{"id": "battle-gen9randombattle-313", "formatid": "gen9randombattle", "format": "[Gen 9] Random Battle", "players": ["p0x0012abf", "p0y0014839"], "log": "|init|battle\n|title|p0x0012abf vs. p0y0014839\n|j|\u2606p0x0012abf\n|j|\u2606p0y0014839\n|t:|1783394223\n|gametype|singles\n|player|p1|p0x0012abf|170|\n|player|p2|p0y0014839|169|\n|gen|9\n|tier|[Gen 9] Random Battle\n|rule|Species Clause: Limit one of each Pok\u00e9mon\n|rule|HP Percentage Mod: HP is shown in percentages\n|rule|Sleep Clause Mod: Limit one foe put to sleep\n|rule|Illusion Level Mod: Illusion disguises the Pok\u00e9mon's true level\n|\n|t:|1783394223\n|teamsize|p1|6\n|teamsize|p2|6\n|start\n|switch|p1a: Oranguru|Oranguru, L92, F|315/315\n|switch|p2a: Regieleki|Regieleki, L79|100/100\n|turn|1\n|inactive|Battle timer is ON: inactive players will automatically lose when time's up. (requested by p0x0012abf)\n|inactive|p0y0014839 also wants the timer to be on.\n|\n|t:|1783394223\n|move|p2a: Regieleki|Volt Switch|p1a: Oranguru\n|-damage|p1a: Oranguru|239/315\n|\n|t:|1783394224\n|switch|p2a: Lunala|Lunala, L70|100/100|[from] Volt Switch\n|move|p1a: Oranguru|Psyshock|p2a: Lunala\n|-resisted|p2a: Lunala\n|-damage|p2a: Lunala|88/100\n|\n|-heal|p2a: Lunala|94/100|[from] item: Leftovers\n|upkeep\n|turn|2\n|inactive|Time left: 300 sec this turn | 300 sec total\n|\n|t:|1783394224\n|move|p2a: Lunala|Calm Mind|p2a: Lunala\n|-boost|p2a: Lunala|spa|1\n|-boost|p2a: Lunala|spd|1\n|move|p1a: Oranguru|Psyshock|p2a: Lunala\n|-resisted|p2a: Lunala\n|-damage|p2a: Lunala|67/100\n|\n|-heal|p2a: Lunala|73/100|[from] item: Leftovers\n|upkeep\n|turn|3\n|inactive|Time left: 300 sec this turn | 300 sec total\n|\n|t:|1783394224\n|move|p2a: Lunala|Psyshock|p1a: Oranguru\n|-resisted|p1a: Oranguru\n|-damage|p1a: Oranguru|181/315\n|move|p1a: Oranguru|Psyshock|p2a: Lunala\n|-resisted|p2a: Lunala\n|-damage|p2a: Lunala|45/100\n|\n|-heal|p2a: Lunala|51/100|[from] item: Leftovers\n|upkeep\n|turn|4\n|inactive|Time left: 300 sec this turn | 300 sec total\n|\n|t:|1783394224\n|switch|p1a: Mandibuzz|Mandibuzz, L85, F|326/326\n|move|p2a: Lunala|Moonlight|p2a: Lunala\n|-heal|p2a: Lunala|100/100\n|\n|upkeep\n|turn|5\n|inactive|Time left: 300 sec this turn | 300 sec total\n|\n|t:|1783394225\n|move|p1a: Mandibuzz|Knock Off|p2a: Lunala\n|-supereffective|p2a: Lunala\n|-damage|p2a: Lunala|40/100\n|-enditem|p2a: Lunala|Leftovers|[from] move: Knock Off|[of] p1a: Mandibuzz\n|move|p2a: Lunala|Calm Mind|p2a: Lunala\n|-boost|p2a: Lunala|spa|1\n|-boost|p2a: Lunala|spd|1\n|\n|upkeep\n|turn|6\n|inactive|Time left: 300 sec this turn | 300 sec total\n|\n|t:|1783394225\n|-terastallize|p2a: Lunala|Fairy\n|move|p1a: Mandibuzz|Brave Bird|p2a: Lunala\n|-damage|p2a: Lunala|2/100\n|-damage|p1a: Mandibuzz|287/326|[from] Recoil\n|move|p2a: Lunala|Moonlight|p2a: Lunala\n|-heal|p2a: Lunala|52/100\n|\n|upkeep\n|turn|7\n|inactive|Time left: 300 sec this turn | 300 sec total\n|\n|t:|1783394225\n|move|p1a: Mandibuzz|Toxic|p2a: Lunala\n|-status|p2a: Lunala|tox\n|move|p2a: Lunala|Moonlight|p2a: Lunala\n|-heal|p2a: Lunala|100/100 tox\n|\n|-damage|p2a: Lunala|94/100 tox|[from] psn\n|upkeep\n|turn|8\n|inactive|Time left: 300 sec this turn | 300 sec total\n|\n|t:|1783394225\n|switch|p1a: Oranguru|Oranguru, L92, F|181/315\n|move|p2a: Lunala|Moonlight|p2a: Lunala\n|-heal|p2a: Lunala|100/100 tox\n|\n|-damage|p2a: Lunala|88/100 tox|[from] psn\n|upkeep\n|turn|9\n|inactive|Time left: 300 sec this turn | 300 sec total\n|\n|t:|1783394226\n|move|p2a: Lunala|Moonlight|p2a: Lunala\n|-heal|p2a: Lunala|100/100 tox\n|move|p1a: Oranguru|Psyshock|p2a: Lunala\n|-damage|p2a: Lunala|75/100 tox\n|\n|-damage|p2a: Lunala|56/100 tox|[from] psn\n|upkeep\n|turn|10\n|inactive|Time left: 300 sec this turn | 300 sec total\n|\n|t:|1783394226\n|move|p2a: Lunala|Moonlight|p2a: Lunala\n|-heal|p2a: Lunala|100/100 tox\n|move|p1a: Oranguru|Psyshock|p2a: Lunala\n|-damage|p2a: Lunala|75/100 tox\n|\n|-damage|p2a: Lunala|50/100 tox|[from] psn\n|upkeep\n|turn|11\n|inactive|Time left: 300 sec this turn | 300 sec total\n|\n|t:|1783394226\n|move|p2a: Lunala|Psyshock|p1a: Oranguru\n|-resisted|p1a: Oranguru\n|-damage|p1a: Oranguru|101/315\n|move|p1a: Oranguru|Psyshock|p2a: Lunala\n|-damage|p2a: Lunala|0 fnt\n|faint|p2a: Lunala\n|\n|upkeep\n|\n|t:|1783394226\n|switch|p2a: Yanmega|Yanmega, L82, M|100/100\n|turn|12\n|inactive|Time left: 300 sec this turn | 300 sec total\n|\n|t:|1783394227\n|switch|p1a: Gardevoir|Gardevoir, L83, M|249/249\n|-ability|p1a: Gardevoir|Tinted Lens|Trace|[from] ability: Trace|[of] p2a: Yanmega\n|move|p2a: Yanmega|Bug Buzz|p1a: Gardevoir\n|-damage|p1a: Gardevoir|111/249\n|\n|upkeep\n|turn|13\n|inactive|Time left: 300 sec this turn | 300 sec total\n|\n|t:|1783394227\n|switch|p1a: Cobalion|Cobalion, L80|277/277\n|move|p2a: Yanmega|Bug Buzz|p1a: Cobalion\n|-resisted|p1a: Cobalion\n|-damage|p1a: Cobalion|183/277\n|\n|upkeep\n|turn|14\n|inactive|Time left: 300 sec this turn | 300 sec total\n|\n|t:|1783394227\n|switch|p2a: Regieleki|Regieleki, L79|100/100\n|move|p1a: Cobalion|Stone Edge|p2a: Regieleki\n|-damage|p2a: Regieleki|49/100\n|-damage|p1a: Cobalion|156/277|[from] item: Life Orb\n|\n|upkeep\n|turn|15\n|inactive|Time left: 300 sec this turn | 300 sec total\n|\n|t:|1783394227\n|move|p2a: Regieleki|Thunderbolt|p1a: Cobalion\n|-damage|p1a: Cobalion|0 fnt\n|faint|p1a: Cobalion\n|\n|upkeep\n|inactive|Time left: 300 sec this turn | 300 sec total | 5 sec grace\n|\n|t:|1783394228\n|switch|p1a: Oranguru|Oranguru, L92, F|101/315\n|turn|16\n|inactive|Time left: 300 sec this turn | 300 sec total\n|\n|t:|1783394228\n|-terastallize|p1a: Oranguru|Electric\n|move|p2a: Regieleki|Thunderbolt|p1a: Oranguru\n|-resisted|p1a: Oranguru\n|-damage|p1a: Oranguru|45/315\n|move|p1a: Oranguru|Psyshock|p2a: Regieleki\n|-damage|p2a: Regieleki|0 fnt\n|faint|p2a: Regieleki\n|\n|upkeep\n|\n|t:|1783394228\n|switch|p2a: Yanmega|Yanmega, L82, M|100/100\n|turn|17\n|inactive|Time left: 300 sec this turn | 300 sec total\n|\n|t:|1783394228\n|move|p2a: Yanmega|Bug Buzz|p1a: Oranguru\n|-damage|p1a: Oranguru|0 fnt\n|faint|p1a: Oranguru\n|\n|upkeep\n|inactive|Time left: 300 sec this turn | 300 sec total | 5 sec grace\n|\n|t:|1783394229\n|switch|p1a: Mandibuzz|Mandibuzz, L85, F|287/326\n|turn|18\n|inactive|Time left: 300 sec this turn | 300 sec total\n|\n|t:|1783394229\n|move|p2a: Yanmega|Bug Buzz|p1a: Mandibuzz\n|-damage|p1a: Mandibuzz|136/326\n|move|p1a: Mandibuzz|Brave Bird|p2a: Yanmega\n|-supereffective|p2a: Yanmega\n|-crit|p2a: Yanmega\n|-damage|p2a: Yanmega|0 fnt\n|faint|p2a: Yanmega\n|-damage|p1a: Mandibuzz|45/326|[from] Recoil\n|\n|upkeep\n|\n|t:|1783394229\n|switch|p2a: Palkia|Palkia-Origin, L72|100/100\n|-ability|p2a: Palkia|Pressure\n|turn|19\n|inactive|Time left: 300 sec this turn | 300 sec total\n|\n|t:|1783394229\n|move|p2a: Palkia|Hydro Pump|p1a: Mandibuzz\n|-damage|p1a: Mandibuzz|0 fnt\n|faint|p1a: Mandibuzz\n|\n|upkeep\n|inactive|Time left: 300 sec this turn | 300 sec total | 5 sec grace\n|\n|t:|1783394230\n|switch|p1a: Sableye|Sableye, L88, M|231/231\n|turn|20\n|inactive|Time left: 300 sec this turn | 300 sec total\n|\n|t:|1783394230\n|move|p2a: Palkia|Hydro Pump|p1a: Sableye\n|-damage|p1a: Sableye|57/231\n|move|p1a: Sableye|Knock Off|p2a: Palkia\n|-damage|p2a: Palkia|76/100\n|\n|-heal|p1a: Sableye|71/231|[from] item: Leftovers\n|upkeep\n|turn|21\n|inactive|Time left: 300 sec this turn | 300 sec total\n|\n|t:|1783394230\n|move|p1a: Sableye|Recover|p1a: Sableye\n|-heal|p1a: Sableye|187/231\n|move|p2a: Palkia|Hydro Pump|p1a: Sableye\n|-damage|p1a: Sableye|27/231\n|\n|-heal|p1a: Sableye|41/231|[from] item: Leftovers\n|upkeep\n|turn|22\n|inactive|Time left: 300 sec this turn | 300 sec total\n|\n|t:|1783394230\n|move|p1a: Sableye|Will-O-Wisp|p2a: Palkia\n|-status|p2a: Palkia|brn\n|move|p2a: Palkia|Hydro Pump|p1a: Sableye\n|-damage|p1a: Sableye|0 fnt\n|faint|p1a: Sableye\n|\n|-damage|p2a: Palkia|70/100 brn|[from] brn\n|upkeep\n|inactive|Time left: 300 sec this turn | 300 sec total | 5 sec grace\n|\n|t:|1783394230\n|switch|p1a: Skarmory|Skarmory, L80, F|235/235\n|turn|23\n|inactive|Time left: 300 sec this turn | 300 sec total\n|\n|t:|1783394231\n|move|p2a: Palkia|Fire Blast|p1a: Skarmory|[miss]\n|-miss|p2a: Palkia|p1a: Skarmory\n|move|p1a: Skarmory|Whirlwind|p2a: Palkia\n|drag|p2a: Porygon2|Porygon2, L81|100/100\n|-ability|p2a: Porygon2|Download|boost\n|-boost|p2a: Porygon2|spa|1\n|\n|upkeep\n|turn|24\n|inactive|Time left: 300 sec this turn | 300 sec total\n|\n|t:|1783394231\n|move|p1a: Skarmory|Stealth Rock|p2a: Porygon2\n|-sidestart|p2: p0y0014839|move: Stealth Rock\n|move|p2a: Porygon2|Discharge|p1a: Skarmory\n|-supereffective|p1a: Skarmory\n|-damage|p1a: Skarmory|17/235\n|\n|upkeep\n|turn|25\n|inactive|Time left: 300 sec this turn | 300 sec total\n|\n|t:|1783394231\n|move|p1a: Skarmory|Roost|p1a: Skarmory\n|-heal|p1a: Skarmory|135/235\n|-singleturn|p1a: Skarmory|move: Roost\n|move|p2a: Porygon2|Discharge|p1a: Skarmory\n|-damage|p1a: Skarmory|24/235\n|\n|upkeep\n|turn|26\n|inactive|Time left: 300 sec this turn | 300 sec total\n|\n|t:|1783394231\n|move|p1a: Skarmory|Roost|p1a: Skarmory\n|-heal|p1a: Skarmory|142/235\n|-singleturn|p1a: Skarmory|move: Roost\n|move|p2a: Porygon2|Discharge|p1a: Skarmory\n|-damage|p1a: Skarmory|34/235\n|\n|upkeep\n|turn|27\n|inactive|Time left: 300 sec this turn | 300 sec total\n|\n|t:|1783394232\n|move|p1a: Skarmory|Roost|p1a: Skarmory\n|-heal|p1a: Skarmory|152/235\n|-singleturn|p1a: Skarmory|move: Roost\n|move|p2a: Porygon2|Discharge|p1a: Skarmory\n|-damage|p1a: Skarmory|51/235\n|\n|upkeep\n|turn|28\n|inactive|Time left: 300 sec this turn | 300 sec total\n|\n|t:|1783394232\n|move|p1a: Skarmory|Roost|p1a: Skarmory\n|-heal|p1a: Skarmory|169/235\n|-singleturn|p1a: Skarmory|move: Roost\n|move|p2a: Porygon2|Discharge|p1a: Skarmory\n|-damage|p1a: Skarmory|69/235\n|\n|upkeep\n|turn|29\n|inactive|Time left: 300 sec this turn | 300 sec total\n|\n|t:|1783394232\n|move|p1a: Skarmory|Roost|p1a: Skarmory\n|-heal|p1a: Skarmory|187/235\n|-singleturn|p1a: Skarmory|move: Roost\n|move|p2a: Porygon2|Discharge|p1a: Skarmory\n|-damage|p1a: Skarmory|86/235\n|-status|p1a: Skarmory|par\n|\n|upkeep\n|turn|30\n|inactive|Time left: 300 sec this turn | 300 sec total\n|\n|t:|1783394232\n|switch|p1a: Gardevoir|Gardevoir, L83, M|111/249\n|-ability|p1a: Gardevoir|Download|Trace|[from] ability: Trace|[of] p2a: Porygon2\n|-ability|p1a: Gardevoir|Download|boost\n|-boost|p1a: Gardevoir|atk|1\n|move|p2a: Porygon2|Ice Beam|p1a: Gardevoir\n|-damage|p1a: Gardevoir|32/249\n|\n|upkeep\n|turn|31\n|inactive|Time left: 300 sec this turn | 300 sec total\n|\n|t:|1783394233\n|move|p1a: Gardevoir|Focus Blast|p2a: Porygon2\n|-supereffective|p2a: Porygon2\n|-damage|p2a: Porygon2|29/100\n|move|p2a: Porygon2|Discharge|p1a: Gardevoir\n|-damage|p1a: Gardevoir|0 fnt\n|faint|p1a: Gardevoir\n|\n|upkeep\n|inactive|Time left: 300 sec this turn | 300 sec total | 5 sec grace\n|\n|t:|1783394233\n|switch|p1a: Skarmory|Skarmory, L80, F|86/235 par\n|turn|32\n|inactive|Time left: 300 sec this turn | 300 sec total\n|\n|t:|1783394233\n|move|p2a: Porygon2|Ice Beam|p1a: Skarmory\n|-damage|p1a: Skarmory|0 fnt\n|faint|p1a: Skarmory\n|\n|win|p0y0014839", "uploadtime": 1783394233, "views": 0, "rating": 0, "private": 0, "password": null, "_winner": "p0y0014839", "_our_name": "p0x0012abf"}