{"id": "battle-gen9randombattle-319", "formatid": "gen9randombattle", "format": "[Gen 9] Random Battle", "players": ["p0x007cda2", "p0y0071385"], "log": "|init|battle\n|title|p0x007cda2 vs. p0y0071385\n|j|\u2606p0x007cda2\n|j|\u2606p0y0071385\n|t:|1783394324\n|gametype|singles\n|player|p1|p0x007cda2|1|\n|player|p2|p0y0071385|265|\n|gen|9\n|tier|[Gen 9] Random Battle\n|rule|Species Clause: Limit one of each Pok\u00e9mon\n|rule|HP Percentage Mod: HP is shown in percentages\n|rule|Sleep Clause Mod: Limit one foe put to sleep\n|rule|Illusion Level Mod: Illusion disguises the Pok\u00e9mon's true level\n|\n|t:|1783394324\n|teamsize|p1|6\n|teamsize|p2|6\n|start\n|switch|p1a: Skarmory|Skarmory, L80, F|235/235\n|switch|p2a: Galvantula|Galvantula, L82, F|100/100\n|turn|1\n|inactive|Battle timer is ON: inactive players will automatically lose when time's up. (requested by p0y0071385)\n|inactive|Time left: 300 sec this turn | 300 sec total | 60 sec grace\n|inactive|p0x007cda2 also wants the timer to be on.\n|\n|t:|1783394324\n|switch|p1a: Cinderace|Cinderace, L77, M|250/250\n|move|p2a: Galvantula|Sticky Web|p1a: Cinderace\n|-sidestart|p1: p0x007cda2|move: Sticky Web\n|\n|upkeep\n|turn|2\n|inactive|Time left: 300 sec this turn | 300 sec total\n|\n|t:|1783394324\n|move|p1a: Cinderace|Court Change|p1a: Cinderace\n|-start|p1a: Cinderace|typechange|Normal|[from] ability: Libero\n|-swapsideconditions\n|-activate|p1a: Cinderace|move: Court Change\n|move|p2a: Galvantula|Thunder|p1a: Cinderace\n|-damage|p1a: Cinderace|111/250\n|-status|p1a: Cinderace|par\n|\n|upkeep\n|turn|3\n|inactive|Time left: 300 sec this turn | 300 sec total\n|\n|t:|1783394324\n|move|p2a: Galvantula|Thunder|p1a: Cinderace\n|-damage|p1a: Cinderace|0 fnt\n|faint|p1a: Cinderace\n|\n|upkeep\n|inactive|Time left: 300 sec this turn | 300 sec total | 5 sec grace\n|\n|t:|1783394325\n|switch|p1a: Palkia|Palkia, L75|259/259\n|-ability|p1a: Palkia|Pressure\n|turn|4\n|inactive|Time left: 300 sec this turn | 300 sec total\n|\n|t:|1783394325\n|move|p1a: Palkia|Fire Blast|p2a: Galvantula\n|-supereffective|p2a: Galvantula\n|-enditem|p2a: Galvantula|Focus Sash\n|-damage|p2a: Galvantula|1/100\n|-status|p2a: Galvantula|brn\n|move|p2a: Galvantula|Sticky Web|p1a: Palkia\n|-sidestart|p1: p0x007cda2|move: Sticky Web\n|\n|-damage|p2a: Galvantula|0 fnt|[from] brn\n|faint|p2a: Galvantula\n|upkeep\n|\n|t:|1783394325\n|switch|p2a: Great Tusk|Great Tusk, L77|100/100\n|-activate|p2a: Great Tusk|move: Sticky Web\n|-unboost|p2a: Great Tusk|spe|1\n|turn|5\n|inactive|Time left: 300 sec this turn | 300 sec total\n|\n|t:|1783394325\n|switch|p1a: Froslass|Froslass, L87, F|263/263\n|-activate|p1a: Froslass|move: Sticky Web\n|-unboost|p1a: Froslass|spe|1\n|move|p2a: Great Tusk|Rapid Spin|p1a: Froslass\n|-immune|p1a: Froslass\n|\n|upkeep\n|turn|6\n|inactive|Time left: 300 sec this turn | 300 sec total\n|\n|t:|1783394325\n|-end|p2a: Great Tusk|Protosynthesis|[silent]\n|switch|p2a: Azelf|Azelf, L82|100/100\n|move|p1a: Froslass|Triple Axel|p2a: Azelf\n|-damage|p2a: Azelf|91/100\n|-damage|p2a: Azelf|73/100\n|-damage|p2a: Azelf|43/100\n|-hitcount|p2a: Azelf|3\n|\n|upkeep\n|turn|7\n|inactive|Time left: 300 sec this turn | 300 sec total\n|\n|t:|1783394326\n|switch|p1a: Palkia|Palkia, L75|259/259\n|-activate|p1a: Palkia|move: Sticky Web\n|-unboost|p1a: Palkia|spe|1\n|-ability|p1a: Palkia|Pressure\n|move|p2a: Azelf|Fire Blast|p1a: Palkia|[miss]\n|-miss|p2a: Azelf|p1a: Palkia\n|\n|upkeep\n|turn|8\n|inactive|Time left: 300 sec this turn | 300 sec total\n|\n|t:|1783394326\n|move|p2a: Azelf|Dazzling Gleam|p1a: Palkia\n|-supereffective|p1a: Palkia\n|-damage|p1a: Palkia|111/259\n|-damage|p2a: Azelf|33/100|[from] item: Life Orb\n|move|p1a: Palkia|Spacial Rend|p2a: Azelf\n|-damage|p2a: Azelf|0 fnt\n|faint|p2a: Azelf\n|\n|upkeep\n|\n|t:|1783394326\n|switch|p2a: Lilligant|Lilligant, L86, F|100/100\n|-activate|p2a: Lilligant|move: Sticky Web\n|-unboost|p2a: Lilligant|spe|1\n|turn|9\n|inactive|Time left: 300 sec this turn | 300 sec total\n|\n|t:|1783394326\n|-terastallize|p2a: Lilligant|Fairy\n|move|p1a: Palkia|Spacial Rend|p2a: Lilligant\n|-immune|p2a: Lilligant\n|move|p2a: Lilligant|Quiver Dance|p2a: Lilligant\n|-boost|p2a: Lilligant|spa|1\n|-boost|p2a: Lilligant|spd|1\n|-boost|p2a: Lilligant|spe|1\n|\n|upkeep\n|turn|10\n|inactive|Time left: 300 sec this turn | 300 sec total\n|\n|t:|1783394327\n|switch|p1a: Skarmory|Skarmory, L80, F|235/235\n|move|p2a: Lilligant|Quiver Dance|p2a: Lilligant\n|-boost|p2a: Lilligant|spa|1\n|-boost|p2a: Lilligant|spd|1\n|-boost|p2a: Lilligant|spe|1\n|\n|upkeep\n|turn|11\n|inactive|Time left: 300 sec this turn | 300 sec total\n|\n|t:|1783394327\n|move|p2a: Lilligant|Alluring Voice|p1a: Skarmory\n|-resisted|p1a: Skarmory\n|-crit|p1a: Skarmory\n|-damage|p1a: Skarmory|19/235\n|-damage|p2a: Lilligant|91/100|[from] item: Life Orb\n|move|p1a: Skarmory|Whirlwind|p2a: Lilligant\n|drag|p2a: Great Tusk|Great Tusk, L77|100/100\n|-activate|p2a: Great Tusk|move: Sticky Web\n|-unboost|p2a: Great Tusk|spe|1\n|\n|-heal|p1a: Skarmory|33/235|[from] item: Leftovers\n|upkeep\n|turn|12\n|inactive|Time left: 300 sec this turn | 300 sec total\n|\n|t:|1783394327\n|move|p1a: Skarmory|Brave Bird|p2a: Great Tusk\n|-supereffective|p2a: Great Tusk\n|-damage|p2a: Great Tusk|43/100\n|-damage|p1a: Skarmory|0 fnt|[from] Recoil\n|faint|p1a: Skarmory\n|move|p2a: Great Tusk|Rapid Spin|p1: Skarmory|[notarget]\n|-fail|p2a: Great Tusk\n|\n|upkeep\n|inactive|Time left: 300 sec this turn | 300 sec total | 5 sec grace\n|\n|t:|1783394327\n|switch|p1a: Serperior|Serperior, L79, M|248/248\n|-activate|p1a: Serperior|move: Sticky Web\n|-boost|p1a: Serperior|spe|1\n|turn|13\n|inactive|Time left: 300 sec this turn | 300 sec total\n|\n|t:|1783394328\n|-end|p2a: Great Tusk|Protosynthesis|[silent]\n|switch|p2a: Chesnaught|Chesnaught, L84, M|100/100\n|-activate|p2a: Chesnaught|move: Sticky Web\n|-unboost|p2a: Chesnaught|spe|1\n|move|p1a: Serperior|Leaf Storm|p2a: Chesnaught\n|-resisted|p2a: Chesnaught\n|-damage|p2a: Chesnaught|73/100\n|-boost|p1a: Serperior|spa|2\n|-damage|p1a: Serperior|224/248|[from] item: Life Orb\n|\n|-heal|p2a: Chesnaught|79/100|[from] item: Leftovers\n|upkeep\n|turn|14\n|inactive|Time left: 300 sec this turn | 300 sec total\n|\n|t:|1783394328\n|move|p1a: Serperior|Leaf Storm|p2a: Chesnaught\n|-resisted|p2a: Chesnaught\n|-crit|p2a: Chesnaught\n|-damage|p2a: Chesnaught|5/100\n|-boost|p1a: Serperior|spa|2\n|-damage|p1a: Serperior|200/248|[from] item: Life Orb\n|move|p2a: Chesnaught|Synthesis|p2a: Chesnaught\n|-heal|p2a: Chesnaught|55/100\n|\n|-heal|p2a: Chesnaught|61/100|[from] item: Leftovers\n|upkeep\n|turn|15\n|inactive|Time left: 300 sec this turn | 300 sec total\n|\n|t:|1783394328\n|move|p1a: Serperior|Leaf Storm|p2a: Chesnaught\n|-resisted|p2a: Chesnaught\n|-damage|p2a: Chesnaught|0 fnt\n|-boost|p1a: Serperior|spa|2\n|faint|p2a: Chesnaught\n|-damage|p1a: Serperior|176/248|[from] item: Life Orb\n|\n|upkeep\n|\n|t:|1783394329\n|switch|p2a: Lilligant|Lilligant, L86, F, tera:Fairy|91/100\n|-activate|p2a: Lilligant|move: Sticky Web\n|-unboost|p2a: Lilligant|spe|1\n|turn|16\n|inactive|Time left: 300 sec this turn | 300 sec total\n|\n|t:|1783394329\n|switch|p2a: Great Tusk|Great Tusk, L77|43/100\n|-activate|p2a: Great Tusk|move: Sticky Web\n|-unboost|p2a: Great Tusk|spe|1\n|move|p1a: Serperior|Leaf Storm|p2a: Great Tusk\n|-supereffective|p2a: Great Tusk\n|-damage|p2a: Great Tusk|0 fnt\n|faint|p2a: Great Tusk\n|-end|p2a: Great Tusk|Protosynthesis|[silent]\n|-damage|p1a: Serperior|152/248|[from] item: Life Orb\n|\n|upkeep\n|\n|t:|1783394329\n|switch|p2a: Cinccino|Cinccino, L83, F|100/100\n|-activate|p2a: Cinccino|move: Sticky Web\n|-unboost|p2a: Cinccino|spe|1\n|turn|17\n|inactive|Time left: 300 sec this turn | 300 sec total\n|\n|t:|1783394329\n|-terastallize|p1a: Serperior|Fire\n|move|p1a: Serperior|Tera Blast|p2a: Cinccino|[anim] Tera Blast Fire\n|-crit|p2a: Cinccino\n|-damage|p2a: Cinccino|0 fnt\n|faint|p2a: Cinccino\n|-damage|p1a: Serperior|128/248|[from] item: Life Orb\n|\n|upkeep\n|\n|t:|1783394329\n|switch|p2a: Lilligant|Lilligant, L86, F, tera:Fairy|91/100\n|-activate|p2a: Lilligant|move: Sticky Web\n|-unboost|p2a: Lilligant|spe|1\n|turn|18\n|inactive|Time left: 300 sec this turn | 300 sec total\n|\n|t:|1783394330\n|move|p1a: Serperior|Tera Blast|p2a: Lilligant|[anim] Tera Blast Fire\n|-damage|p2a: Lilligant|0 fnt\n|faint|p2a: Lilligant\n|-damage|p1a: Serperior|104/248|[from] item: Life Orb\n|\n|win|p0x007cda2", "uploadtime": 1783394330, "views": 0, "rating": 0, "private": 0, "password": null, "_winner": "p0x007cda2", "_our_name": "p0x007cda2"}