{"id": "battle-gen9randombattle-315", "formatid": "gen9randombattle", "format": "[Gen 9] Random Battle", "players": ["p0x003ffeb", "p0y003cffd"], "log": "|init|battle\n|title|p0x003ffeb vs. p0y003cffd\n|j|\u2606p0x003ffeb\n|j|\u2606p0y003cffd\n|t:|1783394256\n|gametype|singles\n|player|p1|p0x003ffeb|2|\n|player|p2|p0y003cffd|101|\n|gen|9\n|tier|[Gen 9] Random Battle\n|rule|Species Clause: Limit one of each Pok\u00e9mon\n|rule|HP Percentage Mod: HP is shown in percentages\n|rule|Sleep Clause Mod: Limit one foe put to sleep\n|rule|Illusion Level Mod: Illusion disguises the Pok\u00e9mon's true level\n|\n|t:|1783394256\n|teamsize|p1|6\n|teamsize|p2|6\n|start\n|switch|p1a: Floatzel|Floatzel, L86, F|100/100\n|switch|p2a: Mewtwo|Mewtwo, L72|272/272\n|-ability|p2a: Mewtwo|Pressure\n|turn|1\n|inactive|Battle timer is ON: inactive players will automatically lose when time's up. (requested by p0y003cffd)\n|inactive|p0x003ffeb also wants the timer to be on.\n|\n|t:|1783394256\n|move|p1a: Floatzel|Wave Crash|p2a: Mewtwo\n|-damage|p2a: Mewtwo|47/272\n|-damage|p1a: Floatzel|75/100|[from] Recoil\n|move|p2a: Mewtwo|Psystrike|p1a: Floatzel\n|-damage|p1a: Floatzel|5/100\n|-damage|p2a: Mewtwo|20/272|[from] item: Life Orb\n|\n|upkeep\n|turn|2\n|inactive|Time left: 300 sec this turn | 300 sec total\n|\n|t:|1783394256\n|switch|p2a: Lilligant|Lilligant, L86, F|261/261\n|move|p1a: Floatzel|Wave Crash|p2a: Lilligant\n|-resisted|p2a: Lilligant\n|-damage|p2a: Lilligant|147/261\n|-damage|p1a: Floatzel|0 fnt|[from] Recoil\n|faint|p1a: Floatzel\n|\n|upkeep\n|\n|t:|1783394257\n|switch|p1a: Dugtrio|Dugtrio-Alola, L84, M|100/100\n|turn|3\n|inactive|Time left: 300 sec this turn | 300 sec total\n|\n|t:|1783394257\n|move|p1a: Dugtrio|Iron Head|p2a: Lilligant\n|-damage|p2a: Lilligant|9/261\n|cant|p2a: Lilligant|flinch\n|\n|upkeep\n|turn|4\n|inactive|Time left: 300 sec this turn | 300 sec total\n|\n|t:|1783394257\n|switch|p2a: Registeel|Registeel, L81|262/262\n|move|p1a: Dugtrio|Iron Head|p2a: Registeel\n|-resisted|p2a: Registeel\n|-damage|p2a: Registeel|216/262\n|\n|upkeep\n|turn|5\n|inactive|Time left: 300 sec this turn | 300 sec total\n|\n|t:|1783394257\n|switch|p1a: Houndstone|Houndstone, L86, M|100/100\n|move|p2a: Registeel|Body Press|p1a: Houndstone\n|-immune|p1a: Houndstone\n|\n|upkeep\n|turn|6\n|inactive|Time left: 300 sec this turn | 300 sec total\n|\n|t:|1783394258\n|move|p1a: Houndstone|Poltergeist|p2a: Registeel\n|-activate|p2a: Registeel|move: Poltergeist|Chesto Berry\n|-damage|p2a: Registeel|132/262\n|move|p2a: Registeel|Iron Defense|p2a: Registeel\n|-boost|p2a: Registeel|def|2\n|\n|upkeep\n|turn|7\n|inactive|Time left: 300 sec this turn | 300 sec total\n|\n|t:|1783394258\n|move|p1a: Houndstone|Poltergeist|p2a: Registeel\n|-activate|p2a: Registeel|move: Poltergeist|Chesto Berry\n|-damage|p2a: Registeel|86/262\n|move|p2a: Registeel|Rest|p2a: Registeel\n|-status|p2a: Registeel|slp|[from] move: Rest\n|-heal|p2a: Registeel|262/262 slp|[silent]\n|-enditem|p2a: Registeel|Chesto Berry|[eat]\n|-curestatus|p2a: Registeel|slp|[msg]\n|\n|upkeep\n|turn|8\n|inactive|Time left: 300 sec this turn | 300 sec total\n|\n|t:|1783394258\n|move|p1a: Houndstone|Body Press|p2a: Registeel\n|-supereffective|p2a: Registeel\n|-damage|p2a: Registeel|222/262\n|move|p2a: Registeel|Iron Defense|p2a: Registeel\n|-boost|p2a: Registeel|def|2\n|\n|upkeep\n|turn|9\n|inactive|Time left: 300 sec this turn | 300 sec total\n|\n|t:|1783394258\n|move|p1a: Houndstone|Body Press|p2a: Registeel\n|-supereffective|p2a: Registeel\n|-damage|p2a: Registeel|192/262\n|move|p2a: Registeel|Iron Defense|p2a: Registeel\n|-boost|p2a: Registeel|def|2\n|\n|upkeep\n|turn|10\n|inactive|Time left: 300 sec this turn | 300 sec total\n|\n|t:|1783394259\n|move|p1a: Houndstone|Body Press|p2a: Registeel\n|-supereffective|p2a: Registeel\n|-damage|p2a: Registeel|170/262\n|move|p2a: Registeel|Body Press|p1a: Houndstone\n|-immune|p1a: Houndstone\n|\n|upkeep\n|turn|11\n|inactive|Time left: 300 sec this turn | 300 sec total\n|\n|t:|1783394259\n|move|p1a: Houndstone|Body Press|p2a: Registeel\n|-supereffective|p2a: Registeel\n|-damage|p2a: Registeel|148/262\n|move|p2a: Registeel|Iron Head|p1a: Houndstone\n|-damage|p1a: Houndstone|89/100\n|\n|upkeep\n|turn|12\n|inactive|Time left: 300 sec this turn | 300 sec total\n|\n|t:|1783394259\n|move|p1a: Houndstone|Body Press|p2a: Registeel\n|-supereffective|p2a: Registeel\n|-damage|p2a: Registeel|126/262\n|move|p2a: Registeel|Iron Head|p1a: Houndstone\n|-damage|p1a: Houndstone|78/100\n|\n|upkeep\n|turn|13\n|inactive|Time left: 300 sec this turn | 300 sec total\n|\n|t:|1783394259\n|move|p1a: Houndstone|Body Press|p2a: Registeel\n|-supereffective|p2a: Registeel\n|-damage|p2a: Registeel|102/262\n|move|p2a: Registeel|Iron Head|p1a: Houndstone\n|-damage|p1a: Houndstone|68/100\n|\n|upkeep\n|turn|14\n|inactive|Time left: 300 sec this turn | 300 sec total\n|\n|t:|1783394260\n|move|p1a: Houndstone|Body Press|p2a: Registeel\n|-supereffective|p2a: Registeel\n|-damage|p2a: Registeel|80/262\n|move|p2a: Registeel|Rest|p2a: Registeel\n|-status|p2a: Registeel|slp|[from] move: Rest\n|-heal|p2a: Registeel|262/262 slp|[silent]\n|\n|upkeep\n|turn|15\n|inactive|Time left: 300 sec this turn | 300 sec total\n|\n|t:|1783394260\n|move|p1a: Houndstone|Body Press|p2a: Registeel\n|-supereffective|p2a: Registeel\n|-damage|p2a: Registeel|242/262 slp\n|cant|p2a: Registeel|slp\n|\n|upkeep\n|turn|16\n|inactive|Time left: 300 sec this turn | 300 sec total\n|\n|t:|1783394260\n|move|p1a: Houndstone|Body Press|p2a: Registeel\n|-supereffective|p2a: Registeel\n|-damage|p2a: Registeel|222/262 slp\n|cant|p2a: Registeel|slp\n|\n|upkeep\n|turn|17\n|inactive|Time left: 300 sec this turn | 300 sec total\n|\n|t:|1783394260\n|move|p1a: Houndstone|Body Press|p2a: Registeel\n|-supereffective|p2a: Registeel\n|-damage|p2a: Registeel|202/262 slp\n|-curestatus|p2a: Registeel|slp|[msg]\n|move|p2a: Registeel|Iron Head|p1a: Houndstone\n|-damage|p1a: Houndstone|56/100\n|\n|upkeep\n|turn|18\n|inactive|Time left: 300 sec this turn | 300 sec total\n|\n|t:|1783394261\n|move|p1a: Houndstone|Body Press|p2a: Registeel\n|-supereffective|p2a: Registeel\n|-damage|p2a: Registeel|182/262\n|move|p2a: Registeel|Iron Head|p1a: Houndstone\n|-damage|p1a: Houndstone|46/100\n|\n|upkeep\n|turn|19\n|inactive|Time left: 300 sec this turn | 300 sec total\n|\n|t:|1783394261\n|move|p1a: Houndstone|Body Press|p2a: Registeel\n|-supereffective|p2a: Registeel\n|-damage|p2a: Registeel|160/262\n|move|p2a: Registeel|Iron Head|p1a: Houndstone\n|-damage|p1a: Houndstone|35/100\n|\n|upkeep\n|turn|20\n|inactive|Time left: 300 sec this turn | 300 sec total\n|\n|t:|1783394261\n|move|p1a: Houndstone|Body Press|p2a: Registeel\n|-supereffective|p2a: Registeel\n|-damage|p2a: Registeel|140/262\n|move|p2a: Registeel|Iron Head|p1a: Houndstone\n|-damage|p1a: Houndstone|24/100\n|\n|upkeep\n|turn|21\n|inactive|Time left: 300 sec this turn | 300 sec total\n|\n|t:|1783394261\n|move|p1a: Houndstone|Body Press|p2a: Registeel\n|-supereffective|p2a: Registeel\n|-damage|p2a: Registeel|118/262\n|move|p2a: Registeel|Iron Head|p1a: Houndstone\n|-damage|p1a: Houndstone|14/100\n|\n|upkeep\n|turn|22\n|inactive|Time left: 300 sec this turn | 300 sec total\n|\n|t:|1783394262\n|move|p1a: Houndstone|Body Press|p2a: Registeel\n|-supereffective|p2a: Registeel\n|-damage|p2a: Registeel|98/262\n|move|p2a: Registeel|Iron Head|p1a: Houndstone\n|-damage|p1a: Houndstone|3/100\n|\n|upkeep\n|turn|23\n|inactive|Time left: 300 sec this turn | 300 sec total\n|\n|t:|1783394262\n|move|p1a: Houndstone|Body Press|p2a: Registeel\n|-supereffective|p2a: Registeel\n|-damage|p2a: Registeel|74/262\n|move|p2a: Registeel|Iron Head|p1a: Houndstone\n|-damage|p1a: Houndstone|0 fnt\n|faint|p1a: Houndstone\n|\n|upkeep\n|\n|t:|1783394262\n|switch|p1a: Latias|Latias, L79, F|100/100\n|turn|24\n|inactive|Time left: 300 sec this turn | 300 sec total\n|\n|t:|1783394262\n|move|p1a: Latias|Calm Mind|p1a: Latias\n|-boost|p1a: Latias|spa|1\n|-boost|p1a: Latias|spd|1\n|move|p2a: Registeel|Body Press|p1a: Latias\n|-resisted|p1a: Latias\n|-damage|p1a: Latias|38/100\n|\n|upkeep\n|turn|25\n|inactive|Time left: 300 sec this turn | 300 sec total\n|\n|t:|1783394263\n|move|p1a: Latias|Draco Meteor|p2a: Registeel\n|-resisted|p2a: Registeel\n|-damage|p2a: Registeel|0 fnt\n|-unboost|p1a: Latias|spa|2\n|faint|p2a: Registeel\n|\n|upkeep\n|inactive|Time left: 300 sec this turn | 300 sec total | 5 sec grace\n|\n|t:|1783394263\n|switch|p2a: Brute Bonnet|Brute Bonnet, L80|309/309\n|turn|26\n|inactive|Time left: 300 sec this turn | 300 sec total\n|\n|t:|1783394263\n|-terastallize|p1a: Latias|Steel\n|move|p1a: Latias|Recover|p1a: Latias\n|-heal|p1a: Latias|88/100\n|move|p2a: Brute Bonnet|Spore|p1a: Latias\n|-status|p1a: Latias|slp|[from] move: Spore\n|\n|upkeep\n|turn|27\n|inactive|Time left: 300 sec this turn | 300 sec total\n|\n|t:|1783394263\n|-terastallize|p2a: Brute Bonnet|Fighting\n|cant|p1a: Latias|slp\n|move|p2a: Brute Bonnet|Close Combat|p1a: Latias\n|-supereffective|p1a: Latias\n|-damage|p1a: Latias|0 fnt\n|-unboost|p2a: Brute Bonnet|def|1\n|-unboost|p2a: Brute Bonnet|spd|1\n|faint|p1a: Latias\n|\n|upkeep\n|\n|t:|1783394263\n|switch|p1a: Latios|Latios, L78, M|100/100\n|turn|28\n|inactive|Time left: 300 sec this turn | 300 sec total\n|\n|t:|1783394264\n|-end|p2a: Brute Bonnet|Protosynthesis|[silent]\n|switch|p2a: Mewtwo|Mewtwo, L72|20/272\n|-ability|p2a: Mewtwo|Pressure\n|move|p1a: Latios|Psyshock|p2a: Mewtwo\n|-resisted|p2a: Mewtwo\n|-damage|p2a: Mewtwo|0 fnt\n|faint|p2a: Mewtwo\n|\n|upkeep\n|inactive|Time left: 300 sec this turn | 300 sec total | 5 sec grace\n|\n|t:|1783394264\n|switch|p2a: Florges|Florges, L85, F|271/271\n|turn|29\n|inactive|Time left: 300 sec this turn | 300 sec total\n|\n|t:|1783394264\n|switch|p1a: Dugtrio|Dugtrio-Alola, L84, M|100/100\n|move|p2a: Florges|Moonblast|p1a: Dugtrio\n|-resisted|p1a: Dugtrio\n|-crit|p1a: Dugtrio\n|-damage|p1a: Dugtrio|43/100\n|\n|upkeep\n|turn|30\n|inactive|Time left: 300 sec this turn | 300 sec total\n|\n|t:|1783394264\n|switch|p2a: Brute Bonnet|Brute Bonnet, L80, tera:Fighting|309/309\n|move|p1a: Dugtrio|Earthquake|p2a: Brute Bonnet\n|-damage|p2a: Brute Bonnet|155/309\n|\n|-heal|p2a: Brute Bonnet|174/309|[from] item: Leftovers\n|upkeep\n|turn|31\n|inactive|Time left: 300 sec this turn | 300 sec total\n|\n|t:|1783394265\n|move|p2a: Brute Bonnet|Sucker Punch|p1a: Dugtrio\n|-damage|p1a: Dugtrio|0 fnt\n|-ability|p1a: Dugtrio|Tangling Hair\n|-unboost|p2a: Brute Bonnet|spe|1\n|faint|p1a: Dugtrio\n|\n|-heal|p2a: Brute Bonnet|193/309|[from] item: Leftovers\n|upkeep\n|\n|t:|1783394265\n|switch|p1a: Latios|Latios, L78, M|100/100\n|turn|32\n|inactive|Time left: 300 sec this turn | 300 sec total\n|\n|t:|1783394265\n|move|p2a: Brute Bonnet|Sucker Punch||[still]\n|-fail|p2a: Brute Bonnet\n|move|p1a: Latios|Calm Mind|p1a: Latios\n|-boost|p1a: Latios|spa|1\n|-boost|p1a: Latios|spd|1\n|\n|-heal|p2a: Brute Bonnet|212/309|[from] item: Leftovers\n|upkeep\n|turn|33\n|inactive|Time left: 300 sec this turn | 300 sec total\n|\n|t:|1783394265\n|move|p2a: Brute Bonnet|Sucker Punch|p1a: Latios\n|-supereffective|p1a: Latios\n|-damage|p1a: Latios|25/100\n|move|p1a: Latios|Psyshock|p2a: Brute Bonnet\n|-supereffective|p2a: Brute Bonnet\n|-damage|p2a: Brute Bonnet|0 fnt\n|faint|p2a: Brute Bonnet\n|-end|p2a: Brute Bonnet|Protosynthesis|[silent]\n|\n|upkeep\n|inactive|Time left: 300 sec this turn | 300 sec total | 5 sec grace\n|\n|t:|1783394266\n|switch|p2a: Lilligant|Lilligant, L86, F|9/261\n|turn|34\n|inactive|Time left: 300 sec this turn | 300 sec total\n|\n|t:|1783394266\n|move|p1a: Latios|Recover|p1a: Latios\n|-heal|p1a: Latios|75/100\n|move|p2a: Lilligant|Alluring Voice|p1a: Latios\n|-supereffective|p1a: Latios\n|-damage|p1a: Latios|37/100\n|-damage|p2a: Lilligant|0 fnt|[from] item: Life Orb\n|faint|p2a: Lilligant\n|\n|upkeep\n|inactive|Time left: 300 sec this turn | 300 sec total | 5 sec grace\n|\n|t:|1783394266\n|switch|p2a: Florges|Florges, L85, F|271/271\n|turn|35\n|inactive|Time left: 300 sec this turn | 300 sec total\n|\n|t:|1783394266\n|move|p1a: Latios|Psyshock|p2a: Florges\n|-damage|p2a: Florges|76/271\n|move|p2a: Florges|Moonblast|p1a: Latios\n|-supereffective|p1a: Latios\n|-damage|p1a: Latios|0 fnt\n|faint|p1a: Latios\n|\n|-heal|p2a: Florges|92/271|[from] item: Leftovers\n|upkeep\n|\n|t:|1783394267\n|switch|p1a: Crawdaunt|Crawdaunt, L84, M|100/100\n|turn|36\n|inactive|Time left: 300 sec this turn | 300 sec total\n|\n|t:|1783394267\n|move|p1a: Crawdaunt|Aqua Jet|p2a: Florges\n|-damage|p2a: Florges|0 fnt\n|faint|p2a: Florges\n|-damage|p1a: Crawdaunt|91/100|[from] item: Life Orb\n|\n|upkeep\n|inactive|Time left: 300 sec this turn | 300 sec total | 5 sec grace\n|\n|t:|1783394267\n|switch|p2a: Hitmonlee|Hitmonlee, L85, M|224/224\n|turn|37\n|inactive|Time left: 300 sec this turn | 300 sec total\n|\n|t:|1783394267\n|move|p2a: Hitmonlee|Close Combat|p1a: Crawdaunt\n|-supereffective|p1a: Crawdaunt\n|-damage|p1a: Crawdaunt|0 fnt\n|-unboost|p2a: Hitmonlee|def|1\n|-unboost|p2a: Hitmonlee|spd|1\n|faint|p1a: Crawdaunt\n|-enditem|p2a: Hitmonlee|White Herb\n|-clearnegativeboost|p2a: Hitmonlee|[silent]\n|\n|win|p0y003cffd", "uploadtime": 1783394267, "views": 0, "rating": 0, "private": 0, "password": null, "_winner": "p0y003cffd", "_our_name": "p0y003cffd"}: null, "_winner": "p0y003cffd", "_our_name": "p0x003ffeb"}