{"id": "battle-gen9randombattle-318", "formatid": "gen9randombattle", "format": "[Gen 9] Random Battle", "players": ["p0x006bd76", "p0y006782f"], "log": "|init|battle\n|title|p0x006bd76 vs. p0y006782f\n|j|\u2606p0x006bd76\n|j|\u2606p0y006782f\n|t:|1783394305\n|gametype|singles\n|player|p1|p0x006bd76|1|\n|player|p2|p0y006782f|170|\n|gen|9\n|tier|[Gen 9] Random Battle\n|rule|Species Clause: Limit one of each Pok\u00e9mon\n|rule|HP Percentage Mod: HP is shown in percentages\n|rule|Sleep Clause Mod: Limit one foe put to sleep\n|rule|Illusion Level Mod: Illusion disguises the Pok\u00e9mon's true level\n|\n|t:|1783394305\n|teamsize|p1|6\n|teamsize|p2|6\n|start\n|switch|p1a: Calyrex|Calyrex-Shadow, L64|100/100\n|switch|p2a: Incineroar|Incineroar, L82, F|290/290\n|-ability|p1a: Calyrex|As One\n|-ability|p1a: Calyrex|Unnerve\n|-ability|p2a: Incineroar|Intimidate|boost\n|-unboost|p1a: Calyrex|atk|1\n|turn|1\n|inactive|Battle timer is ON: inactive players will automatically lose when time's up. (requested by p0y006782f)\n|inactive|p0x006bd76 also wants the timer to be on.\n|\n|t:|1783394306\n|switch|p1a: Terrakion|Terrakion, L79|100/100\n|move|p2a: Incineroar|Knock Off|p1a: Terrakion\n|-resisted|p1a: Terrakion\n|-damage|p1a: Terrakion|81/100\n|-ability|p1a: Terrakion|Justified|boost\n|-boost|p1a: Terrakion|atk|1\n|-enditem|p1a: Terrakion|Choice Band|[from] move: Knock Off|[of] p2a: Incineroar\n|\n|upkeep\n|turn|2\n|inactive|Time left: 300 sec this turn | 300 sec total\n|\n|t:|1783394306\n|switch|p2a: Hariyama|Hariyama, L87, M|392/392\n|move|p1a: Terrakion|Close Combat|p2a: Hariyama\n|-damage|p2a: Hariyama|145/392\n|-unboost|p1a: Terrakion|def|1\n|-unboost|p1a: Terrakion|spd|1\n|\n|-status|p2a: Hariyama|brn|[from] item: Flame Orb\n|upkeep\n|turn|3\n|inactive|Time left: 300 sec this turn | 300 sec total\n|\n|t:|1783394306\n|move|p2a: Hariyama|Fake Out|p1a: Terrakion\n|-resisted|p1a: Terrakion\n|-damage|p1a: Terrakion|66/100\n|cant|p1a: Terrakion|flinch\n|\n|-damage|p2a: Hariyama|121/392 brn|[from] brn\n|upkeep\n|turn|4\n|inactive|Time left: 300 sec this turn | 300 sec total\n|\n|t:|1783394306\n|switch|p2a: Polteageist|Polteageist, L78|222/222\n|move|p1a: Terrakion|Close Combat|p2a: Polteageist\n|-immune|p2a: Polteageist\n|\n|upkeep\n|turn|5\n|inactive|Time left: 300 sec this turn | 300 sec total\n|\n|t:|1783394307\n|switch|p2a: Keldeo|Keldeo-Resolute, L79|273/273\n|move|p1a: Terrakion|Stone Edge|p2a: Keldeo\n|-resisted|p2a: Keldeo\n|-damage|p2a: Keldeo|179/273\n|\n|-heal|p2a: Keldeo|196/273|[from] item: Leftovers\n|upkeep\n|turn|6\n|inactive|Time left: 300 sec this turn | 300 sec total\n|\n|t:|1783394307\n|move|p2a: Keldeo|Surf|p1a: Terrakion\n|-supereffective|p1a: Terrakion\n|-damage|p1a: Terrakion|0 fnt\n|faint|p1a: Terrakion\n|\n|-heal|p2a: Keldeo|213/273|[from] item: Leftovers\n|upkeep\n|\n|t:|1783394307\n|switch|p1a: Calyrex|Calyrex-Shadow, L64|100/100\n|-ability|p1a: Calyrex|As One\n|-ability|p1a: Calyrex|Unnerve\n|turn|7\n|inactive|Time left: 300 sec this turn | 300 sec total\n|\n|t:|1783394307\n|switch|p2a: Wigglytuff|Wigglytuff, L96, F|424/424\n|move|p1a: Calyrex|Astral Barrage|p2a: Wigglytuff\n|-immune|p2a: Wigglytuff\n|\n|upkeep\n|turn|8\n|inactive|Time left: 300 sec this turn | 300 sec total\n|\n|t:|1783394308\n|switch|p1a: Arceus|Arceus-Poison, L70|100/100\n|move|p2a: Wigglytuff|Knock Off|p1a: Arceus\n|-damage|p1a: Arceus|84/100\n|\n|upkeep\n|turn|9\n|inactive|Time left: 300 sec this turn | 300 sec total\n|\n|t:|1783394308\n|switch|p2a: Polteageist|Polteageist, L78|222/222\n|move|p1a: Arceus|Swords Dance|p1a: Arceus\n|-boost|p1a: Arceus|atk|2\n|\n|upkeep\n|turn|10\n|inactive|Time left: 300 sec this turn | 300 sec total\n|\n|t:|1783394308\n|switch|p2a: Skarmory|Skarmory, L80, F|235/235\n|-terastallize|p1a: Arceus|Ground\n|move|p1a: Arceus|Earthquake|p2a: Skarmory\n|-immune|p2a: Skarmory\n|\n|upkeep\n|turn|11\n|inactive|Time left: 300 sec this turn | 300 sec total\n|\n|t:|1783394308\n|move|p1a: Arceus|Swords Dance|p1a: Arceus\n|-boost|p1a: Arceus|atk|2\n|move|p2a: Skarmory|Iron Defense|p2a: Skarmory\n|-boost|p2a: Skarmory|def|2\n|\n|upkeep\n|turn|12\n|inactive|Time left: 300 sec this turn | 300 sec total\n|\n|t:|1783394309\n|switch|p1a: Calyrex|Calyrex-Shadow, L64|100/100\n|-ability|p1a: Calyrex|As One\n|-ability|p1a: Calyrex|Unnerve\n|move|p2a: Skarmory|Brave Bird|p1a: Calyrex\n|-damage|p1a: Calyrex|38/100\n|-damage|p2a: Skarmory|186/235|[from] Recoil\n|\n|-heal|p2a: Skarmory|200/235|[from] item: Leftovers\n|upkeep\n|turn|13\n|inactive|Time left: 300 sec this turn | 300 sec total\n|\n|t:|1783394309\n|switch|p2a: Wigglytuff|Wigglytuff, L96, F|424/424\n|move|p1a: Calyrex|Astral Barrage|p2a: Wigglytuff\n|-immune|p2a: Wigglytuff\n|\n|upkeep\n|turn|14\n|inactive|Time left: 300 sec this turn | 300 sec total\n|\n|t:|1783394309\n|switch|p1a: Arceus|Arceus-Poison, L70, tera:Ground|84/100\n|move|p2a: Wigglytuff|Fire Blast|p1a: Arceus\n|-damage|p1a: Arceus|54/100\n|\n|upkeep\n|turn|15\n|inactive|Time left: 300 sec this turn | 300 sec total\n|\n|t:|1783394309\n|switch|p2a: Skarmory|Skarmory, L80, F|200/235\n|move|p1a: Arceus|Recover|p1a: Arceus\n|-heal|p1a: Arceus|100/100\n|\n|-heal|p2a: Skarmory|214/235|[from] item: Leftovers\n|upkeep\n|turn|16\n|inactive|Time left: 300 sec this turn | 300 sec total\n|\n|t:|1783394310\n|switch|p1a: Politoed|Politoed, L88, M|100/100\n|-weather|RainDance|[from] ability: Drizzle|[of] p1a: Politoed\n|move|p2a: Skarmory|Iron Defense|p2a: Skarmory\n|-boost|p2a: Skarmory|def|2\n|\n|-weather|RainDance|[upkeep]\n|-heal|p2a: Skarmory|228/235|[from] item: Leftovers\n|upkeep\n|turn|17\n|inactive|Time left: 300 sec this turn | 300 sec total\n|\n|t:|1783394310\n|switch|p2a: Keldeo|Keldeo-Resolute, L79|213/273\n|move|p1a: Politoed|Surf|p2a: Keldeo\n|-resisted|p2a: Keldeo\n|-damage|p2a: Keldeo|139/273\n|\n|-weather|RainDance|[upkeep]\n|-heal|p2a: Keldeo|156/273|[from] item: Leftovers\n|upkeep\n|turn|18\n|inactive|Time left: 300 sec this turn | 300 sec total\n|\n|t:|1783394310\n|move|p2a: Keldeo|Calm Mind|p2a: Keldeo\n|-boost|p2a: Keldeo|spa|1\n|-boost|p2a: Keldeo|spd|1\n|move|p1a: Politoed|Encore|p2a: Keldeo\n|-start|p2a: Keldeo|Encore\n|\n|-weather|RainDance|[upkeep]\n|-heal|p2a: Keldeo|173/273|[from] item: Leftovers\n|upkeep\n|turn|19\n|inactive|Time left: 300 sec this turn | 300 sec total\n|\n|t:|1783394310\n|move|p2a: Keldeo|Calm Mind|p2a: Keldeo\n|-boost|p2a: Keldeo|spa|1\n|-boost|p2a: Keldeo|spd|1\n|move|p1a: Politoed|Surf|p2a: Keldeo\n|-resisted|p2a: Keldeo\n|-damage|p2a: Keldeo|134/273\n|\n|-weather|RainDance|[upkeep]\n|-heal|p2a: Keldeo|151/273|[from] item: Leftovers\n|upkeep\n|turn|20\n|inactive|Time left: 300 sec this turn | 300 sec total\n|\n|t:|1783394311\n|switch|p1a: Calyrex|Calyrex-Shadow, L64|38/100\n|-ability|p1a: Calyrex|As One\n|-ability|p1a: Calyrex|Unnerve\n|move|p2a: Keldeo|Calm Mind|p2a: Keldeo\n|-boost|p2a: Keldeo|spa|1\n|-boost|p2a: Keldeo|spd|1\n|\n|-weather|none\n|-heal|p2a: Keldeo|168/273|[from] item: Leftovers\n|upkeep\n|turn|21\n|inactive|Time left: 300 sec this turn | 300 sec total\n|\n|t:|1783394311\n|switch|p2a: Wigglytuff|Wigglytuff, L96, F|424/424\n|move|p1a: Calyrex|Trick|p2a: Wigglytuff\n|-activate|p1a: Calyrex|move: Trick|[of] p2a: Wigglytuff\n|-item|p2a: Wigglytuff|Choice Specs|[from] move: Trick\n|-item|p1a: Calyrex|Leftovers|[from] move: Trick\n|\n|-heal|p1a: Calyrex|44/100|[from] item: Leftovers\n|upkeep\n|turn|22\n|inactive|Time left: 300 sec this turn | 300 sec total\n|\n|t:|1783394311\n|switch|p1a: Politoed|Politoed, L88, M|100/100\n|-weather|RainDance|[from] ability: Drizzle|[of] p1a: Politoed\n|move|p2a: Wigglytuff|Alluring Voice|p1a: Politoed\n|-damage|p1a: Politoed|58/100\n|\n|-weather|RainDance|[upkeep]\n|-heal|p1a: Politoed|64/100|[from] item: Leftovers\n|upkeep\n|turn|23\n|inactive|Time left: 300 sec this turn | 300 sec total\n|\n|t:|1783394311\n|move|p1a: Politoed|Surf|p2a: Wigglytuff\n|-damage|p2a: Wigglytuff|241/424\n|move|p2a: Wigglytuff|Alluring Voice|p1a: Politoed\n|-damage|p1a: Politoed|25/100\n|\n|-weather|RainDance|[upkeep]\n|-heal|p1a: Politoed|31/100|[from] item: Leftovers\n|upkeep\n|turn|24\n|inactive|Time left: 300 sec this turn | 300 sec total\n|\n|t:|1783394311\n|move|p1a: Politoed|Hypnosis|p2a: Wigglytuff\n|-status|p2a: Wigglytuff|slp|[from] move: Hypnosis\n|cant|p2a: Wigglytuff|slp\n|\n|-weather|RainDance|[upkeep]\n|-heal|p1a: Politoed|37/100|[from] item: Leftovers\n|upkeep\n|turn|25\n|inactive|Time left: 300 sec this turn | 300 sec total\n|\n|t:|1783394312\n|switch|p2a: Keldeo|Keldeo-Resolute, L79|168/273\n|move|p1a: Politoed|Surf|p2a: Keldeo\n|-resisted|p2a: Keldeo\n|-damage|p2a: Keldeo|85/273\n|\n|-weather|RainDance|[upkeep]\n|-heal|p2a: Keldeo|102/273|[from] item: Leftovers\n|-heal|p1a: Politoed|43/100|[from] item: Leftovers\n|upkeep\n|turn|26\n|inactive|Time left: 300 sec this turn | 300 sec total\n|\n|t:|1783394312\n|move|p2a: Keldeo|Surf|p1a: Politoed\n|-resisted|p1a: Politoed\n|-damage|p1a: Politoed|21/100\n|move|p1a: Politoed|Surf|p2a: Keldeo\n|-resisted|p2a: Keldeo\n|-damage|p2a: Keldeo|29/273\n|\n|-weather|none\n|-heal|p2a: Keldeo|46/273|[from] item: Leftovers\n|-heal|p1a: Politoed|27/100|[from] item: Leftovers\n|upkeep\n|turn|27\n|inactive|Time left: 300 sec this turn | 300 sec total\n|\n|t:|1783394312\n|move|p2a: Keldeo|Secret Sword|p1a: Politoed\n|-damage|p1a: Politoed|0 fnt\n|faint|p1a: Politoed\n|\n|-heal|p2a: Keldeo|63/273|[from] item: Leftovers\n|upkeep\n|\n|t:|1783394312\n|switch|p1a: Chesnaught|Chesnaught, L84, M|100/100\n|turn|28\n|inactive|Time left: 300 sec this turn | 300 sec total\n|\n|t:|1783394313\n|switch|p2a: Polteageist|Polteageist, L78|222/222\n|move|p1a: Chesnaught|Trailblaze|p2a: Polteageist\n|-damage|p2a: Polteageist|140/222\n|-boost|p1a: Chesnaught|spe|1\n|\n|upkeep\n|turn|29\n|inactive|Time left: 300 sec this turn | 300 sec total\n|\n|t:|1783394313\n|move|p1a: Chesnaught|Trailblaze|p2a: Polteageist\n|-damage|p2a: Polteageist|65/222\n|-boost|p1a: Chesnaught|spe|1\n|move|p2a: Polteageist|Strength Sap|p1a: Chesnaught\n|-unboost|p1a: Chesnaught|atk|1\n|-heal|p2a: Polteageist|222/222\n|\n|upkeep\n|turn|30\n|inactive|Time left: 300 sec this turn | 300 sec total\n|\n|t:|1783394313\n|switch|p1a: Arceus|Arceus-Poison, L70, tera:Ground|100/100\n|move|p2a: Polteageist|Shell Smash|p2a: Polteageist\n|-unboost|p2a: Polteageist|def|1\n|-unboost|p2a: Polteageist|spd|1\n|-boost|p2a: Polteageist|atk|2\n|-boost|p2a: Polteageist|spa|2\n|-boost|p2a: Polteageist|spe|2\n|-enditem|p2a: Polteageist|White Herb\n|-clearnegativeboost|p2a: Polteageist|[silent]\n|\n|upkeep\n|turn|31\n|inactive|Time left: 300 sec this turn | 300 sec total\n|\n|t:|1783394313\n|move|p2a: Polteageist|Stored Power|p1a: Arceus\n|-damage|p1a: Arceus|29/100\n|move|p1a: Arceus|Recover|p1a: Arceus\n|-heal|p1a: Arceus|79/100\n|\n|upkeep\n|turn|32\n|inactive|Time left: 300 sec this turn | 300 sec total\n|\n|t:|1783394314\n|move|p2a: Polteageist|Stored Power|p1a: Arceus\n|-damage|p1a: Arceus|8/100\n|move|p1a: Arceus|Gunk Shot|p2a: Polteageist\n|-resisted|p2a: Polteageist\n|-damage|p2a: Polteageist|136/222\n|\n|upkeep\n|turn|33\n|inactive|Time left: 300 sec this turn | 300 sec total\n|\n|t:|1783394314\n|move|p2a: Polteageist|Stored Power|p1a: Arceus\n|-damage|p1a: Arceus|0 fnt\n|faint|p1a: Arceus\n|\n|upkeep\n|\n|t:|1783394314\n|switch|p1a: Grumpig|Grumpig, L92, M|100/100\n|turn|34\n|inactive|Time left: 300 sec this turn | 300 sec total\n|\n|t:|1783394314\n|switch|p1a: Calyrex|Calyrex-Shadow, L64|44/100\n|-ability|p1a: Calyrex|As One\n|-ability|p1a: Calyrex|Unnerve\n|move|p2a: Polteageist|Shadow Ball|p1a: Calyrex\n|-supereffective|p1a: Calyrex\n|-damage|p1a: Calyrex|0 fnt\n|faint|p1a: Calyrex\n|\n|upkeep\n|\n|t:|1783394315\n|switch|p1a: Grumpig|Grumpig, L92, M|100/100\n|turn|35\n|inactive|Time left: 300 sec this turn | 300 sec total\n|\n|t:|1783394315\n|switch|p1a: Chesnaught|Chesnaught, L84, M|100/100\n|move|p2a: Polteageist|Shadow Ball|p1a: Chesnaught\n|-immune|p1a: Chesnaught|[from] ability: Bulletproof\n|\n|upkeep\n|turn|36\n|inactive|Time left: 300 sec this turn | 300 sec total\n|\n|t:|1783394315\n|switch|p1a: Grumpig|Grumpig, L92, M|100/100\n|move|p2a: Polteageist|Stored Power|p1a: Grumpig\n|-resisted|p1a: Grumpig\n|-damage|p1a: Grumpig|69/100\n|\n|upkeep\n|turn|37\n|inactive|Time left: 300 sec this turn | 300 sec total\n|\n|t:|1783394315\n|switch|p1a: Chesnaught|Chesnaught, L84, M|100/100\n|move|p2a: Polteageist|Shadow Ball|p1a: Chesnaught\n|-immune|p1a: Chesnaught|[from] ability: Bulletproof\n|\n|upkeep\n|turn|38\n|inactive|Time left: 300 sec this turn | 300 sec total\n|\n|t:|1783394316\n|switch|p1a: Grumpig|Grumpig, L92, M|69/100\n|move|p2a: Polteageist|Stored Power|p1a: Grumpig\n|-resisted|p1a: Grumpig\n|-damage|p1a: Grumpig|41/100\n|\n|upkeep\n|turn|39\n|inactive|Time left: 300 sec this turn | 300 sec total\n|\n|t:|1783394316\n|switch|p1a: Chesnaught|Chesnaught, L84, M|100/100\n|-terastallize|p2a: Polteageist|Psychic\n|move|p2a: Polteageist|Stored Power|p1a: Chesnaught\n|-supereffective|p1a: Chesnaught\n|-damage|p1a: Chesnaught|0 fnt\n|faint|p1a: Chesnaught\n|\n|upkeep\n|\n|t:|1783394316\n|switch|p1a: Grumpig|Grumpig, L92, M|41/100\n|turn|40\n|inactive|Time left: 300 sec this turn | 300 sec total\n|\n|t:|1783394316\n|move|p2a: Polteageist|Shadow Ball|p1a: Grumpig\n|-supereffective|p1a: Grumpig\n|-damage|p1a: Grumpig|0 fnt\n|faint|p1a: Grumpig\n|\n|win|p0y006782f", "uploadtime": 1783394316, "views": 0, "rating": 0, "private": 0, "password": null, "_winner": "p0y006782f", "_our_name": "p0y006782f"}|switch|p1a: Grumpig|Grumpig, L92, M|120/297\n|turn|40\n|inactive|Time left: 300 sec this turn | 300 sec total\n|\n|t:|1783394316\n|move|p2a: Polteageist|Shadow Ball|p1a: Grumpig\n|-supereffective|p1a: Grumpig\n|-damage|p1a: Grumpig|0 fnt\n|faint|p1a: Grumpig\n|\n|win|p0y006782f", "uploadtime": 1783394316, "views": 0, "rating": 0, "private": 0, "password": null, "_winner": "p0y006782f", "_our_name": "p0x006bd76"}