{"id": "battle-gen9randombattle-2081", "formatid": "gen9randombattle", "format": "[Gen 9] Random Battle", "players": ["p0x20810421", "p0y2081b4c2"], "log": "|init|battle\n|title|p0x20810421 vs. p0y2081b4c2\n|j|\u2606p0x20810421\n|j|\u2606p0y2081b4c2\n|t:|1783563313\n|gametype|singles\n|player|p1|p0x20810421|169|\n|player|p2|p0y2081b4c2|1|\n|gen|9\n|tier|[Gen 9] Random Battle\n|rule|Species Clause: Limit one of each Pok\u00e9mon\n|rule|HP Percentage Mod: HP is shown in percentages\n|rule|Sleep Clause Mod: Limit one foe put to sleep\n|rule|Illusion Level Mod: Illusion disguises the Pok\u00e9mon's true level\n|\n|t:|1783563313\n|teamsize|p1|6\n|teamsize|p2|6\n|start\n|switch|p1a: Heatran|Heatran, L79, M|273/273\n|switch|p2a: Flamigo|Flamigo, L82, M|100/100\n|-item|p1a: Heatran|Air Balloon\n|turn|1\n|inactive|Battle timer is ON: inactive players will automatically lose when time's up. (requested by p0x20810421)\n|inactive|p0y2081b4c2 also wants the timer to be on.\n|\n|t:|1783563314\n|switch|p1a: Swampert|Swampert, L83, F|302/302\n|move|p2a: Flamigo|Close Combat|p1a: Swampert\n|-damage|p1a: Swampert|103/302\n|-unboost|p2a: Flamigo|def|1\n|-unboost|p2a: Flamigo|spd|1\n|\n|-heal|p1a: Swampert|121/302|[from] item: Leftovers\n|upkeep\n|turn|2\n|inactive|Time left: 300 sec this turn | 300 sec total\n|\n|t:|1783563315\n|-terastallize|p1a: Swampert|Poison\n|move|p2a: Flamigo|Close Combat|p1a: Swampert\n|-resisted|p1a: Swampert\n|-damage|p1a: Swampert|14/302\n|-unboost|p2a: Flamigo|def|1\n|-unboost|p2a: Flamigo|spd|1\n|move|p1a: Swampert|Ice Beam|p2a: Flamigo\n|-supereffective|p2a: Flamigo\n|-damage|p2a: Flamigo|0 fnt\n|faint|p2a: Flamigo\n|\n|-heal|p1a: Swampert|32/302|[from] item: Leftovers\n|upkeep\n|\n|t:|1783563316\n|switch|p2a: Barraskewda|Barraskewda, L81, F|100/100\n|turn|3\n|inactive|Time left: 300 sec this turn | 300 sec total\n|\n|t:|1783563318\n|move|p2a: Barraskewda|Waterfall|p1a: Swampert\n|-damage|p1a: Swampert|0 fnt\n|faint|p1a: Swampert\n|\n|upkeep\n|inactive|Time left: 300 sec this turn | 300 sec total | 5 sec grace\n|\n|t:|1783563318\n|switch|p1a: Gumshoos|Gumshoos, L95, M|321/321\n|turn|4\n|inactive|Time left: 300 sec this turn | 300 sec total\n|\n|t:|1783563319\n|move|p2a: Barraskewda|Waterfall|p1a: Gumshoos\n|-damage|p1a: Gumshoos|143/321\n|move|p1a: Gumshoos|Knock Off|p2a: Barraskewda\n|-damage|p2a: Barraskewda|8/100\n|-enditem|p2a: Barraskewda|Choice Band|[from] move: Knock Off|[of] p1a: Gumshoos\n|\n|upkeep\n|turn|5\n|inactive|Time left: 300 sec this turn | 300 sec total\n|\n|t:|1783563320\n|switch|p1a: Keldeo|Keldeo-Resolute, L79|273/273\n|move|p2a: Barraskewda|Close Combat|p1a: Keldeo\n|-damage|p1a: Keldeo|180/273\n|-unboost|p2a: Barraskewda|def|1\n|-unboost|p2a: Barraskewda|spd|1\n|\n|upkeep\n|turn|6\n|inactive|Time left: 300 sec this turn | 300 sec total\n|\n|t:|1783563321\n|move|p1a: Keldeo|Vacuum Wave|p2a: Barraskewda\n|-damage|p2a: Barraskewda|0 fnt\n|faint|p2a: Barraskewda\n|\n|upkeep\n|\n|t:|1783563322\n|switch|p2a: Squawkabilly|Squawkabilly-White, L89, M|100/100\n|turn|7\n|inactive|Time left: 300 sec this turn | 300 sec total\n|\n|t:|1783563323\n|move|p1a: Keldeo|Vacuum Wave|p2a: Squawkabilly\n|-damage|p2a: Squawkabilly|64/100\n|move|p2a: Squawkabilly|Brave Bird|p1a: Keldeo\n|-supereffective|p1a: Keldeo\n|-damage|p1a: Keldeo|0 fnt\n|faint|p1a: Keldeo\n|-damage|p2a: Squawkabilly|44/100|[from] Recoil\n|\n|upkeep\n|inactive|Time left: 300 sec this turn | 300 sec total | 5 sec grace\n|\n|t:|1783563324\n|switch|p1a: Persian|Persian-Alola, L86, F|252/252\n|turn|8\n|inactive|Time left: 300 sec this turn | 300 sec total\n|\n|t:|1783563325\n|move|p1a: Persian|Thunderbolt|p2a: Squawkabilly\n|-supereffective|p2a: Squawkabilly\n|-damage|p2a: Squawkabilly|0 fnt\n|faint|p2a: Squawkabilly\n|\n|upkeep\n|\n|t:|1783563326\n|switch|p2a: Misdreavus|Misdreavus, L90, M|100/100\n|turn|9\n|inactive|Time left: 300 sec this turn | 300 sec total\n|\n|t:|1783563327\n|move|p1a: Persian|Hypnosis|p2a: Misdreavus\n|-status|p2a: Misdreavus|slp|[from] move: Hypnosis\n|cant|p2a: Misdreavus|slp\n|\n|upkeep\n|turn|10\n|inactive|Time left: 300 sec this turn | 300 sec total\n|\n|t:|1783563328\n|move|p1a: Persian|Nasty Plot|p1a: Persian\n|-boost|p1a: Persian|spa|2\n|cant|p2a: Misdreavus|slp\n|\n|upkeep\n|turn|11\n|inactive|Time left: 300 sec this turn | 300 sec total\n|\n|t:|1783563329\n|-terastallize|p2a: Misdreavus|Fairy\n|move|p1a: Persian|Dark Pulse|p2a: Misdreavus\n|-resisted|p2a: Misdreavus\n|-damage|p2a: Misdreavus|82/100 slp\n|-curestatus|p2a: Misdreavus|slp|[msg]\n|move|p2a: Misdreavus|Draining Kiss|p1a: Persian\n|-supereffective|p1a: Persian\n|-damage|p1a: Persian|88/252\n|-heal|p2a: Misdreavus|100/100|[from] drain|[of] p1a: Persian\n|\n|-heal|p1a: Persian|103/252|[from] item: Leftovers\n|upkeep\n|turn|12\n|inactive|Time left: 300 sec this turn | 300 sec total\n|\n|t:|1783563330\n|move|p1a: Persian|Hypnosis|p2a: Misdreavus|[miss]\n|-miss|p1a: Persian|p2a: Misdreavus\n|move|p2a: Misdreavus|Draining Kiss|p1a: Persian\n|-supereffective|p1a: Persian\n|-damage|p1a: Persian|0 fnt\n|faint|p1a: Persian\n|\n|upkeep\n|inactive|Time left: 300 sec this turn | 300 sec total | 5 sec grace\n|\n|t:|1783563331\n|switch|p1a: Heatran|Heatran, L79, M|273/273\n|-item|p1a: Heatran|Air Balloon\n|turn|13\n|inactive|Time left: 300 sec this turn | 300 sec total\n|\n|t:|1783563332\n|move|p2a: Misdreavus|Shadow Ball|p1a: Heatran\n|-damage|p1a: Heatran|186/273\n|-unboost|p1a: Heatran|spd|1\n|-enditem|p1a: Heatran|Air Balloon\n|move|p1a: Heatran|Heavy Slam|p2a: Misdreavus\n|-supereffective|p2a: Misdreavus\n|-damage|p2a: Misdreavus|34/100\n|\n|upkeep\n|turn|14\n|inactive|Time left: 300 sec this turn | 300 sec total\n|\n|t:|1783563333\n|move|p2a: Misdreavus|Shadow Ball|p1a: Heatran\n|-damage|p1a: Heatran|74/273\n|move|p1a: Heatran|Heavy Slam|p2a: Misdreavus\n|-supereffective|p2a: Misdreavus\n|-damage|p2a: Misdreavus|0 fnt\n|faint|p2a: Misdreavus\n|\n|upkeep\n|\n|t:|1783563334\n|switch|p2a: Espeon|Espeon, L84, M|100/100\n|turn|15\n|inactive|Time left: 300 sec this turn | 300 sec total\n|\n|t:|1783563335\n|move|p2a: Espeon|Shadow Ball|p1a: Heatran\n|-damage|p1a: Heatran|0 fnt\n|faint|p1a: Heatran\n|-damage|p2a: Espeon|91/100|[from] item: Life Orb\n|\n|upkeep\n|inactive|Time left: 300 sec this turn | 300 sec total | 5 sec grace\n|\n|t:|1783563336\n|switch|p1a: Gumshoos|Gumshoos, L95, M|143/321\n|turn|16\n|inactive|Time left: 300 sec this turn | 300 sec total\n|\n|t:|1783563337\n|move|p2a: Espeon|Psyshock|p1a: Gumshoos\n|-damage|p1a: Gumshoos|0 fnt\n|faint|p1a: Gumshoos\n|-damage|p2a: Espeon|81/100|[from] item: Life Orb\n|\n|upkeep\n|inactive|Time left: 300 sec this turn | 300 sec total | 5 sec grace\n|\n|t:|1783563338\n|switch|p1a: Mienshao|Mienshao, L83, M|244/244\n|turn|17\n|inactive|Time left: 300 sec this turn | 300 sec total\n|\n|t:|1783563339\n|move|p1a: Mienshao|Fake Out|p2a: Espeon\n|-damage|p2a: Espeon|63/100\n|cant|p2a: Espeon|flinch\n|\n|upkeep\n|turn|18\n|inactive|Time left: 300 sec this turn | 300 sec total\n|\n|t:|1783563340\n|move|p1a: Mienshao|Fake Out||[still]\n|-hint|Fake Out only works on your first turn out.\n|-fail|p1a: Mienshao\n|move|p2a: Espeon|Psyshock|p1a: Mienshao\n|-supereffective|p1a: Mienshao\n|-damage|p1a: Mienshao|0 fnt\n|faint|p1a: Mienshao\n|-damage|p2a: Espeon|53/100|[from] item: Life Orb\n|\n|win|p0y2081b4c2", "uploadtime": 1783563340, "views": 0, "rating": 0, "private": 0, "password": null, "_winner": "p0y2081b4c2", "_our_name": "p0x20810421"}