{"id": "battle-gen9randombattle-127", "formatid": "gen9randombattle", "format": "[Gen 9] Random Battle", "players": ["p0x127c7bc", "p0y127a3a4"], "log": "|init|battle\n|title|p0x127c7bc vs. p0y127a3a4\n|j|\u2606p0x127c7bc\n|j|\u2606p0y127a3a4\n|t:|1783535213\n|gametype|singles\n|player|p1|p0x127c7bc|101|\n|player|p2|p0y127a3a4|101|\n|gen|9\n|tier|[Gen 9] Random Battle\n|rule|Species Clause: Limit one of each Pok\u00e9mon\n|rule|HP Percentage Mod: HP is shown in percentages\n|rule|Sleep Clause Mod: Limit one foe put to sleep\n|rule|Illusion Level Mod: Illusion disguises the Pok\u00e9mon's true level\n|\n|t:|1783535213\n|teamsize|p1|6\n|teamsize|p2|6\n|start\n|switch|p1a: Tropius|Tropius, L91, F|328/328\n|switch|p2a: Ludicolo|Ludicolo, L90, F|100/100\n|turn|1\n|inactive|Battle timer is ON: inactive players will automatically lose when time's up. (requested by p0y127a3a4)\n|inactive|Time left: 300 sec this turn | 300 sec total | 60 sec grace\n|inactive|p0x127c7bc also wants the timer to be on.\n|\n|t:|1783535215\n|move|p1a: Tropius|Protect|p1a: Tropius\n|-singleturn|p1a: Tropius|Protect\n|move|p2a: Ludicolo|Ice Beam|p1a: Tropius\n|-activate|p1a: Tropius|move: Protect\n|\n|upkeep\n|turn|2\n|inactive|Time left: 300 sec this turn | 300 sec total\n|\n|t:|1783535216\n|switch|p1a: Necrozma|Necrozma-Dusk-Mane, L69|248/248\n|move|p2a: Ludicolo|Ice Beam|p1a: Necrozma\n|-resisted|p1a: Necrozma\n|-damage|p1a: Necrozma|193/248\n|\n|upkeep\n|turn|3\n|inactive|Time left: 300 sec this turn | 300 sec total\n|\n|t:|1783535217\n|move|p2a: Ludicolo|Ice Beam|p1a: Necrozma\n|-resisted|p1a: Necrozma\n|-damage|p1a: Necrozma|142/248\n|move|p1a: Necrozma|Dragon Dance|p1a: Necrozma\n|-boost|p1a: Necrozma|atk|1\n|-boost|p1a: Necrozma|spe|1\n|\n|upkeep\n|turn|4\n|inactive|Time left: 300 sec this turn | 300 sec total\n|\n|t:|1783535218\n|move|p1a: Necrozma|Morning Sun|p1a: Necrozma\n|-heal|p1a: Necrozma|248/248\n|move|p2a: Ludicolo|Ice Beam|p1a: Necrozma\n|-resisted|p1a: Necrozma\n|-damage|p1a: Necrozma|194/248\n|\n|upkeep\n|turn|5\n|inactive|Time left: 300 sec this turn | 300 sec total\n|\n|t:|1783535219\n|move|p1a: Necrozma|Dragon Dance|p1a: Necrozma\n|-boost|p1a: Necrozma|atk|1\n|-boost|p1a: Necrozma|spe|1\n|move|p2a: Ludicolo|Ice Beam|p1a: Necrozma\n|-resisted|p1a: Necrozma\n|-damage|p1a: Necrozma|139/248\n|\n|upkeep\n|turn|6\n|inactive|Time left: 300 sec this turn | 300 sec total\n|\n|t:|1783535220\n|move|p1a: Necrozma|Sunsteel Strike|p2a: Ludicolo\n|-resisted|p2a: Ludicolo\n|-damage|p2a: Ludicolo|57/100\n|move|p2a: Ludicolo|Ice Beam|p1a: Necrozma\n|-resisted|p1a: Necrozma\n|-damage|p1a: Necrozma|82/248\n|\n|upkeep\n|turn|7\n|inactive|Time left: 300 sec this turn | 300 sec total\n|\n|t:|1783535221\n|move|p1a: Necrozma|Morning Sun|p1a: Necrozma\n|-heal|p1a: Necrozma|206/248\n|move|p2a: Ludicolo|Ice Beam|p1a: Necrozma\n|-resisted|p1a: Necrozma\n|-damage|p1a: Necrozma|154/248\n|\n|upkeep\n|turn|8\n|inactive|Time left: 300 sec this turn | 300 sec total\n|\n|t:|1783535222\n|move|p1a: Necrozma|Sunsteel Strike|p2a: Ludicolo\n|-resisted|p2a: Ludicolo\n|-damage|p2a: Ludicolo|13/100\n|move|p2a: Ludicolo|Ice Beam|p1a: Necrozma\n|-resisted|p1a: Necrozma\n|-damage|p1a: Necrozma|105/248\n|\n|upkeep\n|turn|9\n|inactive|Time left: 300 sec this turn | 300 sec total\n|\n|t:|1783535223\n|move|p1a: Necrozma|Morning Sun|p1a: Necrozma\n|-heal|p1a: Necrozma|229/248\n|move|p2a: Ludicolo|Ice Beam|p1a: Necrozma\n|-resisted|p1a: Necrozma\n|-damage|p1a: Necrozma|176/248\n|\n|upkeep\n|turn|10\n|inactive|Time left: 300 sec this turn | 300 sec total\n|\n|t:|1783535224\n|move|p1a: Necrozma|Sunsteel Strike|p2a: Ludicolo\n|-resisted|p2a: Ludicolo\n|-damage|p2a: Ludicolo|0 fnt\n|faint|p2a: Ludicolo\n|\n|upkeep\n|\n|t:|1783535225\n|switch|p2a: Mandibuzz|Mandibuzz, L85, F|100/100\n|turn|11\n|inactive|Time left: 300 sec this turn | 300 sec total\n|\n|t:|1783535226\n|move|p1a: Necrozma|Sunsteel Strike|p2a: Mandibuzz\n|-damage|p2a: Mandibuzz|39/100\n|move|p2a: Mandibuzz|Foul Play|p1a: Necrozma\n|-supereffective|p1a: Necrozma\n|-damage|p1a: Necrozma|0 fnt\n|faint|p1a: Necrozma\n|\n|upkeep\n|inactive|Time left: 300 sec this turn | 300 sec total | 5 sec grace\n|\n|t:|1783535227\n|switch|p1a: Reshiram|Reshiram, L76|277/277\n|-ability|p1a: Reshiram|Turboblaze\n|turn|12\n|inactive|Time left: 300 sec this turn | 300 sec total\n|\n|t:|1783535228\n|move|p2a: Mandibuzz|Roost|p2a: Mandibuzz\n|-heal|p2a: Mandibuzz|89/100\n|-singleturn|p2a: Mandibuzz|move: Roost\n|move|p1a: Reshiram|Dragon Dance|p1a: Reshiram\n|-boost|p1a: Reshiram|atk|1\n|-boost|p1a: Reshiram|spe|1\n|\n|upkeep\n|turn|13\n|inactive|Time left: 300 sec this turn | 300 sec total\n|\n|t:|1783535229\n|move|p1a: Reshiram|Outrage|p2a: Mandibuzz\n|-damage|p2a: Mandibuzz|39/100\n|move|p2a: Mandibuzz|Foul Play|p1a: Reshiram\n|-damage|p1a: Reshiram|109/277\n|\n|upkeep\n|turn|14\n|inactive|Time left: 300 sec this turn | 300 sec total\n|\n|t:|1783535230\n|-terastallize|p2a: Mandibuzz|Steel\n|move|p1a: Reshiram|Outrage|p2a: Mandibuzz|[from] lockedmove\n|-resisted|p2a: Mandibuzz\n|-damage|p2a: Mandibuzz|15/100\n|move|p2a: Mandibuzz|Roost|p2a: Mandibuzz\n|-heal|p2a: Mandibuzz|65/100\n|\n|upkeep\n|turn|15\n|inactive|Time left: 300 sec this turn | 300 sec total\n|\n|t:|1783535231\n|move|p1a: Reshiram|Outrage|p2a: Mandibuzz|[from] lockedmove\n|-resisted|p2a: Mandibuzz\n|-damage|p2a: Mandibuzz|42/100\n|-start|p1a: Reshiram|confusion|[fatigue]\n|move|p2a: Mandibuzz|Foul Play|p1a: Reshiram\n|-damage|p1a: Reshiram|0 fnt\n|faint|p1a: Reshiram\n|\n|upkeep\n|inactive|Time left: 300 sec this turn | 300 sec total | 5 sec grace\n|\n|t:|1783535232\n|switch|p1a: Scovillain|Scovillain, L91, M|266/266\n|turn|16\n|inactive|Time left: 300 sec this turn | 300 sec total\n|\n|t:|1783535233\n|switch|p2a: Goodra|Goodra, L85, F|100/100\n|move|p1a: Scovillain|Flamethrower|p2a: Goodra\n|-resisted|p2a: Goodra\n|-damage|p2a: Goodra|92/100\n|\n|upkeep\n|turn|17\n|inactive|Time left: 300 sec this turn | 300 sec total\n|\n|t:|1783535235\n|move|p1a: Scovillain|Substitute|p1a: Scovillain\n|-start|p1a: Scovillain|Substitute\n|-damage|p1a: Scovillain|200/266\n|move|p2a: Goodra|Earthquake|p1a: Scovillain\n|-end|p1a: Scovillain|Substitute\n|\n|-heal|p1a: Scovillain|216/266|[from] item: Leftovers\n|upkeep\n|turn|18\n|inactive|Time left: 300 sec this turn | 300 sec total\n|\n|t:|1783535236\n|move|p1a: Scovillain|Protect|p1a: Scovillain\n|-singleturn|p1a: Scovillain|Protect\n|move|p2a: Goodra|Earthquake|p1a: Scovillain\n|-activate|p1a: Scovillain|move: Protect\n|\n|-heal|p1a: Scovillain|232/266|[from] item: Leftovers\n|upkeep\n|turn|19\n|inactive|Time left: 300 sec this turn | 300 sec total\n|\n|t:|1783535237\n|switch|p1a: Ting-Lu|Ting-Lu, L78|370/370\n|-ability|p1a: Ting-Lu|Vessel of Ruin\n|move|p2a: Goodra|Scald|p1a: Ting-Lu\n|-supereffective|p1a: Ting-Lu\n|-damage|p1a: Ting-Lu|250/370\n|-status|p1a: Ting-Lu|brn\n|\n|-heal|p1a: Ting-Lu|273/370 brn|[from] item: Leftovers\n|-damage|p1a: Ting-Lu|250/370 brn|[from] brn\n|upkeep\n|turn|20\n|inactive|Time left: 300 sec this turn | 300 sec total\n|\n|t:|1783535238\n|switch|p2a: Gliscor|Gliscor, L76, F|100/100\n|move|p1a: Ting-Lu|Stealth Rock|p2a: Gliscor\n|-sidestart|p2: p0y127a3a4|move: Stealth Rock\n|\n|-heal|p1a: Ting-Lu|273/370 brn|[from] item: Leftovers\n|-damage|p1a: Ting-Lu|250/370 brn|[from] brn\n|-status|p2a: Gliscor|tox|[from] item: Toxic Orb\n|upkeep\n|turn|21\n|inactive|Time left: 300 sec this turn | 300 sec total\n|\n|t:|1783535239\n|move|p2a: Gliscor|Substitute|p2a: Gliscor\n|-start|p2a: Gliscor|Substitute\n|-damage|p2a: Gliscor|76/100 tox\n|move|p1a: Ting-Lu|Whirlwind|p2a: Gliscor\n|drag|p2a: Sudowoodo|Sudowoodo, L94, M|100/100\n|-damage|p2a: Sudowoodo|88/100|[from] Stealth Rock\n|\n|-heal|p1a: Ting-Lu|273/370 brn|[from] item: Leftovers\n|-heal|p2a: Sudowoodo|94/100|[from] item: Leftovers\n|-damage|p1a: Ting-Lu|250/370 brn|[from] brn\n|upkeep\n|turn|22\n|inactive|Time left: 300 sec this turn | 300 sec total\n|\n|t:|1783535240\n|move|p2a: Sudowoodo|Stealth Rock|p1a: Ting-Lu\n|-sidestart|p1: p0x127c7bc|move: Stealth Rock\n|move|p1a: Ting-Lu|Whirlwind|p2a: Sudowoodo\n|drag|p2a: Sneasler|Sneasler, L74, M|100/100\n|-damage|p2a: Sneasler|94/100|[from] Stealth Rock\n|\n|-heal|p1a: Ting-Lu|273/370 brn|[from] item: Leftovers\n|-damage|p1a: Ting-Lu|250/370 brn|[from] brn\n|upkeep\n|turn|23\n|inactive|Time left: 300 sec this turn | 300 sec total\n|\n|t:|1783535241\n|move|p2a: Sneasler|Close Combat|p1a: Ting-Lu\n|-supereffective|p1a: Ting-Lu\n|-damage|p1a: Ting-Lu|0 fnt\n|-unboost|p2a: Sneasler|def|1\n|-unboost|p2a: Sneasler|spd|1\n|faint|p1a: Ting-Lu\n|\n|upkeep\n|inactive|Time left: 300 sec this turn | 300 sec total | 5 sec grace\n|\n|t:|1783535242\n|switch|p1a: Iron Boulder|Iron Boulder, L77|265/265\n|-damage|p1a: Iron Boulder|232/265|[from] Stealth Rock\n|-enditem|p1a: Iron Boulder|Booster Energy\n|-activate|p1a: Iron Boulder|ability: Quark Drive|[fromitem]\n|-start|p1a: Iron Boulder|quarkdrivespe\n|turn|24\n|inactive|Time left: 300 sec this turn | 300 sec total\n|\n|t:|1783535243\n|move|p1a: Iron Boulder|Swords Dance|p1a: Iron Boulder\n|-boost|p1a: Iron Boulder|atk|2\n|move|p2a: Sneasler|Close Combat|p1a: Iron Boulder\n|-damage|p1a: Iron Boulder|19/265\n|-unboost|p2a: Sneasler|def|1\n|-unboost|p2a: Sneasler|spd|1\n|\n|upkeep\n|turn|25\n|inactive|Time left: 300 sec this turn | 300 sec total\n|\n|t:|1783535244\n|switch|p2a: Mandibuzz|Mandibuzz, L85, F, tera:Steel|42/100\n|move|p1a: Iron Boulder|Mighty Cleave|p2a: Mandibuzz\n|-resisted|p2a: Mandibuzz\n|-crit|p2a: Mandibuzz\n|-damage|p2a: Mandibuzz|0 fnt\n|faint|p2a: Mandibuzz\n|\n|upkeep\n|\n|t:|1783535245\n|switch|p2a: Goodra|Goodra, L85, F|92/100\n|-damage|p2a: Goodra|79/100|[from] Stealth Rock\n|turn|26\n|inactive|Time left: 300 sec this turn | 300 sec total\n|\n|t:|1783535246\n|-terastallize|p1a: Iron Boulder|Fighting\n|move|p1a: Iron Boulder|Close Combat|p2a: Goodra\n|-damage|p2a: Goodra|0 fnt\n|-unboost|p1a: Iron Boulder|def|1\n|-unboost|p1a: Iron Boulder|spd|1\n|faint|p2a: Goodra\n|\n|upkeep\n|\n|t:|1783535247\n|switch|p2a: Sneasler|Sneasler, L74, M|94/100\n|-damage|p2a: Sneasler|88/100|[from] Stealth Rock\n|turn|27\n|inactive|Time left: 300 sec this turn | 300 sec total\n|\n|t:|1783535248\n|move|p1a: Iron Boulder|Zen Headbutt|p2a: Sneasler\n|-supereffective|p2a: Sneasler\n|-damage|p2a: Sneasler|0 fnt\n|faint|p2a: Sneasler\n|\n|upkeep\n|\n|t:|1783535249\n|switch|p2a: Sudowoodo|Sudowoodo, L94, M|94/100\n|-damage|p2a: Sudowoodo|82/100|[from] Stealth Rock\n|turn|28\n|inactive|Time left: 300 sec this turn | 300 sec total\n|\n|t:|1783535250\n|switch|p2a: Gliscor|Gliscor, L76, F|76/100 tox\n|-damage|p2a: Gliscor|64/100 tox|[from] Stealth Rock\n|move|p1a: Iron Boulder|Close Combat|p2a: Gliscor\n|-resisted|p2a: Gliscor\n|-damage|p2a: Gliscor|17/100 tox\n|-unboost|p1a: Iron Boulder|def|1\n|-unboost|p1a: Iron Boulder|spd|1\n|\n|-heal|p2a: Gliscor|29/100 tox|[from] ability: Poison Heal\n|upkeep\n|turn|29\n|inactive|Time left: 300 sec this turn | 300 sec total\n|\n|t:|1783535251\n|switch|p2a: Sudowoodo|Sudowoodo, L94, M|82/100\n|-damage|p2a: Sudowoodo|70/100|[from] Stealth Rock\n|move|p1a: Iron Boulder|Mighty Cleave|p2a: Sudowoodo\n|-damage|p2a: Sudowoodo|16/100\n|\n|-heal|p2a: Sudowoodo|22/100|[from] item: Leftovers\n|upkeep\n|turn|30\n|inactive|Time left: 300 sec this turn | 300 sec total\n|\n|t:|1783535252\n|move|p1a: Iron Boulder|Mighty Cleave|p2a: Sudowoodo\n|-damage|p2a: Sudowoodo|0 fnt\n|faint|p2a: Sudowoodo\n|\n|upkeep\n|\n|t:|1783535253\n|switch|p2a: Gliscor|Gliscor, L76, F|29/100 tox\n|-damage|p2a: Gliscor|17/100 tox|[from] Stealth Rock\n|turn|31\n|inactive|Time left: 300 sec this turn | 300 sec total\n|\n|t:|1783535254\n|move|p2a: Gliscor|Protect|p2a: Gliscor\n|-singleturn|p2a: Gliscor|Protect\n|move|p1a: Iron Boulder|Mighty Cleave|p2a: Gliscor\n|-damage|p2a: Gliscor|0 fnt\n|faint|p2a: Gliscor\n|\n|win|p0x127c7bc", "uploadtime": 1783535254, "views": 0, "rating": 0, "private": 0, "password": null, "_winner": "p0x127c7bc", "_our_name": "p0x127c7bc"}