{"id": "battle-gen9randombattle-235", "formatid": "gen9randombattle", "format": "[Gen 9] Random Battle", "players": ["p0x235e7c3", "p0y2359df0"], "log": "|init|battle\n|title|p0x235e7c3 vs. p0y2359df0\n|j|\u2606p0x235e7c3\n|j|\u2606p0y2359df0\n|t:|1783541839\n|gametype|singles\n|player|p1|p0x235e7c3|266|\n|player|p2|p0y2359df0|266|\n|gen|9\n|tier|[Gen 9] Random Battle\n|rule|Species Clause: Limit one of each Pok\u00e9mon\n|rule|HP Percentage Mod: HP is shown in percentages\n|rule|Sleep Clause Mod: Limit one foe put to sleep\n|rule|Illusion Level Mod: Illusion disguises the Pok\u00e9mon's true level\n|\n|t:|1783541839\n|teamsize|p1|6\n|teamsize|p2|6\n|start\n|switch|p1a: Muk|Muk, L86, F|321/321\n|switch|p2a: Dragapult|Dragapult, L77, F|100/100\n|turn|1\n|inactive|Battle timer is ON: inactive players will automatically lose when time's up. (requested by p0y2359df0)\n|inactive|Time left: 300 sec this turn | 300 sec total | 60 sec grace\n|inactive|p0x235e7c3 also wants the timer to be on.\n|\n|t:|1783541840\n|move|p2a: Dragapult|Will-O-Wisp|p1a: Muk\n|-status|p1a: Muk|brn\n|move|p1a: Muk|Knock Off|p2a: Dragapult\n|-supereffective|p2a: Dragapult\n|-damage|p2a: Dragapult|42/100\n|-enditem|p2a: Dragapult|Heavy-Duty Boots|[from] move: Knock Off|[of] p1a: Muk\n|\n|-damage|p1a: Muk|301/321 brn|[from] brn\n|upkeep\n|turn|2\n|inactive|Time left: 300 sec this turn | 300 sec total\n|\n|t:|1783541841\n|switch|p2a: Fezandipiti|Fezandipiti, L82, M|100/100\n|move|p1a: Muk|Knock Off|p2a: Fezandipiti\n|-resisted|p2a: Fezandipiti\n|-damage|p2a: Fezandipiti|89/100\n|-enditem|p2a: Fezandipiti|Leftovers|[from] move: Knock Off|[of] p1a: Muk\n|\n|-damage|p1a: Muk|281/321 brn|[from] brn\n|upkeep\n|turn|3\n|inactive|Time left: 300 sec this turn | 300 sec total\n|\n|t:|1783541842\n|move|p2a: Fezandipiti|Swords Dance|p2a: Fezandipiti\n|-boost|p2a: Fezandipiti|atk|2\n|move|p1a: Muk|Knock Off|p2a: Fezandipiti\n|-resisted|p2a: Fezandipiti\n|-damage|p2a: Fezandipiti|82/100\n|\n|-damage|p1a: Muk|261/321 brn|[from] brn\n|upkeep\n|turn|4\n|inactive|Time left: 300 sec this turn | 300 sec total\n|\n|t:|1783541843\n|move|p2a: Fezandipiti|Swords Dance|p2a: Fezandipiti\n|-boost|p2a: Fezandipiti|atk|2\n|move|p1a: Muk|Knock Off|p2a: Fezandipiti\n|-resisted|p2a: Fezandipiti\n|-damage|p2a: Fezandipiti|74/100\n|\n|-damage|p1a: Muk|241/321 brn|[from] brn\n|upkeep\n|turn|5\n|inactive|Time left: 300 sec this turn | 300 sec total\n|\n|t:|1783541844\n|move|p2a: Fezandipiti|Play Rough|p1a: Muk\n|-resisted|p1a: Muk\n|-damage|p1a: Muk|100/321 brn\n|move|p1a: Muk|Knock Off|p2a: Fezandipiti\n|-resisted|p2a: Fezandipiti\n|-crit|p2a: Fezandipiti\n|-damage|p2a: Fezandipiti|63/100\n|\n|-damage|p1a: Muk|80/321 brn|[from] brn\n|upkeep\n|turn|6\n|inactive|Time left: 300 sec this turn | 300 sec total\n|\n|t:|1783541845\n|switch|p1a: Quagsire|Quagsire, L84, M|297/297\n|move|p2a: Fezandipiti|Play Rough|p1a: Quagsire\n|-damage|p1a: Quagsire|215/297\n|\n|-heal|p1a: Quagsire|233/297|[from] item: Leftovers\n|upkeep\n|turn|7\n|inactive|Time left: 300 sec this turn | 300 sec total\n|\n|t:|1783541846\n|move|p2a: Fezandipiti|Play Rough|p1a: Quagsire\n|-damage|p1a: Quagsire|143/297\n|move|p1a: Quagsire|Earthquake|p2a: Fezandipiti\n|-supereffective|p2a: Fezandipiti\n|-damage|p2a: Fezandipiti|0 fnt\n|faint|p2a: Fezandipiti\n|\n|-heal|p1a: Quagsire|161/297|[from] item: Leftovers\n|upkeep\n|\n|t:|1783541847\n|switch|p2a: Weavile|Weavile, L79, F|100/100\n|turn|8\n|inactive|Time left: 300 sec this turn | 300 sec total\n|\n|t:|1783541847\n|move|p2a: Weavile|Triple Axel|p1a: Quagsire\n|-damage|p1a: Quagsire|124/297\n|-damage|p1a: Quagsire|55/297\n|-damage|p1a: Quagsire|0 fnt\n|faint|p1a: Quagsire\n|-hitcount|p1: Quagsire|3\n|\n|upkeep\n|inactive|Time left: 300 sec this turn | 300 sec total | 5 sec grace\n|\n|t:|1783541848\n|switch|p1a: Clawitzer|Clawitzer, L87, F|265/265\n|turn|9\n|inactive|Time left: 300 sec this turn | 300 sec total\n|\n|t:|1783541849\n|move|p2a: Weavile|Triple Axel|p1a: Clawitzer\n|-resisted|p1a: Clawitzer\n|-damage|p1a: Clawitzer|247/265\n|-resisted|p1a: Clawitzer\n|-damage|p1a: Clawitzer|218/265\n|-resisted|p1a: Clawitzer\n|-damage|p1a: Clawitzer|168/265\n|-hitcount|p1a: Clawitzer|3\n|move|p1a: Clawitzer|Dragon Pulse|p2a: Weavile\n|-damage|p2a: Weavile|17/100\n|\n|upkeep\n|turn|10\n|inactive|Time left: 300 sec this turn | 300 sec total\n|\n|t:|1783541850\n|move|p2a: Weavile|Triple Axel|p1a: Clawitzer\n|-resisted|p1a: Clawitzer\n|-damage|p1a: Clawitzer|153/265\n|-resisted|p1a: Clawitzer\n|-damage|p1a: Clawitzer|122/265\n|-resisted|p1a: Clawitzer\n|-damage|p1a: Clawitzer|72/265\n|-hitcount|p1a: Clawitzer|3\n|move|p1a: Clawitzer|Dragon Pulse|p2a: Weavile\n|-damage|p2a: Weavile|0 fnt\n|faint|p2a: Weavile\n|\n|upkeep\n|\n|t:|1783541851\n|switch|p2a: Glalie|Glalie, L96, F|100/100\n|turn|11\n|inactive|Time left: 300 sec this turn | 300 sec total\n|\n|t:|1783541852\n|switch|p1a: Gurdurr|Gurdurr, L85, F|283/283\n|move|p2a: Glalie|Freeze-Dry|p1a: Gurdurr\n|-damage|p1a: Gurdurr|202/283\n|\n|upkeep\n|turn|12\n|inactive|Time left: 300 sec this turn | 300 sec total\n|\n|t:|1783541853\n|switch|p2a: Palossand|Palossand, L89, M|100/100\n|move|p1a: Gurdurr|Drain Punch|p2a: Palossand\n|-immune|p2a: Palossand\n|\n|upkeep\n|turn|13\n|inactive|Time left: 300 sec this turn | 300 sec total\n|\n|t:|1783541854\n|move|p1a: Gurdurr|Knock Off|p2a: Palossand\n|-supereffective|p2a: Palossand\n|-damage|p2a: Palossand|63/100\n|-enditem|p2a: Palossand|Leftovers|[from] move: Knock Off|[of] p1a: Gurdurr\n|move|p2a: Palossand|Earth Power|p1a: Gurdurr\n|-damage|p1a: Gurdurr|103/283\n|\n|upkeep\n|turn|14\n|inactive|Time left: 300 sec this turn | 300 sec total\n|\n|t:|1783541855\n|switch|p1a: Muk|Muk, L86, F|80/321 brn\n|move|p2a: Palossand|Earth Power|p1a: Muk\n|-supereffective|p1a: Muk\n|-damage|p1a: Muk|0 fnt\n|faint|p1a: Muk\n|\n|upkeep\n|inactive|Time left: 300 sec this turn | 300 sec total | 5 sec grace\n|\n|t:|1783541856\n|switch|p1a: Clawitzer|Clawitzer, L87, F|72/265\n|turn|15\n|inactive|Time left: 300 sec this turn | 300 sec total\n|\n|t:|1783541857\n|switch|p2a: Lugia|Lugia, L73|100/100\n|move|p1a: Clawitzer|Water Pulse|p2a: Lugia\n|-damage|p2a: Lugia|76/100\n|\n|upkeep\n|turn|16\n|inactive|Time left: 300 sec this turn | 300 sec total\n|\n|t:|1783541858\n|move|p2a: Lugia|Aeroblast|p1a: Clawitzer\n|-damage|p1a: Clawitzer|0 fnt\n|faint|p1a: Clawitzer\n|\n|upkeep\n|inactive|Time left: 300 sec this turn | 300 sec total | 5 sec grace\n|\n|t:|1783541859\n|switch|p1a: Arbok|Arbok, L87, M|246/246\n|-ability|p1a: Arbok|Intimidate|boost\n|-unboost|p2a: Lugia|atk|1\n|turn|17\n|inactive|Time left: 300 sec this turn | 300 sec total\n|\n|t:|1783541860\n|move|p2a: Lugia|Calm Mind|p2a: Lugia\n|-boost|p2a: Lugia|spa|1\n|-boost|p2a: Lugia|spd|1\n|move|p1a: Arbok|Coil|p1a: Arbok\n|-boost|p1a: Arbok|atk|1\n|-boost|p1a: Arbok|def|1\n|-boost|p1a: Arbok|accuracy|1\n|\n|upkeep\n|turn|18\n|inactive|Time left: 300 sec this turn | 300 sec total\n|\n|t:|1783541861\n|move|p2a: Lugia|Earth Power|p1a: Arbok\n|-supereffective|p1a: Arbok\n|-damage|p1a: Arbok|106/246\n|move|p1a: Arbok|Gunk Shot|p2a: Lugia\n|-damage|p2a: Lugia|19/100\n|-status|p2a: Lugia|psn\n|\n|-heal|p1a: Arbok|121/246|[from] item: Leftovers\n|-damage|p2a: Lugia|6/100 psn|[from] psn\n|upkeep\n|turn|19\n|inactive|Time left: 300 sec this turn | 300 sec total\n|\n|t:|1783541862\n|move|p1a: Arbok|Sucker Punch|p2a: Lugia\n|-supereffective|p2a: Lugia\n|-damage|p2a: Lugia|0 fnt\n|faint|p2a: Lugia\n|\n|-heal|p1a: Arbok|136/246|[from] item: Leftovers\n|upkeep\n|\n|t:|1783541863\n|switch|p2a: Palossand|Palossand, L89, M|63/100\n|turn|20\n|inactive|Time left: 300 sec this turn | 300 sec total\n|\n|t:|1783541864\n|-terastallize|p1a: Arbok|Ground\n|move|p1a: Arbok|Earthquake|p2a: Palossand\n|-damage|p2a: Palossand|20/100\n|move|p2a: Palossand|Earth Power|p1a: Arbok\n|-damage|p1a: Arbok|12/246\n|\n|-heal|p1a: Arbok|27/246|[from] item: Leftovers\n|upkeep\n|turn|21\n|inactive|Time left: 300 sec this turn | 300 sec total\n|\n|t:|1783541865\n|move|p1a: Arbok|Earthquake|p2a: Palossand\n|-damage|p2a: Palossand|0 fnt\n|faint|p2a: Palossand\n|\n|-heal|p1a: Arbok|42/246|[from] item: Leftovers\n|upkeep\n|\n|t:|1783541866\n|switch|p2a: Glalie|Glalie, L96, F|100/100\n|turn|22\n|inactive|Time left: 300 sec this turn | 300 sec total\n|\n|t:|1783541867\n|move|p1a: Arbok|Sucker Punch|p2a: Glalie\n|-damage|p2a: Glalie|78/100\n|move|p2a: Glalie|Freeze-Dry|p1a: Arbok\n|-supereffective|p1a: Arbok\n|-damage|p1a: Arbok|0 fnt\n|faint|p1a: Arbok\n|\n|upkeep\n|inactive|Time left: 300 sec this turn | 300 sec total | 5 sec grace\n|\n|t:|1783541868\n|switch|p1a: Gurdurr|Gurdurr, L85, F|103/283\n|turn|23\n|inactive|Time left: 300 sec this turn | 300 sec total\n|\n|t:|1783541869\n|-terastallize|p2a: Glalie|Ghost\n|move|p2a: Glalie|Freeze-Dry|p1a: Gurdurr\n|-damage|p1a: Gurdurr|22/283\n|move|p1a: Gurdurr|Drain Punch|p2a: Glalie\n|-immune|p2a: Glalie\n|\n|upkeep\n|turn|24\n|inactive|Time left: 300 sec this turn | 300 sec total\n|\n|t:|1783541871\n|move|p2a: Glalie|Freeze-Dry|p1a: Gurdurr\n|-damage|p1a: Gurdurr|0 fnt\n|faint|p1a: Gurdurr\n|\n|upkeep\n|inactive|Time left: 300 sec this turn | 300 sec total | 5 sec grace\n|\n|t:|1783541872\n|switch|p1a: Ursaluna|Ursaluna-Bloodmoon, L79, M|308/308\n|turn|25\n|inactive|Time left: 300 sec this turn | 300 sec total\n|\n|t:|1783541872\n|move|p2a: Glalie|Freeze-Dry|p1a: Ursaluna\n|-supereffective|p1a: Ursaluna\n|-damage|p1a: Ursaluna|72/308\n|move|p1a: Ursaluna|Moonlight|p1a: Ursaluna\n|-heal|p1a: Ursaluna|226/308\n|\n|-heal|p1a: Ursaluna|245/308|[from] item: Leftovers\n|upkeep\n|turn|26\n|inactive|Time left: 300 sec this turn | 300 sec total\n|\n|t:|1783541873\n|move|p2a: Glalie|Freeze-Dry|p1a: Ursaluna\n|-supereffective|p1a: Ursaluna\n|-crit|p1a: Ursaluna\n|-damage|p1a: Ursaluna|0 fnt\n|faint|p1a: Ursaluna\n|\n|win|p0y2359df0", "uploadtime": 1783541873, "views": 0, "rating": 0, "private": 0, "password": null, "_winner": "p0y2359df0", "_our_name": "p0x235e7c3"}