{"id": "battle-gen9randombattle-2417", "formatid": "gen9randombattle", "format": "[Gen 9] Random Battle", "players": ["p0x2417482d", "p0y24173061"], "log": "|init|battle\n|title|p0x2417482d vs. p0y24173061\n|j|\u2606p0x2417482d\n|j|\u2606p0y24173061\n|t:|1783567044\n|gametype|singles\n|player|p1|p0x2417482d|101|\n|player|p2|p0y24173061|102|\n|gen|9\n|tier|[Gen 9] Random Battle\n|rule|Species Clause: Limit one of each Pok\u00e9mon\n|rule|HP Percentage Mod: HP is shown in percentages\n|rule|Sleep Clause Mod: Limit one foe put to sleep\n|rule|Illusion Level Mod: Illusion disguises the Pok\u00e9mon's true level\n|\n|t:|1783567044\n|teamsize|p1|6\n|teamsize|p2|6\n|start\n|switch|p1a: Regice|Regice, L88|100/100\n|switch|p2a: Glimmora|Glimmora, L75, M|248/248\n|turn|1\n|inactive|Battle timer is ON: inactive players will automatically lose when time's up. (requested by p0y24173061)\n|inactive|p0x2417482d also wants the timer to be on.\n|\n|t:|1783567046\n|move|p2a: Glimmora|Meteor Beam||[still]\n|-prepare|p2a: Glimmora|Meteor Beam\n|-boost|p2a: Glimmora|spa|1\n|-enditem|p2a: Glimmora|Power Herb\n|-anim|p2a: Glimmora|Meteor Beam|p1a: Regice\n|-supereffective|p1a: Regice\n|-damage|p1a: Regice|30/100\n|move|p1a: Regice|Ice Beam|p2a: Glimmora\n|-damage|p2a: Glimmora|110/248\n|\n|upkeep\n|turn|2\n|inactive|Time left: 300 sec this turn | 300 sec total\n|\n|t:|1783567047\n|switch|p2a: Slaking|Slaking, L84, F|389/389\n|move|p1a: Regice|Ice Beam|p2a: Slaking\n|-damage|p2a: Slaking|247/389\n|\n|upkeep\n|turn|3\n|inactive|Time left: 300 sec this turn | 300 sec total\n|\n|t:|1783567048\n|move|p2a: Slaking|Giga Impact|p1a: Regice\n|-damage|p1a: Regice|0 fnt\n|-mustrecharge|p2a: Slaking\n|faint|p1a: Regice\n|\n|upkeep\n|\n|t:|1783567049\n|switch|p1a: Overqwil|Overqwil, L82, F|100/100\n|-ability|p1a: Overqwil|Intimidate|boost\n|-unboost|p2a: Slaking|atk|1\n|turn|4\n|inactive|Time left: 300 sec this turn | 300 sec total\n|\n|t:|1783567050\n|cant|p2a: Slaking|recharge\n|move|p1a: Overqwil|Swords Dance|p1a: Overqwil\n|-boost|p1a: Overqwil|atk|2\n|\n|upkeep\n|turn|5\n|inactive|Time left: 300 sec this turn | 300 sec total\n|\n|t:|1783567051\n|move|p2a: Slaking|Giga Impact|p1a: Overqwil\n|-damage|p1a: Overqwil|21/100\n|-mustrecharge|p2a: Slaking\n|move|p1a: Overqwil|Gunk Shot|p2a: Slaking\n|-damage|p2a: Slaking|3/389\n|\n|upkeep\n|turn|6\n|inactive|Time left: 300 sec this turn | 300 sec total\n|\n|t:|1783567052\n|cant|p2a: Slaking|recharge\n|move|p1a: Overqwil|Scale Shot|p2a: Slaking\n|-damage|p2a: Slaking|0 fnt\n|faint|p2a: Slaking\n|-hitcount|p2: Slaking|1\n|-unboost|p1a: Overqwil|def|1\n|-boost|p1a: Overqwil|spe|1\n|\n|upkeep\n|inactive|Time left: 300 sec this turn | 300 sec total | 5 sec grace\n|\n|t:|1783567053\n|switch|p2a: Squawkabilly|Squawkabilly-White, L89, F|291/291\n|turn|7\n|inactive|Time left: 300 sec this turn | 300 sec total\n|\n|t:|1783567054\n|move|p2a: Squawkabilly|Quick Attack|p1a: Overqwil\n|-damage|p1a: Overqwil|0 fnt\n|faint|p1a: Overqwil\n|\n|upkeep\n|\n|t:|1783567055\n|switch|p1a: Crawdaunt|Crawdaunt, L84, F|100/100\n|turn|8\n|inactive|Time left: 300 sec this turn | 300 sec total\n|\n|t:|1783567056\n|switch|p2a: Glimmora|Glimmora, L75, M|110/248\n|move|p1a: Crawdaunt|Knock Off|p2a: Glimmora\n|-damage|p2a: Glimmora|0 fnt\n|-activate|p2a: Glimmora|ability: Toxic Debris\n|-sidestart|p1: p0x2417482d|move: Toxic Spikes\n|faint|p2a: Glimmora\n|\n|upkeep\n|inactive|Time left: 300 sec this turn | 300 sec total | 5 sec grace\n|\n|t:|1783567056\n|switch|p2a: Enamorus|Enamorus, L79, F|247/247\n|turn|9\n|inactive|Time left: 300 sec this turn | 300 sec total\n|\n|t:|1783567057\n|switch|p1a: Grumpig|Grumpig, L92, M|100/100\n|-status|p1a: Grumpig|psn\n|move|p2a: Enamorus|Moonblast|p1a: Grumpig\n|-damage|p1a: Grumpig|69/100 psn\n|-unboost|p1a: Grumpig|spa|1\n|\n|-heal|p1a: Grumpig|75/100 psn|[from] item: Leftovers\n|-damage|p1a: Grumpig|62/100 psn|[from] psn\n|upkeep\n|turn|10\n|inactive|Time left: 300 sec this turn | 300 sec total\n|\n|t:|1783567058\n|move|p2a: Enamorus|Calm Mind|p2a: Enamorus\n|-boost|p2a: Enamorus|spa|1\n|-boost|p2a: Enamorus|spd|1\n|move|p1a: Grumpig|Nasty Plot|p1a: Grumpig\n|-boost|p1a: Grumpig|spa|2\n|\n|-heal|p1a: Grumpig|69/100 psn|[from] item: Leftovers\n|-damage|p1a: Grumpig|56/100 psn|[from] psn\n|upkeep\n|turn|11\n|inactive|Time left: 300 sec this turn | 300 sec total\n|\n|t:|1783567059\n|move|p2a: Enamorus|Moonblast|p1a: Grumpig\n|-damage|p1a: Grumpig|11/100 psn\n|-unboost|p1a: Grumpig|spa|1\n|move|p1a: Grumpig|Psyshock|p2a: Enamorus\n|-damage|p2a: Enamorus|132/247\n|\n|-heal|p2a: Enamorus|147/247|[from] item: Leftovers\n|-heal|p1a: Grumpig|17/100 psn|[from] item: Leftovers\n|-damage|p1a: Grumpig|5/100 psn|[from] psn\n|upkeep\n|turn|12\n|inactive|Time left: 300 sec this turn | 300 sec total\n|\n|t:|1783567061\n|move|p2a: Enamorus|Moonblast|p1a: Grumpig\n|-damage|p1a: Grumpig|0 fnt\n|faint|p1a: Grumpig\n|\n|-heal|p2a: Enamorus|162/247|[from] item: Leftovers\n|upkeep\n|\n|t:|1783567061\n|switch|p1a: Ogerpon|Ogerpon-Cornerstone, L76, F|100/100\n|-status|p1a: Ogerpon|psn\n|turn|13\n|inactive|Time left: 300 sec this turn | 300 sec total\n|\n|t:|1783567062\n|move|p2a: Enamorus|Substitute|p2a: Enamorus\n|-start|p2a: Enamorus|Substitute\n|-damage|p2a: Enamorus|101/247\n|move|p1a: Ogerpon|Ivy Cudgel|p2a: Enamorus|[anim] Ivy Cudgel Rock\n|-supereffective|p2a: Enamorus\n|-end|p2a: Enamorus|Substitute\n|\n|-heal|p2a: Enamorus|116/247|[from] item: Leftovers\n|-damage|p1a: Ogerpon|88/100 psn|[from] psn\n|upkeep\n|turn|14\n|inactive|Time left: 300 sec this turn | 300 sec total\n|\n|t:|1783567063\n|move|p2a: Enamorus|Moonblast|p1a: Ogerpon\n|-damage|p1a: Ogerpon|14/100 psn\n|move|p1a: Ogerpon|Ivy Cudgel|p2a: Enamorus|[anim] Ivy Cudgel Rock\n|-supereffective|p2a: Enamorus\n|-damage|p2a: Enamorus|0 fnt\n|faint|p2a: Enamorus\n|\n|-damage|p1a: Ogerpon|2/100 psn|[from] psn\n|upkeep\n|inactive|Time left: 300 sec this turn | 300 sec total | 5 sec grace\n|\n|t:|1783567064\n|switch|p2a: Zekrom|Zekrom, L71|259/259\n|-ability|p2a: Zekrom|Teravolt\n|turn|15\n|inactive|Time left: 300 sec this turn | 300 sec total\n|\n|t:|1783567065\n|move|p1a: Ogerpon|Ivy Cudgel|p2a: Zekrom|[anim] Ivy Cudgel Rock\n|-damage|p2a: Zekrom|141/259\n|move|p2a: Zekrom|Dragon Dance|p2a: Zekrom\n|-boost|p2a: Zekrom|atk|1\n|-boost|p2a: Zekrom|spe|1\n|\n|-heal|p2a: Zekrom|157/259|[from] item: Leftovers\n|-damage|p1a: Ogerpon|0 fnt|[from] psn\n|faint|p1a: Ogerpon\n|upkeep\n|\n|t:|1783567066\n|switch|p1a: Crawdaunt|Crawdaunt, L84, F|100/100\n|-status|p1a: Crawdaunt|psn\n|turn|16\n|inactive|Time left: 300 sec this turn | 300 sec total\n|\n|t:|1783567067\n|-terastallize|p1a: Crawdaunt|Fighting\n|move|p2a: Zekrom|Bolt Strike|p1a: Crawdaunt\n|-damage|p1a: Crawdaunt|19/100 psn\n|move|p1a: Crawdaunt|Close Combat|p2a: Zekrom\n|-damage|p2a: Zekrom|0 fnt\n|-unboost|p1a: Crawdaunt|def|1\n|-unboost|p1a: Crawdaunt|spd|1\n|faint|p2a: Zekrom\n|\n|-damage|p1a: Crawdaunt|6/100 psn|[from] psn\n|upkeep\n|inactive|Time left: 300 sec this turn | 300 sec total | 5 sec grace\n|\n|t:|1783567068\n|switch|p2a: Squawkabilly|Squawkabilly-White, L89, F|291/291\n|turn|17\n|inactive|Time left: 300 sec this turn | 300 sec total\n|\n|t:|1783567068\n|-terastallize|p2a: Squawkabilly|Flying\n|move|p2a: Squawkabilly|Brave Bird|p1a: Crawdaunt\n|-supereffective|p1a: Crawdaunt\n|-damage|p1a: Crawdaunt|0 fnt\n|faint|p1a: Crawdaunt\n|-damage|p2a: Squawkabilly|286/291|[from] Recoil\n|\n|upkeep\n|\n|t:|1783567069\n|switch|p1a: Luvdisc|Luvdisc, M|100/100\n|turn|18\n|inactive|Time left: 300 sec this turn | 300 sec total\n|\n|t:|1783567070\n|move|p1a: Luvdisc|Substitute|p1a: Luvdisc\n|-start|p1a: Luvdisc|Substitute\n|-damage|p1a: Luvdisc|76/100\n|move|p2a: Squawkabilly|Brave Bird|p1a: Luvdisc\n|-end|p1a: Luvdisc|Substitute\n|-damage|p2a: Squawkabilly|266/291|[from] Recoil|[of] p1a: Luvdisc\n|\n|upkeep\n|turn|19\n|inactive|Time left: 300 sec this turn | 300 sec total\n|\n|t:|1783567071\n|move|p1a: Luvdisc|Substitute|p1a: Luvdisc\n|-start|p1a: Luvdisc|Substitute\n|-damage|p1a: Luvdisc|51/100\n|move|p2a: Squawkabilly|Brave Bird|p1a: Luvdisc\n|-end|p1a: Luvdisc|Substitute\n|-damage|p2a: Squawkabilly|246/291|[from] Recoil|[of] p1a: Luvdisc\n|\n|upkeep\n|turn|20\n|inactive|Time left: 300 sec this turn | 300 sec total\n|\n|t:|1783567072\n|move|p1a: Luvdisc|Substitute|p1a: Luvdisc\n|-start|p1a: Luvdisc|Substitute\n|-damage|p1a: Luvdisc|26/100\n|move|p2a: Squawkabilly|Brave Bird|p1a: Luvdisc\n|-end|p1a: Luvdisc|Substitute\n|-damage|p2a: Squawkabilly|226/291|[from] Recoil|[of] p1a: Luvdisc\n|\n|upkeep\n|turn|21\n|inactive|Time left: 300 sec this turn | 300 sec total\n|\n|t:|1783567073\n|switch|p2a: Arbok|Arbok, L87, M|246/246\n|-ability|p2a: Arbok|Intimidate|boost\n|-unboost|p1a: Luvdisc|atk|1\n|move|p1a: Luvdisc|Substitute|p1a: Luvdisc\n|-start|p1a: Luvdisc|Substitute\n|-damage|p1a: Luvdisc|2/100\n|\n|upkeep\n|turn|22\n|inactive|Time left: 300 sec this turn | 300 sec total\n|\n|t:|1783567073\n|move|p1a: Luvdisc|Endeavor|p2a: Arbok\n|-damage|p2a: Arbok|3/246\n|move|p2a: Arbok|Earthquake|p1a: Luvdisc\n|-end|p1a: Luvdisc|Substitute\n|-damage|p2a: Arbok|0 fnt|[from] item: Life Orb\n|faint|p2a: Arbok\n|\n|upkeep\n|inactive|Time left: 300 sec this turn | 300 sec total | 5 sec grace\n|\n|t:|1783567074\n|switch|p2a: Squawkabilly|Squawkabilly-White, L89, F, tera:Flying|226/291\n|turn|23\n|inactive|Time left: 300 sec this turn | 300 sec total\n|\n|t:|1783567075\n|move|p2a: Squawkabilly|Quick Attack|p1a: Luvdisc\n|-damage|p1a: Luvdisc|0 fnt\n|faint|p1a: Luvdisc\n|\n|win|p0y24173061", "uploadtime": 1783567075, "views": 0, "rating": 0, "private": 0, "password": null, "_winner": "p0y24173061", "_our_name": "p0y24173061"}