{"id": "battle-gen9randombattle-2728", "formatid": "gen9randombattle", "format": "[Gen 9] Random Battle", "players": ["p0x27285e91", "p0y27284878"], "log": "|init|battle\n|title|p0x27285e91 vs. p0y27284878\n|j|\u2606p0x27285e91\n|j|\u2606p0y27284878\n|t:|1783570450\n|gametype|singles\n|player|p1|p0x27285e91|102|\n|player|p2|p0y27284878|170|\n|gen|9\n|tier|[Gen 9] Random Battle\n|rule|Species Clause: Limit one of each Pok\u00e9mon\n|rule|HP Percentage Mod: HP is shown in percentages\n|rule|Sleep Clause Mod: Limit one foe put to sleep\n|rule|Illusion Level Mod: Illusion disguises the Pok\u00e9mon's true level\n|\n|t:|1783570450\n|teamsize|p1|6\n|teamsize|p2|6\n|start\n|switch|p1a: Vivillon|Vivillon-Elegant, L83, M|100/100\n|switch|p2a: Bellossom|Bellossom, L84, M|263/263\n|turn|1\n|inactive|Battle timer is ON: inactive players will automatically lose when time's up. (requested by p0x27285e91)\n|inactive|Time left: 300 sec this turn | 300 sec total | 60 sec grace\n|inactive|p0y27284878 also wants the timer to be on.\n|\n|t:|1783570451\n|move|p1a: Vivillon|Quiver Dance|p1a: Vivillon\n|-boost|p1a: Vivillon|spa|1\n|-boost|p1a: Vivillon|spd|1\n|-boost|p1a: Vivillon|spe|1\n|move|p2a: Bellossom|Quiver Dance|p2a: Bellossom\n|-boost|p2a: Bellossom|spa|1\n|-boost|p2a: Bellossom|spd|1\n|-boost|p2a: Bellossom|spe|1\n|\n|upkeep\n|turn|2\n|inactive|Time left: 300 sec this turn | 300 sec total\n|\n|t:|1783570452\n|move|p1a: Vivillon|Hurricane|p2a: Bellossom\n|-supereffective|p2a: Bellossom\n|-damage|p2a: Bellossom|59/263\n|move|p2a: Bellossom|Quiver Dance|p2a: Bellossom\n|-boost|p2a: Bellossom|spa|1\n|-boost|p2a: Bellossom|spd|1\n|-boost|p2a: Bellossom|spe|1\n|\n|-heal|p2a: Bellossom|75/263|[from] item: Leftovers\n|upkeep\n|turn|3\n|inactive|Time left: 300 sec this turn | 300 sec total\n|\n|t:|1783570453\n|-terastallize|p2a: Bellossom|Fairy\n|move|p1a: Vivillon|Hurricane|p2a: Bellossom\n|-damage|p2a: Bellossom|0 fnt\n|faint|p2a: Bellossom\n|\n|upkeep\n|inactive|Time left: 300 sec this turn | 300 sec total | 5 sec grace\n|\n|t:|1783570454\n|switch|p2a: Incineroar|Incineroar, L82, F|290/290\n|-ability|p2a: Incineroar|Intimidate|boost\n|-unboost|p1a: Vivillon|atk|1\n|turn|4\n|inactive|Time left: 300 sec this turn | 300 sec total\n|\n|t:|1783570455\n|move|p1a: Vivillon|Sleep Powder|p2a: Incineroar\n|-status|p2a: Incineroar|slp|[from] move: Sleep Powder\n|cant|p2a: Incineroar|slp\n|\n|upkeep\n|turn|5\n|inactive|Time left: 300 sec this turn | 300 sec total\n|\n|t:|1783570456\n|move|p1a: Vivillon|Hurricane|p2a: Incineroar\n|-damage|p2a: Incineroar|131/290 slp\n|-curestatus|p2a: Incineroar|slp|[msg]\n|move|p2a: Incineroar|Flare Blitz|p1a: Vivillon\n|-supereffective|p1a: Vivillon\n|-damage|p1a: Vivillon|0 fnt\n|faint|p1a: Vivillon\n|-damage|p2a: Incineroar|43/290|[from] Recoil\n|\n|upkeep\n|\n|t:|1783570457\n|switch|p1a: Dragonite|Dragonite, L74, F|100/100\n|turn|6\n|inactive|Time left: 300 sec this turn | 300 sec total\n|\n|t:|1783570458\n|switch|p2a: Stantler|Stantler, L92, M|284/284\n|-ability|p2a: Stantler|Intimidate|boost\n|-unboost|p1a: Dragonite|atk|1\n|move|p1a: Dragonite|Dragon Dance|p1a: Dragonite\n|-boost|p1a: Dragonite|atk|1\n|-boost|p1a: Dragonite|spe|1\n|\n|upkeep\n|turn|7\n|inactive|Time left: 300 sec this turn | 300 sec total\n|\n|t:|1783570459\n|switch|p2a: Incineroar|Incineroar, L82, F|43/290\n|-ability|p2a: Incineroar|Intimidate|boost\n|-unboost|p1a: Dragonite|atk|1\n|move|p1a: Dragonite|Dragon Dance|p1a: Dragonite\n|-boost|p1a: Dragonite|atk|1\n|-boost|p1a: Dragonite|spe|1\n|\n|upkeep\n|turn|8\n|inactive|Time left: 300 sec this turn | 300 sec total\n|\n|t:|1783570460\n|switch|p2a: Stantler|Stantler, L92, M|284/284\n|-ability|p2a: Stantler|Intimidate|boost\n|-unboost|p1a: Dragonite|atk|1\n|move|p1a: Dragonite|Outrage|p2a: Stantler\n|-damage|p2a: Stantler|217/284\n|\n|upkeep\n|turn|9\n|inactive|Time left: 300 sec this turn | 300 sec total\n|\n|t:|1783570461\n|move|p1a: Dragonite|Outrage|p2a: Stantler|[from] lockedmove\n|-damage|p2a: Stantler|148/284\n|move|p2a: Stantler|Body Slam|p1a: Dragonite\n|-damage|p1a: Dragonite|79/100\n|\n|upkeep\n|turn|10\n|inactive|Time left: 300 sec this turn | 300 sec total\n|\n|t:|1783570462\n|move|p1a: Dragonite|Outrage|p2a: Stantler|[from] lockedmove\n|-damage|p2a: Stantler|76/284\n|-start|p1a: Dragonite|confusion|[fatigue]\n|move|p2a: Stantler|Body Slam|p1a: Dragonite\n|-damage|p1a: Dragonite|37/100\n|\n|upkeep\n|turn|11\n|inactive|Time left: 300 sec this turn | 300 sec total\n|\n|t:|1783570463\n|-activate|p1a: Dragonite|confusion\n|-damage|p1a: Dragonite|29/100|[from] confusion\n|move|p2a: Stantler|Body Slam|p1a: Dragonite\n|-damage|p1a: Dragonite|0 fnt\n|faint|p1a: Dragonite\n|\n|upkeep\n|\n|t:|1783570464\n|switch|p1a: Klawf|Klawf, L90, M|100/100\n|turn|12\n|inactive|Time left: 300 sec this turn | 300 sec total\n|\n|t:|1783570465\n|move|p1a: Klawf|Stone Edge|p2a: Stantler\n|-damage|p2a: Stantler|0 fnt\n|faint|p2a: Stantler\n|\n|upkeep\n|inactive|Time left: 300 sec this turn | 300 sec total | 5 sec grace\n|\n|t:|1783570466\n|switch|p2a: Golduck|Golduck, L90, F|290/290\n|-ability|p2a: Golduck|Cloud Nine\n|turn|13\n|inactive|Time left: 300 sec this turn | 300 sec total\n|\n|t:|1783570467\n|move|p1a: Klawf|Stone Edge|p2a: Golduck|[miss]\n|-miss|p1a: Klawf|p2a: Golduck\n|move|p2a: Golduck|Hydro Pump|p1a: Klawf\n|-supereffective|p1a: Klawf\n|-damage|p1a: Klawf|0 fnt\n|faint|p1a: Klawf\n|\n|upkeep\n|\n|t:|1783570468\n|switch|p1a: Giratina|Giratina-Origin, L72|100/100\n|turn|14\n|inactive|Time left: 300 sec this turn | 300 sec total\n|\n|t:|1783570469\n|move|p2a: Golduck|Hydro Pump|p1a: Giratina\n|-resisted|p1a: Giratina\n|-damage|p1a: Giratina|68/100\n|move|p1a: Giratina|Poltergeist|p2a: Golduck\n|-activate|p2a: Golduck|move: Poltergeist|Choice Specs\n|-damage|p2a: Golduck|173/290\n|\n|upkeep\n|turn|15\n|inactive|Time left: 300 sec this turn | 300 sec total\n|\n|t:|1783570470\n|move|p2a: Golduck|Hydro Pump|p1a: Giratina\n|-resisted|p1a: Giratina\n|-damage|p1a: Giratina|35/100\n|move|p1a: Giratina|Poltergeist|p2a: Golduck\n|-activate|p2a: Golduck|move: Poltergeist|Choice Specs\n|-damage|p2a: Golduck|41/290\n|\n|upkeep\n|turn|16\n|inactive|Time left: 300 sec this turn | 300 sec total\n|\n|t:|1783570471\n|switch|p2a: Incineroar|Incineroar, L82, F|43/290\n|-ability|p2a: Incineroar|Intimidate|boost\n|-unboost|p1a: Giratina|atk|1\n|move|p1a: Giratina|Dragon Tail|p2a: Incineroar\n|-damage|p2a: Incineroar|0 fnt\n|faint|p2a: Incineroar\n|\n|upkeep\n|inactive|Time left: 300 sec this turn | 300 sec total | 5 sec grace\n|\n|t:|1783570472\n|switch|p2a: Golduck|Golduck, L90, F|41/290\n|-ability|p2a: Golduck|Cloud Nine\n|turn|17\n|inactive|Time left: 300 sec this turn | 300 sec total\n|\n|t:|1783570473\n|switch|p1a: Uxie|Uxie, L83|100/100\n|move|p2a: Golduck|Ice Beam|p1a: Uxie\n|-damage|p1a: Uxie|67/100\n|\n|-heal|p1a: Uxie|74/100|[from] item: Leftovers\n|upkeep\n|turn|18\n|inactive|Time left: 300 sec this turn | 300 sec total\n|\n|t:|1783570474\n|move|p1a: Uxie|Psychic Noise|p2a: Golduck\n|-damage|p2a: Golduck|0 fnt\n|faint|p2a: Golduck\n|\n|-heal|p1a: Uxie|80/100|[from] item: Leftovers\n|upkeep\n|inactive|Time left: 300 sec this turn | 300 sec total | 5 sec grace\n|\n|t:|1783570475\n|switch|p2a: Galvantula|Galvantula, L82, F|249/249\n|turn|19\n|inactive|Time left: 300 sec this turn | 300 sec total\n|\n|t:|1783570476\n|move|p2a: Galvantula|Bug Buzz|p1a: Uxie\n|-supereffective|p1a: Uxie\n|-damage|p1a: Uxie|28/100\n|move|p1a: Uxie|U-turn|p2a: Galvantula\n|-damage|p2a: Galvantula|192/249\n|\n|t:|1783570477\n|switch|p1a: Giratina|Giratina-Origin, L72|35/100|[from] U-turn\n|\n|upkeep\n|turn|20\n|inactive|Time left: 300 sec this turn | 300 sec total\n|\n|t:|1783570478\n|move|p2a: Galvantula|Thunder|p1a: Giratina\n|-resisted|p1a: Giratina\n|-damage|p1a: Giratina|19/100\n|move|p1a: Giratina|Poltergeist|p2a: Galvantula\n|-activate|p2a: Galvantula|move: Poltergeist|Heavy-Duty Boots\n|-damage|p2a: Galvantula|15/249\n|\n|upkeep\n|turn|21\n|inactive|Time left: 300 sec this turn | 300 sec total\n|\n|t:|1783570479\n|move|p2a: Galvantula|Thunder|p1a: Giratina\n|-resisted|p1a: Giratina\n|-damage|p1a: Giratina|2/100\n|move|p1a: Giratina|Poltergeist|p2a: Galvantula\n|-activate|p2a: Galvantula|move: Poltergeist|Heavy-Duty Boots\n|-damage|p2a: Galvantula|0 fnt\n|faint|p2a: Galvantula\n|\n|upkeep\n|inactive|Time left: 300 sec this turn | 300 sec total | 5 sec grace\n|\n|t:|1783570479\n|switch|p2a: Dragalge|Dragalge, L88, F|258/258\n|turn|22\n|inactive|Time left: 300 sec this turn | 300 sec total\n|\n|t:|1783570480\n|move|p1a: Giratina|Draco Meteor|p2a: Dragalge\n|-supereffective|p2a: Dragalge\n|-damage|p2a: Dragalge|52/258\n|-unboost|p1a: Giratina|spa|2\n|move|p2a: Dragalge|Sludge Wave|p1a: Giratina\n|-resisted|p1a: Giratina\n|-damage|p1a: Giratina|0 fnt\n|faint|p1a: Giratina\n|\n|-heal|p2a: Dragalge|68/258|[from] item: Leftovers\n|upkeep\n|\n|t:|1783570481\n|switch|p1a: Uxie|Uxie, L83|28/100\n|turn|23\n|inactive|Time left: 300 sec this turn | 300 sec total\n|\n|t:|1783570482\n|move|p1a: Uxie|Psychic Noise|p2a: Dragalge\n|-supereffective|p2a: Dragalge\n|-crit|p2a: Dragalge\n|-damage|p2a: Dragalge|0 fnt\n|faint|p2a: Dragalge\n|\n|win|p0x27285e91", "uploadtime": 1783570482, "views": 0, "rating": 0, "private": 0, "password": null, "_winner": "p0x27285e91", "_our_name": "p0y27284878"}