{"id": "battle-gen9randombattle-40", "formatid": "gen9randombattle", "format": "[Gen 9] Random Battle", "players": ["p0x040c72d", "p0y0400c93"], "log": "|init|battle\n|title|p0x040c72d vs. p0y0400c93\n|j|\u2606p0x040c72d\n|j|\u2606p0y0400c93\n|t:|1783539623\n|gametype|singles\n|player|p1|p0x040c72d|1|\n|player|p2|p0y0400c93|266|\n|gen|9\n|tier|[Gen 9] Random Battle\n|rule|Species Clause: Limit one of each Pok\u00e9mon\n|rule|HP Percentage Mod: HP is shown in percentages\n|rule|Sleep Clause Mod: Limit one foe put to sleep\n|rule|Illusion Level Mod: Illusion disguises the Pok\u00e9mon's true level\n|\n|t:|1783539623\n|teamsize|p1|6\n|teamsize|p2|6\n|start\n|switch|p1a: Umbreon|Umbreon, L84, F|100/100\n|switch|p2a: Crabominable|Crabominable, L90, F|321/321\n|turn|1\n|inactive|Battle timer is ON: inactive players will automatically lose when time's up. (requested by p0x040c72d)\n|inactive|Time left: 300 sec this turn | 300 sec total | 60 sec grace\n|inactive|p0y0400c93 also wants the timer to be on.\n|\n|t:|1783539625\n|move|p1a: Umbreon|Protect|p1a: Umbreon\n|-singleturn|p1a: Umbreon|Protect\n|move|p2a: Crabominable|Drain Punch|p1a: Umbreon\n|-activate|p1a: Umbreon|move: Protect\n|\n|upkeep\n|turn|2\n|inactive|Time left: 300 sec this turn | 300 sec total\n|\n|t:|1783539626\n|move|p1a: Umbreon|Toxic|p2a: Crabominable\n|-status|p2a: Crabominable|tox\n|move|p2a: Crabominable|Drain Punch|p1a: Umbreon\n|-supereffective|p1a: Umbreon\n|-damage|p1a: Umbreon|16/100\n|\n|-heal|p1a: Umbreon|22/100|[from] item: Leftovers\n|-damage|p2a: Crabominable|301/321 tox|[from] psn\n|upkeep\n|turn|3\n|inactive|Time left: 300 sec this turn | 300 sec total\n|\n|t:|1783539627\n|move|p1a: Umbreon|Protect|p1a: Umbreon\n|-singleturn|p1a: Umbreon|Protect\n|move|p2a: Crabominable|Earthquake|p1a: Umbreon\n|-activate|p1a: Umbreon|move: Protect\n|\n|-heal|p1a: Umbreon|28/100|[from] item: Leftovers\n|-damage|p2a: Crabominable|261/321 tox|[from] psn\n|upkeep\n|turn|4\n|inactive|Time left: 300 sec this turn | 300 sec total\n|\n|t:|1783539628\n|move|p1a: Umbreon|Foul Play|p2a: Crabominable\n|-resisted|p2a: Crabominable\n|-crit|p2a: Crabominable\n|-damage|p2a: Crabominable|146/321 tox\n|move|p2a: Crabominable|Drain Punch|p1a: Umbreon\n|-supereffective|p1a: Umbreon\n|-damage|p1a: Umbreon|0 fnt\n|-heal|p2a: Crabominable|187/321 tox|[from] drain|[of] p1a: Umbreon\n|faint|p1a: Umbreon\n|\n|-damage|p2a: Crabominable|127/321 tox|[from] psn\n|upkeep\n|\n|t:|1783539629\n|switch|p1a: Meloetta|Meloetta, L82|100/100\n|turn|5\n|inactive|Time left: 300 sec this turn | 300 sec total\n|\n|t:|1783539630\n|move|p1a: Meloetta|Psyshock|p2a: Crabominable\n|-supereffective|p2a: Crabominable\n|-damage|p2a: Crabominable|0 fnt\n|faint|p2a: Crabominable\n|\n|upkeep\n|inactive|Time left: 300 sec this turn | 300 sec total | 5 sec grace\n|\n|t:|1783539631\n|switch|p2a: Oranguru|Oranguru, L92, F|315/315\n|turn|6\n|inactive|Time left: 300 sec this turn | 300 sec total\n|\n|t:|1783539633\n|move|p1a: Meloetta|Psyshock|p2a: Oranguru\n|-resisted|p2a: Oranguru\n|-damage|p2a: Oranguru|237/315\n|move|p2a: Oranguru|Nasty Plot|p2a: Oranguru\n|-boost|p2a: Oranguru|spa|2\n|\n|-heal|p2a: Oranguru|256/315|[from] item: Leftovers\n|upkeep\n|turn|7\n|inactive|Time left: 300 sec this turn | 300 sec total\n|\n|t:|1783539634\n|move|p1a: Meloetta|Psyshock|p2a: Oranguru\n|-resisted|p2a: Oranguru\n|-damage|p2a: Oranguru|185/315\n|move|p2a: Oranguru|Thunderbolt|p1a: Meloetta\n|-damage|p1a: Meloetta|62/100\n|\n|-heal|p2a: Oranguru|204/315|[from] item: Leftovers\n|upkeep\n|turn|8\n|inactive|Time left: 300 sec this turn | 300 sec total\n|\n|t:|1783539635\n|move|p1a: Meloetta|Psyshock|p2a: Oranguru\n|-resisted|p2a: Oranguru\n|-damage|p2a: Oranguru|126/315\n|move|p2a: Oranguru|Psychic|p1a: Meloetta\n|-resisted|p1a: Meloetta\n|-damage|p1a: Meloetta|34/100\n|-unboost|p1a: Meloetta|spd|1\n|\n|-heal|p2a: Oranguru|145/315|[from] item: Leftovers\n|upkeep\n|turn|9\n|inactive|Time left: 300 sec this turn | 300 sec total\n|\n|t:|1783539636\n|move|p1a: Meloetta|Psyshock|p2a: Oranguru\n|-resisted|p2a: Oranguru\n|-damage|p2a: Oranguru|68/315\n|move|p2a: Oranguru|Psychic|p1a: Meloetta\n|-resisted|p1a: Meloetta\n|-damage|p1a: Meloetta|0 fnt\n|faint|p1a: Meloetta\n|\n|-heal|p2a: Oranguru|87/315|[from] item: Leftovers\n|upkeep\n|\n|t:|1783539637\n|switch|p1a: Ceruledge|Ceruledge, L78, F|100/100\n|turn|10\n|inactive|Time left: 300 sec this turn | 300 sec total\n|\n|t:|1783539638\n|switch|p2a: Dachsbun|Dachsbun, L92, F|254/254\n|move|p1a: Ceruledge|Bitter Blade|p2a: Dachsbun\n|-ability|p2a: Dachsbun|Well-Baked Body|boost\n|-boost|p2a: Dachsbun|def|2\n|\n|upkeep\n|turn|11\n|inactive|Time left: 300 sec this turn | 300 sec total\n|\n|t:|1783539640\n|move|p2a: Dachsbun|Yawn|p1a: Ceruledge\n|-start|p1a: Ceruledge|move: Yawn|[of] p2a: Dachsbun\n|move|p1a: Ceruledge|Swords Dance|p1a: Ceruledge\n|-boost|p1a: Ceruledge|atk|2\n|\n|upkeep\n|turn|12\n|inactive|Time left: 300 sec this turn | 300 sec total\n|\n|t:|1783539641\n|move|p2a: Dachsbun|Yawn||[still]\n|-fail|p2a: Dachsbun\n|move|p1a: Ceruledge|Swords Dance|p1a: Ceruledge\n|-boost|p1a: Ceruledge|atk|2\n|\n|-end|p1a: Ceruledge|move: Yawn|[silent]\n|-status|p1a: Ceruledge|slp\n|upkeep\n|turn|13\n|inactive|Time left: 300 sec this turn | 300 sec total\n|\n|t:|1783539642\n|move|p2a: Dachsbun|Wish|p2a: Dachsbun\n|cant|p1a: Ceruledge|slp\n|\n|upkeep\n|turn|14\n|inactive|Time left: 300 sec this turn | 300 sec total\n|\n|t:|1783539643\n|move|p2a: Dachsbun|Wish||[still]\n|-fail|p2a: Dachsbun\n|cant|p1a: Ceruledge|slp\n|\n|upkeep\n|turn|15\n|inactive|Time left: 300 sec this turn | 300 sec total\n|\n|t:|1783539644\n|move|p2a: Dachsbun|Wish|p2a: Dachsbun\n|-curestatus|p1a: Ceruledge|slp|[msg]\n|move|p1a: Ceruledge|Swords Dance|p1a: Ceruledge\n|-boost|p1a: Ceruledge|atk|2\n|\n|upkeep\n|turn|16\n|inactive|Time left: 300 sec this turn | 300 sec total\n|\n|t:|1783539645\n|move|p2a: Dachsbun|Yawn|p1a: Ceruledge\n|-start|p1a: Ceruledge|move: Yawn|[of] p2a: Dachsbun\n|move|p1a: Ceruledge|Poltergeist|p2a: Dachsbun\n|-activate|p2a: Dachsbun|move: Poltergeist|Leftovers\n|-damage|p2a: Dachsbun|70/254\n|\n|-heal|p2a: Dachsbun|197/254|[from] move: Wish|[wisher] Dachsbun\n|-heal|p2a: Dachsbun|212/254|[from] item: Leftovers\n|upkeep\n|turn|17\n|inactive|Time left: 300 sec this turn | 300 sec total\n|\n|t:|1783539646\n|move|p2a: Dachsbun|Protect|p2a: Dachsbun\n|-singleturn|p2a: Dachsbun|Protect\n|move|p1a: Ceruledge|Poltergeist|p2a: Dachsbun\n|-activate|p2a: Dachsbun|move: Protect\n|\n|-heal|p2a: Dachsbun|227/254|[from] item: Leftovers\n|-end|p1a: Ceruledge|move: Yawn|[silent]\n|-status|p1a: Ceruledge|slp\n|upkeep\n|turn|18\n|inactive|Time left: 300 sec this turn | 300 sec total\n|\n|t:|1783539647\n|move|p2a: Dachsbun|Play Rough|p1a: Ceruledge\n|-resisted|p1a: Ceruledge\n|-damage|p1a: Ceruledge|80/100 slp\n|-ability|p1a: Ceruledge|Weak Armor|boost\n|-unboost|p1a: Ceruledge|def|1\n|-boost|p1a: Ceruledge|spe|2\n|cant|p1a: Ceruledge|slp\n|\n|-heal|p2a: Dachsbun|242/254|[from] item: Leftovers\n|upkeep\n|turn|19\n|inactive|Time left: 300 sec this turn | 300 sec total\n|\n|t:|1783539648\n|-curestatus|p1a: Ceruledge|slp|[msg]\n|move|p1a: Ceruledge|Poltergeist|p2a: Dachsbun\n|-activate|p2a: Dachsbun|move: Poltergeist|Leftovers\n|-damage|p2a: Dachsbun|62/254\n|move|p2a: Dachsbun|Play Rough|p1a: Ceruledge\n|-resisted|p1a: Ceruledge\n|-damage|p1a: Ceruledge|47/100\n|-ability|p1a: Ceruledge|Weak Armor|boost\n|-unboost|p1a: Ceruledge|def|1\n|-boost|p1a: Ceruledge|spe|2\n|\n|-heal|p2a: Dachsbun|77/254|[from] item: Leftovers\n|upkeep\n|turn|20\n|inactive|Time left: 300 sec this turn | 300 sec total\n|\n|t:|1783539649\n|move|p2a: Dachsbun|Protect|p2a: Dachsbun\n|-singleturn|p2a: Dachsbun|Protect\n|move|p1a: Ceruledge|Poltergeist|p2a: Dachsbun\n|-activate|p2a: Dachsbun|move: Protect\n|\n|-heal|p2a: Dachsbun|92/254|[from] item: Leftovers\n|upkeep\n|turn|21\n|inactive|Time left: 300 sec this turn | 300 sec total\n|\n|t:|1783539650\n|switch|p2a: Oranguru|Oranguru, L92, F|87/315\n|move|p1a: Ceruledge|Poltergeist|p2a: Oranguru\n|-immune|p2a: Oranguru\n|\n|-heal|p2a: Oranguru|106/315|[from] item: Leftovers\n|upkeep\n|turn|22\n|inactive|Time left: 300 sec this turn | 300 sec total\n|\n|t:|1783539651\n|switch|p2a: Dachsbun|Dachsbun, L92, F|92/254\n|move|p1a: Ceruledge|Close Combat|p2a: Dachsbun\n|-resisted|p2a: Dachsbun\n|-damage|p2a: Dachsbun|0 fnt\n|-unboost|p1a: Ceruledge|def|1\n|-unboost|p1a: Ceruledge|spd|1\n|faint|p2a: Dachsbun\n|\n|upkeep\n|inactive|Time left: 300 sec this turn | 300 sec total | 5 sec grace\n|\n|t:|1783539652\n|switch|p2a: Oranguru|Oranguru, L92, F|106/315\n|turn|23\n|inactive|Time left: 300 sec this turn | 300 sec total\n|\n|t:|1783539653\n|move|p1a: Ceruledge|Bitter Blade|p2a: Oranguru\n|-damage|p2a: Oranguru|0 fnt\n|-heal|p1a: Ceruledge|68/100|[from] drain|[of] p2a: Oranguru\n|faint|p2a: Oranguru\n|\n|upkeep\n|inactive|Time left: 300 sec this turn | 300 sec total | 5 sec grace\n|\n|t:|1783539654\n|switch|p2a: Iron Treads|Iron Treads, L77|265/265\n|turn|24\n|inactive|Time left: 300 sec this turn | 300 sec total\n|\n|t:|1783539655\n|-end|p2a: Iron Treads|Quark Drive|[silent]\n|switch|p2a: Zarude|Zarude-Dada, L77|288/288\n|move|p1a: Ceruledge|Close Combat|p2a: Zarude\n|-supereffective|p2a: Zarude\n|-damage|p2a: Zarude|0 fnt\n|-unboost|p1a: Ceruledge|def|1\n|-unboost|p1a: Ceruledge|spd|1\n|faint|p2a: Zarude\n|\n|upkeep\n|inactive|Time left: 300 sec this turn | 300 sec total | 5 sec grace\n|\n|t:|1783539656\n|switch|p2a: Regieleki|Regieleki, L79|256/256\n|turn|25\n|inactive|Time left: 300 sec this turn | 300 sec total\n|\n|t:|1783539656\n|move|p1a: Ceruledge|Bitter Blade|p2a: Regieleki\n|-crit|p2a: Regieleki\n|-damage|p2a: Regieleki|0 fnt\n|-heal|p1a: Ceruledge|100/100|[from] drain|[of] p2a: Regieleki\n|faint|p2a: Regieleki\n|\n|upkeep\n|inactive|Time left: 300 sec this turn | 300 sec total | 5 sec grace\n|\n|t:|1783539657\n|switch|p2a: Iron Treads|Iron Treads, L77|265/265\n|turn|26\n|inactive|Time left: 300 sec this turn | 300 sec total\n|\n|t:|1783539658\n|-terastallize|p1a: Ceruledge|Ghost\n|-terastallize|p2a: Iron Treads|Water\n|move|p1a: Ceruledge|Close Combat|p2a: Iron Treads\n|-damage|p2a: Iron Treads|0 fnt\n|-unboost|p1a: Ceruledge|def|1\n|-unboost|p1a: Ceruledge|spd|1\n|faint|p2a: Iron Treads\n|-end|p2a: Iron Treads|Quark Drive|[silent]\n|\n|win|p0x040c72d", "uploadtime": 1783539658, "views": 0, "rating": 0, "private": 0, "password": null, "_winner": "p0x040c72d", "_our_name": "p0y0400c93"}