{"id": "battle-gen9randombattle-1766", "formatid": "gen9randombattle", "format": "[Gen 9] Random Battle", "players": ["p0x1766b308", "p0y1766b53f"], "log": "|init|battle\n|title|p0x1766b308 vs. p0y1766b53f\n|j|\u2606p0x1766b308\n|j|\u2606p0y1766b53f\n|t:|1783560416\n|gametype|singles\n|player|p1|p0x1766b308|266|\n|player|p2|p0y1766b53f|1|\n|gen|9\n|tier|[Gen 9] Random Battle\n|rule|Species Clause: Limit one of each Pok\u00e9mon\n|rule|HP Percentage Mod: HP is shown in percentages\n|rule|Sleep Clause Mod: Limit one foe put to sleep\n|rule|Illusion Level Mod: Illusion disguises the Pok\u00e9mon's true level\n|\n|t:|1783560416\n|teamsize|p1|6\n|teamsize|p2|6\n|start\n|switch|p1a: Golurk|Golurk, L87|297/297\n|switch|p2a: Noctowl|Noctowl, L95, M|100/100\n|turn|1\n|inactive|Battle timer is ON: inactive players will automatically lose when time's up. (requested by p0x1766b308)\n|inactive|p0y1766b53f also wants the timer to be on.\n|\n|t:|1783560417\n|move|p2a: Noctowl|Hurricane|p1a: Golurk\n|-damage|p1a: Golurk|155/297\n|move|p1a: Golurk|Dynamic Punch|p2a: Noctowl\n|-damage|p2a: Noctowl|57/100\n|-start|p2a: Noctowl|confusion\n|-damage|p1a: Golurk|126/297|[from] item: Life Orb\n|\n|upkeep\n|turn|2\n|inactive|Time left: 300 sec this turn | 300 sec total\n|\n|t:|1783560418\n|-activate|p2a: Noctowl|confusion\n|move|p2a: Noctowl|Hurricane|p1a: Golurk\n|-damage|p1a: Golurk|0 fnt\n|faint|p1a: Golurk\n|\n|upkeep\n|inactive|Time left: 300 sec this turn | 300 sec total | 5 sec grace\n|\n|t:|1783560419\n|switch|p1a: Iron Boulder|Iron Boulder, L77|265/265\n|turn|3\n|inactive|Time left: 300 sec this turn | 300 sec total\n|\n|t:|1783560420\n|switch|p2a: Ambipom|Ambipom, L84, F|100/100\n|move|p1a: Iron Boulder|Swords Dance|p1a: Iron Boulder\n|-boost|p1a: Iron Boulder|atk|2\n|\n|upkeep\n|turn|4\n|inactive|Time left: 300 sec this turn | 300 sec total\n|\n|t:|1783560421\n|move|p2a: Ambipom|Fake Out|p1a: Iron Boulder\n|-resisted|p1a: Iron Boulder\n|-damage|p1a: Iron Boulder|222/265\n|cant|p1a: Iron Boulder|flinch\n|\n|upkeep\n|turn|5\n|inactive|Time left: 300 sec this turn | 300 sec total\n|\n|t:|1783560422\n|move|p2a: Ambipom|Knock Off|p1a: Iron Boulder\n|-supereffective|p1a: Iron Boulder\n|-damage|p1a: Iron Boulder|54/265\n|-enditem|p1a: Iron Boulder|Life Orb|[from] move: Knock Off|[of] p2a: Ambipom\n|move|p1a: Iron Boulder|Close Combat|p2a: Ambipom\n|-supereffective|p2a: Ambipom\n|-damage|p2a: Ambipom|0 fnt\n|-unboost|p1a: Iron Boulder|def|1\n|-unboost|p1a: Iron Boulder|spd|1\n|faint|p2a: Ambipom\n|\n|upkeep\n|\n|t:|1783560423\n|switch|p2a: Iron Bundle|Iron Bundle, L78|100/100\n|turn|6\n|inactive|Time left: 300 sec this turn | 300 sec total\n|\n|t:|1783560424\n|-end|p1a: Iron Boulder|Quark Drive|[silent]\n|switch|p1a: Heatran|Heatran, L79, F|273/273\n|move|p2a: Iron Bundle|Ice Beam|p1a: Heatran\n|-resisted|p1a: Heatran\n|-damage|p1a: Heatran|251/273\n|\n|upkeep\n|turn|7\n|inactive|Time left: 300 sec this turn | 300 sec total\n|\n|t:|1783560425\n|move|p2a: Iron Bundle|Ice Beam|p1a: Heatran\n|-resisted|p1a: Heatran\n|-damage|p1a: Heatran|227/273\n|move|p1a: Heatran|Magma Storm|p2a: Iron Bundle\n|-damage|p2a: Iron Bundle|21/100\n|-activate|p2a: Iron Bundle|move: Magma Storm|[of] p1a: Heatran\n|\n|-damage|p2a: Iron Bundle|9/100|[from] move: Magma Storm|[partiallytrapped]\n|upkeep\n|turn|8\n|inactive|Time left: 300 sec this turn | 300 sec total\n|\n|t:|1783560426\n|move|p2a: Iron Bundle|Ice Beam|p1a: Heatran\n|-resisted|p1a: Heatran\n|-damage|p1a: Heatran|205/273\n|move|p1a: Heatran|Lava Plume|p2a: Iron Bundle\n|-crit|p2a: Iron Bundle\n|-damage|p2a: Iron Bundle|0 fnt\n|faint|p2a: Iron Bundle\n|-end|p2a: Iron Bundle|Quark Drive|[silent]\n|\n|upkeep\n|\n|t:|1783560427\n|switch|p2a: Seviper|Seviper, L93, F|100/100\n|turn|9\n|inactive|Time left: 300 sec this turn | 300 sec total\n|\n|t:|1783560428\n|move|p2a: Seviper|Earthquake|p1a: Heatran\n|-supereffective|p1a: Heatran\n|-damage|p1a: Heatran|0 fnt\n|faint|p1a: Heatran\n|-damage|p2a: Seviper|91/100|[from] item: Life Orb\n|\n|upkeep\n|inactive|Time left: 300 sec this turn | 300 sec total | 5 sec grace\n|\n|t:|1783560429\n|switch|p1a: Iron Boulder|Iron Boulder, L77|54/265\n|turn|10\n|inactive|Time left: 300 sec this turn | 300 sec total\n|\n|t:|1783560430\n|move|p1a: Iron Boulder|Zen Headbutt|p2a: Seviper\n|-supereffective|p2a: Seviper\n|-damage|p2a: Seviper|15/100\n|cant|p2a: Seviper|flinch\n|\n|upkeep\n|turn|11\n|inactive|Time left: 300 sec this turn | 300 sec total\n|\n|t:|1783560431\n|switch|p2a: Phione|Phione, L91|100/100\n|move|p1a: Iron Boulder|Mighty Cleave|p2a: Phione\n|-damage|p2a: Phione|69/100\n|\n|-heal|p2a: Phione|76/100|[from] item: Leftovers\n|upkeep\n|turn|12\n|inactive|Time left: 300 sec this turn | 300 sec total\n|\n|t:|1783560432\n|move|p1a: Iron Boulder|Mighty Cleave|p2a: Phione\n|-damage|p2a: Phione|41/100\n|move|p2a: Phione|Ice Beam|p1a: Iron Boulder\n|-damage|p1a: Iron Boulder|0 fnt\n|faint|p1a: Iron Boulder\n|-end|p1a: Iron Boulder|Quark Drive|[silent]\n|\n|-heal|p2a: Phione|47/100|[from] item: Leftovers\n|upkeep\n|inactive|Time left: 300 sec this turn | 300 sec total | 5 sec grace\n|\n|t:|1783560433\n|switch|p1a: Golduck|Golduck, L90, M|290/290\n|-ability|p1a: Golduck|Cloud Nine\n|turn|13\n|inactive|Time left: 300 sec this turn | 300 sec total\n|\n|t:|1783560434\n|move|p1a: Golduck|Nasty Plot|p1a: Golduck\n|-boost|p1a: Golduck|spa|2\n|move|p2a: Phione|Grass Knot|p1a: Golduck\n|-supereffective|p1a: Golduck\n|-damage|p1a: Golduck|184/290\n|\n|-heal|p2a: Phione|53/100|[from] item: Leftovers\n|upkeep\n|turn|14\n|inactive|Time left: 300 sec this turn | 300 sec total\n|\n|t:|1783560435\n|move|p1a: Golduck|Hydro Pump|p2a: Phione\n|-resisted|p2a: Phione\n|-damage|p2a: Phione|0 fnt\n|faint|p2a: Phione\n|-damage|p1a: Golduck|155/290|[from] item: Life Orb\n|\n|upkeep\n|\n|t:|1783560436\n|switch|p2a: Plusle|Plusle, L95, F|100/100\n|turn|15\n|inactive|Time left: 300 sec this turn | 300 sec total\n|\n|t:|1783560437\n|switch|p1a: Toedscruel|Toedscruel, L87, F|281/281\n|move|p2a: Plusle|Thunderbolt|p1a: Toedscruel\n|-immune|p1a: Toedscruel\n|\n|upkeep\n|turn|16\n|inactive|Time left: 300 sec this turn | 300 sec total\n|\n|t:|1783560437\n|switch|p2a: Noctowl|Noctowl, L95, M|57/100\n|move|p1a: Toedscruel|Earth Power|p2a: Noctowl\n|-immune|p2a: Noctowl\n|\n|upkeep\n|turn|17\n|inactive|Time left: 300 sec this turn | 300 sec total\n|\n|t:|1783560438\n|move|p1a: Toedscruel|Rapid Spin|p2a: Noctowl\n|-damage|p2a: Noctowl|46/100\n|-boost|p1a: Toedscruel|spe|1\n|move|p2a: Noctowl|Roost|p2a: Noctowl\n|-heal|p2a: Noctowl|96/100\n|-singleturn|p2a: Noctowl|move: Roost\n|\n|upkeep\n|turn|18\n|inactive|Time left: 300 sec this turn | 300 sec total\n|\n|t:|1783560439\n|move|p1a: Toedscruel|Rapid Spin|p2a: Noctowl\n|-damage|p2a: Noctowl|86/100\n|-boost|p1a: Toedscruel|spe|1\n|move|p2a: Noctowl|Hurricane|p1a: Toedscruel\n|-supereffective|p1a: Toedscruel\n|-damage|p1a: Toedscruel|149/281\n|\n|upkeep\n|turn|19\n|inactive|Time left: 300 sec this turn | 300 sec total\n|\n|t:|1783560440\n|move|p1a: Toedscruel|Rapid Spin|p2a: Noctowl\n|-damage|p2a: Noctowl|74/100\n|-boost|p1a: Toedscruel|spe|1\n|move|p2a: Noctowl|Hurricane|p1a: Toedscruel\n|-supereffective|p1a: Toedscruel\n|-damage|p1a: Toedscruel|9/281\n|\n|upkeep\n|turn|20\n|inactive|Time left: 300 sec this turn | 300 sec total\n|\n|t:|1783560441\n|move|p1a: Toedscruel|Knock Off|p2a: Noctowl\n|-crit|p2a: Noctowl\n|-damage|p2a: Noctowl|39/100\n|-enditem|p2a: Noctowl|Heavy-Duty Boots|[from] move: Knock Off|[of] p1a: Toedscruel\n|move|p2a: Noctowl|Hyper Voice|p1a: Toedscruel\n|-damage|p1a: Toedscruel|0 fnt\n|faint|p1a: Toedscruel\n|\n|upkeep\n|inactive|Time left: 300 sec this turn | 300 sec total | 5 sec grace\n|\n|t:|1783560442\n|switch|p1a: Golduck|Golduck, L90, M|155/290\n|-ability|p1a: Golduck|Cloud Nine\n|turn|21\n|inactive|Time left: 300 sec this turn | 300 sec total\n|\n|t:|1783560443\n|move|p1a: Golduck|Hydro Pump|p2a: Noctowl\n|-damage|p2a: Noctowl|0 fnt\n|faint|p2a: Noctowl\n|-damage|p1a: Golduck|126/290|[from] item: Life Orb\n|\n|upkeep\n|\n|t:|1783560443\n|switch|p2a: Plusle|Plusle, L95, F|100/100\n|turn|22\n|inactive|Time left: 300 sec this turn | 300 sec total\n|\n|t:|1783560444\n|switch|p1a: Houndstone|Houndstone, L86, F|264/264\n|move|p2a: Plusle|Thunderbolt|p1a: Houndstone\n|-damage|p1a: Houndstone|185/264\n|-damage|p2a: Plusle|91/100|[from] item: Life Orb\n|\n|upkeep\n|turn|23\n|inactive|Time left: 300 sec this turn | 300 sec total\n|\n|t:|1783560445\n|move|p2a: Plusle|Thunderbolt|p1a: Houndstone\n|-damage|p1a: Houndstone|102/264\n|-damage|p2a: Plusle|81/100|[from] item: Life Orb\n|move|p1a: Houndstone|Poltergeist|p2a: Plusle\n|-activate|p2a: Plusle|move: Poltergeist|Life Orb\n|-damage|p2a: Plusle|10/100\n|\n|upkeep\n|turn|24\n|inactive|Time left: 300 sec this turn | 300 sec total\n|\n|t:|1783560446\n|move|p1a: Houndstone|Shadow Sneak|p2a: Plusle\n|-damage|p2a: Plusle|0 fnt\n|faint|p2a: Plusle\n|\n|upkeep\n|\n|t:|1783560447\n|switch|p2a: Seviper|Seviper, L93, F|15/100\n|turn|25\n|inactive|Time left: 300 sec this turn | 300 sec total\n|\n|t:|1783560447\n|-terastallize|p1a: Houndstone|Fighting\n|move|p1a: Houndstone|Shadow Sneak|p2a: Seviper\n|-damage|p2a: Seviper|0 fnt\n|faint|p2a: Seviper\n|\n|win|p0x1766b308", "uploadtime": 1783560447, "views": 0, "rating": 0, "private": 0, "password": null, "_winner": "p0x1766b308", "_our_name": "p0x1766b308"}