{"id": "battle-gen9randombattle-937", "formatid": "gen9randombattle", "format": "[Gen 9] Random Battle", "players": ["p0x937a2a0", "p0y93716d8"], "log": "|init|battle\n|title|p0x937a2a0 vs. p0y93716d8\n|j|\u2606p0x937a2a0\n|j|\u2606p0y93716d8\n|t:|1783550010\n|gametype|singles\n|player|p1|p0x937a2a0|169|\n|player|p2|p0y93716d8|265|\n|gen|9\n|tier|[Gen 9] Random Battle\n|rule|Species Clause: Limit one of each Pok\u00e9mon\n|rule|HP Percentage Mod: HP is shown in percentages\n|rule|Sleep Clause Mod: Limit one foe put to sleep\n|rule|Illusion Level Mod: Illusion disguises the Pok\u00e9mon's true level\n|\n|t:|1783550010\n|teamsize|p1|6\n|teamsize|p2|6\n|start\n|switch|p1a: Tornadus|Tornadus, L82, M|100/100\n|switch|p2a: Rabsca|Rabsca, L91, F|284/284\n|turn|1\n|inactive|Battle timer is ON: inactive players will automatically lose when time's up. (requested by p0x937a2a0)\n|inactive|Time left: 300 sec this turn | 300 sec total | 60 sec grace\n|\n|t:|1783550011\n|move|p1a: Tornadus|Nasty Plot|p1a: Tornadus\n|-boost|p1a: Tornadus|spa|2\n|move|p2a: Rabsca|Psychic|p1a: Tornadus\n|-damage|p1a: Tornadus|52/100\n|\n|upkeep\n|turn|2\n|inactive|Time left: 300 sec this turn | 300 sec total\n|inactive|p0y93716d8 also wants the timer to be on.\n|\n|t:|1783550012\n|switch|p2a: Raichu|Raichu, L88, F|249/249\n|move|p1a: Tornadus|Bleakwind Storm|p2a: Raichu\n|-resisted|p2a: Raichu\n|-crit|p2a: Raichu\n|-damage|p2a: Raichu|51/249\n|-unboost|p2a: Raichu|spe|1\n|\n|upkeep\n|turn|3\n|inactive|Time left: 300 sec this turn | 300 sec total\n|\n|t:|1783550014\n|switch|p2a: Kilowattrel|Kilowattrel, L83, M|252/252\n|move|p1a: Tornadus|Bleakwind Storm|p2a: Kilowattrel\n|-resisted|p2a: Kilowattrel\n|-damage|p2a: Kilowattrel|103/252\n|\n|upkeep\n|turn|4\n|inactive|Time left: 300 sec this turn | 300 sec total\n|\n|t:|1783550015\n|-terastallize|p1a: Tornadus|Fire\n|move|p2a: Kilowattrel|Discharge|p1a: Tornadus\n|-damage|p1a: Tornadus|13/100\n|move|p1a: Tornadus|Heat Wave|p2a: Kilowattrel\n|-damage|p2a: Kilowattrel|0 fnt\n|faint|p2a: Kilowattrel\n|\n|upkeep\n|inactive|Time left: 300 sec this turn | 300 sec total | 5 sec grace\n|\n|t:|1783550016\n|switch|p2a: Raichu|Raichu, L88, F|51/249\n|turn|5\n|inactive|Time left: 300 sec this turn | 300 sec total\n|\n|t:|1783550017\n|move|p2a: Raichu|Surf|p1a: Tornadus\n|-supereffective|p1a: Tornadus\n|-damage|p1a: Tornadus|0 fnt\n|faint|p1a: Tornadus\n|\n|upkeep\n|\n|t:|1783550018\n|switch|p1a: Hitmonlee|Hitmonlee, L85, M|100/100\n|turn|6\n|inactive|Time left: 300 sec this turn | 300 sec total\n|\n|t:|1783550019\n|switch|p2a: Mimikyu|Mimikyu, L79, M|216/216\n|move|p1a: Hitmonlee|Knock Off|p2a: Mimikyu\n|-activate|p2a: Mimikyu|ability: Disguise\n|-damage|p2a: Mimikyu|216/216\n|-enditem|p2a: Mimikyu|Life Orb|[from] move: Knock Off|[of] p1a: Hitmonlee\n|detailschange|p2a: Mimikyu|Mimikyu-Busted, L79, M\n|-damage|p2a: Mimikyu|189/216|[from] pokemon: Mimikyu-Busted\n|\n|upkeep\n|turn|7\n|inactive|Time left: 300 sec this turn | 300 sec total\n|\n|t:|1783550020\n|switch|p1a: Pecharunt|Pecharunt, L77|100/100\n|move|p2a: Mimikyu|Play Rough|p1a: Pecharunt\n|-resisted|p1a: Pecharunt\n|-damage|p1a: Pecharunt|91/100\n|\n|-heal|p1a: Pecharunt|97/100|[from] item: Leftovers\n|upkeep\n|turn|8\n|inactive|Time left: 300 sec this turn | 300 sec total\n|\n|t:|1783550022\n|move|p2a: Mimikyu|Swords Dance|p2a: Mimikyu\n|-boost|p2a: Mimikyu|atk|2\n|move|p1a: Pecharunt|Malignant Chain|p2a: Mimikyu\n|-damage|p2a: Mimikyu|108/216\n|-status|p2a: Mimikyu|tox\n|-start|p2a: Mimikyu|confusion|[from] ability: Poison Puppeteer|[of] p1a: Pecharunt\n|\n|-heal|p1a: Pecharunt|100/100|[from] item: Leftovers\n|-damage|p2a: Mimikyu|95/216 tox|[from] psn\n|upkeep\n|turn|9\n|inactive|Time left: 300 sec this turn | 300 sec total\n|\n|t:|1783550023\n|switch|p2a: Rabsca|Rabsca, L91, F|284/284\n|move|p1a: Pecharunt|Malignant Chain|p2a: Rabsca\n|-damage|p2a: Rabsca|212/284\n|\n|upkeep\n|turn|10\n|inactive|Time left: 300 sec this turn | 300 sec total\n|\n|t:|1783550024\n|move|p1a: Pecharunt|Parting Shot|p2a: Rabsca\n|-unboost|p2a: Rabsca|atk|1\n|-unboost|p2a: Rabsca|spa|1\n|\n|t:|1783550025\n|switch|p1a: Charizard|Charizard, L85, M|100/100|[from] Parting Shot\n|move|p2a: Rabsca|Psychic|p1a: Charizard\n|-damage|p1a: Charizard|69/100\n|\n|upkeep\n|turn|11\n|inactive|Time left: 300 sec this turn | 300 sec total\n|\n|t:|1783550026\n|switch|p2a: Quaquaval|Quaquaval, L79, F|264/264\n|move|p1a: Charizard|Flare Blitz|p2a: Quaquaval\n|-resisted|p2a: Quaquaval\n|-damage|p2a: Quaquaval|192/264\n|-damage|p1a: Charizard|60/100|[from] Recoil\n|\n|upkeep\n|turn|12\n|inactive|Time left: 300 sec this turn | 300 sec total\n|\n|t:|1783550027\n|switch|p1a: Pecharunt|Pecharunt, L77|100/100\n|move|p2a: Quaquaval|Aqua Step|p1a: Pecharunt\n|-damage|p1a: Pecharunt|71/100\n|-boost|p2a: Quaquaval|spe|1\n|-damage|p2a: Quaquaval|166/264|[from] item: Life Orb\n|\n|-heal|p1a: Pecharunt|77/100|[from] item: Leftovers\n|upkeep\n|turn|13\n|inactive|Time left: 300 sec this turn | 300 sec total\n|\n|t:|1783550028\n|move|p2a: Quaquaval|Swords Dance|p2a: Quaquaval\n|-boost|p2a: Quaquaval|atk|2\n|move|p1a: Pecharunt|Malignant Chain|p2a: Quaquaval\n|-damage|p2a: Quaquaval|67/264\n|\n|-heal|p1a: Pecharunt|83/100|[from] item: Leftovers\n|upkeep\n|turn|14\n|inactive|Time left: 300 sec this turn | 300 sec total\n|\n|t:|1783550029\n|move|p2a: Quaquaval|Knock Off|p1a: Pecharunt\n|-supereffective|p1a: Pecharunt\n|-damage|p1a: Pecharunt|0 fnt\n|-enditem|p1a: Pecharunt|Leftovers|[from] move: Knock Off|[of] p2a: Quaquaval\n|faint|p1a: Pecharunt\n|-ability|p2a: Quaquaval|Moxie|boost\n|-boost|p2a: Quaquaval|atk|1\n|-damage|p2a: Quaquaval|41/264|[from] item: Life Orb\n|\n|upkeep\n|\n|t:|1783550030\n|switch|p1a: Hitmonlee|Hitmonlee, L85, M|100/100\n|turn|15\n|inactive|Time left: 300 sec this turn | 300 sec total\n|\n|t:|1783550031\n|move|p1a: Hitmonlee|Knock Off|p2a: Quaquaval\n|-resisted|p2a: Quaquaval\n|-damage|p2a: Quaquaval|0 fnt\n|-enditem|p2a: Quaquaval|Life Orb|[from] move: Knock Off|[of] p1a: Hitmonlee\n|faint|p2a: Quaquaval\n|\n|upkeep\n|inactive|Time left: 300 sec this turn | 300 sec total | 5 sec grace\n|\n|t:|1783550031\n|switch|p2a: Mimikyu|Mimikyu-Busted, L79, M|95/216 tox\n|turn|16\n|inactive|Time left: 300 sec this turn | 300 sec total\n|\n|t:|1783550032\n|switch|p1a: Charizard|Charizard, L85, M|60/100\n|move|p2a: Mimikyu|Play Rough|p1a: Charizard|[miss]\n|-miss|p2a: Mimikyu|p1a: Charizard\n|\n|-damage|p2a: Mimikyu|82/216 tox|[from] psn\n|upkeep\n|turn|17\n|inactive|Time left: 300 sec this turn | 300 sec total\n|\n|t:|1783550033\n|move|p1a: Charizard|Swords Dance|p1a: Charizard\n|-boost|p1a: Charizard|atk|2\n|move|p2a: Mimikyu|Play Rough|p1a: Charizard\n|-resisted|p1a: Charizard\n|-damage|p1a: Charizard|45/100\n|\n|-damage|p2a: Mimikyu|56/216 tox|[from] psn\n|upkeep\n|turn|18\n|inactive|Time left: 300 sec this turn | 300 sec total\n|\n|t:|1783550034\n|move|p2a: Mimikyu|Shadow Sneak|p1a: Charizard\n|-damage|p1a: Charizard|30/100\n|move|p1a: Charizard|Swords Dance|p1a: Charizard\n|-boost|p1a: Charizard|atk|2\n|\n|-damage|p2a: Mimikyu|17/216 tox|[from] psn\n|upkeep\n|turn|19\n|inactive|Time left: 300 sec this turn | 300 sec total\n|\n|t:|1783550035\n|move|p2a: Mimikyu|Shadow Sneak|p1a: Charizard\n|-damage|p1a: Charizard|15/100\n|move|p1a: Charizard|Outrage|p2a: Mimikyu\n|-immune|p2a: Mimikyu\n|\n|-damage|p2a: Mimikyu|0 fnt|[from] psn\n|faint|p2a: Mimikyu\n|upkeep\n|inactive|Time left: 300 sec this turn | 300 sec total | 5 sec grace\n|\n|t:|1783550035\n|switch|p2a: Raichu|Raichu, L88, F|51/249\n|turn|20\n|inactive|Time left: 300 sec this turn | 300 sec total\n|\n|t:|1783550036\n|move|p2a: Raichu|Volt Switch|p1a: Charizard\n|-supereffective|p1a: Charizard\n|-damage|p1a: Charizard|0 fnt\n|faint|p1a: Charizard\n|inactive|Time left: 300 sec this turn | 300 sec total | 5 sec grace\n|\n|t:|1783550037\n|switch|p2a: Venusaur|Venusaur, L84, M|272/272|[from] Volt Switch\n|\n|upkeep\n|\n|t:|1783550038\n|switch|p1a: Hitmonlee|Hitmonlee, L85, M|100/100\n|turn|21\n|inactive|Time left: 300 sec this turn | 300 sec total\n|\n|t:|1783550039\n|move|p1a: Hitmonlee|Knock Off|p2a: Venusaur\n|-damage|p2a: Venusaur|190/272\n|-enditem|p2a: Venusaur|Leftovers|[from] move: Knock Off|[of] p1a: Hitmonlee\n|move|p2a: Venusaur|Sludge Bomb|p1a: Hitmonlee\n|-damage|p1a: Hitmonlee|65/100\n|\n|upkeep\n|turn|22\n|inactive|Time left: 300 sec this turn | 300 sec total\n|\n|t:|1783550041\n|move|p1a: Hitmonlee|Knock Off|p2a: Venusaur\n|-damage|p2a: Venusaur|131/272\n|move|p2a: Venusaur|Sludge Bomb|p1a: Hitmonlee\n|-damage|p1a: Hitmonlee|30/100\n|\n|upkeep\n|turn|23\n|inactive|Time left: 300 sec this turn | 300 sec total\n|\n|t:|1783550043\n|move|p1a: Hitmonlee|Knock Off|p2a: Venusaur\n|-damage|p2a: Venusaur|69/272\n|move|p2a: Venusaur|Sludge Bomb|p1a: Hitmonlee\n|-damage|p1a: Hitmonlee|0 fnt\n|faint|p1a: Hitmonlee\n|\n|upkeep\n|\n|t:|1783550044\n|switch|p1a: Sceptile|Sceptile, L87, F|100/100\n|turn|24\n|inactive|Time left: 300 sec this turn | 300 sec total\n|\n|t:|1783550045\n|move|p1a: Sceptile|Earthquake|p2a: Venusaur\n|-damage|p2a: Venusaur|0 fnt\n|faint|p2a: Venusaur\n|-damage|p1a: Sceptile|91/100|[from] item: Life Orb\n|\n|upkeep\n|inactive|Time left: 300 sec this turn | 300 sec total | 5 sec grace\n|\n|t:|1783550047\n|switch|p2a: Rabsca|Rabsca, L91, F|212/284\n|turn|25\n|inactive|Time left: 300 sec this turn | 300 sec total\n|\n|t:|1783550048\n|move|p1a: Sceptile|Rock Slide|p2a: Rabsca\n|-supereffective|p2a: Rabsca\n|-damage|p2a: Rabsca|90/284\n|-damage|p1a: Sceptile|81/100|[from] item: Life Orb\n|move|p2a: Rabsca|Bug Buzz|p1a: Sceptile\n|-supereffective|p1a: Sceptile\n|-damage|p1a: Sceptile|0 fnt\n|faint|p1a: Sceptile\n|\n|upkeep\n|\n|t:|1783550049\n|switch|p1a: Lilligant|Lilligant-Hisui, L79, F|100/100\n|turn|26\n|inactive|Time left: 300 sec this turn | 300 sec total\n|\n|t:|1783550050\n|move|p1a: Lilligant|Sleep Powder|p2a: Rabsca\n|-status|p2a: Rabsca|slp|[from] move: Sleep Powder\n|cant|p2a: Rabsca|slp\n|\n|upkeep\n|turn|27\n|inactive|Time left: 300 sec this turn | 300 sec total\n|\n|t:|1783550051\n|move|p1a: Lilligant|Victory Dance|p1a: Lilligant\n|-boost|p1a: Lilligant|atk|1\n|-boost|p1a: Lilligant|def|1\n|-boost|p1a: Lilligant|spe|1\n|-curestatus|p2a: Rabsca|slp|[msg]\n|move|p2a: Rabsca|Psychic|p1a: Lilligant\n|-supereffective|p1a: Lilligant\n|-damage|p1a: Lilligant|0 fnt\n|faint|p1a: Lilligant\n|\n|win|p0y93716d8", "uploadtime": 1783550051, "views": 0, "rating": 0, "private": 0, "password": null, "_winner": "p0y93716d8", "_our_name": "p0y93716d8"}