{"id": "battle-gen9randombattle-2168", "formatid": "gen9randombattle", "format": "[Gen 9] Random Battle", "players": ["p0x2168c8bb", "p0y2168d56c"], "log": "|init|battle\n|title|p0x2168c8bb vs. p0y2168d56c\n|j|\u2606p0x2168c8bb\n|j|\u2606p0y2168d56c\n|t:|1783564252\n|gametype|singles\n|player|p1|p0x2168c8bb|102|\n|player|p2|p0y2168d56c|170|\n|gen|9\n|tier|[Gen 9] Random Battle\n|rule|Species Clause: Limit one of each Pok\u00e9mon\n|rule|HP Percentage Mod: HP is shown in percentages\n|rule|Sleep Clause Mod: Limit one foe put to sleep\n|rule|Illusion Level Mod: Illusion disguises the Pok\u00e9mon's true level\n|\n|t:|1783564252\n|teamsize|p1|6\n|teamsize|p2|6\n|start\n|switch|p1a: Zebstrika|Zebstrika, L87, M|272/272\n|switch|p2a: Dewgong|Dewgong, L94, M|100/100\n|turn|1\n|inactive|Battle timer is ON: inactive players will automatically lose when time's up. (requested by p0y2168d56c)\n|inactive|Time left: 300 sec this turn | 300 sec total | 60 sec grace\n|inactive|p0x2168c8bb also wants the timer to be on.\n|\n|t:|1783564253\n|switch|p1a: Slaking|Slaking, L84, M|389/389\n|move|p2a: Dewgong|Hydro Pump|p1a: Slaking\n|-damage|p1a: Slaking|259/389\n|\n|upkeep\n|turn|2\n|inactive|Time left: 300 sec this turn | 300 sec total\n|\n|t:|1783564255\n|switch|p2a: Glimmora|Glimmora, L75, M|100/100\n|move|p1a: Slaking|Giga Impact|p2a: Glimmora\n|-resisted|p2a: Glimmora\n|-damage|p2a: Glimmora|25/100\n|-mustrecharge|p1a: Slaking\n|-activate|p2a: Glimmora|ability: Toxic Debris\n|-sidestart|p1: p0x2168c8bb|move: Toxic Spikes\n|\n|upkeep\n|turn|3\n|inactive|Time left: 300 sec this turn | 300 sec total\n|\n|t:|1783564256\n|cant|p1a: Slaking|recharge\n|move|p2a: Glimmora|Meteor Beam||[still]\n|-prepare|p2a: Glimmora|Meteor Beam\n|-boost|p2a: Glimmora|spa|1\n|-enditem|p2a: Glimmora|Power Herb\n|-anim|p2a: Glimmora|Meteor Beam|p1a: Slaking\n|-damage|p1a: Slaking|27/389\n|\n|upkeep\n|turn|4\n|inactive|Time left: 300 sec this turn | 300 sec total\n|\n|t:|1783564257\n|move|p1a: Slaking|Giga Impact|p2a: Glimmora\n|-resisted|p2a: Glimmora\n|-damage|p2a: Glimmora|0 fnt\n|-mustrecharge|p1a: Slaking\n|-activate|p2a: Glimmora|ability: Toxic Debris\n|-sidestart|p1: p0x2168c8bb|move: Toxic Spikes\n|faint|p2a: Glimmora\n|\n|upkeep\n|\n|t:|1783564258\n|switch|p2a: Barraskewda|Barraskewda, L81, F, shiny|100/100\n|turn|5\n|inactive|Time left: 300 sec this turn | 300 sec total\n|\n|t:|1783564259\n|move|p2a: Barraskewda|Waterfall|p1a: Slaking\n|-crit|p1a: Slaking\n|-damage|p1a: Slaking|0 fnt\n|faint|p1a: Slaking\n|\n|upkeep\n|inactive|Time left: 300 sec this turn | 300 sec total | 5 sec grace\n|\n|t:|1783564260\n|switch|p1a: Roaring Moon|Roaring Moon, L72|270/270\n|-status|p1a: Roaring Moon|tox\n|turn|6\n|inactive|Time left: 300 sec this turn | 300 sec total\n|\n|t:|1783564261\n|move|p2a: Barraskewda|Waterfall|p1a: Roaring Moon\n|-resisted|p1a: Roaring Moon\n|-damage|p1a: Roaring Moon|172/270 tox\n|move|p1a: Roaring Moon|Outrage|p2a: Barraskewda\n|-damage|p2a: Barraskewda|0 fnt\n|faint|p2a: Barraskewda\n|\n|-damage|p1a: Roaring Moon|156/270 tox|[from] psn\n|upkeep\n|\n|t:|1783564262\n|switch|p2a: Whimsicott|Whimsicott, L84, F|100/100\n|turn|7\n|inactive|Time left: 300 sec this turn | 300 sec total\n|\n|t:|1783564263\n|move|p2a: Whimsicott|Substitute|p2a: Whimsicott\n|-start|p2a: Whimsicott|Substitute\n|-damage|p2a: Whimsicott|76/100\n|move|p1a: Roaring Moon|Outrage|p2a: Whimsicott|[from] lockedmove\n|-immune|p2a: Whimsicott\n|\n|-heal|p2a: Whimsicott|82/100|[from] item: Leftovers\n|-damage|p1a: Roaring Moon|124/270 tox|[from] psn\n|upkeep\n|turn|8\n|inactive|Time left: 300 sec this turn | 300 sec total\n|\n|t:|1783564264\n|move|p2a: Whimsicott|Moonblast|p1a: Roaring Moon\n|-supereffective|p1a: Roaring Moon\n|-damage|p1a: Roaring Moon|0 fnt\n|faint|p1a: Roaring Moon\n|-end|p1a: Roaring Moon|Protosynthesis|[silent]\n|\n|-heal|p2a: Whimsicott|87/100|[from] item: Leftovers\n|upkeep\n|inactive|Time left: 300 sec this turn | 300 sec total | 5 sec grace\n|\n|t:|1783564265\n|switch|p1a: Armarouge|Armarouge, L80, F|267/267\n|-status|p1a: Armarouge|tox\n|turn|9\n|inactive|Time left: 300 sec this turn | 300 sec total\n|\n|t:|1783564266\n|move|p2a: Whimsicott|Leech Seed|p1a: Armarouge\n|-start|p1a: Armarouge|move: Leech Seed\n|move|p1a: Armarouge|Meteor Beam||[still]\n|-prepare|p1a: Armarouge|Meteor Beam\n|-boost|p1a: Armarouge|spa|1\n|-enditem|p1a: Armarouge|Power Herb\n|-anim|p1a: Armarouge|Meteor Beam|p2a: Whimsicott\n|-end|p2a: Whimsicott|Substitute\n|\n|-heal|p2a: Whimsicott|93/100|[from] item: Leftovers\n|-damage|p1a: Armarouge|234/267 tox|[from] Leech Seed|[of] p2a: Whimsicott\n|-heal|p2a: Whimsicott|100/100|[silent]\n|-damage|p1a: Armarouge|218/267 tox|[from] psn\n|upkeep\n|turn|10\n|inactive|Time left: 300 sec this turn | 300 sec total\n|\n|t:|1783564267\n|move|p2a: Whimsicott|Substitute|p2a: Whimsicott\n|-start|p2a: Whimsicott|Substitute\n|-damage|p2a: Whimsicott|76/100\n|move|p1a: Armarouge|Armor Cannon|p2a: Whimsicott\n|-supereffective|p2a: Whimsicott\n|-end|p2a: Whimsicott|Substitute\n|-unboost|p1a: Armarouge|def|1\n|-unboost|p1a: Armarouge|spd|1\n|\n|-heal|p2a: Whimsicott|82/100|[from] item: Leftovers\n|-damage|p1a: Armarouge|185/267 tox|[from] Leech Seed|[of] p2a: Whimsicott\n|-heal|p2a: Whimsicott|95/100|[silent]\n|-damage|p1a: Armarouge|153/267 tox|[from] psn\n|upkeep\n|turn|11\n|inactive|Time left: 300 sec this turn | 300 sec total\n|\n|t:|1783564268\n|move|p2a: Whimsicott|Substitute|p2a: Whimsicott\n|-start|p2a: Whimsicott|Substitute\n|-damage|p2a: Whimsicott|71/100\n|move|p1a: Armarouge|Armor Cannon|p2a: Whimsicott\n|-supereffective|p2a: Whimsicott\n|-end|p2a: Whimsicott|Substitute\n|-unboost|p1a: Armarouge|def|1\n|-unboost|p1a: Armarouge|spd|1\n|\n|-heal|p2a: Whimsicott|77/100|[from] item: Leftovers\n|-damage|p1a: Armarouge|120/267 tox|[from] Leech Seed|[of] p2a: Whimsicott\n|-heal|p2a: Whimsicott|90/100|[silent]\n|-damage|p1a: Armarouge|72/267 tox|[from] psn\n|upkeep\n|turn|12\n|inactive|Time left: 300 sec this turn | 300 sec total\n|\n|t:|1783564269\n|move|p2a: Whimsicott|Moonblast|p1a: Armarouge\n|-resisted|p1a: Armarouge\n|-crit|p1a: Armarouge\n|-damage|p1a: Armarouge|0 fnt\n|faint|p1a: Armarouge\n|\n|-heal|p2a: Whimsicott|96/100|[from] item: Leftovers\n|upkeep\n|inactive|Time left: 300 sec this turn | 300 sec total | 5 sec grace\n|\n|t:|1783564270\n|switch|p1a: Oinkologne|Oinkologne-F, L92, F|361/361\n|-status|p1a: Oinkologne|tox\n|turn|13\n|inactive|Time left: 300 sec this turn | 300 sec total\n|\n|t:|1783564271\n|move|p2a: Whimsicott|Leech Seed|p1a: Oinkologne\n|-start|p1a: Oinkologne|move: Leech Seed\n|move|p1a: Oinkologne|Body Slam|p2a: Whimsicott\n|-damage|p2a: Whimsicott|57/100\n|\n|-heal|p2a: Whimsicott|63/100|[from] item: Leftovers\n|-damage|p1a: Oinkologne|316/361 tox|[from] Leech Seed|[of] p2a: Whimsicott\n|-heal|p2a: Whimsicott|82/100|[silent]\n|-damage|p1a: Oinkologne|294/361 tox|[from] psn\n|upkeep\n|turn|14\n|inactive|Time left: 300 sec this turn | 300 sec total\n|\n|t:|1783564272\n|move|p2a: Whimsicott|Substitute|p2a: Whimsicott\n|-start|p2a: Whimsicott|Substitute\n|-damage|p2a: Whimsicott|57/100\n|move|p1a: Oinkologne|Body Slam|p2a: Whimsicott\n|-end|p2a: Whimsicott|Substitute\n|\n|-heal|p2a: Whimsicott|63/100|[from] item: Leftovers\n|-heal|p1a: Oinkologne|316/361 tox|[from] item: Leftovers\n|-damage|p1a: Oinkologne|271/361 tox|[from] Leech Seed|[of] p2a: Whimsicott\n|-heal|p2a: Whimsicott|82/100|[silent]\n|-damage|p1a: Oinkologne|227/361 tox|[from] psn\n|upkeep\n|turn|15\n|inactive|Time left: 300 sec this turn | 300 sec total\n|\n|t:|1783564272\n|move|p2a: Whimsicott|Substitute|p2a: Whimsicott\n|-start|p2a: Whimsicott|Substitute\n|-damage|p2a: Whimsicott|57/100\n|move|p1a: Oinkologne|Body Slam|p2a: Whimsicott\n|-end|p2a: Whimsicott|Substitute\n|\n|-heal|p2a: Whimsicott|63/100|[from] item: Leftovers\n|-heal|p1a: Oinkologne|249/361 tox|[from] item: Leftovers\n|-damage|p1a: Oinkologne|204/361 tox|[from] Leech Seed|[of] p2a: Whimsicott\n|-heal|p2a: Whimsicott|82/100|[silent]\n|-damage|p1a: Oinkologne|138/361 tox|[from] psn\n|upkeep\n|turn|16\n|inactive|Time left: 300 sec this turn | 300 sec total\n|\n|t:|1783564273\n|move|p2a: Whimsicott|Substitute|p2a: Whimsicott\n|-start|p2a: Whimsicott|Substitute\n|-damage|p2a: Whimsicott|57/100\n|move|p1a: Oinkologne|Rest|p1a: Oinkologne\n|-status|p1a: Oinkologne|slp|[from] move: Rest\n|-heal|p1a: Oinkologne|361/361 slp|[silent]\n|\n|-heal|p2a: Whimsicott|63/100|[from] item: Leftovers\n|-damage|p1a: Oinkologne|316/361 slp|[from] Leech Seed|[of] p2a: Whimsicott\n|-heal|p2a: Whimsicott|82/100|[silent]\n|upkeep\n|turn|17\n|inactive|Time left: 300 sec this turn | 300 sec total\n|\n|t:|1783564274\n|move|p2a: Whimsicott|Moonblast|p1a: Oinkologne\n|-damage|p1a: Oinkologne|240/361 slp\n|cant|p1a: Oinkologne|slp\n|move|p1a: Oinkologne|Sleep Talk|p1a: Oinkologne\n|move|p1a: Oinkologne|Curse|p1a: Oinkologne|[from] move: Sleep Talk\n|-unboost|p1a: Oinkologne|spe|1\n|-boost|p1a: Oinkologne|atk|1\n|-boost|p1a: Oinkologne|def|1\n|\n|-heal|p2a: Whimsicott|87/100|[from] item: Leftovers\n|-heal|p1a: Oinkologne|262/361 slp|[from] item: Leftovers\n|-damage|p1a: Oinkologne|217/361 slp|[from] Leech Seed|[of] p2a: Whimsicott\n|-heal|p2a: Whimsicott|100/100|[silent]\n|upkeep\n|turn|18\n|inactive|Time left: 300 sec this turn | 300 sec total\n|\n|t:|1783564275\n|move|p2a: Whimsicott|Moonblast|p1a: Oinkologne\n|-damage|p1a: Oinkologne|147/361 slp\n|cant|p1a: Oinkologne|slp\n|move|p1a: Oinkologne|Sleep Talk|p1a: Oinkologne\n|move|p1a: Oinkologne|Curse|p1a: Oinkologne|[from] move: Sleep Talk\n|-unboost|p1a: Oinkologne|spe|1\n|-boost|p1a: Oinkologne|atk|1\n|-boost|p1a: Oinkologne|def|1\n|\n|-heal|p1a: Oinkologne|169/361 slp|[from] item: Leftovers\n|-damage|p1a: Oinkologne|124/361 slp|[from] Leech Seed|[of] p2a: Whimsicott\n|upkeep\n|turn|19\n|inactive|Time left: 300 sec this turn | 300 sec total\n|\n|t:|1783564275\n|move|p2a: Whimsicott|Encore|p1a: Oinkologne\n|-block|p1a: Oinkologne|ability: Aroma Veil|[of] p1a: Oinkologne\n|-curestatus|p1a: Oinkologne|slp|[msg]\n|move|p1a: Oinkologne|Rest|p1a: Oinkologne\n|-status|p1a: Oinkologne|slp|[from] move: Rest\n|-heal|p1a: Oinkologne|361/361 slp|[silent]\n|\n|-damage|p1a: Oinkologne|316/361 slp|[from] Leech Seed|[of] p2a: Whimsicott\n|upkeep\n|turn|20\n|inactive|Time left: 300 sec this turn | 300 sec total\n|\n|t:|1783564276\n|move|p2a: Whimsicott|Moonblast|p1a: Oinkologne\n|-damage|p1a: Oinkologne|237/361 slp\n|cant|p1a: Oinkologne|slp\n|move|p1a: Oinkologne|Sleep Talk|p1a: Oinkologne\n|move|p1a: Oinkologne|Body Slam|p2a: Whimsicott|[from] move: Sleep Talk\n|-end|p2a: Whimsicott|Substitute\n|\n|-heal|p1a: Oinkologne|259/361 slp|[from] item: Leftovers\n|-damage|p1a: Oinkologne|214/361 slp|[from] Leech Seed|[of] p2a: Whimsicott\n|upkeep\n|turn|21\n|inactive|Time left: 300 sec this turn | 300 sec total\n|\n|t:|1783564277\n|move|p2a: Whimsicott|Substitute|p2a: Whimsicott\n|-start|p2a: Whimsicott|Substitute\n|-damage|p2a: Whimsicott|76/100\n|cant|p1a: Oinkologne|slp\n|move|p1a: Oinkologne|Sleep Talk|p1a: Oinkologne\n|move|p1a: Oinkologne|Curse|p1a: Oinkologne|[from] move: Sleep Talk\n|-unboost|p1a: Oinkologne|spe|1\n|-boost|p1a: Oinkologne|atk|1\n|-boost|p1a: Oinkologne|def|1\n|\n|-heal|p2a: Whimsicott|82/100|[from] item: Leftovers\n|-heal|p1a: Oinkologne|236/361 slp|[from] item: Leftovers\n|-damage|p1a: Oinkologne|191/361 slp|[from] Leech Seed|[of] p2a: Whimsicott\n|-heal|p2a: Whimsicott|100/100|[silent]\n|upkeep\n|turn|22\n|inactive|Time left: 300 sec this turn | 300 sec total\n|\n|t:|1783564278\n|move|p2a: Whimsicott|Moonblast|p1a: Oinkologne\n|-damage|p1a: Oinkologne|118/361 slp\n|-unboost|p1a: Oinkologne|spa|1\n|-curestatus|p1a: Oinkologne|slp|[msg]\n|move|p1a: Oinkologne|Body Slam|p2a: Whimsicott\n|-end|p2a: Whimsicott|Substitute\n|\n|-heal|p1a: Oinkologne|140/361|[from] item: Leftovers\n|-damage|p1a: Oinkologne|95/361|[from] Leech Seed|[of] p2a: Whimsicott\n|upkeep\n|turn|23\n|inactive|Time left: 300 sec this turn | 300 sec total\n|\n|t:|1783564279\n|move|p2a: Whimsicott|Substitute|p2a: Whimsicott\n|-start|p2a: Whimsicott|Substitute\n|-damage|p2a: Whimsicott|76/100\n|move|p1a: Oinkologne|Body Slam|p2a: Whimsicott\n|-end|p2a: Whimsicott|Substitute\n|\n|-heal|p2a: Whimsicott|82/100|[from] item: Leftovers\n|-heal|p1a: Oinkologne|117/361|[from] item: Leftovers\n|-damage|p1a: Oinkologne|72/361|[from] Leech Seed|[of] p2a: Whimsicott\n|-heal|p2a: Whimsicott|100/100|[silent]\n|upkeep\n|turn|24\n|inactive|Time left: 300 sec this turn | 300 sec total\n|\n|t:|1783564280\n|-terastallize|p1a: Oinkologne|Poison\n|move|p2a: Whimsicott|Moonblast|p1a: Oinkologne\n|-resisted|p1a: Oinkologne\n|-damage|p1a: Oinkologne|33/361\n|move|p1a: Oinkologne|Body Slam|p2a: Whimsicott\n|-damage|p2a: Whimsicott|0 fnt\n|faint|p2a: Whimsicott\n|\n|-heal|p1a: Oinkologne|55/361|[from] item: Leftovers\n|upkeep\n|\n|t:|1783564281\n|switch|p2a: Dewgong|Dewgong, L94, M|100/100\n|turn|25\n|inactive|Time left: 300 sec this turn | 300 sec total\n|\n|t:|1783564282\n|move|p2a: Dewgong|Hydro Pump|p1a: Oinkologne\n|-crit|p1a: Oinkologne\n|-damage|p1a: Oinkologne|0 fnt\n|faint|p1a: Oinkologne\n|\n|upkeep\n|inactive|Time left: 300 sec this turn | 300 sec total | 5 sec grace\n|\n|t:|1783564283\n|switch|p1a: Zebstrika|Zebstrika, L87, M|272/272\n|-status|p1a: Zebstrika|tox\n|turn|26\n|inactive|Time left: 300 sec this turn | 300 sec total\n|\n|t:|1783564284\n|-terastallize|p2a: Dewgong|Grass\n|move|p1a: Zebstrika|Supercell Slam|p2a: Dewgong\n|-resisted|p2a: Dewgong\n|-damage|p2a: Dewgong|78/100\n|-damage|p1a: Zebstrika|245/272 tox|[from] item: Life Orb\n|move|p2a: Dewgong|Ice Beam|p1a: Zebstrika\n|-damage|p1a: Zebstrika|134/272 tox\n|\n|-damage|p1a: Zebstrika|117/272 tox|[from] psn\n|upkeep\n|turn|27\n|inactive|Time left: 300 sec this turn | 300 sec total\n|\n|t:|1783564285\n|move|p1a: Zebstrika|Overheat|p2a: Dewgong\n|-supereffective|p2a: Dewgong\n|-damage|p2a: Dewgong|49/100\n|-unboost|p1a: Zebstrika|spa|2\n|-damage|p1a: Zebstrika|90/272 tox|[from] item: Life Orb\n|move|p2a: Dewgong|Ice Beam|p1a: Zebstrika\n|-damage|p1a: Zebstrika|0 fnt\n|faint|p1a: Zebstrika\n|\n|upkeep\n|inactive|Time left: 300 sec this turn | 300 sec total | 5 sec grace\n|\n|t:|1783564286\n|switch|p1a: Miraidon|Miraidon, L65|238/238\n|-status|p1a: Miraidon|tox\n|-fieldstart|move: Electric Terrain|[from] ability: Hadron Engine|[of] p1a: Miraidon\n|turn|28\n|inactive|Time left: 300 sec this turn | 300 sec total\n|\n|t:|1783564287\n|move|p1a: Miraidon|Draco Meteor|p2a: Dewgong\n|-damage|p2a: Dewgong|0 fnt\n|-unboost|p1a: Miraidon|spa|2\n|faint|p2a: Dewgong\n|-damage|p1a: Miraidon|215/238 tox|[from] item: Life Orb\n|\n|-damage|p1a: Miraidon|201/238 tox|[from] psn\n|upkeep\n|\n|t:|1783564288\n|switch|p2a: Ambipom|Ambipom, L84, F|100/100\n|turn|29\n|inactive|Time left: 300 sec this turn | 300 sec total\n|\n|t:|1783564289\n|move|p2a: Ambipom|Fake Out|p1a: Miraidon\n|-damage|p1a: Miraidon|107/238 tox\n|cant|p1a: Miraidon|flinch\n|\n|-damage|p1a: Miraidon|79/238 tox|[from] psn\n|upkeep\n|turn|30\n|inactive|Time left: 300 sec this turn | 300 sec total\n|\n|t:|1783564290\n|move|p2a: Ambipom|Double-Edge|p1a: Miraidon\n|-damage|p1a: Miraidon|0 fnt\n|faint|p1a: Miraidon\n|-damage|p2a: Ambipom|91/100|[from] Recoil\n|\n|win|p0y2168d56c", "uploadtime": 1783564290, "views": 0, "rating": 0, "private": 0, "password": null, "_winner": "p0y2168d56c", "_our_name": "p0x2168c8bb"}