{"id": "battle-gen9randombattle-1585", "formatid": "gen9randombattle", "format": "[Gen 9] Random Battle", "players": ["p0x1585c72e", "p0y15852d1b"], "log": "|init|battle\n|title|p0x1585c72e vs. p0y15852d1b\n|j|\u2606p0x1585c72e\n|j|\u2606p0y15852d1b\n|t:|1783557561\n|gametype|singles\n|player|p1|p0x1585c72e|2|\n|player|p2|p0y15852d1b|1|\n|gen|9\n|tier|[Gen 9] Random Battle\n|rule|Species Clause: Limit one of each Pok\u00e9mon\n|rule|HP Percentage Mod: HP is shown in percentages\n|rule|Sleep Clause Mod: Limit one foe put to sleep\n|rule|Illusion Level Mod: Illusion disguises the Pok\u00e9mon's true level\n|\n|t:|1783557561\n|teamsize|p1|6\n|teamsize|p2|6\n|start\n|switch|p1a: Revavroom|Revavroom, L79, M|100/100\n|switch|p2a: Carbink|Carbink, L90|236/236\n|turn|1\n|inactive|Battle timer is ON: inactive players will automatically lose when time's up. (requested by p0y15852d1b)\n|inactive|p0x1585c72e also wants the timer to be on.\n|\n|t:|1783557562\n|switch|p2a: Kingambit|Kingambit, L74, M|270/270\n|move|p1a: Revavroom|Shift Gear|p1a: Revavroom\n|-boost|p1a: Revavroom|spe|2\n|-boost|p1a: Revavroom|atk|1\n|\n|upkeep\n|turn|2\n|inactive|Time left: 300 sec this turn | 300 sec total\n|\n|t:|1783557564\n|move|p1a: Revavroom|Shift Gear|p1a: Revavroom\n|-boost|p1a: Revavroom|spe|2\n|-boost|p1a: Revavroom|atk|1\n|move|p2a: Kingambit|Kowtow Cleave|p1a: Revavroom\n|-damage|p1a: Revavroom|64/100\n|\n|upkeep\n|turn|3\n|inactive|Time left: 300 sec this turn | 300 sec total\n|\n|t:|1783557565\n|move|p1a: Revavroom|High Horsepower|p2a: Kingambit\n|-supereffective|p2a: Kingambit\n|-damage|p2a: Kingambit|0 fnt\n|faint|p2a: Kingambit\n|-end|p2a: Kingambit|fallenundefined|[silent]\n|-damage|p1a: Revavroom|54/100|[from] item: Life Orb\n|\n|upkeep\n|inactive|Time left: 300 sec this turn | 300 sec total | 5 sec grace\n|\n|t:|1783557565\n|switch|p2a: Umbreon|Umbreon, L84, F|297/297\n|turn|4\n|inactive|Time left: 300 sec this turn | 300 sec total\n|\n|t:|1783557567\n|move|p1a: Revavroom|Iron Head|p2a: Umbreon\n|-damage|p2a: Umbreon|90/297\n|-damage|p1a: Revavroom|44/100|[from] item: Life Orb\n|move|p2a: Umbreon|Foul Play|p1a: Revavroom\n|-damage|p1a: Revavroom|0 fnt\n|faint|p1a: Revavroom\n|\n|-heal|p2a: Umbreon|108/297|[from] item: Leftovers\n|upkeep\n|\n|t:|1783557567\n|switch|p1a: Cinderace|Cinderace, L77, F|100/100\n|turn|5\n|inactive|Time left: 300 sec this turn | 300 sec total\n|\n|t:|1783557569\n|move|p2a: Umbreon|Protect|p2a: Umbreon\n|-singleturn|p2a: Umbreon|Protect\n|move|p1a: Cinderace|Pyro Ball|p2a: Umbreon\n|-activate|p2a: Umbreon|move: Protect\n|\n|-heal|p2a: Umbreon|126/297|[from] item: Leftovers\n|upkeep\n|turn|6\n|inactive|Time left: 300 sec this turn | 300 sec total\n|\n|t:|1783557570\n|switch|p2a: Carbink|Carbink, L90|236/236\n|move|p1a: Cinderace|Pyro Ball|p2a: Carbink\n|-resisted|p2a: Carbink\n|-damage|p2a: Carbink|178/236\n|\n|upkeep\n|turn|7\n|inactive|Time left: 300 sec this turn | 300 sec total\n|\n|t:|1783557571\n|move|p1a: Cinderace|Pyro Ball|p2a: Carbink\n|-resisted|p2a: Carbink\n|-damage|p2a: Carbink|121/236\n|move|p2a: Carbink|Iron Defense|p2a: Carbink\n|-boost|p2a: Carbink|def|2\n|\n|upkeep\n|turn|8\n|inactive|Time left: 300 sec this turn | 300 sec total\n|\n|t:|1783557572\n|switch|p1a: Mimikyu|Mimikyu, L79, M|100/100\n|move|p2a: Carbink|Body Press|p1a: Mimikyu\n|-immune|p1a: Mimikyu\n|\n|upkeep\n|turn|9\n|inactive|Time left: 300 sec this turn | 300 sec total\n|\n|t:|1783557573\n|move|p1a: Mimikyu|Swords Dance|p1a: Mimikyu\n|-boost|p1a: Mimikyu|atk|2\n|move|p2a: Carbink|Moonblast|p1a: Mimikyu\n|-activate|p1a: Mimikyu|ability: Disguise\n|-damage|p1a: Mimikyu|100/100\n|detailschange|p1a: Mimikyu|Mimikyu-Busted, L79, M\n|-damage|p1a: Mimikyu|88/100|[from] pokemon: Mimikyu-Busted\n|\n|upkeep\n|turn|10\n|inactive|Time left: 300 sec this turn | 300 sec total\n|\n|t:|1783557574\n|move|p1a: Mimikyu|Swords Dance|p1a: Mimikyu\n|-boost|p1a: Mimikyu|atk|2\n|move|p2a: Carbink|Rest|p2a: Carbink\n|-status|p2a: Carbink|slp|[from] move: Rest\n|-heal|p2a: Carbink|236/236 slp|[silent]\n|-enditem|p2a: Carbink|Chesto Berry|[eat]\n|-curestatus|p2a: Carbink|slp|[msg]\n|\n|upkeep\n|turn|11\n|inactive|Time left: 300 sec this turn | 300 sec total\n|\n|t:|1783557575\n|move|p1a: Mimikyu|Play Rough|p2a: Carbink\n|-crit|p2a: Carbink\n|-damage|p2a: Carbink|0 fnt\n|faint|p2a: Carbink\n|-damage|p1a: Mimikyu|78/100|[from] item: Life Orb\n|\n|upkeep\n|inactive|Time left: 300 sec this turn | 300 sec total | 5 sec grace\n|\n|t:|1783557576\n|switch|p2a: Pawmot|Pawmot, L80, M|243/243\n|turn|12\n|inactive|Time left: 300 sec this turn | 300 sec total\n|\n|t:|1783557577\n|move|p1a: Mimikyu|Shadow Sneak|p2a: Pawmot\n|-damage|p2a: Pawmot|68/243\n|-damage|p1a: Mimikyu|69/100|[from] item: Life Orb\n|move|p2a: Pawmot|Double Shock|p1a: Mimikyu\n|-crit|p1a: Mimikyu\n|-damage|p1a: Mimikyu|0 fnt\n|-start|p2a: Pawmot|typechange|???/Fighting|[from] move: Double Shock\n|faint|p1a: Mimikyu\n|-damage|p2a: Pawmot|44/243|[from] item: Life Orb\n|\n|upkeep\n|\n|t:|1783557578\n|switch|p1a: Cinderace|Cinderace, L77, F|100/100\n|turn|13\n|inactive|Time left: 300 sec this turn | 300 sec total\n|\n|t:|1783557579\n|switch|p2a: Azumarill|Azumarill, L82, F|298/298\n|move|p1a: Cinderace|Pyro Ball|p2a: Azumarill\n|-resisted|p2a: Azumarill\n|-damage|p2a: Azumarill|193/298\n|\n|upkeep\n|turn|14\n|inactive|Time left: 300 sec this turn | 300 sec total\n|\n|t:|1783557580\n|move|p1a: Cinderace|Pyro Ball|p2a: Azumarill\n|-resisted|p2a: Azumarill\n|-damage|p2a: Azumarill|94/298\n|-enditem|p2a: Azumarill|Sitrus Berry|[eat]\n|-heal|p2a: Azumarill|168/298|[from] item: Sitrus Berry\n|move|p2a: Azumarill|Play Rough|p1a: Cinderace\n|-resisted|p1a: Cinderace\n|-damage|p1a: Cinderace|71/100\n|\n|upkeep\n|turn|15\n|inactive|Time left: 300 sec this turn | 300 sec total\n|\n|t:|1783557582\n|move|p1a: Cinderace|Pyro Ball|p2a: Azumarill\n|-resisted|p2a: Azumarill\n|-damage|p2a: Azumarill|60/298\n|move|p2a: Azumarill|Liquidation|p1a: Cinderace\n|-supereffective|p1a: Cinderace\n|-damage|p1a: Cinderace|0 fnt\n|faint|p1a: Cinderace\n|\n|upkeep\n|\n|t:|1783557583\n|switch|p1a: Ambipom|Ambipom, L84, M|100/100\n|turn|16\n|inactive|Time left: 300 sec this turn | 300 sec total\n|\n|t:|1783557584\n|move|p2a: Azumarill|Aqua Jet|p1a: Ambipom\n|-damage|p1a: Ambipom|76/100\n|move|p1a: Ambipom|Double-Edge|p2a: Azumarill\n|-damage|p2a: Azumarill|0 fnt\n|faint|p2a: Azumarill\n|-damage|p1a: Ambipom|69/100|[from] Recoil\n|\n|upkeep\n|inactive|Time left: 300 sec this turn | 300 sec total | 5 sec grace\n|\n|t:|1783557585\n|switch|p2a: Rabsca|Rabsca, L91, M|284/284\n|turn|17\n|inactive|Time left: 300 sec this turn | 300 sec total\n|\n|t:|1783557586\n|move|p1a: Ambipom|U-turn|p2a: Rabsca\n|-supereffective|p2a: Rabsca\n|-damage|p2a: Rabsca|182/284\n|\n|t:|1783557587\n|switch|p1a: Moltres|Moltres-Galar, L79|100/100|[from] U-turn\n|move|p2a: Rabsca|Bug Buzz|p1a: Moltres\n|-damage|p1a: Moltres|62/100\n|\n|upkeep\n|turn|18\n|inactive|Time left: 300 sec this turn | 300 sec total\n|\n|t:|1783557588\n|switch|p2a: Pawmot|Pawmot, L80, M|44/243\n|move|p1a: Moltres|Fiery Wrath|p2a: Pawmot\n|-resisted|p2a: Pawmot\n|-damage|p2a: Pawmot|0 fnt\n|faint|p2a: Pawmot\n|\n|upkeep\n|inactive|Time left: 300 sec this turn | 300 sec total | 5 sec grace\n|\n|t:|1783557589\n|switch|p2a: Umbreon|Umbreon, L84, F|126/297\n|turn|19\n|inactive|Time left: 300 sec this turn | 300 sec total\n|\n|t:|1783557590\n|move|p1a: Moltres|Nasty Plot|p1a: Moltres\n|-boost|p1a: Moltres|spa|2\n|move|p2a: Umbreon|Toxic|p1a: Moltres\n|-status|p1a: Moltres|tox\n|\n|-heal|p2a: Umbreon|144/297|[from] item: Leftovers\n|-damage|p1a: Moltres|57/100 tox|[from] psn\n|upkeep\n|turn|20\n|inactive|Time left: 300 sec this turn | 300 sec total\n|\n|t:|1783557591\n|move|p2a: Umbreon|Protect|p2a: Umbreon\n|-singleturn|p2a: Umbreon|Protect\n|move|p1a: Moltres|Hurricane|p2a: Umbreon\n|-activate|p2a: Umbreon|move: Protect\n|\n|-heal|p2a: Umbreon|162/297|[from] item: Leftovers\n|-damage|p1a: Moltres|45/100 tox|[from] psn\n|upkeep\n|turn|21\n|inactive|Time left: 300 sec this turn | 300 sec total\n|\n|t:|1783557592\n|move|p1a: Moltres|Hurricane|p2a: Umbreon\n|-damage|p2a: Umbreon|15/297\n|move|p2a: Umbreon|Wish|p2a: Umbreon\n|\n|-heal|p2a: Umbreon|33/297|[from] item: Leftovers\n|-damage|p1a: Moltres|27/100 tox|[from] psn\n|upkeep\n|turn|22\n|inactive|Time left: 300 sec this turn | 300 sec total\n|\n|t:|1783557593\n|move|p2a: Umbreon|Protect|p2a: Umbreon\n|-singleturn|p2a: Umbreon|Protect\n|move|p1a: Moltres|Fiery Wrath|p2a: Umbreon\n|-activate|p2a: Umbreon|move: Protect\n|\n|-heal|p2a: Umbreon|181/297|[from] move: Wish|[wisher] Umbreon\n|-heal|p2a: Umbreon|199/297|[from] item: Leftovers\n|-damage|p1a: Moltres|3/100 tox|[from] psn\n|upkeep\n|turn|23\n|inactive|Time left: 300 sec this turn | 300 sec total\n|\n|t:|1783557595\n|move|p1a: Moltres|Hurricane|p2a: Umbreon\n|-damage|p2a: Umbreon|51/297\n|-start|p2a: Umbreon|confusion\n|-activate|p2a: Umbreon|confusion\n|-damage|p2a: Umbreon|37/297|[from] confusion\n|\n|-heal|p2a: Umbreon|55/297|[from] item: Leftovers\n|-damage|p1a: Moltres|0 fnt|[from] psn\n|faint|p1a: Moltres\n|upkeep\n|\n|t:|1783557595\n|switch|p1a: Roaring Moon|Roaring Moon, L72|100/100\n|-enditem|p1a: Roaring Moon|Booster Energy\n|-activate|p1a: Roaring Moon|ability: Protosynthesis|[fromitem]\n|-start|p1a: Roaring Moon|protosynthesisatk\n|turn|24\n|inactive|Time left: 300 sec this turn | 300 sec total\n|\n|t:|1783557596\n|-terastallize|p1a: Roaring Moon|Steel\n|-end|p2a: Umbreon|confusion\n|move|p2a: Umbreon|Protect|p2a: Umbreon\n|-singleturn|p2a: Umbreon|Protect\n|move|p1a: Roaring Moon|Outrage|p2a: Umbreon\n|-activate|p2a: Umbreon|move: Protect\n|\n|-heal|p2a: Umbreon|73/297|[from] item: Leftovers\n|upkeep\n|turn|25\n|inactive|Time left: 300 sec this turn | 300 sec total\n|\n|t:|1783557597\n|move|p1a: Roaring Moon|Iron Head|p2a: Umbreon\n|-damage|p2a: Umbreon|0 fnt\n|faint|p2a: Umbreon\n|\n|upkeep\n|inactive|Time left: 300 sec this turn | 300 sec total | 5 sec grace\n|\n|t:|1783557598\n|switch|p2a: Rabsca|Rabsca, L91, M|182/284\n|turn|26\n|inactive|Time left: 300 sec this turn | 300 sec total\n|\n|t:|1783557599\n|-terastallize|p2a: Rabsca|Steel\n|move|p1a: Roaring Moon|Knock Off|p2a: Rabsca\n|-damage|p2a: Rabsca|68/284\n|-enditem|p2a: Rabsca|Heavy-Duty Boots|[from] move: Knock Off|[of] p1a: Roaring Moon\n|move|p2a: Rabsca|Recover|p2a: Rabsca\n|-heal|p2a: Rabsca|210/284\n|\n|upkeep\n|turn|27\n|inactive|Time left: 300 sec this turn | 300 sec total\n|\n|t:|1783557600\n|move|p1a: Roaring Moon|Dragon Dance|p1a: Roaring Moon\n|-boost|p1a: Roaring Moon|atk|1\n|-boost|p1a: Roaring Moon|spe|1\n|move|p2a: Rabsca|Recover|p2a: Rabsca\n|-heal|p2a: Rabsca|284/284\n|\n|upkeep\n|turn|28\n|inactive|Time left: 300 sec this turn | 300 sec total\n|\n|t:|1783557601\n|move|p1a: Roaring Moon|Outrage|p2a: Rabsca\n|-resisted|p2a: Rabsca\n|-damage|p2a: Rabsca|167/284\n|move|p2a: Rabsca|Psychic|p1a: Roaring Moon\n|-resisted|p1a: Roaring Moon\n|-damage|p1a: Roaring Moon|75/100\n|\n|upkeep\n|turn|29\n|inactive|Time left: 300 sec this turn | 300 sec total\n|\n|t:|1783557602\n|move|p1a: Roaring Moon|Outrage|p2a: Rabsca|[from] lockedmove\n|-resisted|p2a: Rabsca\n|-damage|p2a: Rabsca|56/284\n|-start|p1a: Roaring Moon|confusion|[fatigue]\n|move|p2a: Rabsca|Recover|p2a: Rabsca\n|-heal|p2a: Rabsca|198/284\n|\n|upkeep\n|turn|30\n|inactive|Time left: 300 sec this turn | 300 sec total\n|\n|t:|1783557603\n|-activate|p1a: Roaring Moon|confusion\n|move|p1a: Roaring Moon|Outrage|p2a: Rabsca\n|-resisted|p2a: Rabsca\n|-damage|p2a: Rabsca|84/284\n|move|p2a: Rabsca|Recover|p2a: Rabsca\n|-heal|p2a: Rabsca|226/284\n|\n|upkeep\n|turn|31\n|inactive|Time left: 300 sec this turn | 300 sec total\n|\n|t:|1783557604\n|-end|p1a: Roaring Moon|confusion\n|move|p1a: Roaring Moon|Outrage|p2a: Rabsca|[from] lockedmove\n|-resisted|p2a: Rabsca\n|-damage|p2a: Rabsca|120/284\n|-start|p1a: Roaring Moon|confusion|[fatigue]\n|move|p2a: Rabsca|Recover|p2a: Rabsca\n|-heal|p2a: Rabsca|262/284\n|\n|upkeep\n|turn|32\n|inactive|Time left: 300 sec this turn | 300 sec total\n|\n|t:|1783557605\n|-activate|p1a: Roaring Moon|confusion\n|move|p1a: Roaring Moon|Iron Head|p2a: Rabsca\n|-resisted|p2a: Rabsca\n|-damage|p2a: Rabsca|184/284\n|move|p2a: Rabsca|Psychic|p1a: Roaring Moon\n|-resisted|p1a: Roaring Moon\n|-damage|p1a: Roaring Moon|50/100\n|\n|upkeep\n|turn|33\n|inactive|Time left: 300 sec this turn | 300 sec total\n|\n|t:|1783557606\n|-end|p1a: Roaring Moon|confusion\n|move|p1a: Roaring Moon|Iron Head|p2a: Rabsca\n|-resisted|p2a: Rabsca\n|-damage|p2a: Rabsca|111/284\n|move|p2a: Rabsca|Recover|p2a: Rabsca\n|-heal|p2a: Rabsca|253/284\n|\n|upkeep\n|turn|34\n|inactive|Time left: 300 sec this turn | 300 sec total\n|\n|t:|1783557608\n|move|p1a: Roaring Moon|Knock Off|p2a: Rabsca\n|-damage|p2a: Rabsca|118/284\n|move|p2a: Rabsca|Recover|p2a: Rabsca\n|-heal|p2a: Rabsca|260/284\n|\n|upkeep\n|turn|35\n|inactive|Time left: 300 sec this turn | 300 sec total\n|\n|t:|1783557609\n|move|p1a: Roaring Moon|Outrage|p2a: Rabsca\n|-resisted|p2a: Rabsca\n|-damage|p2a: Rabsca|146/284\n|move|p2a: Rabsca|Recover|p2a: Rabsca\n|-heal|p2a: Rabsca|284/284\n|\n|upkeep\n|turn|36\n|inactive|Time left: 300 sec this turn | 300 sec total\n|\n|t:|1783557610\n|move|p1a: Roaring Moon|Outrage|p2a: Rabsca|[from] lockedmove\n|-resisted|p2a: Rabsca\n|-damage|p2a: Rabsca|170/284\n|move|p2a: Rabsca|Psychic|p1a: Roaring Moon\n|-resisted|p1a: Roaring Moon\n|-damage|p1a: Roaring Moon|25/100\n|\n|upkeep\n|turn|37\n|inactive|Time left: 300 sec this turn | 300 sec total\n|\n|t:|1783557611\n|move|p1a: Roaring Moon|Outrage|p2a: Rabsca|[from] lockedmove\n|-resisted|p2a: Rabsca\n|-damage|p2a: Rabsca|55/284\n|-start|p1a: Roaring Moon|confusion|[fatigue]\n|move|p2a: Rabsca|Bug Buzz|p1a: Roaring Moon\n|-resisted|p1a: Roaring Moon\n|-damage|p1a: Roaring Moon|1/100\n|\n|upkeep\n|turn|38\n|inactive|Time left: 300 sec this turn | 300 sec total\n|\n|t:|1783557612\n|-activate|p1a: Roaring Moon|confusion\n|move|p1a: Roaring Moon|Outrage|p2a: Rabsca\n|-resisted|p2a: Rabsca\n|-damage|p2a: Rabsca|0 fnt\n|faint|p2a: Rabsca\n|\n|win|p0x1585c72e", "uploadtime": 1783557612, "views": 0, "rating": 0, "private": 0, "password": null, "_winner": "p0x1585c72e", "_our_name": "p0y15852d1b"}