{"id": "battle-gen9randombattle-1876", "formatid": "gen9randombattle", "format": "[Gen 9] Random Battle", "players": ["p0x18768fc9", "p0y18769678"], "log": "|init|battle\n|title|p0x18768fc9 vs. p0y18769678\n|j|\u2606p0x18768fc9\n|j|\u2606p0y18769678\n|t:|1783561723\n|gametype|singles\n|player|p1|p0x18768fc9|101|\n|player|p2|p0y18769678|101|\n|gen|9\n|tier|[Gen 9] Random Battle\n|rule|Species Clause: Limit one of each Pok\u00e9mon\n|rule|HP Percentage Mod: HP is shown in percentages\n|rule|Sleep Clause Mod: Limit one foe put to sleep\n|rule|Illusion Level Mod: Illusion disguises the Pok\u00e9mon's true level\n|\n|t:|1783561723\n|teamsize|p1|6\n|teamsize|p2|6\n|start\n|switch|p1a: Noivern|Noivern, L82, M|100/100\n|switch|p2a: Flapple|Flapple, L88, F|266/266\n|turn|1\n|inactive|Battle timer is ON: inactive players will automatically lose when time's up. (requested by p0y18769678)\n|inactive|p0x18768fc9 also wants the timer to be on.\n|\n|t:|1783561725\n|-terastallize|p2a: Flapple|Steel\n|move|p1a: Noivern|Hurricane|p2a: Flapple\n|-resisted|p2a: Flapple\n|-damage|p2a: Flapple|163/266\n|move|p2a: Flapple|Outrage|p1a: Noivern\n|-supereffective|p1a: Noivern\n|-damage|p1a: Noivern|0 fnt\n|faint|p1a: Noivern\n|\n|upkeep\n|\n|t:|1783561726\n|switch|p1a: Perrserker|Perrserker, L89, F|100/100\n|turn|2\n|inactive|Time left: 300 sec this turn | 300 sec total\n|\n|t:|1783561727\n|move|p2a: Flapple|Outrage|p1a: Perrserker|[from] lockedmove\n|-resisted|p1a: Perrserker\n|-damage|p1a: Perrserker|43/100\n|move|p1a: Perrserker|Close Combat|p2a: Flapple\n|-supereffective|p2a: Flapple\n|-damage|p2a: Flapple|0 fnt\n|-unboost|p1a: Perrserker|def|1\n|-unboost|p1a: Perrserker|spd|1\n|faint|p2a: Flapple\n|-damage|p1a: Perrserker|33/100|[from] item: Life Orb\n|\n|upkeep\n|inactive|Time left: 300 sec this turn | 300 sec total | 5 sec grace\n|\n|t:|1783561728\n|switch|p2a: Azelf|Azelf, L82|257/257\n|turn|3\n|inactive|Time left: 300 sec this turn | 300 sec total\n|\n|t:|1783561729\n|move|p2a: Azelf|Psychic|p1a: Perrserker\n|-resisted|p1a: Perrserker\n|-damage|p1a: Perrserker|0 fnt\n|faint|p1a: Perrserker\n|\n|upkeep\n|\n|t:|1783561730\n|switch|p1a: Girafarig|Girafarig, L89, M|100/100\n|turn|4\n|inactive|Time left: 300 sec this turn | 300 sec total\n|\n|t:|1783561731\n|move|p2a: Azelf|Psychic|p1a: Girafarig\n|-resisted|p1a: Girafarig\n|-damage|p1a: Girafarig|78/100\n|move|p1a: Girafarig|Nasty Plot|p1a: Girafarig\n|-boost|p1a: Girafarig|spa|2\n|\n|upkeep\n|turn|5\n|inactive|Time left: 300 sec this turn | 300 sec total\n|\n|t:|1783561732\n|switch|p2a: Palossand|Palossand, L89, M|296/296\n|move|p1a: Girafarig|Hyper Voice|p2a: Palossand\n|-immune|p2a: Palossand\n|\n|upkeep\n|turn|6\n|inactive|Time left: 300 sec this turn | 300 sec total\n|\n|t:|1783561733\n|move|p1a: Girafarig|Psyshock|p2a: Palossand\n|-damage|p2a: Palossand|160/296\n|move|p2a: Palossand|Sludge Bomb|p1a: Girafarig\n|-damage|p1a: Girafarig|55/100\n|-status|p1a: Girafarig|psn\n|\n|-heal|p2a: Palossand|178/296|[from] item: Leftovers\n|-damage|p1a: Girafarig|43/100 psn|[from] psn\n|upkeep\n|turn|7\n|inactive|Time left: 300 sec this turn | 300 sec total\n|\n|t:|1783561734\n|move|p1a: Girafarig|Psyshock|p2a: Palossand\n|-damage|p2a: Palossand|24/296\n|move|p2a: Palossand|Earth Power|p1a: Girafarig\n|-damage|p1a: Girafarig|10/100 psn\n|\n|-heal|p2a: Palossand|42/296|[from] item: Leftovers\n|-damage|p1a: Girafarig|0 fnt|[from] psn\n|faint|p1a: Girafarig\n|upkeep\n|\n|t:|1783561735\n|switch|p1a: Drednaw|Drednaw, L81, F|100/100\n|turn|8\n|inactive|Time left: 300 sec this turn | 300 sec total\n|\n|t:|1783561736\n|-terastallize|p1a: Drednaw|Water\n|move|p1a: Drednaw|Shell Smash|p1a: Drednaw\n|-unboost|p1a: Drednaw|def|1\n|-unboost|p1a: Drednaw|spd|1\n|-boost|p1a: Drednaw|atk|2\n|-boost|p1a: Drednaw|spa|2\n|-boost|p1a: Drednaw|spe|2\n|-enditem|p1a: Drednaw|White Herb\n|-clearnegativeboost|p1a: Drednaw|[silent]\n|move|p2a: Palossand|Earth Power|p1a: Drednaw\n|-damage|p1a: Drednaw|53/100\n|-unboost|p1a: Drednaw|spd|1\n|\n|-heal|p2a: Palossand|60/296|[from] item: Leftovers\n|upkeep\n|turn|9\n|inactive|Time left: 300 sec this turn | 300 sec total\n|\n|t:|1783561737\n|move|p1a: Drednaw|Liquidation|p2a: Palossand\n|-supereffective|p2a: Palossand\n|-damage|p2a: Palossand|0 fnt\n|faint|p2a: Palossand\n|\n|upkeep\n|inactive|Time left: 300 sec this turn | 300 sec total | 5 sec grace\n|\n|t:|1783561738\n|switch|p2a: Avalugg|Avalugg-Hisui, L90, M|317/317\n|turn|10\n|inactive|Time left: 300 sec this turn | 300 sec total\n|\n|t:|1783561739\n|move|p1a: Drednaw|Liquidation|p2a: Avalugg\n|-supereffective|p2a: Avalugg\n|-damage|p2a: Avalugg|53/317\n|-unboost|p2a: Avalugg|def|1\n|move|p2a: Avalugg|Stone Edge|p1a: Drednaw\n|-damage|p1a: Drednaw|0 fnt\n|faint|p1a: Drednaw\n|\n|upkeep\n|\n|t:|1783561739\n|switch|p1a: Pincurchin|Pincurchin, F|100/100\n|-fieldstart|move: Electric Terrain|[from] ability: Electric Surge|[of] p1a: Pincurchin\n|turn|11\n|inactive|Time left: 300 sec this turn | 300 sec total\n|\n|t:|1783561740\n|move|p2a: Avalugg|Stone Edge|p1a: Pincurchin\n|-damage|p1a: Pincurchin|57/100\n|move|p1a: Pincurchin|Thunderbolt|p2a: Avalugg\n|-damage|p2a: Avalugg|0 fnt\n|faint|p2a: Avalugg\n|\n|-heal|p1a: Pincurchin|63/100|[from] item: Leftovers\n|upkeep\n|inactive|Time left: 300 sec this turn | 300 sec total | 5 sec grace\n|\n|t:|1783561741\n|switch|p2a: Ambipom|Ambipom, L84, M|263/263\n|turn|12\n|inactive|Time left: 300 sec this turn | 300 sec total\n|\n|t:|1783561742\n|move|p2a: Ambipom|Fake Out|p1a: Pincurchin\n|-damage|p1a: Pincurchin|37/100\n|cant|p1a: Pincurchin|flinch\n|\n|-heal|p1a: Pincurchin|43/100|[from] item: Leftovers\n|upkeep\n|turn|13\n|inactive|Time left: 300 sec this turn | 300 sec total\n|\n|t:|1783561743\n|switch|p1a: Groudon|Groudon, L72|100/100\n|-weather|SunnyDay|[from] ability: Drought|[of] p1a: Groudon\n|move|p2a: Ambipom|Double-Edge|p1a: Groudon\n|-damage|p1a: Groudon|49/100\n|-damage|p2a: Ambipom|218/263|[from] Recoil\n|\n|-weather|SunnyDay|[upkeep]\n|-heal|p1a: Groudon|55/100|[from] item: Leftovers\n|upkeep\n|turn|14\n|inactive|Time left: 300 sec this turn | 300 sec total\n|\n|t:|1783561744\n|switch|p2a: Azelf|Azelf, L82|257/257\n|move|p1a: Groudon|Roar|p2a: Azelf\n|drag|p2a: Toxapex|Toxapex, L82, M|216/216\n|\n|-weather|SunnyDay|[upkeep]\n|-heal|p1a: Groudon|61/100|[from] item: Leftovers\n|upkeep\n|turn|15\n|inactive|Time left: 300 sec this turn | 300 sec total\n|\n|t:|1783561744\n|switch|p2a: Azelf|Azelf, L82|257/257\n|move|p1a: Groudon|Precipice Blades|p2a: Azelf\n|-immune|p2a: Azelf|[from] ability: Levitate\n|\n|-weather|SunnyDay|[upkeep]\n|-heal|p1a: Groudon|67/100|[from] item: Leftovers\n|-fieldend|move: Electric Terrain\n|upkeep\n|turn|16\n|inactive|Time left: 300 sec this turn | 300 sec total\n|\n|t:|1783561745\n|move|p2a: Azelf|Psychic|p1a: Groudon\n|-damage|p1a: Groudon|0 fnt\n|faint|p1a: Groudon\n|\n|-weather|SunnyDay|[upkeep]\n|upkeep\n|\n|t:|1783561746\n|switch|p1a: Pincurchin|Pincurchin, F|43/100\n|-fieldstart|move: Electric Terrain|[from] ability: Electric Surge|[of] p1a: Pincurchin\n|turn|17\n|inactive|Time left: 300 sec this turn | 300 sec total\n|\n|t:|1783561747\n|move|p2a: Azelf|Psychic|p1a: Pincurchin\n|-damage|p1a: Pincurchin|0 fnt\n|faint|p1a: Pincurchin\n|\n|win|p0y18769678", "uploadtime": 1783561747, "views": 0, "rating": 0, "private": 0, "password": null, "_winner": "p0y18769678", "_our_name": "p0y18769678"}