{"id": "battle-gen9randombattle-1778", "formatid": "gen9randombattle", "format": "[Gen 9] Random Battle", "players": ["p0x17784661", "p0y17780b28"], "log": "|init|battle\n|title|p0x17784661 vs. p0y17780b28\n|j|\u2606p0x17784661\n|j|\u2606p0y17780b28\n|t:|1783559848\n|gametype|singles\n|player|p1|p0x17784661|169|\n|player|p2|p0y17780b28|169|\n|gen|9\n|tier|[Gen 9] Random Battle\n|rule|Species Clause: Limit one of each Pok\u00e9mon\n|rule|HP Percentage Mod: HP is shown in percentages\n|rule|Sleep Clause Mod: Limit one foe put to sleep\n|rule|Illusion Level Mod: Illusion disguises the Pok\u00e9mon's true level\n|\n|t:|1783559848\n|teamsize|p1|6\n|teamsize|p2|6\n|start\n|switch|p1a: Oricorio|Oricorio-Pom-Pom, L82, F|100/100\n|switch|p2a: Forretress|Forretress, L84, F|263/263\n|turn|1\n|inactive|Battle timer is ON: inactive players will automatically lose when time's up. (requested by p0x17784661)\n|inactive|Time left: 300 sec this turn | 300 sec total | 60 sec grace\n|inactive|p0y17780b28 also wants the timer to be on.\n|\n|t:|1783559849\n|switch|p2a: Iron Hands|Iron Hands, L79|373/373\n|move|p1a: Oricorio|Quiver Dance|p1a: Oricorio\n|-boost|p1a: Oricorio|spa|1\n|-boost|p1a: Oricorio|spd|1\n|-boost|p1a: Oricorio|spe|1\n|\n|upkeep\n|turn|2\n|inactive|Time left: 300 sec this turn | 300 sec total\n|\n|t:|1783559850\n|move|p1a: Oricorio|Hurricane|p2a: Iron Hands\n|-damage|p2a: Iron Hands|163/373\n|move|p2a: Iron Hands|Ice Punch|p1a: Oricorio\n|-supereffective|p1a: Oricorio\n|-damage|p1a: Oricorio|41/100\n|\n|-heal|p2a: Iron Hands|186/373|[from] item: Leftovers\n|upkeep\n|turn|3\n|inactive|Time left: 300 sec this turn | 300 sec total\n|\n|t:|1783559851\n|move|p1a: Oricorio|Hurricane|p2a: Iron Hands\n|-damage|p2a: Iron Hands|0 fnt\n|faint|p2a: Iron Hands\n|-end|p2a: Iron Hands|Quark Drive|[silent]\n|\n|upkeep\n|inactive|Time left: 300 sec this turn | 300 sec total | 5 sec grace\n|\n|t:|1783559852\n|switch|p2a: Mamoswine|Mamoswine, L81, M|311/311\n|turn|4\n|inactive|Time left: 300 sec this turn | 300 sec total\n|\n|t:|1783559853\n|move|p2a: Mamoswine|Ice Shard|p1a: Oricorio\n|-supereffective|p1a: Oricorio\n|-damage|p1a: Oricorio|0 fnt\n|faint|p1a: Oricorio\n|-damage|p2a: Mamoswine|280/311|[from] item: Life Orb\n|\n|upkeep\n|\n|t:|1783559854\n|switch|p1a: Leafeon|Leafeon, L88, F|100/100\n|turn|5\n|inactive|Time left: 300 sec this turn | 300 sec total\n|\n|t:|1783559855\n|switch|p2a: Venomoth|Venomoth, L84, M|255/255\n|move|p1a: Leafeon|Leaf Blade|p2a: Venomoth\n|-resisted|p2a: Venomoth\n|-damage|p2a: Venomoth|204/255\n|-damage|p1a: Leafeon|91/100|[from] item: Life Orb\n|\n|upkeep\n|turn|6\n|inactive|Time left: 300 sec this turn | 300 sec total\n|\n|t:|1783559856\n|-terastallize|p1a: Leafeon|Dark\n|move|p1a: Leafeon|Knock Off|p2a: Venomoth\n|-damage|p2a: Venomoth|8/255\n|-enditem|p2a: Venomoth|Heavy-Duty Boots|[from] move: Knock Off|[of] p1a: Leafeon\n|-damage|p1a: Leafeon|81/100|[from] item: Life Orb\n|move|p2a: Venomoth|Bug Buzz|p1a: Leafeon\n|-supereffective|p1a: Leafeon\n|-damage|p1a: Leafeon|4/100\n|\n|upkeep\n|turn|7\n|inactive|Time left: 300 sec this turn | 300 sec total\n|\n|t:|1783559857\n|move|p1a: Leafeon|Knock Off|p2a: Venomoth\n|-damage|p2a: Venomoth|0 fnt\n|faint|p2a: Venomoth\n|-damage|p1a: Leafeon|0 fnt|[from] item: Life Orb\n|faint|p1a: Leafeon\n|\n|upkeep\n|inactive|Time left: 300 sec this turn | 300 sec total | 5 sec grace\n|\n|t:|1783559858\n|switch|p1a: Darkrai|Darkrai, L77|100/100\n|switch|p2a: Rhydon|Rhydon, L85, F|317/317\n|turn|8\n|inactive|Time left: 300 sec this turn | 300 sec total\n|\n|t:|1783559859\n|move|p1a: Darkrai|Substitute|p1a: Darkrai\n|-start|p1a: Darkrai|Substitute\n|-damage|p1a: Darkrai|76/100\n|move|p2a: Rhydon|Swords Dance|p2a: Rhydon\n|-boost|p2a: Rhydon|atk|2\n|\n|-heal|p1a: Darkrai|82/100|[from] item: Leftovers\n|upkeep\n|turn|9\n|inactive|Time left: 300 sec this turn | 300 sec total\n|\n|t:|1783559860\n|move|p1a: Darkrai|Dark Pulse|p2a: Rhydon\n|-damage|p2a: Rhydon|212/317\n|move|p2a: Rhydon|Earthquake|p1a: Darkrai\n|-end|p1a: Darkrai|Substitute\n|\n|-heal|p1a: Darkrai|88/100|[from] item: Leftovers\n|upkeep\n|turn|10\n|inactive|Time left: 300 sec this turn | 300 sec total\n|\n|t:|1783559861\n|move|p1a: Darkrai|Dark Pulse|p2a: Rhydon\n|-damage|p2a: Rhydon|115/317\n|cant|p2a: Rhydon|flinch\n|\n|-heal|p1a: Darkrai|94/100|[from] item: Leftovers\n|upkeep\n|turn|11\n|inactive|Time left: 300 sec this turn | 300 sec total\n|\n|t:|1783559862\n|move|p1a: Darkrai|Dark Pulse|p2a: Rhydon\n|-damage|p2a: Rhydon|18/317\n|move|p2a: Rhydon|Earthquake|p1a: Darkrai\n|-damage|p1a: Darkrai|0 fnt\n|faint|p1a: Darkrai\n|\n|upkeep\n|\n|t:|1783559863\n|switch|p1a: Gallade|Gallade, L80, M|100/100\n|turn|12\n|inactive|Time left: 300 sec this turn | 300 sec total\n|\n|t:|1783559864\n|move|p1a: Gallade|Sacred Sword|p2a: Rhydon\n|-supereffective|p2a: Rhydon\n|-damage|p2a: Rhydon|0 fnt\n|faint|p2a: Rhydon\n|-damage|p1a: Gallade|90/100|[from] item: Life Orb\n|\n|upkeep\n|inactive|Time left: 300 sec this turn | 300 sec total | 5 sec grace\n|\n|t:|1783559865\n|switch|p2a: Swanna|Swanna, L89, M|278/278\n|turn|13\n|inactive|Time left: 300 sec this turn | 300 sec total\n|\n|t:|1783559866\n|switch|p1a: Solgaleo|Solgaleo, L74|100/100\n|move|p2a: Swanna|Brave Bird|p1a: Solgaleo\n|-resisted|p1a: Solgaleo\n|-damage|p1a: Solgaleo|82/100\n|-damage|p2a: Swanna|259/278|[from] Recoil\n|\n|upkeep\n|turn|14\n|inactive|Time left: 300 sec this turn | 300 sec total\n|\n|t:|1783559867\n|move|p2a: Swanna|Hydro Pump|p1a: Solgaleo\n|-damage|p1a: Solgaleo|40/100\n|move|p1a: Solgaleo|Knock Off|p2a: Swanna\n|-damage|p2a: Swanna|168/278\n|-enditem|p2a: Swanna|Heavy-Duty Boots|[from] move: Knock Off|[of] p1a: Solgaleo\n|\n|upkeep\n|turn|15\n|inactive|Time left: 300 sec this turn | 300 sec total\n|\n|t:|1783559868\n|move|p2a: Swanna|Hydro Pump|p1a: Solgaleo\n|-damage|p1a: Solgaleo|0 fnt\n|faint|p1a: Solgaleo\n|\n|upkeep\n|\n|t:|1783559869\n|switch|p1a: Flapple|Flapple, L88, F|100/100\n|turn|16\n|inactive|Time left: 300 sec this turn | 300 sec total\n|\n|t:|1783559870\n|move|p2a: Swanna|Brave Bird|p1a: Flapple\n|-supereffective|p1a: Flapple\n|-damage|p1a: Flapple|0 fnt\n|faint|p1a: Flapple\n|-damage|p2a: Swanna|80/278|[from] Recoil\n|\n|upkeep\n|\n|t:|1783559871\n|switch|p1a: Gallade|Gallade, L80, M|90/100\n|turn|17\n|inactive|Time left: 300 sec this turn | 300 sec total\n|\n|t:|1783559872\n|-terastallize|p2a: Swanna|Ground\n|move|p2a: Swanna|Brave Bird|p1a: Gallade\n|-supereffective|p1a: Gallade\n|-damage|p1a: Gallade|0 fnt\n|faint|p1a: Gallade\n|-damage|p2a: Swanna|9/278|[from] Recoil\n|\n|win|p0y17780b28", "uploadtime": 1783559872, "views": 0, "rating": 0, "private": 0, "password": null, "_winner": "p0y17780b28", "_our_name": "p0y17780b28"}