{"id": "battle-gen9randombattle-1242", "formatid": "gen9randombattle", "format": "[Gen 9] Random Battle", "players": ["p0x1242313f", "p0y12420bca"], "log": "|init|battle\n|title|p0x1242313f vs. p0y12420bca\n|j|\u2606p0x1242313f\n|j|\u2606p0y12420bca\n|t:|1783553527\n|gametype|singles\n|player|p1|p0x1242313f|101|\n|player|p2|p0y12420bca|170|\n|gen|9\n|tier|[Gen 9] Random Battle\n|rule|Species Clause: Limit one of each Pok\u00e9mon\n|rule|HP Percentage Mod: HP is shown in percentages\n|rule|Sleep Clause Mod: Limit one foe put to sleep\n|rule|Illusion Level Mod: Illusion disguises the Pok\u00e9mon's true level\n|\n|t:|1783553527\n|teamsize|p1|6\n|teamsize|p2|6\n|start\n|switch|p1a: Hitmonlee|Hitmonlee, L85, M|100/100\n|switch|p2a: Regieleki|Regieleki, L79|256/256\n|turn|1\n|inactive|Battle timer is ON: inactive players will automatically lose when time's up. (requested by p0x1242313f)\n|inactive|Time left: 300 sec this turn | 300 sec total | 60 sec grace\n|inactive|p0y12420bca also wants the timer to be on.\n|\n|t:|1783553529\n|move|p2a: Regieleki|Volt Switch|p1a: Hitmonlee\n|-damage|p1a: Hitmonlee|58/100\n|inactive|Time left: 300 sec this turn | 300 sec total | 65 sec grace\n|\n|t:|1783553530\n|switch|p2a: Entei|Entei, L78|307/307|[from] Volt Switch\n|move|p1a: Hitmonlee|Close Combat|p2a: Entei\n|-damage|p2a: Entei|132/307\n|-unboost|p1a: Hitmonlee|def|1\n|-unboost|p1a: Hitmonlee|spd|1\n|-enditem|p1a: Hitmonlee|White Herb\n|-clearnegativeboost|p1a: Hitmonlee|[silent]\n|\n|upkeep\n|turn|2\n|inactive|Time left: 300 sec this turn | 300 sec total\n|\n|t:|1783553532\n|move|p1a: Hitmonlee|Close Combat|p2a: Entei\n|-damage|p2a: Entei|0 fnt\n|-unboost|p1a: Hitmonlee|def|1\n|-unboost|p1a: Hitmonlee|spd|1\n|faint|p2a: Entei\n|\n|upkeep\n|inactive|Time left: 300 sec this turn | 300 sec total | 5 sec grace\n|\n|t:|1783553533\n|switch|p2a: Kyogre|Kyogre, L71|259/259\n|-weather|RainDance|[from] ability: Drizzle|[of] p2a: Kyogre\n|turn|3\n|inactive|Time left: 300 sec this turn | 300 sec total\n|\n|t:|1783553534\n|move|p1a: Hitmonlee|Close Combat|p2a: Kyogre\n|-damage|p2a: Kyogre|67/259\n|-unboost|p1a: Hitmonlee|def|1\n|-unboost|p1a: Hitmonlee|spd|1\n|move|p2a: Kyogre|Water Spout|p1a: Hitmonlee\n|-damage|p1a: Hitmonlee|10/100\n|\n|-weather|RainDance|[upkeep]\n|upkeep\n|turn|4\n|inactive|Time left: 300 sec this turn | 300 sec total\n|\n|t:|1783553535\n|switch|p2a: Dusknoir|Dusknoir, L89, M|225/225\n|move|p1a: Hitmonlee|Close Combat|p2a: Dusknoir\n|-immune|p2a: Dusknoir\n|\n|-weather|RainDance|[upkeep]\n|upkeep\n|turn|5\n|inactive|Time left: 300 sec this turn | 300 sec total\n|\n|t:|1783553536\n|move|p1a: Hitmonlee|Knock Off|p2a: Dusknoir\n|-supereffective|p2a: Dusknoir\n|-damage|p2a: Dusknoir|103/225\n|-enditem|p2a: Dusknoir|Leftovers|[from] move: Knock Off|[of] p1a: Hitmonlee\n|move|p2a: Dusknoir|Earthquake|p1a: Hitmonlee\n|-damage|p1a: Hitmonlee|0 fnt\n|faint|p1a: Hitmonlee\n|\n|-weather|RainDance|[upkeep]\n|upkeep\n|\n|t:|1783553537\n|switch|p1a: Wugtrio|Wugtrio, L91, M|100/100\n|turn|6\n|inactive|Time left: 300 sec this turn | 300 sec total\n|\n|t:|1783553539\n|move|p1a: Wugtrio|Liquidation|p2a: Dusknoir\n|-damage|p2a: Dusknoir|0 fnt\n|faint|p2a: Dusknoir\n|\n|-weather|RainDance|[upkeep]\n|upkeep\n|inactive|Time left: 300 sec this turn | 300 sec total | 5 sec grace\n|\n|t:|1783553539\n|switch|p2a: Brambleghast|Brambleghast, L88, M|240/240\n|turn|7\n|inactive|Time left: 300 sec this turn | 300 sec total\n|\n|t:|1783553540\n|move|p1a: Wugtrio|Liquidation|p2a: Brambleghast\n|-resisted|p2a: Brambleghast\n|-damage|p2a: Brambleghast|106/240\n|move|p2a: Brambleghast|Poltergeist|p1a: Wugtrio\n|-activate|p1a: Wugtrio|move: Poltergeist|Choice Band\n|-damage|p1a: Wugtrio|5/100\n|\n|-weather|none\n|-heal|p2a: Brambleghast|121/240|[from] item: Leftovers\n|upkeep\n|turn|8\n|inactive|Time left: 300 sec this turn | 300 sec total\n|\n|t:|1783553541\n|move|p1a: Wugtrio|Liquidation|p2a: Brambleghast\n|-resisted|p2a: Brambleghast\n|-damage|p2a: Brambleghast|27/240\n|move|p2a: Brambleghast|Strength Sap|p1a: Wugtrio\n|-unboost|p1a: Wugtrio|atk|1\n|-heal|p2a: Brambleghast|240/240\n|\n|upkeep\n|turn|9\n|inactive|Time left: 300 sec this turn | 300 sec total\n|\n|t:|1783553542\n|move|p1a: Wugtrio|Liquidation|p2a: Brambleghast\n|-resisted|p2a: Brambleghast\n|-damage|p2a: Brambleghast|174/240\n|-unboost|p2a: Brambleghast|def|1\n|move|p2a: Brambleghast|Poltergeist|p1a: Wugtrio\n|-activate|p1a: Wugtrio|move: Poltergeist|Choice Band\n|-damage|p1a: Wugtrio|0 fnt\n|faint|p1a: Wugtrio\n|\n|-heal|p2a: Brambleghast|189/240|[from] item: Leftovers\n|upkeep\n|\n|t:|1783553543\n|switch|p1a: Espeon|Espeon, L84, M|100/100\n|turn|10\n|inactive|Time left: 300 sec this turn | 300 sec total\n|\n|t:|1783553544\n|switch|p2a: Kyogre|Kyogre, L71|67/259\n|-weather|RainDance|[from] ability: Drizzle|[of] p2a: Kyogre\n|move|p1a: Espeon|Psyshock|p2a: Kyogre\n|-damage|p2a: Kyogre|0 fnt\n|faint|p2a: Kyogre\n|-damage|p1a: Espeon|91/100|[from] item: Life Orb\n|\n|-weather|RainDance|[upkeep]\n|upkeep\n|inactive|Time left: 300 sec this turn | 300 sec total | 5 sec grace\n|\n|t:|1783553545\n|switch|p2a: Regieleki|Regieleki, L79|256/256\n|turn|11\n|inactive|Time left: 300 sec this turn | 300 sec total\n|\n|t:|1783553546\n|-terastallize|p1a: Espeon|Psychic\n|move|p2a: Regieleki|Volt Switch|p1a: Espeon\n|-crit|p1a: Espeon\n|-damage|p1a: Espeon|29/100\n|inactive|Time left: 300 sec this turn | 300 sec total | 5 sec grace\n|\n|t:|1783553547\n|switch|p2a: Brambleghast|Brambleghast, L88, M|189/240|[from] Volt Switch\n|move|p1a: Espeon|Psyshock|p2a: Brambleghast\n|-damage|p2a: Brambleghast|0 fnt\n|faint|p2a: Brambleghast\n|-damage|p1a: Espeon|20/100|[from] item: Life Orb\n|\n|-weather|RainDance|[upkeep]\n|upkeep\n|inactive|Time left: 300 sec this turn | 300 sec total | 10 sec grace\n|\n|t:|1783553547\n|switch|p2a: Regieleki|Regieleki, L79|256/256\n|turn|12\n|inactive|Time left: 300 sec this turn | 300 sec total\n|\n|t:|1783553548\n|switch|p1a: Iron Treads|Iron Treads, L77|100/100\n|move|p2a: Regieleki|Thunderbolt|p1a: Iron Treads\n|-immune|p1a: Iron Treads\n|\n|-weather|RainDance|[upkeep]\n|upkeep\n|turn|13\n|inactive|Time left: 300 sec this turn | 300 sec total\n|\n|t:|1783553549\n|switch|p2a: Tentacruel|Tentacruel, L84, M|272/272\n|move|p1a: Iron Treads|Earthquake|p2a: Tentacruel\n|-supereffective|p2a: Tentacruel\n|-damage|p2a: Tentacruel|30/272\n|\n|-weather|RainDance|[upkeep]\n|-heal|p2a: Tentacruel|47/272|[from] item: Leftovers\n|upkeep\n|turn|14\n|inactive|Time left: 300 sec this turn | 300 sec total\n|\n|t:|1783553549\n|move|p2a: Tentacruel|Flip Turn|p1a: Iron Treads\n|-supereffective|p1a: Iron Treads\n|-damage|p1a: Iron Treads|52/100\n|inactive|Time left: 300 sec this turn | 300 sec total | 5 sec grace\n|\n|t:|1783553550\n|switch|p2a: Regieleki|Regieleki, L79|256/256|[from] Flip Turn\n|move|p1a: Iron Treads|Earthquake|p2a: Regieleki\n|-supereffective|p2a: Regieleki\n|-damage|p2a: Regieleki|0 fnt\n|faint|p2a: Regieleki\n|\n|-weather|none\n|upkeep\n|inactive|Time left: 300 sec this turn | 300 sec total | 10 sec grace\n|\n|t:|1783553551\n|switch|p2a: Tentacruel|Tentacruel, L84, M|47/272\n|turn|15\n|inactive|Time left: 300 sec this turn | 300 sec total\n|\n|t:|1783553552\n|-terastallize|p2a: Tentacruel|Grass\n|move|p2a: Tentacruel|Surf|p1a: Iron Treads\n|-supereffective|p1a: Iron Treads\n|-damage|p1a: Iron Treads|0 fnt\n|faint|p1a: Iron Treads\n|-end|p1a: Iron Treads|Quark Drive|[silent]\n|\n|-heal|p2a: Tentacruel|64/272|[from] item: Leftovers\n|upkeep\n|\n|t:|1783553553\n|switch|p1a: Carbink|Carbink, L90|100/100\n|turn|16\n|inactive|Time left: 300 sec this turn | 300 sec total\n|\n|t:|1783553553\n|move|p2a: Tentacruel|Surf|p1a: Carbink\n|-supereffective|p1a: Carbink\n|-damage|p1a: Carbink|60/100\n|move|p1a: Carbink|Body Press|p2a: Tentacruel\n|-damage|p2a: Tentacruel|0 fnt\n|faint|p2a: Tentacruel\n|\n|win|p0x1242313f", "uploadtime": 1783553553, "views": 0, "rating": 0, "private": 0, "password": null, "_winner": "p0x1242313f", "_our_name": "p0y12420bca"}