{"id": "battle-gen9randombattle-462", "formatid": "gen9randombattle", "format": "[Gen 9] Random Battle", "players": ["p0x462379b", "p0y4620bc6"], "log": "|init|battle\n|title|p0x462379b vs. p0y4620bc6\n|j|\u2606p0x462379b\n|j|\u2606p0y4620bc6\n|t:|1783544410\n|gametype|singles\n|player|p1|p0x462379b|170|\n|player|p2|p0y4620bc6|169|\n|gen|9\n|tier|[Gen 9] Random Battle\n|rule|Species Clause: Limit one of each Pok\u00e9mon\n|rule|HP Percentage Mod: HP is shown in percentages\n|rule|Sleep Clause Mod: Limit one foe put to sleep\n|rule|Illusion Level Mod: Illusion disguises the Pok\u00e9mon's true level\n|\n|t:|1783544410\n|teamsize|p1|6\n|teamsize|p2|6\n|start\n|switch|p1a: Girafarig|Girafarig, L89, M|100/100\n|switch|p2a: Cacturne|Cacturne, L92, F|278/278\n|turn|1\n|inactive|Battle timer is ON: inactive players will automatically lose when time's up. (requested by p0y4620bc6)\n|inactive|p0x462379b also wants the timer to be on.\n|\n|t:|1783544412\n|switch|p1a: Clefable|Clefable, L83, M|100/100\n|move|p2a: Cacturne|Knock Off|p1a: Clefable\n|-resisted|p1a: Clefable\n|-damage|p1a: Clefable|63/100\n|-enditem|p1a: Clefable|Leftovers|[from] move: Knock Off|[of] p2a: Cacturne\n|-damage|p2a: Cacturne|251/278|[from] item: Life Orb\n|\n|upkeep\n|turn|2\n|inactive|Time left: 300 sec this turn | 300 sec total\n|\n|t:|1783544414\n|switch|p2a: Flareon|Flareon, L90, M|263/263\n|move|p1a: Clefable|Moonblast|p2a: Flareon\n|-resisted|p2a: Flareon\n|-damage|p2a: Flareon|228/263\n|-unboost|p2a: Flareon|spa|1\n|\n|-status|p2a: Flareon|tox|[from] item: Toxic Orb\n|upkeep\n|turn|3\n|inactive|Time left: 300 sec this turn | 300 sec total\n|\n|t:|1783544415\n|switch|p1a: Archaludon|Archaludon, L78, M|100/100\n|move|p2a: Flareon|Facade|p1a: Archaludon\n|-resisted|p1a: Archaludon\n|-damage|p1a: Archaludon|69/100\n|-ability|p1a: Archaludon|Stamina|boost\n|-boost|p1a: Archaludon|def|1\n|\n|-damage|p2a: Flareon|212/263 tox|[from] psn\n|upkeep\n|turn|4\n|inactive|Time left: 300 sec this turn | 300 sec total\n|\n|t:|1783544417\n|switch|p2a: Azumarill|Azumarill, L82, M|298/298\n|move|p1a: Archaludon|Swords Dance|p1a: Archaludon\n|-boost|p1a: Archaludon|atk|2\n|\n|upkeep\n|turn|5\n|inactive|Time left: 300 sec this turn | 300 sec total\n|\n|t:|1783544418\n|move|p1a: Archaludon|Iron Head|p2a: Azumarill\n|-crit|p2a: Azumarill\n|-damage|p2a: Azumarill|30/298\n|move|p2a: Azumarill|Superpower|p1a: Archaludon\n|-supereffective|p1a: Archaludon\n|-damage|p1a: Archaludon|12/100\n|-unboost|p2a: Azumarill|atk|1\n|-unboost|p2a: Azumarill|def|1\n|-ability|p1a: Archaludon|Stamina|boost\n|-boost|p1a: Archaludon|def|1\n|\n|upkeep\n|turn|6\n|inactive|Time left: 300 sec this turn | 300 sec total\n|\n|t:|1783544419\n|move|p1a: Archaludon|Earthquake|p2a: Azumarill\n|-damage|p2a: Azumarill|0 fnt\n|faint|p2a: Azumarill\n|\n|upkeep\n|inactive|Time left: 300 sec this turn | 300 sec total | 5 sec grace\n|\n|t:|1783544420\n|switch|p2a: Rampardos|Rampardos, L90, F|321/321\n|turn|7\n|inactive|Time left: 300 sec this turn | 300 sec total\n|\n|t:|1783544421\n|move|p2a: Rampardos|Earthquake|p1a: Archaludon\n|-supereffective|p1a: Archaludon\n|-damage|p1a: Archaludon|0 fnt\n|faint|p1a: Archaludon\n|\n|upkeep\n|\n|t:|1783544422\n|switch|p1a: Donphan|Donphan, L84, F|100/100\n|turn|8\n|inactive|Time left: 300 sec this turn | 300 sec total\n|\n|t:|1783544423\n|-terastallize|p2a: Rampardos|Ground\n|move|p2a: Rampardos|Earthquake|p1a: Donphan\n|-damage|p1a: Donphan|52/100\n|move|p1a: Donphan|Earthquake|p2a: Rampardos\n|-damage|p2a: Rampardos|158/321\n|\n|upkeep\n|turn|9\n|inactive|Time left: 300 sec this turn | 300 sec total\n|\n|t:|1783544424\n|move|p2a: Rampardos|Earthquake|p1a: Donphan\n|-damage|p1a: Donphan|1/100\n|move|p1a: Donphan|Ice Spinner|p2a: Rampardos\n|-supereffective|p2a: Rampardos\n|-damage|p2a: Rampardos|0 fnt\n|faint|p2a: Rampardos\n|\n|upkeep\n|inactive|Time left: 300 sec this turn | 300 sec total | 5 sec grace\n|\n|t:|1783544425\n|switch|p2a: Flareon|Flareon, L90, M|212/263 tox\n|turn|10\n|inactive|Time left: 300 sec this turn | 300 sec total\n|\n|t:|1783544426\n|move|p2a: Flareon|Facade|p1a: Donphan\n|-damage|p1a: Donphan|0 fnt\n|faint|p1a: Donphan\n|\n|-damage|p2a: Flareon|196/263 tox|[from] psn\n|upkeep\n|\n|t:|1783544426\n|switch|p1a: Girafarig|Girafarig, L89, M|100/100\n|turn|11\n|inactive|Time left: 300 sec this turn | 300 sec total\n|\n|t:|1783544427\n|move|p1a: Girafarig|Psyshock|p2a: Flareon\n|-damage|p2a: Flareon|85/263 tox\n|move|p2a: Flareon|Facade|p1a: Girafarig\n|-damage|p1a: Girafarig|40/100\n|\n|-damage|p2a: Flareon|53/263 tox|[from] psn\n|upkeep\n|turn|12\n|inactive|Time left: 300 sec this turn | 300 sec total\n|\n|t:|1783544429\n|switch|p2a: Hypno|Hypno, L95, M|315/315\n|move|p1a: Girafarig|Psyshock|p2a: Hypno\n|-resisted|p2a: Hypno\n|-damage|p2a: Hypno|266/315\n|\n|-heal|p2a: Hypno|285/315|[from] item: Leftovers\n|upkeep\n|turn|13\n|inactive|Time left: 300 sec this turn | 300 sec total\n|\n|t:|1783544429\n|move|p1a: Girafarig|Nasty Plot|p1a: Girafarig\n|-boost|p1a: Girafarig|spa|2\n|move|p2a: Hypno|Knock Off|p1a: Girafarig\n|-supereffective|p1a: Girafarig\n|-damage|p1a: Girafarig|0 fnt\n|-enditem|p1a: Girafarig|Eviolite|[from] move: Knock Off|[of] p2a: Hypno\n|faint|p1a: Girafarig\n|\n|-heal|p2a: Hypno|304/315|[from] item: Leftovers\n|upkeep\n|\n|t:|1783544430\n|switch|p1a: Skuntank|Skuntank, L84, F|100/100\n|turn|14\n|inactive|Time left: 300 sec this turn | 300 sec total\n|\n|t:|1783544431\n|switch|p2a: Eiscue|Eiscue, L88, F|274/274\n|move|p1a: Skuntank|Knock Off|p2a: Eiscue\n|-activate|p2a: Eiscue|ability: Ice Face\n|-damage|p2a: Eiscue|274/274\n|-enditem|p2a: Eiscue|Sitrus Berry|[from] move: Knock Off|[of] p1a: Skuntank\n|detailschange|p2a: Eiscue|Eiscue-Noice, L88, F\n|\n|upkeep\n|turn|15\n|inactive|Time left: 300 sec this turn | 300 sec total\n|\n|t:|1783544432\n|move|p2a: Eiscue|Liquidation|p1a: Skuntank\n|-damage|p1a: Skuntank|79/100\n|move|p1a: Skuntank|Gunk Shot|p2a: Eiscue\n|-damage|p2a: Eiscue|127/274\n|-status|p2a: Eiscue|psn\n|\n|-heal|p1a: Skuntank|85/100|[from] item: Leftovers\n|-damage|p2a: Eiscue|93/274 psn|[from] psn\n|upkeep\n|turn|16\n|inactive|Time left: 300 sec this turn | 300 sec total\n|\n|t:|1783544433\n|move|p2a: Eiscue|Liquidation|p1a: Skuntank\n|-damage|p1a: Skuntank|64/100\n|move|p1a: Skuntank|Knock Off|p2a: Eiscue\n|-damage|p2a: Eiscue|24/274 psn\n|\n|-heal|p1a: Skuntank|70/100|[from] item: Leftovers\n|-damage|p2a: Eiscue|0 fnt|[from] psn\n|faint|p2a: Eiscue\n|upkeep\n|inactive|Time left: 300 sec this turn | 300 sec total | 5 sec grace\n|\n|t:|1783544435\n|switch|p2a: Flareon|Flareon, L90, M|53/263 tox\n|turn|17\n|inactive|Time left: 300 sec this turn | 300 sec total\n|\n|t:|1783544436\n|move|p1a: Skuntank|Knock Off|p2a: Flareon\n|-damage|p2a: Flareon|0 fnt\n|-enditem|p2a: Flareon|Toxic Orb|[from] move: Knock Off|[of] p1a: Skuntank\n|faint|p2a: Flareon\n|\n|-heal|p1a: Skuntank|76/100|[from] item: Leftovers\n|upkeep\n|inactive|Time left: 300 sec this turn | 300 sec total | 5 sec grace\n|\n|t:|1783544437\n|switch|p2a: Hypno|Hypno, L95, M|304/315\n|turn|18\n|inactive|Time left: 300 sec this turn | 300 sec total\n|\n|t:|1783544438\n|move|p1a: Skuntank|Knock Off|p2a: Hypno\n|-supereffective|p2a: Hypno\n|-damage|p2a: Hypno|98/315\n|-enditem|p2a: Hypno|Leftovers|[from] move: Knock Off|[of] p1a: Skuntank\n|move|p2a: Hypno|Knock Off|p1a: Skuntank\n|-resisted|p1a: Skuntank\n|-damage|p1a: Skuntank|61/100\n|-enditem|p1a: Skuntank|Leftovers|[from] move: Knock Off|[of] p2a: Hypno\n|\n|upkeep\n|turn|19\n|inactive|Time left: 300 sec this turn | 300 sec total\n|\n|t:|1783544439\n|move|p1a: Skuntank|Gunk Shot|p2a: Hypno\n|-damage|p2a: Hypno|0 fnt\n|faint|p2a: Hypno\n|\n|upkeep\n|inactive|Time left: 300 sec this turn | 300 sec total | 5 sec grace\n|\n|t:|1783544440\n|switch|p2a: Cacturne|Cacturne, L92, F|251/278\n|turn|20\n|inactive|Time left: 300 sec this turn | 300 sec total\n|\n|t:|1783544441\n|-terastallize|p1a: Skuntank|Dark\n|move|p1a: Skuntank|Gunk Shot|p2a: Cacturne\n|-supereffective|p2a: Cacturne\n|-damage|p2a: Cacturne|0 fnt\n|faint|p2a: Cacturne\n|\n|win|p0x462379b", "uploadtime": 1783544441, "views": 0, "rating": 0, "private": 0, "password": null, "_winner": "p0x462379b", "_our_name": "p0y4620bc6"}