{"id": "battle-gen9randombattle-820", "formatid": "gen9randombattle", "format": "[Gen 9] Random Battle", "players": ["p0x820e96e", "p0y8201e57"], "log": "|init|battle\n|title|p0x820e96e vs. p0y8201e57\n|j|\u2606p0x820e96e\n|j|\u2606p0y8201e57\n|t:|1783548661\n|gametype|singles\n|player|p1|p0x820e96e|266|\n|player|p2|p0y8201e57|170|\n|gen|9\n|tier|[Gen 9] Random Battle\n|rule|Species Clause: Limit one of each Pok\u00e9mon\n|rule|HP Percentage Mod: HP is shown in percentages\n|rule|Sleep Clause Mod: Limit one foe put to sleep\n|rule|Illusion Level Mod: Illusion disguises the Pok\u00e9mon's true level\n|\n|t:|1783548661\n|teamsize|p1|6\n|teamsize|p2|6\n|start\n|switch|p1a: Urshifu|Urshifu-Rapid-Strike, L75, F|100/100\n|switch|p2a: Eternatus|Eternatus, L69|308/308\n|-ability|p2a: Eternatus|Pressure\n|turn|1\n|inactive|Battle timer is ON: inactive players will automatically lose when time's up. (requested by p0x820e96e)\n|inactive|Time left: 300 sec this turn | 300 sec total | 60 sec grace\n|\n|t:|1783548662\n|switch|p1a: Zamazenta|Zamazenta-Crowned, L68|100/100\n|-ability|p1a: Zamazenta|Dauntless Shield|boost\n|-boost|p1a: Zamazenta|def|1\n|move|p2a: Eternatus|Dynamax Cannon|p1a: Zamazenta\n|-resisted|p1a: Zamazenta\n|-damage|p1a: Zamazenta|82/100\n|\n|upkeep\n|turn|2\n|inactive|Time left: 300 sec this turn | 300 sec total\n|inactive|p0y8201e57 also wants the timer to be on.\n|\n|t:|1783548664\n|switch|p1a: Magmortar|Magmortar, L88, F|100/100\n|move|p2a: Eternatus|Fire Blast|p1a: Magmortar|[miss]\n|-miss|p2a: Eternatus|p1a: Magmortar\n|\n|upkeep\n|turn|3\n|inactive|Time left: 300 sec this turn | 300 sec total\n|\n|t:|1783548665\n|move|p2a: Eternatus|Dynamax Cannon|p1a: Magmortar\n|-damage|p1a: Magmortar|70/100\n|move|p1a: Magmortar|Fire Blast|p2a: Eternatus\n|-resisted|p2a: Eternatus\n|-damage|p2a: Eternatus|223/308\n|\n|upkeep\n|turn|4\n|inactive|Time left: 300 sec this turn | 300 sec total\n|\n|t:|1783548666\n|switch|p1a: Dialga|Dialga, L73|100/100\n|-ability|p1a: Dialga|Pressure\n|move|p2a: Eternatus|Sludge Bomb|p1a: Dialga\n|-immune|p1a: Dialga\n|\n|upkeep\n|turn|5\n|inactive|Time left: 300 sec this turn | 300 sec total\n|\n|t:|1783548667\n|move|p2a: Eternatus|Fire Blast|p1a: Dialga\n|-damage|p1a: Dialga|73/100\n|move|p1a: Dialga|Stealth Rock|p2a: Eternatus\n|-sidestart|p2: p0y8201e57|move: Stealth Rock\n|\n|-heal|p1a: Dialga|79/100|[from] item: Leftovers\n|upkeep\n|turn|6\n|inactive|Time left: 300 sec this turn | 300 sec total\n|\n|t:|1783548668\n|move|p2a: Eternatus|Dynamax Cannon|p1a: Dialga\n|-damage|p1a: Dialga|43/100\n|move|p1a: Dialga|Draco Meteor|p2a: Eternatus\n|-supereffective|p2a: Eternatus\n|-damage|p2a: Eternatus|0 fnt\n|-unboost|p1a: Dialga|spa|2\n|faint|p2a: Eternatus\n|\n|-heal|p1a: Dialga|49/100|[from] item: Leftovers\n|upkeep\n|inactive|Time left: 300 sec this turn | 300 sec total | 5 sec grace\n|\n|t:|1783548669\n|switch|p2a: Oricorio|Oricorio-Sensu, L85, M|266/266\n|turn|7\n|inactive|Time left: 300 sec this turn | 300 sec total\n|\n|t:|1783548670\n|move|p2a: Oricorio|Quiver Dance|p2a: Oricorio\n|-boost|p2a: Oricorio|spa|1\n|-boost|p2a: Oricorio|spd|1\n|-boost|p2a: Oricorio|spe|1\n|move|p1a: Dialga|Heavy Slam|p2a: Oricorio\n|-crit|p2a: Oricorio\n|-damage|p2a: Oricorio|46/266\n|\n|-heal|p1a: Dialga|55/100|[from] item: Leftovers\n|upkeep\n|turn|8\n|inactive|Time left: 300 sec this turn | 300 sec total\n|\n|t:|1783548671\n|move|p2a: Oricorio|Revelation Dance|p1a: Dialga\n|-damage|p1a: Dialga|0 fnt\n|faint|p1a: Dialga\n|\n|upkeep\n|\n|t:|1783548671\n|switch|p1a: Zamazenta|Zamazenta-Crowned, L68|82/100\n|turn|9\n|inactive|Time left: 300 sec this turn | 300 sec total\n|\n|t:|1783548672\n|move|p2a: Oricorio|Roost|p2a: Oricorio\n|-heal|p2a: Oricorio|179/266\n|-singleturn|p2a: Oricorio|move: Roost\n|move|p1a: Zamazenta|Heavy Slam|p2a: Oricorio\n|-damage|p2a: Oricorio|55/266\n|\n|upkeep\n|turn|10\n|inactive|Time left: 300 sec this turn | 300 sec total\n|\n|t:|1783548673\n|move|p2a: Oricorio|Roost|p2a: Oricorio\n|-heal|p2a: Oricorio|188/266\n|-singleturn|p2a: Oricorio|move: Roost\n|move|p1a: Zamazenta|Heavy Slam|p2a: Oricorio\n|-damage|p2a: Oricorio|76/266\n|\n|upkeep\n|turn|11\n|inactive|Time left: 300 sec this turn | 300 sec total\n|\n|t:|1783548674\n|move|p2a: Oricorio|Roost|p2a: Oricorio\n|-heal|p2a: Oricorio|209/266\n|-singleturn|p2a: Oricorio|move: Roost\n|move|p1a: Zamazenta|Heavy Slam|p2a: Oricorio\n|-damage|p2a: Oricorio|86/266\n|\n|upkeep\n|turn|12\n|inactive|Time left: 300 sec this turn | 300 sec total\n|\n|t:|1783548675\n|move|p2a: Oricorio|Roost|p2a: Oricorio\n|-heal|p2a: Oricorio|219/266\n|-singleturn|p2a: Oricorio|move: Roost\n|move|p1a: Zamazenta|Heavy Slam|p2a: Oricorio\n|-damage|p2a: Oricorio|104/266\n|\n|upkeep\n|turn|13\n|inactive|Time left: 300 sec this turn | 300 sec total\n|\n|t:|1783548675\n|move|p2a: Oricorio|Roost|p2a: Oricorio\n|-heal|p2a: Oricorio|237/266\n|-singleturn|p2a: Oricorio|move: Roost\n|move|p1a: Zamazenta|Heavy Slam|p2a: Oricorio\n|-damage|p2a: Oricorio|128/266\n|\n|upkeep\n|turn|14\n|inactive|Time left: 300 sec this turn | 300 sec total\n|\n|t:|1783548676\n|move|p2a: Oricorio|Roost|p2a: Oricorio\n|-heal|p2a: Oricorio|261/266\n|-singleturn|p2a: Oricorio|move: Roost\n|move|p1a: Zamazenta|Heavy Slam|p2a: Oricorio\n|-damage|p2a: Oricorio|132/266\n|\n|upkeep\n|turn|15\n|inactive|Time left: 300 sec this turn | 300 sec total\n|\n|t:|1783548677\n|move|p2a: Oricorio|Roost|p2a: Oricorio\n|-heal|p2a: Oricorio|265/266\n|-singleturn|p2a: Oricorio|move: Roost\n|move|p1a: Zamazenta|Heavy Slam|p2a: Oricorio\n|-damage|p2a: Oricorio|154/266\n|\n|upkeep\n|turn|16\n|inactive|Time left: 300 sec this turn | 300 sec total\n|\n|t:|1783548678\n|move|p2a: Oricorio|Revelation Dance|p1a: Zamazenta\n|-damage|p1a: Zamazenta|25/100\n|move|p1a: Zamazenta|Stone Edge|p2a: Oricorio\n|-supereffective|p2a: Oricorio\n|-damage|p2a: Oricorio|16/266\n|\n|upkeep\n|turn|17\n|inactive|Time left: 300 sec this turn | 300 sec total\n|\n|t:|1783548679\n|move|p2a: Oricorio|Revelation Dance|p1a: Zamazenta\n|-damage|p1a: Zamazenta|0 fnt\n|faint|p1a: Zamazenta\n|\n|upkeep\n|\n|t:|1783548679\n|switch|p1a: Magmortar|Magmortar, L88, F|70/100\n|turn|18\n|inactive|Time left: 300 sec this turn | 300 sec total\n|\n|t:|1783548680\n|move|p2a: Oricorio|Hurricane|p1a: Magmortar\n|-damage|p1a: Magmortar|7/100\n|move|p1a: Magmortar|Thunderbolt|p2a: Oricorio\n|-supereffective|p2a: Oricorio\n|-damage|p2a: Oricorio|0 fnt\n|faint|p2a: Oricorio\n|\n|upkeep\n|inactive|Time left: 300 sec this turn | 300 sec total | 5 sec grace\n|\n|t:|1783548682\n|switch|p2a: Entei|Entei, L78|307/307\n|-damage|p2a: Entei|231/307|[from] Stealth Rock\n|turn|19\n|inactive|Time left: 300 sec this turn | 300 sec total\n|\n|t:|1783548683\n|switch|p1a: Persian|Persian-Alola, L86, F|100/100\n|move|p2a: Entei|Sacred Fire|p1a: Persian\n|-damage|p1a: Persian|62/100\n|\n|upkeep\n|turn|20\n|inactive|Time left: 300 sec this turn | 300 sec total\n|\n|t:|1783548684\n|move|p1a: Persian|Foul Play|p2a: Entei\n|-damage|p2a: Entei|117/307\n|move|p2a: Entei|Sacred Fire|p1a: Persian\n|-damage|p1a: Persian|20/100\n|\n|upkeep\n|turn|21\n|inactive|Time left: 300 sec this turn | 300 sec total\n|\n|t:|1783548685\n|move|p1a: Persian|Foul Play|p2a: Entei\n|-damage|p2a: Entei|0 fnt\n|faint|p2a: Entei\n|\n|upkeep\n|inactive|Time left: 300 sec this turn | 300 sec total | 5 sec grace\n|\n|t:|1783548686\n|switch|p2a: Oranguru|Oranguru, L92, M|315/315\n|-damage|p2a: Oranguru|276/315|[from] Stealth Rock\n|turn|22\n|inactive|Time left: 300 sec this turn | 300 sec total\n|\n|t:|1783548687\n|move|p1a: Persian|Foul Play|p2a: Oranguru\n|-supereffective|p2a: Oranguru\n|-damage|p2a: Oranguru|162/315\n|move|p2a: Oranguru|Thunderbolt|p1a: Persian\n|-crit|p1a: Persian\n|-damage|p1a: Persian|0 fnt\n|faint|p1a: Persian\n|\n|upkeep\n|\n|t:|1783548688\n|switch|p1a: Ogerpon|Ogerpon, L80, F|100/100\n|turn|23\n|inactive|Time left: 300 sec this turn | 300 sec total\n|\n|t:|1783548689\n|move|p1a: Ogerpon|Knock Off|p2a: Oranguru\n|-supereffective|p2a: Oranguru\n|-damage|p2a: Oranguru|0 fnt\n|-enditem|p2a: Oranguru|Choice Specs|[from] move: Knock Off|[of] p1a: Ogerpon\n|faint|p2a: Oranguru\n|-damage|p1a: Ogerpon|91/100|[from] item: Life Orb\n|\n|upkeep\n|inactive|Time left: 300 sec this turn | 300 sec total | 5 sec grace\n|\n|t:|1783548690\n|switch|p2a: Latias|Latias, L79, F|256/256\n|-damage|p2a: Latias|224/256|[from] Stealth Rock\n|turn|24\n|inactive|Time left: 300 sec this turn | 300 sec total\n|\n|t:|1783548691\n|move|p1a: Ogerpon|Knock Off|p2a: Latias\n|-supereffective|p2a: Latias\n|-damage|p2a: Latias|26/256\n|-enditem|p2a: Latias|Soul Dew|[from] move: Knock Off|[of] p1a: Ogerpon\n|-damage|p1a: Ogerpon|81/100|[from] item: Life Orb\n|move|p2a: Latias|Psyshock|p1a: Ogerpon\n|-damage|p1a: Ogerpon|46/100\n|\n|upkeep\n|turn|25\n|inactive|Time left: 300 sec this turn | 300 sec total\n|\n|t:|1783548693\n|move|p1a: Ogerpon|Knock Off|p2a: Latias\n|-supereffective|p2a: Latias\n|-damage|p2a: Latias|0 fnt\n|faint|p2a: Latias\n|-damage|p1a: Ogerpon|37/100|[from] item: Life Orb\n|\n|upkeep\n|inactive|Time left: 300 sec this turn | 300 sec total | 5 sec grace\n|\n|t:|1783548694\n|switch|p2a: Maushold|Maushold, L76|238/238\n|-damage|p2a: Maushold|209/238|[from] Stealth Rock\n|turn|26\n|inactive|Time left: 300 sec this turn | 300 sec total\n|\n|t:|1783548695\n|-terastallize|p1a: Ogerpon|Grass\n|detailschange|p1a: Ogerpon|Ogerpon-Teal-Tera, L80, F, tera:Grass\n|-ability|p1a: Ogerpon|Embody Aspect (Teal)|boost\n|-boost|p1a: Ogerpon|spe|1\n|move|p1a: Ogerpon|Ivy Cudgel|p2a: Maushold\n|-damage|p2a: Maushold|0 fnt\n|faint|p2a: Maushold\n|-damage|p1a: Ogerpon|27/100|[from] item: Life Orb\n|\n|win|p0x820e96e", "uploadtime": 1783548695, "views": 0, "rating": 0, "private": 0, "password": null, "_winner": "p0x820e96e", "_our_name": "p0y8201e57"}