{"id": "battle-gen9randombattle-560", "formatid": "gen9randombattle", "format": "[Gen 9] Random Battle", "players": ["p0x5601007", "p0y56054ab"], "log": "|init|battle\n|title|p0x5601007 vs. p0y56054ab\n|j|\u2606p0x5601007\n|j|\u2606p0y56054ab\n|t:|1783545563\n|gametype|singles\n|player|p1|p0x5601007|2|\n|player|p2|p0y56054ab|1|\n|gen|9\n|tier|[Gen 9] Random Battle\n|rule|Species Clause: Limit one of each Pok\u00e9mon\n|rule|HP Percentage Mod: HP is shown in percentages\n|rule|Sleep Clause Mod: Limit one foe put to sleep\n|rule|Illusion Level Mod: Illusion disguises the Pok\u00e9mon's true level\n|\n|t:|1783545563\n|teamsize|p1|6\n|teamsize|p2|6\n|start\n|switch|p1a: Cramorant|Cramorant, L86, M|261/261\n|switch|p2a: Gliscor|Gliscor, L76, M|100/100\n|turn|1\n|inactive|Battle timer is ON: inactive players will automatically lose when time's up. (requested by p0y56054ab)\n|inactive|Time left: 300 sec this turn | 300 sec total | 60 sec grace\n|inactive|p0x5601007 also wants the timer to be on.\n|\n|t:|1783545564\n|move|p2a: Gliscor|Protect|p2a: Gliscor\n|-singleturn|p2a: Gliscor|Protect\n|move|p1a: Cramorant|Surf|p2a: Gliscor\n|-activate|p2a: Gliscor|move: Protect\n|\n|-status|p2a: Gliscor|tox|[from] item: Toxic Orb\n|upkeep\n|turn|2\n|inactive|Time left: 300 sec this turn | 300 sec total\n|\n|t:|1783545565\n|switch|p2a: Zacian|Zacian-Crowned, L64|100/100\n|-ability|p2a: Zacian|Intrepid Sword|boost\n|-boost|p2a: Zacian|atk|1\n|move|p1a: Cramorant|Surf|p2a: Zacian\n|-formechange|p1a: Cramorant|Cramorant-Gulping|\n|-damage|p2a: Zacian|60/100\n|\n|upkeep\n|turn|3\n|inactive|Time left: 300 sec this turn | 300 sec total\n|\n|t:|1783545566\n|move|p2a: Zacian|Swords Dance|p2a: Zacian\n|-boost|p2a: Zacian|atk|2\n|move|p1a: Cramorant|Surf|p2a: Zacian\n|-damage|p2a: Zacian|19/100\n|\n|upkeep\n|turn|4\n|inactive|Time left: 300 sec this turn | 300 sec total\n|\n|t:|1783545567\n|switch|p1a: Armarouge|Armarouge, L80, M|267/267\n|move|p2a: Zacian|Play Rough|p1a: Armarouge\n|-resisted|p1a: Armarouge\n|-damage|p1a: Armarouge|167/267\n|-unboost|p1a: Armarouge|atk|1\n|-ability|p1a: Armarouge|Weak Armor|boost\n|-unboost|p1a: Armarouge|def|1\n|-boost|p1a: Armarouge|spe|2\n|\n|upkeep\n|turn|5\n|inactive|Time left: 300 sec this turn | 300 sec total\n|\n|t:|1783545568\n|switch|p2a: Araquanid|Araquanid, L82, M|100/100\n|move|p1a: Armarouge|Armor Cannon|p2a: Araquanid\n|-damage|p2a: Araquanid|68/100\n|-unboost|p1a: Armarouge|def|1\n|-unboost|p1a: Armarouge|spd|1\n|\n|upkeep\n|turn|6\n|inactive|Time left: 300 sec this turn | 300 sec total\n|\n|t:|1783545570\n|move|p1a: Armarouge|Armor Cannon|p2a: Araquanid\n|-damage|p2a: Araquanid|35/100\n|-unboost|p1a: Armarouge|def|1\n|-unboost|p1a: Armarouge|spd|1\n|move|p2a: Araquanid|Sticky Web|p1a: Armarouge\n|-sidestart|p1: p0x5601007|move: Sticky Web\n|\n|upkeep\n|turn|7\n|inactive|Time left: 300 sec this turn | 300 sec total\n|\n|t:|1783545571\n|switch|p1a: Cramorant|Cramorant, L86, M|261/261\n|switch|p2a: Wo-Chien|Wo-Chien, L83|100/100\n|-ability|p2a: Wo-Chien|Tablets of Ruin\n|\n|upkeep\n|turn|8\n|inactive|Time left: 300 sec this turn | 300 sec total\n|\n|t:|1783545572\n|move|p1a: Cramorant|Defog|p2a: Wo-Chien\n|-unboost|p2a: Wo-Chien|evasion|1\n|-sideend|p1: p0x5601007|Sticky Web|[from] move: Defog|[of] p1a: Cramorant\n|move|p2a: Wo-Chien|Ruination|p1a: Cramorant\n|-damage|p1a: Cramorant|131/261\n|\n|upkeep\n|turn|9\n|inactive|Time left: 300 sec this turn | 300 sec total\n|\n|t:|1783545573\n|move|p1a: Cramorant|Roost|p1a: Cramorant\n|-heal|p1a: Cramorant|261/261\n|-singleturn|p1a: Cramorant|move: Roost\n|move|p2a: Wo-Chien|Knock Off|p1a: Cramorant\n|-damage|p1a: Cramorant|131/261\n|-enditem|p1a: Cramorant|Heavy-Duty Boots|[from] move: Knock Off|[of] p2a: Wo-Chien\n|\n|upkeep\n|turn|10\n|inactive|Time left: 300 sec this turn | 300 sec total\n|\n|t:|1783545574\n|move|p1a: Cramorant|Roost|p1a: Cramorant\n|-heal|p1a: Cramorant|261/261\n|-singleturn|p1a: Cramorant|move: Roost\n|move|p2a: Wo-Chien|Ruination|p1a: Cramorant\n|-damage|p1a: Cramorant|131/261\n|\n|upkeep\n|turn|11\n|inactive|Time left: 300 sec this turn | 300 sec total\n|\n|t:|1783545575\n|move|p1a: Cramorant|Roost|p1a: Cramorant\n|-heal|p1a: Cramorant|261/261\n|-singleturn|p1a: Cramorant|move: Roost\n|move|p2a: Wo-Chien|Leech Seed|p1a: Cramorant\n|-start|p1a: Cramorant|move: Leech Seed\n|\n|-damage|p1a: Cramorant|229/261|[from] Leech Seed|[of] p2a: Wo-Chien\n|upkeep\n|turn|12\n|inactive|Time left: 300 sec this turn | 300 sec total\n|\n|t:|1783545576\n|switch|p1a: Crabominable|Crabominable, L90, M|321/321\n|move|p2a: Wo-Chien|Ruination|p1a: Crabominable\n|-damage|p1a: Crabominable|161/321\n|\n|upkeep\n|turn|13\n|inactive|Time left: 300 sec this turn | 300 sec total\n|\n|t:|1783545577\n|move|p2a: Wo-Chien|Protect|p2a: Wo-Chien\n|-singleturn|p2a: Wo-Chien|Protect\n|move|p1a: Crabominable|Drain Punch|p2a: Wo-Chien\n|-activate|p2a: Wo-Chien|move: Protect\n|\n|upkeep\n|turn|14\n|inactive|Time left: 300 sec this turn | 300 sec total\n|\n|t:|1783545578\n|move|p2a: Wo-Chien|Leech Seed|p1a: Crabominable\n|-start|p1a: Crabominable|move: Leech Seed\n|move|p1a: Crabominable|Drain Punch|p2a: Wo-Chien\n|-supereffective|p2a: Wo-Chien\n|-damage|p2a: Wo-Chien|1/100\n|-heal|p1a: Crabominable|299/321|[from] drain|[of] p2a: Wo-Chien\n|\n|-heal|p2a: Wo-Chien|7/100|[from] item: Leftovers\n|-damage|p1a: Crabominable|259/321|[from] Leech Seed|[of] p2a: Wo-Chien\n|-heal|p2a: Wo-Chien|21/100|[silent]\n|upkeep\n|turn|15\n|inactive|Time left: 300 sec this turn | 300 sec total\n|\n|t:|1783545579\n|move|p2a: Wo-Chien|Ruination|p1a: Crabominable\n|-damage|p1a: Crabominable|130/321\n|move|p1a: Crabominable|Drain Punch|p2a: Wo-Chien\n|-supereffective|p2a: Wo-Chien\n|-damage|p2a: Wo-Chien|0 fnt\n|-heal|p1a: Crabominable|159/321|[from] drain|[of] p2a: Wo-Chien\n|faint|p2a: Wo-Chien\n|\n|upkeep\n|\n|t:|1783545580\n|switch|p2a: Venomoth|Venomoth, L84, F|100/100\n|turn|16\n|inactive|Time left: 300 sec this turn | 300 sec total\n|\n|t:|1783545581\n|switch|p1a: Cramorant|Cramorant, L86, M|229/261\n|move|p2a: Venomoth|Quiver Dance|p2a: Venomoth\n|-boost|p2a: Venomoth|spa|1\n|-boost|p2a: Venomoth|spd|1\n|-boost|p2a: Venomoth|spe|1\n|\n|upkeep\n|turn|17\n|inactive|Time left: 300 sec this turn | 300 sec total\n|\n|t:|1783545582\n|move|p2a: Venomoth|Sleep Powder|p1a: Cramorant|[miss]\n|-miss|p2a: Venomoth|p1a: Cramorant\n|move|p1a: Cramorant|Brave Bird|p2a: Venomoth\n|-supereffective|p2a: Venomoth\n|-damage|p2a: Venomoth|0 fnt\n|faint|p2a: Venomoth\n|-damage|p1a: Cramorant|145/261|[from] Recoil\n|\n|upkeep\n|\n|t:|1783545583\n|switch|p2a: Araquanid|Araquanid, L82, M|35/100\n|turn|18\n|inactive|Time left: 300 sec this turn | 300 sec total\n|\n|t:|1783545584\n|-terastallize|p2a: Araquanid|Steel\n|move|p1a: Cramorant|Brave Bird|p2a: Araquanid\n|-resisted|p2a: Araquanid\n|-crit|p2a: Araquanid\n|-damage|p2a: Araquanid|0 fnt\n|faint|p2a: Araquanid\n|-damage|p1a: Cramorant|117/261|[from] Recoil\n|\n|upkeep\n|\n|t:|1783545585\n|switch|p2a: Quagsire|Quagsire, L84, F|100/100\n|turn|19\n|inactive|Time left: 300 sec this turn | 300 sec total\n|\n|t:|1783545586\n|move|p1a: Cramorant|Surf|p2a: Quagsire\n|-formechange|p1a: Cramorant|Cramorant-Gorging|\n|-damage|p2a: Quagsire|62/100\n|move|p2a: Quagsire|Toxic|p1a: Cramorant\n|-status|p1a: Cramorant|tox\n|\n|-heal|p2a: Quagsire|68/100|[from] item: Leftovers\n|-damage|p1a: Cramorant|101/261 tox|[from] psn\n|upkeep\n|turn|20\n|inactive|Time left: 300 sec this turn | 300 sec total\n|\n|t:|1783545587\n|move|p1a: Cramorant|Roost|p1a: Cramorant\n|-heal|p1a: Cramorant|232/261 tox\n|-singleturn|p1a: Cramorant|move: Roost\n|move|p2a: Quagsire|Recover|p2a: Quagsire\n|-heal|p2a: Quagsire|100/100\n|\n|-damage|p1a: Cramorant|200/261 tox|[from] psn\n|upkeep\n|turn|21\n|inactive|Time left: 300 sec this turn | 300 sec total\n|\n|t:|1783545588\n|move|p1a: Cramorant|Surf|p2a: Quagsire\n|-damage|p2a: Quagsire|64/100\n|move|p2a: Quagsire|Spikes|p1a: Cramorant\n|-sidestart|p1: p0x5601007|Spikes\n|\n|-heal|p2a: Quagsire|70/100|[from] item: Leftovers\n|-damage|p1a: Cramorant|152/261 tox|[from] psn\n|upkeep\n|turn|22\n|inactive|Time left: 300 sec this turn | 300 sec total\n|\n|t:|1783545589\n|move|p1a: Cramorant|Surf|p2a: Quagsire\n|-damage|p2a: Quagsire|31/100\n|move|p2a: Quagsire|Recover|p2a: Quagsire\n|-heal|p2a: Quagsire|81/100\n|\n|-heal|p2a: Quagsire|87/100|[from] item: Leftovers\n|-damage|p1a: Cramorant|88/261 tox|[from] psn\n|upkeep\n|turn|23\n|inactive|Time left: 300 sec this turn | 300 sec total\n|\n|t:|1783545590\n|move|p1a: Cramorant|Roost|p1a: Cramorant\n|-heal|p1a: Cramorant|219/261 tox\n|-singleturn|p1a: Cramorant|move: Roost\n|move|p2a: Quagsire|Spikes|p1a: Cramorant\n|-sidestart|p1: p0x5601007|Spikes\n|\n|-heal|p2a: Quagsire|93/100|[from] item: Leftovers\n|-damage|p1a: Cramorant|139/261 tox|[from] psn\n|upkeep\n|turn|24\n|inactive|Time left: 300 sec this turn | 300 sec total\n|\n|t:|1783545591\n|move|p1a: Cramorant|Defog|p2a: Quagsire\n|-unboost|p2a: Quagsire|evasion|1\n|-sideend|p1: p0x5601007|Spikes|[from] move: Defog|[of] p1a: Cramorant\n|move|p2a: Quagsire|Spikes|p1a: Cramorant\n|-sidestart|p1: p0x5601007|Spikes\n|\n|-heal|p2a: Quagsire|99/100|[from] item: Leftovers\n|-damage|p1a: Cramorant|43/261 tox|[from] psn\n|upkeep\n|turn|25\n|inactive|Time left: 300 sec this turn | 300 sec total\n|\n|t:|1783545593\n|switch|p1a: Crabominable|Crabominable, L90, M|159/321\n|-damage|p1a: Crabominable|119/321|[from] Spikes\n|move|p2a: Quagsire|Spikes|p1a: Crabominable\n|-sidestart|p1: p0x5601007|Spikes\n|\n|-heal|p2a: Quagsire|100/100|[from] item: Leftovers\n|upkeep\n|turn|26\n|inactive|Time left: 300 sec this turn | 300 sec total\n|\n|t:|1783545594\n|switch|p2a: Zacian|Zacian-Crowned, L64|19/100\n|move|p1a: Crabominable|Drain Punch|p2a: Zacian\n|-damage|p2a: Zacian|0 fnt\n|-heal|p1a: Crabominable|140/321|[from] drain|[of] p2a: Zacian\n|faint|p2a: Zacian\n|\n|upkeep\n|\n|t:|1783545595\n|switch|p2a: Gliscor|Gliscor, L76, M|100/100 tox\n|turn|27\n|inactive|Time left: 300 sec this turn | 300 sec total\n|\n|t:|1783545596\n|move|p2a: Gliscor|Substitute|p2a: Gliscor\n|-start|p2a: Gliscor|Substitute\n|-damage|p2a: Gliscor|76/100 tox\n|move|p1a: Crabominable|Drain Punch|p2a: Gliscor\n|-resisted|p2a: Gliscor\n|-end|p2a: Gliscor|Substitute\n|-heal|p1a: Crabominable|170/321|[from] drain|[of] p2a: Gliscor\n|\n|-heal|p2a: Gliscor|88/100 tox|[from] ability: Poison Heal\n|upkeep\n|turn|28\n|inactive|Time left: 300 sec this turn | 300 sec total\n|\n|t:|1783545597\n|move|p2a: Gliscor|Substitute|p2a: Gliscor\n|-start|p2a: Gliscor|Substitute\n|-damage|p2a: Gliscor|63/100 tox\n|move|p1a: Crabominable|Drain Punch|p2a: Gliscor\n|-resisted|p2a: Gliscor\n|-end|p2a: Gliscor|Substitute\n|-heal|p1a: Crabominable|200/321|[from] drain|[of] p2a: Gliscor\n|\n|-heal|p2a: Gliscor|75/100 tox|[from] ability: Poison Heal\n|upkeep\n|turn|29\n|inactive|Time left: 300 sec this turn | 300 sec total\n|\n|t:|1783545598\n|move|p2a: Gliscor|Protect|p2a: Gliscor\n|-singleturn|p2a: Gliscor|Protect\n|move|p1a: Crabominable|Drain Punch|p2a: Gliscor\n|-activate|p2a: Gliscor|move: Protect\n|\n|-heal|p2a: Gliscor|88/100 tox|[from] ability: Poison Heal\n|upkeep\n|turn|30\n|inactive|Time left: 300 sec this turn | 300 sec total\n|\n|t:|1783545599\n|move|p2a: Gliscor|Substitute|p2a: Gliscor\n|-start|p2a: Gliscor|Substitute\n|-damage|p2a: Gliscor|63/100 tox\n|move|p1a: Crabominable|Drain Punch|p2a: Gliscor\n|-resisted|p2a: Gliscor\n|-end|p2a: Gliscor|Substitute\n|-heal|p1a: Crabominable|230/321|[from] drain|[of] p2a: Gliscor\n|\n|-heal|p2a: Gliscor|75/100 tox|[from] ability: Poison Heal\n|upkeep\n|turn|31\n|inactive|Time left: 300 sec this turn | 300 sec total\n|\n|t:|1783545600\n|move|p2a: Gliscor|Protect|p2a: Gliscor\n|-singleturn|p2a: Gliscor|Protect\n|move|p1a: Crabominable|Drain Punch|p2a: Gliscor\n|-activate|p2a: Gliscor|move: Protect\n|\n|-heal|p2a: Gliscor|87/100 tox|[from] ability: Poison Heal\n|upkeep\n|turn|32\n|inactive|Time left: 300 sec this turn | 300 sec total\n|\n|t:|1783545601\n|move|p2a: Gliscor|Substitute|p2a: Gliscor\n|-start|p2a: Gliscor|Substitute\n|-damage|p2a: Gliscor|62/100 tox\n|move|p1a: Crabominable|Drain Punch|p2a: Gliscor\n|-resisted|p2a: Gliscor\n|-end|p2a: Gliscor|Substitute\n|-heal|p1a: Crabominable|260/321|[from] drain|[of] p2a: Gliscor\n|\n|-heal|p2a: Gliscor|75/100 tox|[from] ability: Poison Heal\n|upkeep\n|turn|33\n|inactive|Time left: 300 sec this turn | 300 sec total\n|\n|t:|1783545602\n|move|p2a: Gliscor|Substitute|p2a: Gliscor\n|-start|p2a: Gliscor|Substitute\n|-damage|p2a: Gliscor|50/100 tox\n|move|p1a: Crabominable|Drain Punch|p2a: Gliscor\n|-resisted|p2a: Gliscor\n|-end|p2a: Gliscor|Substitute\n|-heal|p1a: Crabominable|290/321|[from] drain|[of] p2a: Gliscor\n|\n|-heal|p2a: Gliscor|62/100 tox|[from] ability: Poison Heal\n|upkeep\n|turn|34\n|inactive|Time left: 300 sec this turn | 300 sec total\n|\n|t:|1783545603\n|move|p2a: Gliscor|Protect|p2a: Gliscor\n|-singleturn|p2a: Gliscor|Protect\n|move|p1a: Crabominable|Drain Punch|p2a: Gliscor\n|-activate|p2a: Gliscor|move: Protect\n|\n|-heal|p2a: Gliscor|74/100 tox|[from] ability: Poison Heal\n|upkeep\n|turn|35\n|inactive|Time left: 300 sec this turn | 300 sec total\n|\n|t:|1783545605\n|move|p2a: Gliscor|Substitute|p2a: Gliscor\n|-start|p2a: Gliscor|Substitute\n|-damage|p2a: Gliscor|49/100 tox\n|move|p1a: Crabominable|Drain Punch|p2a: Gliscor\n|-resisted|p2a: Gliscor\n|-end|p2a: Gliscor|Substitute\n|-heal|p1a: Crabominable|320/321|[from] drain|[of] p2a: Gliscor\n|\n|-heal|p2a: Gliscor|62/100 tox|[from] ability: Poison Heal\n|upkeep\n|turn|36\n|inactive|Time left: 300 sec this turn | 300 sec total\n|\n|t:|1783545606\n|move|p2a: Gliscor|Protect|p2a: Gliscor\n|-singleturn|p2a: Gliscor|Protect\n|move|p1a: Crabominable|Drain Punch|p2a: Gliscor\n|-activate|p2a: Gliscor|move: Protect\n|\n|-heal|p2a: Gliscor|74/100 tox|[from] ability: Poison Heal\n|upkeep\n|turn|37\n|inactive|Time left: 300 sec this turn | 300 sec total\n|\n|t:|1783545607\n|move|p2a: Gliscor|Substitute|p2a: Gliscor\n|-start|p2a: Gliscor|Substitute\n|-damage|p2a: Gliscor|49/100 tox\n|move|p1a: Crabominable|Drain Punch|p2a: Gliscor\n|-resisted|p2a: Gliscor\n|-end|p2a: Gliscor|Substitute\n|-heal|p1a: Crabominable|321/321|[from] drain|[of] p2a: Gliscor\n|\n|-heal|p2a: Gliscor|61/100 tox|[from] ability: Poison Heal\n|upkeep\n|turn|38\n|inactive|Time left: 300 sec this turn | 300 sec total\n|\n|t:|1783545608\n|move|p2a: Gliscor|Protect|p2a: Gliscor\n|-singleturn|p2a: Gliscor|Protect\n|move|p1a: Crabominable|Drain Punch|p2a: Gliscor\n|-activate|p2a: Gliscor|move: Protect\n|\n|-heal|p2a: Gliscor|73/100 tox|[from] ability: Poison Heal\n|upkeep\n|turn|39\n|inactive|Time left: 300 sec this turn | 300 sec total\n|\n|t:|1783545609\n|switch|p1a: Cramorant|Cramorant, L86, M|43/261 tox\n|move|p2a: Gliscor|Substitute|p2a: Gliscor\n|-start|p2a: Gliscor|Substitute\n|-damage|p2a: Gliscor|49/100 tox\n|\n|-damage|p1a: Cramorant|27/261 tox|[from] psn\n|-heal|p2a: Gliscor|61/100 tox|[from] ability: Poison Heal\n|upkeep\n|turn|40\n|inactive|Time left: 300 sec this turn | 300 sec total\n|\n|t:|1783545610\n|move|p1a: Cramorant|Defog|p2a: Gliscor\n|-sideend|p1: p0x5601007|Spikes|[from] move: Defog|[of] p1a: Cramorant\n|move|p2a: Gliscor|Toxic|p1a: Cramorant\n|-fail|p1a: Cramorant|tox\n|\n|-damage|p1a: Cramorant|0 fnt|[from] psn\n|faint|p1a: Cramorant\n|-heal|p2a: Gliscor|73/100 tox|[from] ability: Poison Heal\n|upkeep\n|inactive|Time left: 300 sec this turn | 300 sec total | 5 sec grace\n|\n|t:|1783545611\n|switch|p1a: Froslass|Froslass, L87, F|263/263\n|turn|41\n|inactive|Time left: 300 sec this turn | 300 sec total\n|\n|t:|1783545612\n|move|p2a: Gliscor|Protect|p2a: Gliscor\n|-singleturn|p2a: Gliscor|Protect\n|move|p1a: Froslass|Triple Axel|p2a: Gliscor\n|-activate|p2a: Gliscor|move: Protect\n|\n|-heal|p2a: Gliscor|85/100 tox|[from] ability: Poison Heal\n|upkeep\n|turn|42\n|inactive|Time left: 300 sec this turn | 300 sec total\n|\n|t:|1783545613\n|switch|p2a: Quagsire|Quagsire, L84, F|100/100\n|move|p1a: Froslass|Triple Axel|p2a: Quagsire\n|-damage|p2a: Quagsire|93/100\n|-damage|p2a: Quagsire|81/100\n|-damage|p2a: Quagsire|61/100\n|-hitcount|p2a: Quagsire|3\n|\n|-heal|p2a: Quagsire|67/100|[from] item: Leftovers\n|upkeep\n|turn|43\n|inactive|Time left: 300 sec this turn | 300 sec total\n|\n|t:|1783545614\n|switch|p1a: Crabominable|Crabominable, L90, M|321/321\n|move|p2a: Quagsire|Earthquake|p1a: Crabominable\n|-damage|p1a: Crabominable|213/321\n|\n|-heal|p2a: Quagsire|73/100|[from] item: Leftovers\n|upkeep\n|turn|44\n|inactive|Time left: 300 sec this turn | 300 sec total\n|\n|t:|1783545615\n|move|p1a: Crabominable|Ice Hammer|p2a: Quagsire\n|-damage|p2a: Quagsire|0 fnt\n|-unboost|p1a: Crabominable|spe|1\n|faint|p2a: Quagsire\n|\n|upkeep\n|\n|t:|1783545616\n|switch|p2a: Gliscor|Gliscor, L76, M|85/100 tox\n|turn|45\n|inactive|Time left: 300 sec this turn | 300 sec total\n|\n|t:|1783545617\n|switch|p1a: Froslass|Froslass, L87, F|263/263\n|move|p2a: Gliscor|Substitute|p2a: Gliscor\n|-start|p2a: Gliscor|Substitute\n|-damage|p2a: Gliscor|60/100 tox\n|\n|-heal|p2a: Gliscor|72/100 tox|[from] ability: Poison Heal\n|upkeep\n|turn|46\n|inactive|Time left: 300 sec this turn | 300 sec total\n|\n|t:|1783545618\n|move|p2a: Gliscor|Protect|p2a: Gliscor\n|-singleturn|p2a: Gliscor|Protect\n|move|p1a: Froslass|Triple Axel|p2a: Gliscor\n|-activate|p2a: Gliscor|move: Protect\n|\n|-heal|p2a: Gliscor|85/100 tox|[from] ability: Poison Heal\n|upkeep\n|turn|47\n|inactive|Time left: 300 sec this turn | 300 sec total\n|\n|t:|1783545618\n|-terastallize|p1a: Froslass|Ghost\n|move|p2a: Gliscor|Protect|p2a: Gliscor\n|-singleturn|p2a: Gliscor|Protect\n|move|p1a: Froslass|Triple Axel|p2a: Gliscor\n|-activate|p2a: Gliscor|move: Protect\n|\n|-heal|p2a: Gliscor|97/100 tox|[from] ability: Poison Heal\n|upkeep\n|turn|48\n|inactive|Time left: 300 sec this turn | 300 sec total\n|\n|t:|1783545619\n|move|p2a: Gliscor|Protect||[still]\n|-fail|p2a: Gliscor\n|move|p1a: Froslass|Triple Axel|p2a: Gliscor\n|-supereffective|p2a: Gliscor\n|-end|p2a: Gliscor|Substitute\n|-supereffective|p2a: Gliscor\n|-damage|p2a: Gliscor|40/100 tox\n|-supereffective|p2a: Gliscor\n|-damage|p2a: Gliscor|0 fnt\n|faint|p2a: Gliscor\n|-hitcount|p2: Gliscor|3\n|\n|win|p0x5601007", "uploadtime": 1783545619, "views": 0, "rating": 0, "private": 0, "password": null, "_winner": "p0x5601007", "_our_name": "p0x5601007"}