{"id": "battle-gen9randombattle-2224", "formatid": "gen9randombattle", "format": "[Gen 9] Random Battle", "players": ["p0x222450bb", "p0y22249c48"], "log": "|init|battle\n|title|p0x222450bb vs. p0y22249c48\n|j|\u2606p0x222450bb\n|j|\u2606p0y22249c48\n|t:|1783564850\n|gametype|singles\n|player|p1|p0x222450bb|101|\n|player|p2|p0y22249c48|101|\n|gen|9\n|tier|[Gen 9] Random Battle\n|rule|Species Clause: Limit one of each Pok\u00e9mon\n|rule|HP Percentage Mod: HP is shown in percentages\n|rule|Sleep Clause Mod: Limit one foe put to sleep\n|rule|Illusion Level Mod: Illusion disguises the Pok\u00e9mon's true level\n|\n|t:|1783564850\n|teamsize|p1|6\n|teamsize|p2|6\n|start\n|switch|p1a: Lumineon|Lumineon, L93, F|100/100\n|switch|p2a: Slowbro|Slowbro, L85, F|300/300\n|turn|1\n|inactive|Battle timer is ON: inactive players will automatically lose when time's up. (requested by p0y22249c48)\n|inactive|p0x222450bb also wants the timer to be on.\n|\n|t:|1783564852\n|move|p1a: Lumineon|U-turn|p2a: Slowbro\n|-supereffective|p2a: Slowbro\n|-damage|p2a: Slowbro|220/300\n|-damage|p1a: Lumineon|84/100|[from] item: Rocky Helmet|[of] p2a: Slowbro\n|\n|t:|1783564853\n|switch|p1a: Flapple|Flapple, L88, M|100/100|[from] U-turn\n|move|p2a: Slowbro|Calm Mind|p2a: Slowbro\n|-boost|p2a: Slowbro|spa|1\n|-boost|p2a: Slowbro|spd|1\n|\n|upkeep\n|turn|2\n|inactive|Time left: 300 sec this turn | 300 sec total\n|\n|t:|1783564855\n|move|p1a: Flapple|Grav Apple|p2a: Slowbro\n|-supereffective|p2a: Slowbro\n|-damage|p2a: Slowbro|0 fnt\n|faint|p2a: Slowbro\n|\n|upkeep\n|inactive|Time left: 300 sec this turn | 300 sec total | 5 sec grace\n|\n|t:|1783564855\n|switch|p2a: Braviary|Braviary, L85, M|309/309\n|turn|3\n|inactive|Time left: 300 sec this turn | 300 sec total\n|\n|t:|1783564857\n|-terastallize|p1a: Flapple|Fire\n|move|p2a: Braviary|Brave Bird|p1a: Flapple\n|-damage|p1a: Flapple|40/100\n|-damage|p2a: Braviary|256/309|[from] Recoil\n|move|p1a: Flapple|Outrage|p2a: Braviary\n|-damage|p2a: Braviary|0 fnt\n|faint|p2a: Braviary\n|\n|upkeep\n|inactive|Time left: 300 sec this turn | 300 sec total | 5 sec grace\n|\n|t:|1783564858\n|switch|p2a: Toxicroak|Toxicroak, L84, M|277/277\n|turn|4\n|inactive|Time left: 300 sec this turn | 300 sec total\n|\n|t:|1783564859\n|move|p2a: Toxicroak|Earthquake|p1a: Flapple\n|-supereffective|p1a: Flapple\n|-crit|p1a: Flapple\n|-damage|p1a: Flapple|0 fnt\n|faint|p1a: Flapple\n|\n|upkeep\n|\n|t:|1783564860\n|switch|p1a: Mamoswine|Mamoswine, L81, F|100/100\n|turn|5\n|inactive|Time left: 300 sec this turn | 300 sec total\n|\n|t:|1783564861\n|move|p2a: Toxicroak|Earthquake|p1a: Mamoswine\n|-damage|p1a: Mamoswine|59/100\n|move|p1a: Mamoswine|Earthquake|p2a: Toxicroak\n|-supereffective|p2a: Toxicroak\n|-damage|p2a: Toxicroak|0 fnt\n|faint|p2a: Toxicroak\n|\n|upkeep\n|inactive|Time left: 300 sec this turn | 300 sec total | 5 sec grace\n|\n|t:|1783564862\n|switch|p2a: Hypno|Hypno, L95, F|315/315\n|turn|6\n|inactive|Time left: 300 sec this turn | 300 sec total\n|\n|t:|1783564863\n|move|p2a: Hypno|Focus Blast|p1a: Mamoswine\n|-supereffective|p1a: Mamoswine\n|-damage|p1a: Mamoswine|0 fnt\n|faint|p1a: Mamoswine\n|\n|upkeep\n|\n|t:|1783564864\n|switch|p1a: Granbull|Granbull, L88, M|100/100\n|-ability|p1a: Granbull|Intimidate|boost\n|-unboost|p2a: Hypno|atk|1\n|turn|7\n|inactive|Time left: 300 sec this turn | 300 sec total\n|\n|t:|1783564865\n|move|p2a: Hypno|Toxic|p1a: Granbull\n|-status|p1a: Granbull|tox\n|move|p1a: Granbull|Play Rough|p2a: Hypno\n|-crit|p2a: Hypno\n|-damage|p2a: Hypno|137/315\n|\n|-heal|p2a: Hypno|156/315|[from] item: Leftovers\n|-damage|p1a: Granbull|95/100 tox|[from] psn\n|upkeep\n|turn|8\n|inactive|Time left: 300 sec this turn | 300 sec total\n|\n|t:|1783564866\n|move|p2a: Hypno|Psychic Noise|p1a: Granbull\n|-damage|p1a: Granbull|60/100 tox\n|-start|p1a: Granbull|move: Heal Block\n|move|p1a: Granbull|Play Rough|p2a: Hypno\n|-damage|p2a: Hypno|17/315\n|\n|-heal|p2a: Hypno|36/315|[from] item: Leftovers\n|-damage|p1a: Granbull|48/100 tox|[from] psn\n|upkeep\n|turn|9\n|inactive|Time left: 300 sec this turn | 300 sec total\n|\n|t:|1783564867\n|switch|p1a: Uxie|Uxie, L83|100/100\n|move|p2a: Hypno|Psychic Noise|p1a: Uxie\n|-resisted|p1a: Uxie\n|-damage|p1a: Uxie|88/100\n|-start|p1a: Uxie|move: Heal Block\n|\n|-heal|p2a: Hypno|55/315|[from] item: Leftovers\n|upkeep\n|turn|10\n|inactive|Time left: 300 sec this turn | 300 sec total\n|\n|t:|1783564868\n|switch|p2a: Emboar|Emboar, L84, M|322/322\n|move|p1a: Uxie|Knock Off|p2a: Emboar\n|-resisted|p2a: Emboar\n|-damage|p2a: Emboar|286/322\n|-enditem|p2a: Emboar|Assault Vest|[from] move: Knock Off|[of] p1a: Uxie\n|\n|-end|p1a: Uxie|move: Heal Block\n|upkeep\n|turn|11\n|inactive|Time left: 300 sec this turn | 300 sec total\n|\n|t:|1783564870\n|move|p1a: Uxie|Psychic Noise|p2a: Emboar\n|-supereffective|p2a: Emboar\n|-damage|p2a: Emboar|136/322\n|-start|p2a: Emboar|move: Heal Block\n|move|p2a: Emboar|Flare Blitz|p1a: Uxie\n|-damage|p1a: Uxie|38/100\n|-damage|p2a: Emboar|93/322|[from] Recoil\n|\n|-heal|p1a: Uxie|44/100|[from] item: Leftovers\n|upkeep\n|turn|12\n|inactive|Time left: 300 sec this turn | 300 sec total\n|\n|t:|1783564871\n|move|p2a: Emboar|Sucker Punch|p1a: Uxie\n|-supereffective|p1a: Uxie\n|-damage|p1a: Uxie|10/100\n|move|p1a: Uxie|Psychic Noise|p2a: Emboar\n|-supereffective|p2a: Emboar\n|-damage|p2a: Emboar|0 fnt\n|faint|p2a: Emboar\n|\n|-heal|p1a: Uxie|16/100|[from] item: Leftovers\n|upkeep\n|inactive|Time left: 300 sec this turn | 300 sec total | 5 sec grace\n|\n|t:|1783564872\n|switch|p2a: Tentacruel|Tentacruel, L84, F|272/272\n|turn|13\n|inactive|Time left: 300 sec this turn | 300 sec total\n|\n|t:|1783564873\n|switch|p1a: Swampert|Swampert, L83, F|100/100\n|move|p2a: Tentacruel|Sludge Bomb|p1a: Swampert\n|-resisted|p1a: Swampert\n|-damage|p1a: Swampert|87/100\n|\n|-heal|p1a: Swampert|93/100|[from] item: Leftovers\n|upkeep\n|turn|14\n|inactive|Time left: 300 sec this turn | 300 sec total\n|\n|t:|1783564874\n|-terastallize|p2a: Tentacruel|Flying\n|move|p2a: Tentacruel|Rapid Spin|p1a: Swampert\n|-damage|p1a: Swampert|83/100\n|-boost|p2a: Tentacruel|spe|1\n|move|p1a: Swampert|Earthquake|p2a: Tentacruel\n|-immune|p2a: Tentacruel\n|\n|-heal|p1a: Swampert|89/100|[from] item: Leftovers\n|upkeep\n|turn|15\n|inactive|Time left: 300 sec this turn | 300 sec total\n|\n|t:|1783564875\n|move|p2a: Tentacruel|Surf|p1a: Swampert\n|-damage|p1a: Swampert|61/100\n|move|p1a: Swampert|Roar|p2a: Tentacruel\n|drag|p2a: Hypno|Hypno, L95, F|55/315\n|\n|-heal|p2a: Hypno|74/315|[from] item: Leftovers\n|-heal|p1a: Swampert|67/100|[from] item: Leftovers\n|upkeep\n|turn|16\n|inactive|Time left: 300 sec this turn | 300 sec total\n|\n|t:|1783564876\n|move|p2a: Hypno|Toxic|p1a: Swampert\n|-status|p1a: Swampert|tox\n|move|p1a: Swampert|Earthquake|p2a: Hypno\n|-damage|p2a: Hypno|0 fnt\n|faint|p2a: Hypno\n|\n|-heal|p1a: Swampert|73/100 tox|[from] item: Leftovers\n|-damage|p1a: Swampert|67/100 tox|[from] psn\n|upkeep\n|inactive|Time left: 300 sec this turn | 300 sec total | 5 sec grace\n|\n|t:|1783564877\n|switch|p2a: Tentacruel|Tentacruel, L84, F, tera:Flying|272/272\n|turn|17\n|inactive|Time left: 300 sec this turn | 300 sec total\n|\n|t:|1783564878\n|move|p2a: Tentacruel|Rapid Spin|p1a: Swampert\n|-damage|p1a: Swampert|57/100 tox\n|-boost|p2a: Tentacruel|spe|1\n|move|p1a: Swampert|Ice Beam|p2a: Tentacruel\n|-supereffective|p2a: Tentacruel\n|-damage|p2a: Tentacruel|186/272\n|\n|-heal|p2a: Tentacruel|203/272|[from] item: Leftovers\n|-heal|p1a: Swampert|63/100 tox|[from] item: Leftovers\n|-damage|p1a: Swampert|51/100 tox|[from] psn\n|upkeep\n|turn|18\n|inactive|Time left: 300 sec this turn | 300 sec total\n|\n|t:|1783564879\n|move|p2a: Tentacruel|Sludge Bomb|p1a: Swampert\n|-resisted|p1a: Swampert\n|-damage|p1a: Swampert|38/100 tox\n|move|p1a: Swampert|Ice Beam|p2a: Tentacruel\n|-supereffective|p2a: Tentacruel\n|-damage|p2a: Tentacruel|115/272\n|\n|-heal|p2a: Tentacruel|132/272|[from] item: Leftovers\n|-heal|p1a: Swampert|44/100 tox|[from] item: Leftovers\n|-damage|p1a: Swampert|26/100 tox|[from] psn\n|upkeep\n|turn|19\n|inactive|Time left: 300 sec this turn | 300 sec total\n|\n|t:|1783564880\n|move|p2a: Tentacruel|Surf|p1a: Swampert\n|-damage|p1a: Swampert|0 fnt\n|faint|p1a: Swampert\n|\n|-heal|p2a: Tentacruel|149/272|[from] item: Leftovers\n|upkeep\n|\n|t:|1783564881\n|switch|p1a: Lumineon|Lumineon, L93, F|84/100\n|turn|20\n|inactive|Time left: 300 sec this turn | 300 sec total\n|\n|t:|1783564882\n|move|p2a: Tentacruel|Sludge Bomb|p1a: Lumineon\n|-damage|p1a: Lumineon|59/100\n|move|p1a: Lumineon|Ice Beam|p2a: Tentacruel\n|-supereffective|p2a: Tentacruel\n|-damage|p2a: Tentacruel|59/272\n|\n|-heal|p2a: Tentacruel|76/272|[from] item: Leftovers\n|upkeep\n|turn|21\n|inactive|Time left: 300 sec this turn | 300 sec total\n|\n|t:|1783564883\n|move|p2a: Tentacruel|Sludge Bomb|p1a: Lumineon\n|-damage|p1a: Lumineon|31/100\n|move|p1a: Lumineon|Ice Beam|p2a: Tentacruel\n|-supereffective|p2a: Tentacruel\n|-damage|p2a: Tentacruel|0 fnt\n|faint|p2a: Tentacruel\n|\n|win|p0x222450bb", "uploadtime": 1783564883, "views": 0, "rating": 0, "private": 0, "password": null, "_winner": "p0x222450bb", "_our_name": "p0y22249c48"}