{"id": "battle-gen9randombattle-2483", "formatid": "gen9randombattle", "format": "[Gen 9] Random Battle", "players": ["p0x248386e5", "p0y248328d2"], "log": "|init|battle\n|title|p0x248386e5 vs. p0y248328d2\n|j|\u2606p0x248386e5\n|j|\u2606p0y248328d2\n|t:|1783568784\n|gametype|singles\n|player|p1|p0x248386e5|101|\n|player|p2|p0y248328d2|2|\n|gen|9\n|tier|[Gen 9] Random Battle\n|rule|Species Clause: Limit one of each Pok\u00e9mon\n|rule|HP Percentage Mod: HP is shown in percentages\n|rule|Sleep Clause Mod: Limit one foe put to sleep\n|rule|Illusion Level Mod: Illusion disguises the Pok\u00e9mon's true level\n|\n|t:|1783568784\n|teamsize|p1|6\n|teamsize|p2|6\n|start\n|switch|p1a: Swanna|Swanna, L89, M|278/278\n|switch|p2a: Talonflame|Talonflame, L83, F|100/100\n|turn|1\n|inactive|Battle timer is ON: inactive players will automatically lose when time's up. (requested by p0y248328d2)\n|inactive|Time left: 300 sec this turn | 300 sec total | 60 sec grace\n|inactive|p0x248386e5 also wants the timer to be on.\n|\n|t:|1783568786\n|switch|p2a: Lumineon|Lumineon, L93, M|100/100\n|move|p1a: Swanna|Hydro Pump|p2a: Lumineon\n|-ability|p2a: Lumineon|Storm Drain|boost\n|-boost|p2a: Lumineon|spa|1\n|\n|upkeep\n|turn|2\n|inactive|Time left: 300 sec this turn | 300 sec total\n|\n|t:|1783568787\n|move|p1a: Swanna|Brave Bird|p2a: Lumineon\n|-damage|p2a: Lumineon|55/100\n|-damage|p1a: Swanna|236/278|[from] Recoil\n|move|p2a: Lumineon|Hydro Pump|p1a: Swanna\n|-resisted|p1a: Swanna\n|-damage|p1a: Swanna|140/278\n|\n|upkeep\n|turn|3\n|inactive|Time left: 300 sec this turn | 300 sec total\n|\n|t:|1783568788\n|move|p1a: Swanna|Roost|p1a: Swanna\n|-heal|p1a: Swanna|278/278\n|-singleturn|p1a: Swanna|move: Roost\n|move|p2a: Lumineon|Hydro Pump|p1a: Swanna\n|-resisted|p1a: Swanna\n|-damage|p1a: Swanna|179/278\n|\n|upkeep\n|turn|4\n|inactive|Time left: 300 sec this turn | 300 sec total\n|\n|t:|1783568790\n|move|p1a: Swanna|Brave Bird|p2a: Lumineon\n|-damage|p2a: Lumineon|12/100\n|-damage|p1a: Swanna|139/278|[from] Recoil\n|move|p2a: Lumineon|Ice Beam|p1a: Swanna\n|-damage|p1a: Swanna|30/278\n|-status|p1a: Swanna|frz\n|\n|upkeep\n|turn|5\n|inactive|Time left: 300 sec this turn | 300 sec total\n|\n|t:|1783568791\n|-curestatus|p1a: Swanna|frz|[msg]\n|move|p1a: Swanna|Roost|p1a: Swanna\n|-heal|p1a: Swanna|169/278\n|-singleturn|p1a: Swanna|move: Roost\n|move|p2a: Lumineon|Ice Beam|p1a: Swanna\n|-resisted|p1a: Swanna\n|-damage|p1a: Swanna|119/278\n|\n|upkeep\n|turn|6\n|inactive|Time left: 300 sec this turn | 300 sec total\n|\n|t:|1783568792\n|move|p1a: Swanna|Brave Bird|p2a: Lumineon\n|-damage|p2a: Lumineon|0 fnt\n|faint|p2a: Lumineon\n|-damage|p1a: Swanna|108/278|[from] Recoil\n|\n|upkeep\n|\n|t:|1783568792\n|switch|p2a: Mewtwo|Mewtwo, L72|100/100\n|-ability|p2a: Mewtwo|Pressure\n|turn|7\n|inactive|Time left: 300 sec this turn | 300 sec total\n|\n|t:|1783568793\n|switch|p1a: Skeledirge|Skeledirge, L79, F|294/294\n|move|p2a: Mewtwo|Nasty Plot|p2a: Mewtwo\n|-boost|p2a: Mewtwo|spa|2\n|\n|upkeep\n|turn|8\n|inactive|Time left: 300 sec this turn | 300 sec total\n|\n|t:|1783568795\n|move|p2a: Mewtwo|Dark Pulse|p1a: Skeledirge\n|-supereffective|p1a: Skeledirge\n|-damage|p1a: Skeledirge|99/294\n|-damage|p2a: Mewtwo|91/100|[from] item: Life Orb\n|move|p1a: Skeledirge|Torch Song|p2a: Mewtwo\n|-damage|p2a: Mewtwo|53/100\n|-boost|p1a: Skeledirge|spa|1\n|\n|upkeep\n|turn|9\n|inactive|Time left: 300 sec this turn | 300 sec total\n|\n|t:|1783568796\n|switch|p1a: Morpeko|Morpeko, L88, M|245/245\n|move|p2a: Mewtwo|Psystrike|p1a: Morpeko\n|-immune|p1a: Morpeko\n|\n|-formechange|p1a: Morpeko|Morpeko-Hangry||[from] ability: Hunger Switch\n|upkeep\n|turn|10\n|inactive|Time left: 300 sec this turn | 300 sec total\n|\n|t:|1783568797\n|move|p2a: Mewtwo|Aura Sphere|p1a: Morpeko\n|-supereffective|p1a: Morpeko\n|-damage|p1a: Morpeko|0 fnt\n|faint|p1a: Morpeko\n|-damage|p2a: Mewtwo|43/100|[from] item: Life Orb\n|\n|upkeep\n|inactive|Time left: 300 sec this turn | 300 sec total | 5 sec grace\n|\n|t:|1783568798\n|switch|p1a: Gothitelle|Gothitelle, L90, M|272/272\n|turn|11\n|inactive|Time left: 300 sec this turn | 300 sec total\n|\n|t:|1783568799\n|move|p1a: Gothitelle|Dark Pulse|p2a: Mewtwo\n|-supereffective|p2a: Mewtwo\n|-damage|p2a: Mewtwo|0 fnt\n|faint|p2a: Mewtwo\n|\n|upkeep\n|\n|t:|1783568799\n|switch|p2a: Mamoswine|Mamoswine, L81, F|100/100\n|turn|12\n|inactive|Time left: 300 sec this turn | 300 sec total\n|\n|t:|1783568800\n|switch|p1a: Quaquaval|Quaquaval, L79, M|264/264\n|move|p2a: Mamoswine|Knock Off|p1a: Quaquaval\n|-resisted|p1a: Quaquaval\n|-damage|p1a: Quaquaval|197/264\n|-enditem|p1a: Quaquaval|Life Orb|[from] move: Knock Off|[of] p2a: Mamoswine\n|\n|upkeep\n|turn|13\n|inactive|Time left: 300 sec this turn | 300 sec total\n|\n|t:|1783568801\n|switch|p2a: Hatterene|Hatterene, L85, F|100/100\n|move|p1a: Quaquaval|Aqua Step|p2a: Hatterene\n|-damage|p2a: Hatterene|66/100\n|-boost|p1a: Quaquaval|spe|1\n|\n|upkeep\n|turn|14\n|inactive|Time left: 300 sec this turn | 300 sec total\n|\n|t:|1783568802\n|-terastallize|p1a: Quaquaval|Steel\n|move|p1a: Quaquaval|Swords Dance|p1a: Quaquaval\n|-boost|p1a: Quaquaval|atk|2\n|move|p2a: Hatterene|Draining Kiss|p1a: Quaquaval\n|-resisted|p1a: Quaquaval\n|-damage|p1a: Quaquaval|153/264\n|-heal|p2a: Hatterene|80/100|[from] drain|[of] p1a: Quaquaval\n|\n|upkeep\n|turn|15\n|inactive|Time left: 300 sec this turn | 300 sec total\n|\n|t:|1783568803\n|move|p1a: Quaquaval|Aqua Step|p2a: Hatterene\n|-damage|p2a: Hatterene|15/100\n|-boost|p1a: Quaquaval|spe|1\n|move|p2a: Hatterene|Mystical Fire|p1a: Quaquaval\n|-supereffective|p1a: Quaquaval\n|-crit|p1a: Quaquaval\n|-damage|p1a: Quaquaval|0 fnt\n|faint|p1a: Quaquaval\n|\n|upkeep\n|inactive|Time left: 300 sec this turn | 300 sec total | 5 sec grace\n|\n|t:|1783568804\n|switch|p1a: Charizard|Charizard, L85, F|271/271\n|turn|16\n|inactive|Time left: 300 sec this turn | 300 sec total\n|\n|t:|1783568805\n|switch|p2a: Grimmsnarl|Grimmsnarl, L83, M|100/100\n|move|p1a: Charizard|Flamethrower|p2a: Grimmsnarl\n|-damage|p2a: Grimmsnarl|56/100\n|\n|upkeep\n|turn|17\n|inactive|Time left: 300 sec this turn | 300 sec total\n|\n|t:|1783568806\n|move|p2a: Grimmsnarl|Thunder Wave|p1a: Charizard\n|-status|p1a: Charizard|par\n|cant|p1a: Charizard|par\n|\n|upkeep\n|turn|18\n|inactive|Time left: 300 sec this turn | 300 sec total\n|\n|t:|1783568807\n|move|p2a: Grimmsnarl|Spirit Break|p1a: Charizard\n|-resisted|p1a: Charizard\n|-damage|p1a: Charizard|224/271 par\n|-unboost|p1a: Charizard|spa|1\n|cant|p1a: Charizard|par\n|\n|upkeep\n|turn|19\n|inactive|Time left: 300 sec this turn | 300 sec total\n|\n|t:|1783568808\n|switch|p1a: Skeledirge|Skeledirge, L79, F|99/294\n|move|p2a: Grimmsnarl|Spirit Break|p1a: Skeledirge\n|-resisted|p1a: Skeledirge\n|-damage|p1a: Skeledirge|54/294\n|-unboost|p1a: Skeledirge|spa|1\n|\n|upkeep\n|turn|20\n|inactive|Time left: 300 sec this turn | 300 sec total\n|\n|t:|1783568809\n|move|p2a: Grimmsnarl|Thunder Wave|p1a: Skeledirge\n|-status|p1a: Skeledirge|par\n|move|p1a: Skeledirge|Slack Off|p1a: Skeledirge\n|-heal|p1a: Skeledirge|201/294 par\n|\n|upkeep\n|turn|21\n|inactive|Time left: 300 sec this turn | 300 sec total\n|\n|t:|1783568810\n|move|p2a: Grimmsnarl|Reflect|p2a: Grimmsnarl\n|-sidestart|p2: p0y248328d2|Reflect\n|cant|p1a: Skeledirge|par\n|\n|upkeep\n|turn|22\n|inactive|Time left: 300 sec this turn | 300 sec total\n|\n|t:|1783568811\n|move|p2a: Grimmsnarl|Spirit Break|p1a: Skeledirge\n|-resisted|p1a: Skeledirge\n|-damage|p1a: Skeledirge|156/294 par\n|-unboost|p1a: Skeledirge|spa|1\n|move|p1a: Skeledirge|Slack Off|p1a: Skeledirge\n|-heal|p1a: Skeledirge|294/294 par\n|\n|upkeep\n|turn|23\n|inactive|Time left: 300 sec this turn | 300 sec total\n|\n|t:|1783568812\n|switch|p1a: Charizard|Charizard, L85, F|224/271 par\n|move|p2a: Grimmsnarl|Spirit Break|p1a: Charizard\n|-resisted|p1a: Charizard\n|-damage|p1a: Charizard|171/271 par\n|-unboost|p1a: Charizard|spa|1\n|\n|upkeep\n|turn|24\n|inactive|Time left: 300 sec this turn | 300 sec total\n|\n|t:|1783568813\n|switch|p1a: Skeledirge|Skeledirge, L79, F|294/294 par\n|move|p2a: Grimmsnarl|Spirit Break|p1a: Skeledirge\n|-resisted|p1a: Skeledirge\n|-damage|p1a: Skeledirge|251/294 par\n|-unboost|p1a: Skeledirge|spa|1\n|\n|upkeep\n|turn|25\n|inactive|Time left: 300 sec this turn | 300 sec total\n|\n|t:|1783568814\n|move|p2a: Grimmsnarl|Spirit Break|p1a: Skeledirge\n|-resisted|p1a: Skeledirge\n|-crit|p1a: Skeledirge\n|-damage|p1a: Skeledirge|179/294 par\n|-unboost|p1a: Skeledirge|spa|1\n|cant|p1a: Skeledirge|par\n|\n|upkeep\n|turn|26\n|inactive|Time left: 300 sec this turn | 300 sec total\n|\n|t:|1783568815\n|move|p2a: Grimmsnarl|Spirit Break|p1a: Skeledirge\n|-resisted|p1a: Skeledirge\n|-damage|p1a: Skeledirge|135/294 par\n|-unboost|p1a: Skeledirge|spa|1\n|move|p1a: Skeledirge|Slack Off|p1a: Skeledirge\n|-heal|p1a: Skeledirge|282/294 par\n|\n|upkeep\n|turn|27\n|inactive|Time left: 300 sec this turn | 300 sec total\n|\n|t:|1783568816\n|switch|p1a: Charizard|Charizard, L85, F|171/271 par\n|move|p2a: Grimmsnarl|Spirit Break|p1a: Charizard\n|-resisted|p1a: Charizard\n|-damage|p1a: Charizard|124/271 par\n|-unboost|p1a: Charizard|spa|1\n|\n|upkeep\n|turn|28\n|inactive|Time left: 300 sec this turn | 300 sec total\n|\n|t:|1783568817\n|switch|p1a: Skeledirge|Skeledirge, L79, F|282/294 par\n|move|p2a: Grimmsnarl|Spirit Break|p1a: Skeledirge\n|-resisted|p1a: Skeledirge\n|-damage|p1a: Skeledirge|239/294 par\n|-unboost|p1a: Skeledirge|spa|1\n|\n|-sideend|p2: p0y248328d2|Reflect\n|upkeep\n|turn|29\n|inactive|Time left: 300 sec this turn | 300 sec total\n|\n|t:|1783568818\n|move|p2a: Grimmsnarl|Reflect|p2a: Grimmsnarl\n|-sidestart|p2: p0y248328d2|Reflect\n|move|p1a: Skeledirge|Torch Song|p2a: Grimmsnarl\n|-damage|p2a: Grimmsnarl|35/100\n|-boost|p1a: Skeledirge|spa|1\n|\n|upkeep\n|turn|30\n|inactive|Time left: 300 sec this turn | 300 sec total\n|\n|t:|1783568819\n|move|p2a: Grimmsnarl|Spirit Break|p1a: Skeledirge\n|-resisted|p1a: Skeledirge\n|-damage|p1a: Skeledirge|194/294 par\n|-unboost|p1a: Skeledirge|spa|1\n|move|p1a: Skeledirge|Torch Song|p2a: Grimmsnarl\n|-damage|p2a: Grimmsnarl|13/100\n|-boost|p1a: Skeledirge|spa|1\n|\n|upkeep\n|turn|31\n|inactive|Time left: 300 sec this turn | 300 sec total\n|\n|t:|1783568820\n|move|p2a: Grimmsnarl|Light Screen|p2a: Grimmsnarl\n|-sidestart|p2: p0y248328d2|move: Light Screen\n|move|p1a: Skeledirge|Slack Off|p1a: Skeledirge\n|-heal|p1a: Skeledirge|294/294 par\n|\n|upkeep\n|turn|32\n|inactive|Time left: 300 sec this turn | 300 sec total\n|\n|t:|1783568821\n|switch|p2a: Mamoswine|Mamoswine, L81, F|100/100\n|move|p1a: Skeledirge|Torch Song|p2a: Mamoswine\n|-supereffective|p2a: Mamoswine\n|-damage|p2a: Mamoswine|83/100\n|-boost|p1a: Skeledirge|spa|1\n|\n|upkeep\n|turn|33\n|inactive|Time left: 300 sec this turn | 300 sec total\n|\n|t:|1783568822\n|move|p2a: Mamoswine|Knock Off|p1a: Skeledirge\n|-supereffective|p1a: Skeledirge\n|-damage|p1a: Skeledirge|68/294 par\n|-enditem|p1a: Skeledirge|Heavy-Duty Boots|[from] move: Knock Off|[of] p2a: Mamoswine\n|cant|p1a: Skeledirge|par\n|\n|upkeep\n|turn|34\n|inactive|Time left: 300 sec this turn | 300 sec total\n|\n|t:|1783568823\n|move|p2a: Mamoswine|Knock Off|p1a: Skeledirge\n|-supereffective|p1a: Skeledirge\n|-damage|p1a: Skeledirge|0 fnt\n|faint|p1a: Skeledirge\n|\n|upkeep\n|inactive|Time left: 300 sec this turn | 300 sec total | 5 sec grace\n|\n|t:|1783568824\n|switch|p1a: Swanna|Swanna, L89, M|108/278\n|turn|35\n|inactive|Time left: 300 sec this turn | 300 sec total\n|\n|t:|1783568825\n|move|p1a: Swanna|Roost|p1a: Swanna\n|-heal|p1a: Swanna|247/278\n|-singleturn|p1a: Swanna|move: Roost\n|move|p2a: Mamoswine|Knock Off|p1a: Swanna\n|-damage|p1a: Swanna|94/278\n|-enditem|p1a: Swanna|Heavy-Duty Boots|[from] move: Knock Off|[of] p2a: Mamoswine\n|\n|upkeep\n|turn|36\n|inactive|Time left: 300 sec this turn | 300 sec total\n|\n|t:|1783568826\n|move|p1a: Swanna|Roost|p1a: Swanna\n|-heal|p1a: Swanna|233/278\n|-singleturn|p1a: Swanna|move: Roost\n|move|p2a: Mamoswine|Knock Off|p1a: Swanna\n|-damage|p1a: Swanna|136/278\n|\n|-sideend|p2: p0y248328d2|Reflect\n|upkeep\n|turn|37\n|inactive|Time left: 300 sec this turn | 300 sec total\n|\n|t:|1783568827\n|move|p1a: Swanna|Roost|p1a: Swanna\n|-heal|p1a: Swanna|275/278\n|-singleturn|p1a: Swanna|move: Roost\n|move|p2a: Mamoswine|Knock Off|p1a: Swanna\n|-damage|p1a: Swanna|180/278\n|\n|upkeep\n|turn|38\n|inactive|Time left: 300 sec this turn | 300 sec total\n|\n|t:|1783568828\n|move|p1a: Swanna|Brave Bird|p2a: Mamoswine\n|-damage|p2a: Mamoswine|40/100\n|-damage|p1a: Swanna|135/278|[from] Recoil\n|move|p2a: Mamoswine|Knock Off|p1a: Swanna\n|-damage|p1a: Swanna|37/278\n|\n|-sideend|p2: p0y248328d2|move: Light Screen\n|upkeep\n|turn|39\n|inactive|Time left: 300 sec this turn | 300 sec total\n|\n|t:|1783568829\n|move|p1a: Swanna|Roost|p1a: Swanna\n|-heal|p1a: Swanna|176/278\n|-singleturn|p1a: Swanna|move: Roost\n|move|p2a: Mamoswine|Knock Off|p1a: Swanna\n|-damage|p1a: Swanna|82/278\n|\n|upkeep\n|turn|40\n|inactive|Time left: 300 sec this turn | 300 sec total\n|\n|t:|1783568830\n|switch|p2a: Grimmsnarl|Grimmsnarl, L83, M|13/100\n|move|p1a: Swanna|Roost|p1a: Swanna\n|-heal|p1a: Swanna|221/278\n|-singleturn|p1a: Swanna|move: Roost\n|\n|upkeep\n|turn|41\n|inactive|Time left: 300 sec this turn | 300 sec total\n|\n|t:|1783568831\n|move|p2a: Grimmsnarl|Thunder Wave|p1a: Swanna\n|-status|p1a: Swanna|par\n|move|p1a: Swanna|Brave Bird|p2a: Grimmsnarl\n|-damage|p2a: Grimmsnarl|0 fnt\n|faint|p2a: Grimmsnarl\n|-damage|p1a: Swanna|208/278 par|[from] Recoil\n|\n|upkeep\n|\n|t:|1783568832\n|switch|p2a: Mamoswine|Mamoswine, L81, F|40/100\n|turn|42\n|inactive|Time left: 300 sec this turn | 300 sec total\n|\n|t:|1783568833\n|move|p2a: Mamoswine|Icicle Crash|p1a: Swanna\n|-damage|p1a: Swanna|4/278 par\n|cant|p1a: Swanna|flinch\n|\n|upkeep\n|turn|43\n|inactive|Time left: 300 sec this turn | 300 sec total\n|\n|t:|1783568834\n|move|p2a: Mamoswine|Icicle Crash|p1a: Swanna|[miss]\n|-miss|p2a: Mamoswine|p1a: Swanna\n|move|p1a: Swanna|Hydro Pump|p2a: Mamoswine\n|-supereffective|p2a: Mamoswine\n|-damage|p2a: Mamoswine|0 fnt\n|faint|p2a: Mamoswine\n|\n|upkeep\n|\n|t:|1783568835\n|switch|p2a: Talonflame|Talonflame, L83, F|100/100\n|turn|44\n|inactive|Time left: 300 sec this turn | 300 sec total\n|\n|t:|1783568836\n|move|p2a: Talonflame|Brave Bird|p1a: Swanna\n|-damage|p1a: Swanna|0 fnt\n|faint|p1a: Swanna\n|-damage|p2a: Talonflame|99/100|[from] Recoil\n|\n|upkeep\n|inactive|Time left: 300 sec this turn | 300 sec total | 5 sec grace\n|\n|t:|1783568837\n|switch|p1a: Gothitelle|Gothitelle, L90, M|272/272\n|turn|45\n|inactive|Time left: 300 sec this turn | 300 sec total\n|\n|t:|1783568838\n|move|p2a: Talonflame|Swords Dance|p2a: Talonflame\n|-boost|p2a: Talonflame|atk|2\n|move|p1a: Gothitelle|Psychic|p2a: Talonflame\n|-damage|p2a: Talonflame|53/100\n|\n|upkeep\n|turn|46\n|inactive|Time left: 300 sec this turn | 300 sec total\n|\n|t:|1783568839\n|move|p2a: Talonflame|Brave Bird|p1a: Gothitelle\n|-crit|p1a: Gothitelle\n|-damage|p1a: Gothitelle|0 fnt\n|faint|p1a: Gothitelle\n|-damage|p2a: Talonflame|19/100|[from] Recoil\n|\n|upkeep\n|inactive|Time left: 300 sec this turn | 300 sec total | 5 sec grace\n|\n|t:|1783568840\n|switch|p1a: Charizard|Charizard, L85, F|124/271 par\n|turn|47\n|inactive|Time left: 300 sec this turn | 300 sec total\n|\n|t:|1783568841\n|-terastallize|p2a: Talonflame|Ground\n|move|p2a: Talonflame|Brave Bird|p1a: Charizard\n|-damage|p1a: Charizard|0 fnt\n|faint|p1a: Charizard\n|-damage|p2a: Talonflame|3/100|[from] Recoil\n|\n|win|p0y248328d2", "uploadtime": 1783568841, "views": 0, "rating": 0, "private": 0, "password": null, "_winner": "p0y248328d2", "_our_name": "p0x248386e5"}