{"id": "battle-gen9randombattle-382", "formatid": "gen9randombattle", "format": "[Gen 9] Random Battle", "players": ["p0x382358a", "p0y382bfd2"], "log": "|init|battle\n|title|p0x382358a vs. p0y382bfd2\n|j|\u2606p0x382358a\n|j|\u2606p0y382bfd2\n|t:|1783544082\n|gametype|singles\n|player|p1|p0x382358a|2|\n|player|p2|p0y382bfd2|101|\n|gen|9\n|tier|[Gen 9] Random Battle\n|rule|Species Clause: Limit one of each Pok\u00e9mon\n|rule|HP Percentage Mod: HP is shown in percentages\n|rule|Sleep Clause Mod: Limit one foe put to sleep\n|rule|Illusion Level Mod: Illusion disguises the Pok\u00e9mon's true level\n|\n|t:|1783544082\n|teamsize|p1|6\n|teamsize|p2|6\n|start\n|switch|p1a: Volbeat|Volbeat, L90, M|263/263\n|switch|p2a: Regirock|Regirock, L83|100/100\n|turn|1\n|inactive|Battle timer is ON: inactive players will automatically lose when time's up. (requested by p0y382bfd2)\n|inactive|Time left: 300 sec this turn | 300 sec total | 60 sec grace\n|inactive|p0x382358a also wants the timer to be on.\n|\n|t:|1783544084\n|move|p1a: Volbeat|U-turn|p2a: Regirock\n|-crit|p2a: Regirock\n|-damage|p2a: Regirock|80/100\n|inactive|Time left: 300 sec this turn | 300 sec total | 65 sec grace\n|\n|t:|1783544085\n|switch|p1a: Reuniclus|Reuniclus, L88, M|337/337|[from] U-turn\n|move|p2a: Regirock|Stone Edge|p1a: Reuniclus\n|-damage|p1a: Reuniclus|220/337\n|\n|-heal|p2a: Regirock|86/100|[from] item: Leftovers\n|upkeep\n|turn|2\n|inactive|Time left: 300 sec this turn | 300 sec total\n|\n|t:|1783544087\n|move|p2a: Regirock|Body Press|p1a: Reuniclus\n|-resisted|p1a: Reuniclus\n|-damage|p1a: Reuniclus|169/337\n|move|p1a: Reuniclus|Focus Blast|p2a: Regirock\n|-supereffective|p2a: Regirock\n|-damage|p2a: Regirock|0 fnt\n|faint|p2a: Regirock\n|\n|upkeep\n|\n|t:|1783544088\n|switch|p2a: Ninetales|Ninetales-Alola, L78, M|100/100\n|-weather|Snowscape|[from] ability: Snow Warning|[of] p2a: Ninetales\n|turn|3\n|inactive|Time left: 300 sec this turn | 300 sec total\n|\n|t:|1783544089\n|move|p2a: Ninetales|Aurora Veil|p2a: Ninetales\n|-sidestart|p2: p0y382bfd2|move: Aurora Veil\n|move|p1a: Reuniclus|Recover|p1a: Reuniclus\n|-heal|p1a: Reuniclus|337/337\n|\n|-weather|Snowscape|[upkeep]\n|upkeep\n|turn|4\n|inactive|Time left: 300 sec this turn | 300 sec total\n|\n|t:|1783544090\n|move|p2a: Ninetales|Freeze-Dry|p1a: Reuniclus\n|-damage|p1a: Reuniclus|285/337\n|-status|p1a: Reuniclus|frz\n|cant|p1a: Reuniclus|frz\n|\n|-weather|Snowscape|[upkeep]\n|upkeep\n|turn|5\n|inactive|Time left: 300 sec this turn | 300 sec total\n|\n|t:|1783544091\n|move|p2a: Ninetales|Moonblast|p1a: Reuniclus\n|-damage|p1a: Reuniclus|210/337 frz\n|cant|p1a: Reuniclus|frz\n|\n|-weather|Snowscape|[upkeep]\n|upkeep\n|turn|6\n|inactive|Time left: 300 sec this turn | 300 sec total\n|\n|t:|1783544092\n|move|p2a: Ninetales|Moonblast|p1a: Reuniclus\n|-damage|p1a: Reuniclus|137/337 frz\n|-curestatus|p1a: Reuniclus|frz|[msg]\n|move|p1a: Reuniclus|Focus Blast|p2a: Ninetales\n|-damage|p2a: Ninetales|72/100\n|-unboost|p2a: Ninetales|spd|1\n|\n|-weather|Snowscape|[upkeep]\n|upkeep\n|turn|7\n|inactive|Time left: 300 sec this turn | 300 sec total\n|\n|t:|1783544093\n|move|p2a: Ninetales|Moonblast|p1a: Reuniclus\n|-damage|p1a: Reuniclus|62/337\n|move|p1a: Reuniclus|Recover|p1a: Reuniclus\n|-heal|p1a: Reuniclus|231/337\n|\n|-weather|none\n|upkeep\n|turn|8\n|inactive|Time left: 300 sec this turn | 300 sec total\n|\n|t:|1783544094\n|move|p2a: Ninetales|Moonblast|p1a: Reuniclus\n|-damage|p1a: Reuniclus|153/337\n|move|p1a: Reuniclus|Recover|p1a: Reuniclus\n|-heal|p1a: Reuniclus|322/337\n|\n|upkeep\n|turn|9\n|inactive|Time left: 300 sec this turn | 300 sec total\n|\n|t:|1783544095\n|switch|p2a: Persian|Persian-Alola, L86, F|100/100\n|move|p1a: Reuniclus|Psyshock|p2a: Persian\n|-immune|p2a: Persian\n|\n|upkeep\n|turn|10\n|inactive|Time left: 300 sec this turn | 300 sec total\n|\n|t:|1783544096\n|move|p2a: Persian|Parting Shot|p1a: Reuniclus\n|-unboost|p1a: Reuniclus|atk|1\n|-unboost|p1a: Reuniclus|spa|1\n|\n|t:|1783544096\n|switch|p2a: Ninetales|Ninetales-Alola, L78, M|72/100|[from] Parting Shot\n|-weather|Snowscape|[from] ability: Snow Warning|[of] p2a: Ninetales\n|move|p1a: Reuniclus|Calm Mind|p1a: Reuniclus\n|-boost|p1a: Reuniclus|spa|1\n|-boost|p1a: Reuniclus|spd|1\n|\n|-weather|Snowscape|[upkeep]\n|-sideend|p2: p0y382bfd2|move: Aurora Veil\n|upkeep\n|turn|11\n|inactive|Time left: 300 sec this turn | 300 sec total\n|\n|t:|1783544097\n|move|p2a: Ninetales|Aurora Veil|p2a: Ninetales\n|-sidestart|p2: p0y382bfd2|move: Aurora Veil\n|move|p1a: Reuniclus|Calm Mind|p1a: Reuniclus\n|-boost|p1a: Reuniclus|spa|1\n|-boost|p1a: Reuniclus|spd|1\n|\n|-weather|Snowscape|[upkeep]\n|upkeep\n|turn|12\n|inactive|Time left: 300 sec this turn | 300 sec total\n|\n|t:|1783544098\n|switch|p2a: Raging Bolt|Raging Bolt, L78|100/100\n|move|p1a: Reuniclus|Psyshock|p2a: Raging Bolt\n|-crit|p2a: Raging Bolt\n|-damage|p2a: Raging Bolt|0 fnt\n|faint|p2a: Raging Bolt\n|-end|p2a: Raging Bolt|Protosynthesis|[silent]\n|\n|-weather|Snowscape|[upkeep]\n|upkeep\n|\n|t:|1783544099\n|switch|p2a: Persian|Persian-Alola, L86, F|100/100\n|turn|13\n|inactive|Time left: 300 sec this turn | 300 sec total\n|\n|t:|1783544100\n|move|p2a: Persian|Knock Off|p1a: Reuniclus\n|-supereffective|p1a: Reuniclus\n|-damage|p1a: Reuniclus|148/337\n|-enditem|p1a: Reuniclus|Life Orb|[from] move: Knock Off|[of] p2a: Persian\n|move|p1a: Reuniclus|Focus Blast|p2a: Persian\n|-supereffective|p2a: Persian\n|-damage|p2a: Persian|21/100\n|\n|-weather|Snowscape|[upkeep]\n|upkeep\n|turn|14\n|inactive|Time left: 300 sec this turn | 300 sec total\n|\n|t:|1783544101\n|move|p2a: Persian|Parting Shot|p1a: Reuniclus\n|-unboost|p1a: Reuniclus|atk|1\n|-unboost|p1a: Reuniclus|spa|1\n|\n|t:|1783544102\n|switch|p2a: Chesnaught|Chesnaught, L84, F|100/100|[from] Parting Shot\n|move|p1a: Reuniclus|Recover|p1a: Reuniclus\n|-heal|p1a: Reuniclus|317/337\n|\n|-weather|none\n|upkeep\n|turn|15\n|inactive|Time left: 300 sec this turn | 300 sec total\n|\n|t:|1783544103\n|move|p2a: Chesnaught|Iron Defense|p2a: Chesnaught\n|-boost|p2a: Chesnaught|def|2\n|move|p1a: Reuniclus|Calm Mind|p1a: Reuniclus\n|-boost|p1a: Reuniclus|spa|1\n|-boost|p1a: Reuniclus|spd|1\n|\n|upkeep\n|turn|16\n|inactive|Time left: 300 sec this turn | 300 sec total\n|\n|t:|1783544104\n|move|p2a: Chesnaught|Trailblaze|p1a: Reuniclus\n|-damage|p1a: Reuniclus|256/337\n|-boost|p2a: Chesnaught|spe|1\n|move|p1a: Reuniclus|Recover|p1a: Reuniclus\n|-heal|p1a: Reuniclus|337/337\n|\n|upkeep\n|turn|17\n|inactive|Time left: 300 sec this turn | 300 sec total\n|\n|t:|1783544105\n|move|p2a: Chesnaught|Trailblaze|p1a: Reuniclus\n|-damage|p1a: Reuniclus|277/337\n|-boost|p2a: Chesnaught|spe|1\n|move|p1a: Reuniclus|Calm Mind|p1a: Reuniclus\n|-boost|p1a: Reuniclus|spa|1\n|-boost|p1a: Reuniclus|spd|1\n|\n|upkeep\n|turn|18\n|inactive|Time left: 300 sec this turn | 300 sec total\n|\n|t:|1783544106\n|move|p2a: Chesnaught|Body Press|p1a: Reuniclus\n|-resisted|p1a: Reuniclus\n|-damage|p1a: Reuniclus|174/337\n|move|p1a: Reuniclus|Recover|p1a: Reuniclus\n|-heal|p1a: Reuniclus|337/337\n|\n|-sideend|p2: p0y382bfd2|move: Aurora Veil\n|upkeep\n|turn|19\n|inactive|Time left: 300 sec this turn | 300 sec total\n|\n|t:|1783544107\n|move|p2a: Chesnaught|Iron Defense|p2a: Chesnaught\n|-boost|p2a: Chesnaught|def|2\n|move|p1a: Reuniclus|Psyshock|p2a: Chesnaught\n|-supereffective|p2a: Chesnaught\n|-damage|p2a: Chesnaught|58/100\n|\n|-heal|p2a: Chesnaught|64/100|[from] item: Leftovers\n|upkeep\n|turn|20\n|inactive|Time left: 300 sec this turn | 300 sec total\n|\n|t:|1783544108\n|move|p2a: Chesnaught|Body Press|p1a: Reuniclus\n|-resisted|p1a: Reuniclus\n|-damage|p1a: Reuniclus|167/337\n|move|p1a: Reuniclus|Psyshock|p2a: Chesnaught\n|-supereffective|p2a: Chesnaught\n|-damage|p2a: Chesnaught|22/100\n|\n|-heal|p2a: Chesnaught|28/100|[from] item: Leftovers\n|upkeep\n|turn|21\n|inactive|Time left: 300 sec this turn | 300 sec total\n|\n|t:|1783544110\n|move|p2a: Chesnaught|Synthesis|p2a: Chesnaught\n|-heal|p2a: Chesnaught|78/100\n|move|p1a: Reuniclus|Psyshock|p2a: Chesnaught\n|-supereffective|p2a: Chesnaught\n|-damage|p2a: Chesnaught|36/100\n|\n|-heal|p2a: Chesnaught|42/100|[from] item: Leftovers\n|upkeep\n|turn|22\n|inactive|Time left: 300 sec this turn | 300 sec total\n|\n|t:|1783544111\n|move|p2a: Chesnaught|Body Press|p1a: Reuniclus\n|-resisted|p1a: Reuniclus\n|-damage|p1a: Reuniclus|4/337\n|move|p1a: Reuniclus|Psyshock|p2a: Chesnaught\n|-supereffective|p2a: Chesnaught\n|-damage|p2a: Chesnaught|0 fnt\n|faint|p2a: Chesnaught\n|\n|upkeep\n|\n|t:|1783544112\n|switch|p2a: Ninetales|Ninetales-Alola, L78, M|72/100\n|-weather|Snowscape|[from] ability: Snow Warning|[of] p2a: Ninetales\n|turn|23\n|inactive|Time left: 300 sec this turn | 300 sec total\n|\n|t:|1783544113\n|move|p2a: Ninetales|Aurora Veil|p2a: Ninetales\n|-sidestart|p2: p0y382bfd2|move: Aurora Veil\n|move|p1a: Reuniclus|Recover|p1a: Reuniclus\n|-heal|p1a: Reuniclus|173/337\n|\n|-weather|Snowscape|[upkeep]\n|upkeep\n|turn|24\n|inactive|Time left: 300 sec this turn | 300 sec total\n|\n|t:|1783544114\n|switch|p2a: Persian|Persian-Alola, L86, F|21/100\n|move|p1a: Reuniclus|Recover|p1a: Reuniclus\n|-heal|p1a: Reuniclus|337/337\n|\n|-weather|Snowscape|[upkeep]\n|upkeep\n|turn|25\n|inactive|Time left: 300 sec this turn | 300 sec total\n|\n|t:|1783544116\n|move|p2a: Persian|Thunder Wave|p1a: Reuniclus\n|-status|p1a: Reuniclus|par\n|cant|p1a: Reuniclus|par\n|\n|-weather|Snowscape|[upkeep]\n|upkeep\n|turn|26\n|inactive|Time left: 300 sec this turn | 300 sec total\n|\n|t:|1783544117\n|move|p2a: Persian|Knock Off|p1a: Reuniclus\n|-supereffective|p1a: Reuniclus\n|-crit|p1a: Reuniclus\n|-damage|p1a: Reuniclus|167/337 par\n|move|p1a: Reuniclus|Focus Blast|p2a: Persian\n|-supereffective|p2a: Persian\n|-damage|p2a: Persian|0 fnt\n|faint|p2a: Persian\n|\n|-weather|Snowscape|[upkeep]\n|upkeep\n|\n|t:|1783544118\n|switch|p2a: Vespiquen|Vespiquen, L99, F|100/100\n|-ability|p2a: Vespiquen|Pressure\n|turn|27\n|inactive|Time left: 300 sec this turn | 300 sec total\n|\n|t:|1783544119\n|move|p2a: Vespiquen|Toxic Spikes|p1a: Reuniclus\n|-sidestart|p1: p0x382358a|move: Toxic Spikes\n|move|p1a: Reuniclus|Psyshock|p2a: Vespiquen\n|-damage|p2a: Vespiquen|73/100\n|\n|-weather|none\n|upkeep\n|turn|28\n|inactive|Time left: 300 sec this turn | 300 sec total\n|\n|t:|1783544120\n|move|p2a: Vespiquen|Toxic Spikes|p1a: Reuniclus\n|-sidestart|p1: p0x382358a|move: Toxic Spikes\n|move|p1a: Reuniclus|Psyshock|p2a: Vespiquen\n|-damage|p2a: Vespiquen|47/100\n|\n|upkeep\n|turn|29\n|inactive|Time left: 300 sec this turn | 300 sec total\n|\n|t:|1783544121\n|move|p2a: Vespiquen|Roost|p2a: Vespiquen\n|-heal|p2a: Vespiquen|97/100\n|-singleturn|p2a: Vespiquen|move: Roost\n|move|p1a: Reuniclus|Calm Mind|p1a: Reuniclus\n|-boost|p1a: Reuniclus|spa|1\n|-boost|p1a: Reuniclus|spd|1\n|\n|upkeep\n|turn|30\n|inactive|Time left: 300 sec this turn | 300 sec total\n|\n|t:|1783544123\n|switch|p2a: Ninetales|Ninetales-Alola, L78, M|72/100\n|-weather|Snowscape|[from] ability: Snow Warning|[of] p2a: Ninetales\n|move|p1a: Reuniclus|Psyshock|p2a: Ninetales\n|-damage|p2a: Ninetales|27/100\n|\n|-weather|Snowscape|[upkeep]\n|-sideend|p2: p0y382bfd2|move: Aurora Veil\n|upkeep\n|turn|31\n|inactive|Time left: 300 sec this turn | 300 sec total\n|\n|t:|1783544124\n|move|p2a: Ninetales|Aurora Veil|p2a: Ninetales\n|-sidestart|p2: p0y382bfd2|move: Aurora Veil\n|move|p1a: Reuniclus|Psyshock|p2a: Ninetales\n|-damage|p2a: Ninetales|0 fnt\n|faint|p2a: Ninetales\n|\n|-weather|Snowscape|[upkeep]\n|upkeep\n|\n|t:|1783544125\n|switch|p2a: Vespiquen|Vespiquen, L99, F|97/100\n|-ability|p2a: Vespiquen|Pressure\n|turn|32\n|inactive|Time left: 300 sec this turn | 300 sec total\n|\n|t:|1783544126\n|move|p2a: Vespiquen|Air Slash|p1a: Reuniclus\n|-damage|p1a: Reuniclus|142/337 par\n|cant|p1a: Reuniclus|flinch\n|\n|-weather|Snowscape|[upkeep]\n|upkeep\n|turn|33\n|inactive|Time left: 300 sec this turn | 300 sec total\n|\n|t:|1783544127\n|move|p2a: Vespiquen|Spikes|p1a: Reuniclus\n|-sidestart|p1: p0x382358a|Spikes\n|move|p1a: Reuniclus|Psyshock|p2a: Vespiquen\n|-damage|p2a: Vespiquen|61/100\n|\n|-weather|Snowscape|[upkeep]\n|upkeep\n|turn|34\n|inactive|Time left: 300 sec this turn | 300 sec total\n|\n|t:|1783544128\n|move|p2a: Vespiquen|Spikes|p1a: Reuniclus\n|-sidestart|p1: p0x382358a|Spikes\n|move|p1a: Reuniclus|Focus Blast|p2a: Vespiquen\n|-resisted|p2a: Vespiquen\n|-damage|p2a: Vespiquen|52/100\n|\n|-weather|none\n|upkeep\n|turn|35\n|inactive|Time left: 300 sec this turn | 300 sec total\n|\n|t:|1783544129\n|move|p2a: Vespiquen|Roost|p2a: Vespiquen\n|-heal|p2a: Vespiquen|100/100\n|-singleturn|p2a: Vespiquen|move: Roost\n|cant|p1a: Reuniclus|par\n|\n|upkeep\n|turn|36\n|inactive|Time left: 300 sec this turn | 300 sec total\n|\n|t:|1783544131\n|move|p2a: Vespiquen|Air Slash|p1a: Reuniclus\n|-damage|p1a: Reuniclus|117/337 par\n|cant|p1a: Reuniclus|par\n|\n|upkeep\n|turn|37\n|inactive|Time left: 300 sec this turn | 300 sec total\n|\n|t:|1783544132\n|move|p2a: Vespiquen|Spikes|p1a: Reuniclus\n|-sidestart|p1: p0x382358a|Spikes\n|move|p1a: Reuniclus|Calm Mind|p1a: Reuniclus\n|-boost|p1a: Reuniclus|spa|1\n|-boost|p1a: Reuniclus|spd|1\n|\n|upkeep\n|turn|38\n|inactive|Time left: 300 sec this turn | 300 sec total\n|\n|t:|1783544133\n|move|p2a: Vespiquen|Air Slash|p1a: Reuniclus\n|-damage|p1a: Reuniclus|95/337 par\n|move|p1a: Reuniclus|Calm Mind|p1a: Reuniclus\n|-boost|p1a: Reuniclus|spa|1\n|-boost|p1a: Reuniclus|spd|0\n|\n|-sideend|p2: p0y382bfd2|move: Aurora Veil\n|upkeep\n|turn|39\n|inactive|Time left: 300 sec this turn | 300 sec total\n|\n|t:|1783544134\n|move|p2a: Vespiquen|Air Slash|p1a: Reuniclus\n|-crit|p1a: Reuniclus\n|-damage|p1a: Reuniclus|0 fnt\n|faint|p1a: Reuniclus\n|\n|upkeep\n|inactive|Time left: 300 sec this turn | 300 sec total | 5 sec grace\n|\n|t:|1783544135\n|switch|p1a: Drifblim|Drifblim, L86, F|398/398\n|turn|40\n|inactive|Time left: 300 sec this turn | 300 sec total\n|\n|t:|1783544137\n|move|p1a: Drifblim|Defog|p2a: Vespiquen\n|-unboost|p2a: Vespiquen|evasion|1\n|-sideend|p1: p0x382358a|Spikes|[from] move: Defog|[of] p1a: Drifblim\n|-sideend|p1: p0x382358a|Toxic Spikes|[from] move: Defog|[of] p1a: Drifblim\n|move|p2a: Vespiquen|Air Slash|p1a: Drifblim\n|-damage|p1a: Drifblim|280/398\n|\n|upkeep\n|turn|41\n|inactive|Time left: 300 sec this turn | 300 sec total\n|\n|t:|1783544138\n|move|p1a: Drifblim|Strength Sap|p2a: Vespiquen\n|-unboost|p2a: Vespiquen|atk|1\n|-heal|p1a: Drifblim|398/398\n|move|p2a: Vespiquen|Air Slash|p1a: Drifblim\n|-damage|p1a: Drifblim|265/398\n|\n|upkeep\n|turn|42\n|inactive|Time left: 300 sec this turn | 300 sec total\n|\n|t:|1783544139\n|move|p1a: Drifblim|Strength Sap|p2a: Vespiquen\n|-unboost|p2a: Vespiquen|atk|1\n|-heal|p1a: Drifblim|373/398\n|move|p2a: Vespiquen|Air Slash|p1a: Drifblim\n|-damage|p1a: Drifblim|232/398\n|\n|upkeep\n|turn|43\n|inactive|Time left: 300 sec this turn | 300 sec total\n|\n|t:|1783544140\n|move|p1a: Drifblim|Strength Sap|p2a: Vespiquen\n|-unboost|p2a: Vespiquen|atk|1\n|-heal|p1a: Drifblim|313/398\n|move|p2a: Vespiquen|Air Slash|p1a: Drifblim|[miss]\n|-miss|p2a: Vespiquen|p1a: Drifblim\n|\n|upkeep\n|turn|44\n|inactive|Time left: 300 sec this turn | 300 sec total\n|\n|t:|1783544141\n|move|p1a: Drifblim|Strength Sap|p2a: Vespiquen\n|-unboost|p2a: Vespiquen|atk|1\n|-heal|p1a: Drifblim|378/398\n|move|p2a: Vespiquen|Air Slash|p1a: Drifblim\n|-damage|p1a: Drifblim|237/398\n|\n|upkeep\n|turn|45\n|inactive|Time left: 300 sec this turn | 300 sec total\n|\n|t:|1783544142\n|move|p1a: Drifblim|Air Slash|p2a: Vespiquen\n|-supereffective|p2a: Vespiquen\n|-damage|p2a: Vespiquen|64/100\n|move|p2a: Vespiquen|Air Slash|p1a: Drifblim\n|-damage|p1a: Drifblim|107/398\n|\n|upkeep\n|turn|46\n|inactive|Time left: 300 sec this turn | 300 sec total\n|\n|t:|1783544143\n|move|p1a: Drifblim|Air Slash|p2a: Vespiquen\n|-supereffective|p2a: Vespiquen\n|-damage|p2a: Vespiquen|22/100\n|move|p2a: Vespiquen|Roost|p2a: Vespiquen\n|-heal|p2a: Vespiquen|72/100\n|-singleturn|p2a: Vespiquen|move: Roost\n|\n|upkeep\n|turn|47\n|inactive|Time left: 300 sec this turn | 300 sec total\n|\n|t:|1783544144\n|move|p1a: Drifblim|Air Slash|p2a: Vespiquen\n|-supereffective|p2a: Vespiquen\n|-damage|p2a: Vespiquen|28/100\n|cant|p2a: Vespiquen|flinch\n|\n|upkeep\n|turn|48\n|inactive|Time left: 300 sec this turn | 300 sec total\n|\n|t:|1783544145\n|-terastallize|p2a: Vespiquen|Steel\n|move|p1a: Drifblim|Air Slash|p2a: Vespiquen\n|-resisted|p2a: Vespiquen\n|-damage|p2a: Vespiquen|18/100\n|cant|p2a: Vespiquen|flinch\n|\n|upkeep\n|turn|49\n|inactive|Time left: 300 sec this turn | 300 sec total\n|\n|t:|1783544146\n|-terastallize|p1a: Drifblim|Dark\n|move|p1a: Drifblim|Shadow Ball|p2a: Vespiquen\n|-crit|p2a: Vespiquen\n|-damage|p2a: Vespiquen|0 fnt\n|faint|p2a: Vespiquen\n|\n|win|p0x382358a", "uploadtime": 1783544146, "views": 0, "rating": 0, "private": 0, "password": null, "_winner": "p0x382358a", "_our_name": "p0x382358a"}