{"id": "battle-gen9randombattle-2788", "formatid": "gen9randombattle", "format": "[Gen 9] Random Battle", "players": ["p0x2788e43b", "p0y27880c4a"], "log": "|init|battle\n|title|p0x2788e43b vs. p0y27880c4a\n|j|\u2606p0x2788e43b\n|j|\u2606p0y27880c4a\n|t:|1783572125\n|gametype|singles\n|player|p1|p0x2788e43b|1|\n|player|p2|p0y27880c4a|265|\n|gen|9\n|tier|[Gen 9] Random Battle\n|rule|Species Clause: Limit one of each Pok\u00e9mon\n|rule|HP Percentage Mod: HP is shown in percentages\n|rule|Sleep Clause Mod: Limit one foe put to sleep\n|rule|Illusion Level Mod: Illusion disguises the Pok\u00e9mon's true level\n|\n|t:|1783572125\n|teamsize|p1|6\n|teamsize|p2|6\n|start\n|switch|p1a: Floatzel|Floatzel, L86, F|100/100\n|switch|p2a: Dodrio|Dodrio, L85, M|241/241\n|turn|1\n|inactive|Battle timer is ON: inactive players will automatically lose when time's up. (requested by p0x2788e43b)\n|inactive|Time left: 300 sec this turn | 300 sec total | 60 sec grace\n|inactive|p0y27880c4a also wants the timer to be on.\n|\n|t:|1783572126\n|move|p1a: Floatzel|Wave Crash|p2a: Dodrio\n|-damage|p2a: Dodrio|0 fnt\n|faint|p2a: Dodrio\n|-damage|p1a: Floatzel|73/100|[from] Recoil\n|\n|upkeep\n|inactive|Time left: 300 sec this turn | 300 sec total | 65 sec grace\n|\n|t:|1783572127\n|switch|p2a: Metagross|Metagross, L79|256/256\n|turn|2\n|inactive|Time left: 300 sec this turn | 300 sec total\n|\n|t:|1783572128\n|move|p1a: Floatzel|Wave Crash|p2a: Metagross\n|-damage|p2a: Metagross|85/256\n|-damage|p1a: Floatzel|53/100|[from] Recoil\n|move|p2a: Metagross|Knock Off|p1a: Floatzel\n|-damage|p1a: Floatzel|0 fnt\n|-enditem|p1a: Floatzel|Choice Band|[from] move: Knock Off|[of] p2a: Metagross\n|faint|p1a: Floatzel\n|\n|upkeep\n|\n|t:|1783572129\n|switch|p1a: Wugtrio|Wugtrio, L91, F|100/100\n|turn|3\n|inactive|Time left: 300 sec this turn | 300 sec total\n|\n|t:|1783572130\n|-terastallize|p2a: Metagross|Water\n|move|p1a: Wugtrio|Liquidation|p2a: Metagross\n|-resisted|p2a: Metagross\n|-crit|p2a: Metagross\n|-damage|p2a: Metagross|0 fnt\n|faint|p2a: Metagross\n|\n|upkeep\n|inactive|Time left: 300 sec this turn | 300 sec total | 5 sec grace\n|\n|t:|1783572131\n|switch|p2a: Rayquaza|Rayquaza, L72|270/270\n|-ability|p2a: Rayquaza|Air Lock\n|turn|4\n|inactive|Time left: 300 sec this turn | 300 sec total\n|\n|t:|1783572132\n|switch|p1a: Rhydon|Rhydon, L85, F|100/100\n|move|p2a: Rayquaza|Swords Dance|p2a: Rayquaza\n|-boost|p2a: Rayquaza|atk|2\n|\n|upkeep\n|turn|5\n|inactive|Time left: 300 sec this turn | 300 sec total\n|\n|t:|1783572133\n|move|p2a: Rayquaza|Scale Shot|p1a: Rhydon\n|-damage|p1a: Rhydon|91/100\n|-damage|p1a: Rhydon|82/100\n|-damage|p1a: Rhydon|72/100\n|-damage|p1a: Rhydon|63/100\n|-damage|p1a: Rhydon|53/100\n|-hitcount|p1a: Rhydon|5\n|-unboost|p2a: Rayquaza|def|1\n|-boost|p2a: Rayquaza|spe|1\n|move|p1a: Rhydon|Stone Edge|p2a: Rayquaza\n|-supereffective|p2a: Rayquaza\n|-damage|p2a: Rayquaza|0 fnt\n|faint|p2a: Rayquaza\n|\n|upkeep\n|inactive|Time left: 300 sec this turn | 300 sec total | 5 sec grace\n|\n|t:|1783572135\n|switch|p2a: Ludicolo|Ludicolo, L90, M|290/290\n|turn|6\n|inactive|Time left: 300 sec this turn | 300 sec total\n|\n|t:|1783572136\n|switch|p1a: Regice|Regice, L88|100/100\n|move|p2a: Ludicolo|Ice Beam|p1a: Regice\n|-resisted|p1a: Regice\n|-crit|p1a: Regice\n|-damage|p1a: Regice|89/100\n|-damage|p2a: Ludicolo|261/290|[from] item: Life Orb\n|\n|upkeep\n|turn|7\n|inactive|Time left: 300 sec this turn | 300 sec total\n|\n|t:|1783572137\n|switch|p2a: Spiritomb|Spiritomb, L89, F|234/234\n|move|p1a: Regice|Ice Beam|p2a: Spiritomb\n|-crit|p2a: Spiritomb\n|-damage|p2a: Spiritomb|102/234\n|\n|-heal|p2a: Spiritomb|116/234|[from] item: Leftovers\n|upkeep\n|turn|8\n|inactive|Time left: 300 sec this turn | 300 sec total\n|\n|t:|1783572138\n|move|p1a: Regice|Ice Beam|p2a: Spiritomb\n|-damage|p2a: Spiritomb|28/234\n|move|p2a: Spiritomb|Pain Split|p1a: Regice\n|-sethp|p1a: Regice|50/100|[from] move: Pain Split|[silent]\n|-sethp|p2a: Spiritomb|140/234|[from] move: Pain Split\n|\n|-heal|p2a: Spiritomb|154/234|[from] item: Leftovers\n|upkeep\n|turn|9\n|inactive|Time left: 300 sec this turn | 300 sec total\n|\n|t:|1783572139\n|move|p1a: Regice|Ice Beam|p2a: Spiritomb\n|-damage|p2a: Spiritomb|61/234\n|move|p2a: Spiritomb|Poltergeist|p1a: Regice\n|-activate|p1a: Regice|move: Poltergeist|Heavy-Duty Boots\n|-damage|p1a: Regice|10/100\n|\n|-heal|p2a: Spiritomb|75/234|[from] item: Leftovers\n|upkeep\n|turn|10\n|inactive|Time left: 300 sec this turn | 300 sec total\n|\n|t:|1783572140\n|move|p2a: Spiritomb|Shadow Sneak|p1a: Regice\n|-damage|p1a: Regice|0 fnt\n|faint|p1a: Regice\n|\n|-heal|p2a: Spiritomb|89/234|[from] item: Leftovers\n|upkeep\n|\n|t:|1783572141\n|switch|p1a: Rhydon|Rhydon, L85, F|53/100\n|turn|11\n|inactive|Time left: 300 sec this turn | 300 sec total\n|\n|t:|1783572142\n|switch|p2a: Ludicolo|Ludicolo, L90, M|261/290\n|move|p1a: Rhydon|Megahorn|p2a: Ludicolo\n|-supereffective|p2a: Ludicolo\n|-damage|p2a: Ludicolo|1/290\n|\n|upkeep\n|turn|12\n|inactive|Time left: 300 sec this turn | 300 sec total\n|\n|t:|1783572143\n|switch|p1a: Sandslash|Sandslash-Alola, L88, M|100/100\n|move|p2a: Ludicolo|Giga Drain|p1a: Sandslash\n|-resisted|p1a: Sandslash\n|-damage|p1a: Sandslash|75/100\n|-heal|p2a: Ludicolo|37/290|[from] drain|[of] p1a: Sandslash\n|-damage|p2a: Ludicolo|8/290|[from] item: Life Orb\n|\n|upkeep\n|turn|13\n|inactive|Time left: 300 sec this turn | 300 sec total\n|\n|t:|1783572144\n|move|p1a: Sandslash|Ice Shard|p2a: Ludicolo\n|-damage|p2a: Ludicolo|0 fnt\n|faint|p2a: Ludicolo\n|-damage|p1a: Sandslash|65/100|[from] item: Life Orb\n|\n|upkeep\n|inactive|Time left: 300 sec this turn | 300 sec total | 5 sec grace\n|\n|t:|1783572145\n|switch|p2a: Spiritomb|Spiritomb, L89, F|89/234\n|turn|14\n|inactive|Time left: 300 sec this turn | 300 sec total\n|\n|t:|1783572146\n|move|p1a: Sandslash|Triple Axel|p2a: Spiritomb\n|-damage|p2a: Spiritomb|60/234\n|-damage|p2a: Spiritomb|8/234\n|-hitcount|p2a: Spiritomb|2\n|-damage|p1a: Sandslash|55/100|[from] item: Life Orb\n|move|p2a: Spiritomb|Foul Play|p1a: Sandslash\n|-damage|p1a: Sandslash|23/100\n|\n|-heal|p2a: Spiritomb|22/234|[from] item: Leftovers\n|upkeep\n|turn|15\n|inactive|Time left: 300 sec this turn | 300 sec total\n|\n|t:|1783572147\n|move|p1a: Sandslash|Earthquake|p2a: Spiritomb\n|-damage|p2a: Spiritomb|0 fnt\n|faint|p2a: Spiritomb\n|-damage|p1a: Sandslash|14/100|[from] item: Life Orb\n|\n|upkeep\n|inactive|Time left: 300 sec this turn | 300 sec total | 5 sec grace\n|\n|t:|1783572148\n|switch|p2a: Banette|Banette, L93, M|270/270\n|turn|16\n|inactive|Time left: 300 sec this turn | 300 sec total\n|\n|t:|1783572149\n|move|p2a: Banette|Swords Dance|p2a: Banette\n|-boost|p2a: Banette|atk|2\n|move|p1a: Sandslash|Triple Axel|p2a: Banette\n|-damage|p2a: Banette|234/270\n|-start|p1a: Sandslash|Disable|Triple Axel|[from] ability: Cursed Body|[of] p2a: Banette\n|-damage|p2a: Banette|168/270\n|-hitcount|p2a: Banette|2\n|-damage|p1a: Sandslash|4/100|[from] item: Life Orb\n|\n|upkeep\n|turn|17\n|inactive|Time left: 300 sec this turn | 300 sec total\n|\n|t:|1783572150\n|move|p1a: Sandslash|Ice Shard|p2a: Banette\n|-damage|p2a: Banette|93/270\n|-damage|p1a: Sandslash|0 fnt|[from] item: Life Orb\n|faint|p1a: Sandslash\n|move|p2a: Banette|Poltergeist|p1: Sandslash|[notarget]\n|-fail|p2a: Banette\n|\n|upkeep\n|\n|t:|1783572151\n|switch|p1a: Hitmonchan|Hitmonchan, L87, M|100/100\n|turn|18\n|inactive|Time left: 300 sec this turn | 300 sec total\n|\n|t:|1783572152\n|-terastallize|p1a: Hitmonchan|Fighting\n|move|p1a: Hitmonchan|Ice Punch|p2a: Banette\n|-damage|p2a: Banette|0 fnt\n|faint|p2a: Banette\n|-damage|p1a: Hitmonchan|91/100|[from] item: Life Orb\n|\n|win|p0x2788e43b", "uploadtime": 1783572152, "views": 0, "rating": 0, "private": 0, "password": null, "_winner": "p0x2788e43b", "_our_name": "p0y27880c4a"}