{"id": "battle-gen9randombattle-201", "formatid": "gen9randombattle", "format": "[Gen 9] Random Battle", "players": ["p0x2011fbe", "p0y2017ced"], "log": "|init|battle\n|title|p0x2011fbe vs. p0y2017ced\n|j|\u2606p0x2011fbe\n|j|\u2606p0y2017ced\n|t:|1783541444\n|gametype|singles\n|player|p1|p0x2011fbe|2|\n|player|p2|p0y2017ced|265|\n|gen|9\n|tier|[Gen 9] Random Battle\n|rule|Species Clause: Limit one of each Pok\u00e9mon\n|rule|HP Percentage Mod: HP is shown in percentages\n|rule|Sleep Clause Mod: Limit one foe put to sleep\n|rule|Illusion Level Mod: Illusion disguises the Pok\u00e9mon's true level\n|\n|t:|1783541444\n|teamsize|p1|6\n|teamsize|p2|6\n|start\n|switch|p1a: Mamoswine|Mamoswine, L81, M|100/100\n|switch|p2a: Enamorus|Enamorus-Therian, L83, F|259/259\n|turn|1\n|inactive|Battle timer is ON: inactive players will automatically lose when time's up. (requested by p0x2011fbe)\n|inactive|Time left: 300 sec this turn | 300 sec total | 60 sec grace\n|\n|t:|1783541446\n|move|p1a: Mamoswine|Icicle Crash|p2a: Enamorus\n|-supereffective|p2a: Enamorus\n|-damage|p2a: Enamorus|0 fnt\n|faint|p2a: Enamorus\n|\n|upkeep\n|inactive|Time left: 300 sec this turn | 300 sec total | 65 sec grace\n|inactive|p0y2017ced also wants the timer to be on.\n|\n|t:|1783541446\n|switch|p2a: Basculegion|Basculegion-F, L83, F|335/335\n|turn|2\n|inactive|Time left: 300 sec this turn | 300 sec total\n|\n|t:|1783541447\n|switch|p1a: Tentacruel|Tentacruel, L84, M|100/100\n|move|p2a: Basculegion|Hydro Pump|p1a: Tentacruel|[miss]\n|-miss|p2a: Basculegion|p1a: Tentacruel\n|\n|upkeep\n|turn|3\n|inactive|Time left: 300 sec this turn | 300 sec total\n|\n|t:|1783541448\n|move|p1a: Tentacruel|Sludge Bomb|p2a: Basculegion\n|-resisted|p2a: Basculegion\n|-damage|p2a: Basculegion|305/335\n|move|p2a: Basculegion|Wave Crash|p1a: Tentacruel\n|-resisted|p1a: Tentacruel\n|-damage|p1a: Tentacruel|60/100\n|-damage|p2a: Basculegion|269/335|[from] Recoil\n|\n|upkeep\n|turn|4\n|inactive|Time left: 300 sec this turn | 300 sec total\n|\n|t:|1783541449\n|move|p1a: Tentacruel|Sludge Bomb|p2a: Basculegion\n|-resisted|p2a: Basculegion\n|-damage|p2a: Basculegion|240/335\n|-status|p2a: Basculegion|psn\n|move|p2a: Basculegion|Wave Crash|p1a: Tentacruel\n|-resisted|p1a: Tentacruel\n|-damage|p1a: Tentacruel|22/100\n|-damage|p2a: Basculegion|206/335 psn|[from] Recoil\n|\n|-damage|p2a: Basculegion|165/335 psn|[from] psn\n|upkeep\n|turn|5\n|inactive|Time left: 300 sec this turn | 300 sec total\n|\n|t:|1783541450\n|switch|p1a: Azumarill|Azumarill, L82, F|100/100\n|move|p2a: Basculegion|Shadow Ball|p1a: Azumarill\n|-damage|p1a: Azumarill|56/100\n|\n|-damage|p2a: Basculegion|124/335 psn|[from] psn\n|upkeep\n|turn|6\n|inactive|Time left: 300 sec this turn | 300 sec total\n|\n|t:|1783541451\n|move|p2a: Basculegion|Shadow Ball|p1a: Azumarill\n|-damage|p1a: Azumarill|17/100\n|move|p1a: Azumarill|Play Rough|p2a: Basculegion|[miss]\n|-miss|p1a: Azumarill|p2a: Basculegion\n|\n|-damage|p2a: Basculegion|83/335 psn|[from] psn\n|upkeep\n|turn|7\n|inactive|Time left: 300 sec this turn | 300 sec total\n|\n|t:|1783541452\n|move|p2a: Basculegion|Shadow Ball|p1a: Azumarill\n|-damage|p1a: Azumarill|0 fnt\n|faint|p1a: Azumarill\n|\n|-damage|p2a: Basculegion|42/335 psn|[from] psn\n|upkeep\n|\n|t:|1783541453\n|switch|p1a: Miraidon|Miraidon, L65|100/100\n|-fieldstart|move: Electric Terrain|[from] ability: Hadron Engine|[of] p1a: Miraidon\n|turn|8\n|inactive|Time left: 300 sec this turn | 300 sec total\n|\n|t:|1783541454\n|switch|p2a: Excadrill|Excadrill, L79, M|303/303\n|-ability|p2a: Excadrill|Mold Breaker\n|move|p1a: Miraidon|Dragon Pulse|p2a: Excadrill\n|-resisted|p2a: Excadrill\n|-damage|p2a: Excadrill|246/303\n|-damage|p1a: Miraidon|91/100|[from] item: Life Orb\n|\n|upkeep\n|turn|9\n|inactive|Time left: 300 sec this turn | 300 sec total\n|\n|t:|1783541455\n|switch|p1a: Ting-Lu|Ting-Lu, L78|100/100\n|-ability|p1a: Ting-Lu|Vessel of Ruin\n|move|p2a: Excadrill|Earthquake|p1a: Ting-Lu\n|-damage|p1a: Ting-Lu|72/100\n|\n|-heal|p1a: Ting-Lu|78/100|[from] item: Leftovers\n|upkeep\n|turn|10\n|inactive|Time left: 300 sec this turn | 300 sec total\n|\n|t:|1783541456\n|switch|p2a: Staraptor|Staraptor, L79, F|263/263\n|move|p1a: Ting-Lu|Earthquake|p2a: Staraptor\n|-immune|p2a: Staraptor\n|\n|-heal|p1a: Ting-Lu|85/100|[from] item: Leftovers\n|upkeep\n|turn|11\n|inactive|Time left: 300 sec this turn | 300 sec total\n|\n|t:|1783541457\n|move|p2a: Staraptor|Double-Edge|p1a: Ting-Lu\n|-damage|p1a: Ting-Lu|28/100\n|-damage|p2a: Staraptor|193/263|[from] Recoil\n|move|p1a: Ting-Lu|Stealth Rock|p2a: Staraptor\n|-sidestart|p2: p0y2017ced|move: Stealth Rock\n|\n|-heal|p1a: Ting-Lu|34/100|[from] item: Leftovers\n|upkeep\n|turn|12\n|inactive|Time left: 300 sec this turn | 300 sec total\n|\n|t:|1783541458\n|move|p2a: Staraptor|Double-Edge|p1a: Ting-Lu\n|-damage|p1a: Ting-Lu|0 fnt\n|faint|p1a: Ting-Lu\n|-damage|p2a: Staraptor|152/263|[from] Recoil\n|\n|-fieldend|move: Electric Terrain\n|upkeep\n|\n|t:|1783541459\n|switch|p1a: Mamoswine|Mamoswine, L81, M|100/100\n|turn|13\n|inactive|Time left: 300 sec this turn | 300 sec total\n|\n|t:|1783541460\n|move|p1a: Mamoswine|Ice Shard|p2a: Staraptor\n|-supereffective|p2a: Staraptor\n|-damage|p2a: Staraptor|0 fnt\n|faint|p2a: Staraptor\n|\n|upkeep\n|inactive|Time left: 300 sec this turn | 300 sec total | 5 sec grace\n|\n|t:|1783541461\n|switch|p2a: Malamar|Malamar, L82, F|275/275\n|-damage|p2a: Malamar|241/275|[from] Stealth Rock\n|turn|14\n|inactive|Time left: 300 sec this turn | 300 sec total\n|\n|t:|1783541462\n|switch|p1a: Miraidon|Miraidon, L65|91/100\n|-fieldstart|move: Electric Terrain|[from] ability: Hadron Engine|[of] p1a: Miraidon\n|move|p2a: Malamar|Superpower|p1a: Miraidon\n|-damage|p1a: Miraidon|54/100\n|-boost|p2a: Malamar|atk|1\n|-boost|p2a: Malamar|def|1\n|\n|-heal|p2a: Malamar|258/275|[from] item: Leftovers\n|upkeep\n|turn|15\n|inactive|Time left: 300 sec this turn | 300 sec total\n|\n|t:|1783541463\n|switch|p2a: Excadrill|Excadrill, L79, M|246/303\n|-damage|p2a: Excadrill|237/303|[from] Stealth Rock\n|-ability|p2a: Excadrill|Mold Breaker\n|-terastallize|p1a: Miraidon|Electric\n|move|p1a: Miraidon|Electro Drift|p2a: Excadrill\n|-immune|p2a: Excadrill\n|\n|upkeep\n|turn|16\n|inactive|Time left: 300 sec this turn | 300 sec total\n|\n|t:|1783541464\n|switch|p1a: Mamoswine|Mamoswine, L81, M|100/100\n|move|p2a: Excadrill|Rapid Spin|p1a: Mamoswine\n|-damage|p1a: Mamoswine|86/100\n|-boost|p2a: Excadrill|spe|1\n|-sideend|p2: p0y2017ced|Stealth Rock|[from] move: Rapid Spin|[of] p2a: Excadrill\n|\n|upkeep\n|turn|17\n|inactive|Time left: 300 sec this turn | 300 sec total\n|\n|t:|1783541464\n|move|p2a: Excadrill|Iron Head|p1a: Mamoswine\n|-supereffective|p1a: Mamoswine\n|-damage|p1a: Mamoswine|20/100\n|move|p1a: Mamoswine|Earthquake|p2a: Excadrill\n|-supereffective|p2a: Excadrill\n|-damage|p2a: Excadrill|0 fnt\n|faint|p2a: Excadrill\n|\n|upkeep\n|inactive|Time left: 300 sec this turn | 300 sec total | 5 sec grace\n|\n|t:|1783541465\n|switch|p2a: Chimecho|Chimecho, L93, F|290/290\n|turn|18\n|inactive|Time left: 300 sec this turn | 300 sec total\n|\n|t:|1783541466\n|switch|p1a: Pyroar|Pyroar, L88, F|100/100\n|-ability|p1a: Pyroar|Unnerve\n|move|p2a: Chimecho|Knock Off|p1a: Pyroar\n|-damage|p1a: Pyroar|82/100\n|-enditem|p1a: Pyroar|Heavy-Duty Boots|[from] move: Knock Off|[of] p2a: Chimecho\n|\n|-fieldend|move: Electric Terrain\n|upkeep\n|turn|19\n|inactive|Time left: 300 sec this turn | 300 sec total\n|\n|t:|1783541467\n|move|p1a: Pyroar|Work Up|p1a: Pyroar\n|-boost|p1a: Pyroar|atk|1\n|-boost|p1a: Pyroar|spa|1\n|move|p2a: Chimecho|Psychic Noise|p1a: Pyroar\n|-damage|p1a: Pyroar|45/100\n|-start|p1a: Pyroar|move: Heal Block\n|\n|upkeep\n|turn|20\n|inactive|Time left: 300 sec this turn | 300 sec total\n|\n|t:|1783541469\n|move|p1a: Pyroar|Fire Blast|p2a: Chimecho\n|-damage|p2a: Chimecho|101/290\n|move|p2a: Chimecho|Psychic Noise|p1a: Pyroar\n|-damage|p1a: Pyroar|8/100\n|\n|-heal|p2a: Chimecho|119/290|[from] item: Leftovers\n|-end|p1a: Pyroar|move: Heal Block\n|upkeep\n|turn|21\n|inactive|Time left: 300 sec this turn | 300 sec total\n|\n|t:|1783541470\n|switch|p2a: Basculegion|Basculegion-F, L83, F|42/335 psn\n|move|p1a: Pyroar|Fire Blast|p2a: Basculegion\n|-resisted|p2a: Basculegion\n|-damage|p2a: Basculegion|0 fnt\n|faint|p2a: Basculegion\n|\n|upkeep\n|inactive|Time left: 300 sec this turn | 300 sec total | 5 sec grace\n|\n|t:|1783541471\n|switch|p2a: Malamar|Malamar, L82, F|258/275\n|turn|22\n|inactive|Time left: 300 sec this turn | 300 sec total\n|\n|t:|1783541472\n|move|p1a: Pyroar|Fire Blast|p2a: Malamar|[miss]\n|-miss|p1a: Pyroar|p2a: Malamar\n|move|p2a: Malamar|Superpower|p1a: Pyroar\n|-supereffective|p1a: Pyroar\n|-damage|p1a: Pyroar|0 fnt\n|-boost|p2a: Malamar|atk|1\n|-boost|p2a: Malamar|def|1\n|faint|p1a: Pyroar\n|\n|-heal|p2a: Malamar|275/275|[from] item: Leftovers\n|upkeep\n|\n|t:|1783541473\n|switch|p1a: Miraidon|Miraidon, L65, tera:Electric|54/100\n|-fieldstart|move: Electric Terrain|[from] ability: Hadron Engine|[of] p1a: Miraidon\n|turn|23\n|inactive|Time left: 300 sec this turn | 300 sec total\n|\n|t:|1783541474\n|move|p1a: Miraidon|Electro Drift|p2a: Malamar\n|-damage|p2a: Malamar|0 fnt\n|faint|p2a: Malamar\n|-damage|p1a: Miraidon|45/100|[from] item: Life Orb\n|\n|upkeep\n|inactive|Time left: 300 sec this turn | 300 sec total | 5 sec grace\n|\n|t:|1783541475\n|switch|p2a: Chimecho|Chimecho, L93, F|119/290\n|turn|24\n|inactive|Time left: 300 sec this turn | 300 sec total\n|\n|t:|1783541476\n|-terastallize|p2a: Chimecho|Steel\n|move|p1a: Miraidon|Electro Drift|p2a: Chimecho\n|-damage|p2a: Chimecho|0 fnt\n|faint|p2a: Chimecho\n|-damage|p1a: Miraidon|35/100|[from] item: Life Orb\n|\n|win|p0x2011fbe", "uploadtime": 1783541476, "views": 0, "rating": 0, "private": 0, "password": null, "_winner": "p0x2011fbe", "_our_name": "p0y2017ced"}