{"id": "battle-gen9randombattle-386", "formatid": "gen9randombattle", "format": "[Gen 9] Random Battle", "players": ["p0x386d1a4", "p0y386460c"], "log": "|init|battle\n|title|p0x386d1a4 vs. p0y386460c\n|j|\u2606p0x386d1a4\n|j|\u2606p0y386460c\n|t:|1783544149\n|gametype|singles\n|player|p1|p0x386d1a4|265|\n|player|p2|p0y386460c|2|\n|gen|9\n|tier|[Gen 9] Random Battle\n|rule|Species Clause: Limit one of each Pok\u00e9mon\n|rule|HP Percentage Mod: HP is shown in percentages\n|rule|Sleep Clause Mod: Limit one foe put to sleep\n|rule|Illusion Level Mod: Illusion disguises the Pok\u00e9mon's true level\n|\n|t:|1783544149\n|teamsize|p1|6\n|teamsize|p2|6\n|start\n|switch|p1a: Iron Crown|Iron Crown, L78|268/268\n|switch|p2a: Pecharunt|Pecharunt, L77|100/100\n|turn|1\n|inactive|Battle timer is ON: inactive players will automatically lose when time's up. (requested by p0x386d1a4)\n|inactive|p0y386460c also wants the timer to be on.\n|\n|t:|1783544151\n|move|p1a: Iron Crown|Tachyon Cutter|p2a: Pecharunt\n|-damage|p2a: Pecharunt|65/100\n|-damage|p2a: Pecharunt|29/100\n|-hitcount|p2a: Pecharunt|2\n|move|p2a: Pecharunt|Shadow Ball|p1a: Iron Crown\n|-supereffective|p1a: Iron Crown\n|-damage|p1a: Iron Crown|152/268\n|\n|-heal|p2a: Pecharunt|35/100|[from] item: Leftovers\n|upkeep\n|turn|2\n|inactive|Time left: 300 sec this turn | 300 sec total\n|\n|t:|1783544152\n|switch|p2a: Slaking|Slaking, L84, F|100/100\n|move|p1a: Iron Crown|Tachyon Cutter|p2a: Slaking\n|-damage|p2a: Slaking|73/100\n|-damage|p2a: Slaking|45/100\n|-hitcount|p2a: Slaking|2\n|\n|upkeep\n|turn|3\n|inactive|Time left: 300 sec this turn | 300 sec total\n|\n|t:|1783544153\n|-end|p1a: Iron Crown|Quark Drive|[silent]\n|switch|p1a: Porygon2|Porygon2, L81|270/270\n|-ability|p1a: Porygon2|Download|boost\n|-boost|p1a: Porygon2|spa|1\n|move|p2a: Slaking|Giga Impact|p1a: Porygon2\n|-damage|p1a: Porygon2|24/270\n|-mustrecharge|p2a: Slaking\n|\n|upkeep\n|turn|4\n|inactive|Time left: 300 sec this turn | 300 sec total\n|\n|t:|1783544154\n|cant|p2a: Slaking|recharge\n|move|p1a: Porygon2|Tri Attack|p2a: Slaking\n|-damage|p2a: Slaking|2/100\n|\n|upkeep\n|turn|5\n|inactive|Time left: 300 sec this turn | 300 sec total\n|\n|t:|1783544155\n|switch|p1a: Coalossal|Coalossal, L89, M|341/341\n|move|p2a: Slaking|Giga Impact|p1a: Coalossal\n|-resisted|p1a: Coalossal\n|-damage|p1a: Coalossal|203/341\n|-mustrecharge|p2a: Slaking\n|\n|upkeep\n|turn|6\n|inactive|Time left: 300 sec this turn | 300 sec total\n|\n|t:|1783544156\n|cant|p2a: Slaking|recharge\n|move|p1a: Coalossal|Rapid Spin|p2a: Slaking\n|-damage|p2a: Slaking|0 fnt\n|-boost|p1a: Coalossal|spe|1\n|faint|p2a: Slaking\n|\n|upkeep\n|\n|t:|1783544158\n|switch|p2a: Lanturn|Lanturn, L89, F|100/100\n|turn|7\n|inactive|Time left: 300 sec this turn | 300 sec total\n|\n|t:|1783544159\n|move|p2a: Lanturn|Scald|p1a: Coalossal\n|-supereffective|p1a: Coalossal\n|-damage|p1a: Coalossal|0 fnt\n|faint|p1a: Coalossal\n|\n|upkeep\n|inactive|Time left: 300 sec this turn | 300 sec total | 5 sec grace\n|\n|t:|1783544160\n|switch|p1a: Grimmsnarl|Grimmsnarl, L83, M|293/293\n|turn|8\n|inactive|Time left: 300 sec this turn | 300 sec total\n|\n|t:|1783544161\n|move|p1a: Grimmsnarl|Light Screen|p1a: Grimmsnarl\n|-sidestart|p1: p0x386d1a4|move: Light Screen\n|move|p2a: Lanturn|Scald|p1a: Grimmsnarl\n|-damage|p1a: Grimmsnarl|246/293\n|\n|upkeep\n|turn|9\n|inactive|Time left: 300 sec this turn | 300 sec total\n|\n|t:|1783544162\n|switch|p2a: Metagross|Metagross, L79|100/100\n|move|p1a: Grimmsnarl|Reflect|p1a: Grimmsnarl\n|-sidestart|p1: p0x386d1a4|Reflect\n|\n|upkeep\n|turn|10\n|inactive|Time left: 300 sec this turn | 300 sec total\n|\n|t:|1783544163\n|move|p1a: Grimmsnarl|Parting Shot|p2a: Metagross\n|-fail|p2a: Metagross|unboost|[from] ability: Clear Body|[of] p2a: Metagross\n|move|p2a: Metagross|Stealth Rock|p1a: Grimmsnarl\n|-sidestart|p1: p0x386d1a4|move: Stealth Rock\n|\n|upkeep\n|turn|11\n|inactive|Time left: 300 sec this turn | 300 sec total\n|\n|t:|1783544164\n|move|p1a: Grimmsnarl|Parting Shot|p2a: Metagross\n|-fail|p2a: Metagross|unboost|[from] ability: Clear Body|[of] p2a: Metagross\n|move|p2a: Metagross|Heavy Slam|p1a: Grimmsnarl\n|-supereffective|p1a: Grimmsnarl\n|-damage|p1a: Grimmsnarl|71/293\n|\n|upkeep\n|turn|12\n|inactive|Time left: 300 sec this turn | 300 sec total\n|\n|t:|1783544166\n|switch|p1a: Gogoat|Gogoat, L88, M|360/360\n|-damage|p1a: Gogoat|315/360|[from] Stealth Rock\n|move|p2a: Metagross|Heavy Slam|p1a: Gogoat\n|-damage|p1a: Gogoat|217/360\n|\n|-heal|p1a: Gogoat|239/360|[from] item: Leftovers\n|upkeep\n|turn|13\n|inactive|Time left: 300 sec this turn | 300 sec total\n|\n|t:|1783544167\n|switch|p2a: Pecharunt|Pecharunt, L77|35/100\n|move|p1a: Gogoat|Bulk Up|p1a: Gogoat\n|-boost|p1a: Gogoat|atk|1\n|-boost|p1a: Gogoat|def|1\n|\n|-heal|p2a: Pecharunt|41/100|[from] item: Leftovers\n|-heal|p1a: Gogoat|261/360|[from] item: Leftovers\n|upkeep\n|turn|14\n|inactive|Time left: 300 sec this turn | 300 sec total\n|\n|t:|1783544168\n|move|p2a: Pecharunt|Recover|p2a: Pecharunt\n|-heal|p2a: Pecharunt|91/100\n|move|p1a: Gogoat|Earthquake|p2a: Pecharunt\n|-supereffective|p2a: Pecharunt\n|-damage|p2a: Pecharunt|26/100\n|\n|-heal|p2a: Pecharunt|32/100|[from] item: Leftovers\n|-heal|p1a: Gogoat|283/360|[from] item: Leftovers\n|upkeep\n|turn|15\n|inactive|Time left: 300 sec this turn | 300 sec total\n|\n|t:|1783544169\n|move|p2a: Pecharunt|Recover|p2a: Pecharunt\n|-heal|p2a: Pecharunt|82/100\n|move|p1a: Gogoat|Earthquake|p2a: Pecharunt\n|-supereffective|p2a: Pecharunt\n|-damage|p2a: Pecharunt|17/100\n|\n|-heal|p2a: Pecharunt|23/100|[from] item: Leftovers\n|-heal|p1a: Gogoat|305/360|[from] item: Leftovers\n|-sideend|p1: p0x386d1a4|move: Light Screen\n|upkeep\n|turn|16\n|inactive|Time left: 300 sec this turn | 300 sec total\n|\n|t:|1783544170\n|move|p2a: Pecharunt|Malignant Chain|p1a: Gogoat\n|-supereffective|p1a: Gogoat\n|-damage|p1a: Gogoat|135/360\n|-status|p1a: Gogoat|tox\n|-start|p1a: Gogoat|confusion|[from] ability: Poison Puppeteer|[of] p2a: Pecharunt\n|-activate|p1a: Gogoat|confusion\n|-damage|p1a: Gogoat|97/360 tox|[from] confusion\n|\n|-heal|p2a: Pecharunt|29/100|[from] item: Leftovers\n|-heal|p1a: Gogoat|119/360 tox|[from] item: Leftovers\n|-damage|p1a: Gogoat|97/360 tox|[from] psn\n|-sideend|p1: p0x386d1a4|Reflect\n|upkeep\n|turn|17\n|inactive|Time left: 300 sec this turn | 300 sec total\n|\n|t:|1783544172\n|move|p2a: Pecharunt|Recover|p2a: Pecharunt\n|-heal|p2a: Pecharunt|79/100\n|-activate|p1a: Gogoat|confusion\n|-damage|p1a: Gogoat|59/360 tox|[from] confusion\n|\n|-heal|p2a: Pecharunt|85/100|[from] item: Leftovers\n|-heal|p1a: Gogoat|81/360 tox|[from] item: Leftovers\n|-damage|p1a: Gogoat|37/360 tox|[from] psn\n|upkeep\n|turn|18\n|inactive|Time left: 300 sec this turn | 300 sec total\n|\n|t:|1783544173\n|switch|p1a: Iron Crown|Iron Crown, L78|152/268\n|-damage|p1a: Iron Crown|136/268|[from] Stealth Rock\n|move|p2a: Pecharunt|Shadow Ball|p1a: Iron Crown\n|-supereffective|p1a: Iron Crown\n|-damage|p1a: Iron Crown|14/268\n|\n|-heal|p2a: Pecharunt|91/100|[from] item: Leftovers\n|upkeep\n|turn|19\n|inactive|Time left: 300 sec this turn | 300 sec total\n|\n|t:|1783544174\n|switch|p2a: Lanturn|Lanturn, L89, F|100/100\n|move|p1a: Iron Crown|Tachyon Cutter|p2a: Lanturn\n|-resisted|p2a: Lanturn\n|-damage|p2a: Lanturn|95/100\n|-resisted|p2a: Lanturn\n|-damage|p2a: Lanturn|89/100\n|-hitcount|p2a: Lanturn|2\n|\n|-heal|p2a: Lanturn|95/100|[from] item: Leftovers\n|upkeep\n|turn|20\n|inactive|Time left: 300 sec this turn | 300 sec total\n|\n|t:|1783544175\n|move|p1a: Iron Crown|Tachyon Cutter|p2a: Lanturn\n|-resisted|p2a: Lanturn\n|-damage|p2a: Lanturn|89/100\n|-resisted|p2a: Lanturn\n|-damage|p2a: Lanturn|83/100\n|-hitcount|p2a: Lanturn|2\n|move|p2a: Lanturn|Thunderbolt|p1a: Iron Crown\n|-damage|p1a: Iron Crown|0 fnt\n|faint|p1a: Iron Crown\n|-end|p1a: Iron Crown|Quark Drive|[silent]\n|\n|-heal|p2a: Lanturn|89/100|[from] item: Leftovers\n|upkeep\n|inactive|Time left: 300 sec this turn | 300 sec total | 5 sec grace\n|\n|t:|1783544176\n|switch|p1a: Grimmsnarl|Grimmsnarl, L83, M|71/293\n|-damage|p1a: Grimmsnarl|35/293|[from] Stealth Rock\n|turn|21\n|inactive|Time left: 300 sec this turn | 300 sec total\n|\n|t:|1783544177\n|move|p1a: Grimmsnarl|Light Screen|p1a: Grimmsnarl\n|-sidestart|p1: p0x386d1a4|move: Light Screen\n|move|p2a: Lanturn|Scald|p1a: Grimmsnarl\n|-damage|p1a: Grimmsnarl|0 fnt\n|faint|p1a: Grimmsnarl\n|\n|-heal|p2a: Lanturn|95/100|[from] item: Leftovers\n|upkeep\n|inactive|Time left: 300 sec this turn | 300 sec total | 5 sec grace\n|\n|t:|1783544178\n|switch|p1a: Whimsicott|Whimsicott, L84, F|238/238\n|-damage|p1a: Whimsicott|209/238|[from] Stealth Rock\n|turn|22\n|inactive|Time left: 300 sec this turn | 300 sec total\n|\n|t:|1783544179\n|move|p1a: Whimsicott|Moonblast|p2a: Lanturn\n|-damage|p2a: Lanturn|72/100\n|-unboost|p2a: Lanturn|spa|1\n|move|p2a: Lanturn|Ice Beam|p1a: Whimsicott\n|-supereffective|p1a: Whimsicott\n|-damage|p1a: Whimsicott|162/238\n|\n|-heal|p1a: Whimsicott|176/238|[from] item: Leftovers\n|-heal|p2a: Lanturn|78/100|[from] item: Leftovers\n|upkeep\n|turn|23\n|inactive|Time left: 300 sec this turn | 300 sec total\n|\n|t:|1783544180\n|switch|p2a: Pecharunt|Pecharunt, L77|91/100\n|move|p1a: Whimsicott|Leech Seed|p2a: Pecharunt\n|-start|p2a: Pecharunt|move: Leech Seed\n|\n|-heal|p1a: Whimsicott|190/238|[from] item: Leftovers\n|-heal|p2a: Pecharunt|97/100|[from] item: Leftovers\n|-damage|p2a: Pecharunt|85/100|[from] Leech Seed|[of] p1a: Whimsicott\n|-heal|p1a: Whimsicott|222/238|[silent]\n|upkeep\n|turn|24\n|inactive|Time left: 300 sec this turn | 300 sec total\n|\n|t:|1783544181\n|move|p1a: Whimsicott|Substitute|p1a: Whimsicott\n|-start|p1a: Whimsicott|Substitute\n|-damage|p1a: Whimsicott|163/238\n|move|p2a: Pecharunt|Malignant Chain|p1a: Whimsicott\n|-supereffective|p1a: Whimsicott\n|-end|p1a: Whimsicott|Substitute\n|\n|-heal|p1a: Whimsicott|177/238|[from] item: Leftovers\n|-heal|p2a: Pecharunt|91/100|[from] item: Leftovers\n|-damage|p2a: Pecharunt|79/100|[from] Leech Seed|[of] p1a: Whimsicott\n|-heal|p1a: Whimsicott|209/238|[silent]\n|upkeep\n|turn|25\n|inactive|Time left: 300 sec this turn | 300 sec total\n|\n|t:|1783544182\n|move|p1a: Whimsicott|Substitute|p1a: Whimsicott\n|-start|p1a: Whimsicott|Substitute\n|-damage|p1a: Whimsicott|150/238\n|move|p2a: Pecharunt|Malignant Chain|p1a: Whimsicott\n|-supereffective|p1a: Whimsicott\n|-end|p1a: Whimsicott|Substitute\n|\n|-heal|p1a: Whimsicott|164/238|[from] item: Leftovers\n|-heal|p2a: Pecharunt|85/100|[from] item: Leftovers\n|-damage|p2a: Pecharunt|73/100|[from] Leech Seed|[of] p1a: Whimsicott\n|-heal|p1a: Whimsicott|196/238|[silent]\n|upkeep\n|turn|26\n|inactive|Time left: 300 sec this turn | 300 sec total\n|\n|t:|1783544183\n|move|p1a: Whimsicott|Substitute|p1a: Whimsicott\n|-start|p1a: Whimsicott|Substitute\n|-damage|p1a: Whimsicott|137/238\n|move|p2a: Pecharunt|Malignant Chain|p1a: Whimsicott\n|-supereffective|p1a: Whimsicott\n|-end|p1a: Whimsicott|Substitute\n|\n|-heal|p1a: Whimsicott|151/238|[from] item: Leftovers\n|-heal|p2a: Pecharunt|79/100|[from] item: Leftovers\n|-damage|p2a: Pecharunt|67/100|[from] Leech Seed|[of] p1a: Whimsicott\n|-heal|p1a: Whimsicott|183/238|[silent]\n|upkeep\n|turn|27\n|inactive|Time left: 300 sec this turn | 300 sec total\n|\n|t:|1783544184\n|move|p1a: Whimsicott|Substitute|p1a: Whimsicott\n|-start|p1a: Whimsicott|Substitute\n|-damage|p1a: Whimsicott|124/238\n|move|p2a: Pecharunt|Malignant Chain|p1a: Whimsicott\n|-supereffective|p1a: Whimsicott\n|-end|p1a: Whimsicott|Substitute\n|\n|-heal|p1a: Whimsicott|138/238|[from] item: Leftovers\n|-heal|p2a: Pecharunt|73/100|[from] item: Leftovers\n|-damage|p2a: Pecharunt|60/100|[from] Leech Seed|[of] p1a: Whimsicott\n|-heal|p1a: Whimsicott|170/238|[silent]\n|upkeep\n|turn|28\n|inactive|Time left: 300 sec this turn | 300 sec total\n|\n|t:|1783544185\n|move|p1a: Whimsicott|Substitute|p1a: Whimsicott\n|-start|p1a: Whimsicott|Substitute\n|-damage|p1a: Whimsicott|111/238\n|move|p2a: Pecharunt|Malignant Chain|p1a: Whimsicott\n|-supereffective|p1a: Whimsicott\n|-end|p1a: Whimsicott|Substitute\n|\n|-heal|p1a: Whimsicott|125/238|[from] item: Leftovers\n|-heal|p2a: Pecharunt|67/100|[from] item: Leftovers\n|-damage|p2a: Pecharunt|54/100|[from] Leech Seed|[of] p1a: Whimsicott\n|-heal|p1a: Whimsicott|157/238|[silent]\n|-sideend|p1: p0x386d1a4|move: Light Screen\n|upkeep\n|turn|29\n|inactive|Time left: 300 sec this turn | 300 sec total\n|\n|t:|1783544186\n|move|p1a: Whimsicott|Substitute|p1a: Whimsicott\n|-start|p1a: Whimsicott|Substitute\n|-damage|p1a: Whimsicott|98/238\n|move|p2a: Pecharunt|Malignant Chain|p1a: Whimsicott\n|-supereffective|p1a: Whimsicott\n|-end|p1a: Whimsicott|Substitute\n|\n|-heal|p1a: Whimsicott|112/238|[from] item: Leftovers\n|-heal|p2a: Pecharunt|60/100|[from] item: Leftovers\n|-damage|p2a: Pecharunt|48/100|[from] Leech Seed|[of] p1a: Whimsicott\n|-heal|p1a: Whimsicott|144/238|[silent]\n|upkeep\n|turn|30\n|inactive|Time left: 300 sec this turn | 300 sec total\n|\n|t:|1783544186\n|move|p1a: Whimsicott|Substitute|p1a: Whimsicott\n|-start|p1a: Whimsicott|Substitute\n|-damage|p1a: Whimsicott|85/238\n|move|p2a: Pecharunt|Malignant Chain|p1a: Whimsicott\n|-supereffective|p1a: Whimsicott\n|-end|p1a: Whimsicott|Substitute\n|\n|-heal|p1a: Whimsicott|99/238|[from] item: Leftovers\n|-heal|p2a: Pecharunt|54/100|[from] item: Leftovers\n|-damage|p2a: Pecharunt|42/100|[from] Leech Seed|[of] p1a: Whimsicott\n|-heal|p1a: Whimsicott|131/238|[silent]\n|upkeep\n|turn|31\n|inactive|Time left: 300 sec this turn | 300 sec total\n|\n|t:|1783544187\n|move|p1a: Whimsicott|Moonblast|p2a: Pecharunt\n|-resisted|p2a: Pecharunt\n|-damage|p2a: Pecharunt|24/100\n|-unboost|p2a: Pecharunt|spa|1\n|move|p2a: Pecharunt|Recover|p2a: Pecharunt\n|-heal|p2a: Pecharunt|74/100\n|\n|-heal|p1a: Whimsicott|145/238|[from] item: Leftovers\n|-heal|p2a: Pecharunt|80/100|[from] item: Leftovers\n|-damage|p2a: Pecharunt|68/100|[from] Leech Seed|[of] p1a: Whimsicott\n|-heal|p1a: Whimsicott|177/238|[silent]\n|upkeep\n|turn|32\n|inactive|Time left: 300 sec this turn | 300 sec total\n|\n|t:|1783544188\n|switch|p2a: Metagross|Metagross, L79|100/100\n|move|p1a: Whimsicott|Moonblast|p2a: Metagross\n|-resisted|p2a: Metagross\n|-damage|p2a: Metagross|84/100\n|\n|-heal|p1a: Whimsicott|191/238|[from] item: Leftovers\n|-heal|p2a: Metagross|90/100|[from] item: Leftovers\n|upkeep\n|turn|33\n|inactive|Time left: 300 sec this turn | 300 sec total\n|\n|t:|1783544190\n|move|p1a: Whimsicott|Substitute|p1a: Whimsicott\n|-start|p1a: Whimsicott|Substitute\n|-damage|p1a: Whimsicott|132/238\n|move|p2a: Metagross|Heavy Slam|p1a: Whimsicott\n|-supereffective|p1a: Whimsicott\n|-crit|p1a: Whimsicott\n|-end|p1a: Whimsicott|Substitute\n|\n|-heal|p1a: Whimsicott|146/238|[from] item: Leftovers\n|-heal|p2a: Metagross|96/100|[from] item: Leftovers\n|upkeep\n|turn|34\n|inactive|Time left: 300 sec this turn | 300 sec total\n|\n|t:|1783544191\n|move|p1a: Whimsicott|Substitute|p1a: Whimsicott\n|-start|p1a: Whimsicott|Substitute\n|-damage|p1a: Whimsicott|87/238\n|move|p2a: Metagross|Heavy Slam|p1a: Whimsicott\n|-supereffective|p1a: Whimsicott\n|-end|p1a: Whimsicott|Substitute\n|\n|-heal|p1a: Whimsicott|101/238|[from] item: Leftovers\n|-heal|p2a: Metagross|100/100|[from] item: Leftovers\n|upkeep\n|turn|35\n|inactive|Time left: 300 sec this turn | 300 sec total\n|\n|t:|1783544192\n|move|p1a: Whimsicott|Substitute|p1a: Whimsicott\n|-start|p1a: Whimsicott|Substitute\n|-damage|p1a: Whimsicott|42/238\n|move|p2a: Metagross|Heavy Slam|p1a: Whimsicott\n|-supereffective|p1a: Whimsicott\n|-end|p1a: Whimsicott|Substitute\n|\n|-heal|p1a: Whimsicott|56/238|[from] item: Leftovers\n|upkeep\n|turn|36\n|inactive|Time left: 300 sec this turn | 300 sec total\n|\n|t:|1783544193\n|switch|p1a: Porygon2|Porygon2, L81|24/270\n|-damage|p1a: Porygon2|0 fnt|[from] Stealth Rock\n|faint|p1a: Porygon2\n|move|p2a: Metagross|Heavy Slam|p1: Porygon2|[notarget]\n|-fail|p2a: Metagross\n|\n|upkeep\n|inactive|Time left: 300 sec this turn | 300 sec total | 5 sec grace\n|\n|t:|1783544194\n|switch|p1a: Gogoat|Gogoat, L88, M|37/360 tox\n|-damage|p1a: Gogoat|0 fnt|[from] Stealth Rock\n|faint|p1a: Gogoat\n|inactive|Time left: 300 sec this turn | 300 sec total | 10 sec grace\n|\n|t:|1783544195\n|switch|p1a: Whimsicott|Whimsicott, L84, F|56/238\n|-damage|p1a: Whimsicott|27/238|[from] Stealth Rock\n|turn|37\n|inactive|Time left: 300 sec this turn | 300 sec total\n|\n|t:|1783544196\n|-terastallize|p1a: Whimsicott|Poison\n|move|p1a: Whimsicott|Leech Seed|p2a: Metagross\n|-start|p2a: Metagross|move: Leech Seed\n|move|p2a: Metagross|Heavy Slam|p1a: Whimsicott\n|-damage|p1a: Whimsicott|0 fnt\n|faint|p1a: Whimsicott\n|\n|win|p0y386460c", "uploadtime": 1783544196, "views": 0, "rating": 0, "private": 0, "password": null, "_winner": "p0y386460c", "_our_name": "p0x386d1a4"}