{"id": "battle-gen9randombattle-1536", "formatid": "gen9randombattle", "format": "[Gen 9] Random Battle", "players": ["p0x15369a17", "p0y153673a6"], "log": "|init|battle\n|title|p0x15369a17 vs. p0y153673a6\n|j|\u2606p0x15369a17\n|j|\u2606p0y153673a6\n|t:|1783557850\n|gametype|singles\n|player|p1|p0x15369a17|2|\n|player|p2|p0y153673a6|265|\n|gen|9\n|tier|[Gen 9] Random Battle\n|rule|Species Clause: Limit one of each Pok\u00e9mon\n|rule|HP Percentage Mod: HP is shown in percentages\n|rule|Sleep Clause Mod: Limit one foe put to sleep\n|rule|Illusion Level Mod: Illusion disguises the Pok\u00e9mon's true level\n|\n|t:|1783557850\n|teamsize|p1|6\n|teamsize|p2|6\n|start\n|switch|p1a: Eelektross|Eelektross, L87, M|100/100\n|switch|p2a: Kleavor|Kleavor, L78, M|237/237\n|turn|1\n|inactive|Battle timer is ON: inactive players will automatically lose when time's up. (requested by p0y153673a6)\n|inactive|p0x15369a17 also wants the timer to be on.\n|\n|t:|1783557852\n|move|p2a: Kleavor|Stone Axe|p1a: Eelektross|[miss]\n|-miss|p2a: Kleavor|p1a: Eelektross\n|move|p1a: Eelektross|Discharge|p2a: Kleavor\n|-crit|p2a: Kleavor\n|-damage|p2a: Kleavor|39/237\n|\n|upkeep\n|turn|2\n|inactive|Time left: 300 sec this turn | 300 sec total\n|\n|t:|1783557853\n|move|p2a: Kleavor|Stone Axe|p1a: Eelektross\n|-damage|p1a: Eelektross|59/100\n|-sidestart|p1: p0x15369a17|move: Stealth Rock\n|move|p1a: Eelektross|Flamethrower|p2a: Kleavor\n|-damage|p2a: Kleavor|0 fnt\n|faint|p2a: Kleavor\n|\n|upkeep\n|inactive|Time left: 300 sec this turn | 300 sec total | 5 sec grace\n|\n|t:|1783557854\n|switch|p2a: Crabominable|Crabominable, L90, M|321/321\n|turn|3\n|inactive|Time left: 300 sec this turn | 300 sec total\n|\n|t:|1783557855\n|move|p1a: Eelektross|Discharge|p2a: Crabominable\n|-damage|p2a: Crabominable|249/321\n|move|p2a: Crabominable|Drain Punch|p1a: Eelektross\n|-damage|p1a: Eelektross|5/100\n|-heal|p2a: Crabominable|321/321|[from] drain|[of] p1a: Eelektross\n|\n|upkeep\n|turn|4\n|inactive|Time left: 300 sec this turn | 300 sec total\n|\n|t:|1783557856\n|move|p1a: Eelektross|Discharge|p2a: Crabominable\n|-damage|p2a: Crabominable|254/321\n|-status|p2a: Crabominable|par\n|move|p2a: Crabominable|Drain Punch|p1a: Eelektross\n|-damage|p1a: Eelektross|0 fnt\n|-heal|p2a: Crabominable|261/321 par|[from] drain|[of] p1a: Eelektross\n|faint|p1a: Eelektross\n|\n|upkeep\n|\n|t:|1783557858\n|switch|p1a: Iron Valiant|Iron Valiant, L78|100/100\n|-damage|p1a: Iron Valiant|94/100|[from] Stealth Rock\n|turn|5\n|inactive|Time left: 300 sec this turn | 300 sec total\n|\n|t:|1783557859\n|switch|p2a: Yanmega|Yanmega, L82, M|275/275\n|move|p1a: Iron Valiant|Swords Dance|p1a: Iron Valiant\n|-boost|p1a: Iron Valiant|atk|2\n|\n|upkeep\n|turn|6\n|inactive|Time left: 300 sec this turn | 300 sec total\n|\n|t:|1783557860\n|move|p1a: Iron Valiant|Spirit Break|p2a: Yanmega\n|-damage|p2a: Yanmega|49/275\n|-unboost|p2a: Yanmega|spa|1\n|-damage|p1a: Iron Valiant|85/100|[from] item: Life Orb\n|move|p2a: Yanmega|Air Slash|p1a: Iron Valiant\n|-supereffective|p1a: Iron Valiant\n|-damage|p1a: Iron Valiant|0 fnt\n|faint|p1a: Iron Valiant\n|-end|p1a: Iron Valiant|Quark Drive|[silent]\n|\n|upkeep\n|\n|t:|1783557861\n|switch|p1a: Donphan|Donphan, L84, F|100/100\n|-damage|p1a: Donphan|94/100|[from] Stealth Rock\n|turn|7\n|inactive|Time left: 300 sec this turn | 300 sec total\n|\n|t:|1783557862\n|move|p2a: Yanmega|Air Slash|p1a: Donphan\n|-damage|p1a: Donphan|67/100\n|cant|p1a: Donphan|flinch\n|\n|upkeep\n|turn|8\n|inactive|Time left: 300 sec this turn | 300 sec total\n|\n|t:|1783557863\n|move|p2a: Yanmega|Air Slash|p1a: Donphan\n|-damage|p1a: Donphan|41/100\n|cant|p1a: Donphan|flinch\n|\n|upkeep\n|turn|9\n|inactive|Time left: 300 sec this turn | 300 sec total\n|\n|t:|1783557864\n|move|p2a: Yanmega|Air Slash|p1a: Donphan\n|-damage|p1a: Donphan|14/100\n|cant|p1a: Donphan|flinch\n|\n|upkeep\n|turn|10\n|inactive|Time left: 300 sec this turn | 300 sec total\n|\n|t:|1783557865\n|switch|p1a: Registeel|Registeel, L81|100/100\n|-damage|p1a: Registeel|94/100|[from] Stealth Rock\n|move|p2a: Yanmega|Air Slash|p1a: Registeel\n|-resisted|p1a: Registeel\n|-damage|p1a: Registeel|71/100\n|\n|-heal|p1a: Registeel|78/100|[from] item: Leftovers\n|upkeep\n|turn|11\n|inactive|Time left: 300 sec this turn | 300 sec total\n|\n|t:|1783557866\n|move|p2a: Yanmega|Air Slash|p1a: Registeel\n|-resisted|p1a: Registeel\n|-damage|p1a: Registeel|57/100\n|move|p1a: Registeel|Iron Head|p2a: Yanmega\n|-damage|p2a: Yanmega|0 fnt\n|faint|p2a: Yanmega\n|\n|-heal|p1a: Registeel|63/100|[from] item: Leftovers\n|upkeep\n|inactive|Time left: 300 sec this turn | 300 sec total | 5 sec grace\n|\n|t:|1783557867\n|switch|p2a: Minior|Minior-Indigo, L79|224/224\n|-formechange|p2a: Minior|Minior-Meteor||[from] ability: Shields Down\n|turn|12\n|inactive|Time left: 300 sec this turn | 300 sec total\n|\n|t:|1783557867\n|-terastallize|p2a: Minior|Water\n|move|p2a: Minior|Shell Smash|p2a: Minior\n|-unboost|p2a: Minior|def|1\n|-unboost|p2a: Minior|spd|1\n|-boost|p2a: Minior|atk|2\n|-boost|p2a: Minior|spa|2\n|-boost|p2a: Minior|spe|2\n|-enditem|p2a: Minior|White Herb\n|-clearnegativeboost|p2a: Minior|[silent]\n|move|p1a: Registeel|Iron Head|p2a: Minior\n|-resisted|p2a: Minior\n|-damage|p2a: Minior|193/224\n|\n|-heal|p1a: Registeel|69/100|[from] item: Leftovers\n|upkeep\n|turn|13\n|inactive|Time left: 300 sec this turn | 300 sec total\n|\n|t:|1783557868\n|move|p2a: Minior|Earthquake|p1a: Registeel\n|-supereffective|p1a: Registeel\n|-damage|p1a: Registeel|24/100\n|move|p1a: Registeel|Body Press|p2a: Minior\n|-damage|p2a: Minior|118/224\n|\n|-heal|p1a: Registeel|30/100|[from] item: Leftovers\n|upkeep\n|turn|14\n|inactive|Time left: 300 sec this turn | 300 sec total\n|\n|t:|1783557869\n|switch|p1a: Granbull|Granbull, L88, F|100/100\n|-damage|p1a: Granbull|88/100|[from] Stealth Rock\n|-ability|p1a: Granbull|Intimidate|boost\n|-unboost|p2a: Minior|atk|1\n|move|p2a: Minior|Acrobatics|p1a: Granbull\n|-damage|p1a: Granbull|52/100\n|\n|-heal|p1a: Granbull|58/100|[from] item: Leftovers\n|upkeep\n|turn|15\n|inactive|Time left: 300 sec this turn | 300 sec total\n|\n|t:|1783557870\n|-terastallize|p1a: Granbull|Ground\n|move|p2a: Minior|Acrobatics|p1a: Granbull\n|-damage|p1a: Granbull|17/100\n|move|p1a: Granbull|Earthquake|p2a: Minior\n|-damage|p2a: Minior|0 fnt\n|faint|p2a: Minior\n|\n|-heal|p1a: Granbull|23/100|[from] item: Leftovers\n|upkeep\n|inactive|Time left: 300 sec this turn | 300 sec total | 5 sec grace\n|\n|t:|1783557871\n|switch|p2a: Tauros|Tauros, L82, M|257/257\n|turn|16\n|inactive|Time left: 300 sec this turn | 300 sec total\n|\n|t:|1783557871\n|switch|p1a: Donphan|Donphan, L84, F|14/100\n|-damage|p1a: Donphan|8/100|[from] Stealth Rock\n|move|p2a: Tauros|Earthquake|p1a: Donphan\n|-damage|p1a: Donphan|0 fnt\n|faint|p1a: Donphan\n|-damage|p2a: Tauros|232/257|[from] item: Life Orb\n|\n|upkeep\n|\n|t:|1783557872\n|switch|p1a: Granbull|Granbull, L88, F, tera:Ground|23/100\n|-damage|p1a: Granbull|17/100|[from] Stealth Rock\n|-ability|p1a: Granbull|Intimidate|boost\n|-unboost|p2a: Tauros|atk|1\n|turn|17\n|inactive|Time left: 300 sec this turn | 300 sec total\n|\n|t:|1783557873\n|switch|p1a: Registeel|Registeel, L81|30/100\n|-damage|p1a: Registeel|24/100|[from] Stealth Rock\n|move|p2a: Tauros|Body Slam|p1a: Registeel\n|-resisted|p1a: Registeel\n|-damage|p1a: Registeel|12/100\n|\n|-heal|p1a: Registeel|18/100|[from] item: Leftovers\n|upkeep\n|turn|18\n|inactive|Time left: 300 sec this turn | 300 sec total\n|\n|t:|1783557874\n|switch|p1a: Granbull|Granbull, L88, F, tera:Ground|17/100\n|-damage|p1a: Granbull|11/100|[from] Stealth Rock\n|-ability|p1a: Granbull|Intimidate|boost\n|-unboost|p2a: Tauros|atk|1\n|move|p2a: Tauros|Earthquake|p1a: Granbull\n|-damage|p1a: Granbull|0 fnt\n|faint|p1a: Granbull\n|-damage|p2a: Tauros|207/257|[from] item: Life Orb\n|\n|upkeep\n|\n|t:|1783557874\n|switch|p1a: Glimmora|Glimmora, L75, M|100/100\n|-damage|p1a: Glimmora|88/100|[from] Stealth Rock\n|turn|19\n|inactive|Time left: 300 sec this turn | 300 sec total\n|\n|t:|1783557875\n|move|p2a: Tauros|Earthquake|p1a: Glimmora\n|-supereffective|p1a: Glimmora\n|-damage|p1a: Glimmora|15/100\n|-activate|p1a: Glimmora|ability: Toxic Debris\n|-sidestart|p2: p0y153673a6|move: Toxic Spikes\n|-damage|p2a: Tauros|182/257|[from] item: Life Orb\n|move|p1a: Glimmora|Meteor Beam||[still]\n|-prepare|p1a: Glimmora|Meteor Beam\n|-boost|p1a: Glimmora|spa|1\n|-enditem|p1a: Glimmora|Power Herb\n|-anim|p1a: Glimmora|Meteor Beam|p2a: Tauros\n|-damage|p2a: Tauros|0 fnt\n|faint|p2a: Tauros\n|\n|upkeep\n|inactive|Time left: 300 sec this turn | 300 sec total | 5 sec grace\n|\n|t:|1783557876\n|switch|p2a: Pachirisu|Pachirisu, L96, M|271/271\n|-status|p2a: Pachirisu|psn\n|turn|20\n|inactive|Time left: 300 sec this turn | 300 sec total\n|\n|t:|1783557877\n|move|p2a: Pachirisu|Thunderbolt|p1a: Glimmora\n|-damage|p1a: Glimmora|0 fnt\n|faint|p1a: Glimmora\n|\n|-damage|p2a: Pachirisu|238/271 psn|[from] psn\n|upkeep\n|\n|t:|1783557878\n|switch|p1a: Registeel|Registeel, L81|18/100\n|-damage|p1a: Registeel|12/100|[from] Stealth Rock\n|turn|21\n|inactive|Time left: 300 sec this turn | 300 sec total\n|\n|t:|1783557878\n|move|p2a: Pachirisu|Thunderbolt|p1a: Registeel\n|-damage|p1a: Registeel|0 fnt\n|faint|p1a: Registeel\n|\n|win|p0y153673a6", "uploadtime": 1783557878, "views": 0, "rating": 0, "private": 0, "password": null, "_winner": "p0y153673a6", "_our_name": "p0y153673a6"}