{"id": "battle-gen9randombattle-813", "formatid": "gen9randombattle", "format": "[Gen 9] Random Battle", "players": ["p0x813ddc3", "p0y813e247"], "log": "|init|battle\n|title|p0x813ddc3 vs. p0y813e247\n|j|\u2606p0x813ddc3\n|j|\u2606p0y813e247\n|t:|1783548584\n|gametype|singles\n|player|p1|p0x813ddc3|265|\n|player|p2|p0y813e247|170|\n|gen|9\n|tier|[Gen 9] Random Battle\n|rule|Species Clause: Limit one of each Pok\u00e9mon\n|rule|HP Percentage Mod: HP is shown in percentages\n|rule|Sleep Clause Mod: Limit one foe put to sleep\n|rule|Illusion Level Mod: Illusion disguises the Pok\u00e9mon's true level\n|\n|t:|1783548584\n|teamsize|p1|6\n|teamsize|p2|6\n|start\n|switch|p1a: Illumise|Illumise, L91, F|100/100\n|switch|p2a: Calyrex|Calyrex, L93|337/337\n|-ability|p2a: Calyrex|Unnerve\n|turn|1\n|inactive|Battle timer is ON: inactive players will automatically lose when time's up. (requested by p0x813ddc3)\n|inactive|Time left: 300 sec this turn | 300 sec total | 60 sec grace\n|inactive|p0y813e247 also wants the timer to be on.\n|\n|t:|1783548585\n|switch|p2a: Mightyena|Mightyena, L96, F|290/290\n|-ability|p2a: Mightyena|Intimidate|boost\n|-unboost|p1a: Illumise|atk|1\n|move|p1a: Illumise|Bug Buzz|p2a: Mightyena\n|-supereffective|p2a: Mightyena\n|-damage|p2a: Mightyena|162/290\n|\n|upkeep\n|turn|2\n|inactive|Time left: 300 sec this turn | 300 sec total\n|\n|t:|1783548586\n|move|p1a: Illumise|Bug Buzz|p2a: Mightyena\n|-supereffective|p2a: Mightyena\n|-damage|p2a: Mightyena|22/290\n|move|p2a: Mightyena|Super Fang|p1a: Illumise\n|-damage|p1a: Illumise|50/100\n|\n|upkeep\n|turn|3\n|inactive|Time left: 300 sec this turn | 300 sec total\n|\n|t:|1783548588\n|move|p1a: Illumise|Bug Buzz|p2a: Mightyena\n|-supereffective|p2a: Mightyena\n|-damage|p2a: Mightyena|0 fnt\n|faint|p2a: Mightyena\n|\n|upkeep\n|inactive|Time left: 300 sec this turn | 300 sec total | 5 sec grace\n|\n|t:|1783548589\n|switch|p2a: Hatterene|Hatterene, L85, F|236/236\n|turn|4\n|inactive|Time left: 300 sec this turn | 300 sec total\n|\n|t:|1783548590\n|move|p1a: Illumise|Roost|p1a: Illumise\n|-heal|p1a: Illumise|100/100\n|-singleturn|p1a: Illumise|move: Roost\n|move|p2a: Hatterene|Calm Mind|p2a: Hatterene\n|-boost|p2a: Hatterene|spa|1\n|-boost|p2a: Hatterene|spd|1\n|\n|upkeep\n|turn|5\n|inactive|Time left: 300 sec this turn | 300 sec total\n|\n|t:|1783548591\n|switch|p1a: Krookodile|Krookodile, L79, F|100/100\n|-ability|p1a: Krookodile|Intimidate|boost\n|-unboost|p2a: Hatterene|atk|1\n|move|p2a: Hatterene|Psychic|p1a: Krookodile\n|-immune|p1a: Krookodile\n|\n|upkeep\n|turn|6\n|inactive|Time left: 300 sec this turn | 300 sec total\n|\n|t:|1783548592\n|-terastallize|p1a: Krookodile|Poison\n|move|p1a: Krookodile|Gunk Shot|p2a: Hatterene|[miss]\n|-miss|p1a: Krookodile|p2a: Hatterene\n|move|p2a: Hatterene|Draining Kiss|p1a: Krookodile\n|-resisted|p1a: Krookodile\n|-damage|p1a: Krookodile|78/100\n|\n|upkeep\n|turn|7\n|inactive|Time left: 300 sec this turn | 300 sec total\n|\n|t:|1783548593\n|-terastallize|p2a: Hatterene|Steel\n|move|p1a: Krookodile|Gunk Shot|p2a: Hatterene\n|-immune|p2a: Hatterene\n|move|p2a: Hatterene|Psychic|p1a: Krookodile\n|-supereffective|p1a: Krookodile\n|-damage|p1a: Krookodile|0 fnt\n|faint|p1a: Krookodile\n|\n|upkeep\n|\n|t:|1783548594\n|switch|p1a: Sawsbuck|Sawsbuck-Summer, L88, F|100/100\n|turn|8\n|inactive|Time left: 300 sec this turn | 300 sec total\n|\n|t:|1783548595\n|move|p1a: Sawsbuck|Swords Dance|p1a: Sawsbuck\n|-boost|p1a: Sawsbuck|atk|2\n|move|p2a: Hatterene|Mystical Fire|p1a: Sawsbuck\n|-supereffective|p1a: Sawsbuck\n|-damage|p1a: Sawsbuck|21/100\n|-unboost|p1a: Sawsbuck|spa|1\n|\n|upkeep\n|turn|9\n|inactive|Time left: 300 sec this turn | 300 sec total\n|\n|t:|1783548596\n|switch|p2a: Calyrex|Calyrex, L93|337/337\n|-ability|p2a: Calyrex|Unnerve\n|move|p1a: Sawsbuck|High Horsepower|p2a: Calyrex\n|-resisted|p2a: Calyrex\n|-damage|p2a: Calyrex|237/337\n|-damage|p1a: Sawsbuck|11/100|[from] item: Life Orb\n|\n|-heal|p2a: Calyrex|258/337|[from] item: Leftovers\n|upkeep\n|turn|10\n|inactive|Time left: 300 sec this turn | 300 sec total\n|\n|t:|1783548597\n|move|p1a: Sawsbuck|Double-Edge|p2a: Calyrex\n|-damage|p2a: Calyrex|0 fnt\n|faint|p2a: Calyrex\n|-damage|p1a: Sawsbuck|0 fnt|[from] Recoil\n|faint|p1a: Sawsbuck\n|\n|upkeep\n|inactive|Time left: 300 sec this turn | 300 sec total | 5 sec grace\n|\n|t:|1783548598\n|switch|p1a: Inteleon|Inteleon, L81, M|100/100\n|switch|p2a: Bellossom|Bellossom, L84, M|263/263\n|turn|11\n|inactive|Time left: 300 sec this turn | 300 sec total\n|\n|t:|1783548599\n|move|p1a: Inteleon|Ice Beam|p2a: Bellossom\n|-supereffective|p2a: Bellossom\n|-damage|p2a: Bellossom|57/263\n|move|p2a: Bellossom|Giga Drain|p1a: Inteleon\n|-supereffective|p1a: Inteleon\n|-damage|p1a: Inteleon|25/100\n|-heal|p2a: Bellossom|150/263|[from] drain|[of] p1a: Inteleon\n|\n|-heal|p2a: Bellossom|166/263|[from] item: Leftovers\n|upkeep\n|turn|12\n|inactive|Time left: 300 sec this turn | 300 sec total\n|\n|t:|1783548600\n|switch|p2a: Hatterene|Hatterene, L85, F, tera:Steel|236/236\n|move|p1a: Inteleon|Ice Beam|p2a: Hatterene\n|-resisted|p2a: Hatterene\n|-damage|p2a: Hatterene|187/236\n|\n|-heal|p2a: Hatterene|201/236|[from] item: Leftovers\n|upkeep\n|turn|13\n|inactive|Time left: 300 sec this turn | 300 sec total\n|\n|t:|1783548601\n|move|p1a: Inteleon|Ice Beam|p2a: Hatterene\n|-resisted|p2a: Hatterene\n|-damage|p2a: Hatterene|151/236\n|move|p2a: Hatterene|Calm Mind|p2a: Hatterene\n|-boost|p2a: Hatterene|spa|1\n|-boost|p2a: Hatterene|spd|1\n|\n|-heal|p2a: Hatterene|165/236|[from] item: Leftovers\n|upkeep\n|turn|14\n|inactive|Time left: 300 sec this turn | 300 sec total\n|\n|t:|1783548602\n|switch|p1a: Regigigas|Regigigas, L84|100/100\n|-start|p1a: Regigigas|ability: Slow Start\n|move|p2a: Hatterene|Draining Kiss|p1a: Regigigas\n|-damage|p1a: Regigigas|72/100\n|-heal|p2a: Hatterene|235/236|[from] drain|[of] p1a: Regigigas\n|\n|-heal|p1a: Regigigas|78/100|[from] item: Leftovers\n|-heal|p2a: Hatterene|236/236|[from] item: Leftovers\n|upkeep\n|turn|15\n|inactive|Time left: 300 sec this turn | 300 sec total\n|\n|t:|1783548603\n|move|p1a: Regigigas|Body Slam|p2a: Hatterene\n|-resisted|p2a: Hatterene\n|-damage|p2a: Hatterene|206/236\n|move|p2a: Hatterene|Psychic|p1a: Regigigas\n|-damage|p1a: Regigigas|28/100\n|\n|-heal|p1a: Regigigas|34/100|[from] item: Leftovers\n|-heal|p2a: Hatterene|220/236|[from] item: Leftovers\n|upkeep\n|turn|16\n|inactive|Time left: 300 sec this turn | 300 sec total\n|\n|t:|1783548604\n|move|p1a: Regigigas|Knock Off|p2a: Hatterene\n|-damage|p2a: Hatterene|168/236\n|-enditem|p2a: Hatterene|Leftovers|[from] move: Knock Off|[of] p1a: Regigigas\n|move|p2a: Hatterene|Calm Mind|p2a: Hatterene\n|-boost|p2a: Hatterene|spa|1\n|-boost|p2a: Hatterene|spd|1\n|\n|-heal|p1a: Regigigas|40/100|[from] item: Leftovers\n|upkeep\n|turn|17\n|inactive|Time left: 300 sec this turn | 300 sec total\n|\n|t:|1783548605\n|move|p1a: Regigigas|Body Slam|p2a: Hatterene\n|-resisted|p2a: Hatterene\n|-damage|p2a: Hatterene|138/236\n|move|p2a: Hatterene|Psychic|p1a: Regigigas\n|-damage|p1a: Regigigas|0 fnt\n|faint|p1a: Regigigas\n|-end|p1a: Regigigas|Slow Start|[silent]\n|\n|upkeep\n|\n|t:|1783548606\n|switch|p1a: Inteleon|Inteleon, L81, M|25/100\n|turn|18\n|inactive|Time left: 300 sec this turn | 300 sec total\n|\n|t:|1783548607\n|move|p1a: Inteleon|Hydro Pump|p2a: Hatterene\n|-damage|p2a: Hatterene|3/236\n|move|p2a: Hatterene|Draining Kiss|p1a: Inteleon\n|-damage|p1a: Inteleon|0 fnt\n|-heal|p2a: Hatterene|48/236|[from] drain|[of] p1a: Inteleon\n|faint|p1a: Inteleon\n|\n|upkeep\n|\n|t:|1783548608\n|switch|p1a: Exeggutor|Exeggutor-Alola, L89, M|100/100\n|turn|19\n|inactive|Time left: 300 sec this turn | 300 sec total\n|\n|t:|1783548609\n|switch|p2a: Dialga|Dialga-Origin, L73|266/266\n|-ability|p2a: Dialga|Pressure\n|move|p1a: Exeggutor|Flamethrower|p2a: Dialga\n|-damage|p2a: Dialga|182/266\n|\n|upkeep\n|turn|20\n|inactive|Time left: 300 sec this turn | 300 sec total\n|\n|t:|1783548610\n|switch|p1a: Illumise|Illumise, L91, F|100/100\n|move|p2a: Dialga|Draco Meteor|p1a: Illumise\n|-damage|p1a: Illumise|34/100\n|-unboost|p2a: Dialga|spa|2\n|\n|upkeep\n|turn|21\n|inactive|Time left: 300 sec this turn | 300 sec total\n|\n|t:|1783548611\n|switch|p2a: Hatterene|Hatterene, L85, F, tera:Steel|48/236\n|move|p1a: Illumise|Roost|p1a: Illumise\n|-heal|p1a: Illumise|84/100\n|-singleturn|p1a: Illumise|move: Roost\n|\n|upkeep\n|turn|22\n|inactive|Time left: 300 sec this turn | 300 sec total\n|\n|t:|1783548613\n|switch|p1a: Exeggutor|Exeggutor-Alola, L89, M|100/100\n|move|p2a: Hatterene|Draining Kiss|p1a: Exeggutor\n|-supereffective|p1a: Exeggutor\n|-damage|p1a: Exeggutor|55/100\n|-heal|p2a: Hatterene|156/236|[from] drain|[of] p1a: Exeggutor\n|\n|upkeep\n|turn|23\n|inactive|Time left: 300 sec this turn | 300 sec total\n|\n|t:|1783548614\n|switch|p2a: Dialga|Dialga-Origin, L73|182/266\n|-ability|p2a: Dialga|Pressure\n|move|p1a: Exeggutor|Flamethrower|p2a: Dialga\n|-damage|p2a: Dialga|99/266\n|\n|upkeep\n|turn|24\n|inactive|Time left: 300 sec this turn | 300 sec total\n|\n|t:|1783548615\n|move|p2a: Dialga|Draco Meteor|p1a: Exeggutor\n|-supereffective|p1a: Exeggutor\n|-damage|p1a: Exeggutor|0 fnt\n|-unboost|p2a: Dialga|spa|2\n|faint|p1a: Exeggutor\n|\n|upkeep\n|\n|t:|1783548616\n|switch|p1a: Illumise|Illumise, L91, F|84/100\n|turn|25\n|inactive|Time left: 300 sec this turn | 300 sec total\n|\n|t:|1783548617\n|switch|p2a: Hatterene|Hatterene, L85, F, tera:Steel|156/236\n|move|p1a: Illumise|Roost|p1a: Illumise\n|-heal|p1a: Illumise|100/100\n|-singleturn|p1a: Illumise|move: Roost\n|\n|upkeep\n|turn|26\n|inactive|Time left: 300 sec this turn | 300 sec total\n|\n|t:|1783548617\n|move|p1a: Illumise|Bug Buzz|p2a: Hatterene\n|-resisted|p2a: Hatterene\n|-damage|p2a: Hatterene|116/236\n|move|p2a: Hatterene|Mystical Fire|p1a: Illumise\n|-supereffective|p1a: Illumise\n|-damage|p1a: Illumise|47/100\n|-unboost|p1a: Illumise|spa|1\n|\n|upkeep\n|turn|27\n|inactive|Time left: 300 sec this turn | 300 sec total\n|\n|t:|1783548618\n|move|p1a: Illumise|Roost|p1a: Illumise\n|-heal|p1a: Illumise|97/100\n|-singleturn|p1a: Illumise|move: Roost\n|move|p2a: Hatterene|Mystical Fire|p1a: Illumise\n|-supereffective|p1a: Illumise\n|-damage|p1a: Illumise|46/100\n|-unboost|p1a: Illumise|spa|1\n|\n|upkeep\n|turn|28\n|inactive|Time left: 300 sec this turn | 300 sec total\n|\n|t:|1783548619\n|move|p1a: Illumise|Roost|p1a: Illumise\n|-heal|p1a: Illumise|96/100\n|-singleturn|p1a: Illumise|move: Roost\n|move|p2a: Hatterene|Calm Mind|p2a: Hatterene\n|-boost|p2a: Hatterene|spa|1\n|-boost|p2a: Hatterene|spd|1\n|\n|upkeep\n|turn|29\n|inactive|Time left: 300 sec this turn | 300 sec total\n|\n|t:|1783548620\n|move|p1a: Illumise|Thunder Wave|p2a: Hatterene\n|move|p2a: Hatterene|Thunder Wave|p1a: Illumise|[from] ability: Magic Bounce\n|-status|p1a: Illumise|par\n|move|p2a: Hatterene|Mystical Fire|p1a: Illumise\n|-supereffective|p1a: Illumise\n|-crit|p1a: Illumise\n|-damage|p1a: Illumise|0 fnt\n|faint|p1a: Illumise\n|\n|win|p0y813e247", "uploadtime": 1783548620, "views": 0, "rating": 0, "private": 0, "password": null, "_winner": "p0y813e247", "_our_name": "p0y813e247"}