{"id": "battle-gen9randombattle-1765", "formatid": "gen9randombattle", "format": "[Gen 9] Random Battle", "players": ["p0x1765ffe4", "p0y1765b807"], "log": "|init|battle\n|title|p0x1765ffe4 vs. p0y1765b807\n|j|\u2606p0x1765ffe4\n|j|\u2606p0y1765b807\n|t:|1783560406\n|gametype|singles\n|player|p1|p0x1765ffe4|169|\n|player|p2|p0y1765b807|169|\n|gen|9\n|tier|[Gen 9] Random Battle\n|rule|Species Clause: Limit one of each Pok\u00e9mon\n|rule|HP Percentage Mod: HP is shown in percentages\n|rule|Sleep Clause Mod: Limit one foe put to sleep\n|rule|Illusion Level Mod: Illusion disguises the Pok\u00e9mon's true level\n|\n|t:|1783560406\n|teamsize|p1|6\n|teamsize|p2|6\n|start\n|switch|p1a: Ninetales|Ninetales-Alola, L78, F|100/100\n|switch|p2a: Camerupt|Camerupt, L91, F|275/275\n|-weather|Snowscape|[from] ability: Snow Warning|[of] p1a: Ninetales\n|turn|1\n|inactive|Battle timer is ON: inactive players will automatically lose when time's up. (requested by p0x1765ffe4)\n|inactive|Time left: 300 sec this turn | 300 sec total | 60 sec grace\n|inactive|p0y1765b807 also wants the timer to be on.\n|\n|t:|1783560408\n|move|p1a: Ninetales|Aurora Veil|p1a: Ninetales\n|-sidestart|p1: p0x1765ffe4|move: Aurora Veil\n|move|p2a: Camerupt|Stealth Rock|p1a: Ninetales\n|-sidestart|p1: p0x1765ffe4|move: Stealth Rock\n|\n|-weather|Snowscape|[upkeep]\n|upkeep\n|turn|2\n|inactive|Time left: 300 sec this turn | 300 sec total\n|\n|t:|1783560409\n|move|p1a: Ninetales|Blizzard|p2a: Camerupt\n|-damage|p2a: Camerupt|188/275\n|move|p2a: Camerupt|Earthquake|p1a: Ninetales\n|-damage|p1a: Ninetales|79/100\n|\n|-weather|Snowscape|[upkeep]\n|-heal|p2a: Camerupt|205/275|[from] item: Leftovers\n|upkeep\n|turn|3\n|inactive|Time left: 300 sec this turn | 300 sec total\n|\n|t:|1783560410\n|move|p1a: Ninetales|Blizzard|p2a: Camerupt\n|-damage|p2a: Camerupt|118/275\n|move|p2a: Camerupt|Earthquake|p1a: Ninetales\n|-damage|p1a: Ninetales|57/100\n|\n|-weather|Snowscape|[upkeep]\n|-heal|p2a: Camerupt|135/275|[from] item: Leftovers\n|upkeep\n|turn|4\n|inactive|Time left: 300 sec this turn | 300 sec total\n|\n|t:|1783560410\n|move|p1a: Ninetales|Freeze-Dry|p2a: Camerupt\n|-damage|p2a: Camerupt|72/275\n|move|p2a: Camerupt|Earthquake|p1a: Ninetales\n|-damage|p1a: Ninetales|35/100\n|\n|-weather|Snowscape|[upkeep]\n|-heal|p2a: Camerupt|89/275|[from] item: Leftovers\n|upkeep\n|turn|5\n|inactive|Time left: 300 sec this turn | 300 sec total\n|\n|t:|1783560411\n|move|p1a: Ninetales|Freeze-Dry|p2a: Camerupt\n|-damage|p2a: Camerupt|28/275\n|-status|p2a: Camerupt|frz\n|cant|p2a: Camerupt|frz\n|\n|-weather|none\n|-heal|p2a: Camerupt|45/275 frz|[from] item: Leftovers\n|upkeep\n|turn|6\n|inactive|Time left: 300 sec this turn | 300 sec total\n|\n|t:|1783560412\n|move|p1a: Ninetales|Freeze-Dry|p2a: Camerupt\n|-damage|p2a: Camerupt|0 fnt\n|faint|p2a: Camerupt\n|\n|upkeep\n|inactive|Time left: 300 sec this turn | 300 sec total | 5 sec grace\n|\n|t:|1783560413\n|switch|p2a: Chi-Yu|Chi-Yu, L77|211/211\n|-ability|p2a: Chi-Yu|Beads of Ruin\n|turn|7\n|inactive|Time left: 300 sec this turn | 300 sec total\n|\n|t:|1783560414\n|move|p1a: Ninetales|Moonblast|p2a: Chi-Yu\n|-damage|p2a: Chi-Yu|139/211\n|move|p2a: Chi-Yu|Flamethrower|p1a: Ninetales\n|-supereffective|p1a: Ninetales\n|-damage|p1a: Ninetales|0 fnt\n|faint|p1a: Ninetales\n|\n|upkeep\n|\n|t:|1783560415\n|switch|p1a: Wugtrio|Wugtrio, L91, F|100/100\n|-damage|p1a: Wugtrio|88/100|[from] Stealth Rock\n|turn|8\n|inactive|Time left: 300 sec this turn | 300 sec total\n|\n|t:|1783560415\n|switch|p2a: Latias|Latias, L79, F|256/256\n|move|p1a: Wugtrio|Liquidation|p2a: Latias\n|-resisted|p2a: Latias\n|-damage|p2a: Latias|176/256\n|\n|-sideend|p1: p0x1765ffe4|move: Aurora Veil\n|upkeep\n|turn|9\n|inactive|Time left: 300 sec this turn | 300 sec total\n|\n|t:|1783560416\n|move|p1a: Wugtrio|Liquidation|p2a: Latias\n|-resisted|p2a: Latias\n|-damage|p2a: Latias|95/256\n|-unboost|p2a: Latias|def|1\n|move|p2a: Latias|Psyshock|p1a: Wugtrio\n|-damage|p1a: Wugtrio|27/100\n|\n|upkeep\n|turn|10\n|inactive|Time left: 300 sec this turn | 300 sec total\n|\n|t:|1783560417\n|switch|p2a: Basculin|Basculin, L86, M|261/261\n|move|p1a: Wugtrio|Liquidation|p2a: Basculin\n|-resisted|p2a: Basculin\n|-damage|p2a: Basculin|156/261\n|\n|upkeep\n|turn|11\n|inactive|Time left: 300 sec this turn | 300 sec total\n|\n|t:|1783560418\n|move|p1a: Wugtrio|Liquidation|p2a: Basculin\n|-resisted|p2a: Basculin\n|-crit|p2a: Basculin\n|-damage|p2a: Basculin|12/261\n|move|p2a: Basculin|Flip Turn|p1a: Wugtrio\n|-resisted|p1a: Wugtrio\n|-damage|p1a: Wugtrio|0 fnt\n|-ability|p1a: Wugtrio|Gooey\n|-unboost|p2a: Basculin|spe|1\n|faint|p1a: Wugtrio\n|inactive|Time left: 300 sec this turn | 300 sec total | 5 sec grace\n|\n|t:|1783560419\n|switch|p2a: Chi-Yu|Chi-Yu, L77|139/211|[from] Flip Turn\n|-ability|p2a: Chi-Yu|Beads of Ruin\n|\n|upkeep\n|\n|t:|1783560420\n|switch|p1a: Vigoroth|Vigoroth, L85, F|100/100\n|-damage|p1a: Vigoroth|88/100|[from] Stealth Rock\n|turn|12\n|inactive|Time left: 300 sec this turn | 300 sec total\n|\n|t:|1783560421\n|move|p1a: Vigoroth|Knock Off|p2a: Chi-Yu\n|-resisted|p2a: Chi-Yu\n|-damage|p2a: Chi-Yu|104/211\n|-enditem|p2a: Chi-Yu|Choice Specs|[from] move: Knock Off|[of] p1a: Vigoroth\n|move|p2a: Chi-Yu|Overheat|p1a: Vigoroth|[miss]\n|-miss|p2a: Chi-Yu|p1a: Vigoroth\n|\n|upkeep\n|turn|13\n|inactive|Time left: 300 sec this turn | 300 sec total\n|\n|t:|1783560422\n|move|p1a: Vigoroth|Body Slam|p2a: Chi-Yu\n|-damage|p2a: Chi-Yu|4/211\n|-status|p2a: Chi-Yu|par\n|move|p2a: Chi-Yu|Flamethrower|p1a: Vigoroth\n|-damage|p1a: Vigoroth|44/100\n|\n|upkeep\n|turn|14\n|inactive|Time left: 300 sec this turn | 300 sec total\n|\n|t:|1783560423\n|move|p1a: Vigoroth|Slack Off|p1a: Vigoroth\n|-heal|p1a: Vigoroth|95/100\n|move|p2a: Chi-Yu|Flamethrower|p1a: Vigoroth\n|-damage|p1a: Vigoroth|48/100\n|\n|upkeep\n|turn|15\n|inactive|Time left: 300 sec this turn | 300 sec total\n|\n|t:|1783560424\n|move|p1a: Vigoroth|Body Slam|p2a: Chi-Yu\n|-damage|p2a: Chi-Yu|0 fnt\n|faint|p2a: Chi-Yu\n|\n|upkeep\n|inactive|Time left: 300 sec this turn | 300 sec total | 5 sec grace\n|\n|t:|1783560424\n|switch|p2a: Basculin|Basculin, L86, M|12/261\n|turn|16\n|inactive|Time left: 300 sec this turn | 300 sec total\n|\n|t:|1783560425\n|move|p2a: Basculin|Wave Crash|p1a: Vigoroth\n|-damage|p1a: Vigoroth|0 fnt\n|faint|p1a: Vigoroth\n|-damage|p2a: Basculin|0 fnt|[from] Recoil\n|faint|p2a: Basculin\n|\n|upkeep\n|inactive|Time left: 300 sec this turn | 300 sec total | 5 sec grace\n|\n|t:|1783560426\n|switch|p2a: Sandslash|Sandslash, L89, F|278/278\n|switch|p1a: Mightyena|Mightyena, L96, M|100/100\n|-damage|p1a: Mightyena|88/100|[from] Stealth Rock\n|-ability|p1a: Mightyena|Intimidate|boost\n|-unboost|p2a: Sandslash|atk|1\n|turn|17\n|inactive|Time left: 300 sec this turn | 300 sec total\n|\n|t:|1783560427\n|move|p1a: Mightyena|Throat Chop|p2a: Sandslash\n|-damage|p2a: Sandslash|152/278\n|-start|p2a: Sandslash|Throat Chop|[silent]\n|move|p2a: Sandslash|Knock Off|p1a: Mightyena\n|-resisted|p1a: Mightyena\n|-damage|p1a: Mightyena|79/100\n|-enditem|p1a: Mightyena|Choice Band|[from] move: Knock Off|[of] p2a: Sandslash\n|\n|upkeep\n|turn|18\n|inactive|Time left: 300 sec this turn | 300 sec total\n|\n|t:|1783560428\n|move|p1a: Mightyena|Throat Chop|p2a: Sandslash\n|-damage|p2a: Sandslash|62/278\n|move|p2a: Sandslash|Rapid Spin|p1a: Mightyena\n|-crit|p1a: Mightyena\n|-damage|p1a: Mightyena|57/100\n|-boost|p2a: Sandslash|spe|1\n|\n|-end|p2a: Sandslash|Throat Chop|[silent]\n|upkeep\n|turn|19\n|inactive|Time left: 300 sec this turn | 300 sec total\n|\n|t:|1783560429\n|move|p2a: Sandslash|Earthquake|p1a: Mightyena\n|-damage|p1a: Mightyena|29/100\n|move|p1a: Mightyena|Throat Chop|p2a: Sandslash\n|-damage|p2a: Sandslash|0 fnt\n|faint|p2a: Sandslash\n|\n|upkeep\n|inactive|Time left: 300 sec this turn | 300 sec total | 5 sec grace\n|\n|t:|1783560430\n|switch|p2a: Latias|Latias, L79, F|95/256\n|turn|20\n|inactive|Time left: 300 sec this turn | 300 sec total\n|\n|t:|1783560431\n|-terastallize|p2a: Latias|Steel\n|move|p2a: Latias|Recover|p2a: Latias\n|-heal|p2a: Latias|223/256\n|move|p1a: Mightyena|Throat Chop|p2a: Latias\n|-damage|p2a: Latias|117/256\n|-start|p2a: Latias|Throat Chop|[silent]\n|\n|upkeep\n|turn|21\n|inactive|Time left: 300 sec this turn | 300 sec total\n|\n|t:|1783560432\n|switch|p1a: Registeel|Registeel, L81|100/100\n|-damage|p1a: Registeel|94/100|[from] Stealth Rock\n|move|p2a: Latias|Recover|p2a: Latias\n|-heal|p2a: Latias|245/256\n|\n|-heal|p1a: Registeel|100/100|[from] item: Leftovers\n|-end|p2a: Latias|Throat Chop|[silent]\n|upkeep\n|turn|22\n|inactive|Time left: 300 sec this turn | 300 sec total\n|\n|t:|1783560433\n|move|p2a: Latias|Psyshock|p1a: Registeel\n|-resisted|p1a: Registeel\n|-damage|p1a: Registeel|87/100\n|move|p1a: Registeel|Iron Defense|p1a: Registeel\n|-boost|p1a: Registeel|def|2\n|\n|-heal|p1a: Registeel|93/100|[from] item: Leftovers\n|upkeep\n|turn|23\n|inactive|Time left: 300 sec this turn | 300 sec total\n|\n|t:|1783560434\n|switch|p2a: Ditto|Ditto, L87|225/225\n|-transform|p2a: Ditto|p1a: Registeel|[from] ability: Imposter\n|move|p1a: Registeel|Body Press|p2a: Ditto\n|-supereffective|p2a: Ditto\n|-damage|p2a: Ditto|117/225\n|\n|-heal|p1a: Registeel|99/100|[from] item: Leftovers\n|upkeep\n|turn|24\n|inactive|Time left: 300 sec this turn | 300 sec total\n|\n|t:|1783560435\n|-terastallize|p1a: Registeel|Fighting\n|move|p2a: Ditto|Thunder Wave|p1a: Registeel\n|-status|p1a: Registeel|par\n|cant|p1a: Registeel|par\n|\n|-heal|p1a: Registeel|100/100 par|[from] item: Leftovers\n|upkeep\n|turn|25\n|inactive|Time left: 300 sec this turn | 300 sec total\n|\n|t:|1783560436\n|move|p2a: Ditto|Thunder Wave|p1a: Registeel\n|-fail|p1a: Registeel|par\n|cant|p1a: Registeel|par\n|\n|upkeep\n|turn|26\n|inactive|Time left: 300 sec this turn | 300 sec total\n|\n|t:|1783560437\n|move|p2a: Ditto|Thunder Wave|p1a: Registeel\n|-fail|p1a: Registeel|par\n|move|p1a: Registeel|Body Press|p2a: Ditto\n|-supereffective|p2a: Ditto\n|-damage|p2a: Ditto|0 fnt\n|faint|p2a: Ditto\n|\n|upkeep\n|inactive|Time left: 300 sec this turn | 300 sec total | 5 sec grace\n|\n|t:|1783560437\n|switch|p2a: Latias|Latias, L79, F, tera:Steel|245/256\n|turn|27\n|inactive|Time left: 300 sec this turn | 300 sec total\n|\n|t:|1783560438\n|move|p2a: Latias|Recover|p2a: Latias\n|-heal|p2a: Latias|256/256\n|move|p1a: Registeel|Body Press|p2a: Latias\n|-supereffective|p2a: Latias\n|-damage|p2a: Latias|0 fnt\n|faint|p2a: Latias\n|\n|win|p0x1765ffe4", "uploadtime": 1783560438, "views": 0, "rating": 0, "private": 0, "password": null, "_winner": "p0x1765ffe4", "_our_name": "p0y1765b807"}