{"id": "battle-gen9randombattle-2127", "formatid": "gen9randombattle", "format": "[Gen 9] Random Battle", "players": ["p0x212751ba", "p0y2127ea12"], "log": "|init|battle\n|title|p0x212751ba vs. p0y2127ea12\n|j|\u2606p0x212751ba\n|j|\u2606p0y2127ea12\n|t:|1783563844\n|gametype|singles\n|player|p1|p0x212751ba|169|\n|player|p2|p0y2127ea12|265|\n|gen|9\n|tier|[Gen 9] Random Battle\n|rule|Species Clause: Limit one of each Pok\u00e9mon\n|rule|HP Percentage Mod: HP is shown in percentages\n|rule|Sleep Clause Mod: Limit one foe put to sleep\n|rule|Illusion Level Mod: Illusion disguises the Pok\u00e9mon's true level\n|\n|t:|1783563844\n|teamsize|p1|6\n|teamsize|p2|6\n|start\n|switch|p1a: Drifblim|Drifblim, L86, F|398/398\n|switch|p2a: Rotom|Rotom-Mow, L87|100/100\n|turn|1\n|inactive|Battle timer is ON: inactive players will automatically lose when time's up. (requested by p0x212751ba)\n|inactive|p0y2127ea12 also wants the timer to be on.\n|\n|t:|1783563845\n|switch|p1a: Slowking|Slowking-Galar, L85, F|300/300\n|move|p2a: Rotom|Nasty Plot|p2a: Rotom\n|-boost|p2a: Rotom|spa|2\n|\n|upkeep\n|turn|2\n|inactive|Time left: 300 sec this turn | 300 sec total\n|\n|t:|1783563847\n|move|p2a: Rotom|Thunderbolt|p1a: Slowking\n|-damage|p1a: Slowking|182/300\n|move|p1a: Slowking|Sludge Bomb|p2a: Rotom\n|-supereffective|p2a: Rotom\n|-damage|p2a: Rotom|18/100\n|-status|p2a: Rotom|psn\n|\n|-heal|p2a: Rotom|25/100 psn|[from] item: Leftovers\n|-damage|p2a: Rotom|12/100 psn|[from] psn\n|upkeep\n|turn|3\n|inactive|Time left: 300 sec this turn | 300 sec total\n|\n|t:|1783563848\n|move|p2a: Rotom|Thunderbolt|p1a: Slowking\n|-crit|p1a: Slowking\n|-damage|p1a: Slowking|7/300\n|move|p1a: Slowking|Psychic Noise|p2a: Rotom\n|-damage|p2a: Rotom|0 fnt\n|faint|p2a: Rotom\n|\n|upkeep\n|\n|t:|1783563849\n|switch|p2a: Basculegion|Basculegion-F, L83, F|100/100\n|turn|4\n|inactive|Time left: 300 sec this turn | 300 sec total\n|\n|t:|1783563849\n|switch|p1a: Seviper|Seviper, L93, M|287/287\n|move|p2a: Basculegion|Shadow Ball|p1a: Seviper\n|-damage|p1a: Seviper|89/287\n|\n|-heal|p1a: Seviper|106/287|[from] item: Leftovers\n|upkeep\n|turn|5\n|inactive|Time left: 300 sec this turn | 300 sec total\n|\n|t:|1783563851\n|switch|p1a: Whiscash|Whiscash, L88, F|337/337\n|move|p2a: Basculegion|Shadow Ball|p1a: Whiscash\n|-damage|p1a: Whiscash|161/337\n|\n|upkeep\n|turn|6\n|inactive|Time left: 300 sec this turn | 300 sec total\n|\n|t:|1783563852\n|move|p2a: Basculegion|Shadow Ball|p1a: Whiscash\n|-damage|p1a: Whiscash|0 fnt\n|faint|p1a: Whiscash\n|\n|upkeep\n|inactive|Time left: 300 sec this turn | 300 sec total | 5 sec grace\n|\n|t:|1783563853\n|switch|p1a: Scizor|Scizor, L79, M|240/240\n|turn|7\n|inactive|Time left: 300 sec this turn | 300 sec total\n|\n|t:|1783563854\n|move|p2a: Basculegion|Shadow Ball|p1a: Scizor\n|-damage|p1a: Scizor|58/240\n|move|p1a: Scizor|Knock Off|p2a: Basculegion\n|-supereffective|p2a: Basculegion\n|-damage|p2a: Basculegion|20/100\n|-enditem|p2a: Basculegion|Choice Specs|[from] move: Knock Off|[of] p1a: Scizor\n|\n|upkeep\n|turn|8\n|inactive|Time left: 300 sec this turn | 300 sec total\n|\n|t:|1783563855\n|switch|p1a: Slowking|Slowking-Galar, L85, F|107/300\n|move|p2a: Basculegion|Shadow Ball|p1a: Slowking\n|-supereffective|p1a: Slowking\n|-damage|p1a: Slowking|0 fnt\n|faint|p1a: Slowking\n|\n|upkeep\n|inactive|Time left: 300 sec this turn | 300 sec total | 5 sec grace\n|\n|t:|1783563856\n|switch|p1a: Moltres|Moltres, L81|278/278\n|turn|9\n|inactive|Time left: 300 sec this turn | 300 sec total\n|\n|t:|1783563857\n|switch|p2a: Volcanion|Volcanion, L79|100/100\n|move|p1a: Moltres|Brave Bird|p2a: Volcanion\n|-damage|p2a: Volcanion|62/100\n|-damage|p1a: Moltres|246/278|[from] Recoil\n|\n|upkeep\n|turn|10\n|inactive|Time left: 300 sec this turn | 300 sec total\n|\n|t:|1783563858\n|move|p1a: Moltres|Scorching Sands|p2a: Volcanion\n|-supereffective|p2a: Volcanion\n|-damage|p2a: Volcanion|31/100\n|move|p2a: Volcanion|Steam Eruption|p1a: Moltres\n|-supereffective|p1a: Moltres\n|-damage|p1a: Moltres|0 fnt\n|faint|p1a: Moltres\n|\n|upkeep\n|inactive|Time left: 300 sec this turn | 300 sec total | 5 sec grace\n|\n|t:|1783563859\n|switch|p1a: Seviper|Seviper, L93, M|106/287\n|turn|11\n|inactive|Time left: 300 sec this turn | 300 sec total\n|\n|t:|1783563860\n|move|p1a: Seviper|Earthquake|p2a: Volcanion\n|-supereffective|p2a: Volcanion\n|-damage|p2a: Volcanion|0 fnt\n|faint|p2a: Volcanion\n|\n|-heal|p1a: Seviper|123/287|[from] item: Leftovers\n|upkeep\n|\n|t:|1783563861\n|switch|p2a: Basculegion|Basculegion-F, L83, F|20/100\n|turn|12\n|inactive|Time left: 300 sec this turn | 300 sec total\n|\n|t:|1783563862\n|switch|p1a: Drifblim|Drifblim, L86, F|398/398\n|move|p2a: Basculegion|Shadow Ball|p1a: Drifblim\n|-supereffective|p1a: Drifblim\n|-damage|p1a: Drifblim|70/398\n|-unboost|p1a: Drifblim|spd|1\n|\n|upkeep\n|turn|13\n|inactive|Time left: 300 sec this turn | 300 sec total\n|\n|t:|1783563863\n|switch|p2a: Pincurchin|Pincurchin, F|100/100\n|-fieldstart|move: Electric Terrain|[from] ability: Electric Surge|[of] p2a: Pincurchin\n|move|p1a: Drifblim|Shadow Ball|p2a: Pincurchin\n|-damage|p2a: Pincurchin|74/100\n|\n|-heal|p2a: Pincurchin|80/100|[from] item: Leftovers\n|upkeep\n|turn|14\n|inactive|Time left: 300 sec this turn | 300 sec total\n|\n|t:|1783563864\n|move|p1a: Drifblim|Shadow Ball|p2a: Pincurchin\n|-damage|p2a: Pincurchin|54/100\n|-unboost|p2a: Pincurchin|spd|1\n|move|p2a: Pincurchin|Discharge|p1a: Drifblim\n|-supereffective|p1a: Drifblim\n|-damage|p1a: Drifblim|0 fnt\n|faint|p1a: Drifblim\n|\n|-heal|p2a: Pincurchin|60/100|[from] item: Leftovers\n|upkeep\n|inactive|Time left: 300 sec this turn | 300 sec total | 5 sec grace\n|\n|t:|1783563864\n|switch|p1a: Scizor|Scizor, L79, M|58/240\n|turn|15\n|inactive|Time left: 300 sec this turn | 300 sec total\n|\n|t:|1783563865\n|move|p1a: Scizor|Knock Off|p2a: Pincurchin\n|-damage|p2a: Pincurchin|24/100\n|-enditem|p2a: Pincurchin|Leftovers|[from] move: Knock Off|[of] p1a: Scizor\n|move|p2a: Pincurchin|Discharge|p1a: Scizor\n|-damage|p1a: Scizor|0 fnt\n|faint|p1a: Scizor\n|\n|upkeep\n|inactive|Time left: 300 sec this turn | 300 sec total | 5 sec grace\n|\n|t:|1783563866\n|switch|p1a: Seviper|Seviper, L93, M|123/287\n|turn|16\n|inactive|Time left: 300 sec this turn | 300 sec total\n|\n|t:|1783563867\n|switch|p2a: Terrakion|Terrakion, L79|100/100\n|move|p1a: Seviper|Gunk Shot|p2a: Terrakion|[miss]\n|-miss|p1a: Seviper|p2a: Terrakion\n|\n|-heal|p1a: Seviper|140/287|[from] item: Leftovers\n|upkeep\n|turn|17\n|inactive|Time left: 300 sec this turn | 300 sec total\n|\n|t:|1783563868\n|-terastallize|p2a: Terrakion|Fighting\n|-terastallize|p1a: Seviper|Ground\n|move|p2a: Terrakion|Close Combat|p1a: Seviper\n|-damage|p1a: Seviper|0 fnt\n|-unboost|p2a: Terrakion|def|1\n|-unboost|p2a: Terrakion|spd|1\n|faint|p1a: Seviper\n|\n|win|p0y2127ea12", "uploadtime": 1783563868, "views": 0, "rating": 0, "private": 0, "password": null, "_winner": "p0y2127ea12", "_our_name": "p0x212751ba"}