{"id": "battle-gen9randombattle-2725", "formatid": "gen9randombattle", "format": "[Gen 9] Random Battle", "players": ["p0x272584a3", "p0y27258270"], "log": "|init|battle\n|title|p0x272584a3 vs. p0y27258270\n|j|\u2606p0x272584a3\n|j|\u2606p0y27258270\n|t:|1783570397\n|gametype|singles\n|player|p1|p0x272584a3|266|\n|player|p2|p0y27258270|1|\n|gen|9\n|tier|[Gen 9] Random Battle\n|rule|Species Clause: Limit one of each Pok\u00e9mon\n|rule|HP Percentage Mod: HP is shown in percentages\n|rule|Sleep Clause Mod: Limit one foe put to sleep\n|rule|Illusion Level Mod: Illusion disguises the Pok\u00e9mon's true level\n|\n|t:|1783570397\n|teamsize|p1|6\n|teamsize|p2|6\n|start\n|switch|p1a: Landorus|Landorus-Therian, L76, M|260/260\n|switch|p2a: Lunala|Lunala, L70|100/100\n|-ability|p1a: Landorus|Intimidate|boost\n|-unboost|p2a: Lunala|atk|1\n|turn|1\n|inactive|Battle timer is ON: inactive players will automatically lose when time's up. (requested by p0x272584a3)\n|inactive|p0y27258270 also wants the timer to be on.\n|\n|t:|1783570399\n|move|p1a: Landorus|Stealth Rock|p2a: Lunala\n|-sidestart|p2: p0y27258270|move: Stealth Rock\n|move|p2a: Lunala|Moongeist Beam|p1a: Landorus\n|-damage|p1a: Landorus|146/260\n|\n|-heal|p1a: Landorus|162/260|[from] item: Leftovers\n|upkeep\n|turn|2\n|inactive|Time left: 300 sec this turn | 300 sec total\n|\n|t:|1783570400\n|move|p1a: Landorus|Stone Edge|p2a: Lunala\n|-damage|p2a: Lunala|86/100\n|move|p2a: Lunala|Moongeist Beam|p1a: Landorus\n|-damage|p1a: Landorus|53/260\n|\n|-heal|p1a: Landorus|69/260|[from] item: Leftovers\n|-heal|p2a: Lunala|92/100|[from] item: Leftovers\n|upkeep\n|turn|3\n|inactive|Time left: 300 sec this turn | 300 sec total\n|\n|t:|1783570401\n|move|p1a: Landorus|Earthquake|p2a: Lunala\n|-damage|p2a: Lunala|46/100\n|move|p2a: Lunala|Moongeist Beam|p1a: Landorus\n|-damage|p1a: Landorus|0 fnt\n|faint|p1a: Landorus\n|\n|-heal|p2a: Lunala|52/100|[from] item: Leftovers\n|upkeep\n|inactive|Time left: 300 sec this turn | 300 sec total | 5 sec grace\n|\n|t:|1783570402\n|switch|p1a: Palkia|Palkia, L75|259/259\n|-ability|p1a: Palkia|Pressure\n|turn|4\n|inactive|Time left: 300 sec this turn | 300 sec total\n|\n|t:|1783570403\n|move|p1a: Palkia|Hydro Pump|p2a: Lunala\n|-damage|p2a: Lunala|1/100\n|move|p2a: Lunala|Moongeist Beam|p1a: Palkia\n|-damage|p1a: Palkia|172/259\n|\n|-heal|p2a: Lunala|8/100|[from] item: Leftovers\n|upkeep\n|turn|5\n|inactive|Time left: 300 sec this turn | 300 sec total\n|\n|t:|1783570404\n|move|p1a: Palkia|Hydro Pump|p2a: Lunala\n|-crit|p2a: Lunala\n|-damage|p2a: Lunala|0 fnt\n|faint|p2a: Lunala\n|\n|upkeep\n|\n|t:|1783570405\n|switch|p2a: Arbok|Arbok, L87, F|100/100\n|-damage|p2a: Arbok|88/100|[from] Stealth Rock\n|-ability|p2a: Arbok|Intimidate|boost\n|-unboost|p1a: Palkia|atk|1\n|turn|6\n|inactive|Time left: 300 sec this turn | 300 sec total\n|\n|t:|1783570406\n|move|p1a: Palkia|Spacial Rend|p2a: Arbok|[miss]\n|-miss|p1a: Palkia|p2a: Arbok\n|move|p2a: Arbok|Trailblaze|p1a: Palkia\n|-crit|p1a: Palkia\n|-damage|p1a: Palkia|119/259\n|-boost|p2a: Arbok|spe|1\n|\n|-heal|p2a: Arbok|94/100|[from] item: Leftovers\n|upkeep\n|turn|7\n|inactive|Time left: 300 sec this turn | 300 sec total\n|\n|t:|1783570407\n|switch|p1a: Weezing|Weezing, L88, F|258/258\n|move|p2a: Arbok|Gunk Shot|p1a: Weezing\n|-resisted|p1a: Weezing\n|-damage|p1a: Weezing|212/258\n|\n|-heal|p2a: Arbok|100/100|[from] item: Leftovers\n|-heal|p1a: Weezing|228/258|[from] item: Leftovers\n|upkeep\n|turn|8\n|inactive|Time left: 300 sec this turn | 300 sec total\n|\n|t:|1783570409\n|move|p2a: Arbok|Coil|p2a: Arbok\n|-boost|p2a: Arbok|atk|1\n|-boost|p2a: Arbok|def|1\n|-boost|p2a: Arbok|accuracy|1\n|move|p1a: Weezing|Will-O-Wisp|p2a: Arbok\n|-status|p2a: Arbok|brn\n|\n|-heal|p1a: Weezing|244/258|[from] item: Leftovers\n|-damage|p2a: Arbok|94/100 brn|[from] brn\n|upkeep\n|turn|9\n|inactive|Time left: 300 sec this turn | 300 sec total\n|\n|t:|1783570409\n|switch|p1a: Clodsire|Clodsire, L81, M|343/343\n|move|p2a: Arbok|Coil|p2a: Arbok\n|-boost|p2a: Arbok|atk|1\n|-boost|p2a: Arbok|def|1\n|-boost|p2a: Arbok|accuracy|1\n|\n|-heal|p2a: Arbok|100/100 brn|[from] item: Leftovers\n|-damage|p2a: Arbok|94/100 brn|[from] brn\n|upkeep\n|turn|10\n|inactive|Time left: 300 sec this turn | 300 sec total\n|\n|t:|1783570410\n|move|p2a: Arbok|Trailblaze|p1a: Clodsire\n|-crit|p1a: Clodsire\n|-damage|p1a: Clodsire|309/343\n|-boost|p2a: Arbok|spe|1\n|move|p1a: Clodsire|Earthquake|p2a: Arbok\n|-supereffective|p2a: Arbok\n|-damage|p2a: Arbok|13/100 brn\n|\n|-heal|p2a: Arbok|19/100 brn|[from] item: Leftovers\n|-heal|p1a: Clodsire|330/343|[from] item: Leftovers\n|-damage|p2a: Arbok|13/100 brn|[from] brn\n|upkeep\n|turn|11\n|inactive|Time left: 300 sec this turn | 300 sec total\n|\n|t:|1783570411\n|move|p2a: Arbok|Earthquake|p1a: Clodsire\n|-supereffective|p1a: Clodsire\n|-damage|p1a: Clodsire|227/343\n|move|p1a: Clodsire|Earthquake|p2a: Arbok\n|-supereffective|p2a: Arbok\n|-damage|p2a: Arbok|0 fnt\n|faint|p2a: Arbok\n|\n|-heal|p1a: Clodsire|248/343|[from] item: Leftovers\n|upkeep\n|\n|t:|1783570412\n|switch|p2a: Rhydon|Rhydon, L85, F|100/100\n|-damage|p2a: Rhydon|95/100|[from] Stealth Rock\n|turn|12\n|inactive|Time left: 300 sec this turn | 300 sec total\n|\n|t:|1783570413\n|switch|p1a: Weezing|Weezing, L88, F|244/258\n|move|p2a: Rhydon|Swords Dance|p2a: Rhydon\n|-boost|p2a: Rhydon|atk|2\n|\n|-heal|p1a: Weezing|258/258|[from] item: Leftovers\n|upkeep\n|turn|13\n|inactive|Time left: 300 sec this turn | 300 sec total\n|\n|t:|1783570414\n|move|p1a: Weezing|Will-O-Wisp|p2a: Rhydon\n|-status|p2a: Rhydon|brn\n|move|p2a: Rhydon|Stone Edge|p1a: Weezing\n|-damage|p1a: Weezing|156/258\n|\n|-heal|p1a: Weezing|172/258|[from] item: Leftovers\n|-damage|p2a: Rhydon|89/100 brn|[from] brn\n|upkeep\n|turn|14\n|inactive|Time left: 300 sec this turn | 300 sec total\n|\n|t:|1783570415\n|move|p1a: Weezing|Pain Split|p2a: Rhydon\n|-sethp|p2a: Rhydon|71/100 brn|[from] move: Pain Split|[silent]\n|-sethp|p1a: Weezing|225/258|[from] move: Pain Split\n|move|p2a: Rhydon|Swords Dance|p2a: Rhydon\n|-boost|p2a: Rhydon|atk|2\n|\n|-heal|p1a: Weezing|241/258|[from] item: Leftovers\n|-damage|p2a: Rhydon|65/100 brn|[from] brn\n|upkeep\n|turn|15\n|inactive|Time left: 300 sec this turn | 300 sec total\n|\n|t:|1783570416\n|switch|p1a: Decidueye|Decidueye-Hisui, L87, M|295/295\n|move|p2a: Rhydon|Stone Edge|p1a: Decidueye\n|-resisted|p1a: Decidueye\n|-damage|p1a: Decidueye|187/295\n|\n|-heal|p1a: Decidueye|205/295|[from] item: Leftovers\n|-damage|p2a: Rhydon|59/100 brn|[from] brn\n|upkeep\n|turn|16\n|inactive|Time left: 300 sec this turn | 300 sec total\n|\n|t:|1783570417\n|-terastallize|p2a: Rhydon|Dragon\n|move|p1a: Decidueye|Triple Arrows|p2a: Rhydon\n|-damage|p2a: Rhydon|40/100 brn\n|move|p2a: Rhydon|Megahorn|p1a: Decidueye\n|-damage|p1a: Decidueye|31/295\n|\n|-heal|p1a: Decidueye|49/295|[from] item: Leftovers\n|-damage|p2a: Rhydon|34/100 brn|[from] brn\n|upkeep\n|turn|17\n|inactive|Time left: 300 sec this turn | 300 sec total\n|\n|t:|1783570418\n|move|p1a: Decidueye|Triple Arrows|p2a: Rhydon\n|-damage|p2a: Rhydon|14/100 brn\n|move|p2a: Rhydon|Earthquake|p1a: Decidueye\n|-resisted|p1a: Decidueye\n|-damage|p1a: Decidueye|0 fnt\n|faint|p1a: Decidueye\n|\n|-damage|p2a: Rhydon|8/100 brn|[from] brn\n|upkeep\n|inactive|Time left: 300 sec this turn | 300 sec total | 5 sec grace\n|\n|t:|1783570418\n|switch|p1a: Metagross|Metagross, L79|256/256\n|turn|18\n|inactive|Time left: 300 sec this turn | 300 sec total\n|\n|t:|1783570419\n|move|p1a: Metagross|Heavy Slam|p2a: Rhydon\n|-damage|p2a: Rhydon|0 fnt\n|faint|p2a: Rhydon\n|\n|upkeep\n|\n|t:|1783570420\n|switch|p2a: Heatran|Heatran, L79, F|100/100\n|-damage|p2a: Heatran|88/100|[from] Stealth Rock\n|-item|p2a: Heatran|Air Balloon\n|turn|19\n|inactive|Time left: 300 sec this turn | 300 sec total\n|\n|t:|1783570421\n|switch|p1a: Palkia|Palkia, L75|119/259\n|-ability|p1a: Palkia|Pressure\n|move|p2a: Heatran|Earth Power|p1a: Palkia\n|-damage|p1a: Palkia|58/259\n|\n|upkeep\n|turn|20\n|inactive|Time left: 300 sec this turn | 300 sec total\n|\n|t:|1783570422\n|switch|p2a: Tornadus|Tornadus-Therian, L79, M|100/100\n|move|p1a: Palkia|Hydro Pump|p2a: Tornadus|[miss]\n|-miss|p1a: Palkia|p2a: Tornadus\n|\n|upkeep\n|turn|21\n|inactive|Time left: 300 sec this turn | 300 sec total\n|\n|t:|1783570423\n|switch|p1a: Metagross|Metagross, L79|256/256\n|move|p2a: Tornadus|Bleakwind Storm|p1a: Metagross|[miss]\n|-miss|p2a: Tornadus|p1a: Metagross\n|\n|upkeep\n|turn|22\n|inactive|Time left: 300 sec this turn | 300 sec total\n|\n|t:|1783570424\n|move|p2a: Tornadus|Heat Wave|p1a: Metagross\n|-supereffective|p1a: Metagross\n|-damage|p1a: Metagross|126/256\n|-enditem|p1a: Metagross|Weakness Policy\n|-boost|p1a: Metagross|atk|2|[from] item: Weakness Policy\n|-boost|p1a: Metagross|spa|2|[from] item: Weakness Policy\n|move|p1a: Metagross|Heavy Slam|p2a: Tornadus\n|-damage|p2a: Tornadus|0 fnt\n|faint|p2a: Tornadus\n|\n|upkeep\n|\n|t:|1783570425\n|switch|p2a: Heatran|Heatran, L79, F|88/100\n|-damage|p2a: Heatran|76/100|[from] Stealth Rock\n|-item|p2a: Heatran|Air Balloon\n|turn|23\n|inactive|Time left: 300 sec this turn | 300 sec total\n|\n|t:|1783570426\n|-terastallize|p1a: Metagross|Ground\n|move|p2a: Heatran|Earth Power|p1a: Metagross\n|-damage|p1a: Metagross|52/256\n|move|p1a: Metagross|Psychic Fangs|p2a: Heatran\n|-resisted|p2a: Heatran\n|-damage|p2a: Heatran|40/100\n|-enditem|p2a: Heatran|Air Balloon\n|\n|upkeep\n|turn|24\n|inactive|Time left: 300 sec this turn | 300 sec total\n|\n|t:|1783570427\n|move|p2a: Heatran|Earth Power|p1a: Metagross\n|-damage|p1a: Metagross|0 fnt\n|faint|p1a: Metagross\n|\n|upkeep\n|inactive|Time left: 300 sec this turn | 300 sec total | 5 sec grace\n|\n|t:|1783570428\n|switch|p1a: Palkia|Palkia, L75|58/259\n|-ability|p1a: Palkia|Pressure\n|turn|25\n|inactive|Time left: 300 sec this turn | 300 sec total\n|\n|t:|1783570429\n|move|p1a: Palkia|Hydro Pump|p2a: Heatran|[miss]\n|-miss|p1a: Palkia|p2a: Heatran\n|move|p2a: Heatran|Earth Power|p1a: Palkia\n|-damage|p1a: Palkia|0 fnt\n|faint|p1a: Palkia\n|\n|upkeep\n|inactive|Time left: 300 sec this turn | 300 sec total | 5 sec grace\n|\n|t:|1783570430\n|switch|p1a: Clodsire|Clodsire, L81, M|248/343\n|turn|26\n|inactive|Time left: 300 sec this turn | 300 sec total\n|\n|t:|1783570431\n|move|p2a: Heatran|Earth Power|p1a: Clodsire\n|-supereffective|p1a: Clodsire\n|-damage|p1a: Clodsire|112/343\n|move|p1a: Clodsire|Earthquake|p2a: Heatran\n|-supereffective|p2a: Heatran\n|-damage|p2a: Heatran|0 fnt\n|faint|p2a: Heatran\n|\n|-heal|p1a: Clodsire|133/343|[from] item: Leftovers\n|upkeep\n|\n|t:|1783570432\n|switch|p2a: Piloswine|Piloswine, L85, F|100/100\n|-damage|p2a: Piloswine|88/100|[from] Stealth Rock\n|turn|27\n|inactive|Time left: 300 sec this turn | 300 sec total\n|\n|t:|1783570433\n|switch|p1a: Weezing|Weezing, L88, F|241/258\n|move|p2a: Piloswine|Icicle Crash|p1a: Weezing\n|-damage|p1a: Weezing|169/258\n|\n|-heal|p1a: Weezing|185/258|[from] item: Leftovers\n|upkeep\n|turn|28\n|inactive|Time left: 300 sec this turn | 300 sec total\n|\n|t:|1783570434\n|move|p1a: Weezing|Will-O-Wisp|p2a: Piloswine\n|-status|p2a: Piloswine|brn\n|move|p2a: Piloswine|Roar|p1a: Weezing\n|drag|p1a: Clodsire|Clodsire, L81, M|133/343\n|\n|-heal|p1a: Clodsire|154/343|[from] item: Leftovers\n|-damage|p2a: Piloswine|82/100 brn|[from] brn\n|upkeep\n|turn|29\n|inactive|Time left: 300 sec this turn | 300 sec total\n|\n|t:|1783570435\n|switch|p1a: Weezing|Weezing, L88, F|185/258\n|move|p2a: Piloswine|Earthquake|p1a: Weezing\n|-immune|p1a: Weezing|[from] ability: Levitate\n|\n|-heal|p1a: Weezing|201/258|[from] item: Leftovers\n|-damage|p2a: Piloswine|76/100 brn|[from] brn\n|upkeep\n|turn|30\n|inactive|Time left: 300 sec this turn | 300 sec total\n|\n|t:|1783570436\n|move|p1a: Weezing|Fire Blast|p2a: Piloswine\n|-supereffective|p2a: Piloswine\n|-damage|p2a: Piloswine|54/100 brn\n|move|p2a: Piloswine|Roar|p1a: Weezing\n|drag|p1a: Clodsire|Clodsire, L81, M|154/343\n|\n|-heal|p1a: Clodsire|175/343|[from] item: Leftovers\n|-damage|p2a: Piloswine|48/100 brn|[from] brn\n|upkeep\n|turn|31\n|inactive|Time left: 300 sec this turn | 300 sec total\n|\n|t:|1783570437\n|move|p2a: Piloswine|Icicle Crash|p1a: Clodsire\n|-supereffective|p1a: Clodsire\n|-damage|p1a: Clodsire|34/343\n|cant|p1a: Clodsire|flinch\n|\n|-heal|p1a: Clodsire|55/343|[from] item: Leftovers\n|-damage|p2a: Piloswine|42/100 brn|[from] brn\n|upkeep\n|turn|32\n|inactive|Time left: 300 sec this turn | 300 sec total\n|\n|t:|1783570438\n|move|p2a: Piloswine|Icicle Crash|p1a: Clodsire\n|-supereffective|p1a: Clodsire\n|-damage|p1a: Clodsire|0 fnt\n|faint|p1a: Clodsire\n|\n|-damage|p2a: Piloswine|35/100 brn|[from] brn\n|upkeep\n|inactive|Time left: 300 sec this turn | 300 sec total | 5 sec grace\n|\n|t:|1783570439\n|switch|p1a: Weezing|Weezing, L88, F|201/258\n|turn|33\n|inactive|Time left: 300 sec this turn | 300 sec total\n|\n|t:|1783570440\n|move|p1a: Weezing|Sludge Bomb|p2a: Piloswine\n|-resisted|p2a: Piloswine\n|-damage|p2a: Piloswine|22/100 brn\n|move|p2a: Piloswine|Icicle Crash|p1a: Weezing\n|-crit|p1a: Weezing\n|-damage|p1a: Weezing|150/258\n|\n|-heal|p1a: Weezing|166/258|[from] item: Leftovers\n|-damage|p2a: Piloswine|16/100 brn|[from] brn\n|upkeep\n|turn|34\n|inactive|Time left: 300 sec this turn | 300 sec total\n|\n|t:|1783570441\n|move|p1a: Weezing|Sludge Bomb|p2a: Piloswine\n|-resisted|p2a: Piloswine\n|-crit|p2a: Piloswine\n|-damage|p2a: Piloswine|0 fnt\n|faint|p2a: Piloswine\n|\n|win|p0x272584a3", "uploadtime": 1783570441, "views": 0, "rating": 0, "private": 0, "password": null, "_winner": "p0x272584a3", "_our_name": "p0x272584a3"}