{"id": "battle-gen9randombattle-1981", "formatid": "gen9randombattle", "format": "[Gen 9] Random Battle", "players": ["p0x1981348b", "p0y19814120"], "log": "|init|battle\n|title|p0x1981348b vs. p0y19814120\n|j|\u2606p0x1981348b\n|j|\u2606p0y19814120\n|t:|1783562931\n|gametype|singles\n|player|p1|p0x1981348b|265|\n|player|p2|p0y19814120|170|\n|gen|9\n|tier|[Gen 9] Random Battle\n|rule|Species Clause: Limit one of each Pok\u00e9mon\n|rule|HP Percentage Mod: HP is shown in percentages\n|rule|Sleep Clause Mod: Limit one foe put to sleep\n|rule|Illusion Level Mod: Illusion disguises the Pok\u00e9mon's true level\n|\n|t:|1783562931\n|teamsize|p1|6\n|teamsize|p2|6\n|start\n|switch|p1a: Sinistcha|Sinistcha-Masterpiece, L83|254/254\n|switch|p2a: Eelektross|Eelektross, L87, M|100/100\n|turn|1\n|inactive|Battle timer is ON: inactive players will automatically lose when time's up. (requested by p0y19814120)\n|inactive|Time left: 300 sec this turn | 300 sec total | 60 sec grace\n|inactive|p0x1981348b also wants the timer to be on.\n|\n|t:|1783562932\n|move|p1a: Sinistcha|Calm Mind|p1a: Sinistcha\n|-boost|p1a: Sinistcha|spa|1\n|-boost|p1a: Sinistcha|spd|1\n|move|p2a: Eelektross|Coil|p2a: Eelektross\n|-boost|p2a: Eelektross|atk|1\n|-boost|p2a: Eelektross|def|1\n|-boost|p2a: Eelektross|accuracy|1\n|\n|upkeep\n|turn|2\n|inactive|Time left: 300 sec this turn | 300 sec total\n|\n|t:|1783562934\n|move|p1a: Sinistcha|Shadow Ball|p2a: Eelektross\n|-damage|p2a: Eelektross|46/100\n|move|p2a: Eelektross|Coil|p2a: Eelektross\n|-boost|p2a: Eelektross|atk|1\n|-boost|p2a: Eelektross|def|1\n|-boost|p2a: Eelektross|accuracy|1\n|\n|-heal|p2a: Eelektross|53/100|[from] item: Leftovers\n|upkeep\n|turn|3\n|inactive|Time left: 300 sec this turn | 300 sec total\n|\n|t:|1783562935\n|move|p1a: Sinistcha|Shadow Ball|p2a: Eelektross\n|-damage|p2a: Eelektross|0 fnt\n|faint|p2a: Eelektross\n|\n|upkeep\n|\n|t:|1783562936\n|switch|p2a: Mimikyu|Mimikyu, L79, F|100/100\n|turn|4\n|inactive|Time left: 300 sec this turn | 300 sec total\n|\n|t:|1783562937\n|move|p2a: Mimikyu|Swords Dance|p2a: Mimikyu\n|-boost|p2a: Mimikyu|atk|2\n|move|p1a: Sinistcha|Shadow Ball|p2a: Mimikyu\n|-activate|p2a: Mimikyu|ability: Disguise\n|-damage|p2a: Mimikyu|100/100\n|-unboost|p2a: Mimikyu|spd|1\n|detailschange|p2a: Mimikyu|Mimikyu-Busted, L79, F\n|-damage|p2a: Mimikyu|88/100|[from] pokemon: Mimikyu-Busted\n|\n|upkeep\n|turn|5\n|inactive|Time left: 300 sec this turn | 300 sec total\n|\n|t:|1783562938\n|-terastallize|p1a: Sinistcha|Steel\n|move|p2a: Mimikyu|Shadow Claw|p1a: Sinistcha\n|-damage|p1a: Sinistcha|105/254\n|-damage|p2a: Mimikyu|78/100|[from] item: Life Orb\n|move|p1a: Sinistcha|Shadow Ball|p2a: Mimikyu\n|-supereffective|p2a: Mimikyu\n|-crit|p2a: Mimikyu\n|-damage|p2a: Mimikyu|0 fnt\n|faint|p2a: Mimikyu\n|\n|-heal|p1a: Sinistcha|120/254|[from] item: Leftovers\n|upkeep\n|\n|t:|1783562939\n|switch|p2a: Zacian|Zacian-Crowned, L64|100/100\n|-ability|p2a: Zacian|Intrepid Sword|boost\n|-boost|p2a: Zacian|atk|1\n|turn|6\n|inactive|Time left: 300 sec this turn | 300 sec total\n|\n|t:|1783562940\n|move|p2a: Zacian|Close Combat|p1a: Sinistcha\n|-supereffective|p1a: Sinistcha\n|-damage|p1a: Sinistcha|0 fnt\n|-unboost|p2a: Zacian|def|1\n|-unboost|p2a: Zacian|spd|1\n|faint|p1a: Sinistcha\n|\n|upkeep\n|inactive|Time left: 300 sec this turn | 300 sec total | 5 sec grace\n|\n|t:|1783562941\n|switch|p1a: Ambipom|Ambipom, L84, F|263/263\n|turn|7\n|inactive|Time left: 300 sec this turn | 300 sec total\n|\n|t:|1783562942\n|move|p1a: Ambipom|Fake Out|p2a: Zacian\n|-resisted|p2a: Zacian\n|-damage|p2a: Zacian|74/100\n|cant|p2a: Zacian|flinch\n|\n|upkeep\n|turn|8\n|inactive|Time left: 300 sec this turn | 300 sec total\n|\n|t:|1783562943\n|move|p1a: Ambipom|Low Kick|p2a: Zacian\n|-crit|p2a: Zacian\n|-damage|p2a: Zacian|0 fnt\n|faint|p2a: Zacian\n|\n|upkeep\n|\n|t:|1783562944\n|switch|p2a: Ceruledge|Ceruledge, L78, F|100/100\n|turn|9\n|inactive|Time left: 300 sec this turn | 300 sec total\n|\n|t:|1783562945\n|switch|p1a: Kleavor|Kleavor, L78, F|237/237\n|move|p2a: Ceruledge|Swords Dance|p2a: Ceruledge\n|-boost|p2a: Ceruledge|atk|2\n|\n|upkeep\n|turn|10\n|inactive|Time left: 300 sec this turn | 300 sec total\n|\n|t:|1783562946\n|-terastallize|p2a: Ceruledge|Fighting\n|move|p1a: Kleavor|Stone Axe|p2a: Ceruledge\n|-resisted|p2a: Ceruledge\n|-damage|p2a: Ceruledge|73/100\n|-ability|p2a: Ceruledge|Weak Armor|boost\n|-unboost|p2a: Ceruledge|def|1\n|-boost|p2a: Ceruledge|spe|2\n|-sidestart|p2: p0y19814120|move: Stealth Rock\n|move|p2a: Ceruledge|Bitter Blade|p1a: Kleavor\n|-damage|p1a: Kleavor|14/237\n|-heal|p2a: Ceruledge|100/100|[from] drain|[of] p1a: Kleavor\n|\n|upkeep\n|turn|11\n|inactive|Time left: 300 sec this turn | 300 sec total\n|\n|t:|1783562947\n|move|p2a: Ceruledge|Bitter Blade|p1a: Kleavor\n|-crit|p1a: Kleavor\n|-damage|p1a: Kleavor|0 fnt\n|faint|p1a: Kleavor\n|\n|upkeep\n|inactive|Time left: 300 sec this turn | 300 sec total | 5 sec grace\n|\n|t:|1783562948\n|switch|p1a: Ambipom|Ambipom, L84, F|263/263\n|turn|12\n|inactive|Time left: 300 sec this turn | 300 sec total\n|\n|t:|1783562949\n|move|p1a: Ambipom|Fake Out|p2a: Ceruledge\n|-damage|p2a: Ceruledge|43/100\n|-ability|p2a: Ceruledge|Weak Armor|boost\n|-unboost|p2a: Ceruledge|def|1\n|-boost|p2a: Ceruledge|spe|2\n|cant|p2a: Ceruledge|flinch\n|\n|upkeep\n|turn|13\n|inactive|Time left: 300 sec this turn | 300 sec total\n|\n|t:|1783562950\n|switch|p1a: Hydreigon|Hydreigon, L79, F|275/275\n|move|p2a: Ceruledge|Close Combat|p1a: Hydreigon\n|-supereffective|p1a: Hydreigon\n|-damage|p1a: Hydreigon|0 fnt\n|-unboost|p2a: Ceruledge|def|1\n|-unboost|p2a: Ceruledge|spd|1\n|faint|p1a: Hydreigon\n|\n|upkeep\n|inactive|Time left: 300 sec this turn | 300 sec total | 5 sec grace\n|\n|t:|1783562951\n|switch|p1a: Ambipom|Ambipom, L84, F|263/263\n|turn|14\n|inactive|Time left: 300 sec this turn | 300 sec total\n|\n|t:|1783562952\n|switch|p2a: Mesprit|Mesprit, L85|100/100\n|-damage|p2a: Mesprit|88/100|[from] Stealth Rock\n|move|p1a: Ambipom|Fake Out|p2a: Mesprit\n|-damage|p2a: Mesprit|62/100\n|\n|upkeep\n|turn|15\n|inactive|Time left: 300 sec this turn | 300 sec total\n|\n|t:|1783562953\n|move|p2a: Mesprit|Psychic|p1a: Ambipom\n|-damage|p1a: Ambipom|139/263\n|move|p1a: Ambipom|Knock Off|p2a: Mesprit\n|-supereffective|p2a: Mesprit\n|-damage|p2a: Mesprit|18/100\n|-enditem|p2a: Mesprit|Choice Scarf|[from] move: Knock Off|[of] p1a: Ambipom\n|\n|upkeep\n|turn|16\n|inactive|Time left: 300 sec this turn | 300 sec total\n|\n|t:|1783562954\n|move|p1a: Ambipom|Double-Edge|p2a: Mesprit\n|-damage|p2a: Mesprit|0 fnt\n|faint|p2a: Mesprit\n|-damage|p1a: Ambipom|123/263|[from] Recoil\n|\n|upkeep\n|\n|t:|1783562955\n|switch|p2a: Illumise|Illumise, L91, F|100/100\n|turn|17\n|inactive|Time left: 300 sec this turn | 300 sec total\n|\n|t:|1783562957\n|switch|p1a: Chi-Yu|Chi-Yu, L77|211/211\n|-ability|p1a: Chi-Yu|Beads of Ruin\n|move|p2a: Illumise|Bug Buzz|p1a: Chi-Yu\n|-damage|p1a: Chi-Yu|138/211\n|\n|upkeep\n|turn|18\n|inactive|Time left: 300 sec this turn | 300 sec total\n|\n|t:|1783562958\n|move|p2a: Illumise|Bug Buzz|p1a: Chi-Yu\n|-damage|p1a: Chi-Yu|56/211\n|move|p1a: Chi-Yu|Fire Blast|p2a: Illumise\n|-supereffective|p2a: Illumise\n|-damage|p2a: Illumise|0 fnt\n|faint|p2a: Illumise\n|\n|upkeep\n|\n|t:|1783562958\n|switch|p2a: Ceruledge|Ceruledge, L78, F, tera:Fighting|43/100\n|turn|19\n|inactive|Time left: 300 sec this turn | 300 sec total\n|\n|t:|1783562959\n|move|p1a: Chi-Yu|Fire Blast|p2a: Ceruledge\n|-damage|p2a: Ceruledge|0 fnt\n|faint|p2a: Ceruledge\n|\n|win|p0x1981348b", "uploadtime": 1783562959, "views": 0, "rating": 0, "private": 0, "password": null, "_winner": "p0x1981348b", "_our_name": "p0x1981348b"}