{"id": "battle-gen9randombattle-2664", "formatid": "gen9randombattle", "format": "[Gen 9] Random Battle", "players": ["p0x26643cf8", "p0y2664601b"], "log": "|init|battle\n|title|p0x26643cf8 vs. p0y2664601b\n|j|\u2606p0x26643cf8\n|j|\u2606p0y2664601b\n|t:|1783570738\n|gametype|singles\n|player|p1|p0x26643cf8|266|\n|player|p2|p0y2664601b|2|\n|gen|9\n|tier|[Gen 9] Random Battle\n|rule|Species Clause: Limit one of each Pok\u00e9mon\n|rule|HP Percentage Mod: HP is shown in percentages\n|rule|Sleep Clause Mod: Limit one foe put to sleep\n|rule|Illusion Level Mod: Illusion disguises the Pok\u00e9mon's true level\n|\n|t:|1783570738\n|teamsize|p1|6\n|teamsize|p2|6\n|start\n|switch|p1a: Quagsire|Quagsire, L84, F|100/100\n|switch|p2a: Oricorio|Oricorio-Pom-Pom, L82, M|257/257\n|turn|1\n|inactive|Battle timer is ON: inactive players will automatically lose when time's up. (requested by p0y2664601b)\n|inactive|p0x26643cf8 also wants the timer to be on.\n|\n|t:|1783570740\n|switch|p1a: Conkeldurr|Conkeldurr, L80, M|100/100\n|move|p2a: Oricorio|Quiver Dance|p2a: Oricorio\n|-boost|p2a: Oricorio|spa|1\n|-boost|p2a: Oricorio|spd|1\n|-boost|p2a: Oricorio|spe|1\n|\n|-status|p1a: Conkeldurr|brn|[from] item: Flame Orb\n|upkeep\n|turn|2\n|inactive|Time left: 300 sec this turn | 300 sec total\n|\n|t:|1783570741\n|-terastallize|p1a: Conkeldurr|Normal\n|move|p2a: Oricorio|Hurricane|p1a: Conkeldurr\n|-damage|p1a: Conkeldurr|29/100 brn\n|move|p1a: Conkeldurr|Facade|p2a: Oricorio\n|-damage|p2a: Oricorio|0 fnt\n|faint|p2a: Oricorio\n|\n|-damage|p1a: Conkeldurr|23/100 brn|[from] brn\n|upkeep\n|inactive|Time left: 300 sec this turn | 300 sec total | 5 sec grace\n|\n|t:|1783570742\n|switch|p2a: Gumshoos|Gumshoos, L95, M|321/321\n|turn|3\n|inactive|Time left: 300 sec this turn | 300 sec total\n|\n|t:|1783570744\n|move|p1a: Conkeldurr|Mach Punch|p2a: Gumshoos\n|-supereffective|p2a: Gumshoos\n|-damage|p2a: Gumshoos|147/321\n|move|p2a: Gumshoos|Knock Off|p1a: Conkeldurr\n|-damage|p1a: Conkeldurr|0 fnt\n|-enditem|p1a: Conkeldurr|Flame Orb|[from] move: Knock Off|[of] p2a: Gumshoos\n|faint|p1a: Conkeldurr\n|\n|upkeep\n|\n|t:|1783570744\n|switch|p1a: Annihilape|Annihilape, L76, M|100/100\n|turn|4\n|inactive|Time left: 300 sec this turn | 300 sec total\n|\n|t:|1783570746\n|move|p1a: Annihilape|Drain Punch|p2a: Gumshoos\n|-supereffective|p2a: Gumshoos\n|-damage|p2a: Gumshoos|0 fnt\n|faint|p2a: Gumshoos\n|\n|upkeep\n|inactive|Time left: 300 sec this turn | 300 sec total | 5 sec grace\n|\n|t:|1783570747\n|switch|p2a: Sawsbuck|Sawsbuck-Summer, L88, M|284/284\n|turn|5\n|inactive|Time left: 300 sec this turn | 300 sec total\n|\n|t:|1783570748\n|move|p2a: Sawsbuck|Swords Dance|p2a: Sawsbuck\n|-boost|p2a: Sawsbuck|atk|2\n|move|p1a: Annihilape|Bulk Up|p1a: Annihilape\n|-boost|p1a: Annihilape|atk|1\n|-boost|p1a: Annihilape|def|1\n|\n|upkeep\n|turn|6\n|inactive|Time left: 300 sec this turn | 300 sec total\n|\n|t:|1783570749\n|-terastallize|p2a: Sawsbuck|Ground\n|move|p2a: Sawsbuck|High Horsepower|p1a: Annihilape\n|-crit|p1a: Annihilape\n|-damage|p1a: Annihilape|0 fnt\n|faint|p1a: Annihilape\n|-damage|p2a: Sawsbuck|256/284|[from] item: Life Orb\n|\n|upkeep\n|\n|t:|1783570750\n|switch|p1a: Vespiquen|Vespiquen, L99, F|100/100\n|-ability|p1a: Vespiquen|Pressure\n|turn|7\n|inactive|Time left: 300 sec this turn | 300 sec total\n|\n|t:|1783570751\n|move|p2a: Sawsbuck|Double-Edge|p1a: Vespiquen\n|-damage|p1a: Vespiquen|11/100\n|-damage|p2a: Sawsbuck|167/284|[from] Recoil\n|-damage|p2a: Sawsbuck|139/284|[from] item: Life Orb\n|move|p1a: Vespiquen|Hurricane|p2a: Sawsbuck\n|-damage|p2a: Sawsbuck|0 fnt\n|faint|p2a: Sawsbuck\n|\n|upkeep\n|inactive|Time left: 300 sec this turn | 300 sec total | 5 sec grace\n|\n|t:|1783570752\n|switch|p2a: Chien-Pao|Chien-Pao, L72|234/234\n|-ability|p2a: Chien-Pao|Sword of Ruin\n|turn|8\n|inactive|Time left: 300 sec this turn | 300 sec total\n|\n|t:|1783570753\n|switch|p1a: Wigglytuff|Wigglytuff, L96, F|100/100\n|move|p2a: Chien-Pao|Icicle Crash|p1a: Wigglytuff|[miss]\n|-miss|p2a: Chien-Pao|p1a: Wigglytuff\n|\n|upkeep\n|turn|9\n|inactive|Time left: 300 sec this turn | 300 sec total\n|\n|t:|1783570754\n|move|p2a: Chien-Pao|Icicle Crash|p1a: Wigglytuff\n|-damage|p1a: Wigglytuff|46/100\n|move|p1a: Wigglytuff|Alluring Voice|p2a: Chien-Pao\n|-supereffective|p2a: Chien-Pao\n|-damage|p2a: Chien-Pao|0 fnt\n|faint|p2a: Chien-Pao\n|\n|-heal|p1a: Wigglytuff|52/100|[from] item: Leftovers\n|upkeep\n|inactive|Time left: 300 sec this turn | 300 sec total | 5 sec grace\n|\n|t:|1783570755\n|switch|p2a: Gogoat|Gogoat, L88, F|360/360\n|turn|10\n|inactive|Time left: 300 sec this turn | 300 sec total\n|\n|t:|1783570755\n|move|p2a: Gogoat|Bulk Up|p2a: Gogoat\n|-boost|p2a: Gogoat|atk|1\n|-boost|p2a: Gogoat|def|1\n|move|p1a: Wigglytuff|Wish|p1a: Wigglytuff\n|\n|-heal|p1a: Wigglytuff|58/100|[from] item: Leftovers\n|upkeep\n|turn|11\n|inactive|Time left: 300 sec this turn | 300 sec total\n|\n|t:|1783570756\n|switch|p1a: Vespiquen|Vespiquen, L99, F|11/100\n|-ability|p1a: Vespiquen|Pressure\n|move|p2a: Gogoat|Bulk Up|p2a: Gogoat\n|-boost|p2a: Gogoat|atk|1\n|-boost|p2a: Gogoat|def|1\n|\n|-heal|p1a: Vespiquen|81/100|[from] move: Wish|[wisher] Wigglytuff\n|upkeep\n|turn|12\n|inactive|Time left: 300 sec this turn | 300 sec total\n|\n|t:|1783570757\n|move|p2a: Gogoat|Bulk Up|p2a: Gogoat\n|-boost|p2a: Gogoat|atk|1\n|-boost|p2a: Gogoat|def|1\n|move|p1a: Vespiquen|Hurricane|p2a: Gogoat\n|-supereffective|p2a: Gogoat\n|-damage|p2a: Gogoat|72/360\n|-start|p2a: Gogoat|confusion\n|\n|-heal|p2a: Gogoat|94/360|[from] item: Leftovers\n|upkeep\n|turn|13\n|inactive|Time left: 300 sec this turn | 300 sec total\n|\n|t:|1783570758\n|-activate|p2a: Gogoat|confusion\n|move|p2a: Gogoat|Milk Drink|p2a: Gogoat\n|-heal|p2a: Gogoat|274/360\n|move|p1a: Vespiquen|Hurricane|p2a: Gogoat\n|-supereffective|p2a: Gogoat\n|-damage|p2a: Gogoat|10/360\n|\n|-heal|p2a: Gogoat|32/360|[from] item: Leftovers\n|upkeep\n|turn|14\n|inactive|Time left: 300 sec this turn | 300 sec total\n|\n|t:|1783570759\n|-activate|p2a: Gogoat|confusion\n|move|p2a: Gogoat|Milk Drink|p2a: Gogoat\n|-heal|p2a: Gogoat|212/360\n|move|p1a: Vespiquen|Hurricane|p2a: Gogoat|[miss]\n|-miss|p1a: Vespiquen|p2a: Gogoat\n|\n|-heal|p2a: Gogoat|234/360|[from] item: Leftovers\n|upkeep\n|turn|15\n|inactive|Time left: 300 sec this turn | 300 sec total\n|\n|t:|1783570760\n|-end|p2a: Gogoat|confusion\n|move|p2a: Gogoat|Milk Drink|p2a: Gogoat\n|-heal|p2a: Gogoat|360/360\n|move|p1a: Vespiquen|Hurricane|p2a: Gogoat|[miss]\n|-miss|p1a: Vespiquen|p2a: Gogoat\n|\n|upkeep\n|turn|16\n|inactive|Time left: 300 sec this turn | 300 sec total\n|\n|t:|1783570761\n|move|p2a: Gogoat|Bulk Up|p2a: Gogoat\n|-boost|p2a: Gogoat|atk|1\n|-boost|p2a: Gogoat|def|1\n|move|p1a: Vespiquen|Hurricane|p2a: Gogoat\n|-supereffective|p2a: Gogoat\n|-damage|p2a: Gogoat|94/360\n|\n|-heal|p2a: Gogoat|116/360|[from] item: Leftovers\n|upkeep\n|turn|17\n|inactive|Time left: 300 sec this turn | 300 sec total\n|\n|t:|1783570762\n|move|p2a: Gogoat|Milk Drink|p2a: Gogoat\n|-heal|p2a: Gogoat|296/360\n|move|p1a: Vespiquen|Hurricane|p2a: Gogoat\n|-supereffective|p2a: Gogoat\n|-damage|p2a: Gogoat|8/360\n|\n|-heal|p2a: Gogoat|30/360|[from] item: Leftovers\n|upkeep\n|turn|18\n|inactive|Time left: 300 sec this turn | 300 sec total\n|\n|t:|1783570763\n|move|p2a: Gogoat|Milk Drink|p2a: Gogoat\n|-heal|p2a: Gogoat|210/360\n|move|p1a: Vespiquen|U-turn|p2a: Gogoat\n|-supereffective|p2a: Gogoat\n|-damage|p2a: Gogoat|132/360\n|\n|t:|1783570764\n|switch|p1a: Wigglytuff|Wigglytuff, L96, F|58/100|[from] U-turn\n|\n|-heal|p2a: Gogoat|154/360|[from] item: Leftovers\n|-heal|p1a: Wigglytuff|64/100|[from] item: Leftovers\n|upkeep\n|turn|19\n|inactive|Time left: 300 sec this turn | 300 sec total\n|\n|t:|1783570765\n|switch|p1a: Vespiquen|Vespiquen, L99, F|81/100\n|-ability|p1a: Vespiquen|Pressure\n|move|p2a: Gogoat|Milk Drink|p2a: Gogoat\n|-heal|p2a: Gogoat|334/360\n|\n|-heal|p2a: Gogoat|356/360|[from] item: Leftovers\n|upkeep\n|turn|20\n|inactive|Time left: 300 sec this turn | 300 sec total\n|\n|t:|1783570766\n|move|p2a: Gogoat|Horn Leech|p1a: Vespiquen\n|-resisted|p1a: Vespiquen\n|-damage|p1a: Vespiquen|64/100\n|-heal|p2a: Gogoat|360/360|[from] drain|[of] p1a: Vespiquen\n|move|p1a: Vespiquen|Hurricane|p2a: Gogoat\n|-supereffective|p2a: Gogoat\n|-damage|p2a: Gogoat|84/360\n|\n|-heal|p2a: Gogoat|106/360|[from] item: Leftovers\n|upkeep\n|turn|21\n|inactive|Time left: 300 sec this turn | 300 sec total\n|\n|t:|1783570767\n|move|p2a: Gogoat|Milk Drink|p2a: Gogoat\n|-heal|p2a: Gogoat|286/360\n|move|p1a: Vespiquen|Hurricane|p2a: Gogoat\n|-supereffective|p2a: Gogoat\n|-damage|p2a: Gogoat|16/360\n|-start|p2a: Gogoat|confusion\n|\n|-heal|p2a: Gogoat|38/360|[from] item: Leftovers\n|upkeep\n|turn|22\n|inactive|Time left: 300 sec this turn | 300 sec total\n|\n|t:|1783570768\n|-activate|p2a: Gogoat|confusion\n|move|p2a: Gogoat|Milk Drink|p2a: Gogoat\n|-heal|p2a: Gogoat|218/360\n|move|p1a: Vespiquen|U-turn|p2a: Gogoat\n|-supereffective|p2a: Gogoat\n|-damage|p2a: Gogoat|150/360\n|\n|t:|1783570769\n|switch|p1a: Wigglytuff|Wigglytuff, L96, F|64/100|[from] U-turn\n|\n|-heal|p2a: Gogoat|172/360|[from] item: Leftovers\n|-heal|p1a: Wigglytuff|71/100|[from] item: Leftovers\n|upkeep\n|turn|23\n|inactive|Time left: 300 sec this turn | 300 sec total\n|\n|t:|1783570769\n|switch|p1a: Vespiquen|Vespiquen, L99, F|64/100\n|-ability|p1a: Vespiquen|Pressure\n|-end|p2a: Gogoat|confusion\n|move|p2a: Gogoat|Horn Leech|p1a: Vespiquen\n|-resisted|p1a: Vespiquen\n|-damage|p1a: Vespiquen|47/100\n|-heal|p2a: Gogoat|198/360|[from] drain|[of] p1a: Vespiquen\n|\n|-heal|p2a: Gogoat|220/360|[from] item: Leftovers\n|upkeep\n|turn|24\n|inactive|Time left: 300 sec this turn | 300 sec total\n|\n|t:|1783570770\n|move|p2a: Gogoat|Horn Leech|p1a: Vespiquen\n|-resisted|p1a: Vespiquen\n|-damage|p1a: Vespiquen|29/100\n|-heal|p2a: Gogoat|247/360|[from] drain|[of] p1a: Vespiquen\n|move|p1a: Vespiquen|Hurricane|p2a: Gogoat\n|-supereffective|p2a: Gogoat\n|-damage|p2a: Gogoat|0 fnt\n|faint|p2a: Gogoat\n|\n|upkeep\n|inactive|Time left: 300 sec this turn | 300 sec total | 5 sec grace\n|\n|t:|1783570771\n|switch|p2a: Dachsbun|Dachsbun, L92, F|254/254\n|turn|25\n|inactive|Time left: 300 sec this turn | 300 sec total\n|\n|t:|1783570772\n|move|p2a: Dachsbun|Play Rough|p1a: Vespiquen\n|-damage|p1a: Vespiquen|5/100\n|move|p1a: Vespiquen|Roost|p1a: Vespiquen\n|-heal|p1a: Vespiquen|55/100\n|-singleturn|p1a: Vespiquen|move: Roost\n|\n|upkeep\n|turn|26\n|inactive|Time left: 300 sec this turn | 300 sec total\n|\n|t:|1783570773\n|move|p2a: Dachsbun|Yawn|p1a: Vespiquen\n|-start|p1a: Vespiquen|move: Yawn|[of] p2a: Dachsbun\n|move|p1a: Vespiquen|Roost|p1a: Vespiquen\n|-heal|p1a: Vespiquen|100/100\n|-singleturn|p1a: Vespiquen|move: Roost\n|\n|upkeep\n|turn|27\n|inactive|Time left: 300 sec this turn | 300 sec total\n|\n|t:|1783570774\n|move|p2a: Dachsbun|Play Rough|p1a: Vespiquen|[miss]\n|-miss|p2a: Dachsbun|p1a: Vespiquen\n|move|p1a: Vespiquen|Toxic|p2a: Dachsbun\n|-status|p2a: Dachsbun|tox\n|\n|-damage|p2a: Dachsbun|239/254 tox|[from] psn\n|-end|p1a: Vespiquen|move: Yawn|[silent]\n|-status|p1a: Vespiquen|slp\n|upkeep\n|turn|28\n|inactive|Time left: 300 sec this turn | 300 sec total\n|\n|t:|1783570775\n|switch|p1a: Veluza|Veluza, L85, F|100/100\n|move|p2a: Dachsbun|Play Rough|p1a: Veluza\n|-damage|p1a: Veluza|60/100\n|\n|-heal|p2a: Dachsbun|254/254 tox|[from] item: Leftovers\n|-damage|p2a: Dachsbun|224/254 tox|[from] psn\n|upkeep\n|turn|29\n|inactive|Time left: 300 sec this turn | 300 sec total\n|\n|t:|1783570776\n|move|p2a: Dachsbun|Wish|p2a: Dachsbun\n|move|p1a: Veluza|Psycho Cut|p2a: Dachsbun\n|-damage|p2a: Dachsbun|139/254 tox\n|\n|-heal|p2a: Dachsbun|154/254 tox|[from] item: Leftovers\n|-damage|p2a: Dachsbun|109/254 tox|[from] psn\n|upkeep\n|turn|30\n|inactive|Time left: 300 sec this turn | 300 sec total\n|\n|t:|1783570777\n|move|p2a: Dachsbun|Protect|p2a: Dachsbun\n|-singleturn|p2a: Dachsbun|Protect\n|move|p1a: Veluza|Aqua Cutter|p2a: Dachsbun\n|-activate|p2a: Dachsbun|move: Protect\n|\n|-heal|p2a: Dachsbun|236/254 tox|[from] move: Wish|[wisher] Dachsbun\n|-heal|p2a: Dachsbun|251/254 tox|[from] item: Leftovers\n|-damage|p2a: Dachsbun|191/254 tox|[from] psn\n|upkeep\n|turn|31\n|inactive|Time left: 300 sec this turn | 300 sec total\n|\n|t:|1783570778\n|move|p2a: Dachsbun|Wish|p2a: Dachsbun\n|move|p1a: Veluza|Psycho Cut|p2a: Dachsbun\n|-damage|p2a: Dachsbun|109/254 tox\n|\n|-heal|p2a: Dachsbun|124/254 tox|[from] item: Leftovers\n|-damage|p2a: Dachsbun|49/254 tox|[from] psn\n|upkeep\n|turn|32\n|inactive|Time left: 300 sec this turn | 300 sec total\n|\n|t:|1783570779\n|switch|p1a: Vespiquen|Vespiquen, L99, F|100/100 slp\n|-ability|p1a: Vespiquen|Pressure\n|move|p2a: Dachsbun|Play Rough|p1a: Vespiquen\n|-damage|p1a: Vespiquen|75/100 slp\n|\n|-heal|p2a: Dachsbun|176/254 tox|[from] move: Wish|[wisher] Dachsbun\n|-heal|p2a: Dachsbun|191/254 tox|[from] item: Leftovers\n|-damage|p2a: Dachsbun|101/254 tox|[from] psn\n|upkeep\n|turn|33\n|inactive|Time left: 300 sec this turn | 300 sec total\n|\n|t:|1783570779\n|move|p2a: Dachsbun|Yawn||[still]\n|-fail|p2a: Dachsbun\n|cant|p1a: Vespiquen|slp\n|\n|-heal|p2a: Dachsbun|116/254 tox|[from] item: Leftovers\n|-damage|p2a: Dachsbun|11/254 tox|[from] psn\n|upkeep\n|turn|34\n|inactive|Time left: 300 sec this turn | 300 sec total\n|\n|t:|1783570780\n|switch|p1a: Quagsire|Quagsire, L84, F|100/100\n|move|p2a: Dachsbun|Yawn|p1a: Quagsire\n|-start|p1a: Quagsire|move: Yawn|[of] p2a: Dachsbun\n|\n|-heal|p2a: Dachsbun|26/254 tox|[from] item: Leftovers\n|-damage|p2a: Dachsbun|0 fnt|[from] psn\n|faint|p2a: Dachsbun\n|\n|win|p0x26643cf8", "uploadtime": 1783570780, "views": 0, "rating": 0, "private": 0, "password": null, "_winner": "p0x26643cf8", "_our_name": "p0y2664601b"}