{"id": "battle-gen9randombattle-1175", "formatid": "gen9randombattle", "format": "[Gen 9] Random Battle", "players": ["p0x1175ee3c", "p0y117518d8"], "log": "|init|battle\n|title|p0x1175ee3c vs. p0y117518d8\n|j|\u2606p0x1175ee3c\n|j|\u2606p0y117518d8\n|t:|1783553621\n|gametype|singles\n|player|p1|p0x1175ee3c|1|\n|player|p2|p0y117518d8|266|\n|gen|9\n|tier|[Gen 9] Random Battle\n|rule|Species Clause: Limit one of each Pok\u00e9mon\n|rule|HP Percentage Mod: HP is shown in percentages\n|rule|Sleep Clause Mod: Limit one foe put to sleep\n|rule|Illusion Level Mod: Illusion disguises the Pok\u00e9mon's true level\n|\n|t:|1783553621\n|teamsize|p1|6\n|teamsize|p2|6\n|start\n|switch|p1a: Salamence|Salamence, L77, F|273/273\n|switch|p2a: Tsareena|Tsareena, L87, F|100/100\n|turn|1\n|inactive|Battle timer is ON: inactive players will automatically lose when time's up. (requested by p0y117518d8)\n|inactive|Time left: 300 sec this turn | 300 sec total | 60 sec grace\n|inactive|p0x1175ee3c also wants the timer to be on.\n|\n|t:|1783553622\n|switch|p2a: Chien-Pao|Chien-Pao, L72|100/100\n|-ability|p2a: Chien-Pao|Sword of Ruin\n|move|p1a: Salamence|Dragon Dance|p1a: Salamence\n|-boost|p1a: Salamence|atk|1\n|-boost|p1a: Salamence|spe|1\n|\n|upkeep\n|turn|2\n|inactive|Time left: 300 sec this turn | 300 sec total\n|\n|t:|1783553623\n|-terastallize|p1a: Salamence|Dragon\n|move|p2a: Chien-Pao|Ice Shard|p1a: Salamence\n|-supereffective|p1a: Salamence\n|-crit|p1a: Salamence\n|-damage|p1a: Salamence|15/273\n|move|p1a: Salamence|Outrage|p2a: Chien-Pao\n|-damage|p2a: Chien-Pao|0 fnt\n|faint|p2a: Chien-Pao\n|-ability|p1a: Salamence|Moxie|boost\n|-boost|p1a: Salamence|atk|1\n|\n|upkeep\n|\n|t:|1783553624\n|switch|p2a: Skuntank|Skuntank, L84, M|100/100\n|turn|3\n|inactive|Time left: 300 sec this turn | 300 sec total\n|\n|t:|1783553625\n|move|p2a: Skuntank|Sucker Punch|p1a: Salamence\n|-damage|p1a: Salamence|0 fnt\n|faint|p1a: Salamence\n|-damage|p2a: Skuntank|90/100|[from] item: Life Orb\n|\n|upkeep\n|inactive|Time left: 300 sec this turn | 300 sec total | 5 sec grace\n|\n|t:|1783553626\n|switch|p1a: Masquerain|Masquerain, L87, F|264/264\n|-ability|p1a: Masquerain|Intimidate|boost\n|-unboost|p2a: Skuntank|atk|1\n|turn|4\n|inactive|Time left: 300 sec this turn | 300 sec total\n|\n|t:|1783553627\n|move|p2a: Skuntank|Knock Off|p1a: Masquerain\n|-damage|p1a: Masquerain|155/264\n|-enditem|p1a: Masquerain|Heavy-Duty Boots|[from] move: Knock Off|[of] p2a: Skuntank\n|-damage|p2a: Skuntank|80/100|[from] item: Life Orb\n|move|p1a: Masquerain|Sticky Web|p2a: Skuntank\n|-sidestart|p2: p0y117518d8|move: Sticky Web\n|\n|upkeep\n|turn|5\n|inactive|Time left: 300 sec this turn | 300 sec total\n|\n|t:|1783553628\n|move|p1a: Masquerain|Bug Buzz|p2a: Skuntank\n|-damage|p2a: Skuntank|36/100\n|move|p2a: Skuntank|Gunk Shot|p1a: Masquerain\n|-damage|p1a: Masquerain|30/264\n|-damage|p2a: Skuntank|26/100|[from] item: Life Orb\n|\n|upkeep\n|turn|6\n|inactive|Time left: 300 sec this turn | 300 sec total\n|\n|t:|1783553628\n|move|p2a: Skuntank|Knock Off|p1a: Masquerain\n|-damage|p1a: Masquerain|0 fnt\n|faint|p1a: Masquerain\n|-damage|p2a: Skuntank|16/100|[from] item: Life Orb\n|\n|upkeep\n|inactive|Time left: 300 sec this turn | 300 sec total | 5 sec grace\n|\n|t:|1783553629\n|switch|p1a: Lapras|Lapras, L87, F|367/367\n|turn|7\n|inactive|Time left: 300 sec this turn | 300 sec total\n|\n|t:|1783553630\n|switch|p2a: Tsareena|Tsareena, L87, F|100/100\n|move|p1a: Lapras|Freeze-Dry|p2a: Tsareena\n|-supereffective|p2a: Tsareena\n|-damage|p2a: Tsareena|30/100\n|\n|upkeep\n|turn|8\n|inactive|Time left: 300 sec this turn | 300 sec total\n|\n|t:|1783553632\n|move|p2a: Tsareena|Rapid Spin|p1a: Lapras\n|-damage|p1a: Lapras|322/367\n|-boost|p2a: Tsareena|spe|1\n|-sideend|p2: p0y117518d8|Sticky Web|[from] move: Rapid Spin|[of] p2a: Tsareena\n|move|p1a: Lapras|Freeze-Dry|p2a: Tsareena\n|-supereffective|p2a: Tsareena\n|-damage|p2a: Tsareena|0 fnt\n|faint|p2a: Tsareena\n|\n|upkeep\n|\n|t:|1783553633\n|switch|p2a: Iron Moth|Iron Moth, L78|100/100\n|turn|9\n|inactive|Time left: 300 sec this turn | 300 sec total\n|\n|t:|1783553633\n|move|p2a: Iron Moth|Fiery Dance|p1a: Lapras\n|-crit|p1a: Lapras\n|-damage|p1a: Lapras|184/367\n|-boost|p2a: Iron Moth|spa|1\n|move|p1a: Lapras|Freeze-Dry|p2a: Iron Moth\n|-resisted|p2a: Iron Moth\n|-damage|p2a: Iron Moth|81/100\n|\n|upkeep\n|turn|10\n|inactive|Time left: 300 sec this turn | 300 sec total\n|\n|t:|1783553635\n|switch|p1a: Hariyama|Hariyama, L87, F|392/392\n|move|p2a: Iron Moth|Fiery Dance|p1a: Hariyama\n|-crit|p1a: Hariyama\n|-damage|p1a: Hariyama|304/392\n|-boost|p2a: Iron Moth|spa|1\n|\n|upkeep\n|turn|11\n|inactive|Time left: 300 sec this turn | 300 sec total\n|\n|t:|1783553636\n|move|p2a: Iron Moth|Sludge Wave|p1a: Hariyama\n|-damage|p1a: Hariyama|88/392\n|move|p1a: Hariyama|Stone Edge|p2a: Iron Moth\n|-supereffective|p2a: Iron Moth\n|-damage|p2a: Iron Moth|0 fnt\n|faint|p2a: Iron Moth\n|-end|p2a: Iron Moth|Quark Drive|[silent]\n|\n|upkeep\n|\n|t:|1783553637\n|switch|p2a: Gothitelle|Gothitelle, L90, F|100/100\n|turn|12\n|inactive|Time left: 300 sec this turn | 300 sec total\n|\n|t:|1783553638\n|move|p2a: Gothitelle|Psychic Noise|p1a: Hariyama\n|-supereffective|p1a: Hariyama\n|-damage|p1a: Hariyama|0 fnt\n|faint|p1a: Hariyama\n|\n|upkeep\n|inactive|Time left: 300 sec this turn | 300 sec total | 5 sec grace\n|\n|t:|1783553639\n|switch|p1a: Wigglytuff|Wigglytuff, L96, F|424/424\n|turn|13\n|inactive|Time left: 300 sec this turn | 300 sec total\n|\n|t:|1783553640\n|move|p2a: Gothitelle|Calm Mind|p2a: Gothitelle\n|-boost|p2a: Gothitelle|spa|1\n|-boost|p2a: Gothitelle|spd|1\n|move|p1a: Wigglytuff|Knock Off|p2a: Gothitelle\n|-supereffective|p2a: Gothitelle\n|-damage|p2a: Gothitelle|52/100\n|-enditem|p2a: Gothitelle|Leftovers|[from] move: Knock Off|[of] p1a: Wigglytuff\n|\n|upkeep\n|turn|14\n|inactive|Time left: 300 sec this turn | 300 sec total\n|\n|t:|1783553641\n|move|p2a: Gothitelle|Calm Mind|p2a: Gothitelle\n|-boost|p2a: Gothitelle|spa|1\n|-boost|p2a: Gothitelle|spd|1\n|move|p1a: Wigglytuff|Knock Off|p2a: Gothitelle\n|-supereffective|p2a: Gothitelle\n|-damage|p2a: Gothitelle|19/100\n|\n|upkeep\n|turn|15\n|inactive|Time left: 300 sec this turn | 300 sec total\n|\n|t:|1783553642\n|-terastallize|p2a: Gothitelle|Ground\n|move|p2a: Gothitelle|Psychic Noise|p1a: Wigglytuff\n|-damage|p1a: Wigglytuff|186/424\n|-start|p1a: Wigglytuff|move: Heal Block\n|move|p1a: Wigglytuff|Knock Off|p2a: Gothitelle\n|-damage|p2a: Gothitelle|3/100\n|\n|upkeep\n|turn|16\n|inactive|Time left: 300 sec this turn | 300 sec total\n|\n|t:|1783553643\n|move|p2a: Gothitelle|Psychic Noise|p1a: Wigglytuff\n|-damage|p1a: Wigglytuff|0 fnt\n|faint|p1a: Wigglytuff\n|\n|upkeep\n|inactive|Time left: 300 sec this turn | 300 sec total | 5 sec grace\n|\n|t:|1783553644\n|switch|p1a: Farigiraf|Farigiraf, L90, M|362/362\n|turn|17\n|inactive|Time left: 300 sec this turn | 300 sec total\n|\n|t:|1783553645\n|move|p1a: Farigiraf|Protect|p1a: Farigiraf\n|-singleturn|p1a: Farigiraf|Protect\n|move|p2a: Gothitelle|Dark Pulse|p1a: Farigiraf\n|-activate|p1a: Farigiraf|move: Protect\n|\n|upkeep\n|turn|18\n|inactive|Time left: 300 sec this turn | 300 sec total\n|\n|t:|1783553646\n|move|p2a: Gothitelle|Dark Pulse|p1a: Farigiraf\n|-supereffective|p1a: Farigiraf\n|-damage|p1a: Farigiraf|80/362\n|cant|p1a: Farigiraf|flinch\n|\n|-heal|p1a: Farigiraf|102/362|[from] item: Leftovers\n|upkeep\n|turn|19\n|inactive|Time left: 300 sec this turn | 300 sec total\n|\n|t:|1783553647\n|move|p1a: Farigiraf|Protect|p1a: Farigiraf\n|-singleturn|p1a: Farigiraf|Protect\n|move|p2a: Gothitelle|Dark Pulse|p1a: Farigiraf\n|-activate|p1a: Farigiraf|move: Protect\n|\n|-heal|p1a: Farigiraf|124/362|[from] item: Leftovers\n|upkeep\n|turn|20\n|inactive|Time left: 300 sec this turn | 300 sec total\n|\n|t:|1783553648\n|move|p1a: Farigiraf|Protect|p1a: Farigiraf\n|-singleturn|p1a: Farigiraf|Protect\n|move|p2a: Gothitelle|Dark Pulse|p1a: Farigiraf\n|-activate|p1a: Farigiraf|move: Protect\n|\n|-heal|p1a: Farigiraf|146/362|[from] item: Leftovers\n|upkeep\n|turn|21\n|inactive|Time left: 300 sec this turn | 300 sec total\n|\n|t:|1783553649\n|move|p1a: Farigiraf|Protect||[still]\n|-fail|p1a: Farigiraf\n|move|p2a: Gothitelle|Dark Pulse|p1a: Farigiraf\n|-supereffective|p1a: Farigiraf\n|-damage|p1a: Farigiraf|0 fnt\n|faint|p1a: Farigiraf\n|\n|upkeep\n|inactive|Time left: 300 sec this turn | 300 sec total | 5 sec grace\n|\n|t:|1783553650\n|switch|p1a: Lapras|Lapras, L87, F|184/367\n|turn|22\n|inactive|Time left: 300 sec this turn | 300 sec total\n|\n|t:|1783553651\n|move|p2a: Gothitelle|Thunderbolt|p1a: Lapras\n|-supereffective|p1a: Lapras\n|-damage|p1a: Lapras|0 fnt\n|faint|p1a: Lapras\n|\n|win|p0y117518d8", "uploadtime": 1783553651, "views": 0, "rating": 0, "private": 0, "password": null, "_winner": "p0y117518d8", "_our_name": "p0x1175ee3c"}