{"id": "battle-gen9randombattle-2439", "formatid": "gen9randombattle", "format": "[Gen 9] Random Battle", "players": ["p0x243919ff", "p0y24393155"], "log": "|init|battle\n|title|p0x243919ff vs. p0y24393155\n|j|\u2606p0x243919ff\n|j|\u2606p0y24393155\n|t:|1783567290\n|gametype|singles\n|player|p1|p0x243919ff|266|\n|player|p2|p0y24393155|1|\n|gen|9\n|tier|[Gen 9] Random Battle\n|rule|Species Clause: Limit one of each Pok\u00e9mon\n|rule|HP Percentage Mod: HP is shown in percentages\n|rule|Sleep Clause Mod: Limit one foe put to sleep\n|rule|Illusion Level Mod: Illusion disguises the Pok\u00e9mon's true level\n|\n|t:|1783567290\n|teamsize|p1|6\n|teamsize|p2|6\n|start\n|switch|p1a: Tsareena|Tsareena, L87, F|100/100\n|switch|p2a: Froslass|Froslass, L87, F|263/263\n|turn|1\n|inactive|Battle timer is ON: inactive players will automatically lose when time's up. (requested by p0x243919ff)\n|inactive|Time left: 300 sec this turn | 300 sec total | 60 sec grace\n|inactive|p0y24393155 also wants the timer to be on.\n|\n|t:|1783567292\n|move|p1a: Tsareena|Knock Off|p2a: Froslass\n|-supereffective|p2a: Froslass\n|-damage|p2a: Froslass|63/263\n|-enditem|p2a: Froslass|Wide Lens|[from] move: Knock Off|[of] p1a: Tsareena\n|move|p2a: Froslass|Triple Axel|p1a: Tsareena\n|-supereffective|p1a: Tsareena\n|-damage|p1a: Tsareena|86/100\n|-supereffective|p1a: Tsareena\n|-damage|p1a: Tsareena|62/100\n|-hitcount|p1a: Tsareena|2\n|\n|upkeep\n|turn|2\n|inactive|Time left: 300 sec this turn | 300 sec total\n|\n|t:|1783567293\n|switch|p2a: Pincurchin|Pincurchin, M|258/258\n|-fieldstart|move: Electric Terrain|[from] ability: Electric Surge|[of] p2a: Pincurchin\n|move|p1a: Tsareena|Knock Off|p2a: Pincurchin\n|-damage|p2a: Pincurchin|186/258\n|-enditem|p2a: Pincurchin|Leftovers|[from] move: Knock Off|[of] p1a: Tsareena\n|\n|upkeep\n|turn|3\n|inactive|Time left: 300 sec this turn | 300 sec total\n|\n|t:|1783567294\n|move|p1a: Tsareena|Knock Off|p2a: Pincurchin\n|-damage|p2a: Pincurchin|141/258\n|move|p2a: Pincurchin|Discharge|p1a: Tsareena\n|-resisted|p1a: Tsareena\n|-damage|p1a: Tsareena|37/100\n|\n|upkeep\n|turn|4\n|inactive|Time left: 300 sec this turn | 300 sec total\n|\n|t:|1783567295\n|move|p1a: Tsareena|Knock Off|p2a: Pincurchin\n|-damage|p2a: Pincurchin|95/258\n|move|p2a: Pincurchin|Discharge|p1a: Tsareena\n|-resisted|p1a: Tsareena\n|-damage|p1a: Tsareena|13/100\n|\n|upkeep\n|turn|5\n|inactive|Time left: 300 sec this turn | 300 sec total\n|\n|t:|1783567296\n|move|p1a: Tsareena|Knock Off|p2a: Pincurchin\n|-damage|p2a: Pincurchin|46/258\n|move|p2a: Pincurchin|Recover|p2a: Pincurchin\n|-heal|p2a: Pincurchin|175/258\n|\n|upkeep\n|turn|6\n|inactive|Time left: 300 sec this turn | 300 sec total\n|\n|t:|1783567298\n|move|p1a: Tsareena|Knock Off|p2a: Pincurchin\n|-damage|p2a: Pincurchin|131/258\n|move|p2a: Pincurchin|Discharge|p1a: Tsareena\n|-resisted|p1a: Tsareena\n|-damage|p1a: Tsareena|0 fnt\n|faint|p1a: Tsareena\n|\n|-fieldend|move: Electric Terrain\n|upkeep\n|\n|t:|1783567299\n|switch|p1a: Dialga|Dialga, L73|100/100\n|-ability|p1a: Dialga|Pressure\n|turn|7\n|inactive|Time left: 300 sec this turn | 300 sec total\n|\n|t:|1783567300\n|move|p1a: Dialga|Fire Blast|p2a: Pincurchin\n|-damage|p2a: Pincurchin|53/258\n|move|p2a: Pincurchin|Recover|p2a: Pincurchin\n|-heal|p2a: Pincurchin|182/258\n|\n|upkeep\n|turn|8\n|inactive|Time left: 300 sec this turn | 300 sec total\n|\n|t:|1783567301\n|move|p1a: Dialga|Heavy Slam|p2a: Pincurchin\n|-resisted|p2a: Pincurchin\n|-damage|p2a: Pincurchin|132/258\n|move|p2a: Pincurchin|Recover|p2a: Pincurchin\n|-heal|p2a: Pincurchin|258/258\n|\n|upkeep\n|turn|9\n|inactive|Time left: 300 sec this turn | 300 sec total\n|\n|t:|1783567301\n|move|p1a: Dialga|Heavy Slam|p2a: Pincurchin\n|-resisted|p2a: Pincurchin\n|-damage|p2a: Pincurchin|213/258\n|move|p2a: Pincurchin|Toxic Spikes|p1a: Dialga\n|-sidestart|p1: p0x243919ff|move: Toxic Spikes\n|\n|upkeep\n|turn|10\n|inactive|Time left: 300 sec this turn | 300 sec total\n|\n|t:|1783567302\n|move|p1a: Dialga|Fire Blast|p2a: Pincurchin\n|-damage|p2a: Pincurchin|136/258\n|move|p2a: Pincurchin|Discharge|p1a: Dialga\n|-resisted|p1a: Dialga\n|-damage|p1a: Dialga|86/100\n|\n|upkeep\n|turn|11\n|inactive|Time left: 300 sec this turn | 300 sec total\n|\n|t:|1783567303\n|move|p2a: Pincurchin|Recover|p2a: Pincurchin\n|-heal|p2a: Pincurchin|258/258\n|move|p1a: Dialga|Dragon Tail|p2a: Pincurchin\n|-damage|p2a: Pincurchin|213/258\n|drag|p2a: Wugtrio|Wugtrio, L91, F|212/212\n|\n|upkeep\n|turn|12\n|inactive|Time left: 300 sec this turn | 300 sec total\n|\n|t:|1783567304\n|move|p2a: Wugtrio|Stomping Tantrum|p1a: Dialga\n|-supereffective|p1a: Dialga\n|-damage|p1a: Dialga|16/100\n|move|p1a: Dialga|Dragon Tail|p2a: Wugtrio\n|-damage|p2a: Wugtrio|130/212\n|-ability|p2a: Wugtrio|Gooey\n|-unboost|p1a: Dialga|spe|1\n|drag|p2a: Gengar|Gengar, L81, M|230/230\n|\n|upkeep\n|turn|13\n|inactive|Time left: 300 sec this turn | 300 sec total\n|\n|t:|1783567305\n|move|p2a: Gengar|Shadow Ball|p1a: Dialga\n|-damage|p1a: Dialga|0 fnt\n|faint|p1a: Dialga\n|\n|upkeep\n|\n|t:|1783567306\n|switch|p1a: Bisharp|Bisharp, L79, F|100/100\n|turn|14\n|inactive|Time left: 300 sec this turn | 300 sec total\n|\n|t:|1783567307\n|switch|p2a: Pincurchin|Pincurchin, M|213/258\n|-fieldstart|move: Electric Terrain|[from] ability: Electric Surge|[of] p2a: Pincurchin\n|move|p1a: Bisharp|Stealth Rock|p2a: Pincurchin\n|-sidestart|p2: p0y24393155|move: Stealth Rock\n|\n|upkeep\n|turn|15\n|inactive|Time left: 300 sec this turn | 300 sec total\n|\n|t:|1783567308\n|move|p1a: Bisharp|Iron Head|p2a: Pincurchin\n|-resisted|p2a: Pincurchin\n|-damage|p2a: Pincurchin|180/258\n|cant|p2a: Pincurchin|flinch\n|\n|upkeep\n|turn|16\n|inactive|Time left: 300 sec this turn | 300 sec total\n|\n|t:|1783567309\n|move|p1a: Bisharp|Throat Chop|p2a: Pincurchin\n|-damage|p2a: Pincurchin|108/258\n|-start|p2a: Pincurchin|Throat Chop|[silent]\n|move|p2a: Pincurchin|Discharge|p1a: Bisharp\n|-damage|p1a: Bisharp|47/100\n|\n|upkeep\n|turn|17\n|inactive|Time left: 300 sec this turn | 300 sec total\n|\n|t:|1783567310\n|move|p1a: Bisharp|Iron Head|p2a: Pincurchin\n|-resisted|p2a: Pincurchin\n|-damage|p2a: Pincurchin|69/258\n|cant|p2a: Pincurchin|flinch\n|\n|-end|p2a: Pincurchin|Throat Chop|[silent]\n|upkeep\n|turn|18\n|inactive|Time left: 300 sec this turn | 300 sec total\n|\n|t:|1783567311\n|move|p1a: Bisharp|Throat Chop|p2a: Pincurchin\n|-damage|p2a: Pincurchin|0 fnt\n|faint|p2a: Pincurchin\n|\n|-fieldend|move: Electric Terrain\n|upkeep\n|inactive|Time left: 300 sec this turn | 300 sec total | 5 sec grace\n|\n|t:|1783567312\n|switch|p2a: Malamar|Malamar, L82, F|275/275\n|-damage|p2a: Malamar|241/275|[from] Stealth Rock\n|turn|19\n|inactive|Time left: 300 sec this turn | 300 sec total\n|\n|t:|1783567313\n|move|p1a: Bisharp|Sucker Punch|p2a: Malamar\n|-damage|p2a: Malamar|154/275\n|move|p2a: Malamar|Superpower|p1a: Bisharp\n|-supereffective|p1a: Bisharp\n|-damage|p1a: Bisharp|0 fnt\n|-boost|p2a: Malamar|atk|1\n|-boost|p2a: Malamar|def|1\n|faint|p1a: Bisharp\n|\n|upkeep\n|\n|t:|1783567314\n|switch|p1a: Lumineon|Lumineon, L93, F|100/100\n|-status|p1a: Lumineon|psn\n|turn|20\n|inactive|Time left: 300 sec this turn | 300 sec total\n|\n|t:|1783567315\n|switch|p2a: Muk|Muk-Alola, L82, M|306/306\n|-damage|p2a: Muk|268/306|[from] Stealth Rock\n|move|p1a: Lumineon|Hydro Pump|p2a: Muk\n|-damage|p2a: Muk|181/306\n|-damage|p1a: Lumineon|91/100 psn|[from] item: Life Orb\n|\n|-damage|p1a: Lumineon|79/100 psn|[from] psn\n|upkeep\n|turn|21\n|inactive|Time left: 300 sec this turn | 300 sec total\n|\n|t:|1783567316\n|switch|p1a: Dondozo|Dondozo, L78, M|100/100\n|-status|p1a: Dondozo|psn\n|move|p2a: Muk|Knock Off|p1a: Dondozo\n|-damage|p1a: Dondozo|74/100 psn\n|-enditem|p1a: Dondozo|Leftovers|[from] move: Knock Off|[of] p2a: Muk\n|\n|-damage|p1a: Dondozo|61/100 psn|[from] psn\n|upkeep\n|turn|22\n|inactive|Time left: 300 sec this turn | 300 sec total\n|\n|t:|1783567317\n|move|p2a: Muk|Gunk Shot|p1a: Dondozo\n|-damage|p1a: Dondozo|30/100 psn\n|move|p1a: Dondozo|Rest|p1a: Dondozo\n|-status|p1a: Dondozo|slp|[from] move: Rest\n|-heal|p1a: Dondozo|100/100 slp|[silent]\n|\n|upkeep\n|turn|23\n|inactive|Time left: 300 sec this turn | 300 sec total\n|\n|t:|1783567318\n|move|p2a: Muk|Drain Punch|p1a: Dondozo\n|-damage|p1a: Dondozo|88/100 slp\n|-heal|p2a: Muk|204/306|[from] drain|[of] p1a: Dondozo\n|cant|p1a: Dondozo|slp\n|move|p1a: Dondozo|Sleep Talk|p1a: Dondozo\n|move|p1a: Dondozo|Rest||[from] move: Sleep Talk|[still]\n|-fail|p1a: Dondozo\n|\n|upkeep\n|turn|24\n|inactive|Time left: 300 sec this turn | 300 sec total\n|\n|t:|1783567319\n|move|p2a: Muk|Drain Punch|p1a: Dondozo\n|-damage|p1a: Dondozo|75/100 slp\n|-heal|p2a: Muk|228/306|[from] drain|[of] p1a: Dondozo\n|cant|p1a: Dondozo|slp\n|move|p1a: Dondozo|Sleep Talk|p1a: Dondozo\n|move|p1a: Dondozo|Curse|p1a: Dondozo|[from] move: Sleep Talk\n|-unboost|p1a: Dondozo|spe|1\n|-boost|p1a: Dondozo|atk|1\n|-boost|p1a: Dondozo|def|1\n|\n|upkeep\n|turn|25\n|inactive|Time left: 300 sec this turn | 300 sec total\n|\n|t:|1783567320\n|move|p2a: Muk|Drain Punch|p1a: Dondozo\n|-damage|p1a: Dondozo|66/100 slp\n|-heal|p2a: Muk|245/306|[from] drain|[of] p1a: Dondozo\n|-curestatus|p1a: Dondozo|slp|[msg]\n|move|p1a: Dondozo|Wave Crash|p2a: Muk\n|-damage|p2a: Muk|44/306\n|-damage|p1a: Dondozo|47/100|[from] Recoil\n|\n|upkeep\n|turn|26\n|inactive|Time left: 300 sec this turn | 300 sec total\n|\n|t:|1783567321\n|move|p2a: Muk|Gunk Shot|p1a: Dondozo\n|-damage|p1a: Dondozo|26/100\n|move|p1a: Dondozo|Wave Crash|p2a: Muk\n|-damage|p2a: Muk|0 fnt\n|faint|p2a: Muk\n|-damage|p1a: Dondozo|22/100|[from] Recoil\n|\n|upkeep\n|inactive|Time left: 300 sec this turn | 300 sec total | 5 sec grace\n|\n|t:|1783567322\n|switch|p2a: Gengar|Gengar, L81, M|230/230\n|-damage|p2a: Gengar|202/230|[from] Stealth Rock\n|turn|27\n|inactive|Time left: 300 sec this turn | 300 sec total\n|\n|t:|1783567323\n|move|p2a: Gengar|Shadow Ball|p1a: Dondozo\n|-damage|p1a: Dondozo|0 fnt\n|faint|p1a: Dondozo\n|\n|upkeep\n|\n|t:|1783567324\n|switch|p1a: Oinkologne|Oinkologne-F, L92, F|100/100\n|-status|p1a: Oinkologne|psn\n|turn|28\n|inactive|Time left: 300 sec this turn | 300 sec total\n|\n|t:|1783567325\n|move|p2a: Gengar|Shadow Ball|p1a: Oinkologne\n|-immune|p1a: Oinkologne\n|move|p1a: Oinkologne|Curse|p1a: Oinkologne\n|-unboost|p1a: Oinkologne|spe|1\n|-boost|p1a: Oinkologne|atk|1\n|-boost|p1a: Oinkologne|def|1\n|\n|-damage|p1a: Oinkologne|88/100 psn|[from] psn\n|upkeep\n|turn|29\n|inactive|Time left: 300 sec this turn | 300 sec total\n|\n|t:|1783567326\n|move|p2a: Gengar|Shadow Ball|p1a: Oinkologne\n|-immune|p1a: Oinkologne\n|move|p1a: Oinkologne|Curse|p1a: Oinkologne\n|-unboost|p1a: Oinkologne|spe|1\n|-boost|p1a: Oinkologne|atk|1\n|-boost|p1a: Oinkologne|def|1\n|\n|-heal|p1a: Oinkologne|94/100 psn|[from] item: Leftovers\n|-damage|p1a: Oinkologne|82/100 psn|[from] psn\n|upkeep\n|turn|30\n|inactive|Time left: 300 sec this turn | 300 sec total\n|\n|t:|1783567327\n|move|p2a: Gengar|Shadow Ball|p1a: Oinkologne\n|-immune|p1a: Oinkologne\n|move|p1a: Oinkologne|Body Slam|p2a: Gengar\n|-immune|p2a: Gengar\n|\n|-heal|p1a: Oinkologne|88/100 psn|[from] item: Leftovers\n|-damage|p1a: Oinkologne|75/100 psn|[from] psn\n|upkeep\n|turn|31\n|inactive|Time left: 300 sec this turn | 300 sec total\n|\n|t:|1783567328\n|move|p2a: Gengar|Shadow Ball|p1a: Oinkologne\n|-immune|p1a: Oinkologne\n|move|p1a: Oinkologne|Body Slam|p2a: Gengar\n|-immune|p2a: Gengar\n|\n|-heal|p1a: Oinkologne|81/100 psn|[from] item: Leftovers\n|-damage|p1a: Oinkologne|69/100 psn|[from] psn\n|upkeep\n|turn|32\n|inactive|Time left: 300 sec this turn | 300 sec total\n|\n|t:|1783567329\n|switch|p2a: Froslass|Froslass, L87, F|63/263\n|-damage|p2a: Froslass|0 fnt|[from] Stealth Rock\n|faint|p2a: Froslass\n|move|p1a: Oinkologne|Body Slam|p2: Froslass|[notarget]\n|-fail|p1a: Oinkologne\n|\n|-heal|p1a: Oinkologne|75/100 psn|[from] item: Leftovers\n|-damage|p1a: Oinkologne|63/100 psn|[from] psn\n|upkeep\n|inactive|Time left: 300 sec this turn | 300 sec total | 5 sec grace\n|\n|t:|1783567330\n|switch|p2a: Gengar|Gengar, L81, M|202/230\n|-damage|p2a: Gengar|174/230|[from] Stealth Rock\n|turn|33\n|inactive|Time left: 300 sec this turn | 300 sec total\n|\n|t:|1783567331\n|move|p2a: Gengar|Sludge Wave|p1a: Oinkologne\n|-damage|p1a: Oinkologne|18/100 psn\n|move|p1a: Oinkologne|Rest|p1a: Oinkologne\n|-status|p1a: Oinkologne|slp|[from] move: Rest\n|-heal|p1a: Oinkologne|100/100 slp|[silent]\n|\n|upkeep\n|turn|34\n|inactive|Time left: 300 sec this turn | 300 sec total\n|\n|t:|1783567332\n|move|p2a: Gengar|Sludge Wave|p1a: Oinkologne\n|-damage|p1a: Oinkologne|55/100 slp\n|cant|p1a: Oinkologne|slp\n|move|p1a: Oinkologne|Sleep Talk|p1a: Oinkologne\n|move|p1a: Oinkologne|Curse|p1a: Oinkologne|[from] move: Sleep Talk\n|-unboost|p1a: Oinkologne|spe|1\n|-boost|p1a: Oinkologne|atk|1\n|-boost|p1a: Oinkologne|def|1\n|\n|-heal|p1a: Oinkologne|61/100 slp|[from] item: Leftovers\n|upkeep\n|turn|35\n|inactive|Time left: 300 sec this turn | 300 sec total\n|\n|t:|1783567333\n|switch|p1a: Lumineon|Lumineon, L93, F|79/100 psn\n|move|p2a: Gengar|Sludge Wave|p1a: Lumineon\n|-damage|p1a: Lumineon|17/100 psn\n|\n|-damage|p1a: Lumineon|5/100 psn|[from] psn\n|upkeep\n|turn|36\n|inactive|Time left: 300 sec this turn | 300 sec total\n|\n|t:|1783567334\n|-terastallize|p1a: Lumineon|Water\n|move|p2a: Gengar|Sludge Wave|p1a: Lumineon\n|-damage|p1a: Lumineon|0 fnt\n|faint|p1a: Lumineon\n|\n|upkeep\n|\n|t:|1783567335\n|switch|p1a: Oinkologne|Oinkologne-F, L92, F|61/100 slp\n|turn|37\n|inactive|Time left: 300 sec this turn | 300 sec total\n|\n|t:|1783567336\n|-terastallize|p2a: Gengar|Ghost\n|move|p2a: Gengar|Sludge Wave|p1a: Oinkologne\n|-damage|p1a: Oinkologne|14/100 slp\n|cant|p1a: Oinkologne|slp\n|move|p1a: Oinkologne|Sleep Talk|p1a: Oinkologne\n|move|p1a: Oinkologne|Curse|p1a: Oinkologne|[from] move: Sleep Talk\n|-unboost|p1a: Oinkologne|spe|1\n|-boost|p1a: Oinkologne|atk|1\n|-boost|p1a: Oinkologne|def|1\n|\n|-heal|p1a: Oinkologne|20/100 slp|[from] item: Leftovers\n|upkeep\n|turn|38\n|inactive|Time left: 300 sec this turn | 300 sec total\n|\n|t:|1783567337\n|move|p2a: Gengar|Sludge Wave|p1a: Oinkologne\n|-damage|p1a: Oinkologne|0 fnt\n|faint|p1a: Oinkologne\n|\n|win|p0y24393155", "uploadtime": 1783567337, "views": 0, "rating": 0, "private": 0, "password": null, "_winner": "p0y24393155", "_our_name": "p0y24393155"}