{"id": "battle-gen9randombattle-30", "formatid": "gen9randombattle", "format": "[Gen 9] Random Battle", "players": ["p0x030a9a1", "p0y030b617"], "log": "|init|battle\n|title|p0x030a9a1 vs. p0y030b617\n|j|\u2606p0x030a9a1\n|j|\u2606p0y030b617\n|t:|1783539770\n|gametype|singles\n|player|p1|p0x030a9a1|101|\n|player|p2|p0y030b617|102|\n|gen|9\n|tier|[Gen 9] Random Battle\n|rule|Species Clause: Limit one of each Pok\u00e9mon\n|rule|HP Percentage Mod: HP is shown in percentages\n|rule|Sleep Clause Mod: Limit one foe put to sleep\n|rule|Illusion Level Mod: Illusion disguises the Pok\u00e9mon's true level\n|\n|t:|1783539770\n|teamsize|p1|6\n|teamsize|p2|6\n|start\n|switch|p1a: Malamar|Malamar, L82, F|275/275\n|switch|p2a: Girafarig|Girafarig, L89, M|100/100\n|turn|1\n|inactive|Battle timer is ON: inactive players will automatically lose when time's up. (requested by p0x030a9a1)\n|inactive|p0y030b617 also wants the timer to be on.\n|\n|t:|1783539771\n|move|p2a: Girafarig|Nasty Plot|p2a: Girafarig\n|-boost|p2a: Girafarig|spa|2\n|move|p1a: Malamar|Superpower|p2a: Girafarig\n|-damage|p2a: Girafarig|79/100\n|-boost|p1a: Malamar|atk|1\n|-boost|p1a: Malamar|def|1\n|\n|upkeep\n|turn|2\n|inactive|Time left: 300 sec this turn | 300 sec total\n|\n|t:|1783539772\n|-terastallize|p2a: Girafarig|Electric\n|move|p2a: Girafarig|Thunderbolt|p1a: Malamar\n|-damage|p1a: Malamar|25/275\n|-status|p1a: Malamar|par\n|cant|p1a: Malamar|par\n|\n|upkeep\n|turn|3\n|inactive|Time left: 300 sec this turn | 300 sec total\n|\n|t:|1783539774\n|move|p2a: Girafarig|Hyper Voice|p1a: Malamar\n|-damage|p1a: Malamar|0 fnt\n|faint|p1a: Malamar\n|\n|upkeep\n|inactive|Time left: 300 sec this turn | 300 sec total | 5 sec grace\n|\n|t:|1783539775\n|switch|p1a: Giratina|Giratina, L75|349/349\n|-ability|p1a: Giratina|Pressure\n|turn|4\n|inactive|Time left: 300 sec this turn | 300 sec total\n|\n|t:|1783539776\n|move|p2a: Girafarig|Thunderbolt|p1a: Giratina\n|-resisted|p1a: Giratina\n|-damage|p1a: Giratina|263/349\n|move|p1a: Giratina|Dragon Tail|p2a: Girafarig\n|-damage|p2a: Girafarig|62/100\n|drag|p2a: Cresselia|Cresselia, L80, F|100/100\n|\n|-heal|p1a: Giratina|284/349|[from] item: Leftovers\n|upkeep\n|turn|5\n|inactive|Time left: 300 sec this turn | 300 sec total\n|\n|t:|1783539777\n|move|p2a: Cresselia|Psyshock|p1a: Giratina\n|-damage|p1a: Giratina|221/349\n|move|p1a: Giratina|Dragon Tail|p2a: Cresselia\n|-damage|p2a: Cresselia|86/100\n|drag|p2a: Skuntank|Skuntank, L84, F|100/100\n|\n|-heal|p1a: Giratina|242/349|[from] item: Leftovers\n|upkeep\n|turn|6\n|inactive|Time left: 300 sec this turn | 300 sec total\n|\n|t:|1783539779\n|move|p2a: Skuntank|Knock Off|p1a: Giratina\n|-supereffective|p1a: Giratina\n|-damage|p1a: Giratina|16/349\n|-enditem|p1a: Giratina|Leftovers|[from] move: Knock Off|[of] p2a: Skuntank\n|-damage|p2a: Skuntank|90/100|[from] item: Life Orb\n|move|p1a: Giratina|Will-O-Wisp|p2a: Skuntank\n|-status|p2a: Skuntank|brn\n|\n|-damage|p2a: Skuntank|84/100 brn|[from] brn\n|upkeep\n|turn|7\n|inactive|Time left: 300 sec this turn | 300 sec total\n|\n|t:|1783539780\n|switch|p1a: Golduck|Golduck, L90, F|290/290\n|-ability|p1a: Golduck|Cloud Nine\n|move|p2a: Skuntank|Knock Off|p1a: Golduck\n|-damage|p1a: Golduck|224/290\n|-enditem|p1a: Golduck|Choice Specs|[from] move: Knock Off|[of] p2a: Skuntank\n|-damage|p2a: Skuntank|74/100 brn|[from] item: Life Orb\n|\n|-damage|p2a: Skuntank|68/100 brn|[from] brn\n|upkeep\n|turn|8\n|inactive|Time left: 300 sec this turn | 300 sec total\n|\n|t:|1783539781\n|move|p1a: Golduck|Hydro Pump|p2a: Skuntank\n|-damage|p2a: Skuntank|15/100 brn\n|move|p2a: Skuntank|Toxic Spikes|p1a: Golduck\n|-sidestart|p1: p0x030a9a1|move: Toxic Spikes\n|\n|-damage|p2a: Skuntank|9/100 brn|[from] brn\n|upkeep\n|turn|9\n|inactive|Time left: 300 sec this turn | 300 sec total\n|\n|t:|1783539782\n|switch|p2a: Archaludon|Archaludon, L78, M|100/100\n|move|p1a: Golduck|Ice Beam|p2a: Archaludon\n|-damage|p2a: Archaludon|78/100\n|-ability|p2a: Archaludon|Stamina|boost\n|-boost|p2a: Archaludon|def|1\n|\n|upkeep\n|turn|10\n|inactive|Time left: 300 sec this turn | 300 sec total\n|\n|t:|1783539783\n|move|p1a: Golduck|Ice Beam|p2a: Archaludon\n|-damage|p2a: Archaludon|55/100\n|-ability|p2a: Archaludon|Stamina|boost\n|-boost|p2a: Archaludon|def|1\n|move|p2a: Archaludon|Body Press|p1a: Golduck\n|-damage|p1a: Golduck|93/290\n|\n|upkeep\n|turn|11\n|inactive|Time left: 300 sec this turn | 300 sec total\n|\n|t:|1783539784\n|move|p1a: Golduck|Ice Beam|p2a: Archaludon\n|-damage|p2a: Archaludon|29/100\n|-ability|p2a: Archaludon|Stamina|boost\n|-boost|p2a: Archaludon|def|1\n|move|p2a: Archaludon|Body Press|p1a: Golduck\n|-damage|p1a: Golduck|0 fnt\n|faint|p1a: Golduck\n|\n|upkeep\n|inactive|Time left: 300 sec this turn | 300 sec total | 5 sec grace\n|\n|t:|1783539785\n|switch|p1a: Gholdengo|Gholdengo, L77|261/261\n|turn|12\n|inactive|Time left: 300 sec this turn | 300 sec total\n|\n|t:|1783539786\n|switch|p2a: Zekrom|Zekrom, L71|100/100\n|-ability|p2a: Zekrom|Teravolt\n|move|p1a: Gholdengo|Shadow Ball|p2a: Zekrom\n|-damage|p2a: Zekrom|65/100\n|-unboost|p2a: Zekrom|spd|1\n|\n|-heal|p2a: Zekrom|72/100|[from] item: Leftovers\n|upkeep\n|turn|13\n|inactive|Time left: 300 sec this turn | 300 sec total\n|\n|t:|1783539787\n|move|p1a: Gholdengo|Shadow Ball|p2a: Zekrom\n|-damage|p2a: Zekrom|17/100\n|move|p2a: Zekrom|Bolt Strike|p1a: Gholdengo\n|-damage|p1a: Gholdengo|107/261\n|-status|p1a: Gholdengo|par\n|\n|-heal|p2a: Zekrom|23/100|[from] item: Leftovers\n|-heal|p1a: Gholdengo|123/261 par|[from] item: Leftovers\n|upkeep\n|turn|14\n|inactive|Time left: 300 sec this turn | 300 sec total\n|\n|t:|1783539788\n|move|p2a: Zekrom|Bolt Strike|p1a: Gholdengo\n|-damage|p1a: Gholdengo|0 fnt\n|faint|p1a: Gholdengo\n|\n|-heal|p2a: Zekrom|29/100|[from] item: Leftovers\n|upkeep\n|inactive|Time left: 300 sec this turn | 300 sec total | 5 sec grace\n|\n|t:|1783539790\n|switch|p1a: Hatterene|Hatterene, L85, F|236/236\n|-status|p1a: Hatterene|psn\n|turn|15\n|inactive|Time left: 300 sec this turn | 300 sec total\n|\n|t:|1783539791\n|move|p2a: Zekrom|Bolt Strike|p1a: Hatterene\n|-damage|p1a: Hatterene|109/236 psn\n|move|p1a: Hatterene|Draining Kiss|p2a: Zekrom\n|-supereffective|p2a: Zekrom\n|-damage|p2a: Zekrom|0 fnt\n|-heal|p1a: Hatterene|165/236 psn|[from] drain|[of] p2a: Zekrom\n|faint|p2a: Zekrom\n|\n|-heal|p1a: Hatterene|179/236 psn|[from] item: Leftovers\n|-damage|p1a: Hatterene|150/236 psn|[from] psn\n|upkeep\n|\n|t:|1783539792\n|switch|p2a: Archaludon|Archaludon, L78, M|29/100\n|turn|16\n|inactive|Time left: 300 sec this turn | 300 sec total\n|\n|t:|1783539793\n|switch|p1a: Giratina|Giratina, L75|16/349\n|-status|p1a: Giratina|psn\n|-ability|p1a: Giratina|Pressure\n|move|p2a: Archaludon|Flash Cannon|p1a: Giratina\n|-damage|p1a: Giratina|0 fnt\n|faint|p1a: Giratina\n|\n|upkeep\n|inactive|Time left: 300 sec this turn | 300 sec total | 5 sec grace\n|\n|t:|1783539794\n|switch|p1a: Feraligatr|Feraligatr, L79, M|264/264\n|-status|p1a: Feraligatr|psn\n|turn|17\n|inactive|Time left: 300 sec this turn | 300 sec total\n|\n|t:|1783539795\n|move|p2a: Archaludon|Draco Meteor|p1a: Feraligatr\n|-damage|p1a: Feraligatr|96/264 psn\n|-unboost|p2a: Archaludon|spa|2\n|move|p1a: Feraligatr|Dragon Dance|p1a: Feraligatr\n|-boost|p1a: Feraligatr|atk|1\n|-boost|p1a: Feraligatr|spe|1\n|\n|-damage|p1a: Feraligatr|63/264 psn|[from] psn\n|upkeep\n|turn|18\n|inactive|Time left: 300 sec this turn | 300 sec total\n|\n|t:|1783539796\n|switch|p2a: Skuntank|Skuntank, L84, F|9/100 brn\n|move|p1a: Feraligatr|Liquidation|p2a: Skuntank\n|-damage|p2a: Skuntank|0 fnt\n|-damage|p1a: Feraligatr|0 fnt|[from] ability: Aftermath|[of] p2a: Skuntank\n|faint|p2a: Skuntank\n|faint|p1a: Feraligatr\n|\n|upkeep\n|inactive|Time left: 300 sec this turn | 300 sec total | 5 sec grace\n|\n|t:|1783539797\n|switch|p2a: Archaludon|Archaludon, L78, M|29/100\n|switch|p1a: Hatterene|Hatterene, L85, F|150/236 psn\n|turn|19\n|inactive|Time left: 300 sec this turn | 300 sec total\n|\n|t:|1783539798\n|move|p2a: Archaludon|Flash Cannon|p1a: Hatterene\n|-supereffective|p1a: Hatterene\n|-damage|p1a: Hatterene|0 fnt\n|faint|p1a: Hatterene\n|\n|win|p0y030b617", "uploadtime": 1783539798, "views": 0, "rating": 0, "private": 0, "password": null, "_winner": "p0y030b617", "_our_name": "p0x030a9a1"}