{"id": "battle-gen9randombattle-2623", "formatid": "gen9randombattle", "format": "[Gen 9] Random Battle", "players": ["p0x262341f4", "p0y26233879"], "log": "|init|battle\n|title|p0x262341f4 vs. p0y26233879\n|j|\u2606p0x262341f4\n|j|\u2606p0y26233879\n|t:|1783569305\n|gametype|singles\n|player|p1|p0x262341f4|265|\n|player|p2|p0y26233879|170|\n|gen|9\n|tier|[Gen 9] Random Battle\n|rule|Species Clause: Limit one of each Pok\u00e9mon\n|rule|HP Percentage Mod: HP is shown in percentages\n|rule|Sleep Clause Mod: Limit one foe put to sleep\n|rule|Illusion Level Mod: Illusion disguises the Pok\u00e9mon's true level\n|\n|t:|1783569305\n|teamsize|p1|6\n|teamsize|p2|6\n|start\n|switch|p1a: Jolteon|Jolteon, L84, F|100/100\n|switch|p2a: Vikavolt|Vikavolt, L83, M|263/263\n|turn|1\n|inactive|Battle timer is ON: inactive players will automatically lose when time's up. (requested by p0y26233879)\n|inactive|p0x262341f4 also wants the timer to be on.\n|\n|t:|1783569306\n|move|p1a: Jolteon|Calm Mind|p1a: Jolteon\n|-boost|p1a: Jolteon|spa|1\n|-boost|p1a: Jolteon|spd|1\n|move|p2a: Vikavolt|Sticky Web|p1a: Jolteon\n|-sidestart|p1: p0x262341f4|move: Sticky Web\n|\n|upkeep\n|turn|2\n|inactive|Time left: 300 sec this turn | 300 sec total\n|\n|t:|1783569306\n|switch|p2a: Luxray|Luxray, L88, M|284/284\n|-ability|p2a: Luxray|Intimidate|boost\n|-unboost|p1a: Jolteon|atk|1\n|move|p1a: Jolteon|Thunderbolt|p2a: Luxray\n|-resisted|p2a: Luxray\n|-damage|p2a: Luxray|231/284\n|\n|upkeep\n|turn|3\n|inactive|Time left: 300 sec this turn | 300 sec total\n|\n|t:|1783569307\n|move|p1a: Jolteon|Calm Mind|p1a: Jolteon\n|-boost|p1a: Jolteon|spa|1\n|-boost|p1a: Jolteon|spd|1\n|move|p2a: Luxray|Play Rough|p1a: Jolteon\n|-damage|p1a: Jolteon|57/100\n|\n|upkeep\n|turn|4\n|inactive|Time left: 300 sec this turn | 300 sec total\n|\n|t:|1783569308\n|move|p1a: Jolteon|Thunderbolt|p2a: Luxray\n|-resisted|p2a: Luxray\n|-damage|p2a: Luxray|154/284\n|move|p2a: Luxray|Play Rough|p1a: Jolteon\n|-damage|p1a: Jolteon|13/100\n|\n|upkeep\n|turn|5\n|inactive|Time left: 300 sec this turn | 300 sec total\n|\n|t:|1783569309\n|move|p1a: Jolteon|Alluring Voice|p2a: Luxray\n|-damage|p2a: Luxray|72/284\n|move|p2a: Luxray|Play Rough|p1a: Jolteon\n|-damage|p1a: Jolteon|0 fnt\n|faint|p1a: Jolteon\n|\n|upkeep\n|\n|t:|1783569309\n|switch|p1a: Hitmonchan|Hitmonchan, L87, M|100/100\n|-activate|p1a: Hitmonchan|move: Sticky Web\n|-unboost|p1a: Hitmonchan|spe|1\n|turn|6\n|inactive|Time left: 300 sec this turn | 300 sec total\n|\n|t:|1783569310\n|-terastallize|p2a: Luxray|Fairy\n|-terastallize|p1a: Hitmonchan|Steel\n|move|p2a: Luxray|Play Rough|p1a: Hitmonchan\n|-resisted|p1a: Hitmonchan\n|-damage|p1a: Hitmonchan|70/100\n|move|p1a: Hitmonchan|Rapid Spin|p2a: Luxray\n|-damage|p2a: Luxray|32/284\n|-boost|p1a: Hitmonchan|spe|1\n|-sideend|p1: p0x262341f4|Sticky Web|[from] move: Rapid Spin|[of] p1a: Hitmonchan\n|\n|upkeep\n|turn|7\n|inactive|Time left: 300 sec this turn | 300 sec total\n|\n|t:|1783569311\n|switch|p2a: Salamence|Salamence, L77, M|273/273\n|move|p1a: Hitmonchan|Drain Punch|p2a: Salamence\n|-resisted|p2a: Salamence\n|-damage|p2a: Salamence|209/273\n|-heal|p1a: Hitmonchan|84/100|[from] drain|[of] p2a: Salamence\n|\n|upkeep\n|turn|8\n|inactive|Time left: 300 sec this turn | 300 sec total\n|\n|t:|1783569312\n|move|p2a: Salamence|Earthquake|p1a: Hitmonchan\n|-supereffective|p1a: Hitmonchan\n|-damage|p1a: Hitmonchan|11/100\n|move|p1a: Hitmonchan|Drain Punch|p2a: Salamence\n|-resisted|p2a: Salamence\n|-damage|p2a: Salamence|149/273\n|-heal|p1a: Hitmonchan|25/100|[from] drain|[of] p2a: Salamence\n|\n|upkeep\n|turn|9\n|inactive|Time left: 300 sec this turn | 300 sec total\n|\n|t:|1783569313\n|switch|p1a: Iron Jugulis|Iron Jugulis, L77|100/100\n|move|p2a: Salamence|Outrage|p1a: Iron Jugulis\n|-damage|p1a: Iron Jugulis|40/100\n|\n|upkeep\n|turn|10\n|inactive|Time left: 300 sec this turn | 300 sec total\n|\n|t:|1783569314\n|move|p1a: Iron Jugulis|Dark Pulse|p2a: Salamence\n|-damage|p2a: Salamence|4/273\n|move|p2a: Salamence|Outrage|p1a: Iron Jugulis|[from] lockedmove\n|-damage|p1a: Iron Jugulis|0 fnt\n|faint|p1a: Iron Jugulis\n|-end|p1a: Iron Jugulis|Quark Drive|[silent]\n|-ability|p2a: Salamence|Moxie|boost\n|-boost|p2a: Salamence|atk|1\n|\n|upkeep\n|\n|t:|1783569315\n|switch|p1a: Koraidon|Koraidon, L64|100/100\n|-weather|SunnyDay|[from] ability: Orichalcum Pulse|[of] p1a: Koraidon\n|-activate|p1a: Koraidon|Orichalcum Pulse|[source]\n|turn|11\n|inactive|Time left: 300 sec this turn | 300 sec total\n|\n|t:|1783569316\n|move|p1a: Koraidon|Collision Course|p2a: Salamence\n|-resisted|p2a: Salamence\n|-damage|p2a: Salamence|0 fnt\n|faint|p2a: Salamence\n|\n|-weather|SunnyDay|[upkeep]\n|upkeep\n|inactive|Time left: 300 sec this turn | 300 sec total | 5 sec grace\n|\n|t:|1783569317\n|switch|p2a: Iron Moth|Iron Moth, L78|253/253\n|turn|12\n|inactive|Time left: 300 sec this turn | 300 sec total\n|\n|t:|1783569318\n|move|p2a: Iron Moth|Sludge Wave|p1a: Koraidon\n|-damage|p1a: Koraidon|5/100\n|move|p1a: Koraidon|Scale Shot|p2a: Iron Moth\n|-damage|p2a: Iron Moth|211/253\n|-damage|p2a: Iron Moth|169/253\n|-damage|p2a: Iron Moth|127/253\n|-damage|p2a: Iron Moth|88/253\n|-damage|p2a: Iron Moth|45/253\n|-hitcount|p2a: Iron Moth|5\n|-unboost|p1a: Koraidon|def|1\n|-boost|p1a: Koraidon|spe|1\n|\n|-weather|SunnyDay|[upkeep]\n|upkeep\n|turn|13\n|inactive|Time left: 300 sec this turn | 300 sec total\n|\n|t:|1783569319\n|-end|p2a: Iron Moth|Quark Drive|[silent]\n|switch|p2a: Luxray|Luxray, L88, M, tera:Fairy|32/284\n|-ability|p2a: Luxray|Intimidate|boost\n|-unboost|p1a: Koraidon|atk|1\n|move|p1a: Koraidon|Collision Course|p2a: Luxray\n|-resisted|p2a: Luxray\n|-damage|p2a: Luxray|0 fnt\n|faint|p2a: Luxray\n|\n|-weather|SunnyDay|[upkeep]\n|upkeep\n|inactive|Time left: 300 sec this turn | 300 sec total | 5 sec grace\n|\n|t:|1783569320\n|switch|p2a: Vikavolt|Vikavolt, L83, M|263/263\n|turn|14\n|inactive|Time left: 300 sec this turn | 300 sec total\n|\n|t:|1783569321\n|move|p1a: Koraidon|Flare Blitz|p2a: Vikavolt\n|-supereffective|p2a: Vikavolt\n|-damage|p2a: Vikavolt|99/263\n|-damage|p1a: Koraidon|0 fnt|[from] Recoil\n|faint|p1a: Koraidon\n|move|p2a: Vikavolt|Sticky Web|p1: Koraidon\n|-sidestart|p1: p0x262341f4|move: Sticky Web\n|\n|-weather|SunnyDay|[upkeep]\n|upkeep\n|\n|t:|1783569321\n|switch|p1a: Hitmonchan|Hitmonchan, L87, M, tera:Steel|25/100\n|-activate|p1a: Hitmonchan|move: Sticky Web\n|-unboost|p1a: Hitmonchan|spe|1\n|turn|15\n|inactive|Time left: 300 sec this turn | 300 sec total\n|\n|t:|1783569322\n|move|p1a: Hitmonchan|Rapid Spin|p2a: Vikavolt\n|-damage|p2a: Vikavolt|62/263\n|-boost|p1a: Hitmonchan|spe|1\n|-sideend|p1: p0x262341f4|Sticky Web|[from] move: Rapid Spin|[of] p1a: Hitmonchan\n|move|p2a: Vikavolt|Thunderbolt|p1a: Hitmonchan\n|-damage|p1a: Hitmonchan|0 fnt\n|faint|p1a: Hitmonchan\n|\n|-weather|none\n|upkeep\n|\n|t:|1783569323\n|switch|p1a: Muk|Muk-Alola, L82, M|100/100\n|turn|16\n|inactive|Time left: 300 sec this turn | 300 sec total\n|\n|t:|1783569324\n|switch|p2a: Arceus|Arceus-Grass, L73|296/296\n|move|p1a: Muk|Knock Off|p2a: Arceus\n|-damage|p2a: Arceus|229/296\n|\n|upkeep\n|turn|17\n|inactive|Time left: 300 sec this turn | 300 sec total\n|\n|t:|1783569325\n|move|p2a: Arceus|Fire Blast|p1a: Muk\n|-damage|p1a: Muk|85/100\n|move|p1a: Muk|Gunk Shot|p2a: Arceus\n|-supereffective|p2a: Arceus\n|-damage|p2a: Arceus|7/296\n|\n|upkeep\n|turn|18\n|inactive|Time left: 300 sec this turn | 300 sec total\n|\n|t:|1783569326\n|move|p1a: Muk|Shadow Sneak|p2a: Arceus\n|-damage|p2a: Arceus|0 fnt\n|faint|p2a: Arceus\n|\n|upkeep\n|inactive|Time left: 300 sec this turn | 300 sec total | 5 sec grace\n|\n|t:|1783569327\n|switch|p2a: Lycanroc|Lycanroc-Midnight, L89, F|296/296\n|turn|19\n|inactive|Time left: 300 sec this turn | 300 sec total\n|\n|t:|1783569328\n|move|p2a: Lycanroc|Stone Edge|p1a: Muk\n|-damage|p1a: Muk|22/100\n|-damage|p2a: Lycanroc|267/296|[from] item: Life Orb\n|move|p1a: Muk|Drain Punch|p2a: Lycanroc\n|-supereffective|p2a: Lycanroc\n|-damage|p2a: Lycanroc|147/296\n|-heal|p1a: Muk|42/100|[from] drain|[of] p2a: Lycanroc\n|\n|upkeep\n|turn|20\n|inactive|Time left: 300 sec this turn | 300 sec total\n|\n|t:|1783569329\n|move|p1a: Muk|Shadow Sneak|p2a: Lycanroc\n|-damage|p2a: Lycanroc|119/296\n|move|p2a: Lycanroc|Stone Edge|p1a: Muk\n|-damage|p1a: Muk|0 fnt\n|faint|p1a: Muk\n|-damage|p2a: Lycanroc|90/296|[from] item: Life Orb\n|\n|upkeep\n|\n|t:|1783569330\n|switch|p1a: Meowstic|Meowstic, L89, M|100/100\n|turn|21\n|inactive|Time left: 300 sec this turn | 300 sec total\n|\n|t:|1783569331\n|move|p1a: Meowstic|Psychic Noise|p2a: Lycanroc\n|-damage|p2a: Lycanroc|11/296\n|-start|p2a: Lycanroc|move: Heal Block\n|move|p2a: Lycanroc|Stone Edge|p1a: Meowstic\n|-damage|p1a: Meowstic|30/100\n|-damage|p2a: Lycanroc|0 fnt|[from] item: Life Orb\n|faint|p2a: Lycanroc\n|\n|upkeep\n|inactive|Time left: 300 sec this turn | 300 sec total | 5 sec grace\n|\n|t:|1783569332\n|switch|p2a: Iron Moth|Iron Moth, L78|45/253\n|turn|22\n|inactive|Time left: 300 sec this turn | 300 sec total\n|\n|t:|1783569333\n|move|p1a: Meowstic|Psychic Noise|p2a: Iron Moth\n|-supereffective|p2a: Iron Moth\n|-damage|p2a: Iron Moth|0 fnt\n|faint|p2a: Iron Moth\n|-end|p2a: Iron Moth|Quark Drive|[silent]\n|\n|upkeep\n|inactive|Time left: 300 sec this turn | 300 sec total | 5 sec grace\n|\n|t:|1783569334\n|switch|p2a: Vikavolt|Vikavolt, L83, M|62/263\n|turn|23\n|inactive|Time left: 300 sec this turn | 300 sec total\n|\n|t:|1783569335\n|move|p1a: Meowstic|Psychic Noise|p2a: Vikavolt\n|-damage|p2a: Vikavolt|0 fnt\n|faint|p2a: Vikavolt\n|\n|win|p0x262341f4", "uploadtime": 1783569335, "views": 0, "rating": 0, "private": 0, "password": null, "_winner": "p0x262341f4", "_our_name": "p0y26233879"}