{"id": "battle-gen9randombattle-771", "formatid": "gen9randombattle", "format": "[Gen 9] Random Battle", "players": ["p0x771c4f3", "p0y77137c7"], "log": "|init|battle\n|title|p0x771c4f3 vs. p0y77137c7\n|j|\u2606p0x771c4f3\n|j|\u2606p0y77137c7\n|t:|1783548817\n|gametype|singles\n|player|p1|p0x771c4f3|2|\n|player|p2|p0y77137c7|101|\n|gen|9\n|tier|[Gen 9] Random Battle\n|rule|Species Clause: Limit one of each Pok\u00e9mon\n|rule|HP Percentage Mod: HP is shown in percentages\n|rule|Sleep Clause Mod: Limit one foe put to sleep\n|rule|Illusion Level Mod: Illusion disguises the Pok\u00e9mon's true level\n|\n|t:|1783548817\n|teamsize|p1|6\n|teamsize|p2|6\n|start\n|switch|p1a: Grafaiai|Grafaiai, L86, M|100/100\n|switch|p2a: Munkidori|Munkidori, L79, M|269/269\n|turn|1\n|inactive|Battle timer is ON: inactive players will automatically lose when time's up. (requested by p0x771c4f3)\n|inactive|Time left: 300 sec this turn | 300 sec total | 60 sec grace\n|\n|t:|1783548819\n|move|p1a: Grafaiai|Parting Shot|p2a: Munkidori\n|-unboost|p2a: Munkidori|atk|1\n|-unboost|p2a: Munkidori|spa|1\n|inactive|p0y77137c7 also wants the timer to be on.\n|\n|t:|1783548820\n|switch|p1a: Ceruledge|Ceruledge, L78, M|100/100|[from] Parting Shot\n|move|p2a: Munkidori|Psychic Noise|p1a: Ceruledge\n|-damage|p1a: Ceruledge|76/100\n|-start|p1a: Ceruledge|move: Heal Block\n|\n|upkeep\n|turn|2\n|inactive|Time left: 300 sec this turn | 300 sec total\n|\n|t:|1783548821\n|switch|p2a: Hydrapple|Hydrapple, L83, F|312/312\n|move|p1a: Ceruledge|Poltergeist|p2a: Hydrapple\n|-activate|p2a: Hydrapple|move: Poltergeist|Choice Specs\n|-damage|p2a: Hydrapple|207/312\n|\n|-end|p1a: Ceruledge|move: Heal Block\n|upkeep\n|turn|3\n|inactive|Time left: 300 sec this turn | 300 sec total\n|\n|t:|1783548822\n|move|p1a: Ceruledge|Bitter Blade|p2a: Hydrapple\n|-damage|p2a: Hydrapple|116/312\n|-heal|p1a: Ceruledge|94/100|[from] drain|[of] p2a: Hydrapple\n|move|p2a: Hydrapple|Draco Meteor|p1a: Ceruledge\n|-damage|p1a: Ceruledge|0 fnt\n|-unboost|p2a: Hydrapple|spa|2\n|faint|p1a: Ceruledge\n|\n|upkeep\n|\n|t:|1783548823\n|switch|p1a: Polteageist|Polteageist, L78|100/100\n|turn|4\n|inactive|Time left: 300 sec this turn | 300 sec total\n|\n|t:|1783548824\n|switch|p2a: Cryogonal|Cryogonal, L89|287/287\n|move|p1a: Polteageist|Shell Smash|p1a: Polteageist\n|-unboost|p1a: Polteageist|def|1\n|-unboost|p1a: Polteageist|spd|1\n|-boost|p1a: Polteageist|atk|2\n|-boost|p1a: Polteageist|spa|2\n|-boost|p1a: Polteageist|spe|2\n|-enditem|p1a: Polteageist|White Herb\n|-clearnegativeboost|p1a: Polteageist|[silent]\n|\n|upkeep\n|turn|5\n|inactive|Time left: 300 sec this turn | 300 sec total\n|\n|t:|1783548825\n|move|p1a: Polteageist|Stored Power|p2a: Cryogonal\n|-damage|p2a: Cryogonal|142/287\n|move|p2a: Cryogonal|Haze|p2a: Cryogonal\n|-clearallboost\n|\n|upkeep\n|turn|6\n|inactive|Time left: 300 sec this turn | 300 sec total\n|\n|t:|1783548826\n|move|p2a: Cryogonal|Recover|p2a: Cryogonal\n|-heal|p2a: Cryogonal|286/287\n|move|p1a: Polteageist|Shell Smash|p1a: Polteageist\n|-unboost|p1a: Polteageist|def|1\n|-unboost|p1a: Polteageist|spd|1\n|-boost|p1a: Polteageist|atk|2\n|-boost|p1a: Polteageist|spa|2\n|-boost|p1a: Polteageist|spe|2\n|\n|upkeep\n|turn|7\n|inactive|Time left: 300 sec this turn | 300 sec total\n|\n|t:|1783548827\n|move|p1a: Polteageist|Stored Power|p2a: Cryogonal\n|-damage|p2a: Cryogonal|132/287\n|move|p2a: Cryogonal|Haze|p2a: Cryogonal\n|-clearallboost\n|\n|upkeep\n|turn|8\n|inactive|Time left: 300 sec this turn | 300 sec total\n|\n|t:|1783548828\n|move|p2a: Cryogonal|Recover|p2a: Cryogonal\n|-heal|p2a: Cryogonal|276/287\n|move|p1a: Polteageist|Shell Smash|p1a: Polteageist\n|-unboost|p1a: Polteageist|def|1\n|-unboost|p1a: Polteageist|spd|1\n|-boost|p1a: Polteageist|atk|2\n|-boost|p1a: Polteageist|spa|2\n|-boost|p1a: Polteageist|spe|2\n|\n|upkeep\n|turn|9\n|inactive|Time left: 300 sec this turn | 300 sec total\n|\n|t:|1783548829\n|move|p1a: Polteageist|Stored Power|p2a: Cryogonal\n|-damage|p2a: Cryogonal|131/287\n|move|p2a: Cryogonal|Haze|p2a: Cryogonal\n|-clearallboost\n|\n|upkeep\n|turn|10\n|inactive|Time left: 300 sec this turn | 300 sec total\n|\n|t:|1783548830\n|move|p2a: Cryogonal|Recover|p2a: Cryogonal\n|-heal|p2a: Cryogonal|275/287\n|move|p1a: Polteageist|Shell Smash|p1a: Polteageist\n|-unboost|p1a: Polteageist|def|1\n|-unboost|p1a: Polteageist|spd|1\n|-boost|p1a: Polteageist|atk|2\n|-boost|p1a: Polteageist|spa|2\n|-boost|p1a: Polteageist|spe|2\n|\n|upkeep\n|turn|11\n|inactive|Time left: 300 sec this turn | 300 sec total\n|\n|t:|1783548831\n|move|p1a: Polteageist|Stored Power|p2a: Cryogonal\n|-damage|p2a: Cryogonal|121/287\n|move|p2a: Cryogonal|Haze|p2a: Cryogonal\n|-clearallboost\n|\n|upkeep\n|turn|12\n|inactive|Time left: 300 sec this turn | 300 sec total\n|\n|t:|1783548832\n|move|p2a: Cryogonal|Recover|p2a: Cryogonal\n|-heal|p2a: Cryogonal|265/287\n|move|p1a: Polteageist|Shell Smash|p1a: Polteageist\n|-unboost|p1a: Polteageist|def|1\n|-unboost|p1a: Polteageist|spd|1\n|-boost|p1a: Polteageist|atk|2\n|-boost|p1a: Polteageist|spa|2\n|-boost|p1a: Polteageist|spe|2\n|\n|upkeep\n|turn|13\n|inactive|Time left: 300 sec this turn | 300 sec total\n|\n|t:|1783548833\n|move|p1a: Polteageist|Stored Power|p2a: Cryogonal\n|-damage|p2a: Cryogonal|112/287\n|move|p2a: Cryogonal|Haze|p2a: Cryogonal\n|-clearallboost\n|\n|upkeep\n|turn|14\n|inactive|Time left: 300 sec this turn | 300 sec total\n|\n|t:|1783548835\n|move|p2a: Cryogonal|Recover|p2a: Cryogonal\n|-heal|p2a: Cryogonal|256/287\n|move|p1a: Polteageist|Shell Smash|p1a: Polteageist\n|-unboost|p1a: Polteageist|def|1\n|-unboost|p1a: Polteageist|spd|1\n|-boost|p1a: Polteageist|atk|2\n|-boost|p1a: Polteageist|spa|2\n|-boost|p1a: Polteageist|spe|2\n|\n|upkeep\n|turn|15\n|inactive|Time left: 300 sec this turn | 300 sec total\n|\n|t:|1783548836\n|move|p1a: Polteageist|Stored Power|p2a: Cryogonal\n|-damage|p2a: Cryogonal|103/287\n|move|p2a: Cryogonal|Haze|p2a: Cryogonal\n|-clearallboost\n|\n|upkeep\n|turn|16\n|inactive|Time left: 300 sec this turn | 300 sec total\n|\n|t:|1783548837\n|move|p2a: Cryogonal|Recover|p2a: Cryogonal\n|-heal|p2a: Cryogonal|247/287\n|move|p1a: Polteageist|Shell Smash|p1a: Polteageist\n|-unboost|p1a: Polteageist|def|1\n|-unboost|p1a: Polteageist|spd|1\n|-boost|p1a: Polteageist|atk|2\n|-boost|p1a: Polteageist|spa|2\n|-boost|p1a: Polteageist|spe|2\n|\n|upkeep\n|turn|17\n|inactive|Time left: 300 sec this turn | 300 sec total\n|\n|t:|1783548838\n|move|p1a: Polteageist|Shadow Ball|p2a: Cryogonal\n|-damage|p2a: Cryogonal|129/287\n|move|p2a: Cryogonal|Haze|p2a: Cryogonal\n|-clearallboost\n|\n|upkeep\n|turn|18\n|inactive|Time left: 300 sec this turn | 300 sec total\n|\n|t:|1783548839\n|move|p2a: Cryogonal|Recover|p2a: Cryogonal\n|-heal|p2a: Cryogonal|273/287\n|move|p1a: Polteageist|Shell Smash|p1a: Polteageist\n|-unboost|p1a: Polteageist|def|1\n|-unboost|p1a: Polteageist|spd|1\n|-boost|p1a: Polteageist|atk|2\n|-boost|p1a: Polteageist|spa|2\n|-boost|p1a: Polteageist|spe|2\n|\n|upkeep\n|turn|19\n|inactive|Time left: 300 sec this turn | 300 sec total\n|\n|t:|1783548840\n|move|p1a: Polteageist|Stored Power|p2a: Cryogonal\n|-damage|p2a: Cryogonal|133/287\n|move|p2a: Cryogonal|Haze|p2a: Cryogonal\n|-clearallboost\n|\n|upkeep\n|turn|20\n|inactive|Time left: 300 sec this turn | 300 sec total\n|\n|t:|1783548841\n|move|p2a: Cryogonal|Recover|p2a: Cryogonal\n|-heal|p2a: Cryogonal|277/287\n|move|p1a: Polteageist|Shell Smash|p1a: Polteageist\n|-unboost|p1a: Polteageist|def|1\n|-unboost|p1a: Polteageist|spd|1\n|-boost|p1a: Polteageist|atk|2\n|-boost|p1a: Polteageist|spa|2\n|-boost|p1a: Polteageist|spe|2\n|\n|upkeep\n|turn|21\n|inactive|Time left: 300 sec this turn | 300 sec total\n|\n|t:|1783548843\n|move|p1a: Polteageist|Stored Power|p2a: Cryogonal\n|-damage|p2a: Cryogonal|132/287\n|move|p2a: Cryogonal|Haze|p2a: Cryogonal\n|-clearallboost\n|\n|upkeep\n|turn|22\n|inactive|Time left: 300 sec this turn | 300 sec total\n|\n|t:|1783548844\n|move|p2a: Cryogonal|Freeze-Dry|p1a: Polteageist\n|-damage|p1a: Polteageist|68/100\n|move|p1a: Polteageist|Shell Smash|p1a: Polteageist\n|-unboost|p1a: Polteageist|def|1\n|-unboost|p1a: Polteageist|spd|1\n|-boost|p1a: Polteageist|atk|2\n|-boost|p1a: Polteageist|spa|2\n|-boost|p1a: Polteageist|spe|2\n|\n|upkeep\n|turn|23\n|inactive|Time left: 300 sec this turn | 300 sec total\n|\n|t:|1783548845\n|-terastallize|p2a: Cryogonal|Steel\n|move|p1a: Polteageist|Shadow Ball|p2a: Cryogonal\n|-damage|p2a: Cryogonal|0 fnt\n|faint|p2a: Cryogonal\n|\n|upkeep\n|inactive|Time left: 300 sec this turn | 300 sec total | 5 sec grace\n|\n|t:|1783548846\n|switch|p2a: Hydrapple|Hydrapple, L83, F|220/312\n|turn|24\n|inactive|Time left: 300 sec this turn | 300 sec total\n|\n|t:|1783548847\n|switch|p2a: Munkidori|Munkidori, L79, M|269/269\n|move|p1a: Polteageist|Stored Power|p2a: Munkidori\n|-damage|p2a: Munkidori|118/269\n|\n|upkeep\n|turn|25\n|inactive|Time left: 300 sec this turn | 300 sec total\n|\n|t:|1783548848\n|move|p1a: Polteageist|Stored Power|p2a: Munkidori\n|-damage|p2a: Munkidori|0 fnt\n|faint|p2a: Munkidori\n|\n|upkeep\n|inactive|Time left: 300 sec this turn | 300 sec total | 5 sec grace\n|\n|t:|1783548849\n|switch|p2a: Hydrapple|Hydrapple, L83, F|312/312\n|turn|26\n|inactive|Time left: 300 sec this turn | 300 sec total\n|\n|t:|1783548850\n|move|p1a: Polteageist|Shadow Ball|p2a: Hydrapple\n|-damage|p2a: Hydrapple|86/312\n|move|p2a: Hydrapple|Fickle Beam|p1a: Polteageist\n|-damage|p1a: Polteageist|0 fnt\n|faint|p1a: Polteageist\n|\n|upkeep\n|\n|t:|1783548851\n|switch|p1a: Porygon-Z|Porygon-Z, L83|100/100\n|turn|27\n|inactive|Time left: 300 sec this turn | 300 sec total\n|\n|t:|1783548852\n|switch|p2a: Terrakion|Terrakion, L79|273/273\n|move|p1a: Porygon-Z|Tera Blast|p2a: Terrakion\n|-resisted|p2a: Terrakion\n|-damage|p2a: Terrakion|176/273\n|-damage|p1a: Porygon-Z|91/100|[from] item: Life Orb\n|\n|upkeep\n|turn|28\n|inactive|Time left: 300 sec this turn | 300 sec total\n|\n|t:|1783548854\n|switch|p1a: Shaymin|Shaymin-Sky, L73|100/100\n|move|p2a: Terrakion|Close Combat|p1a: Shaymin\n|-resisted|p1a: Shaymin\n|-damage|p1a: Shaymin|60/100\n|-unboost|p2a: Terrakion|def|1\n|-unboost|p2a: Terrakion|spd|1\n|-damage|p2a: Terrakion|149/273|[from] item: Life Orb\n|\n|-heal|p1a: Shaymin|66/100|[from] item: Leftovers\n|upkeep\n|turn|29\n|inactive|Time left: 300 sec this turn | 300 sec total\n|\n|t:|1783548855\n|switch|p2a: Hydrapple|Hydrapple, L83, F|190/312\n|move|p1a: Shaymin|Seed Flare|p2a: Hydrapple\n|-resisted|p2a: Hydrapple\n|-damage|p2a: Hydrapple|156/312\n|\n|-heal|p1a: Shaymin|72/100|[from] item: Leftovers\n|upkeep\n|turn|30\n|inactive|Time left: 300 sec this turn | 300 sec total\n|\n|t:|1783548856\n|switch|p2a: Seviper|Seviper, L93, M|287/287\n|move|p1a: Shaymin|Air Slash|p2a: Seviper\n|-damage|p2a: Seviper|202/287\n|\n|-heal|p1a: Shaymin|78/100|[from] item: Leftovers\n|-heal|p2a: Seviper|219/287|[from] item: Leftovers\n|upkeep\n|turn|31\n|inactive|Time left: 300 sec this turn | 300 sec total\n|\n|t:|1783548857\n|move|p1a: Shaymin|Air Slash|p2a: Seviper\n|-damage|p2a: Seviper|134/287\n|cant|p2a: Seviper|flinch\n|\n|-heal|p1a: Shaymin|84/100|[from] item: Leftovers\n|-heal|p2a: Seviper|151/287|[from] item: Leftovers\n|upkeep\n|turn|32\n|inactive|Time left: 300 sec this turn | 300 sec total\n|\n|t:|1783548858\n|move|p1a: Shaymin|Air Slash|p2a: Seviper\n|-damage|p2a: Seviper|60/287\n|move|p2a: Seviper|Gunk Shot|p1a: Shaymin\n|-supereffective|p1a: Shaymin\n|-damage|p1a: Shaymin|0 fnt\n|faint|p1a: Shaymin\n|\n|-heal|p2a: Seviper|77/287|[from] item: Leftovers\n|upkeep\n|\n|t:|1783548859\n|switch|p1a: Hitmonchan|Hitmonchan, L87, M|100/100\n|turn|33\n|inactive|Time left: 300 sec this turn | 300 sec total\n|\n|t:|1783548860\n|switch|p2a: Slither Wing|Slither Wing, L81|270/270\n|-enditem|p2a: Slither Wing|Booster Energy\n|-activate|p2a: Slither Wing|ability: Protosynthesis|[fromitem]\n|-start|p2a: Slither Wing|protosynthesisatk\n|move|p1a: Hitmonchan|Swords Dance|p1a: Hitmonchan\n|-boost|p1a: Hitmonchan|atk|2\n|\n|upkeep\n|turn|34\n|inactive|Time left: 300 sec this turn | 300 sec total\n|\n|t:|1783548861\n|-terastallize|p1a: Hitmonchan|Fighting\n|move|p1a: Hitmonchan|Drain Punch|p2a: Slither Wing\n|-resisted|p2a: Slither Wing\n|-damage|p2a: Slither Wing|97/270\n|move|p2a: Slither Wing|Acrobatics|p1a: Hitmonchan\n|-supereffective|p1a: Hitmonchan\n|-damage|p1a: Hitmonchan|0 fnt\n|faint|p1a: Hitmonchan\n|\n|upkeep\n|\n|t:|1783548861\n|switch|p1a: Grafaiai|Grafaiai, L86, M|100/100\n|turn|35\n|inactive|Time left: 300 sec this turn | 300 sec total\n|\n|t:|1783548862\n|move|p1a: Grafaiai|Gunk Shot|p2a: Slither Wing\n|-crit|p2a: Slither Wing\n|-damage|p2a: Slither Wing|0 fnt\n|faint|p2a: Slither Wing\n|-end|p2a: Slither Wing|Protosynthesis|[silent]\n|\n|upkeep\n|inactive|Time left: 300 sec this turn | 300 sec total | 5 sec grace\n|\n|t:|1783548862\n|switch|p2a: Terrakion|Terrakion, L79|149/273\n|turn|36\n|inactive|Time left: 300 sec this turn | 300 sec total\n|\n|t:|1783548863\n|move|p1a: Grafaiai|Gunk Shot|p2a: Terrakion\n|-resisted|p2a: Terrakion\n|-damage|p2a: Terrakion|81/273\n|-status|p2a: Terrakion|psn\n|move|p2a: Terrakion|Earthquake|p1a: Grafaiai\n|-supereffective|p1a: Grafaiai\n|-damage|p1a: Grafaiai|3/100\n|-damage|p2a: Terrakion|54/273 psn|[from] item: Life Orb\n|\n|-damage|p2a: Terrakion|20/273 psn|[from] psn\n|upkeep\n|turn|37\n|inactive|Time left: 300 sec this turn | 300 sec total\n|\n|t:|1783548864\n|move|p1a: Grafaiai|Knock Off|p2a: Terrakion\n|-resisted|p2a: Terrakion\n|-damage|p2a: Terrakion|0 fnt\n|-enditem|p2a: Terrakion|Life Orb|[from] move: Knock Off|[of] p1a: Grafaiai\n|faint|p2a: Terrakion\n|\n|upkeep\n|inactive|Time left: 300 sec this turn | 300 sec total | 5 sec grace\n|\n|t:|1783548864\n|switch|p2a: Hydrapple|Hydrapple, L83, F|260/312\n|turn|38\n|inactive|Time left: 300 sec this turn | 300 sec total\n|\n|t:|1783548865\n|switch|p2a: Seviper|Seviper, L93, M|77/287\n|move|p1a: Grafaiai|Gunk Shot|p2a: Seviper\n|-resisted|p2a: Seviper\n|-damage|p2a: Seviper|0 fnt\n|faint|p2a: Seviper\n|\n|upkeep\n|inactive|Time left: 300 sec this turn | 300 sec total | 5 sec grace\n|\n|t:|1783548866\n|switch|p2a: Hydrapple|Hydrapple, L83, F|312/312\n|turn|39\n|inactive|Time left: 300 sec this turn | 300 sec total\n|\n|t:|1783548867\n|move|p1a: Grafaiai|Gunk Shot|p2a: Hydrapple\n|-supereffective|p2a: Hydrapple\n|-damage|p2a: Hydrapple|94/312\n|move|p2a: Hydrapple|Fickle Beam|p1a: Grafaiai\n|-damage|p1a: Grafaiai|0 fnt\n|faint|p1a: Grafaiai\n|\n|upkeep\n|\n|t:|1783548867\n|switch|p1a: Porygon-Z|Porygon-Z, L83|91/100\n|turn|40\n|inactive|Time left: 300 sec this turn | 300 sec total\n|\n|t:|1783548868\n|move|p1a: Porygon-Z|Tera Blast|p2a: Hydrapple\n|-damage|p2a: Hydrapple|0 fnt\n|faint|p2a: Hydrapple\n|-damage|p1a: Porygon-Z|81/100|[from] item: Life Orb\n|\n|win|p0x771c4f3", "uploadtime": 1783548868, "views": 0, "rating": 0, "private": 0, "password": null, "_winner": "p0x771c4f3", "_our_name": "p0y77137c7"}