{"id": "battle-gen9randombattle-476", "formatid": "gen9randombattle", "format": "[Gen 9] Random Battle", "players": ["p0x476c4e9", "p0y476f037"], "log": "|init|battle\n|title|p0x476c4e9 vs. p0y476f037\n|j|\u2606p0x476c4e9\n|j|\u2606p0y476f037\n|t:|1783545310\n|gametype|singles\n|player|p1|p0x476c4e9|1|\n|player|p2|p0y476f037|101|\n|gen|9\n|tier|[Gen 9] Random Battle\n|rule|Species Clause: Limit one of each Pok\u00e9mon\n|rule|HP Percentage Mod: HP is shown in percentages\n|rule|Sleep Clause Mod: Limit one foe put to sleep\n|rule|Illusion Level Mod: Illusion disguises the Pok\u00e9mon's true level\n|\n|t:|1783545310\n|teamsize|p1|6\n|teamsize|p2|6\n|start\n|switch|p1a: Cresselia|Cresselia, L80, F|323/323\n|switch|p2a: Archaludon|Archaludon, L78, M|100/100\n|turn|1\n|inactive|Battle timer is ON: inactive players will automatically lose when time's up. (requested by p0y476f037)\n|inactive|Time left: 300 sec this turn | 300 sec total | 60 sec grace\n|inactive|p0x476c4e9 also wants the timer to be on.\n|\n|t:|1783545312\n|move|p1a: Cresselia|Calm Mind|p1a: Cresselia\n|-boost|p1a: Cresselia|spa|1\n|-boost|p1a: Cresselia|spd|1\n|move|p2a: Archaludon|Swords Dance|p2a: Archaludon\n|-boost|p2a: Archaludon|atk|2\n|\n|upkeep\n|turn|2\n|inactive|Time left: 300 sec this turn | 300 sec total\n|\n|t:|1783545313\n|-terastallize|p1a: Cresselia|Steel\n|move|p1a: Cresselia|Calm Mind|p1a: Cresselia\n|-boost|p1a: Cresselia|spa|1\n|-boost|p1a: Cresselia|spd|1\n|move|p2a: Archaludon|Outrage|p1a: Cresselia\n|-resisted|p1a: Cresselia\n|-damage|p1a: Cresselia|227/323\n|\n|-heal|p1a: Cresselia|247/323|[from] item: Leftovers\n|upkeep\n|turn|3\n|inactive|Time left: 300 sec this turn | 300 sec total\n|\n|t:|1783545314\n|move|p1a: Cresselia|Moonlight|p1a: Cresselia\n|-heal|p1a: Cresselia|323/323\n|move|p2a: Archaludon|Outrage|p1a: Cresselia|[from] lockedmove\n|-resisted|p1a: Cresselia\n|-damage|p1a: Cresselia|227/323\n|-start|p2a: Archaludon|confusion|[fatigue]\n|-enditem|p2a: Archaludon|Lum Berry|[eat]\n|-end|p2a: Archaludon|confusion\n|\n|-heal|p1a: Cresselia|247/323|[from] item: Leftovers\n|upkeep\n|turn|4\n|inactive|Time left: 300 sec this turn | 300 sec total\n|\n|t:|1783545315\n|move|p1a: Cresselia|Moonlight|p1a: Cresselia\n|-heal|p1a: Cresselia|323/323\n|move|p2a: Archaludon|Outrage|p1a: Cresselia\n|-resisted|p1a: Cresselia\n|-damage|p1a: Cresselia|221/323\n|\n|-heal|p1a: Cresselia|241/323|[from] item: Leftovers\n|upkeep\n|turn|5\n|inactive|Time left: 300 sec this turn | 300 sec total\n|\n|t:|1783545316\n|move|p1a: Cresselia|Moonlight|p1a: Cresselia\n|-heal|p1a: Cresselia|323/323\n|move|p2a: Archaludon|Outrage|p1a: Cresselia|[from] lockedmove\n|-resisted|p1a: Cresselia\n|-damage|p1a: Cresselia|221/323\n|-start|p2a: Archaludon|confusion|[fatigue]\n|\n|-heal|p1a: Cresselia|241/323|[from] item: Leftovers\n|upkeep\n|turn|6\n|inactive|Time left: 300 sec this turn | 300 sec total\n|\n|t:|1783545317\n|move|p1a: Cresselia|Moonlight|p1a: Cresselia\n|-heal|p1a: Cresselia|323/323\n|-activate|p2a: Archaludon|confusion\n|move|p2a: Archaludon|Outrage|p1a: Cresselia\n|-resisted|p1a: Cresselia\n|-damage|p1a: Cresselia|214/323\n|\n|-heal|p1a: Cresselia|234/323|[from] item: Leftovers\n|upkeep\n|turn|7\n|inactive|Time left: 300 sec this turn | 300 sec total\n|\n|t:|1783545319\n|move|p1a: Cresselia|Moonlight|p1a: Cresselia\n|-heal|p1a: Cresselia|323/323\n|-activate|p2a: Archaludon|confusion\n|move|p2a: Archaludon|Outrage|p1a: Cresselia|[from] lockedmove\n|-resisted|p1a: Cresselia\n|-damage|p1a: Cresselia|227/323\n|\n|-heal|p1a: Cresselia|247/323|[from] item: Leftovers\n|upkeep\n|turn|8\n|inactive|Time left: 300 sec this turn | 300 sec total\n|\n|t:|1783545320\n|move|p1a: Cresselia|Thunderbolt|p2a: Archaludon\n|-resisted|p2a: Archaludon\n|-damage|p2a: Archaludon|78/100\n|-ability|p2a: Archaludon|Stamina|boost\n|-boost|p2a: Archaludon|def|1\n|-activate|p2a: Archaludon|confusion\n|move|p2a: Archaludon|Outrage|p1a: Cresselia|[from] lockedmove\n|-resisted|p1a: Cresselia\n|-damage|p1a: Cresselia|148/323\n|\n|-heal|p1a: Cresselia|168/323|[from] item: Leftovers\n|upkeep\n|turn|9\n|inactive|Time left: 300 sec this turn | 300 sec total\n|\n|t:|1783545321\n|move|p1a: Cresselia|Moonlight|p1a: Cresselia\n|-heal|p1a: Cresselia|323/323\n|-end|p2a: Archaludon|confusion\n|move|p2a: Archaludon|Outrage|p1a: Cresselia\n|-resisted|p1a: Cresselia\n|-damage|p1a: Cresselia|218/323\n|\n|-heal|p1a: Cresselia|238/323|[from] item: Leftovers\n|upkeep\n|turn|10\n|inactive|Time left: 300 sec this turn | 300 sec total\n|\n|t:|1783545322\n|move|p1a: Cresselia|Psyshock|p2a: Archaludon\n|-resisted|p2a: Archaludon\n|-damage|p2a: Archaludon|66/100\n|-ability|p2a: Archaludon|Stamina|boost\n|-boost|p2a: Archaludon|def|1\n|move|p2a: Archaludon|Outrage|p1a: Cresselia|[from] lockedmove\n|-resisted|p1a: Cresselia\n|-damage|p1a: Cresselia|131/323\n|\n|-heal|p1a: Cresselia|151/323|[from] item: Leftovers\n|upkeep\n|turn|11\n|inactive|Time left: 300 sec this turn | 300 sec total\n|\n|t:|1783545323\n|move|p1a: Cresselia|Moonlight|p1a: Cresselia\n|-heal|p1a: Cresselia|312/323\n|move|p2a: Archaludon|Outrage|p1a: Cresselia|[from] lockedmove\n|-resisted|p1a: Cresselia\n|-damage|p1a: Cresselia|199/323\n|-start|p2a: Archaludon|confusion|[fatigue]\n|\n|-heal|p1a: Cresselia|219/323|[from] item: Leftovers\n|upkeep\n|turn|12\n|inactive|Time left: 300 sec this turn | 300 sec total\n|\n|t:|1783545324\n|move|p1a: Cresselia|Calm Mind|p1a: Cresselia\n|-boost|p1a: Cresselia|spa|1\n|-boost|p1a: Cresselia|spd|1\n|-activate|p2a: Archaludon|confusion\n|-damage|p2a: Archaludon|58/100|[from] confusion\n|\n|-heal|p1a: Cresselia|239/323|[from] item: Leftovers\n|upkeep\n|turn|13\n|inactive|Time left: 300 sec this turn | 300 sec total\n|\n|t:|1783545326\n|move|p1a: Cresselia|Thunderbolt|p2a: Archaludon\n|-resisted|p2a: Archaludon\n|-damage|p2a: Archaludon|28/100\n|-ability|p2a: Archaludon|Stamina|boost\n|-boost|p2a: Archaludon|def|1\n|-activate|p2a: Archaludon|confusion\n|move|p2a: Archaludon|Outrage|p1a: Cresselia\n|-resisted|p1a: Cresselia\n|-damage|p1a: Cresselia|136/323\n|\n|-heal|p1a: Cresselia|156/323|[from] item: Leftovers\n|upkeep\n|turn|14\n|inactive|Time left: 300 sec this turn | 300 sec total\n|\n|t:|1783545327\n|move|p1a: Cresselia|Thunderbolt|p2a: Archaludon\n|-resisted|p2a: Archaludon\n|-damage|p2a: Archaludon|0 fnt\n|faint|p2a: Archaludon\n|\n|-heal|p1a: Cresselia|176/323|[from] item: Leftovers\n|upkeep\n|\n|t:|1783545328\n|switch|p2a: Banette|Banette, L93, M|100/100\n|turn|15\n|inactive|Time left: 300 sec this turn | 300 sec total\n|\n|t:|1783545329\n|move|p1a: Cresselia|Moonlight|p1a: Cresselia\n|-heal|p1a: Cresselia|323/323\n|move|p2a: Banette|Poltergeist|p1a: Cresselia\n|-activate|p1a: Cresselia|move: Poltergeist|Leftovers\n|-damage|p1a: Cresselia|135/323\n|-damage|p2a: Banette|90/100|[from] item: Life Orb\n|\n|-heal|p1a: Cresselia|155/323|[from] item: Leftovers\n|upkeep\n|turn|16\n|inactive|Time left: 300 sec this turn | 300 sec total\n|\n|t:|1783545330\n|move|p1a: Cresselia|Psyshock|p2a: Banette\n|-damage|p2a: Banette|26/100\n|-start|p1a: Cresselia|Disable|Psyshock|[from] ability: Cursed Body|[of] p2a: Banette\n|move|p2a: Banette|Poltergeist|p1a: Cresselia\n|-activate|p1a: Cresselia|move: Poltergeist|Leftovers\n|-damage|p1a: Cresselia|0 fnt\n|faint|p1a: Cresselia\n|-damage|p2a: Banette|16/100|[from] item: Life Orb\n|\n|upkeep\n|inactive|Time left: 300 sec this turn | 300 sec total | 5 sec grace\n|\n|t:|1783545331\n|switch|p1a: Klawf|Klawf, L90, M|272/272\n|turn|17\n|inactive|Time left: 300 sec this turn | 300 sec total\n|\n|t:|1783545332\n|move|p1a: Klawf|Swords Dance|p1a: Klawf\n|-boost|p1a: Klawf|atk|2\n|move|p2a: Banette|Poltergeist|p1a: Klawf\n|-activate|p1a: Klawf|move: Poltergeist|Scope Lens\n|-damage|p1a: Klawf|104/272\n|-ability|p1a: Klawf|Anger Shell|boost\n|-boost|p1a: Klawf|atk|1\n|-boost|p1a: Klawf|spa|1\n|-boost|p1a: Klawf|spe|1\n|-unboost|p1a: Klawf|def|1\n|-unboost|p1a: Klawf|spd|1\n|-damage|p2a: Banette|6/100|[from] item: Life Orb\n|\n|upkeep\n|turn|18\n|inactive|Time left: 300 sec this turn | 300 sec total\n|\n|t:|1783545334\n|move|p2a: Banette|Shadow Sneak|p1a: Klawf\n|-damage|p1a: Klawf|9/272\n|-damage|p2a: Banette|0 fnt|[from] item: Life Orb\n|faint|p2a: Banette\n|move|p1a: Klawf|Crabhammer|p2: Banette|[notarget]\n|-fail|p1a: Klawf\n|\n|upkeep\n|\n|t:|1783545335\n|switch|p2a: Qwilfish|Qwilfish-Hisui, L83, F|100/100\n|-ability|p2a: Qwilfish|Intimidate|boost\n|-unboost|p1a: Klawf|atk|1\n|turn|19\n|inactive|Time left: 300 sec this turn | 300 sec total\n|\n|t:|1783545336\n|move|p1a: Klawf|Stone Edge|p2a: Qwilfish\n|-damage|p2a: Qwilfish|25/100\n|move|p2a: Qwilfish|Crunch|p1a: Klawf\n|-damage|p1a: Klawf|0 fnt\n|faint|p1a: Klawf\n|\n|upkeep\n|inactive|Time left: 300 sec this turn | 300 sec total | 5 sec grace\n|\n|t:|1783545337\n|switch|p1a: Porygon-Z|Porygon-Z, L83|277/277\n|turn|20\n|inactive|Time left: 300 sec this turn | 300 sec total\n|\n|t:|1783545338\n|switch|p2a: Mesprit|Mesprit, L85|100/100\n|move|p1a: Porygon-Z|Tri Attack|p2a: Mesprit\n|-crit|p2a: Mesprit\n|-damage|p2a: Mesprit|0 fnt\n|faint|p2a: Mesprit\n|\n|upkeep\n|\n|t:|1783545339\n|switch|p2a: Noivern|Noivern, L82, M|100/100\n|turn|21\n|inactive|Time left: 300 sec this turn | 300 sec total\n|\n|t:|1783545340\n|move|p2a: Noivern|Boomburst|p1a: Porygon-Z\n|-damage|p1a: Porygon-Z|108/277\n|move|p1a: Porygon-Z|Tri Attack|p2a: Noivern\n|-damage|p2a: Noivern|11/100\n|\n|upkeep\n|turn|22\n|inactive|Time left: 300 sec this turn | 300 sec total\n|\n|t:|1783545341\n|move|p2a: Noivern|Boomburst|p1a: Porygon-Z\n|-damage|p1a: Porygon-Z|0 fnt\n|faint|p1a: Porygon-Z\n|\n|upkeep\n|inactive|Time left: 300 sec this turn | 300 sec total | 5 sec grace\n|\n|t:|1783545342\n|switch|p1a: Toxapex|Toxapex, L82, M|216/216\n|turn|23\n|inactive|Time left: 300 sec this turn | 300 sec total\n|\n|t:|1783545343\n|-terastallize|p2a: Noivern|Normal\n|move|p2a: Noivern|Boomburst|p1a: Toxapex\n|-damage|p1a: Toxapex|68/216\n|move|p1a: Toxapex|Liquidation|p2a: Noivern\n|-damage|p2a: Noivern|0 fnt\n|faint|p2a: Noivern\n|\n|upkeep\n|\n|t:|1783545344\n|switch|p2a: Meowscarada|Meowscarada, L78, F|100/100\n|turn|24\n|inactive|Time left: 300 sec this turn | 300 sec total\n|\n|t:|1783545344\n|switch|p1a: Vivillon|Vivillon-River, L83, M|268/268\n|move|p2a: Meowscarada|Knock Off|p1a: Vivillon\n|-start|p2a: Meowscarada|typechange|Dark|[from] ability: Protean\n|-damage|p1a: Vivillon|65/268\n|-enditem|p1a: Vivillon|Heavy-Duty Boots|[from] move: Knock Off|[of] p2a: Meowscarada\n|-damage|p2a: Meowscarada|91/100|[from] item: Life Orb\n|\n|upkeep\n|turn|25\n|inactive|Time left: 300 sec this turn | 300 sec total\n|\n|t:|1783545345\n|move|p2a: Meowscarada|Knock Off|p1a: Vivillon\n|-damage|p1a: Vivillon|0 fnt\n|faint|p1a: Vivillon\n|-damage|p2a: Meowscarada|81/100|[from] item: Life Orb\n|\n|upkeep\n|inactive|Time left: 300 sec this turn | 300 sec total | 5 sec grace\n|\n|t:|1783545346\n|switch|p1a: Toxapex|Toxapex, L82, M|140/216\n|turn|26\n|inactive|Time left: 300 sec this turn | 300 sec total\n|\n|t:|1783545347\n|move|p2a: Meowscarada|Knock Off|p1a: Toxapex\n|-damage|p1a: Toxapex|50/216\n|-damage|p2a: Meowscarada|64/100|[from] item: Rocky Helmet|[of] p1a: Toxapex\n|-enditem|p1a: Toxapex|Rocky Helmet|[from] move: Knock Off|[of] p2a: Meowscarada\n|-damage|p2a: Meowscarada|55/100|[from] item: Life Orb\n|move|p1a: Toxapex|Recover|p1a: Toxapex\n|-heal|p1a: Toxapex|158/216\n|\n|upkeep\n|turn|27\n|inactive|Time left: 300 sec this turn | 300 sec total\n|\n|t:|1783545348\n|switch|p2a: Qwilfish|Qwilfish-Hisui, L83, F|25/100\n|-ability|p2a: Qwilfish|Intimidate|boost\n|-unboost|p1a: Toxapex|atk|1\n|move|p1a: Toxapex|Liquidation|p2a: Qwilfish\n|-damage|p2a: Qwilfish|12/100\n|\n|upkeep\n|turn|28\n|inactive|Time left: 300 sec this turn | 300 sec total\n|\n|t:|1783545349\n|move|p2a: Qwilfish|Gunk Shot|p1a: Toxapex|[miss]\n|-miss|p2a: Qwilfish|p1a: Toxapex\n|move|p1a: Toxapex|Liquidation|p2a: Qwilfish\n|-damage|p2a: Qwilfish|0 fnt\n|faint|p2a: Qwilfish\n|\n|upkeep\n|\n|t:|1783545350\n|switch|p2a: Meowscarada|Meowscarada, L78, F|55/100\n|turn|29\n|inactive|Time left: 300 sec this turn | 300 sec total\n|\n|t:|1783545351\n|move|p2a: Meowscarada|Toxic Spikes|p1a: Toxapex\n|-start|p2a: Meowscarada|typechange|Poison|[from] ability: Protean\n|-sidestart|p1: p0x476c4e9|move: Toxic Spikes\n|move|p1a: Toxapex|Recover|p1a: Toxapex\n|-heal|p1a: Toxapex|216/216\n|\n|upkeep\n|turn|30\n|inactive|Time left: 300 sec this turn | 300 sec total\n|\n|t:|1783545352\n|move|p2a: Meowscarada|Toxic Spikes|p1a: Toxapex\n|-sidestart|p1: p0x476c4e9|move: Toxic Spikes\n|move|p1a: Toxapex|Liquidation|p2a: Meowscarada\n|-damage|p2a: Meowscarada|35/100\n|\n|upkeep\n|turn|31\n|inactive|Time left: 300 sec this turn | 300 sec total\n|\n|t:|1783545352\n|move|p2a: Meowscarada|Toxic Spikes||[still]\n|-fail|p2a: Meowscarada\n|move|p1a: Toxapex|Liquidation|p2a: Meowscarada\n|-damage|p2a: Meowscarada|15/100\n|-unboost|p2a: Meowscarada|def|1\n|\n|upkeep\n|turn|32\n|inactive|Time left: 300 sec this turn | 300 sec total\n|\n|t:|1783545353\n|move|p2a: Meowscarada|Toxic Spikes||[still]\n|-fail|p2a: Meowscarada\n|move|p1a: Toxapex|Liquidation|p2a: Meowscarada\n|-crit|p2a: Meowscarada\n|-damage|p2a: Meowscarada|0 fnt\n|faint|p2a: Meowscarada\n|\n|win|p0x476c4e9", "uploadtime": 1783545353, "views": 0, "rating": 0, "private": 0, "password": null, "_winner": "p0x476c4e9", "_our_name": "p0x476c4e9"}