{"id": "battle-gen9randombattle-1426", "formatid": "gen9randombattle", "format": "[Gen 9] Random Battle", "players": ["p0x14264454", "p0y14263af3"], "log": "|init|battle\n|title|p0x14264454 vs. p0y14263af3\n|j|\u2606p0x14264454\n|j|\u2606p0y14263af3\n|t:|1783556612\n|gametype|singles\n|player|p1|p0x14264454|170|\n|player|p2|p0y14263af3|1|\n|gen|9\n|tier|[Gen 9] Random Battle\n|rule|Species Clause: Limit one of each Pok\u00e9mon\n|rule|HP Percentage Mod: HP is shown in percentages\n|rule|Sleep Clause Mod: Limit one foe put to sleep\n|rule|Illusion Level Mod: Illusion disguises the Pok\u00e9mon's true level\n|\n|t:|1783556612\n|teamsize|p1|6\n|teamsize|p2|6\n|start\n|switch|p1a: Grafaiai|Grafaiai, L86, M|100/100\n|switch|p2a: Necrozma|Necrozma-Dawn-Wings, L76|272/272\n|turn|1\n|inactive|Battle timer is ON: inactive players will automatically lose when time's up. (requested by p0x14264454)\n|inactive|Time left: 300 sec this turn | 300 sec total | 60 sec grace\n|inactive|p0y14263af3 also wants the timer to be on.\n|\n|t:|1783556614\n|move|p1a: Grafaiai|Knock Off|p2a: Necrozma\n|-supereffective|p2a: Necrozma\n|-damage|p2a: Necrozma|62/272\n|-enditem|p2a: Necrozma|Leftovers|[from] move: Knock Off|[of] p1a: Grafaiai\n|move|p2a: Necrozma|Photon Geyser|p1a: Grafaiai\n|-supereffective|p1a: Grafaiai\n|-damage|p1a: Grafaiai|25/100\n|\n|upkeep\n|turn|2\n|inactive|Time left: 300 sec this turn | 300 sec total\n|\n|t:|1783556615\n|switch|p2a: Bastiodon|Bastiodon, L89, F|252/252\n|move|p1a: Grafaiai|Knock Off|p2a: Bastiodon\n|-damage|p2a: Bastiodon|210/252\n|-enditem|p2a: Bastiodon|Chesto Berry|[from] move: Knock Off|[of] p1a: Grafaiai\n|\n|upkeep\n|turn|3\n|inactive|Time left: 300 sec this turn | 300 sec total\n|\n|t:|1783556616\n|move|p1a: Grafaiai|U-turn|p2a: Bastiodon\n|-resisted|p2a: Bastiodon\n|-damage|p2a: Bastiodon|197/252\n|\n|t:|1783556617\n|switch|p1a: Mewtwo|Mewtwo, L72|100/100|[from] U-turn\n|-ability|p1a: Mewtwo|Pressure\n|move|p2a: Bastiodon|Body Press|p1a: Mewtwo\n|-resisted|p1a: Mewtwo\n|-damage|p1a: Mewtwo|81/100\n|\n|upkeep\n|turn|4\n|inactive|Time left: 300 sec this turn | 300 sec total\n|\n|t:|1783556618\n|move|p1a: Mewtwo|Aura Sphere|p2a: Bastiodon\n|-supereffective|p2a: Bastiodon\n|-damage|p2a: Bastiodon|0 fnt\n|faint|p2a: Bastiodon\n|-damage|p1a: Mewtwo|71/100|[from] item: Life Orb\n|\n|upkeep\n|inactive|Time left: 300 sec this turn | 300 sec total | 5 sec grace\n|\n|t:|1783556619\n|switch|p2a: Rampardos|Rampardos, L90, M|321/321\n|turn|5\n|inactive|Time left: 300 sec this turn | 300 sec total\n|\n|t:|1783556620\n|-terastallize|p1a: Mewtwo|Fighting\n|move|p2a: Rampardos|Rock Slide|p1a: Mewtwo\n|-resisted|p1a: Mewtwo\n|-damage|p1a: Mewtwo|33/100\n|move|p1a: Mewtwo|Aura Sphere|p2a: Rampardos\n|-supereffective|p2a: Rampardos\n|-damage|p2a: Rampardos|17/321\n|-damage|p1a: Mewtwo|23/100|[from] item: Life Orb\n|\n|upkeep\n|turn|6\n|inactive|Time left: 300 sec this turn | 300 sec total\n|\n|t:|1783556621\n|switch|p1a: Poliwrath|Poliwrath, L88, F|100/100\n|move|p2a: Rampardos|Rock Slide|p1a: Poliwrath|[miss]\n|-miss|p2a: Rampardos|p1a: Poliwrath\n|\n|upkeep\n|turn|7\n|inactive|Time left: 300 sec this turn | 300 sec total\n|\n|t:|1783556622\n|move|p2a: Rampardos|Rock Slide|p1a: Poliwrath\n|-resisted|p1a: Poliwrath\n|-damage|p1a: Poliwrath|73/100\n|move|p1a: Poliwrath|Knock Off|p2a: Rampardos\n|-damage|p2a: Rampardos|0 fnt\n|-enditem|p2a: Rampardos|Choice Scarf|[from] move: Knock Off|[of] p1a: Poliwrath\n|faint|p2a: Rampardos\n|\n|upkeep\n|inactive|Time left: 300 sec this turn | 300 sec total | 5 sec grace\n|\n|t:|1783556623\n|switch|p2a: Vespiquen|Vespiquen, L99, F|299/299\n|-ability|p2a: Vespiquen|Pressure\n|turn|8\n|inactive|Time left: 300 sec this turn | 300 sec total\n|\n|t:|1783556624\n|move|p1a: Poliwrath|Knock Off|p2a: Vespiquen\n|-damage|p2a: Vespiquen|245/299\n|-enditem|p2a: Vespiquen|Heavy-Duty Boots|[from] move: Knock Off|[of] p1a: Poliwrath\n|move|p2a: Vespiquen|Air Slash|p1a: Poliwrath\n|-supereffective|p1a: Poliwrath\n|-damage|p1a: Poliwrath|34/100\n|\n|upkeep\n|turn|9\n|inactive|Time left: 300 sec this turn | 300 sec total\n|\n|t:|1783556626\n|switch|p1a: Klefki|Klefki, L84, M|100/100\n|move|p2a: Vespiquen|Air Slash|p1a: Klefki\n|-resisted|p1a: Klefki\n|-damage|p1a: Klefki|80/100\n|\n|-heal|p1a: Klefki|86/100|[from] item: Leftovers\n|upkeep\n|turn|10\n|inactive|Time left: 300 sec this turn | 300 sec total\n|\n|t:|1783556627\n|move|p1a: Klefki|Thunder Wave|p2a: Vespiquen\n|-status|p2a: Vespiquen|par\n|move|p2a: Vespiquen|Spikes|p1a: Klefki\n|-sidestart|p1: p0x14264454|Spikes\n|\n|-heal|p1a: Klefki|92/100|[from] item: Leftovers\n|upkeep\n|turn|11\n|inactive|Time left: 300 sec this turn | 300 sec total\n|\n|t:|1783556628\n|move|p1a: Klefki|Spikes|p2a: Vespiquen\n|-sidestart|p2: p0y14263af3|Spikes\n|cant|p2a: Vespiquen|par\n|\n|-heal|p1a: Klefki|98/100|[from] item: Leftovers\n|upkeep\n|turn|12\n|inactive|Time left: 300 sec this turn | 300 sec total\n|\n|t:|1783556629\n|move|p1a: Klefki|Spikes|p2a: Vespiquen\n|-sidestart|p2: p0y14263af3|Spikes\n|cant|p2a: Vespiquen|par\n|\n|-heal|p1a: Klefki|100/100|[from] item: Leftovers\n|upkeep\n|turn|13\n|inactive|Time left: 300 sec this turn | 300 sec total\n|\n|t:|1783556630\n|move|p1a: Klefki|Spikes|p2a: Vespiquen\n|-sidestart|p2: p0y14263af3|Spikes\n|move|p2a: Vespiquen|Spikes|p1a: Klefki\n|-sidestart|p1: p0x14264454|Spikes\n|\n|upkeep\n|turn|14\n|inactive|Time left: 300 sec this turn | 300 sec total\n|\n|t:|1783556631\n|move|p1a: Klefki|Dazzling Gleam|p2a: Vespiquen\n|-damage|p2a: Vespiquen|194/299 par\n|move|p2a: Vespiquen|Toxic Spikes|p1a: Klefki\n|-sidestart|p1: p0x14264454|move: Toxic Spikes\n|\n|upkeep\n|turn|15\n|inactive|Time left: 300 sec this turn | 300 sec total\n|\n|t:|1783556632\n|switch|p1a: Frosmoth|Frosmoth, L82, M|100/100\n|move|p2a: Vespiquen|Toxic Spikes|p1a: Frosmoth\n|-sidestart|p1: p0x14264454|move: Toxic Spikes\n|\n|upkeep\n|turn|16\n|inactive|Time left: 300 sec this turn | 300 sec total\n|\n|t:|1783556633\n|move|p1a: Frosmoth|Quiver Dance|p1a: Frosmoth\n|-boost|p1a: Frosmoth|spa|1\n|-boost|p1a: Frosmoth|spd|1\n|-boost|p1a: Frosmoth|spe|1\n|move|p2a: Vespiquen|Roost|p2a: Vespiquen\n|-heal|p2a: Vespiquen|299/299 par\n|-singleturn|p2a: Vespiquen|move: Roost\n|\n|upkeep\n|turn|17\n|inactive|Time left: 300 sec this turn | 300 sec total\n|\n|t:|1783556633\n|move|p1a: Frosmoth|Quiver Dance|p1a: Frosmoth\n|-boost|p1a: Frosmoth|spa|1\n|-boost|p1a: Frosmoth|spd|1\n|-boost|p1a: Frosmoth|spe|1\n|move|p2a: Vespiquen|Roost||[still]\n|-fail|p2a: Vespiquen|heal\n|\n|upkeep\n|turn|18\n|inactive|Time left: 300 sec this turn | 300 sec total\n|\n|t:|1783556634\n|-terastallize|p2a: Vespiquen|Steel\n|move|p1a: Frosmoth|Ice Beam|p2a: Vespiquen\n|-resisted|p2a: Vespiquen\n|-damage|p2a: Vespiquen|216/299 par\n|move|p2a: Vespiquen|Roost|p2a: Vespiquen\n|-heal|p2a: Vespiquen|299/299 par\n|\n|upkeep\n|turn|19\n|inactive|Time left: 300 sec this turn | 300 sec total\n|\n|t:|1783556636\n|move|p1a: Frosmoth|Quiver Dance|p1a: Frosmoth\n|-boost|p1a: Frosmoth|spa|1\n|-boost|p1a: Frosmoth|spd|1\n|-boost|p1a: Frosmoth|spe|1\n|move|p2a: Vespiquen|Spikes|p1a: Frosmoth\n|-sidestart|p1: p0x14264454|Spikes\n|\n|upkeep\n|turn|20\n|inactive|Time left: 300 sec this turn | 300 sec total\n|\n|t:|1783556636\n|move|p1a: Frosmoth|Quiver Dance|p1a: Frosmoth\n|-boost|p1a: Frosmoth|spa|1\n|-boost|p1a: Frosmoth|spd|1\n|-boost|p1a: Frosmoth|spe|1\n|move|p2a: Vespiquen|Roost||[still]\n|-fail|p2a: Vespiquen|heal\n|\n|upkeep\n|turn|21\n|inactive|Time left: 300 sec this turn | 300 sec total\n|\n|t:|1783556637\n|move|p1a: Frosmoth|Bug Buzz|p2a: Vespiquen\n|-resisted|p2a: Vespiquen\n|-damage|p2a: Vespiquen|178/299 par\n|move|p2a: Vespiquen|Roost|p2a: Vespiquen\n|-heal|p2a: Vespiquen|299/299 par\n|\n|upkeep\n|turn|22\n|inactive|Time left: 300 sec this turn | 300 sec total\n|\n|t:|1783556639\n|move|p1a: Frosmoth|Bug Buzz|p2a: Vespiquen\n|-resisted|p2a: Vespiquen\n|-damage|p2a: Vespiquen|185/299 par\n|cant|p2a: Vespiquen|par\n|\n|upkeep\n|turn|23\n|inactive|Time left: 300 sec this turn | 300 sec total\n|\n|t:|1783556640\n|move|p1a: Frosmoth|Ice Beam|p2a: Vespiquen\n|-resisted|p2a: Vespiquen\n|-damage|p2a: Vespiquen|69/299 par\n|cant|p2a: Vespiquen|par\n|\n|upkeep\n|turn|24\n|inactive|Time left: 300 sec this turn | 300 sec total\n|\n|t:|1783556641\n|move|p1a: Frosmoth|Bug Buzz|p2a: Vespiquen\n|-resisted|p2a: Vespiquen\n|-crit|p2a: Vespiquen\n|-damage|p2a: Vespiquen|0 fnt\n|faint|p2a: Vespiquen\n|\n|upkeep\n|inactive|Time left: 300 sec this turn | 300 sec total | 5 sec grace\n|\n|t:|1783556642\n|switch|p2a: Slowbro|Slowbro, L85, M|300/300\n|-damage|p2a: Slowbro|225/300|[from] Spikes\n|turn|25\n|inactive|Time left: 300 sec this turn | 300 sec total\n|\n|t:|1783556643\n|switch|p2a: Necrozma|Necrozma-Dawn-Wings, L76|62/272\n|-damage|p2a: Necrozma|0 fnt|[from] Spikes\n|faint|p2a: Necrozma\n|move|p1a: Frosmoth|Bug Buzz|p2: Necrozma|[notarget]\n|-fail|p1a: Frosmoth\n|\n|upkeep\n|inactive|Time left: 300 sec this turn | 300 sec total | 5 sec grace\n|\n|t:|1783556644\n|switch|p2a: Slowbro|Slowbro, L85, M|300/300\n|-damage|p2a: Slowbro|225/300|[from] Spikes\n|turn|26\n|inactive|Time left: 300 sec this turn | 300 sec total\n|\n|t:|1783556645\n|switch|p2a: Weezing|Weezing, L88, F|258/258\n|move|p1a: Frosmoth|Bug Buzz|p2a: Weezing\n|-resisted|p2a: Weezing\n|-damage|p2a: Weezing|65/258\n|\n|-heal|p2a: Weezing|81/258|[from] item: Leftovers\n|upkeep\n|turn|27\n|inactive|Time left: 300 sec this turn | 300 sec total\n|\n|t:|1783556646\n|move|p1a: Frosmoth|Tera Blast|p2a: Weezing\n|-damage|p2a: Weezing|0 fnt\n|faint|p2a: Weezing\n|\n|upkeep\n|inactive|Time left: 300 sec this turn | 300 sec total | 5 sec grace\n|\n|t:|1783556647\n|switch|p2a: Slowbro|Slowbro, L85, M|300/300\n|-damage|p2a: Slowbro|225/300|[from] Spikes\n|turn|28\n|inactive|Time left: 300 sec this turn | 300 sec total\n|\n|t:|1783556647\n|move|p1a: Frosmoth|Bug Buzz|p2a: Slowbro\n|-supereffective|p2a: Slowbro\n|-damage|p2a: Slowbro|0 fnt\n|faint|p2a: Slowbro\n|\n|win|p0x14264454", "uploadtime": 1783556647, "views": 0, "rating": 0, "private": 0, "password": null, "_winner": "p0x14264454", "_our_name": "p0y14263af3"}