{"id": "battle-gen9randombattle-1021", "formatid": "gen9randombattle", "format": "[Gen 9] Random Battle", "players": ["p0x1021dddb", "p0y1021d11b"], "log": "|init|battle\n|title|p0x1021dddb vs. p0y1021d11b\n|j|\u2606p0x1021dddb\n|j|\u2606p0y1021d11b\n|t:|1783551036\n|gametype|singles\n|player|p1|p0x1021dddb|170|\n|player|p2|p0y1021d11b|2|\n|gen|9\n|tier|[Gen 9] Random Battle\n|rule|Species Clause: Limit one of each Pok\u00e9mon\n|rule|HP Percentage Mod: HP is shown in percentages\n|rule|Sleep Clause Mod: Limit one foe put to sleep\n|rule|Illusion Level Mod: Illusion disguises the Pok\u00e9mon's true level\n|\n|t:|1783551036\n|teamsize|p1|6\n|teamsize|p2|6\n|start\n|switch|p1a: Vivillon|Vivillon-Sandstorm, L83, M|268/268\n|switch|p2a: Ursaring|Ursaring, L84, F|100/100\n|turn|1\n|inactive|Battle timer is ON: inactive players will automatically lose when time's up. (requested by p0x1021dddb)\n|inactive|p0y1021d11b also wants the timer to be on.\n|\n|t:|1783551038\n|move|p1a: Vivillon|Sleep Powder|p2a: Ursaring\n|-status|p2a: Ursaring|slp|[from] move: Sleep Powder\n|cant|p2a: Ursaring|slp\n|\n|upkeep\n|turn|2\n|inactive|Time left: 300 sec this turn | 300 sec total\n|\n|t:|1783551039\n|cant|p2a: Ursaring|slp\n|move|p1a: Vivillon|Quiver Dance|p1a: Vivillon\n|-boost|p1a: Vivillon|spa|1\n|-boost|p1a: Vivillon|spd|1\n|-boost|p1a: Vivillon|spe|1\n|\n|upkeep\n|turn|3\n|inactive|Time left: 300 sec this turn | 300 sec total\n|\n|t:|1783551040\n|move|p1a: Vivillon|Hurricane|p2a: Ursaring\n|-damage|p2a: Ursaring|40/100 slp\n|-start|p2a: Ursaring|confusion\n|cant|p2a: Ursaring|slp\n|\n|upkeep\n|turn|4\n|inactive|Time left: 300 sec this turn | 300 sec total\n|\n|t:|1783551041\n|move|p1a: Vivillon|Hurricane|p2a: Ursaring\n|-damage|p2a: Ursaring|0 fnt\n|faint|p2a: Ursaring\n|\n|upkeep\n|\n|t:|1783551042\n|switch|p2a: Bisharp|Bisharp, L79, F|100/100\n|turn|5\n|inactive|Time left: 300 sec this turn | 300 sec total\n|\n|t:|1783551043\n|move|p1a: Vivillon|Sleep Powder|p2a: Bisharp\n|-status|p2a: Bisharp|slp|[from] move: Sleep Powder\n|cant|p2a: Bisharp|slp\n|\n|upkeep\n|turn|6\n|inactive|Time left: 300 sec this turn | 300 sec total\n|\n|t:|1783551044\n|move|p1a: Vivillon|Hurricane|p2a: Bisharp\n|-resisted|p2a: Bisharp\n|-damage|p2a: Bisharp|69/100 slp\n|-curestatus|p2a: Bisharp|slp|[msg]\n|move|p2a: Bisharp|Iron Head|p1a: Vivillon\n|-damage|p1a: Vivillon|126/268\n|\n|upkeep\n|turn|7\n|inactive|Time left: 300 sec this turn | 300 sec total\n|\n|t:|1783551045\n|move|p1a: Vivillon|Sleep Powder|p2a: Bisharp\n|-status|p2a: Bisharp|slp|[from] move: Sleep Powder\n|cant|p2a: Bisharp|slp\n|\n|upkeep\n|turn|8\n|inactive|Time left: 300 sec this turn | 300 sec total\n|\n|t:|1783551046\n|move|p1a: Vivillon|Bug Buzz|p2a: Bisharp\n|-damage|p2a: Bisharp|21/100 slp\n|cant|p2a: Bisharp|slp\n|\n|upkeep\n|turn|9\n|inactive|Time left: 300 sec this turn | 300 sec total\n|\n|t:|1783551048\n|cant|p2a: Bisharp|slp\n|move|p1a: Vivillon|Bug Buzz|p2a: Bisharp\n|-damage|p2a: Bisharp|0 fnt\n|faint|p2a: Bisharp\n|\n|upkeep\n|\n|t:|1783551049\n|switch|p2a: Slither Wing|Slither Wing, L81|100/100\n|turn|10\n|inactive|Time left: 300 sec this turn | 300 sec total\n|\n|t:|1783551050\n|-terastallize|p2a: Slither Wing|Fire\n|move|p1a: Vivillon|Hurricane|p2a: Slither Wing\n|-damage|p2a: Slither Wing|50/100\n|move|p2a: Slither Wing|Flare Blitz|p1a: Vivillon\n|-supereffective|p1a: Vivillon\n|-damage|p1a: Vivillon|0 fnt\n|faint|p1a: Vivillon\n|-damage|p2a: Slither Wing|35/100|[from] Recoil\n|-damage|p2a: Slither Wing|25/100|[from] item: Life Orb\n|\n|upkeep\n|inactive|Time left: 300 sec this turn | 300 sec total | 5 sec grace\n|\n|t:|1783551051\n|switch|p1a: Landorus|Landorus, L75, M|257/257\n|turn|11\n|inactive|Time left: 300 sec this turn | 300 sec total\n|\n|t:|1783551052\n|-end|p2a: Slither Wing|Protosynthesis|[silent]\n|switch|p2a: Sinistcha|Sinistcha, L83|100/100\n|move|p1a: Landorus|Earth Power|p2a: Sinistcha\n|-resisted|p2a: Sinistcha\n|-damage|p2a: Sinistcha|67/100\n|\n|-heal|p2a: Sinistcha|73/100|[from] item: Leftovers\n|upkeep\n|turn|12\n|inactive|Time left: 300 sec this turn | 300 sec total\n|\n|t:|1783551054\n|switch|p1a: Luxray|Luxray, L88, F|283/283\n|move|p2a: Sinistcha|Matcha Gotcha|p1a: Luxray\n|-damage|p1a: Luxray|184/283\n|-heal|p2a: Sinistcha|92/100|[from] drain|[of] p1a: Luxray\n|\n|-heal|p2a: Sinistcha|98/100|[from] item: Leftovers\n|-status|p1a: Luxray|brn|[from] item: Flame Orb\n|upkeep\n|turn|13\n|inactive|Time left: 300 sec this turn | 300 sec total\n|\n|t:|1783551055\n|switch|p1a: Regice|Regice, L88|284/284\n|move|p2a: Sinistcha|Matcha Gotcha|p1a: Regice|[miss]\n|-miss|p2a: Sinistcha|p1a: Regice\n|\n|-heal|p2a: Sinistcha|100/100|[from] item: Leftovers\n|upkeep\n|turn|14\n|inactive|Time left: 300 sec this turn | 300 sec total\n|\n|t:|1783551056\n|move|p2a: Sinistcha|Calm Mind|p2a: Sinistcha\n|-boost|p2a: Sinistcha|spa|1\n|-boost|p2a: Sinistcha|spd|1\n|move|p1a: Regice|Ice Beam|p2a: Sinistcha\n|-supereffective|p2a: Sinistcha\n|-crit|p2a: Sinistcha\n|-damage|p2a: Sinistcha|0 fnt\n|faint|p2a: Sinistcha\n|\n|upkeep\n|\n|t:|1783551057\n|switch|p2a: Slither Wing|Slither Wing, L81, tera:Fire|25/100\n|turn|15\n|inactive|Time left: 300 sec this turn | 300 sec total\n|\n|t:|1783551058\n|switch|p1a: Landorus|Landorus, L75, M|257/257\n|move|p2a: Slither Wing|Close Combat|p1a: Landorus\n|-resisted|p1a: Landorus\n|-damage|p1a: Landorus|143/257\n|-unboost|p2a: Slither Wing|def|1\n|-unboost|p2a: Slither Wing|spd|1\n|-damage|p2a: Slither Wing|15/100|[from] item: Life Orb\n|\n|upkeep\n|turn|16\n|inactive|Time left: 300 sec this turn | 300 sec total\n|\n|t:|1783551059\n|move|p1a: Landorus|Earth Power|p2a: Slither Wing\n|-supereffective|p2a: Slither Wing\n|-crit|p2a: Slither Wing\n|-damage|p2a: Slither Wing|0 fnt\n|faint|p2a: Slither Wing\n|-end|p2a: Slither Wing|Protosynthesis|[silent]\n|\n|upkeep\n|\n|t:|1783551060\n|switch|p2a: Darkrai|Darkrai, L77|100/100\n|turn|17\n|inactive|Time left: 300 sec this turn | 300 sec total\n|\n|t:|1783551061\n|move|p2a: Darkrai|Dark Pulse|p1a: Landorus\n|-damage|p1a: Landorus|1/257\n|-damage|p2a: Darkrai|91/100|[from] item: Life Orb\n|move|p1a: Landorus|Earth Power|p2a: Darkrai\n|-damage|p2a: Darkrai|24/100\n|\n|upkeep\n|turn|18\n|inactive|Time left: 300 sec this turn | 300 sec total\n|\n|t:|1783551062\n|move|p2a: Darkrai|Dark Pulse|p1a: Landorus\n|-damage|p1a: Landorus|0 fnt\n|faint|p1a: Landorus\n|-damage|p2a: Darkrai|14/100|[from] item: Life Orb\n|\n|upkeep\n|inactive|Time left: 300 sec this turn | 300 sec total | 5 sec grace\n|\n|t:|1783551063\n|switch|p1a: Luxray|Luxray, L88, F|184/283 brn\n|turn|19\n|inactive|Time left: 300 sec this turn | 300 sec total\n|\n|t:|1783551064\n|move|p2a: Darkrai|Dark Pulse|p1a: Luxray\n|-damage|p1a: Luxray|67/283 brn\n|-damage|p2a: Darkrai|4/100|[from] item: Life Orb\n|move|p1a: Luxray|Trailblaze|p2a: Darkrai\n|-damage|p2a: Darkrai|0 fnt\n|-boost|p1a: Luxray|spe|1\n|faint|p2a: Darkrai\n|\n|-damage|p1a: Luxray|50/283 brn|[from] brn\n|upkeep\n|\n|t:|1783551065\n|switch|p2a: Gurdurr|Gurdurr, L85, M|100/100\n|turn|20\n|inactive|Time left: 300 sec this turn | 300 sec total\n|\n|t:|1783551066\n|switch|p1a: Pachirisu|Pachirisu, L96, M|271/271\n|move|p2a: Gurdurr|Mach Punch|p1a: Pachirisu\n|-crit|p1a: Pachirisu\n|-damage|p1a: Pachirisu|202/271\n|\n|upkeep\n|turn|21\n|inactive|Time left: 300 sec this turn | 300 sec total\n|\n|t:|1783551067\n|move|p1a: Pachirisu|Encore|p2a: Gurdurr\n|-start|p2a: Gurdurr|Encore\n|move|p2a: Gurdurr|Mach Punch|p1a: Pachirisu\n|-damage|p1a: Pachirisu|153/271\n|\n|upkeep\n|turn|22\n|inactive|Time left: 300 sec this turn | 300 sec total\n|\n|t:|1783551068\n|move|p2a: Gurdurr|Mach Punch|p1a: Pachirisu\n|-damage|p1a: Pachirisu|105/271\n|move|p1a: Pachirisu|Super Fang|p2a: Gurdurr\n|-damage|p2a: Gurdurr|51/100\n|\n|upkeep\n|turn|23\n|inactive|Time left: 300 sec this turn | 300 sec total\n|\n|t:|1783551069\n|-terastallize|p1a: Pachirisu|Flying\n|move|p2a: Gurdurr|Mach Punch|p1a: Pachirisu\n|-resisted|p1a: Pachirisu\n|-damage|p1a: Pachirisu|80/271\n|move|p1a: Pachirisu|Super Fang|p2a: Gurdurr\n|-damage|p2a: Gurdurr|26/100\n|\n|-end|p2a: Gurdurr|Encore\n|upkeep\n|turn|24\n|inactive|Time left: 300 sec this turn | 300 sec total\n|\n|t:|1783551070\n|move|p1a: Pachirisu|Discharge|p2a: Gurdurr\n|-damage|p2a: Gurdurr|5/100\n|move|p2a: Gurdurr|Knock Off|p1a: Pachirisu\n|-damage|p1a: Pachirisu|0 fnt\n|-enditem|p1a: Pachirisu|Heavy-Duty Boots|[from] move: Knock Off|[of] p2a: Gurdurr\n|faint|p1a: Pachirisu\n|\n|upkeep\n|inactive|Time left: 300 sec this turn | 300 sec total | 5 sec grace\n|\n|t:|1783551071\n|switch|p1a: Arceus|Arceus, L68|276/276\n|turn|25\n|inactive|Time left: 300 sec this turn | 300 sec total\n|\n|t:|1783551072\n|move|p1a: Arceus|Extreme Speed|p2a: Gurdurr\n|-damage|p2a: Gurdurr|0 fnt\n|faint|p2a: Gurdurr\n|-damage|p1a: Arceus|249/276|[from] item: Life Orb\n|\n|win|p0x1021dddb", "uploadtime": 1783551072, "views": 0, "rating": 0, "private": 0, "password": null, "_winner": "p0x1021dddb", "_our_name": "p0x1021dddb"}