{"id": "battle-gen9randombattle-484", "formatid": "gen9randombattle", "format": "[Gen 9] Random Battle", "players": ["p0x484d0e4", "p0y4841164"], "log": "|init|battle\n|title|p0x484d0e4 vs. p0y4841164\n|j|\u2606p0x484d0e4\n|j|\u2606p0y4841164\n|t:|1783544660\n|gametype|singles\n|player|p1|p0x484d0e4|265|\n|player|p2|p0y4841164|169|\n|gen|9\n|tier|[Gen 9] Random Battle\n|rule|Species Clause: Limit one of each Pok\u00e9mon\n|rule|HP Percentage Mod: HP is shown in percentages\n|rule|Sleep Clause Mod: Limit one foe put to sleep\n|rule|Illusion Level Mod: Illusion disguises the Pok\u00e9mon's true level\n|\n|t:|1783544660\n|teamsize|p1|6\n|teamsize|p2|6\n|start\n|switch|p1a: Chien-Pao|Chien-Pao, L72|234/234\n|switch|p2a: Empoleon|Empoleon, L84, M|100/100\n|-ability|p1a: Chien-Pao|Sword of Ruin\n|turn|1\n|inactive|Battle timer is ON: inactive players will automatically lose when time's up. (requested by p0x484d0e4)\n|inactive|p0y4841164 also wants the timer to be on.\n|\n|t:|1783544662\n|move|p1a: Chien-Pao|Swords Dance|p1a: Chien-Pao\n|-boost|p1a: Chien-Pao|atk|2\n|move|p2a: Empoleon|Surf|p1a: Chien-Pao\n|-damage|p1a: Chien-Pao|77/234\n|\n|upkeep\n|turn|2\n|inactive|Time left: 300 sec this turn | 300 sec total\n|\n|t:|1783544663\n|move|p1a: Chien-Pao|Throat Chop|p2a: Empoleon\n|-damage|p2a: Empoleon|25/100\n|-start|p2a: Empoleon|Throat Chop|[silent]\n|move|p2a: Empoleon|Surf|p1a: Chien-Pao\n|-damage|p1a: Chien-Pao|0 fnt\n|faint|p1a: Chien-Pao\n|\n|-heal|p2a: Empoleon|31/100|[from] item: Leftovers\n|upkeep\n|inactive|Time left: 300 sec this turn | 300 sec total | 5 sec grace\n|\n|t:|1783544664\n|switch|p1a: Sudowoodo|Sudowoodo, L94, M|284/284\n|turn|3\n|inactive|Time left: 300 sec this turn | 300 sec total\n|\n|t:|1783544666\n|move|p2a: Empoleon|Roost|p2a: Empoleon\n|-heal|p2a: Empoleon|81/100\n|-singleturn|p2a: Empoleon|move: Roost\n|move|p1a: Sudowoodo|Head Smash|p2a: Empoleon\n|-resisted|p2a: Empoleon\n|-damage|p2a: Empoleon|28/100\n|\n|-heal|p2a: Empoleon|34/100|[from] item: Leftovers\n|-end|p2a: Empoleon|Throat Chop|[silent]\n|upkeep\n|turn|4\n|inactive|Time left: 300 sec this turn | 300 sec total\n|\n|t:|1783544667\n|move|p2a: Empoleon|Roost|p2a: Empoleon\n|-heal|p2a: Empoleon|84/100\n|-singleturn|p2a: Empoleon|move: Roost\n|move|p1a: Sudowoodo|Head Smash|p2a: Empoleon\n|-resisted|p2a: Empoleon\n|-damage|p2a: Empoleon|28/100\n|\n|-heal|p2a: Empoleon|34/100|[from] item: Leftovers\n|upkeep\n|turn|5\n|inactive|Time left: 300 sec this turn | 300 sec total\n|\n|t:|1783544668\n|move|p2a: Empoleon|Surf|p1a: Sudowoodo\n|-supereffective|p1a: Sudowoodo\n|-damage|p1a: Sudowoodo|66/284\n|move|p1a: Sudowoodo|Head Smash|p2a: Empoleon\n|-resisted|p2a: Empoleon\n|-damage|p2a: Empoleon|0 fnt\n|faint|p2a: Empoleon\n|\n|upkeep\n|\n|t:|1783544669\n|switch|p2a: Clawitzer|Clawitzer, L87, F|100/100\n|turn|6\n|inactive|Time left: 300 sec this turn | 300 sec total\n|\n|t:|1783544670\n|switch|p1a: Azumarill|Azumarill, L82, F|298/298\n|move|p2a: Clawitzer|Dragon Pulse|p1a: Azumarill\n|-immune|p1a: Azumarill\n|\n|upkeep\n|turn|7\n|inactive|Time left: 300 sec this turn | 300 sec total\n|\n|t:|1783544671\n|move|p2a: Clawitzer|Aura Sphere|p1a: Azumarill\n|-resisted|p1a: Azumarill\n|-damage|p1a: Azumarill|239/298\n|move|p1a: Azumarill|Play Rough|p2a: Clawitzer\n|-damage|p2a: Clawitzer|35/100\n|-unboost|p2a: Clawitzer|atk|1\n|\n|upkeep\n|turn|8\n|inactive|Time left: 300 sec this turn | 300 sec total\n|\n|t:|1783544672\n|switch|p2a: Corviknight|Corviknight, L80, F|100/100\n|-ability|p2a: Corviknight|Pressure\n|move|p1a: Azumarill|Play Rough|p2a: Corviknight\n|-resisted|p2a: Corviknight\n|-crit|p2a: Corviknight\n|-damage|p2a: Corviknight|61/100\n|\n|-heal|p2a: Corviknight|68/100|[from] item: Leftovers\n|upkeep\n|turn|9\n|inactive|Time left: 300 sec this turn | 300 sec total\n|\n|t:|1783544673\n|move|p2a: Corviknight|Brave Bird|p1a: Azumarill\n|-crit|p1a: Azumarill\n|-damage|p1a: Azumarill|55/298\n|-damage|p2a: Corviknight|46/100|[from] Recoil\n|move|p1a: Azumarill|Play Rough|p2a: Corviknight\n|-resisted|p2a: Corviknight\n|-damage|p2a: Corviknight|18/100\n|\n|-heal|p2a: Corviknight|24/100|[from] item: Leftovers\n|upkeep\n|turn|10\n|inactive|Time left: 300 sec this turn | 300 sec total\n|\n|t:|1783544674\n|move|p2a: Corviknight|Roost|p2a: Corviknight\n|-heal|p2a: Corviknight|74/100\n|-singleturn|p2a: Corviknight|move: Roost\n|move|p1a: Azumarill|Play Rough|p2a: Corviknight\n|-resisted|p2a: Corviknight\n|-damage|p2a: Corviknight|48/100\n|\n|-heal|p2a: Corviknight|54/100|[from] item: Leftovers\n|upkeep\n|turn|11\n|inactive|Time left: 300 sec this turn | 300 sec total\n|\n|t:|1783544676\n|move|p2a: Corviknight|Brave Bird|p1a: Azumarill\n|-damage|p1a: Azumarill|0 fnt\n|faint|p1a: Azumarill\n|-damage|p2a: Corviknight|48/100|[from] Recoil\n|\n|-heal|p2a: Corviknight|54/100|[from] item: Leftovers\n|upkeep\n|inactive|Time left: 300 sec this turn | 300 sec total | 5 sec grace\n|\n|t:|1783544677\n|switch|p1a: Gyarados|Gyarados, L79, M|280/280\n|-ability|p1a: Gyarados|Intimidate|boost\n|-unboost|p2a: Corviknight|atk|1\n|turn|12\n|inactive|Time left: 300 sec this turn | 300 sec total\n|\n|t:|1783544677\n|switch|p2a: Rotom|Rotom-Mow, L87|100/100\n|move|p1a: Gyarados|Dragon Dance|p1a: Gyarados\n|-boost|p1a: Gyarados|atk|1\n|-boost|p1a: Gyarados|spe|1\n|\n|upkeep\n|turn|13\n|inactive|Time left: 300 sec this turn | 300 sec total\n|\n|t:|1783544678\n|-terastallize|p1a: Gyarados|Flying\n|move|p2a: Rotom|Thunderbolt|p1a: Gyarados\n|-supereffective|p1a: Gyarados\n|-crit|p1a: Gyarados\n|-damage|p1a: Gyarados|0 fnt\n|faint|p1a: Gyarados\n|\n|upkeep\n|inactive|Time left: 300 sec this turn | 300 sec total | 5 sec grace\n|\n|t:|1783544679\n|switch|p1a: Donphan|Donphan, L84, M|288/288\n|turn|14\n|inactive|Time left: 300 sec this turn | 300 sec total\n|\n|t:|1783544680\n|switch|p2a: Corviknight|Corviknight, L80, F|54/100\n|-ability|p2a: Corviknight|Pressure\n|move|p1a: Donphan|Rapid Spin|p2a: Corviknight\n|-resisted|p2a: Corviknight\n|-damage|p2a: Corviknight|47/100\n|-boost|p1a: Donphan|spe|1\n|\n|-heal|p2a: Corviknight|54/100|[from] item: Leftovers\n|upkeep\n|turn|15\n|inactive|Time left: 300 sec this turn | 300 sec total\n|\n|t:|1783544682\n|move|p1a: Donphan|Knock Off|p2a: Corviknight\n|-damage|p2a: Corviknight|28/100\n|-enditem|p2a: Corviknight|Leftovers|[from] move: Knock Off|[of] p1a: Donphan\n|move|p2a: Corviknight|Roost|p2a: Corviknight\n|-heal|p2a: Corviknight|78/100\n|-singleturn|p2a: Corviknight|move: Roost\n|\n|upkeep\n|turn|16\n|inactive|Time left: 300 sec this turn | 300 sec total\n|\n|t:|1783544683\n|move|p1a: Donphan|Stealth Rock|p2a: Corviknight\n|-sidestart|p2: p0y4841164|move: Stealth Rock\n|move|p2a: Corviknight|Brave Bird|p1a: Donphan\n|-damage|p1a: Donphan|198/288\n|-damage|p2a: Corviknight|68/100|[from] Recoil\n|\n|-heal|p1a: Donphan|216/288|[from] item: Leftovers\n|upkeep\n|turn|17\n|inactive|Time left: 300 sec this turn | 300 sec total\n|\n|t:|1783544684\n|move|p1a: Donphan|Rapid Spin|p2a: Corviknight\n|-resisted|p2a: Corviknight\n|-damage|p2a: Corviknight|61/100\n|-boost|p1a: Donphan|spe|1\n|move|p2a: Corviknight|Brave Bird|p1a: Donphan\n|-damage|p1a: Donphan|138/288\n|-damage|p2a: Corviknight|52/100|[from] Recoil\n|\n|-heal|p1a: Donphan|156/288|[from] item: Leftovers\n|upkeep\n|turn|18\n|inactive|Time left: 300 sec this turn | 300 sec total\n|\n|t:|1783544685\n|move|p1a: Donphan|Rapid Spin|p2a: Corviknight\n|-resisted|p2a: Corviknight\n|-damage|p2a: Corviknight|45/100\n|-boost|p1a: Donphan|spe|1\n|move|p2a: Corviknight|Roost|p2a: Corviknight\n|-heal|p2a: Corviknight|95/100\n|-singleturn|p2a: Corviknight|move: Roost\n|\n|-heal|p1a: Donphan|174/288|[from] item: Leftovers\n|upkeep\n|turn|19\n|inactive|Time left: 300 sec this turn | 300 sec total\n|\n|t:|1783544686\n|move|p1a: Donphan|Knock Off|p2a: Corviknight\n|-damage|p2a: Corviknight|77/100\n|move|p2a: Corviknight|Brave Bird|p1a: Donphan\n|-crit|p1a: Donphan\n|-damage|p1a: Donphan|56/288\n|-damage|p2a: Corviknight|63/100|[from] Recoil\n|\n|-heal|p1a: Donphan|74/288|[from] item: Leftovers\n|upkeep\n|turn|20\n|inactive|Time left: 300 sec this turn | 300 sec total\n|\n|t:|1783544687\n|move|p1a: Donphan|Knock Off|p2a: Corviknight\n|-damage|p2a: Corviknight|47/100\n|move|p2a: Corviknight|Brave Bird|p1a: Donphan\n|-damage|p1a: Donphan|0 fnt\n|faint|p1a: Donphan\n|-damage|p2a: Corviknight|39/100|[from] Recoil\n|\n|upkeep\n|inactive|Time left: 300 sec this turn | 300 sec total | 5 sec grace\n|\n|t:|1783544688\n|switch|p1a: Forretress|Forretress, L84, F|263/263\n|turn|21\n|inactive|Time left: 300 sec this turn | 300 sec total\n|\n|t:|1783544689\n|move|p2a: Corviknight|Roost|p2a: Corviknight\n|-heal|p2a: Corviknight|89/100\n|-singleturn|p2a: Corviknight|move: Roost\n|move|p1a: Forretress|Rapid Spin|p2a: Corviknight\n|-resisted|p2a: Corviknight\n|-damage|p2a: Corviknight|84/100\n|-boost|p1a: Forretress|spe|1\n|\n|upkeep\n|turn|22\n|inactive|Time left: 300 sec this turn | 300 sec total\n|\n|t:|1783544690\n|move|p1a: Forretress|Rapid Spin|p2a: Corviknight\n|-resisted|p2a: Corviknight\n|-damage|p2a: Corviknight|79/100\n|-boost|p1a: Forretress|spe|1\n|move|p2a: Corviknight|Defog|p1a: Forretress\n|-unboost|p1a: Forretress|evasion|1\n|-sideend|p2: p0y4841164|Stealth Rock|[from] move: Defog|[of] p2a: Corviknight\n|\n|upkeep\n|turn|23\n|inactive|Time left: 300 sec this turn | 300 sec total\n|\n|t:|1783544692\n|switch|p2a: Rotom|Rotom-Mow, L87|100/100\n|move|p1a: Forretress|Rapid Spin|p2a: Rotom\n|-damage|p2a: Rotom|89/100\n|-boost|p1a: Forretress|spe|1\n|\n|upkeep\n|turn|24\n|inactive|Time left: 300 sec this turn | 300 sec total\n|\n|t:|1783544693\n|move|p2a: Rotom|Thunderbolt|p1a: Forretress\n|-damage|p1a: Forretress|131/263\n|move|p1a: Forretress|Rapid Spin|p2a: Rotom\n|-damage|p2a: Rotom|76/100\n|-boost|p1a: Forretress|spe|1\n|\n|-heal|p1a: Forretress|147/263|[from] item: Leftovers\n|upkeep\n|turn|25\n|inactive|Time left: 300 sec this turn | 300 sec total\n|\n|t:|1783544694\n|move|p1a: Forretress|Iron Head|p2a: Rotom\n|-resisted|p2a: Rotom\n|-damage|p2a: Rotom|60/100\n|cant|p2a: Rotom|flinch\n|\n|-heal|p1a: Forretress|163/263|[from] item: Leftovers\n|upkeep\n|turn|26\n|inactive|Time left: 300 sec this turn | 300 sec total\n|\n|t:|1783544695\n|move|p1a: Forretress|Iron Head|p2a: Rotom\n|-resisted|p2a: Rotom\n|-damage|p2a: Rotom|46/100\n|move|p2a: Rotom|Thunderbolt|p1a: Forretress\n|-damage|p1a: Forretress|31/263\n|\n|-heal|p1a: Forretress|47/263|[from] item: Leftovers\n|upkeep\n|turn|27\n|inactive|Time left: 300 sec this turn | 300 sec total\n|\n|t:|1783544696\n|move|p1a: Forretress|Iron Head|p2a: Rotom\n|-resisted|p2a: Rotom\n|-damage|p2a: Rotom|31/100\n|cant|p2a: Rotom|flinch\n|\n|-heal|p1a: Forretress|63/263|[from] item: Leftovers\n|upkeep\n|turn|28\n|inactive|Time left: 300 sec this turn | 300 sec total\n|\n|t:|1783544697\n|move|p1a: Forretress|Iron Head|p2a: Rotom\n|-resisted|p2a: Rotom\n|-damage|p2a: Rotom|15/100\n|move|p2a: Rotom|Thunderbolt|p1a: Forretress\n|-damage|p1a: Forretress|0 fnt\n|faint|p1a: Forretress\n|\n|upkeep\n|inactive|Time left: 300 sec this turn | 300 sec total | 5 sec grace\n|\n|t:|1783544698\n|switch|p1a: Sudowoodo|Sudowoodo, L94, M|66/284\n|turn|29\n|inactive|Time left: 300 sec this turn | 300 sec total\n|\n|t:|1783544699\n|-terastallize|p2a: Rotom|Grass\n|move|p1a: Sudowoodo|Sucker Punch|p2a: Rotom\n|-damage|p2a: Rotom|0 fnt\n|faint|p2a: Rotom\n|\n|upkeep\n|\n|t:|1783544700\n|switch|p2a: Great Tusk|Great Tusk, L77|100/100\n|turn|30\n|inactive|Time left: 300 sec this turn | 300 sec total\n|\n|t:|1783544701\n|move|p1a: Sudowoodo|Sucker Punch|p2a: Great Tusk\n|-resisted|p2a: Great Tusk\n|-damage|p2a: Great Tusk|87/100\n|move|p2a: Great Tusk|Close Combat|p1a: Sudowoodo\n|-supereffective|p1a: Sudowoodo\n|-damage|p1a: Sudowoodo|0 fnt\n|-unboost|p2a: Great Tusk|def|1\n|-unboost|p2a: Great Tusk|spd|1\n|faint|p1a: Sudowoodo\n|\n|win|p0y4841164", "uploadtime": 1783544701, "views": 0, "rating": 0, "private": 0, "password": null, "_winner": "p0y4841164", "_our_name": "p0x484d0e4"}