{"id": "battle-gen9randombattle-2401", "formatid": "gen9randombattle", "format": "[Gen 9] Random Battle", "players": ["p0x24012e1b", "p0y24018ba3"], "log": "|init|battle\n|title|p0x24012e1b vs. p0y24018ba3\n|j|\u2606p0x24012e1b\n|j|\u2606p0y24018ba3\n|t:|1783566855\n|gametype|singles\n|player|p1|p0x24012e1b|101|\n|player|p2|p0y24018ba3|1|\n|gen|9\n|tier|[Gen 9] Random Battle\n|rule|Species Clause: Limit one of each Pok\u00e9mon\n|rule|HP Percentage Mod: HP is shown in percentages\n|rule|Sleep Clause Mod: Limit one foe put to sleep\n|rule|Illusion Level Mod: Illusion disguises the Pok\u00e9mon's true level\n|\n|t:|1783566855\n|teamsize|p1|6\n|teamsize|p2|6\n|start\n|switch|p1a: Rhyperior|Rhyperior, L82, M|100/100\n|switch|p2a: Delphox|Delphox, L84, F|263/263\n|turn|1\n|inactive|Battle timer is ON: inactive players will automatically lose when time's up. (requested by p0x24012e1b)\n|inactive|Time left: 300 sec this turn | 300 sec total | 60 sec grace\n|inactive|p0y24018ba3 also wants the timer to be on.\n|\n|t:|1783566857\n|move|p2a: Delphox|Grass Knot|p1a: Rhyperior\n|-supereffective|p1a: Rhyperior\n|-damage|p1a: Rhyperior|18/100\n|move|p1a: Rhyperior|Earthquake|p2a: Delphox\n|-supereffective|p2a: Delphox\n|-damage|p2a: Delphox|0 fnt\n|faint|p2a: Delphox\n|\n|upkeep\n|inactive|Time left: 300 sec this turn | 300 sec total | 65 sec grace\n|\n|t:|1783566858\n|switch|p2a: Weavile|Weavile, L79, M|239/239\n|turn|2\n|inactive|Time left: 300 sec this turn | 300 sec total\n|\n|t:|1783566860\n|move|p2a: Weavile|Triple Axel|p1a: Rhyperior\n|-supereffective|p1a: Rhyperior\n|-damage|p1a: Rhyperior|5/100\n|-supereffective|p1a: Rhyperior\n|-damage|p1a: Rhyperior|0 fnt\n|faint|p1a: Rhyperior\n|-hitcount|p1: Rhyperior|2\n|\n|upkeep\n|\n|t:|1783566861\n|switch|p1a: Clefable|Clefable, L83, M|100/100\n|turn|3\n|inactive|Time left: 300 sec this turn | 300 sec total\n|\n|t:|1783566862\n|move|p2a: Weavile|Triple Axel|p1a: Clefable\n|-damage|p1a: Clefable|87/100\n|-damage|p1a: Clefable|60/100\n|-damage|p1a: Clefable|19/100\n|-hitcount|p1a: Clefable|3\n|move|p1a: Clefable|Moonblast|p2a: Weavile\n|-supereffective|p2a: Weavile\n|-crit|p2a: Weavile\n|-damage|p2a: Weavile|0 fnt\n|faint|p2a: Weavile\n|\n|upkeep\n|inactive|Time left: 300 sec this turn | 300 sec total | 5 sec grace\n|\n|t:|1783566863\n|switch|p2a: Enamorus|Enamorus, L79, F|247/247\n|turn|4\n|inactive|Time left: 300 sec this turn | 300 sec total\n|\n|t:|1783566864\n|move|p2a: Enamorus|Mystical Fire|p1a: Clefable\n|-damage|p1a: Clefable|0 fnt\n|faint|p1a: Clefable\n|\n|upkeep\n|\n|t:|1783566865\n|switch|p1a: Greninja|Greninja, L80, M|100/100\n|turn|5\n|inactive|Time left: 300 sec this turn | 300 sec total\n|\n|t:|1783566867\n|switch|p2a: Wugtrio|Wugtrio, L91, M|212/212\n|move|p1a: Greninja|Gunk Shot|p2a: Wugtrio\n|-damage|p2a: Wugtrio|68/212\n|-status|p2a: Wugtrio|psn\n|-damage|p1a: Greninja|91/100|[from] item: Life Orb\n|\n|-damage|p2a: Wugtrio|42/212 psn|[from] psn\n|upkeep\n|turn|6\n|inactive|Time left: 300 sec this turn | 300 sec total\n|\n|t:|1783566868\n|move|p2a: Wugtrio|Stomping Tantrum|p1a: Greninja\n|-damage|p1a: Greninja|45/100\n|move|p1a: Greninja|Dark Pulse|p2a: Wugtrio\n|-damage|p2a: Wugtrio|0 fnt\n|faint|p2a: Wugtrio\n|-ability|p1a: Greninja|Battle Bond|boost\n|-boost|p1a: Greninja|atk|1\n|-boost|p1a: Greninja|spa|1\n|-boost|p1a: Greninja|spe|1\n|-activate|p1a: Greninja|ability: Battle Bond\n|-damage|p1a: Greninja|35/100|[from] item: Life Orb\n|\n|upkeep\n|inactive|Time left: 300 sec this turn | 300 sec total | 5 sec grace\n|\n|t:|1783566869\n|switch|p2a: Electivire|Electivire, L84, M|263/263\n|turn|7\n|inactive|Time left: 300 sec this turn | 300 sec total\n|\n|t:|1783566870\n|-terastallize|p1a: Greninja|Poison\n|move|p1a: Greninja|Gunk Shot|p2a: Electivire\n|-damage|p2a: Electivire|12/263\n|-status|p2a: Electivire|psn\n|-damage|p1a: Greninja|25/100|[from] item: Life Orb\n|move|p2a: Electivire|Supercell Slam|p1a: Greninja\n|-damage|p1a: Greninja|0 fnt\n|faint|p1a: Greninja\n|-damage|p2a: Electivire|0 fnt|[from] item: Life Orb\n|faint|p2a: Electivire\n|\n|upkeep\n|inactive|Time left: 300 sec this turn | 300 sec total | 5 sec grace\n|\n|t:|1783566872\n|switch|p1a: Sunflora|Sunflora, F|100/100\n|switch|p2a: Enamorus|Enamorus, L79, F|247/247\n|turn|8\n|inactive|Time left: 300 sec this turn | 300 sec total\n|\n|t:|1783566872\n|move|p2a: Enamorus|Calm Mind|p2a: Enamorus\n|-boost|p2a: Enamorus|spa|1\n|-boost|p2a: Enamorus|spd|1\n|move|p1a: Sunflora|Sludge Bomb|p2a: Enamorus\n|-supereffective|p2a: Enamorus\n|-damage|p2a: Enamorus|21/247\n|-status|p2a: Enamorus|psn\n|\n|-damage|p2a: Enamorus|0 fnt|[from] psn\n|faint|p2a: Enamorus\n|upkeep\n|inactive|Time left: 300 sec this turn | 300 sec total | 5 sec grace\n|\n|t:|1783566873\n|switch|p2a: Garganacl|Garganacl, L80, F|291/291\n|turn|9\n|inactive|Time left: 300 sec this turn | 300 sec total\n|\n|t:|1783566874\n|switch|p1a: Lilligant|Lilligant-Hisui, L79, F|100/100\n|move|p2a: Garganacl|Stealth Rock|p1a: Lilligant\n|-sidestart|p1: p0x24012e1b|move: Stealth Rock\n|\n|upkeep\n|turn|10\n|inactive|Time left: 300 sec this turn | 300 sec total\n|\n|t:|1783566875\n|-terastallize|p2a: Garganacl|Ghost\n|move|p1a: Lilligant|Victory Dance|p1a: Lilligant\n|-boost|p1a: Lilligant|atk|1\n|-boost|p1a: Lilligant|def|1\n|-boost|p1a: Lilligant|spe|1\n|move|p2a: Garganacl|Salt Cure|p1a: Lilligant\n|-resisted|p1a: Lilligant\n|-damage|p1a: Lilligant|93/100\n|-start|p1a: Lilligant|Salt Cure\n|\n|-damage|p1a: Lilligant|81/100|[from] Salt Cure\n|upkeep\n|turn|11\n|inactive|Time left: 300 sec this turn | 300 sec total\n|\n|t:|1783566876\n|switch|p1a: Sunflora|Sunflora, F|100/100\n|-damage|p1a: Sunflora|88/100|[from] Stealth Rock\n|move|p2a: Garganacl|Salt Cure|p1a: Sunflora\n|-damage|p1a: Sunflora|73/100\n|-start|p1a: Sunflora|Salt Cure\n|\n|-damage|p1a: Sunflora|61/100|[from] Salt Cure\n|upkeep\n|turn|12\n|inactive|Time left: 300 sec this turn | 300 sec total\n|\n|t:|1783566877\n|move|p1a: Sunflora|Leaf Storm|p2a: Garganacl\n|-damage|p2a: Garganacl|0 fnt\n|-unboost|p1a: Sunflora|spa|2\n|faint|p2a: Garganacl\n|\n|win|p0x24012e1b", "uploadtime": 1783566877, "views": 0, "rating": 0, "private": 0, "password": null, "_winner": "p0x24012e1b", "_our_name": "p0y24018ba3"}