{"id": "battle-gen9randombattle-534", "formatid": "gen9randombattle", "format": "[Gen 9] Random Battle", "players": ["p0x53481de", "p0y534ccd2"], "log": "|init|battle\n|title|p0x53481de vs. p0y534ccd2\n|j|\u2606p0x53481de\n|j|\u2606p0y534ccd2\n|t:|1783545981\n|gametype|singles\n|player|p1|p0x53481de|102|\n|player|p2|p0y534ccd2|170|\n|gen|9\n|tier|[Gen 9] Random Battle\n|rule|Species Clause: Limit one of each Pok\u00e9mon\n|rule|HP Percentage Mod: HP is shown in percentages\n|rule|Sleep Clause Mod: Limit one foe put to sleep\n|rule|Illusion Level Mod: Illusion disguises the Pok\u00e9mon's true level\n|\n|t:|1783545981\n|teamsize|p1|6\n|teamsize|p2|6\n|start\n|switch|p1a: Greedent|Greedent, L86, M|347/347\n|switch|p2a: Hippowdon|Hippowdon, L82, F|100/100\n|-weather|Sandstorm|[from] ability: Sand Stream|[of] p2a: Hippowdon\n|turn|1\n|inactive|Battle timer is ON: inactive players will automatically lose when time's up. (requested by p0x53481de)\n|inactive|p0y534ccd2 also wants the timer to be on.\n|\n|t:|1783545982\n|move|p2a: Hippowdon|Earthquake|p1a: Greedent\n|-damage|p1a: Greedent|241/347\n|move|p1a: Greedent|Swords Dance|p1a: Greedent\n|-boost|p1a: Greedent|atk|2\n|\n|-weather|Sandstorm|[upkeep]\n|-damage|p1a: Greedent|220/347|[from] Sandstorm\n|upkeep\n|turn|2\n|inactive|Time left: 300 sec this turn | 300 sec total\n|\n|t:|1783545983\n|move|p2a: Hippowdon|Curse|p2a: Hippowdon\n|-unboost|p2a: Hippowdon|spe|1\n|-boost|p2a: Hippowdon|atk|1\n|-boost|p2a: Hippowdon|def|1\n|move|p1a: Greedent|Body Slam|p2a: Hippowdon\n|-damage|p2a: Hippowdon|67/100\n|-status|p2a: Hippowdon|par\n|\n|-weather|Sandstorm|[upkeep]\n|-damage|p1a: Greedent|199/347|[from] Sandstorm\n|-heal|p2a: Hippowdon|73/100 par|[from] item: Leftovers\n|upkeep\n|turn|3\n|inactive|Time left: 300 sec this turn | 300 sec total\n|\n|t:|1783545984\n|move|p1a: Greedent|Body Slam|p2a: Hippowdon\n|-damage|p2a: Hippowdon|41/100 par\n|move|p2a: Hippowdon|Earthquake|p1a: Greedent\n|-damage|p1a: Greedent|55/347\n|-enditem|p1a: Greedent|Sitrus Berry|[eat]\n|-heal|p1a: Greedent|141/347|[from] item: Sitrus Berry\n|-heal|p1a: Greedent|256/347|[from] ability: Cheek Pouch\n|\n|-weather|Sandstorm|[upkeep]\n|-damage|p1a: Greedent|235/347|[from] Sandstorm\n|-heal|p2a: Hippowdon|47/100 par|[from] item: Leftovers\n|upkeep\n|turn|4\n|inactive|Time left: 300 sec this turn | 300 sec total\n|\n|t:|1783545986\n|move|p1a: Greedent|Knock Off|p2a: Hippowdon\n|-damage|p2a: Hippowdon|24/100 par\n|-enditem|p2a: Hippowdon|Leftovers|[from] move: Knock Off|[of] p1a: Greedent\n|move|p2a: Hippowdon|Slack Off|p2a: Hippowdon\n|-heal|p2a: Hippowdon|74/100 par\n|\n|-weather|Sandstorm|[upkeep]\n|-damage|p1a: Greedent|214/347|[from] Sandstorm\n|upkeep\n|turn|5\n|inactive|Time left: 300 sec this turn | 300 sec total\n|\n|t:|1783545987\n|move|p1a: Greedent|Swords Dance|p1a: Greedent\n|-boost|p1a: Greedent|atk|2\n|move|p2a: Hippowdon|Earthquake|p1a: Greedent\n|-damage|p1a: Greedent|72/347\n|\n|-weather|none\n|upkeep\n|turn|6\n|inactive|Time left: 300 sec this turn | 300 sec total\n|\n|t:|1783545988\n|move|p1a: Greedent|Body Slam|p2a: Hippowdon\n|-damage|p2a: Hippowdon|23/100 par\n|move|p2a: Hippowdon|Earthquake|p1a: Greedent\n|-damage|p1a: Greedent|0 fnt\n|faint|p1a: Greedent\n|\n|upkeep\n|inactive|Time left: 300 sec this turn | 300 sec total | 5 sec grace\n|\n|t:|1783545989\n|switch|p1a: Bronzong|Bronzong, L88|261/261\n|turn|7\n|inactive|Time left: 300 sec this turn | 300 sec total\n|\n|t:|1783545990\n|move|p1a: Bronzong|Stealth Rock|p2a: Hippowdon\n|-sidestart|p2: p0y534ccd2|move: Stealth Rock\n|move|p2a: Hippowdon|Slack Off|p2a: Hippowdon\n|-heal|p2a: Hippowdon|73/100 par\n|\n|upkeep\n|turn|8\n|inactive|Time left: 300 sec this turn | 300 sec total\n|\n|t:|1783545991\n|move|p1a: Bronzong|Psychic Noise|p2a: Hippowdon\n|-damage|p2a: Hippowdon|47/100 par\n|-start|p2a: Hippowdon|move: Heal Block\n|cant|p2a: Hippowdon|move: Heal Block|Slack Off\n|\n|upkeep\n|turn|9\n|inactive|Time left: 300 sec this turn | 300 sec total\n|\n|t:|1783545992\n|move|p1a: Bronzong|Psychic Noise|p2a: Hippowdon\n|-damage|p2a: Hippowdon|21/100 par\n|move|p2a: Hippowdon|Earthquake|p1a: Bronzong\n|-immune|p1a: Bronzong|[from] ability: Levitate\n|\n|-end|p2a: Hippowdon|move: Heal Block\n|upkeep\n|turn|10\n|inactive|Time left: 300 sec this turn | 300 sec total\n|\n|t:|1783545993\n|move|p1a: Bronzong|Psychic Noise|p2a: Hippowdon\n|-damage|p2a: Hippowdon|0 fnt\n|faint|p2a: Hippowdon\n|\n|upkeep\n|\n|t:|1783545994\n|switch|p2a: Hitmontop|Hitmontop, L88, M|100/100\n|-damage|p2a: Hitmontop|94/100|[from] Stealth Rock\n|turn|11\n|inactive|Time left: 300 sec this turn | 300 sec total\n|\n|t:|1783545995\n|move|p2a: Hitmontop|Bulk Up|p2a: Hitmontop\n|-boost|p2a: Hitmontop|atk|1\n|-boost|p2a: Hitmontop|def|1\n|move|p1a: Bronzong|Psychic Noise|p2a: Hitmontop\n|-supereffective|p2a: Hitmontop\n|-damage|p2a: Hitmontop|37/100\n|-start|p2a: Hitmontop|move: Heal Block\n|\n|upkeep\n|turn|12\n|inactive|Time left: 300 sec this turn | 300 sec total\n|\n|t:|1783545996\n|move|p2a: Hitmontop|Rapid Spin|p1a: Bronzong\n|-resisted|p1a: Bronzong\n|-damage|p1a: Bronzong|230/261\n|-boost|p2a: Hitmontop|spe|1\n|-sideend|p2: p0y534ccd2|Stealth Rock|[from] move: Rapid Spin|[of] p2a: Hitmontop\n|move|p1a: Bronzong|Psychic Noise|p2a: Hitmontop\n|-supereffective|p2a: Hitmontop\n|-damage|p2a: Hitmontop|0 fnt\n|faint|p2a: Hitmontop\n|\n|-heal|p1a: Bronzong|246/261|[from] item: Leftovers\n|upkeep\n|\n|t:|1783545997\n|switch|p2a: Oranguru|Oranguru, L92, F|100/100\n|turn|13\n|inactive|Time left: 300 sec this turn | 300 sec total\n|\n|t:|1783545998\n|move|p2a: Oranguru|Nasty Plot|p2a: Oranguru\n|-boost|p2a: Oranguru|spa|2\n|move|p1a: Bronzong|Hypnosis|p2a: Oranguru|[miss]\n|-miss|p1a: Bronzong|p2a: Oranguru\n|\n|-heal|p1a: Bronzong|261/261|[from] item: Leftovers\n|upkeep\n|turn|14\n|inactive|Time left: 300 sec this turn | 300 sec total\n|\n|t:|1783545999\n|move|p2a: Oranguru|Thunderbolt|p1a: Bronzong\n|-damage|p1a: Bronzong|110/261\n|-damage|p2a: Oranguru|91/100|[from] item: Life Orb\n|move|p1a: Bronzong|Hypnosis|p2a: Oranguru|[miss]\n|-miss|p1a: Bronzong|p2a: Oranguru\n|\n|-heal|p1a: Bronzong|126/261|[from] item: Leftovers\n|upkeep\n|turn|15\n|inactive|Time left: 300 sec this turn | 300 sec total\n|\n|t:|1783546000\n|switch|p1a: Scovillain|Scovillain, L91, M|266/266\n|move|p2a: Oranguru|Thunderbolt|p1a: Scovillain\n|-resisted|p1a: Scovillain\n|-damage|p1a: Scovillain|162/266\n|-status|p1a: Scovillain|par\n|-damage|p2a: Oranguru|81/100|[from] item: Life Orb\n|\n|-heal|p1a: Scovillain|178/266 par|[from] item: Leftovers\n|upkeep\n|turn|16\n|inactive|Time left: 300 sec this turn | 300 sec total\n|\n|t:|1783546002\n|cant|p1a: Scovillain|par\n|move|p2a: Oranguru|Hyper Voice|p1a: Scovillain\n|-damage|p1a: Scovillain|0 fnt\n|faint|p1a: Scovillain\n|-damage|p2a: Oranguru|71/100|[from] item: Life Orb\n|\n|upkeep\n|inactive|Time left: 300 sec this turn | 300 sec total | 5 sec grace\n|\n|t:|1783546003\n|switch|p1a: Cinderace|Cinderace, L77, M|249/249\n|turn|17\n|inactive|Time left: 300 sec this turn | 300 sec total\n|\n|t:|1783546004\n|move|p1a: Cinderace|U-turn|p2a: Oranguru\n|-start|p1a: Cinderace|typechange|Bug|[from] ability: Libero\n|-supereffective|p2a: Oranguru\n|-damage|p2a: Oranguru|0 fnt\n|faint|p2a: Oranguru\n|inactive|Time left: 300 sec this turn | 300 sec total | 5 sec grace\n|\n|t:|1783546005\n|switch|p1a: Bronzong|Bronzong, L88|126/261|[from] U-turn\n|\n|-heal|p1a: Bronzong|142/261|[from] item: Leftovers\n|upkeep\n|\n|t:|1783546006\n|switch|p2a: Slowking|Slowking, L88, F|100/100\n|turn|18\n|inactive|Time left: 300 sec this turn | 300 sec total\n|\n|t:|1783546007\n|move|p1a: Bronzong|Hypnosis|p2a: Slowking\n|-status|p2a: Slowking|slp|[from] move: Hypnosis\n|cant|p2a: Slowking|slp\n|\n|-heal|p1a: Bronzong|158/261|[from] item: Leftovers\n|upkeep\n|turn|19\n|inactive|Time left: 300 sec this turn | 300 sec total\n|\n|t:|1783546008\n|move|p1a: Bronzong|Stealth Rock|p2a: Slowking\n|-sidestart|p2: p0y534ccd2|move: Stealth Rock\n|cant|p2a: Slowking|slp\n|\n|-heal|p1a: Bronzong|174/261|[from] item: Leftovers\n|upkeep\n|turn|20\n|inactive|Time left: 300 sec this turn | 300 sec total\n|\n|t:|1783546009\n|move|p1a: Bronzong|Iron Head|p2a: Slowking\n|-resisted|p2a: Slowking\n|-damage|p2a: Slowking|86/100 slp\n|-curestatus|p2a: Slowking|slp|[msg]\n|move|p2a: Slowking|Scald|p1a: Bronzong\n|-damage|p1a: Bronzong|93/261\n|\n|-heal|p1a: Bronzong|109/261|[from] item: Leftovers\n|upkeep\n|turn|21\n|inactive|Time left: 300 sec this turn | 300 sec total\n|\n|t:|1783546010\n|move|p1a: Bronzong|Hypnosis|p2a: Slowking\n|-status|p2a: Slowking|slp|[from] move: Hypnosis\n|cant|p2a: Slowking|slp\n|\n|-heal|p1a: Bronzong|125/261|[from] item: Leftovers\n|upkeep\n|turn|22\n|inactive|Time left: 300 sec this turn | 300 sec total\n|\n|t:|1783546011\n|move|p1a: Bronzong|Psychic Noise|p2a: Slowking\n|-resisted|p2a: Slowking\n|-damage|p2a: Slowking|77/100 slp\n|-start|p2a: Slowking|move: Heal Block\n|cant|p2a: Slowking|slp\n|\n|-heal|p1a: Bronzong|141/261|[from] item: Leftovers\n|upkeep\n|turn|23\n|inactive|Time left: 300 sec this turn | 300 sec total\n|\n|t:|1783546012\n|move|p1a: Bronzong|Iron Head|p2a: Slowking\n|-resisted|p2a: Slowking\n|-damage|p2a: Slowking|62/100 slp\n|-curestatus|p2a: Slowking|slp|[msg]\n|move|p2a: Slowking|Scald|p1a: Bronzong\n|-damage|p1a: Bronzong|68/261\n|-status|p1a: Bronzong|brn\n|\n|-heal|p1a: Bronzong|84/261 brn|[from] item: Leftovers\n|-damage|p1a: Bronzong|68/261 brn|[from] brn\n|-end|p2a: Slowking|move: Heal Block\n|upkeep\n|turn|24\n|inactive|Time left: 300 sec this turn | 300 sec total\n|\n|t:|1783546013\n|move|p1a: Bronzong|Psychic Noise|p2a: Slowking\n|-resisted|p2a: Slowking\n|-damage|p2a: Slowking|52/100\n|-start|p2a: Slowking|move: Heal Block\n|move|p2a: Slowking|Scald|p1a: Bronzong\n|-damage|p1a: Bronzong|0 fnt\n|faint|p1a: Bronzong\n|\n|upkeep\n|inactive|Time left: 300 sec this turn | 300 sec total | 5 sec grace\n|\n|t:|1783546013\n|switch|p1a: Cinderace|Cinderace, L77, M|249/249\n|turn|25\n|inactive|Time left: 300 sec this turn | 300 sec total\n|\n|t:|1783546014\n|switch|p2a: Gliscor|Gliscor, L76, F|100/100\n|-damage|p2a: Gliscor|88/100|[from] Stealth Rock\n|move|p1a: Cinderace|Gunk Shot|p2a: Gliscor\n|-start|p1a: Cinderace|typechange|Poison|[from] ability: Libero\n|-resisted|p2a: Gliscor\n|-damage|p2a: Gliscor|57/100\n|-status|p2a: Gliscor|psn\n|\n|-heal|p2a: Gliscor|70/100 psn|[from] ability: Poison Heal\n|upkeep\n|turn|26\n|inactive|Time left: 300 sec this turn | 300 sec total\n|\n|t:|1783546015\n|switch|p1a: Iron Valiant|Iron Valiant, L78|244/244\n|move|p2a: Gliscor|Earthquake|p1a: Iron Valiant\n|-damage|p1a: Iron Valiant|145/244\n|\n|-heal|p2a: Gliscor|82/100 psn|[from] ability: Poison Heal\n|upkeep\n|turn|27\n|inactive|Time left: 300 sec this turn | 300 sec total\n|\n|t:|1783546016\n|move|p2a: Gliscor|Protect|p2a: Gliscor\n|-singleturn|p2a: Gliscor|Protect\n|move|p1a: Iron Valiant|Moonblast|p2a: Gliscor\n|-activate|p2a: Gliscor|move: Protect\n|\n|-heal|p2a: Gliscor|94/100 psn|[from] ability: Poison Heal\n|upkeep\n|turn|28\n|inactive|Time left: 300 sec this turn | 300 sec total\n|\n|t:|1783546017\n|move|p1a: Iron Valiant|Moonblast|p2a: Gliscor\n|-damage|p2a: Gliscor|27/100 psn\n|-damage|p1a: Iron Valiant|121/244|[from] item: Life Orb\n|move|p2a: Gliscor|Earthquake|p1a: Iron Valiant\n|-damage|p1a: Iron Valiant|27/244\n|\n|-heal|p2a: Gliscor|39/100 psn|[from] ability: Poison Heal\n|upkeep\n|turn|29\n|inactive|Time left: 300 sec this turn | 300 sec total\n|\n|t:|1783546018\n|switch|p2a: Slowking|Slowking, L88, F|86/100\n|move|p1a: Iron Valiant|Moonblast|p2a: Slowking\n|-damage|p2a: Slowking|52/100\n|-damage|p1a: Iron Valiant|3/244|[from] item: Life Orb\n|\n|upkeep\n|turn|30\n|inactive|Time left: 300 sec this turn | 300 sec total\n|\n|t:|1783546019\n|move|p1a: Iron Valiant|Moonblast|p2a: Slowking\n|-damage|p2a: Slowking|15/100\n|-unboost|p2a: Slowking|spa|1\n|-damage|p1a: Iron Valiant|0 fnt|[from] item: Life Orb\n|faint|p1a: Iron Valiant\n|-end|p1a: Iron Valiant|Quark Drive|[silent]\n|move|p2a: Slowking|Slack Off|p2a: Slowking\n|-heal|p2a: Slowking|65/100\n|\n|upkeep\n|inactive|Time left: 300 sec this turn | 300 sec total | 5 sec grace\n|\n|t:|1783546020\n|switch|p1a: Cinderace|Cinderace, L77, M|249/249\n|turn|31\n|inactive|Time left: 300 sec this turn | 300 sec total\n|\n|t:|1783546021\n|switch|p2a: Gliscor|Gliscor, L76, F|39/100 psn\n|-damage|p2a: Gliscor|27/100 psn|[from] Stealth Rock\n|move|p1a: Cinderace|Gunk Shot|p2a: Gliscor\n|-start|p1a: Cinderace|typechange|Poison|[from] ability: Libero\n|-resisted|p2a: Gliscor\n|-damage|p2a: Gliscor|0 fnt\n|faint|p2a: Gliscor\n|\n|upkeep\n|\n|t:|1783546022\n|switch|p2a: Zebstrika|Zebstrika, L87, F|100/100\n|-damage|p2a: Zebstrika|88/100|[from] Stealth Rock\n|turn|32\n|inactive|Time left: 300 sec this turn | 300 sec total\n|\n|t:|1783546023\n|-terastallize|p2a: Zebstrika|Ground\n|-terastallize|p1a: Cinderace|Fighting\n|move|p2a: Zebstrika|High Horsepower|p1a: Cinderace\n|-damage|p1a: Cinderace|64/249\n|-damage|p2a: Zebstrika|78/100|[from] item: Life Orb\n|move|p1a: Cinderace|Gunk Shot|p2a: Zebstrika\n|-resisted|p2a: Zebstrika\n|-damage|p2a: Zebstrika|37/100\n|\n|upkeep\n|turn|33\n|inactive|Time left: 300 sec this turn | 300 sec total\n|\n|t:|1783546023\n|move|p2a: Zebstrika|High Horsepower|p1a: Cinderace\n|-damage|p1a: Cinderace|0 fnt\n|faint|p1a: Cinderace\n|-damage|p2a: Zebstrika|27/100|[from] item: Life Orb\n|\n|upkeep\n|inactive|Time left: 300 sec this turn | 300 sec total | 5 sec grace\n|\n|t:|1783546024\n|switch|p1a: Toxapex|Toxapex, L82, F|216/216\n|turn|34\n|inactive|Time left: 300 sec this turn | 300 sec total\n|\n|t:|1783546025\n|move|p2a: Zebstrika|Supercell Slam|p1a: Toxapex\n|-supereffective|p1a: Toxapex\n|-damage|p1a: Toxapex|5/216\n|-damage|p2a: Zebstrika|17/100|[from] item: Life Orb\n|move|p1a: Toxapex|Liquidation|p2a: Zebstrika\n|-supereffective|p2a: Zebstrika\n|-damage|p2a: Zebstrika|0 fnt\n|faint|p2a: Zebstrika\n|\n|-heal|p1a: Toxapex|18/216|[from] item: Leftovers\n|upkeep\n|\n|t:|1783546026\n|switch|p2a: Slowking|Slowking, L88, F|99/100\n|turn|35\n|inactive|Time left: 300 sec this turn | 300 sec total\n|\n|t:|1783546026\n|move|p1a: Toxapex|Recover|p1a: Toxapex\n|-heal|p1a: Toxapex|126/216\n|move|p2a: Slowking|Psyshock|p1a: Toxapex\n|-supereffective|p1a: Toxapex\n|-damage|p1a: Toxapex|0 fnt\n|faint|p1a: Toxapex\n|\n|win|p0y534ccd2", "uploadtime": 1783546026, "views": 0, "rating": 0, "private": 0, "password": null, "_winner": "p0y534ccd2", "_our_name": "p0x53481de"}