{"id": "battle-gen9randombattle-2696", "formatid": "gen9randombattle", "format": "[Gen 9] Random Battle", "players": ["p0x26966971", "p0y2696f2b5"], "log": "|init|battle\n|title|p0x26966971 vs. p0y2696f2b5\n|j|\u2606p0x26966971\n|j|\u2606p0y2696f2b5\n|t:|1783571097\n|gametype|singles\n|player|p1|p0x26966971|1|\n|player|p2|p0y2696f2b5|170|\n|gen|9\n|tier|[Gen 9] Random Battle\n|rule|Species Clause: Limit one of each Pok\u00e9mon\n|rule|HP Percentage Mod: HP is shown in percentages\n|rule|Sleep Clause Mod: Limit one foe put to sleep\n|rule|Illusion Level Mod: Illusion disguises the Pok\u00e9mon's true level\n|\n|t:|1783571097\n|teamsize|p1|6\n|teamsize|p2|6\n|start\n|switch|p1a: Quagsire|Quagsire, L84, F|297/297\n|switch|p2a: Dragapult|Dragapult, L77, F|100/100\n|turn|1\n|inactive|Battle timer is ON: inactive players will automatically lose when time's up. (requested by p0x26966971)\n|inactive|p0y2696f2b5 also wants the timer to be on.\n|\n|t:|1783571098\n|move|p2a: Dragapult|Will-O-Wisp|p1a: Quagsire\n|-status|p1a: Quagsire|brn\n|move|p1a: Quagsire|Earthquake|p2a: Dragapult\n|-damage|p2a: Dragapult|79/100\n|-start|p1a: Quagsire|Disable|Earthquake|[from] ability: Cursed Body|[of] p2a: Dragapult\n|\n|-damage|p1a: Quagsire|279/297 brn|[from] brn\n|upkeep\n|turn|2\n|inactive|Time left: 300 sec this turn | 300 sec total\n|\n|t:|1783571099\n|switch|p1a: Magearna|Magearna-Original, L77|250/250\n|move|p2a: Dragapult|Dragon Darts|p1a: Magearna\n|-immune|p1a: Magearna\n|\n|upkeep\n|turn|3\n|inactive|Time left: 300 sec this turn | 300 sec total\n|\n|t:|1783571100\n|switch|p2a: Gumshoos|Gumshoos, L95, F|100/100\n|move|p1a: Magearna|Shift Gear|p1a: Magearna\n|-boost|p1a: Magearna|spe|2\n|-boost|p1a: Magearna|atk|1\n|\n|upkeep\n|turn|4\n|inactive|Time left: 300 sec this turn | 300 sec total\n|\n|t:|1783571101\n|move|p1a: Magearna|Calm Mind|p1a: Magearna\n|-boost|p1a: Magearna|spa|1\n|-boost|p1a: Magearna|spd|1\n|move|p2a: Gumshoos|Earthquake|p1a: Magearna\n|-supereffective|p1a: Magearna\n|-damage|p1a: Magearna|0 fnt\n|faint|p1a: Magearna\n|\n|upkeep\n|inactive|Time left: 300 sec this turn | 300 sec total | 5 sec grace\n|\n|t:|1783571102\n|switch|p1a: Victreebel|Victreebel, L90, F|290/290\n|turn|5\n|inactive|Time left: 300 sec this turn | 300 sec total\n|\n|t:|1783571103\n|move|p1a: Victreebel|Swords Dance|p1a: Victreebel\n|-boost|p1a: Victreebel|atk|2\n|move|p2a: Gumshoos|Earthquake|p1a: Victreebel\n|-damage|p1a: Victreebel|128/290\n|\n|upkeep\n|turn|6\n|inactive|Time left: 300 sec this turn | 300 sec total\n|\n|t:|1783571104\n|switch|p2a: Dialga|Dialga, L73|100/100\n|-ability|p2a: Dialga|Pressure\n|move|p1a: Victreebel|Power Whip|p2a: Dialga\n|-resisted|p2a: Dialga\n|-damage|p2a: Dialga|69/100\n|-damage|p1a: Victreebel|99/290|[from] item: Life Orb\n|\n|upkeep\n|turn|7\n|inactive|Time left: 300 sec this turn | 300 sec total\n|\n|t:|1783571105\n|-terastallize|p1a: Victreebel|Dark\n|move|p1a: Victreebel|Sucker Punch|p2a: Dialga\n|-damage|p2a: Dialga|0 fnt\n|faint|p2a: Dialga\n|-damage|p1a: Victreebel|70/290|[from] item: Life Orb\n|\n|upkeep\n|\n|t:|1783571107\n|switch|p2a: Dragapult|Dragapult, L77, F|79/100\n|turn|8\n|inactive|Time left: 300 sec this turn | 300 sec total\n|\n|t:|1783571108\n|move|p1a: Victreebel|Sucker Punch||[still]\n|-fail|p1a: Victreebel\n|move|p2a: Dragapult|Will-O-Wisp|p1a: Victreebel\n|-status|p1a: Victreebel|brn\n|\n|-damage|p1a: Victreebel|52/290 brn|[from] brn\n|upkeep\n|turn|9\n|inactive|Time left: 300 sec this turn | 300 sec total\n|\n|t:|1783571109\n|switch|p2a: Victreebel|Victreebel, L90, M|100/100\n|move|p1a: Victreebel|Sucker Punch||[still]\n|-fail|p1a: Victreebel\n|\n|-damage|p1a: Victreebel|34/290 brn|[from] brn\n|upkeep\n|turn|10\n|inactive|Time left: 300 sec this turn | 300 sec total\n|\n|t:|1783571110\n|move|p1a: Victreebel|Poison Jab|p2a: Victreebel\n|-damage|p2a: Victreebel|46/100\n|-damage|p1a: Victreebel|5/290 brn|[from] item: Life Orb\n|move|p2a: Victreebel|Swords Dance|p2a: Victreebel\n|-boost|p2a: Victreebel|atk|2\n|\n|-damage|p1a: Victreebel|0 fnt|[from] brn\n|faint|p1a: Victreebel\n|upkeep\n|inactive|Time left: 300 sec this turn | 300 sec total | 5 sec grace\n|\n|t:|1783571111\n|switch|p1a: Phione|Phione, L91|293/293\n|turn|11\n|inactive|Time left: 300 sec this turn | 300 sec total\n|\n|t:|1783571112\n|move|p1a: Phione|Ice Beam|p2a: Victreebel\n|-supereffective|p2a: Victreebel\n|-crit|p2a: Victreebel\n|-damage|p2a: Victreebel|0 fnt\n|faint|p2a: Victreebel\n|\n|upkeep\n|\n|t:|1783571113\n|switch|p2a: Sceptile|Sceptile, L87, M|100/100\n|turn|12\n|inactive|Time left: 300 sec this turn | 300 sec total\n|\n|t:|1783571114\n|move|p2a: Sceptile|Leaf Blade|p1a: Phione\n|-supereffective|p1a: Phione\n|-damage|p1a: Phione|75/293\n|-damage|p2a: Sceptile|91/100|[from] item: Life Orb\n|move|p1a: Phione|Scald|p2a: Sceptile\n|-resisted|p2a: Sceptile\n|-damage|p2a: Sceptile|74/100\n|\n|-heal|p1a: Phione|93/293|[from] item: Leftovers\n|upkeep\n|turn|13\n|inactive|Time left: 300 sec this turn | 300 sec total\n|\n|t:|1783571115\n|move|p2a: Sceptile|Leaf Blade|p1a: Phione\n|-supereffective|p1a: Phione\n|-crit|p1a: Phione\n|-damage|p1a: Phione|0 fnt\n|faint|p1a: Phione\n|-damage|p2a: Sceptile|64/100|[from] item: Life Orb\n|\n|upkeep\n|inactive|Time left: 300 sec this turn | 300 sec total | 5 sec grace\n|\n|t:|1783571116\n|switch|p1a: Klefki|Klefki, L84, F|233/233\n|turn|14\n|inactive|Time left: 300 sec this turn | 300 sec total\n|\n|t:|1783571117\n|move|p2a: Sceptile|Earthquake|p1a: Klefki\n|-supereffective|p1a: Klefki\n|-damage|p1a: Klefki|74/233\n|-damage|p2a: Sceptile|54/100|[from] item: Life Orb\n|move|p1a: Klefki|Foul Play|p2a: Sceptile\n|-damage|p2a: Sceptile|23/100\n|\n|-heal|p1a: Klefki|88/233|[from] item: Leftovers\n|upkeep\n|turn|15\n|inactive|Time left: 300 sec this turn | 300 sec total\n|\n|t:|1783571118\n|move|p1a: Klefki|Thunder Wave|p2a: Sceptile\n|-status|p2a: Sceptile|par\n|move|p2a: Sceptile|Earthquake|p1a: Klefki\n|-supereffective|p1a: Klefki\n|-damage|p1a: Klefki|0 fnt\n|faint|p1a: Klefki\n|-damage|p2a: Sceptile|13/100 par|[from] item: Life Orb\n|\n|upkeep\n|inactive|Time left: 300 sec this turn | 300 sec total | 5 sec grace\n|\n|t:|1783571119\n|switch|p1a: Clodsire|Clodsire, L81, M|343/343\n|turn|16\n|inactive|Time left: 300 sec this turn | 300 sec total\n|\n|t:|1783571120\n|switch|p2a: Gumshoos|Gumshoos, L95, F|100/100\n|move|p1a: Clodsire|Recover||[still]\n|-fail|p1a: Clodsire|heal\n|\n|upkeep\n|turn|17\n|inactive|Time left: 300 sec this turn | 300 sec total\n|\n|t:|1783571121\n|-terastallize|p2a: Gumshoos|Normal\n|move|p2a: Gumshoos|Double-Edge|p1a: Clodsire\n|-damage|p1a: Clodsire|0 fnt\n|faint|p1a: Clodsire\n|-damage|p2a: Gumshoos|65/100|[from] Recoil\n|\n|upkeep\n|inactive|Time left: 300 sec this turn | 300 sec total | 5 sec grace\n|\n|t:|1783571121\n|switch|p1a: Quagsire|Quagsire, L84, F|279/297 brn\n|turn|18\n|inactive|Time left: 300 sec this turn | 300 sec total\n|\n|t:|1783571122\n|move|p2a: Gumshoos|Double-Edge|p1a: Quagsire\n|-damage|p1a: Quagsire|0 fnt\n|faint|p1a: Quagsire\n|-damage|p2a: Gumshoos|37/100|[from] Recoil\n|\n|win|p0y2696f2b5", "uploadtime": 1783571122, "views": 0, "rating": 0, "private": 0, "password": null, "_winner": "p0y2696f2b5", "_our_name": "p0x26966971"}