{"id": "battle-gen9randombattle-1880", "formatid": "gen9randombattle", "format": "[Gen 9] Random Battle", "players": ["p0x1880386f", "p0y188006a0"], "log": "|init|battle\n|title|p0x1880386f vs. p0y188006a0\n|j|\u2606p0x1880386f\n|j|\u2606p0y188006a0\n|t:|1783561770\n|gametype|singles\n|player|p1|p0x1880386f|2|\n|player|p2|p0y188006a0|101|\n|gen|9\n|tier|[Gen 9] Random Battle\n|rule|Species Clause: Limit one of each Pok\u00e9mon\n|rule|HP Percentage Mod: HP is shown in percentages\n|rule|Sleep Clause Mod: Limit one foe put to sleep\n|rule|Illusion Level Mod: Illusion disguises the Pok\u00e9mon's true level\n|\n|t:|1783561770\n|teamsize|p1|6\n|teamsize|p2|6\n|start\n|switch|p1a: Ting-Lu|Ting-Lu, L78|370/370\n|switch|p2a: Medicham|Medicham, L86, M|100/100\n|-ability|p1a: Ting-Lu|Vessel of Ruin\n|turn|1\n|inactive|Battle timer is ON: inactive players will automatically lose when time's up. (requested by p0y188006a0)\n|inactive|Time left: 300 sec this turn | 300 sec total | 60 sec grace\n|inactive|p0x1880386f also wants the timer to be on.\n|\n|t:|1783561772\n|move|p2a: Medicham|Close Combat|p1a: Ting-Lu\n|-supereffective|p1a: Ting-Lu\n|-damage|p1a: Ting-Lu|86/370\n|-unboost|p2a: Medicham|def|1\n|-unboost|p2a: Medicham|spd|1\n|move|p1a: Ting-Lu|Spikes|p2a: Medicham\n|-sidestart|p2: p0y188006a0|Spikes\n|\n|-heal|p1a: Ting-Lu|109/370|[from] item: Leftovers\n|upkeep\n|turn|2\n|inactive|Time left: 300 sec this turn | 300 sec total\n|\n|t:|1783561773\n|switch|p1a: Banette|Banette, L93, M|270/270\n|move|p2a: Medicham|Close Combat|p1a: Banette\n|-immune|p1a: Banette\n|\n|upkeep\n|turn|3\n|inactive|Time left: 300 sec this turn | 300 sec total\n|\n|t:|1783561774\n|switch|p2a: Snorlax|Snorlax, L82, F|100/100\n|-damage|p2a: Snorlax|88/100|[from] Spikes\n|move|p1a: Banette|Swords Dance|p1a: Banette\n|-boost|p1a: Banette|atk|2\n|\n|-heal|p2a: Snorlax|94/100|[from] item: Leftovers\n|upkeep\n|turn|4\n|inactive|Time left: 300 sec this turn | 300 sec total\n|\n|t:|1783561775\n|move|p1a: Banette|Gunk Shot|p2a: Snorlax\n|-damage|p2a: Snorlax|0 fnt\n|faint|p2a: Snorlax\n|-damage|p1a: Banette|243/270|[from] item: Life Orb\n|\n|upkeep\n|\n|t:|1783561776\n|switch|p2a: Houndoom|Houndoom, L87, F|100/100\n|turn|5\n|inactive|Time left: 300 sec this turn | 300 sec total\n|\n|t:|1783561777\n|-terastallize|p1a: Banette|Poison\n|move|p2a: Houndoom|Dark Pulse|p1a: Banette\n|-damage|p1a: Banette|132/270\n|-start|p2a: Houndoom|Disable|Dark Pulse|[from] ability: Cursed Body|[of] p1a: Banette\n|cant|p1a: Banette|flinch\n|\n|upkeep\n|turn|6\n|inactive|Time left: 300 sec this turn | 300 sec total\n|\n|t:|1783561778\n|move|p2a: Houndoom|Fire Blast|p1a: Banette\n|-damage|p1a: Banette|0 fnt\n|faint|p1a: Banette\n|\n|upkeep\n|inactive|Time left: 300 sec this turn | 300 sec total | 5 sec grace\n|\n|t:|1783561779\n|switch|p1a: Gurdurr|Gurdurr, L85, M|283/283\n|turn|7\n|inactive|Time left: 300 sec this turn | 300 sec total\n|\n|t:|1783561780\n|switch|p2a: Medicham|Medicham, L86, M|100/100\n|-damage|p2a: Medicham|88/100|[from] Spikes\n|move|p1a: Gurdurr|Drain Punch|p2a: Medicham\n|-resisted|p2a: Medicham\n|-damage|p2a: Medicham|70/100\n|\n|upkeep\n|turn|8\n|inactive|Time left: 300 sec this turn | 300 sec total\n|\n|t:|1783561781\n|move|p2a: Medicham|Zen Headbutt|p1a: Gurdurr\n|-supereffective|p1a: Gurdurr\n|-damage|p1a: Gurdurr|113/283\n|move|p1a: Gurdurr|Knock Off|p2a: Medicham\n|-damage|p2a: Medicham|35/100\n|-enditem|p2a: Medicham|Choice Scarf|[from] move: Knock Off|[of] p1a: Gurdurr\n|\n|upkeep\n|turn|9\n|inactive|Time left: 300 sec this turn | 300 sec total\n|\n|t:|1783561782\n|switch|p1a: Dipplin|Dipplin, L88, F|284/284\n|move|p2a: Medicham|Close Combat|p1a: Dipplin\n|-crit|p1a: Dipplin\n|-damage|p1a: Dipplin|124/284\n|-unboost|p2a: Medicham|def|1\n|-unboost|p2a: Medicham|spd|1\n|\n|upkeep\n|turn|10\n|inactive|Time left: 300 sec this turn | 300 sec total\n|\n|t:|1783561783\n|move|p2a: Medicham|Ice Punch|p1a: Dipplin\n|-supereffective|p1a: Dipplin\n|-damage|p1a: Dipplin|0 fnt\n|faint|p1a: Dipplin\n|\n|upkeep\n|inactive|Time left: 300 sec this turn | 300 sec total | 5 sec grace\n|\n|t:|1783561784\n|switch|p1a: Porygon-Z|Porygon-Z, L83|277/277\n|turn|11\n|inactive|Time left: 300 sec this turn | 300 sec total\n|\n|t:|1783561785\n|move|p1a: Porygon-Z|Tera Blast|p2a: Medicham\n|-crit|p2a: Medicham\n|-damage|p2a: Medicham|0 fnt\n|faint|p2a: Medicham\n|-damage|p1a: Porygon-Z|250/277|[from] item: Life Orb\n|\n|upkeep\n|\n|t:|1783561786\n|switch|p2a: Baxcalibur|Baxcalibur, L75, F|100/100\n|turn|12\n|inactive|Time left: 300 sec this turn | 300 sec total\n|\n|t:|1783561787\n|move|p1a: Porygon-Z|Tera Blast|p2a: Baxcalibur\n|-damage|p2a: Baxcalibur|27/100\n|-damage|p1a: Porygon-Z|223/277|[from] item: Life Orb\n|move|p2a: Baxcalibur|Dragon Dance|p2a: Baxcalibur\n|-boost|p2a: Baxcalibur|atk|1\n|-boost|p2a: Baxcalibur|spe|1\n|\n|upkeep\n|turn|13\n|inactive|Time left: 300 sec this turn | 300 sec total\n|\n|t:|1783561788\n|switch|p1a: Tinkaton|Tinkaton, L82, F|274/274\n|-ability|p1a: Tinkaton|Mold Breaker\n|move|p2a: Baxcalibur|Glaive Rush|p1a: Tinkaton\n|-immune|p1a: Tinkaton\n|\n|upkeep\n|turn|14\n|inactive|Time left: 300 sec this turn | 300 sec total\n|\n|t:|1783561789\n|switch|p1a: Gurdurr|Gurdurr, L85, M|113/283\n|-terastallize|p2a: Baxcalibur|Ground\n|move|p2a: Baxcalibur|Earthquake|p1a: Gurdurr\n|-damage|p1a: Gurdurr|0 fnt\n|faint|p1a: Gurdurr\n|\n|upkeep\n|inactive|Time left: 300 sec this turn | 300 sec total | 5 sec grace\n|\n|t:|1783561790\n|switch|p1a: Ting-Lu|Ting-Lu, L78|109/370\n|-ability|p1a: Ting-Lu|Vessel of Ruin\n|turn|15\n|inactive|Time left: 300 sec this turn | 300 sec total\n|\n|t:|1783561790\n|move|p2a: Baxcalibur|Earthquake|p1a: Ting-Lu\n|-damage|p1a: Ting-Lu|0 fnt\n|faint|p1a: Ting-Lu\n|\n|upkeep\n|inactive|Time left: 300 sec this turn | 300 sec total | 5 sec grace\n|\n|t:|1783561791\n|switch|p1a: Porygon-Z|Porygon-Z, L83|223/277\n|turn|16\n|inactive|Time left: 300 sec this turn | 300 sec total\n|\n|t:|1783561792\n|switch|p1a: Tinkaton|Tinkaton, L82, F|274/274\n|-ability|p1a: Tinkaton|Mold Breaker\n|move|p2a: Baxcalibur|Glaive Rush|p1a: Tinkaton\n|-immune|p1a: Tinkaton\n|\n|upkeep\n|turn|17\n|inactive|Time left: 300 sec this turn | 300 sec total\n|\n|t:|1783561793\n|switch|p1a: Porygon-Z|Porygon-Z, L83|223/277\n|move|p2a: Baxcalibur|Earthquake|p1a: Porygon-Z\n|-damage|p1a: Porygon-Z|0 fnt\n|faint|p1a: Porygon-Z\n|\n|upkeep\n|inactive|Time left: 300 sec this turn | 300 sec total | 5 sec grace\n|\n|t:|1783561793\n|switch|p1a: Tinkaton|Tinkaton, L82, F|274/274\n|-ability|p1a: Tinkaton|Mold Breaker\n|turn|18\n|inactive|Time left: 300 sec this turn | 300 sec total\n|\n|t:|1783561794\n|move|p2a: Baxcalibur|Earthquake|p1a: Tinkaton\n|-supereffective|p1a: Tinkaton\n|-damage|p1a: Tinkaton|0 fnt\n|faint|p1a: Tinkaton\n|\n|win|p0y188006a0", "uploadtime": 1783561794, "views": 0, "rating": 0, "private": 0, "password": null, "_winner": "p0y188006a0", "_our_name": "p0x1880386f"}