{"id": "battle-gen9randombattle-708", "formatid": "gen9randombattle", "format": "[Gen 9] Random Battle", "players": ["p0x7083d4f", "p0y7082511"], "log": "|init|battle\n|title|p0x7083d4f vs. p0y7082511\n|j|\u2606p0x7083d4f\n|j|\u2606p0y7082511\n|t:|1783548038\n|gametype|singles\n|player|p1|p0x7083d4f|101|\n|player|p2|p0y7082511|266|\n|gen|9\n|tier|[Gen 9] Random Battle\n|rule|Species Clause: Limit one of each Pok\u00e9mon\n|rule|HP Percentage Mod: HP is shown in percentages\n|rule|Sleep Clause Mod: Limit one foe put to sleep\n|rule|Illusion Level Mod: Illusion disguises the Pok\u00e9mon's true level\n|\n|t:|1783548038\n|teamsize|p1|6\n|teamsize|p2|6\n|start\n|switch|p1a: Delphox|Delphox, L84, M|100/100\n|switch|p2a: Breloom|Breloom, L83, F|235/235\n|turn|1\n|inactive|Battle timer is ON: inactive players will automatically lose when time's up. (requested by p0x7083d4f)\n|inactive|Time left: 300 sec this turn | 300 sec total | 60 sec grace\n|inactive|p0y7082511 also wants the timer to be on.\n|\n|t:|1783548040\n|move|p1a: Delphox|Fire Blast|p2a: Breloom|[miss]\n|-miss|p1a: Delphox|p2a: Breloom\n|move|p2a: Breloom|Rock Tomb|p1a: Delphox\n|-supereffective|p1a: Delphox\n|-damage|p1a: Delphox|5/100\n|-unboost|p1a: Delphox|spe|1\n|-damage|p2a: Breloom|212/235|[from] item: Life Orb\n|\n|upkeep\n|turn|2\n|inactive|Time left: 300 sec this turn | 300 sec total\n|\n|t:|1783548042\n|move|p2a: Breloom|Mach Punch|p1a: Delphox\n|-resisted|p1a: Delphox\n|-damage|p1a: Delphox|0 fnt\n|faint|p1a: Delphox\n|-damage|p2a: Breloom|189/235|[from] item: Life Orb\n|\n|upkeep\n|\n|t:|1783548043\n|switch|p1a: Blaziken|Blaziken, L76, F|100/100\n|turn|3\n|inactive|Time left: 300 sec this turn | 300 sec total\n|\n|t:|1783548044\n|move|p2a: Breloom|Mach Punch|p1a: Blaziken\n|-damage|p1a: Blaziken|47/100\n|-damage|p2a: Breloom|166/235|[from] item: Life Orb\n|move|p1a: Blaziken|Flare Blitz|p2a: Breloom\n|-supereffective|p2a: Breloom\n|-damage|p2a: Breloom|0 fnt\n|faint|p2a: Breloom\n|-damage|p1a: Blaziken|24/100|[from] Recoil\n|-damage|p1a: Blaziken|15/100|[from] item: Life Orb\n|\n|-ability|p1a: Blaziken|Speed Boost|boost\n|-boost|p1a: Blaziken|spe|1\n|upkeep\n|inactive|Time left: 300 sec this turn | 300 sec total | 5 sec grace\n|\n|t:|1783548045\n|switch|p2a: Wugtrio|Wugtrio, L91, F|212/212\n|turn|4\n|inactive|Time left: 300 sec this turn | 300 sec total\n|\n|t:|1783548046\n|switch|p1a: Gumshoos|Gumshoos, L95, F|100/100\n|move|p2a: Wugtrio|Liquidation|p1a: Gumshoos\n|-damage|p1a: Gumshoos|39/100\n|\n|upkeep\n|turn|5\n|inactive|Time left: 300 sec this turn | 300 sec total\n|\n|t:|1783548047\n|switch|p1a: Clawitzer|Clawitzer, L87, M|100/100\n|move|p2a: Wugtrio|Liquidation|p1a: Clawitzer\n|-resisted|p1a: Clawitzer\n|-damage|p1a: Clawitzer|73/100\n|\n|upkeep\n|turn|6\n|inactive|Time left: 300 sec this turn | 300 sec total\n|\n|t:|1783548048\n|move|p2a: Wugtrio|Liquidation|p1a: Clawitzer\n|-resisted|p1a: Clawitzer\n|-damage|p1a: Clawitzer|42/100\n|move|p1a: Clawitzer|Aura Sphere|p2a: Wugtrio\n|-damage|p2a: Wugtrio|98/212\n|\n|upkeep\n|turn|7\n|inactive|Time left: 300 sec this turn | 300 sec total\n|\n|t:|1783548049\n|switch|p2a: Indeedee|Indeedee-F, L90, F|272/272\n|-fieldstart|move: Psychic Terrain|[from] ability: Psychic Surge|[of] p2a: Indeedee\n|move|p1a: Clawitzer|Aura Sphere|p2a: Indeedee\n|-damage|p2a: Indeedee|178/272\n|\n|upkeep\n|turn|8\n|inactive|Time left: 300 sec this turn | 300 sec total\n|\n|t:|1783548051\n|move|p2a: Indeedee|Psyshock|p1a: Clawitzer\n|-damage|p1a: Clawitzer|0 fnt\n|faint|p1a: Clawitzer\n|\n|upkeep\n|\n|t:|1783548052\n|switch|p1a: Blaziken|Blaziken, L76, F|100/100\n|turn|9\n|inactive|Time left: 300 sec this turn | 300 sec total\n|\n|t:|1783548053\n|move|p1a: Blaziken|Nasty Plot|p1a: Blaziken\n|-boost|p1a: Blaziken|spa|2\n|move|p2a: Indeedee|Psyshock|p1a: Blaziken\n|-immune|p1a: Blaziken\n|\n|upkeep\n|turn|10\n|inactive|Time left: 300 sec this turn | 300 sec total\n|\n|t:|1783548054\n|move|p1a: Blaziken|Sludge Bomb|p2a: Indeedee\n|-damage|p2a: Indeedee|27/272\n|-status|p2a: Indeedee|psn\n|-damage|p1a: Blaziken|91/100|[from] item: Life Orb\n|move|p2a: Indeedee|Psyshock|p1a: Blaziken\n|-immune|p1a: Blaziken\n|\n|-damage|p2a: Indeedee|0 fnt|[from] psn\n|faint|p2a: Indeedee\n|upkeep\n|inactive|Time left: 300 sec this turn | 300 sec total | 5 sec grace\n|\n|t:|1783548055\n|switch|p2a: Wugtrio|Wugtrio, L91, F|98/212\n|turn|11\n|inactive|Time left: 300 sec this turn | 300 sec total\n|\n|t:|1783548056\n|move|p2a: Wugtrio|Liquidation|p1a: Blaziken\n|-crit|p1a: Blaziken\n|-damage|p1a: Blaziken|0 fnt\n|replace|p1a: Zoroark|Zoroark, L83, M\n|-end|p1a: Zoroark|Illusion\n|-hint|Illusion Level Mod is active, so this Pok\u00e9mon's true level was hidden.\n|faint|p1a: Zoroark\n|\n|-fieldend|move: Psychic Terrain\n|upkeep\n|\n|t:|1783548057\n|switch|p1a: Crabominable|Crabominable, L90, M|100/100\n|turn|12\n|inactive|Time left: 300 sec this turn | 300 sec total\n|\n|t:|1783548058\n|move|p2a: Wugtrio|Liquidation|p1a: Crabominable\n|-damage|p1a: Crabominable|46/100\n|move|p1a: Crabominable|Earthquake|p2a: Wugtrio\n|-damage|p2a: Wugtrio|0 fnt\n|faint|p2a: Wugtrio\n|\n|upkeep\n|inactive|Time left: 300 sec this turn | 300 sec total | 5 sec grace\n|\n|t:|1783548059\n|switch|p2a: Skeledirge|Skeledirge, L79, F|294/294\n|turn|13\n|inactive|Time left: 300 sec this turn | 300 sec total\n|\n|t:|1783548060\n|-terastallize|p1a: Crabominable|Ground\n|move|p2a: Skeledirge|Torch Song|p1a: Crabominable\n|-damage|p1a: Crabominable|28/100\n|-boost|p2a: Skeledirge|spa|1\n|move|p1a: Crabominable|Earthquake|p2a: Skeledirge\n|-supereffective|p2a: Skeledirge\n|-crit|p2a: Skeledirge\n|-damage|p2a: Skeledirge|0 fnt\n|faint|p2a: Skeledirge\n|\n|upkeep\n|inactive|Time left: 300 sec this turn | 300 sec total | 5 sec grace\n|\n|t:|1783548061\n|switch|p2a: Feraligatr|Feraligatr, L79, F|264/264\n|turn|14\n|inactive|Time left: 300 sec this turn | 300 sec total\n|\n|t:|1783548062\n|switch|p1a: Blaziken|Blaziken, L76, F|15/100\n|move|p2a: Feraligatr|Liquidation|p1a: Blaziken\n|-supereffective|p1a: Blaziken\n|-damage|p1a: Blaziken|0 fnt\n|faint|p1a: Blaziken\n|\n|upkeep\n|\n|t:|1783548063\n|switch|p1a: Crabominable|Crabominable, L90, M, tera:Ground|28/100\n|turn|15\n|inactive|Time left: 300 sec this turn | 300 sec total\n|\n|t:|1783548064\n|move|p2a: Feraligatr|Liquidation|p1a: Crabominable\n|-supereffective|p1a: Crabominable\n|-damage|p1a: Crabominable|0 fnt\n|faint|p1a: Crabominable\n|\n|upkeep\n|\n|t:|1783548065\n|switch|p1a: Gumshoos|Gumshoos, L95, F|39/100\n|turn|16\n|inactive|Time left: 300 sec this turn | 300 sec total\n|\n|t:|1783548066\n|move|p2a: Feraligatr|Liquidation|p1a: Gumshoos\n|-damage|p1a: Gumshoos|0 fnt\n|faint|p1a: Gumshoos\n|\n|win|p0y7082511", "uploadtime": 1783548066, "views": 0, "rating": 0, "private": 0, "password": null, "_winner": "p0y7082511", "_our_name": "p0y7082511"}