{"id": "battle-gen9randombattle-2786", "formatid": "gen9randombattle", "format": "[Gen 9] Random Battle", "players": ["p0x27867580", "p0y27869b8d"], "log": "|init|battle\n|title|p0x27867580 vs. p0y27869b8d\n|j|\u2606p0x27867580\n|j|\u2606p0y27869b8d\n|t:|1783571103\n|gametype|singles\n|player|p1|p0x27867580|170|\n|player|p2|p0y27869b8d|1|\n|gen|9\n|tier|[Gen 9] Random Battle\n|rule|Species Clause: Limit one of each Pok\u00e9mon\n|rule|HP Percentage Mod: HP is shown in percentages\n|rule|Sleep Clause Mod: Limit one foe put to sleep\n|rule|Illusion Level Mod: Illusion disguises the Pok\u00e9mon's true level\n|\n|t:|1783571103\n|teamsize|p1|6\n|teamsize|p2|6\n|start\n|switch|p1a: Rotom|Rotom-Frost, L87|100/100\n|switch|p2a: Sudowoodo|Sudowoodo, L94, M|284/284\n|turn|1\n|inactive|Battle timer is ON: inactive players will automatically lose when time's up. (requested by p0x27867580)\n|inactive|Time left: 300 sec this turn | 300 sec total | 60 sec grace\n|inactive|p0y27869b8d also wants the timer to be on.\n|\n|t:|1783571105\n|move|p1a: Rotom|Will-O-Wisp|p2a: Sudowoodo\n|-status|p2a: Sudowoodo|brn\n|move|p2a: Sudowoodo|Head Smash|p1a: Rotom\n|-supereffective|p1a: Rotom\n|-damage|p1a: Rotom|27/100\n|\n|-damage|p2a: Sudowoodo|267/284 brn|[from] brn\n|upkeep\n|turn|2\n|inactive|Time left: 300 sec this turn | 300 sec total\n|\n|t:|1783571106\n|switch|p1a: Archaludon|Archaludon, L78, M|100/100\n|move|p2a: Sudowoodo|Head Smash|p1a: Archaludon\n|-resisted|p1a: Archaludon\n|-damage|p1a: Archaludon|86/100\n|-ability|p1a: Archaludon|Stamina|boost\n|-boost|p1a: Archaludon|def|1\n|\n|-heal|p2a: Sudowoodo|284/284 brn|[from] item: Leftovers\n|-damage|p2a: Sudowoodo|267/284 brn|[from] brn\n|upkeep\n|turn|3\n|inactive|Time left: 300 sec this turn | 300 sec total\n|\n|t:|1783571107\n|move|p1a: Archaludon|Swords Dance|p1a: Archaludon\n|-boost|p1a: Archaludon|atk|2\n|move|p2a: Sudowoodo|Stealth Rock|p1a: Archaludon\n|-sidestart|p1: p0x27867580|move: Stealth Rock\n|\n|-heal|p2a: Sudowoodo|284/284 brn|[from] item: Leftovers\n|-damage|p2a: Sudowoodo|267/284 brn|[from] brn\n|upkeep\n|turn|4\n|inactive|Time left: 300 sec this turn | 300 sec total\n|\n|t:|1783571108\n|move|p2a: Sudowoodo|Sucker Punch|p1a: Archaludon\n|-damage|p1a: Archaludon|80/100\n|-ability|p1a: Archaludon|Stamina|boost\n|-boost|p1a: Archaludon|def|1\n|move|p1a: Archaludon|Outrage|p2a: Sudowoodo\n|-damage|p2a: Sudowoodo|93/284 brn\n|\n|-heal|p2a: Sudowoodo|110/284 brn|[from] item: Leftovers\n|-damage|p2a: Sudowoodo|93/284 brn|[from] brn\n|upkeep\n|turn|5\n|inactive|Time left: 300 sec this turn | 300 sec total\n|\n|t:|1783571109\n|move|p1a: Archaludon|Outrage|p2a: Sudowoodo|[from] lockedmove\n|-damage|p2a: Sudowoodo|0 fnt\n|faint|p2a: Sudowoodo\n|-start|p1a: Archaludon|confusion|[fatigue]\n|-enditem|p1a: Archaludon|Lum Berry|[eat]\n|-end|p1a: Archaludon|confusion\n|\n|upkeep\n|inactive|Time left: 300 sec this turn | 300 sec total | 5 sec grace\n|\n|t:|1783571109\n|switch|p2a: Froslass|Froslass, L87, F|263/263\n|turn|6\n|inactive|Time left: 300 sec this turn | 300 sec total\n|\n|t:|1783571111\n|move|p2a: Froslass|Destiny Bond|p2a: Froslass\n|-singlemove|p2a: Froslass|Destiny Bond\n|move|p1a: Archaludon|Outrage|p2a: Froslass\n|-damage|p2a: Froslass|14/263\n|\n|upkeep\n|turn|7\n|inactive|Time left: 300 sec this turn | 300 sec total\n|\n|t:|1783571111\n|move|p2a: Froslass|Triple Axel|p1a: Archaludon\n|-damage|p1a: Archaludon|77/100\n|-ability|p1a: Archaludon|Stamina|boost\n|-boost|p1a: Archaludon|def|1\n|-damage|p1a: Archaludon|72/100\n|-ability|p1a: Archaludon|Stamina|boost\n|-boost|p1a: Archaludon|def|1\n|-damage|p1a: Archaludon|66/100\n|-ability|p1a: Archaludon|Stamina|boost\n|-boost|p1a: Archaludon|def|1\n|-hitcount|p1a: Archaludon|3\n|move|p1a: Archaludon|Outrage|p2a: Froslass|[from] lockedmove\n|-damage|p2a: Froslass|0 fnt\n|faint|p2a: Froslass\n|\n|upkeep\n|inactive|Time left: 300 sec this turn | 300 sec total | 5 sec grace\n|\n|t:|1783571112\n|switch|p2a: Cyclizar|Cyclizar, L84, M|255/255\n|turn|8\n|inactive|Time left: 300 sec this turn | 300 sec total\n|\n|t:|1783571113\n|move|p2a: Cyclizar|Draco Meteor|p1a: Archaludon\n|-damage|p1a: Archaludon|3/100\n|-unboost|p2a: Cyclizar|spa|2\n|-ability|p1a: Archaludon|Stamina|boost\n|-boost|p1a: Archaludon|def|1\n|move|p1a: Archaludon|Outrage|p2a: Cyclizar|[from] lockedmove\n|-supereffective|p2a: Cyclizar\n|-damage|p2a: Cyclizar|0 fnt\n|faint|p2a: Cyclizar\n|-start|p1a: Archaludon|confusion|[fatigue]\n|\n|upkeep\n|inactive|Time left: 300 sec this turn | 300 sec total | 5 sec grace\n|\n|t:|1783571114\n|switch|p2a: Meganium|Meganium, L90, M|290/290\n|turn|9\n|inactive|Time left: 300 sec this turn | 300 sec total\n|\n|t:|1783571115\n|move|p2a: Meganium|Knock Off|p1a: Archaludon\n|-crit|p1a: Archaludon\n|-damage|p1a: Archaludon|0 fnt\n|faint|p1a: Archaludon\n|\n|upkeep\n|\n|t:|1783571116\n|switch|p1a: Flapple|Flapple, L88, F|100/100\n|-damage|p1a: Flapple|88/100|[from] Stealth Rock\n|turn|10\n|inactive|Time left: 300 sec this turn | 300 sec total\n|\n|t:|1783571118\n|move|p2a: Meganium|Knock Off|p1a: Flapple\n|-damage|p1a: Flapple|60/100\n|-enditem|p1a: Flapple|Wide Lens|[from] move: Knock Off|[of] p2a: Meganium\n|move|p1a: Flapple|Dragon Dance|p1a: Flapple\n|-boost|p1a: Flapple|atk|1\n|-boost|p1a: Flapple|spe|1\n|\n|upkeep\n|turn|11\n|inactive|Time left: 300 sec this turn | 300 sec total\n|\n|t:|1783571119\n|move|p1a: Flapple|Outrage|p2a: Meganium\n|-damage|p2a: Meganium|13/290\n|move|p2a: Meganium|Knock Off|p1a: Flapple\n|-damage|p1a: Flapple|40/100\n|\n|-heal|p2a: Meganium|31/290|[from] item: Leftovers\n|upkeep\n|turn|12\n|inactive|Time left: 300 sec this turn | 300 sec total\n|\n|t:|1783571120\n|move|p1a: Flapple|Outrage|p2a: Meganium|[from] lockedmove\n|-damage|p2a: Meganium|0 fnt\n|faint|p2a: Meganium\n|-start|p1a: Flapple|confusion|[fatigue]\n|\n|upkeep\n|inactive|Time left: 300 sec this turn | 300 sec total | 5 sec grace\n|\n|t:|1783571121\n|switch|p2a: Garchomp|Garchomp, L74, F|282/282\n|turn|13\n|inactive|Time left: 300 sec this turn | 300 sec total\n|\n|t:|1783571122\n|-activate|p1a: Flapple|confusion\n|-damage|p1a: Flapple|21/100|[from] confusion\n|move|p2a: Garchomp|Scale Shot|p1a: Flapple\n|-supereffective|p1a: Flapple\n|-damage|p1a: Flapple|0 fnt\n|faint|p1a: Flapple\n|-hitcount|p1: Flapple|1\n|-unboost|p2a: Garchomp|def|1\n|-boost|p2a: Garchomp|spe|1\n|\n|upkeep\n|\n|t:|1783571123\n|switch|p1a: Mabosstiff|Mabosstiff, L86, M|100/100\n|-damage|p1a: Mabosstiff|88/100|[from] Stealth Rock\n|turn|14\n|inactive|Time left: 300 sec this turn | 300 sec total\n|\n|t:|1783571124\n|move|p1a: Mabosstiff|Crunch|p2a: Garchomp\n|-damage|p2a: Garchomp|107/282\n|-damage|p1a: Mabosstiff|76/100|[from] ability: Rough Skin|[of] p2a: Garchomp\n|move|p2a: Garchomp|Earthquake|p1a: Mabosstiff\n|-crit|p1a: Mabosstiff\n|-damage|p1a: Mabosstiff|26/100\n|\n|upkeep\n|turn|15\n|inactive|Time left: 300 sec this turn | 300 sec total\n|\n|t:|1783571125\n|move|p1a: Mabosstiff|Crunch|p2a: Garchomp\n|-damage|p2a: Garchomp|0 fnt\n|-damage|p1a: Mabosstiff|14/100|[from] ability: Rough Skin|[of] p2a: Garchomp\n|faint|p2a: Garchomp\n|\n|upkeep\n|inactive|Time left: 300 sec this turn | 300 sec total | 5 sec grace\n|\n|t:|1783571126\n|switch|p2a: Sneasler|Sneasler, L74, M|240/240\n|turn|16\n|inactive|Time left: 300 sec this turn | 300 sec total\n|\n|t:|1783571127\n|move|p1a: Mabosstiff|Crunch|p2a: Sneasler\n|-resisted|p2a: Sneasler\n|-crit|p2a: Sneasler\n|-damage|p2a: Sneasler|120/240\n|move|p2a: Sneasler|Swords Dance|p2a: Sneasler\n|-boost|p2a: Sneasler|atk|2\n|\n|upkeep\n|turn|17\n|inactive|Time left: 300 sec this turn | 300 sec total\n|\n|t:|1783571127\n|move|p1a: Mabosstiff|Crunch|p2a: Sneasler\n|-resisted|p2a: Sneasler\n|-damage|p2a: Sneasler|48/240\n|move|p2a: Sneasler|Close Combat|p1a: Mabosstiff\n|-supereffective|p1a: Mabosstiff\n|-damage|p1a: Mabosstiff|0 fnt\n|-unboost|p2a: Sneasler|def|1\n|-unboost|p2a: Sneasler|spd|1\n|faint|p1a: Mabosstiff\n|-enditem|p2a: Sneasler|White Herb\n|-clearnegativeboost|p2a: Sneasler|[silent]\n|\n|upkeep\n|\n|t:|1783571128\n|switch|p1a: Metagross|Metagross, L79|100/100\n|-damage|p1a: Metagross|94/100|[from] Stealth Rock\n|turn|18\n|inactive|Time left: 300 sec this turn | 300 sec total\n|\n|t:|1783571129\n|move|p2a: Sneasler|Dire Claw|p1a: Metagross\n|-immune|p1a: Metagross\n|move|p1a: Metagross|Heavy Slam|p2a: Sneasler\n|-damage|p2a: Sneasler|0 fnt\n|faint|p2a: Sneasler\n|\n|win|p0x27867580", "uploadtime": 1783571129, "views": 0, "rating": 0, "private": 0, "password": null, "_winner": "p0x27867580", "_our_name": "p0y27869b8d"}