{"id": "battle-gen9randombattle-2373", "formatid": "gen9randombattle", "format": "[Gen 9] Random Battle", "players": ["p0x23734ab4", "p0y2373f82d"], "log": "|init|battle\n|title|p0x23734ab4 vs. p0y2373f82d\n|j|\u2606p0x23734ab4\n|j|\u2606p0y2373f82d\n|t:|1783566538\n|gametype|singles\n|player|p1|p0x23734ab4|101|\n|player|p2|p0y2373f82d|2|\n|gen|9\n|tier|[Gen 9] Random Battle\n|rule|Species Clause: Limit one of each Pok\u00e9mon\n|rule|HP Percentage Mod: HP is shown in percentages\n|rule|Sleep Clause Mod: Limit one foe put to sleep\n|rule|Illusion Level Mod: Illusion disguises the Pok\u00e9mon's true level\n|\n|t:|1783566538\n|teamsize|p1|6\n|teamsize|p2|6\n|start\n|switch|p1a: Virizion|Virizion, L82|100/100\n|switch|p2a: Arceus|Arceus-Poison, L70|284/284\n|turn|1\n|inactive|Battle timer is ON: inactive players will automatically lose when time's up. (requested by p0y2373f82d)\n|inactive|p0x23734ab4 also wants the timer to be on.\n|\n|t:|1783566539\n|switch|p1a: Ursaluna|Ursaluna, L79, M|100/100\n|move|p2a: Arceus|Gunk Shot|p1a: Ursaluna\n|-resisted|p1a: Ursaluna\n|-damage|p1a: Ursaluna|81/100\n|-status|p1a: Ursaluna|psn\n|\n|-damage|p1a: Ursaluna|69/100 psn|[from] psn\n|upkeep\n|turn|2\n|inactive|Time left: 300 sec this turn | 300 sec total\n|\n|t:|1783566540\n|switch|p2a: Rillaboom|Rillaboom, L79, F|288/288\n|-fieldstart|move: Grassy Terrain|[from] ability: Grassy Surge|[of] p2a: Rillaboom\n|move|p1a: Ursaluna|Facade|p2a: Rillaboom\n|-damage|p2a: Rillaboom|12/288\n|\n|-heal|p2a: Rillaboom|30/288|[from] Grassy Terrain\n|-heal|p1a: Ursaluna|75/100 psn|[from] Grassy Terrain\n|-damage|p1a: Ursaluna|63/100 psn|[from] psn\n|upkeep\n|turn|3\n|inactive|Time left: 300 sec this turn | 300 sec total\n|\n|t:|1783566541\n|switch|p1a: Bastiodon|Bastiodon, L89, M|100/100\n|move|p2a: Rillaboom|Grassy Glide|p1a: Bastiodon\n|-damage|p1a: Bastiodon|73/100\n|\n|-heal|p2a: Rillaboom|48/288|[from] Grassy Terrain\n|-heal|p1a: Bastiodon|79/100|[from] Grassy Terrain\n|upkeep\n|turn|4\n|inactive|Time left: 300 sec this turn | 300 sec total\n|\n|t:|1783566542\n|move|p2a: Rillaboom|Grassy Glide|p1a: Bastiodon\n|-crit|p1a: Bastiodon\n|-damage|p1a: Bastiodon|40/100\n|move|p1a: Bastiodon|Iron Defense|p1a: Bastiodon\n|-boost|p1a: Bastiodon|def|2\n|\n|-heal|p2a: Rillaboom|66/288|[from] Grassy Terrain\n|-heal|p1a: Bastiodon|46/100|[from] Grassy Terrain\n|upkeep\n|turn|5\n|inactive|Time left: 300 sec this turn | 300 sec total\n|\n|t:|1783566543\n|switch|p2a: Swalot|Swalot, L90, M|326/326\n|move|p1a: Bastiodon|Body Press|p2a: Swalot\n|-resisted|p2a: Swalot\n|-damage|p2a: Swalot|237/326\n|\n|-heal|p2a: Swalot|257/326|[from] Grassy Terrain\n|-heal|p2a: Swalot|277/326|[from] item: Leftovers\n|-heal|p1a: Bastiodon|52/100|[from] Grassy Terrain\n|upkeep\n|turn|6\n|inactive|Time left: 300 sec this turn | 300 sec total\n|\n|t:|1783566544\n|move|p2a: Swalot|Swords Dance|p2a: Swalot\n|-boost|p2a: Swalot|atk|2\n|move|p1a: Bastiodon|Body Press|p2a: Swalot\n|-resisted|p2a: Swalot\n|-damage|p2a: Swalot|184/326\n|\n|-heal|p2a: Swalot|204/326|[from] Grassy Terrain\n|-heal|p2a: Swalot|224/326|[from] item: Leftovers\n|-heal|p1a: Bastiodon|58/100|[from] Grassy Terrain\n|-fieldend|move: Grassy Terrain\n|upkeep\n|turn|7\n|inactive|Time left: 300 sec this turn | 300 sec total\n|\n|t:|1783566545\n|-terastallize|p1a: Bastiodon|Fighting\n|move|p2a: Swalot|Gunk Shot|p1a: Bastiodon\n|-damage|p1a: Bastiodon|33/100\n|move|p1a: Bastiodon|Body Press|p2a: Swalot\n|-resisted|p2a: Swalot\n|-damage|p2a: Swalot|78/326\n|\n|-heal|p2a: Swalot|98/326|[from] item: Leftovers\n|upkeep\n|turn|8\n|inactive|Time left: 300 sec this turn | 300 sec total\n|\n|t:|1783566546\n|move|p2a: Swalot|Gunk Shot|p1a: Bastiodon\n|-damage|p1a: Bastiodon|5/100\n|-status|p1a: Bastiodon|psn\n|move|p1a: Bastiodon|Body Press|p2a: Swalot\n|-resisted|p2a: Swalot\n|-damage|p2a: Swalot|0 fnt\n|faint|p2a: Swalot\n|\n|-damage|p1a: Bastiodon|0 fnt|[from] psn\n|faint|p1a: Bastiodon\n|upkeep\n|inactive|Time left: 300 sec this turn | 300 sec total | 5 sec grace\n|\n|t:|1783566547\n|switch|p2a: Arceus|Arceus-Poison, L70|284/284\n|switch|p1a: Espathra|Espathra, L80, M|100/100\n|turn|9\n|inactive|Time left: 300 sec this turn | 300 sec total\n|\n|t:|1783566548\n|move|p1a: Espathra|Lumina Crash|p2a: Arceus\n|-supereffective|p2a: Arceus\n|-damage|p2a: Arceus|72/284\n|-unboost|p2a: Arceus|spd|2\n|move|p2a: Arceus|Swords Dance|p2a: Arceus\n|-boost|p2a: Arceus|atk|2\n|\n|-ability|p1a: Espathra|Speed Boost|boost\n|-boost|p1a: Espathra|spe|1\n|upkeep\n|turn|10\n|inactive|Time left: 300 sec this turn | 300 sec total\n|\n|t:|1783566549\n|move|p2a: Arceus|Extreme Speed|p1a: Espathra\n|-damage|p1a: Espathra|57/100\n|move|p1a: Espathra|Lumina Crash|p2a: Arceus\n|-supereffective|p2a: Arceus\n|-damage|p2a: Arceus|0 fnt\n|faint|p2a: Arceus\n|\n|-ability|p1a: Espathra|Speed Boost|boost\n|-boost|p1a: Espathra|spe|1\n|upkeep\n|inactive|Time left: 300 sec this turn | 300 sec total | 5 sec grace\n|\n|t:|1783566549\n|switch|p2a: Rillaboom|Rillaboom, L79, F|66/288\n|-fieldstart|move: Grassy Terrain|[from] ability: Grassy Surge|[of] p2a: Rillaboom\n|turn|11\n|inactive|Time left: 300 sec this turn | 300 sec total\n|\n|t:|1783566550\n|switch|p1a: Weezing|Weezing, L88, F|100/100\n|move|p2a: Rillaboom|Grassy Glide|p1a: Weezing\n|-resisted|p1a: Weezing\n|-damage|p1a: Weezing|83/100\n|\n|-heal|p2a: Rillaboom|84/288|[from] Grassy Terrain\n|-heal|p1a: Weezing|90/100|[from] item: Leftovers\n|upkeep\n|turn|12\n|inactive|Time left: 300 sec this turn | 300 sec total\n|\n|t:|1783566551\n|switch|p2a: Klawf|Klawf, L90, F|272/272\n|move|p1a: Weezing|Sludge Bomb|p2a: Klawf\n|-resisted|p2a: Klawf\n|-damage|p2a: Klawf|214/272\n|-status|p2a: Klawf|psn\n|-enditem|p2a: Klawf|Lum Berry|[eat]\n|-curestatus|p2a: Klawf|psn|[msg]\n|\n|-heal|p2a: Klawf|231/272|[from] Grassy Terrain\n|-heal|p1a: Weezing|96/100|[from] item: Leftovers\n|upkeep\n|turn|13\n|inactive|Time left: 300 sec this turn | 300 sec total\n|\n|t:|1783566552\n|move|p2a: Klawf|Swords Dance|p2a: Klawf\n|-boost|p2a: Klawf|atk|2\n|move|p1a: Weezing|Will-O-Wisp|p2a: Klawf\n|-status|p2a: Klawf|brn\n|\n|-heal|p2a: Klawf|248/272 brn|[from] Grassy Terrain\n|-heal|p1a: Weezing|100/100|[from] item: Leftovers\n|-damage|p2a: Klawf|231/272 brn|[from] brn\n|upkeep\n|turn|14\n|inactive|Time left: 300 sec this turn | 300 sec total\n|\n|t:|1783566552\n|switch|p1a: Virizion|Virizion, L82|100/100\n|move|p2a: Klawf|Stone Edge|p1a: Virizion\n|-resisted|p1a: Virizion\n|-damage|p1a: Virizion|74/100\n|\n|-heal|p1a: Virizion|80/100|[from] Grassy Terrain\n|-heal|p2a: Klawf|248/272 brn|[from] Grassy Terrain\n|-damage|p2a: Klawf|231/272 brn|[from] brn\n|upkeep\n|turn|15\n|inactive|Time left: 300 sec this turn | 300 sec total\n|\n|t:|1783566553\n|move|p1a: Virizion|Leaf Blade|p2a: Klawf\n|-supereffective|p2a: Klawf\n|-damage|p2a: Klawf|0 fnt\n|faint|p2a: Klawf\n|-damage|p1a: Virizion|70/100|[from] item: Life Orb\n|\n|-heal|p1a: Virizion|76/100|[from] Grassy Terrain\n|-fieldend|move: Grassy Terrain\n|upkeep\n|inactive|Time left: 300 sec this turn | 300 sec total | 5 sec grace\n|\n|t:|1783566554\n|switch|p2a: Froslass|Froslass, L87, F|263/263\n|turn|16\n|inactive|Time left: 300 sec this turn | 300 sec total\n|\n|t:|1783566555\n|switch|p1a: Weezing|Weezing, L88, F|100/100\n|move|p2a: Froslass|Triple Axel|p1a: Weezing\n|-damage|p1a: Weezing|95/100\n|-damage|p1a: Weezing|84/100\n|-damage|p1a: Weezing|65/100\n|-hitcount|p1a: Weezing|3\n|\n|-heal|p1a: Weezing|71/100|[from] item: Leftovers\n|upkeep\n|turn|17\n|inactive|Time left: 300 sec this turn | 300 sec total\n|\n|t:|1783566556\n|move|p2a: Froslass|Triple Axel|p1a: Weezing\n|-damage|p1a: Weezing|65/100\n|-damage|p1a: Weezing|54/100\n|-damage|p1a: Weezing|35/100\n|-hitcount|p1a: Weezing|3\n|move|p1a: Weezing|Fire Blast|p2a: Froslass|[miss]\n|-miss|p1a: Weezing|p2a: Froslass\n|\n|-heal|p1a: Weezing|42/100|[from] item: Leftovers\n|upkeep\n|turn|18\n|inactive|Time left: 300 sec this turn | 300 sec total\n|\n|t:|1783566557\n|-terastallize|p2a: Froslass|Ice\n|move|p2a: Froslass|Triple Axel|p1a: Weezing\n|-damage|p1a: Weezing|33/100\n|-damage|p1a: Weezing|16/100\n|-damage|p1a: Weezing|0 fnt\n|faint|p1a: Weezing\n|-hitcount|p1: Weezing|3\n|\n|upkeep\n|\n|t:|1783566558\n|switch|p1a: Krookodile|Krookodile, L79, F|100/100\n|-ability|p1a: Krookodile|Intimidate|boost\n|-unboost|p2a: Froslass|atk|1\n|turn|19\n|inactive|Time left: 300 sec this turn | 300 sec total\n|\n|t:|1783566559\n|switch|p1a: Espathra|Espathra, L80, M|57/100\n|move|p2a: Froslass|Triple Axel|p1a: Espathra\n|-damage|p1a: Espathra|47/100\n|-damage|p1a: Espathra|28/100\n|-damage|p1a: Espathra|2/100\n|-hitcount|p1a: Espathra|3\n|\n|upkeep\n|turn|20\n|inactive|Time left: 300 sec this turn | 300 sec total\n|\n|t:|1783566560\n|move|p2a: Froslass|Triple Axel|p1a: Espathra\n|-crit|p1a: Espathra\n|-damage|p1a: Espathra|0 fnt\n|faint|p1a: Espathra\n|-hitcount|p1: Espathra|1\n|\n|upkeep\n|\n|t:|1783566560\n|switch|p1a: Krookodile|Krookodile, L79, F|100/100\n|-ability|p1a: Krookodile|Intimidate|boost\n|-unboost|p2a: Froslass|atk|1\n|turn|21\n|inactive|Time left: 300 sec this turn | 300 sec total\n|\n|t:|1783566561\n|move|p2a: Froslass|Triple Axel|p1a: Krookodile\n|-supereffective|p1a: Krookodile\n|-damage|p1a: Krookodile|90/100\n|-supereffective|p1a: Krookodile\n|-damage|p1a: Krookodile|68/100\n|-supereffective|p1a: Krookodile\n|-damage|p1a: Krookodile|35/100\n|-hitcount|p1a: Krookodile|3\n|move|p1a: Krookodile|Knock Off|p2a: Froslass\n|-damage|p2a: Froslass|110/263\n|-enditem|p2a: Froslass|Wide Lens|[from] move: Knock Off|[of] p1a: Krookodile\n|-damage|p1a: Krookodile|25/100|[from] item: Life Orb\n|\n|upkeep\n|turn|22\n|inactive|Time left: 300 sec this turn | 300 sec total\n|\n|t:|1783566563\n|move|p2a: Froslass|Triple Axel|p1a: Krookodile\n|-supereffective|p1a: Krookodile\n|-damage|p1a: Krookodile|15/100\n|-supereffective|p1a: Krookodile\n|-damage|p1a: Krookodile|0 fnt\n|faint|p1a: Krookodile\n|-hitcount|p1: Krookodile|2\n|\n|upkeep\n|\n|t:|1783566564\n|switch|p1a: Ursaluna|Ursaluna, L79, M|63/100 psn\n|turn|23\n|inactive|Time left: 300 sec this turn | 300 sec total\n|\n|t:|1783566565\n|move|p2a: Froslass|Triple Axel|p1a: Ursaluna\n|-supereffective|p1a: Ursaluna\n|-crit|p1a: Ursaluna\n|-damage|p1a: Ursaluna|40/100 psn\n|-supereffective|p1a: Ursaluna\n|-damage|p1a: Ursaluna|24/100 psn\n|-supereffective|p1a: Ursaluna\n|-damage|p1a: Ursaluna|0 fnt\n|faint|p1a: Ursaluna\n|-hitcount|p1: Ursaluna|3\n|\n|upkeep\n|\n|t:|1783566566\n|switch|p1a: Virizion|Virizion, L82|76/100\n|turn|24\n|inactive|Time left: 300 sec this turn | 300 sec total\n|\n|t:|1783566566\n|move|p2a: Froslass|Triple Axel|p1a: Virizion\n|-supereffective|p1a: Virizion\n|-damage|p1a: Virizion|63/100\n|-supereffective|p1a: Virizion\n|-damage|p1a: Virizion|39/100\n|-supereffective|p1a: Virizion\n|-damage|p1a: Virizion|5/100\n|-hitcount|p1a: Virizion|3\n|move|p1a: Virizion|Swords Dance|p1a: Virizion\n|-boost|p1a: Virizion|atk|2\n|\n|upkeep\n|turn|25\n|inactive|Time left: 300 sec this turn | 300 sec total\n|\n|t:|1783566567\n|move|p2a: Froslass|Destiny Bond|p2a: Froslass\n|-singlemove|p2a: Froslass|Destiny Bond\n|move|p1a: Virizion|Swords Dance|p1a: Virizion\n|-boost|p1a: Virizion|atk|2\n|\n|upkeep\n|turn|26\n|inactive|Time left: 300 sec this turn | 300 sec total\n|\n|t:|1783566568\n|move|p2a: Froslass|Poltergeist|p1a: Virizion\n|-activate|p1a: Virizion|move: Poltergeist|Life Orb\n|-damage|p1a: Virizion|0 fnt\n|faint|p1a: Virizion\n|\n|win|p0y2373f82d", "uploadtime": 1783566568, "views": 0, "rating": 0, "private": 0, "password": null, "_winner": "p0y2373f82d", "_our_name": "p0y2373f82d"}