{"id": "battle-gen9randombattle-1855", "formatid": "gen9randombattle", "format": "[Gen 9] Random Battle", "players": ["p0x1855a0a9", "p0y1855e7c7"], "log": "|init|battle\n|title|p0x1855a0a9 vs. p0y1855e7c7\n|j|\u2606p0x1855a0a9\n|j|\u2606p0y1855e7c7\n|t:|1783561493\n|gametype|singles\n|player|p1|p0x1855a0a9|1|\n|player|p2|p0y1855e7c7|169|\n|gen|9\n|tier|[Gen 9] Random Battle\n|rule|Species Clause: Limit one of each Pok\u00e9mon\n|rule|HP Percentage Mod: HP is shown in percentages\n|rule|Sleep Clause Mod: Limit one foe put to sleep\n|rule|Illusion Level Mod: Illusion disguises the Pok\u00e9mon's true level\n|\n|t:|1783561493\n|teamsize|p1|6\n|teamsize|p2|6\n|start\n|switch|p1a: Gardevoir|Gardevoir, L83, F|100/100\n|switch|p2a: Deoxys|Deoxys, L74|196/196\n|-ability|p1a: Gardevoir|Pressure|Trace|[from] ability: Trace|[of] p2a: Deoxys\n|-ability|p1a: Gardevoir|Pressure\n|-ability|p2a: Deoxys|Pressure\n|turn|1\n|inactive|Battle timer is ON: inactive players will automatically lose when time's up. (requested by p0x1855a0a9)\n|inactive|Time left: 300 sec this turn | 300 sec total | 60 sec grace\n|inactive|p0y1855e7c7 also wants the timer to be on.\n|\n|t:|1783561494\n|switch|p2a: Muk|Muk-Alola, L82, F|306/306\n|move|p1a: Gardevoir|Moonblast|p2a: Muk\n|-damage|p2a: Muk|230/306\n|-unboost|p2a: Muk|spa|1\n|\n|upkeep\n|turn|2\n|inactive|Time left: 300 sec this turn | 300 sec total\n|\n|t:|1783561495\n|move|p1a: Gardevoir|Moonblast|p2a: Muk\n|-damage|p2a: Muk|151/306\n|move|p2a: Muk|Poison Jab|p1a: Gardevoir\n|-supereffective|p1a: Gardevoir\n|-damage|p1a: Gardevoir|20/100\n|\n|upkeep\n|turn|3\n|inactive|Time left: 300 sec this turn | 300 sec total\n|\n|t:|1783561496\n|move|p1a: Gardevoir|Moonblast|p2a: Muk\n|-damage|p2a: Muk|81/306\n|move|p2a: Muk|Knock Off|p1a: Gardevoir\n|-damage|p1a: Gardevoir|0 fnt\n|-enditem|p1a: Gardevoir|Choice Scarf|[from] move: Knock Off|[of] p2a: Muk\n|faint|p1a: Gardevoir\n|\n|upkeep\n|\n|t:|1783561497\n|switch|p1a: Glastrier|Glastrier, L86|100/100\n|turn|4\n|inactive|Time left: 300 sec this turn | 300 sec total\n|\n|t:|1783561498\n|switch|p2a: Okidogi|Okidogi, L77, M|262/262\n|move|p1a: Glastrier|Icicle Crash|p2a: Okidogi\n|-damage|p2a: Okidogi|154/262\n|\n|-heal|p2a: Okidogi|170/262|[from] item: Leftovers\n|upkeep\n|turn|5\n|inactive|Time left: 300 sec this turn | 300 sec total\n|\n|t:|1783561499\n|move|p2a: Okidogi|Drain Punch|p1a: Glastrier\n|-supereffective|p1a: Glastrier\n|-damage|p1a: Glastrier|60/100\n|-heal|p2a: Okidogi|233/262|[from] drain|[of] p1a: Glastrier\n|move|p1a: Glastrier|Swords Dance|p1a: Glastrier\n|-boost|p1a: Glastrier|atk|2\n|\n|-heal|p2a: Okidogi|249/262|[from] item: Leftovers\n|upkeep\n|turn|6\n|inactive|Time left: 300 sec this turn | 300 sec total\n|\n|t:|1783561500\n|-terastallize|p1a: Glastrier|Steel\n|move|p2a: Okidogi|Drain Punch|p1a: Glastrier\n|-supereffective|p1a: Glastrier\n|-damage|p1a: Glastrier|22/100\n|-heal|p2a: Okidogi|262/262|[from] drain|[of] p1a: Glastrier\n|move|p1a: Glastrier|Heavy Slam|p2a: Okidogi\n|-damage|p2a: Okidogi|0 fnt\n|faint|p2a: Okidogi\n|-ability|p1a: Glastrier|Chilling Neigh|boost\n|-boost|p1a: Glastrier|atk|1\n|\n|upkeep\n|inactive|Time left: 300 sec this turn | 300 sec total | 5 sec grace\n|\n|t:|1783561501\n|switch|p2a: Muk|Muk-Alola, L82, F|81/306\n|turn|7\n|inactive|Time left: 300 sec this turn | 300 sec total\n|\n|t:|1783561502\n|switch|p1a: Orthworm|Orthworm, L88, M|100/100\n|move|p2a: Muk|Knock Off|p1a: Orthworm\n|-damage|p1a: Orthworm|75/100\n|-enditem|p1a: Orthworm|Chesto Berry|[from] move: Knock Off|[of] p2a: Muk\n|\n|upkeep\n|turn|8\n|inactive|Time left: 300 sec this turn | 300 sec total\n|\n|t:|1783561503\n|switch|p2a: Medicham|Medicham, L86, M|243/243\n|move|p1a: Orthworm|Body Press|p2a: Medicham\n|-resisted|p2a: Medicham\n|-damage|p2a: Medicham|199/243\n|\n|upkeep\n|turn|9\n|inactive|Time left: 300 sec this turn | 300 sec total\n|\n|t:|1783561504\n|switch|p1a: Slowking|Slowking, L88, M|100/100\n|move|p2a: Medicham|Close Combat|p1a: Slowking\n|-resisted|p1a: Slowking\n|-damage|p1a: Slowking|53/100\n|-unboost|p2a: Medicham|def|1\n|-unboost|p2a: Medicham|spd|1\n|\n|upkeep\n|turn|10\n|inactive|Time left: 300 sec this turn | 300 sec total\n|\n|t:|1783561505\n|-terastallize|p2a: Medicham|Fighting\n|move|p2a: Medicham|Close Combat|p1a: Slowking\n|-resisted|p1a: Slowking\n|-damage|p1a: Slowking|0 fnt\n|-unboost|p2a: Medicham|def|1\n|-unboost|p2a: Medicham|spd|1\n|faint|p1a: Slowking\n|\n|upkeep\n|\n|t:|1783561506\n|switch|p1a: Gastrodon|Gastrodon, L86, M|100/100\n|turn|11\n|inactive|Time left: 300 sec this turn | 300 sec total\n|\n|t:|1783561507\n|switch|p1a: Glastrier|Glastrier, L86, tera:Steel|22/100\n|move|p2a: Medicham|Close Combat|p1a: Glastrier\n|-supereffective|p1a: Glastrier\n|-damage|p1a: Glastrier|0 fnt\n|-unboost|p2a: Medicham|def|1\n|-unboost|p2a: Medicham|spd|1\n|faint|p1a: Glastrier\n|\n|upkeep\n|\n|t:|1783561508\n|switch|p1a: Gastrodon|Gastrodon, L86, M|100/100\n|turn|12\n|inactive|Time left: 300 sec this turn | 300 sec total\n|\n|t:|1783561509\n|move|p2a: Medicham|Close Combat|p1a: Gastrodon\n|-damage|p1a: Gastrodon|0 fnt\n|-unboost|p2a: Medicham|def|1\n|-unboost|p2a: Medicham|spd|1\n|faint|p1a: Gastrodon\n|\n|upkeep\n|\n|t:|1783561510\n|switch|p1a: Orthworm|Orthworm, L88, M|75/100\n|turn|13\n|inactive|Time left: 300 sec this turn | 300 sec total\n|\n|t:|1783561511\n|move|p2a: Medicham|Close Combat|p1a: Orthworm\n|-supereffective|p1a: Orthworm\n|-damage|p1a: Orthworm|0 fnt\n|-unboost|p2a: Medicham|def|1\n|-unboost|p2a: Medicham|spd|1\n|faint|p1a: Orthworm\n|\n|upkeep\n|\n|t:|1783561512\n|switch|p1a: Registeel|Registeel, L81|100/100\n|turn|14\n|inactive|Time left: 300 sec this turn | 300 sec total\n|\n|t:|1783561513\n|move|p2a: Medicham|Close Combat|p1a: Registeel\n|-supereffective|p1a: Registeel\n|-damage|p1a: Registeel|0 fnt\n|-unboost|p2a: Medicham|def|1\n|-unboost|p2a: Medicham|spd|1\n|faint|p1a: Registeel\n|\n|win|p0y1855e7c7", "uploadtime": 1783561513, "views": 0, "rating": 0, "private": 0, "password": null, "_winner": "p0y1855e7c7", "_our_name": "p0y1855e7c7"}