{"id": "battle-gen9randombattle-384", "formatid": "gen9randombattle", "format": "[Gen 9] Random Battle", "players": ["p0x384844e", "p0y3842194"], "log": "|init|battle\n|title|p0x384844e vs. p0y3842194\n|j|\u2606p0x384844e\n|j|\u2606p0y3842194\n|t:|1783543543\n|gametype|singles\n|player|p1|p0x384844e|265|\n|player|p2|p0y3842194|1|\n|gen|9\n|tier|[Gen 9] Random Battle\n|rule|Species Clause: Limit one of each Pok\u00e9mon\n|rule|HP Percentage Mod: HP is shown in percentages\n|rule|Sleep Clause Mod: Limit one foe put to sleep\n|rule|Illusion Level Mod: Illusion disguises the Pok\u00e9mon's true level\n|\n|t:|1783543543\n|teamsize|p1|6\n|teamsize|p2|6\n|start\n|switch|p1a: Slaking|Slaking, L84, M|100/100\n|switch|p2a: Galvantula|Galvantula, L82, F|249/249\n|turn|1\n|inactive|Battle timer is ON: inactive players will automatically lose when time's up. (requested by p0y3842194)\n|inactive|p0x384844e also wants the timer to be on.\n|\n|t:|1783543545\n|move|p1a: Slaking|Giga Impact|p2a: Galvantula\n|-enditem|p2a: Galvantula|Focus Sash\n|-damage|p2a: Galvantula|1/249\n|-mustrecharge|p1a: Slaking\n|move|p2a: Galvantula|Sticky Web|p1a: Slaking\n|-sidestart|p1: p0x384844e|move: Sticky Web\n|\n|upkeep\n|turn|2\n|inactive|Time left: 300 sec this turn | 300 sec total\n|\n|t:|1783543547\n|cant|p1a: Slaking|recharge\n|move|p2a: Galvantula|Thunder|p1a: Slaking\n|-damage|p1a: Slaking|67/100\n|\n|upkeep\n|turn|3\n|inactive|Time left: 300 sec this turn | 300 sec total\n|\n|t:|1783543548\n|move|p1a: Slaking|Giga Impact|p2a: Galvantula|[miss]\n|-miss|p1a: Slaking|p2a: Galvantula\n|move|p2a: Galvantula|Bug Buzz|p1a: Slaking\n|-damage|p1a: Slaking|36/100\n|\n|upkeep\n|turn|4\n|inactive|Time left: 300 sec this turn | 300 sec total\n|\n|t:|1783543549\n|cant|p1a: Slaking|ability: Truant\n|move|p2a: Galvantula|Thunder|p1a: Slaking\n|-damage|p1a: Slaking|0 fnt\n|faint|p1a: Slaking\n|\n|upkeep\n|\n|t:|1783543550\n|switch|p1a: Gardevoir|Gardevoir, L83, M|100/100\n|-activate|p1a: Gardevoir|move: Sticky Web\n|-unboost|p1a: Gardevoir|spe|1\n|-ability|p1a: Gardevoir|Compound Eyes|Trace|[from] ability: Trace|[of] p2a: Galvantula\n|turn|5\n|inactive|Time left: 300 sec this turn | 300 sec total\n|\n|t:|1783543551\n|move|p2a: Galvantula|Thunder|p1a: Gardevoir\n|-damage|p1a: Gardevoir|64/100\n|move|p1a: Gardevoir|Moonblast|p2a: Galvantula\n|-damage|p2a: Galvantula|0 fnt\n|faint|p2a: Galvantula\n|\n|upkeep\n|inactive|Time left: 300 sec this turn | 300 sec total | 5 sec grace\n|\n|t:|1783543553\n|switch|p2a: Tsareena|Tsareena, L87, F|267/267\n|turn|6\n|inactive|Time left: 300 sec this turn | 300 sec total\n|\n|t:|1783543554\n|move|p1a: Gardevoir|Moonblast|p2a: Tsareena\n|-damage|p2a: Tsareena|150/267\n|move|p2a: Tsareena|Power Whip|p1a: Gardevoir\n|-damage|p1a: Gardevoir|0 fnt\n|faint|p1a: Gardevoir\n|\n|upkeep\n|\n|t:|1783543555\n|switch|p1a: Clawitzer|Clawitzer, L87, M|100/100\n|-activate|p1a: Clawitzer|move: Sticky Web\n|-unboost|p1a: Clawitzer|spe|1\n|turn|7\n|inactive|Time left: 300 sec this turn | 300 sec total\n|\n|t:|1783543556\n|-terastallize|p1a: Clawitzer|Dragon\n|move|p2a: Tsareena|Power Whip|p1a: Clawitzer\n|-resisted|p1a: Clawitzer\n|-damage|p1a: Clawitzer|54/100\n|move|p1a: Clawitzer|Dragon Pulse|p2a: Tsareena\n|-damage|p2a: Tsareena|0 fnt\n|faint|p2a: Tsareena\n|\n|upkeep\n|inactive|Time left: 300 sec this turn | 300 sec total | 5 sec grace\n|\n|t:|1783543557\n|switch|p2a: Kingdra|Kingdra, L84, F|263/263\n|turn|8\n|inactive|Time left: 300 sec this turn | 300 sec total\n|\n|t:|1783543558\n|move|p2a: Kingdra|Outrage|p1a: Clawitzer\n|-supereffective|p1a: Clawitzer\n|-damage|p1a: Clawitzer|0 fnt\n|faint|p1a: Clawitzer\n|\n|upkeep\n|\n|t:|1783543559\n|switch|p1a: Pikachu|Pikachu-Sinnoh, L93, M|100/100\n|-activate|p1a: Pikachu|move: Sticky Web\n|-unboost|p1a: Pikachu|spe|1\n|turn|9\n|inactive|Time left: 300 sec this turn | 300 sec total\n|\n|t:|1783543560\n|move|p2a: Kingdra|Outrage|p1a: Pikachu|[from] lockedmove\n|-damage|p1a: Pikachu|19/100\n|-start|p2a: Kingdra|confusion|[fatigue]\n|-enditem|p2a: Kingdra|Lum Berry|[eat]\n|-end|p2a: Kingdra|confusion\n|move|p1a: Pikachu|Volt Tackle|p2a: Kingdra\n|-damage|p2a: Kingdra|56/263\n|-damage|p1a: Pikachu|0 fnt|[from] Recoil\n|faint|p1a: Pikachu\n|\n|upkeep\n|\n|t:|1783543561\n|switch|p1a: Electrode|Electrode, L92|100/100\n|-activate|p1a: Electrode|move: Sticky Web\n|-unboost|p1a: Electrode|spe|1\n|turn|10\n|inactive|Time left: 300 sec this turn | 300 sec total\n|\n|t:|1783543562\n|switch|p2a: Regigigas|Regigigas, L84|322/322\n|-start|p2a: Regigigas|ability: Slow Start\n|move|p1a: Electrode|Volt Switch|p2a: Regigigas\n|-damage|p2a: Regigigas|235/322\n|-damage|p1a: Electrode|90/100|[from] item: Life Orb\n|\n|t:|1783543562\n|switch|p1a: Manaphy|Manaphy, L78|100/100|[from] Volt Switch\n|-activate|p1a: Manaphy|move: Sticky Web\n|-unboost|p1a: Manaphy|spe|1\n|\n|-heal|p2a: Regigigas|255/322|[from] item: Leftovers\n|upkeep\n|turn|11\n|inactive|Time left: 300 sec this turn | 300 sec total\n|\n|t:|1783543563\n|move|p1a: Manaphy|Tail Glow|p1a: Manaphy\n|-boost|p1a: Manaphy|spa|3\n|move|p2a: Regigigas|Body Slam|p1a: Manaphy\n|-damage|p1a: Manaphy|76/100\n|\n|-heal|p1a: Manaphy|82/100|[from] item: Leftovers\n|-heal|p2a: Regigigas|275/322|[from] item: Leftovers\n|upkeep\n|turn|12\n|inactive|Time left: 300 sec this turn | 300 sec total\n|\n|t:|1783543564\n|move|p1a: Manaphy|Hydro Pump|p2a: Regigigas\n|-damage|p2a: Regigigas|56/322\n|move|p2a: Regigigas|Body Slam|p1a: Manaphy\n|-damage|p1a: Manaphy|61/100\n|-status|p1a: Manaphy|par\n|\n|-heal|p2a: Regigigas|76/322|[from] item: Leftovers\n|-heal|p1a: Manaphy|67/100 par|[from] item: Leftovers\n|upkeep\n|turn|13\n|inactive|Time left: 300 sec this turn | 300 sec total\n|\n|t:|1783543565\n|move|p2a: Regigigas|Knock Off|p1a: Manaphy\n|-damage|p1a: Manaphy|49/100 par\n|-enditem|p1a: Manaphy|Leftovers|[from] move: Knock Off|[of] p2a: Regigigas\n|move|p1a: Manaphy|Ice Beam|p2a: Regigigas\n|-damage|p2a: Regigigas|0 fnt\n|faint|p2a: Regigigas\n|-end|p2a: Regigigas|Slow Start|[silent]\n|\n|upkeep\n|inactive|Time left: 300 sec this turn | 300 sec total | 5 sec grace\n|\n|t:|1783543566\n|switch|p2a: Kingdra|Kingdra, L84, F|56/263\n|turn|14\n|inactive|Time left: 300 sec this turn | 300 sec total\n|\n|t:|1783543567\n|move|p2a: Kingdra|Outrage|p1a: Manaphy\n|-damage|p1a: Manaphy|7/100 par\n|cant|p1a: Manaphy|par\n|\n|upkeep\n|turn|15\n|inactive|Time left: 300 sec this turn | 300 sec total\n|\n|t:|1783543568\n|switch|p1a: Electrode|Electrode, L92|90/100\n|-activate|p1a: Electrode|move: Sticky Web\n|-unboost|p1a: Electrode|spe|1\n|move|p2a: Kingdra|Outrage|p1a: Electrode|[from] lockedmove\n|-damage|p1a: Electrode|40/100\n|\n|upkeep\n|turn|16\n|inactive|Time left: 300 sec this turn | 300 sec total\n|\n|t:|1783543569\n|move|p1a: Electrode|Volt Switch|p2a: Kingdra\n|-damage|p2a: Kingdra|0 fnt\n|faint|p2a: Kingdra\n|-damage|p1a: Electrode|30/100|[from] item: Life Orb\n|\n|t:|1783543570\n|switch|p1a: Manaphy|Manaphy, L78|7/100 par|[from] Volt Switch\n|-activate|p1a: Manaphy|move: Sticky Web\n|-unboost|p1a: Manaphy|spe|1\n|\n|upkeep\n|inactive|Time left: 300 sec this turn | 300 sec total | 10 sec grace\n|\n|t:|1783543571\n|switch|p2a: Delibird|Delibird, F|252/252\n|turn|17\n|inactive|Time left: 300 sec this turn | 300 sec total\n|\n|t:|1783543572\n|switch|p1a: Electrode|Electrode, L92|30/100\n|-activate|p1a: Electrode|move: Sticky Web\n|-unboost|p1a: Electrode|spe|1\n|-terastallize|p2a: Delibird|Flying\n|move|p2a: Delibird|Ice Spinner|p1a: Electrode\n|-damage|p1a: Electrode|0 fnt\n|faint|p1a: Electrode\n|\n|upkeep\n|\n|t:|1783543573\n|switch|p1a: Manaphy|Manaphy, L78|7/100 par\n|-activate|p1a: Manaphy|move: Sticky Web\n|-unboost|p1a: Manaphy|spe|1\n|turn|18\n|inactive|Time left: 300 sec this turn | 300 sec total\n|\n|t:|1783543574\n|move|p2a: Delibird|Ice Spinner|p1a: Manaphy\n|-resisted|p1a: Manaphy\n|-damage|p1a: Manaphy|0 fnt\n|faint|p1a: Manaphy\n|\n|win|p0y3842194", "uploadtime": 1783543574, "views": 0, "rating": 0, "private": 0, "password": null, "_winner": "p0y3842194", "_our_name": "p0y3842194"}