{"id": "battle-gen9randombattle-2007", "formatid": "gen9randombattle", "format": "[Gen 9] Random Battle", "players": ["p0x20075746", "p0y2007e610"], "log": "|init|battle\n|title|p0x20075746 vs. p0y2007e610\n|j|\u2606p0x20075746\n|j|\u2606p0y2007e610\n|t:|1783563228\n|gametype|singles\n|player|p1|p0x20075746|169|\n|player|p2|p0y2007e610|2|\n|gen|9\n|tier|[Gen 9] Random Battle\n|rule|Species Clause: Limit one of each Pok\u00e9mon\n|rule|HP Percentage Mod: HP is shown in percentages\n|rule|Sleep Clause Mod: Limit one foe put to sleep\n|rule|Illusion Level Mod: Illusion disguises the Pok\u00e9mon's true level\n|\n|t:|1783563228\n|teamsize|p1|6\n|teamsize|p2|6\n|start\n|switch|p1a: Tropius|Tropius, L91, F|100/100\n|switch|p2a: Drednaw|Drednaw, L81, M|278/278\n|turn|1\n|inactive|Battle timer is ON: inactive players will automatically lose when time's up. (requested by p0y2007e610)\n|inactive|p0x20075746 also wants the timer to be on.\n|\n|t:|1783563229\n|move|p2a: Drednaw|Shell Smash|p2a: Drednaw\n|-unboost|p2a: Drednaw|def|1\n|-unboost|p2a: Drednaw|spd|1\n|-boost|p2a: Drednaw|atk|2\n|-boost|p2a: Drednaw|spa|2\n|-boost|p2a: Drednaw|spe|2\n|-enditem|p2a: Drednaw|White Herb\n|-clearnegativeboost|p2a: Drednaw|[silent]\n|move|p1a: Tropius|Leech Seed|p2a: Drednaw\n|-start|p2a: Drednaw|move: Leech Seed\n|\n|-damage|p2a: Drednaw|244/278|[from] Leech Seed|[of] p1a: Tropius\n|upkeep\n|turn|2\n|inactive|Time left: 300 sec this turn | 300 sec total\n|\n|t:|1783563230\n|move|p2a: Drednaw|Stone Edge|p1a: Tropius\n|-supereffective|p1a: Tropius\n|-damage|p1a: Tropius|0 fnt\n|faint|p1a: Tropius\n|\n|upkeep\n|\n|t:|1783563230\n|switch|p1a: Zekrom|Zekrom, L71|100/100\n|-ability|p1a: Zekrom|Teravolt\n|turn|3\n|inactive|Time left: 300 sec this turn | 300 sec total\n|\n|t:|1783563231\n|switch|p1a: Deoxys|Deoxys-Defense, L84|100/100\n|-ability|p1a: Deoxys|Pressure\n|move|p2a: Drednaw|Earthquake|p1a: Deoxys\n|-damage|p1a: Deoxys|56/100\n|\n|-damage|p2a: Drednaw|210/278|[from] Leech Seed|[of] p1a: Deoxys\n|-heal|p1a: Deoxys|72/100|[silent]\n|upkeep\n|turn|4\n|inactive|Time left: 300 sec this turn | 300 sec total\n|\n|t:|1783563233\n|move|p2a: Drednaw|Shell Smash|p2a: Drednaw\n|-unboost|p2a: Drednaw|def|1\n|-unboost|p2a: Drednaw|spd|1\n|-boost|p2a: Drednaw|atk|2\n|-boost|p2a: Drednaw|spa|2\n|-boost|p2a: Drednaw|spe|2\n|move|p1a: Deoxys|Recover|p1a: Deoxys\n|-heal|p1a: Deoxys|100/100\n|\n|-damage|p2a: Drednaw|176/278|[from] Leech Seed|[of] p1a: Deoxys\n|upkeep\n|turn|5\n|inactive|Time left: 300 sec this turn | 300 sec total\n|\n|t:|1783563234\n|move|p2a: Drednaw|Stone Edge|p1a: Deoxys\n|-damage|p1a: Deoxys|13/100\n|move|p1a: Deoxys|Psychic Noise|p2a: Drednaw\n|-damage|p2a: Drednaw|56/278\n|-start|p2a: Drednaw|move: Heal Block\n|\n|-damage|p2a: Drednaw|22/278|[from] Leech Seed|[of] p1a: Deoxys\n|-heal|p1a: Deoxys|29/100|[silent]\n|upkeep\n|turn|6\n|inactive|Time left: 300 sec this turn | 300 sec total\n|\n|t:|1783563235\n|switch|p1a: Charizard|Charizard, L85, M|100/100\n|move|p2a: Drednaw|Stone Edge|p1a: Charizard|[miss]\n|-miss|p2a: Drednaw|p1a: Charizard\n|\n|-damage|p2a: Drednaw|0 fnt|[from] Leech Seed|[of] p1a: Charizard\n|faint|p2a: Drednaw\n|upkeep\n|inactive|Time left: 300 sec this turn | 300 sec total | 5 sec grace\n|\n|t:|1783563236\n|switch|p2a: Walking Wake|Walking Wake, L79|286/286\n|turn|7\n|inactive|Time left: 300 sec this turn | 300 sec total\n|\n|t:|1783563237\n|switch|p1a: Zekrom|Zekrom, L71|100/100\n|-ability|p1a: Zekrom|Teravolt\n|move|p2a: Walking Wake|Hydro Pump|p1a: Zekrom\n|-resisted|p1a: Zekrom\n|-damage|p1a: Zekrom|61/100\n|\n|-heal|p1a: Zekrom|67/100|[from] item: Leftovers\n|upkeep\n|turn|8\n|inactive|Time left: 300 sec this turn | 300 sec total\n|\n|t:|1783563238\n|move|p2a: Walking Wake|Hydro Pump|p1a: Zekrom\n|-resisted|p1a: Zekrom\n|-damage|p1a: Zekrom|25/100\n|move|p1a: Zekrom|Outrage|p2a: Walking Wake\n|-supereffective|p2a: Walking Wake\n|-damage|p2a: Walking Wake|26/286\n|\n|-heal|p1a: Zekrom|31/100|[from] item: Leftovers\n|upkeep\n|turn|9\n|inactive|Time left: 300 sec this turn | 300 sec total\n|\n|t:|1783563240\n|move|p2a: Walking Wake|Hydro Pump|p1a: Zekrom\n|-resisted|p1a: Zekrom\n|-damage|p1a: Zekrom|0 fnt\n|faint|p1a: Zekrom\n|\n|upkeep\n|\n|t:|1783563241\n|switch|p1a: Charizard|Charizard, L85, M|100/100\n|turn|10\n|inactive|Time left: 300 sec this turn | 300 sec total\n|\n|t:|1783563242\n|-end|p2a: Walking Wake|Protosynthesis|[silent]\n|switch|p2a: Snorlax|Snorlax, L82, F|397/397\n|move|p1a: Charizard|Flamethrower|p2a: Snorlax\n|-crit|p2a: Snorlax\n|-damage|p2a: Snorlax|330/397\n|\n|-heal|p2a: Snorlax|354/397|[from] item: Leftovers\n|upkeep\n|turn|11\n|inactive|Time left: 300 sec this turn | 300 sec total\n|\n|t:|1783563243\n|move|p1a: Charizard|Earthquake|p2a: Snorlax\n|-damage|p2a: Snorlax|276/397\n|move|p2a: Snorlax|Body Slam|p1a: Charizard\n|-damage|p1a: Charizard|63/100\n|-status|p1a: Charizard|par\n|\n|-heal|p2a: Snorlax|300/397|[from] item: Leftovers\n|upkeep\n|turn|12\n|inactive|Time left: 300 sec this turn | 300 sec total\n|\n|t:|1783563244\n|move|p1a: Charizard|Hurricane|p2a: Snorlax\n|-damage|p2a: Snorlax|183/397\n|move|p2a: Snorlax|Body Slam|p1a: Charizard\n|-damage|p1a: Charizard|25/100 par\n|\n|-heal|p2a: Snorlax|207/397|[from] item: Leftovers\n|upkeep\n|turn|13\n|inactive|Time left: 300 sec this turn | 300 sec total\n|\n|t:|1783563246\n|move|p1a: Charizard|Earthquake|p2a: Snorlax\n|-damage|p2a: Snorlax|124/397\n|move|p2a: Snorlax|Body Slam|p1a: Charizard\n|-damage|p1a: Charizard|0 fnt\n|faint|p1a: Charizard\n|\n|-heal|p2a: Snorlax|148/397|[from] item: Leftovers\n|upkeep\n|\n|t:|1783563247\n|switch|p1a: Venomoth|Venomoth, L84, F|100/100\n|turn|14\n|inactive|Time left: 300 sec this turn | 300 sec total\n|\n|t:|1783563248\n|move|p1a: Venomoth|Quiver Dance|p1a: Venomoth\n|-boost|p1a: Venomoth|spa|1\n|-boost|p1a: Venomoth|spd|1\n|-boost|p1a: Venomoth|spe|1\n|move|p2a: Snorlax|Body Slam|p1a: Venomoth\n|-damage|p1a: Venomoth|53/100\n|-status|p1a: Venomoth|par\n|\n|-heal|p2a: Snorlax|172/397|[from] item: Leftovers\n|upkeep\n|turn|15\n|inactive|Time left: 300 sec this turn | 300 sec total\n|\n|t:|1783563249\n|move|p1a: Venomoth|Sleep Powder|p2a: Snorlax|[miss]\n|-miss|p1a: Venomoth|p2a: Snorlax\n|move|p2a: Snorlax|Body Slam|p1a: Venomoth\n|-damage|p1a: Venomoth|8/100 par\n|\n|-heal|p2a: Snorlax|196/397|[from] item: Leftovers\n|upkeep\n|turn|16\n|inactive|Time left: 300 sec this turn | 300 sec total\n|\n|t:|1783563250\n|cant|p1a: Venomoth|par\n|move|p2a: Snorlax|Body Slam|p1a: Venomoth\n|-damage|p1a: Venomoth|0 fnt\n|faint|p1a: Venomoth\n|\n|-heal|p2a: Snorlax|220/397|[from] item: Leftovers\n|upkeep\n|\n|t:|1783563251\n|switch|p1a: Deoxys|Deoxys-Defense, L84|29/100\n|-ability|p1a: Deoxys|Pressure\n|turn|17\n|inactive|Time left: 300 sec this turn | 300 sec total\n|\n|t:|1783563252\n|move|p1a: Deoxys|Recover|p1a: Deoxys\n|-heal|p1a: Deoxys|79/100\n|move|p2a: Snorlax|Body Slam|p1a: Deoxys\n|-damage|p1a: Deoxys|50/100\n|-damage|p2a: Snorlax|154/397|[from] item: Rocky Helmet|[of] p1a: Deoxys\n|\n|-heal|p2a: Snorlax|178/397|[from] item: Leftovers\n|upkeep\n|turn|18\n|inactive|Time left: 300 sec this turn | 300 sec total\n|\n|t:|1783563253\n|move|p1a: Deoxys|Recover|p1a: Deoxys\n|-heal|p1a: Deoxys|99/100\n|move|p2a: Snorlax|Curse|p2a: Snorlax\n|-unboost|p2a: Snorlax|spe|1\n|-boost|p2a: Snorlax|atk|1\n|-boost|p2a: Snorlax|def|1\n|\n|-heal|p2a: Snorlax|202/397|[from] item: Leftovers\n|upkeep\n|turn|19\n|inactive|Time left: 300 sec this turn | 300 sec total\n|\n|t:|1783563254\n|move|p1a: Deoxys|Stealth Rock|p2a: Snorlax\n|-sidestart|p2: p0y2007e610|move: Stealth Rock\n|move|p2a: Snorlax|Body Slam|p1a: Deoxys\n|-damage|p1a: Deoxys|61/100\n|-damage|p2a: Snorlax|136/397|[from] item: Rocky Helmet|[of] p1a: Deoxys\n|\n|-heal|p2a: Snorlax|160/397|[from] item: Leftovers\n|upkeep\n|turn|20\n|inactive|Time left: 300 sec this turn | 300 sec total\n|\n|t:|1783563256\n|move|p1a: Deoxys|Recover|p1a: Deoxys\n|-heal|p1a: Deoxys|100/100\n|move|p2a: Snorlax|Body Slam|p1a: Deoxys\n|-damage|p1a: Deoxys|60/100\n|-damage|p2a: Snorlax|94/397|[from] item: Rocky Helmet|[of] p1a: Deoxys\n|\n|-heal|p2a: Snorlax|118/397|[from] item: Leftovers\n|upkeep\n|turn|21\n|inactive|Time left: 300 sec this turn | 300 sec total\n|\n|t:|1783563257\n|move|p1a: Deoxys|Psychic Noise|p2a: Snorlax\n|-damage|p2a: Snorlax|63/397\n|-start|p2a: Snorlax|move: Heal Block\n|move|p2a: Snorlax|Body Slam|p1a: Deoxys\n|-damage|p1a: Deoxys|22/100\n|-damage|p2a: Snorlax|0 fnt|[from] item: Rocky Helmet|[of] p1a: Deoxys\n|faint|p2a: Snorlax\n|\n|upkeep\n|inactive|Time left: 300 sec this turn | 300 sec total | 5 sec grace\n|\n|t:|1783563258\n|switch|p2a: Iron Moth|Iron Moth, L78|253/253\n|turn|22\n|inactive|Time left: 300 sec this turn | 300 sec total\n|\n|t:|1783563259\n|switch|p1a: Camerupt|Camerupt, L91, M|100/100\n|move|p2a: Iron Moth|Fiery Dance|p1a: Camerupt\n|-resisted|p1a: Camerupt\n|-damage|p1a: Camerupt|81/100\n|\n|-heal|p1a: Camerupt|87/100|[from] item: Leftovers\n|upkeep\n|turn|23\n|inactive|Time left: 300 sec this turn | 300 sec total\n|\n|t:|1783563260\n|-end|p2a: Iron Moth|Quark Drive|[silent]\n|switch|p2a: Scyther|Scyther, L82, F|249/249\n|move|p1a: Camerupt|Earthquake|p2a: Scyther\n|-immune|p2a: Scyther\n|\n|-heal|p1a: Camerupt|93/100|[from] item: Leftovers\n|upkeep\n|turn|24\n|inactive|Time left: 300 sec this turn | 300 sec total\n|\n|t:|1783563261\n|move|p2a: Scyther|Dual Wingbeat|p1a: Camerupt\n|-damage|p1a: Camerupt|67/100\n|-damage|p1a: Camerupt|42/100\n|-hitcount|p1a: Camerupt|2\n|move|p1a: Camerupt|Will-O-Wisp|p2a: Scyther\n|-status|p2a: Scyther|brn\n|\n|-heal|p1a: Camerupt|48/100|[from] item: Leftovers\n|-damage|p2a: Scyther|234/249 brn|[from] brn\n|upkeep\n|turn|25\n|inactive|Time left: 300 sec this turn | 300 sec total\n|\n|t:|1783563262\n|move|p2a: Scyther|Dual Wingbeat|p1a: Camerupt\n|-damage|p1a: Camerupt|36/100\n|-damage|p1a: Camerupt|23/100\n|-hitcount|p1a: Camerupt|2\n|move|p1a: Camerupt|Earthquake|p2a: Scyther\n|-immune|p2a: Scyther\n|\n|-heal|p1a: Camerupt|29/100|[from] item: Leftovers\n|-damage|p2a: Scyther|219/249 brn|[from] brn\n|upkeep\n|turn|26\n|inactive|Time left: 300 sec this turn | 300 sec total\n|\n|t:|1783563263\n|move|p2a: Scyther|Dual Wingbeat|p1a: Camerupt\n|-damage|p1a: Camerupt|16/100\n|-damage|p1a: Camerupt|4/100\n|-hitcount|p1a: Camerupt|2\n|move|p1a: Camerupt|Earthquake|p2a: Scyther\n|-immune|p2a: Scyther\n|\n|-heal|p1a: Camerupt|10/100|[from] item: Leftovers\n|-damage|p2a: Scyther|204/249 brn|[from] brn\n|upkeep\n|turn|27\n|inactive|Time left: 300 sec this turn | 300 sec total\n|\n|t:|1783563265\n|switch|p1a: Deoxys|Deoxys-Defense, L84|22/100\n|-ability|p1a: Deoxys|Pressure\n|move|p2a: Scyther|Dual Wingbeat|p1a: Deoxys\n|-damage|p1a: Deoxys|12/100\n|-damage|p2a: Scyther|163/249 brn|[from] item: Rocky Helmet|[of] p1a: Deoxys\n|-damage|p1a: Deoxys|4/100\n|-damage|p2a: Scyther|122/249 brn|[from] item: Rocky Helmet|[of] p1a: Deoxys\n|-hitcount|p1a: Deoxys|2\n|\n|-damage|p2a: Scyther|107/249 brn|[from] brn\n|upkeep\n|turn|28\n|inactive|Time left: 300 sec this turn | 300 sec total\n|\n|t:|1783563266\n|move|p2a: Scyther|Close Combat|p1a: Deoxys\n|-resisted|p1a: Deoxys\n|-damage|p1a: Deoxys|0 fnt\n|-unboost|p2a: Scyther|def|1\n|-unboost|p2a: Scyther|spd|1\n|-damage|p2a: Scyther|66/249 brn|[from] item: Rocky Helmet|[of] p1a: Deoxys\n|faint|p1a: Deoxys\n|\n|-damage|p2a: Scyther|51/249 brn|[from] brn\n|upkeep\n|\n|t:|1783563267\n|switch|p1a: Camerupt|Camerupt, L91, M|10/100\n|turn|29\n|inactive|Time left: 300 sec this turn | 300 sec total\n|\n|t:|1783563268\n|move|p2a: Scyther|Close Combat|p1a: Camerupt\n|-damage|p1a: Camerupt|0 fnt\n|-unboost|p2a: Scyther|def|1\n|-unboost|p2a: Scyther|spd|1\n|faint|p1a: Camerupt\n|\n|win|p0y2007e610", "uploadtime": 1783563268, "views": 0, "rating": 0, "private": 0, "password": null, "_winner": "p0y2007e610", "_our_name": "p0y2007e610"}