{"id": "battle-gen9randombattle-2214", "formatid": "gen9randombattle", "format": "[Gen 9] Random Battle", "players": ["p0x221479a5", "p0y22140ff6"], "log": "|init|battle\n|title|p0x221479a5 vs. p0y22140ff6\n|j|\u2606p0x221479a5\n|j|\u2606p0y22140ff6\n|t:|1783564708\n|gametype|singles\n|player|p1|p0x221479a5|266|\n|player|p2|p0y22140ff6|266|\n|gen|9\n|tier|[Gen 9] Random Battle\n|rule|Species Clause: Limit one of each Pok\u00e9mon\n|rule|HP Percentage Mod: HP is shown in percentages\n|rule|Sleep Clause Mod: Limit one foe put to sleep\n|rule|Illusion Level Mod: Illusion disguises the Pok\u00e9mon's true level\n|\n|t:|1783564708\n|teamsize|p1|6\n|teamsize|p2|6\n|start\n|switch|p1a: Houndstone|Houndstone, L86, M|264/264\n|switch|p2a: Regieleki|Regieleki, L79|100/100\n|turn|1\n|inactive|Battle timer is ON: inactive players will automatically lose when time's up. (requested by p0x221479a5)\n|inactive|p0y22140ff6 also wants the timer to be on.\n|\n|t:|1783564709\n|switch|p2a: Conkeldurr|Conkeldurr, L80, M|100/100\n|move|p1a: Houndstone|Poltergeist|p2a: Conkeldurr\n|-activate|p2a: Conkeldurr|move: Poltergeist|Flame Orb\n|-damage|p2a: Conkeldurr|58/100\n|\n|-status|p2a: Conkeldurr|brn|[from] item: Flame Orb\n|upkeep\n|turn|2\n|inactive|Time left: 300 sec this turn | 300 sec total\n|\n|t:|1783564711\n|switch|p2a: Camerupt|Camerupt, L91, F|100/100\n|move|p1a: Houndstone|Poltergeist|p2a: Camerupt\n|-activate|p2a: Camerupt|move: Poltergeist|Leftovers\n|-damage|p2a: Camerupt|48/100\n|\n|-heal|p2a: Camerupt|54/100|[from] item: Leftovers\n|upkeep\n|turn|3\n|inactive|Time left: 300 sec this turn | 300 sec total\n|\n|t:|1783564712\n|switch|p1a: Squawkabilly|Squawkabilly, L85, M|278/278\n|move|p2a: Camerupt|Overheat|p1a: Squawkabilly\n|-damage|p1a: Squawkabilly|13/278\n|-unboost|p2a: Camerupt|spa|2\n|\n|-heal|p2a: Camerupt|60/100|[from] item: Leftovers\n|-status|p1a: Squawkabilly|brn|[from] item: Flame Orb\n|upkeep\n|turn|4\n|inactive|Time left: 300 sec this turn | 300 sec total\n|\n|t:|1783564713\n|switch|p2a: Zamazenta|Zamazenta-Crowned, L68|100/100\n|-ability|p2a: Zamazenta|Dauntless Shield|boost\n|-boost|p2a: Zamazenta|def|1\n|move|p1a: Squawkabilly|Brave Bird|p2a: Zamazenta\n|-damage|p2a: Zamazenta|55/100\n|-damage|p1a: Squawkabilly|0 fnt|[from] Recoil\n|faint|p1a: Squawkabilly\n|\n|upkeep\n|inactive|Time left: 300 sec this turn | 300 sec total | 5 sec grace\n|\n|t:|1783564714\n|switch|p1a: Raichu|Raichu-Alola, L87, F|246/246\n|turn|5\n|inactive|Time left: 300 sec this turn | 300 sec total\n|\n|t:|1783564715\n|move|p1a: Raichu|Thunderbolt|p2a: Zamazenta\n|-damage|p2a: Zamazenta|0 fnt\n|faint|p2a: Zamazenta\n|\n|upkeep\n|\n|t:|1783564716\n|switch|p2a: Camerupt|Camerupt, L91, F|60/100\n|turn|6\n|inactive|Time left: 300 sec this turn | 300 sec total\n|\n|t:|1783564717\n|switch|p1a: Exeggutor|Exeggutor, L89, M|312/312\n|move|p2a: Camerupt|Earthquake|p1a: Exeggutor\n|-resisted|p1a: Exeggutor\n|-damage|p1a: Exeggutor|246/312\n|\n|-heal|p2a: Camerupt|66/100|[from] item: Leftovers\n|upkeep\n|turn|7\n|inactive|Time left: 300 sec this turn | 300 sec total\n|\n|t:|1783564719\n|move|p1a: Exeggutor|Psychic|p2a: Camerupt\n|-damage|p2a: Camerupt|13/100\n|move|p2a: Camerupt|Overheat|p1a: Exeggutor\n|-supereffective|p1a: Exeggutor\n|-damage|p1a: Exeggutor|0 fnt\n|-unboost|p2a: Camerupt|spa|2\n|faint|p1a: Exeggutor\n|\n|-heal|p2a: Camerupt|19/100|[from] item: Leftovers\n|upkeep\n|inactive|Time left: 300 sec this turn | 300 sec total | 5 sec grace\n|\n|t:|1783564720\n|switch|p1a: Raichu|Raichu-Alola, L87, F|246/246\n|turn|8\n|inactive|Time left: 300 sec this turn | 300 sec total\n|\n|t:|1783564721\n|move|p1a: Raichu|Psyshock|p2a: Camerupt\n|-damage|p2a: Camerupt|0 fnt\n|faint|p2a: Camerupt\n|\n|upkeep\n|\n|t:|1783564722\n|switch|p2a: Clawitzer|Clawitzer, L87, F|100/100\n|turn|9\n|inactive|Time left: 300 sec this turn | 300 sec total\n|\n|t:|1783564723\n|move|p1a: Raichu|Psyshock|p2a: Clawitzer\n|-damage|p2a: Clawitzer|53/100\n|move|p2a: Clawitzer|Water Pulse|p1a: Raichu\n|-damage|p1a: Raichu|84/246\n|-start|p1a: Raichu|confusion\n|\n|upkeep\n|turn|10\n|inactive|Time left: 300 sec this turn | 300 sec total\n|\n|t:|1783564724\n|-activate|p1a: Raichu|confusion\n|move|p1a: Raichu|Psyshock|p2a: Clawitzer\n|-damage|p2a: Clawitzer|2/100\n|move|p2a: Clawitzer|Water Pulse|p1a: Raichu\n|-damage|p1a: Raichu|0 fnt\n|faint|p1a: Raichu\n|\n|upkeep\n|inactive|Time left: 300 sec this turn | 300 sec total | 5 sec grace\n|\n|t:|1783564725\n|switch|p1a: Houndstone|Houndstone, L86, M|264/264\n|turn|11\n|inactive|Time left: 300 sec this turn | 300 sec total\n|\n|t:|1783564726\n|move|p1a: Houndstone|Poltergeist|p2a: Clawitzer\n|-activate|p2a: Clawitzer|move: Poltergeist|Choice Specs\n|-damage|p2a: Clawitzer|0 fnt\n|faint|p2a: Clawitzer\n|\n|upkeep\n|\n|t:|1783564727\n|switch|p2a: Conkeldurr|Conkeldurr, L80, M|58/100 brn\n|turn|12\n|inactive|Time left: 300 sec this turn | 300 sec total\n|\n|t:|1783564728\n|move|p1a: Houndstone|Body Press|p2a: Conkeldurr\n|-damage|p2a: Conkeldurr|36/100 brn\n|move|p2a: Conkeldurr|Knock Off|p1a: Houndstone\n|-supereffective|p1a: Houndstone\n|-damage|p1a: Houndstone|158/264\n|-enditem|p1a: Houndstone|Assault Vest|[from] move: Knock Off|[of] p2a: Conkeldurr\n|\n|-damage|p2a: Conkeldurr|30/100 brn|[from] brn\n|upkeep\n|turn|13\n|inactive|Time left: 300 sec this turn | 300 sec total\n|\n|t:|1783564729\n|switch|p2a: Regieleki|Regieleki, L79|100/100\n|move|p1a: Houndstone|Poltergeist|p2a: Regieleki\n|-activate|p2a: Regieleki|move: Poltergeist|Magnet\n|-damage|p2a: Regieleki|24/100\n|\n|upkeep\n|turn|14\n|inactive|Time left: 300 sec this turn | 300 sec total\n|\n|t:|1783564730\n|move|p1a: Houndstone|Shadow Sneak|p2a: Regieleki\n|-damage|p2a: Regieleki|0 fnt\n|faint|p2a: Regieleki\n|\n|upkeep\n|\n|t:|1783564731\n|switch|p2a: Flutter Mane|Flutter Mane, L74|100/100\n|turn|15\n|inactive|Time left: 300 sec this turn | 300 sec total\n|\n|t:|1783564732\n|-terastallize|p1a: Houndstone|Fairy\n|move|p2a: Flutter Mane|Shadow Ball|p1a: Houndstone\n|-damage|p1a: Houndstone|53/264\n|-damage|p2a: Flutter Mane|91/100|[from] item: Life Orb\n|move|p1a: Houndstone|Poltergeist|p2a: Flutter Mane\n|-activate|p2a: Flutter Mane|move: Poltergeist|Life Orb\n|-supereffective|p2a: Flutter Mane\n|-damage|p2a: Flutter Mane|0 fnt\n|faint|p2a: Flutter Mane\n|-end|p2a: Flutter Mane|Protosynthesis|[silent]\n|\n|upkeep\n|\n|t:|1783564732\n|switch|p2a: Conkeldurr|Conkeldurr, L80, M|30/100 brn\n|turn|16\n|inactive|Time left: 300 sec this turn | 300 sec total\n|\n|t:|1783564733\n|move|p1a: Houndstone|Body Press|p2a: Conkeldurr\n|-damage|p2a: Conkeldurr|9/100 brn\n|move|p2a: Conkeldurr|Facade|p1a: Houndstone\n|-damage|p1a: Houndstone|0 fnt\n|faint|p1a: Houndstone\n|\n|-damage|p2a: Conkeldurr|3/100 brn|[from] brn\n|upkeep\n|inactive|Time left: 300 sec this turn | 300 sec total | 5 sec grace\n|\n|t:|1783564734\n|switch|p1a: Iron Moth|Iron Moth, L78|253/253\n|turn|17\n|inactive|Time left: 300 sec this turn | 300 sec total\n|\n|t:|1783564735\n|-end|p1a: Iron Moth|Quark Drive|[silent]\n|switch|p1a: Sableye|Sableye, L88, F|231/231\n|move|p2a: Conkeldurr|Facade|p1a: Sableye\n|-immune|p1a: Sableye\n|\n|-damage|p2a: Conkeldurr|0 fnt|[from] brn\n|faint|p2a: Conkeldurr\n|\n|win|p0x221479a5", "uploadtime": 1783564735, "views": 0, "rating": 0, "private": 0, "password": null, "_winner": "p0x221479a5", "_our_name": "p0x221479a5"}