{"id": "battle-gen9randombattle-1133", "formatid": "gen9randombattle", "format": "[Gen 9] Random Battle", "players": ["p0x1133d10b", "p0y11337af3"], "log": "|init|battle\n|title|p0x1133d10b vs. p0y11337af3\n|j|\u2606p0x1133d10b\n|j|\u2606p0y11337af3\n|t:|1783553126\n|gametype|singles\n|player|p1|p0x1133d10b|266|\n|player|p2|p0y11337af3|170|\n|gen|9\n|tier|[Gen 9] Random Battle\n|rule|Species Clause: Limit one of each Pok\u00e9mon\n|rule|HP Percentage Mod: HP is shown in percentages\n|rule|Sleep Clause Mod: Limit one foe put to sleep\n|rule|Illusion Level Mod: Illusion disguises the Pok\u00e9mon's true level\n|\n|t:|1783553126\n|teamsize|p1|6\n|teamsize|p2|6\n|start\n|switch|p1a: Gumshoos|Gumshoos, L95, F|321/321\n|switch|p2a: Hydrapple|Hydrapple, L83, F|100/100\n|turn|1\n|inactive|Battle timer is ON: inactive players will automatically lose when time's up. (requested by p0y11337af3)\n|inactive|Time left: 300 sec this turn | 300 sec total | 60 sec grace\n|inactive|p0x1133d10b also wants the timer to be on.\n|\n|t:|1783553128\n|move|p1a: Gumshoos|Knock Off|p2a: Hydrapple\n|-damage|p2a: Hydrapple|64/100\n|-enditem|p2a: Hydrapple|Assault Vest|[from] move: Knock Off|[of] p1a: Gumshoos\n|move|p2a: Hydrapple|Fickle Beam|p1a: Gumshoos|[anim] Fickle Beam All Out\n|-activate|p2a: Hydrapple|move: Fickle Beam\n|-damage|p1a: Gumshoos|75/321\n|\n|upkeep\n|turn|2\n|inactive|Time left: 300 sec this turn | 300 sec total\n|\n|t:|1783553129\n|move|p1a: Gumshoos|Knock Off|p2a: Hydrapple\n|-damage|p2a: Hydrapple|35/100\n|move|p2a: Hydrapple|Fickle Beam|p1a: Gumshoos\n|-damage|p1a: Gumshoos|0 fnt\n|faint|p1a: Gumshoos\n|\n|upkeep\n|inactive|Time left: 300 sec this turn | 300 sec total | 5 sec grace\n|\n|t:|1783553130\n|switch|p1a: Kleavor|Kleavor, L78, F|237/237\n|turn|3\n|inactive|Time left: 300 sec this turn | 300 sec total\n|\n|t:|1783553131\n|switch|p2a: Qwilfish|Qwilfish, L86, M|100/100\n|-ability|p2a: Qwilfish|Intimidate|boost\n|-unboost|p1a: Kleavor|atk|1\n|move|p1a: Kleavor|Stone Axe|p2a: Qwilfish\n|-damage|p2a: Qwilfish|67/100\n|-sidestart|p2: p0y11337af3|move: Stealth Rock\n|\n|upkeep\n|turn|4\n|inactive|Time left: 300 sec this turn | 300 sec total\n|\n|t:|1783553133\n|move|p1a: Kleavor|Stone Axe|p2a: Qwilfish\n|-damage|p2a: Qwilfish|38/100\n|move|p2a: Qwilfish|Flip Turn|p1a: Kleavor\n|-supereffective|p1a: Kleavor\n|-damage|p1a: Kleavor|103/237\n|\n|t:|1783553134\n|switch|p2a: Ceruledge|Ceruledge, L78, M|100/100|[from] Flip Turn\n|\n|upkeep\n|turn|5\n|inactive|Time left: 300 sec this turn | 300 sec total\n|\n|t:|1783553135\n|switch|p1a: Bastiodon|Bastiodon, L89, M|252/252\n|move|p2a: Ceruledge|Swords Dance|p2a: Ceruledge\n|-boost|p2a: Ceruledge|atk|2\n|\n|upkeep\n|turn|6\n|inactive|Time left: 300 sec this turn | 300 sec total\n|\n|t:|1783553136\n|move|p2a: Ceruledge|Close Combat|p1a: Bastiodon\n|-supereffective|p1a: Bastiodon\n|-damage|p1a: Bastiodon|0 fnt\n|-unboost|p2a: Ceruledge|def|1\n|-unboost|p2a: Ceruledge|spd|1\n|faint|p1a: Bastiodon\n|\n|upkeep\n|inactive|Time left: 300 sec this turn | 300 sec total | 5 sec grace\n|\n|t:|1783553138\n|switch|p1a: Pincurchin|Pincurchin, F|258/258\n|-fieldstart|move: Electric Terrain|[from] ability: Electric Surge|[of] p1a: Pincurchin\n|turn|7\n|inactive|Time left: 300 sec this turn | 300 sec total\n|\n|t:|1783553139\n|switch|p2a: Hydrapple|Hydrapple, L83, F|69/100\n|-damage|p2a: Hydrapple|56/100|[from] Stealth Rock\n|move|p1a: Pincurchin|Zing Zap|p2a: Hydrapple\n|-resisted|p2a: Hydrapple\n|-damage|p2a: Hydrapple|46/100\n|\n|upkeep\n|turn|8\n|inactive|Time left: 300 sec this turn | 300 sec total\n|\n|t:|1783553140\n|move|p2a: Hydrapple|Fickle Beam|p1a: Pincurchin\n|-damage|p1a: Pincurchin|177/258\n|move|p1a: Pincurchin|Zing Zap|p2a: Hydrapple\n|-resisted|p2a: Hydrapple\n|-damage|p2a: Hydrapple|35/100\n|\n|-heal|p1a: Pincurchin|193/258|[from] item: Leftovers\n|upkeep\n|turn|9\n|inactive|Time left: 300 sec this turn | 300 sec total\n|\n|t:|1783553141\n|move|p2a: Hydrapple|Fickle Beam|p1a: Pincurchin\n|-damage|p1a: Pincurchin|114/258\n|move|p1a: Pincurchin|Recover|p1a: Pincurchin\n|-heal|p1a: Pincurchin|243/258\n|\n|-heal|p1a: Pincurchin|258/258|[from] item: Leftovers\n|upkeep\n|turn|10\n|inactive|Time left: 300 sec this turn | 300 sec total\n|\n|t:|1783553142\n|move|p2a: Hydrapple|Fickle Beam|p1a: Pincurchin\n|-damage|p1a: Pincurchin|179/258\n|move|p1a: Pincurchin|Zing Zap|p2a: Hydrapple\n|-resisted|p2a: Hydrapple\n|-damage|p2a: Hydrapple|24/100\n|\n|-heal|p1a: Pincurchin|195/258|[from] item: Leftovers\n|upkeep\n|turn|11\n|inactive|Time left: 300 sec this turn | 300 sec total\n|\n|t:|1783553143\n|move|p2a: Hydrapple|Earth Power|p1a: Pincurchin\n|-supereffective|p1a: Pincurchin\n|-damage|p1a: Pincurchin|55/258\n|move|p1a: Pincurchin|Recover|p1a: Pincurchin\n|-heal|p1a: Pincurchin|184/258\n|\n|-heal|p1a: Pincurchin|200/258|[from] item: Leftovers\n|-fieldend|move: Electric Terrain\n|upkeep\n|turn|12\n|inactive|Time left: 300 sec this turn | 300 sec total\n|\n|t:|1783553145\n|move|p2a: Hydrapple|Fickle Beam|p1a: Pincurchin\n|-damage|p1a: Pincurchin|109/258\n|move|p1a: Pincurchin|Zing Zap|p2a: Hydrapple\n|-resisted|p2a: Hydrapple\n|-damage|p2a: Hydrapple|15/100\n|\n|-heal|p1a: Pincurchin|125/258|[from] item: Leftovers\n|upkeep\n|turn|13\n|inactive|Time left: 300 sec this turn | 300 sec total\n|\n|t:|1783553146\n|move|p2a: Hydrapple|Earth Power|p1a: Pincurchin\n|-supereffective|p1a: Pincurchin\n|-damage|p1a: Pincurchin|1/258\n|move|p1a: Pincurchin|Recover|p1a: Pincurchin\n|-heal|p1a: Pincurchin|130/258\n|\n|-heal|p1a: Pincurchin|146/258|[from] item: Leftovers\n|upkeep\n|turn|14\n|inactive|Time left: 300 sec this turn | 300 sec total\n|\n|t:|1783553147\n|move|p2a: Hydrapple|Fickle Beam|p1a: Pincurchin\n|-damage|p1a: Pincurchin|65/258\n|move|p1a: Pincurchin|Recover|p1a: Pincurchin\n|-heal|p1a: Pincurchin|194/258\n|\n|-heal|p1a: Pincurchin|210/258|[from] item: Leftovers\n|upkeep\n|turn|15\n|inactive|Time left: 300 sec this turn | 300 sec total\n|\n|t:|1783553148\n|move|p2a: Hydrapple|Fickle Beam|p1a: Pincurchin|[anim] Fickle Beam All Out\n|-activate|p2a: Hydrapple|move: Fickle Beam\n|-damage|p1a: Pincurchin|26/258\n|move|p1a: Pincurchin|Zing Zap|p2a: Hydrapple\n|-resisted|p2a: Hydrapple\n|-crit|p2a: Hydrapple\n|-damage|p2a: Hydrapple|3/100\n|\n|-heal|p1a: Pincurchin|42/258|[from] item: Leftovers\n|upkeep\n|turn|16\n|inactive|Time left: 300 sec this turn | 300 sec total\n|\n|t:|1783553149\n|switch|p1a: Talonflame|Talonflame, L83, M|265/265\n|move|p2a: Hydrapple|Earth Power|p1a: Talonflame\n|-immune|p1a: Talonflame\n|\n|upkeep\n|turn|17\n|inactive|Time left: 300 sec this turn | 300 sec total\n|\n|t:|1783553150\n|switch|p2a: Qwilfish|Qwilfish, L86, M|38/100\n|-ability|p2a: Qwilfish|Intimidate|boost\n|-unboost|p1a: Talonflame|atk|1\n|move|p1a: Talonflame|Brave Bird|p2a: Qwilfish\n|-damage|p2a: Qwilfish|10/100\n|-damage|p1a: Talonflame|241/265|[from] Recoil\n|\n|upkeep\n|turn|18\n|inactive|Time left: 300 sec this turn | 300 sec total\n|\n|t:|1783553150\n|switch|p2a: Ceruledge|Ceruledge, L78, M|100/100\n|move|p1a: Talonflame|Brave Bird|p2a: Ceruledge\n|-damage|p2a: Ceruledge|67/100\n|-ability|p2a: Ceruledge|Weak Armor|boost\n|-unboost|p2a: Ceruledge|def|1\n|-boost|p2a: Ceruledge|spe|2\n|-damage|p1a: Talonflame|214/265|[from] Recoil\n|\n|upkeep\n|turn|19\n|inactive|Time left: 300 sec this turn | 300 sec total\n|\n|t:|1783553151\n|move|p2a: Ceruledge|Swords Dance|p2a: Ceruledge\n|-boost|p2a: Ceruledge|atk|2\n|move|p1a: Talonflame|Brave Bird|p2a: Ceruledge\n|-damage|p2a: Ceruledge|15/100\n|-ability|p2a: Ceruledge|Weak Armor|boost\n|-unboost|p2a: Ceruledge|def|1\n|-boost|p2a: Ceruledge|spe|2\n|-damage|p1a: Talonflame|172/265|[from] Recoil\n|\n|upkeep\n|turn|20\n|inactive|Time left: 300 sec this turn | 300 sec total\n|\n|t:|1783553152\n|switch|p1a: Pincurchin|Pincurchin, F|42/258\n|-fieldstart|move: Electric Terrain|[from] ability: Electric Surge|[of] p1a: Pincurchin\n|move|p2a: Ceruledge|Poltergeist|p1a: Pincurchin|[miss]\n|-miss|p2a: Ceruledge|p1a: Pincurchin\n|\n|-heal|p1a: Pincurchin|58/258|[from] item: Leftovers\n|upkeep\n|turn|21\n|inactive|Time left: 300 sec this turn | 300 sec total\n|\n|t:|1783553153\n|move|p2a: Ceruledge|Bitter Blade|p1a: Pincurchin\n|-damage|p1a: Pincurchin|0 fnt\n|-heal|p2a: Ceruledge|27/100|[from] drain|[of] p1a: Pincurchin\n|faint|p1a: Pincurchin\n|\n|upkeep\n|inactive|Time left: 300 sec this turn | 300 sec total | 5 sec grace\n|\n|t:|1783553154\n|switch|p1a: Talonflame|Talonflame, L83, M|172/265\n|turn|22\n|inactive|Time left: 300 sec this turn | 300 sec total\n|\n|t:|1783553155\n|move|p2a: Ceruledge|Poltergeist|p1a: Talonflame\n|-activate|p1a: Talonflame|move: Poltergeist|Heavy-Duty Boots\n|-damage|p1a: Talonflame|0 fnt\n|faint|p1a: Talonflame\n|\n|upkeep\n|inactive|Time left: 300 sec this turn | 300 sec total | 5 sec grace\n|\n|t:|1783553156\n|switch|p1a: Volbeat|Volbeat, L90, M|263/263\n|turn|23\n|inactive|Time left: 300 sec this turn | 300 sec total\n|\n|t:|1783553157\n|move|p1a: Volbeat|Encore|p2a: Ceruledge\n|-start|p2a: Ceruledge|Encore\n|move|p2a: Ceruledge|Poltergeist|p1a: Volbeat\n|-activate|p1a: Volbeat|move: Poltergeist|Heavy-Duty Boots\n|-damage|p1a: Volbeat|0 fnt\n|faint|p1a: Volbeat\n|\n|upkeep\n|inactive|Time left: 300 sec this turn | 300 sec total | 5 sec grace\n|\n|t:|1783553158\n|switch|p1a: Kleavor|Kleavor, L78, F|103/237\n|turn|24\n|inactive|Time left: 300 sec this turn | 300 sec total\n|\n|t:|1783553159\n|move|p2a: Ceruledge|Poltergeist|p1a: Kleavor\n|-activate|p1a: Kleavor|move: Poltergeist|Choice Scarf\n|-damage|p1a: Kleavor|0 fnt\n|faint|p1a: Kleavor\n|\n|win|p0y11337af3", "uploadtime": 1783553159, "views": 0, "rating": 0, "private": 0, "password": null, "_winner": "p0y11337af3", "_our_name": "p0x1133d10b"}