{"id": "battle-gen9randombattle-1667", "formatid": "gen9randombattle", "format": "[Gen 9] Random Battle", "players": ["p0x1667e4c3", "p0y1667ec34"], "log": "|init|battle\n|title|p0x1667e4c3 vs. p0y1667ec34\n|j|\u2606p0x1667e4c3\n|j|\u2606p0y1667ec34\n|t:|1783559336\n|gametype|singles\n|player|p1|p0x1667e4c3|102|\n|player|p2|p0y1667ec34|265|\n|gen|9\n|tier|[Gen 9] Random Battle\n|rule|Species Clause: Limit one of each Pok\u00e9mon\n|rule|HP Percentage Mod: HP is shown in percentages\n|rule|Sleep Clause Mod: Limit one foe put to sleep\n|rule|Illusion Level Mod: Illusion disguises the Pok\u00e9mon's true level\n|\n|t:|1783559336\n|teamsize|p1|6\n|teamsize|p2|6\n|start\n|switch|p1a: Suicune|Suicune, L82|298/298\n|switch|p2a: Suicune|Suicune, L82|100/100\n|-ability|p2a: Suicune|Pressure\n|-ability|p1a: Suicune|Pressure\n|turn|1\n|inactive|Battle timer is ON: inactive players will automatically lose when time's up. (requested by p0y1667ec34)\n|inactive|Time left: 300 sec this turn | 300 sec total | 60 sec grace\n|inactive|p0x1667e4c3 also wants the timer to be on.\n|\n|t:|1783559338\n|move|p1a: Suicune|Calm Mind|p1a: Suicune\n|-boost|p1a: Suicune|spa|1\n|-boost|p1a: Suicune|spd|1\n|move|p2a: Suicune|Calm Mind|p2a: Suicune\n|-boost|p2a: Suicune|spa|1\n|-boost|p2a: Suicune|spd|1\n|\n|upkeep\n|turn|2\n|inactive|Time left: 300 sec this turn | 300 sec total\n|\n|t:|1783559339\n|move|p1a: Suicune|Calm Mind|p1a: Suicune\n|-boost|p1a: Suicune|spa|1\n|-boost|p1a: Suicune|spd|1\n|move|p2a: Suicune|Calm Mind|p2a: Suicune\n|-boost|p2a: Suicune|spa|1\n|-boost|p2a: Suicune|spd|1\n|\n|upkeep\n|turn|3\n|inactive|Time left: 300 sec this turn | 300 sec total\n|\n|t:|1783559340\n|move|p2a: Suicune|Substitute|p2a: Suicune\n|-start|p2a: Suicune|Substitute\n|-damage|p2a: Suicune|76/100\n|move|p1a: Suicune|Calm Mind|p1a: Suicune\n|-boost|p1a: Suicune|spa|1\n|-boost|p1a: Suicune|spd|1\n|\n|-heal|p2a: Suicune|82/100|[from] item: Leftovers\n|upkeep\n|turn|4\n|inactive|Time left: 300 sec this turn | 300 sec total\n|\n|t:|1783559341\n|move|p2a: Suicune|Calm Mind|p2a: Suicune\n|-boost|p2a: Suicune|spa|1\n|-boost|p2a: Suicune|spd|1\n|move|p1a: Suicune|Scald|p2a: Suicune\n|-resisted|p2a: Suicune\n|-activate|p2a: Suicune|move: Substitute|[damage]\n|\n|-heal|p2a: Suicune|88/100|[from] item: Leftovers\n|upkeep\n|turn|5\n|inactive|Time left: 300 sec this turn | 300 sec total\n|\n|t:|1783559342\n|move|p1a: Suicune|Calm Mind|p1a: Suicune\n|-boost|p1a: Suicune|spa|1\n|-boost|p1a: Suicune|spd|1\n|move|p2a: Suicune|Calm Mind|p2a: Suicune\n|-boost|p2a: Suicune|spa|1\n|-boost|p2a: Suicune|spd|1\n|\n|-heal|p2a: Suicune|94/100|[from] item: Leftovers\n|upkeep\n|turn|6\n|inactive|Time left: 300 sec this turn | 300 sec total\n|\n|t:|1783559343\n|move|p1a: Suicune|Calm Mind|p1a: Suicune\n|-boost|p1a: Suicune|spa|1\n|-boost|p1a: Suicune|spd|1\n|move|p2a: Suicune|Ice Beam|p1a: Suicune\n|-resisted|p1a: Suicune\n|-damage|p1a: Suicune|278/298\n|\n|-heal|p1a: Suicune|296/298|[from] item: Leftovers\n|-heal|p2a: Suicune|99/100|[from] item: Leftovers\n|upkeep\n|turn|7\n|inactive|Time left: 300 sec this turn | 300 sec total\n|\n|t:|1783559344\n|move|p1a: Suicune|Calm Mind|p1a: Suicune\n|-boost|p1a: Suicune|spa|1\n|-boost|p1a: Suicune|spd|1\n|move|p2a: Suicune|Calm Mind|p2a: Suicune\n|-boost|p2a: Suicune|spa|1\n|-boost|p2a: Suicune|spd|1\n|\n|-heal|p2a: Suicune|100/100|[from] item: Leftovers\n|-heal|p1a: Suicune|298/298|[from] item: Leftovers\n|upkeep\n|turn|8\n|inactive|Time left: 300 sec this turn | 300 sec total\n|\n|t:|1783559345\n|move|p1a: Suicune|Scald|p2a: Suicune\n|-resisted|p2a: Suicune\n|-activate|p2a: Suicune|move: Substitute|[damage]\n|move|p2a: Suicune|Ice Beam|p1a: Suicune\n|-resisted|p1a: Suicune\n|-damage|p1a: Suicune|277/298\n|\n|-heal|p1a: Suicune|295/298|[from] item: Leftovers\n|upkeep\n|turn|9\n|inactive|Time left: 300 sec this turn | 300 sec total\n|\n|t:|1783559346\n|move|p1a: Suicune|Scald|p2a: Suicune\n|-resisted|p2a: Suicune\n|-end|p2a: Suicune|Substitute\n|move|p2a: Suicune|Ice Beam|p1a: Suicune\n|-resisted|p1a: Suicune\n|-damage|p1a: Suicune|275/298\n|\n|-heal|p1a: Suicune|293/298|[from] item: Leftovers\n|upkeep\n|turn|10\n|inactive|Time left: 300 sec this turn | 300 sec total\n|\n|t:|1783559347\n|move|p2a: Suicune|Substitute|p2a: Suicune\n|-start|p2a: Suicune|Substitute\n|-damage|p2a: Suicune|76/100\n|move|p1a: Suicune|Scald|p2a: Suicune\n|-resisted|p2a: Suicune\n|-activate|p2a: Suicune|move: Substitute|[damage]\n|\n|-heal|p2a: Suicune|82/100|[from] item: Leftovers\n|-heal|p1a: Suicune|298/298|[from] item: Leftovers\n|upkeep\n|turn|11\n|inactive|Time left: 300 sec this turn | 300 sec total\n|\n|t:|1783559347\n|move|p2a: Suicune|Calm Mind|p2a: Suicune\n|-boost|p2a: Suicune|spa|1\n|-boost|p2a: Suicune|spd|1\n|move|p1a: Suicune|Calm Mind|p1a: Suicune\n|-boost|p1a: Suicune|spa|0\n|-boost|p1a: Suicune|spd|0\n|\n|-heal|p2a: Suicune|88/100|[from] item: Leftovers\n|upkeep\n|turn|12\n|inactive|Time left: 300 sec this turn | 300 sec total\n|\n|t:|1783559348\n|move|p1a: Suicune|Scald|p2a: Suicune\n|-resisted|p2a: Suicune\n|-activate|p2a: Suicune|move: Substitute|[damage]\n|move|p2a: Suicune|Ice Beam|p1a: Suicune\n|-resisted|p1a: Suicune\n|-damage|p1a: Suicune|272/298\n|\n|-heal|p2a: Suicune|94/100|[from] item: Leftovers\n|-heal|p1a: Suicune|290/298|[from] item: Leftovers\n|upkeep\n|turn|13\n|inactive|Time left: 300 sec this turn | 300 sec total\n|\n|t:|1783559349\n|move|p2a: Suicune|Scald|p1a: Suicune\n|-resisted|p1a: Suicune\n|-damage|p1a: Suicune|257/298\n|-status|p1a: Suicune|brn\n|move|p1a: Suicune|Calm Mind|p1a: Suicune\n|-boost|p1a: Suicune|spa|0\n|-boost|p1a: Suicune|spd|0\n|\n|-heal|p2a: Suicune|99/100|[from] item: Leftovers\n|-heal|p1a: Suicune|275/298 brn|[from] item: Leftovers\n|-damage|p1a: Suicune|257/298 brn|[from] brn\n|upkeep\n|turn|14\n|inactive|Time left: 300 sec this turn | 300 sec total\n|\n|t:|1783559350\n|move|p1a: Suicune|Calm Mind|p1a: Suicune\n|-boost|p1a: Suicune|spa|0\n|-boost|p1a: Suicune|spd|0\n|move|p2a: Suicune|Scald|p1a: Suicune\n|-resisted|p1a: Suicune\n|-crit|p1a: Suicune\n|-damage|p1a: Suicune|67/298 brn\n|\n|-heal|p2a: Suicune|100/100|[from] item: Leftovers\n|-heal|p1a: Suicune|85/298 brn|[from] item: Leftovers\n|-damage|p1a: Suicune|67/298 brn|[from] brn\n|upkeep\n|turn|15\n|inactive|Time left: 300 sec this turn | 300 sec total\n|\n|t:|1783559351\n|move|p2a: Suicune|Scald|p1a: Suicune\n|-resisted|p1a: Suicune\n|-damage|p1a: Suicune|34/298 brn\n|move|p1a: Suicune|Rest|p1a: Suicune\n|-status|p1a: Suicune|slp|[from] move: Rest\n|-heal|p1a: Suicune|298/298 slp|[silent]\n|\n|upkeep\n|turn|16\n|inactive|Time left: 300 sec this turn | 300 sec total\n|\n|t:|1783559352\n|cant|p1a: Suicune|slp\n|move|p2a: Suicune|Calm Mind|p2a: Suicune\n|-boost|p2a: Suicune|spa|0\n|-boost|p2a: Suicune|spd|0\n|\n|upkeep\n|turn|17\n|inactive|Time left: 300 sec this turn | 300 sec total\n|\n|t:|1783559353\n|cant|p1a: Suicune|slp\n|move|p2a: Suicune|Calm Mind|p2a: Suicune\n|-boost|p2a: Suicune|spa|0\n|-boost|p2a: Suicune|spd|0\n|\n|upkeep\n|turn|18\n|inactive|Time left: 300 sec this turn | 300 sec total\n|\n|t:|1783559354\n|move|p2a: Suicune|Substitute|p2a: Suicune\n|-fail|p2a: Suicune|move: Substitute\n|-curestatus|p1a: Suicune|slp|[msg]\n|move|p1a: Suicune|Scald|p2a: Suicune\n|-resisted|p2a: Suicune\n|-end|p2a: Suicune|Substitute\n|\n|upkeep\n|turn|19\n|inactive|Time left: 300 sec this turn | 300 sec total\n|\n|t:|1783559355\n|move|p1a: Suicune|Scald|p2a: Suicune\n|-resisted|p2a: Suicune\n|-damage|p2a: Suicune|89/100\n|move|p2a: Suicune|Substitute|p2a: Suicune\n|-start|p2a: Suicune|Substitute\n|-damage|p2a: Suicune|65/100\n|\n|-heal|p2a: Suicune|71/100|[from] item: Leftovers\n|upkeep\n|turn|20\n|inactive|Time left: 300 sec this turn | 300 sec total\n|\n|t:|1783559356\n|move|p2a: Suicune|Ice Beam|p1a: Suicune\n|-resisted|p1a: Suicune\n|-damage|p1a: Suicune|274/298\n|move|p1a: Suicune|Calm Mind|p1a: Suicune\n|-boost|p1a: Suicune|spa|0\n|-boost|p1a: Suicune|spd|0\n|\n|-heal|p2a: Suicune|77/100|[from] item: Leftovers\n|-heal|p1a: Suicune|292/298|[from] item: Leftovers\n|upkeep\n|turn|21\n|inactive|Time left: 300 sec this turn | 300 sec total\n|\n|t:|1783559357\n|move|p1a: Suicune|Sleep Talk||[still]\n|-fail|p1a: Suicune\n|move|p2a: Suicune|Scald|p1a: Suicune\n|-resisted|p1a: Suicune\n|-damage|p1a: Suicune|259/298\n|\n|-heal|p1a: Suicune|277/298|[from] item: Leftovers\n|-heal|p2a: Suicune|83/100|[from] item: Leftovers\n|upkeep\n|turn|22\n|inactive|Time left: 300 sec this turn | 300 sec total\n|\n|t:|1783559358\n|move|p2a: Suicune|Scald|p1a: Suicune\n|-resisted|p1a: Suicune\n|-damage|p1a: Suicune|244/298\n|move|p1a: Suicune|Sleep Talk||[still]\n|-fail|p1a: Suicune\n|\n|-heal|p1a: Suicune|262/298|[from] item: Leftovers\n|-heal|p2a: Suicune|89/100|[from] item: Leftovers\n|upkeep\n|turn|23\n|inactive|Time left: 300 sec this turn | 300 sec total\n|\n|t:|1783559359\n|move|p2a: Suicune|Scald|p1a: Suicune\n|-resisted|p1a: Suicune\n|-damage|p1a: Suicune|233/298\n|move|p1a: Suicune|Sleep Talk||[still]\n|-fail|p1a: Suicune\n|\n|-heal|p2a: Suicune|95/100|[from] item: Leftovers\n|-heal|p1a: Suicune|251/298|[from] item: Leftovers\n|upkeep\n|turn|24\n|inactive|Time left: 300 sec this turn | 300 sec total\n|\n|t:|1783559360\n|move|p2a: Suicune|Ice Beam|p1a: Suicune\n|-resisted|p1a: Suicune\n|-damage|p1a: Suicune|229/298\n|move|p1a: Suicune|Scald|p2a: Suicune\n|-resisted|p2a: Suicune\n|-activate|p2a: Suicune|move: Substitute|[damage]\n|\n|-heal|p1a: Suicune|247/298|[from] item: Leftovers\n|-heal|p2a: Suicune|100/100|[from] item: Leftovers\n|upkeep\n|turn|25\n|inactive|Time left: 300 sec this turn | 300 sec total\n|\n|t:|1783559361\n|move|p1a: Suicune|Scald|p2a: Suicune\n|-resisted|p2a: Suicune\n|-activate|p2a: Suicune|move: Substitute|[damage]\n|move|p2a: Suicune|Ice Beam|p1a: Suicune\n|-resisted|p1a: Suicune\n|-damage|p1a: Suicune|222/298\n|\n|-heal|p1a: Suicune|240/298|[from] item: Leftovers\n|upkeep\n|turn|26\n|inactive|Time left: 300 sec this turn | 300 sec total\n|\n|t:|1783559362\n|move|p1a: Suicune|Calm Mind|p1a: Suicune\n|-boost|p1a: Suicune|spa|0\n|-boost|p1a: Suicune|spd|0\n|move|p2a: Suicune|Scald|p1a: Suicune\n|-resisted|p1a: Suicune\n|-damage|p1a: Suicune|208/298\n|\n|-heal|p1a: Suicune|226/298|[from] item: Leftovers\n|upkeep\n|turn|27\n|inactive|Time left: 300 sec this turn | 300 sec total\n|\n|t:|1783559363\n|move|p1a: Suicune|Sleep Talk||[still]\n|-fail|p1a: Suicune\n|move|p2a: Suicune|Scald|p1a: Suicune\n|-resisted|p1a: Suicune\n|-damage|p1a: Suicune|197/298\n|\n|-heal|p1a: Suicune|215/298|[from] item: Leftovers\n|upkeep\n|turn|28\n|inactive|Time left: 300 sec this turn | 300 sec total\n|\n|t:|1783559364\n|move|p1a: Suicune|Scald|p2a: Suicune\n|-resisted|p2a: Suicune\n|-crit|p2a: Suicune\n|-end|p2a: Suicune|Substitute\n|move|p2a: Suicune|Scald|p1a: Suicune\n|-resisted|p1a: Suicune\n|-damage|p1a: Suicune|182/298\n|\n|-heal|p1a: Suicune|200/298|[from] item: Leftovers\n|upkeep\n|turn|29\n|inactive|Time left: 300 sec this turn | 300 sec total\n|\n|t:|1783559365\n|move|p1a: Suicune|Scald|p2a: Suicune\n|-resisted|p2a: Suicune\n|-crit|p2a: Suicune\n|-damage|p2a: Suicune|36/100\n|move|p2a: Suicune|Scald|p1a: Suicune\n|-resisted|p1a: Suicune\n|-damage|p1a: Suicune|170/298\n|\n|-heal|p2a: Suicune|42/100|[from] item: Leftovers\n|-heal|p1a: Suicune|188/298|[from] item: Leftovers\n|upkeep\n|turn|30\n|inactive|Time left: 300 sec this turn | 300 sec total\n|\n|t:|1783559366\n|move|p1a: Suicune|Scald|p2a: Suicune\n|-resisted|p2a: Suicune\n|-damage|p2a: Suicune|32/100\n|-status|p2a: Suicune|brn\n|move|p2a: Suicune|Scald|p1a: Suicune\n|-resisted|p1a: Suicune\n|-damage|p1a: Suicune|157/298\n|-status|p1a: Suicune|brn\n|\n|-heal|p1a: Suicune|175/298 brn|[from] item: Leftovers\n|-heal|p2a: Suicune|38/100 brn|[from] item: Leftovers\n|-damage|p1a: Suicune|157/298 brn|[from] brn\n|-damage|p2a: Suicune|32/100 brn|[from] brn\n|upkeep\n|turn|31\n|inactive|Time left: 300 sec this turn | 300 sec total\n|\n|t:|1783559367\n|move|p2a: Suicune|Scald|p1a: Suicune\n|-resisted|p1a: Suicune\n|-damage|p1a: Suicune|123/298 brn\n|move|p1a: Suicune|Rest|p1a: Suicune\n|-status|p1a: Suicune|slp|[from] move: Rest\n|-heal|p1a: Suicune|298/298 slp|[silent]\n|\n|-heal|p2a: Suicune|38/100 brn|[from] item: Leftovers\n|-damage|p2a: Suicune|32/100 brn|[from] brn\n|upkeep\n|turn|32\n|inactive|Time left: 300 sec this turn | 300 sec total\n|\n|t:|1783559368\n|move|p2a: Suicune|Substitute|p2a: Suicune\n|-start|p2a: Suicune|Substitute\n|-damage|p2a: Suicune|7/100 brn\n|cant|p1a: Suicune|slp\n|move|p1a: Suicune|Sleep Talk|p1a: Suicune\n|move|p1a: Suicune|Scald|p2a: Suicune|[from] move: Sleep Talk\n|-resisted|p2a: Suicune\n|-activate|p2a: Suicune|move: Substitute|[damage]\n|\n|-heal|p2a: Suicune|13/100 brn|[from] item: Leftovers\n|-damage|p2a: Suicune|7/100 brn|[from] brn\n|upkeep\n|turn|33\n|inactive|Time left: 300 sec this turn | 300 sec total\n|\n|t:|1783559369\n|cant|p1a: Suicune|slp\n|move|p2a: Suicune|Substitute|p2a: Suicune\n|-fail|p2a: Suicune|move: Substitute\n|\n|-heal|p2a: Suicune|13/100 brn|[from] item: Leftovers\n|-damage|p2a: Suicune|7/100 brn|[from] brn\n|upkeep\n|turn|34\n|inactive|Time left: 300 sec this turn | 300 sec total\n|\n|t:|1783559370\n|-curestatus|p1a: Suicune|slp|[msg]\n|move|p1a: Suicune|Rest|p1a: Suicune\n|-fail|p1a: Suicune|heal\n|move|p2a: Suicune|Calm Mind|p2a: Suicune\n|-boost|p2a: Suicune|spa|0\n|-boost|p2a: Suicune|spd|0\n|\n|-heal|p2a: Suicune|13/100 brn|[from] item: Leftovers\n|-damage|p2a: Suicune|7/100 brn|[from] brn\n|upkeep\n|turn|35\n|inactive|Time left: 300 sec this turn | 300 sec total\n|\n|t:|1783559371\n|move|p2a: Suicune|Calm Mind|p2a: Suicune\n|-boost|p2a: Suicune|spa|0\n|-boost|p2a: Suicune|spd|0\n|move|p1a: Suicune|Rest|p1a: Suicune\n|-fail|p1a: Suicune|heal\n|\n|-heal|p2a: Suicune|13/100 brn|[from] item: Leftovers\n|-damage|p2a: Suicune|7/100 brn|[from] brn\n|upkeep\n|turn|36\n|inactive|Time left: 300 sec this turn | 300 sec total\n|\n|t:|1783559372\n|move|p2a: Suicune|Calm Mind|p2a: Suicune\n|-boost|p2a: Suicune|spa|0\n|-boost|p2a: Suicune|spd|0\n|move|p1a: Suicune|Rest|p1a: Suicune\n|-fail|p1a: Suicune|heal\n|\n|-heal|p2a: Suicune|13/100 brn|[from] item: Leftovers\n|-damage|p2a: Suicune|7/100 brn|[from] brn\n|upkeep\n|turn|37\n|inactive|Time left: 300 sec this turn | 300 sec total\n|\n|t:|1783559373\n|move|p2a: Suicune|Calm Mind|p2a: Suicune\n|-boost|p2a: Suicune|spa|0\n|-boost|p2a: Suicune|spd|0\n|move|p1a: Suicune|Rest|p1a: Suicune\n|-fail|p1a: Suicune|heal\n|\n|-heal|p2a: Suicune|13/100 brn|[from] item: Leftovers\n|-damage|p2a: Suicune|7/100 brn|[from] brn\n|upkeep\n|turn|38\n|inactive|Time left: 300 sec this turn | 300 sec total\n|\n|t:|1783559374\n|move|p1a: Suicune|Rest|p1a: Suicune\n|-fail|p1a: Suicune|heal\n|move|p2a: Suicune|Substitute|p2a: Suicune\n|-fail|p2a: Suicune|move: Substitute\n|\n|-heal|p2a: Suicune|13/100 brn|[from] item: Leftovers\n|-damage|p2a: Suicune|7/100 brn|[from] brn\n|upkeep\n|turn|39\n|inactive|Time left: 300 sec this turn | 300 sec total\n|\n|t:|1783559375\n|move|p1a: Suicune|Rest|p1a: Suicune\n|-fail|p1a: Suicune|heal\n|move|p2a: Suicune|Substitute|p2a: Suicune\n|-fail|p2a: Suicune|move: Substitute\n|\n|-heal|p2a: Suicune|13/100 brn|[from] item: Leftovers\n|-damage|p2a: Suicune|7/100 brn|[from] brn\n|upkeep\n|turn|40\n|inactive|Time left: 300 sec this turn | 300 sec total\n|\n|t:|1783559375\n|move|p1a: Suicune|Sleep Talk||[still]\n|-fail|p1a: Suicune\n|move|p2a: Suicune|Substitute|p2a: Suicune\n|-fail|p2a: Suicune|move: Substitute\n|\n|-heal|p2a: Suicune|13/100 brn|[from] item: Leftovers\n|-damage|p2a: Suicune|7/100 brn|[from] brn\n|upkeep\n|turn|41\n|inactive|Time left: 300 sec this turn | 300 sec total\n|\n|t:|1783559376\n|move|p2a: Suicune|Substitute|p2a: Suicune\n|-fail|p2a: Suicune|move: Substitute\n|move|p1a: Suicune|Calm Mind|p1a: Suicune\n|-boost|p1a: Suicune|spa|0\n|-boost|p1a: Suicune|spd|0\n|\n|-heal|p2a: Suicune|13/100 brn|[from] item: Leftovers\n|-damage|p2a: Suicune|7/100 brn|[from] brn\n|upkeep\n|turn|42\n|inactive|Time left: 300 sec this turn | 300 sec total\n|\n|t:|1783559377\n|move|p2a: Suicune|Ice Beam|p1a: Suicune\n|-resisted|p1a: Suicune\n|-damage|p1a: Suicune|273/298\n|move|p1a: Suicune|Calm Mind|p1a: Suicune\n|-boost|p1a: Suicune|spa|0\n|-boost|p1a: Suicune|spd|0\n|\n|-heal|p1a: Suicune|291/298|[from] item: Leftovers\n|-heal|p2a: Suicune|13/100 brn|[from] item: Leftovers\n|-damage|p2a: Suicune|7/100 brn|[from] brn\n|upkeep\n|turn|43\n|inactive|Time left: 300 sec this turn | 300 sec total\n|\n|t:|1783559378\n|move|p1a: Suicune|Calm Mind|p1a: Suicune\n|-boost|p1a: Suicune|spa|0\n|-boost|p1a: Suicune|spd|0\n|move|p2a: Suicune|Calm Mind|p2a: Suicune\n|-boost|p2a: Suicune|spa|0\n|-boost|p2a: Suicune|spd|0\n|\n|-heal|p2a: Suicune|13/100 brn|[from] item: Leftovers\n|-heal|p1a: Suicune|298/298|[from] item: Leftovers\n|-damage|p2a: Suicune|7/100 brn|[from] brn\n|upkeep\n|turn|44\n|inactive|Time left: 300 sec this turn | 300 sec total\n|\n|t:|1783559379\n|move|p2a: Suicune|Calm Mind|p2a: Suicune\n|-boost|p2a: Suicune|spa|0\n|-boost|p2a: Suicune|spd|0\n|move|p1a: Suicune|Sleep Talk||[still]\n|-fail|p1a: Suicune\n|\n|-heal|p2a: Suicune|13/100 brn|[from] item: Leftovers\n|-damage|p2a: Suicune|7/100 brn|[from] brn\n|upkeep\n|turn|45\n|inactive|Time left: 300 sec this turn | 300 sec total\n|\n|t:|1783559380\n|move|p2a: Suicune|Calm Mind|p2a: Suicune\n|-boost|p2a: Suicune|spa|0\n|-boost|p2a: Suicune|spd|0\n|move|p1a: Suicune|Calm Mind|p1a: Suicune\n|-boost|p1a: Suicune|spa|0\n|-boost|p1a: Suicune|spd|0\n|\n|-heal|p2a: Suicune|13/100 brn|[from] item: Leftovers\n|-damage|p2a: Suicune|7/100 brn|[from] brn\n|upkeep\n|turn|46\n|inactive|Time left: 300 sec this turn | 300 sec total\n|\n|t:|1783559381\n|move|p2a: Suicune|Calm Mind|p2a: Suicune\n|-boost|p2a: Suicune|spa|0\n|-boost|p2a: Suicune|spd|0\n|move|p1a: Suicune|Sleep Talk||[still]\n|-fail|p1a: Suicune\n|\n|-heal|p2a: Suicune|13/100 brn|[from] item: Leftovers\n|-damage|p2a: Suicune|7/100 brn|[from] brn\n|upkeep\n|turn|47\n|inactive|Time left: 300 sec this turn | 300 sec total\n|\n|t:|1783559382\n|switch|p2a: Hariyama|Hariyama, L87, M|100/100\n|move|p1a: Suicune|Sleep Talk||[still]\n|-fail|p1a: Suicune\n|\n|upkeep\n|turn|48\n|inactive|Time left: 300 sec this turn | 300 sec total\n|\n|t:|1783559383\n|move|p1a: Suicune|Sleep Talk||[still]\n|-fail|p1a: Suicune\n|move|p2a: Hariyama|Close Combat|p1a: Suicune\n|-damage|p1a: Suicune|160/298\n|-unboost|p2a: Hariyama|def|1\n|-unboost|p2a: Hariyama|spd|1\n|\n|-heal|p1a: Suicune|178/298|[from] item: Leftovers\n|upkeep\n|turn|49\n|inactive|Time left: 300 sec this turn | 300 sec total\n|\n|t:|1783559383\n|move|p1a: Suicune|Calm Mind|p1a: Suicune\n|-boost|p1a: Suicune|spa|0\n|-boost|p1a: Suicune|spd|0\n|move|p2a: Hariyama|Close Combat|p1a: Suicune\n|-damage|p1a: Suicune|34/298\n|-unboost|p2a: Hariyama|def|1\n|-unboost|p2a: Hariyama|spd|1\n|\n|-heal|p1a: Suicune|52/298|[from] item: Leftovers\n|upkeep\n|turn|50\n|inactive|Time left: 300 sec this turn | 300 sec total\n|\n|t:|1783559384\n|move|p1a: Suicune|Calm Mind|p1a: Suicune\n|-boost|p1a: Suicune|spa|0\n|-boost|p1a: Suicune|spd|0\n|move|p2a: Hariyama|Knock Off|p1a: Suicune\n|-damage|p1a: Suicune|0 fnt\n|-enditem|p1a: Suicune|Leftovers|[from] move: Knock Off|[of] p2a: Hariyama\n|faint|p1a: Suicune\n|\n|upkeep\n|inactive|Time left: 300 sec this turn | 300 sec total | 5 sec grace\n|\n|t:|1783559385\n|switch|p1a: Polteageist|Polteageist-Antique, L78|222/222\n|turn|51\n|inactive|Time left: 300 sec this turn | 300 sec total\n|\n|t:|1783559386\n|move|p1a: Polteageist|Shell Smash|p1a: Polteageist\n|-unboost|p1a: Polteageist|def|1\n|-unboost|p1a: Polteageist|spd|1\n|-boost|p1a: Polteageist|atk|2\n|-boost|p1a: Polteageist|spa|2\n|-boost|p1a: Polteageist|spe|2\n|-enditem|p1a: Polteageist|White Herb\n|-clearnegativeboost|p1a: Polteageist|[silent]\n|move|p2a: Hariyama|Knock Off|p1a: Polteageist\n|-supereffective|p1a: Polteageist\n|-damage|p1a: Polteageist|74/222\n|\n|upkeep\n|turn|52\n|inactive|Time left: 300 sec this turn | 300 sec total\n|\n|t:|1783559387\n|switch|p2a: Wigglytuff|Wigglytuff, L96, F|100/100\n|move|p1a: Polteageist|Strength Sap|p2a: Wigglytuff\n|-unboost|p2a: Wigglytuff|atk|1\n|-ability|p2a: Wigglytuff|Competitive|boost\n|-boost|p2a: Wigglytuff|spa|2\n|-heal|p1a: Polteageist|213/222\n|\n|upkeep\n|turn|53\n|inactive|Time left: 300 sec this turn | 300 sec total\n|\n|t:|1783559388\n|move|p1a: Polteageist|Stored Power|p2a: Wigglytuff\n|-damage|p2a: Wigglytuff|38/100\n|move|p2a: Wigglytuff|Alluring Voice|p1a: Polteageist\n|-crit|p1a: Polteageist\n|-damage|p1a: Polteageist|0 fnt\n|faint|p1a: Polteageist\n|\n|-heal|p2a: Wigglytuff|44/100|[from] item: Leftovers\n|upkeep\n|inactive|Time left: 300 sec this turn | 300 sec total | 5 sec grace\n|\n|t:|1783559389\n|switch|p1a: Ampharos|Ampharos, L88, M|302/302\n|turn|54\n|inactive|Time left: 300 sec this turn | 300 sec total\n|\n|t:|1783559390\n|move|p2a: Wigglytuff|Protect|p2a: Wigglytuff\n|-singleturn|p2a: Wigglytuff|Protect\n|move|p1a: Ampharos|Thunderbolt|p2a: Wigglytuff\n|-activate|p2a: Wigglytuff|move: Protect\n|\n|-heal|p2a: Wigglytuff|50/100|[from] item: Leftovers\n|upkeep\n|turn|55\n|inactive|Time left: 300 sec this turn | 300 sec total\n|\n|t:|1783559391\n|switch|p2a: Pikachu|Pikachu-Hoenn, L93, M|100/100\n|move|p1a: Ampharos|Thunderbolt|p2a: Pikachu\n|-ability|p2a: Pikachu|Lightning Rod|boost\n|-boost|p2a: Pikachu|spa|1\n|\n|upkeep\n|turn|56\n|inactive|Time left: 300 sec this turn | 300 sec total\n|\n|t:|1783559392\n|move|p2a: Pikachu|Knock Off|p1a: Ampharos\n|-damage|p1a: Ampharos|197/302\n|-enditem|p1a: Ampharos|Life Orb|[from] move: Knock Off|[of] p2a: Pikachu\n|move|p1a: Ampharos|Focus Blast|p2a: Pikachu\n|-damage|p2a: Pikachu|35/100\n|\n|upkeep\n|turn|57\n|inactive|Time left: 300 sec this turn | 300 sec total\n|\n|t:|1783559393\n|-terastallize|p2a: Pikachu|Water\n|move|p2a: Pikachu|Surf|p1a: Ampharos\n|-damage|p1a: Ampharos|0 fnt\n|faint|p1a: Ampharos\n|\n|upkeep\n|inactive|Time left: 300 sec this turn | 300 sec total | 5 sec grace\n|\n|t:|1783559394\n|switch|p1a: Probopass|Probopass, L91, F|235/235\n|turn|58\n|inactive|Time left: 300 sec this turn | 300 sec total\n|\n|t:|1783559395\n|move|p1a: Probopass|Sludge Bomb|p2a: Pikachu\n|-damage|p2a: Pikachu|0 fnt\n|faint|p2a: Pikachu\n|\n|upkeep\n|\n|t:|1783559396\n|switch|p2a: Hariyama|Hariyama, L87, M|100/100\n|turn|59\n|inactive|Time left: 300 sec this turn | 300 sec total\n|\n|t:|1783559397\n|switch|p1a: Mandibuzz|Mandibuzz, L85, F|326/326\n|move|p2a: Hariyama|Close Combat|p1a: Mandibuzz\n|-damage|p1a: Mandibuzz|194/326\n|-unboost|p2a: Hariyama|def|1\n|-unboost|p2a: Hariyama|spd|1\n|\n|upkeep\n|turn|60\n|inactive|Time left: 300 sec this turn | 300 sec total\n|\n|t:|1783559398\n|move|p1a: Mandibuzz|Brave Bird|p2a: Hariyama\n|-supereffective|p2a: Hariyama\n|-damage|p2a: Hariyama|0 fnt\n|faint|p2a: Hariyama\n|-damage|p1a: Mandibuzz|65/326|[from] Recoil\n|\n|upkeep\n|\n|t:|1783559399\n|switch|p2a: Cramorant|Cramorant, L86, M|100/100\n|turn|61\n|inactive|Time left: 300 sec this turn | 300 sec total\n|\n|t:|1783559400\n|switch|p1a: Probopass|Probopass, L91, F|257/257\n|move|p2a: Cramorant|Surf|p1a: Probopass\n|-formechange|p2a: Cramorant|Cramorant-Gulping|\n|-supereffective|p1a: Probopass\n|-crit|p1a: Probopass\n|-damage|p1a: Probopass|93/257\n|\n|-heal|p1a: Probopass|109/257|[from] item: Leftovers\n|upkeep\n|turn|62\n|inactive|Time left: 300 sec this turn | 300 sec total\n|\n|t:|1783559400\n|-terastallize|p1a: Probopass|Fighting\n|move|p2a: Cramorant|Surf|p1a: Probopass\n|-damage|p1a: Probopass|55/257\n|move|p1a: Probopass|Thunder Wave|p2a: Cramorant\n|-status|p2a: Cramorant|par\n|\n|-heal|p1a: Probopass|71/257|[from] item: Leftovers\n|upkeep\n|turn|63\n|inactive|Time left: 300 sec this turn | 300 sec total\n|\n|t:|1783559402\n|move|p1a: Probopass|Iron Defense|p1a: Probopass\n|-boost|p1a: Probopass|def|2\n|move|p2a: Cramorant|Brave Bird|p1a: Probopass\n|-supereffective|p1a: Probopass\n|-crit|p1a: Probopass\n|-damage|p1a: Probopass|0 fnt\n|faint|p1a: Probopass\n|-damage|p2a: Cramorant|92/100 par|[from] Recoil\n|\n|upkeep\n|inactive|Time left: 300 sec this turn | 300 sec total | 5 sec grace\n|\n|t:|1783559402\n|switch|p1a: Mandibuzz|Mandibuzz, L85, F|65/326\n|turn|64\n|inactive|Time left: 300 sec this turn | 300 sec total\n|\n|t:|1783559403\n|switch|p2a: Wigglytuff|Wigglytuff, L96, F|50/100\n|move|p1a: Mandibuzz|Roost|p1a: Mandibuzz\n|-heal|p1a: Mandibuzz|228/326\n|-singleturn|p1a: Mandibuzz|move: Roost\n|\n|-heal|p2a: Wigglytuff|56/100|[from] item: Leftovers\n|upkeep\n|turn|65\n|inactive|Time left: 300 sec this turn | 300 sec total\n|\n|t:|1783559404\n|move|p1a: Mandibuzz|Brave Bird|p2a: Wigglytuff\n|-damage|p2a: Wigglytuff|25/100\n|-damage|p1a: Mandibuzz|184/326|[from] Recoil\n|move|p2a: Wigglytuff|Alluring Voice|p1a: Mandibuzz\n|-supereffective|p1a: Mandibuzz\n|-damage|p1a: Mandibuzz|0 fnt\n|faint|p1a: Mandibuzz\n|\n|-heal|p2a: Wigglytuff|31/100|[from] item: Leftovers\n|upkeep\n|inactive|Time left: 300 sec this turn | 300 sec total | 5 sec grace\n|\n|t:|1783559405\n|switch|p1a: Zoroark|Zoroark, L83, M|235/235\n|turn|66\n|inactive|Time left: 300 sec this turn | 300 sec total\n|\n|t:|1783559406\n|move|p1a: Zoroark|Dark Pulse|p2a: Wigglytuff\n|-resisted|p2a: Wigglytuff\n|-damage|p2a: Wigglytuff|7/100\n|cant|p2a: Wigglytuff|flinch\n|\n|-heal|p2a: Wigglytuff|13/100|[from] item: Leftovers\n|upkeep\n|turn|67\n|inactive|Time left: 300 sec this turn | 300 sec total\n|\n|t:|1783559407\n|switch|p2a: Suicune|Suicune, L82|7/100 brn\n|-ability|p2a: Suicune|Pressure\n|move|p1a: Zoroark|Dark Pulse|p2a: Suicune\n|-damage|p2a: Suicune|0 fnt\n|faint|p2a: Suicune\n|\n|upkeep\n|\n|t:|1783559408\n|switch|p2a: Grumpig|Grumpig, L92, M|100/100\n|turn|68\n|inactive|Time left: 300 sec this turn | 300 sec total\n|\n|t:|1783559409\n|move|p2a: Grumpig|Focus Blast|p1a: Zoroark|[miss]\n|-miss|p2a: Grumpig|p1a: Zoroark\n|move|p1a: Zoroark|Dark Pulse|p2a: Grumpig\n|-supereffective|p2a: Grumpig\n|-damage|p2a: Grumpig|20/100\n|\n|upkeep\n|turn|69\n|inactive|Time left: 300 sec this turn | 300 sec total\n|\n|t:|1783559410\n|move|p2a: Grumpig|Focus Blast|p1a: Zoroark\n|-supereffective|p1a: Zoroark\n|-damage|p1a: Zoroark|0 fnt\n|faint|p1a: Zoroark\n|\n|win|p0y1667ec34", "uploadtime": 1783559410, "views": 0, "rating": 0, "private": 0, "password": null, "_winner": "p0y1667ec34", "_our_name": "p0x1667e4c3"}