{"id": "battle-gen9randombattle-872", "formatid": "gen9randombattle", "format": "[Gen 9] Random Battle", "players": ["p0x872b24b", "p0y8728d28"], "log": "|init|battle\n|title|p0x872b24b vs. p0y8728d28\n|j|\u2606p0x872b24b\n|j|\u2606p0y8728d28\n|t:|1783549242\n|gametype|singles\n|player|p1|p0x872b24b|265|\n|player|p2|p0y8728d28|169|\n|gen|9\n|tier|[Gen 9] Random Battle\n|rule|Species Clause: Limit one of each Pok\u00e9mon\n|rule|HP Percentage Mod: HP is shown in percentages\n|rule|Sleep Clause Mod: Limit one foe put to sleep\n|rule|Illusion Level Mod: Illusion disguises the Pok\u00e9mon's true level\n|\n|t:|1783549242\n|teamsize|p1|6\n|teamsize|p2|6\n|start\n|switch|p1a: Bellibolt|Bellibolt, L84, M|100/100\n|switch|p2a: Volcarona|Volcarona, L77, M|257/257\n|turn|1\n|inactive|Battle timer is ON: inactive players will automatically lose when time's up. (requested by p0y8728d28)\n|inactive|p0x872b24b also wants the timer to be on.\n|\n|t:|1783549244\n|move|p2a: Volcarona|Quiver Dance|p2a: Volcarona\n|-boost|p2a: Volcarona|spa|1\n|-boost|p2a: Volcarona|spd|1\n|-boost|p2a: Volcarona|spe|1\n|move|p1a: Bellibolt|Muddy Water|p2a: Volcarona\n|-supereffective|p2a: Volcarona\n|-damage|p2a: Volcarona|167/257\n|\n|upkeep\n|turn|2\n|inactive|Time left: 300 sec this turn | 300 sec total\n|\n|t:|1783549245\n|move|p2a: Volcarona|Quiver Dance|p2a: Volcarona\n|-boost|p2a: Volcarona|spa|1\n|-boost|p2a: Volcarona|spd|1\n|-boost|p2a: Volcarona|spe|1\n|move|p1a: Bellibolt|Thunderbolt|p2a: Volcarona\n|-damage|p2a: Volcarona|119/257\n|\n|upkeep\n|turn|3\n|inactive|Time left: 300 sec this turn | 300 sec total\n|\n|t:|1783549246\n|move|p2a: Volcarona|Fiery Dance|p1a: Bellibolt\n|-damage|p1a: Bellibolt|42/100\n|-boost|p2a: Volcarona|spa|1\n|-start|p1a: Bellibolt|Charge|Fiery Dance|[from] ability: Electromorphosis\n|move|p1a: Bellibolt|Volt Switch|p2a: Volcarona\n|-damage|p2a: Volcarona|52/257\n|-end|p1a: Bellibolt|Charge|[silent]\n|\n|t:|1783549247\n|switch|p1a: Gogoat|Gogoat, L88, M|100/100|[from] Volt Switch\n|\n|upkeep\n|turn|4\n|inactive|Time left: 300 sec this turn | 300 sec total\n|\n|t:|1783549248\n|-terastallize|p1a: Gogoat|Water\n|move|p2a: Volcarona|Morning Sun|p2a: Volcarona\n|-heal|p2a: Volcarona|180/257\n|move|p1a: Gogoat|Rock Slide|p2a: Volcarona\n|-supereffective|p2a: Volcarona\n|-damage|p2a: Volcarona|0 fnt\n|faint|p2a: Volcarona\n|\n|upkeep\n|inactive|Time left: 300 sec this turn | 300 sec total | 5 sec grace\n|\n|t:|1783549249\n|switch|p2a: Polteageist|Polteageist, L78|222/222\n|turn|5\n|inactive|Time left: 300 sec this turn | 300 sec total\n|\n|t:|1783549250\n|move|p1a: Gogoat|Horn Leech|p2a: Polteageist\n|-damage|p2a: Polteageist|95/222\n|-start|p1a: Gogoat|Disable|Horn Leech|[from] ability: Cursed Body|[of] p2a: Polteageist\n|move|p2a: Polteageist|Shell Smash|p2a: Polteageist\n|-unboost|p2a: Polteageist|def|1\n|-unboost|p2a: Polteageist|spd|1\n|-boost|p2a: Polteageist|atk|2\n|-boost|p2a: Polteageist|spa|2\n|-boost|p2a: Polteageist|spe|2\n|-enditem|p2a: Polteageist|White Herb\n|-clearnegativeboost|p2a: Polteageist|[silent]\n|\n|upkeep\n|turn|6\n|inactive|Time left: 300 sec this turn | 300 sec total\n|\n|t:|1783549251\n|-terastallize|p2a: Polteageist|Psychic\n|move|p2a: Polteageist|Stored Power|p1a: Gogoat\n|-damage|p1a: Gogoat|2/100\n|move|p1a: Gogoat|Rock Slide|p2a: Polteageist\n|-damage|p2a: Polteageist|15/222\n|\n|-heal|p1a: Gogoat|8/100|[from] item: Leftovers\n|upkeep\n|turn|7\n|inactive|Time left: 300 sec this turn | 300 sec total\n|\n|t:|1783549252\n|move|p2a: Polteageist|Stored Power|p1a: Gogoat\n|-damage|p1a: Gogoat|0 fnt\n|faint|p1a: Gogoat\n|\n|upkeep\n|\n|t:|1783549252\n|switch|p1a: Drifblim|Drifblim, L86, F|100/100\n|turn|8\n|inactive|Time left: 300 sec this turn | 300 sec total\n|\n|t:|1783549253\n|switch|p1a: Bellibolt|Bellibolt, L84, M|42/100\n|move|p2a: Polteageist|Stored Power|p1a: Bellibolt\n|-damage|p1a: Bellibolt|0 fnt\n|faint|p1a: Bellibolt\n|\n|upkeep\n|\n|t:|1783549254\n|switch|p1a: Vigoroth|Vigoroth, L85, F|100/100\n|turn|9\n|inactive|Time left: 300 sec this turn | 300 sec total\n|\n|t:|1783549255\n|move|p2a: Polteageist|Stored Power|p1a: Vigoroth\n|-damage|p1a: Vigoroth|0 fnt\n|faint|p1a: Vigoroth\n|\n|upkeep\n|\n|t:|1783549256\n|switch|p1a: Froslass|Froslass, L87, F|100/100\n|turn|10\n|inactive|Time left: 300 sec this turn | 300 sec total\n|\n|t:|1783549257\n|move|p2a: Polteageist|Strength Sap|p1a: Froslass\n|-unboost|p1a: Froslass|atk|1\n|-heal|p2a: Polteageist|204/222\n|move|p1a: Froslass|Triple Axel|p2a: Polteageist\n|-damage|p2a: Polteageist|186/222\n|-damage|p2a: Polteageist|152/222\n|-start|p1a: Froslass|Disable|Triple Axel|[from] ability: Cursed Body|[of] p2a: Polteageist\n|-damage|p2a: Polteageist|101/222\n|-hitcount|p2a: Polteageist|3\n|\n|upkeep\n|turn|11\n|inactive|Time left: 300 sec this turn | 300 sec total\n|\n|t:|1783549258\n|move|p2a: Polteageist|Stored Power|p1a: Froslass\n|-damage|p1a: Froslass|0 fnt\n|faint|p1a: Froslass\n|\n|upkeep\n|\n|t:|1783549259\n|switch|p1a: Drifblim|Drifblim, L86, F|100/100\n|turn|12\n|inactive|Time left: 300 sec this turn | 300 sec total\n|\n|t:|1783549260\n|move|p2a: Polteageist|Stored Power|p1a: Drifblim\n|-damage|p1a: Drifblim|0 fnt\n|faint|p1a: Drifblim\n|\n|upkeep\n|\n|t:|1783549261\n|switch|p1a: Ribombee|Ribombee, L83, F|100/100\n|turn|13\n|inactive|Time left: 300 sec this turn | 300 sec total\n|\n|t:|1783549262\n|move|p2a: Polteageist|Stored Power|p1a: Ribombee\n|-damage|p1a: Ribombee|0 fnt\n|faint|p1a: Ribombee\n|\n|win|p0y8728d28", "uploadtime": 1783549262, "views": 0, "rating": 0, "private": 0, "password": null, "_winner": "p0y8728d28", "_our_name": "p0y8728d28"}