{"id": "battle-gen9randombattle-994", "formatid": "gen9randombattle", "format": "[Gen 9] Random Battle", "players": ["p0x9948324", "p0y994223e"], "log": "|init|battle\n|title|p0x9948324 vs. p0y994223e\n|j|\u2606p0x9948324\n|j|\u2606p0y994223e\n|t:|1783550708\n|gametype|singles\n|player|p1|p0x9948324|170|\n|player|p2|p0y994223e|266|\n|gen|9\n|tier|[Gen 9] Random Battle\n|rule|Species Clause: Limit one of each Pok\u00e9mon\n|rule|HP Percentage Mod: HP is shown in percentages\n|rule|Sleep Clause Mod: Limit one foe put to sleep\n|rule|Illusion Level Mod: Illusion disguises the Pok\u00e9mon's true level\n|\n|t:|1783550708\n|teamsize|p1|6\n|teamsize|p2|6\n|start\n|switch|p1a: Heracross|Heracross, L80, M|100/100\n|switch|p2a: Vespiquen|Vespiquen, L99, F|235/235\n|turn|1\n|inactive|Battle timer is ON: inactive players will automatically lose when time's up. (requested by p0x9948324)\n|inactive|Time left: 300 sec this turn | 300 sec total | 60 sec grace\n|inactive|p0y994223e also wants the timer to be on.\n|\n|t:|1783550709\n|move|p2a: Vespiquen|Psychic|p1a: Heracross\n|-supereffective|p1a: Heracross\n|-damage|p1a: Heracross|13/100\n|move|p1a: Heracross|Stone Edge|p2a: Vespiquen\n|-damage|p2a: Vespiquen|67/235\n|replace|p2a: Zoroark|Zoroark, L83, F\n|-end|p2a: Zoroark|Illusion\n|-hint|Illusion Level Mod is active, so this Pok\u00e9mon's true level was hidden.\n|\n|upkeep\n|turn|2\n|inactive|Time left: 300 sec this turn | 300 sec total\n|\n|t:|1783550711\n|switch|p1a: Reuniclus|Reuniclus, L88, F|100/100\n|move|p2a: Zoroark|Psychic|p1a: Reuniclus\n|-resisted|p1a: Reuniclus\n|-damage|p1a: Reuniclus|85/100\n|\n|upkeep\n|turn|3\n|inactive|Time left: 300 sec this turn | 300 sec total\n|\n|t:|1783550712\n|move|p2a: Zoroark|Psychic|p1a: Reuniclus\n|-resisted|p1a: Reuniclus\n|-damage|p1a: Reuniclus|69/100\n|move|p1a: Reuniclus|Calm Mind|p1a: Reuniclus\n|-boost|p1a: Reuniclus|spa|1\n|-boost|p1a: Reuniclus|spd|1\n|\n|upkeep\n|turn|4\n|inactive|Time left: 300 sec this turn | 300 sec total\n|\n|t:|1783550713\n|switch|p2a: Iron Leaves|Iron Leaves, L80|275/275\n|move|p1a: Reuniclus|Calm Mind|p1a: Reuniclus\n|-boost|p1a: Reuniclus|spa|1\n|-boost|p1a: Reuniclus|spd|1\n|\n|upkeep\n|turn|5\n|inactive|Time left: 300 sec this turn | 300 sec total\n|\n|t:|1783550714\n|move|p2a: Iron Leaves|Megahorn|p1a: Reuniclus\n|-supereffective|p1a: Reuniclus\n|-damage|p1a: Reuniclus|0 fnt\n|faint|p1a: Reuniclus\n|\n|upkeep\n|\n|t:|1783550715\n|switch|p1a: Toxtricity|Toxtricity, L82, M|100/100\n|turn|6\n|inactive|Time left: 300 sec this turn | 300 sec total\n|\n|t:|1783550716\n|move|p2a: Iron Leaves|Megahorn|p1a: Toxtricity\n|-resisted|p1a: Toxtricity\n|-damage|p1a: Toxtricity|68/100\n|move|p1a: Toxtricity|Shift Gear|p1a: Toxtricity\n|-boost|p1a: Toxtricity|spe|2\n|-boost|p1a: Toxtricity|atk|1\n|\n|upkeep\n|turn|7\n|inactive|Time left: 300 sec this turn | 300 sec total\n|\n|t:|1783550717\n|move|p1a: Toxtricity|Gunk Shot|p2a: Iron Leaves\n|-supereffective|p2a: Iron Leaves\n|-damage|p2a: Iron Leaves|0 fnt\n|faint|p2a: Iron Leaves\n|-end|p2a: Iron Leaves|Quark Drive|[silent]\n|\n|upkeep\n|inactive|Time left: 300 sec this turn | 300 sec total | 5 sec grace\n|\n|t:|1783550718\n|switch|p2a: Pyroar|Pyroar, L88, M|295/295\n|-ability|p2a: Pyroar|Unnerve\n|turn|8\n|inactive|Time left: 300 sec this turn | 300 sec total\n|\n|t:|1783550719\n|-terastallize|p2a: Pyroar|Fire\n|move|p1a: Toxtricity|Boomburst|p2a: Pyroar\n|-damage|p2a: Pyroar|121/295\n|-enditem|p1a: Toxtricity|Throat Spray\n|-boost|p1a: Toxtricity|spa|1|[from] item: Throat Spray\n|move|p2a: Pyroar|Fire Blast|p1a: Toxtricity|[miss]\n|-miss|p2a: Pyroar|p1a: Toxtricity\n|\n|upkeep\n|turn|9\n|inactive|Time left: 300 sec this turn | 300 sec total\n|\n|t:|1783550720\n|switch|p2a: Gholdengo|Gholdengo, L77|261/261\n|move|p1a: Toxtricity|Boomburst|p2a: Gholdengo\n|-immune|p2a: Gholdengo\n|\n|upkeep\n|turn|10\n|inactive|Time left: 300 sec this turn | 300 sec total\n|\n|t:|1783550721\n|move|p1a: Toxtricity|Overdrive|p2a: Gholdengo\n|-damage|p2a: Gholdengo|72/261\n|move|p2a: Gholdengo|Recover|p2a: Gholdengo\n|-heal|p2a: Gholdengo|203/261\n|\n|-heal|p2a: Gholdengo|219/261|[from] item: Leftovers\n|upkeep\n|turn|11\n|inactive|Time left: 300 sec this turn | 300 sec total\n|\n|t:|1783550722\n|move|p1a: Toxtricity|Overdrive|p2a: Gholdengo\n|-damage|p2a: Gholdengo|35/261\n|move|p2a: Gholdengo|Shadow Ball|p1a: Toxtricity\n|-damage|p1a: Toxtricity|28/100\n|\n|-heal|p2a: Gholdengo|51/261|[from] item: Leftovers\n|upkeep\n|turn|12\n|inactive|Time left: 300 sec this turn | 300 sec total\n|\n|t:|1783550723\n|move|p1a: Toxtricity|Overdrive|p2a: Gholdengo\n|-damage|p2a: Gholdengo|0 fnt\n|faint|p2a: Gholdengo\n|\n|upkeep\n|inactive|Time left: 300 sec this turn | 300 sec total | 5 sec grace\n|\n|t:|1783550724\n|switch|p2a: Vespiquen|Vespiquen, L99, F|299/299\n|-ability|p2a: Vespiquen|Pressure\n|turn|13\n|inactive|Time left: 300 sec this turn | 300 sec total\n|\n|t:|1783550725\n|move|p1a: Toxtricity|Overdrive|p2a: Vespiquen\n|-supereffective|p2a: Vespiquen\n|-damage|p2a: Vespiquen|29/299\n|move|p2a: Vespiquen|Hurricane|p1a: Toxtricity\n|-resisted|p1a: Toxtricity\n|-damage|p1a: Toxtricity|0 fnt\n|faint|p1a: Toxtricity\n|\n|upkeep\n|\n|t:|1783550726\n|switch|p1a: Tentacruel|Tentacruel, L84, M|100/100\n|turn|14\n|inactive|Time left: 300 sec this turn | 300 sec total\n|\n|t:|1783550727\n|switch|p2a: Braviary|Braviary, L85, M|309/309\n|move|p1a: Tentacruel|Surf|p2a: Braviary\n|-damage|p2a: Braviary|219/309\n|\n|upkeep\n|turn|15\n|inactive|Time left: 300 sec this turn | 300 sec total\n|\n|t:|1783550728\n|move|p1a: Tentacruel|Sludge Bomb|p2a: Braviary\n|-damage|p2a: Braviary|129/309\n|move|p2a: Braviary|Roost|p2a: Braviary\n|-heal|p2a: Braviary|284/309\n|-singleturn|p2a: Braviary|move: Roost\n|\n|upkeep\n|turn|16\n|inactive|Time left: 300 sec this turn | 300 sec total\n|\n|t:|1783550729\n|move|p1a: Tentacruel|Sludge Bomb|p2a: Braviary\n|-damage|p2a: Braviary|196/309\n|move|p2a: Braviary|Bulk Up|p2a: Braviary\n|-boost|p2a: Braviary|atk|1\n|-boost|p2a: Braviary|def|1\n|\n|upkeep\n|turn|17\n|inactive|Time left: 300 sec this turn | 300 sec total\n|\n|t:|1783550730\n|move|p1a: Tentacruel|Sludge Bomb|p2a: Braviary\n|-damage|p2a: Braviary|106/309\n|move|p2a: Braviary|Brave Bird|p1a: Tentacruel\n|-damage|p1a: Tentacruel|0 fnt\n|faint|p1a: Tentacruel\n|-damage|p2a: Braviary|16/309|[from] Recoil\n|\n|upkeep\n|\n|t:|1783550731\n|switch|p1a: Stantler|Stantler, L92, F|100/100\n|-ability|p1a: Stantler|Intimidate|boost\n|-unboost|p2a: Braviary|atk|1\n|-ability|p2a: Braviary|Defiant|boost\n|-boost|p2a: Braviary|atk|2\n|turn|18\n|inactive|Time left: 300 sec this turn | 300 sec total\n|\n|t:|1783550731\n|move|p1a: Stantler|Body Slam|p2a: Braviary\n|-damage|p2a: Braviary|0 fnt\n|faint|p2a: Braviary\n|\n|upkeep\n|inactive|Time left: 300 sec this turn | 300 sec total | 5 sec grace\n|\n|t:|1783550732\n|switch|p2a: Pyroar|Pyroar, L88, M|67/235\n|-start|p2a: Pyroar|typechange|Fire|[silent]\n|turn|19\n|inactive|Time left: 300 sec this turn | 300 sec total\n|\n|t:|1783550733\n|move|p2a: Pyroar|Flamethrower|p1a: Stantler\n|-damage|p1a: Stantler|69/100\n|move|p1a: Stantler|Body Slam|p2a: Pyroar\n|-damage|p2a: Pyroar|0 fnt\n|replace|p2a: Zoroark|Zoroark, L83, F\n|-end|p2a: Zoroark|Illusion\n|faint|p2a: Zoroark\n|\n|upkeep\n|inactive|Time left: 300 sec this turn | 300 sec total | 5 sec grace\n|\n|t:|1783550734\n|switch|p2a: Pyroar|Pyroar, L88, M, tera:Fire|121/295\n|-ability|p2a: Pyroar|Unnerve\n|turn|20\n|inactive|Time left: 300 sec this turn | 300 sec total\n|\n|t:|1783550735\n|move|p2a: Pyroar|Fire Blast|p1a: Stantler\n|-damage|p1a: Stantler|18/100\n|-status|p1a: Stantler|brn\n|move|p1a: Stantler|Earthquake|p2a: Pyroar\n|-supereffective|p2a: Pyroar\n|-damage|p2a: Pyroar|29/295\n|\n|-damage|p1a: Stantler|12/100 brn|[from] brn\n|upkeep\n|turn|21\n|inactive|Time left: 300 sec this turn | 300 sec total\n|\n|t:|1783550737\n|move|p2a: Pyroar|Hyper Voice|p1a: Stantler\n|-damage|p1a: Stantler|0 fnt\n|faint|p1a: Stantler\n|\n|upkeep\n|\n|t:|1783550738\n|switch|p1a: Zacian|Zacian, L69|100/100\n|-ability|p1a: Zacian|Intrepid Sword|boost\n|-boost|p1a: Zacian|atk|1\n|turn|22\n|inactive|Time left: 300 sec this turn | 300 sec total\n|\n|t:|1783550738\n|-terastallize|p1a: Zacian|Fighting\n|move|p2a: Pyroar|Dark Pulse|p1a: Zacian\n|-resisted|p1a: Zacian\n|-damage|p1a: Zacian|87/100\n|move|p1a: Zacian|Crunch|p2a: Pyroar\n|-damage|p2a: Pyroar|0 fnt\n|faint|p2a: Pyroar\n|-damage|p1a: Zacian|77/100|[from] item: Life Orb\n|\n|upkeep\n|inactive|Time left: 300 sec this turn | 300 sec total | 5 sec grace\n|\n|t:|1783550739\n|switch|p2a: Vespiquen|Vespiquen, L99, F|29/299\n|-ability|p2a: Vespiquen|Pressure\n|turn|23\n|inactive|Time left: 300 sec this turn | 300 sec total\n|\n|t:|1783550740\n|move|p1a: Zacian|Close Combat|p2a: Vespiquen\n|-resisted|p2a: Vespiquen\n|-damage|p2a: Vespiquen|0 fnt\n|-unboost|p1a: Zacian|def|1\n|-unboost|p1a: Zacian|spd|1\n|faint|p2a: Vespiquen\n|-damage|p1a: Zacian|67/100|[from] item: Life Orb\n|\n|win|p0x9948324", "uploadtime": 1783550740, "views": 0, "rating": 0, "private": 0, "password": null, "_winner": "p0x9948324", "_our_name": "p0y994223e"}