{"id": "battle-gen9randombattle-85", "formatid": "gen9randombattle", "format": "[Gen 9] Random Battle", "players": ["p0x0858f54", "p0y08516ae"], "log": "|init|battle\n|title|p0x0858f54 vs. p0y08516ae\n|j|\u2606p0x0858f54\n|j|\u2606p0y08516ae\n|t:|1783534761\n|gametype|singles\n|player|p1|p0x0858f54|1|\n|player|p2|p0y08516ae|101|\n|gen|9\n|tier|[Gen 9] Random Battle\n|rule|Species Clause: Limit one of each Pok\u00e9mon\n|rule|HP Percentage Mod: HP is shown in percentages\n|rule|Sleep Clause Mod: Limit one foe put to sleep\n|rule|Illusion Level Mod: Illusion disguises the Pok\u00e9mon's true level\n|\n|t:|1783534761\n|teamsize|p1|6\n|teamsize|p2|6\n|start\n|switch|p1a: Mightyena|Mightyena, L96, F|290/290\n|switch|p2a: Kilowattrel|Kilowattrel, L83, M|100/100\n|-ability|p1a: Mightyena|Intimidate|boost\n|-unboost|p2a: Kilowattrel|atk|1\n|turn|1\n|inactive|Battle timer is ON: inactive players will automatically lose when time's up. (requested by p0x0858f54)\n|inactive|p0y08516ae also wants the timer to be on.\n|\n|t:|1783534763\n|switch|p2a: Magcargo|Magcargo, L95, F|100/100\n|move|p1a: Mightyena|Poison Fang|p2a: Magcargo\n|-resisted|p2a: Magcargo\n|-damage|p2a: Magcargo|95/100\n|\n|upkeep\n|turn|2\n|inactive|Time left: 300 sec this turn | 300 sec total\n|\n|t:|1783534764\n|move|p1a: Mightyena|Super Fang|p2a: Magcargo\n|-damage|p2a: Magcargo|48/100\n|-status|p1a: Mightyena|brn|[from] ability: Flame Body|[of] p2a: Magcargo\n|move|p2a: Magcargo|Lava Plume|p1a: Mightyena\n|-damage|p1a: Mightyena|212/290 brn\n|\n|-damage|p1a: Mightyena|194/290 brn|[from] brn\n|upkeep\n|turn|3\n|inactive|Time left: 300 sec this turn | 300 sec total\n|\n|t:|1783534765\n|move|p1a: Mightyena|Super Fang|p2a: Magcargo\n|-damage|p2a: Magcargo|24/100\n|move|p2a: Magcargo|Recover|p2a: Magcargo\n|-heal|p2a: Magcargo|74/100\n|\n|-damage|p1a: Mightyena|176/290 brn|[from] brn\n|upkeep\n|turn|4\n|inactive|Time left: 300 sec this turn | 300 sec total\n|\n|t:|1783534766\n|move|p1a: Mightyena|Super Fang|p2a: Magcargo\n|-damage|p2a: Magcargo|37/100\n|move|p2a: Magcargo|Recover|p2a: Magcargo\n|-heal|p2a: Magcargo|87/100\n|\n|-damage|p1a: Mightyena|158/290 brn|[from] brn\n|upkeep\n|turn|5\n|inactive|Time left: 300 sec this turn | 300 sec total\n|\n|t:|1783534767\n|move|p1a: Mightyena|Super Fang|p2a: Magcargo\n|-damage|p2a: Magcargo|44/100\n|move|p2a: Magcargo|Recover|p2a: Magcargo\n|-heal|p2a: Magcargo|94/100\n|\n|-damage|p1a: Mightyena|140/290 brn|[from] brn\n|upkeep\n|turn|6\n|inactive|Time left: 300 sec this turn | 300 sec total\n|\n|t:|1783534768\n|move|p1a: Mightyena|Super Fang|p2a: Magcargo\n|-damage|p2a: Magcargo|48/100\n|move|p2a: Magcargo|Power Gem|p1a: Mightyena\n|-damage|p1a: Mightyena|59/290 brn\n|\n|-damage|p1a: Mightyena|41/290 brn|[from] brn\n|upkeep\n|turn|7\n|inactive|Time left: 300 sec this turn | 300 sec total\n|\n|t:|1783534769\n|move|p1a: Mightyena|Poison Fang|p2a: Magcargo\n|-resisted|p2a: Magcargo\n|-damage|p2a: Magcargo|45/100\n|-status|p2a: Magcargo|tox\n|move|p2a: Magcargo|Recover|p2a: Magcargo\n|-heal|p2a: Magcargo|95/100 tox\n|\n|-damage|p2a: Magcargo|89/100 tox|[from] psn\n|-damage|p1a: Mightyena|23/290 brn|[from] brn\n|upkeep\n|turn|8\n|inactive|Time left: 300 sec this turn | 300 sec total\n|\n|t:|1783534770\n|move|p1a: Mightyena|Super Fang|p2a: Magcargo\n|-damage|p2a: Magcargo|45/100 tox\n|move|p2a: Magcargo|Lava Plume|p1a: Mightyena\n|-damage|p1a: Mightyena|0 fnt\n|faint|p1a: Mightyena\n|\n|-damage|p2a: Magcargo|33/100 tox|[from] psn\n|upkeep\n|inactive|Time left: 300 sec this turn | 300 sec total | 5 sec grace\n|\n|t:|1783534771\n|switch|p1a: Abomasnow|Abomasnow, L84, F|287/287\n|-weather|Snowscape|[from] ability: Snow Warning|[of] p1a: Abomasnow\n|turn|9\n|inactive|Time left: 300 sec this turn | 300 sec total\n|\n|t:|1783534772\n|switch|p2a: Hippowdon|Hippowdon, L82, F|100/100\n|-weather|Sandstorm|[from] ability: Sand Stream|[of] p2a: Hippowdon\n|move|p1a: Abomasnow|Aurora Veil||[still]\n|-fail|p1a: Abomasnow\n|\n|-weather|Sandstorm|[upkeep]\n|-damage|p1a: Abomasnow|270/287|[from] Sandstorm\n|upkeep\n|turn|10\n|inactive|Time left: 300 sec this turn | 300 sec total\n|\n|t:|1783534773\n|move|p1a: Abomasnow|Blizzard|p2a: Hippowdon|[miss]\n|-miss|p1a: Abomasnow|p2a: Hippowdon\n|move|p2a: Hippowdon|Earthquake|p1a: Abomasnow\n|-resisted|p1a: Abomasnow\n|-damage|p1a: Abomasnow|207/287\n|\n|-weather|Sandstorm|[upkeep]\n|-damage|p1a: Abomasnow|190/287|[from] Sandstorm\n|upkeep\n|turn|11\n|inactive|Time left: 300 sec this turn | 300 sec total\n|\n|t:|1783534774\n|move|p1a: Abomasnow|Blizzard|p2a: Hippowdon\n|-supereffective|p2a: Hippowdon\n|-damage|p2a: Hippowdon|21/100\n|move|p2a: Hippowdon|Stone Edge|p1a: Abomasnow|[miss]\n|-miss|p2a: Hippowdon|p1a: Abomasnow\n|\n|-weather|Sandstorm|[upkeep]\n|-damage|p1a: Abomasnow|173/287|[from] Sandstorm\n|-heal|p2a: Hippowdon|28/100|[from] item: Leftovers\n|upkeep\n|turn|12\n|inactive|Time left: 300 sec this turn | 300 sec total\n|\n|t:|1783534775\n|move|p1a: Abomasnow|Wood Hammer|p2a: Hippowdon\n|-supereffective|p2a: Hippowdon\n|-damage|p2a: Hippowdon|0 fnt\n|faint|p2a: Hippowdon\n|-damage|p1a: Abomasnow|145/287|[from] Recoil\n|\n|-weather|Sandstorm|[upkeep]\n|-damage|p1a: Abomasnow|128/287|[from] Sandstorm\n|upkeep\n|\n|t:|1783534776\n|switch|p2a: Houndstone|Houndstone, L86, M|100/100\n|turn|13\n|inactive|Time left: 300 sec this turn | 300 sec total\n|\n|t:|1783534777\n|switch|p1a: Dragonite|Dragonite, L74, M|257/257\n|move|p2a: Houndstone|Poltergeist|p1a: Dragonite\n|-activate|p1a: Dragonite|move: Poltergeist|Heavy-Duty Boots\n|-damage|p1a: Dragonite|189/257\n|\n|-weather|none\n|upkeep\n|turn|14\n|inactive|Time left: 300 sec this turn | 300 sec total\n|\n|t:|1783534778\n|move|p2a: Houndstone|Poltergeist|p1a: Dragonite\n|-activate|p1a: Dragonite|move: Poltergeist|Heavy-Duty Boots\n|-damage|p1a: Dragonite|51/257\n|move|p1a: Dragonite|Dragon Dance|p1a: Dragonite\n|-boost|p1a: Dragonite|atk|1\n|-boost|p1a: Dragonite|spe|1\n|\n|upkeep\n|turn|15\n|inactive|Time left: 300 sec this turn | 300 sec total\n|\n|t:|1783534779\n|move|p1a: Dragonite|Outrage|p2a: Houndstone\n|-damage|p2a: Houndstone|69/100\n|move|p2a: Houndstone|Poltergeist|p1a: Dragonite\n|-activate|p1a: Dragonite|move: Poltergeist|Heavy-Duty Boots\n|-damage|p1a: Dragonite|0 fnt\n|faint|p1a: Dragonite\n|\n|-heal|p2a: Houndstone|75/100|[from] item: Leftovers\n|upkeep\n|inactive|Time left: 300 sec this turn | 300 sec total | 5 sec grace\n|\n|t:|1783534780\n|switch|p1a: Abomasnow|Abomasnow, L84, F|128/287\n|-weather|Snowscape|[from] ability: Snow Warning|[of] p1a: Abomasnow\n|turn|16\n|inactive|Time left: 300 sec this turn | 300 sec total\n|\n|t:|1783534780\n|-terastallize|p2a: Houndstone|Fighting\n|move|p2a: Houndstone|Body Press|p1a: Abomasnow\n|-supereffective|p1a: Abomasnow\n|-damage|p1a: Abomasnow|0 fnt\n|faint|p1a: Abomasnow\n|\n|-weather|Snowscape|[upkeep]\n|-heal|p2a: Houndstone|82/100|[from] item: Leftovers\n|upkeep\n|inactive|Time left: 300 sec this turn | 300 sec total | 5 sec grace\n|\n|t:|1783534781\n|switch|p1a: Azumarill|Azumarill, L82, F|298/298\n|turn|17\n|inactive|Time left: 300 sec this turn | 300 sec total\n|\n|t:|1783534782\n|move|p2a: Houndstone|Poltergeist|p1a: Azumarill\n|-activate|p1a: Azumarill|move: Poltergeist|Choice Band\n|-damage|p1a: Azumarill|166/298\n|move|p1a: Azumarill|Play Rough|p2a: Houndstone\n|-supereffective|p2a: Houndstone\n|-damage|p2a: Houndstone|25/100\n|\n|-weather|Snowscape|[upkeep]\n|-heal|p2a: Houndstone|31/100|[from] item: Leftovers\n|upkeep\n|turn|18\n|inactive|Time left: 300 sec this turn | 300 sec total\n|\n|t:|1783534783\n|move|p2a: Houndstone|Poltergeist|p1a: Azumarill\n|-activate|p1a: Azumarill|move: Poltergeist|Choice Band\n|-damage|p1a: Azumarill|24/298\n|move|p1a: Azumarill|Play Rough|p2a: Houndstone\n|-supereffective|p2a: Houndstone\n|-crit|p2a: Houndstone\n|-damage|p2a: Houndstone|0 fnt\n|faint|p2a: Houndstone\n|\n|-weather|Snowscape|[upkeep]\n|upkeep\n|\n|t:|1783534784\n|switch|p2a: Crawdaunt|Crawdaunt, L84, M|100/100\n|turn|19\n|inactive|Time left: 300 sec this turn | 300 sec total\n|\n|t:|1783534785\n|move|p2a: Crawdaunt|Knock Off|p1a: Azumarill\n|-resisted|p1a: Azumarill\n|-damage|p1a: Azumarill|0 fnt\n|-enditem|p1a: Azumarill|Choice Band|[from] move: Knock Off|[of] p2a: Crawdaunt\n|faint|p1a: Azumarill\n|-damage|p2a: Crawdaunt|91/100|[from] item: Life Orb\n|\n|-weather|Snowscape|[upkeep]\n|upkeep\n|inactive|Time left: 300 sec this turn | 300 sec total | 5 sec grace\n|\n|t:|1783534786\n|switch|p1a: Skarmory|Skarmory, L80, F|235/235\n|turn|20\n|inactive|Time left: 300 sec this turn | 300 sec total\n|\n|t:|1783534787\n|switch|p2a: Kilowattrel|Kilowattrel, L83, M|100/100\n|move|p1a: Skarmory|Iron Defense|p1a: Skarmory\n|-boost|p1a: Skarmory|def|2\n|\n|-weather|none\n|upkeep\n|turn|21\n|inactive|Time left: 300 sec this turn | 300 sec total\n|\n|t:|1783534788\n|switch|p1a: Rhyperior|Rhyperior, L82, M|323/323\n|move|p2a: Kilowattrel|Discharge|p1a: Rhyperior\n|-immune|p1a: Rhyperior\n|\n|upkeep\n|turn|22\n|inactive|Time left: 300 sec this turn | 300 sec total\n|\n|t:|1783534789\n|move|p2a: Kilowattrel|U-turn|p1a: Rhyperior\n|-damage|p1a: Rhyperior|292/323\n|\n|t:|1783534790\n|switch|p2a: Magcargo|Magcargo, L95, F|33/100 tox|[from] U-turn\n|move|p1a: Rhyperior|Stone Edge|p2a: Magcargo\n|-supereffective|p2a: Magcargo\n|-crit|p2a: Magcargo\n|-damage|p2a: Magcargo|0 fnt\n|faint|p2a: Magcargo\n|\n|upkeep\n|\n|t:|1783534791\n|switch|p2a: Crawdaunt|Crawdaunt, L84, M|91/100\n|turn|23\n|inactive|Time left: 300 sec this turn | 300 sec total\n|\n|t:|1783534792\n|-terastallize|p1a: Rhyperior|Bug\n|move|p2a: Crawdaunt|Crabhammer|p1a: Rhyperior|[miss]\n|-miss|p2a: Crawdaunt|p1a: Rhyperior\n|move|p1a: Rhyperior|Megahorn|p2a: Crawdaunt\n|-supereffective|p2a: Crawdaunt\n|-damage|p2a: Crawdaunt|0 fnt\n|faint|p2a: Crawdaunt\n|\n|upkeep\n|\n|t:|1783534793\n|switch|p2a: Kilowattrel|Kilowattrel, L83, M|100/100\n|turn|24\n|inactive|Time left: 300 sec this turn | 300 sec total\n|\n|t:|1783534794\n|move|p2a: Kilowattrel|Hurricane|p1a: Rhyperior\n|-supereffective|p1a: Rhyperior\n|-damage|p1a: Rhyperior|130/323\n|move|p1a: Rhyperior|Stone Edge|p2a: Kilowattrel\n|-supereffective|p2a: Kilowattrel\n|-damage|p2a: Kilowattrel|0 fnt\n|faint|p2a: Kilowattrel\n|\n|upkeep\n|\n|t:|1783534795\n|switch|p2a: Ting-Lu|Ting-Lu, L78|100/100\n|-ability|p2a: Ting-Lu|Vessel of Ruin\n|turn|25\n|inactive|Time left: 300 sec this turn | 300 sec total\n|\n|t:|1783534796\n|move|p2a: Ting-Lu|Throat Chop|p1a: Rhyperior\n|-damage|p1a: Rhyperior|66/323\n|-start|p1a: Rhyperior|Throat Chop|[silent]\n|move|p1a: Rhyperior|Megahorn|p2a: Ting-Lu\n|-supereffective|p2a: Ting-Lu\n|-damage|p2a: Ting-Lu|23/100\n|\n|-heal|p2a: Ting-Lu|29/100|[from] item: Leftovers\n|upkeep\n|turn|26\n|inactive|Time left: 300 sec this turn | 300 sec total\n|\n|t:|1783534797\n|move|p2a: Ting-Lu|Throat Chop|p1a: Rhyperior\n|-damage|p1a: Rhyperior|2/323\n|move|p1a: Rhyperior|Earthquake|p2a: Ting-Lu\n|-damage|p2a: Ting-Lu|0 fnt\n|faint|p2a: Ting-Lu\n|\n|win|p0x0858f54", "uploadtime": 1783534797, "views": 0, "rating": 0, "private": 0, "password": null, "_winner": "p0x0858f54", "_our_name": "p0x0858f54"}