{"id": "battle-gen9randombattle-2660", "formatid": "gen9randombattle", "format": "[Gen 9] Random Battle", "players": ["p0x26608009", "p0y26604f65"], "log": "|init|battle\n|title|p0x26608009 vs. p0y26604f65\n|j|\u2606p0x26608009\n|j|\u2606p0y26604f65\n|t:|1783569677\n|gametype|singles\n|player|p1|p0x26608009|101|\n|player|p2|p0y26604f65|101|\n|gen|9\n|tier|[Gen 9] Random Battle\n|rule|Species Clause: Limit one of each Pok\u00e9mon\n|rule|HP Percentage Mod: HP is shown in percentages\n|rule|Sleep Clause Mod: Limit one foe put to sleep\n|rule|Illusion Level Mod: Illusion disguises the Pok\u00e9mon's true level\n|\n|t:|1783569677\n|teamsize|p1|6\n|teamsize|p2|6\n|start\n|switch|p1a: Garchomp|Garchomp, L74, F|282/282\n|switch|p2a: Sandslash|Sandslash-Alola, L88, F|100/100\n|turn|1\n|inactive|Battle timer is ON: inactive players will automatically lose when time's up. (requested by p0y26604f65)\n|inactive|Time left: 300 sec this turn | 300 sec total | 60 sec grace\n|inactive|p0x26608009 also wants the timer to be on.\n|\n|t:|1783569679\n|move|p1a: Garchomp|Earthquake|p2a: Sandslash\n|-supereffective|p2a: Sandslash\n|-damage|p2a: Sandslash|39/100\n|move|p2a: Sandslash|Triple Axel|p1a: Garchomp\n|-supereffective|p1a: Garchomp\n|-damage|p1a: Garchomp|182/282\n|-damage|p2a: Sandslash|26/100|[from] ability: Rough Skin|[of] p1a: Garchomp\n|-damage|p2a: Sandslash|10/100|[from] item: Rocky Helmet|[of] p1a: Garchomp\n|-supereffective|p1a: Garchomp\n|-damage|p1a: Garchomp|0 fnt\n|-damage|p2a: Sandslash|0 fnt|[from] ability: Rough Skin|[of] p1a: Garchomp\n|faint|p1a: Garchomp\n|faint|p2a: Sandslash\n|-hitcount|p1: Garchomp|2\n|\n|upkeep\n|inactive|Time left: 300 sec this turn | 300 sec total | 65 sec grace\n|\n|t:|1783569680\n|switch|p1a: Venomoth|Venomoth, L84, F|255/255\n|switch|p2a: Torkoal|Torkoal, L88, F|100/100\n|-weather|SunnyDay|[from] ability: Drought|[of] p2a: Torkoal\n|turn|2\n|inactive|Time left: 300 sec this turn | 300 sec total\n|\n|t:|1783569681\n|move|p1a: Venomoth|Quiver Dance|p1a: Venomoth\n|-boost|p1a: Venomoth|spa|1\n|-boost|p1a: Venomoth|spd|1\n|-boost|p1a: Venomoth|spe|1\n|move|p2a: Torkoal|Fire Blast|p1a: Venomoth\n|-supereffective|p1a: Venomoth\n|-crit|p1a: Venomoth\n|-damage|p1a: Venomoth|0 fnt\n|faint|p1a: Venomoth\n|\n|-weather|SunnyDay|[upkeep]\n|upkeep\n|inactive|Time left: 300 sec this turn | 300 sec total | 5 sec grace\n|\n|t:|1783569682\n|switch|p1a: Hydreigon|Hydreigon, L79, M|275/275\n|turn|3\n|inactive|Time left: 300 sec this turn | 300 sec total\n|\n|t:|1783569684\n|move|p1a: Hydreigon|Dark Pulse|p2a: Torkoal\n|-damage|p2a: Torkoal|60/100\n|move|p2a: Torkoal|Fire Blast|p1a: Hydreigon\n|-resisted|p1a: Hydreigon\n|-damage|p1a: Hydreigon|176/275\n|\n|-weather|SunnyDay|[upkeep]\n|upkeep\n|turn|4\n|inactive|Time left: 300 sec this turn | 300 sec total\n|\n|t:|1783569685\n|switch|p2a: Jumpluff|Jumpluff, L87, F|100/100\n|move|p1a: Hydreigon|Dark Pulse|p2a: Jumpluff\n|-damage|p2a: Jumpluff|67/100\n|\n|-weather|SunnyDay|[upkeep]\n|upkeep\n|turn|5\n|inactive|Time left: 300 sec this turn | 300 sec total\n|\n|t:|1783569686\n|move|p1a: Hydreigon|Dark Pulse|p2a: Jumpluff\n|-damage|p2a: Jumpluff|38/100\n|move|p2a: Jumpluff|Acrobatics|p1a: Hydreigon\n|-damage|p1a: Hydreigon|88/275\n|\n|-weather|SunnyDay|[upkeep]\n|upkeep\n|turn|6\n|inactive|Time left: 300 sec this turn | 300 sec total\n|\n|t:|1783569687\n|move|p1a: Hydreigon|Dark Pulse|p2a: Jumpluff\n|-damage|p2a: Jumpluff|8/100\n|move|p2a: Jumpluff|Strength Sap|p1a: Hydreigon\n|-unboost|p1a: Hydreigon|atk|1\n|-heal|p2a: Jumpluff|71/100\n|\n|-weather|none\n|upkeep\n|turn|7\n|inactive|Time left: 300 sec this turn | 300 sec total\n|\n|t:|1783569688\n|move|p1a: Hydreigon|Dark Pulse|p2a: Jumpluff\n|-damage|p2a: Jumpluff|42/100\n|cant|p2a: Jumpluff|flinch\n|\n|upkeep\n|turn|8\n|inactive|Time left: 300 sec this turn | 300 sec total\n|\n|t:|1783569688\n|move|p1a: Hydreigon|Dark Pulse|p2a: Jumpluff\n|-damage|p2a: Jumpluff|11/100\n|move|p2a: Jumpluff|Strength Sap|p1a: Hydreigon\n|-unboost|p1a: Hydreigon|atk|1\n|-heal|p2a: Jumpluff|53/100\n|\n|upkeep\n|turn|9\n|inactive|Time left: 300 sec this turn | 300 sec total\n|\n|t:|1783569689\n|move|p1a: Hydreigon|Dark Pulse|p2a: Jumpluff\n|-damage|p2a: Jumpluff|24/100\n|move|p2a: Jumpluff|Strength Sap|p1a: Hydreigon\n|-unboost|p1a: Hydreigon|atk|1\n|-heal|p2a: Jumpluff|55/100\n|\n|upkeep\n|turn|10\n|inactive|Time left: 300 sec this turn | 300 sec total\n|\n|t:|1783569690\n|move|p1a: Hydreigon|Dark Pulse|p2a: Jumpluff\n|-damage|p2a: Jumpluff|23/100\n|move|p2a: Jumpluff|Strength Sap|p1a: Hydreigon\n|-unboost|p1a: Hydreigon|atk|1\n|-heal|p2a: Jumpluff|48/100\n|\n|upkeep\n|turn|11\n|inactive|Time left: 300 sec this turn | 300 sec total\n|\n|t:|1783569691\n|move|p1a: Hydreigon|Dark Pulse|p2a: Jumpluff\n|-damage|p2a: Jumpluff|15/100\n|move|p2a: Jumpluff|Strength Sap|p1a: Hydreigon\n|-unboost|p1a: Hydreigon|atk|1\n|-heal|p2a: Jumpluff|35/100\n|\n|upkeep\n|turn|12\n|inactive|Time left: 300 sec this turn | 300 sec total\n|\n|t:|1783569692\n|move|p1a: Hydreigon|Dark Pulse|p2a: Jumpluff\n|-damage|p2a: Jumpluff|4/100\n|move|p2a: Jumpluff|Acrobatics|p1a: Hydreigon\n|-damage|p1a: Hydreigon|3/275\n|\n|upkeep\n|turn|13\n|inactive|Time left: 300 sec this turn | 300 sec total\n|\n|t:|1783569693\n|move|p1a: Hydreigon|Dark Pulse|p2a: Jumpluff\n|-crit|p2a: Jumpluff\n|-damage|p2a: Jumpluff|0 fnt\n|faint|p2a: Jumpluff\n|\n|upkeep\n|\n|t:|1783569694\n|switch|p2a: Greedent|Greedent, L86, M|100/100\n|turn|14\n|inactive|Time left: 300 sec this turn | 300 sec total\n|\n|t:|1783569695\n|move|p1a: Hydreigon|Dark Pulse|p2a: Greedent\n|-damage|p2a: Greedent|73/100\n|cant|p2a: Greedent|flinch\n|\n|upkeep\n|turn|15\n|inactive|Time left: 300 sec this turn | 300 sec total\n|\n|t:|1783569696\n|move|p1a: Hydreigon|Dark Pulse|p2a: Greedent\n|-damage|p2a: Greedent|42/100\n|-enditem|p2a: Greedent|Sitrus Berry|[eat]\n|-heal|p2a: Greedent|67/100|[from] item: Sitrus Berry\n|-heal|p2a: Greedent|99/100|[from] ability: Cheek Pouch\n|cant|p2a: Greedent|flinch\n|\n|upkeep\n|turn|16\n|inactive|Time left: 300 sec this turn | 300 sec total\n|\n|t:|1783569697\n|move|p1a: Hydreigon|Dark Pulse|p2a: Greedent\n|-damage|p2a: Greedent|70/100\n|move|p2a: Greedent|Swords Dance|p2a: Greedent\n|-boost|p2a: Greedent|atk|2\n|\n|upkeep\n|turn|17\n|inactive|Time left: 300 sec this turn | 300 sec total\n|\n|t:|1783569698\n|move|p1a: Hydreigon|Dark Pulse|p2a: Greedent\n|-damage|p2a: Greedent|43/100\n|move|p2a: Greedent|Body Slam|p1a: Hydreigon\n|-damage|p1a: Hydreigon|0 fnt\n|faint|p1a: Hydreigon\n|\n|upkeep\n|inactive|Time left: 300 sec this turn | 300 sec total | 5 sec grace\n|\n|t:|1783569699\n|switch|p1a: Carbink|Carbink, L90|236/236\n|turn|18\n|inactive|Time left: 300 sec this turn | 300 sec total\n|\n|t:|1783569700\n|-terastallize|p2a: Greedent|Ghost\n|move|p1a: Carbink|Iron Defense|p1a: Carbink\n|-boost|p1a: Carbink|def|2\n|move|p2a: Greedent|Earthquake|p1a: Carbink\n|-supereffective|p1a: Carbink\n|-damage|p1a: Carbink|150/236\n|\n|upkeep\n|turn|19\n|inactive|Time left: 300 sec this turn | 300 sec total\n|\n|t:|1783569701\n|move|p1a: Carbink|Moonblast|p2a: Greedent\n|-damage|p2a: Greedent|18/100\n|move|p2a: Greedent|Earthquake|p1a: Carbink\n|-supereffective|p1a: Carbink\n|-damage|p1a: Carbink|58/236\n|\n|upkeep\n|turn|20\n|inactive|Time left: 300 sec this turn | 300 sec total\n|\n|t:|1783569702\n|move|p1a: Carbink|Moonblast|p2a: Greedent\n|-damage|p2a: Greedent|0 fnt\n|faint|p2a: Greedent\n|\n|upkeep\n|\n|t:|1783569703\n|switch|p2a: Torkoal|Torkoal, L88, F|60/100\n|-weather|SunnyDay|[from] ability: Drought|[of] p2a: Torkoal\n|turn|21\n|inactive|Time left: 300 sec this turn | 300 sec total\n|\n|t:|1783569704\n|-terastallize|p1a: Carbink|Fighting\n|move|p1a: Carbink|Body Press|p2a: Torkoal\n|-damage|p2a: Torkoal|0 fnt\n|faint|p2a: Torkoal\n|\n|-weather|SunnyDay|[upkeep]\n|upkeep\n|\n|t:|1783569705\n|switch|p2a: Corviknight|Corviknight, L80, M|100/100\n|turn|22\n|inactive|Time left: 300 sec this turn | 300 sec total\n|\n|t:|1783569706\n|switch|p1a: Registeel|Registeel, L81|262/262\n|move|p2a: Corviknight|Brave Bird|p1a: Registeel\n|-resisted|p1a: Registeel\n|-damage|p1a: Registeel|228/262\n|-damage|p2a: Corviknight|97/100|[from] Recoil\n|\n|-weather|SunnyDay|[upkeep]\n|-heal|p2a: Corviknight|100/100|[from] item: Leftovers\n|-heal|p1a: Registeel|244/262|[from] item: Leftovers\n|upkeep\n|turn|23\n|inactive|Time left: 300 sec this turn | 300 sec total\n|\n|t:|1783569706\n|move|p2a: Corviknight|Body Press|p1a: Registeel\n|-supereffective|p1a: Registeel\n|-damage|p1a: Registeel|166/262\n|move|p1a: Registeel|Iron Defense|p1a: Registeel\n|-boost|p1a: Registeel|def|2\n|\n|-weather|SunnyDay|[upkeep]\n|-heal|p1a: Registeel|182/262|[from] item: Leftovers\n|upkeep\n|turn|24\n|inactive|Time left: 300 sec this turn | 300 sec total\n|\n|t:|1783569707\n|move|p2a: Corviknight|U-turn|p1a: Registeel\n|-resisted|p1a: Registeel\n|-crit|p1a: Registeel\n|-damage|p1a: Registeel|160/262\n|\n|t:|1783569708\n|switch|p2a: Annihilape|Annihilape, L76, F|100/100|[from] U-turn\n|move|p1a: Registeel|Body Press|p2a: Annihilape\n|-immune|p2a: Annihilape\n|\n|-weather|SunnyDay|[upkeep]\n|-heal|p1a: Registeel|176/262|[from] item: Leftovers\n|upkeep\n|turn|25\n|inactive|Time left: 300 sec this turn | 300 sec total\n|\n|t:|1783569709\n|move|p2a: Annihilape|Bulk Up|p2a: Annihilape\n|-boost|p2a: Annihilape|atk|1\n|-boost|p2a: Annihilape|def|1\n|move|p1a: Registeel|Thunder Wave|p2a: Annihilape|[miss]\n|-miss|p1a: Registeel|p2a: Annihilape\n|\n|-weather|none\n|-heal|p1a: Registeel|192/262|[from] item: Leftovers\n|upkeep\n|turn|26\n|inactive|Time left: 300 sec this turn | 300 sec total\n|\n|t:|1783569710\n|move|p2a: Annihilape|Drain Punch|p1a: Registeel\n|-supereffective|p1a: Registeel\n|-damage|p1a: Registeel|106/262\n|move|p1a: Registeel|Thunder Wave|p2a: Annihilape\n|-status|p2a: Annihilape|par\n|\n|-heal|p1a: Registeel|122/262|[from] item: Leftovers\n|upkeep\n|turn|27\n|inactive|Time left: 300 sec this turn | 300 sec total\n|\n|t:|1783569711\n|move|p1a: Registeel|Iron Defense|p1a: Registeel\n|-boost|p1a: Registeel|def|2\n|cant|p2a: Annihilape|par\n|\n|-heal|p1a: Registeel|138/262|[from] item: Leftovers\n|upkeep\n|turn|28\n|inactive|Time left: 300 sec this turn | 300 sec total\n|\n|t:|1783569712\n|move|p1a: Registeel|Iron Head|p2a: Annihilape\n|-damage|p2a: Annihilape|83/100 par\n|cant|p2a: Annihilape|par\n|\n|-heal|p1a: Registeel|154/262|[from] item: Leftovers\n|-heal|p2a: Annihilape|89/100 par|[from] item: Leftovers\n|upkeep\n|turn|29\n|inactive|Time left: 300 sec this turn | 300 sec total\n|\n|t:|1783569712\n|move|p1a: Registeel|Iron Head|p2a: Annihilape\n|-damage|p2a: Annihilape|70/100 par\n|move|p2a: Annihilape|Bulk Up|p2a: Annihilape\n|-boost|p2a: Annihilape|atk|1\n|-boost|p2a: Annihilape|def|1\n|\n|-heal|p1a: Registeel|170/262|[from] item: Leftovers\n|-heal|p2a: Annihilape|77/100 par|[from] item: Leftovers\n|upkeep\n|turn|30\n|inactive|Time left: 300 sec this turn | 300 sec total\n|\n|t:|1783569713\n|move|p1a: Registeel|Iron Head|p2a: Annihilape\n|-crit|p2a: Annihilape\n|-damage|p2a: Annihilape|34/100 par\n|cant|p2a: Annihilape|flinch\n|\n|-heal|p1a: Registeel|186/262|[from] item: Leftovers\n|-heal|p2a: Annihilape|40/100 par|[from] item: Leftovers\n|upkeep\n|turn|31\n|inactive|Time left: 300 sec this turn | 300 sec total\n|\n|t:|1783569714\n|move|p1a: Registeel|Iron Head|p2a: Annihilape\n|-damage|p2a: Annihilape|26/100 par\n|cant|p2a: Annihilape|par\n|\n|-heal|p1a: Registeel|202/262|[from] item: Leftovers\n|-heal|p2a: Annihilape|32/100 par|[from] item: Leftovers\n|upkeep\n|turn|32\n|inactive|Time left: 300 sec this turn | 300 sec total\n|\n|t:|1783569715\n|move|p1a: Registeel|Iron Head|p2a: Annihilape\n|-damage|p2a: Annihilape|19/100 par\n|move|p2a: Annihilape|Drain Punch|p1a: Registeel\n|-supereffective|p1a: Registeel\n|-damage|p1a: Registeel|130/262\n|-heal|p2a: Annihilape|31/100 par|[from] drain|[of] p1a: Registeel\n|\n|-heal|p1a: Registeel|146/262|[from] item: Leftovers\n|-heal|p2a: Annihilape|37/100 par|[from] item: Leftovers\n|upkeep\n|turn|33\n|inactive|Time left: 300 sec this turn | 300 sec total\n|\n|t:|1783569717\n|move|p1a: Registeel|Iron Head|p2a: Annihilape\n|-damage|p2a: Annihilape|25/100 par\n|cant|p2a: Annihilape|flinch\n|\n|-heal|p1a: Registeel|162/262|[from] item: Leftovers\n|-heal|p2a: Annihilape|31/100 par|[from] item: Leftovers\n|upkeep\n|turn|34\n|inactive|Time left: 300 sec this turn | 300 sec total\n|\n|t:|1783569718\n|move|p1a: Registeel|Iron Head|p2a: Annihilape\n|-damage|p2a: Annihilape|18/100 par\n|move|p2a: Annihilape|Drain Punch|p1a: Registeel\n|-supereffective|p1a: Registeel\n|-damage|p1a: Registeel|88/262\n|-heal|p2a: Annihilape|30/100 par|[from] drain|[of] p1a: Registeel\n|\n|-heal|p1a: Registeel|104/262|[from] item: Leftovers\n|-heal|p2a: Annihilape|36/100 par|[from] item: Leftovers\n|upkeep\n|turn|35\n|inactive|Time left: 300 sec this turn | 300 sec total\n|\n|t:|1783569719\n|move|p1a: Registeel|Iron Head|p2a: Annihilape\n|-damage|p2a: Annihilape|24/100 par\n|move|p2a: Annihilape|Drain Punch|p1a: Registeel\n|-supereffective|p1a: Registeel\n|-damage|p1a: Registeel|32/262\n|-heal|p2a: Annihilape|36/100 par|[from] drain|[of] p1a: Registeel\n|\n|-heal|p1a: Registeel|48/262|[from] item: Leftovers\n|-heal|p2a: Annihilape|42/100 par|[from] item: Leftovers\n|upkeep\n|turn|36\n|inactive|Time left: 300 sec this turn | 300 sec total\n|\n|t:|1783569720\n|move|p1a: Registeel|Iron Head|p2a: Annihilape\n|-damage|p2a: Annihilape|29/100 par\n|move|p2a: Annihilape|Drain Punch|p1a: Registeel\n|-supereffective|p1a: Registeel\n|-damage|p1a: Registeel|0 fnt\n|-heal|p2a: Annihilape|37/100 par|[from] drain|[of] p1a: Registeel\n|faint|p1a: Registeel\n|\n|-heal|p2a: Annihilape|43/100 par|[from] item: Leftovers\n|upkeep\n|inactive|Time left: 300 sec this turn | 300 sec total | 5 sec grace\n|\n|t:|1783569721\n|switch|p1a: Carbink|Carbink, L90, tera:Fighting|58/236\n|turn|37\n|inactive|Time left: 300 sec this turn | 300 sec total\n|\n|t:|1783569722\n|move|p1a: Carbink|Rest|p1a: Carbink\n|-status|p1a: Carbink|slp|[from] move: Rest\n|-heal|p1a: Carbink|236/236 slp|[silent]\n|-enditem|p1a: Carbink|Chesto Berry|[eat]\n|-curestatus|p1a: Carbink|slp|[msg]\n|move|p2a: Annihilape|Drain Punch|p1a: Carbink\n|-damage|p1a: Carbink|146/236\n|-heal|p2a: Annihilape|58/100 par|[from] drain|[of] p1a: Carbink\n|\n|-heal|p2a: Annihilape|65/100 par|[from] item: Leftovers\n|upkeep\n|turn|38\n|inactive|Time left: 300 sec this turn | 300 sec total\n|\n|t:|1783569723\n|move|p1a: Carbink|Moonblast|p2a: Annihilape\n|-supereffective|p2a: Annihilape\n|-damage|p2a: Annihilape|7/100 par\n|-unboost|p2a: Annihilape|spa|1\n|-ability|p2a: Annihilape|Defiant|boost\n|-boost|p2a: Annihilape|atk|2\n|move|p2a: Annihilape|Drain Punch|p1a: Carbink\n|-damage|p1a: Carbink|19/236\n|-heal|p2a: Annihilape|29/100 par|[from] drain|[of] p1a: Carbink\n|\n|-heal|p2a: Annihilape|35/100 par|[from] item: Leftovers\n|upkeep\n|turn|39\n|inactive|Time left: 300 sec this turn | 300 sec total\n|\n|t:|1783569724\n|switch|p2a: Corviknight|Corviknight, L80, M|100/100\n|move|p1a: Carbink|Moonblast|p2a: Corviknight\n|-resisted|p2a: Corviknight\n|-damage|p2a: Corviknight|87/100\n|\n|-heal|p2a: Corviknight|93/100|[from] item: Leftovers\n|upkeep\n|turn|40\n|inactive|Time left: 300 sec this turn | 300 sec total\n|\n|t:|1783569725\n|switch|p1a: Ogerpon|Ogerpon-Cornerstone, L76, F|247/247\n|move|p2a: Corviknight|Brave Bird|p1a: Ogerpon\n|-damage|p1a: Ogerpon|130/247\n|-damage|p2a: Corviknight|79/100|[from] Recoil\n|\n|-heal|p2a: Corviknight|86/100|[from] item: Leftovers\n|upkeep\n|turn|41\n|inactive|Time left: 300 sec this turn | 300 sec total\n|\n|t:|1783569726\n|move|p1a: Ogerpon|Synthesis|p1a: Ogerpon\n|-heal|p1a: Ogerpon|247/247\n|move|p2a: Corviknight|Body Press|p1a: Ogerpon\n|-supereffective|p1a: Ogerpon\n|-damage|p1a: Ogerpon|119/247\n|\n|-heal|p2a: Corviknight|92/100|[from] item: Leftovers\n|upkeep\n|turn|42\n|inactive|Time left: 300 sec this turn | 300 sec total\n|\n|t:|1783569727\n|move|p1a: Ogerpon|Synthesis|p1a: Ogerpon\n|-heal|p1a: Ogerpon|242/247\n|move|p2a: Corviknight|Body Press|p1a: Ogerpon\n|-supereffective|p1a: Ogerpon\n|-damage|p1a: Ogerpon|104/247\n|\n|-heal|p2a: Corviknight|98/100|[from] item: Leftovers\n|upkeep\n|turn|43\n|inactive|Time left: 300 sec this turn | 300 sec total\n|\n|t:|1783569728\n|move|p1a: Ogerpon|Synthesis|p1a: Ogerpon\n|-heal|p1a: Ogerpon|227/247\n|move|p2a: Corviknight|Body Press|p1a: Ogerpon\n|-supereffective|p1a: Ogerpon\n|-damage|p1a: Ogerpon|97/247\n|\n|-heal|p2a: Corviknight|100/100|[from] item: Leftovers\n|upkeep\n|turn|44\n|inactive|Time left: 300 sec this turn | 300 sec total\n|\n|t:|1783569729\n|move|p1a: Ogerpon|Synthesis|p1a: Ogerpon\n|-heal|p1a: Ogerpon|220/247\n|move|p2a: Corviknight|Body Press|p1a: Ogerpon\n|-supereffective|p1a: Ogerpon\n|-damage|p1a: Ogerpon|90/247\n|\n|upkeep\n|turn|45\n|inactive|Time left: 300 sec this turn | 300 sec total\n|\n|t:|1783569730\n|move|p1a: Ogerpon|Synthesis|p1a: Ogerpon\n|-heal|p1a: Ogerpon|213/247\n|move|p2a: Corviknight|Body Press|p1a: Ogerpon\n|-supereffective|p1a: Ogerpon\n|-damage|p1a: Ogerpon|95/247\n|\n|upkeep\n|turn|46\n|inactive|Time left: 300 sec this turn | 300 sec total\n|\n|t:|1783569731\n|move|p1a: Ogerpon|Synthesis|p1a: Ogerpon\n|-heal|p1a: Ogerpon|218/247\n|move|p2a: Corviknight|Body Press|p1a: Ogerpon\n|-supereffective|p1a: Ogerpon\n|-damage|p1a: Ogerpon|96/247\n|\n|upkeep\n|turn|47\n|inactive|Time left: 300 sec this turn | 300 sec total\n|\n|t:|1783569731\n|move|p1a: Ogerpon|Synthesis|p1a: Ogerpon\n|-heal|p1a: Ogerpon|219/247\n|move|p2a: Corviknight|Body Press|p1a: Ogerpon\n|-supereffective|p1a: Ogerpon\n|-crit|p1a: Ogerpon\n|-damage|p1a: Ogerpon|41/247\n|\n|upkeep\n|turn|48\n|inactive|Time left: 300 sec this turn | 300 sec total\n|\n|t:|1783569732\n|move|p1a: Ogerpon|Synthesis|p1a: Ogerpon\n|-heal|p1a: Ogerpon|164/247\n|move|p2a: Corviknight|Body Press|p1a: Ogerpon\n|-supereffective|p1a: Ogerpon\n|-damage|p1a: Ogerpon|44/247\n|\n|upkeep\n|turn|49\n|inactive|Time left: 300 sec this turn | 300 sec total\n|\n|t:|1783569733\n|move|p1a: Ogerpon|Power Whip|p2a: Corviknight\n|-resisted|p2a: Corviknight\n|-damage|p2a: Corviknight|89/100\n|move|p2a: Corviknight|Brave Bird|p1a: Ogerpon\n|-damage|p1a: Ogerpon|0 fnt\n|faint|p1a: Ogerpon\n|-damage|p2a: Corviknight|84/100|[from] Recoil\n|\n|-heal|p2a: Corviknight|90/100|[from] item: Leftovers\n|upkeep\n|inactive|Time left: 300 sec this turn | 300 sec total | 5 sec grace\n|\n|t:|1783569734\n|switch|p1a: Carbink|Carbink, L90, tera:Fighting|19/236\n|turn|50\n|inactive|Time left: 300 sec this turn | 300 sec total\n|\n|t:|1783569735\n|move|p2a: Corviknight|Body Press|p1a: Carbink\n|-damage|p1a: Carbink|0 fnt\n|faint|p1a: Carbink\n|\n|win|p0y26604f65", "uploadtime": 1783569735, "views": 0, "rating": 0, "private": 0, "password": null, "_winner": "p0y26604f65", "_our_name": "p0x26608009"}