{"id": "battle-gen9randombattle-353", "formatid": "gen9randombattle", "format": "[Gen 9] Random Battle", "players": ["p0x353d2bb", "p0y3538ae8"], "log": "|init|battle\n|title|p0x353d2bb vs. p0y3538ae8\n|j|\u2606p0x353d2bb\n|j|\u2606p0y3538ae8\n|t:|1783543213\n|gametype|singles\n|player|p1|p0x353d2bb|101|\n|player|p2|p0y3538ae8|2|\n|gen|9\n|tier|[Gen 9] Random Battle\n|rule|Species Clause: Limit one of each Pok\u00e9mon\n|rule|HP Percentage Mod: HP is shown in percentages\n|rule|Sleep Clause Mod: Limit one foe put to sleep\n|rule|Illusion Level Mod: Illusion disguises the Pok\u00e9mon's true level\n|\n|t:|1783543213\n|teamsize|p1|6\n|teamsize|p2|6\n|start\n|switch|p1a: Exeggutor|Exeggutor, L89, F|100/100\n|switch|p2a: Coalossal|Coalossal, L89, M|341/341\n|turn|1\n|inactive|Battle timer is ON: inactive players will automatically lose when time's up. (requested by p0x353d2bb)\n|inactive|Time left: 300 sec this turn | 300 sec total | 60 sec grace\n|inactive|p0y3538ae8 also wants the timer to be on.\n|\n|t:|1783543215\n|switch|p2a: Vikavolt|Vikavolt, L83, M|263/263\n|move|p1a: Exeggutor|Leech Seed|p2a: Vikavolt\n|-start|p2a: Vikavolt|move: Leech Seed\n|\n|-damage|p2a: Vikavolt|231/263|[from] Leech Seed|[of] p1a: Exeggutor\n|upkeep\n|turn|2\n|inactive|Time left: 300 sec this turn | 300 sec total\n|\n|t:|1783543216\n|move|p1a: Exeggutor|Psychic Noise|p2a: Vikavolt\n|-damage|p2a: Vikavolt|107/263\n|-start|p2a: Vikavolt|move: Heal Block\n|move|p2a: Vikavolt|Sticky Web|p1a: Exeggutor\n|-sidestart|p1: p0x353d2bb|move: Sticky Web\n|\n|-damage|p2a: Vikavolt|75/263|[from] Leech Seed|[of] p1a: Exeggutor\n|upkeep\n|turn|3\n|inactive|Time left: 300 sec this turn | 300 sec total\n|\n|t:|1783543217\n|switch|p2a: Krookodile|Krookodile, L79, F|280/280\n|-ability|p2a: Krookodile|Intimidate|boost\n|-unboost|p1a: Exeggutor|atk|1\n|move|p1a: Exeggutor|Psychic Noise|p2a: Krookodile\n|-immune|p2a: Krookodile\n|\n|upkeep\n|turn|4\n|inactive|Time left: 300 sec this turn | 300 sec total\n|\n|t:|1783543219\n|switch|p1a: Iron Jugulis|Iron Jugulis, L77|100/100\n|move|p2a: Krookodile|Knock Off|p1a: Iron Jugulis\n|-resisted|p1a: Iron Jugulis\n|-damage|p1a: Iron Jugulis|79/100\n|-enditem|p1a: Iron Jugulis|Choice Specs|[from] move: Knock Off|[of] p2a: Krookodile\n|\n|upkeep\n|turn|5\n|inactive|Time left: 300 sec this turn | 300 sec total\n|\n|t:|1783543220\n|switch|p2a: Poliwrath|Poliwrath, L88, F|302/302\n|move|p1a: Iron Jugulis|Hydro Pump|p2a: Poliwrath\n|-immune|p2a: Poliwrath|[from] ability: Water Absorb\n|\n|upkeep\n|turn|6\n|inactive|Time left: 300 sec this turn | 300 sec total\n|\n|t:|1783543221\n|move|p1a: Iron Jugulis|Hurricane|p2a: Poliwrath\n|-supereffective|p2a: Poliwrath\n|-damage|p2a: Poliwrath|68/302\n|move|p2a: Poliwrath|Drain Punch|p1a: Iron Jugulis\n|-damage|p1a: Iron Jugulis|45/100\n|-heal|p2a: Poliwrath|115/302|[from] drain|[of] p1a: Iron Jugulis\n|\n|-heal|p2a: Poliwrath|133/302|[from] item: Leftovers\n|upkeep\n|turn|7\n|inactive|Time left: 300 sec this turn | 300 sec total\n|\n|t:|1783543222\n|move|p1a: Iron Jugulis|Hurricane|p2a: Poliwrath\n|-supereffective|p2a: Poliwrath\n|-damage|p2a: Poliwrath|0 fnt\n|faint|p2a: Poliwrath\n|\n|upkeep\n|inactive|Time left: 300 sec this turn | 300 sec total | 5 sec grace\n|\n|t:|1783543223\n|switch|p2a: Krookodile|Krookodile, L79, F|280/280\n|-ability|p2a: Krookodile|Intimidate|boost\n|-unboost|p1a: Iron Jugulis|atk|1\n|turn|8\n|inactive|Time left: 300 sec this turn | 300 sec total\n|\n|t:|1783543224\n|move|p2a: Krookodile|Stone Edge|p1a: Iron Jugulis\n|-supereffective|p1a: Iron Jugulis\n|-damage|p1a: Iron Jugulis|0 fnt\n|faint|p1a: Iron Jugulis\n|-end|p1a: Iron Jugulis|Quark Drive|[silent]\n|\n|upkeep\n|\n|t:|1783543225\n|switch|p1a: Tyranitar|Tyranitar, L78, F|100/100\n|-activate|p1a: Tyranitar|move: Sticky Web\n|-unboost|p1a: Tyranitar|spe|1\n|-weather|Sandstorm|[from] ability: Sand Stream|[of] p1a: Tyranitar\n|turn|9\n|inactive|Time left: 300 sec this turn | 300 sec total\n|\n|t:|1783543227\n|move|p2a: Krookodile|Stone Edge|p1a: Tyranitar|[miss]\n|-miss|p2a: Krookodile|p1a: Tyranitar\n|move|p1a: Tyranitar|Dragon Dance|p1a: Tyranitar\n|-boost|p1a: Tyranitar|atk|1\n|-boost|p1a: Tyranitar|spe|1\n|\n|-weather|Sandstorm|[upkeep]\n|upkeep\n|turn|10\n|inactive|Time left: 300 sec this turn | 300 sec total\n|\n|t:|1783543227\n|switch|p2a: Okidogi|Okidogi, L77, M|262/262\n|move|p1a: Tyranitar|Dragon Dance|p1a: Tyranitar\n|-boost|p1a: Tyranitar|atk|1\n|-boost|p1a: Tyranitar|spe|1\n|\n|-weather|Sandstorm|[upkeep]\n|-damage|p2a: Okidogi|246/262|[from] Sandstorm\n|upkeep\n|turn|11\n|inactive|Time left: 300 sec this turn | 300 sec total\n|\n|t:|1783543228\n|-terastallize|p1a: Tyranitar|Ghost\n|move|p1a: Tyranitar|Dragon Dance|p1a: Tyranitar\n|-boost|p1a: Tyranitar|atk|1\n|-boost|p1a: Tyranitar|spe|1\n|move|p2a: Okidogi|Drain Punch|p1a: Tyranitar\n|-immune|p1a: Tyranitar\n|\n|-weather|Sandstorm|[upkeep]\n|-damage|p1a: Tyranitar|95/100|[from] Sandstorm\n|-damage|p2a: Okidogi|230/262|[from] Sandstorm\n|upkeep\n|turn|12\n|inactive|Time left: 300 sec this turn | 300 sec total\n|\n|t:|1783543229\n|switch|p2a: Vikavolt|Vikavolt, L83, M|75/263\n|move|p1a: Tyranitar|Knock Off|p2a: Vikavolt\n|-damage|p2a: Vikavolt|0 fnt\n|-enditem|p2a: Vikavolt|Heavy-Duty Boots|[from] move: Knock Off|[of] p1a: Tyranitar\n|faint|p2a: Vikavolt\n|\n|-weather|Sandstorm|[upkeep]\n|-damage|p1a: Tyranitar|89/100|[from] Sandstorm\n|upkeep\n|inactive|Time left: 300 sec this turn | 300 sec total | 5 sec grace\n|\n|t:|1783543230\n|switch|p2a: Krookodile|Krookodile, L79, F|280/280\n|-ability|p2a: Krookodile|Intimidate|boost\n|-unboost|p1a: Tyranitar|atk|1\n|turn|13\n|inactive|Time left: 300 sec this turn | 300 sec total\n|\n|t:|1783543231\n|move|p2a: Krookodile|Knock Off|p1a: Tyranitar\n|-supereffective|p1a: Tyranitar\n|-damage|p1a: Tyranitar|24/100\n|-enditem|p1a: Tyranitar|Weakness Policy\n|-boost|p1a: Tyranitar|atk|2|[from] item: Weakness Policy\n|-boost|p1a: Tyranitar|spa|2|[from] item: Weakness Policy\n|move|p1a: Tyranitar|Knock Off|p2a: Krookodile\n|-resisted|p2a: Krookodile\n|-damage|p2a: Krookodile|84/280\n|-enditem|p2a: Krookodile|Choice Scarf|[from] move: Knock Off|[of] p1a: Tyranitar\n|\n|-weather|none\n|upkeep\n|turn|14\n|inactive|Time left: 300 sec this turn | 300 sec total\n|\n|t:|1783543231\n|move|p1a: Tyranitar|Ice Punch|p2a: Krookodile\n|-supereffective|p2a: Krookodile\n|-damage|p2a: Krookodile|0 fnt\n|faint|p2a: Krookodile\n|\n|upkeep\n|inactive|Time left: 300 sec this turn | 300 sec total | 5 sec grace\n|\n|t:|1783543232\n|switch|p2a: Okidogi|Okidogi, L77, M|230/262\n|turn|15\n|inactive|Time left: 300 sec this turn | 300 sec total\n|\n|t:|1783543233\n|move|p1a: Tyranitar|Ice Punch|p2a: Okidogi\n|-damage|p2a: Okidogi|61/262\n|move|p2a: Okidogi|Knock Off|p1a: Tyranitar\n|-supereffective|p1a: Tyranitar\n|-damage|p1a: Tyranitar|0 fnt\n|faint|p1a: Tyranitar\n|\n|upkeep\n|\n|t:|1783543234\n|switch|p1a: Bellibolt|Bellibolt, L84, M|100/100\n|-activate|p1a: Bellibolt|move: Sticky Web\n|-unboost|p1a: Bellibolt|spe|1\n|turn|16\n|inactive|Time left: 300 sec this turn | 300 sec total\n|\n|t:|1783543235\n|move|p2a: Okidogi|Drain Punch|p1a: Bellibolt\n|-damage|p1a: Bellibolt|74/100\n|-heal|p2a: Okidogi|103/262|[from] drain|[of] p1a: Bellibolt\n|-start|p1a: Bellibolt|Charge|Drain Punch|[from] ability: Electromorphosis\n|move|p1a: Bellibolt|Thunderbolt|p2a: Okidogi\n|-damage|p2a: Okidogi|0 fnt\n|faint|p2a: Okidogi\n|-end|p1a: Bellibolt|Charge|[silent]\n|\n|-heal|p1a: Bellibolt|80/100|[from] item: Leftovers\n|upkeep\n|inactive|Time left: 300 sec this turn | 300 sec total | 5 sec grace\n|\n|t:|1783543236\n|switch|p2a: Scovillain|Scovillain, L91, M|266/266\n|turn|17\n|inactive|Time left: 300 sec this turn | 300 sec total\n|\n|t:|1783543236\n|move|p2a: Scovillain|Fire Blast|p1a: Bellibolt|[miss]\n|-miss|p2a: Scovillain|p1a: Bellibolt\n|move|p1a: Bellibolt|Slack Off|p1a: Bellibolt\n|-heal|p1a: Bellibolt|100/100\n|\n|upkeep\n|turn|18\n|inactive|Time left: 300 sec this turn | 300 sec total\n|\n|t:|1783543237\n|switch|p1a: Hariyama|Hariyama, L87, F|100/100\n|-activate|p1a: Hariyama|move: Sticky Web\n|-unboost|p1a: Hariyama|spe|1\n|move|p2a: Scovillain|Fire Blast|p1a: Hariyama\n|-damage|p1a: Hariyama|85/100\n|\n|upkeep\n|turn|19\n|inactive|Time left: 300 sec this turn | 300 sec total\n|\n|t:|1783543238\n|switch|p2a: Coalossal|Coalossal, L89, M|341/341\n|move|p1a: Hariyama|Close Combat|p2a: Coalossal\n|-supereffective|p2a: Coalossal\n|-damage|p2a: Coalossal|105/341\n|-unboost|p1a: Hariyama|def|1\n|-unboost|p1a: Hariyama|spd|1\n|-status|p1a: Hariyama|brn|[from] ability: Flame Body|[of] p2a: Coalossal\n|\n|-damage|p1a: Hariyama|79/100 brn|[from] brn\n|upkeep\n|turn|20\n|inactive|Time left: 300 sec this turn | 300 sec total\n|\n|t:|1783543240\n|move|p2a: Coalossal|Rapid Spin|p1a: Hariyama\n|-damage|p1a: Hariyama|63/100 brn\n|-boost|p2a: Coalossal|spe|1\n|move|p1a: Hariyama|Close Combat|p2a: Coalossal\n|-supereffective|p2a: Coalossal\n|-damage|p2a: Coalossal|0 fnt\n|-unboost|p1a: Hariyama|def|1\n|-unboost|p1a: Hariyama|spd|1\n|faint|p2a: Coalossal\n|\n|-damage|p1a: Hariyama|57/100 brn|[from] brn\n|upkeep\n|inactive|Time left: 300 sec this turn | 300 sec total | 5 sec grace\n|\n|t:|1783543241\n|switch|p2a: Scovillain|Scovillain, L91, M|266/266\n|turn|21\n|inactive|Time left: 300 sec this turn | 300 sec total\n|\n|t:|1783543242\n|move|p2a: Scovillain|Energy Ball|p1a: Hariyama\n|-damage|p1a: Hariyama|6/100 brn\n|move|p1a: Hariyama|Knock Off|p2a: Scovillain\n|-damage|p2a: Scovillain|214/266\n|-enditem|p2a: Scovillain|Heavy-Duty Boots|[from] move: Knock Off|[of] p1a: Hariyama\n|\n|-damage|p1a: Hariyama|0 fnt|[from] brn\n|faint|p1a: Hariyama\n|upkeep\n|\n|t:|1783543243\n|switch|p1a: Tauros|Tauros-Paldea-Blaze, L81, M|100/100\n|-activate|p1a: Tauros|move: Sticky Web\n|-unboost|p1a: Tauros|spe|1\n|turn|22\n|inactive|Time left: 300 sec this turn | 300 sec total\n|\n|t:|1783543244\n|move|p2a: Scovillain|Fire Blast|p1a: Tauros\n|-resisted|p1a: Tauros\n|-damage|p1a: Tauros|62/100\n|move|p1a: Tauros|Bulk Up|p1a: Tauros\n|-boost|p1a: Tauros|atk|1\n|-boost|p1a: Tauros|def|1\n|\n|upkeep\n|turn|23\n|inactive|Time left: 300 sec this turn | 300 sec total\n|\n|t:|1783543245\n|move|p2a: Scovillain|Stomping Tantrum|p1a: Tauros\n|-supereffective|p1a: Tauros\n|-damage|p1a: Tauros|27/100\n|-enditem|p1a: Tauros|Sitrus Berry|[eat]\n|-heal|p1a: Tauros|52/100|[from] item: Sitrus Berry\n|move|p1a: Tauros|Close Combat|p2a: Scovillain\n|-damage|p2a: Scovillain|0 fnt\n|-unboost|p1a: Tauros|def|1\n|-unboost|p1a: Tauros|spd|1\n|faint|p2a: Scovillain\n|\n|win|p0x353d2bb", "uploadtime": 1783543245, "views": 0, "rating": 0, "private": 0, "password": null, "_winner": "p0x353d2bb", "_our_name": "p0y3538ae8"}