{"id": "battle-gen9randombattle-493", "formatid": "gen9randombattle", "format": "[Gen 9] Random Battle", "players": ["p0x4933a41", "p0y4938a6f"], "log": "|init|battle\n|title|p0x4933a41 vs. p0y4938a6f\n|j|\u2606p0x4933a41\n|j|\u2606p0y4938a6f\n|t:|1783544760\n|gametype|singles\n|player|p1|p0x4933a41|102|\n|player|p2|p0y4938a6f|102|\n|gen|9\n|tier|[Gen 9] Random Battle\n|rule|Species Clause: Limit one of each Pok\u00e9mon\n|rule|HP Percentage Mod: HP is shown in percentages\n|rule|Sleep Clause Mod: Limit one foe put to sleep\n|rule|Illusion Level Mod: Illusion disguises the Pok\u00e9mon's true level\n|\n|t:|1783544760\n|teamsize|p1|6\n|teamsize|p2|6\n|start\n|switch|p1a: Reshiram|Reshiram, L76|277/277\n|switch|p2a: Wugtrio|Wugtrio, L91, M|100/100\n|-ability|p1a: Reshiram|Turboblaze\n|turn|1\n|inactive|Battle timer is ON: inactive players will automatically lose when time's up. (requested by p0x4933a41)\n|inactive|p0y4938a6f also wants the timer to be on.\n|\n|t:|1783544762\n|move|p2a: Wugtrio|Liquidation|p1a: Reshiram\n|-damage|p1a: Reshiram|105/277\n|move|p1a: Reshiram|Will-O-Wisp|p2a: Wugtrio\n|-status|p2a: Wugtrio|brn\n|\n|-damage|p2a: Wugtrio|94/100 brn|[from] brn\n|upkeep\n|turn|2\n|inactive|Time left: 300 sec this turn | 300 sec total\n|\n|t:|1783544763\n|switch|p1a: Alomomola|Alomomola, L87, M|429/429\n|move|p2a: Wugtrio|Liquidation|p1a: Alomomola\n|-resisted|p1a: Alomomola\n|-damage|p1a: Alomomola|387/429\n|-unboost|p1a: Alomomola|def|1\n|-damage|p2a: Wugtrio|78/100 brn|[from] item: Rocky Helmet|[of] p1a: Alomomola\n|\n|-damage|p2a: Wugtrio|72/100 brn|[from] brn\n|upkeep\n|turn|3\n|inactive|Time left: 300 sec this turn | 300 sec total\n|\n|t:|1783544764\n|move|p2a: Wugtrio|Liquidation|p1a: Alomomola\n|-resisted|p1a: Alomomola\n|-damage|p1a: Alomomola|320/429\n|-unboost|p1a: Alomomola|def|1\n|-damage|p2a: Wugtrio|55/100 brn|[from] item: Rocky Helmet|[of] p1a: Alomomola\n|move|p1a: Alomomola|Flip Turn|p2a: Wugtrio\n|-resisted|p2a: Wugtrio\n|-damage|p2a: Wugtrio|38/100 brn\n|-ability|p2a: Wugtrio|Gooey\n|-unboost|p1a: Alomomola|spe|1\n|inactive|Time left: 300 sec this turn | 300 sec total | 5 sec grace\n|\n|t:|1783544765\n|switch|p1a: Azumarill|Azumarill, L82, M|298/298|[from] Flip Turn\n|\n|-damage|p2a: Wugtrio|32/100 brn|[from] brn\n|upkeep\n|turn|4\n|inactive|Time left: 300 sec this turn | 300 sec total\n|\n|t:|1783544767\n|move|p2a: Wugtrio|Liquidation|p1a: Azumarill\n|-resisted|p1a: Azumarill\n|-damage|p1a: Azumarill|253/298\n|move|p1a: Azumarill|Belly Drum|p1a: Azumarill\n|-damage|p1a: Azumarill|104/298\n|-setboost|p1a: Azumarill|atk|6|[from] move: Belly Drum\n|-enditem|p1a: Azumarill|Sitrus Berry|[eat]\n|-heal|p1a: Azumarill|178/298|[from] item: Sitrus Berry\n|\n|-damage|p2a: Wugtrio|26/100 brn|[from] brn\n|upkeep\n|turn|5\n|inactive|Time left: 300 sec this turn | 300 sec total\n|\n|t:|1783544768\n|move|p2a: Wugtrio|Liquidation|p1a: Azumarill\n|-resisted|p1a: Azumarill\n|-damage|p1a: Azumarill|132/298\n|-unboost|p1a: Azumarill|def|1\n|move|p1a: Azumarill|Play Rough|p2a: Wugtrio\n|-damage|p2a: Wugtrio|0 fnt\n|-ability|p2a: Wugtrio|Gooey\n|-unboost|p1a: Azumarill|spe|1\n|faint|p2a: Wugtrio\n|\n|upkeep\n|\n|t:|1783544769\n|switch|p2a: Bellossom|Bellossom, L84, F|100/100\n|turn|6\n|inactive|Time left: 300 sec this turn | 300 sec total\n|\n|t:|1783544770\n|move|p1a: Azumarill|Aqua Jet|p2a: Bellossom\n|-resisted|p2a: Bellossom\n|-damage|p2a: Bellossom|67/100\n|move|p2a: Bellossom|Giga Drain|p1a: Azumarill\n|-supereffective|p1a: Azumarill\n|-damage|p1a: Azumarill|0 fnt\n|-heal|p2a: Bellossom|92/100|[from] drain|[of] p1a: Azumarill\n|faint|p1a: Azumarill\n|\n|-heal|p2a: Bellossom|98/100|[from] item: Leftovers\n|upkeep\n|inactive|Time left: 300 sec this turn | 300 sec total | 5 sec grace\n|\n|t:|1783544771\n|switch|p1a: Armarouge|Armarouge, L80, M|267/267\n|turn|7\n|inactive|Time left: 300 sec this turn | 300 sec total\n|\n|t:|1783544772\n|-terastallize|p2a: Bellossom|Rock\n|move|p1a: Armarouge|Armor Cannon|p2a: Bellossom\n|-resisted|p2a: Bellossom\n|-damage|p2a: Bellossom|75/100\n|-unboost|p1a: Armarouge|def|1\n|-unboost|p1a: Armarouge|spd|1\n|move|p2a: Bellossom|Quiver Dance|p2a: Bellossom\n|-boost|p2a: Bellossom|spa|1\n|-boost|p2a: Bellossom|spd|1\n|-boost|p2a: Bellossom|spe|1\n|\n|-heal|p2a: Bellossom|81/100|[from] item: Leftovers\n|upkeep\n|turn|8\n|inactive|Time left: 300 sec this turn | 300 sec total\n|\n|t:|1783544773\n|switch|p1a: Probopass|Probopass, L91, F|257/257\n|move|p2a: Bellossom|Quiver Dance|p2a: Bellossom\n|-boost|p2a: Bellossom|spa|1\n|-boost|p2a: Bellossom|spd|1\n|-boost|p2a: Bellossom|spe|1\n|\n|-heal|p2a: Bellossom|87/100|[from] item: Leftovers\n|upkeep\n|turn|9\n|inactive|Time left: 300 sec this turn | 300 sec total\n|\n|t:|1783544774\n|-terastallize|p1a: Probopass|Fighting\n|move|p2a: Bellossom|Strength Sap|p1a: Probopass\n|-unboost|p1a: Probopass|atk|1\n|-heal|p2a: Bellossom|100/100\n|move|p1a: Probopass|Body Press|p2a: Bellossom\n|-supereffective|p2a: Bellossom\n|-damage|p2a: Bellossom|0 fnt\n|faint|p2a: Bellossom\n|\n|upkeep\n|\n|t:|1783544775\n|switch|p2a: Muk|Muk, L86, M|100/100\n|turn|10\n|inactive|Time left: 300 sec this turn | 300 sec total\n|\n|t:|1783544776\n|switch|p1a: Alomomola|Alomomola, L87, M|429/429\n|move|p2a: Muk|Gunk Shot|p1a: Alomomola\n|-damage|p1a: Alomomola|225/429\n|-status|p1a: Alomomola|psn\n|\n|-damage|p1a: Alomomola|172/429 psn|[from] psn\n|upkeep\n|turn|11\n|inactive|Time left: 300 sec this turn | 300 sec total\n|\n|t:|1783544777\n|move|p1a: Alomomola|Flip Turn|p2a: Muk\n|-damage|p2a: Muk|81/100\n|inactive|Time left: 300 sec this turn | 300 sec total | 5 sec grace\n|\n|t:|1783544778\n|switch|p1a: Probopass|Probopass, L91, F, tera:Fighting|257/257|[from] Flip Turn\n|move|p2a: Muk|Gunk Shot|p1a: Probopass\n|-damage|p1a: Probopass|116/257\n|\n|-heal|p1a: Probopass|132/257|[from] item: Leftovers\n|upkeep\n|turn|12\n|inactive|Time left: 300 sec this turn | 300 sec total\n|\n|t:|1783544779\n|move|p2a: Muk|Gunk Shot|p1a: Probopass\n|-damage|p1a: Probopass|9/257\n|move|p1a: Probopass|Thunder Wave|p2a: Muk\n|-status|p2a: Muk|par\n|\n|-heal|p1a: Probopass|25/257|[from] item: Leftovers\n|upkeep\n|turn|13\n|inactive|Time left: 300 sec this turn | 300 sec total\n|\n|t:|1783544780\n|move|p1a: Probopass|Body Press|p2a: Muk\n|-resisted|p2a: Muk\n|-damage|p2a: Muk|60/100 par\n|move|p2a: Muk|Gunk Shot|p1a: Probopass\n|-damage|p1a: Probopass|0 fnt\n|faint|p1a: Probopass\n|\n|upkeep\n|inactive|Time left: 300 sec this turn | 300 sec total | 5 sec grace\n|\n|t:|1783544781\n|switch|p1a: Armarouge|Armarouge, L80, M|267/267\n|turn|14\n|inactive|Time left: 300 sec this turn | 300 sec total\n|\n|t:|1783544782\n|move|p1a: Armarouge|Psyshock|p2a: Muk\n|-supereffective|p2a: Muk\n|-damage|p2a: Muk|0 fnt\n|faint|p2a: Muk\n|\n|upkeep\n|\n|t:|1783544783\n|switch|p2a: Probopass|Probopass, L91, M|100/100\n|turn|15\n|inactive|Time left: 300 sec this turn | 300 sec total\n|\n|t:|1783544783\n|switch|p1a: Alomomola|Alomomola, L87, M|315/429 psn\n|move|p2a: Probopass|Power Gem|p1a: Alomomola\n|-damage|p1a: Alomomola|192/429 psn\n|\n|-damage|p1a: Alomomola|139/429 psn|[from] psn\n|upkeep\n|turn|16\n|inactive|Time left: 300 sec this turn | 300 sec total\n|\n|t:|1783544784\n|move|p1a: Alomomola|Flip Turn|p2a: Probopass\n|-supereffective|p2a: Probopass\n|-damage|p2a: Probopass|74/100\n|inactive|Time left: 300 sec this turn | 300 sec total | 5 sec grace\n|\n|t:|1783544785\n|switch|p1a: Reshiram|Reshiram, L76|105/277|[from] Flip Turn\n|-ability|p1a: Reshiram|Turboblaze\n|move|p2a: Probopass|Power Gem|p1a: Reshiram\n|-supereffective|p1a: Reshiram\n|-damage|p1a: Reshiram|0 fnt\n|faint|p1a: Reshiram\n|\n|-heal|p2a: Probopass|80/100|[from] item: Leftovers\n|upkeep\n|inactive|Time left: 300 sec this turn | 300 sec total | 10 sec grace\n|\n|t:|1783544786\n|switch|p1a: Scyther|Scyther, L82, F|249/249\n|turn|17\n|inactive|Time left: 300 sec this turn | 300 sec total\n|\n|t:|1783544786\n|switch|p2a: Forretress|Forretress, L84, M|100/100\n|move|p1a: Scyther|Close Combat|p2a: Forretress\n|-damage|p2a: Forretress|78/100\n|-unboost|p1a: Scyther|def|1\n|-unboost|p1a: Scyther|spd|1\n|\n|-heal|p2a: Forretress|85/100|[from] item: Leftovers\n|upkeep\n|turn|18\n|inactive|Time left: 300 sec this turn | 300 sec total\n|\n|t:|1783544787\n|switch|p1a: Armarouge|Armarouge, L80, M|267/267\n|switch|p2a: Probopass|Probopass, L91, M|80/100\n|\n|-heal|p2a: Probopass|86/100|[from] item: Leftovers\n|upkeep\n|turn|19\n|inactive|Time left: 300 sec this turn | 300 sec total\n|\n|t:|1783544788\n|switch|p1a: Alomomola|Alomomola, L87, M|282/429 psn\n|move|p2a: Probopass|Power Gem|p1a: Alomomola\n|-crit|p1a: Alomomola\n|-damage|p1a: Alomomola|105/429 psn\n|\n|-heal|p2a: Probopass|93/100|[from] item: Leftovers\n|-damage|p1a: Alomomola|52/429 psn|[from] psn\n|upkeep\n|turn|20\n|inactive|Time left: 300 sec this turn | 300 sec total\n|\n|t:|1783544789\n|move|p1a: Alomomola|Scald|p2a: Probopass\n|-supereffective|p2a: Probopass\n|-damage|p2a: Probopass|71/100\n|-status|p2a: Probopass|brn\n|move|p2a: Probopass|Power Gem|p1a: Alomomola\n|-damage|p1a: Alomomola|0 fnt\n|faint|p1a: Alomomola\n|\n|-heal|p2a: Probopass|77/100 brn|[from] item: Leftovers\n|-damage|p2a: Probopass|71/100 brn|[from] brn\n|upkeep\n|inactive|Time left: 300 sec this turn | 300 sec total | 5 sec grace\n|\n|t:|1783544790\n|switch|p1a: Scyther|Scyther, L82, F|249/249\n|turn|21\n|inactive|Time left: 300 sec this turn | 300 sec total\n|\n|t:|1783544791\n|switch|p2a: Scyther|Scyther, L82, M|100/100\n|move|p1a: Scyther|Close Combat|p2a: Scyther\n|-resisted|p2a: Scyther\n|-crit|p2a: Scyther\n|-damage|p2a: Scyther|86/100\n|-unboost|p1a: Scyther|def|1\n|-unboost|p1a: Scyther|spd|1\n|\n|upkeep\n|turn|22\n|inactive|Time left: 300 sec this turn | 300 sec total\n|\n|t:|1783544792\n|switch|p2a: Probopass|Probopass, L91, M|71/100 brn\n|switch|p1a: Armarouge|Armarouge, L80, M|267/267\n|\n|-heal|p2a: Probopass|77/100 brn|[from] item: Leftovers\n|-damage|p2a: Probopass|71/100 brn|[from] brn\n|upkeep\n|turn|23\n|inactive|Time left: 300 sec this turn | 300 sec total\n|\n|t:|1783544793\n|move|p1a: Armarouge|Meteor Beam||[still]\n|-prepare|p1a: Armarouge|Meteor Beam\n|-boost|p1a: Armarouge|spa|1\n|-enditem|p1a: Armarouge|Power Herb\n|-anim|p1a: Armarouge|Meteor Beam|p2a: Probopass\n|-resisted|p2a: Probopass\n|-damage|p2a: Probopass|53/100 brn\n|move|p2a: Probopass|Power Gem|p1a: Armarouge\n|-supereffective|p1a: Armarouge\n|-damage|p1a: Armarouge|97/267\n|\n|-heal|p2a: Probopass|59/100 brn|[from] item: Leftovers\n|-damage|p2a: Probopass|53/100 brn|[from] brn\n|upkeep\n|turn|24\n|inactive|Time left: 300 sec this turn | 300 sec total\n|\n|t:|1783544794\n|move|p1a: Armarouge|Armor Cannon|p2a: Probopass\n|-damage|p2a: Probopass|0 fnt\n|-unboost|p1a: Armarouge|def|1\n|-unboost|p1a: Armarouge|spd|1\n|faint|p2a: Probopass\n|\n|upkeep\n|\n|t:|1783544795\n|switch|p2a: Scyther|Scyther, L82, M|86/100\n|turn|25\n|inactive|Time left: 300 sec this turn | 300 sec total\n|\n|t:|1783544796\n|move|p2a: Scyther|Dual Wingbeat|p1a: Armarouge\n|-damage|p1a: Armarouge|7/267\n|-ability|p1a: Armarouge|Weak Armor|boost\n|-unboost|p1a: Armarouge|def|1\n|-boost|p1a: Armarouge|spe|2\n|-damage|p1a: Armarouge|0 fnt\n|faint|p1a: Armarouge\n|-hitcount|p1: Armarouge|2\n|\n|upkeep\n|inactive|Time left: 300 sec this turn | 300 sec total | 5 sec grace\n|\n|t:|1783544797\n|switch|p1a: Scyther|Scyther, L82, F|249/249\n|turn|26\n|inactive|Time left: 300 sec this turn | 300 sec total\n|\n|t:|1783544798\n|move|p2a: Scyther|Dual Wingbeat|p1a: Scyther\n|-supereffective|p1a: Scyther\n|-damage|p1a: Scyther|103/249\n|-supereffective|p1a: Scyther\n|-damage|p1a: Scyther|0 fnt\n|faint|p1a: Scyther\n|-hitcount|p1: Scyther|2\n|\n|win|p0y4938a6f", "uploadtime": 1783544798, "views": 0, "rating": 0, "private": 0, "password": null, "_winner": "p0y4938a6f", "_our_name": "p0x4933a41"}