{"id": "battle-gen9randombattle-39", "formatid": "gen9randombattle", "format": "[Gen 9] Random Battle", "players": ["p0x039f7d8", "p0y0398d82"], "log": "|init|battle\n|title|p0x039f7d8 vs. p0y0398d82\n|j|\u2606p0x039f7d8\n|j|\u2606p0y0398d82\n|t:|1783533687\n|gametype|singles\n|player|p1|p0x039f7d8|266|\n|player|p2|p0y0398d82|265|\n|gen|9\n|tier|[Gen 9] Random Battle\n|rule|Species Clause: Limit one of each Pok\u00e9mon\n|rule|HP Percentage Mod: HP is shown in percentages\n|rule|Sleep Clause Mod: Limit one foe put to sleep\n|rule|Illusion Level Mod: Illusion disguises the Pok\u00e9mon's true level\n|\n|t:|1783533687\n|teamsize|p1|6\n|teamsize|p2|6\n|start\n|switch|p1a: Dusknoir|Dusknoir, L89, F|100/100\n|switch|p2a: Iron Bundle|Iron Bundle, L78|215/215\n|-item|p2a: Iron Bundle|Choice Specs|[from] ability: Frisk|[of] p1a: Dusknoir\n|turn|1\n|inactive|Battle timer is ON: inactive players will automatically lose when time's up. (requested by p0x039f7d8)\n|inactive|Time left: 300 sec this turn | 300 sec total | 60 sec grace\n|inactive|p0y0398d82 also wants the timer to be on.\n|\n|t:|1783533688\n|move|p2a: Iron Bundle|Ice Beam|p1a: Dusknoir\n|-damage|p1a: Dusknoir|53/100\n|move|p1a: Dusknoir|Poltergeist|p2a: Iron Bundle\n|-activate|p2a: Iron Bundle|move: Poltergeist|Choice Specs\n|-damage|p2a: Iron Bundle|38/215\n|\n|upkeep\n|turn|2\n|inactive|Time left: 300 sec this turn | 300 sec total\n|\n|t:|1783533690\n|switch|p1a: Primarina|Primarina, L83, M|100/100\n|move|p2a: Iron Bundle|Ice Beam|p1a: Primarina\n|-resisted|p1a: Primarina\n|-damage|p1a: Primarina|78/100\n|\n|upkeep\n|turn|3\n|inactive|Time left: 300 sec this turn | 300 sec total\n|\n|t:|1783533691\n|move|p2a: Iron Bundle|Ice Beam|p1a: Primarina\n|-resisted|p1a: Primarina\n|-damage|p1a: Primarina|54/100\n|move|p1a: Primarina|Moonblast|p2a: Iron Bundle\n|-damage|p2a: Iron Bundle|0 fnt\n|faint|p2a: Iron Bundle\n|-end|p2a: Iron Bundle|Quark Drive|[silent]\n|\n|upkeep\n|inactive|Time left: 300 sec this turn | 300 sec total | 5 sec grace\n|\n|t:|1783533692\n|switch|p2a: Rampardos|Rampardos, L90, F|321/321\n|turn|4\n|inactive|Time left: 300 sec this turn | 300 sec total\n|\n|t:|1783533693\n|move|p2a: Rampardos|Rock Slide|p1a: Primarina\n|-damage|p1a: Primarina|0 fnt\n|faint|p1a: Primarina\n|\n|upkeep\n|\n|t:|1783533694\n|switch|p1a: Oranguru|Oranguru, L92, M|100/100\n|turn|5\n|inactive|Time left: 300 sec this turn | 300 sec total\n|\n|t:|1783533695\n|move|p2a: Rampardos|Rock Slide|p1a: Oranguru\n|-damage|p1a: Oranguru|47/100\n|move|p1a: Oranguru|Psyshock|p2a: Rampardos\n|-damage|p2a: Rampardos|161/321\n|\n|upkeep\n|turn|6\n|inactive|Time left: 300 sec this turn | 300 sec total\n|\n|t:|1783533696\n|move|p2a: Rampardos|Rock Slide|p1a: Oranguru\n|-damage|p1a: Oranguru|0 fnt\n|faint|p1a: Oranguru\n|\n|upkeep\n|\n|t:|1783533697\n|switch|p1a: Raichu|Raichu, L88, F|100/100\n|turn|7\n|inactive|Time left: 300 sec this turn | 300 sec total\n|\n|t:|1783533698\n|move|p1a: Raichu|Thunderbolt|p2a: Rampardos\n|-damage|p2a: Rampardos|0 fnt\n|faint|p2a: Rampardos\n|-damage|p1a: Raichu|91/100|[from] item: Life Orb\n|\n|upkeep\n|inactive|Time left: 300 sec this turn | 300 sec total | 5 sec grace\n|\n|t:|1783533700\n|switch|p2a: Flutter Mane|Flutter Mane, L74|203/203\n|turn|8\n|inactive|Time left: 300 sec this turn | 300 sec total\n|\n|t:|1783533701\n|move|p1a: Raichu|Thunderbolt|p2a: Flutter Mane\n|-damage|p2a: Flutter Mane|90/203\n|-status|p2a: Flutter Mane|par\n|-damage|p1a: Raichu|81/100|[from] item: Life Orb\n|move|p2a: Flutter Mane|Calm Mind|p2a: Flutter Mane\n|-boost|p2a: Flutter Mane|spa|1\n|-boost|p2a: Flutter Mane|spd|1\n|\n|upkeep\n|turn|9\n|inactive|Time left: 300 sec this turn | 300 sec total\n|\n|t:|1783533702\n|move|p1a: Raichu|Nasty Plot|p1a: Raichu\n|-boost|p1a: Raichu|spa|2\n|move|p2a: Flutter Mane|Moonblast|p1a: Raichu\n|-damage|p1a: Raichu|0 fnt\n|faint|p1a: Raichu\n|-damage|p2a: Flutter Mane|70/203 par|[from] item: Life Orb\n|\n|upkeep\n|\n|t:|1783533704\n|switch|p1a: Dusknoir|Dusknoir, L89, F|53/100\n|-item|p2a: Flutter Mane|Life Orb|[from] ability: Frisk|[of] p1a: Dusknoir\n|turn|10\n|inactive|Time left: 300 sec this turn | 300 sec total\n|\n|t:|1783533705\n|-end|p2a: Flutter Mane|Protosynthesis|[silent]\n|switch|p2a: Maushold|Maushold, L76|238/238\n|move|p1a: Dusknoir|Poltergeist|p2a: Maushold\n|-immune|p2a: Maushold\n|\n|upkeep\n|turn|11\n|inactive|Time left: 300 sec this turn | 300 sec total\n|\n|t:|1783533706\n|switch|p1a: Banette|Banette, L93, M|100/100\n|move|p2a: Maushold|Tidy Up|p2a: Maushold\n|-boost|p2a: Maushold|atk|1\n|-boost|p2a: Maushold|spe|1\n|\n|upkeep\n|turn|12\n|inactive|Time left: 300 sec this turn | 300 sec total\n|\n|t:|1783533707\n|move|p2a: Maushold|Bite|p1a: Banette\n|-supereffective|p1a: Banette\n|-damage|p1a: Banette|44/100\n|move|p1a: Banette|Gunk Shot|p2a: Maushold\n|-damage|p2a: Maushold|40/238\n|-status|p2a: Maushold|psn\n|-damage|p1a: Banette|34/100|[from] item: Life Orb\n|\n|-damage|p2a: Maushold|11/238 psn|[from] psn\n|upkeep\n|turn|13\n|inactive|Time left: 300 sec this turn | 300 sec total\n|\n|t:|1783533708\n|switch|p1a: Dusknoir|Dusknoir, L89, F|53/100\n|-item|p2a: Maushold|Wide Lens|[from] ability: Frisk|[of] p1a: Dusknoir\n|move|p2a: Maushold|Bite|p1a: Dusknoir\n|-supereffective|p1a: Dusknoir\n|-damage|p1a: Dusknoir|18/100\n|\n|-damage|p2a: Maushold|0 fnt|[from] psn\n|faint|p2a: Maushold\n|upkeep\n|inactive|Time left: 300 sec this turn | 300 sec total | 5 sec grace\n|\n|t:|1783533709\n|switch|p2a: Talonflame|Talonflame, L83, F|265/265\n|turn|14\n|inactive|Time left: 300 sec this turn | 300 sec total\n|\n|t:|1783533710\n|move|p2a: Talonflame|Brave Bird|p1a: Dusknoir\n|-damage|p1a: Dusknoir|0 fnt\n|faint|p1a: Dusknoir\n|-damage|p2a: Talonflame|252/265|[from] Recoil\n|\n|upkeep\n|\n|t:|1783533711\n|switch|p1a: Blissey|Blissey, L85, F|100/100\n|turn|15\n|inactive|Time left: 300 sec this turn | 300 sec total\n|\n|t:|1783533711\n|-terastallize|p2a: Talonflame|Ground\n|move|p2a: Talonflame|Swords Dance|p2a: Talonflame\n|-boost|p2a: Talonflame|atk|2\n|move|p1a: Blissey|Seismic Toss|p2a: Talonflame\n|-damage|p2a: Talonflame|167/265\n|\n|upkeep\n|turn|16\n|inactive|Time left: 300 sec this turn | 300 sec total\n|\n|t:|1783533713\n|move|p2a: Talonflame|Brave Bird|p1a: Blissey\n|-damage|p1a: Blissey|0 fnt\n|faint|p1a: Blissey\n|-damage|p2a: Talonflame|0 fnt|[from] Recoil\n|faint|p2a: Talonflame\n|\n|upkeep\n|inactive|Time left: 300 sec this turn | 300 sec total | 5 sec grace\n|\n|t:|1783533714\n|switch|p2a: Rotom|Rotom-Wash, L82|216/216\n|switch|p1a: Banette|Banette, L93, M|34/100\n|turn|17\n|inactive|Time left: 300 sec this turn | 300 sec total\n|\n|t:|1783533714\n|-terastallize|p1a: Banette|Poison\n|move|p2a: Rotom|Thunderbolt|p1a: Banette\n|-damage|p1a: Banette|0 fnt\n|-start|p2a: Rotom|Disable|Thunderbolt|[from] ability: Cursed Body|[of] p1a: Banette\n|faint|p1a: Banette\n|\n|win|p0y0398d82", "uploadtime": 1783533714, "views": 0, "rating": 0, "private": 0, "password": null, "_winner": "p0y0398d82", "_our_name": "p0y0398d82"}