{"id": "battle-gen9randombattle-1076", "formatid": "gen9randombattle", "format": "[Gen 9] Random Battle", "players": ["p0x1076444b", "p0y10769b49"], "log": "|init|battle\n|title|p0x1076444b vs. p0y10769b49\n|j|\u2606p0x1076444b\n|j|\u2606p0y10769b49\n|t:|1783551661\n|gametype|singles\n|player|p1|p0x1076444b|101|\n|player|p2|p0y10769b49|102|\n|gen|9\n|tier|[Gen 9] Random Battle\n|rule|Species Clause: Limit one of each Pok\u00e9mon\n|rule|HP Percentage Mod: HP is shown in percentages\n|rule|Sleep Clause Mod: Limit one foe put to sleep\n|rule|Illusion Level Mod: Illusion disguises the Pok\u00e9mon's true level\n|\n|t:|1783551661\n|teamsize|p1|6\n|teamsize|p2|6\n|start\n|switch|p1a: Sceptile|Sceptile, L87, M|264/264\n|switch|p2a: Hippowdon|Hippowdon, L82, F|100/100\n|-weather|Sandstorm|[from] ability: Sand Stream|[of] p2a: Hippowdon\n|turn|1\n|inactive|Battle timer is ON: inactive players will automatically lose when time's up. (requested by p0x1076444b)\n|inactive|p0y10769b49 also wants the timer to be on.\n|\n|t:|1783551663\n|move|p1a: Sceptile|Swords Dance|p1a: Sceptile\n|-boost|p1a: Sceptile|atk|2\n|move|p2a: Hippowdon|Stealth Rock|p1a: Sceptile\n|-sidestart|p1: p0x1076444b|move: Stealth Rock\n|\n|-weather|Sandstorm|[upkeep]\n|-damage|p1a: Sceptile|248/264|[from] Sandstorm\n|upkeep\n|turn|2\n|inactive|Time left: 300 sec this turn | 300 sec total\n|\n|t:|1783551665\n|switch|p2a: Koraidon|Koraidon, L64|100/100\n|-weather|SunnyDay|[from] ability: Orichalcum Pulse|[of] p2a: Koraidon\n|-activate|p2a: Koraidon|Orichalcum Pulse|[source]\n|move|p1a: Sceptile|Leaf Blade|p2a: Koraidon\n|-resisted|p2a: Koraidon\n|-damage|p2a: Koraidon|51/100\n|-damage|p1a: Sceptile|222/264|[from] item: Life Orb\n|\n|-weather|SunnyDay|[upkeep]\n|upkeep\n|turn|3\n|inactive|Time left: 300 sec this turn | 300 sec total\n|\n|t:|1783551666\n|switch|p2a: Cresselia|Cresselia, L80, F|100/100\n|move|p1a: Sceptile|Earthquake|p2a: Cresselia\n|-immune|p2a: Cresselia|[from] ability: Levitate\n|\n|-weather|SunnyDay|[upkeep]\n|upkeep\n|turn|4\n|inactive|Time left: 300 sec this turn | 300 sec total\n|\n|t:|1783551667\n|move|p1a: Sceptile|Leaf Blade|p2a: Cresselia\n|-crit|p2a: Cresselia\n|-damage|p2a: Cresselia|8/100\n|-damage|p1a: Sceptile|196/264|[from] item: Life Orb\n|move|p2a: Cresselia|Calm Mind|p2a: Cresselia\n|-boost|p2a: Cresselia|spa|1\n|-boost|p2a: Cresselia|spd|1\n|\n|-weather|SunnyDay|[upkeep]\n|-heal|p2a: Cresselia|14/100|[from] item: Leftovers\n|upkeep\n|turn|5\n|inactive|Time left: 300 sec this turn | 300 sec total\n|\n|t:|1783551668\n|move|p1a: Sceptile|Leaf Blade|p2a: Cresselia\n|-damage|p2a: Cresselia|0 fnt\n|faint|p2a: Cresselia\n|-damage|p1a: Sceptile|170/264|[from] item: Life Orb\n|\n|-weather|SunnyDay|[upkeep]\n|upkeep\n|\n|t:|1783551669\n|switch|p2a: Iron Jugulis|Iron Jugulis, L77|100/100\n|turn|6\n|inactive|Time left: 300 sec this turn | 300 sec total\n|\n|t:|1783551671\n|move|p1a: Sceptile|Rock Slide|p2a: Iron Jugulis\n|-supereffective|p2a: Iron Jugulis\n|-damage|p2a: Iron Jugulis|0 fnt\n|faint|p2a: Iron Jugulis\n|-end|p2a: Iron Jugulis|Quark Drive|[silent]\n|-damage|p1a: Sceptile|144/264|[from] item: Life Orb\n|\n|-weather|none\n|upkeep\n|\n|t:|1783551672\n|switch|p2a: Terapagos|Terapagos, L77, F|100/100\n|-activate|p2a: Terapagos|ability: Tera Shift\n|detailschange|p2a: Terapagos|Terapagos-Terastal, L77, F\n|-heal|p2a: Terapagos|100/100|[silent]\n|turn|7\n|inactive|Time left: 300 sec this turn | 300 sec total\n|\n|t:|1783551673\n|move|p1a: Sceptile|Leaf Blade|p2a: Terapagos\n|-activate|p2a: Terapagos|ability: Tera Shell\n|-resisted|p2a: Terapagos\n|-damage|p2a: Terapagos|62/100\n|-damage|p1a: Sceptile|118/264|[from] item: Life Orb\n|move|p2a: Terapagos|Rapid Spin|p1a: Sceptile\n|-damage|p1a: Sceptile|63/264\n|-boost|p2a: Terapagos|spe|1\n|\n|upkeep\n|turn|8\n|inactive|Time left: 300 sec this turn | 300 sec total\n|\n|t:|1783551674\n|-terastallize|p1a: Sceptile|Rock\n|move|p2a: Terapagos|Tera Starstorm|p1a: Sceptile\n|-resisted|p1a: Sceptile\n|-damage|p1a: Sceptile|6/264\n|move|p1a: Sceptile|Leaf Blade|p2a: Terapagos\n|-damage|p2a: Terapagos|0 fnt\n|faint|p2a: Terapagos\n|-damage|p1a: Sceptile|0 fnt|[from] item: Life Orb\n|faint|p1a: Sceptile\n|\n|upkeep\n|inactive|Time left: 300 sec this turn | 300 sec total | 5 sec grace\n|\n|t:|1783551675\n|switch|p1a: Spectrier|Spectrier, L75|274/274\n|switch|p2a: Koraidon|Koraidon, L64|51/100\n|-damage|p1a: Spectrier|240/274|[from] Stealth Rock\n|-weather|SunnyDay|[from] ability: Orichalcum Pulse|[of] p2a: Koraidon\n|-activate|p2a: Koraidon|Orichalcum Pulse|[source]\n|turn|9\n|inactive|Time left: 300 sec this turn | 300 sec total\n|\n|t:|1783551676\n|move|p1a: Spectrier|Shadow Ball|p2a: Koraidon\n|-damage|p2a: Koraidon|0 fnt\n|faint|p2a: Koraidon\n|-ability|p1a: Spectrier|Grim Neigh|boost\n|-boost|p1a: Spectrier|spa|1\n|-damage|p1a: Spectrier|213/274|[from] item: Life Orb\n|\n|-weather|SunnyDay|[upkeep]\n|upkeep\n|\n|t:|1783551677\n|switch|p2a: Hippowdon|Hippowdon, L82, F|100/100\n|-weather|Sandstorm|[from] ability: Sand Stream|[of] p2a: Hippowdon\n|turn|10\n|inactive|Time left: 300 sec this turn | 300 sec total\n|\n|t:|1783551678\n|move|p1a: Spectrier|Shadow Ball|p2a: Hippowdon\n|-damage|p2a: Hippowdon|34/100\n|-unboost|p2a: Hippowdon|spd|1\n|-damage|p1a: Spectrier|186/274|[from] item: Life Orb\n|move|p2a: Hippowdon|Earthquake|p1a: Spectrier\n|-damage|p1a: Spectrier|8/274\n|\n|-weather|Sandstorm|[upkeep]\n|-damage|p1a: Spectrier|0 fnt|[from] Sandstorm\n|faint|p1a: Spectrier\n|-heal|p2a: Hippowdon|40/100|[from] item: Leftovers\n|upkeep\n|inactive|Time left: 300 sec this turn | 300 sec total | 5 sec grace\n|\n|t:|1783551679\n|switch|p1a: Chesnaught|Chesnaught, L84, M|285/285\n|-damage|p1a: Chesnaught|268/285|[from] Stealth Rock\n|turn|11\n|inactive|Time left: 300 sec this turn | 300 sec total\n|\n|t:|1783551680\n|move|p1a: Chesnaught|Wood Hammer|p2a: Hippowdon\n|-supereffective|p2a: Hippowdon\n|-damage|p2a: Hippowdon|0 fnt\n|faint|p2a: Hippowdon\n|-damage|p1a: Chesnaught|228/285|[from] Recoil\n|\n|-weather|Sandstorm|[upkeep]\n|-damage|p1a: Chesnaught|211/285|[from] Sandstorm\n|-heal|p1a: Chesnaught|228/285|[from] item: Leftovers\n|upkeep\n|\n|t:|1783551681\n|switch|p2a: Maushold|Maushold-Four, L76|100/100\n|turn|12\n|inactive|Time left: 300 sec this turn | 300 sec total\n|\n|t:|1783551682\n|move|p2a: Maushold|Bite|p1a: Chesnaught\n|-resisted|p1a: Chesnaught\n|-damage|p1a: Chesnaught|211/285\n|move|p1a: Chesnaught|Knock Off|p2a: Maushold\n|-damage|p2a: Maushold|61/100\n|-enditem|p2a: Maushold|Wide Lens|[from] move: Knock Off|[of] p1a: Chesnaught\n|\n|-weather|Sandstorm|[upkeep]\n|-damage|p2a: Maushold|55/100|[from] Sandstorm\n|-damage|p1a: Chesnaught|194/285|[from] Sandstorm\n|-heal|p1a: Chesnaught|211/285|[from] item: Leftovers\n|upkeep\n|turn|13\n|inactive|Time left: 300 sec this turn | 300 sec total\n|\n|t:|1783551683\n|-terastallize|p2a: Maushold|Normal\n|move|p2a: Maushold|Encore|p1a: Chesnaught\n|-start|p1a: Chesnaught|Encore\n|move|p1a: Chesnaught|Knock Off|p2a: Maushold\n|-damage|p2a: Maushold|27/100\n|\n|-weather|Sandstorm|[upkeep]\n|-damage|p2a: Maushold|21/100|[from] Sandstorm\n|-damage|p1a: Chesnaught|194/285|[from] Sandstorm\n|-heal|p1a: Chesnaught|211/285|[from] item: Leftovers\n|upkeep\n|turn|14\n|inactive|Time left: 300 sec this turn | 300 sec total\n|\n|t:|1783551684\n|move|p2a: Maushold|Bite|p1a: Chesnaught\n|-resisted|p1a: Chesnaught\n|-damage|p1a: Chesnaught|194/285\n|move|p1a: Chesnaught|Knock Off|p2a: Maushold\n|-damage|p2a: Maushold|0 fnt\n|faint|p2a: Maushold\n|\n|win|p0x1076444b", "uploadtime": 1783551684, "views": 0, "rating": 0, "private": 0, "password": null, "_winner": "p0x1076444b", "_our_name": "p0x1076444b"}