{"id": "battle-gen9randombattle-198", "formatid": "gen9randombattle", "format": "[Gen 9] Random Battle", "players": ["p0x19818e3", "p0y198c3b7"], "log": "|init|battle\n|title|p0x19818e3 vs. p0y198c3b7\n|j|\u2606p0x19818e3\n|j|\u2606p0y198c3b7\n|t:|1783535535\n|gametype|singles\n|player|p1|p0x19818e3|1|\n|player|p2|p0y198c3b7|101|\n|gen|9\n|tier|[Gen 9] Random Battle\n|rule|Species Clause: Limit one of each Pok\u00e9mon\n|rule|HP Percentage Mod: HP is shown in percentages\n|rule|Sleep Clause Mod: Limit one foe put to sleep\n|rule|Illusion Level Mod: Illusion disguises the Pok\u00e9mon's true level\n|\n|t:|1783535535\n|teamsize|p1|6\n|teamsize|p2|6\n|start\n|switch|p1a: Dachsbun|Dachsbun, L92, M|254/254\n|switch|p2a: Mesprit|Mesprit, L85|100/100\n|turn|1\n|inactive|Battle timer is ON: inactive players will automatically lose when time's up. (requested by p0x19818e3)\n|inactive|p0y198c3b7 also wants the timer to be on.\n|\n|t:|1783535536\n|move|p2a: Mesprit|Psychic|p1a: Dachsbun\n|-damage|p1a: Dachsbun|157/254\n|move|p1a: Dachsbun|Play Rough|p2a: Mesprit\n|-damage|p2a: Mesprit|72/100\n|\n|-heal|p1a: Dachsbun|172/254|[from] item: Leftovers\n|upkeep\n|turn|2\n|inactive|Time left: 300 sec this turn | 300 sec total\n|\n|t:|1783535538\n|switch|p1a: Slaking|Slaking, L84, F|389/389\n|move|p2a: Mesprit|Psychic|p1a: Slaking\n|-damage|p1a: Slaking|256/389\n|\n|upkeep\n|turn|3\n|inactive|Time left: 300 sec this turn | 300 sec total\n|\n|t:|1783535539\n|move|p2a: Mesprit|Psychic|p1a: Slaking\n|-damage|p1a: Slaking|115/389\n|move|p1a: Slaking|Giga Impact|p2a: Mesprit|[miss]\n|-miss|p1a: Slaking|p2a: Mesprit\n|\n|upkeep\n|turn|4\n|inactive|Time left: 300 sec this turn | 300 sec total\n|\n|t:|1783535540\n|switch|p1a: Greedent|Greedent, L86, F|347/347\n|move|p2a: Mesprit|Psychic|p1a: Greedent\n|-damage|p1a: Greedent|239/347\n|\n|upkeep\n|turn|5\n|inactive|Time left: 300 sec this turn | 300 sec total\n|\n|t:|1783535542\n|move|p2a: Mesprit|Psychic|p1a: Greedent\n|-damage|p1a: Greedent|122/347\n|-enditem|p1a: Greedent|Sitrus Berry|[eat]\n|-heal|p1a: Greedent|208/347|[from] item: Sitrus Berry\n|-heal|p1a: Greedent|323/347|[from] ability: Cheek Pouch\n|move|p1a: Greedent|Knock Off|p2a: Mesprit\n|-supereffective|p2a: Mesprit\n|-damage|p2a: Mesprit|28/100\n|-enditem|p2a: Mesprit|Choice Scarf|[from] move: Knock Off|[of] p1a: Greedent\n|\n|upkeep\n|turn|6\n|inactive|Time left: 300 sec this turn | 300 sec total\n|\n|t:|1783535543\n|move|p2a: Mesprit|Ice Beam|p1a: Greedent\n|-damage|p1a: Greedent|249/347\n|move|p1a: Greedent|Body Slam|p2a: Mesprit\n|-damage|p2a: Mesprit|0 fnt\n|faint|p2a: Mesprit\n|\n|upkeep\n|\n|t:|1783535544\n|switch|p2a: Mewtwo|Mewtwo, L72|100/100\n|-ability|p2a: Mewtwo|Unnerve\n|turn|7\n|inactive|Time left: 300 sec this turn | 300 sec total\n|\n|t:|1783535545\n|move|p2a: Mewtwo|Nasty Plot|p2a: Mewtwo\n|-boost|p2a: Mewtwo|spa|2\n|move|p1a: Greedent|Knock Off|p2a: Mewtwo\n|-supereffective|p2a: Mewtwo\n|-damage|p2a: Mewtwo|39/100\n|-enditem|p2a: Mewtwo|Life Orb|[from] move: Knock Off|[of] p1a: Greedent\n|\n|upkeep\n|turn|8\n|inactive|Time left: 300 sec this turn | 300 sec total\n|\n|t:|1783535546\n|move|p2a: Mewtwo|Psystrike|p1a: Greedent\n|-crit|p1a: Greedent\n|-damage|p1a: Greedent|0 fnt\n|faint|p1a: Greedent\n|\n|upkeep\n|inactive|Time left: 300 sec this turn | 300 sec total | 5 sec grace\n|\n|t:|1783535547\n|switch|p1a: Rabsca|Rabsca, L91, M|284/284\n|turn|9\n|inactive|Time left: 300 sec this turn | 300 sec total\n|\n|t:|1783535548\n|move|p2a: Mewtwo|Psystrike|p1a: Rabsca\n|-resisted|p1a: Rabsca\n|-damage|p1a: Rabsca|168/284\n|move|p1a: Rabsca|Bug Buzz|p2a: Mewtwo\n|-supereffective|p2a: Mewtwo\n|-damage|p2a: Mewtwo|0 fnt\n|faint|p2a: Mewtwo\n|\n|upkeep\n|\n|t:|1783535549\n|switch|p2a: Magmortar|Magmortar, L88, F|100/100\n|turn|10\n|inactive|Time left: 300 sec this turn | 300 sec total\n|\n|t:|1783535550\n|switch|p1a: Dachsbun|Dachsbun, L92, M|172/254\n|move|p2a: Magmortar|Fire Blast|p1a: Dachsbun\n|-ability|p1a: Dachsbun|Well-Baked Body|boost\n|-boost|p1a: Dachsbun|def|2\n|\n|-heal|p1a: Dachsbun|187/254|[from] item: Leftovers\n|upkeep\n|turn|11\n|inactive|Time left: 300 sec this turn | 300 sec total\n|\n|t:|1783535551\n|move|p1a: Dachsbun|Wish|p1a: Dachsbun\n|move|p2a: Magmortar|Thunderbolt|p1a: Dachsbun\n|-crit|p1a: Dachsbun\n|-damage|p1a: Dachsbun|54/254\n|\n|-heal|p1a: Dachsbun|69/254|[from] item: Leftovers\n|upkeep\n|turn|12\n|inactive|Time left: 300 sec this turn | 300 sec total\n|\n|t:|1783535552\n|move|p1a: Dachsbun|Protect|p1a: Dachsbun\n|-singleturn|p1a: Dachsbun|Protect\n|move|p2a: Magmortar|Thunderbolt|p1a: Dachsbun\n|-activate|p1a: Dachsbun|move: Protect\n|\n|-heal|p1a: Dachsbun|196/254|[from] move: Wish|[wisher] Dachsbun\n|-heal|p1a: Dachsbun|211/254|[from] item: Leftovers\n|upkeep\n|turn|13\n|inactive|Time left: 300 sec this turn | 300 sec total\n|\n|t:|1783535553\n|move|p1a: Dachsbun|Play Rough|p2a: Magmortar\n|-resisted|p2a: Magmortar\n|-damage|p2a: Magmortar|78/100\n|move|p2a: Magmortar|Scorching Sands|p1a: Dachsbun\n|-damage|p1a: Dachsbun|148/254\n|\n|-heal|p1a: Dachsbun|163/254|[from] item: Leftovers\n|upkeep\n|turn|14\n|inactive|Time left: 300 sec this turn | 300 sec total\n|\n|t:|1783535554\n|move|p1a: Dachsbun|Wish|p1a: Dachsbun\n|move|p2a: Magmortar|Scorching Sands|p1a: Dachsbun\n|-damage|p1a: Dachsbun|92/254\n|-status|p1a: Dachsbun|brn\n|\n|-heal|p1a: Dachsbun|107/254 brn|[from] item: Leftovers\n|-damage|p1a: Dachsbun|92/254 brn|[from] brn\n|upkeep\n|turn|15\n|inactive|Time left: 300 sec this turn | 300 sec total\n|\n|t:|1783535555\n|move|p1a: Dachsbun|Protect|p1a: Dachsbun\n|-singleturn|p1a: Dachsbun|Protect\n|move|p2a: Magmortar|Scorching Sands|p1a: Dachsbun\n|-activate|p1a: Dachsbun|move: Protect\n|\n|-heal|p1a: Dachsbun|219/254 brn|[from] move: Wish|[wisher] Dachsbun\n|-heal|p1a: Dachsbun|234/254 brn|[from] item: Leftovers\n|-damage|p1a: Dachsbun|219/254 brn|[from] brn\n|upkeep\n|turn|16\n|inactive|Time left: 300 sec this turn | 300 sec total\n|\n|t:|1783535556\n|move|p1a: Dachsbun|Wish|p1a: Dachsbun\n|move|p2a: Magmortar|Thunderbolt|p1a: Dachsbun\n|-damage|p1a: Dachsbun|129/254 brn\n|\n|-heal|p1a: Dachsbun|144/254 brn|[from] item: Leftovers\n|-damage|p1a: Dachsbun|129/254 brn|[from] brn\n|upkeep\n|turn|17\n|inactive|Time left: 300 sec this turn | 300 sec total\n|\n|t:|1783535557\n|move|p1a: Dachsbun|Protect|p1a: Dachsbun\n|-singleturn|p1a: Dachsbun|Protect\n|move|p2a: Magmortar|Thunderbolt|p1a: Dachsbun\n|-activate|p1a: Dachsbun|move: Protect\n|\n|-heal|p1a: Dachsbun|254/254 brn|[from] move: Wish|[wisher] Dachsbun\n|-damage|p1a: Dachsbun|239/254 brn|[from] brn\n|upkeep\n|turn|18\n|inactive|Time left: 300 sec this turn | 300 sec total\n|\n|t:|1783535558\n|move|p1a: Dachsbun|Wish|p1a: Dachsbun\n|move|p2a: Magmortar|Scorching Sands|p1a: Dachsbun\n|-damage|p1a: Dachsbun|176/254 brn\n|\n|-heal|p1a: Dachsbun|191/254 brn|[from] item: Leftovers\n|-damage|p1a: Dachsbun|176/254 brn|[from] brn\n|upkeep\n|turn|19\n|inactive|Time left: 300 sec this turn | 300 sec total\n|\n|t:|1783535560\n|switch|p2a: Rotom|Rotom-Wash, L82|100/100\n|move|p1a: Dachsbun|Yawn|p2a: Rotom\n|-start|p2a: Rotom|move: Yawn|[of] p1a: Dachsbun\n|\n|-heal|p1a: Dachsbun|254/254 brn|[from] move: Wish|[wisher] Dachsbun\n|-damage|p1a: Dachsbun|239/254 brn|[from] brn\n|upkeep\n|turn|20\n|inactive|Time left: 300 sec this turn | 300 sec total\n|\n|t:|1783535561\n|move|p1a: Dachsbun|Protect|p1a: Dachsbun\n|-singleturn|p1a: Dachsbun|Protect\n|move|p2a: Rotom|Volt Switch|p1a: Dachsbun\n|-activate|p1a: Dachsbun|move: Protect\n|\n|-heal|p1a: Dachsbun|254/254 brn|[from] item: Leftovers\n|-damage|p1a: Dachsbun|239/254 brn|[from] brn\n|-end|p2a: Rotom|move: Yawn|[silent]\n|-status|p2a: Rotom|slp\n|upkeep\n|turn|21\n|inactive|Time left: 300 sec this turn | 300 sec total\n|\n|t:|1783535562\n|switch|p1a: Slaking|Slaking, L84, F|115/389\n|switch|p2a: Jolteon|Jolteon, L84, M|100/100\n|\n|upkeep\n|turn|22\n|inactive|Time left: 300 sec this turn | 300 sec total\n|\n|t:|1783535563\n|switch|p1a: Heatran|Heatran, L79, M|273/273\n|-item|p1a: Heatran|Air Balloon\n|-terastallize|p2a: Jolteon|Fairy\n|move|p2a: Jolteon|Alluring Voice|p1a: Heatran\n|-resisted|p1a: Heatran\n|-damage|p1a: Heatran|246/273\n|-enditem|p1a: Heatran|Air Balloon\n|-damage|p2a: Jolteon|91/100|[from] item: Life Orb\n|\n|upkeep\n|turn|23\n|inactive|Time left: 300 sec this turn | 300 sec total\n|\n|t:|1783535564\n|switch|p2a: Phione|Phione, L91|100/100\n|move|p1a: Heatran|Heavy Slam|p2a: Phione\n|-resisted|p2a: Phione\n|-damage|p2a: Phione|82/100\n|\n|-heal|p2a: Phione|89/100|[from] item: Leftovers\n|upkeep\n|turn|24\n|inactive|Time left: 300 sec this turn | 300 sec total\n|\n|t:|1783535565\n|switch|p1a: Slaking|Slaking, L84, F|115/389\n|move|p2a: Phione|Scald|p1a: Slaking\n|-damage|p1a: Slaking|9/389\n|\n|-heal|p2a: Phione|95/100|[from] item: Leftovers\n|upkeep\n|turn|25\n|inactive|Time left: 300 sec this turn | 300 sec total\n|\n|t:|1783535566\n|switch|p2a: Rotom|Rotom-Wash, L82|100/100 slp\n|move|p1a: Slaking|Giga Impact|p2a: Rotom\n|-damage|p2a: Rotom|0 fnt\n|-mustrecharge|p1a: Slaking\n|faint|p2a: Rotom\n|\n|upkeep\n|\n|t:|1783535567\n|switch|p2a: Jolteon|Jolteon, L84, M, tera:Fairy|91/100\n|turn|26\n|inactive|Time left: 300 sec this turn | 300 sec total\n|\n|t:|1783535568\n|move|p2a: Jolteon|Calm Mind|p2a: Jolteon\n|-boost|p2a: Jolteon|spa|1\n|-boost|p2a: Jolteon|spd|1\n|cant|p1a: Slaking|recharge\n|\n|upkeep\n|turn|27\n|inactive|Time left: 300 sec this turn | 300 sec total\n|\n|t:|1783535569\n|move|p2a: Jolteon|Thunderbolt|p1a: Slaking\n|-damage|p1a: Slaking|0 fnt\n|faint|p1a: Slaking\n|-damage|p2a: Jolteon|81/100|[from] item: Life Orb\n|\n|upkeep\n|inactive|Time left: 300 sec this turn | 300 sec total | 5 sec grace\n|\n|t:|1783535570\n|switch|p1a: Heatran|Heatran, L79, M|246/273\n|turn|28\n|inactive|Time left: 300 sec this turn | 300 sec total\n|\n|t:|1783535571\n|move|p2a: Jolteon|Thunderbolt|p1a: Heatran\n|-damage|p1a: Heatran|71/273\n|-damage|p2a: Jolteon|71/100|[from] item: Life Orb\n|move|p1a: Heatran|Heavy Slam|p2a: Jolteon\n|-supereffective|p2a: Jolteon\n|-damage|p2a: Jolteon|0 fnt\n|faint|p2a: Jolteon\n|\n|upkeep\n|\n|t:|1783535573\n|switch|p2a: Magmortar|Magmortar, L88, F|78/100\n|turn|29\n|inactive|Time left: 300 sec this turn | 300 sec total\n|\n|t:|1783535574\n|-terastallize|p1a: Heatran|Grass\n|move|p2a: Magmortar|Thunderbolt|p1a: Heatran\n|-resisted|p1a: Heatran\n|-damage|p1a: Heatran|31/273\n|move|p1a: Heatran|Earth Power|p2a: Magmortar\n|-supereffective|p2a: Magmortar\n|-damage|p2a: Magmortar|31/100\n|\n|upkeep\n|turn|30\n|inactive|Time left: 300 sec this turn | 300 sec total\n|\n|t:|1783535575\n|move|p2a: Magmortar|Knock Off|p1a: Heatran\n|-damage|p1a: Heatran|0 fnt\n|faint|p1a: Heatran\n|\n|upkeep\n|inactive|Time left: 300 sec this turn | 300 sec total | 5 sec grace\n|\n|t:|1783535576\n|switch|p1a: Magmortar|Magmortar, L88, F|275/275\n|turn|31\n|inactive|Time left: 300 sec this turn | 300 sec total\n|\n|t:|1783535577\n|move|p1a: Magmortar|Knock Off|p2a: Magmortar\n|-damage|p2a: Magmortar|0 fnt\n|-enditem|p2a: Magmortar|Heavy-Duty Boots|[from] move: Knock Off|[of] p1a: Magmortar\n|faint|p2a: Magmortar\n|\n|upkeep\n|\n|t:|1783535578\n|switch|p2a: Phione|Phione, L91|95/100\n|turn|32\n|inactive|Time left: 300 sec this turn | 300 sec total\n|\n|t:|1783535579\n|move|p2a: Phione|Scald|p1a: Magmortar\n|-supereffective|p1a: Magmortar\n|-damage|p1a: Magmortar|129/275\n|move|p1a: Magmortar|Knock Off|p2a: Phione\n|-damage|p2a: Phione|68/100\n|-enditem|p2a: Phione|Leftovers|[from] move: Knock Off|[of] p1a: Magmortar\n|\n|upkeep\n|turn|33\n|inactive|Time left: 300 sec this turn | 300 sec total\n|\n|t:|1783535580\n|move|p2a: Phione|Scald|p1a: Magmortar\n|-supereffective|p1a: Magmortar\n|-damage|p1a: Magmortar|0 fnt\n|faint|p1a: Magmortar\n|\n|upkeep\n|inactive|Time left: 300 sec this turn | 300 sec total | 5 sec grace\n|\n|t:|1783535581\n|switch|p1a: Rabsca|Rabsca, L91, M|168/284\n|turn|34\n|inactive|Time left: 300 sec this turn | 300 sec total\n|\n|t:|1783535582\n|move|p2a: Phione|Scald|p1a: Rabsca\n|-damage|p1a: Rabsca|96/284\n|-status|p1a: Rabsca|brn\n|-activate|p1a: Rabsca|ability: Synchronize\n|-status|p2a: Phione|brn\n|move|p1a: Rabsca|Bug Buzz|p2a: Phione\n|-damage|p2a: Phione|27/100 brn\n|\n|-damage|p2a: Phione|21/100 brn|[from] brn\n|-damage|p1a: Rabsca|79/284 brn|[from] brn\n|upkeep\n|turn|35\n|inactive|Time left: 300 sec this turn | 300 sec total\n|\n|t:|1783535583\n|move|p2a: Phione|Rest|p2a: Phione\n|-status|p2a: Phione|slp|[from] move: Rest\n|-heal|p2a: Phione|100/100 slp|[silent]\n|move|p1a: Rabsca|Bug Buzz|p2a: Phione\n|-damage|p2a: Phione|60/100 slp\n|\n|-damage|p1a: Rabsca|62/284 brn|[from] brn\n|upkeep\n|turn|36\n|inactive|Time left: 300 sec this turn | 300 sec total\n|\n|t:|1783535584\n|cant|p2a: Phione|slp\n|move|p2a: Phione|Sleep Talk|p2a: Phione\n|move|p2a: Phione|Take Heart|p2a: Phione|[from] move: Sleep Talk\n|-boost|p2a: Phione|spa|1\n|-boost|p2a: Phione|spd|1\n|-curestatus|p2a: Phione|slp|[msg]\n|move|p1a: Rabsca|Bug Buzz|p2a: Phione\n|-damage|p2a: Phione|32/100\n|\n|-damage|p1a: Rabsca|45/284 brn|[from] brn\n|upkeep\n|turn|37\n|inactive|Time left: 300 sec this turn | 300 sec total\n|\n|t:|1783535585\n|move|p2a: Phione|Scald|p1a: Rabsca\n|-damage|p1a: Rabsca|0 fnt\n|faint|p1a: Rabsca\n|\n|upkeep\n|inactive|Time left: 300 sec this turn | 300 sec total | 5 sec grace\n|\n|t:|1783535585\n|switch|p1a: Dachsbun|Dachsbun, L92, M|239/254 brn\n|turn|38\n|inactive|Time left: 300 sec this turn | 300 sec total\n|\n|t:|1783535586\n|move|p1a: Dachsbun|Play Rough|p2a: Phione\n|-damage|p2a: Phione|14/100\n|move|p2a: Phione|Rest|p2a: Phione\n|-status|p2a: Phione|slp|[from] move: Rest\n|-heal|p2a: Phione|100/100 slp|[silent]\n|\n|-heal|p1a: Dachsbun|254/254 brn|[from] item: Leftovers\n|-damage|p1a: Dachsbun|239/254 brn|[from] brn\n|upkeep\n|turn|39\n|inactive|Time left: 300 sec this turn | 300 sec total\n|\n|t:|1783535587\n|move|p1a: Dachsbun|Wish|p1a: Dachsbun\n|cant|p2a: Phione|slp\n|move|p2a: Phione|Sleep Talk|p2a: Phione\n|move|p2a: Phione|Rest||[from] move: Sleep Talk|[still]\n|-fail|p2a: Phione\n|\n|-heal|p1a: Dachsbun|254/254 brn|[from] item: Leftovers\n|-damage|p1a: Dachsbun|239/254 brn|[from] brn\n|upkeep\n|turn|40\n|inactive|Time left: 300 sec this turn | 300 sec total\n|\n|t:|1783535588\n|move|p1a: Dachsbun|Play Rough|p2a: Phione\n|-damage|p2a: Phione|85/100 slp\n|-unboost|p2a: Phione|atk|1\n|cant|p2a: Phione|slp\n|\n|-heal|p1a: Dachsbun|254/254 brn|[from] move: Wish|[wisher] Dachsbun\n|-damage|p1a: Dachsbun|239/254 brn|[from] brn\n|upkeep\n|turn|41\n|inactive|Time left: 300 sec this turn | 300 sec total\n|\n|t:|1783535589\n|move|p1a: Dachsbun|Protect|p1a: Dachsbun\n|-singleturn|p1a: Dachsbun|Protect\n|-curestatus|p2a: Phione|slp|[msg]\n|move|p2a: Phione|Scald|p1a: Dachsbun\n|-activate|p1a: Dachsbun|move: Protect\n|\n|-heal|p1a: Dachsbun|254/254 brn|[from] item: Leftovers\n|-damage|p1a: Dachsbun|239/254 brn|[from] brn\n|upkeep\n|turn|42\n|inactive|Time left: 300 sec this turn | 300 sec total\n|\n|t:|1783535590\n|move|p1a: Dachsbun|Wish|p1a: Dachsbun\n|move|p2a: Phione|Scald|p1a: Dachsbun\n|-damage|p1a: Dachsbun|124/254 brn\n|\n|-heal|p1a: Dachsbun|139/254 brn|[from] item: Leftovers\n|-damage|p1a: Dachsbun|124/254 brn|[from] brn\n|upkeep\n|turn|43\n|inactive|Time left: 300 sec this turn | 300 sec total\n|\n|t:|1783535591\n|move|p1a: Dachsbun|Protect|p1a: Dachsbun\n|-singleturn|p1a: Dachsbun|Protect\n|move|p2a: Phione|Scald|p1a: Dachsbun\n|-activate|p1a: Dachsbun|move: Protect\n|\n|-heal|p1a: Dachsbun|251/254 brn|[from] move: Wish|[wisher] Dachsbun\n|-heal|p1a: Dachsbun|254/254 brn|[from] item: Leftovers\n|-damage|p1a: Dachsbun|239/254 brn|[from] brn\n|upkeep\n|turn|44\n|inactive|Time left: 300 sec this turn | 300 sec total\n|\n|t:|1783535592\n|move|p1a: Dachsbun|Wish|p1a: Dachsbun\n|move|p2a: Phione|Scald|p1a: Dachsbun\n|-damage|p1a: Dachsbun|119/254 brn\n|\n|-heal|p1a: Dachsbun|134/254 brn|[from] item: Leftovers\n|-damage|p1a: Dachsbun|119/254 brn|[from] brn\n|upkeep\n|turn|45\n|inactive|Time left: 300 sec this turn | 300 sec total\n|\n|t:|1783535593\n|move|p1a: Dachsbun|Protect|p1a: Dachsbun\n|-singleturn|p1a: Dachsbun|Protect\n|move|p2a: Phione|Scald|p1a: Dachsbun\n|-activate|p1a: Dachsbun|move: Protect\n|\n|-heal|p1a: Dachsbun|246/254 brn|[from] move: Wish|[wisher] Dachsbun\n|-heal|p1a: Dachsbun|254/254 brn|[from] item: Leftovers\n|-damage|p1a: Dachsbun|239/254 brn|[from] brn\n|upkeep\n|turn|46\n|inactive|Time left: 300 sec this turn | 300 sec total\n|\n|t:|1783535594\n|move|p1a: Dachsbun|Wish|p1a: Dachsbun\n|move|p2a: Phione|Scald|p1a: Dachsbun\n|-damage|p1a: Dachsbun|106/254 brn\n|\n|-heal|p1a: Dachsbun|121/254 brn|[from] item: Leftovers\n|-damage|p1a: Dachsbun|106/254 brn|[from] brn\n|upkeep\n|turn|47\n|inactive|Time left: 300 sec this turn | 300 sec total\n|\n|t:|1783535595\n|move|p1a: Dachsbun|Protect|p1a: Dachsbun\n|-singleturn|p1a: Dachsbun|Protect\n|move|p2a: Phione|Scald|p1a: Dachsbun\n|-activate|p1a: Dachsbun|move: Protect\n|\n|-heal|p1a: Dachsbun|233/254 brn|[from] move: Wish|[wisher] Dachsbun\n|-heal|p1a: Dachsbun|248/254 brn|[from] item: Leftovers\n|-damage|p1a: Dachsbun|233/254 brn|[from] brn\n|upkeep\n|turn|48\n|inactive|Time left: 300 sec this turn | 300 sec total\n|\n|t:|1783535596\n|move|p1a: Dachsbun|Wish|p1a: Dachsbun\n|move|p2a: Phione|Scald|p1a: Dachsbun\n|-damage|p1a: Dachsbun|107/254 brn\n|\n|-heal|p1a: Dachsbun|122/254 brn|[from] item: Leftovers\n|-damage|p1a: Dachsbun|107/254 brn|[from] brn\n|upkeep\n|turn|49\n|inactive|Time left: 300 sec this turn | 300 sec total\n|\n|t:|1783535597\n|move|p1a: Dachsbun|Protect|p1a: Dachsbun\n|-singleturn|p1a: Dachsbun|Protect\n|move|p2a: Phione|Scald|p1a: Dachsbun\n|-activate|p1a: Dachsbun|move: Protect\n|\n|-heal|p1a: Dachsbun|234/254 brn|[from] move: Wish|[wisher] Dachsbun\n|-heal|p1a: Dachsbun|249/254 brn|[from] item: Leftovers\n|-damage|p1a: Dachsbun|234/254 brn|[from] brn\n|upkeep\n|turn|50\n|inactive|Time left: 300 sec this turn | 300 sec total\n|\n|t:|1783535598\n|move|p1a: Dachsbun|Wish|p1a: Dachsbun\n|move|p2a: Phione|Scald|p1a: Dachsbun\n|-damage|p1a: Dachsbun|111/254 brn\n|\n|-heal|p1a: Dachsbun|126/254 brn|[from] item: Leftovers\n|-damage|p1a: Dachsbun|111/254 brn|[from] brn\n|upkeep\n|turn|51\n|inactive|Time left: 300 sec this turn | 300 sec total\n|\n|t:|1783535599\n|move|p1a: Dachsbun|Protect|p1a: Dachsbun\n|-singleturn|p1a: Dachsbun|Protect\n|move|p2a: Phione|Scald|p1a: Dachsbun\n|-activate|p1a: Dachsbun|move: Protect\n|\n|-heal|p1a: Dachsbun|238/254 brn|[from] move: Wish|[wisher] Dachsbun\n|-heal|p1a: Dachsbun|253/254 brn|[from] item: Leftovers\n|-damage|p1a: Dachsbun|238/254 brn|[from] brn\n|upkeep\n|turn|52\n|inactive|Time left: 300 sec this turn | 300 sec total\n|\n|t:|1783535600\n|move|p1a: Dachsbun|Wish|p1a: Dachsbun\n|move|p2a: Phione|Scald|p1a: Dachsbun\n|-damage|p1a: Dachsbun|111/254 brn\n|\n|-heal|p1a: Dachsbun|126/254 brn|[from] item: Leftovers\n|-damage|p1a: Dachsbun|111/254 brn|[from] brn\n|upkeep\n|turn|53\n|inactive|Time left: 300 sec this turn | 300 sec total\n|\n|t:|1783535601\n|move|p1a: Dachsbun|Protect|p1a: Dachsbun\n|-singleturn|p1a: Dachsbun|Protect\n|move|p2a: Phione|Scald|p1a: Dachsbun\n|-activate|p1a: Dachsbun|move: Protect\n|\n|-heal|p1a: Dachsbun|238/254 brn|[from] move: Wish|[wisher] Dachsbun\n|-heal|p1a: Dachsbun|253/254 brn|[from] item: Leftovers\n|-damage|p1a: Dachsbun|238/254 brn|[from] brn\n|upkeep\n|turn|54\n|inactive|Time left: 300 sec this turn | 300 sec total\n|\n|t:|1783535602\n|move|p1a: Dachsbun|Wish|p1a: Dachsbun\n|move|p2a: Phione|Scald|p1a: Dachsbun\n|-damage|p1a: Dachsbun|117/254 brn\n|\n|-heal|p1a: Dachsbun|132/254 brn|[from] item: Leftovers\n|-damage|p1a: Dachsbun|117/254 brn|[from] brn\n|upkeep\n|turn|55\n|inactive|Time left: 300 sec this turn | 300 sec total\n|\n|t:|1783535603\n|move|p1a: Dachsbun|Protect|p1a: Dachsbun\n|-singleturn|p1a: Dachsbun|Protect\n|move|p2a: Phione|Scald|p1a: Dachsbun\n|-activate|p1a: Dachsbun|move: Protect\n|\n|-heal|p1a: Dachsbun|244/254 brn|[from] move: Wish|[wisher] Dachsbun\n|-heal|p1a: Dachsbun|254/254 brn|[from] item: Leftovers\n|-damage|p1a: Dachsbun|239/254 brn|[from] brn\n|upkeep\n|turn|56\n|inactive|Time left: 300 sec this turn | 300 sec total\n|\n|t:|1783535604\n|move|p1a: Dachsbun|Wish|p1a: Dachsbun\n|move|p2a: Phione|Scald|p1a: Dachsbun\n|-damage|p1a: Dachsbun|104/254 brn\n|\n|-heal|p1a: Dachsbun|119/254 brn|[from] item: Leftovers\n|-damage|p1a: Dachsbun|104/254 brn|[from] brn\n|upkeep\n|turn|57\n|inactive|Time left: 300 sec this turn | 300 sec total\n|\n|t:|1783535604\n|move|p1a: Dachsbun|Protect|p1a: Dachsbun\n|-singleturn|p1a: Dachsbun|Protect\n|move|p2a: Phione|Scald|p1a: Dachsbun\n|-activate|p1a: Dachsbun|move: Protect\n|\n|-heal|p1a: Dachsbun|231/254 brn|[from] move: Wish|[wisher] Dachsbun\n|-heal|p1a: Dachsbun|246/254 brn|[from] item: Leftovers\n|-damage|p1a: Dachsbun|231/254 brn|[from] brn\n|upkeep\n|turn|58\n|inactive|Time left: 300 sec this turn | 300 sec total\n|\n|t:|1783535605\n|move|p1a: Dachsbun|Wish|p1a: Dachsbun\n|move|p2a: Phione|Scald|p1a: Dachsbun\n|-damage|p1a: Dachsbun|111/254 brn\n|\n|-heal|p1a: Dachsbun|126/254 brn|[from] item: Leftovers\n|-damage|p1a: Dachsbun|111/254 brn|[from] brn\n|upkeep\n|turn|59\n|inactive|Time left: 300 sec this turn | 300 sec total\n|\n|t:|1783535606\n|move|p1a: Dachsbun|Protect|p1a: Dachsbun\n|-singleturn|p1a: Dachsbun|Protect\n|move|p2a: Phione|Scald|p1a: Dachsbun\n|-activate|p1a: Dachsbun|move: Protect\n|\n|-heal|p1a: Dachsbun|238/254 brn|[from] move: Wish|[wisher] Dachsbun\n|-heal|p1a: Dachsbun|253/254 brn|[from] item: Leftovers\n|-damage|p1a: Dachsbun|238/254 brn|[from] brn\n|upkeep\n|turn|60\n|inactive|Time left: 300 sec this turn | 300 sec total\n|\n|t:|1783535607\n|move|p1a: Dachsbun|Play Rough|p2a: Phione\n|-damage|p2a: Phione|68/100\n|move|p2a: Phione|Rest|p2a: Phione\n|-status|p2a: Phione|slp|[from] move: Rest\n|-heal|p2a: Phione|100/100 slp|[silent]\n|\n|-heal|p1a: Dachsbun|253/254 brn|[from] item: Leftovers\n|-damage|p1a: Dachsbun|238/254 brn|[from] brn\n|upkeep\n|turn|61\n|inactive|Time left: 300 sec this turn | 300 sec total\n|\n|t:|1783535608\n|move|p1a: Dachsbun|Wish|p1a: Dachsbun\n|cant|p2a: Phione|slp\n|move|p2a: Phione|Sleep Talk|p2a: Phione\n|move|p2a: Phione|Rest||[from] move: Sleep Talk|[still]\n|-fail|p2a: Phione\n|\n|-heal|p1a: Dachsbun|253/254 brn|[from] item: Leftovers\n|-damage|p1a: Dachsbun|238/254 brn|[from] brn\n|upkeep\n|turn|62\n|inactive|Time left: 300 sec this turn | 300 sec total\n|\n|t:|1783535609\n|move|p1a: Dachsbun|Wish||[still]\n|-fail|p1a: Dachsbun\n|cant|p2a: Phione|slp\n|\n|-heal|p1a: Dachsbun|254/254 brn|[from] move: Wish|[wisher] Dachsbun\n|-damage|p1a: Dachsbun|239/254 brn|[from] brn\n|upkeep\n|turn|63\n|inactive|Time left: 300 sec this turn | 300 sec total\n|\n|t:|1783535610\n|move|p1a: Dachsbun|Play Rough|p2a: Phione\n|-damage|p2a: Phione|85/100 slp\n|-curestatus|p2a: Phione|slp|[msg]\n|move|p2a: Phione|Rest|p2a: Phione\n|-status|p2a: Phione|slp|[from] move: Rest\n|-heal|p2a: Phione|100/100 slp|[silent]\n|\n|-heal|p1a: Dachsbun|254/254 brn|[from] item: Leftovers\n|-damage|p1a: Dachsbun|239/254 brn|[from] brn\n|upkeep\n|turn|64\n|inactive|Time left: 300 sec this turn | 300 sec total\n|\n|t:|1783535611\n|move|p1a: Dachsbun|Play Rough|p2a: Phione|[miss]\n|-miss|p1a: Dachsbun|p2a: Phione\n|cant|p2a: Phione|slp\n|move|p2a: Phione|Sleep Talk|p2a: Phione\n|move|p2a: Phione|Rest||[from] move: Sleep Talk|[still]\n|-fail|p2a: Phione\n|\n|-heal|p1a: Dachsbun|254/254 brn|[from] item: Leftovers\n|-damage|p1a: Dachsbun|239/254 brn|[from] brn\n|upkeep\n|turn|65\n|inactive|Time left: 300 sec this turn | 300 sec total\n|\n|t:|1783535612\n|move|p1a: Dachsbun|Protect|p1a: Dachsbun\n|-singleturn|p1a: Dachsbun|Protect\n|cant|p2a: Phione|slp\n|move|p2a: Phione|Sleep Talk|p2a: Phione\n|move|p2a: Phione|Rest||[from] move: Sleep Talk|[still]\n|-fail|p2a: Phione\n|\n|-heal|p1a: Dachsbun|254/254 brn|[from] item: Leftovers\n|-damage|p1a: Dachsbun|239/254 brn|[from] brn\n|upkeep\n|turn|66\n|inactive|Time left: 300 sec this turn | 300 sec total\n|\n|t:|1783535612\n|move|p1a: Dachsbun|Play Rough|p2a: Phione\n|-damage|p2a: Phione|85/100 slp\n|-curestatus|p2a: Phione|slp|[msg]\n|move|p2a: Phione|Rest|p2a: Phione\n|-status|p2a: Phione|slp|[from] move: Rest\n|-heal|p2a: Phione|100/100 slp|[silent]\n|\n|-heal|p1a: Dachsbun|254/254 brn|[from] item: Leftovers\n|-damage|p1a: Dachsbun|239/254 brn|[from] brn\n|upkeep\n|turn|67\n|inactive|Time left: 300 sec this turn | 300 sec total\n|\n|t:|1783535613\n|move|p1a: Dachsbun|Protect|p1a: Dachsbun\n|-singleturn|p1a: Dachsbun|Protect\n|cant|p2a: Phione|slp\n|move|p2a: Phione|Sleep Talk|p2a: Phione\n|move|p2a: Phione|Rest||[from] move: Sleep Talk|[still]\n|-fail|p2a: Phione\n|\n|-heal|p1a: Dachsbun|254/254 brn|[from] item: Leftovers\n|-damage|p1a: Dachsbun|239/254 brn|[from] brn\n|upkeep\n|turn|68\n|inactive|Time left: 300 sec this turn | 300 sec total\n|\n|t:|1783535615\n|move|p1a: Dachsbun|Play Rough|p2a: Phione\n|-damage|p2a: Phione|84/100 slp\n|cant|p2a: Phione|slp\n|move|p2a: Phione|Sleep Talk|p2a: Phione\n|move|p2a: Phione|Rest||[from] move: Sleep Talk|[still]\n|-fail|p2a: Phione\n|\n|-heal|p1a: Dachsbun|254/254 brn|[from] item: Leftovers\n|-damage|p1a: Dachsbun|239/254 brn|[from] brn\n|upkeep\n|turn|69\n|inactive|Time left: 300 sec this turn | 300 sec total\n|\n|t:|1783535616\n|move|p1a: Dachsbun|Play Rough|p2a: Phione\n|-damage|p2a: Phione|68/100 slp\n|-curestatus|p2a: Phione|slp|[msg]\n|move|p2a: Phione|Rest|p2a: Phione\n|-status|p2a: Phione|slp|[from] move: Rest\n|-heal|p2a: Phione|100/100 slp|[silent]\n|\n|-heal|p1a: Dachsbun|254/254 brn|[from] item: Leftovers\n|-damage|p1a: Dachsbun|239/254 brn|[from] brn\n|upkeep\n|turn|70\n|inactive|Time left: 300 sec this turn | 300 sec total\n|\n|t:|1783535617\n|move|p1a: Dachsbun|Play Rough|p2a: Phione\n|-damage|p2a: Phione|83/100 slp\n|cant|p2a: Phione|slp\n|move|p2a: Phione|Sleep Talk|p2a: Phione\n|move|p2a: Phione|Scald|p1a: Dachsbun|[from] move: Sleep Talk\n|-damage|p1a: Dachsbun|116/254 brn\n|\n|-heal|p1a: Dachsbun|131/254 brn|[from] item: Leftovers\n|-damage|p1a: Dachsbun|116/254 brn|[from] brn\n|upkeep\n|turn|71\n|inactive|Time left: 300 sec this turn | 300 sec total\n|\n|t:|1783535618\n|move|p1a: Dachsbun|Play Rough|p2a: Phione\n|-damage|p2a: Phione|67/100 slp\n|cant|p2a: Phione|slp\n|move|p2a: Phione|Sleep Talk|p2a: Phione\n|move|p2a: Phione|Scald|p1a: Dachsbun|[from] move: Sleep Talk\n|-damage|p1a: Dachsbun|0 fnt\n|faint|p1a: Dachsbun\n|\n|win|p0y198c3b7", "uploadtime": 1783535618, "views": 0, "rating": 0, "private": 0, "password": null, "_winner": "p0y198c3b7", "_our_name": "p0x19818e3"}