{"id": "battle-gen9randombattle-1055", "formatid": "gen9randombattle", "format": "[Gen 9] Random Battle", "players": ["p0x1055aa57", "p0y1055670e"], "log": "|init|battle\n|title|p0x1055aa57 vs. p0y1055670e\n|j|\u2606p0x1055aa57\n|j|\u2606p0y1055670e\n|t:|1783552126\n|gametype|singles\n|player|p1|p0x1055aa57|266|\n|player|p2|p0y1055670e|170|\n|gen|9\n|tier|[Gen 9] Random Battle\n|rule|Species Clause: Limit one of each Pok\u00e9mon\n|rule|HP Percentage Mod: HP is shown in percentages\n|rule|Sleep Clause Mod: Limit one foe put to sleep\n|rule|Illusion Level Mod: Illusion disguises the Pok\u00e9mon's true level\n|\n|t:|1783552126\n|teamsize|p1|6\n|teamsize|p2|6\n|start\n|switch|p1a: Meowstic|Meowstic-F, L89, F|100/100\n|switch|p2a: Sceptile|Sceptile, L87, M|264/264\n|turn|1\n|inactive|Battle timer is ON: inactive players will automatically lose when time's up. (requested by p0y1055670e)\n|\n|t:|1783552128\n|move|p2a: Sceptile|Earthquake|p1a: Meowstic\n|-damage|p1a: Meowstic|67/100\n|-damage|p2a: Sceptile|238/264|[from] item: Life Orb\n|move|p1a: Meowstic|Nasty Plot|p1a: Meowstic\n|-boost|p1a: Meowstic|spa|2\n|\n|upkeep\n|turn|2\n|inactive|Time left: 300 sec this turn | 300 sec total\n|inactive|p0x1055aa57 also wants the timer to be on.\n|\n|t:|1783552129\n|move|p2a: Sceptile|Giga Drain|p1a: Meowstic\n|-damage|p1a: Meowstic|23/100\n|-heal|p2a: Sceptile|264/264|[from] drain|[of] p1a: Meowstic\n|-damage|p2a: Sceptile|238/264|[from] item: Life Orb\n|move|p1a: Meowstic|Psyshock|p2a: Sceptile\n|-damage|p2a: Sceptile|0 fnt\n|faint|p2a: Sceptile\n|-damage|p1a: Meowstic|13/100|[from] item: Life Orb\n|\n|upkeep\n|inactive|Time left: 300 sec this turn | 300 sec total | 5 sec grace\n|\n|t:|1783552130\n|switch|p2a: Typhlosion|Typhlosion, L84, M|267/267\n|turn|3\n|inactive|Time left: 300 sec this turn | 300 sec total\n|\n|t:|1783552132\n|move|p2a: Typhlosion|Eruption|p1a: Meowstic\n|-damage|p1a: Meowstic|0 fnt\n|faint|p1a: Meowstic\n|\n|upkeep\n|\n|t:|1783552133\n|switch|p1a: Lycanroc|Lycanroc-Midnight, L89, M|100/100\n|turn|4\n|inactive|Time left: 300 sec this turn | 300 sec total\n|\n|t:|1783552134\n|move|p2a: Typhlosion|Eruption|p1a: Lycanroc\n|-resisted|p1a: Lycanroc\n|-damage|p1a: Lycanroc|70/100\n|move|p1a: Lycanroc|Stone Edge|p2a: Typhlosion\n|-supereffective|p2a: Typhlosion\n|-damage|p2a: Typhlosion|0 fnt\n|faint|p2a: Typhlosion\n|\n|upkeep\n|inactive|Time left: 300 sec this turn | 300 sec total | 5 sec grace\n|\n|t:|1783552135\n|switch|p2a: Raichu|Raichu-Alola, L87, F|246/246\n|turn|5\n|inactive|Time left: 300 sec this turn | 300 sec total\n|\n|t:|1783552136\n|move|p2a: Raichu|Focus Blast|p1a: Lycanroc\n|-supereffective|p1a: Lycanroc\n|-crit|p1a: Lycanroc\n|-damage|p1a: Lycanroc|0 fnt\n|faint|p1a: Lycanroc\n|\n|upkeep\n|\n|t:|1783552137\n|switch|p1a: Pincurchin|Pincurchin, F|100/100\n|-fieldstart|move: Electric Terrain|[from] ability: Electric Surge|[of] p1a: Pincurchin\n|turn|6\n|inactive|Time left: 300 sec this turn | 300 sec total\n|\n|t:|1783552138\n|move|p2a: Raichu|Focus Blast|p1a: Pincurchin\n|-damage|p1a: Pincurchin|57/100\n|move|p1a: Pincurchin|Zing Zap|p2a: Raichu\n|-resisted|p2a: Raichu\n|-damage|p2a: Raichu|138/246\n|\n|-heal|p1a: Pincurchin|64/100|[from] item: Leftovers\n|upkeep\n|turn|7\n|inactive|Time left: 300 sec this turn | 300 sec total\n|\n|t:|1783552140\n|move|p2a: Raichu|Focus Blast|p1a: Pincurchin\n|-damage|p1a: Pincurchin|21/100\n|move|p1a: Pincurchin|Zing Zap|p2a: Raichu\n|-resisted|p2a: Raichu\n|-damage|p2a: Raichu|22/246\n|\n|-heal|p1a: Pincurchin|28/100|[from] item: Leftovers\n|upkeep\n|turn|8\n|inactive|Time left: 300 sec this turn | 300 sec total\n|\n|t:|1783552141\n|switch|p1a: Shaymin|Shaymin-Sky, L73|100/100\n|move|p2a: Raichu|Focus Blast|p1a: Shaymin\n|-resisted|p1a: Shaymin\n|-damage|p1a: Shaymin|69/100\n|\n|upkeep\n|turn|9\n|inactive|Time left: 300 sec this turn | 300 sec total\n|\n|t:|1783552142\n|move|p2a: Raichu|Focus Blast|p1a: Shaymin\n|-resisted|p1a: Shaymin\n|-damage|p1a: Shaymin|40/100\n|move|p1a: Shaymin|Seed Flare|p2a: Raichu\n|-damage|p2a: Raichu|0 fnt\n|faint|p2a: Raichu\n|\n|upkeep\n|inactive|Time left: 300 sec this turn | 300 sec total | 5 sec grace\n|\n|t:|1783552142\n|switch|p2a: Regieleki|Regieleki, L79|256/256\n|turn|10\n|inactive|Time left: 300 sec this turn | 300 sec total\n|\n|t:|1783552143\n|switch|p1a: Pincurchin|Pincurchin, F|28/100\n|move|p2a: Regieleki|Thunderbolt|p1a: Pincurchin\n|-resisted|p1a: Pincurchin\n|-damage|p1a: Pincurchin|0 fnt\n|faint|p1a: Pincurchin\n|\n|-fieldend|move: Electric Terrain\n|upkeep\n|\n|t:|1783552144\n|switch|p1a: Phione|Phione, L91|100/100\n|turn|11\n|inactive|Time left: 300 sec this turn | 300 sec total\n|\n|t:|1783552144\n|-terastallize|p1a: Phione|Dragon\n|move|p2a: Regieleki|Volt Switch|p1a: Phione\n|-resisted|p1a: Phione\n|-damage|p1a: Phione|83/100\n|inactive|Time left: 300 sec this turn | 300 sec total | 5 sec grace\n|\n|t:|1783552145\n|switch|p2a: Scizor|Scizor, L79, F|240/240|[from] Volt Switch\n|move|p1a: Phione|Scald|p2a: Scizor\n|-damage|p2a: Scizor|138/240\n|\n|-heal|p1a: Phione|89/100|[from] item: Leftovers\n|upkeep\n|turn|12\n|inactive|Time left: 300 sec this turn | 300 sec total\n|\n|t:|1783552146\n|move|p1a: Phione|Scald|p2a: Scizor\n|-damage|p2a: Scizor|44/240\n|move|p2a: Scizor|Knock Off|p1a: Phione\n|-damage|p1a: Phione|55/100\n|-enditem|p1a: Phione|Leftovers|[from] move: Knock Off|[of] p2a: Scizor\n|-damage|p2a: Scizor|20/240|[from] item: Life Orb\n|\n|upkeep\n|turn|13\n|inactive|Time left: 300 sec this turn | 300 sec total\n|\n|t:|1783552147\n|move|p2a: Scizor|Bullet Punch|p1a: Phione\n|-damage|p1a: Phione|24/100\n|-damage|p2a: Scizor|0 fnt|[from] item: Life Orb\n|faint|p2a: Scizor\n|move|p1a: Phione|Scald|p2: Scizor|[notarget]\n|-fail|p1a: Phione\n|\n|upkeep\n|inactive|Time left: 300 sec this turn | 300 sec total | 5 sec grace\n|\n|t:|1783552148\n|switch|p2a: Lokix|Lokix, L82, F|251/251\n|turn|14\n|inactive|Time left: 300 sec this turn | 300 sec total\n|\n|t:|1783552148\n|move|p2a: Lokix|U-turn|p1a: Phione\n|-damage|p1a: Phione|0 fnt\n|faint|p1a: Phione\n|inactive|Time left: 300 sec this turn | 300 sec total | 5 sec grace\n|\n|t:|1783552149\n|switch|p2a: Regieleki|Regieleki, L79|256/256|[from] U-turn\n|\n|upkeep\n|\n|t:|1783552150\n|switch|p1a: Shaymin|Shaymin-Sky, L73|40/100\n|turn|15\n|inactive|Time left: 300 sec this turn | 300 sec total\n|\n|t:|1783552151\n|switch|p1a: Shaymin|Shaymin-Sky, L73|100/100\n|-terastallize|p2a: Regieleki|Electric\n|move|p2a: Regieleki|Thunderbolt|p1a: Shaymin\n|-damage|p1a: Shaymin|0 fnt\n|replace|p1a: Zoroark|Zoroark, L83, M\n|-end|p1a: Zoroark|Illusion\n|-hint|Illusion Level Mod is active, so this Pok\u00e9mon's true level was hidden.\n|faint|p1a: Zoroark\n|\n|upkeep\n|\n|t:|1783552152\n|switch|p1a: Shaymin|Shaymin-Sky, L73|40/100\n|turn|16\n|inactive|Time left: 300 sec this turn | 300 sec total\n|\n|t:|1783552153\n|move|p2a: Regieleki|Explosion|p1a: Shaymin\n|-damage|p1a: Shaymin|0 fnt\n|faint|p2a: Regieleki\n|faint|p1a: Shaymin\n|\n|win|p0y1055670e", "uploadtime": 1783552153, "views": 0, "rating": 0, "private": 0, "password": null, "_winner": "p0y1055670e", "_our_name": "p0y1055670e"}