{"id": "battle-gen9randombattle-2719", "formatid": "gen9randombattle", "format": "[Gen 9] Random Battle", "players": ["p0x27193f72", "p0y2719cb8f"], "log": "|init|battle\n|title|p0x27193f72 vs. p0y2719cb8f\n|j|\u2606p0x27193f72\n|j|\u2606p0y2719cb8f\n|t:|1783571361\n|gametype|singles\n|player|p1|p0x27193f72|169|\n|player|p2|p0y2719cb8f|2|\n|gen|9\n|tier|[Gen 9] Random Battle\n|rule|Species Clause: Limit one of each Pok\u00e9mon\n|rule|HP Percentage Mod: HP is shown in percentages\n|rule|Sleep Clause Mod: Limit one foe put to sleep\n|rule|Illusion Level Mod: Illusion disguises the Pok\u00e9mon's true level\n|\n|t:|1783571361\n|teamsize|p1|6\n|teamsize|p2|6\n|start\n|switch|p1a: Meowstic|Meowstic, L89, M|100/100\n|switch|p2a: Greedent|Greedent, L86, F|347/347\n|turn|1\n|inactive|Battle timer is ON: inactive players will automatically lose when time's up. (requested by p0x27193f72)\n|inactive|Time left: 300 sec this turn | 300 sec total | 60 sec grace\n|inactive|p0y2719cb8f also wants the timer to be on.\n|\n|t:|1783571362\n|move|p1a: Meowstic|Reflect|p1a: Meowstic\n|-sidestart|p1: p0x27193f72|Reflect\n|move|p2a: Greedent|Knock Off|p1a: Meowstic\n|-supereffective|p1a: Meowstic\n|-damage|p1a: Meowstic|75/100\n|-enditem|p1a: Meowstic|Light Clay|[from] move: Knock Off|[of] p2a: Greedent\n|\n|upkeep\n|turn|2\n|inactive|Time left: 300 sec this turn | 300 sec total\n|\n|t:|1783571364\n|move|p1a: Meowstic|Light Screen|p1a: Meowstic\n|-sidestart|p1: p0x27193f72|move: Light Screen\n|move|p2a: Greedent|Swords Dance|p2a: Greedent\n|-boost|p2a: Greedent|atk|2\n|\n|upkeep\n|turn|3\n|inactive|Time left: 300 sec this turn | 300 sec total\n|\n|t:|1783571364\n|switch|p1a: Vespiquen|Vespiquen, L99, F|100/100\n|-ability|p1a: Vespiquen|Pressure\n|move|p2a: Greedent|Knock Off|p1a: Vespiquen\n|-crit|p1a: Vespiquen\n|-damage|p1a: Vespiquen|43/100\n|-enditem|p1a: Vespiquen|Heavy-Duty Boots|[from] move: Knock Off|[of] p2a: Greedent\n|\n|upkeep\n|turn|4\n|inactive|Time left: 300 sec this turn | 300 sec total\n|\n|t:|1783571366\n|move|p1a: Vespiquen|Roost|p1a: Vespiquen\n|-heal|p1a: Vespiquen|93/100\n|-singleturn|p1a: Vespiquen|move: Roost\n|move|p2a: Greedent|Double-Edge|p1a: Vespiquen\n|-crit|p1a: Vespiquen\n|-damage|p1a: Vespiquen|2/100\n|-damage|p2a: Greedent|257/347|[from] Recoil\n|\n|upkeep\n|turn|5\n|inactive|Time left: 300 sec this turn | 300 sec total\n|\n|t:|1783571366\n|move|p1a: Vespiquen|Roost|p1a: Vespiquen\n|-heal|p1a: Vespiquen|52/100\n|-singleturn|p1a: Vespiquen|move: Roost\n|move|p2a: Greedent|Double-Edge|p1a: Vespiquen\n|-damage|p1a: Vespiquen|21/100\n|-damage|p2a: Greedent|226/347|[from] Recoil\n|\n|upkeep\n|turn|6\n|inactive|Time left: 300 sec this turn | 300 sec total\n|\n|t:|1783571367\n|move|p1a: Vespiquen|Roost|p1a: Vespiquen\n|-heal|p1a: Vespiquen|71/100\n|-singleturn|p1a: Vespiquen|move: Roost\n|move|p2a: Greedent|Double-Edge|p1a: Vespiquen\n|-damage|p1a: Vespiquen|37/100\n|-damage|p2a: Greedent|192/347|[from] Recoil\n|\n|-sideend|p1: p0x27193f72|move: Light Screen\n|upkeep\n|turn|7\n|inactive|Time left: 300 sec this turn | 300 sec total\n|\n|t:|1783571369\n|move|p1a: Vespiquen|Roost|p1a: Vespiquen\n|-heal|p1a: Vespiquen|87/100\n|-singleturn|p1a: Vespiquen|move: Roost\n|move|p2a: Greedent|Double-Edge|p1a: Vespiquen\n|-damage|p1a: Vespiquen|52/100\n|-damage|p2a: Greedent|158/347|[from] Recoil\n|-enditem|p2a: Greedent|Sitrus Berry|[eat]\n|-heal|p2a: Greedent|244/347|[from] item: Sitrus Berry\n|-heal|p2a: Greedent|347/347|[from] ability: Cheek Pouch\n|\n|upkeep\n|turn|8\n|inactive|Time left: 300 sec this turn | 300 sec total\n|\n|t:|1783571370\n|move|p1a: Vespiquen|Roost|p1a: Vespiquen\n|-heal|p1a: Vespiquen|100/100\n|-singleturn|p1a: Vespiquen|move: Roost\n|move|p2a: Greedent|Swords Dance|p2a: Greedent\n|-boost|p2a: Greedent|atk|2\n|\n|-sideend|p1: p0x27193f72|Reflect\n|upkeep\n|turn|9\n|inactive|Time left: 300 sec this turn | 300 sec total\n|\n|t:|1783571371\n|move|p1a: Vespiquen|Air Slash|p2a: Greedent\n|-damage|p2a: Greedent|245/347\n|cant|p2a: Greedent|flinch\n|\n|upkeep\n|turn|10\n|inactive|Time left: 300 sec this turn | 300 sec total\n|\n|t:|1783571372\n|move|p1a: Vespiquen|Air Slash|p2a: Greedent\n|-damage|p2a: Greedent|136/347\n|move|p2a: Greedent|Double-Edge|p1a: Vespiquen\n|-damage|p1a: Vespiquen|1/100\n|-damage|p2a: Greedent|38/347|[from] Recoil\n|\n|upkeep\n|turn|11\n|inactive|Time left: 300 sec this turn | 300 sec total\n|\n|t:|1783571373\n|move|p1a: Vespiquen|U-turn|p2a: Greedent\n|-damage|p2a: Greedent|0 fnt\n|faint|p2a: Greedent\n|\n|t:|1783571373\n|switch|p1a: Raging Bolt|Raging Bolt, L78|100/100|[from] U-turn\n|-enditem|p1a: Raging Bolt|Booster Energy\n|-activate|p1a: Raging Bolt|ability: Protosynthesis|[fromitem]\n|-start|p1a: Raging Bolt|protosynthesisspa\n|\n|upkeep\n|inactive|Time left: 300 sec this turn | 300 sec total | 10 sec grace\n|\n|t:|1783571374\n|switch|p2a: Gardevoir|Gardevoir, L83, F|249/249\n|turn|12\n|inactive|Time left: 300 sec this turn | 300 sec total\n|\n|t:|1783571375\n|-end|p1a: Raging Bolt|Protosynthesis|[silent]\n|switch|p1a: Empoleon|Empoleon, L84, M|100/100\n|-ability|p2a: Gardevoir|Competitive|Trace|[from] ability: Trace|[of] p1a: Empoleon\n|move|p2a: Gardevoir|Moonblast|p1a: Empoleon\n|-resisted|p1a: Empoleon\n|-damage|p1a: Empoleon|75/100\n|-damage|p2a: Gardevoir|225/249|[from] item: Life Orb\n|\n|-heal|p1a: Empoleon|81/100|[from] item: Leftovers\n|upkeep\n|turn|13\n|inactive|Time left: 300 sec this turn | 300 sec total\n|\n|t:|1783571376\n|move|p2a: Gardevoir|Calm Mind|p2a: Gardevoir\n|-boost|p2a: Gardevoir|spa|1\n|-boost|p2a: Gardevoir|spd|1\n|move|p1a: Empoleon|Knock Off|p2a: Gardevoir\n|-damage|p2a: Gardevoir|142/249\n|-enditem|p2a: Gardevoir|Life Orb|[from] move: Knock Off|[of] p1a: Empoleon\n|\n|-heal|p1a: Empoleon|87/100|[from] item: Leftovers\n|upkeep\n|turn|14\n|inactive|Time left: 300 sec this turn | 300 sec total\n|\n|t:|1783571377\n|move|p2a: Gardevoir|Calm Mind|p2a: Gardevoir\n|-boost|p2a: Gardevoir|spa|1\n|-boost|p2a: Gardevoir|spd|1\n|move|p1a: Empoleon|Stealth Rock|p2a: Gardevoir\n|-sidestart|p2: p0y2719cb8f|move: Stealth Rock\n|\n|-heal|p1a: Empoleon|93/100|[from] item: Leftovers\n|upkeep\n|turn|15\n|inactive|Time left: 300 sec this turn | 300 sec total\n|\n|t:|1783571378\n|move|p2a: Gardevoir|Moonblast|p1a: Empoleon\n|-resisted|p1a: Empoleon\n|-damage|p1a: Empoleon|56/100\n|move|p1a: Empoleon|Surf|p2a: Gardevoir\n|-damage|p2a: Gardevoir|100/249\n|\n|-heal|p1a: Empoleon|62/100|[from] item: Leftovers\n|upkeep\n|turn|16\n|inactive|Time left: 300 sec this turn | 300 sec total\n|\n|t:|1783571379\n|move|p2a: Gardevoir|Psyshock|p1a: Empoleon\n|-resisted|p1a: Empoleon\n|-damage|p1a: Empoleon|27/100\n|move|p1a: Empoleon|Roost|p1a: Empoleon\n|-heal|p1a: Empoleon|77/100\n|-singleturn|p1a: Empoleon|move: Roost\n|\n|-heal|p1a: Empoleon|84/100|[from] item: Leftovers\n|upkeep\n|turn|17\n|inactive|Time left: 300 sec this turn | 300 sec total\n|\n|t:|1783571380\n|move|p2a: Gardevoir|Moonblast|p1a: Empoleon\n|-resisted|p1a: Empoleon\n|-damage|p1a: Empoleon|44/100\n|-unboost|p1a: Empoleon|spa|1\n|-ability|p1a: Empoleon|Competitive|boost\n|-boost|p1a: Empoleon|spa|2\n|move|p1a: Empoleon|Roost|p1a: Empoleon\n|-heal|p1a: Empoleon|94/100\n|-singleturn|p1a: Empoleon|move: Roost\n|\n|-heal|p1a: Empoleon|100/100|[from] item: Leftovers\n|upkeep\n|turn|18\n|inactive|Time left: 300 sec this turn | 300 sec total\n|\n|t:|1783571381\n|move|p2a: Gardevoir|Moonblast|p1a: Empoleon\n|-resisted|p1a: Empoleon\n|-damage|p1a: Empoleon|64/100\n|move|p1a: Empoleon|Surf|p2a: Gardevoir\n|-damage|p2a: Gardevoir|37/249\n|\n|-heal|p1a: Empoleon|70/100|[from] item: Leftovers\n|upkeep\n|turn|19\n|inactive|Time left: 300 sec this turn | 300 sec total\n|\n|t:|1783571382\n|move|p2a: Gardevoir|Psyshock|p1a: Empoleon\n|-resisted|p1a: Empoleon\n|-damage|p1a: Empoleon|35/100\n|move|p1a: Empoleon|Surf|p2a: Gardevoir\n|-damage|p2a: Gardevoir|0 fnt\n|faint|p2a: Gardevoir\n|\n|-heal|p1a: Empoleon|41/100|[from] item: Leftovers\n|upkeep\n|inactive|Time left: 300 sec this turn | 300 sec total | 5 sec grace\n|\n|t:|1783571383\n|switch|p2a: Porygon2|Porygon2, L81|270/270\n|-damage|p2a: Porygon2|237/270|[from] Stealth Rock\n|-ability|p2a: Porygon2|Download|boost\n|-boost|p2a: Porygon2|atk|1\n|turn|20\n|inactive|Time left: 300 sec this turn | 300 sec total\n|\n|t:|1783571384\n|move|p1a: Empoleon|Roost|p1a: Empoleon\n|-heal|p1a: Empoleon|91/100\n|-singleturn|p1a: Empoleon|move: Roost\n|move|p2a: Porygon2|Discharge|p1a: Empoleon\n|-supereffective|p1a: Empoleon\n|-damage|p1a: Empoleon|52/100\n|\n|-heal|p1a: Empoleon|58/100|[from] item: Leftovers\n|upkeep\n|turn|21\n|inactive|Time left: 300 sec this turn | 300 sec total\n|\n|t:|1783571385\n|move|p1a: Empoleon|Roost|p1a: Empoleon\n|-heal|p1a: Empoleon|100/100\n|-singleturn|p1a: Empoleon|move: Roost\n|move|p2a: Porygon2|Discharge|p1a: Empoleon\n|-supereffective|p1a: Empoleon\n|-damage|p1a: Empoleon|60/100\n|-status|p1a: Empoleon|par\n|\n|-heal|p1a: Empoleon|66/100 par|[from] item: Leftovers\n|upkeep\n|turn|22\n|inactive|Time left: 300 sec this turn | 300 sec total\n|\n|t:|1783571386\n|move|p2a: Porygon2|Discharge|p1a: Empoleon\n|-supereffective|p1a: Empoleon\n|-damage|p1a: Empoleon|32/100 par\n|move|p1a: Empoleon|Roost|p1a: Empoleon\n|-heal|p1a: Empoleon|82/100 par\n|-singleturn|p1a: Empoleon|move: Roost\n|\n|-heal|p1a: Empoleon|88/100 par|[from] item: Leftovers\n|upkeep\n|turn|23\n|inactive|Time left: 300 sec this turn | 300 sec total\n|\n|t:|1783571387\n|move|p2a: Porygon2|Discharge|p1a: Empoleon\n|-supereffective|p1a: Empoleon\n|-damage|p1a: Empoleon|52/100 par\n|cant|p1a: Empoleon|par\n|\n|-heal|p1a: Empoleon|58/100 par|[from] item: Leftovers\n|upkeep\n|turn|24\n|inactive|Time left: 300 sec this turn | 300 sec total\n|\n|t:|1783571389\n|move|p2a: Porygon2|Discharge|p1a: Empoleon\n|-supereffective|p1a: Empoleon\n|-damage|p1a: Empoleon|19/100 par\n|move|p1a: Empoleon|Roost|p1a: Empoleon\n|-heal|p1a: Empoleon|69/100 par\n|-singleturn|p1a: Empoleon|move: Roost\n|\n|-heal|p1a: Empoleon|75/100 par|[from] item: Leftovers\n|upkeep\n|turn|25\n|inactive|Time left: 300 sec this turn | 300 sec total\n|\n|t:|1783571390\n|move|p2a: Porygon2|Discharge|p1a: Empoleon\n|-supereffective|p1a: Empoleon\n|-damage|p1a: Empoleon|38/100 par\n|move|p1a: Empoleon|Surf|p2a: Porygon2\n|-damage|p2a: Porygon2|143/270\n|\n|-heal|p1a: Empoleon|44/100 par|[from] item: Leftovers\n|upkeep\n|turn|26\n|inactive|Time left: 300 sec this turn | 300 sec total\n|\n|t:|1783571391\n|move|p2a: Porygon2|Discharge|p1a: Empoleon\n|-supereffective|p1a: Empoleon\n|-damage|p1a: Empoleon|4/100 par\n|cant|p1a: Empoleon|par\n|\n|-heal|p1a: Empoleon|11/100 par|[from] item: Leftovers\n|upkeep\n|turn|27\n|inactive|Time left: 300 sec this turn | 300 sec total\n|\n|t:|1783571392\n|move|p2a: Porygon2|Tri Attack|p1a: Empoleon\n|-resisted|p1a: Empoleon\n|-damage|p1a: Empoleon|0 fnt\n|faint|p1a: Empoleon\n|\n|upkeep\n|\n|t:|1783571393\n|switch|p1a: Meowstic|Meowstic, L89, M|75/100\n|turn|28\n|inactive|Time left: 300 sec this turn | 300 sec total\n|\n|t:|1783571394\n|move|p1a: Meowstic|Light Screen|p1a: Meowstic\n|-sidestart|p1: p0x27193f72|move: Light Screen\n|move|p2a: Porygon2|Recover|p2a: Porygon2\n|-heal|p2a: Porygon2|270/270\n|\n|upkeep\n|turn|29\n|inactive|Time left: 300 sec this turn | 300 sec total\n|\n|t:|1783571395\n|move|p1a: Meowstic|Reflect|p1a: Meowstic\n|-sidestart|p1: p0x27193f72|Reflect\n|move|p2a: Porygon2|Ice Beam|p1a: Meowstic\n|-damage|p1a: Meowstic|64/100\n|\n|upkeep\n|turn|30\n|inactive|Time left: 300 sec this turn | 300 sec total\n|\n|t:|1783571396\n|switch|p1a: Raging Bolt|Raging Bolt, L78|100/100\n|move|p2a: Porygon2|Ice Beam|p1a: Raging Bolt\n|-supereffective|p1a: Raging Bolt\n|-damage|p1a: Raging Bolt|80/100\n|\n|upkeep\n|turn|31\n|inactive|Time left: 300 sec this turn | 300 sec total\n|\n|t:|1783571397\n|move|p1a: Raging Bolt|Calm Mind|p1a: Raging Bolt\n|-boost|p1a: Raging Bolt|spa|1\n|-boost|p1a: Raging Bolt|spd|1\n|move|p2a: Porygon2|Ice Beam|p1a: Raging Bolt\n|-supereffective|p1a: Raging Bolt\n|-damage|p1a: Raging Bolt|65/100\n|\n|upkeep\n|turn|32\n|inactive|Time left: 300 sec this turn | 300 sec total\n|\n|t:|1783571398\n|move|p1a: Raging Bolt|Calm Mind|p1a: Raging Bolt\n|-boost|p1a: Raging Bolt|spa|1\n|-boost|p1a: Raging Bolt|spd|1\n|move|p2a: Porygon2|Tri Attack|p1a: Raging Bolt\n|-damage|p1a: Raging Bolt|58/100\n|-status|p1a: Raging Bolt|frz\n|\n|-sideend|p1: p0x27193f72|move: Light Screen\n|upkeep\n|turn|33\n|inactive|Time left: 300 sec this turn | 300 sec total\n|\n|t:|1783571399\n|cant|p1a: Raging Bolt|frz\n|move|p2a: Porygon2|Tri Attack|p1a: Raging Bolt\n|-damage|p1a: Raging Bolt|44/100 frz\n|\n|-sideend|p1: p0x27193f72|Reflect\n|upkeep\n|turn|34\n|inactive|Time left: 300 sec this turn | 300 sec total\n|\n|t:|1783571400\n|-curestatus|p1a: Raging Bolt|frz|[msg]\n|move|p1a: Raging Bolt|Thunderbolt|p2a: Porygon2\n|-damage|p2a: Porygon2|131/270\n|move|p2a: Porygon2|Ice Beam|p1a: Raging Bolt\n|-supereffective|p1a: Raging Bolt\n|-damage|p1a: Raging Bolt|23/100\n|\n|upkeep\n|turn|35\n|inactive|Time left: 300 sec this turn | 300 sec total\n|\n|t:|1783571401\n|move|p1a: Raging Bolt|Thunderbolt|p2a: Porygon2\n|-damage|p2a: Porygon2|0 fnt\n|faint|p2a: Porygon2\n|\n|upkeep\n|inactive|Time left: 300 sec this turn | 300 sec total | 5 sec grace\n|\n|t:|1783571402\n|switch|p2a: Grumpig|Grumpig, L92, M|297/297\n|-damage|p2a: Grumpig|260/297|[from] Stealth Rock\n|turn|36\n|inactive|Time left: 300 sec this turn | 300 sec total\n|\n|t:|1783571403\n|-terastallize|p2a: Grumpig|Fairy\n|move|p2a: Grumpig|Dazzling Gleam|p1a: Raging Bolt\n|-supereffective|p1a: Raging Bolt\n|-damage|p1a: Raging Bolt|0 fnt\n|faint|p1a: Raging Bolt\n|-end|p1a: Raging Bolt|Protosynthesis|[silent]\n|\n|-heal|p2a: Grumpig|278/297|[from] item: Leftovers\n|upkeep\n|\n|t:|1783571404\n|switch|p1a: Pincurchin|Pincurchin, F|100/100\n|-fieldstart|move: Electric Terrain|[from] ability: Electric Surge|[of] p1a: Pincurchin\n|turn|37\n|inactive|Time left: 300 sec this turn | 300 sec total\n|\n|t:|1783571405\n|move|p2a: Grumpig|Nasty Plot|p2a: Grumpig\n|-boost|p2a: Grumpig|spa|2\n|move|p1a: Pincurchin|Zing Zap|p2a: Grumpig\n|-damage|p2a: Grumpig|106/297\n|\n|-heal|p2a: Grumpig|124/297|[from] item: Leftovers\n|upkeep\n|turn|38\n|inactive|Time left: 300 sec this turn | 300 sec total\n|\n|t:|1783571405\n|move|p2a: Grumpig|Psychic|p1a: Pincurchin\n|-damage|p1a: Pincurchin|32/100\n|move|p1a: Pincurchin|Zing Zap|p2a: Grumpig\n|-damage|p2a: Grumpig|0 fnt\n|faint|p2a: Grumpig\n|\n|-heal|p1a: Pincurchin|38/100|[from] item: Leftovers\n|upkeep\n|inactive|Time left: 300 sec this turn | 300 sec total | 5 sec grace\n|\n|t:|1783571406\n|switch|p2a: Kingdra|Kingdra, L84, F|263/263\n|-damage|p2a: Kingdra|231/263|[from] Stealth Rock\n|turn|39\n|inactive|Time left: 300 sec this turn | 300 sec total\n|\n|t:|1783571407\n|move|p2a: Kingdra|Wave Crash|p1a: Pincurchin\n|-damage|p1a: Pincurchin|0 fnt\n|faint|p1a: Pincurchin\n|-damage|p2a: Kingdra|199/263|[from] Recoil\n|-damage|p2a: Kingdra|173/263|[from] item: Life Orb\n|\n|upkeep\n|\n|t:|1783571407\n|switch|p1a: Meowstic|Meowstic, L89, M|64/100\n|turn|40\n|inactive|Time left: 300 sec this turn | 300 sec total\n|\n|t:|1783571408\n|move|p1a: Meowstic|Reflect|p1a: Meowstic\n|-sidestart|p1: p0x27193f72|Reflect\n|move|p2a: Kingdra|Wave Crash|p1a: Meowstic\n|-damage|p1a: Meowstic|34/100\n|-damage|p2a: Kingdra|145/263|[from] Recoil\n|-damage|p2a: Kingdra|119/263|[from] item: Life Orb\n|\n|upkeep\n|turn|41\n|inactive|Time left: 300 sec this turn | 300 sec total\n|\n|t:|1783571409\n|switch|p2a: Klefki|Klefki, L84, F|233/233\n|-damage|p2a: Klefki|219/233|[from] Stealth Rock\n|-terastallize|p1a: Meowstic|Fairy\n|move|p1a: Meowstic|Alluring Voice|p2a: Klefki\n|-resisted|p2a: Klefki\n|-damage|p2a: Klefki|180/233\n|\n|-heal|p2a: Klefki|194/233|[from] item: Leftovers\n|-fieldend|move: Electric Terrain\n|upkeep\n|turn|42\n|inactive|Time left: 300 sec this turn | 300 sec total\n|\n|t:|1783571410\n|move|p2a: Klefki|Thunder Wave|p1a: Meowstic\n|-status|p1a: Meowstic|par\n|move|p1a: Meowstic|Alluring Voice|p2a: Klefki\n|-resisted|p2a: Klefki\n|-damage|p2a: Klefki|150/233\n|\n|-heal|p2a: Klefki|164/233|[from] item: Leftovers\n|upkeep\n|turn|43\n|inactive|Time left: 300 sec this turn | 300 sec total\n|\n|t:|1783571411\n|cant|p1a: Meowstic|par\n|move|p2a: Klefki|Play Rough|p1a: Meowstic\n|-damage|p1a: Meowstic|19/100 par\n|\n|-heal|p2a: Klefki|178/233|[from] item: Leftovers\n|upkeep\n|turn|44\n|inactive|Time left: 300 sec this turn | 300 sec total\n|\n|t:|1783571411\n|move|p2a: Klefki|Spikes|p1a: Meowstic\n|-sidestart|p1: p0x27193f72|Spikes\n|move|p1a: Meowstic|Light Screen|p1a: Meowstic\n|-sidestart|p1: p0x27193f72|move: Light Screen\n|\n|-heal|p2a: Klefki|192/233|[from] item: Leftovers\n|-sideend|p1: p0x27193f72|Reflect\n|upkeep\n|turn|45\n|inactive|Time left: 300 sec this turn | 300 sec total\n|\n|t:|1783571412\n|move|p1a: Meowstic|Reflect|p1a: Meowstic\n|-sidestart|p1: p0x27193f72|Reflect\n|move|p2a: Klefki|Play Rough|p1a: Meowstic\n|-damage|p1a: Meowstic|4/100 par\n|\n|-heal|p2a: Klefki|206/233|[from] item: Leftovers\n|upkeep\n|turn|46\n|inactive|Time left: 300 sec this turn | 300 sec total\n|\n|t:|1783571413\n|move|p2a: Klefki|Play Rough|p1a: Meowstic\n|-damage|p1a: Meowstic|0 fnt\n|faint|p1a: Meowstic\n|\n|-heal|p2a: Klefki|220/233|[from] item: Leftovers\n|upkeep\n|\n|t:|1783571414\n|switch|p1a: Cryogonal|Cryogonal, L89|100/100\n|turn|47\n|inactive|Time left: 300 sec this turn | 300 sec total\n|\n|t:|1783571415\n|move|p1a: Cryogonal|Rapid Spin|p2a: Klefki\n|-resisted|p2a: Klefki\n|-damage|p2a: Klefki|209/233\n|-boost|p1a: Cryogonal|spe|1\n|-sideend|p1: p0x27193f72|Spikes|[from] move: Rapid Spin|[of] p1a: Cryogonal\n|move|p2a: Klefki|Play Rough|p1a: Cryogonal\n|-damage|p1a: Cryogonal|81/100\n|\n|-heal|p2a: Klefki|223/233|[from] item: Leftovers\n|upkeep\n|turn|48\n|inactive|Time left: 300 sec this turn | 300 sec total\n|\n|t:|1783571416\n|move|p1a: Cryogonal|Rapid Spin|p2a: Klefki\n|-resisted|p2a: Klefki\n|-damage|p2a: Klefki|210/233\n|-boost|p1a: Cryogonal|spe|1\n|move|p2a: Klefki|Play Rough|p1a: Cryogonal\n|-damage|p1a: Cryogonal|60/100\n|\n|-heal|p2a: Klefki|224/233|[from] item: Leftovers\n|-sideend|p1: p0x27193f72|move: Light Screen\n|upkeep\n|turn|49\n|inactive|Time left: 300 sec this turn | 300 sec total\n|\n|t:|1783571417\n|move|p2a: Klefki|Thunder Wave|p1a: Cryogonal\n|-status|p1a: Cryogonal|par\n|cant|p1a: Cryogonal|par\n|\n|-heal|p2a: Klefki|233/233|[from] item: Leftovers\n|-sideend|p1: p0x27193f72|Reflect\n|upkeep\n|turn|50\n|inactive|Time left: 300 sec this turn | 300 sec total\n|\n|t:|1783571418\n|move|p1a: Cryogonal|Recover|p1a: Cryogonal\n|-heal|p1a: Cryogonal|100/100 par\n|move|p2a: Klefki|Play Rough|p1a: Cryogonal\n|-damage|p1a: Cryogonal|63/100 par\n|\n|upkeep\n|turn|51\n|inactive|Time left: 300 sec this turn | 300 sec total\n|\n|t:|1783571419\n|move|p1a: Cryogonal|Recover|p1a: Cryogonal\n|-heal|p1a: Cryogonal|100/100 par\n|move|p2a: Klefki|Play Rough|p1a: Cryogonal\n|-damage|p1a: Cryogonal|63/100 par\n|\n|upkeep\n|turn|52\n|inactive|Time left: 300 sec this turn | 300 sec total\n|\n|t:|1783571421\n|cant|p1a: Cryogonal|par\n|move|p2a: Klefki|Play Rough|p1a: Cryogonal\n|-damage|p1a: Cryogonal|20/100 par\n|-unboost|p1a: Cryogonal|atk|1\n|\n|upkeep\n|turn|53\n|inactive|Time left: 300 sec this turn | 300 sec total\n|\n|t:|1783571422\n|move|p1a: Cryogonal|Recover|p1a: Cryogonal\n|-heal|p1a: Cryogonal|71/100 par\n|move|p2a: Klefki|Play Rough|p1a: Cryogonal\n|-damage|p1a: Cryogonal|30/100 par\n|\n|upkeep\n|turn|54\n|inactive|Time left: 300 sec this turn | 300 sec total\n|\n|t:|1783571423\n|move|p1a: Cryogonal|Recover|p1a: Cryogonal\n|-heal|p1a: Cryogonal|81/100 par\n|move|p2a: Klefki|Play Rough|p1a: Cryogonal\n|-damage|p1a: Cryogonal|39/100 par\n|\n|upkeep\n|turn|55\n|inactive|Time left: 300 sec this turn | 300 sec total\n|\n|t:|1783571424\n|move|p1a: Cryogonal|Recover|p1a: Cryogonal\n|-heal|p1a: Cryogonal|89/100 par\n|move|p2a: Klefki|Play Rough|p1a: Cryogonal\n|-damage|p1a: Cryogonal|48/100 par\n|\n|upkeep\n|turn|56\n|inactive|Time left: 300 sec this turn | 300 sec total\n|\n|t:|1783571425\n|move|p1a: Cryogonal|Recover|p1a: Cryogonal\n|-heal|p1a: Cryogonal|98/100 par\n|move|p2a: Klefki|Play Rough|p1a: Cryogonal\n|-damage|p1a: Cryogonal|58/100 par\n|\n|upkeep\n|turn|57\n|inactive|Time left: 300 sec this turn | 300 sec total\n|\n|t:|1783571426\n|move|p1a: Cryogonal|Recover|p1a: Cryogonal\n|-heal|p1a: Cryogonal|100/100 par\n|move|p2a: Klefki|Play Rough|p1a: Cryogonal|[miss]\n|-miss|p2a: Klefki|p1a: Cryogonal\n|\n|upkeep\n|turn|58\n|inactive|Time left: 300 sec this turn | 300 sec total\n|\n|t:|1783571427\n|move|p1a: Cryogonal|Ice Beam|p2a: Klefki\n|-resisted|p2a: Klefki\n|-damage|p2a: Klefki|182/233\n|move|p2a: Klefki|Play Rough|p1a: Cryogonal\n|-damage|p1a: Cryogonal|61/100 par\n|\n|-heal|p2a: Klefki|196/233|[from] item: Leftovers\n|upkeep\n|turn|59\n|inactive|Time left: 300 sec this turn | 300 sec total\n|\n|t:|1783571428\n|cant|p1a: Cryogonal|par\n|move|p2a: Klefki|Play Rough|p1a: Cryogonal\n|-crit|p1a: Cryogonal\n|-damage|p1a: Cryogonal|0 fnt\n|faint|p1a: Cryogonal\n|\n|-heal|p2a: Klefki|210/233|[from] item: Leftovers\n|upkeep\n|\n|t:|1783571429\n|switch|p1a: Vespiquen|Vespiquen, L99, F|1/100\n|-ability|p1a: Vespiquen|Pressure\n|turn|60\n|inactive|Time left: 300 sec this turn | 300 sec total\n|\n|t:|1783571429\n|move|p2a: Klefki|Play Rough|p1a: Vespiquen\n|-damage|p1a: Vespiquen|0 fnt\n|faint|p1a: Vespiquen\n|\n|win|p0y2719cb8f", "uploadtime": 1783571429, "views": 0, "rating": 0, "private": 0, "password": null, "_winner": "p0y2719cb8f", "_our_name": "p0y2719cb8f"}