{"id": "battle-gen9randombattle-2270", "formatid": "gen9randombattle", "format": "[Gen 9] Random Battle", "players": ["p0x22705257", "p0y22703a48"], "log": "|init|battle\n|title|p0x22705257 vs. p0y22703a48\n|j|\u2606p0x22705257\n|j|\u2606p0y22703a48\n|t:|1783566304\n|gametype|singles\n|player|p1|p0x22705257|169|\n|player|p2|p0y22703a48|2|\n|gen|9\n|tier|[Gen 9] Random Battle\n|rule|Species Clause: Limit one of each Pok\u00e9mon\n|rule|HP Percentage Mod: HP is shown in percentages\n|rule|Sleep Clause Mod: Limit one foe put to sleep\n|rule|Illusion Level Mod: Illusion disguises the Pok\u00e9mon's true level\n|\n|t:|1783566304\n|teamsize|p1|6\n|teamsize|p2|6\n|start\n|switch|p1a: Dedenne|Dedenne, L88, M|100/100\n|switch|p2a: Incineroar|Incineroar, L82, M|290/290\n|-ability|p2a: Incineroar|Intimidate|boost\n|-unboost|p1a: Dedenne|atk|1\n|turn|1\n|inactive|Battle timer is ON: inactive players will automatically lose when time's up. (requested by p0y22703a48)\n|inactive|p0x22705257 also wants the timer to be on.\n|\n|t:|1783566306\n|switch|p1a: Ursaluna|Ursaluna, L79, M|100/100\n|move|p2a: Incineroar|Knock Off|p1a: Ursaluna\n|-damage|p1a: Ursaluna|72/100\n|-enditem|p1a: Ursaluna|Flame Orb|[from] move: Knock Off|[of] p2a: Incineroar\n|\n|upkeep\n|turn|2\n|inactive|Time left: 300 sec this turn | 300 sec total\n|\n|t:|1783566307\n|switch|p2a: Wyrdeer|Wyrdeer, L87, F|321/321\n|-ability|p2a: Wyrdeer|Intimidate|boost\n|-unboost|p1a: Ursaluna|atk|1\n|move|p1a: Ursaluna|Headlong Rush|p2a: Wyrdeer\n|-damage|p2a: Wyrdeer|206/321\n|-unboost|p1a: Ursaluna|def|1\n|-unboost|p1a: Ursaluna|spd|1\n|\n|upkeep\n|turn|3\n|inactive|Time left: 300 sec this turn | 300 sec total\n|\n|t:|1783566308\n|switch|p1a: Mamoswine|Mamoswine, L81, F|100/100\n|move|p2a: Wyrdeer|Psychic Noise|p1a: Mamoswine\n|-damage|p1a: Mamoswine|63/100\n|-start|p1a: Mamoswine|move: Heal Block\n|\n|upkeep\n|turn|4\n|inactive|Time left: 300 sec this turn | 300 sec total\n|\n|t:|1783566309\n|switch|p2a: Keldeo|Keldeo-Resolute, L79|273/273\n|move|p1a: Mamoswine|Earthquake|p2a: Keldeo\n|-damage|p2a: Keldeo|98/273\n|-damage|p1a: Mamoswine|53/100|[from] item: Life Orb\n|\n|-end|p1a: Mamoswine|move: Heal Block\n|upkeep\n|turn|5\n|inactive|Time left: 300 sec this turn | 300 sec total\n|\n|t:|1783566310\n|switch|p1a: Dedenne|Dedenne, L88, M|100/100\n|move|p2a: Keldeo|Hydro Pump|p1a: Dedenne\n|-damage|p1a: Dedenne|21/100\n|-enditem|p1a: Dedenne|Sitrus Berry|[eat]\n|-heal|p1a: Dedenne|46/100|[from] item: Sitrus Berry\n|-heal|p1a: Dedenne|79/100|[from] ability: Cheek Pouch\n|-damage|p2a: Keldeo|71/273|[from] item: Life Orb\n|\n|upkeep\n|turn|6\n|inactive|Time left: 300 sec this turn | 300 sec total\n|\n|t:|1783566311\n|switch|p2a: Wyrdeer|Wyrdeer, L87, F|206/321\n|-ability|p2a: Wyrdeer|Intimidate|boost\n|-unboost|p1a: Dedenne|atk|1\n|move|p1a: Dedenne|Thunderbolt|p2a: Wyrdeer\n|-damage|p2a: Wyrdeer|143/321\n|-status|p2a: Wyrdeer|par\n|\n|upkeep\n|turn|7\n|inactive|Time left: 300 sec this turn | 300 sec total\n|\n|t:|1783566312\n|switch|p1a: Ursaluna|Ursaluna, L79, M|72/100\n|move|p2a: Wyrdeer|Psychic Noise|p1a: Ursaluna\n|-damage|p1a: Ursaluna|45/100\n|-start|p1a: Ursaluna|move: Heal Block\n|\n|upkeep\n|turn|8\n|inactive|Time left: 300 sec this turn | 300 sec total\n|\n|t:|1783566313\n|switch|p2a: Kleavor|Kleavor, L78, M|237/237\n|move|p1a: Ursaluna|Headlong Rush|p2a: Kleavor\n|-damage|p2a: Kleavor|83/237\n|-unboost|p1a: Ursaluna|def|1\n|-unboost|p1a: Ursaluna|spd|1\n|\n|-end|p1a: Ursaluna|move: Heal Block\n|upkeep\n|turn|9\n|inactive|Time left: 300 sec this turn | 300 sec total\n|\n|t:|1783566314\n|move|p2a: Kleavor|Stone Axe|p1a: Ursaluna\n|-resisted|p1a: Ursaluna\n|-damage|p1a: Ursaluna|19/100\n|-sidestart|p1: p0x22705257|move: Stealth Rock\n|move|p1a: Ursaluna|Headlong Rush|p2a: Kleavor\n|-damage|p2a: Kleavor|0 fnt\n|-unboost|p1a: Ursaluna|def|1\n|-unboost|p1a: Ursaluna|spd|1\n|faint|p2a: Kleavor\n|\n|upkeep\n|inactive|Time left: 300 sec this turn | 300 sec total | 5 sec grace\n|\n|t:|1783566316\n|switch|p2a: Dodrio|Dodrio, L85, M|241/241\n|turn|10\n|inactive|Time left: 300 sec this turn | 300 sec total\n|\n|t:|1783566317\n|move|p2a: Dodrio|Swords Dance|p2a: Dodrio\n|-boost|p2a: Dodrio|atk|2\n|move|p1a: Ursaluna|Trailblaze|p2a: Dodrio\n|-resisted|p2a: Dodrio\n|-damage|p2a: Dodrio|219/241\n|-boost|p1a: Ursaluna|spe|1\n|\n|upkeep\n|turn|11\n|inactive|Time left: 300 sec this turn | 300 sec total\n|\n|t:|1783566318\n|move|p2a: Dodrio|Knock Off|p1a: Ursaluna\n|-damage|p1a: Ursaluna|0 fnt\n|faint|p1a: Ursaluna\n|\n|upkeep\n|\n|t:|1783566319\n|switch|p1a: Copperajah|Copperajah, L86, M|100/100\n|-damage|p1a: Copperajah|94/100|[from] Stealth Rock\n|turn|12\n|inactive|Time left: 300 sec this turn | 300 sec total\n|\n|t:|1783566320\n|-terastallize|p2a: Dodrio|Ground\n|move|p2a: Dodrio|Drill Run|p1a: Copperajah\n|-supereffective|p1a: Copperajah\n|-crit|p1a: Copperajah\n|-damage|p1a: Copperajah|0 fnt\n|faint|p1a: Copperajah\n|\n|upkeep\n|\n|t:|1783566321\n|switch|p1a: Mamoswine|Mamoswine, L81, F|53/100\n|-damage|p1a: Mamoswine|40/100|[from] Stealth Rock\n|turn|13\n|inactive|Time left: 300 sec this turn | 300 sec total\n|\n|t:|1783566322\n|-terastallize|p1a: Mamoswine|Ice\n|move|p1a: Mamoswine|Ice Shard|p2a: Dodrio\n|-supereffective|p2a: Dodrio\n|-damage|p2a: Dodrio|1/241\n|-damage|p1a: Mamoswine|30/100|[from] item: Life Orb\n|move|p2a: Dodrio|Drill Run|p1a: Mamoswine\n|-damage|p1a: Mamoswine|0 fnt\n|faint|p1a: Mamoswine\n|\n|upkeep\n|\n|t:|1783566323\n|switch|p1a: Dedenne|Dedenne, L88, M|79/100\n|-damage|p1a: Dedenne|67/100|[from] Stealth Rock\n|turn|14\n|inactive|Time left: 300 sec this turn | 300 sec total\n|\n|t:|1783566324\n|switch|p1a: Uxie|Uxie, L83|100/100\n|-damage|p1a: Uxie|88/100|[from] Stealth Rock\n|move|p2a: Dodrio|Drill Run|p1a: Uxie\n|-immune|p1a: Uxie|[from] ability: Levitate\n|\n|-heal|p1a: Uxie|94/100|[from] item: Leftovers\n|upkeep\n|turn|15\n|inactive|Time left: 300 sec this turn | 300 sec total\n|\n|t:|1783566326\n|move|p2a: Dodrio|Knock Off|p1a: Uxie\n|-supereffective|p1a: Uxie\n|-damage|p1a: Uxie|0 fnt\n|-enditem|p1a: Uxie|Leftovers|[from] move: Knock Off|[of] p2a: Dodrio\n|faint|p1a: Uxie\n|\n|upkeep\n|\n|t:|1783566327\n|switch|p1a: Dedenne|Dedenne, L88, M|67/100\n|-damage|p1a: Dedenne|55/100|[from] Stealth Rock\n|turn|16\n|inactive|Time left: 300 sec this turn | 300 sec total\n|\n|t:|1783566328\n|move|p2a: Dodrio|Drill Run|p1a: Dedenne\n|-supereffective|p1a: Dedenne\n|-crit|p1a: Dedenne\n|-damage|p1a: Dedenne|0 fnt\n|faint|p1a: Dedenne\n|\n|upkeep\n|\n|t:|1783566329\n|switch|p1a: Emboar|Emboar, L84, M|100/100\n|-damage|p1a: Emboar|88/100|[from] Stealth Rock\n|turn|17\n|inactive|Time left: 300 sec this turn | 300 sec total\n|\n|t:|1783566330\n|move|p2a: Dodrio|Brave Bird|p1a: Emboar\n|-supereffective|p1a: Emboar\n|-damage|p1a: Emboar|0 fnt\n|faint|p1a: Emboar\n|-damage|p2a: Dodrio|0 fnt|[from] Recoil\n|faint|p2a: Dodrio\n|\n|win|p0y22703a48", "uploadtime": 1783566330, "views": 0, "rating": 0, "private": 0, "password": null, "_winner": "p0y22703a48", "_our_name": "p0y22703a48"}