{"id": "battle-gen9randombattle-1708", "formatid": "gen9randombattle", "format": "[Gen 9] Random Battle", "players": ["p0x17089d21", "p0y1708d9cb"], "log": "|init|battle\n|title|p0x17089d21 vs. p0y1708d9cb\n|j|\u2606p0x17089d21\n|j|\u2606p0y1708d9cb\n|t:|1783559789\n|gametype|singles\n|player|p1|p0x17089d21|265|\n|player|p2|p0y1708d9cb|1|\n|gen|9\n|tier|[Gen 9] Random Battle\n|rule|Species Clause: Limit one of each Pok\u00e9mon\n|rule|HP Percentage Mod: HP is shown in percentages\n|rule|Sleep Clause Mod: Limit one foe put to sleep\n|rule|Illusion Level Mod: Illusion disguises the Pok\u00e9mon's true level\n|\n|t:|1783559789\n|teamsize|p1|6\n|teamsize|p2|6\n|start\n|switch|p1a: Tentacruel|Tentacruel, L84, F|100/100\n|switch|p2a: Scovillain|Scovillain, L91, F|266/266\n|turn|1\n|inactive|Battle timer is ON: inactive players will automatically lose when time's up. (requested by p0y1708d9cb)\n|inactive|p0x17089d21 also wants the timer to be on.\n|\n|t:|1783559790\n|switch|p2a: Chansey|Chansey, L85, F|564/564\n|move|p1a: Tentacruel|Sludge Bomb|p2a: Chansey\n|-damage|p2a: Chansey|512/564\n|\n|upkeep\n|turn|2\n|inactive|Time left: 300 sec this turn | 300 sec total\n|\n|t:|1783559791\n|switch|p1a: Zekrom|Zekrom, L71|100/100\n|-ability|p1a: Zekrom|Teravolt\n|move|p2a: Chansey|Stealth Rock|p1a: Zekrom\n|-sidestart|p1: p0x17089d21|move: Stealth Rock\n|\n|upkeep\n|turn|3\n|inactive|Time left: 300 sec this turn | 300 sec total\n|\n|t:|1783559792\n|switch|p2a: Qwilfish|Qwilfish-Hisui, L83, F|244/244\n|-ability|p2a: Qwilfish|Intimidate|boost\n|-unboost|p1a: Zekrom|atk|1\n|move|p1a: Zekrom|Dragon Dance|p1a: Zekrom\n|-boost|p1a: Zekrom|atk|1\n|-boost|p1a: Zekrom|spe|1\n|\n|upkeep\n|turn|4\n|inactive|Time left: 300 sec this turn | 300 sec total\n|\n|t:|1783559793\n|move|p1a: Zekrom|Outrage|p2a: Qwilfish\n|-damage|p2a: Qwilfish|148/244\n|move|p2a: Qwilfish|Gunk Shot|p1a: Zekrom\n|-damage|p1a: Zekrom|54/100\n|\n|-heal|p1a: Zekrom|60/100|[from] item: Leftovers\n|upkeep\n|turn|5\n|inactive|Time left: 300 sec this turn | 300 sec total\n|\n|t:|1783559794\n|switch|p2a: Sinistcha|Sinistcha-Masterpiece, L83|254/254\n|move|p1a: Zekrom|Outrage|p2a: Sinistcha|[from] lockedmove\n|-damage|p2a: Sinistcha|143/254\n|\n|-heal|p1a: Zekrom|67/100|[from] item: Leftovers\n|-heal|p2a: Sinistcha|158/254|[from] item: Leftovers\n|upkeep\n|turn|6\n|inactive|Time left: 300 sec this turn | 300 sec total\n|\n|t:|1783559795\n|move|p1a: Zekrom|Outrage|p2a: Sinistcha|[from] lockedmove\n|-damage|p2a: Sinistcha|52/254\n|-start|p1a: Zekrom|confusion|[fatigue]\n|move|p2a: Sinistcha|Strength Sap|p1a: Zekrom\n|-unboost|p1a: Zekrom|atk|1\n|-heal|p2a: Sinistcha|254/254\n|\n|-heal|p1a: Zekrom|73/100|[from] item: Leftovers\n|upkeep\n|turn|7\n|inactive|Time left: 300 sec this turn | 300 sec total\n|\n|t:|1783559796\n|-activate|p1a: Zekrom|confusion\n|move|p1a: Zekrom|Dragon Dance|p1a: Zekrom\n|-boost|p1a: Zekrom|atk|1\n|-boost|p1a: Zekrom|spe|1\n|move|p2a: Sinistcha|Shadow Ball|p1a: Zekrom\n|-damage|p1a: Zekrom|31/100\n|\n|-heal|p1a: Zekrom|37/100|[from] item: Leftovers\n|upkeep\n|turn|8\n|inactive|Time left: 300 sec this turn | 300 sec total\n|\n|t:|1783559796\n|-activate|p1a: Zekrom|confusion\n|-damage|p1a: Zekrom|26/100|[from] confusion\n|move|p2a: Sinistcha|Shadow Ball|p1a: Zekrom\n|-damage|p1a: Zekrom|0 fnt\n|faint|p1a: Zekrom\n|\n|upkeep\n|\n|t:|1783559797\n|switch|p1a: Tentacruel|Tentacruel, L84, F|100/100\n|-damage|p1a: Tentacruel|88/100|[from] Stealth Rock\n|turn|9\n|inactive|Time left: 300 sec this turn | 300 sec total\n|\n|t:|1783559798\n|move|p1a: Tentacruel|Toxic|p2a: Sinistcha\n|-status|p2a: Sinistcha|tox\n|move|p2a: Sinistcha|Shadow Ball|p1a: Tentacruel\n|-damage|p1a: Tentacruel|57/100\n|\n|-heal|p1a: Tentacruel|63/100|[from] item: Leftovers\n|-damage|p2a: Sinistcha|239/254 tox|[from] psn\n|upkeep\n|turn|10\n|inactive|Time left: 300 sec this turn | 300 sec total\n|\n|t:|1783559799\n|switch|p2a: Qwilfish|Qwilfish-Hisui, L83, F|148/244\n|-ability|p2a: Qwilfish|Intimidate|boost\n|-unboost|p1a: Tentacruel|atk|1\n|move|p1a: Tentacruel|Sludge Bomb|p2a: Qwilfish\n|-resisted|p2a: Qwilfish\n|-damage|p2a: Qwilfish|111/244\n|\n|-heal|p1a: Tentacruel|69/100|[from] item: Leftovers\n|upkeep\n|turn|11\n|inactive|Time left: 300 sec this turn | 300 sec total\n|\n|t:|1783559800\n|move|p1a: Tentacruel|Rapid Spin|p2a: Qwilfish\n|-damage|p2a: Qwilfish|98/244\n|-boost|p1a: Tentacruel|spe|1\n|-sideend|p1: p0x17089d21|Stealth Rock|[from] move: Rapid Spin|[of] p1a: Tentacruel\n|move|p2a: Qwilfish|Crunch|p1a: Tentacruel\n|-damage|p1a: Tentacruel|28/100\n|\n|-heal|p1a: Tentacruel|34/100|[from] item: Leftovers\n|upkeep\n|turn|12\n|inactive|Time left: 300 sec this turn | 300 sec total\n|\n|t:|1783559801\n|move|p1a: Tentacruel|Surf|p2a: Qwilfish\n|-crit|p2a: Qwilfish\n|-damage|p2a: Qwilfish|0 fnt\n|faint|p2a: Qwilfish\n|\n|-heal|p1a: Tentacruel|41/100|[from] item: Leftovers\n|upkeep\n|inactive|Time left: 300 sec this turn | 300 sec total | 5 sec grace\n|\n|t:|1783559802\n|switch|p2a: Pikachu|Pikachu-Hoenn, L93, M|216/216\n|turn|13\n|inactive|Time left: 300 sec this turn | 300 sec total\n|\n|t:|1783559803\n|move|p1a: Tentacruel|Sludge Bomb|p2a: Pikachu\n|-damage|p2a: Pikachu|98/216\n|move|p2a: Pikachu|Volt Switch|p1a: Tentacruel\n|-supereffective|p1a: Tentacruel\n|-damage|p1a: Tentacruel|0 fnt\n|faint|p1a: Tentacruel\n|inactive|Time left: 300 sec this turn | 300 sec total | 5 sec grace\n|\n|t:|1783559804\n|switch|p2a: Scovillain|Scovillain, L91, F|266/266|[from] Volt Switch\n|\n|upkeep\n|\n|t:|1783559805\n|switch|p1a: Ampharos|Ampharos, L88, M|100/100\n|turn|14\n|inactive|Time left: 300 sec this turn | 300 sec total\n|\n|t:|1783559806\n|move|p2a: Scovillain|Energy Ball|p1a: Ampharos\n|-damage|p1a: Ampharos|63/100\n|move|p1a: Ampharos|Agility|p1a: Ampharos\n|-boost|p1a: Ampharos|spe|2\n|\n|upkeep\n|turn|15\n|inactive|Time left: 300 sec this turn | 300 sec total\n|\n|t:|1783559808\n|move|p1a: Ampharos|Focus Blast|p2a: Scovillain\n|-damage|p2a: Scovillain|105/266\n|-damage|p1a: Ampharos|53/100|[from] item: Life Orb\n|move|p2a: Scovillain|Energy Ball|p1a: Ampharos\n|-damage|p1a: Ampharos|17/100\n|\n|upkeep\n|turn|16\n|inactive|Time left: 300 sec this turn | 300 sec total\n|\n|t:|1783559809\n|move|p1a: Ampharos|Focus Blast|p2a: Scovillain\n|-damage|p2a: Scovillain|0 fnt\n|faint|p2a: Scovillain\n|-damage|p1a: Ampharos|7/100|[from] item: Life Orb\n|\n|upkeep\n|inactive|Time left: 300 sec this turn | 300 sec total | 5 sec grace\n|\n|t:|1783559810\n|switch|p2a: Chansey|Chansey, L85, F|512/564\n|turn|17\n|inactive|Time left: 300 sec this turn | 300 sec total\n|\n|t:|1783559811\n|switch|p1a: Gliscor|Gliscor, L76, F|100/100\n|move|p2a: Chansey|Stealth Rock|p1a: Gliscor\n|-sidestart|p1: p0x17089d21|move: Stealth Rock\n|\n|-status|p1a: Gliscor|tox|[from] item: Toxic Orb\n|upkeep\n|turn|18\n|inactive|Time left: 300 sec this turn | 300 sec total\n|\n|t:|1783559812\n|switch|p2a: Sinistcha|Sinistcha-Masterpiece, L83|239/254 tox\n|move|p1a: Gliscor|Knock Off|p2a: Sinistcha\n|-supereffective|p2a: Sinistcha\n|-damage|p2a: Sinistcha|141/254 tox\n|-enditem|p2a: Sinistcha|Leftovers|[from] move: Knock Off|[of] p1a: Gliscor\n|\n|-damage|p2a: Sinistcha|126/254 tox|[from] psn\n|upkeep\n|turn|19\n|inactive|Time left: 300 sec this turn | 300 sec total\n|\n|t:|1783559813\n|move|p1a: Gliscor|Protect|p1a: Gliscor\n|-singleturn|p1a: Gliscor|Protect\n|move|p2a: Sinistcha|Strength Sap|p1a: Gliscor\n|-activate|p1a: Gliscor|move: Protect\n|\n|-damage|p2a: Sinistcha|96/254 tox|[from] psn\n|upkeep\n|turn|20\n|inactive|Time left: 300 sec this turn | 300 sec total\n|\n|t:|1783559814\n|move|p1a: Gliscor|Earthquake|p2a: Sinistcha\n|-resisted|p2a: Sinistcha\n|-damage|p2a: Sinistcha|61/254 tox\n|move|p2a: Sinistcha|Strength Sap|p1a: Gliscor\n|-unboost|p1a: Gliscor|atk|1\n|-heal|p2a: Sinistcha|249/254 tox\n|\n|-damage|p2a: Sinistcha|204/254 tox|[from] psn\n|upkeep\n|turn|21\n|inactive|Time left: 300 sec this turn | 300 sec total\n|\n|t:|1783559815\n|move|p1a: Gliscor|Knock Off|p2a: Sinistcha\n|-supereffective|p2a: Sinistcha\n|-damage|p2a: Sinistcha|154/254 tox\n|move|p2a: Sinistcha|Matcha Gotcha|p1a: Gliscor\n|-damage|p1a: Gliscor|47/100 tox\n|-heal|p2a: Sinistcha|218/254 tox|[from] drain|[of] p1a: Gliscor\n|\n|-heal|p1a: Gliscor|59/100 tox|[from] ability: Poison Heal\n|-damage|p2a: Sinistcha|158/254 tox|[from] psn\n|upkeep\n|turn|22\n|inactive|Time left: 300 sec this turn | 300 sec total\n|\n|t:|1783559816\n|move|p1a: Gliscor|Protect|p1a: Gliscor\n|-singleturn|p1a: Gliscor|Protect\n|move|p2a: Sinistcha|Matcha Gotcha|p1a: Gliscor\n|-activate|p1a: Gliscor|move: Protect\n|\n|-heal|p1a: Gliscor|72/100 tox|[from] ability: Poison Heal\n|-damage|p2a: Sinistcha|83/254 tox|[from] psn\n|upkeep\n|turn|23\n|inactive|Time left: 300 sec this turn | 300 sec total\n|\n|t:|1783559817\n|move|p1a: Gliscor|Earthquake|p2a: Sinistcha\n|-resisted|p2a: Sinistcha\n|-damage|p2a: Sinistcha|57/254 tox\n|move|p2a: Sinistcha|Matcha Gotcha|p1a: Gliscor\n|-damage|p1a: Gliscor|19/100 tox\n|-heal|p2a: Sinistcha|120/254 tox|[from] drain|[of] p1a: Gliscor\n|\n|-heal|p1a: Gliscor|31/100 tox|[from] ability: Poison Heal\n|-damage|p2a: Sinistcha|30/254 tox|[from] psn\n|upkeep\n|turn|24\n|inactive|Time left: 300 sec this turn | 300 sec total\n|\n|t:|1783559818\n|move|p1a: Gliscor|Protect|p1a: Gliscor\n|-singleturn|p1a: Gliscor|Protect\n|move|p2a: Sinistcha|Shadow Ball|p1a: Gliscor\n|-activate|p1a: Gliscor|move: Protect\n|\n|-heal|p1a: Gliscor|43/100 tox|[from] ability: Poison Heal\n|-damage|p2a: Sinistcha|0 fnt|[from] psn\n|faint|p2a: Sinistcha\n|upkeep\n|inactive|Time left: 300 sec this turn | 300 sec total | 5 sec grace\n|\n|t:|1783559819\n|switch|p2a: Flamigo|Flamigo, L82, F|269/269\n|turn|25\n|inactive|Time left: 300 sec this turn | 300 sec total\n|\n|t:|1783559820\n|switch|p1a: Hippowdon|Hippowdon, L82, M|100/100\n|-damage|p1a: Hippowdon|94/100|[from] Stealth Rock\n|-weather|Sandstorm|[from] ability: Sand Stream|[of] p1a: Hippowdon\n|move|p2a: Flamigo|Swords Dance|p2a: Flamigo\n|-boost|p2a: Flamigo|atk|2\n|\n|-weather|Sandstorm|[upkeep]\n|-damage|p2a: Flamigo|253/269|[from] Sandstorm\n|upkeep\n|turn|26\n|inactive|Time left: 300 sec this turn | 300 sec total\n|\n|t:|1783559821\n|move|p2a: Flamigo|Close Combat|p1a: Hippowdon\n|-crit|p1a: Hippowdon\n|-damage|p1a: Hippowdon|0 fnt\n|-unboost|p2a: Flamigo|def|1\n|-unboost|p2a: Flamigo|spd|1\n|-damage|p2a: Flamigo|209/269|[from] item: Rocky Helmet|[of] p1a: Hippowdon\n|faint|p1a: Hippowdon\n|-damage|p2a: Flamigo|183/269|[from] item: Life Orb\n|\n|-weather|Sandstorm|[upkeep]\n|-damage|p2a: Flamigo|167/269|[from] Sandstorm\n|upkeep\n|\n|t:|1783559822\n|switch|p1a: Tauros|Tauros, L82, M|100/100\n|-damage|p1a: Tauros|88/100|[from] Stealth Rock\n|turn|27\n|inactive|Time left: 300 sec this turn | 300 sec total\n|\n|t:|1783559822\n|-terastallize|p2a: Flamigo|Steel\n|move|p1a: Tauros|Body Slam|p2a: Flamigo\n|-resisted|p2a: Flamigo\n|-damage|p2a: Flamigo|47/269\n|move|p2a: Flamigo|Close Combat|p1a: Tauros\n|-supereffective|p1a: Tauros\n|-crit|p1a: Tauros\n|-damage|p1a: Tauros|0 fnt\n|-unboost|p2a: Flamigo|def|1\n|-unboost|p2a: Flamigo|spd|1\n|faint|p1a: Tauros\n|-damage|p2a: Flamigo|21/269|[from] item: Life Orb\n|\n|-weather|Sandstorm|[upkeep]\n|upkeep\n|\n|t:|1783559823\n|switch|p1a: Gliscor|Gliscor, L76, F|43/100 tox\n|-damage|p1a: Gliscor|31/100 tox|[from] Stealth Rock\n|turn|28\n|inactive|Time left: 300 sec this turn | 300 sec total\n|\n|t:|1783559824\n|switch|p1a: Ampharos|Ampharos, L88, M|7/100\n|-damage|p1a: Ampharos|0 fnt|[from] Stealth Rock\n|faint|p1a: Ampharos\n|move|p2a: Flamigo|Brave Bird|p1: Ampharos|[notarget]\n|-fail|p2a: Flamigo\n|\n|-weather|Sandstorm|[upkeep]\n|upkeep\n|\n|t:|1783559824\n|switch|p1a: Gliscor|Gliscor, L76, F|31/100 tox\n|-damage|p1a: Gliscor|19/100 tox|[from] Stealth Rock\n|turn|29\n|inactive|Time left: 300 sec this turn | 300 sec total\n|\n|t:|1783559825\n|-terastallize|p1a: Gliscor|Water\n|move|p1a: Gliscor|Protect|p1a: Gliscor\n|-singleturn|p1a: Gliscor|Protect\n|move|p2a: Flamigo|Brave Bird|p1a: Gliscor\n|-activate|p1a: Gliscor|move: Protect\n|\n|-weather|none\n|-heal|p1a: Gliscor|31/100 tox|[from] ability: Poison Heal\n|upkeep\n|turn|30\n|inactive|Time left: 300 sec this turn | 300 sec total\n|\n|t:|1783559826\n|move|p1a: Gliscor|Protect|p1a: Gliscor\n|-singleturn|p1a: Gliscor|Protect\n|move|p2a: Flamigo|Close Combat|p1a: Gliscor\n|-activate|p1a: Gliscor|move: Protect\n|\n|-heal|p1a: Gliscor|43/100 tox|[from] ability: Poison Heal\n|upkeep\n|turn|31\n|inactive|Time left: 300 sec this turn | 300 sec total\n|\n|t:|1783559826\n|move|p1a: Gliscor|Protect||[still]\n|-fail|p1a: Gliscor\n|move|p2a: Flamigo|Close Combat|p1a: Gliscor\n|-damage|p1a: Gliscor|0 fnt\n|-unboost|p2a: Flamigo|def|1\n|-unboost|p2a: Flamigo|spd|1\n|faint|p1a: Gliscor\n|-damage|p2a: Flamigo|0 fnt|[from] item: Life Orb\n|faint|p2a: Flamigo\n|\n|win|p0y1708d9cb", "uploadtime": 1783559826, "views": 0, "rating": 0, "private": 0, "password": null, "_winner": "p0y1708d9cb", "_our_name": "p0y1708d9cb"}