{"id": "battle-gen9randombattle-2874", "formatid": "gen9randombattle", "format": "[Gen 9] Random Battle", "players": ["p0x2874b0ee", "p0y28742016"], "log": "|init|battle\n|title|p0x2874b0ee vs. p0y28742016\n|j|\u2606p0x2874b0ee\n|j|\u2606p0y28742016\n|t:|1783573111\n|gametype|singles\n|player|p1|p0x2874b0ee|1|\n|player|p2|p0y28742016|1|\n|gen|9\n|tier|[Gen 9] Random Battle\n|rule|Species Clause: Limit one of each Pok\u00e9mon\n|rule|HP Percentage Mod: HP is shown in percentages\n|rule|Sleep Clause Mod: Limit one foe put to sleep\n|rule|Illusion Level Mod: Illusion disguises the Pok\u00e9mon's true level\n|\n|t:|1783573111\n|teamsize|p1|6\n|teamsize|p2|6\n|start\n|switch|p1a: Jolteon|Jolteon, L84, F|246/246\n|switch|p2a: Oricorio|Oricorio-Pom-Pom, L82, M|100/100\n|turn|1\n|inactive|Battle timer is ON: inactive players will automatically lose when time's up. (requested by p0x2874b0ee)\n|inactive|p0y28742016 also wants the timer to be on.\n|\n|t:|1783573112\n|move|p1a: Jolteon|Calm Mind|p1a: Jolteon\n|-boost|p1a: Jolteon|spa|1\n|-boost|p1a: Jolteon|spd|1\n|move|p2a: Oricorio|Quiver Dance|p2a: Oricorio\n|-boost|p2a: Oricorio|spa|1\n|-boost|p2a: Oricorio|spd|1\n|-boost|p2a: Oricorio|spe|1\n|\n|upkeep\n|turn|2\n|inactive|Time left: 300 sec this turn | 300 sec total\n|\n|t:|1783573114\n|move|p2a: Oricorio|Quiver Dance|p2a: Oricorio\n|-boost|p2a: Oricorio|spa|1\n|-boost|p2a: Oricorio|spd|1\n|-boost|p2a: Oricorio|spe|1\n|move|p1a: Jolteon|Calm Mind|p1a: Jolteon\n|-boost|p1a: Jolteon|spa|1\n|-boost|p1a: Jolteon|spd|1\n|\n|upkeep\n|turn|3\n|inactive|Time left: 300 sec this turn | 300 sec total\n|\n|t:|1783573115\n|move|p2a: Oricorio|Quiver Dance|p2a: Oricorio\n|-boost|p2a: Oricorio|spa|1\n|-boost|p2a: Oricorio|spd|1\n|-boost|p2a: Oricorio|spe|1\n|move|p1a: Jolteon|Alluring Voice|p2a: Oricorio\n|-damage|p2a: Oricorio|71/100\n|-start|p2a: Oricorio|confusion\n|-damage|p1a: Jolteon|222/246|[from] item: Life Orb\n|\n|upkeep\n|turn|4\n|inactive|Time left: 300 sec this turn | 300 sec total\n|\n|t:|1783573116\n|-terastallize|p2a: Oricorio|Ground\n|-activate|p2a: Oricorio|confusion\n|move|p2a: Oricorio|Revelation Dance|p1a: Jolteon\n|-supereffective|p1a: Jolteon\n|-damage|p1a: Jolteon|4/246\n|move|p1a: Jolteon|Shadow Ball|p2a: Oricorio\n|-damage|p2a: Oricorio|41/100\n|-damage|p1a: Jolteon|0 fnt|[from] item: Life Orb\n|faint|p1a: Jolteon\n|\n|upkeep\n|inactive|Time left: 300 sec this turn | 300 sec total | 5 sec grace\n|\n|t:|1783573116\n|switch|p1a: Chesnaught|Chesnaught, L84, F|285/285\n|turn|5\n|inactive|Time left: 300 sec this turn | 300 sec total\n|\n|t:|1783573118\n|-end|p2a: Oricorio|confusion\n|move|p2a: Oricorio|Hurricane|p1a: Chesnaught\n|-supereffective|p1a: Chesnaught\n|-damage|p1a: Chesnaught|0 fnt\n|faint|p1a: Chesnaught\n|\n|upkeep\n|inactive|Time left: 300 sec this turn | 300 sec total | 5 sec grace\n|\n|t:|1783573118\n|switch|p1a: Spidops|Spidops, L96, M|271/271\n|turn|6\n|inactive|Time left: 300 sec this turn | 300 sec total\n|\n|t:|1783573119\n|move|p2a: Oricorio|Hurricane|p1a: Spidops|[miss]\n|-miss|p2a: Oricorio|p1a: Spidops\n|move|p1a: Spidops|Knock Off|p2a: Oricorio\n|-damage|p2a: Oricorio|5/100\n|-enditem|p2a: Oricorio|Heavy-Duty Boots|[from] move: Knock Off|[of] p1a: Spidops\n|\n|upkeep\n|turn|7\n|inactive|Time left: 300 sec this turn | 300 sec total\n|\n|t:|1783573120\n|move|p2a: Oricorio|Hurricane|p1a: Spidops\n|-supereffective|p1a: Spidops\n|-damage|p1a: Spidops|0 fnt\n|faint|p1a: Spidops\n|\n|upkeep\n|inactive|Time left: 300 sec this turn | 300 sec total | 5 sec grace\n|\n|t:|1783573121\n|switch|p1a: Seviper|Seviper, L93, M|287/287\n|turn|8\n|inactive|Time left: 300 sec this turn | 300 sec total\n|\n|t:|1783573122\n|-terastallize|p1a: Seviper|Grass\n|move|p2a: Oricorio|Hurricane|p1a: Seviper|[miss]\n|-miss|p2a: Oricorio|p1a: Seviper\n|move|p1a: Seviper|Trailblaze|p2a: Oricorio\n|-supereffective|p2a: Oricorio\n|-damage|p2a: Oricorio|0 fnt\n|-boost|p1a: Seviper|spe|1\n|faint|p2a: Oricorio\n|\n|upkeep\n|\n|t:|1783573123\n|switch|p2a: Lapras|Lapras, L87, F|100/100\n|turn|9\n|inactive|Time left: 300 sec this turn | 300 sec total\n|\n|t:|1783573123\n|move|p1a: Seviper|Trailblaze|p2a: Lapras\n|-supereffective|p2a: Lapras\n|-damage|p2a: Lapras|56/100\n|-boost|p1a: Seviper|spe|1\n|move|p2a: Lapras|Icicle Spear|p1a: Seviper\n|-supereffective|p1a: Seviper\n|-crit|p1a: Seviper\n|-damage|p1a: Seviper|191/287\n|-supereffective|p1a: Seviper\n|-damage|p1a: Seviper|131/287\n|-supereffective|p1a: Seviper\n|-damage|p1a: Seviper|71/287\n|-supereffective|p1a: Seviper\n|-damage|p1a: Seviper|5/287\n|-hitcount|p1a: Seviper|4\n|\n|-heal|p1a: Seviper|22/287|[from] item: Leftovers\n|upkeep\n|turn|10\n|inactive|Time left: 300 sec this turn | 300 sec total\n|\n|t:|1783573124\n|move|p1a: Seviper|Trailblaze|p2a: Lapras\n|-supereffective|p2a: Lapras\n|-damage|p2a: Lapras|12/100\n|-boost|p1a: Seviper|spe|1\n|move|p2a: Lapras|Earthquake|p1a: Seviper\n|-resisted|p1a: Seviper\n|-damage|p1a: Seviper|0 fnt\n|faint|p1a: Seviper\n|\n|upkeep\n|inactive|Time left: 300 sec this turn | 300 sec total | 5 sec grace\n|\n|t:|1783573125\n|switch|p1a: Sawsbuck|Sawsbuck-Autumn, L88, F|284/284\n|turn|11\n|inactive|Time left: 300 sec this turn | 300 sec total\n|\n|t:|1783573126\n|switch|p2a: Mandibuzz|Mandibuzz, L85, F|100/100\n|move|p1a: Sawsbuck|Headbutt|p2a: Mandibuzz\n|-damage|p2a: Mandibuzz|70/100\n|-damage|p1a: Sawsbuck|256/284|[from] item: Life Orb\n|\n|upkeep\n|turn|12\n|inactive|Time left: 300 sec this turn | 300 sec total\n|\n|t:|1783573127\n|move|p1a: Sawsbuck|Headbutt|p2a: Mandibuzz\n|-damage|p2a: Mandibuzz|39/100\n|-damage|p1a: Sawsbuck|228/284|[from] item: Life Orb\n|cant|p2a: Mandibuzz|flinch\n|\n|upkeep\n|turn|13\n|inactive|Time left: 300 sec this turn | 300 sec total\n|\n|t:|1783573128\n|move|p1a: Sawsbuck|Headbutt|p2a: Mandibuzz\n|-damage|p2a: Mandibuzz|12/100\n|-damage|p1a: Sawsbuck|200/284|[from] item: Life Orb\n|cant|p2a: Mandibuzz|flinch\n|\n|upkeep\n|turn|14\n|inactive|Time left: 300 sec this turn | 300 sec total\n|\n|t:|1783573129\n|switch|p2a: Cobalion|Cobalion, L80|100/100\n|move|p1a: Sawsbuck|Horn Leech|p2a: Cobalion\n|-resisted|p2a: Cobalion\n|-damage|p2a: Cobalion|83/100\n|-heal|p1a: Sawsbuck|224/284|[from] drain|[of] p2a: Cobalion\n|-damage|p1a: Sawsbuck|196/284|[from] item: Life Orb\n|\n|-heal|p2a: Cobalion|89/100|[from] item: Leftovers\n|upkeep\n|turn|15\n|inactive|Time left: 300 sec this turn | 300 sec total\n|\n|t:|1783573130\n|switch|p1a: Gengar|Gengar, L81, F|230/230\n|move|p2a: Cobalion|Close Combat|p1a: Gengar\n|-immune|p1a: Gengar\n|\n|-heal|p2a: Cobalion|95/100|[from] item: Leftovers\n|upkeep\n|turn|16\n|inactive|Time left: 300 sec this turn | 300 sec total\n|\n|t:|1783573131\n|switch|p2a: Wugtrio|Wugtrio, L91, F|100/100\n|move|p1a: Gengar|Shadow Ball|p2a: Wugtrio\n|-damage|p2a: Wugtrio|31/100\n|-damage|p1a: Gengar|207/230|[from] item: Life Orb\n|\n|upkeep\n|turn|17\n|inactive|Time left: 300 sec this turn | 300 sec total\n|\n|t:|1783573132\n|switch|p1a: Sawsbuck|Sawsbuck-Autumn, L88, F|196/284\n|move|p2a: Wugtrio|Throat Chop|p1a: Sawsbuck\n|-damage|p1a: Sawsbuck|88/284\n|-start|p1a: Sawsbuck|Throat Chop|[silent]\n|\n|upkeep\n|turn|18\n|inactive|Time left: 300 sec this turn | 300 sec total\n|\n|t:|1783573133\n|move|p2a: Wugtrio|Throat Chop|p1a: Sawsbuck\n|-damage|p1a: Sawsbuck|0 fnt\n|faint|p1a: Sawsbuck\n|\n|upkeep\n|inactive|Time left: 300 sec this turn | 300 sec total | 5 sec grace\n|\n|t:|1783573134\n|switch|p1a: Gengar|Gengar, L81, F|207/230\n|turn|19\n|inactive|Time left: 300 sec this turn | 300 sec total\n|\n|t:|1783573135\n|move|p2a: Wugtrio|Throat Chop|p1a: Gengar\n|-supereffective|p1a: Gengar\n|-damage|p1a: Gengar|0 fnt\n|faint|p1a: Gengar\n|\n|win|p0y28742016", "uploadtime": 1783573135, "views": 0, "rating": 0, "private": 0, "password": null, "_winner": "p0y28742016", "_our_name": "p0x2874b0ee"}