{"id": "battle-gen9randombattle-1387", "formatid": "gen9randombattle", "format": "[Gen 9] Random Battle", "players": ["p0x1387a1c1", "p0y1387fcb1"], "log": "|init|battle\n|title|p0x1387a1c1 vs. p0y1387fcb1\n|j|\u2606p0x1387a1c1\n|j|\u2606p0y1387fcb1\n|t:|1783556117\n|gametype|singles\n|player|p1|p0x1387a1c1|1|\n|player|p2|p0y1387fcb1|2|\n|gen|9\n|tier|[Gen 9] Random Battle\n|rule|Species Clause: Limit one of each Pok\u00e9mon\n|rule|HP Percentage Mod: HP is shown in percentages\n|rule|Sleep Clause Mod: Limit one foe put to sleep\n|rule|Illusion Level Mod: Illusion disguises the Pok\u00e9mon's true level\n|\n|t:|1783556117\n|teamsize|p1|6\n|teamsize|p2|6\n|start\n|switch|p1a: Pachirisu|Pachirisu, L96, F|271/271\n|switch|p2a: Slither Wing|Slither Wing, L81|100/100\n|turn|1\n|inactive|Battle timer is ON: inactive players will automatically lose when time's up. (requested by p0y1387fcb1)\n|inactive|Time left: 300 sec this turn | 300 sec total | 60 sec grace\n|inactive|p0x1387a1c1 also wants the timer to be on.\n|\n|t:|1783556119\n|move|p1a: Pachirisu|Super Fang|p2a: Slither Wing|[miss]\n|-miss|p1a: Pachirisu|p2a: Slither Wing\n|move|p2a: Slither Wing|U-turn|p1a: Pachirisu\n|-damage|p1a: Pachirisu|180/271\n|\n|t:|1783556120\n|-end|p2a: Slither Wing|Protosynthesis|[silent]\n|switch|p2a: Passimian|Passimian, L83, M|100/100|[from] U-turn\n|\n|upkeep\n|turn|2\n|inactive|Time left: 300 sec this turn | 300 sec total\n|\n|t:|1783556121\n|move|p1a: Pachirisu|Nuzzle|p2a: Passimian\n|-damage|p2a: Passimian|95/100\n|-status|p2a: Passimian|par\n|move|p2a: Passimian|Close Combat|p1a: Pachirisu\n|-crit|p1a: Pachirisu\n|-damage|p1a: Pachirisu|0 fnt\n|-unboost|p2a: Passimian|def|1\n|-unboost|p2a: Passimian|spd|1\n|faint|p1a: Pachirisu\n|\n|upkeep\n|inactive|Time left: 300 sec this turn | 300 sec total | 5 sec grace\n|\n|t:|1783556122\n|switch|p1a: Typhlosion|Typhlosion-Hisui, L83, M|257/257\n|turn|3\n|inactive|Time left: 300 sec this turn | 300 sec total\n|\n|t:|1783556124\n|switch|p2a: Primarina|Primarina, L83, M|100/100\n|move|p1a: Typhlosion|Eruption|p2a: Primarina\n|-resisted|p2a: Primarina\n|-damage|p2a: Primarina|73/100\n|\n|upkeep\n|turn|4\n|inactive|Time left: 300 sec this turn | 300 sec total\n|\n|t:|1783556125\n|switch|p1a: Manaphy|Manaphy, L78|284/284\n|move|p2a: Primarina|Moonblast|p1a: Manaphy\n|-damage|p1a: Manaphy|94/284\n|-unboost|p1a: Manaphy|spa|1\n|\n|-heal|p1a: Manaphy|111/284|[from] item: Leftovers\n|upkeep\n|turn|5\n|inactive|Time left: 300 sec this turn | 300 sec total\n|\n|t:|1783556126\n|switch|p1a: Arcanine|Arcanine-Hisui, L79, F|280/280\n|move|p2a: Primarina|Moonblast|p1a: Arcanine\n|-resisted|p1a: Arcanine\n|-damage|p1a: Arcanine|181/280\n|\n|upkeep\n|turn|6\n|inactive|Time left: 300 sec this turn | 300 sec total\n|\n|t:|1783556127\n|move|p1a: Arcanine|Head Smash|p2a: Primarina\n|-damage|p2a: Primarina|9/100\n|move|p2a: Primarina|Moonblast|p1a: Arcanine\n|-resisted|p1a: Arcanine\n|-damage|p1a: Arcanine|73/280\n|-unboost|p1a: Arcanine|spa|1\n|\n|upkeep\n|turn|7\n|inactive|Time left: 300 sec this turn | 300 sec total\n|\n|t:|1783556128\n|move|p1a: Arcanine|Flare Blitz|p2a: Primarina\n|-resisted|p2a: Primarina\n|-damage|p2a: Primarina|0 fnt\n|faint|p2a: Primarina\n|\n|upkeep\n|\n|t:|1783556130\n|switch|p2a: Thundurus|Thundurus-Therian, L80, M|100/100\n|turn|8\n|inactive|Time left: 300 sec this turn | 300 sec total\n|\n|t:|1783556131\n|move|p2a: Thundurus|Thunderbolt|p1a: Arcanine\n|-damage|p1a: Arcanine|0 fnt\n|faint|p1a: Arcanine\n|\n|upkeep\n|inactive|Time left: 300 sec this turn | 300 sec total | 5 sec grace\n|\n|t:|1783556132\n|switch|p1a: Typhlosion|Typhlosion-Hisui, L83, M|257/257\n|turn|9\n|inactive|Time left: 300 sec this turn | 300 sec total\n|\n|t:|1783556133\n|-terastallize|p1a: Typhlosion|Fire\n|move|p2a: Thundurus|Thunderbolt|p1a: Typhlosion\n|-damage|p1a: Typhlosion|128/257\n|move|p1a: Typhlosion|Eruption|p2a: Thundurus\n|-damage|p2a: Thundurus|45/100\n|\n|upkeep\n|turn|10\n|inactive|Time left: 300 sec this turn | 300 sec total\n|\n|t:|1783556134\n|switch|p1a: Mew|Mew, L82|298/298\n|move|p2a: Thundurus|Thunderbolt|p1a: Mew\n|-damage|p1a: Mew|177/298\n|\n|upkeep\n|turn|11\n|inactive|Time left: 300 sec this turn | 300 sec total\n|\n|t:|1783556136\n|move|p2a: Thundurus|Thunderbolt|p1a: Mew\n|-damage|p1a: Mew|56/298\n|-status|p1a: Mew|par\n|-activate|p1a: Mew|ability: Synchronize\n|-immune|p2a: Thundurus\n|move|p1a: Mew|Psychic Fangs|p2a: Thundurus\n|-damage|p2a: Thundurus|0 fnt\n|faint|p2a: Thundurus\n|-damage|p1a: Mew|27/298 par|[from] item: Life Orb\n|\n|upkeep\n|\n|t:|1783556137\n|switch|p2a: Alcremie|Alcremie-Matcha-Cream, L90, F|100/100\n|turn|12\n|inactive|Time left: 300 sec this turn | 300 sec total\n|\n|t:|1783556138\n|move|p2a: Alcremie|Calm Mind|p2a: Alcremie\n|-boost|p2a: Alcremie|spa|1\n|-boost|p2a: Alcremie|spd|1\n|cant|p1a: Mew|par\n|\n|upkeep\n|turn|13\n|inactive|Time left: 300 sec this turn | 300 sec total\n|\n|t:|1783556139\n|move|p2a: Alcremie|Calm Mind|p2a: Alcremie\n|-boost|p2a: Alcremie|spa|1\n|-boost|p2a: Alcremie|spd|1\n|move|p1a: Mew|Psychic Fangs|p2a: Alcremie\n|-damage|p2a: Alcremie|58/100\n|-damage|p1a: Mew|0 fnt|[from] item: Life Orb\n|faint|p1a: Mew\n|\n|-heal|p2a: Alcremie|64/100|[from] item: Leftovers\n|upkeep\n|inactive|Time left: 300 sec this turn | 300 sec total | 5 sec grace\n|\n|t:|1783556140\n|switch|p1a: Honchkrow|Honchkrow, L86, F|312/312\n|turn|14\n|inactive|Time left: 300 sec this turn | 300 sec total\n|\n|t:|1783556142\n|-terastallize|p2a: Alcremie|Steel\n|move|p1a: Honchkrow|Brave Bird|p2a: Alcremie\n|-resisted|p2a: Alcremie\n|-damage|p2a: Alcremie|34/100\n|-damage|p1a: Honchkrow|286/312|[from] Recoil\n|move|p2a: Alcremie|Recover|p2a: Alcremie\n|-heal|p2a: Alcremie|84/100\n|\n|-heal|p2a: Alcremie|90/100|[from] item: Leftovers\n|upkeep\n|turn|15\n|inactive|Time left: 300 sec this turn | 300 sec total\n|\n|t:|1783556143\n|switch|p1a: Typhlosion|Typhlosion-Hisui, L83, M, tera:Fire|128/257\n|move|p2a: Alcremie|Alluring Voice|p1a: Typhlosion\n|-resisted|p1a: Typhlosion\n|-crit|p1a: Typhlosion\n|-damage|p1a: Typhlosion|0 fnt\n|faint|p1a: Typhlosion\n|\n|-heal|p2a: Alcremie|96/100|[from] item: Leftovers\n|upkeep\n|inactive|Time left: 300 sec this turn | 300 sec total | 5 sec grace\n|\n|t:|1783556144\n|switch|p1a: Manaphy|Manaphy, L78|111/284\n|turn|16\n|inactive|Time left: 300 sec this turn | 300 sec total\n|\n|t:|1783556145\n|move|p1a: Manaphy|Ice Beam|p2a: Alcremie\n|-resisted|p2a: Alcremie\n|-damage|p2a: Alcremie|92/100\n|-status|p2a: Alcremie|frz\n|cant|p2a: Alcremie|frz\n|\n|-heal|p1a: Manaphy|128/284|[from] item: Leftovers\n|-heal|p2a: Alcremie|98/100 frz|[from] item: Leftovers\n|upkeep\n|turn|17\n|inactive|Time left: 300 sec this turn | 300 sec total\n|\n|t:|1783556146\n|move|p1a: Manaphy|Tail Glow|p1a: Manaphy\n|-boost|p1a: Manaphy|spa|3\n|cant|p2a: Alcremie|frz\n|\n|-heal|p1a: Manaphy|145/284|[from] item: Leftovers\n|-heal|p2a: Alcremie|100/100 frz|[from] item: Leftovers\n|upkeep\n|turn|18\n|inactive|Time left: 300 sec this turn | 300 sec total\n|\n|t:|1783556147\n|move|p1a: Manaphy|Tail Glow|p1a: Manaphy\n|-boost|p1a: Manaphy|spa|3\n|cant|p2a: Alcremie|frz\n|\n|-heal|p1a: Manaphy|162/284|[from] item: Leftovers\n|upkeep\n|turn|19\n|inactive|Time left: 300 sec this turn | 300 sec total\n|\n|t:|1783556148\n|move|p1a: Manaphy|Surf|p2a: Alcremie\n|-damage|p2a: Alcremie|52/100 frz\n|cant|p2a: Alcremie|frz\n|\n|-heal|p1a: Manaphy|179/284|[from] item: Leftovers\n|-heal|p2a: Alcremie|58/100 frz|[from] item: Leftovers\n|upkeep\n|turn|20\n|inactive|Time left: 300 sec this turn | 300 sec total\n|\n|t:|1783556149\n|move|p1a: Manaphy|Surf|p2a: Alcremie\n|-damage|p2a: Alcremie|14/100 frz\n|cant|p2a: Alcremie|frz\n|\n|-heal|p1a: Manaphy|196/284|[from] item: Leftovers\n|-heal|p2a: Alcremie|20/100 frz|[from] item: Leftovers\n|upkeep\n|turn|21\n|inactive|Time left: 300 sec this turn | 300 sec total\n|\n|t:|1783556150\n|move|p1a: Manaphy|Surf|p2a: Alcremie\n|-damage|p2a: Alcremie|0 fnt\n|faint|p2a: Alcremie\n|\n|-heal|p1a: Manaphy|213/284|[from] item: Leftovers\n|upkeep\n|\n|t:|1783556151\n|switch|p2a: Regigigas|Regigigas, L84|100/100\n|-start|p2a: Regigigas|ability: Slow Start\n|turn|22\n|inactive|Time left: 300 sec this turn | 300 sec total\n|\n|t:|1783556151\n|move|p1a: Manaphy|Surf|p2a: Regigigas\n|-damage|p2a: Regigigas|6/100\n|move|p2a: Regigigas|Body Slam|p1a: Manaphy\n|-damage|p1a: Manaphy|146/284\n|\n|-heal|p1a: Manaphy|163/284|[from] item: Leftovers\n|-heal|p2a: Regigigas|12/100|[from] item: Leftovers\n|upkeep\n|turn|23\n|inactive|Time left: 300 sec this turn | 300 sec total\n|\n|t:|1783556152\n|move|p1a: Manaphy|Surf|p2a: Regigigas\n|-damage|p2a: Regigigas|0 fnt\n|faint|p2a: Regigigas\n|-end|p2a: Regigigas|Slow Start|[silent]\n|\n|-heal|p1a: Manaphy|180/284|[from] item: Leftovers\n|upkeep\n|\n|t:|1783556153\n|switch|p2a: Passimian|Passimian, L83, M|95/100 par\n|turn|24\n|inactive|Time left: 300 sec this turn | 300 sec total\n|\n|t:|1783556154\n|move|p1a: Manaphy|Surf|p2a: Passimian\n|-damage|p2a: Passimian|0 fnt\n|faint|p2a: Passimian\n|\n|-heal|p1a: Manaphy|197/284|[from] item: Leftovers\n|upkeep\n|\n|t:|1783556155\n|switch|p2a: Slither Wing|Slither Wing, L81|100/100\n|turn|25\n|inactive|Time left: 300 sec this turn | 300 sec total\n|\n|t:|1783556156\n|move|p1a: Manaphy|Surf|p2a: Slither Wing\n|-damage|p2a: Slither Wing|0 fnt\n|faint|p2a: Slither Wing\n|-end|p2a: Slither Wing|Protosynthesis|[silent]\n|\n|win|p0x1387a1c1", "uploadtime": 1783556156, "views": 0, "rating": 0, "private": 0, "password": null, "_winner": "p0x1387a1c1", "_our_name": "p0x1387a1c1"}