{"id": "battle-gen9randombattle-2962", "formatid": "gen9randombattle", "format": "[Gen 9] Random Battle", "players": ["p0x2962f7c9", "p0y2962232d"], "log": "|init|battle\n|title|p0x2962f7c9 vs. p0y2962232d\n|j|\u2606p0x2962f7c9\n|j|\u2606p0y2962232d\n|t:|1783574087\n|gametype|singles\n|player|p1|p0x2962f7c9|102|\n|player|p2|p0y2962232d|169|\n|gen|9\n|tier|[Gen 9] Random Battle\n|rule|Species Clause: Limit one of each Pok\u00e9mon\n|rule|HP Percentage Mod: HP is shown in percentages\n|rule|Sleep Clause Mod: Limit one foe put to sleep\n|rule|Illusion Level Mod: Illusion disguises the Pok\u00e9mon's true level\n|\n|t:|1783574087\n|teamsize|p1|6\n|teamsize|p2|6\n|start\n|switch|p1a: Kommo-o|Kommo-o, L77, M|242/242\n|switch|p2a: Toxtricity|Toxtricity, L82, M|100/100\n|turn|1\n|inactive|Battle timer is ON: inactive players will automatically lose when time's up. (requested by p0x2962f7c9)\n|\n|t:|1783574089\n|move|p1a: Kommo-o|Clangorous Soul|p1a: Kommo-o\n|-boost|p1a: Kommo-o|atk|1\n|-boost|p1a: Kommo-o|def|1\n|-boost|p1a: Kommo-o|spa|1\n|-boost|p1a: Kommo-o|spd|1\n|-boost|p1a: Kommo-o|spe|1\n|-damage|p1a: Kommo-o|163/242\n|-enditem|p1a: Kommo-o|Throat Spray\n|-boost|p1a: Kommo-o|spa|1|[from] item: Throat Spray\n|move|p2a: Toxtricity|Shift Gear|p2a: Toxtricity\n|-boost|p2a: Toxtricity|spe|2\n|-boost|p2a: Toxtricity|atk|1\n|\n|upkeep\n|turn|2\n|inactive|Time left: 300 sec this turn | 300 sec total\n|inactive|p0y2962232d also wants the timer to be on.\n|\n|t:|1783574090\n|move|p2a: Toxtricity|Gunk Shot|p1a: Kommo-o|[miss]\n|-miss|p2a: Toxtricity|p1a: Kommo-o\n|move|p1a: Kommo-o|Drain Punch|p2a: Toxtricity\n|-resisted|p2a: Toxtricity\n|-damage|p2a: Toxtricity|75/100\n|-heal|p1a: Kommo-o|196/242|[from] drain|[of] p2a: Toxtricity\n|\n|upkeep\n|turn|3\n|inactive|Time left: 300 sec this turn | 300 sec total\n|\n|t:|1783574091\n|move|p2a: Toxtricity|Gunk Shot|p1a: Kommo-o|[miss]\n|-miss|p2a: Toxtricity|p1a: Kommo-o\n|move|p1a: Kommo-o|Clanging Scales|p2a: Toxtricity\n|-damage|p2a: Toxtricity|29/100\n|-unboost|p1a: Kommo-o|def|1\n|\n|upkeep\n|turn|4\n|inactive|Time left: 300 sec this turn | 300 sec total\n|\n|t:|1783574092\n|move|p2a: Toxtricity|Gunk Shot|p1a: Kommo-o\n|-damage|p1a: Kommo-o|36/242\n|move|p1a: Kommo-o|Drain Punch|p2a: Toxtricity\n|-resisted|p2a: Toxtricity\n|-damage|p2a: Toxtricity|4/100\n|-heal|p1a: Kommo-o|69/242|[from] drain|[of] p2a: Toxtricity\n|\n|upkeep\n|turn|5\n|inactive|Time left: 300 sec this turn | 300 sec total\n|\n|t:|1783574093\n|-terastallize|p1a: Kommo-o|Steel\n|move|p2a: Toxtricity|Gunk Shot|p1a: Kommo-o\n|-immune|p1a: Kommo-o\n|move|p1a: Kommo-o|Drain Punch|p2a: Toxtricity\n|-resisted|p2a: Toxtricity\n|-damage|p2a: Toxtricity|0 fnt\n|-heal|p1a: Kommo-o|74/242|[from] drain|[of] p2a: Toxtricity\n|faint|p2a: Toxtricity\n|\n|upkeep\n|\n|t:|1783574094\n|switch|p2a: Decidueye|Decidueye-Hisui, L87, F|100/100\n|turn|6\n|inactive|Time left: 300 sec this turn | 300 sec total\n|\n|t:|1783574095\n|move|p1a: Kommo-o|Iron Head|p2a: Decidueye\n|-damage|p2a: Decidueye|58/100\n|cant|p2a: Decidueye|flinch\n|\n|-heal|p2a: Decidueye|65/100|[from] item: Leftovers\n|upkeep\n|turn|7\n|inactive|Time left: 300 sec this turn | 300 sec total\n|\n|t:|1783574096\n|move|p1a: Kommo-o|Clanging Scales|p2a: Decidueye\n|-damage|p2a: Decidueye|0 fnt\n|faint|p2a: Decidueye\n|-unboost|p1a: Kommo-o|def|1\n|\n|upkeep\n|\n|t:|1783574097\n|switch|p2a: Corviknight|Corviknight, L80, M|100/100\n|-ability|p2a: Corviknight|Pressure\n|turn|8\n|inactive|Time left: 300 sec this turn | 300 sec total\n|\n|t:|1783574098\n|move|p1a: Kommo-o|Drain Punch|p2a: Corviknight\n|-damage|p2a: Corviknight|65/100\n|-heal|p1a: Kommo-o|126/242|[from] drain|[of] p2a: Corviknight\n|move|p2a: Corviknight|Body Press|p1a: Kommo-o\n|-supereffective|p1a: Kommo-o\n|-damage|p1a: Kommo-o|0 fnt\n|faint|p1a: Kommo-o\n|\n|-heal|p2a: Corviknight|71/100|[from] item: Leftovers\n|upkeep\n|inactive|Time left: 300 sec this turn | 300 sec total | 5 sec grace\n|\n|t:|1783574099\n|switch|p1a: Wigglytuff|Wigglytuff, L96, M|424/424\n|turn|9\n|inactive|Time left: 300 sec this turn | 300 sec total\n|\n|t:|1783574100\n|move|p2a: Corviknight|Roost|p2a: Corviknight\n|-heal|p2a: Corviknight|100/100\n|-singleturn|p2a: Corviknight|move: Roost\n|move|p1a: Wigglytuff|Fire Blast|p2a: Corviknight\n|-supereffective|p2a: Corviknight\n|-damage|p2a: Corviknight|29/100\n|\n|-heal|p2a: Corviknight|35/100|[from] item: Leftovers\n|upkeep\n|turn|10\n|inactive|Time left: 300 sec this turn | 300 sec total\n|\n|t:|1783574101\n|move|p2a: Corviknight|Roost|p2a: Corviknight\n|-heal|p2a: Corviknight|85/100\n|-singleturn|p2a: Corviknight|move: Roost\n|move|p1a: Wigglytuff|Knock Off|p2a: Corviknight\n|-damage|p2a: Corviknight|64/100\n|-enditem|p2a: Corviknight|Leftovers|[from] move: Knock Off|[of] p1a: Wigglytuff\n|\n|upkeep\n|turn|11\n|inactive|Time left: 300 sec this turn | 300 sec total\n|\n|t:|1783574102\n|move|p2a: Corviknight|Roost|p2a: Corviknight\n|-heal|p2a: Corviknight|100/100\n|-singleturn|p2a: Corviknight|move: Roost\n|move|p1a: Wigglytuff|Fire Blast|p2a: Corviknight\n|-supereffective|p2a: Corviknight\n|-damage|p2a: Corviknight|32/100\n|\n|upkeep\n|turn|12\n|inactive|Time left: 300 sec this turn | 300 sec total\n|\n|t:|1783574103\n|move|p2a: Corviknight|Roost|p2a: Corviknight\n|-heal|p2a: Corviknight|82/100\n|-singleturn|p2a: Corviknight|move: Roost\n|move|p1a: Wigglytuff|Fire Blast|p2a: Corviknight|[miss]\n|-miss|p1a: Wigglytuff|p2a: Corviknight\n|\n|upkeep\n|turn|13\n|inactive|Time left: 300 sec this turn | 300 sec total\n|\n|t:|1783574104\n|switch|p2a: Toxapex|Toxapex, L82, M|100/100\n|move|p1a: Wigglytuff|Fire Blast|p2a: Toxapex|[miss]\n|-miss|p1a: Wigglytuff|p2a: Toxapex\n|\n|upkeep\n|turn|14\n|inactive|Time left: 300 sec this turn | 300 sec total\n|\n|t:|1783574105\n|move|p1a: Wigglytuff|Thunder Wave|p2a: Toxapex\n|-status|p2a: Toxapex|par\n|move|p2a: Toxapex|Toxic|p1a: Wigglytuff\n|-status|p1a: Wigglytuff|tox\n|\n|-damage|p1a: Wigglytuff|398/424 tox|[from] psn\n|upkeep\n|turn|15\n|inactive|Time left: 300 sec this turn | 300 sec total\n|\n|t:|1783574106\n|move|p1a: Wigglytuff|Knock Off|p2a: Toxapex\n|-damage|p2a: Toxapex|78/100 par\n|-enditem|p2a: Toxapex|Leftovers|[from] move: Knock Off|[of] p1a: Wigglytuff\n|move|p2a: Toxapex|Liquidation|p1a: Wigglytuff\n|-damage|p1a: Wigglytuff|310/424 tox\n|\n|-heal|p1a: Wigglytuff|336/424 tox|[from] item: Leftovers\n|-damage|p1a: Wigglytuff|284/424 tox|[from] psn\n|upkeep\n|turn|16\n|inactive|Time left: 300 sec this turn | 300 sec total\n|\n|t:|1783574107\n|switch|p1a: Clodsire|Clodsire, L81, F|343/343\n|move|p2a: Toxapex|Toxic|p1a: Clodsire\n|-immune|p1a: Clodsire\n|\n|upkeep\n|turn|17\n|inactive|Time left: 300 sec this turn | 300 sec total\n|\n|t:|1783574108\n|switch|p2a: Corviknight|Corviknight, L80, M|82/100\n|-ability|p2a: Corviknight|Pressure\n|move|p1a: Clodsire|Earthquake|p2a: Corviknight\n|-immune|p2a: Corviknight\n|\n|upkeep\n|turn|18\n|inactive|Time left: 300 sec this turn | 300 sec total\n|\n|t:|1783574109\n|move|p2a: Corviknight|Brave Bird|p1a: Clodsire\n|-damage|p1a: Clodsire|193/343\n|-damage|p2a: Corviknight|65/100|[from] Recoil\n|move|p1a: Clodsire|Earthquake|p2a: Corviknight\n|-immune|p2a: Corviknight\n|\n|-heal|p1a: Clodsire|214/343|[from] item: Leftovers\n|upkeep\n|turn|19\n|inactive|Time left: 300 sec this turn | 300 sec total\n|\n|t:|1783574110\n|move|p2a: Corviknight|Roost|p2a: Corviknight\n|-heal|p2a: Corviknight|100/100\n|-singleturn|p2a: Corviknight|move: Roost\n|move|p1a: Clodsire|Recover|p1a: Clodsire\n|-heal|p1a: Clodsire|343/343\n|\n|upkeep\n|turn|20\n|inactive|Time left: 300 sec this turn | 300 sec total\n|\n|t:|1783574111\n|move|p2a: Corviknight|Brave Bird|p1a: Clodsire\n|-damage|p1a: Clodsire|189/343\n|-damage|p2a: Corviknight|83/100|[from] Recoil\n|move|p1a: Clodsire|Earthquake|p2a: Corviknight\n|-immune|p2a: Corviknight\n|\n|-heal|p1a: Clodsire|210/343|[from] item: Leftovers\n|upkeep\n|turn|21\n|inactive|Time left: 300 sec this turn | 300 sec total\n|\n|t:|1783574112\n|move|p2a: Corviknight|Brave Bird|p1a: Clodsire\n|-damage|p1a: Clodsire|66/343\n|-damage|p2a: Corviknight|66/100|[from] Recoil\n|move|p1a: Clodsire|Recover|p1a: Clodsire\n|-heal|p1a: Clodsire|238/343\n|\n|-heal|p1a: Clodsire|259/343|[from] item: Leftovers\n|upkeep\n|turn|22\n|inactive|Time left: 300 sec this turn | 300 sec total\n|\n|t:|1783574113\n|move|p2a: Corviknight|Roost|p2a: Corviknight\n|-heal|p2a: Corviknight|100/100\n|-singleturn|p2a: Corviknight|move: Roost\n|move|p1a: Clodsire|Recover|p1a: Clodsire\n|-heal|p1a: Clodsire|343/343\n|\n|upkeep\n|turn|23\n|inactive|Time left: 300 sec this turn | 300 sec total\n|\n|t:|1783574114\n|move|p2a: Corviknight|Body Press|p1a: Clodsire\n|-resisted|p1a: Clodsire\n|-damage|p1a: Clodsire|304/343\n|move|p1a: Clodsire|Earthquake|p2a: Corviknight\n|-immune|p2a: Corviknight\n|\n|-heal|p1a: Clodsire|325/343|[from] item: Leftovers\n|upkeep\n|turn|24\n|inactive|Time left: 300 sec this turn | 300 sec total\n|\n|t:|1783574115\n|move|p2a: Corviknight|Brave Bird|p1a: Clodsire\n|-damage|p1a: Clodsire|174/343\n|-damage|p2a: Corviknight|83/100|[from] Recoil\n|move|p1a: Clodsire|Toxic|p2a: Corviknight\n|-immune|p2a: Corviknight\n|\n|-heal|p1a: Clodsire|195/343|[from] item: Leftovers\n|upkeep\n|turn|25\n|inactive|Time left: 300 sec this turn | 300 sec total\n|\n|t:|1783574116\n|move|p2a: Corviknight|Brave Bird|p1a: Clodsire\n|-damage|p1a: Clodsire|44/343\n|-damage|p2a: Corviknight|66/100|[from] Recoil\n|move|p1a: Clodsire|Recover|p1a: Clodsire\n|-heal|p1a: Clodsire|216/343\n|\n|-heal|p1a: Clodsire|237/343|[from] item: Leftovers\n|upkeep\n|turn|26\n|inactive|Time left: 300 sec this turn | 300 sec total\n|\n|t:|1783574117\n|move|p2a: Corviknight|Brave Bird|p1a: Clodsire\n|-damage|p1a: Clodsire|96/343\n|-damage|p2a: Corviknight|49/100|[from] Recoil\n|move|p1a: Clodsire|Recover|p1a: Clodsire\n|-heal|p1a: Clodsire|268/343\n|\n|-heal|p1a: Clodsire|289/343|[from] item: Leftovers\n|upkeep\n|turn|27\n|inactive|Time left: 300 sec this turn | 300 sec total\n|\n|t:|1783574118\n|move|p2a: Corviknight|Brave Bird|p1a: Clodsire\n|-damage|p1a: Clodsire|154/343\n|-damage|p2a: Corviknight|34/100|[from] Recoil\n|move|p1a: Clodsire|Earthquake|p2a: Corviknight\n|-immune|p2a: Corviknight\n|\n|-heal|p1a: Clodsire|175/343|[from] item: Leftovers\n|upkeep\n|turn|28\n|inactive|Time left: 300 sec this turn | 300 sec total\n|\n|t:|1783574119\n|move|p2a: Corviknight|Brave Bird|p1a: Clodsire\n|-damage|p1a: Clodsire|28/343\n|-damage|p2a: Corviknight|17/100|[from] Recoil\n|move|p1a: Clodsire|Recover|p1a: Clodsire\n|-heal|p1a: Clodsire|200/343\n|\n|-heal|p1a: Clodsire|221/343|[from] item: Leftovers\n|upkeep\n|turn|29\n|inactive|Time left: 300 sec this turn | 300 sec total\n|\n|t:|1783574120\n|move|p2a: Corviknight|Roost|p2a: Corviknight\n|-heal|p2a: Corviknight|67/100\n|-singleturn|p2a: Corviknight|move: Roost\n|move|p1a: Clodsire|Recover|p1a: Clodsire\n|-heal|p1a: Clodsire|343/343\n|\n|upkeep\n|turn|30\n|inactive|Time left: 300 sec this turn | 300 sec total\n|\n|t:|1783574121\n|move|p2a: Corviknight|Brave Bird|p1a: Clodsire\n|-damage|p1a: Clodsire|184/343\n|-damage|p2a: Corviknight|49/100|[from] Recoil\n|move|p1a: Clodsire|Earthquake|p2a: Corviknight\n|-immune|p2a: Corviknight\n|\n|-heal|p1a: Clodsire|205/343|[from] item: Leftovers\n|upkeep\n|turn|31\n|inactive|Time left: 300 sec this turn | 300 sec total\n|\n|t:|1783574122\n|move|p2a: Corviknight|Brave Bird|p1a: Clodsire\n|-damage|p1a: Clodsire|49/343\n|-damage|p2a: Corviknight|31/100|[from] Recoil\n|move|p1a: Clodsire|Recover|p1a: Clodsire\n|-heal|p1a: Clodsire|221/343\n|\n|-heal|p1a: Clodsire|242/343|[from] item: Leftovers\n|upkeep\n|turn|32\n|inactive|Time left: 300 sec this turn | 300 sec total\n|\n|t:|1783574123\n|move|p2a: Corviknight|Roost|p2a: Corviknight\n|-heal|p2a: Corviknight|81/100\n|-singleturn|p2a: Corviknight|move: Roost\n|move|p1a: Clodsire|Earthquake|p2a: Corviknight\n|-supereffective|p2a: Corviknight\n|-damage|p2a: Corviknight|28/100\n|\n|-heal|p1a: Clodsire|263/343|[from] item: Leftovers\n|upkeep\n|turn|33\n|inactive|Time left: 300 sec this turn | 300 sec total\n|\n|t:|1783574124\n|move|p2a: Corviknight|Brave Bird|p1a: Clodsire\n|-damage|p1a: Clodsire|121/343\n|-damage|p2a: Corviknight|12/100|[from] Recoil\n|move|p1a: Clodsire|Poison Jab|p2a: Corviknight\n|-immune|p2a: Corviknight\n|\n|-heal|p1a: Clodsire|142/343|[from] item: Leftovers\n|upkeep\n|turn|34\n|inactive|Time left: 300 sec this turn | 300 sec total\n|\n|t:|1783574126\n|switch|p1a: Regice|Regice, L88|284/284\n|move|p2a: Corviknight|Brave Bird|p1a: Regice\n|-damage|p1a: Regice|196/284\n|-damage|p2a: Corviknight|2/100|[from] Recoil\n|\n|upkeep\n|turn|35\n|inactive|Time left: 300 sec this turn | 300 sec total\n|\n|t:|1783574127\n|move|p2a: Corviknight|Brave Bird|p1a: Regice\n|-damage|p1a: Regice|102/284\n|-damage|p2a: Corviknight|0 fnt|[from] Recoil\n|faint|p2a: Corviknight\n|move|p1a: Regice|Thunderbolt|p2: Corviknight|[notarget]\n|-fail|p1a: Regice\n|\n|upkeep\n|\n|t:|1783574127\n|switch|p2a: Haxorus|Haxorus, L77, M|100/100\n|-ability|p2a: Haxorus|Mold Breaker\n|turn|36\n|inactive|Time left: 300 sec this turn | 300 sec total\n|\n|t:|1783574128\n|switch|p1a: Wigglytuff|Wigglytuff, L96, M|284/424 tox\n|move|p2a: Haxorus|Iron Head|p1a: Wigglytuff\n|-supereffective|p1a: Wigglytuff\n|-damage|p1a: Wigglytuff|92/424 tox\n|\n|-heal|p1a: Wigglytuff|118/424 tox|[from] item: Leftovers\n|-damage|p1a: Wigglytuff|92/424 tox|[from] psn\n|upkeep\n|turn|37\n|inactive|Time left: 300 sec this turn | 300 sec total\n|\n|t:|1783574129\n|move|p2a: Haxorus|Iron Head|p1a: Wigglytuff\n|-supereffective|p1a: Wigglytuff\n|-damage|p1a: Wigglytuff|0 fnt\n|faint|p1a: Wigglytuff\n|\n|upkeep\n|inactive|Time left: 300 sec this turn | 300 sec total | 5 sec grace\n|\n|t:|1783574130\n|switch|p1a: Sableye|Sableye, L88, M|231/231\n|turn|38\n|inactive|Time left: 300 sec this turn | 300 sec total\n|\n|t:|1783574132\n|move|p1a: Sableye|Will-O-Wisp|p2a: Haxorus\n|-status|p2a: Haxorus|brn\n|move|p2a: Haxorus|Swords Dance|p2a: Haxorus\n|-boost|p2a: Haxorus|atk|2\n|\n|-damage|p2a: Haxorus|94/100 brn|[from] brn\n|upkeep\n|turn|39\n|inactive|Time left: 300 sec this turn | 300 sec total\n|\n|t:|1783574132\n|move|p1a: Sableye|Encore|p2a: Haxorus\n|-start|p2a: Haxorus|Encore\n|move|p2a: Haxorus|Swords Dance|p2a: Haxorus\n|-boost|p2a: Haxorus|atk|2\n|\n|-damage|p2a: Haxorus|88/100 brn|[from] brn\n|upkeep\n|turn|40\n|inactive|Time left: 300 sec this turn | 300 sec total\n|\n|t:|1783574133\n|switch|p2a: Toxapex|Toxapex, L82, M|100/100 par\n|switch|p1a: Deoxys|Deoxys, L74|196/196\n|-ability|p1a: Deoxys|Pressure\n|\n|upkeep\n|turn|41\n|inactive|Time left: 300 sec this turn | 300 sec total\n|\n|t:|1783574134\n|move|p1a: Deoxys|Psycho Boost|p2a: Toxapex\n|-supereffective|p2a: Toxapex\n|-damage|p2a: Toxapex|0 fnt\n|-unboost|p1a: Deoxys|spa|2\n|faint|p2a: Toxapex\n|-damage|p1a: Deoxys|177/196|[from] item: Life Orb\n|\n|upkeep\n|\n|t:|1783574135\n|switch|p2a: Haxorus|Haxorus, L77, M|88/100 brn\n|-ability|p2a: Haxorus|Mold Breaker\n|turn|42\n|inactive|Time left: 300 sec this turn | 300 sec total\n|\n|t:|1783574136\n|switch|p1a: Sableye|Sableye, L88, M|231/231\n|move|p2a: Haxorus|Swords Dance|p2a: Haxorus\n|-boost|p2a: Haxorus|atk|2\n|\n|-damage|p2a: Haxorus|82/100 brn|[from] brn\n|upkeep\n|turn|43\n|inactive|Time left: 300 sec this turn | 300 sec total\n|\n|t:|1783574137\n|move|p1a: Sableye|Encore|p2a: Haxorus\n|-start|p2a: Haxorus|Encore\n|move|p2a: Haxorus|Swords Dance|p2a: Haxorus\n|-boost|p2a: Haxorus|atk|2\n|\n|-damage|p2a: Haxorus|76/100 brn|[from] brn\n|upkeep\n|turn|44\n|inactive|Time left: 300 sec this turn | 300 sec total\n|\n|t:|1783574138\n|move|p2a: Haxorus|Swords Dance|p2a: Haxorus\n|-boost|p2a: Haxorus|atk|2\n|move|p1a: Sableye|Knock Off|p2a: Haxorus\n|-damage|p2a: Haxorus|34/100 brn\n|-enditem|p2a: Haxorus|Loaded Dice|[from] move: Knock Off|[of] p1a: Sableye\n|\n|-damage|p2a: Haxorus|28/100 brn|[from] brn\n|upkeep\n|turn|45\n|inactive|Time left: 300 sec this turn | 300 sec total\n|\n|t:|1783574140\n|switch|p2a: Persian|Persian-Alola, L86, M|100/100\n|move|p1a: Sableye|Knock Off|p2a: Persian\n|-resisted|p2a: Persian\n|-damage|p2a: Persian|89/100\n|-enditem|p2a: Persian|Heavy-Duty Boots|[from] move: Knock Off|[of] p1a: Sableye\n|\n|upkeep\n|turn|46\n|inactive|Time left: 300 sec this turn | 300 sec total\n|\n|t:|1783574141\n|switch|p1a: Regice|Regice, L88|102/284\n|move|p2a: Persian|Foul Play|p1a: Regice\n|-damage|p1a: Regice|62/284\n|\n|upkeep\n|turn|47\n|inactive|Time left: 300 sec this turn | 300 sec total\n|\n|t:|1783574142\n|move|p2a: Persian|Foul Play|p1a: Regice\n|-damage|p1a: Regice|19/284\n|move|p1a: Regice|Ice Beam|p2a: Persian\n|-damage|p2a: Persian|35/100\n|\n|upkeep\n|turn|48\n|inactive|Time left: 300 sec this turn | 300 sec total\n|\n|t:|1783574142\n|move|p2a: Persian|Foul Play|p1a: Regice\n|-damage|p1a: Regice|0 fnt\n|faint|p1a: Regice\n|\n|upkeep\n|inactive|Time left: 300 sec this turn | 300 sec total | 5 sec grace\n|\n|t:|1783574143\n|switch|p1a: Deoxys|Deoxys, L74|177/196\n|-ability|p1a: Deoxys|Pressure\n|turn|49\n|inactive|Time left: 300 sec this turn | 300 sec total\n|\n|t:|1783574144\n|switch|p2a: Haxorus|Haxorus, L77, M|28/100 brn\n|-ability|p2a: Haxorus|Mold Breaker\n|move|p1a: Deoxys|Ice Beam|p2a: Haxorus\n|-supereffective|p2a: Haxorus\n|-damage|p2a: Haxorus|0 fnt\n|faint|p2a: Haxorus\n|-damage|p1a: Deoxys|158/196|[from] item: Life Orb\n|\n|upkeep\n|\n|t:|1783574145\n|switch|p2a: Persian|Persian-Alola, L86, M|35/100\n|turn|50\n|inactive|Time left: 300 sec this turn | 300 sec total\n|\n|t:|1783574146\n|move|p1a: Deoxys|Ice Beam|p2a: Persian\n|-damage|p2a: Persian|0 fnt\n|faint|p2a: Persian\n|-damage|p1a: Deoxys|139/196|[from] item: Life Orb\n|\n|win|p0x2962f7c9", "uploadtime": 1783574146, "views": 0, "rating": 0, "private": 0, "password": null, "_winner": "p0x2962f7c9", "_our_name": "p0x2962f7c9"}