{"id": "battle-gen9randombattle-119", "formatid": "gen9randombattle", "format": "[Gen 9] Random Battle", "players": ["p0x1193bb3", "p0y1196c76"], "log": "|init|battle\n|title|p0x1193bb3 vs. p0y1196c76\n|j|\u2606p0x1193bb3\n|j|\u2606p0y1196c76\n|t:|1783535129\n|gametype|singles\n|player|p1|p0x1193bb3|266|\n|player|p2|p0y1196c76|266|\n|gen|9\n|tier|[Gen 9] Random Battle\n|rule|Species Clause: Limit one of each Pok\u00e9mon\n|rule|HP Percentage Mod: HP is shown in percentages\n|rule|Sleep Clause Mod: Limit one foe put to sleep\n|rule|Illusion Level Mod: Illusion disguises the Pok\u00e9mon's true level\n|\n|t:|1783535129\n|teamsize|p1|6\n|teamsize|p2|6\n|start\n|switch|p1a: Poliwrath|Poliwrath, L88, F|302/302\n|switch|p2a: Hawlucha|Hawlucha, L80, F|100/100\n|turn|1\n|inactive|Battle timer is ON: inactive players will automatically lose when time's up. (requested by p0x1193bb3)\n|inactive|p0y1196c76 also wants the timer to be on.\n|\n|t:|1783535130\n|move|p2a: Hawlucha|Swords Dance|p2a: Hawlucha\n|-boost|p2a: Hawlucha|atk|2\n|move|p1a: Poliwrath|Liquidation|p2a: Hawlucha\n|-damage|p2a: Hawlucha|52/100\n|\n|upkeep\n|turn|2\n|inactive|Time left: 300 sec this turn | 300 sec total\n|\n|t:|1783535131\n|move|p2a: Hawlucha|Brave Bird|p1a: Poliwrath\n|-supereffective|p1a: Poliwrath\n|-damage|p1a: Poliwrath|0 fnt\n|faint|p1a: Poliwrath\n|-damage|p2a: Hawlucha|13/100|[from] Recoil\n|\n|upkeep\n|inactive|Time left: 300 sec this turn | 300 sec total | 5 sec grace\n|\n|t:|1783535131\n|switch|p1a: Cetitan|Cetitan, L82, M|413/413\n|turn|3\n|inactive|Time left: 300 sec this turn | 300 sec total\n|\n|t:|1783535132\n|move|p1a: Cetitan|Ice Shard|p2a: Hawlucha\n|-supereffective|p2a: Hawlucha\n|-damage|p2a: Hawlucha|0 fnt\n|faint|p2a: Hawlucha\n|-damage|p1a: Cetitan|372/413|[from] item: Life Orb\n|\n|upkeep\n|\n|t:|1783535133\n|switch|p2a: Wyrdeer|Wyrdeer, L87, M|100/100\n|-ability|p2a: Wyrdeer|Intimidate|boost\n|-unboost|p1a: Cetitan|atk|1\n|turn|4\n|inactive|Time left: 300 sec this turn | 300 sec total\n|\n|t:|1783535134\n|switch|p1a: Tsareena|Tsareena, L87, F|267/267\n|move|p2a: Wyrdeer|Body Slam|p1a: Tsareena\n|-damage|p1a: Tsareena|177/267\n|-status|p1a: Tsareena|par\n|\n|upkeep\n|turn|5\n|inactive|Time left: 300 sec this turn | 300 sec total\n|\n|t:|1783535135\n|move|p2a: Wyrdeer|Megahorn|p1a: Tsareena\n|-supereffective|p1a: Tsareena\n|-damage|p1a: Tsareena|11/267 par\n|move|p1a: Tsareena|Power Whip|p2a: Wyrdeer\n|-damage|p2a: Wyrdeer|48/100\n|\n|upkeep\n|turn|6\n|inactive|Time left: 300 sec this turn | 300 sec total\n|\n|t:|1783535136\n|move|p2a: Wyrdeer|Body Slam|p1a: Tsareena\n|-damage|p1a: Tsareena|0 fnt\n|faint|p1a: Tsareena\n|\n|upkeep\n|inactive|Time left: 300 sec this turn | 300 sec total | 5 sec grace\n|\n|t:|1783535137\n|switch|p1a: Umbreon|Umbreon, L84, M|297/297\n|turn|7\n|inactive|Time left: 300 sec this turn | 300 sec total\n|\n|t:|1783535138\n|switch|p2a: Venomoth|Venomoth, L84, M|100/100\n|move|p1a: Umbreon|Foul Play|p2a: Venomoth\n|-damage|p2a: Venomoth|74/100\n|\n|upkeep\n|turn|8\n|inactive|Time left: 300 sec this turn | 300 sec total\n|\n|t:|1783535139\n|move|p2a: Venomoth|Quiver Dance|p2a: Venomoth\n|-boost|p2a: Venomoth|spa|1\n|-boost|p2a: Venomoth|spd|1\n|-boost|p2a: Venomoth|spe|1\n|move|p1a: Umbreon|Foul Play|p2a: Venomoth\n|-damage|p2a: Venomoth|46/100\n|\n|upkeep\n|turn|9\n|inactive|Time left: 300 sec this turn | 300 sec total\n|\n|t:|1783535140\n|move|p2a: Venomoth|Quiver Dance|p2a: Venomoth\n|-boost|p2a: Venomoth|spa|1\n|-boost|p2a: Venomoth|spd|1\n|-boost|p2a: Venomoth|spe|1\n|move|p1a: Umbreon|Foul Play|p2a: Venomoth\n|-damage|p2a: Venomoth|20/100\n|\n|upkeep\n|turn|10\n|inactive|Time left: 300 sec this turn | 300 sec total\n|\n|t:|1783535141\n|move|p2a: Venomoth|Sleep Powder|p1a: Umbreon\n|-status|p1a: Umbreon|slp|[from] move: Sleep Powder\n|cant|p1a: Umbreon|slp\n|\n|upkeep\n|turn|11\n|inactive|Time left: 300 sec this turn | 300 sec total\n|\n|t:|1783535142\n|switch|p1a: Cetitan|Cetitan, L82, M|372/413\n|move|p2a: Venomoth|Bug Buzz|p1a: Cetitan\n|-damage|p1a: Cetitan|123/413\n|\n|upkeep\n|turn|12\n|inactive|Time left: 300 sec this turn | 300 sec total\n|\n|t:|1783535143\n|move|p1a: Cetitan|Ice Shard|p2a: Venomoth\n|-damage|p2a: Venomoth|0 fnt\n|faint|p2a: Venomoth\n|-damage|p1a: Cetitan|82/413|[from] item: Life Orb\n|\n|upkeep\n|\n|t:|1783535144\n|switch|p2a: Gholdengo|Gholdengo, L77|100/100\n|turn|13\n|inactive|Time left: 300 sec this turn | 300 sec total\n|\n|t:|1783535145\n|switch|p1a: Emboar|Emboar, L84, M|322/322\n|move|p2a: Gholdengo|Shadow Ball|p1a: Emboar\n|-damage|p1a: Emboar|216/322\n|\n|-heal|p1a: Emboar|236/322|[from] item: Leftovers\n|upkeep\n|turn|14\n|inactive|Time left: 300 sec this turn | 300 sec total\n|\n|t:|1783535146\n|move|p2a: Gholdengo|Shadow Ball|p1a: Emboar\n|-damage|p1a: Emboar|127/322\n|move|p1a: Emboar|Flare Blitz|p2a: Gholdengo\n|-supereffective|p2a: Gholdengo\n|-damage|p2a: Gholdengo|0 fnt\n|faint|p2a: Gholdengo\n|-damage|p1a: Emboar|41/322|[from] Recoil\n|\n|-heal|p1a: Emboar|61/322|[from] item: Leftovers\n|upkeep\n|\n|t:|1783535147\n|switch|p2a: Wyrdeer|Wyrdeer, L87, M|48/100\n|-ability|p2a: Wyrdeer|Intimidate|boost\n|-unboost|p1a: Emboar|atk|1\n|turn|15\n|inactive|Time left: 300 sec this turn | 300 sec total\n|\n|t:|1783535148\n|switch|p1a: Umbreon|Umbreon, L84, M|297/297 slp\n|move|p2a: Wyrdeer|Body Slam|p1a: Umbreon\n|-damage|p1a: Umbreon|209/297 slp\n|\n|-heal|p1a: Umbreon|227/297 slp|[from] item: Leftovers\n|upkeep\n|turn|16\n|inactive|Time left: 300 sec this turn | 300 sec total\n|\n|t:|1783535150\n|move|p2a: Wyrdeer|Megahorn|p1a: Umbreon\n|-supereffective|p1a: Umbreon\n|-damage|p1a: Umbreon|61/297 slp\n|-curestatus|p1a: Umbreon|slp|[msg]\n|move|p1a: Umbreon|Foul Play|p2a: Wyrdeer\n|-supereffective|p2a: Wyrdeer\n|-damage|p2a: Wyrdeer|0 fnt\n|faint|p2a: Wyrdeer\n|\n|-heal|p1a: Umbreon|79/297|[from] item: Leftovers\n|upkeep\n|\n|t:|1783535151\n|switch|p2a: Scyther|Scyther, L82, M|100/100\n|turn|17\n|inactive|Time left: 300 sec this turn | 300 sec total\n|\n|t:|1783535152\n|move|p1a: Umbreon|Protect|p1a: Umbreon\n|-singleturn|p1a: Umbreon|Protect\n|move|p2a: Scyther|Dual Wingbeat|p1a: Umbreon\n|-activate|p1a: Umbreon|move: Protect\n|\n|-heal|p1a: Umbreon|97/297|[from] item: Leftovers\n|upkeep\n|turn|18\n|inactive|Time left: 300 sec this turn | 300 sec total\n|\n|t:|1783535153\n|switch|p1a: Altaria|Altaria, L89, F|278/278\n|move|p2a: Scyther|Dual Wingbeat|p1a: Altaria\n|-damage|p1a: Altaria|212/278\n|-damage|p1a: Altaria|146/278\n|-hitcount|p1a: Altaria|2\n|\n|upkeep\n|turn|19\n|inactive|Time left: 300 sec this turn | 300 sec total\n|\n|t:|1783535154\n|move|p2a: Scyther|Dual Wingbeat|p1a: Altaria|[miss]\n|-miss|p2a: Scyther|p1a: Altaria\n|move|p1a: Altaria|Roost|p1a: Altaria\n|-heal|p1a: Altaria|278/278\n|-singleturn|p1a: Altaria|move: Roost\n|\n|upkeep\n|turn|20\n|inactive|Time left: 300 sec this turn | 300 sec total\n|\n|t:|1783535155\n|move|p2a: Scyther|U-turn|p1a: Altaria\n|-resisted|p1a: Altaria\n|-damage|p1a: Altaria|242/278\n|\n|t:|1783535156\n|switch|p2a: Comfey|Comfey, L85, M|100/100|[from] U-turn\n|move|p1a: Altaria|Brave Bird|p2a: Comfey\n|-damage|p2a: Comfey|53/100\n|-damage|p1a: Altaria|207/278|[from] Recoil\n|\n|-heal|p2a: Comfey|60/100|[from] item: Leftovers\n|upkeep\n|turn|21\n|inactive|Time left: 300 sec this turn | 300 sec total\n|\n|t:|1783535157\n|move|p2a: Comfey|Draining Kiss|p1a: Altaria\n|-supereffective|p1a: Altaria\n|-damage|p1a: Altaria|123/278\n|-heal|p2a: Comfey|88/100|[from] drain|[of] p1a: Altaria\n|move|p1a: Altaria|Brave Bird|p2a: Comfey\n|-damage|p2a: Comfey|43/100\n|-damage|p1a: Altaria|90/278|[from] Recoil\n|\n|-heal|p2a: Comfey|49/100|[from] item: Leftovers\n|upkeep\n|turn|22\n|inactive|Time left: 300 sec this turn | 300 sec total\n|\n|t:|1783535158\n|-terastallize|p1a: Altaria|Steel\n|move|p2a: Comfey|Draining Kiss|p1a: Altaria\n|-resisted|p1a: Altaria\n|-damage|p1a: Altaria|71/278\n|-heal|p2a: Comfey|56/100|[from] drain|[of] p1a: Altaria\n|move|p1a: Altaria|Brave Bird|p2a: Comfey\n|-damage|p2a: Comfey|5/100\n|-damage|p1a: Altaria|33/278|[from] Recoil\n|\n|-heal|p2a: Comfey|11/100|[from] item: Leftovers\n|upkeep\n|turn|23\n|inactive|Time left: 300 sec this turn | 300 sec total\n|\n|t:|1783535159\n|move|p2a: Comfey|Calm Mind|p2a: Comfey\n|-boost|p2a: Comfey|spa|1\n|-boost|p2a: Comfey|spd|1\n|move|p1a: Altaria|Roost|p1a: Altaria\n|-heal|p1a: Altaria|172/278\n|\n|-heal|p2a: Comfey|17/100|[from] item: Leftovers\n|upkeep\n|turn|24\n|inactive|Time left: 300 sec this turn | 300 sec total\n|\n|t:|1783535160\n|move|p2a: Comfey|Giga Drain|p1a: Altaria\n|-resisted|p1a: Altaria\n|-damage|p1a: Altaria|141/278\n|-heal|p2a: Comfey|24/100|[from] drain|[of] p1a: Altaria\n|move|p1a: Altaria|Earthquake|p2a: Comfey\n|-damage|p2a: Comfey|0 fnt\n|faint|p2a: Comfey\n|\n|upkeep\n|\n|t:|1783535161\n|switch|p2a: Scyther|Scyther, L82, M|100/100\n|turn|25\n|inactive|Time left: 300 sec this turn | 300 sec total\n|\n|t:|1783535162\n|switch|p1a: Emboar|Emboar, L84, M|61/322\n|move|p2a: Scyther|Close Combat|p1a: Emboar\n|-damage|p1a: Emboar|0 fnt\n|-unboost|p2a: Scyther|def|1\n|-unboost|p2a: Scyther|spd|1\n|faint|p1a: Emboar\n|\n|upkeep\n|inactive|Time left: 300 sec this turn | 300 sec total | 5 sec grace\n|\n|t:|1783535163\n|switch|p1a: Umbreon|Umbreon, L84, M|97/297\n|turn|26\n|inactive|Time left: 300 sec this turn | 300 sec total\n|\n|t:|1783535164\n|move|p1a: Umbreon|Protect|p1a: Umbreon\n|-singleturn|p1a: Umbreon|Protect\n|move|p2a: Scyther|U-turn|p1a: Umbreon\n|-activate|p1a: Umbreon|move: Protect\n|\n|-heal|p1a: Umbreon|115/297|[from] item: Leftovers\n|upkeep\n|turn|27\n|inactive|Time left: 300 sec this turn | 300 sec total\n|\n|t:|1783535165\n|-terastallize|p2a: Scyther|Fighting\n|move|p1a: Umbreon|Protect||[still]\n|-fail|p1a: Umbreon\n|move|p2a: Scyther|Close Combat|p1a: Umbreon\n|-supereffective|p1a: Umbreon\n|-damage|p1a: Umbreon|0 fnt\n|-unboost|p2a: Scyther|def|1\n|-unboost|p2a: Scyther|spd|1\n|faint|p1a: Umbreon\n|\n|upkeep\n|inactive|Time left: 300 sec this turn | 300 sec total | 5 sec grace\n|\n|t:|1783535165\n|switch|p1a: Cetitan|Cetitan, L82, M|82/413\n|turn|28\n|inactive|Time left: 300 sec this turn | 300 sec total\n|\n|t:|1783535166\n|move|p1a: Cetitan|Ice Shard|p2a: Scyther\n|-damage|p2a: Scyther|48/100\n|-damage|p1a: Cetitan|41/413|[from] item: Life Orb\n|move|p2a: Scyther|Close Combat|p1a: Cetitan\n|-supereffective|p1a: Cetitan\n|-damage|p1a: Cetitan|0 fnt\n|-unboost|p2a: Scyther|def|1\n|-unboost|p2a: Scyther|spd|1\n|faint|p1a: Cetitan\n|\n|upkeep\n|inactive|Time left: 300 sec this turn | 300 sec total | 5 sec grace\n|\n|t:|1783535167\n|switch|p1a: Altaria|Altaria, L89, F, tera:Steel|141/278\n|turn|29\n|inactive|Time left: 300 sec this turn | 300 sec total\n|\n|t:|1783535168\n|move|p2a: Scyther|Close Combat|p1a: Altaria\n|-supereffective|p1a: Altaria\n|-damage|p1a: Altaria|0 fnt\n|-unboost|p2a: Scyther|def|1\n|-unboost|p2a: Scyther|spd|1\n|faint|p1a: Altaria\n|\n|win|p0y1196c76", "uploadtime": 1783535168, "views": 0, "rating": 0, "private": 0, "password": null, "_winner": "p0y1196c76", "_our_name": "p0x1193bb3"}