{"id": "battle-gen9randombattle-928", "formatid": "gen9randombattle", "format": "[Gen 9] Random Battle", "players": ["p0x928a384", "p0y928576b"], "log": "|init|battle\n|title|p0x928a384 vs. p0y928576b\n|j|\u2606p0x928a384\n|j|\u2606p0y928576b\n|t:|1783549908\n|gametype|singles\n|player|p1|p0x928a384|2|\n|player|p2|p0y928576b|1|\n|gen|9\n|tier|[Gen 9] Random Battle\n|rule|Species Clause: Limit one of each Pok\u00e9mon\n|rule|HP Percentage Mod: HP is shown in percentages\n|rule|Sleep Clause Mod: Limit one foe put to sleep\n|rule|Illusion Level Mod: Illusion disguises the Pok\u00e9mon's true level\n|\n|t:|1783549908\n|teamsize|p1|6\n|teamsize|p2|6\n|start\n|switch|p1a: Whimsicott|Whimsicott, L84, M|100/100\n|switch|p2a: Talonflame|Talonflame, L83, M|265/265\n|turn|1\n|inactive|Battle timer is ON: inactive players will automatically lose when time's up. (requested by p0x928a384)\n|inactive|Time left: 300 sec this turn | 300 sec total | 60 sec grace\n|inactive|p0y928576b also wants the timer to be on.\n|\n|t:|1783549910\n|switch|p1a: Lanturn|Lanturn, L89, M|100/100\n|move|p2a: Talonflame|Flare Blitz|p1a: Lanturn\n|-resisted|p1a: Lanturn\n|-damage|p1a: Lanturn|81/100\n|-damage|p2a: Talonflame|242/265|[from] Recoil\n|\n|upkeep\n|turn|2\n|inactive|Time left: 300 sec this turn | 300 sec total\n|\n|t:|1783549911\n|switch|p2a: Gastrodon|Gastrodon-East, L86, M|331/331\n|move|p1a: Lanturn|Scald|p2a: Gastrodon\n|-ability|p2a: Gastrodon|Storm Drain|boost\n|-boost|p2a: Gastrodon|spa|1\n|\n|upkeep\n|turn|3\n|inactive|Time left: 300 sec this turn | 300 sec total\n|\n|t:|1783549913\n|switch|p1a: Amoonguss|Amoonguss, L82, M|100/100\n|move|p2a: Gastrodon|Sludge Bomb|p1a: Amoonguss\n|-crit|p1a: Amoonguss\n|-damage|p1a: Amoonguss|54/100\n|\n|-heal|p1a: Amoonguss|60/100|[from] item: Leftovers\n|upkeep\n|turn|4\n|inactive|Time left: 300 sec this turn | 300 sec total\n|\n|t:|1783549914\n|move|p2a: Gastrodon|Sludge Bomb|p1a: Amoonguss\n|-damage|p1a: Amoonguss|27/100\n|move|p1a: Amoonguss|Giga Drain|p2a: Gastrodon\n|-supereffective|p2a: Gastrodon\n|-damage|p2a: Gastrodon|51/331\n|-heal|p1a: Amoonguss|70/100|[from] drain|[of] p2a: Gastrodon\n|\n|-heal|p2a: Gastrodon|71/331|[from] item: Leftovers\n|-heal|p1a: Amoonguss|77/100|[from] item: Leftovers\n|upkeep\n|turn|5\n|inactive|Time left: 300 sec this turn | 300 sec total\n|\n|t:|1783549915\n|move|p2a: Gastrodon|Earthquake|p1a: Amoonguss\n|-damage|p1a: Amoonguss|39/100\n|move|p1a: Amoonguss|Giga Drain|p2a: Gastrodon\n|-supereffective|p2a: Gastrodon\n|-damage|p2a: Gastrodon|0 fnt\n|-heal|p1a: Amoonguss|50/100|[from] drain|[of] p2a: Gastrodon\n|faint|p2a: Gastrodon\n|\n|-heal|p1a: Amoonguss|57/100|[from] item: Leftovers\n|upkeep\n|inactive|Time left: 300 sec this turn | 300 sec total | 5 sec grace\n|\n|t:|1783549916\n|switch|p2a: Kleavor|Kleavor, L78, F|237/237\n|turn|6\n|inactive|Time left: 300 sec this turn | 300 sec total\n|\n|t:|1783549917\n|switch|p1a: Misdreavus|Misdreavus, L90, F|100/100\n|move|p2a: Kleavor|Stone Axe|p1a: Misdreavus\n|-damage|p1a: Misdreavus|63/100\n|-sidestart|p1: p0x928a384|move: Stealth Rock\n|\n|upkeep\n|turn|7\n|inactive|Time left: 300 sec this turn | 300 sec total\n|\n|t:|1783549918\n|move|p1a: Misdreavus|Will-O-Wisp|p2a: Kleavor\n|-status|p2a: Kleavor|brn\n|move|p2a: Kleavor|Swords Dance|p2a: Kleavor\n|-boost|p2a: Kleavor|atk|2\n|\n|-damage|p2a: Kleavor|223/237 brn|[from] brn\n|upkeep\n|turn|8\n|inactive|Time left: 300 sec this turn | 300 sec total\n|\n|t:|1783549919\n|move|p1a: Misdreavus|Shadow Ball|p2a: Kleavor\n|-damage|p2a: Kleavor|100/237 brn\n|move|p2a: Kleavor|Stone Axe|p1a: Misdreavus\n|-damage|p1a: Misdreavus|25/100\n|\n|-damage|p2a: Kleavor|86/237 brn|[from] brn\n|upkeep\n|turn|9\n|inactive|Time left: 300 sec this turn | 300 sec total\n|\n|t:|1783549921\n|move|p1a: Misdreavus|Shadow Ball|p2a: Kleavor\n|-damage|p2a: Kleavor|0 fnt\n|faint|p2a: Kleavor\n|\n|upkeep\n|inactive|Time left: 300 sec this turn | 300 sec total | 5 sec grace\n|\n|t:|1783549922\n|switch|p2a: Talonflame|Talonflame, L83, M|242/265\n|turn|10\n|inactive|Time left: 300 sec this turn | 300 sec total\n|\n|t:|1783549923\n|switch|p1a: Lanturn|Lanturn, L89, M|81/100\n|move|p2a: Talonflame|Swords Dance|p2a: Talonflame\n|-boost|p2a: Talonflame|atk|2\n|\n|upkeep\n|turn|11\n|inactive|Time left: 300 sec this turn | 300 sec total\n|\n|t:|1783549924\n|-terastallize|p2a: Talonflame|Ground\n|-terastallize|p1a: Lanturn|Flying\n|move|p2a: Talonflame|Tera Blast|p1a: Lanturn|[anim] Tera Blast Ground\n|-immune|p1a: Lanturn\n|move|p1a: Lanturn|Scald|p2a: Talonflame\n|-supereffective|p2a: Talonflame\n|-damage|p2a: Talonflame|50/265\n|\n|upkeep\n|turn|12\n|inactive|Time left: 300 sec this turn | 300 sec total\n|\n|t:|1783549925\n|move|p2a: Talonflame|Flare Blitz|p1a: Lanturn\n|-damage|p1a: Lanturn|2/100\n|-damage|p2a: Talonflame|0 fnt|[from] Recoil\n|faint|p2a: Talonflame\n|move|p1a: Lanturn|Scald|p2: Talonflame|[notarget]\n|-fail|p1a: Lanturn\n|\n|upkeep\n|inactive|Time left: 300 sec this turn | 300 sec total | 5 sec grace\n|\n|t:|1783549926\n|switch|p2a: Pecharunt|Pecharunt, L77|262/262\n|turn|13\n|inactive|Time left: 300 sec this turn | 300 sec total\n|\n|t:|1783549927\n|switch|p1a: Espeon|Espeon, L84, M|100/100\n|-damage|p1a: Espeon|88/100|[from] Stealth Rock\n|move|p2a: Pecharunt|Malignant Chain|p1a: Espeon\n|-damage|p1a: Espeon|59/100\n|-status|p1a: Espeon|tox\n|-start|p1a: Espeon|confusion|[from] ability: Poison Puppeteer|[of] p2a: Pecharunt\n|\n|-damage|p1a: Espeon|53/100 tox|[from] psn\n|upkeep\n|turn|14\n|inactive|Time left: 300 sec this turn | 300 sec total\n|\n|t:|1783549928\n|-activate|p1a: Espeon|confusion\n|-damage|p1a: Espeon|44/100 tox|[from] confusion\n|move|p2a: Pecharunt|Nasty Plot|p2a: Pecharunt\n|-boost|p2a: Pecharunt|spa|2\n|\n|-damage|p1a: Espeon|32/100 tox|[from] psn\n|upkeep\n|turn|15\n|inactive|Time left: 300 sec this turn | 300 sec total\n|\n|t:|1783549929\n|-activate|p1a: Espeon|confusion\n|move|p1a: Espeon|Psychic|p2a: Pecharunt\n|-supereffective|p2a: Pecharunt\n|-damage|p2a: Pecharunt|0 fnt\n|faint|p2a: Pecharunt\n|-damage|p1a: Espeon|22/100 tox|[from] item: Life Orb\n|\n|-damage|p1a: Espeon|4/100 tox|[from] psn\n|upkeep\n|inactive|Time left: 300 sec this turn | 300 sec total | 5 sec grace\n|\n|t:|1783549930\n|switch|p2a: Beartic|Beartic, L91, F|321/321\n|turn|16\n|inactive|Time left: 300 sec this turn | 300 sec total\n|\n|t:|1783549931\n|-end|p1a: Espeon|confusion\n|move|p1a: Espeon|Psychic|p2a: Beartic\n|-damage|p2a: Beartic|168/321\n|-damage|p1a: Espeon|0 fnt|[from] item: Life Orb\n|faint|p1a: Espeon\n|move|p2a: Beartic|Swords Dance|p2a: Beartic\n|-boost|p2a: Beartic|atk|2\n|\n|upkeep\n|\n|t:|1783549932\n|switch|p1a: Whimsicott|Whimsicott, L84, M|100/100\n|-damage|p1a: Whimsicott|88/100|[from] Stealth Rock\n|turn|17\n|inactive|Time left: 300 sec this turn | 300 sec total\n|\n|t:|1783549933\n|move|p1a: Whimsicott|Encore|p2a: Beartic\n|-start|p2a: Beartic|Encore\n|move|p2a: Beartic|Swords Dance|p2a: Beartic\n|-boost|p2a: Beartic|atk|2\n|\n|-heal|p1a: Whimsicott|94/100|[from] item: Leftovers\n|upkeep\n|turn|18\n|inactive|Time left: 300 sec this turn | 300 sec total\n|\n|t:|1783549934\n|switch|p2a: Iron Boulder|Iron Boulder, L77|265/265\n|-enditem|p2a: Iron Boulder|Booster Energy\n|-activate|p2a: Iron Boulder|ability: Quark Drive|[fromitem]\n|-start|p2a: Iron Boulder|quarkdrivespe\n|move|p1a: Whimsicott|Moonblast|p2a: Iron Boulder\n|-damage|p2a: Iron Boulder|178/265\n|\n|-heal|p1a: Whimsicott|99/100|[from] item: Leftovers\n|upkeep\n|turn|19\n|inactive|Time left: 300 sec this turn | 300 sec total\n|\n|t:|1783549935\n|move|p1a: Whimsicott|Leech Seed|p2a: Iron Boulder\n|-start|p2a: Iron Boulder|move: Leech Seed\n|move|p2a: Iron Boulder|Swords Dance|p2a: Iron Boulder\n|-boost|p2a: Iron Boulder|atk|2\n|\n|-heal|p1a: Whimsicott|100/100|[from] item: Leftovers\n|-damage|p2a: Iron Boulder|145/265|[from] Leech Seed|[of] p1a: Whimsicott\n|upkeep\n|turn|20\n|inactive|Time left: 300 sec this turn | 300 sec total\n|\n|t:|1783549936\n|move|p1a: Whimsicott|Encore|p2a: Iron Boulder\n|-start|p2a: Iron Boulder|Encore\n|move|p2a: Iron Boulder|Swords Dance|p2a: Iron Boulder\n|-boost|p2a: Iron Boulder|atk|2\n|\n|-damage|p2a: Iron Boulder|112/265|[from] Leech Seed|[of] p1a: Whimsicott\n|upkeep\n|turn|21\n|inactive|Time left: 300 sec this turn | 300 sec total\n|\n|t:|1783549937\n|-end|p2a: Iron Boulder|Quark Drive|[silent]\n|switch|p2a: Beartic|Beartic, L91, F|168/321\n|move|p1a: Whimsicott|Moonblast|p2a: Beartic\n|-damage|p2a: Beartic|75/321\n|\n|upkeep\n|turn|22\n|inactive|Time left: 300 sec this turn | 300 sec total\n|\n|t:|1783549938\n|move|p1a: Whimsicott|Moonblast|p2a: Beartic\n|-damage|p2a: Beartic|0 fnt\n|faint|p2a: Beartic\n|\n|upkeep\n|inactive|Time left: 300 sec this turn | 300 sec total | 5 sec grace\n|\n|t:|1783549939\n|switch|p2a: Iron Boulder|Iron Boulder, L77|112/265\n|turn|23\n|inactive|Time left: 300 sec this turn | 300 sec total\n|\n|t:|1783549940\n|move|p1a: Whimsicott|Moonblast|p2a: Iron Boulder\n|-damage|p2a: Iron Boulder|30/265\n|move|p2a: Iron Boulder|Zen Headbutt|p1a: Whimsicott\n|-damage|p1a: Whimsicott|64/100\n|\n|-heal|p1a: Whimsicott|69/100|[from] item: Leftovers\n|upkeep\n|turn|24\n|inactive|Time left: 300 sec this turn | 300 sec total\n|\n|t:|1783549941\n|move|p1a: Whimsicott|Moonblast|p2a: Iron Boulder\n|-damage|p2a: Iron Boulder|0 fnt\n|faint|p2a: Iron Boulder\n|-end|p2a: Iron Boulder|Quark Drive|[silent]\n|\n|win|p0x928a384", "uploadtime": 1783549941, "views": 0, "rating": 0, "private": 0, "password": null, "_winner": "p0x928a384", "_our_name": "p0y928576b"}