{"id": "battle-gen9randombattle-2411", "formatid": "gen9randombattle", "format": "[Gen 9] Random Battle", "players": ["p0x241123ed", "p0y2411a47b"], "log": "|init|battle\n|title|p0x241123ed vs. p0y2411a47b\n|j|\u2606p0x241123ed\n|j|\u2606p0y2411a47b\n|t:|1783567977\n|gametype|singles\n|player|p1|p0x241123ed|170|\n|player|p2|p0y2411a47b|170|\n|gen|9\n|tier|[Gen 9] Random Battle\n|rule|Species Clause: Limit one of each Pok\u00e9mon\n|rule|HP Percentage Mod: HP is shown in percentages\n|rule|Sleep Clause Mod: Limit one foe put to sleep\n|rule|Illusion Level Mod: Illusion disguises the Pok\u00e9mon's true level\n|\n|t:|1783567977\n|teamsize|p1|6\n|teamsize|p2|6\n|start\n|switch|p1a: Scyther|Scyther, L82, M|249/249\n|switch|p2a: Ditto|Ditto, L87|100/100\n|-transform|p2a: Ditto|p1a: Scyther|[from] ability: Imposter\n|turn|1\n|inactive|Battle timer is ON: inactive players will automatically lose when time's up. (requested by p0x241123ed)\n|inactive|p0y2411a47b also wants the timer to be on.\n|\n|t:|1783567978\n|switch|p2a: Mimikyu|Mimikyu, L79, M|100/100\n|switch|p1a: Slaking|Slaking, L84, M|389/389\n|\n|upkeep\n|turn|2\n|inactive|Time left: 300 sec this turn | 300 sec total\n|\n|t:|1783567980\n|move|p1a: Slaking|Knock Off|p2a: Mimikyu\n|-activate|p2a: Mimikyu|ability: Disguise\n|-damage|p2a: Mimikyu|100/100\n|-enditem|p2a: Mimikyu|Life Orb|[from] move: Knock Off|[of] p1a: Slaking\n|detailschange|p2a: Mimikyu|Mimikyu-Busted, L79, M\n|-damage|p2a: Mimikyu|88/100|[from] pokemon: Mimikyu-Busted\n|move|p2a: Mimikyu|Swords Dance|p2a: Mimikyu\n|-boost|p2a: Mimikyu|atk|2\n|\n|upkeep\n|turn|3\n|inactive|Time left: 300 sec this turn | 300 sec total\n|\n|t:|1783567981\n|switch|p1a: Incineroar|Incineroar, L82, F|290/290\n|-ability|p1a: Incineroar|Intimidate|boost\n|-unboost|p2a: Mimikyu|atk|1\n|move|p2a: Mimikyu|Play Rough|p1a: Incineroar\n|-damage|p1a: Incineroar|175/290\n|\n|upkeep\n|turn|4\n|inactive|Time left: 300 sec this turn | 300 sec total\n|\n|t:|1783567982\n|move|p2a: Mimikyu|Play Rough|p1a: Incineroar\n|-damage|p1a: Incineroar|49/290\n|move|p1a: Incineroar|Flare Blitz|p2a: Mimikyu\n|-damage|p2a: Mimikyu|15/100\n|-damage|p1a: Incineroar|0 fnt|[from] Recoil\n|faint|p1a: Incineroar\n|\n|upkeep\n|inactive|Time left: 300 sec this turn | 300 sec total | 5 sec grace\n|\n|t:|1783567983\n|switch|p1a: Slaking|Slaking, L84, M|389/389\n|turn|5\n|inactive|Time left: 300 sec this turn | 300 sec total\n|\n|t:|1783567984\n|move|p1a: Slaking|Earthquake|p2a: Mimikyu\n|-damage|p2a: Mimikyu|0 fnt\n|faint|p2a: Mimikyu\n|\n|upkeep\n|\n|t:|1783567985\n|switch|p2a: Azumarill|Azumarill, L82, M|100/100\n|turn|6\n|inactive|Time left: 300 sec this turn | 300 sec total\n|\n|t:|1783567986\n|switch|p1a: Milotic|Milotic, L83, F|293/293\n|move|p2a: Azumarill|Play Rough|p1a: Milotic\n|-damage|p1a: Milotic|101/293\n|\n|-heal|p1a: Milotic|119/293|[from] item: Leftovers\n|upkeep\n|turn|7\n|inactive|Time left: 300 sec this turn | 300 sec total\n|\n|t:|1783567988\n|switch|p1a: Slaking|Slaking, L84, M|389/389\n|move|p2a: Azumarill|Play Rough|p1a: Slaking\n|-damage|p1a: Slaking|227/389\n|\n|upkeep\n|turn|8\n|inactive|Time left: 300 sec this turn | 300 sec total\n|\n|t:|1783567989\n|switch|p2a: Ceruledge|Ceruledge, L78, F|100/100\n|move|p1a: Slaking|Giga Impact|p2a: Ceruledge\n|-immune|p2a: Ceruledge\n|\n|upkeep\n|turn|9\n|inactive|Time left: 300 sec this turn | 300 sec total\n|\n|t:|1783567990\n|switch|p1a: Mightyena|Mightyena, L96, M|290/290\n|-ability|p1a: Mightyena|Intimidate|boost\n|-unboost|p2a: Ceruledge|atk|1\n|move|p2a: Ceruledge|Swords Dance|p2a: Ceruledge\n|-boost|p2a: Ceruledge|atk|2\n|\n|upkeep\n|turn|10\n|inactive|Time left: 300 sec this turn | 300 sec total\n|\n|t:|1783567991\n|-terastallize|p2a: Ceruledge|Fighting\n|move|p1a: Mightyena|Crunch|p2a: Ceruledge\n|-resisted|p2a: Ceruledge\n|-crit|p2a: Ceruledge\n|-damage|p2a: Ceruledge|65/100\n|-unboost|p2a: Ceruledge|def|1\n|-ability|p2a: Ceruledge|Weak Armor|boost\n|-unboost|p2a: Ceruledge|def|1\n|-boost|p2a: Ceruledge|spe|2\n|move|p2a: Ceruledge|Close Combat|p1a: Mightyena\n|-supereffective|p1a: Mightyena\n|-damage|p1a: Mightyena|0 fnt\n|-unboost|p2a: Ceruledge|def|1\n|-unboost|p2a: Ceruledge|spd|1\n|faint|p1a: Mightyena\n|\n|upkeep\n|inactive|Time left: 300 sec this turn | 300 sec total | 5 sec grace\n|\n|t:|1783567992\n|switch|p1a: Swalot|Swalot, L90, M|326/326\n|turn|11\n|inactive|Time left: 300 sec this turn | 300 sec total\n|\n|t:|1783567993\n|move|p2a: Ceruledge|Poltergeist|p1a: Swalot\n|-activate|p1a: Swalot|move: Poltergeist|Leftovers\n|-damage|p1a: Swalot|143/326\n|move|p1a: Swalot|Sludge Bomb|p2a: Ceruledge\n|-damage|p2a: Ceruledge|9/100\n|\n|-heal|p1a: Swalot|163/326|[from] item: Leftovers\n|upkeep\n|turn|12\n|inactive|Time left: 300 sec this turn | 300 sec total\n|\n|t:|1783567994\n|move|p2a: Ceruledge|Poltergeist|p1a: Swalot\n|-activate|p1a: Swalot|move: Poltergeist|Leftovers\n|-damage|p1a: Swalot|0 fnt\n|faint|p1a: Swalot\n|\n|upkeep\n|inactive|Time left: 300 sec this turn | 300 sec total | 5 sec grace\n|\n|t:|1783567995\n|switch|p1a: Scyther|Scyther, L82, M|249/249\n|turn|13\n|inactive|Time left: 300 sec this turn | 300 sec total\n|\n|t:|1783567996\n|-terastallize|p1a: Scyther|Fighting\n|move|p2a: Ceruledge|Bitter Blade|p1a: Scyther\n|-damage|p1a: Scyther|77/249\n|-heal|p2a: Ceruledge|45/100|[from] drain|[of] p1a: Scyther\n|move|p1a: Scyther|U-turn|p2a: Ceruledge\n|-resisted|p2a: Ceruledge\n|-damage|p2a: Ceruledge|0 fnt\n|faint|p2a: Ceruledge\n|inactive|Time left: 300 sec this turn | 300 sec total | 5 sec grace\n|\n|t:|1783567997\n|switch|p1a: Slaking|Slaking, L84, M|227/389|[from] U-turn\n|\n|upkeep\n|\n|t:|1783567998\n|switch|p2a: Morpeko|Morpeko, L88, M|100/100\n|turn|14\n|inactive|Time left: 300 sec this turn | 300 sec total\n|\n|t:|1783567999\n|move|p2a: Morpeko|Protect|p2a: Morpeko\n|-singleturn|p2a: Morpeko|Protect\n|move|p1a: Slaking|Giga Impact|p2a: Morpeko\n|-activate|p2a: Morpeko|move: Protect\n|\n|-formechange|p2a: Morpeko|Morpeko-Hangry||[from] ability: Hunger Switch\n|upkeep\n|turn|15\n|inactive|Time left: 300 sec this turn | 300 sec total\n|\n|t:|1783568000\n|switch|p1a: Milotic|Milotic, L83, F|119/293\n|move|p2a: Morpeko|Aura Wheel|p1a: Milotic\n|-damage|p1a: Milotic|0 fnt\n|-boost|p2a: Morpeko|spe|1\n|faint|p1a: Milotic\n|\n|-formechange|p2a: Morpeko|Morpeko||[from] ability: Hunger Switch\n|upkeep\n|inactive|Time left: 300 sec this turn | 300 sec total | 5 sec grace\n|\n|t:|1783568001\n|switch|p1a: Slaking|Slaking, L84, M|227/389\n|turn|16\n|inactive|Time left: 300 sec this turn | 300 sec total\n|\n|t:|1783568002\n|move|p2a: Morpeko|Knock Off|p1a: Slaking\n|-damage|p1a: Slaking|133/389\n|-enditem|p1a: Slaking|Choice Band|[from] move: Knock Off|[of] p2a: Morpeko\n|move|p1a: Slaking|Giga Impact|p2a: Morpeko\n|-damage|p2a: Morpeko|0 fnt\n|-mustrecharge|p1a: Slaking\n|faint|p2a: Morpeko\n|\n|upkeep\n|\n|t:|1783568003\n|switch|p2a: Azumarill|Azumarill, L82, M|100/100\n|turn|17\n|inactive|Time left: 300 sec this turn | 300 sec total\n|\n|t:|1783568004\n|cant|p1a: Slaking|recharge\n|move|p2a: Azumarill|Liquidation|p1a: Slaking\n|-damage|p1a: Slaking|0 fnt\n|faint|p1a: Slaking\n|\n|upkeep\n|inactive|Time left: 300 sec this turn | 300 sec total | 5 sec grace\n|\n|t:|1783568004\n|switch|p1a: Scyther|Scyther, L82, M, tera:Fighting|77/249\n|turn|18\n|inactive|Time left: 300 sec this turn | 300 sec total\n|\n|t:|1783568005\n|move|p1a: Scyther|Defog|p2a: Azumarill\n|-unboost|p2a: Azumarill|evasion|1\n|move|p2a: Azumarill|Liquidation|p1a: Scyther\n|-damage|p1a: Scyther|0 fnt\n|faint|p1a: Scyther\n|\n|win|p0y2411a47b", "uploadtime": 1783568005, "views": 0, "rating": 0, "private": 0, "password": null, "_winner": "p0y2411a47b", "_our_name": "p0x241123ed"}