{"id": "battle-gen9randombattle-2462", "formatid": "gen9randombattle", "format": "[Gen 9] Random Battle", "players": ["p0x2462d2a9", "p0y2462fd55"], "log": "|init|battle\n|title|p0x2462d2a9 vs. p0y2462fd55\n|j|\u2606p0x2462d2a9\n|j|\u2606p0y2462fd55\n|t:|1783567576\n|gametype|singles\n|player|p1|p0x2462d2a9|170|\n|player|p2|p0y2462fd55|1|\n|gen|9\n|tier|[Gen 9] Random Battle\n|rule|Species Clause: Limit one of each Pok\u00e9mon\n|rule|HP Percentage Mod: HP is shown in percentages\n|rule|Sleep Clause Mod: Limit one foe put to sleep\n|rule|Illusion Level Mod: Illusion disguises the Pok\u00e9mon's true level\n|\n|t:|1783567576\n|teamsize|p1|6\n|teamsize|p2|6\n|start\n|switch|p1a: Comfey|Comfey, L85, M|100/100\n|switch|p2a: Iron Treads|Iron Treads, L77|265/265\n|turn|1\n|inactive|Battle timer is ON: inactive players will automatically lose when time's up. (requested by p0y2462fd55)\n|\n|t:|1783567578\n|switch|p1a: Meganium|Meganium, L90, F|100/100\n|move|p2a: Iron Treads|Earthquake|p1a: Meganium\n|-resisted|p1a: Meganium\n|-damage|p1a: Meganium|86/100\n|\n|-heal|p1a: Meganium|92/100|[from] item: Leftovers\n|upkeep\n|turn|2\n|inactive|Time left: 300 sec this turn | 300 sec total\n|inactive|p0x2462d2a9 also wants the timer to be on.\n|\n|t:|1783567580\n|move|p2a: Iron Treads|Knock Off|p1a: Meganium\n|-damage|p1a: Meganium|74/100\n|-enditem|p1a: Meganium|Leftovers|[from] move: Knock Off|[of] p2a: Iron Treads\n|move|p1a: Meganium|Swords Dance|p1a: Meganium\n|-boost|p1a: Meganium|atk|2\n|\n|upkeep\n|turn|3\n|inactive|Time left: 300 sec this turn | 300 sec total\n|\n|t:|1783567581\n|move|p2a: Iron Treads|Iron Head|p1a: Meganium\n|-damage|p1a: Meganium|49/100\n|cant|p1a: Meganium|flinch\n|\n|upkeep\n|turn|4\n|inactive|Time left: 300 sec this turn | 300 sec total\n|\n|t:|1783567582\n|move|p2a: Iron Treads|Iron Head|p1a: Meganium\n|-damage|p1a: Meganium|27/100\n|move|p1a: Meganium|Earthquake|p2a: Iron Treads\n|-supereffective|p2a: Iron Treads\n|-damage|p2a: Iron Treads|15/265\n|\n|upkeep\n|turn|5\n|inactive|Time left: 300 sec this turn | 300 sec total\n|\n|t:|1783567583\n|move|p2a: Iron Treads|Iron Head|p1a: Meganium\n|-damage|p1a: Meganium|5/100\n|move|p1a: Meganium|Petal Blizzard|p2a: Iron Treads\n|-damage|p2a: Iron Treads|0 fnt\n|faint|p2a: Iron Treads\n|-end|p2a: Iron Treads|Quark Drive|[silent]\n|\n|upkeep\n|inactive|Time left: 300 sec this turn | 300 sec total | 5 sec grace\n|\n|t:|1783567584\n|switch|p2a: Lucario|Lucario, L84, F|255/255\n|turn|6\n|inactive|Time left: 300 sec this turn | 300 sec total\n|\n|t:|1783567585\n|move|p2a: Lucario|Meteor Mash|p1a: Meganium\n|-damage|p1a: Meganium|0 fnt\n|faint|p1a: Meganium\n|\n|upkeep\n|\n|t:|1783567586\n|switch|p1a: Gurdurr|Gurdurr, L85, F|100/100\n|turn|7\n|inactive|Time left: 300 sec this turn | 300 sec total\n|\n|t:|1783567587\n|switch|p2a: Tauros|Tauros-Paldea-Aqua, L81, M|254/254\n|-ability|p2a: Tauros|Intimidate|boost\n|-unboost|p1a: Gurdurr|atk|1\n|move|p1a: Gurdurr|Bulk Up|p1a: Gurdurr\n|-boost|p1a: Gurdurr|atk|1\n|-boost|p1a: Gurdurr|def|1\n|\n|upkeep\n|turn|8\n|inactive|Time left: 300 sec this turn | 300 sec total\n|\n|t:|1783567588\n|move|p2a: Tauros|Bulk Up|p2a: Tauros\n|-boost|p2a: Tauros|atk|1\n|-boost|p2a: Tauros|def|1\n|move|p1a: Gurdurr|Bulk Up|p1a: Gurdurr\n|-boost|p1a: Gurdurr|atk|1\n|-boost|p1a: Gurdurr|def|1\n|\n|upkeep\n|turn|9\n|inactive|Time left: 300 sec this turn | 300 sec total\n|\n|t:|1783567589\n|move|p2a: Tauros|Bulk Up|p2a: Tauros\n|-boost|p2a: Tauros|atk|1\n|-boost|p2a: Tauros|def|1\n|move|p1a: Gurdurr|Drain Punch|p2a: Tauros\n|-damage|p2a: Tauros|194/254\n|\n|upkeep\n|turn|10\n|inactive|Time left: 300 sec this turn | 300 sec total\n|\n|t:|1783567590\n|move|p2a: Tauros|Bulk Up|p2a: Tauros\n|-boost|p2a: Tauros|atk|1\n|-boost|p2a: Tauros|def|1\n|move|p1a: Gurdurr|Bulk Up|p1a: Gurdurr\n|-boost|p1a: Gurdurr|atk|1\n|-boost|p1a: Gurdurr|def|1\n|\n|upkeep\n|turn|11\n|inactive|Time left: 300 sec this turn | 300 sec total\n|\n|t:|1783567591\n|move|p2a: Tauros|Bulk Up|p2a: Tauros\n|-boost|p2a: Tauros|atk|1\n|-boost|p2a: Tauros|def|1\n|move|p1a: Gurdurr|Drain Punch|p2a: Tauros\n|-damage|p2a: Tauros|142/254\n|\n|upkeep\n|turn|12\n|inactive|Time left: 300 sec this turn | 300 sec total\n|\n|t:|1783567592\n|move|p2a: Tauros|Liquidation|p1a: Gurdurr\n|-damage|p1a: Gurdurr|65/100\n|-damage|p2a: Tauros|117/254|[from] item: Life Orb\n|move|p1a: Gurdurr|Drain Punch|p2a: Tauros\n|-damage|p2a: Tauros|63/254\n|-heal|p1a: Gurdurr|74/100|[from] drain|[of] p2a: Tauros\n|\n|upkeep\n|turn|13\n|inactive|Time left: 300 sec this turn | 300 sec total\n|\n|t:|1783567593\n|move|p2a: Tauros|Close Combat|p1a: Gurdurr\n|-damage|p1a: Gurdurr|27/100\n|-unboost|p2a: Tauros|def|1\n|-unboost|p2a: Tauros|spd|1\n|-damage|p2a: Tauros|38/254|[from] item: Life Orb\n|move|p1a: Gurdurr|Drain Punch|p2a: Tauros\n|-damage|p2a: Tauros|0 fnt\n|-heal|p1a: Gurdurr|34/100|[from] drain|[of] p2a: Tauros\n|faint|p2a: Tauros\n|\n|upkeep\n|inactive|Time left: 300 sec this turn | 300 sec total | 5 sec grace\n|\n|t:|1783567594\n|switch|p2a: Dragapult|Dragapult, L77, M|262/262\n|turn|14\n|inactive|Time left: 300 sec this turn | 300 sec total\n|\n|t:|1783567595\n|move|p2a: Dragapult|Shadow Ball|p1a: Gurdurr\n|-damage|p1a: Gurdurr|0 fnt\n|faint|p1a: Gurdurr\n|\n|upkeep\n|\n|t:|1783567596\n|switch|p1a: Comfey|Comfey, L85, M|100/100\n|turn|15\n|inactive|Time left: 300 sec this turn | 300 sec total\n|\n|t:|1783567597\n|move|p2a: Dragapult|Shadow Ball|p1a: Comfey\n|-damage|p1a: Comfey|56/100\n|move|p1a: Comfey|Calm Mind|p1a: Comfey\n|-boost|p1a: Comfey|spa|1\n|-boost|p1a: Comfey|spd|1\n|\n|-heal|p1a: Comfey|63/100|[from] item: Leftovers\n|upkeep\n|turn|16\n|inactive|Time left: 300 sec this turn | 300 sec total\n|\n|t:|1783567598\n|switch|p2a: Lucario|Lucario, L84, F|255/255\n|move|p1a: Comfey|Draining Kiss|p2a: Lucario\n|-damage|p2a: Lucario|171/255\n|-heal|p1a: Comfey|91/100|[from] drain|[of] p2a: Lucario\n|\n|-heal|p1a: Comfey|97/100|[from] item: Leftovers\n|upkeep\n|turn|17\n|inactive|Time left: 300 sec this turn | 300 sec total\n|\n|t:|1783567598\n|switch|p1a: Gholdengo|Gholdengo, L77|100/100\n|move|p2a: Lucario|Meteor Mash|p1a: Gholdengo\n|-resisted|p1a: Gholdengo\n|-damage|p1a: Gholdengo|70/100\n|\n|-heal|p1a: Gholdengo|76/100|[from] item: Leftovers\n|upkeep\n|turn|18\n|inactive|Time left: 300 sec this turn | 300 sec total\n|\n|t:|1783567599\n|move|p2a: Lucario|Meteor Mash|p1a: Gholdengo\n|-resisted|p1a: Gholdengo\n|-crit|p1a: Gholdengo\n|-damage|p1a: Gholdengo|32/100\n|move|p1a: Gholdengo|Nasty Plot|p1a: Gholdengo\n|-boost|p1a: Gholdengo|spa|2\n|\n|-heal|p1a: Gholdengo|38/100|[from] item: Leftovers\n|upkeep\n|turn|19\n|inactive|Time left: 300 sec this turn | 300 sec total\n|\n|t:|1783567600\n|move|p2a: Lucario|Meteor Mash|p1a: Gholdengo\n|-resisted|p1a: Gholdengo\n|-damage|p1a: Gholdengo|7/100\n|move|p1a: Gholdengo|Recover|p1a: Gholdengo\n|-heal|p1a: Gholdengo|57/100\n|\n|-heal|p1a: Gholdengo|63/100|[from] item: Leftovers\n|upkeep\n|turn|20\n|inactive|Time left: 300 sec this turn | 300 sec total\n|\n|t:|1783567601\n|move|p2a: Lucario|Meteor Mash|p1a: Gholdengo\n|-resisted|p1a: Gholdengo\n|-damage|p1a: Gholdengo|33/100\n|move|p1a: Gholdengo|Shadow Ball|p2a: Lucario\n|-damage|p2a: Lucario|0 fnt\n|faint|p2a: Lucario\n|\n|-heal|p1a: Gholdengo|40/100|[from] item: Leftovers\n|upkeep\n|inactive|Time left: 300 sec this turn | 300 sec total | 5 sec grace\n|\n|t:|1783567603\n|switch|p2a: Dragapult|Dragapult, L77, M|262/262\n|turn|21\n|inactive|Time left: 300 sec this turn | 300 sec total\n|\n|t:|1783567604\n|switch|p1a: Comfey|Comfey, L85, M|97/100\n|move|p2a: Dragapult|Shadow Ball|p1a: Comfey\n|-damage|p1a: Comfey|54/100\n|-unboost|p1a: Comfey|spd|1\n|\n|-heal|p1a: Comfey|60/100|[from] item: Leftovers\n|upkeep\n|turn|22\n|inactive|Time left: 300 sec this turn | 300 sec total\n|\n|t:|1783567605\n|move|p1a: Comfey|Draining Kiss|p2a: Dragapult\n|-supereffective|p2a: Dragapult\n|-damage|p2a: Dragapult|134/262\n|-heal|p1a: Comfey|100/100|[from] drain|[of] p2a: Dragapult\n|move|p2a: Dragapult|Shadow Ball|p1a: Comfey\n|-damage|p1a: Comfey|44/100\n|\n|-heal|p1a: Comfey|50/100|[from] item: Leftovers\n|upkeep\n|turn|23\n|inactive|Time left: 300 sec this turn | 300 sec total\n|\n|t:|1783567606\n|-terastallize|p2a: Dragapult|Fire\n|-terastallize|p1a: Comfey|Fairy\n|move|p1a: Comfey|Draining Kiss|p2a: Dragapult\n|-resisted|p2a: Dragapult\n|-damage|p2a: Dragapult|85/262\n|-heal|p1a: Comfey|67/100|[from] drain|[of] p2a: Dragapult\n|move|p2a: Dragapult|Shadow Ball|p1a: Comfey\n|-damage|p1a: Comfey|3/100\n|\n|-heal|p1a: Comfey|9/100|[from] item: Leftovers\n|upkeep\n|turn|24\n|inactive|Time left: 300 sec this turn | 300 sec total\n|\n|t:|1783567607\n|move|p1a: Comfey|Draining Kiss|p2a: Dragapult\n|-resisted|p2a: Dragapult\n|-damage|p2a: Dragapult|41/262\n|-heal|p1a: Comfey|24/100|[from] drain|[of] p2a: Dragapult\n|move|p2a: Dragapult|Shadow Ball|p1a: Comfey\n|-damage|p1a: Comfey|0 fnt\n|faint|p1a: Comfey\n|\n|upkeep\n|\n|t:|1783567608\n|switch|p1a: Ogerpon|Ogerpon-Cornerstone, L76, F|100/100\n|turn|25\n|inactive|Time left: 300 sec this turn | 300 sec total\n|\n|t:|1783567609\n|move|p2a: Dragapult|Shadow Ball|p1a: Ogerpon\n|-damage|p1a: Ogerpon|51/100\n|-unboost|p1a: Ogerpon|spd|1\n|move|p1a: Ogerpon|Ivy Cudgel|p2a: Dragapult|[anim] Ivy Cudgel Rock\n|-supereffective|p2a: Dragapult\n|-damage|p2a: Dragapult|0 fnt\n|faint|p2a: Dragapult\n|\n|upkeep\n|inactive|Time left: 300 sec this turn | 300 sec total | 5 sec grace\n|\n|t:|1783567610\n|switch|p2a: Delphox|Delphox, L84, M|263/263\n|turn|26\n|inactive|Time left: 300 sec this turn | 300 sec total\n|\n|t:|1783567611\n|move|p2a: Delphox|Fire Blast|p1a: Ogerpon\n|-damage|p1a: Ogerpon|0 fnt\n|faint|p1a: Ogerpon\n|\n|upkeep\n|\n|t:|1783567612\n|switch|p1a: Pachirisu|Pachirisu, L96, M|100/100\n|turn|27\n|inactive|Time left: 300 sec this turn | 300 sec total\n|\n|t:|1783567612\n|move|p1a: Pachirisu|Discharge|p2a: Delphox\n|-damage|p2a: Delphox|209/263\n|move|p2a: Delphox|Fire Blast|p1a: Pachirisu\n|-damage|p1a: Pachirisu|55/100\n|\n|upkeep\n|turn|28\n|inactive|Time left: 300 sec this turn | 300 sec total\n|\n|t:|1783567613\n|move|p1a: Pachirisu|Discharge|p2a: Delphox\n|-damage|p2a: Delphox|145/263\n|move|p2a: Delphox|Fire Blast|p1a: Pachirisu\n|-damage|p1a: Pachirisu|13/100\n|\n|upkeep\n|turn|29\n|inactive|Time left: 300 sec this turn | 300 sec total\n|\n|t:|1783567614\n|move|p1a: Pachirisu|Discharge|p2a: Delphox\n|-damage|p2a: Delphox|82/263\n|move|p2a: Delphox|Fire Blast|p1a: Pachirisu|[miss]\n|-miss|p2a: Delphox|p1a: Pachirisu\n|\n|upkeep\n|turn|30\n|inactive|Time left: 300 sec this turn | 300 sec total\n|\n|t:|1783567615\n|move|p1a: Pachirisu|Discharge|p2a: Delphox\n|-crit|p2a: Delphox\n|-damage|p2a: Delphox|0 fnt\n|faint|p2a: Delphox\n|\n|upkeep\n|inactive|Time left: 300 sec this turn | 300 sec total | 5 sec grace\n|\n|t:|1783567616\n|switch|p2a: Lumineon|Lumineon, L93, M|279/279\n|turn|31\n|inactive|Time left: 300 sec this turn | 300 sec total\n|\n|t:|1783567617\n|move|p1a: Pachirisu|Discharge|p2a: Lumineon\n|-supereffective|p2a: Lumineon\n|-damage|p2a: Lumineon|165/279\n|move|p2a: Lumineon|Ice Beam|p1a: Pachirisu\n|-damage|p1a: Pachirisu|0 fnt\n|faint|p1a: Pachirisu\n|\n|upkeep\n|\n|t:|1783567618\n|switch|p1a: Gholdengo|Gholdengo, L77|40/100\n|turn|32\n|inactive|Time left: 300 sec this turn | 300 sec total\n|\n|t:|1783567619\n|move|p2a: Lumineon|Hydro Pump|p1a: Gholdengo\n|-damage|p1a: Gholdengo|0 fnt\n|faint|p1a: Gholdengo\n|\n|win|p0y2462fd55", "uploadtime": 1783567619, "views": 0, "rating": 0, "private": 0, "password": null, "_winner": "p0y2462fd55", "_our_name": "p0y2462fd55"}