{"id": "battle-gen9randombattle-191", "formatid": "gen9randombattle", "format": "[Gen 9] Random Battle", "players": ["p0x19195f3", "p0y19174bd"], "log": "|init|battle\n|title|p0x19195f3 vs. p0y19174bd\n|j|\u2606p0x19195f3\n|j|\u2606p0y19174bd\n|t:|1783541309\n|gametype|singles\n|player|p1|p0x19195f3|102|\n|player|p2|p0y19174bd|170|\n|gen|9\n|tier|[Gen 9] Random Battle\n|rule|Species Clause: Limit one of each Pok\u00e9mon\n|rule|HP Percentage Mod: HP is shown in percentages\n|rule|Sleep Clause Mod: Limit one foe put to sleep\n|rule|Illusion Level Mod: Illusion disguises the Pok\u00e9mon's true level\n|\n|t:|1783541309\n|teamsize|p1|6\n|teamsize|p2|6\n|start\n|switch|p1a: Mandibuzz|Mandibuzz, L85, F|326/326\n|switch|p2a: Smeargle|Smeargle, L95, F|100/100\n|turn|1\n|inactive|Battle timer is ON: inactive players will automatically lose when time's up. (requested by p0x19195f3)\n|inactive|p0y19174bd also wants the timer to be on.\n|\n|t:|1783541310\n|move|p2a: Smeargle|Shell Smash|p2a: Smeargle\n|-unboost|p2a: Smeargle|def|1\n|-unboost|p2a: Smeargle|spd|1\n|-boost|p2a: Smeargle|atk|2\n|-boost|p2a: Smeargle|spa|2\n|-boost|p2a: Smeargle|spe|2\n|move|p1a: Mandibuzz|Toxic|p2a: Smeargle\n|-status|p2a: Smeargle|tox\n|\n|-damage|p2a: Smeargle|94/100 tox|[from] psn\n|upkeep\n|turn|2\n|inactive|Time left: 300 sec this turn | 300 sec total\n|\n|t:|1783541312\n|-terastallize|p2a: Smeargle|Normal\n|move|p2a: Smeargle|Population Bomb|p1a: Mandibuzz\n|-damage|p1a: Mandibuzz|286/326\n|-damage|p1a: Mandibuzz|248/326\n|-damage|p1a: Mandibuzz|212/326\n|-damage|p1a: Mandibuzz|176/326\n|-damage|p1a: Mandibuzz|140/326\n|-damage|p1a: Mandibuzz|104/326\n|-damage|p1a: Mandibuzz|68/326\n|-damage|p1a: Mandibuzz|28/326\n|-damage|p1a: Mandibuzz|0 fnt\n|faint|p1a: Mandibuzz\n|-hitcount|p1: Mandibuzz|9\n|\n|-damage|p2a: Smeargle|82/100 tox|[from] psn\n|upkeep\n|inactive|Time left: 300 sec this turn | 300 sec total | 5 sec grace\n|\n|t:|1783541312\n|switch|p1a: Lucario|Lucario, L84, F|255/255\n|turn|3\n|inactive|Time left: 300 sec this turn | 300 sec total\n|\n|t:|1783541314\n|-terastallize|p1a: Lucario|Normal\n|move|p1a: Lucario|Extreme Speed|p2a: Smeargle\n|-damage|p2a: Smeargle|0 fnt\n|faint|p2a: Smeargle\n|-damage|p1a: Lucario|230/255|[from] item: Life Orb\n|\n|upkeep\n|\n|t:|1783541315\n|switch|p2a: Shaymin|Shaymin, L82|100/100\n|turn|4\n|inactive|Time left: 300 sec this turn | 300 sec total\n|\n|t:|1783541316\n|move|p2a: Shaymin|Seed Flare|p1a: Lucario\n|-damage|p1a: Lucario|92/255\n|move|p1a: Lucario|Swords Dance|p1a: Lucario\n|-boost|p1a: Lucario|atk|2\n|\n|upkeep\n|turn|5\n|inactive|Time left: 300 sec this turn | 300 sec total\n|\n|t:|1783541317\n|move|p1a: Lucario|Extreme Speed|p2a: Shaymin\n|-damage|p2a: Shaymin|25/100\n|-damage|p1a: Lucario|67/255|[from] item: Life Orb\n|move|p2a: Shaymin|Seed Flare|p1a: Lucario\n|-damage|p1a: Lucario|0 fnt\n|faint|p1a: Lucario\n|\n|-heal|p2a: Shaymin|31/100|[from] item: Leftovers\n|upkeep\n|inactive|Time left: 300 sec this turn | 300 sec total | 5 sec grace\n|\n|t:|1783541318\n|switch|p1a: Torterra|Torterra, L78, M|276/276\n|turn|6\n|inactive|Time left: 300 sec this turn | 300 sec total\n|\n|t:|1783541319\n|move|p2a: Shaymin|Air Slash|p1a: Torterra|[miss]\n|-miss|p2a: Shaymin|p1a: Torterra\n|move|p1a: Torterra|Shell Smash|p1a: Torterra\n|-unboost|p1a: Torterra|def|1\n|-unboost|p1a: Torterra|spd|1\n|-boost|p1a: Torterra|atk|2\n|-boost|p1a: Torterra|spa|2\n|-boost|p1a: Torterra|spe|2\n|\n|-heal|p2a: Shaymin|37/100|[from] item: Leftovers\n|upkeep\n|turn|7\n|inactive|Time left: 300 sec this turn | 300 sec total\n|\n|t:|1783541320\n|move|p1a: Torterra|Rock Blast|p2a: Shaymin|[miss]\n|-miss|p1a: Torterra|p2a: Shaymin\n|move|p2a: Shaymin|Seed Flare|p1a: Torterra\n|-damage|p1a: Torterra|59/276\n|\n|-heal|p2a: Shaymin|43/100|[from] item: Leftovers\n|upkeep\n|turn|8\n|inactive|Time left: 300 sec this turn | 300 sec total\n|\n|t:|1783541321\n|move|p1a: Torterra|Bullet Seed|p2a: Shaymin\n|-resisted|p2a: Shaymin\n|-damage|p2a: Shaymin|31/100\n|-resisted|p2a: Shaymin\n|-damage|p2a: Shaymin|20/100\n|-resisted|p2a: Shaymin\n|-damage|p2a: Shaymin|8/100\n|-resisted|p2a: Shaymin\n|-damage|p2a: Shaymin|0 fnt\n|faint|p2a: Shaymin\n|-hitcount|p2: Shaymin|4\n|\n|upkeep\n|\n|t:|1783541322\n|switch|p2a: Electivire|Electivire, L84, F|100/100\n|turn|9\n|inactive|Time left: 300 sec this turn | 300 sec total\n|\n|t:|1783541323\n|move|p2a: Electivire|Knock Off|p1a: Torterra\n|-damage|p1a: Torterra|0 fnt\n|-enditem|p1a: Torterra|Loaded Dice|[from] move: Knock Off|[of] p2a: Electivire\n|faint|p1a: Torterra\n|\n|upkeep\n|inactive|Time left: 300 sec this turn | 300 sec total | 5 sec grace\n|\n|t:|1783541324\n|switch|p1a: Kommo-o|Kommo-o, L77, M|242/242\n|turn|10\n|inactive|Time left: 300 sec this turn | 300 sec total\n|\n|t:|1783541325\n|switch|p2a: Meowstic|Meowstic, L89, M|100/100\n|move|p1a: Kommo-o|Clangorous Soul|p1a: Kommo-o\n|-boost|p1a: Kommo-o|atk|1\n|-boost|p1a: Kommo-o|def|1\n|-boost|p1a: Kommo-o|spa|1\n|-boost|p1a: Kommo-o|spd|1\n|-boost|p1a: Kommo-o|spe|1\n|-damage|p1a: Kommo-o|163/242\n|-enditem|p1a: Kommo-o|Throat Spray\n|-boost|p1a: Kommo-o|spa|1|[from] item: Throat Spray\n|\n|upkeep\n|turn|11\n|inactive|Time left: 300 sec this turn | 300 sec total\n|\n|t:|1783541327\n|move|p2a: Meowstic|Light Screen|p2a: Meowstic\n|-sidestart|p2: p0y19174bd|move: Light Screen\n|move|p1a: Kommo-o|Clangorous Soul|p1a: Kommo-o\n|-boost|p1a: Kommo-o|atk|1\n|-boost|p1a: Kommo-o|def|1\n|-boost|p1a: Kommo-o|spa|1\n|-boost|p1a: Kommo-o|spd|1\n|-boost|p1a: Kommo-o|spe|1\n|-damage|p1a: Kommo-o|84/242\n|\n|upkeep\n|turn|12\n|inactive|Time left: 300 sec this turn | 300 sec total\n|\n|t:|1783541328\n|move|p2a: Meowstic|Reflect|p2a: Meowstic\n|-sidestart|p2: p0y19174bd|Reflect\n|move|p1a: Kommo-o|Drain Punch|p2a: Meowstic\n|-resisted|p2a: Meowstic\n|-damage|p2a: Meowstic|88/100\n|-heal|p1a: Kommo-o|102/242|[from] drain|[of] p2a: Meowstic\n|\n|upkeep\n|turn|13\n|inactive|Time left: 300 sec this turn | 300 sec total\n|\n|t:|1783541329\n|switch|p2a: Landorus|Landorus, L75, M|100/100\n|move|p1a: Kommo-o|Drain Punch|p2a: Landorus\n|-resisted|p2a: Landorus\n|-damage|p2a: Landorus|84/100\n|-heal|p1a: Kommo-o|123/242|[from] drain|[of] p2a: Landorus\n|\n|upkeep\n|turn|14\n|inactive|Time left: 300 sec this turn | 300 sec total\n|\n|t:|1783541330\n|move|p1a: Kommo-o|Clanging Scales|p2a: Landorus\n|-damage|p2a: Landorus|22/100\n|-unboost|p1a: Kommo-o|def|1\n|move|p2a: Landorus|Psychic|p1a: Kommo-o\n|-supereffective|p1a: Kommo-o\n|-damage|p1a: Kommo-o|24/242\n|\n|upkeep\n|turn|15\n|inactive|Time left: 300 sec this turn | 300 sec total\n|\n|t:|1783541331\n|move|p1a: Kommo-o|Iron Head|p2a: Landorus\n|-damage|p2a: Landorus|0 fnt\n|faint|p2a: Landorus\n|\n|upkeep\n|\n|t:|1783541332\n|switch|p2a: Electivire|Electivire, L84, F|100/100\n|turn|16\n|inactive|Time left: 300 sec this turn | 300 sec total\n|\n|t:|1783541333\n|move|p1a: Kommo-o|Drain Punch|p2a: Electivire\n|-damage|p2a: Electivire|64/100\n|-heal|p1a: Kommo-o|72/242|[from] drain|[of] p2a: Electivire\n|move|p2a: Electivire|Ice Punch|p1a: Kommo-o\n|-supereffective|p1a: Kommo-o\n|-damage|p1a: Kommo-o|6/242\n|-status|p1a: Kommo-o|frz\n|\n|upkeep\n|turn|17\n|inactive|Time left: 300 sec this turn | 300 sec total\n|\n|t:|1783541334\n|cant|p1a: Kommo-o|frz\n|move|p2a: Electivire|Ice Punch|p1a: Kommo-o\n|-supereffective|p1a: Kommo-o\n|-damage|p1a: Kommo-o|0 fnt\n|faint|p1a: Kommo-o\n|\n|upkeep\n|inactive|Time left: 300 sec this turn | 300 sec total | 5 sec grace\n|\n|t:|1783541335\n|switch|p1a: Swalot|Swalot, L90, M|326/326\n|turn|18\n|inactive|Time left: 300 sec this turn | 300 sec total\n|\n|t:|1783541336\n|switch|p2a: Meowstic|Meowstic, L89, M|88/100\n|move|p1a: Swalot|Toxic|p2a: Meowstic\n|-status|p2a: Meowstic|tox\n|\n|-damage|p2a: Meowstic|81/100 tox|[from] psn\n|-sideend|p2: p0y19174bd|move: Light Screen\n|upkeep\n|turn|19\n|inactive|Time left: 300 sec this turn | 300 sec total\n|\n|t:|1783541337\n|move|p2a: Meowstic|Psychic Noise|p1a: Swalot\n|-supereffective|p1a: Swalot\n|-damage|p1a: Swalot|180/326\n|-start|p1a: Swalot|move: Heal Block\n|move|p1a: Swalot|Sludge Bomb|p2a: Meowstic\n|-damage|p2a: Meowstic|50/100 tox\n|\n|-damage|p2a: Meowstic|38/100 tox|[from] psn\n|-sideend|p2: p0y19174bd|Reflect\n|upkeep\n|turn|20\n|inactive|Time left: 300 sec this turn | 300 sec total\n|\n|t:|1783541339\n|move|p2a: Meowstic|Reflect|p2a: Meowstic\n|-sidestart|p2: p0y19174bd|Reflect\n|move|p1a: Swalot|Sludge Bomb|p2a: Meowstic\n|-damage|p2a: Meowstic|7/100 tox\n|\n|-damage|p2a: Meowstic|0 fnt|[from] psn\n|faint|p2a: Meowstic\n|-end|p1a: Swalot|move: Heal Block\n|upkeep\n|\n|t:|1783541340\n|switch|p2a: Electivire|Electivire, L84, F|64/100\n|turn|21\n|inactive|Time left: 300 sec this turn | 300 sec total\n|\n|t:|1783541341\n|move|p1a: Swalot|Protect|p1a: Swalot\n|-singleturn|p1a: Swalot|Protect\n|move|p2a: Electivire|Earthquake|p1a: Swalot\n|-activate|p1a: Swalot|move: Protect\n|\n|-heal|p1a: Swalot|200/326|[from] item: Leftovers\n|upkeep\n|turn|22\n|inactive|Time left: 300 sec this turn | 300 sec total\n|\n|t:|1783541342\n|move|p2a: Electivire|Earthquake|p1a: Swalot\n|-supereffective|p1a: Swalot\n|-damage|p1a: Swalot|38/326\n|move|p1a: Swalot|Toxic|p2a: Electivire\n|-status|p2a: Electivire|tox\n|\n|-heal|p1a: Swalot|58/326|[from] item: Leftovers\n|-damage|p2a: Electivire|58/100 tox|[from] psn\n|upkeep\n|turn|23\n|inactive|Time left: 300 sec this turn | 300 sec total\n|\n|t:|1783541343\n|move|p1a: Swalot|Protect|p1a: Swalot\n|-singleturn|p1a: Swalot|Protect\n|move|p2a: Electivire|Earthquake|p1a: Swalot\n|-activate|p1a: Swalot|move: Protect\n|\n|-heal|p1a: Swalot|78/326|[from] item: Leftovers\n|-damage|p2a: Electivire|46/100 tox|[from] psn\n|upkeep\n|turn|24\n|inactive|Time left: 300 sec this turn | 300 sec total\n|\n|t:|1783541344\n|move|p2a: Electivire|Earthquake|p1a: Swalot\n|-supereffective|p1a: Swalot\n|-damage|p1a: Swalot|0 fnt\n|faint|p1a: Swalot\n|\n|-damage|p2a: Electivire|28/100 tox|[from] psn\n|upkeep\n|inactive|Time left: 300 sec this turn | 300 sec total | 5 sec grace\n|\n|t:|1783541345\n|switch|p1a: Registeel|Registeel, L81|262/262\n|turn|25\n|inactive|Time left: 300 sec this turn | 300 sec total\n|\n|t:|1783541346\n|move|p2a: Electivire|Earthquake|p1a: Registeel\n|-supereffective|p1a: Registeel\n|-damage|p1a: Registeel|154/262\n|move|p1a: Registeel|Body Press|p2a: Electivire\n|-damage|p2a: Electivire|10/100 tox\n|\n|-heal|p1a: Registeel|170/262|[from] item: Leftovers\n|-damage|p2a: Electivire|0 fnt|[from] psn\n|faint|p2a: Electivire\n|upkeep\n|\n|t:|1783541347\n|switch|p2a: Illumise|Illumise, L91, F|100/100\n|turn|26\n|inactive|Time left: 300 sec this turn | 300 sec total\n|\n|t:|1783541348\n|move|p2a: Illumise|Thunder Wave|p1a: Registeel|[miss]\n|-miss|p2a: Illumise|p1a: Registeel\n|move|p1a: Registeel|Thunder Wave|p2a: Illumise\n|-status|p2a: Illumise|par\n|\n|-heal|p1a: Registeel|186/262|[from] item: Leftovers\n|upkeep\n|turn|27\n|inactive|Time left: 300 sec this turn | 300 sec total\n|\n|t:|1783541349\n|move|p2a: Illumise|Encore|p1a: Registeel\n|-start|p1a: Registeel|Encore\n|move|p1a: Registeel|Thunder Wave|p2a: Illumise\n|-fail|p2a: Illumise|par\n|\n|-heal|p1a: Registeel|202/262|[from] item: Leftovers\n|-sideend|p2: p0y19174bd|Reflect\n|upkeep\n|turn|28\n|inactive|Time left: 300 sec this turn | 300 sec total\n|\n|t:|1783541350\n|cant|p2a: Illumise|par\n|move|p1a: Registeel|Thunder Wave|p2a: Illumise\n|-fail|p2a: Illumise|par\n|\n|-heal|p1a: Registeel|218/262|[from] item: Leftovers\n|upkeep\n|turn|29\n|inactive|Time left: 300 sec this turn | 300 sec total\n|\n|t:|1783541351\n|move|p2a: Illumise|Thunder Wave|p1a: Registeel\n|-status|p1a: Registeel|par\n|move|p1a: Registeel|Thunder Wave|p2a: Illumise\n|-fail|p2a: Illumise|par\n|\n|-heal|p1a: Registeel|234/262 par|[from] item: Leftovers\n|-end|p1a: Registeel|Encore\n|upkeep\n|turn|30\n|inactive|Time left: 300 sec this turn | 300 sec total\n|\n|t:|1783541352\n|cant|p2a: Illumise|par\n|move|p1a: Registeel|Iron Head|p2a: Illumise\n|-damage|p2a: Illumise|74/100 par\n|\n|-heal|p1a: Registeel|250/262 par|[from] item: Leftovers\n|upkeep\n|turn|31\n|inactive|Time left: 300 sec this turn | 300 sec total\n|\n|t:|1783541353\n|move|p2a: Illumise|Roost|p2a: Illumise\n|-heal|p2a: Illumise|100/100 par\n|-singleturn|p2a: Illumise|move: Roost\n|move|p1a: Registeel|Iron Head|p2a: Illumise\n|-damage|p2a: Illumise|75/100 par\n|\n|-heal|p1a: Registeel|262/262 par|[from] item: Leftovers\n|upkeep\n|turn|32\n|inactive|Time left: 300 sec this turn | 300 sec total\n|\n|t:|1783541354\n|move|p2a: Illumise|Roost|p2a: Illumise\n|-heal|p2a: Illumise|100/100 par\n|-singleturn|p2a: Illumise|move: Roost\n|move|p1a: Registeel|Iron Head|p2a: Illumise\n|-damage|p2a: Illumise|73/100 par\n|\n|upkeep\n|turn|33\n|inactive|Time left: 300 sec this turn | 300 sec total\n|\n|t:|1783541355\n|move|p2a: Illumise|Roost|p2a: Illumise\n|-heal|p2a: Illumise|100/100 par\n|-singleturn|p2a: Illumise|move: Roost\n|move|p1a: Registeel|Iron Head|p2a: Illumise\n|-damage|p2a: Illumise|73/100 par\n|\n|upkeep\n|turn|34\n|inactive|Time left: 300 sec this turn | 300 sec total\n|\n|t:|1783541356\n|move|p2a: Illumise|Roost|p2a: Illumise\n|-heal|p2a: Illumise|100/100 par\n|-singleturn|p2a: Illumise|move: Roost\n|cant|p1a: Registeel|par\n|\n|upkeep\n|turn|35\n|inactive|Time left: 300 sec this turn | 300 sec total\n|\n|t:|1783541357\n|move|p2a: Illumise|Roost||[still]\n|-fail|p2a: Illumise|heal\n|move|p1a: Registeel|Iron Head|p2a: Illumise\n|-damage|p2a: Illumise|76/100 par\n|\n|upkeep\n|turn|36\n|inactive|Time left: 300 sec this turn | 300 sec total\n|\n|t:|1783541358\n|move|p2a: Illumise|Roost|p2a: Illumise\n|-heal|p2a: Illumise|100/100 par\n|-singleturn|p2a: Illumise|move: Roost\n|move|p1a: Registeel|Iron Head|p2a: Illumise\n|-damage|p2a: Illumise|74/100 par\n|\n|upkeep\n|turn|37\n|inactive|Time left: 300 sec this turn | 300 sec total\n|\n|t:|1783541359\n|move|p2a: Illumise|Roost|p2a: Illumise\n|-heal|p2a: Illumise|100/100 par\n|-singleturn|p2a: Illumise|move: Roost\n|move|p1a: Registeel|Iron Head|p2a: Illumise\n|-damage|p2a: Illumise|75/100 par\n|\n|upkeep\n|turn|38\n|inactive|Time left: 300 sec this turn | 300 sec total\n|\n|t:|1783541360\n|move|p2a: Illumise|Roost|p2a: Illumise\n|-heal|p2a: Illumise|100/100 par\n|-singleturn|p2a: Illumise|move: Roost\n|move|p1a: Registeel|Iron Head|p2a: Illumise\n|-damage|p2a: Illumise|73/100 par\n|\n|upkeep\n|turn|39\n|inactive|Time left: 300 sec this turn | 300 sec total\n|\n|t:|1783541361\n|move|p2a: Illumise|Bug Buzz|p1a: Registeel\n|-resisted|p1a: Registeel\n|-damage|p1a: Registeel|233/262 par\n|move|p1a: Registeel|Iron Head|p2a: Illumise\n|-damage|p2a: Illumise|47/100 par\n|\n|-heal|p1a: Registeel|249/262 par|[from] item: Leftovers\n|upkeep\n|turn|40\n|inactive|Time left: 300 sec this turn | 300 sec total\n|\n|t:|1783541362\n|move|p2a: Illumise|Bug Buzz|p1a: Registeel\n|-resisted|p1a: Registeel\n|-damage|p1a: Registeel|218/262 par\n|move|p1a: Registeel|Iron Head|p2a: Illumise\n|-damage|p2a: Illumise|21/100 par\n|\n|-heal|p1a: Registeel|234/262 par|[from] item: Leftovers\n|upkeep\n|turn|41\n|inactive|Time left: 300 sec this turn | 300 sec total\n|\n|t:|1783541363\n|move|p2a: Illumise|Bug Buzz|p1a: Registeel\n|-resisted|p1a: Registeel\n|-damage|p1a: Registeel|202/262 par\n|cant|p1a: Registeel|par\n|\n|-heal|p1a: Registeel|218/262 par|[from] item: Leftovers\n|upkeep\n|turn|42\n|inactive|Time left: 300 sec this turn | 300 sec total\n|\n|t:|1783541364\n|move|p2a: Illumise|Bug Buzz|p1a: Registeel\n|-resisted|p1a: Registeel\n|-damage|p1a: Registeel|188/262 par\n|move|p1a: Registeel|Iron Head|p2a: Illumise\n|-damage|p2a: Illumise|0 fnt\n|faint|p2a: Illumise\n|\n|win|p0x19195f3", "uploadtime": 1783541364, "views": 0, "rating": 0, "private": 0, "password": null, "_winner": "p0x19195f3", "_our_name": "p0x19195f3"}