{"id": "battle-gen9randombattle-985", "formatid": "gen9randombattle", "format": "[Gen 9] Random Battle", "players": ["p0x9852c47", "p0y98557f2"], "log": "|init|battle\n|title|p0x9852c47 vs. p0y98557f2\n|j|\u2606p0x9852c47\n|j|\u2606p0y98557f2\n|t:|1783551336\n|gametype|singles\n|player|p1|p0x9852c47|265|\n|player|p2|p0y98557f2|170|\n|gen|9\n|tier|[Gen 9] Random Battle\n|rule|Species Clause: Limit one of each Pok\u00e9mon\n|rule|HP Percentage Mod: HP is shown in percentages\n|rule|Sleep Clause Mod: Limit one foe put to sleep\n|rule|Illusion Level Mod: Illusion disguises the Pok\u00e9mon's true level\n|\n|t:|1783551336\n|teamsize|p1|6\n|teamsize|p2|6\n|start\n|switch|p1a: Mudsdale|Mudsdale, L83, M|100/100\n|switch|p2a: Rabsca|Rabsca, L91, F|284/284\n|turn|1\n|inactive|Battle timer is ON: inactive players will automatically lose when time's up. (requested by p0x9852c47)\n|inactive|Time left: 300 sec this turn | 300 sec total | 60 sec grace\n|inactive|p0y98557f2 also wants the timer to be on.\n|\n|t:|1783551337\n|move|p2a: Rabsca|Psychic|p1a: Mudsdale\n|-damage|p1a: Mudsdale|53/100\n|-ability|p1a: Mudsdale|Stamina|boost\n|-boost|p1a: Mudsdale|def|1\n|move|p1a: Mudsdale|Heavy Slam|p2a: Rabsca\n|-damage|p2a: Rabsca|179/284\n|\n|-heal|p1a: Mudsdale|59/100|[from] item: Leftovers\n|upkeep\n|turn|2\n|inactive|Time left: 300 sec this turn | 300 sec total\n|\n|t:|1783551339\n|move|p2a: Rabsca|Bug Buzz|p1a: Mudsdale\n|-damage|p1a: Mudsdale|14/100\n|-ability|p1a: Mudsdale|Stamina|boost\n|-boost|p1a: Mudsdale|def|1\n|move|p1a: Mudsdale|Stone Edge|p2a: Rabsca|[miss]\n|-miss|p1a: Mudsdale|p2a: Rabsca\n|\n|-heal|p1a: Mudsdale|20/100|[from] item: Leftovers\n|upkeep\n|turn|3\n|inactive|Time left: 300 sec this turn | 300 sec total\n|\n|t:|1783551340\n|switch|p1a: Gumshoos|Gumshoos, L95, F|100/100\n|move|p2a: Rabsca|Psychic|p1a: Gumshoos\n|-damage|p1a: Gumshoos|56/100\n|-unboost|p1a: Gumshoos|spd|1\n|\n|upkeep\n|turn|4\n|inactive|Time left: 300 sec this turn | 300 sec total\n|\n|t:|1783551341\n|-terastallize|p2a: Rabsca|Steel\n|move|p1a: Gumshoos|Knock Off|p2a: Rabsca\n|-damage|p2a: Rabsca|39/284\n|-enditem|p2a: Rabsca|Heavy-Duty Boots|[from] move: Knock Off|[of] p1a: Gumshoos\n|move|p2a: Rabsca|Psychic|p1a: Gumshoos\n|-damage|p1a: Gumshoos|0 fnt\n|faint|p1a: Gumshoos\n|\n|upkeep\n|\n|t:|1783551342\n|switch|p1a: Passimian|Passimian, L83, M|100/100\n|turn|5\n|inactive|Time left: 300 sec this turn | 300 sec total\n|\n|t:|1783551343\n|move|p1a: Passimian|Knock Off|p2a: Rabsca\n|-damage|p2a: Rabsca|0 fnt\n|faint|p2a: Rabsca\n|\n|upkeep\n|inactive|Time left: 300 sec this turn | 300 sec total | 5 sec grace\n|\n|t:|1783551344\n|switch|p2a: Houndstone|Houndstone, L86, F|235/235\n|turn|6\n|inactive|Time left: 300 sec this turn | 300 sec total\n|\n|t:|1783551345\n|move|p2a: Houndstone|Flamethrower|p1a: Passimian\n|-damage|p1a: Passimian|48/100\n|move|p1a: Passimian|Bulk Up|p1a: Passimian\n|-boost|p1a: Passimian|atk|1\n|-boost|p1a: Passimian|def|1\n|\n|-heal|p1a: Passimian|54/100|[from] item: Leftovers\n|upkeep\n|turn|7\n|inactive|Time left: 300 sec this turn | 300 sec total\n|\n|t:|1783551347\n|move|p2a: Houndstone|Flamethrower|p1a: Passimian\n|-damage|p1a: Passimian|6/100\n|move|p1a: Passimian|Knock Off|p2a: Houndstone\n|-resisted|p2a: Houndstone\n|-damage|p2a: Houndstone|151/235\n|replace|p2a: Zoroark|Zoroark, L83, M\n|-end|p2a: Zoroark|Illusion\n|-hint|Illusion Level Mod is active, so this Pok\u00e9mon's true level was hidden.\n|-enditem|p2a: Zoroark|Choice Specs|[from] move: Knock Off|[of] p1a: Passimian\n|\n|-heal|p1a: Passimian|12/100|[from] item: Leftovers\n|upkeep\n|turn|8\n|inactive|Time left: 300 sec this turn | 300 sec total\n|\n|t:|1783551348\n|switch|p1a: Palkia|Palkia, L75|100/100\n|-ability|p1a: Palkia|Pressure\n|move|p2a: Zoroark|Dark Pulse|p1a: Palkia\n|-damage|p1a: Palkia|65/100\n|\n|upkeep\n|turn|9\n|inactive|Time left: 300 sec this turn | 300 sec total\n|\n|t:|1783551349\n|switch|p2a: Comfey|Comfey, L85, F|225/225\n|move|p1a: Palkia|Hydro Pump|p2a: Comfey\n|-damage|p2a: Comfey|122/225\n|\n|-heal|p2a: Comfey|136/225|[from] item: Leftovers\n|upkeep\n|turn|10\n|inactive|Time left: 300 sec this turn | 300 sec total\n|\n|t:|1783551350\n|move|p2a: Comfey|Draining Kiss|p1a: Palkia\n|-supereffective|p1a: Palkia\n|-damage|p1a: Palkia|32/100\n|-heal|p2a: Comfey|201/225|[from] drain|[of] p1a: Palkia\n|move|p1a: Palkia|Hydro Pump|p2a: Comfey\n|-damage|p2a: Comfey|89/225\n|\n|-heal|p2a: Comfey|103/225|[from] item: Leftovers\n|upkeep\n|turn|11\n|inactive|Time left: 300 sec this turn | 300 sec total\n|\n|t:|1783551351\n|switch|p1a: Arceus|Arceus-Steel, L70|100/100\n|move|p2a: Comfey|Draining Kiss|p1a: Arceus\n|-resisted|p1a: Arceus\n|-damage|p1a: Arceus|93/100\n|-heal|p2a: Comfey|119/225|[from] drain|[of] p1a: Arceus\n|\n|-heal|p2a: Comfey|133/225|[from] item: Leftovers\n|upkeep\n|turn|12\n|inactive|Time left: 300 sec this turn | 300 sec total\n|\n|t:|1783551353\n|switch|p2a: Houndstone|Houndstone, L86, F|264/264\n|move|p1a: Arceus|Judgment|p2a: Houndstone\n|-damage|p2a: Houndstone|165/264\n|\n|-heal|p2a: Houndstone|181/264|[from] item: Leftovers\n|upkeep\n|turn|13\n|inactive|Time left: 300 sec this turn | 300 sec total\n|\n|t:|1783551354\n|move|p1a: Arceus|Will-O-Wisp|p2a: Houndstone|[miss]\n|-miss|p1a: Arceus|p2a: Houndstone\n|move|p2a: Houndstone|Poltergeist|p1a: Arceus\n|-activate|p1a: Arceus|move: Poltergeist|Iron Plate\n|-damage|p1a: Arceus|48/100\n|\n|-heal|p2a: Houndstone|197/264|[from] item: Leftovers\n|upkeep\n|turn|14\n|inactive|Time left: 300 sec this turn | 300 sec total\n|\n|t:|1783551355\n|move|p1a: Arceus|Will-O-Wisp|p2a: Houndstone\n|-status|p2a: Houndstone|brn\n|move|p2a: Houndstone|Poltergeist|p1a: Arceus\n|-activate|p1a: Arceus|move: Poltergeist|Iron Plate\n|-damage|p1a: Arceus|25/100\n|\n|-heal|p2a: Houndstone|213/264 brn|[from] item: Leftovers\n|-damage|p2a: Houndstone|197/264 brn|[from] brn\n|upkeep\n|turn|15\n|inactive|Time left: 300 sec this turn | 300 sec total\n|\n|t:|1783551356\n|move|p1a: Arceus|Recover|p1a: Arceus\n|-heal|p1a: Arceus|75/100\n|move|p2a: Houndstone|Rest|p2a: Houndstone\n|-status|p2a: Houndstone|slp|[from] move: Rest\n|-heal|p2a: Houndstone|264/264 slp|[silent]\n|\n|upkeep\n|turn|16\n|inactive|Time left: 300 sec this turn | 300 sec total\n|\n|t:|1783551357\n|move|p1a: Arceus|Judgment|p2a: Houndstone\n|-damage|p2a: Houndstone|165/264 slp\n|cant|p2a: Houndstone|slp\n|move|p2a: Houndstone|Sleep Talk|p2a: Houndstone\n|move|p2a: Houndstone|Body Press|p1a: Arceus|[from] move: Sleep Talk\n|-supereffective|p1a: Arceus\n|-damage|p1a: Arceus|34/100\n|\n|-heal|p2a: Houndstone|181/264 slp|[from] item: Leftovers\n|upkeep\n|turn|17\n|inactive|Time left: 300 sec this turn | 300 sec total\n|\n|t:|1783551358\n|move|p1a: Arceus|Judgment|p2a: Houndstone\n|-damage|p2a: Houndstone|75/264 slp\n|cant|p2a: Houndstone|slp\n|move|p2a: Houndstone|Sleep Talk|p2a: Houndstone\n|move|p2a: Houndstone|Rest||[from] move: Sleep Talk|[still]\n|-fail|p2a: Houndstone\n|\n|-heal|p2a: Houndstone|91/264 slp|[from] item: Leftovers\n|upkeep\n|turn|18\n|inactive|Time left: 300 sec this turn | 300 sec total\n|\n|t:|1783551359\n|move|p1a: Arceus|Judgment|p2a: Houndstone\n|-damage|p2a: Houndstone|0 fnt\n|faint|p2a: Houndstone\n|\n|upkeep\n|inactive|Time left: 300 sec this turn | 300 sec total | 5 sec grace\n|\n|t:|1783551360\n|switch|p2a: Calyrex|Calyrex-Shadow, L64|235/235\n|-ability|p2a: Calyrex|As One\n|-ability|p2a: Calyrex|Unnerve\n|turn|19\n|inactive|Time left: 300 sec this turn | 300 sec total\n|\n|t:|1783551361\n|switch|p1a: Passimian|Passimian, L83, M|12/100\n|move|p2a: Calyrex|Astral Barrage|p1a: Passimian\n|-damage|p1a: Passimian|0 fnt\n|faint|p1a: Passimian\n|-ability|p2a: Calyrex|Grim Neigh|boost\n|-boost|p2a: Calyrex|spa|1\n|\n|upkeep\n|\n|t:|1783551362\n|switch|p1a: Dusknoir|Dusknoir, L89, F|100/100\n|-item|p2a: Calyrex|Choice Specs|[from] ability: Frisk|[of] p1a: Dusknoir\n|turn|20\n|inactive|Time left: 300 sec this turn | 300 sec total\n|\n|t:|1783551363\n|-terastallize|p1a: Dusknoir|Fighting\n|move|p2a: Calyrex|Astral Barrage|p1a: Dusknoir\n|-damage|p1a: Dusknoir|26/100\n|move|p1a: Dusknoir|Poltergeist|p2a: Calyrex\n|-activate|p2a: Calyrex|move: Poltergeist|Choice Specs\n|-supereffective|p2a: Calyrex\n|-damage|p2a: Calyrex|0 fnt\n|faint|p2a: Calyrex\n|\n|-heal|p1a: Dusknoir|32/100|[from] item: Leftovers\n|upkeep\n|inactive|Time left: 300 sec this turn | 300 sec total | 5 sec grace\n|\n|t:|1783551364\n|switch|p2a: Comfey|Comfey, L85, F|133/225\n|turn|21\n|inactive|Time left: 300 sec this turn | 300 sec total\n|\n|t:|1783551364\n|switch|p1a: Arceus|Arceus-Steel, L70|34/100\n|move|p2a: Comfey|Calm Mind|p2a: Comfey\n|-boost|p2a: Comfey|spa|1\n|-boost|p2a: Comfey|spd|1\n|\n|-heal|p2a: Comfey|147/225|[from] item: Leftovers\n|upkeep\n|turn|22\n|inactive|Time left: 300 sec this turn | 300 sec total\n|\n|t:|1783551365\n|move|p2a: Comfey|Calm Mind|p2a: Comfey\n|-boost|p2a: Comfey|spa|1\n|-boost|p2a: Comfey|spd|1\n|move|p1a: Arceus|Judgment|p2a: Comfey\n|-supereffective|p2a: Comfey\n|-damage|p2a: Comfey|57/225\n|\n|-heal|p2a: Comfey|71/225|[from] item: Leftovers\n|upkeep\n|turn|23\n|inactive|Time left: 300 sec this turn | 300 sec total\n|\n|t:|1783551366\n|move|p2a: Comfey|Draining Kiss|p1a: Arceus\n|-resisted|p1a: Arceus\n|-damage|p1a: Arceus|19/100\n|-heal|p2a: Comfey|103/225|[from] drain|[of] p1a: Arceus\n|move|p1a: Arceus|Judgment|p2a: Comfey\n|-supereffective|p2a: Comfey\n|-damage|p2a: Comfey|7/225\n|\n|-heal|p2a: Comfey|21/225|[from] item: Leftovers\n|upkeep\n|turn|24\n|inactive|Time left: 300 sec this turn | 300 sec total\n|\n|t:|1783551367\n|move|p2a: Comfey|Stored Power|p1a: Arceus\n|-resisted|p1a: Arceus\n|-damage|p1a: Arceus|0 fnt\n|faint|p1a: Arceus\n|\n|-heal|p2a: Comfey|35/225|[from] item: Leftovers\n|upkeep\n|\n|t:|1783551367\n|switch|p1a: Mudsdale|Mudsdale, L83, M|20/100\n|turn|25\n|inactive|Time left: 300 sec this turn | 300 sec total\n|\n|t:|1783551368\n|move|p2a: Comfey|Draining Kiss|p1a: Mudsdale\n|-damage|p1a: Mudsdale|0 fnt\n|-heal|p2a: Comfey|79/225|[from] drain|[of] p1a: Mudsdale\n|faint|p1a: Mudsdale\n|\n|-heal|p2a: Comfey|93/225|[from] item: Leftovers\n|upkeep\n|\n|t:|1783551369\n|switch|p1a: Dusknoir|Dusknoir, L89, F, tera:Fighting|32/100\n|-item|p2a: Comfey|Leftovers|[from] ability: Frisk|[of] p1a: Dusknoir\n|turn|26\n|inactive|Time left: 300 sec this turn | 300 sec total\n|\n|t:|1783551370\n|move|p2a: Comfey|Stored Power|p1a: Dusknoir\n|-supereffective|p1a: Dusknoir\n|-damage|p1a: Dusknoir|0 fnt\n|faint|p1a: Dusknoir\n|\n|-heal|p2a: Comfey|107/225|[from] item: Leftovers\n|upkeep\n|\n|t:|1783551371\n|switch|p1a: Palkia|Palkia, L75|32/100\n|-ability|p1a: Palkia|Pressure\n|turn|27\n|inactive|Time left: 300 sec this turn | 300 sec total\n|\n|t:|1783551372\n|move|p1a: Palkia|Hydro Pump|p2a: Comfey\n|-damage|p2a: Comfey|53/225\n|move|p2a: Comfey|Stored Power|p1a: Palkia\n|-damage|p1a: Palkia|0 fnt\n|faint|p1a: Palkia\n|\n|win|p0y98557f2", "uploadtime": 1783551372, "views": 0, "rating": 0, "private": 0, "password": null, "_winner": "p0y98557f2", "_our_name": "p0y98557f2"}