{"id": "battle-gen9randombattle-712", "formatid": "gen9randombattle", "format": "[Gen 9] Random Battle", "players": ["p0x7124929", "p0y712fb4e"], "log": "|init|battle\n|title|p0x7124929 vs. p0y712fb4e\n|j|\u2606p0x7124929\n|j|\u2606p0y712fb4e\n|t:|1783548084\n|gametype|singles\n|player|p1|p0x7124929|266|\n|player|p2|p0y712fb4e|2|\n|gen|9\n|tier|[Gen 9] Random Battle\n|rule|Species Clause: Limit one of each Pok\u00e9mon\n|rule|HP Percentage Mod: HP is shown in percentages\n|rule|Sleep Clause Mod: Limit one foe put to sleep\n|rule|Illusion Level Mod: Illusion disguises the Pok\u00e9mon's true level\n|\n|t:|1783548084\n|teamsize|p1|6\n|teamsize|p2|6\n|start\n|switch|p1a: Basculegion|Basculegion-F, L83, F|335/335\n|switch|p2a: Basculegion|Basculegion-F, L83, F|100/100\n|turn|1\n|inactive|Battle timer is ON: inactive players will automatically lose when time's up. (requested by p0x7124929)\n|inactive|p0y712fb4e also wants the timer to be on.\n|\n|t:|1783548085\n|move|p1a: Basculegion|Shadow Ball|p2a: Basculegion\n|-supereffective|p2a: Basculegion\n|-damage|p2a: Basculegion|16/100\n|move|p2a: Basculegion|Shadow Ball|p1a: Basculegion\n|-supereffective|p1a: Basculegion\n|-damage|p1a: Basculegion|63/335\n|\n|upkeep\n|turn|2\n|inactive|Time left: 300 sec this turn | 300 sec total\n|\n|t:|1783548087\n|move|p2a: Basculegion|Shadow Ball|p1a: Basculegion\n|-supereffective|p1a: Basculegion\n|-damage|p1a: Basculegion|0 fnt\n|faint|p1a: Basculegion\n|\n|upkeep\n|inactive|Time left: 300 sec this turn | 300 sec total | 5 sec grace\n|\n|t:|1783548087\n|switch|p1a: Sawsbuck|Sawsbuck-Autumn, L88, F|284/284\n|turn|3\n|inactive|Time left: 300 sec this turn | 300 sec total\n|\n|t:|1783548089\n|switch|p2a: Cacturne|Cacturne, L92, F|100/100\n|move|p1a: Sawsbuck|Swords Dance|p1a: Sawsbuck\n|-boost|p1a: Sawsbuck|atk|2\n|\n|upkeep\n|turn|4\n|inactive|Time left: 300 sec this turn | 300 sec total\n|\n|t:|1783548090\n|move|p1a: Sawsbuck|Double-Edge|p2a: Cacturne\n|-damage|p2a: Cacturne|0 fnt\n|faint|p2a: Cacturne\n|-damage|p1a: Sawsbuck|192/284|[from] Recoil\n|-damage|p1a: Sawsbuck|164/284|[from] item: Life Orb\n|\n|upkeep\n|\n|t:|1783548090\n|switch|p2a: Arceus|Arceus-Grass, L73|100/100\n|turn|5\n|inactive|Time left: 300 sec this turn | 300 sec total\n|\n|t:|1783548092\n|move|p2a: Arceus|Fire Blast|p1a: Sawsbuck\n|-supereffective|p1a: Sawsbuck\n|-damage|p1a: Sawsbuck|6/284\n|-status|p1a: Sawsbuck|brn\n|move|p1a: Sawsbuck|Horn Leech|p2a: Arceus\n|-resisted|p2a: Arceus\n|-damage|p2a: Arceus|83/100\n|-heal|p1a: Sawsbuck|32/284 brn|[from] drain|[of] p2a: Arceus\n|-damage|p1a: Sawsbuck|4/284 brn|[from] item: Life Orb\n|\n|-damage|p1a: Sawsbuck|0 fnt|[from] brn\n|faint|p1a: Sawsbuck\n|upkeep\n|inactive|Time left: 300 sec this turn | 300 sec total | 5 sec grace\n|\n|t:|1783548093\n|switch|p1a: Flareon|Flareon, L90, F|263/263\n|turn|6\n|inactive|Time left: 300 sec this turn | 300 sec total\n|\n|t:|1783548094\n|move|p2a: Arceus|Judgment|p1a: Flareon\n|-resisted|p1a: Flareon\n|-damage|p1a: Flareon|216/263\n|move|p1a: Flareon|Flare Blitz|p2a: Arceus\n|-supereffective|p2a: Arceus\n|-damage|p2a: Arceus|0 fnt\n|faint|p2a: Arceus\n|-damage|p1a: Flareon|135/263|[from] Recoil\n|\n|-status|p1a: Flareon|tox|[from] item: Toxic Orb\n|upkeep\n|\n|t:|1783548095\n|switch|p2a: Basculegion|Basculegion-F, L83, F|16/100\n|turn|7\n|inactive|Time left: 300 sec this turn | 300 sec total\n|\n|t:|1783548096\n|switch|p1a: Vaporeon|Vaporeon, L86, M|364/364\n|move|p2a: Basculegion|Wave Crash|p1a: Vaporeon\n|-immune|p1a: Vaporeon|[from] ability: Water Absorb\n|\n|upkeep\n|turn|8\n|inactive|Time left: 300 sec this turn | 300 sec total\n|\n|t:|1783548097\n|switch|p2a: Blissey|Blissey, L85, F|100/100\n|move|p1a: Vaporeon|Calm Mind|p1a: Vaporeon\n|-boost|p1a: Vaporeon|spa|1\n|-boost|p1a: Vaporeon|spd|1\n|\n|upkeep\n|turn|9\n|inactive|Time left: 300 sec this turn | 300 sec total\n|\n|t:|1783548098\n|move|p1a: Vaporeon|Calm Mind|p1a: Vaporeon\n|-boost|p1a: Vaporeon|spa|1\n|-boost|p1a: Vaporeon|spd|1\n|move|p2a: Blissey|Thunder Wave|p1a: Vaporeon\n|-status|p1a: Vaporeon|par\n|\n|upkeep\n|turn|10\n|inactive|Time left: 300 sec this turn | 300 sec total\n|\n|t:|1783548099\n|move|p2a: Blissey|Seismic Toss|p1a: Vaporeon\n|-damage|p1a: Vaporeon|279/364 par\n|move|p1a: Vaporeon|Calm Mind|p1a: Vaporeon\n|-boost|p1a: Vaporeon|spa|1\n|-boost|p1a: Vaporeon|spd|1\n|\n|-heal|p1a: Vaporeon|301/364 par|[from] item: Leftovers\n|upkeep\n|turn|11\n|inactive|Time left: 300 sec this turn | 300 sec total\n|\n|t:|1783548100\n|move|p2a: Blissey|Seismic Toss|p1a: Vaporeon\n|-damage|p1a: Vaporeon|216/364 par\n|move|p1a: Vaporeon|Scald|p2a: Blissey\n|-damage|p2a: Blissey|69/100\n|\n|-heal|p2a: Blissey|75/100|[from] item: Leftovers\n|-heal|p1a: Vaporeon|238/364 par|[from] item: Leftovers\n|upkeep\n|turn|12\n|inactive|Time left: 300 sec this turn | 300 sec total\n|\n|t:|1783548101\n|move|p2a: Blissey|Seismic Toss|p1a: Vaporeon\n|-damage|p1a: Vaporeon|153/364 par\n|move|p1a: Vaporeon|Scald|p2a: Blissey\n|-damage|p2a: Blissey|44/100\n|-status|p2a: Blissey|brn\n|\n|-heal|p2a: Blissey|50/100 brn|[from] item: Leftovers\n|-heal|p1a: Vaporeon|175/364 par|[from] item: Leftovers\n|-damage|p2a: Blissey|44/100 brn|[from] brn\n|upkeep\n|turn|13\n|inactive|Time left: 300 sec this turn | 300 sec total\n|\n|t:|1783548102\n|move|p2a: Blissey|Soft-Boiled|p2a: Blissey\n|-heal|p2a: Blissey|94/100 brn\n|move|p1a: Vaporeon|Wish|p1a: Vaporeon\n|\n|-heal|p2a: Blissey|99/100 brn|[from] item: Leftovers\n|-heal|p1a: Vaporeon|197/364 par|[from] item: Leftovers\n|-damage|p2a: Blissey|94/100 brn|[from] brn\n|upkeep\n|turn|14\n|inactive|Time left: 300 sec this turn | 300 sec total\n|\n|t:|1783548103\n|move|p2a: Blissey|Soft-Boiled|p2a: Blissey\n|-heal|p2a: Blissey|100/100 brn\n|move|p1a: Vaporeon|Scald|p2a: Blissey\n|-damage|p2a: Blissey|68/100 brn\n|\n|-heal|p1a: Vaporeon|364/364 par|[from] move: Wish|[wisher] Vaporeon\n|-heal|p2a: Blissey|74/100 brn|[from] item: Leftovers\n|-damage|p2a: Blissey|68/100 brn|[from] brn\n|upkeep\n|turn|15\n|inactive|Time left: 300 sec this turn | 300 sec total\n|\n|t:|1783548104\n|move|p2a: Blissey|Soft-Boiled|p2a: Blissey\n|-heal|p2a: Blissey|100/100 brn\n|move|p1a: Vaporeon|Scald|p2a: Blissey\n|-damage|p2a: Blissey|71/100 brn\n|\n|-heal|p2a: Blissey|77/100 brn|[from] item: Leftovers\n|-damage|p2a: Blissey|71/100 brn|[from] brn\n|upkeep\n|turn|16\n|inactive|Time left: 300 sec this turn | 300 sec total\n|\n|t:|1783548105\n|move|p2a: Blissey|Soft-Boiled|p2a: Blissey\n|-heal|p2a: Blissey|100/100 brn\n|move|p1a: Vaporeon|Scald|p2a: Blissey\n|-damage|p2a: Blissey|73/100 brn\n|\n|-heal|p2a: Blissey|79/100 brn|[from] item: Leftovers\n|-damage|p2a: Blissey|73/100 brn|[from] brn\n|upkeep\n|turn|17\n|inactive|Time left: 300 sec this turn | 300 sec total\n|\n|t:|1783548106\n|move|p2a: Blissey|Soft-Boiled|p2a: Blissey\n|-heal|p2a: Blissey|100/100 brn\n|move|p1a: Vaporeon|Scald|p2a: Blissey\n|-damage|p2a: Blissey|70/100 brn\n|\n|-heal|p2a: Blissey|77/100 brn|[from] item: Leftovers\n|-damage|p2a: Blissey|70/100 brn|[from] brn\n|upkeep\n|turn|18\n|inactive|Time left: 300 sec this turn | 300 sec total\n|\n|t:|1783548107\n|move|p2a: Blissey|Soft-Boiled|p2a: Blissey\n|-heal|p2a: Blissey|100/100 brn\n|move|p1a: Vaporeon|Scald|p2a: Blissey\n|-damage|p2a: Blissey|72/100 brn\n|\n|-heal|p2a: Blissey|78/100 brn|[from] item: Leftovers\n|-damage|p2a: Blissey|72/100 brn|[from] brn\n|upkeep\n|turn|19\n|inactive|Time left: 300 sec this turn | 300 sec total\n|\n|t:|1783548108\n|move|p2a: Blissey|Soft-Boiled|p2a: Blissey\n|-heal|p2a: Blissey|100/100 brn\n|cant|p1a: Vaporeon|par\n|\n|-damage|p2a: Blissey|94/100 brn|[from] brn\n|upkeep\n|turn|20\n|inactive|Time left: 300 sec this turn | 300 sec total\n|\n|t:|1783548109\n|move|p2a: Blissey|Soft-Boiled|p2a: Blissey\n|-heal|p2a: Blissey|100/100 brn\n|move|p1a: Vaporeon|Scald|p2a: Blissey\n|-damage|p2a: Blissey|68/100 brn\n|\n|-heal|p2a: Blissey|74/100 brn|[from] item: Leftovers\n|-damage|p2a: Blissey|68/100 brn|[from] brn\n|upkeep\n|turn|21\n|inactive|Time left: 300 sec this turn | 300 sec total\n|\n|t:|1783548110\n|move|p2a: Blissey|Heal Bell|p2a: Blissey\n|-activate|p2a: Blissey|move: Heal Bell\n|-curestatus|p2a: Blissey|brn|[msg]\n|move|p1a: Vaporeon|Scald|p2a: Blissey\n|-damage|p2a: Blissey|38/100\n|\n|-heal|p2a: Blissey|44/100|[from] item: Leftovers\n|upkeep\n|turn|22\n|inactive|Time left: 300 sec this turn | 300 sec total\n|\n|t:|1783548111\n|move|p2a: Blissey|Seismic Toss|p1a: Vaporeon\n|-damage|p1a: Vaporeon|279/364 par\n|move|p1a: Vaporeon|Scald|p2a: Blissey\n|-damage|p2a: Blissey|12/100\n|-status|p2a: Blissey|brn\n|\n|-heal|p2a: Blissey|18/100 brn|[from] item: Leftovers\n|-heal|p1a: Vaporeon|301/364 par|[from] item: Leftovers\n|-damage|p2a: Blissey|12/100 brn|[from] brn\n|upkeep\n|turn|23\n|inactive|Time left: 300 sec this turn | 300 sec total\n|\n|t:|1783548112\n|move|p2a: Blissey|Seismic Toss|p1a: Vaporeon\n|-damage|p1a: Vaporeon|216/364 par\n|cant|p1a: Vaporeon|par\n|\n|-heal|p2a: Blissey|18/100 brn|[from] item: Leftovers\n|-heal|p1a: Vaporeon|238/364 par|[from] item: Leftovers\n|-damage|p2a: Blissey|12/100 brn|[from] brn\n|upkeep\n|turn|24\n|inactive|Time left: 300 sec this turn | 300 sec total\n|\n|t:|1783548114\n|move|p2a: Blissey|Seismic Toss|p1a: Vaporeon\n|-damage|p1a: Vaporeon|153/364 par\n|move|p1a: Vaporeon|Scald|p2a: Blissey\n|-damage|p2a: Blissey|0 fnt\n|faint|p2a: Blissey\n|\n|-heal|p1a: Vaporeon|175/364 par|[from] item: Leftovers\n|upkeep\n|\n|t:|1783548115\n|switch|p2a: Tentacruel|Tentacruel, L84, F|100/100\n|turn|25\n|inactive|Time left: 300 sec this turn | 300 sec total\n|\n|t:|1783548116\n|move|p2a: Tentacruel|Rapid Spin|p1a: Vaporeon\n|-damage|p1a: Vaporeon|140/364 par\n|-boost|p2a: Tentacruel|spe|1\n|move|p1a: Vaporeon|Wish|p1a: Vaporeon\n|\n|-heal|p1a: Vaporeon|162/364 par|[from] item: Leftovers\n|upkeep\n|turn|26\n|inactive|Time left: 300 sec this turn | 300 sec total\n|\n|t:|1783548117\n|move|p2a: Tentacruel|Rapid Spin|p1a: Vaporeon\n|-damage|p1a: Vaporeon|126/364 par\n|-boost|p2a: Tentacruel|spe|1\n|cant|p1a: Vaporeon|par\n|\n|-heal|p1a: Vaporeon|308/364 par|[from] move: Wish|[wisher] Vaporeon\n|-heal|p1a: Vaporeon|330/364 par|[from] item: Leftovers\n|upkeep\n|turn|27\n|inactive|Time left: 300 sec this turn | 300 sec total\n|\n|t:|1783548118\n|move|p2a: Tentacruel|Knock Off|p1a: Vaporeon\n|-damage|p1a: Vaporeon|260/364 par\n|-enditem|p1a: Vaporeon|Leftovers|[from] move: Knock Off|[of] p2a: Tentacruel\n|move|p1a: Vaporeon|Scald|p2a: Tentacruel\n|-resisted|p2a: Tentacruel\n|-damage|p2a: Tentacruel|75/100\n|\n|upkeep\n|turn|28\n|inactive|Time left: 300 sec this turn | 300 sec total\n|\n|t:|1783548119\n|move|p2a: Tentacruel|Rapid Spin|p1a: Vaporeon\n|-damage|p1a: Vaporeon|223/364 par\n|-boost|p2a: Tentacruel|spe|1\n|cant|p1a: Vaporeon|par\n|\n|upkeep\n|turn|29\n|inactive|Time left: 300 sec this turn | 300 sec total\n|\n|t:|1783548120\n|move|p2a: Tentacruel|Knock Off|p1a: Vaporeon\n|-damage|p1a: Vaporeon|175/364 par\n|move|p1a: Vaporeon|Scald|p2a: Tentacruel\n|-resisted|p2a: Tentacruel\n|-damage|p2a: Tentacruel|54/100\n|\n|upkeep\n|turn|30\n|inactive|Time left: 300 sec this turn | 300 sec total\n|\n|t:|1783548122\n|move|p2a: Tentacruel|Knock Off|p1a: Vaporeon\n|-damage|p1a: Vaporeon|129/364 par\n|cant|p1a: Vaporeon|par\n|\n|upkeep\n|turn|31\n|inactive|Time left: 300 sec this turn | 300 sec total\n|\n|t:|1783548123\n|move|p2a: Tentacruel|Rapid Spin|p1a: Vaporeon\n|-damage|p1a: Vaporeon|92/364 par\n|-boost|p2a: Tentacruel|spe|1\n|move|p1a: Vaporeon|Wish|p1a: Vaporeon\n|\n|upkeep\n|turn|32\n|inactive|Time left: 300 sec this turn | 300 sec total\n|\n|t:|1783548124\n|move|p2a: Tentacruel|Rapid Spin|p1a: Vaporeon\n|-damage|p1a: Vaporeon|57/364 par\n|-boost|p2a: Tentacruel|spe|1\n|move|p1a: Vaporeon|Scald|p2a: Tentacruel\n|-resisted|p2a: Tentacruel\n|-damage|p2a: Tentacruel|32/100\n|\n|-heal|p1a: Vaporeon|239/364 par|[from] move: Wish|[wisher] Vaporeon\n|upkeep\n|turn|33\n|inactive|Time left: 300 sec this turn | 300 sec total\n|\n|t:|1783548125\n|move|p2a: Tentacruel|Rapid Spin|p1a: Vaporeon\n|-damage|p1a: Vaporeon|204/364 par\n|-boost|p2a: Tentacruel|spe|1\n|move|p1a: Vaporeon|Scald|p2a: Tentacruel\n|-resisted|p2a: Tentacruel\n|-damage|p2a: Tentacruel|6/100\n|-status|p2a: Tentacruel|brn\n|\n|-damage|p2a: Tentacruel|0 fnt|[from] brn\n|faint|p2a: Tentacruel\n|upkeep\n|\n|t:|1783548126\n|switch|p2a: Reshiram|Reshiram, L76|100/100\n|-ability|p2a: Reshiram|Turboblaze\n|turn|34\n|inactive|Time left: 300 sec this turn | 300 sec total\n|\n|t:|1783548127\n|move|p2a: Reshiram|Blue Flare|p1a: Vaporeon\n|-resisted|p1a: Vaporeon\n|-damage|p1a: Vaporeon|175/364 par\n|move|p1a: Vaporeon|Scald|p2a: Reshiram\n|-damage|p2a: Reshiram|25/100\n|\n|upkeep\n|turn|35\n|inactive|Time left: 300 sec this turn | 300 sec total\n|\n|t:|1783548128\n|move|p2a: Reshiram|Will-O-Wisp||[still]\n|-fail|p2a: Reshiram\n|move|p1a: Vaporeon|Scald|p2a: Reshiram\n|-damage|p2a: Reshiram|0 fnt\n|faint|p2a: Reshiram\n|\n|upkeep\n|\n|t:|1783548129\n|switch|p2a: Basculegion|Basculegion-F, L83, F|16/100\n|turn|36\n|inactive|Time left: 300 sec this turn | 300 sec total\n|\n|t:|1783548130\n|move|p2a: Basculegion|Shadow Ball|p1a: Vaporeon\n|-damage|p1a: Vaporeon|131/364 par\n|cant|p1a: Vaporeon|par\n|\n|upkeep\n|turn|37\n|inactive|Time left: 300 sec this turn | 300 sec total\n|\n|t:|1783548131\n|move|p2a: Basculegion|Shadow Ball|p1a: Vaporeon\n|-damage|p1a: Vaporeon|83/364 par\n|-unboost|p1a: Vaporeon|spd|1\n|move|p1a: Vaporeon|Scald|p2a: Basculegion\n|-resisted|p2a: Basculegion\n|-damage|p2a: Basculegion|0 fnt\n|faint|p2a: Basculegion\n|\n|win|p0x7124929", "uploadtime": 1783548131, "views": 0, "rating": 0, "private": 0, "password": null, "_winner": "p0x7124929", "_our_name": "p0x7124929"}