{"id": "battle-gen9randombattle-1567", "formatid": "gen9randombattle", "format": "[Gen 9] Random Battle", "players": ["p0x1567c2ef", "p0y15673f69"], "log": "|init|battle\n|title|p0x1567c2ef vs. p0y15673f69\n|j|\u2606p0x1567c2ef\n|j|\u2606p0y15673f69\n|t:|1783558164\n|gametype|singles\n|player|p1|p0x1567c2ef|265|\n|player|p2|p0y15673f69|266|\n|gen|9\n|tier|[Gen 9] Random Battle\n|rule|Species Clause: Limit one of each Pok\u00e9mon\n|rule|HP Percentage Mod: HP is shown in percentages\n|rule|Sleep Clause Mod: Limit one foe put to sleep\n|rule|Illusion Level Mod: Illusion disguises the Pok\u00e9mon's true level\n|\n|t:|1783558165\n|teamsize|p1|6\n|teamsize|p2|6\n|start\n|switch|p1a: Goodra|Goodra-Hisui, L82, F|100/100\n|switch|p2a: Magmortar|Magmortar, L88, F|275/275\n|turn|1\n|inactive|Battle timer is ON: inactive players will automatically lose when time's up. (requested by p0x1567c2ef)\n|inactive|Time left: 300 sec this turn | 300 sec total | 60 sec grace\n|inactive|p0y15673f69 also wants the timer to be on.\n|\n|t:|1783558166\n|move|p2a: Magmortar|Earthquake|p1a: Goodra\n|-supereffective|p1a: Goodra\n|-damage|p1a: Goodra|48/100\n|move|p1a: Goodra|Thunderbolt|p2a: Magmortar\n|-damage|p2a: Magmortar|210/275\n|\n|upkeep\n|turn|2\n|inactive|Time left: 300 sec this turn | 300 sec total\n|\n|t:|1783558167\n|switch|p1a: Oranguru|Oranguru, L92, F|100/100\n|move|p2a: Magmortar|Earthquake|p1a: Oranguru\n|-damage|p1a: Oranguru|78/100\n|\n|upkeep\n|turn|3\n|inactive|Time left: 300 sec this turn | 300 sec total\n|\n|t:|1783558168\n|move|p2a: Magmortar|Knock Off|p1a: Oranguru\n|-supereffective|p1a: Oranguru\n|-damage|p1a: Oranguru|34/100\n|-enditem|p1a: Oranguru|Choice Specs|[from] move: Knock Off|[of] p2a: Magmortar\n|move|p1a: Oranguru|Hyper Voice|p2a: Magmortar\n|-damage|p2a: Magmortar|107/275\n|\n|upkeep\n|turn|4\n|inactive|Time left: 300 sec this turn | 300 sec total\n|\n|t:|1783558170\n|move|p2a: Magmortar|Fire Blast|p1a: Oranguru\n|-crit|p1a: Oranguru\n|-damage|p1a: Oranguru|0 fnt\n|faint|p1a: Oranguru\n|\n|upkeep\n|\n|t:|1783558171\n|switch|p1a: Ho-Oh|Ho-Oh, L71|100/100\n|turn|5\n|inactive|Time left: 300 sec this turn | 300 sec total\n|\n|t:|1783558172\n|switch|p2a: Salamence|Salamence, L77, M|273/273\n|-ability|p2a: Salamence|Intimidate|boost\n|-unboost|p1a: Ho-Oh|atk|1\n|move|p1a: Ho-Oh|Brave Bird|p2a: Salamence\n|-damage|p2a: Salamence|186/273\n|-damage|p1a: Ho-Oh|90/100|[from] Recoil\n|\n|upkeep\n|turn|6\n|inactive|Time left: 300 sec this turn | 300 sec total\n|\n|t:|1783558173\n|move|p2a: Salamence|Outrage|p1a: Ho-Oh\n|-damage|p1a: Ho-Oh|26/100\n|move|p1a: Ho-Oh|Sacred Fire|p2a: Salamence\n|-resisted|p2a: Salamence\n|-damage|p2a: Salamence|150/273\n|\n|upkeep\n|turn|7\n|inactive|Time left: 300 sec this turn | 300 sec total\n|\n|t:|1783558174\n|switch|p1a: Skarmory|Skarmory, L80, F|100/100\n|move|p2a: Salamence|Outrage|p1a: Skarmory|[from] lockedmove\n|-resisted|p1a: Skarmory\n|-damage|p1a: Skarmory|79/100\n|\n|-heal|p1a: Skarmory|85/100|[from] item: Leftovers\n|upkeep\n|turn|8\n|inactive|Time left: 300 sec this turn | 300 sec total\n|\n|t:|1783558175\n|move|p2a: Salamence|Outrage|p1a: Skarmory|[from] lockedmove\n|-resisted|p1a: Skarmory\n|-damage|p1a: Skarmory|66/100\n|-start|p2a: Salamence|confusion|[fatigue]\n|move|p1a: Skarmory|Stealth Rock|p2a: Salamence\n|-sidestart|p2: p0y15673f69|move: Stealth Rock\n|\n|-heal|p1a: Skarmory|72/100|[from] item: Leftovers\n|upkeep\n|turn|9\n|inactive|Time left: 300 sec this turn | 300 sec total\n|\n|t:|1783558176\n|switch|p2a: Basculegion|Basculegion-F, L83, F|335/335\n|-damage|p2a: Basculegion|294/335|[from] Stealth Rock\n|move|p1a: Skarmory|Brave Bird|p2a: Basculegion\n|-damage|p2a: Basculegion|168/335\n|-damage|p1a: Skarmory|54/100|[from] Recoil\n|\n|-heal|p1a: Skarmory|60/100|[from] item: Leftovers\n|upkeep\n|turn|10\n|inactive|Time left: 300 sec this turn | 300 sec total\n|\n|t:|1783558177\n|switch|p1a: Regice|Regice, L88|100/100\n|move|p2a: Basculegion|Shadow Ball|p1a: Regice\n|-damage|p1a: Regice|72/100\n|\n|upkeep\n|turn|11\n|inactive|Time left: 300 sec this turn | 300 sec total\n|\n|t:|1783558178\n|move|p2a: Basculegion|Shadow Ball|p1a: Regice\n|-damage|p1a: Regice|39/100\n|move|p1a: Regice|Thunderbolt|p2a: Basculegion\n|-supereffective|p2a: Basculegion\n|-damage|p2a: Basculegion|0 fnt\n|faint|p2a: Basculegion\n|\n|upkeep\n|inactive|Time left: 300 sec this turn | 300 sec total | 5 sec grace\n|\n|t:|1783558179\n|switch|p2a: Salamence|Salamence, L77, M|150/273\n|-ability|p2a: Salamence|Intimidate|boost\n|-fail|p1a: Regice|unboost|[from] ability: Clear Body|[of] p1a: Regice\n|turn|12\n|inactive|Time left: 300 sec this turn | 300 sec total\n|\n|t:|1783558180\n|switch|p1a: Glaceon|Glaceon, L94, F|100/100\n|move|p2a: Salamence|Outrage|p1a: Glaceon\n|-damage|p1a: Glaceon|62/100\n|\n|upkeep\n|turn|13\n|inactive|Time left: 300 sec this turn | 300 sec total\n|\n|t:|1783558181\n|move|p2a: Salamence|Outrage|p1a: Glaceon|[from] lockedmove\n|-damage|p1a: Glaceon|24/100\n|move|p1a: Glaceon|Freeze-Dry|p2a: Salamence\n|-supereffective|p2a: Salamence\n|-damage|p2a: Salamence|0 fnt\n|faint|p2a: Salamence\n|\n|upkeep\n|inactive|Time left: 300 sec this turn | 300 sec total | 5 sec grace\n|\n|t:|1783558182\n|switch|p2a: Magmortar|Magmortar, L88, F|107/275\n|turn|14\n|inactive|Time left: 300 sec this turn | 300 sec total\n|\n|t:|1783558183\n|move|p1a: Glaceon|Protect|p1a: Glaceon\n|-singleturn|p1a: Glaceon|Protect\n|move|p2a: Magmortar|Thunderbolt|p1a: Glaceon\n|-activate|p1a: Glaceon|move: Protect\n|\n|upkeep\n|turn|15\n|inactive|Time left: 300 sec this turn | 300 sec total\n|\n|t:|1783558184\n|switch|p1a: Ho-Oh|Ho-Oh, L71|59/100\n|move|p2a: Magmortar|Fire Blast|p1a: Ho-Oh\n|-resisted|p1a: Ho-Oh\n|-damage|p1a: Ho-Oh|37/100\n|\n|upkeep\n|turn|16\n|inactive|Time left: 300 sec this turn | 300 sec total\n|\n|t:|1783558185\n|switch|p1a: Goodra|Goodra-Hisui, L82, F|48/100\n|move|p2a: Magmortar|Thunderbolt|p1a: Goodra\n|-resisted|p1a: Goodra\n|-damage|p1a: Goodra|41/100\n|\n|upkeep\n|turn|17\n|inactive|Time left: 300 sec this turn | 300 sec total\n|\n|t:|1783558186\n|move|p2a: Magmortar|Earthquake|p1a: Goodra\n|-supereffective|p1a: Goodra\n|-damage|p1a: Goodra|0 fnt\n|faint|p1a: Goodra\n|\n|upkeep\n|\n|t:|1783558188\n|switch|p1a: Ho-Oh|Ho-Oh, L71|71/100\n|turn|18\n|inactive|Time left: 300 sec this turn | 300 sec total\n|\n|t:|1783558188\n|move|p2a: Magmortar|Thunderbolt|p1a: Ho-Oh\n|-supereffective|p1a: Ho-Oh\n|-damage|p1a: Ho-Oh|20/100\n|move|p1a: Ho-Oh|Brave Bird|p2a: Magmortar\n|-damage|p2a: Magmortar|0 fnt\n|faint|p2a: Magmortar\n|-damage|p1a: Ho-Oh|7/100|[from] Recoil\n|\n|upkeep\n|inactive|Time left: 300 sec this turn | 300 sec total | 5 sec grace\n|\n|t:|1783558189\n|switch|p2a: Crawdaunt|Crawdaunt, L84, M|243/243\n|-damage|p2a: Crawdaunt|213/243|[from] Stealth Rock\n|turn|19\n|inactive|Time left: 300 sec this turn | 300 sec total\n|\n|t:|1783558190\n|move|p1a: Ho-Oh|Sacred Fire|p2a: Crawdaunt\n|-resisted|p2a: Crawdaunt\n|-damage|p2a: Crawdaunt|163/243\n|-status|p2a: Crawdaunt|brn\n|move|p2a: Crawdaunt|Dragon Dance|p2a: Crawdaunt\n|-boost|p2a: Crawdaunt|atk|1\n|-boost|p2a: Crawdaunt|spe|1\n|\n|-damage|p2a: Crawdaunt|148/243 brn|[from] brn\n|upkeep\n|turn|20\n|inactive|Time left: 300 sec this turn | 300 sec total\n|\n|t:|1783558191\n|switch|p1a: Glaceon|Glaceon, L94, F|24/100\n|move|p2a: Crawdaunt|Knock Off|p1a: Glaceon\n|-damage|p1a: Glaceon|0 fnt\n|-enditem|p1a: Glaceon|Heavy-Duty Boots|[from] move: Knock Off|[of] p2a: Crawdaunt\n|faint|p1a: Glaceon\n|-damage|p2a: Crawdaunt|124/243 brn|[from] item: Life Orb\n|\n|-damage|p2a: Crawdaunt|109/243 brn|[from] brn\n|upkeep\n|\n|t:|1783558192\n|switch|p1a: Skarmory|Skarmory, L80, F|60/100\n|turn|21\n|inactive|Time left: 300 sec this turn | 300 sec total\n|\n|t:|1783558193\n|move|p2a: Crawdaunt|Knock Off|p1a: Skarmory\n|-crit|p1a: Skarmory\n|-damage|p1a: Skarmory|0 fnt\n|-enditem|p1a: Skarmory|Leftovers|[from] move: Knock Off|[of] p2a: Crawdaunt\n|faint|p1a: Skarmory\n|-damage|p2a: Crawdaunt|85/243 brn|[from] item: Life Orb\n|\n|-damage|p2a: Crawdaunt|70/243 brn|[from] brn\n|upkeep\n|\n|t:|1783558194\n|switch|p1a: Ho-Oh|Ho-Oh, L71|40/100\n|turn|22\n|inactive|Time left: 300 sec this turn | 300 sec total\n|\n|t:|1783558195\n|switch|p1a: Regice|Regice, L88|39/100\n|move|p2a: Crawdaunt|Knock Off|p1a: Regice\n|-damage|p1a: Regice|0 fnt\n|-enditem|p1a: Regice|Heavy-Duty Boots|[from] move: Knock Off|[of] p2a: Crawdaunt\n|faint|p1a: Regice\n|-damage|p2a: Crawdaunt|46/243 brn|[from] item: Life Orb\n|\n|-damage|p2a: Crawdaunt|31/243 brn|[from] brn\n|upkeep\n|\n|t:|1783558195\n|switch|p1a: Ho-Oh|Ho-Oh, L71|73/100\n|turn|23\n|inactive|Time left: 300 sec this turn | 300 sec total\n|\n|t:|1783558196\n|-terastallize|p2a: Crawdaunt|Water\n|-terastallize|p1a: Ho-Oh|Steel\n|move|p2a: Crawdaunt|Crabhammer|p1a: Ho-Oh\n|-damage|p1a: Ho-Oh|0 fnt\n|faint|p1a: Ho-Oh\n|-damage|p2a: Crawdaunt|7/243 brn|[from] item: Life Orb\n|\n|win|p0y15673f69", "uploadtime": 1783558196, "views": 0, "rating": 0, "private": 0, "password": null, "_winner": "p0y15673f69", "_our_name": "p0y15673f69"}