{"id": "battle-gen9randombattle-1975", "formatid": "gen9randombattle", "format": "[Gen 9] Random Battle", "players": ["p0x197516db", "p0y1975c16d"], "log": "|init|battle\n|title|p0x197516db vs. p0y1975c16d\n|j|\u2606p0x197516db\n|j|\u2606p0y1975c16d\n|t:|1783562831\n|gametype|singles\n|player|p1|p0x197516db|265|\n|player|p2|p0y1975c16d|169|\n|gen|9\n|tier|[Gen 9] Random Battle\n|rule|Species Clause: Limit one of each Pok\u00e9mon\n|rule|HP Percentage Mod: HP is shown in percentages\n|rule|Sleep Clause Mod: Limit one foe put to sleep\n|rule|Illusion Level Mod: Illusion disguises the Pok\u00e9mon's true level\n|\n|t:|1783562831\n|teamsize|p1|6\n|teamsize|p2|6\n|start\n|switch|p1a: Carbink|Carbink, L90|236/236\n|switch|p2a: Banette|Banette, L93, F|100/100\n|turn|1\n|inactive|Battle timer is ON: inactive players will automatically lose when time's up. (requested by p0y1975c16d)\n|inactive|Time left: 300 sec this turn | 300 sec total | 60 sec grace\n|inactive|p0x197516db also wants the timer to be on.\n|\n|t:|1783562832\n|move|p2a: Banette|Poltergeist|p1a: Carbink\n|-activate|p1a: Carbink|move: Poltergeist|Leftovers\n|-damage|p1a: Carbink|106/236\n|-damage|p2a: Banette|90/100|[from] item: Life Orb\n|move|p1a: Carbink|Rock Polish|p1a: Carbink\n|-boost|p1a: Carbink|spe|2\n|\n|-heal|p1a: Carbink|120/236|[from] item: Leftovers\n|upkeep\n|turn|2\n|inactive|Time left: 300 sec this turn | 300 sec total\n|\n|t:|1783562833\n|move|p1a: Carbink|Iron Defense|p1a: Carbink\n|-boost|p1a: Carbink|def|2\n|move|p2a: Banette|Poltergeist|p1a: Carbink\n|-activate|p1a: Carbink|move: Poltergeist|Leftovers\n|-damage|p1a: Carbink|54/236\n|-damage|p2a: Banette|80/100|[from] item: Life Orb\n|\n|-heal|p1a: Carbink|68/236|[from] item: Leftovers\n|upkeep\n|turn|3\n|inactive|Time left: 300 sec this turn | 300 sec total\n|\n|t:|1783562834\n|move|p1a: Carbink|Moonblast|p2a: Banette\n|-damage|p2a: Banette|50/100\n|move|p2a: Banette|Poltergeist|p1a: Carbink\n|-activate|p1a: Carbink|move: Poltergeist|Leftovers\n|-damage|p1a: Carbink|8/236\n|-damage|p2a: Banette|40/100|[from] item: Life Orb\n|\n|-heal|p1a: Carbink|22/236|[from] item: Leftovers\n|upkeep\n|turn|4\n|inactive|Time left: 300 sec this turn | 300 sec total\n|\n|t:|1783562835\n|move|p2a: Banette|Shadow Sneak|p1a: Carbink\n|-damage|p1a: Carbink|0 fnt\n|faint|p1a: Carbink\n|-damage|p2a: Banette|30/100|[from] item: Life Orb\n|\n|upkeep\n|inactive|Time left: 300 sec this turn | 300 sec total | 5 sec grace\n|\n|t:|1783562836\n|switch|p1a: Meloetta|Meloetta, L82|298/298\n|turn|5\n|inactive|Time left: 300 sec this turn | 300 sec total\n|\n|t:|1783562837\n|switch|p2a: Registeel|Registeel, L81|100/100\n|move|p1a: Meloetta|Psyshock|p2a: Registeel\n|-resisted|p2a: Registeel\n|-damage|p2a: Registeel|80/100\n|\n|-heal|p2a: Registeel|86/100|[from] item: Leftovers\n|upkeep\n|turn|6\n|inactive|Time left: 300 sec this turn | 300 sec total\n|\n|t:|1783562838\n|switch|p1a: Espathra|Espathra, L80, M|283/283\n|move|p2a: Registeel|Body Press|p1a: Espathra\n|-resisted|p1a: Espathra\n|-damage|p1a: Espathra|229/283\n|\n|-heal|p2a: Registeel|92/100|[from] item: Leftovers\n|upkeep\n|turn|7\n|inactive|Time left: 300 sec this turn | 300 sec total\n|\n|t:|1783562839\n|move|p1a: Espathra|Lumina Crash|p2a: Registeel\n|-resisted|p2a: Registeel\n|-damage|p2a: Registeel|78/100\n|move|p2a: Registeel|Iron Head|p1a: Espathra\n|-damage|p1a: Espathra|130/283\n|\n|-heal|p2a: Registeel|84/100|[from] item: Leftovers\n|-ability|p1a: Espathra|Speed Boost|boost\n|-boost|p1a: Espathra|spe|1\n|upkeep\n|turn|8\n|inactive|Time left: 300 sec this turn | 300 sec total\n|\n|t:|1783562841\n|move|p1a: Espathra|Lumina Crash|p2a: Registeel\n|-resisted|p2a: Registeel\n|-damage|p2a: Registeel|68/100\n|move|p2a: Registeel|Iron Head|p1a: Espathra\n|-damage|p1a: Espathra|34/283\n|\n|-heal|p2a: Registeel|75/100|[from] item: Leftovers\n|-ability|p1a: Espathra|Speed Boost|boost\n|-boost|p1a: Espathra|spe|1\n|upkeep\n|turn|9\n|inactive|Time left: 300 sec this turn | 300 sec total\n|\n|t:|1783562842\n|move|p1a: Espathra|Lumina Crash|p2a: Registeel\n|-resisted|p2a: Registeel\n|-damage|p2a: Registeel|60/100\n|move|p2a: Registeel|Body Press|p1a: Espathra\n|-resisted|p1a: Espathra\n|-damage|p1a: Espathra|0 fnt\n|faint|p1a: Espathra\n|\n|-heal|p2a: Registeel|66/100|[from] item: Leftovers\n|upkeep\n|inactive|Time left: 300 sec this turn | 300 sec total | 5 sec grace\n|\n|t:|1783562843\n|switch|p1a: Meloetta|Meloetta, L82|298/298\n|turn|10\n|inactive|Time left: 300 sec this turn | 300 sec total\n|\n|t:|1783562844\n|move|p1a: Meloetta|Focus Blast|p2a: Registeel\n|-supereffective|p2a: Registeel\n|-damage|p2a: Registeel|0 fnt\n|faint|p2a: Registeel\n|\n|upkeep\n|\n|t:|1783562845\n|switch|p2a: Koraidon|Koraidon, L64|100/100\n|-weather|SunnyDay|[from] ability: Orichalcum Pulse|[of] p2a: Koraidon\n|-activate|p2a: Koraidon|Orichalcum Pulse|[source]\n|turn|11\n|inactive|Time left: 300 sec this turn | 300 sec total\n|\n|t:|1783562846\n|move|p2a: Koraidon|Outrage|p1a: Meloetta\n|-damage|p1a: Meloetta|76/298\n|move|p1a: Meloetta|Focus Blast|p2a: Koraidon\n|-damage|p2a: Koraidon|31/100\n|\n|-weather|SunnyDay|[upkeep]\n|upkeep\n|turn|12\n|inactive|Time left: 300 sec this turn | 300 sec total\n|\n|t:|1783562847\n|switch|p1a: Wigglytuff|Wigglytuff, L96, F|424/424\n|move|p2a: Koraidon|Outrage|p1a: Wigglytuff|[from] lockedmove\n|-immune|p1a: Wigglytuff\n|\n|-weather|SunnyDay|[upkeep]\n|upkeep\n|turn|13\n|inactive|Time left: 300 sec this turn | 300 sec total\n|\n|t:|1783562848\n|move|p2a: Koraidon|Outrage|p1a: Wigglytuff\n|-immune|p1a: Wigglytuff\n|move|p1a: Wigglytuff|Fire Blast|p2a: Koraidon\n|-resisted|p2a: Koraidon\n|-damage|p2a: Koraidon|0 fnt\n|faint|p2a: Koraidon\n|\n|-weather|SunnyDay|[upkeep]\n|upkeep\n|\n|t:|1783562849\n|switch|p2a: Banette|Banette, L93, F|30/100\n|turn|14\n|inactive|Time left: 300 sec this turn | 300 sec total\n|\n|t:|1783562850\n|move|p2a: Banette|Gunk Shot|p1a: Wigglytuff\n|-supereffective|p1a: Wigglytuff\n|-damage|p1a: Wigglytuff|0 fnt\n|faint|p1a: Wigglytuff\n|-damage|p2a: Banette|20/100|[from] item: Life Orb\n|\n|-weather|SunnyDay|[upkeep]\n|upkeep\n|inactive|Time left: 300 sec this turn | 300 sec total | 5 sec grace\n|\n|t:|1783562851\n|switch|p1a: Meloetta|Meloetta, L82|76/298\n|turn|15\n|inactive|Time left: 300 sec this turn | 300 sec total\n|\n|t:|1783562852\n|switch|p2a: Sinistcha|Sinistcha-Masterpiece, L83|100/100\n|move|p1a: Meloetta|Psyshock|p2a: Sinistcha\n|-damage|p2a: Sinistcha|46/100\n|\n|-weather|none\n|-heal|p2a: Sinistcha|52/100|[from] item: Leftovers\n|upkeep\n|turn|16\n|inactive|Time left: 300 sec this turn | 300 sec total\n|\n|t:|1783562853\n|-terastallize|p2a: Sinistcha|Steel\n|move|p1a: Meloetta|Psyshock|p2a: Sinistcha\n|-resisted|p2a: Sinistcha\n|-damage|p2a: Sinistcha|28/100\n|move|p2a: Sinistcha|Strength Sap|p1a: Meloetta\n|-unboost|p1a: Meloetta|atk|1\n|-heal|p2a: Sinistcha|96/100\n|\n|-heal|p2a: Sinistcha|100/100|[from] item: Leftovers\n|upkeep\n|turn|17\n|inactive|Time left: 300 sec this turn | 300 sec total\n|\n|t:|1783562854\n|switch|p1a: Brute Bonnet|Brute Bonnet, L80|309/309\n|move|p2a: Sinistcha|Calm Mind|p2a: Sinistcha\n|-boost|p2a: Sinistcha|spa|1\n|-boost|p2a: Sinistcha|spd|1\n|\n|upkeep\n|turn|18\n|inactive|Time left: 300 sec this turn | 300 sec total\n|\n|t:|1783562855\n|move|p2a: Sinistcha|Strength Sap|p1a: Brute Bonnet\n|-unboost|p1a: Brute Bonnet|atk|1\n|move|p1a: Brute Bonnet|Spore|p2a: Sinistcha\n|-status|p2a: Sinistcha|slp|[from] move: Spore\n|\n|upkeep\n|turn|19\n|inactive|Time left: 300 sec this turn | 300 sec total\n|\n|t:|1783562856\n|-end|p1a: Brute Bonnet|Protosynthesis|[silent]\n|switch|p1a: Sneasler|Sneasler, L74, F|240/240\n|cant|p2a: Sinistcha|slp\n|\n|upkeep\n|turn|20\n|inactive|Time left: 300 sec this turn | 300 sec total\n|\n|t:|1783562857\n|move|p1a: Sneasler|Swords Dance|p1a: Sneasler\n|-boost|p1a: Sneasler|atk|2\n|-curestatus|p2a: Sinistcha|slp|[msg]\n|move|p2a: Sinistcha|Shadow Ball|p1a: Sneasler\n|-damage|p1a: Sneasler|60/240\n|\n|upkeep\n|turn|21\n|inactive|Time left: 300 sec this turn | 300 sec total\n|\n|t:|1783562858\n|switch|p2a: Banette|Banette, L93, F|20/100\n|move|p1a: Sneasler|Close Combat|p2a: Banette\n|-immune|p2a: Banette\n|\n|upkeep\n|turn|22\n|inactive|Time left: 300 sec this turn | 300 sec total\n|\n|t:|1783562859\n|move|p2a: Banette|Shadow Sneak|p1a: Sneasler\n|-damage|p1a: Sneasler|0 fnt\n|faint|p1a: Sneasler\n|-damage|p2a: Banette|10/100|[from] item: Life Orb\n|\n|upkeep\n|inactive|Time left: 300 sec this turn | 300 sec total | 5 sec grace\n|\n|t:|1783562860\n|switch|p1a: Meloetta|Meloetta, L82|76/298\n|turn|23\n|inactive|Time left: 300 sec this turn | 300 sec total\n|\n|t:|1783562861\n|move|p1a: Meloetta|Psyshock|p2a: Banette\n|-damage|p2a: Banette|0 fnt\n|faint|p2a: Banette\n|\n|upkeep\n|\n|t:|1783562862\n|switch|p2a: Keldeo|Keldeo-Resolute, L79|100/100\n|turn|24\n|inactive|Time left: 300 sec this turn | 300 sec total\n|\n|t:|1783562863\n|move|p2a: Keldeo|Secret Sword|p1a: Meloetta\n|-damage|p1a: Meloetta|0 fnt\n|faint|p1a: Meloetta\n|\n|upkeep\n|inactive|Time left: 300 sec this turn | 300 sec total | 5 sec grace\n|\n|t:|1783562864\n|switch|p1a: Brute Bonnet|Brute Bonnet, L80|309/309\n|turn|25\n|inactive|Time left: 300 sec this turn | 300 sec total\n|\n|t:|1783562865\n|move|p2a: Keldeo|Secret Sword|p1a: Brute Bonnet\n|-supereffective|p1a: Brute Bonnet\n|-damage|p1a: Brute Bonnet|99/309\n|move|p1a: Brute Bonnet|Spore|p2a: Keldeo\n|-status|p2a: Keldeo|slp|[from] move: Spore\n|\n|-heal|p1a: Brute Bonnet|118/309|[from] item: Leftovers\n|upkeep\n|turn|26\n|inactive|Time left: 300 sec this turn | 300 sec total\n|\n|t:|1783562866\n|switch|p2a: Cramorant|Cramorant, L86, F|100/100\n|-terastallize|p1a: Brute Bonnet|Dark\n|move|p1a: Brute Bonnet|Crunch|p2a: Cramorant\n|-damage|p2a: Cramorant|35/100\n|\n|-heal|p1a: Brute Bonnet|137/309|[from] item: Leftovers\n|upkeep\n|turn|27\n|inactive|Time left: 300 sec this turn | 300 sec total\n|\n|t:|1783562867\n|move|p1a: Brute Bonnet|Sucker Punch|p2a: Cramorant\n|-damage|p2a: Cramorant|0 fnt\n|faint|p2a: Cramorant\n|\n|-heal|p1a: Brute Bonnet|156/309|[from] item: Leftovers\n|upkeep\n|\n|t:|1783562868\n|switch|p2a: Sinistcha|Sinistcha-Masterpiece, L83, tera:Steel|100/100\n|turn|28\n|inactive|Time left: 300 sec this turn | 300 sec total\n|\n|t:|1783562869\n|move|p2a: Sinistcha|Matcha Gotcha|p1a: Brute Bonnet|[miss]\n|-miss|p2a: Sinistcha|p1a: Brute Bonnet\n|move|p1a: Brute Bonnet|Crunch|p2a: Sinistcha\n|-damage|p2a: Sinistcha|52/100\n|\n|-heal|p2a: Sinistcha|58/100|[from] item: Leftovers\n|-heal|p1a: Brute Bonnet|175/309|[from] item: Leftovers\n|upkeep\n|turn|29\n|inactive|Time left: 300 sec this turn | 300 sec total\n|\n|t:|1783562870\n|move|p2a: Sinistcha|Strength Sap|p1a: Brute Bonnet\n|-unboost|p1a: Brute Bonnet|atk|1\n|-heal|p2a: Sinistcha|100/100\n|move|p1a: Brute Bonnet|Crunch|p2a: Sinistcha\n|-damage|p2a: Sinistcha|69/100\n|\n|-heal|p2a: Sinistcha|75/100|[from] item: Leftovers\n|-heal|p1a: Brute Bonnet|194/309|[from] item: Leftovers\n|upkeep\n|turn|30\n|inactive|Time left: 300 sec this turn | 300 sec total\n|\n|t:|1783562871\n|move|p2a: Sinistcha|Matcha Gotcha|p1a: Brute Bonnet\n|-crit|p1a: Brute Bonnet\n|-damage|p1a: Brute Bonnet|44/309\n|-heal|p2a: Sinistcha|100/100|[from] drain|[of] p1a: Brute Bonnet\n|move|p1a: Brute Bonnet|Crunch|p2a: Sinistcha\n|-damage|p2a: Sinistcha|71/100\n|\n|-heal|p2a: Sinistcha|76/100|[from] item: Leftovers\n|-heal|p1a: Brute Bonnet|63/309|[from] item: Leftovers\n|upkeep\n|turn|31\n|inactive|Time left: 300 sec this turn | 300 sec total\n|\n|t:|1783562872\n|move|p2a: Sinistcha|Matcha Gotcha|p1a: Brute Bonnet\n|-damage|p1a: Brute Bonnet|0 fnt\n|-heal|p2a: Sinistcha|89/100|[from] drain|[of] p1a: Brute Bonnet\n|faint|p1a: Brute Bonnet\n|-end|p1a: Brute Bonnet|Protosynthesis|[silent]\n|\n|win|p0y1975c16d", "uploadtime": 1783562872, "views": 0, "rating": 0, "private": 0, "password": null, "_winner": "p0y1975c16d", "_our_name": "p0x197516db"}