{"id": "battle-gen9randombattle-1897", "formatid": "gen9randombattle", "format": "[Gen 9] Random Battle", "players": ["p0x18975e12", "p0y1897ea03"], "log": "|init|battle\n|title|p0x18975e12 vs. p0y1897ea03\n|j|\u2606p0x18975e12\n|j|\u2606p0y1897ea03\n|t:|1783561944\n|gametype|singles\n|player|p1|p0x18975e12|265|\n|player|p2|p0y1897ea03|1|\n|gen|9\n|tier|[Gen 9] Random Battle\n|rule|Species Clause: Limit one of each Pok\u00e9mon\n|rule|HP Percentage Mod: HP is shown in percentages\n|rule|Sleep Clause Mod: Limit one foe put to sleep\n|rule|Illusion Level Mod: Illusion disguises the Pok\u00e9mon's true level\n|\n|t:|1783561944\n|teamsize|p1|6\n|teamsize|p2|6\n|start\n|switch|p1a: Alomomola|Alomomola, L87, F|429/429\n|switch|p2a: Deoxys|Deoxys-Defense, L84|100/100\n|-ability|p2a: Deoxys|Pressure\n|turn|1\n|inactive|Battle timer is ON: inactive players will automatically lose when time's up. (requested by p0x18975e12)\n|inactive|p0y1897ea03 also wants the timer to be on.\n|\n|t:|1783561946\n|switch|p2a: Lurantis|Lurantis, L87, M|100/100\n|move|p1a: Alomomola|Flip Turn|p2a: Lurantis\n|-resisted|p2a: Lurantis\n|-damage|p2a: Lurantis|90/100\n|inactive|Time left: 300 sec this turn | 300 sec total | 65 sec grace\n|\n|t:|1783561947\n|switch|p1a: Piloswine|Piloswine, L85, M|309/309|[from] Flip Turn\n|\n|-heal|p2a: Lurantis|96/100|[from] item: Leftovers\n|upkeep\n|turn|2\n|inactive|Time left: 300 sec this turn | 300 sec total\n|\n|t:|1783561948\n|move|p1a: Piloswine|Icicle Crash|p2a: Lurantis\n|-supereffective|p2a: Lurantis\n|-damage|p2a: Lurantis|23/100\n|move|p2a: Lurantis|Superpower|p1a: Piloswine\n|-supereffective|p1a: Piloswine\n|-damage|p1a: Piloswine|181/309\n|-boost|p2a: Lurantis|atk|1\n|-boost|p2a: Lurantis|def|1\n|\n|-heal|p2a: Lurantis|29/100|[from] item: Leftovers\n|upkeep\n|turn|3\n|inactive|Time left: 300 sec this turn | 300 sec total\n|\n|t:|1783561949\n|-terastallize|p2a: Lurantis|Fighting\n|move|p1a: Piloswine|Icicle Crash|p2a: Lurantis\n|-damage|p2a: Lurantis|6/100\n|cant|p2a: Lurantis|flinch\n|\n|-heal|p2a: Lurantis|12/100|[from] item: Leftovers\n|upkeep\n|turn|4\n|inactive|Time left: 300 sec this turn | 300 sec total\n|\n|t:|1783561950\n|move|p1a: Piloswine|Earthquake|p2a: Lurantis\n|-damage|p2a: Lurantis|0 fnt\n|faint|p2a: Lurantis\n|\n|upkeep\n|\n|t:|1783561951\n|switch|p2a: Blastoise|Blastoise, L80, F|100/100\n|turn|5\n|inactive|Time left: 300 sec this turn | 300 sec total\n|\n|t:|1783561952\n|move|p2a: Blastoise|Shell Smash|p2a: Blastoise\n|-unboost|p2a: Blastoise|def|1\n|-unboost|p2a: Blastoise|spd|1\n|-boost|p2a: Blastoise|atk|2\n|-boost|p2a: Blastoise|spa|2\n|-boost|p2a: Blastoise|spe|2\n|-enditem|p2a: Blastoise|White Herb\n|-clearnegativeboost|p2a: Blastoise|[silent]\n|move|p1a: Piloswine|Roar|p2a: Blastoise\n|drag|p2a: Deoxys|Deoxys-Defense, L84|100/100\n|-ability|p2a: Deoxys|Pressure\n|\n|upkeep\n|turn|6\n|inactive|Time left: 300 sec this turn | 300 sec total\n|\n|t:|1783561953\n|move|p2a: Deoxys|Knock Off|p1a: Piloswine\n|-crit|p1a: Piloswine\n|-damage|p1a: Piloswine|124/309\n|-enditem|p1a: Piloswine|Eviolite|[from] move: Knock Off|[of] p2a: Deoxys\n|move|p1a: Piloswine|Stealth Rock|p2a: Deoxys\n|-sidestart|p2: p0y1897ea03|move: Stealth Rock\n|\n|upkeep\n|turn|7\n|inactive|Time left: 300 sec this turn | 300 sec total\n|\n|t:|1783561954\n|move|p2a: Deoxys|Psychic Noise|p1a: Piloswine\n|-damage|p1a: Piloswine|49/309\n|-start|p1a: Piloswine|move: Heal Block\n|move|p1a: Piloswine|Icicle Crash|p2a: Deoxys\n|-damage|p2a: Deoxys|75/100\n|\n|-heal|p2a: Deoxys|81/100|[from] item: Leftovers\n|upkeep\n|turn|8\n|inactive|Time left: 300 sec this turn | 300 sec total\n|\n|t:|1783561956\n|switch|p1a: Weavile|Weavile, L79, F|240/240\n|move|p2a: Deoxys|Psychic Noise|p1a: Weavile\n|-immune|p1a: Weavile\n|\n|-heal|p2a: Deoxys|86/100|[from] item: Leftovers\n|upkeep\n|turn|9\n|inactive|Time left: 300 sec this turn | 300 sec total\n|\n|t:|1783561957\n|switch|p2a: Alcremie|Alcremie-Caramel-Swirl, L90, F|100/100\n|-damage|p2a: Alcremie|88/100|[from] Stealth Rock\n|move|p1a: Weavile|Swords Dance|p1a: Weavile\n|-boost|p1a: Weavile|atk|2\n|\n|-heal|p2a: Alcremie|94/100|[from] item: Leftovers\n|upkeep\n|turn|10\n|inactive|Time left: 300 sec this turn | 300 sec total\n|\n|t:|1783561958\n|switch|p2a: Luvdisc|Luvdisc, F|100/100\n|move|p1a: Weavile|Triple Axel|p2a: Luvdisc|[miss]\n|-miss|p1a: Weavile|p2a: Luvdisc\n|\n|upkeep\n|turn|11\n|inactive|Time left: 300 sec this turn | 300 sec total\n|\n|t:|1783561958\n|move|p2a: Luvdisc|Substitute|p2a: Luvdisc\n|-start|p2a: Luvdisc|Substitute\n|-damage|p2a: Luvdisc|76/100\n|move|p1a: Weavile|Triple Axel|p2a: Luvdisc\n|-resisted|p2a: Luvdisc\n|-crit|p2a: Luvdisc\n|-activate|p2a: Luvdisc|move: Substitute|[damage]\n|-resisted|p2a: Luvdisc\n|-end|p2a: Luvdisc|Substitute\n|-resisted|p2a: Luvdisc\n|-damage|p2a: Luvdisc|43/100\n|-hitcount|p2a: Luvdisc|3\n|\n|upkeep\n|turn|12\n|inactive|Time left: 300 sec this turn | 300 sec total\n|\n|t:|1783561959\n|move|p2a: Luvdisc|Endeavor|p1a: Weavile\n|-damage|p1a: Weavile|105/240\n|move|p1a: Weavile|Triple Axel|p2a: Luvdisc\n|-resisted|p2a: Luvdisc\n|-damage|p2a: Luvdisc|32/100\n|-resisted|p2a: Luvdisc\n|-damage|p2a: Luvdisc|11/100\n|-resisted|p2a: Luvdisc\n|-damage|p2a: Luvdisc|0 fnt\n|faint|p2a: Luvdisc\n|-hitcount|p2: Luvdisc|3\n|\n|upkeep\n|\n|t:|1783561960\n|switch|p2a: Blastoise|Blastoise, L80, F|100/100\n|-damage|p2a: Blastoise|88/100|[from] Stealth Rock\n|turn|13\n|inactive|Time left: 300 sec this turn | 300 sec total\n|\n|t:|1783561961\n|move|p1a: Weavile|Knock Off|p2a: Blastoise\n|-damage|p2a: Blastoise|37/100\n|move|p2a: Blastoise|Shell Smash|p2a: Blastoise\n|-unboost|p2a: Blastoise|def|1\n|-unboost|p2a: Blastoise|spd|1\n|-boost|p2a: Blastoise|atk|2\n|-boost|p2a: Blastoise|spa|2\n|-boost|p2a: Blastoise|spe|2\n|\n|upkeep\n|turn|14\n|inactive|Time left: 300 sec this turn | 300 sec total\n|\n|t:|1783561962\n|switch|p1a: Clawitzer|Clawitzer, L87, F|265/265\n|move|p2a: Blastoise|Earthquake|p1a: Clawitzer\n|-damage|p1a: Clawitzer|151/265\n|\n|upkeep\n|turn|15\n|inactive|Time left: 300 sec this turn | 300 sec total\n|\n|t:|1783561963\n|move|p2a: Blastoise|Earthquake|p1a: Clawitzer\n|-damage|p1a: Clawitzer|35/265\n|move|p1a: Clawitzer|Dark Pulse|p2a: Blastoise\n|-damage|p2a: Blastoise|0 fnt\n|faint|p2a: Blastoise\n|\n|upkeep\n|\n|t:|1783561963\n|switch|p2a: Alcremie|Alcremie-Caramel-Swirl, L90, F|94/100\n|-damage|p2a: Alcremie|82/100|[from] Stealth Rock\n|turn|16\n|inactive|Time left: 300 sec this turn | 300 sec total\n|\n|t:|1783561964\n|move|p2a: Alcremie|Calm Mind|p2a: Alcremie\n|-boost|p2a: Alcremie|spa|1\n|-boost|p2a: Alcremie|spd|1\n|move|p1a: Clawitzer|U-turn|p2a: Alcremie\n|-resisted|p2a: Alcremie\n|-damage|p2a: Alcremie|74/100\n|inactive|Time left: 300 sec this turn | 300 sec total | 5 sec grace\n|\n|t:|1783561965\n|switch|p1a: Alomomola|Alomomola, L87, F|429/429|[from] U-turn\n|\n|-heal|p2a: Alcremie|80/100|[from] item: Leftovers\n|upkeep\n|turn|17\n|inactive|Time left: 300 sec this turn | 300 sec total\n|\n|t:|1783561966\n|move|p2a: Alcremie|Calm Mind|p2a: Alcremie\n|-boost|p2a: Alcremie|spa|1\n|-boost|p2a: Alcremie|spd|1\n|move|p1a: Alomomola|Flip Turn|p2a: Alcremie\n|-crit|p2a: Alcremie\n|-damage|p2a: Alcremie|46/100\n|inactive|Time left: 300 sec this turn | 300 sec total | 5 sec grace\n|\n|t:|1783561967\n|switch|p1a: Weavile|Weavile, L79, F|105/240|[from] Flip Turn\n|\n|-heal|p2a: Alcremie|52/100|[from] item: Leftovers\n|upkeep\n|turn|18\n|inactive|Time left: 300 sec this turn | 300 sec total\n|\n|t:|1783561968\n|move|p1a: Weavile|Triple Axel|p2a: Alcremie\n|-damage|p2a: Alcremie|43/100\n|-damage|p2a: Alcremie|25/100\n|-damage|p2a: Alcremie|0 fnt\n|faint|p2a: Alcremie\n|-hitcount|p2: Alcremie|3\n|\n|upkeep\n|\n|t:|1783561968\n|switch|p2a: Cryogonal|Cryogonal, L89|100/100\n|turn|19\n|inactive|Time left: 300 sec this turn | 300 sec total\n|\n|t:|1783561969\n|move|p1a: Weavile|Swords Dance|p1a: Weavile\n|-boost|p1a: Weavile|atk|2\n|move|p2a: Cryogonal|Flash Cannon|p1a: Weavile\n|-supereffective|p1a: Weavile\n|-crit|p1a: Weavile\n|-damage|p1a: Weavile|0 fnt\n|faint|p1a: Weavile\n|\n|upkeep\n|inactive|Time left: 300 sec this turn | 300 sec total | 5 sec grace\n|\n|t:|1783561970\n|switch|p1a: Malamar|Malamar, L82, F|275/275\n|turn|20\n|inactive|Time left: 300 sec this turn | 300 sec total\n|\n|t:|1783561971\n|switch|p2a: Deoxys|Deoxys-Defense, L84|86/100\n|-damage|p2a: Deoxys|74/100|[from] Stealth Rock\n|-ability|p2a: Deoxys|Pressure\n|move|p1a: Malamar|Superpower|p2a: Deoxys\n|-resisted|p2a: Deoxys\n|-damage|p2a: Deoxys|64/100\n|-boost|p1a: Malamar|atk|1\n|-boost|p1a: Malamar|def|1\n|\n|-heal|p2a: Deoxys|70/100|[from] item: Leftovers\n|upkeep\n|turn|21\n|inactive|Time left: 300 sec this turn | 300 sec total\n|\n|t:|1783561971\n|move|p2a: Deoxys|Recover|p2a: Deoxys\n|-heal|p2a: Deoxys|100/100\n|move|p1a: Malamar|Knock Off|p2a: Deoxys\n|-supereffective|p2a: Deoxys\n|-damage|p2a: Deoxys|21/100\n|-enditem|p2a: Deoxys|Leftovers|[from] move: Knock Off|[of] p1a: Malamar\n|\n|upkeep\n|turn|22\n|inactive|Time left: 300 sec this turn | 300 sec total\n|\n|t:|1783561972\n|move|p2a: Deoxys|Recover|p2a: Deoxys\n|-heal|p2a: Deoxys|71/100\n|move|p1a: Malamar|Superpower|p2a: Deoxys\n|-resisted|p2a: Deoxys\n|-damage|p2a: Deoxys|55/100\n|-boost|p1a: Malamar|atk|1\n|-boost|p1a: Malamar|def|1\n|\n|upkeep\n|turn|23\n|inactive|Time left: 300 sec this turn | 300 sec total\n|\n|t:|1783561973\n|move|p2a: Deoxys|Recover|p2a: Deoxys\n|-heal|p2a: Deoxys|100/100\n|move|p1a: Malamar|Knock Off|p2a: Deoxys\n|-supereffective|p2a: Deoxys\n|-crit|p2a: Deoxys\n|-damage|p2a: Deoxys|3/100\n|\n|upkeep\n|turn|24\n|inactive|Time left: 300 sec this turn | 300 sec total\n|\n|t:|1783561975\n|switch|p2a: Cryogonal|Cryogonal, L89|100/100\n|move|p1a: Malamar|Knock Off|p2a: Cryogonal\n|-damage|p2a: Cryogonal|17/100\n|-enditem|p2a: Cryogonal|Heavy-Duty Boots|[from] move: Knock Off|[of] p1a: Malamar\n|\n|upkeep\n|turn|25\n|inactive|Time left: 300 sec this turn | 300 sec total\n|\n|t:|1783561975\n|-terastallize|p1a: Malamar|Poison\n|move|p2a: Cryogonal|Freeze-Dry|p1a: Malamar\n|-damage|p1a: Malamar|188/275\n|move|p1a: Malamar|Superpower|p2a: Cryogonal\n|-supereffective|p2a: Cryogonal\n|-damage|p2a: Cryogonal|0 fnt\n|-boost|p1a: Malamar|atk|1\n|-boost|p1a: Malamar|def|1\n|faint|p2a: Cryogonal\n|\n|upkeep\n|\n|t:|1783561976\n|switch|p2a: Deoxys|Deoxys-Defense, L84|3/100\n|-damage|p2a: Deoxys|0 fnt|[from] Stealth Rock\n|faint|p2a: Deoxys\n|\n|win|p0x18975e12", "uploadtime": 1783561976, "views": 0, "rating": 0, "private": 0, "password": null, "_winner": "p0x18975e12", "_our_name": "p0x18975e12"}