{"id": "battle-gen9randombattle-2939", "formatid": "gen9randombattle", "format": "[Gen 9] Random Battle", "players": ["p0x2939dadd", "p0y2939e98b"], "log": "|init|battle\n|title|p0x2939dadd vs. p0y2939e98b\n|j|\u2606p0x2939dadd\n|j|\u2606p0y2939e98b\n|t:|1783572860\n|gametype|singles\n|player|p1|p0x2939dadd|170|\n|player|p2|p0y2939e98b|101|\n|gen|9\n|tier|[Gen 9] Random Battle\n|rule|Species Clause: Limit one of each Pok\u00e9mon\n|rule|HP Percentage Mod: HP is shown in percentages\n|rule|Sleep Clause Mod: Limit one foe put to sleep\n|rule|Illusion Level Mod: Illusion disguises the Pok\u00e9mon's true level\n|\n|t:|1783572860\n|teamsize|p1|6\n|teamsize|p2|6\n|start\n|switch|p1a: Ludicolo|Ludicolo, L90, M|290/290\n|switch|p2a: Gogoat|Gogoat, L88, M|100/100\n|turn|1\n|inactive|Battle timer is ON: inactive players will automatically lose when time's up. (requested by p0y2939e98b)\n|inactive|Time left: 300 sec this turn | 300 sec total | 60 sec grace\n|inactive|p0x2939dadd also wants the timer to be on.\n|\n|t:|1783572862\n|move|p1a: Ludicolo|Ice Beam|p2a: Gogoat\n|-supereffective|p2a: Gogoat\n|-damage|p2a: Gogoat|45/100\n|move|p2a: Gogoat|Bulk Up|p2a: Gogoat\n|-boost|p2a: Gogoat|atk|1\n|-boost|p2a: Gogoat|def|1\n|\n|-heal|p2a: Gogoat|51/100|[from] item: Leftovers\n|upkeep\n|turn|2\n|inactive|Time left: 300 sec this turn | 300 sec total\n|\n|t:|1783572863\n|-terastallize|p2a: Gogoat|Water\n|move|p1a: Ludicolo|Ice Beam|p2a: Gogoat\n|-resisted|p2a: Gogoat\n|-damage|p2a: Gogoat|36/100\n|move|p2a: Gogoat|Horn Leech|p1a: Ludicolo\n|-damage|p1a: Ludicolo|146/290\n|-heal|p2a: Gogoat|56/100|[from] drain|[of] p1a: Ludicolo\n|\n|-heal|p2a: Gogoat|62/100|[from] item: Leftovers\n|upkeep\n|turn|3\n|inactive|Time left: 300 sec this turn | 300 sec total\n|\n|t:|1783572864\n|switch|p1a: Chesnaught|Chesnaught, L84, M|285/285\n|move|p2a: Gogoat|Horn Leech|p1a: Chesnaught\n|-resisted|p1a: Chesnaught\n|-damage|p1a: Chesnaught|230/285\n|-heal|p2a: Gogoat|70/100|[from] drain|[of] p1a: Chesnaught\n|\n|-heal|p2a: Gogoat|76/100|[from] item: Leftovers\n|-heal|p1a: Chesnaught|247/285|[from] item: Leftovers\n|upkeep\n|turn|4\n|inactive|Time left: 300 sec this turn | 300 sec total\n|\n|t:|1783572865\n|move|p2a: Gogoat|Bulk Up|p2a: Gogoat\n|-boost|p2a: Gogoat|atk|1\n|-boost|p2a: Gogoat|def|1\n|move|p1a: Chesnaught|Spikes|p2a: Gogoat\n|-sidestart|p2: p0y2939e98b|Spikes\n|\n|-heal|p2a: Gogoat|82/100|[from] item: Leftovers\n|-heal|p1a: Chesnaught|264/285|[from] item: Leftovers\n|upkeep\n|turn|5\n|inactive|Time left: 300 sec this turn | 300 sec total\n|\n|t:|1783572866\n|move|p2a: Gogoat|Bulk Up|p2a: Gogoat\n|-boost|p2a: Gogoat|atk|1\n|-boost|p2a: Gogoat|def|1\n|move|p1a: Chesnaught|Spikes|p2a: Gogoat\n|-sidestart|p2: p0y2939e98b|Spikes\n|\n|-heal|p2a: Gogoat|89/100|[from] item: Leftovers\n|-heal|p1a: Chesnaught|281/285|[from] item: Leftovers\n|upkeep\n|turn|6\n|inactive|Time left: 300 sec this turn | 300 sec total\n|\n|t:|1783572866\n|move|p2a: Gogoat|Horn Leech|p1a: Chesnaught\n|-resisted|p1a: Chesnaught\n|-damage|p1a: Chesnaught|202/285\n|-heal|p2a: Gogoat|99/100|[from] drain|[of] p1a: Chesnaught\n|move|p1a: Chesnaught|Spikes|p2a: Gogoat\n|-sidestart|p2: p0y2939e98b|Spikes\n|\n|-heal|p2a: Gogoat|100/100|[from] item: Leftovers\n|-heal|p1a: Chesnaught|219/285|[from] item: Leftovers\n|upkeep\n|turn|7\n|inactive|Time left: 300 sec this turn | 300 sec total\n|\n|t:|1783572867\n|move|p2a: Gogoat|Earthquake|p1a: Chesnaught\n|-resisted|p1a: Chesnaught\n|-damage|p1a: Chesnaught|138/285\n|move|p1a: Chesnaught|Synthesis|p1a: Chesnaught\n|-heal|p1a: Chesnaught|280/285\n|\n|-heal|p1a: Chesnaught|285/285|[from] item: Leftovers\n|upkeep\n|turn|8\n|inactive|Time left: 300 sec this turn | 300 sec total\n|\n|t:|1783572868\n|move|p2a: Gogoat|Horn Leech|p1a: Chesnaught\n|-resisted|p1a: Chesnaught\n|-damage|p1a: Chesnaught|198/285\n|move|p1a: Chesnaught|Synthesis|p1a: Chesnaught\n|-heal|p1a: Chesnaught|285/285\n|\n|upkeep\n|turn|9\n|inactive|Time left: 300 sec this turn | 300 sec total\n|\n|t:|1783572869\n|move|p2a: Gogoat|Earthquake|p1a: Chesnaught\n|-resisted|p1a: Chesnaught\n|-damage|p1a: Chesnaught|205/285\n|move|p1a: Chesnaught|Synthesis|p1a: Chesnaught\n|-heal|p1a: Chesnaught|285/285\n|\n|upkeep\n|turn|10\n|inactive|Time left: 300 sec this turn | 300 sec total\n|\n|t:|1783572870\n|move|p2a: Gogoat|Earthquake|p1a: Chesnaught\n|-resisted|p1a: Chesnaught\n|-damage|p1a: Chesnaught|203/285\n|move|p1a: Chesnaught|Synthesis|p1a: Chesnaught\n|-heal|p1a: Chesnaught|285/285\n|\n|upkeep\n|turn|11\n|inactive|Time left: 300 sec this turn | 300 sec total\n|\n|t:|1783572871\n|move|p2a: Gogoat|Horn Leech|p1a: Chesnaught\n|-resisted|p1a: Chesnaught\n|-damage|p1a: Chesnaught|195/285\n|move|p1a: Chesnaught|Synthesis|p1a: Chesnaught\n|-heal|p1a: Chesnaught|285/285\n|\n|upkeep\n|turn|12\n|inactive|Time left: 300 sec this turn | 300 sec total\n|\n|t:|1783572872\n|move|p2a: Gogoat|Horn Leech|p1a: Chesnaught\n|-resisted|p1a: Chesnaught\n|-damage|p1a: Chesnaught|199/285\n|move|p1a: Chesnaught|Body Press|p2a: Gogoat\n|-damage|p2a: Gogoat|86/100\n|\n|-heal|p2a: Gogoat|92/100|[from] item: Leftovers\n|-heal|p1a: Chesnaught|216/285|[from] item: Leftovers\n|upkeep\n|turn|13\n|inactive|Time left: 300 sec this turn | 300 sec total\n|\n|t:|1783572873\n|move|p2a: Gogoat|Horn Leech|p1a: Chesnaught\n|-resisted|p1a: Chesnaught\n|-damage|p1a: Chesnaught|132/285\n|-heal|p2a: Gogoat|100/100|[from] drain|[of] p1a: Chesnaught\n|move|p1a: Chesnaught|Synthesis|p1a: Chesnaught\n|-heal|p1a: Chesnaught|274/285\n|\n|-heal|p1a: Chesnaught|285/285|[from] item: Leftovers\n|upkeep\n|turn|14\n|inactive|Time left: 300 sec this turn | 300 sec total\n|\n|t:|1783572874\n|move|p2a: Gogoat|Horn Leech|p1a: Chesnaught\n|-resisted|p1a: Chesnaught\n|-damage|p1a: Chesnaught|194/285\n|move|p1a: Chesnaught|Synthesis|p1a: Chesnaught\n|-heal|p1a: Chesnaught|285/285\n|\n|upkeep\n|turn|15\n|inactive|Time left: 300 sec this turn | 300 sec total\n|\n|t:|1783572875\n|move|p2a: Gogoat|Earthquake|p1a: Chesnaught\n|-resisted|p1a: Chesnaught\n|-damage|p1a: Chesnaught|208/285\n|move|p1a: Chesnaught|Synthesis|p1a: Chesnaught\n|-heal|p1a: Chesnaught|285/285\n|\n|upkeep\n|turn|16\n|inactive|Time left: 300 sec this turn | 300 sec total\n|\n|t:|1783572876\n|move|p2a: Gogoat|Earthquake|p1a: Chesnaught\n|-resisted|p1a: Chesnaught\n|-damage|p1a: Chesnaught|205/285\n|move|p1a: Chesnaught|Body Press|p2a: Gogoat\n|-damage|p2a: Gogoat|86/100\n|\n|-heal|p2a: Gogoat|92/100|[from] item: Leftovers\n|-heal|p1a: Chesnaught|222/285|[from] item: Leftovers\n|upkeep\n|turn|17\n|inactive|Time left: 300 sec this turn | 300 sec total\n|\n|t:|1783572877\n|move|p2a: Gogoat|Horn Leech|p1a: Chesnaught\n|-resisted|p1a: Chesnaught\n|-damage|p1a: Chesnaught|139/285\n|-heal|p2a: Gogoat|100/100|[from] drain|[of] p1a: Chesnaught\n|move|p1a: Chesnaught|Spikes||[still]\n|-fail|p1a: Chesnaught\n|\n|-heal|p1a: Chesnaught|156/285|[from] item: Leftovers\n|upkeep\n|turn|18\n|inactive|Time left: 300 sec this turn | 300 sec total\n|\n|t:|1783572878\n|move|p2a: Gogoat|Horn Leech|p1a: Chesnaught\n|-resisted|p1a: Chesnaught\n|-damage|p1a: Chesnaught|76/285\n|move|p1a: Chesnaught|Body Press|p2a: Gogoat\n|-damage|p2a: Gogoat|86/100\n|\n|-heal|p2a: Gogoat|92/100|[from] item: Leftovers\n|-heal|p1a: Chesnaught|93/285|[from] item: Leftovers\n|upkeep\n|turn|19\n|inactive|Time left: 300 sec this turn | 300 sec total\n|\n|t:|1783572879\n|move|p2a: Gogoat|Horn Leech|p1a: Chesnaught\n|-resisted|p1a: Chesnaught\n|-damage|p1a: Chesnaught|13/285\n|-heal|p2a: Gogoat|100/100|[from] drain|[of] p1a: Chesnaught\n|move|p1a: Chesnaught|Spikes||[still]\n|-fail|p1a: Chesnaught\n|\n|-heal|p1a: Chesnaught|30/285|[from] item: Leftovers\n|upkeep\n|turn|20\n|inactive|Time left: 300 sec this turn | 300 sec total\n|\n|t:|1783572881\n|move|p2a: Gogoat|Horn Leech|p1a: Chesnaught\n|-resisted|p1a: Chesnaught\n|-damage|p1a: Chesnaught|0 fnt\n|faint|p1a: Chesnaught\n|\n|upkeep\n|inactive|Time left: 300 sec this turn | 300 sec total | 5 sec grace\n|\n|t:|1783572881\n|switch|p1a: Mudsdale|Mudsdale, L83, M|302/302\n|turn|21\n|inactive|Time left: 300 sec this turn | 300 sec total\n|\n|t:|1783572883\n|-terastallize|p1a: Mudsdale|Steel\n|move|p2a: Gogoat|Horn Leech|p1a: Mudsdale\n|-resisted|p1a: Mudsdale\n|-damage|p1a: Mudsdale|191/302\n|-ability|p1a: Mudsdale|Stamina|boost\n|-boost|p1a: Mudsdale|def|1\n|move|p1a: Mudsdale|Roar|p2a: Gogoat\n|drag|p2a: Dewgong|Dewgong, L94, F|100/100\n|\n|-heal|p1a: Mudsdale|209/302|[from] item: Leftovers\n|upkeep\n|turn|22\n|inactive|Time left: 300 sec this turn | 300 sec total\n|\n|t:|1783572884\n|move|p2a: Dewgong|Encore|p1a: Mudsdale\n|-start|p1a: Mudsdale|Encore\n|move|p1a: Mudsdale|Roar|p2a: Dewgong\n|drag|p2a: Mightyena|Mightyena, L96, M|100/100\n|-damage|p2a: Mightyena|76/100|[from] Spikes\n|-ability|p2a: Mightyena|Intimidate|boost\n|-unboost|p1a: Mudsdale|atk|1\n|\n|-heal|p1a: Mudsdale|227/302|[from] item: Leftovers\n|upkeep\n|turn|23\n|inactive|Time left: 300 sec this turn | 300 sec total\n|\n|t:|1783572885\n|move|p2a: Mightyena|Super Fang|p1a: Mudsdale\n|-damage|p1a: Mudsdale|114/302\n|-ability|p1a: Mudsdale|Stamina|boost\n|-boost|p1a: Mudsdale|def|1\n|move|p1a: Mudsdale|Roar|p2a: Mightyena\n|drag|p2a: Chi-Yu|Chi-Yu, L77|100/100\n|-ability|p2a: Chi-Yu|Beads of Ruin\n|\n|-heal|p1a: Mudsdale|132/302|[from] item: Leftovers\n|upkeep\n|turn|24\n|inactive|Time left: 300 sec this turn | 300 sec total\n|\n|t:|1783572886\n|switch|p1a: Cinderace|Cinderace, L77, M|249/249\n|move|p2a: Chi-Yu|Fire Blast|p1a: Cinderace\n|-resisted|p1a: Cinderace\n|-damage|p1a: Cinderace|138/249\n|\n|upkeep\n|turn|25\n|inactive|Time left: 300 sec this turn | 300 sec total\n|\n|t:|1783572887\n|switch|p2a: Salamence|Salamence, L77, M|100/100\n|move|p1a: Cinderace|High Jump Kick|p2a: Salamence\n|-start|p1a: Cinderace|typechange|Fighting|[from] ability: Libero\n|-resisted|p2a: Salamence\n|-damage|p2a: Salamence|57/100\n|\n|upkeep\n|turn|26\n|inactive|Time left: 300 sec this turn | 300 sec total\n|\n|t:|1783572888\n|switch|p1a: Mudsdale|Mudsdale, L83, M, tera:Steel|132/302\n|move|p2a: Salamence|Dragon Dance|p2a: Salamence\n|-boost|p2a: Salamence|atk|1\n|-boost|p2a: Salamence|spe|1\n|\n|-heal|p1a: Mudsdale|150/302|[from] item: Leftovers\n|upkeep\n|turn|27\n|inactive|Time left: 300 sec this turn | 300 sec total\n|\n|t:|1783572890\n|move|p2a: Salamence|Earthquake|p1a: Mudsdale\n|-supereffective|p1a: Mudsdale\n|-damage|p1a: Mudsdale|0 fnt\n|faint|p1a: Mudsdale\n|-ability|p2a: Salamence|Moxie|boost\n|-boost|p2a: Salamence|atk|1\n|\n|upkeep\n|inactive|Time left: 300 sec this turn | 300 sec total | 5 sec grace\n|\n|t:|1783572891\n|switch|p1a: Whiscash|Whiscash, L88, M|337/337\n|turn|28\n|inactive|Time left: 300 sec this turn | 300 sec total\n|\n|t:|1783572892\n|move|p2a: Salamence|Outrage|p1a: Whiscash\n|-damage|p1a: Whiscash|51/337\n|move|p1a: Whiscash|Stone Edge|p2a: Salamence|[miss]\n|-miss|p1a: Whiscash|p2a: Salamence\n|\n|upkeep\n|turn|29\n|inactive|Time left: 300 sec this turn | 300 sec total\n|\n|t:|1783572893\n|move|p2a: Salamence|Outrage|p1a: Whiscash|[from] lockedmove\n|-damage|p1a: Whiscash|0 fnt\n|faint|p1a: Whiscash\n|-ability|p2a: Salamence|Moxie|boost\n|-boost|p2a: Salamence|atk|1\n|\n|upkeep\n|inactive|Time left: 300 sec this turn | 300 sec total | 5 sec grace\n|\n|t:|1783572894\n|switch|p1a: Ludicolo|Ludicolo, L90, M|146/290\n|turn|30\n|inactive|Time left: 300 sec this turn | 300 sec total\n|\n|t:|1783572895\n|move|p2a: Salamence|Outrage|p1a: Ludicolo|[from] lockedmove\n|-damage|p1a: Ludicolo|0 fnt\n|faint|p1a: Ludicolo\n|-ability|p2a: Salamence|Moxie|boost\n|-boost|p2a: Salamence|atk|1\n|-start|p2a: Salamence|confusion|[fatigue]\n|\n|upkeep\n|inactive|Time left: 300 sec this turn | 300 sec total | 5 sec grace\n|\n|t:|1783572896\n|switch|p1a: Cinderace|Cinderace, L77, M|138/249\n|turn|31\n|inactive|Time left: 300 sec this turn | 300 sec total\n|\n|t:|1783572897\n|-activate|p2a: Salamence|confusion\n|move|p2a: Salamence|Outrage|p1a: Cinderace\n|-damage|p1a: Cinderace|0 fnt\n|faint|p1a: Cinderace\n|-ability|p2a: Salamence|Moxie|boost\n|-boost|p2a: Salamence|atk|1\n|\n|upkeep\n|inactive|Time left: 300 sec this turn | 300 sec total | 5 sec grace\n|\n|t:|1783572898\n|switch|p1a: Darkrai|Darkrai, L77|234/234\n|turn|32\n|inactive|Time left: 300 sec this turn | 300 sec total\n|\n|t:|1783572899\n|-activate|p2a: Salamence|confusion\n|move|p2a: Salamence|Outrage|p1a: Darkrai|[from] lockedmove\n|-damage|p1a: Darkrai|0 fnt\n|faint|p1a: Darkrai\n|\n|win|p0y2939e98b", "uploadtime": 1783572899, "views": 0, "rating": 0, "private": 0, "password": null, "_winner": "p0y2939e98b", "_our_name": "p0x2939dadd"}