{"id": "battle-gen9randombattle-761", "formatid": "gen9randombattle", "format": "[Gen 9] Random Battle", "players": ["p0x761a0b8", "p0y7616cbe"], "log": "|init|battle\n|title|p0x761a0b8 vs. p0y7616cbe\n|j|\u2606p0x761a0b8\n|j|\u2606p0y7616cbe\n|t:|1783548689\n|gametype|singles\n|player|p1|p0x761a0b8|1|\n|player|p2|p0y7616cbe|102|\n|gen|9\n|tier|[Gen 9] Random Battle\n|rule|Species Clause: Limit one of each Pok\u00e9mon\n|rule|HP Percentage Mod: HP is shown in percentages\n|rule|Sleep Clause Mod: Limit one foe put to sleep\n|rule|Illusion Level Mod: Illusion disguises the Pok\u00e9mon's true level\n|\n|t:|1783548689\n|teamsize|p1|6\n|teamsize|p2|6\n|start\n|switch|p1a: Glalie|Glalie, L96, F|100/100\n|switch|p2a: Tauros|Tauros-Paldea-Blaze, L81, M|252/252\n|turn|1\n|inactive|Battle timer is ON: inactive players will automatically lose when time's up. (requested by p0x761a0b8)\n|inactive|Time left: 300 sec this turn | 300 sec total | 60 sec grace\n|inactive|p0y7616cbe also wants the timer to be on.\n|\n|t:|1783548690\n|switch|p2a: Heracross|Heracross, L80, M|259/259\n|switch|p1a: Squawkabilly|Squawkabilly-Yellow, L89, F|100/100\n|\n|-status|p2a: Heracross|brn|[from] item: Flame Orb\n|upkeep\n|turn|2\n|inactive|Time left: 300 sec this turn | 300 sec total\n|\n|t:|1783548692\n|switch|p2a: Iron Thorns|Iron Thorns, L83|302/302\n|-enditem|p2a: Iron Thorns|Booster Energy\n|-activate|p2a: Iron Thorns|ability: Quark Drive|[fromitem]\n|-start|p2a: Iron Thorns|quarkdriveatk\n|move|p1a: Squawkabilly|Brave Bird|p2a: Iron Thorns\n|-resisted|p2a: Iron Thorns\n|-damage|p2a: Iron Thorns|239/302\n|-damage|p1a: Squawkabilly|93/100|[from] Recoil\n|\n|upkeep\n|turn|3\n|inactive|Time left: 300 sec this turn | 300 sec total\n|\n|t:|1783548693\n|switch|p1a: Registeel|Registeel, L81|100/100\n|move|p2a: Iron Thorns|Stone Edge|p1a: Registeel|[miss]\n|-miss|p2a: Iron Thorns|p1a: Registeel\n|\n|upkeep\n|turn|4\n|inactive|Time left: 300 sec this turn | 300 sec total\n|\n|t:|1783548694\n|move|p2a: Iron Thorns|Dragon Dance|p2a: Iron Thorns\n|-boost|p2a: Iron Thorns|atk|1\n|-boost|p2a: Iron Thorns|spe|1\n|move|p1a: Registeel|Iron Defense|p1a: Registeel\n|-boost|p1a: Registeel|def|2\n|\n|upkeep\n|turn|5\n|inactive|Time left: 300 sec this turn | 300 sec total\n|\n|t:|1783548695\n|-end|p2a: Iron Thorns|Quark Drive|[silent]\n|switch|p2a: Vivillon|Vivillon-Jungle, L83, M|268/268\n|move|p1a: Registeel|Body Press|p2a: Vivillon\n|-resisted|p2a: Vivillon\n|-damage|p2a: Vivillon|210/268\n|\n|upkeep\n|turn|6\n|inactive|Time left: 300 sec this turn | 300 sec total\n|\n|t:|1783548696\n|move|p2a: Vivillon|Quiver Dance|p2a: Vivillon\n|-boost|p2a: Vivillon|spa|1\n|-boost|p2a: Vivillon|spd|1\n|-boost|p2a: Vivillon|spe|1\n|move|p1a: Registeel|Body Press|p2a: Vivillon\n|-resisted|p2a: Vivillon\n|-damage|p2a: Vivillon|151/268\n|\n|upkeep\n|turn|7\n|inactive|Time left: 300 sec this turn | 300 sec total\n|\n|t:|1783548697\n|move|p2a: Vivillon|Sleep Powder|p1a: Registeel\n|-status|p1a: Registeel|slp|[from] move: Sleep Powder\n|-enditem|p1a: Registeel|Chesto Berry|[eat]\n|-curestatus|p1a: Registeel|slp|[msg]\n|move|p1a: Registeel|Iron Head|p2a: Vivillon\n|-damage|p2a: Vivillon|49/268\n|\n|upkeep\n|turn|8\n|inactive|Time left: 300 sec this turn | 300 sec total\n|\n|t:|1783548698\n|move|p2a: Vivillon|Sleep Powder|p1a: Registeel\n|-status|p1a: Registeel|slp|[from] move: Sleep Powder\n|cant|p1a: Registeel|slp\n|\n|upkeep\n|turn|9\n|inactive|Time left: 300 sec this turn | 300 sec total\n|\n|t:|1783548699\n|move|p2a: Vivillon|Hurricane|p1a: Registeel\n|-resisted|p1a: Registeel\n|-damage|p1a: Registeel|79/100 slp\n|-curestatus|p1a: Registeel|slp|[msg]\n|move|p1a: Registeel|Iron Head|p2a: Vivillon\n|-damage|p2a: Vivillon|0 fnt\n|faint|p2a: Vivillon\n|\n|upkeep\n|inactive|Time left: 300 sec this turn | 300 sec total | 5 sec grace\n|\n|t:|1783548700\n|switch|p2a: Tauros|Tauros-Paldea-Blaze, L81, M|252/252\n|turn|10\n|inactive|Time left: 300 sec this turn | 300 sec total\n|\n|t:|1783548701\n|move|p2a: Tauros|Bulk Up|p2a: Tauros\n|-boost|p2a: Tauros|atk|1\n|-boost|p2a: Tauros|def|1\n|move|p1a: Registeel|Body Press|p2a: Tauros\n|-damage|p2a: Tauros|159/252\n|\n|upkeep\n|turn|11\n|inactive|Time left: 300 sec this turn | 300 sec total\n|\n|t:|1783548702\n|-terastallize|p1a: Registeel|Fighting\n|move|p2a: Tauros|Bulk Up|p2a: Tauros\n|-boost|p2a: Tauros|atk|1\n|-boost|p2a: Tauros|def|1\n|move|p1a: Registeel|Body Press|p2a: Tauros\n|-damage|p2a: Tauros|62/252\n|-enditem|p2a: Tauros|Sitrus Berry|[eat]\n|-heal|p2a: Tauros|125/252|[from] item: Sitrus Berry\n|\n|upkeep\n|turn|12\n|inactive|Time left: 300 sec this turn | 300 sec total\n|\n|t:|1783548703\n|move|p2a: Tauros|Raging Bull|p1a: Registeel\n|-damage|p1a: Registeel|52/100\n|move|p1a: Registeel|Body Press|p2a: Tauros\n|-damage|p2a: Tauros|22/252\n|\n|-activate|p2a: Tauros|ability: Cud Chew\n|-enditem|p2a: Tauros|Sitrus Berry|[eat]\n|-heal|p2a: Tauros|85/252|[from] item: Sitrus Berry\n|upkeep\n|turn|13\n|inactive|Time left: 300 sec this turn | 300 sec total\n|\n|t:|1783548704\n|move|p2a: Tauros|Close Combat|p1a: Registeel\n|-damage|p1a: Registeel|18/100\n|-unboost|p2a: Tauros|def|1\n|-unboost|p2a: Tauros|spd|1\n|move|p1a: Registeel|Body Press|p2a: Tauros\n|-damage|p2a: Tauros|0 fnt\n|faint|p2a: Tauros\n|\n|upkeep\n|inactive|Time left: 300 sec this turn | 300 sec total | 5 sec grace\n|\n|t:|1783548705\n|switch|p2a: Porygon2|Porygon2, L81|270/270\n|-ability|p2a: Porygon2|Download|boost\n|-boost|p2a: Porygon2|spa|1\n|turn|14\n|inactive|Time left: 300 sec this turn | 300 sec total\n|\n|t:|1783548707\n|switch|p1a: Arceus|Arceus-Fire, L72|100/100\n|move|p2a: Porygon2|Tri Attack|p1a: Arceus\n|-damage|p1a: Arceus|62/100\n|-status|p1a: Arceus|frz\n|\n|upkeep\n|turn|15\n|inactive|Time left: 300 sec this turn | 300 sec total\n|\n|t:|1783548708\n|cant|p1a: Arceus|frz\n|move|p2a: Porygon2|Tri Attack|p1a: Arceus\n|-damage|p1a: Arceus|20/100 frz\n|\n|upkeep\n|turn|16\n|inactive|Time left: 300 sec this turn | 300 sec total\n|\n|t:|1783548709\n|cant|p1a: Arceus|frz\n|move|p2a: Porygon2|Discharge|p1a: Arceus\n|-damage|p1a: Arceus|0 fnt\n|faint|p1a: Arceus\n|\n|upkeep\n|\n|t:|1783548710\n|switch|p1a: Espeon|Espeon, L84, F|100/100\n|turn|17\n|inactive|Time left: 300 sec this turn | 300 sec total\n|\n|t:|1783548711\n|move|p1a: Espeon|Calm Mind|p1a: Espeon\n|-boost|p1a: Espeon|spa|1\n|-boost|p1a: Espeon|spd|1\n|move|p2a: Porygon2|Tri Attack|p1a: Espeon\n|-damage|p1a: Espeon|71/100\n|-status|p1a: Espeon|frz\n|\n|upkeep\n|turn|18\n|inactive|Time left: 300 sec this turn | 300 sec total\n|\n|t:|1783548713\n|-curestatus|p1a: Espeon|frz|[msg]\n|move|p1a: Espeon|Alluring Voice|p2a: Porygon2\n|-damage|p2a: Porygon2|178/270\n|-damage|p1a: Espeon|61/100|[from] item: Life Orb\n|move|p2a: Porygon2|Tri Attack|p1a: Espeon\n|-damage|p1a: Espeon|26/100\n|\n|upkeep\n|turn|19\n|inactive|Time left: 300 sec this turn | 300 sec total\n|\n|t:|1783548714\n|move|p1a: Espeon|Psyshock|p2a: Porygon2\n|-damage|p2a: Porygon2|30/270\n|-damage|p1a: Espeon|16/100|[from] item: Life Orb\n|move|p2a: Porygon2|Discharge|p1a: Espeon\n|-damage|p1a: Espeon|0 fnt\n|faint|p1a: Espeon\n|\n|upkeep\n|\n|t:|1783548715\n|switch|p1a: Glalie|Glalie, L96, F|100/100\n|turn|20\n|inactive|Time left: 300 sec this turn | 300 sec total\n|\n|t:|1783548716\n|switch|p2a: Heracross|Heracross, L80, M|259/259 brn\n|move|p1a: Glalie|Freeze-Dry|p2a: Heracross\n|-damage|p2a: Heracross|171/259 brn\n|\n|-damage|p2a: Heracross|155/259 brn|[from] brn\n|upkeep\n|turn|21\n|inactive|Time left: 300 sec this turn | 300 sec total\n|\n|t:|1783548717\n|move|p1a: Glalie|Freeze-Dry|p2a: Heracross\n|-damage|p2a: Heracross|68/259 brn\n|move|p2a: Heracross|Close Combat|p1a: Glalie\n|-supereffective|p1a: Glalie\n|-damage|p1a: Glalie|0 fnt\n|-unboost|p2a: Heracross|def|1\n|-unboost|p2a: Heracross|spd|1\n|faint|p1a: Glalie\n|\n|-damage|p2a: Heracross|52/259 brn|[from] brn\n|upkeep\n|\n|t:|1783548718\n|switch|p1a: Squawkabilly|Squawkabilly-Yellow, L89, F|93/100\n|turn|22\n|inactive|Time left: 300 sec this turn | 300 sec total\n|\n|t:|1783548719\n|switch|p2a: Iron Thorns|Iron Thorns, L83|239/302\n|move|p1a: Squawkabilly|Foul Play|p2a: Iron Thorns|[miss]\n|-miss|p1a: Squawkabilly|p2a: Iron Thorns\n|\n|upkeep\n|turn|23\n|inactive|Time left: 300 sec this turn | 300 sec total\n|\n|t:|1783548720\n|switch|p1a: Registeel|Registeel, L81, tera:Fighting|18/100\n|move|p2a: Iron Thorns|Dragon Dance|p2a: Iron Thorns\n|-boost|p2a: Iron Thorns|atk|1\n|-boost|p2a: Iron Thorns|spe|1\n|\n|upkeep\n|turn|24\n|inactive|Time left: 300 sec this turn | 300 sec total\n|\n|t:|1783548721\n|move|p2a: Iron Thorns|Ice Punch|p1a: Registeel\n|-damage|p1a: Registeel|0 fnt\n|faint|p1a: Registeel\n|\n|upkeep\n|\n|t:|1783548723\n|switch|p1a: Ditto|Ditto, L87|100/100\n|-transform|p1a: Ditto|p2a: Iron Thorns|[from] ability: Imposter\n|turn|25\n|inactive|Time left: 300 sec this turn | 300 sec total\n|\n|t:|1783548724\n|-terastallize|p2a: Iron Thorns|Rock\n|move|p1a: Ditto|Stone Edge|p2a: Iron Thorns|[miss]\n|-miss|p1a: Ditto|p2a: Iron Thorns\n|move|p2a: Iron Thorns|Stone Edge|p1a: Ditto\n|-damage|p1a: Ditto|3/100\n|\n|upkeep\n|turn|26\n|inactive|Time left: 300 sec this turn | 300 sec total\n|\n|t:|1783548725\n|move|p1a: Ditto|Stone Edge|p2a: Iron Thorns\n|-damage|p2a: Iron Thorns|71/302\n|move|p2a: Iron Thorns|Ice Punch|p1a: Ditto\n|-damage|p1a: Ditto|0 fnt\n|faint|p1a: Ditto\n|-end|p1a: Ditto|Quark Drive|[silent]\n|\n|upkeep\n|\n|t:|1783548726\n|switch|p1a: Squawkabilly|Squawkabilly-Yellow, L89, F|93/100\n|turn|27\n|inactive|Time left: 300 sec this turn | 300 sec total\n|\n|t:|1783548727\n|move|p1a: Squawkabilly|Quick Attack|p2a: Iron Thorns|[miss]\n|-miss|p1a: Squawkabilly|p2a: Iron Thorns\n|move|p2a: Iron Thorns|Wild Charge|p1a: Squawkabilly\n|-supereffective|p1a: Squawkabilly\n|-damage|p1a: Squawkabilly|0 fnt\n|faint|p1a: Squawkabilly\n|-damage|p2a: Iron Thorns|3/302|[from] Recoil\n|\n|win|p0y7616cbe", "uploadtime": 1783548727, "views": 0, "rating": 0, "private": 0, "password": null, "_winner": "p0y7616cbe", "_our_name": "p0y7616cbe"}