{"id": "battle-gen9randombattle-2646", "formatid": "gen9randombattle", "format": "[Gen 9] Random Battle", "players": ["p0x26460efb", "p0y264609b7"], "log": "|init|battle\n|title|p0x26460efb vs. p0y264609b7\n|j|\u2606p0x26460efb\n|j|\u2606p0y264609b7\n|t:|1783570537\n|gametype|singles\n|player|p1|p0x26460efb|170|\n|player|p2|p0y264609b7|101|\n|gen|9\n|tier|[Gen 9] Random Battle\n|rule|Species Clause: Limit one of each Pok\u00e9mon\n|rule|HP Percentage Mod: HP is shown in percentages\n|rule|Sleep Clause Mod: Limit one foe put to sleep\n|rule|Illusion Level Mod: Illusion disguises the Pok\u00e9mon's true level\n|\n|t:|1783570537\n|teamsize|p1|6\n|teamsize|p2|6\n|start\n|switch|p1a: Raikou|Raikou, L81|100/100\n|switch|p2a: Gallade|Gallade, L80, M|240/240\n|-ability|p1a: Raikou|Pressure\n|turn|1\n|inactive|Battle timer is ON: inactive players will automatically lose when time's up. (requested by p0x26460efb)\n|inactive|Time left: 300 sec this turn | 300 sec total | 60 sec grace\n|inactive|p0y264609b7 also wants the timer to be on.\n|\n|t:|1783570539\n|move|p2a: Gallade|Sacred Sword|p1a: Raikou\n|-damage|p1a: Raikou|35/100\n|move|p1a: Raikou|Scald|p2a: Gallade\n|-damage|p2a: Gallade|189/240\n|\n|-heal|p1a: Raikou|42/100|[from] item: Leftovers\n|upkeep\n|turn|2\n|inactive|Time left: 300 sec this turn | 300 sec total\n|\n|t:|1783570540\n|switch|p1a: Shaymin|Shaymin, L82|100/100\n|move|p2a: Gallade|Sacred Sword|p1a: Shaymin\n|-damage|p1a: Shaymin|50/100\n|\n|-heal|p1a: Shaymin|56/100|[from] item: Leftovers\n|upkeep\n|turn|3\n|inactive|Time left: 300 sec this turn | 300 sec total\n|\n|t:|1783570541\n|move|p2a: Gallade|Sacred Sword|p1a: Shaymin\n|-damage|p1a: Shaymin|3/100\n|move|p1a: Shaymin|Seed Flare|p2a: Gallade\n|-damage|p2a: Gallade|90/240\n|\n|-heal|p1a: Shaymin|9/100|[from] item: Leftovers\n|upkeep\n|turn|4\n|inactive|Time left: 300 sec this turn | 300 sec total\n|\n|t:|1783570543\n|move|p2a: Gallade|Sacred Sword|p1a: Shaymin\n|-damage|p1a: Shaymin|0 fnt\n|faint|p1a: Shaymin\n|\n|upkeep\n|\n|t:|1783570543\n|switch|p1a: Wugtrio|Wugtrio, L91, M|100/100\n|turn|5\n|inactive|Time left: 300 sec this turn | 300 sec total\n|\n|t:|1783570545\n|switch|p2a: Leafeon|Leafeon, L88, M|258/258\n|move|p1a: Wugtrio|Liquidation|p2a: Leafeon\n|-resisted|p2a: Leafeon\n|-damage|p2a: Leafeon|200/258\n|\n|-heal|p2a: Leafeon|216/258|[from] item: Leftovers\n|upkeep\n|turn|6\n|inactive|Time left: 300 sec this turn | 300 sec total\n|\n|t:|1783570546\n|move|p1a: Wugtrio|Liquidation|p2a: Leafeon\n|-resisted|p2a: Leafeon\n|-damage|p2a: Leafeon|160/258\n|move|p2a: Leafeon|Leaf Blade|p1a: Wugtrio\n|-supereffective|p1a: Wugtrio\n|-damage|p1a: Wugtrio|0 fnt\n|-ability|p1a: Wugtrio|Gooey\n|-unboost|p2a: Leafeon|spe|1\n|faint|p1a: Wugtrio\n|\n|-heal|p2a: Leafeon|176/258|[from] item: Leftovers\n|upkeep\n|\n|t:|1783570547\n|switch|p1a: Kingambit|Kingambit, L74, F|100/100\n|-activate|p1a: Kingambit|ability: Supreme Overlord\n|-start|p1a: Kingambit|fallen2|[silent]\n|turn|7\n|inactive|Time left: 300 sec this turn | 300 sec total\n|\n|t:|1783570548\n|move|p2a: Leafeon|Swords Dance|p2a: Leafeon\n|-boost|p2a: Leafeon|atk|2\n|move|p1a: Kingambit|Swords Dance|p1a: Kingambit\n|-boost|p1a: Kingambit|atk|2\n|\n|-heal|p2a: Leafeon|192/258|[from] item: Leftovers\n|upkeep\n|turn|8\n|inactive|Time left: 300 sec this turn | 300 sec total\n|\n|t:|1783570549\n|move|p2a: Leafeon|Substitute|p2a: Leafeon\n|-start|p2a: Leafeon|Substitute\n|-damage|p2a: Leafeon|128/258\n|move|p1a: Kingambit|Kowtow Cleave|p2a: Leafeon\n|-end|p2a: Leafeon|Substitute\n|\n|-heal|p2a: Leafeon|144/258|[from] item: Leftovers\n|upkeep\n|turn|9\n|inactive|Time left: 300 sec this turn | 300 sec total\n|\n|t:|1783570550\n|move|p2a: Leafeon|Substitute|p2a: Leafeon\n|-start|p2a: Leafeon|Substitute\n|-damage|p2a: Leafeon|80/258\n|move|p1a: Kingambit|Iron Head|p2a: Leafeon\n|-end|p2a: Leafeon|Substitute\n|\n|-heal|p2a: Leafeon|96/258|[from] item: Leftovers\n|upkeep\n|turn|10\n|inactive|Time left: 300 sec this turn | 300 sec total\n|\n|t:|1783570551\n|move|p2a: Leafeon|Substitute|p2a: Leafeon\n|-start|p2a: Leafeon|Substitute\n|-damage|p2a: Leafeon|32/258\n|move|p1a: Kingambit|Iron Head|p2a: Leafeon\n|-end|p2a: Leafeon|Substitute\n|\n|-heal|p2a: Leafeon|48/258|[from] item: Leftovers\n|upkeep\n|turn|11\n|inactive|Time left: 300 sec this turn | 300 sec total\n|\n|t:|1783570551\n|move|p2a: Leafeon|Leaf Blade|p1a: Kingambit\n|-resisted|p1a: Kingambit\n|-damage|p1a: Kingambit|62/100\n|move|p1a: Kingambit|Iron Head|p2a: Leafeon\n|-damage|p2a: Leafeon|0 fnt\n|faint|p2a: Leafeon\n|\n|-heal|p1a: Kingambit|68/100|[from] item: Leftovers\n|upkeep\n|inactive|Time left: 300 sec this turn | 300 sec total | 5 sec grace\n|\n|t:|1783570552\n|switch|p2a: Thundurus|Thundurus, L80, M|258/258\n|turn|12\n|inactive|Time left: 300 sec this turn | 300 sec total\n|\n|t:|1783570554\n|move|p2a: Thundurus|Focus Blast|p1a: Kingambit\n|-supereffective|p1a: Kingambit\n|-damage|p1a: Kingambit|0 fnt\n|faint|p1a: Kingambit\n|-end|p1a: Kingambit|fallen2|[silent]\n|\n|upkeep\n|\n|t:|1783570555\n|switch|p1a: Kingdra|Kingdra, L84, F|100/100\n|turn|13\n|inactive|Time left: 300 sec this turn | 300 sec total\n|\n|t:|1783570556\n|move|p2a: Thundurus|Nasty Plot|p2a: Thundurus\n|-boost|p2a: Thundurus|spa|2\n|move|p1a: Kingdra|Outrage|p2a: Thundurus\n|-damage|p2a: Thundurus|110/258\n|\n|upkeep\n|turn|14\n|inactive|Time left: 300 sec this turn | 300 sec total\n|\n|t:|1783570557\n|move|p2a: Thundurus|Thunderbolt|p1a: Kingdra\n|-damage|p1a: Kingdra|27/100\n|move|p1a: Kingdra|Outrage|p2a: Thundurus|[from] lockedmove\n|-damage|p2a: Thundurus|0 fnt\n|faint|p2a: Thundurus\n|-start|p1a: Kingdra|confusion|[fatigue]\n|-enditem|p1a: Kingdra|Lum Berry|[eat]\n|-end|p1a: Kingdra|confusion\n|\n|upkeep\n|inactive|Time left: 300 sec this turn | 300 sec total | 5 sec grace\n|\n|t:|1783570558\n|switch|p2a: Gallade|Gallade, L80, M|90/240\n|turn|15\n|inactive|Time left: 300 sec this turn | 300 sec total\n|\n|t:|1783570558\n|move|p2a: Gallade|Sacred Sword|p1a: Kingdra\n|-damage|p1a: Kingdra|0 fnt\n|faint|p1a: Kingdra\n|\n|upkeep\n|\n|t:|1783570559\n|switch|p1a: Regice|Regice, L88|100/100\n|turn|16\n|inactive|Time left: 300 sec this turn | 300 sec total\n|\n|t:|1783570560\n|-terastallize|p1a: Regice|Electric\n|move|p2a: Gallade|Sacred Sword|p1a: Regice\n|-damage|p1a: Regice|54/100\n|move|p1a: Regice|Ice Beam|p2a: Gallade\n|-damage|p2a: Gallade|0 fnt\n|faint|p2a: Gallade\n|\n|upkeep\n|inactive|Time left: 300 sec this turn | 300 sec total | 5 sec grace\n|\n|t:|1783570560\n|switch|p2a: Pincurchin|Pincurchin, F|258/258\n|-fieldstart|move: Electric Terrain|[from] ability: Electric Surge|[of] p2a: Pincurchin\n|turn|17\n|inactive|Time left: 300 sec this turn | 300 sec total\n|\n|t:|1783570561\n|move|p1a: Regice|Ice Beam|p2a: Pincurchin\n|-damage|p2a: Pincurchin|171/258\n|move|p2a: Pincurchin|Liquidation|p1a: Regice\n|-damage|p1a: Regice|24/100\n|\n|-heal|p2a: Pincurchin|187/258|[from] item: Leftovers\n|upkeep\n|turn|18\n|inactive|Time left: 300 sec this turn | 300 sec total\n|\n|t:|1783570561\n|move|p1a: Regice|Ice Beam|p2a: Pincurchin\n|-damage|p2a: Pincurchin|102/258\n|move|p2a: Pincurchin|Liquidation|p1a: Regice\n|-damage|p1a: Regice|0 fnt\n|faint|p1a: Regice\n|\n|-heal|p2a: Pincurchin|118/258|[from] item: Leftovers\n|upkeep\n|\n|t:|1783570562\n|switch|p1a: Raikou|Raikou, L81|42/100\n|-ability|p1a: Raikou|Pressure\n|turn|19\n|inactive|Time left: 300 sec this turn | 300 sec total\n|\n|t:|1783570563\n|move|p1a: Raikou|Scald|p2a: Pincurchin\n|-damage|p2a: Pincurchin|61/258\n|move|p2a: Pincurchin|Zing Zap|p1a: Raikou\n|-resisted|p1a: Raikou\n|-damage|p1a: Raikou|9/100\n|\n|-heal|p1a: Raikou|15/100|[from] item: Leftovers\n|-heal|p2a: Pincurchin|77/258|[from] item: Leftovers\n|upkeep\n|turn|20\n|inactive|Time left: 300 sec this turn | 300 sec total\n|\n|t:|1783570564\n|move|p1a: Raikou|Thunderbolt|p2a: Pincurchin\n|-resisted|p2a: Pincurchin\n|-damage|p2a: Pincurchin|23/258\n|move|p2a: Pincurchin|Zing Zap|p1a: Raikou\n|-resisted|p1a: Raikou\n|-damage|p1a: Raikou|0 fnt\n|faint|p1a: Raikou\n|\n|win|p0y264609b7", "uploadtime": 1783570564, "views": 0, "rating": 0, "private": 0, "password": null, "_winner": "p0y264609b7", "_our_name": "p0y264609b7"}