{"id": "battle-gen9randombattle-1170", "formatid": "gen9randombattle", "format": "[Gen 9] Random Battle", "players": ["p0x1170a8ce", "p0y11701a1c"], "log": "|init|battle\n|title|p0x1170a8ce vs. p0y11701a1c\n|j|\u2606p0x1170a8ce\n|j|\u2606p0y11701a1c\n|t:|1783552673\n|gametype|singles\n|player|p1|p0x1170a8ce|265|\n|player|p2|p0y11701a1c|2|\n|gen|9\n|tier|[Gen 9] Random Battle\n|rule|Species Clause: Limit one of each Pok\u00e9mon\n|rule|HP Percentage Mod: HP is shown in percentages\n|rule|Sleep Clause Mod: Limit one foe put to sleep\n|rule|Illusion Level Mod: Illusion disguises the Pok\u00e9mon's true level\n|\n|t:|1783552673\n|teamsize|p1|6\n|teamsize|p2|6\n|start\n|switch|p1a: Blastoise|Blastoise, L80, F|100/100\n|switch|p2a: Lugia|Lugia, L73|275/275\n|turn|1\n|inactive|Battle timer is ON: inactive players will automatically lose when time's up. (requested by p0y11701a1c)\n|inactive|p0x1170a8ce also wants the timer to be on.\n|\n|t:|1783552674\n|move|p2a: Lugia|Calm Mind|p2a: Lugia\n|-boost|p2a: Lugia|spa|1\n|-boost|p2a: Lugia|spd|1\n|move|p1a: Blastoise|Shell Smash|p1a: Blastoise\n|-unboost|p1a: Blastoise|def|1\n|-unboost|p1a: Blastoise|spd|1\n|-boost|p1a: Blastoise|atk|2\n|-boost|p1a: Blastoise|spa|2\n|-boost|p1a: Blastoise|spe|2\n|-enditem|p1a: Blastoise|White Herb\n|-clearnegativeboost|p1a: Blastoise|[silent]\n|\n|upkeep\n|turn|2\n|inactive|Time left: 300 sec this turn | 300 sec total\n|\n|t:|1783552675\n|move|p1a: Blastoise|Ice Beam|p2a: Lugia\n|-supereffective|p2a: Lugia\n|-damage|p2a: Lugia|225/275\n|move|p2a: Lugia|Aeroblast|p1a: Blastoise\n|-damage|p1a: Blastoise|60/100\n|\n|upkeep\n|turn|3\n|inactive|Time left: 300 sec this turn | 300 sec total\n|\n|t:|1783552676\n|move|p1a: Blastoise|Ice Beam|p2a: Lugia\n|-supereffective|p2a: Lugia\n|-damage|p2a: Lugia|121/275\n|move|p2a: Lugia|Aeroblast|p1a: Blastoise\n|-damage|p1a: Blastoise|16/100\n|\n|upkeep\n|turn|4\n|inactive|Time left: 300 sec this turn | 300 sec total\n|\n|t:|1783552678\n|move|p1a: Blastoise|Hydro Pump|p2a: Lugia\n|-damage|p2a: Lugia|0 fnt\n|faint|p2a: Lugia\n|\n|upkeep\n|inactive|Time left: 300 sec this turn | 300 sec total | 5 sec grace\n|\n|t:|1783552679\n|switch|p2a: Gyarados|Gyarados, L79, F|280/280\n|-ability|p2a: Gyarados|Intimidate|boost\n|-unboost|p1a: Blastoise|atk|1\n|turn|5\n|inactive|Time left: 300 sec this turn | 300 sec total\n|\n|t:|1783552680\n|move|p1a: Blastoise|Ice Beam|p2a: Gyarados\n|-damage|p2a: Gyarados|178/280\n|move|p2a: Gyarados|Earthquake|p1a: Blastoise\n|-damage|p1a: Blastoise|0 fnt\n|faint|p1a: Blastoise\n|\n|upkeep\n|\n|t:|1783552681\n|switch|p1a: Kyogre|Kyogre, L71|100/100\n|-weather|RainDance|[from] ability: Drizzle|[of] p1a: Kyogre\n|turn|6\n|inactive|Time left: 300 sec this turn | 300 sec total\n|\n|t:|1783552682\n|switch|p2a: Copperajah|Copperajah, L86, M|350/350\n|move|p1a: Kyogre|Water Spout|p2a: Copperajah\n|-damage|p2a: Copperajah|83/350\n|\n|-weather|RainDance|[upkeep]\n|upkeep\n|turn|7\n|inactive|Time left: 300 sec this turn | 300 sec total\n|\n|t:|1783552683\n|move|p1a: Kyogre|Water Spout|p2a: Copperajah\n|-damage|p2a: Copperajah|0 fnt\n|faint|p2a: Copperajah\n|\n|-weather|RainDance|[upkeep]\n|upkeep\n|inactive|Time left: 300 sec this turn | 300 sec total | 5 sec grace\n|\n|t:|1783552684\n|switch|p2a: Delphox|Delphox, L84, F|263/263\n|turn|8\n|inactive|Time left: 300 sec this turn | 300 sec total\n|\n|t:|1783552685\n|move|p2a: Delphox|Grass Knot|p1a: Kyogre\n|-supereffective|p1a: Kyogre\n|-damage|p1a: Kyogre|37/100\n|move|p1a: Kyogre|Water Spout|p2a: Delphox\n|-supereffective|p2a: Delphox\n|-damage|p2a: Delphox|89/263\n|\n|-weather|RainDance|[upkeep]\n|upkeep\n|turn|9\n|inactive|Time left: 300 sec this turn | 300 sec total\n|\n|t:|1783552687\n|switch|p2a: Gyarados|Gyarados, L79, F|178/280\n|-ability|p2a: Gyarados|Intimidate|boost\n|-unboost|p1a: Kyogre|atk|1\n|switch|p1a: Porygon2|Porygon2, L81|100/100\n|-ability|p1a: Porygon2|Download|boost\n|-boost|p1a: Porygon2|atk|1\n|\n|-weather|RainDance|[upkeep]\n|upkeep\n|turn|10\n|inactive|Time left: 300 sec this turn | 300 sec total\n|\n|t:|1783552688\n|move|p2a: Gyarados|Dragon Dance|p2a: Gyarados\n|-boost|p2a: Gyarados|atk|1\n|-boost|p2a: Gyarados|spe|1\n|move|p1a: Porygon2|Tera Blast|p2a: Gyarados\n|-damage|p2a: Gyarados|97/280\n|\n|-weather|none\n|upkeep\n|turn|11\n|inactive|Time left: 300 sec this turn | 300 sec total\n|\n|t:|1783552689\n|move|p2a: Gyarados|Waterfall|p1a: Porygon2\n|-damage|p1a: Porygon2|63/100\n|move|p1a: Porygon2|Tera Blast|p2a: Gyarados\n|-damage|p2a: Gyarados|22/280\n|\n|upkeep\n|turn|12\n|inactive|Time left: 300 sec this turn | 300 sec total\n|\n|t:|1783552690\n|move|p2a: Gyarados|Waterfall|p1a: Porygon2\n|-damage|p1a: Porygon2|26/100\n|move|p1a: Porygon2|Recover|p1a: Porygon2\n|-heal|p1a: Porygon2|76/100\n|\n|upkeep\n|turn|13\n|inactive|Time left: 300 sec this turn | 300 sec total\n|\n|t:|1783552691\n|move|p2a: Gyarados|Waterfall|p1a: Porygon2\n|-damage|p1a: Porygon2|42/100\n|move|p1a: Porygon2|Tera Blast|p2a: Gyarados\n|-damage|p2a: Gyarados|0 fnt\n|faint|p2a: Gyarados\n|\n|upkeep\n|inactive|Time left: 300 sec this turn | 300 sec total | 5 sec grace\n|\n|t:|1783552692\n|switch|p2a: Iron Valiant|Iron Valiant, L78|244/244\n|turn|14\n|inactive|Time left: 300 sec this turn | 300 sec total\n|\n|t:|1783552693\n|-terastallize|p1a: Porygon2|Fairy\n|move|p2a: Iron Valiant|Swords Dance|p2a: Iron Valiant\n|-boost|p2a: Iron Valiant|atk|2\n|move|p1a: Porygon2|Tera Blast|p2a: Iron Valiant|[anim] Tera Blast Fairy\n|-supereffective|p2a: Iron Valiant\n|-damage|p2a: Iron Valiant|8/244\n|\n|upkeep\n|turn|15\n|inactive|Time left: 300 sec this turn | 300 sec total\n|\n|t:|1783552694\n|switch|p1a: Kyogre|Kyogre, L71|37/100\n|-weather|RainDance|[from] ability: Drizzle|[of] p1a: Kyogre\n|move|p2a: Iron Valiant|Close Combat|p1a: Kyogre\n|-damage|p1a: Kyogre|0 fnt\n|-unboost|p2a: Iron Valiant|def|1\n|-unboost|p2a: Iron Valiant|spd|1\n|faint|p1a: Kyogre\n|-damage|p2a: Iron Valiant|0 fnt|[from] item: Life Orb\n|faint|p2a: Iron Valiant\n|-end|p2a: Iron Valiant|Quark Drive|[silent]\n|\n|-weather|RainDance|[upkeep]\n|upkeep\n|inactive|Time left: 300 sec this turn | 300 sec total | 5 sec grace\n|\n|t:|1783552695\n|switch|p2a: Persian|Persian-Alola, L86, M|252/252\n|switch|p1a: Porygon2|Porygon2, L81, tera:Fairy|42/100\n|-ability|p1a: Porygon2|Download|boost\n|-boost|p1a: Porygon2|atk|1\n|turn|16\n|inactive|Time left: 300 sec this turn | 300 sec total\n|\n|t:|1783552696\n|-terastallize|p2a: Persian|Electric\n|move|p2a: Persian|Nasty Plot|p2a: Persian\n|-boost|p2a: Persian|spa|2\n|move|p1a: Porygon2|Recover|p1a: Porygon2\n|-heal|p1a: Porygon2|92/100\n|\n|-weather|RainDance|[upkeep]\n|upkeep\n|turn|17\n|inactive|Time left: 300 sec this turn | 300 sec total\n|\n|t:|1783552697\n|switch|p1a: Excadrill|Excadrill, L79, F|100/100\n|-ability|p1a: Excadrill|Mold Breaker\n|move|p2a: Persian|Nasty Plot|p2a: Persian\n|-boost|p2a: Persian|spa|2\n|\n|-weather|RainDance|[upkeep]\n|upkeep\n|turn|18\n|inactive|Time left: 300 sec this turn | 300 sec total\n|\n|t:|1783552698\n|move|p2a: Persian|Dark Pulse|p1a: Excadrill\n|-damage|p1a: Excadrill|19/100\n|-damage|p2a: Persian|227/252|[from] item: Life Orb\n|move|p1a: Excadrill|Earthquake|p2a: Persian\n|-supereffective|p2a: Persian\n|-damage|p2a: Persian|0 fnt\n|faint|p2a: Persian\n|\n|-weather|RainDance|[upkeep]\n|upkeep\n|inactive|Time left: 300 sec this turn | 300 sec total | 5 sec grace\n|\n|t:|1783552699\n|switch|p2a: Delphox|Delphox, L84, F|89/263\n|turn|19\n|inactive|Time left: 300 sec this turn | 300 sec total\n|\n|t:|1783552700\n|move|p2a: Delphox|Psyshock|p1a: Excadrill\n|-resisted|p1a: Excadrill\n|-damage|p1a: Excadrill|0 fnt\n|faint|p1a: Excadrill\n|\n|-weather|none\n|upkeep\n|\n|t:|1783552701\n|switch|p1a: Landorus|Landorus, L75, M|100/100\n|turn|20\n|inactive|Time left: 300 sec this turn | 300 sec total\n|\n|t:|1783552702\n|move|p2a: Delphox|Psyshock|p1a: Landorus\n|-damage|p1a: Landorus|62/100\n|move|p1a: Landorus|Earth Power|p2a: Delphox\n|-supereffective|p2a: Delphox\n|-damage|p2a: Delphox|0 fnt\n|faint|p2a: Delphox\n|\n|win|p0x1170a8ce", "uploadtime": 1783552702, "views": 0, "rating": 0, "private": 0, "password": null, "_winner": "p0x1170a8ce", "_our_name": "p0y11701a1c"}