{"id": "battle-gen9randombattle-75", "formatid": "gen9randombattle", "format": "[Gen 9] Random Battle", "players": ["p0x0752c5b", "p0y0757441"], "log": "|init|battle\n|title|p0x0752c5b vs. p0y0757441\n|j|\u2606p0x0752c5b\n|j|\u2606p0y0757441\n|t:|1783540338\n|gametype|singles\n|player|p1|p0x0752c5b|169|\n|player|p2|p0y0757441|266|\n|gen|9\n|tier|[Gen 9] Random Battle\n|rule|Species Clause: Limit one of each Pok\u00e9mon\n|rule|HP Percentage Mod: HP is shown in percentages\n|rule|Sleep Clause Mod: Limit one foe put to sleep\n|rule|Illusion Level Mod: Illusion disguises the Pok\u00e9mon's true level\n|\n|t:|1783540338\n|teamsize|p1|6\n|teamsize|p2|6\n|start\n|switch|p1a: Breloom|Breloom, L83, M|100/100\n|switch|p2a: Magnezone|Magnezone, L85|258/258\n|turn|1\n|inactive|Battle timer is ON: inactive players will automatically lose when time's up. (requested by p0y0757441)\n|inactive|p0x0752c5b also wants the timer to be on.\n|\n|t:|1783540339\n|move|p2a: Magnezone|Flash Cannon|p1a: Breloom\n|-crit|p1a: Breloom\n|-damage|p1a: Breloom|3/100\n|move|p1a: Breloom|Spore|p2a: Magnezone\n|-status|p2a: Magnezone|slp|[from] move: Spore\n|\n|upkeep\n|turn|2\n|inactive|Time left: 300 sec this turn | 300 sec total\n|\n|t:|1783540340\n|switch|p1a: Ursaring|Ursaring, L84, F|100/100\n|cant|p2a: Magnezone|slp\n|\n|-status|p1a: Ursaring|tox|[from] item: Toxic Orb\n|upkeep\n|turn|3\n|inactive|Time left: 300 sec this turn | 300 sec total\n|\n|t:|1783540341\n|-curestatus|p2a: Magnezone|slp|[msg]\n|move|p2a: Magnezone|Flash Cannon|p1a: Ursaring\n|-damage|p1a: Ursaring|59/100 tox\n|move|p1a: Ursaring|Facade|p2a: Magnezone\n|-resisted|p2a: Magnezone\n|-damage|p2a: Magnezone|185/258\n|\n|-damage|p1a: Ursaring|53/100 tox|[from] psn\n|upkeep\n|turn|4\n|inactive|Time left: 300 sec this turn | 300 sec total\n|\n|t:|1783540342\n|switch|p1a: Wugtrio|Wugtrio, L91, M|100/100\n|move|p2a: Magnezone|Flash Cannon|p1a: Wugtrio\n|-resisted|p1a: Wugtrio\n|-damage|p1a: Wugtrio|63/100\n|-unboost|p1a: Wugtrio|spd|1\n|\n|upkeep\n|turn|5\n|inactive|Time left: 300 sec this turn | 300 sec total\n|\n|t:|1783540344\n|move|p1a: Wugtrio|Stomping Tantrum|p2a: Magnezone\n|-supereffective|p2a: Magnezone\n|-damage|p2a: Magnezone|0 fnt\n|faint|p2a: Magnezone\n|\n|upkeep\n|inactive|Time left: 300 sec this turn | 300 sec total | 5 sec grace\n|\n|t:|1783540345\n|switch|p2a: Hoopa|Hoopa, L85|275/275\n|turn|6\n|inactive|Time left: 300 sec this turn | 300 sec total\n|\n|t:|1783540346\n|move|p1a: Wugtrio|Stomping Tantrum|p2a: Hoopa\n|-damage|p2a: Hoopa|159/275\n|move|p2a: Hoopa|Psyshock|p1a: Wugtrio\n|-damage|p1a: Wugtrio|0 fnt\n|faint|p1a: Wugtrio\n|-damage|p2a: Hoopa|132/275|[from] item: Life Orb\n|\n|upkeep\n|\n|t:|1783540347\n|switch|p1a: Dialga|Dialga-Origin, L73|100/100\n|-ability|p1a: Dialga|Pressure\n|turn|7\n|inactive|Time left: 300 sec this turn | 300 sec total\n|\n|t:|1783540348\n|move|p1a: Dialga|Heavy Slam|p2a: Hoopa\n|-damage|p2a: Hoopa|0 fnt\n|faint|p2a: Hoopa\n|\n|upkeep\n|inactive|Time left: 300 sec this turn | 300 sec total | 5 sec grace\n|\n|t:|1783540349\n|switch|p2a: Entei|Entei, L78|307/307\n|turn|8\n|inactive|Time left: 300 sec this turn | 300 sec total\n|\n|t:|1783540350\n|move|p2a: Entei|Sacred Fire|p1a: Dialga|[miss]\n|-miss|p2a: Entei|p1a: Dialga\n|move|p1a: Dialga|Stealth Rock|p2a: Entei\n|-sidestart|p2: p0y0757441|move: Stealth Rock\n|\n|upkeep\n|turn|9\n|inactive|Time left: 300 sec this turn | 300 sec total\n|\n|t:|1783540352\n|move|p2a: Entei|Sacred Fire|p1a: Dialga\n|-damage|p1a: Dialga|50/100\n|move|p1a: Dialga|Dragon Tail|p2a: Entei\n|-damage|p2a: Entei|244/307\n|drag|p2a: Emboar|Emboar, L84, M|322/322\n|-damage|p2a: Emboar|282/322|[from] Stealth Rock\n|\n|upkeep\n|turn|10\n|inactive|Time left: 300 sec this turn | 300 sec total\n|\n|t:|1783540353\n|move|p1a: Dialga|Draco Meteor|p2a: Emboar\n|-damage|p2a: Emboar|137/322\n|-unboost|p1a: Dialga|spa|2\n|move|p2a: Emboar|Flare Blitz|p1a: Dialga\n|-damage|p1a: Dialga|0 fnt\n|faint|p1a: Dialga\n|-damage|p2a: Emboar|94/322|[from] Recoil\n|\n|upkeep\n|\n|t:|1783540354\n|switch|p1a: Ursaring|Ursaring, L84, F|53/100 tox\n|turn|11\n|inactive|Time left: 300 sec this turn | 300 sec total\n|\n|t:|1783540355\n|move|p2a: Emboar|Sucker Punch|p1a: Ursaring\n|-damage|p1a: Ursaring|28/100 tox\n|move|p1a: Ursaring|Facade|p2a: Emboar\n|-damage|p2a: Emboar|0 fnt\n|faint|p2a: Emboar\n|\n|-damage|p1a: Ursaring|22/100 tox|[from] psn\n|upkeep\n|inactive|Time left: 300 sec this turn | 300 sec total | 5 sec grace\n|\n|t:|1783540356\n|switch|p2a: Hawlucha|Hawlucha, L80, M|256/256\n|-damage|p2a: Hawlucha|224/256|[from] Stealth Rock\n|turn|12\n|inactive|Time left: 300 sec this turn | 300 sec total\n|\n|t:|1783540358\n|switch|p1a: Muk|Muk, L86, F|100/100\n|move|p2a: Hawlucha|Stone Edge|p1a: Muk|[miss]\n|-miss|p2a: Hawlucha|p1a: Muk\n|\n|upkeep\n|turn|13\n|inactive|Time left: 300 sec this turn | 300 sec total\n|\n|t:|1783540359\n|move|p2a: Hawlucha|Swords Dance|p2a: Hawlucha\n|-boost|p2a: Hawlucha|atk|2\n|move|p1a: Muk|Gunk Shot|p2a: Hawlucha\n|-damage|p2a: Hawlucha|0 fnt\n|faint|p2a: Hawlucha\n|\n|upkeep\n|inactive|Time left: 300 sec this turn | 300 sec total | 5 sec grace\n|\n|t:|1783540360\n|switch|p2a: Entei|Entei, L78|244/307\n|-damage|p2a: Entei|168/307|[from] Stealth Rock\n|turn|14\n|inactive|Time left: 300 sec this turn | 300 sec total\n|\n|t:|1783540361\n|move|p2a: Entei|Sacred Fire|p1a: Muk\n|-damage|p1a: Muk|48/100\n|-status|p1a: Muk|brn\n|move|p1a: Muk|Gunk Shot|p2a: Entei\n|-damage|p2a: Entei|52/307\n|\n|-damage|p1a: Muk|42/100 brn|[from] brn\n|upkeep\n|turn|15\n|inactive|Time left: 300 sec this turn | 300 sec total\n|\n|t:|1783540362\n|move|p2a: Entei|Sacred Fire|p1a: Muk\n|-damage|p1a: Muk|0 fnt\n|faint|p1a: Muk\n|\n|upkeep\n|\n|t:|1783540363\n|switch|p1a: Ursaring|Ursaring, L84, F|22/100 tox\n|turn|16\n|inactive|Time left: 300 sec this turn | 300 sec total\n|\n|t:|1783540364\n|-terastallize|p1a: Ursaring|Normal\n|move|p1a: Ursaring|Facade|p2a: Entei\n|-damage|p2a: Entei|0 fnt\n|faint|p2a: Entei\n|\n|-damage|p1a: Ursaring|16/100 tox|[from] psn\n|upkeep\n|inactive|Time left: 300 sec this turn | 300 sec total | 5 sec grace\n|\n|t:|1783540365\n|switch|p2a: Cyclizar|Cyclizar, L84, M|255/255\n|turn|17\n|inactive|Time left: 300 sec this turn | 300 sec total\n|\n|t:|1783540366\n|switch|p1a: Hippowdon|Hippowdon, L82, F|100/100\n|-weather|Sandstorm|[from] ability: Sand Stream|[of] p1a: Hippowdon\n|move|p2a: Cyclizar|Rapid Spin|p1a: Hippowdon\n|-damage|p1a: Hippowdon|86/100\n|-boost|p2a: Cyclizar|spe|1\n|-sideend|p2: p0y0757441|Stealth Rock|[from] move: Rapid Spin|[of] p2a: Cyclizar\n|\n|-weather|Sandstorm|[upkeep]\n|-damage|p2a: Cyclizar|240/255|[from] Sandstorm\n|-heal|p1a: Hippowdon|92/100|[from] item: Leftovers\n|upkeep\n|turn|18\n|inactive|Time left: 300 sec this turn | 300 sec total\n|\n|t:|1783540367\n|move|p2a: Cyclizar|Rapid Spin|p1a: Hippowdon\n|-damage|p1a: Hippowdon|78/100\n|-boost|p2a: Cyclizar|spe|1\n|move|p1a: Hippowdon|Earthquake|p2a: Cyclizar\n|-damage|p2a: Cyclizar|107/255\n|\n|-weather|Sandstorm|[upkeep]\n|-damage|p2a: Cyclizar|92/255|[from] Sandstorm\n|-heal|p1a: Hippowdon|84/100|[from] item: Leftovers\n|upkeep\n|turn|19\n|inactive|Time left: 300 sec this turn | 300 sec total\n|\n|t:|1783540368\n|-terastallize|p2a: Cyclizar|Dragon\n|move|p2a: Cyclizar|Draco Meteor|p1a: Hippowdon\n|-damage|p1a: Hippowdon|18/100\n|-unboost|p2a: Cyclizar|spa|2\n|move|p1a: Hippowdon|Earthquake|p2a: Cyclizar\n|-damage|p2a: Cyclizar|0 fnt\n|faint|p2a: Cyclizar\n|\n|win|p0x0752c5b", "uploadtime": 1783540368, "views": 0, "rating": 0, "private": 0, "password": null, "_winner": "p0x0752c5b", "_our_name": "p0y0757441"}