{"id": "battle-gen9randombattle-1604", "formatid": "gen9randombattle", "format": "[Gen 9] Random Battle", "players": ["p0x16047888", "p0y1604cebf"], "log": "|init|battle\n|title|p0x16047888 vs. p0y1604cebf\n|j|\u2606p0x16047888\n|j|\u2606p0y1604cebf\n|t:|1783557786\n|gametype|singles\n|player|p1|p0x16047888|1|\n|player|p2|p0y1604cebf|2|\n|gen|9\n|tier|[Gen 9] Random Battle\n|rule|Species Clause: Limit one of each Pok\u00e9mon\n|rule|HP Percentage Mod: HP is shown in percentages\n|rule|Sleep Clause Mod: Limit one foe put to sleep\n|rule|Illusion Level Mod: Illusion disguises the Pok\u00e9mon's true level\n|\n|t:|1783557786\n|teamsize|p1|6\n|teamsize|p2|6\n|start\n|switch|p1a: Seviper|Seviper, L93, F|100/100\n|switch|p2a: Arceus|Arceus-Flying, L69|279/279\n|turn|1\n|inactive|Battle timer is ON: inactive players will automatically lose when time's up. (requested by p0x16047888)\n|inactive|Time left: 300 sec this turn | 300 sec total | 60 sec grace\n|\n|t:|1783557788\n|move|p2a: Arceus|Judgment|p1a: Seviper\n|-damage|p1a: Seviper|57/100\n|move|p1a: Seviper|Gunk Shot|p2a: Arceus|[miss]\n|-miss|p1a: Seviper|p2a: Arceus\n|\n|upkeep\n|turn|2\n|inactive|Time left: 300 sec this turn | 300 sec total\n|inactive|p0y1604cebf also wants the timer to be on.\n|\n|t:|1783557789\n|move|p2a: Arceus|Judgment|p1a: Seviper\n|-damage|p1a: Seviper|11/100\n|move|p1a: Seviper|Gunk Shot|p2a: Arceus|[miss]\n|-miss|p1a: Seviper|p2a: Arceus\n|\n|upkeep\n|turn|3\n|inactive|Time left: 300 sec this turn | 300 sec total\n|\n|t:|1783557790\n|switch|p1a: Flygon|Flygon, L82, M|100/100\n|move|p2a: Arceus|Judgment|p1a: Flygon\n|-damage|p1a: Flygon|55/100\n|\n|upkeep\n|turn|4\n|inactive|Time left: 300 sec this turn | 300 sec total\n|\n|t:|1783557791\n|move|p1a: Flygon|Outrage|p2a: Arceus\n|-damage|p2a: Arceus|164/279\n|move|p2a: Arceus|Judgment|p1a: Flygon\n|-damage|p1a: Flygon|16/100\n|\n|upkeep\n|turn|5\n|inactive|Time left: 300 sec this turn | 300 sec total\n|\n|t:|1783557792\n|switch|p2a: Florges|Florges-Orange, L85, F|271/271\n|move|p1a: Flygon|Outrage|p2a: Florges|[from] lockedmove\n|-immune|p2a: Florges\n|-start|p1a: Flygon|confusion|[fatigue]\n|-enditem|p1a: Flygon|Lum Berry|[eat]\n|-end|p1a: Flygon|confusion\n|\n|upkeep\n|turn|6\n|inactive|Time left: 300 sec this turn | 300 sec total\n|\n|t:|1783557793\n|move|p1a: Flygon|Earthquake|p2a: Florges\n|-damage|p2a: Florges|145/271\n|move|p2a: Florges|Moonblast|p1a: Flygon\n|-supereffective|p1a: Flygon\n|-damage|p1a: Flygon|0 fnt\n|faint|p1a: Flygon\n|\n|-heal|p2a: Florges|161/271|[from] item: Leftovers\n|upkeep\n|\n|t:|1783557794\n|switch|p1a: Emboar|Emboar, L84, M|100/100\n|turn|7\n|inactive|Time left: 300 sec this turn | 300 sec total\n|\n|t:|1783557795\n|move|p2a: Florges|Protect|p2a: Florges\n|-singleturn|p2a: Florges|Protect\n|move|p1a: Emboar|Flare Blitz|p2a: Florges\n|-activate|p2a: Florges|move: Protect\n|\n|-heal|p2a: Florges|177/271|[from] item: Leftovers\n|upkeep\n|turn|8\n|inactive|Time left: 300 sec this turn | 300 sec total\n|\n|t:|1783557796\n|move|p2a: Florges|Moonblast|p1a: Emboar\n|-damage|p1a: Emboar|53/100\n|-unboost|p1a: Emboar|spa|1\n|move|p1a: Emboar|Flare Blitz|p2a: Florges\n|-damage|p2a: Florges|0 fnt\n|faint|p2a: Florges\n|-damage|p1a: Emboar|35/100|[from] Recoil\n|\n|-heal|p1a: Emboar|41/100|[from] item: Leftovers\n|upkeep\n|inactive|Time left: 300 sec this turn | 300 sec total | 5 sec grace\n|\n|t:|1783557798\n|switch|p2a: Arceus|Arceus-Flying, L69|164/279\n|turn|9\n|inactive|Time left: 300 sec this turn | 300 sec total\n|\n|t:|1783557799\n|switch|p1a: Enamorus|Enamorus-Therian, L83, F|100/100\n|move|p2a: Arceus|Judgment|p1a: Enamorus\n|-crit|p1a: Enamorus\n|-damage|p1a: Enamorus|62/100\n|\n|upkeep\n|turn|10\n|inactive|Time left: 300 sec this turn | 300 sec total\n|\n|t:|1783557800\n|move|p2a: Arceus|Calm Mind|p2a: Arceus\n|-boost|p2a: Arceus|spa|1\n|-boost|p2a: Arceus|spd|1\n|move|p1a: Enamorus|Moonblast|p2a: Arceus\n|-crit|p2a: Arceus\n|-damage|p2a: Arceus|0 fnt\n|faint|p2a: Arceus\n|\n|upkeep\n|inactive|Time left: 300 sec this turn | 300 sec total | 5 sec grace\n|\n|t:|1783557801\n|switch|p2a: Probopass|Probopass, L91, F|257/257\n|turn|11\n|inactive|Time left: 300 sec this turn | 300 sec total\n|\n|t:|1783557802\n|move|p2a: Probopass|Flash Cannon|p1a: Enamorus\n|-supereffective|p1a: Enamorus\n|-damage|p1a: Enamorus|27/100\n|move|p1a: Enamorus|Moonblast|p2a: Probopass\n|-resisted|p2a: Probopass\n|-damage|p2a: Probopass|221/257\n|\n|-heal|p2a: Probopass|237/257|[from] item: Leftovers\n|upkeep\n|turn|12\n|inactive|Time left: 300 sec this turn | 300 sec total\n|\n|t:|1783557803\n|switch|p1a: Jirachi|Jirachi, L80|100/100\n|move|p2a: Probopass|Flash Cannon|p1a: Jirachi\n|-resisted|p1a: Jirachi\n|-damage|p1a: Jirachi|87/100\n|\n|-heal|p1a: Jirachi|93/100|[from] item: Leftovers\n|-heal|p2a: Probopass|253/257|[from] item: Leftovers\n|upkeep\n|turn|13\n|inactive|Time left: 300 sec this turn | 300 sec total\n|\n|t:|1783557804\n|move|p1a: Jirachi|Iron Head|p2a: Probopass\n|-damage|p2a: Probopass|204/257\n|move|p2a: Probopass|Iron Defense|p2a: Probopass\n|-boost|p2a: Probopass|def|2\n|\n|-heal|p1a: Jirachi|99/100|[from] item: Leftovers\n|-heal|p2a: Probopass|220/257|[from] item: Leftovers\n|upkeep\n|turn|14\n|inactive|Time left: 300 sec this turn | 300 sec total\n|\n|t:|1783557805\n|move|p1a: Jirachi|Iron Head|p2a: Probopass\n|-damage|p2a: Probopass|193/257\n|cant|p2a: Probopass|flinch\n|\n|-heal|p1a: Jirachi|100/100|[from] item: Leftovers\n|-heal|p2a: Probopass|209/257|[from] item: Leftovers\n|upkeep\n|turn|15\n|inactive|Time left: 300 sec this turn | 300 sec total\n|\n|t:|1783557806\n|move|p1a: Jirachi|Iron Head|p2a: Probopass\n|-damage|p2a: Probopass|185/257\n|cant|p2a: Probopass|flinch\n|\n|-heal|p2a: Probopass|201/257|[from] item: Leftovers\n|upkeep\n|turn|16\n|inactive|Time left: 300 sec this turn | 300 sec total\n|\n|t:|1783557807\n|move|p1a: Jirachi|Iron Head|p2a: Probopass\n|-damage|p2a: Probopass|176/257\n|cant|p2a: Probopass|flinch\n|\n|-heal|p2a: Probopass|192/257|[from] item: Leftovers\n|upkeep\n|turn|17\n|inactive|Time left: 300 sec this turn | 300 sec total\n|\n|t:|1783557809\n|move|p1a: Jirachi|Iron Head|p2a: Probopass\n|-damage|p2a: Probopass|168/257\n|cant|p2a: Probopass|flinch\n|\n|-heal|p2a: Probopass|184/257|[from] item: Leftovers\n|upkeep\n|turn|18\n|inactive|Time left: 300 sec this turn | 300 sec total\n|\n|t:|1783557810\n|move|p1a: Jirachi|Body Slam|p2a: Probopass\n|-resisted|p2a: Probopass\n|-damage|p2a: Probopass|180/257\n|move|p2a: Probopass|Body Press|p1a: Jirachi\n|-damage|p1a: Jirachi|41/100\n|\n|-heal|p1a: Jirachi|47/100|[from] item: Leftovers\n|-heal|p2a: Probopass|196/257|[from] item: Leftovers\n|upkeep\n|turn|19\n|inactive|Time left: 300 sec this turn | 300 sec total\n|\n|t:|1783557811\n|move|p1a: Jirachi|Protect|p1a: Jirachi\n|-singleturn|p1a: Jirachi|Protect\n|move|p2a: Probopass|Body Press|p1a: Jirachi\n|-activate|p1a: Jirachi|move: Protect\n|\n|-heal|p1a: Jirachi|53/100|[from] item: Leftovers\n|-heal|p2a: Probopass|212/257|[from] item: Leftovers\n|upkeep\n|turn|20\n|inactive|Time left: 300 sec this turn | 300 sec total\n|\n|t:|1783557812\n|move|p1a: Jirachi|Iron Head|p2a: Probopass\n|-damage|p2a: Probopass|187/257\n|cant|p2a: Probopass|flinch\n|\n|-heal|p1a: Jirachi|59/100|[from] item: Leftovers\n|-heal|p2a: Probopass|203/257|[from] item: Leftovers\n|upkeep\n|turn|21\n|inactive|Time left: 300 sec this turn | 300 sec total\n|\n|t:|1783557813\n|move|p1a: Jirachi|Iron Head|p2a: Probopass\n|-damage|p2a: Probopass|176/257\n|move|p2a: Probopass|Body Press|p1a: Jirachi\n|-damage|p1a: Jirachi|0 fnt\n|faint|p1a: Jirachi\n|\n|-heal|p2a: Probopass|192/257|[from] item: Leftovers\n|upkeep\n|\n|t:|1783557814\n|switch|p1a: Scovillain|Scovillain, L91, F|100/100\n|turn|22\n|inactive|Time left: 300 sec this turn | 300 sec total\n|\n|t:|1783557815\n|move|p1a: Scovillain|Substitute|p1a: Scovillain\n|-start|p1a: Scovillain|Substitute\n|-damage|p1a: Scovillain|76/100\n|move|p2a: Probopass|Body Press|p1a: Scovillain\n|-end|p1a: Scovillain|Substitute\n|\n|-heal|p1a: Scovillain|82/100|[from] item: Leftovers\n|-heal|p2a: Probopass|208/257|[from] item: Leftovers\n|upkeep\n|turn|23\n|inactive|Time left: 300 sec this turn | 300 sec total\n|\n|t:|1783557816\n|move|p1a: Scovillain|Protect|p1a: Scovillain\n|-singleturn|p1a: Scovillain|Protect\n|move|p2a: Probopass|Body Press|p1a: Scovillain\n|-activate|p1a: Scovillain|move: Protect\n|\n|-heal|p1a: Scovillain|88/100|[from] item: Leftovers\n|-heal|p2a: Probopass|224/257|[from] item: Leftovers\n|upkeep\n|turn|24\n|inactive|Time left: 300 sec this turn | 300 sec total\n|\n|t:|1783557817\n|move|p1a: Scovillain|Substitute|p1a: Scovillain\n|-start|p1a: Scovillain|Substitute\n|-damage|p1a: Scovillain|63/100\n|move|p2a: Probopass|Body Press|p1a: Scovillain\n|-end|p1a: Scovillain|Substitute\n|\n|-heal|p1a: Scovillain|69/100|[from] item: Leftovers\n|-heal|p2a: Probopass|240/257|[from] item: Leftovers\n|upkeep\n|turn|25\n|inactive|Time left: 300 sec this turn | 300 sec total\n|\n|t:|1783557818\n|move|p1a: Scovillain|Protect|p1a: Scovillain\n|-singleturn|p1a: Scovillain|Protect\n|move|p2a: Probopass|Body Press|p1a: Scovillain\n|-activate|p1a: Scovillain|move: Protect\n|\n|-heal|p1a: Scovillain|75/100|[from] item: Leftovers\n|-heal|p2a: Probopass|256/257|[from] item: Leftovers\n|upkeep\n|turn|26\n|inactive|Time left: 300 sec this turn | 300 sec total\n|\n|t:|1783557819\n|move|p1a: Scovillain|Substitute|p1a: Scovillain\n|-start|p1a: Scovillain|Substitute\n|-damage|p1a: Scovillain|50/100\n|move|p2a: Probopass|Body Press|p1a: Scovillain\n|-end|p1a: Scovillain|Substitute\n|\n|-heal|p1a: Scovillain|56/100|[from] item: Leftovers\n|-heal|p2a: Probopass|257/257|[from] item: Leftovers\n|upkeep\n|turn|27\n|inactive|Time left: 300 sec this turn | 300 sec total\n|\n|t:|1783557820\n|move|p1a: Scovillain|Protect|p1a: Scovillain\n|-singleturn|p1a: Scovillain|Protect\n|move|p2a: Probopass|Body Press|p1a: Scovillain\n|-activate|p1a: Scovillain|move: Protect\n|\n|-heal|p1a: Scovillain|62/100|[from] item: Leftovers\n|upkeep\n|turn|28\n|inactive|Time left: 300 sec this turn | 300 sec total\n|\n|t:|1783557821\n|move|p1a: Scovillain|Substitute|p1a: Scovillain\n|-start|p1a: Scovillain|Substitute\n|-damage|p1a: Scovillain|37/100\n|move|p2a: Probopass|Body Press|p1a: Scovillain\n|-end|p1a: Scovillain|Substitute\n|\n|-heal|p1a: Scovillain|43/100|[from] item: Leftovers\n|upkeep\n|turn|29\n|inactive|Time left: 300 sec this turn | 300 sec total\n|\n|t:|1783557823\n|move|p1a: Scovillain|Protect|p1a: Scovillain\n|-singleturn|p1a: Scovillain|Protect\n|move|p2a: Probopass|Body Press|p1a: Scovillain\n|-activate|p1a: Scovillain|move: Protect\n|\n|-heal|p1a: Scovillain|49/100|[from] item: Leftovers\n|upkeep\n|turn|30\n|inactive|Time left: 300 sec this turn | 300 sec total\n|\n|t:|1783557823\n|move|p1a: Scovillain|Substitute|p1a: Scovillain\n|-start|p1a: Scovillain|Substitute\n|-damage|p1a: Scovillain|25/100\n|move|p2a: Probopass|Body Press|p1a: Scovillain\n|-end|p1a: Scovillain|Substitute\n|\n|-heal|p1a: Scovillain|31/100|[from] item: Leftovers\n|upkeep\n|turn|31\n|inactive|Time left: 300 sec this turn | 300 sec total\n|\n|t:|1783557825\n|move|p1a: Scovillain|Protect|p1a: Scovillain\n|-singleturn|p1a: Scovillain|Protect\n|move|p2a: Probopass|Body Press|p1a: Scovillain\n|-activate|p1a: Scovillain|move: Protect\n|\n|-heal|p1a: Scovillain|37/100|[from] item: Leftovers\n|upkeep\n|turn|32\n|inactive|Time left: 300 sec this turn | 300 sec total\n|\n|t:|1783557826\n|move|p1a: Scovillain|Substitute|p1a: Scovillain\n|-start|p1a: Scovillain|Substitute\n|-damage|p1a: Scovillain|12/100\n|move|p2a: Probopass|Body Press|p1a: Scovillain\n|-end|p1a: Scovillain|Substitute\n|\n|-heal|p1a: Scovillain|18/100|[from] item: Leftovers\n|upkeep\n|turn|33\n|inactive|Time left: 300 sec this turn | 300 sec total\n|\n|t:|1783557827\n|move|p1a: Scovillain|Protect|p1a: Scovillain\n|-singleturn|p1a: Scovillain|Protect\n|move|p2a: Probopass|Body Press|p1a: Scovillain\n|-activate|p1a: Scovillain|move: Protect\n|\n|-heal|p1a: Scovillain|24/100|[from] item: Leftovers\n|upkeep\n|turn|34\n|inactive|Time left: 300 sec this turn | 300 sec total\n|\n|t:|1783557828\n|move|p1a: Scovillain|Leech Seed|p2a: Probopass|[miss]\n|-miss|p1a: Scovillain|p2a: Probopass\n|move|p2a: Probopass|Power Gem|p1a: Scovillain\n|-supereffective|p1a: Scovillain\n|-damage|p1a: Scovillain|0 fnt\n|faint|p1a: Scovillain\n|\n|upkeep\n|\n|t:|1783557829\n|switch|p1a: Seviper|Seviper, L93, F|11/100\n|turn|35\n|inactive|Time left: 300 sec this turn | 300 sec total\n|\n|t:|1783557830\n|move|p1a: Seviper|Earthquake|p2a: Probopass\n|-supereffective|p2a: Probopass\n|-damage|p2a: Probopass|101/257\n|-damage|p1a: Seviper|2/100|[from] item: Life Orb\n|move|p2a: Probopass|Power Gem|p1a: Seviper\n|-damage|p1a: Seviper|0 fnt\n|faint|p1a: Seviper\n|\n|-heal|p2a: Probopass|117/257|[from] item: Leftovers\n|upkeep\n|\n|t:|1783557831\n|switch|p1a: Enamorus|Enamorus-Therian, L83, F|27/100\n|turn|36\n|inactive|Time left: 300 sec this turn | 300 sec total\n|\n|t:|1783557832\n|-terastallize|p1a: Enamorus|Ground\n|move|p2a: Probopass|Flash Cannon|p1a: Enamorus\n|-damage|p1a: Enamorus|9/100\n|move|p1a: Enamorus|Earth Power|p2a: Probopass\n|-supereffective|p2a: Probopass\n|-damage|p2a: Probopass|0 fnt\n|faint|p2a: Probopass\n|\n|upkeep\n|inactive|Time left: 300 sec this turn | 300 sec total | 5 sec grace\n|\n|t:|1783557833\n|switch|p2a: Kommo-o|Kommo-o, L77, F|242/242\n|turn|37\n|inactive|Time left: 300 sec this turn | 300 sec total\n|\n|t:|1783557834\n|move|p2a: Kommo-o|Close Combat|p1a: Enamorus\n|-damage|p1a: Enamorus|0 fnt\n|-unboost|p2a: Kommo-o|def|1\n|-unboost|p2a: Kommo-o|spd|1\n|faint|p1a: Enamorus\n|\n|upkeep\n|\n|t:|1783557834\n|switch|p1a: Emboar|Emboar, L84, M|41/100\n|turn|38\n|inactive|Time left: 300 sec this turn | 300 sec total\n|\n|t:|1783557835\n|-terastallize|p2a: Kommo-o|Steel\n|move|p2a: Kommo-o|Close Combat|p1a: Emboar\n|-damage|p1a: Emboar|0 fnt\n|-unboost|p2a: Kommo-o|def|1\n|-unboost|p2a: Kommo-o|spd|1\n|faint|p1a: Emboar\n|\n|win|p0y1604cebf", "uploadtime": 1783557835, "views": 0, "rating": 0, "private": 0, "password": null, "_winner": "p0y1604cebf", "_our_name": "p0y1604cebf"}