{"id": "battle-gen9randombattle-1931", "formatid": "gen9randombattle", "format": "[Gen 9] Random Battle", "players": ["p0x193184a0", "p0y1931a25e"], "log": "|init|battle\n|title|p0x193184a0 vs. p0y1931a25e\n|j|\u2606p0x193184a0\n|j|\u2606p0y1931a25e\n|t:|1783562344\n|gametype|singles\n|player|p1|p0x193184a0|266|\n|player|p2|p0y1931a25e|265|\n|gen|9\n|tier|[Gen 9] Random Battle\n|rule|Species Clause: Limit one of each Pok\u00e9mon\n|rule|HP Percentage Mod: HP is shown in percentages\n|rule|Sleep Clause Mod: Limit one foe put to sleep\n|rule|Illusion Level Mod: Illusion disguises the Pok\u00e9mon's true level\n|\n|t:|1783562344\n|teamsize|p1|6\n|teamsize|p2|6\n|start\n|switch|p1a: Hydreigon|Hydreigon, L79, M|275/275\n|switch|p2a: Grafaiai|Grafaiai, L86, F|100/100\n|turn|1\n|inactive|Battle timer is ON: inactive players will automatically lose when time's up. (requested by p0x193184a0)\n|inactive|p0y1931a25e also wants the timer to be on.\n|\n|t:|1783562345\n|move|p2a: Grafaiai|Knock Off|p1a: Hydreigon\n|-resisted|p1a: Hydreigon\n|-damage|p1a: Hydreigon|235/275\n|-enditem|p1a: Hydreigon|Life Orb|[from] move: Knock Off|[of] p2a: Grafaiai\n|move|p1a: Hydreigon|Nasty Plot|p1a: Hydreigon\n|-boost|p1a: Hydreigon|spa|2\n|\n|upkeep\n|turn|2\n|inactive|Time left: 300 sec this turn | 300 sec total\n|\n|t:|1783562346\n|move|p2a: Grafaiai|Gunk Shot|p1a: Hydreigon\n|-damage|p1a: Hydreigon|93/275\n|-status|p1a: Hydreigon|psn\n|move|p1a: Hydreigon|Draco Meteor|p2a: Grafaiai\n|-crit|p2a: Grafaiai\n|-damage|p2a: Grafaiai|0 fnt\n|-unboost|p1a: Hydreigon|spa|2\n|faint|p2a: Grafaiai\n|\n|-damage|p1a: Hydreigon|59/275 psn|[from] psn\n|upkeep\n|\n|t:|1783562347\n|switch|p2a: Hitmontop|Hitmontop, L88, M|100/100\n|turn|3\n|inactive|Time left: 300 sec this turn | 300 sec total\n|\n|t:|1783562348\n|move|p1a: Hydreigon|Fire Blast|p2a: Hitmontop\n|-damage|p2a: Hitmontop|71/100\n|move|p2a: Hitmontop|Bulk Up|p2a: Hitmontop\n|-boost|p2a: Hitmontop|atk|1\n|-boost|p2a: Hitmontop|def|1\n|\n|-heal|p2a: Hitmontop|77/100|[from] item: Leftovers\n|-damage|p1a: Hydreigon|25/275 psn|[from] psn\n|upkeep\n|turn|4\n|inactive|Time left: 300 sec this turn | 300 sec total\n|\n|t:|1783562349\n|move|p1a: Hydreigon|Draco Meteor|p2a: Hitmontop\n|-damage|p2a: Hitmontop|26/100\n|-unboost|p1a: Hydreigon|spa|2\n|move|p2a: Hitmontop|Rapid Spin|p1a: Hydreigon\n|-damage|p1a: Hydreigon|0 fnt\n|-boost|p2a: Hitmontop|spe|1\n|faint|p1a: Hydreigon\n|\n|-heal|p2a: Hitmontop|32/100|[from] item: Leftovers\n|upkeep\n|inactive|Time left: 300 sec this turn | 300 sec total | 5 sec grace\n|\n|t:|1783562350\n|switch|p1a: Toxapex|Toxapex, L82, M|216/216\n|turn|5\n|inactive|Time left: 300 sec this turn | 300 sec total\n|\n|t:|1783562351\n|move|p2a: Hitmontop|Bulk Up|p2a: Hitmontop\n|-boost|p2a: Hitmontop|atk|1\n|-boost|p2a: Hitmontop|def|1\n|move|p1a: Toxapex|Haze|p1a: Toxapex\n|-clearallboost\n|\n|-heal|p2a: Hitmontop|38/100|[from] item: Leftovers\n|upkeep\n|turn|6\n|inactive|Time left: 300 sec this turn | 300 sec total\n|\n|t:|1783562352\n|move|p2a: Hitmontop|Bulk Up|p2a: Hitmontop\n|-boost|p2a: Hitmontop|atk|1\n|-boost|p2a: Hitmontop|def|1\n|move|p1a: Toxapex|Liquidation|p2a: Hitmontop\n|-damage|p2a: Hitmontop|23/100\n|\n|-heal|p2a: Hitmontop|29/100|[from] item: Leftovers\n|upkeep\n|turn|7\n|inactive|Time left: 300 sec this turn | 300 sec total\n|\n|t:|1783562353\n|move|p2a: Hitmontop|Triple Axel|p1a: Toxapex\n|-resisted|p1a: Toxapex\n|-damage|p1a: Toxapex|205/216\n|-resisted|p1a: Toxapex\n|-damage|p1a: Toxapex|184/216\n|-resisted|p1a: Toxapex\n|-damage|p1a: Toxapex|150/216\n|-hitcount|p1a: Toxapex|3\n|move|p1a: Toxapex|Haze|p1a: Toxapex\n|-clearallboost\n|\n|-heal|p2a: Hitmontop|35/100|[from] item: Leftovers\n|-heal|p1a: Toxapex|163/216|[from] item: Leftovers\n|upkeep\n|turn|8\n|inactive|Time left: 300 sec this turn | 300 sec total\n|\n|t:|1783562354\n|move|p2a: Hitmontop|Bulk Up|p2a: Hitmontop\n|-boost|p2a: Hitmontop|atk|1\n|-boost|p2a: Hitmontop|def|1\n|move|p1a: Toxapex|Liquidation|p2a: Hitmontop\n|-damage|p2a: Hitmontop|17/100\n|-unboost|p2a: Hitmontop|def|1\n|\n|-heal|p2a: Hitmontop|23/100|[from] item: Leftovers\n|-heal|p1a: Toxapex|176/216|[from] item: Leftovers\n|upkeep\n|turn|9\n|inactive|Time left: 300 sec this turn | 300 sec total\n|\n|t:|1783562355\n|move|p2a: Hitmontop|Bulk Up|p2a: Hitmontop\n|-boost|p2a: Hitmontop|atk|1\n|-boost|p2a: Hitmontop|def|1\n|move|p1a: Toxapex|Liquidation|p2a: Hitmontop\n|-damage|p2a: Hitmontop|7/100\n|\n|-heal|p2a: Hitmontop|13/100|[from] item: Leftovers\n|-heal|p1a: Toxapex|189/216|[from] item: Leftovers\n|upkeep\n|turn|10\n|inactive|Time left: 300 sec this turn | 300 sec total\n|\n|t:|1783562356\n|move|p2a: Hitmontop|Triple Axel|p1a: Toxapex\n|-resisted|p1a: Toxapex\n|-crit|p1a: Toxapex\n|-damage|p1a: Toxapex|166/216\n|-resisted|p1a: Toxapex\n|-damage|p1a: Toxapex|138/216\n|-resisted|p1a: Toxapex\n|-damage|p1a: Toxapex|90/216\n|-hitcount|p1a: Toxapex|3\n|move|p1a: Toxapex|Liquidation|p2a: Hitmontop\n|-damage|p2a: Hitmontop|0 fnt\n|faint|p2a: Hitmontop\n|\n|-heal|p1a: Toxapex|103/216|[from] item: Leftovers\n|upkeep\n|\n|t:|1783562356\n|switch|p2a: Veluza|Veluza, L85, M|100/100\n|turn|11\n|inactive|Time left: 300 sec this turn | 300 sec total\n|\n|t:|1783562357\n|switch|p1a: Vigoroth|Vigoroth, L85, M|275/275\n|move|p2a: Veluza|Fillet Away|p2a: Veluza\n|-boost|p2a: Veluza|atk|2\n|-boost|p2a: Veluza|spa|2\n|-boost|p2a: Veluza|spe|2\n|-damage|p2a: Veluza|50/100\n|-enditem|p2a: Veluza|Sitrus Berry|[eat]\n|-heal|p2a: Veluza|75/100|[from] item: Sitrus Berry\n|\n|upkeep\n|turn|12\n|inactive|Time left: 300 sec this turn | 300 sec total\n|\n|t:|1783562358\n|move|p2a: Veluza|Aqua Cutter|p1a: Vigoroth\n|-damage|p1a: Vigoroth|91/275\n|move|p1a: Vigoroth|Slack Off|p1a: Vigoroth\n|-heal|p1a: Vigoroth|229/275\n|\n|upkeep\n|turn|13\n|inactive|Time left: 300 sec this turn | 300 sec total\n|\n|t:|1783562359\n|move|p2a: Veluza|Psycho Cut|p1a: Vigoroth\n|-damage|p1a: Vigoroth|52/275\n|move|p1a: Vigoroth|Slack Off|p1a: Vigoroth\n|-heal|p1a: Vigoroth|190/275\n|\n|upkeep\n|turn|14\n|inactive|Time left: 300 sec this turn | 300 sec total\n|\n|t:|1783562360\n|move|p2a: Veluza|Aqua Cutter|p1a: Vigoroth\n|-crit|p1a: Vigoroth\n|-damage|p1a: Vigoroth|0 fnt\n|faint|p1a: Vigoroth\n|\n|upkeep\n|inactive|Time left: 300 sec this turn | 300 sec total | 5 sec grace\n|\n|t:|1783562361\n|switch|p1a: Toxapex|Toxapex, L82, M|175/216\n|turn|15\n|inactive|Time left: 300 sec this turn | 300 sec total\n|\n|t:|1783562362\n|-terastallize|p1a: Toxapex|Steel\n|move|p2a: Veluza|Psycho Cut|p1a: Toxapex\n|-resisted|p1a: Toxapex\n|-damage|p1a: Toxapex|94/216\n|move|p1a: Toxapex|Haze|p1a: Toxapex\n|-clearallboost\n|\n|-heal|p1a: Toxapex|107/216|[from] item: Leftovers\n|upkeep\n|turn|16\n|inactive|Time left: 300 sec this turn | 300 sec total\n|\n|t:|1783562363\n|move|p2a: Veluza|Aqua Cutter|p1a: Toxapex\n|-crit|p1a: Toxapex\n|-damage|p1a: Toxapex|0 fnt\n|faint|p1a: Toxapex\n|\n|upkeep\n|inactive|Time left: 300 sec this turn | 300 sec total | 5 sec grace\n|\n|t:|1783562364\n|switch|p1a: Volbeat|Volbeat, L90, M|263/263\n|turn|17\n|inactive|Time left: 300 sec this turn | 300 sec total\n|\n|t:|1783562365\n|switch|p2a: Bisharp|Bisharp, L79, M|100/100\n|move|p1a: Volbeat|Lunge|p2a: Bisharp\n|-damage|p2a: Bisharp|77/100\n|-unboost|p2a: Bisharp|atk|1\n|-ability|p2a: Bisharp|Defiant|boost\n|-boost|p2a: Bisharp|atk|2\n|\n|upkeep\n|turn|18\n|inactive|Time left: 300 sec this turn | 300 sec total\n|\n|t:|1783562366\n|switch|p1a: Pawmot|Pawmot, L80, M|243/243\n|move|p2a: Bisharp|Iron Head|p1a: Pawmot\n|-resisted|p1a: Pawmot\n|-damage|p1a: Pawmot|156/243\n|\n|upkeep\n|turn|19\n|inactive|Time left: 300 sec this turn | 300 sec total\n|\n|t:|1783562367\n|-terastallize|p2a: Bisharp|Ghost\n|move|p1a: Pawmot|Close Combat|p2a: Bisharp\n|-immune|p2a: Bisharp\n|move|p2a: Bisharp|Iron Head|p1a: Pawmot\n|-resisted|p1a: Pawmot\n|-damage|p1a: Pawmot|70/243\n|\n|upkeep\n|turn|20\n|inactive|Time left: 300 sec this turn | 300 sec total\n|\n|t:|1783562368\n|move|p2a: Bisharp|Sucker Punch|p1a: Pawmot\n|-resisted|p1a: Pawmot\n|-damage|p1a: Pawmot|0 fnt\n|faint|p1a: Pawmot\n|\n|upkeep\n|inactive|Time left: 300 sec this turn | 300 sec total | 5 sec grace\n|\n|t:|1783562369\n|switch|p1a: Volbeat|Volbeat, L90, M|263/263\n|turn|21\n|inactive|Time left: 300 sec this turn | 300 sec total\n|\n|t:|1783562370\n|move|p1a: Volbeat|Encore|p2a: Bisharp\n|-start|p2a: Bisharp|Encore\n|move|p2a: Bisharp|Sucker Punch||[still]\n|-fail|p2a: Bisharp\n|\n|upkeep\n|turn|22\n|inactive|Time left: 300 sec this turn | 300 sec total\n|\n|t:|1783562371\n|switch|p2a: Tentacruel|Tentacruel, L84, M|100/100\n|move|p1a: Volbeat|Thunder Wave|p2a: Tentacruel|[miss]\n|-miss|p1a: Volbeat|p2a: Tentacruel\n|\n|upkeep\n|turn|23\n|inactive|Time left: 300 sec this turn | 300 sec total\n|\n|t:|1783562372\n|move|p1a: Volbeat|Thunder Wave|p2a: Tentacruel\n|-status|p2a: Tentacruel|par\n|move|p2a: Tentacruel|Sludge Bomb|p1a: Volbeat\n|-damage|p1a: Volbeat|190/263\n|-status|p1a: Volbeat|psn\n|\n|-damage|p1a: Volbeat|158/263 psn|[from] psn\n|upkeep\n|turn|24\n|inactive|Time left: 300 sec this turn | 300 sec total\n|\n|t:|1783562374\n|switch|p2a: Bisharp|Bisharp, L79, M, tera:Ghost|77/100\n|move|p1a: Volbeat|Roost|p1a: Volbeat\n|-heal|p1a: Volbeat|263/263 psn\n|-singleturn|p1a: Volbeat|move: Roost\n|\n|-damage|p1a: Volbeat|231/263 psn|[from] psn\n|upkeep\n|turn|25\n|inactive|Time left: 300 sec this turn | 300 sec total\n|\n|t:|1783562374\n|move|p1a: Volbeat|Thunder Wave|p2a: Bisharp\n|-status|p2a: Bisharp|par\n|cant|p2a: Bisharp|par\n|\n|-damage|p1a: Volbeat|199/263 psn|[from] psn\n|upkeep\n|turn|26\n|inactive|Time left: 300 sec this turn | 300 sec total\n|\n|t:|1783562375\n|move|p1a: Volbeat|Roost|p1a: Volbeat\n|-heal|p1a: Volbeat|263/263 psn\n|-singleturn|p1a: Volbeat|move: Roost\n|move|p2a: Bisharp|Swords Dance|p2a: Bisharp\n|-boost|p2a: Bisharp|atk|2\n|\n|-damage|p1a: Volbeat|231/263 psn|[from] psn\n|upkeep\n|turn|27\n|inactive|Time left: 300 sec this turn | 300 sec total\n|\n|t:|1783562376\n|move|p1a: Volbeat|Encore|p2a: Bisharp\n|-start|p2a: Bisharp|Encore\n|move|p2a: Bisharp|Swords Dance|p2a: Bisharp\n|-boost|p2a: Bisharp|atk|2\n|\n|-damage|p1a: Volbeat|199/263 psn|[from] psn\n|upkeep\n|turn|28\n|inactive|Time left: 300 sec this turn | 300 sec total\n|\n|t:|1783562377\n|switch|p2a: Tentacruel|Tentacruel, L84, M|100/100 par\n|move|p1a: Volbeat|Lunge|p2a: Tentacruel\n|-resisted|p2a: Tentacruel\n|-damage|p2a: Tentacruel|84/100 par\n|-unboost|p2a: Tentacruel|atk|1\n|\n|-heal|p2a: Tentacruel|90/100 par|[from] item: Leftovers\n|-damage|p1a: Volbeat|167/263 psn|[from] psn\n|upkeep\n|turn|29\n|inactive|Time left: 300 sec this turn | 300 sec total\n|\n|t:|1783562378\n|move|p1a: Volbeat|Roost|p1a: Volbeat\n|-heal|p1a: Volbeat|263/263 psn\n|-singleturn|p1a: Volbeat|move: Roost\n|move|p2a: Tentacruel|Sludge Bomb|p1a: Volbeat\n|-damage|p1a: Volbeat|179/263 psn\n|\n|-heal|p2a: Tentacruel|96/100 par|[from] item: Leftovers\n|-damage|p1a: Volbeat|147/263 psn|[from] psn\n|upkeep\n|turn|30\n|inactive|Time left: 300 sec this turn | 300 sec total\n|\n|t:|1783562379\n|switch|p2a: Bisharp|Bisharp, L79, M, tera:Ghost|77/100 par\n|move|p1a: Volbeat|Roost|p1a: Volbeat\n|-heal|p1a: Volbeat|263/263 psn\n|-singleturn|p1a: Volbeat|move: Roost\n|\n|-damage|p1a: Volbeat|231/263 psn|[from] psn\n|upkeep\n|turn|31\n|inactive|Time left: 300 sec this turn | 300 sec total\n|\n|t:|1783562380\n|switch|p1a: Cyclizar|Cyclizar, L84, M|255/255\n|move|p2a: Bisharp|Throat Chop|p1a: Cyclizar\n|-damage|p1a: Cyclizar|144/255\n|-start|p1a: Cyclizar|Throat Chop|[silent]\n|\n|upkeep\n|turn|32\n|inactive|Time left: 300 sec this turn | 300 sec total\n|\n|t:|1783562381\n|switch|p1a: Volbeat|Volbeat, L90, M|231/263 psn\n|move|p2a: Bisharp|Iron Head|p1a: Volbeat\n|-damage|p1a: Volbeat|126/263 psn\n|\n|-damage|p1a: Volbeat|94/263 psn|[from] psn\n|upkeep\n|turn|33\n|inactive|Time left: 300 sec this turn | 300 sec total\n|\n|t:|1783562382\n|move|p1a: Volbeat|Roost|p1a: Volbeat\n|-heal|p1a: Volbeat|226/263 psn\n|-singleturn|p1a: Volbeat|move: Roost\n|cant|p2a: Bisharp|par\n|\n|-damage|p1a: Volbeat|194/263 psn|[from] psn\n|upkeep\n|turn|34\n|inactive|Time left: 300 sec this turn | 300 sec total\n|\n|t:|1783562383\n|move|p1a: Volbeat|Roost|p1a: Volbeat\n|-heal|p1a: Volbeat|263/263 psn\n|-singleturn|p1a: Volbeat|move: Roost\n|move|p2a: Bisharp|Iron Head|p1a: Volbeat\n|-damage|p1a: Volbeat|166/263 psn\n|\n|-damage|p1a: Volbeat|134/263 psn|[from] psn\n|upkeep\n|turn|35\n|inactive|Time left: 300 sec this turn | 300 sec total\n|\n|t:|1783562384\n|move|p1a: Volbeat|Roost|p1a: Volbeat\n|-heal|p1a: Volbeat|263/263 psn\n|-singleturn|p1a: Volbeat|move: Roost\n|move|p2a: Bisharp|Iron Head|p1a: Volbeat\n|-damage|p1a: Volbeat|169/263 psn\n|\n|-damage|p1a: Volbeat|137/263 psn|[from] psn\n|upkeep\n|turn|36\n|inactive|Time left: 300 sec this turn | 300 sec total\n|\n|t:|1783562385\n|move|p1a: Volbeat|Roost|p1a: Volbeat\n|-heal|p1a: Volbeat|263/263 psn\n|-singleturn|p1a: Volbeat|move: Roost\n|move|p2a: Bisharp|Throat Chop|p1a: Volbeat\n|-damage|p1a: Volbeat|169/263 psn\n|-start|p1a: Volbeat|Throat Chop|[silent]\n|\n|-damage|p1a: Volbeat|137/263 psn|[from] psn\n|upkeep\n|turn|37\n|inactive|Time left: 300 sec this turn | 300 sec total\n|\n|t:|1783562386\n|switch|p1a: Cyclizar|Cyclizar, L84, M|229/255\n|move|p2a: Bisharp|Throat Chop|p1a: Cyclizar\n|-crit|p1a: Cyclizar\n|-damage|p1a: Cyclizar|49/255\n|-start|p1a: Cyclizar|Throat Chop|[silent]\n|\n|upkeep\n|turn|38\n|inactive|Time left: 300 sec this turn | 300 sec total\n|\n|t:|1783562387\n|switch|p1a: Volbeat|Volbeat, L90, M|137/263 psn\n|cant|p2a: Bisharp|par\n|\n|-damage|p1a: Volbeat|105/263 psn|[from] psn\n|upkeep\n|turn|39\n|inactive|Time left: 300 sec this turn | 300 sec total\n|\n|t:|1783562388\n|switch|p1a: Cyclizar|Cyclizar, L84, M|134/255\n|move|p2a: Bisharp|Iron Head|p1a: Cyclizar\n|-damage|p1a: Cyclizar|22/255\n|\n|upkeep\n|turn|40\n|inactive|Time left: 300 sec this turn | 300 sec total\n|\n|t:|1783562389\n|move|p1a: Cyclizar|Draco Meteor|p2a: Bisharp\n|-damage|p2a: Bisharp|35/100 par\n|-unboost|p1a: Cyclizar|spa|2\n|cant|p2a: Bisharp|par\n|\n|upkeep\n|turn|41\n|inactive|Time left: 300 sec this turn | 300 sec total\n|\n|t:|1783562390\n|switch|p1a: Volbeat|Volbeat, L90, M|105/263 psn\n|move|p2a: Bisharp|Iron Head|p1a: Volbeat\n|-damage|p1a: Volbeat|8/263 psn\n|\n|-damage|p1a: Volbeat|0 fnt|[from] psn\n|faint|p1a: Volbeat\n|upkeep\n|inactive|Time left: 300 sec this turn | 300 sec total | 5 sec grace\n|\n|t:|1783562390\n|switch|p1a: Cyclizar|Cyclizar, L84, M|107/255\n|turn|42\n|inactive|Time left: 300 sec this turn | 300 sec total\n|\n|t:|1783562391\n|switch|p2a: Cacturne|Cacturne, L92, M|100/100\n|move|p1a: Cyclizar|Rapid Spin|p2a: Cacturne\n|-damage|p2a: Cacturne|78/100\n|-boost|p1a: Cyclizar|spe|1\n|\n|upkeep\n|turn|43\n|inactive|Time left: 300 sec this turn | 300 sec total\n|\n|t:|1783562392\n|move|p1a: Cyclizar|Shed Tail|p1a: Cyclizar\n|-fail|p1a: Cyclizar\n|move|p2a: Cacturne|Knock Off|p1a: Cyclizar\n|-damage|p1a: Cyclizar|0 fnt\n|-enditem|p1a: Cyclizar|Heavy-Duty Boots|[from] move: Knock Off|[of] p2a: Cacturne\n|faint|p1a: Cyclizar\n|-damage|p2a: Cacturne|68/100|[from] item: Life Orb\n|\n|win|p0y1931a25e", "uploadtime": 1783562392, "views": 0, "rating": 0, "private": 0, "password": null, "_winner": "p0y1931a25e", "_our_name": "p0x193184a0"}