{"id": "battle-gen9randombattle-334", "formatid": "gen9randombattle", "format": "[Gen 9] Random Battle", "players": ["p0x334ccf8", "p0y334450c"], "log": "|init|battle\n|title|p0x334ccf8 vs. p0y334450c\n|j|\u2606p0x334ccf8\n|j|\u2606p0y334450c\n|t:|1783542955\n|gametype|singles\n|player|p1|p0x334ccf8|2|\n|player|p2|p0y334450c|170|\n|gen|9\n|tier|[Gen 9] Random Battle\n|rule|Species Clause: Limit one of each Pok\u00e9mon\n|rule|HP Percentage Mod: HP is shown in percentages\n|rule|Sleep Clause Mod: Limit one foe put to sleep\n|rule|Illusion Level Mod: Illusion disguises the Pok\u00e9mon's true level\n|\n|t:|1783542955\n|teamsize|p1|6\n|teamsize|p2|6\n|start\n|switch|p1a: Vikavolt|Vikavolt, L83, F|263/263\n|switch|p2a: Furret|Furret, L94, M|100/100\n|-item|p1a: Vikavolt|Heavy-Duty Boots|[from] ability: Frisk|[of] p2a: Furret\n|turn|1\n|inactive|Battle timer is ON: inactive players will automatically lose when time's up. (requested by p0y334450c)\n|inactive|Time left: 300 sec this turn | 300 sec total | 60 sec grace\n|inactive|p0x334ccf8 also wants the timer to be on.\n|\n|t:|1783542957\n|move|p2a: Furret|Double-Edge|p1a: Vikavolt\n|-damage|p1a: Vikavolt|61/263\n|-damage|p2a: Furret|79/100|[from] Recoil\n|move|p1a: Vikavolt|Sticky Web|p2a: Furret\n|-sidestart|p2: p0y334450c|move: Sticky Web\n|\n|upkeep\n|turn|2\n|inactive|Time left: 300 sec this turn | 300 sec total\n|\n|t:|1783542958\n|switch|p1a: Basculegion|Basculegion-F, L83, F|335/335\n|move|p2a: Furret|Double-Edge|p1a: Basculegion\n|-immune|p1a: Basculegion\n|\n|upkeep\n|turn|3\n|inactive|Time left: 300 sec this turn | 300 sec total\n|\n|t:|1783542959\n|move|p2a: Furret|Double-Edge|p1a: Basculegion\n|-immune|p1a: Basculegion\n|move|p1a: Basculegion|Hydro Pump|p2a: Furret\n|-damage|p2a: Furret|0 fnt\n|faint|p2a: Furret\n|\n|upkeep\n|\n|t:|1783542961\n|switch|p2a: Grafaiai|Grafaiai, L86, M|100/100\n|turn|4\n|inactive|Time left: 300 sec this turn | 300 sec total\n|\n|t:|1783542962\n|move|p2a: Grafaiai|Knock Off|p1a: Basculegion\n|-supereffective|p1a: Basculegion\n|-crit|p1a: Basculegion\n|-damage|p1a: Basculegion|51/335\n|-enditem|p1a: Basculegion|Choice Specs|[from] move: Knock Off|[of] p2a: Grafaiai\n|move|p1a: Basculegion|Hydro Pump|p2a: Grafaiai\n|-damage|p2a: Grafaiai|27/100\n|\n|upkeep\n|turn|5\n|inactive|Time left: 300 sec this turn | 300 sec total\n|\n|t:|1783542963\n|switch|p1a: Urshifu|Urshifu, L74, M|270/270\n|move|p2a: Grafaiai|Knock Off|p1a: Urshifu\n|-resisted|p1a: Urshifu\n|-damage|p1a: Urshifu|251/270\n|-enditem|p1a: Urshifu|Choice Band|[from] move: Knock Off|[of] p2a: Grafaiai\n|\n|upkeep\n|turn|6\n|inactive|Time left: 300 sec this turn | 300 sec total\n|\n|t:|1783542964\n|move|p2a: Grafaiai|Gunk Shot|p1a: Urshifu\n|-damage|p1a: Urshifu|124/270\n|-status|p1a: Urshifu|psn\n|move|p1a: Urshifu|Wicked Blow|p2a: Grafaiai\n|-crit|p2a: Grafaiai\n|-damage|p2a: Grafaiai|0 fnt\n|faint|p2a: Grafaiai\n|\n|-damage|p1a: Urshifu|91/270 psn|[from] psn\n|upkeep\n|\n|t:|1783542965\n|switch|p2a: Scizor|Scizor, L79, M|100/100\n|-activate|p2a: Scizor|move: Sticky Web\n|-unboost|p2a: Scizor|spe|1\n|turn|7\n|inactive|Time left: 300 sec this turn | 300 sec total\n|\n|t:|1783542967\n|move|p1a: Urshifu|Wicked Blow|p2a: Scizor\n|-crit|p2a: Scizor\n|-damage|p2a: Scizor|51/100\n|move|p2a: Scizor|Defog|p1a: Urshifu\n|-unboost|p1a: Urshifu|evasion|1\n|-sideend|p2: p0y334450c|Sticky Web|[from] move: Defog|[of] p2a: Scizor\n|\n|-heal|p2a: Scizor|58/100|[from] item: Leftovers\n|-damage|p1a: Urshifu|58/270 psn|[from] psn\n|upkeep\n|turn|8\n|inactive|Time left: 300 sec this turn | 300 sec total\n|\n|t:|1783542968\n|move|p1a: Urshifu|Close Combat|p2a: Scizor\n|-damage|p2a: Scizor|10/100\n|-unboost|p1a: Urshifu|def|1\n|-unboost|p1a: Urshifu|spd|1\n|move|p2a: Scizor|U-turn|p1a: Urshifu\n|-damage|p1a: Urshifu|0 fnt\n|faint|p1a: Urshifu\n|\n|t:|1783542969\n|switch|p2a: Meowstic|Meowstic-F, L89, F|100/100|[from] U-turn\n|\n|upkeep\n|inactive|Time left: 300 sec this turn | 300 sec total | 10 sec grace\n|\n|t:|1783542970\n|switch|p1a: Perrserker|Perrserker, L89, M|269/269\n|turn|9\n|inactive|Time left: 300 sec this turn | 300 sec total\n|\n|t:|1783542971\n|switch|p2a: Scizor|Scizor, L79, M|10/100\n|move|p1a: Perrserker|Knock Off|p2a: Scizor\n|-damage|p2a: Scizor|0 fnt\n|-enditem|p2a: Scizor|Leftovers|[from] move: Knock Off|[of] p1a: Perrserker\n|faint|p2a: Scizor\n|-damage|p1a: Perrserker|243/269|[from] item: Life Orb\n|\n|upkeep\n|\n|t:|1783542972\n|switch|p2a: Lycanroc|Lycanroc, L86, M|100/100\n|turn|10\n|inactive|Time left: 300 sec this turn | 300 sec total\n|\n|t:|1783542973\n|-terastallize|p1a: Perrserker|Fighting\n|move|p2a: Lycanroc|Close Combat|p1a: Perrserker\n|-damage|p1a: Perrserker|123/269\n|-unboost|p2a: Lycanroc|def|1\n|-unboost|p2a: Lycanroc|spd|1\n|-damage|p2a: Lycanroc|91/100|[from] item: Life Orb\n|move|p1a: Perrserker|Close Combat|p2a: Lycanroc\n|-supereffective|p2a: Lycanroc\n|-damage|p2a: Lycanroc|0 fnt\n|-unboost|p1a: Perrserker|def|1\n|-unboost|p1a: Perrserker|spd|1\n|faint|p2a: Lycanroc\n|-damage|p1a: Perrserker|97/269|[from] item: Life Orb\n|\n|upkeep\n|\n|t:|1783542974\n|switch|p2a: Veluza|Veluza, L85, M|100/100\n|turn|11\n|inactive|Time left: 300 sec this turn | 300 sec total\n|\n|t:|1783542975\n|move|p2a: Veluza|Psycho Cut|p1a: Perrserker\n|-supereffective|p1a: Perrserker\n|-damage|p1a: Perrserker|0 fnt\n|faint|p1a: Perrserker\n|\n|upkeep\n|inactive|Time left: 300 sec this turn | 300 sec total | 5 sec grace\n|\n|t:|1783542976\n|switch|p1a: Basculegion|Basculegion-F, L83, F|51/335\n|turn|12\n|inactive|Time left: 300 sec this turn | 300 sec total\n|\n|t:|1783542977\n|move|p2a: Veluza|Psycho Cut|p1a: Basculegion\n|-damage|p1a: Basculegion|0 fnt\n|faint|p1a: Basculegion\n|\n|upkeep\n|inactive|Time left: 300 sec this turn | 300 sec total | 5 sec grace\n|\n|t:|1783542978\n|switch|p1a: Gastrodon|Gastrodon-East, L86, M|331/331\n|turn|13\n|inactive|Time left: 300 sec this turn | 300 sec total\n|\n|t:|1783542979\n|move|p2a: Veluza|Psycho Cut|p1a: Gastrodon\n|-damage|p1a: Gastrodon|192/331\n|move|p1a: Gastrodon|Recover|p1a: Gastrodon\n|-heal|p1a: Gastrodon|331/331\n|\n|upkeep\n|turn|14\n|inactive|Time left: 300 sec this turn | 300 sec total\n|\n|t:|1783542980\n|move|p2a: Veluza|Psycho Cut|p1a: Gastrodon\n|-damage|p1a: Gastrodon|196/331\n|move|p1a: Gastrodon|Recover|p1a: Gastrodon\n|-heal|p1a: Gastrodon|331/331\n|\n|upkeep\n|turn|15\n|inactive|Time left: 300 sec this turn | 300 sec total\n|\n|t:|1783542981\n|move|p2a: Veluza|Psycho Cut|p1a: Gastrodon\n|-damage|p1a: Gastrodon|177/331\n|move|p1a: Gastrodon|Recover|p1a: Gastrodon\n|-heal|p1a: Gastrodon|331/331\n|\n|upkeep\n|turn|16\n|inactive|Time left: 300 sec this turn | 300 sec total\n|\n|t:|1783542982\n|move|p2a: Veluza|Psycho Cut|p1a: Gastrodon\n|-crit|p1a: Gastrodon\n|-damage|p1a: Gastrodon|106/331\n|move|p1a: Gastrodon|Recover|p1a: Gastrodon\n|-heal|p1a: Gastrodon|272/331\n|\n|-heal|p1a: Gastrodon|292/331|[from] item: Leftovers\n|upkeep\n|turn|17\n|inactive|Time left: 300 sec this turn | 300 sec total\n|\n|t:|1783542983\n|move|p2a: Veluza|Psycho Cut|p1a: Gastrodon\n|-crit|p1a: Gastrodon\n|-damage|p1a: Gastrodon|76/331\n|move|p1a: Gastrodon|Recover|p1a: Gastrodon\n|-heal|p1a: Gastrodon|242/331\n|\n|-heal|p1a: Gastrodon|262/331|[from] item: Leftovers\n|upkeep\n|turn|18\n|inactive|Time left: 300 sec this turn | 300 sec total\n|\n|t:|1783542984\n|move|p2a: Veluza|Psycho Cut|p1a: Gastrodon\n|-damage|p1a: Gastrodon|111/331\n|move|p1a: Gastrodon|Recover|p1a: Gastrodon\n|-heal|p1a: Gastrodon|277/331\n|\n|-heal|p1a: Gastrodon|297/331|[from] item: Leftovers\n|upkeep\n|turn|19\n|inactive|Time left: 300 sec this turn | 300 sec total\n|\n|t:|1783542985\n|move|p2a: Veluza|Psycho Cut|p1a: Gastrodon\n|-damage|p1a: Gastrodon|150/331\n|move|p1a: Gastrodon|Recover|p1a: Gastrodon\n|-heal|p1a: Gastrodon|316/331\n|\n|-heal|p1a: Gastrodon|331/331|[from] item: Leftovers\n|upkeep\n|turn|20\n|inactive|Time left: 300 sec this turn | 300 sec total\n|\n|t:|1783542986\n|move|p2a: Veluza|Psycho Cut|p1a: Gastrodon\n|-damage|p1a: Gastrodon|187/331\n|move|p1a: Gastrodon|Recover|p1a: Gastrodon\n|-heal|p1a: Gastrodon|331/331\n|\n|upkeep\n|turn|21\n|inactive|Time left: 300 sec this turn | 300 sec total\n|\n|t:|1783542987\n|move|p2a: Veluza|Psycho Cut|p1a: Gastrodon\n|-damage|p1a: Gastrodon|195/331\n|move|p1a: Gastrodon|Earthquake|p2a: Veluza\n|-damage|p2a: Veluza|62/100\n|\n|-heal|p1a: Gastrodon|215/331|[from] item: Leftovers\n|upkeep\n|turn|22\n|inactive|Time left: 300 sec this turn | 300 sec total\n|\n|t:|1783542989\n|move|p2a: Veluza|Psycho Cut|p1a: Gastrodon\n|-damage|p1a: Gastrodon|67/331\n|move|p1a: Gastrodon|Ice Beam|p2a: Veluza\n|-resisted|p2a: Veluza\n|-damage|p2a: Veluza|50/100\n|\n|-heal|p1a: Gastrodon|87/331|[from] item: Leftovers\n|upkeep\n|turn|23\n|inactive|Time left: 300 sec this turn | 300 sec total\n|\n|t:|1783542990\n|move|p2a: Veluza|Psycho Cut|p1a: Gastrodon\n|-damage|p1a: Gastrodon|0 fnt\n|faint|p1a: Gastrodon\n|\n|upkeep\n|inactive|Time left: 300 sec this turn | 300 sec total | 5 sec grace\n|\n|t:|1783542990\n|switch|p1a: Vikavolt|Vikavolt, L83, F|61/263\n|turn|24\n|inactive|Time left: 300 sec this turn | 300 sec total\n|\n|t:|1783542991\n|move|p2a: Veluza|Psycho Cut|p1a: Vikavolt\n|-damage|p1a: Vikavolt|0 fnt\n|faint|p1a: Vikavolt\n|\n|upkeep\n|inactive|Time left: 300 sec this turn | 300 sec total | 5 sec grace\n|\n|t:|1783542992\n|switch|p1a: Gurdurr|Gurdurr, L85, F|283/283\n|turn|25\n|inactive|Time left: 300 sec this turn | 300 sec total\n|\n|t:|1783542993\n|move|p2a: Veluza|Psycho Cut|p1a: Gurdurr\n|-supereffective|p1a: Gurdurr\n|-crit|p1a: Gurdurr\n|-damage|p1a: Gurdurr|23/283\n|move|p1a: Gurdurr|Bulk Up|p1a: Gurdurr\n|-boost|p1a: Gurdurr|atk|1\n|-boost|p1a: Gurdurr|def|1\n|\n|upkeep\n|turn|26\n|inactive|Time left: 300 sec this turn | 300 sec total\n|\n|t:|1783542994\n|-terastallize|p2a: Veluza|Dark\n|move|p2a: Veluza|Psycho Cut|p1a: Gurdurr\n|-supereffective|p1a: Gurdurr\n|-damage|p1a: Gurdurr|0 fnt\n|faint|p1a: Gurdurr\n|\n|win|p0y334450c", "uploadtime": 1783542994, "views": 0, "rating": 0, "private": 0, "password": null, "_winner": "p0y334450c", "_our_name": "p0x334ccf8"}