{"id": "battle-gen9randombattle-137", "formatid": "gen9randombattle", "format": "[Gen 9] Random Battle", "players": ["p0x1378f0e", "p0y13744c9"], "log": "|init|battle\n|title|p0x1378f0e vs. p0y13744c9\n|j|\u2606p0x1378f0e\n|j|\u2606p0y13744c9\n|t:|1783540745\n|gametype|singles\n|player|p1|p0x1378f0e|266|\n|player|p2|p0y13744c9|266|\n|gen|9\n|tier|[Gen 9] Random Battle\n|rule|Species Clause: Limit one of each Pok\u00e9mon\n|rule|HP Percentage Mod: HP is shown in percentages\n|rule|Sleep Clause Mod: Limit one foe put to sleep\n|rule|Illusion Level Mod: Illusion disguises the Pok\u00e9mon's true level\n|\n|t:|1783540745\n|teamsize|p1|6\n|teamsize|p2|6\n|start\n|switch|p1a: Tinkaton|Tinkaton, L82, F|274/274\n|switch|p2a: Chimecho|Chimecho, L93, M|100/100\n|-ability|p1a: Tinkaton|Mold Breaker\n|turn|1\n|inactive|Battle timer is ON: inactive players will automatically lose when time's up. (requested by p0x1378f0e)\n|inactive|p0y13744c9 also wants the timer to be on.\n|\n|t:|1783540747\n|switch|p2a: Rhyperior|Rhyperior, L82, M|100/100\n|move|p1a: Tinkaton|Stealth Rock|p2a: Rhyperior\n|-sidestart|p2: p0y13744c9|move: Stealth Rock\n|\n|upkeep\n|turn|2\n|inactive|Time left: 300 sec this turn | 300 sec total\n|\n|t:|1783540748\n|switch|p1a: Porygon-Z|Porygon-Z, L83|277/277\n|-ability|p1a: Porygon-Z|Download|boost\n|-boost|p1a: Porygon-Z|spa|1\n|move|p2a: Rhyperior|Earthquake|p1a: Porygon-Z\n|-damage|p1a: Porygon-Z|124/277\n|\n|upkeep\n|turn|3\n|inactive|Time left: 300 sec this turn | 300 sec total\n|\n|t:|1783540749\n|move|p1a: Porygon-Z|Ice Beam|p2a: Rhyperior\n|-supereffective|p2a: Rhyperior\n|-damage|p2a: Rhyperior|0 fnt\n|faint|p2a: Rhyperior\n|\n|upkeep\n|\n|t:|1783540749\n|switch|p2a: Floatzel|Floatzel, L86, F|100/100\n|-damage|p2a: Floatzel|88/100|[from] Stealth Rock\n|turn|4\n|inactive|Time left: 300 sec this turn | 300 sec total\n|\n|t:|1783540751\n|move|p2a: Floatzel|Wave Crash|p1a: Porygon-Z\n|-damage|p1a: Porygon-Z|0 fnt\n|faint|p1a: Porygon-Z\n|-damage|p2a: Floatzel|74/100|[from] Recoil\n|\n|upkeep\n|inactive|Time left: 300 sec this turn | 300 sec total | 5 sec grace\n|\n|t:|1783540751\n|switch|p1a: Regieleki|Regieleki, L79|256/256\n|turn|5\n|inactive|Time left: 300 sec this turn | 300 sec total\n|\n|t:|1783540753\n|switch|p2a: Giratina|Giratina-Origin, L72|100/100\n|-damage|p2a: Giratina|88/100|[from] Stealth Rock\n|move|p1a: Regieleki|Thunderbolt|p2a: Giratina\n|-resisted|p2a: Giratina\n|-damage|p2a: Giratina|68/100\n|\n|upkeep\n|turn|6\n|inactive|Time left: 300 sec this turn | 300 sec total\n|\n|t:|1783540754\n|move|p1a: Regieleki|Volt Switch|p2a: Giratina\n|-resisted|p2a: Giratina\n|-damage|p2a: Giratina|50/100\n|inactive|Time left: 300 sec this turn | 300 sec total | 5 sec grace\n|\n|t:|1783540755\n|switch|p1a: Mamoswine|Mamoswine, L81, F|311/311|[from] Volt Switch\n|move|p2a: Giratina|Poltergeist|p1a: Mamoswine\n|-activate|p1a: Mamoswine|move: Poltergeist|Choice Band\n|-damage|p1a: Mamoswine|178/311\n|\n|upkeep\n|turn|7\n|inactive|Time left: 300 sec this turn | 300 sec total\n|\n|t:|1783540756\n|move|p1a: Mamoswine|Icicle Crash|p2a: Giratina\n|-supereffective|p2a: Giratina\n|-damage|p2a: Giratina|0 fnt\n|faint|p2a: Giratina\n|\n|upkeep\n|\n|t:|1783540757\n|switch|p2a: Floatzel|Floatzel, L86, F|74/100\n|-damage|p2a: Floatzel|62/100|[from] Stealth Rock\n|turn|8\n|inactive|Time left: 300 sec this turn | 300 sec total\n|\n|t:|1783540758\n|switch|p1a: Comfey|Comfey, L85, M|225/225\n|move|p2a: Floatzel|Wave Crash|p1a: Comfey\n|-damage|p1a: Comfey|14/225\n|-damage|p2a: Floatzel|37/100|[from] Recoil\n|\n|-heal|p1a: Comfey|28/225|[from] item: Leftovers\n|upkeep\n|turn|9\n|inactive|Time left: 300 sec this turn | 300 sec total\n|\n|t:|1783540760\n|switch|p2a: Chimecho|Chimecho, L93, M|100/100\n|-damage|p2a: Chimecho|88/100|[from] Stealth Rock\n|move|p1a: Comfey|Giga Drain|p2a: Chimecho\n|-damage|p2a: Chimecho|74/100\n|-heal|p1a: Comfey|49/225|[from] drain|[of] p2a: Chimecho\n|\n|-heal|p1a: Comfey|63/225|[from] item: Leftovers\n|-heal|p2a: Chimecho|80/100|[from] item: Leftovers\n|upkeep\n|turn|10\n|inactive|Time left: 300 sec this turn | 300 sec total\n|\n|t:|1783540761\n|move|p1a: Comfey|Calm Mind|p1a: Comfey\n|-boost|p1a: Comfey|spa|1\n|-boost|p1a: Comfey|spd|1\n|move|p2a: Chimecho|Calm Mind|p2a: Chimecho\n|-boost|p2a: Chimecho|spa|1\n|-boost|p2a: Chimecho|spd|1\n|\n|-heal|p1a: Comfey|77/225|[from] item: Leftovers\n|-heal|p2a: Chimecho|86/100|[from] item: Leftovers\n|upkeep\n|turn|11\n|inactive|Time left: 300 sec this turn | 300 sec total\n|\n|t:|1783540762\n|move|p1a: Comfey|Calm Mind|p1a: Comfey\n|-boost|p1a: Comfey|spa|1\n|-boost|p1a: Comfey|spd|1\n|move|p2a: Chimecho|Psychic Noise|p1a: Comfey\n|-damage|p1a: Comfey|20/225\n|-start|p1a: Comfey|move: Heal Block\n|\n|-heal|p2a: Chimecho|92/100|[from] item: Leftovers\n|upkeep\n|turn|12\n|inactive|Time left: 300 sec this turn | 300 sec total\n|\n|t:|1783540763\n|switch|p1a: Tinkaton|Tinkaton, L82, F|274/274\n|-ability|p1a: Tinkaton|Mold Breaker\n|move|p2a: Chimecho|Psychic Noise|p1a: Tinkaton\n|-resisted|p1a: Tinkaton\n|-damage|p1a: Tinkaton|212/274\n|-start|p1a: Tinkaton|move: Heal Block\n|\n|-heal|p2a: Chimecho|98/100|[from] item: Leftovers\n|upkeep\n|turn|13\n|inactive|Time left: 300 sec this turn | 300 sec total\n|\n|t:|1783540765\n|move|p1a: Tinkaton|Gigaton Hammer|p2a: Chimecho\n|-damage|p2a: Chimecho|54/100\n|move|p2a: Chimecho|Psychic Noise|p1a: Tinkaton\n|-resisted|p1a: Tinkaton\n|-damage|p1a: Tinkaton|153/274\n|\n|-heal|p2a: Chimecho|60/100|[from] item: Leftovers\n|-end|p1a: Tinkaton|move: Heal Block\n|upkeep\n|turn|14\n|inactive|Time left: 300 sec this turn | 300 sec total\n|\n|t:|1783540766\n|move|p1a: Tinkaton|Play Rough|p2a: Chimecho\n|-damage|p2a: Chimecho|34/100\n|move|p2a: Chimecho|Recover|p2a: Chimecho\n|-heal|p2a: Chimecho|84/100\n|\n|-heal|p1a: Tinkaton|170/274|[from] item: Leftovers\n|-heal|p2a: Chimecho|90/100|[from] item: Leftovers\n|upkeep\n|turn|15\n|inactive|Time left: 300 sec this turn | 300 sec total\n|\n|t:|1783540767\n|move|p1a: Tinkaton|Gigaton Hammer|p2a: Chimecho\n|-damage|p2a: Chimecho|46/100\n|move|p2a: Chimecho|Psychic Noise|p1a: Tinkaton\n|-resisted|p1a: Tinkaton\n|-damage|p1a: Tinkaton|100/274\n|-start|p1a: Tinkaton|move: Heal Block\n|\n|-heal|p2a: Chimecho|52/100|[from] item: Leftovers\n|upkeep\n|turn|16\n|inactive|Time left: 300 sec this turn | 300 sec total\n|\n|t:|1783540769\n|move|p1a: Tinkaton|Play Rough|p2a: Chimecho\n|-damage|p2a: Chimecho|28/100\n|move|p2a: Chimecho|Recover|p2a: Chimecho\n|-heal|p2a: Chimecho|78/100\n|\n|-heal|p2a: Chimecho|84/100|[from] item: Leftovers\n|-end|p1a: Tinkaton|move: Heal Block\n|upkeep\n|turn|17\n|inactive|Time left: 300 sec this turn | 300 sec total\n|\n|t:|1783540770\n|move|p1a: Tinkaton|Thunder Wave|p2a: Chimecho\n|-status|p2a: Chimecho|par\n|move|p2a: Chimecho|Psychic Noise|p1a: Tinkaton\n|-resisted|p1a: Tinkaton\n|-damage|p1a: Tinkaton|30/274\n|-start|p1a: Tinkaton|move: Heal Block\n|\n|-heal|p2a: Chimecho|90/100 par|[from] item: Leftovers\n|upkeep\n|turn|18\n|inactive|Time left: 300 sec this turn | 300 sec total\n|\n|t:|1783540771\n|move|p1a: Tinkaton|Gigaton Hammer|p2a: Chimecho\n|-damage|p2a: Chimecho|49/100 par\n|move|p2a: Chimecho|Dazzling Gleam|p1a: Tinkaton\n|-resisted|p1a: Tinkaton\n|-damage|p1a: Tinkaton|0 fnt\n|faint|p1a: Tinkaton\n|\n|-heal|p2a: Chimecho|55/100 par|[from] item: Leftovers\n|upkeep\n|inactive|Time left: 300 sec this turn | 300 sec total | 5 sec grace\n|\n|t:|1783540772\n|switch|p1a: Mamoswine|Mamoswine, L81, F|178/311\n|turn|19\n|inactive|Time left: 300 sec this turn | 300 sec total\n|\n|t:|1783540773\n|move|p1a: Mamoswine|Knock Off|p2a: Chimecho\n|-supereffective|p2a: Chimecho\n|-damage|p2a: Chimecho|0 fnt\n|-enditem|p2a: Chimecho|Leftovers|[from] move: Knock Off|[of] p1a: Mamoswine\n|faint|p2a: Chimecho\n|\n|upkeep\n|\n|t:|1783540774\n|switch|p2a: Cinccino|Cinccino, L83, M|100/100\n|-damage|p2a: Cinccino|88/100|[from] Stealth Rock\n|turn|20\n|inactive|Time left: 300 sec this turn | 300 sec total\n|\n|t:|1783540775\n|move|p2a: Cinccino|Tidy Up|p2a: Cinccino\n|-sideend|p2: p0y13744c9|Stealth Rock\n|-activate|p2a: Cinccino|move: Tidy Up\n|-boost|p2a: Cinccino|atk|1\n|-boost|p2a: Cinccino|spe|1\n|move|p1a: Mamoswine|Knock Off|p2a: Cinccino\n|-damage|p2a: Cinccino|25/100\n|-enditem|p2a: Cinccino|Loaded Dice|[from] move: Knock Off|[of] p1a: Mamoswine\n|\n|upkeep\n|turn|21\n|inactive|Time left: 300 sec this turn | 300 sec total\n|\n|t:|1783540776\n|switch|p1a: Comfey|Comfey, L85, M|20/225\n|move|p2a: Cinccino|Tail Slap|p1a: Comfey|[miss]\n|-miss|p2a: Cinccino|p1a: Comfey\n|\n|-heal|p1a: Comfey|34/225|[from] item: Leftovers\n|upkeep\n|turn|22\n|inactive|Time left: 300 sec this turn | 300 sec total\n|\n|t:|1783540777\n|move|p1a: Comfey|Draining Kiss|p2a: Cinccino\n|-damage|p2a: Cinccino|0 fnt\n|-heal|p1a: Comfey|83/225|[from] drain|[of] p2a: Cinccino\n|faint|p2a: Cinccino\n|\n|-heal|p1a: Comfey|97/225|[from] item: Leftovers\n|upkeep\n|\n|t:|1783540778\n|switch|p2a: Hypno|Hypno, L95, F|100/100\n|turn|23\n|inactive|Time left: 300 sec this turn | 300 sec total\n|\n|t:|1783540779\n|move|p1a: Comfey|Calm Mind|p1a: Comfey\n|-boost|p1a: Comfey|spa|1\n|-boost|p1a: Comfey|spd|1\n|move|p2a: Hypno|Psychic Noise|p1a: Comfey\n|-damage|p1a: Comfey|51/225\n|-start|p1a: Comfey|move: Heal Block\n|\n|upkeep\n|turn|24\n|inactive|Time left: 300 sec this turn | 300 sec total\n|\n|t:|1783540781\n|move|p1a: Comfey|Tera Blast|p2a: Hypno\n|-damage|p2a: Hypno|82/100\n|move|p2a: Hypno|Knock Off|p1a: Comfey\n|-resisted|p1a: Comfey\n|-damage|p1a: Comfey|17/225\n|-enditem|p1a: Comfey|Leftovers|[from] move: Knock Off|[of] p2a: Hypno\n|\n|-heal|p2a: Hypno|88/100|[from] item: Leftovers\n|-end|p1a: Comfey|move: Heal Block\n|upkeep\n|turn|25\n|inactive|Time left: 300 sec this turn | 300 sec total\n|\n|t:|1783540782\n|move|p1a: Comfey|Draining Kiss|p2a: Hypno\n|-damage|p2a: Hypno|72/100\n|-heal|p1a: Comfey|55/225|[from] drain|[of] p2a: Hypno\n|move|p2a: Hypno|Psychic Noise|p1a: Comfey\n|-damage|p1a: Comfey|9/225\n|-start|p1a: Comfey|move: Heal Block\n|\n|-heal|p2a: Hypno|78/100|[from] item: Leftovers\n|upkeep\n|turn|26\n|inactive|Time left: 300 sec this turn | 300 sec total\n|\n|t:|1783540783\n|move|p1a: Comfey|Tera Blast|p2a: Hypno\n|-damage|p2a: Hypno|61/100\n|move|p2a: Hypno|Psychic Noise|p1a: Comfey\n|-damage|p1a: Comfey|0 fnt\n|faint|p1a: Comfey\n|\n|-heal|p2a: Hypno|67/100|[from] item: Leftovers\n|upkeep\n|inactive|Time left: 300 sec this turn | 300 sec total | 5 sec grace\n|\n|t:|1783540784\n|switch|p1a: Mamoswine|Mamoswine, L81, F|178/311\n|turn|27\n|inactive|Time left: 300 sec this turn | 300 sec total\n|\n|t:|1783540785\n|move|p2a: Hypno|Knock Off|p1a: Mamoswine\n|-damage|p1a: Mamoswine|99/311\n|-enditem|p1a: Mamoswine|Choice Band|[from] move: Knock Off|[of] p2a: Hypno\n|move|p1a: Mamoswine|Knock Off|p2a: Hypno\n|-supereffective|p2a: Hypno\n|-crit|p2a: Hypno\n|-damage|p2a: Hypno|0 fnt\n|-enditem|p2a: Hypno|Leftovers|[from] move: Knock Off|[of] p1a: Mamoswine\n|faint|p2a: Hypno\n|\n|upkeep\n|\n|t:|1783540786\n|switch|p2a: Floatzel|Floatzel, L86, F|37/100\n|turn|28\n|inactive|Time left: 300 sec this turn | 300 sec total\n|\n|t:|1783540787\n|-terastallize|p2a: Floatzel|Water\n|-terastallize|p1a: Mamoswine|Ice\n|move|p2a: Floatzel|Crunch|p1a: Mamoswine\n|-crit|p1a: Mamoswine\n|-damage|p1a: Mamoswine|0 fnt\n|faint|p1a: Mamoswine\n|\n|upkeep\n|inactive|Time left: 300 sec this turn | 300 sec total | 5 sec grace\n|\n|t:|1783540788\n|switch|p1a: Regieleki|Regieleki, L79|256/256\n|turn|29\n|inactive|Time left: 300 sec this turn | 300 sec total\n|\n|t:|1783540788\n|move|p1a: Regieleki|Volt Switch|p2a: Floatzel\n|-supereffective|p2a: Floatzel\n|-damage|p2a: Floatzel|0 fnt\n|faint|p2a: Floatzel\n|\n|win|p0x1378f0e", "uploadtime": 1783540788, "views": 0, "rating": 0, "private": 0, "password": null, "_winner": "p0x1378f0e", "_our_name": "p0x1378f0e"}