{"id": "battle-gen9randombattle-1039", "formatid": "gen9randombattle", "format": "[Gen 9] Random Battle", "players": ["p0x10397e86", "p0y1039e155"], "log": "|init|battle\n|title|p0x10397e86 vs. p0y1039e155\n|j|\u2606p0x10397e86\n|j|\u2606p0y1039e155\n|t:|1783551948\n|gametype|singles\n|player|p1|p0x10397e86|265|\n|player|p2|p0y1039e155|1|\n|gen|9\n|tier|[Gen 9] Random Battle\n|rule|Species Clause: Limit one of each Pok\u00e9mon\n|rule|HP Percentage Mod: HP is shown in percentages\n|rule|Sleep Clause Mod: Limit one foe put to sleep\n|rule|Illusion Level Mod: Illusion disguises the Pok\u00e9mon's true level\n|\n|t:|1783551948\n|teamsize|p1|6\n|teamsize|p2|6\n|start\n|switch|p1a: Phione|Phione, L91|100/100\n|switch|p2a: Hydrapple|Hydrapple, L83, M|312/312\n|turn|1\n|inactive|Battle timer is ON: inactive players will automatically lose when time's up. (requested by p0y1039e155)\n|inactive|p0x10397e86 also wants the timer to be on.\n|\n|t:|1783551949\n|move|p1a: Phione|Ice Beam|p2a: Hydrapple\n|-supereffective|p2a: Hydrapple\n|-damage|p2a: Hydrapple|44/312\n|move|p2a: Hydrapple|Fickle Beam|p1a: Phione\n|-damage|p1a: Phione|51/100\n|\n|-heal|p1a: Phione|57/100|[from] item: Leftovers\n|upkeep\n|turn|2\n|inactive|Time left: 300 sec this turn | 300 sec total\n|\n|t:|1783551950\n|switch|p2a: Alcremie|Alcremie-Ruby-Swirl, L90, F|263/263\n|move|p1a: Phione|Ice Beam|p2a: Alcremie\n|-damage|p2a: Alcremie|218/263\n|\n|-heal|p1a: Phione|64/100|[from] item: Leftovers\n|-heal|p2a: Alcremie|234/263|[from] item: Leftovers\n|upkeep\n|turn|3\n|inactive|Time left: 300 sec this turn | 300 sec total\n|\n|t:|1783551951\n|move|p1a: Phione|Ice Beam|p2a: Alcremie\n|-damage|p2a: Alcremie|187/263\n|move|p2a: Alcremie|Calm Mind|p2a: Alcremie\n|-boost|p2a: Alcremie|spa|1\n|-boost|p2a: Alcremie|spd|1\n|\n|-heal|p1a: Phione|70/100|[from] item: Leftovers\n|-heal|p2a: Alcremie|203/263|[from] item: Leftovers\n|upkeep\n|turn|4\n|inactive|Time left: 300 sec this turn | 300 sec total\n|\n|t:|1783551952\n|switch|p1a: Amoonguss|Amoonguss, L82, M|100/100\n|move|p2a: Alcremie|Alluring Voice|p1a: Amoonguss\n|-resisted|p1a: Amoonguss\n|-damage|p1a: Amoonguss|74/100\n|\n|-heal|p2a: Alcremie|219/263|[from] item: Leftovers\n|-heal|p1a: Amoonguss|80/100|[from] item: Leftovers\n|upkeep\n|turn|5\n|inactive|Time left: 300 sec this turn | 300 sec total\n|\n|t:|1783551953\n|move|p2a: Alcremie|Psyshock|p1a: Amoonguss\n|-supereffective|p1a: Amoonguss\n|-damage|p1a: Amoonguss|2/100\n|move|p1a: Amoonguss|Spore|p2a: Alcremie\n|-status|p2a: Alcremie|slp|[from] move: Spore\n|\n|-heal|p2a: Alcremie|235/263 slp|[from] item: Leftovers\n|-heal|p1a: Amoonguss|8/100|[from] item: Leftovers\n|upkeep\n|turn|6\n|inactive|Time left: 300 sec this turn | 300 sec total\n|\n|t:|1783551954\n|cant|p2a: Alcremie|slp\n|move|p1a: Amoonguss|Sludge Bomb|p2a: Alcremie\n|-supereffective|p2a: Alcremie\n|-damage|p2a: Alcremie|161/263 slp\n|\n|-heal|p2a: Alcremie|177/263 slp|[from] item: Leftovers\n|-heal|p1a: Amoonguss|14/100|[from] item: Leftovers\n|upkeep\n|turn|7\n|inactive|Time left: 300 sec this turn | 300 sec total\n|\n|t:|1783551955\n|switch|p1a: Ampharos|Ampharos, L88, M|100/100\n|cant|p2a: Alcremie|slp\n|\n|-heal|p2a: Alcremie|193/263 slp|[from] item: Leftovers\n|upkeep\n|turn|8\n|inactive|Time left: 300 sec this turn | 300 sec total\n|\n|t:|1783551956\n|cant|p2a: Alcremie|slp\n|move|p1a: Ampharos|Thunderbolt|p2a: Alcremie\n|-damage|p2a: Alcremie|138/263 slp\n|\n|-heal|p2a: Alcremie|154/263 slp|[from] item: Leftovers\n|upkeep\n|turn|9\n|inactive|Time left: 300 sec this turn | 300 sec total\n|\n|t:|1783551957\n|-curestatus|p2a: Alcremie|slp|[msg]\n|move|p2a: Alcremie|Alluring Voice|p1a: Ampharos\n|-damage|p1a: Ampharos|67/100\n|move|p1a: Ampharos|Thunderbolt|p2a: Alcremie\n|-damage|p2a: Alcremie|91/263\n|\n|-heal|p2a: Alcremie|107/263|[from] item: Leftovers\n|upkeep\n|turn|10\n|inactive|Time left: 300 sec this turn | 300 sec total\n|\n|t:|1783551958\n|move|p2a: Alcremie|Recover|p2a: Alcremie\n|-heal|p2a: Alcremie|239/263\n|move|p1a: Ampharos|Thunderbolt|p2a: Alcremie\n|-damage|p2a: Alcremie|185/263\n|\n|-heal|p2a: Alcremie|201/263|[from] item: Leftovers\n|upkeep\n|turn|11\n|inactive|Time left: 300 sec this turn | 300 sec total\n|\n|t:|1783551959\n|move|p2a: Alcremie|Alluring Voice|p1a: Ampharos\n|-damage|p1a: Ampharos|35/100\n|move|p1a: Ampharos|Volt Switch|p2a: Alcremie\n|-damage|p2a: Alcremie|155/263\n|\n|t:|1783551960\n|switch|p1a: Amoonguss|Amoonguss, L82, M|48/100|[from] Volt Switch\n|\n|-heal|p2a: Alcremie|171/263|[from] item: Leftovers\n|-heal|p1a: Amoonguss|54/100|[from] item: Leftovers\n|upkeep\n|turn|12\n|inactive|Time left: 300 sec this turn | 300 sec total\n|\n|t:|1783551961\n|switch|p1a: Comfey|Comfey, L85, M|100/100\n|move|p2a: Alcremie|Psyshock|p1a: Comfey\n|-damage|p1a: Comfey|55/100\n|\n|-heal|p1a: Comfey|61/100|[from] item: Leftovers\n|-heal|p2a: Alcremie|187/263|[from] item: Leftovers\n|upkeep\n|turn|13\n|inactive|Time left: 300 sec this turn | 300 sec total\n|\n|t:|1783551962\n|move|p1a: Comfey|Calm Mind|p1a: Comfey\n|-boost|p1a: Comfey|spa|1\n|-boost|p1a: Comfey|spd|1\n|move|p2a: Alcremie|Alluring Voice|p1a: Comfey\n|-damage|p1a: Comfey|21/100\n|-start|p1a: Comfey|confusion\n|\n|-heal|p1a: Comfey|28/100|[from] item: Leftovers\n|-heal|p2a: Alcremie|203/263|[from] item: Leftovers\n|upkeep\n|turn|14\n|inactive|Time left: 300 sec this turn | 300 sec total\n|\n|t:|1783551963\n|-activate|p1a: Comfey|confusion\n|move|p1a: Comfey|Draining Kiss|p2a: Alcremie\n|-damage|p2a: Alcremie|167/263\n|-heal|p1a: Comfey|40/100|[from] drain|[of] p2a: Alcremie\n|move|p2a: Alcremie|Psyshock|p1a: Comfey\n|-damage|p1a: Comfey|0 fnt\n|faint|p1a: Comfey\n|\n|-heal|p2a: Alcremie|183/263|[from] item: Leftovers\n|upkeep\n|\n|t:|1783551964\n|switch|p1a: Amoonguss|Amoonguss, L82, M|87/100\n|turn|15\n|inactive|Time left: 300 sec this turn | 300 sec total\n|\n|t:|1783551965\n|move|p2a: Alcremie|Psyshock|p1a: Amoonguss\n|-supereffective|p1a: Amoonguss\n|-damage|p1a: Amoonguss|12/100\n|move|p1a: Amoonguss|Spore|p2a: Alcremie\n|-status|p2a: Alcremie|slp|[from] move: Spore\n|\n|-heal|p2a: Alcremie|199/263 slp|[from] item: Leftovers\n|-heal|p1a: Amoonguss|18/100|[from] item: Leftovers\n|upkeep\n|turn|16\n|inactive|Time left: 300 sec this turn | 300 sec total\n|\n|t:|1783551966\n|cant|p2a: Alcremie|slp\n|move|p1a: Amoonguss|Sludge Bomb|p2a: Alcremie\n|-supereffective|p2a: Alcremie\n|-damage|p2a: Alcremie|119/263 slp\n|\n|-heal|p2a: Alcremie|135/263 slp|[from] item: Leftovers\n|-heal|p1a: Amoonguss|24/100|[from] item: Leftovers\n|upkeep\n|turn|17\n|inactive|Time left: 300 sec this turn | 300 sec total\n|\n|t:|1783551967\n|-curestatus|p2a: Alcremie|slp|[msg]\n|move|p2a: Alcremie|Alluring Voice|p1a: Amoonguss\n|-resisted|p1a: Amoonguss\n|-damage|p1a: Amoonguss|0 fnt\n|faint|p1a: Amoonguss\n|\n|-heal|p2a: Alcremie|151/263|[from] item: Leftovers\n|upkeep\n|\n|t:|1783551968\n|switch|p1a: Jolteon|Jolteon, L84, M|100/100\n|turn|18\n|inactive|Time left: 300 sec this turn | 300 sec total\n|\n|t:|1783551969\n|move|p1a: Jolteon|Calm Mind|p1a: Jolteon\n|-boost|p1a: Jolteon|spa|1\n|-boost|p1a: Jolteon|spd|1\n|move|p2a: Alcremie|Psyshock|p1a: Jolteon\n|-damage|p1a: Jolteon|42/100\n|\n|-heal|p1a: Jolteon|48/100|[from] item: Leftovers\n|-heal|p2a: Alcremie|167/263|[from] item: Leftovers\n|upkeep\n|turn|19\n|inactive|Time left: 300 sec this turn | 300 sec total\n|\n|t:|1783551970\n|move|p1a: Jolteon|Thunderbolt|p2a: Alcremie\n|-damage|p2a: Alcremie|92/263\n|move|p2a: Alcremie|Psyshock|p1a: Jolteon\n|-damage|p1a: Jolteon|0 fnt\n|faint|p1a: Jolteon\n|\n|-heal|p2a: Alcremie|108/263|[from] item: Leftovers\n|upkeep\n|\n|t:|1783551971\n|switch|p1a: Eternatus|Eternatus, L69|100/100\n|-ability|p1a: Eternatus|Pressure\n|turn|20\n|inactive|Time left: 300 sec this turn | 300 sec total\n|\n|t:|1783551972\n|move|p1a: Eternatus|Sludge Bomb|p2a: Alcremie\n|-supereffective|p2a: Alcremie\n|-damage|p2a: Alcremie|22/263\n|move|p2a: Alcremie|Recover|p2a: Alcremie\n|-heal|p2a: Alcremie|154/263\n|\n|-heal|p2a: Alcremie|170/263|[from] item: Leftovers\n|upkeep\n|turn|21\n|inactive|Time left: 300 sec this turn | 300 sec total\n|\n|t:|1783551973\n|move|p1a: Eternatus|Sludge Bomb|p2a: Alcremie\n|-supereffective|p2a: Alcremie\n|-damage|p2a: Alcremie|86/263\n|move|p2a: Alcremie|Psyshock|p1a: Eternatus\n|-supereffective|p1a: Eternatus\n|-damage|p1a: Eternatus|18/100\n|\n|-heal|p2a: Alcremie|102/263|[from] item: Leftovers\n|upkeep\n|turn|22\n|inactive|Time left: 300 sec this turn | 300 sec total\n|\n|t:|1783551974\n|move|p1a: Eternatus|Sludge Bomb|p2a: Alcremie\n|-supereffective|p2a: Alcremie\n|-damage|p2a: Alcremie|10/263\n|move|p2a: Alcremie|Recover|p2a: Alcremie\n|-heal|p2a: Alcremie|142/263\n|\n|-heal|p2a: Alcremie|158/263|[from] item: Leftovers\n|upkeep\n|turn|23\n|inactive|Time left: 300 sec this turn | 300 sec total\n|\n|t:|1783551975\n|move|p1a: Eternatus|Sludge Bomb|p2a: Alcremie\n|-supereffective|p2a: Alcremie\n|-crit|p2a: Alcremie\n|-damage|p2a: Alcremie|0 fnt\n|faint|p2a: Alcremie\n|\n|upkeep\n|inactive|Time left: 300 sec this turn | 300 sec total | 5 sec grace\n|\n|t:|1783551976\n|switch|p2a: Gyarados|Gyarados, L79, M|280/280\n|-ability|p2a: Gyarados|Intimidate|boost\n|-unboost|p1a: Eternatus|atk|1\n|turn|24\n|inactive|Time left: 300 sec this turn | 300 sec total\n|\n|t:|1783551978\n|move|p1a: Eternatus|Recover|p1a: Eternatus\n|-heal|p1a: Eternatus|68/100\n|move|p2a: Gyarados|Dragon Dance|p2a: Gyarados\n|-boost|p2a: Gyarados|atk|1\n|-boost|p2a: Gyarados|spe|1\n|\n|upkeep\n|turn|25\n|inactive|Time left: 300 sec this turn | 300 sec total\n|\n|t:|1783551979\n|switch|p1a: Phione|Phione, L91|70/100\n|move|p2a: Gyarados|Earthquake|p1a: Phione\n|-damage|p1a: Phione|33/100\n|\n|-heal|p1a: Phione|39/100|[from] item: Leftovers\n|upkeep\n|turn|26\n|inactive|Time left: 300 sec this turn | 300 sec total\n|\n|t:|1783551980\n|move|p2a: Gyarados|Earthquake|p1a: Phione\n|-damage|p1a: Phione|0 fnt\n|faint|p1a: Phione\n|\n|upkeep\n|\n|t:|1783551981\n|switch|p1a: Eternatus|Eternatus, L69|68/100\n|-ability|p1a: Eternatus|Pressure\n|turn|27\n|inactive|Time left: 300 sec this turn | 300 sec total\n|\n|t:|1783551982\n|-terastallize|p1a: Eternatus|Dragon\n|move|p2a: Gyarados|Earthquake|p1a: Eternatus\n|-damage|p1a: Eternatus|24/100\n|move|p1a: Eternatus|Recover|p1a: Eternatus\n|-heal|p1a: Eternatus|74/100\n|\n|upkeep\n|turn|28\n|inactive|Time left: 300 sec this turn | 300 sec total\n|\n|t:|1783551983\n|-terastallize|p2a: Gyarados|Ground\n|move|p2a: Gyarados|Earthquake|p1a: Eternatus\n|-crit|p1a: Eternatus\n|-damage|p1a: Eternatus|0 fnt\n|faint|p1a: Eternatus\n|\n|upkeep\n|\n|t:|1783551984\n|switch|p1a: Ampharos|Ampharos, L88, M|35/100\n|turn|29\n|inactive|Time left: 300 sec this turn | 300 sec total\n|\n|t:|1783551985\n|move|p2a: Gyarados|Waterfall|p1a: Ampharos\n|-damage|p1a: Ampharos|0 fnt\n|faint|p1a: Ampharos\n|\n|win|p0y1039e155", "uploadtime": 1783551985, "views": 0, "rating": 0, "private": 0, "password": null, "_winner": "p0y1039e155", "_our_name": "p0y1039e155"}