{"id": "battle-gen9randombattle-1608", "formatid": "gen9randombattle", "format": "[Gen 9] Random Battle", "players": ["p0x16084a33", "p0y16082386"], "log": "|init|battle\n|title|p0x16084a33 vs. p0y16082386\n|j|\u2606p0x16084a33\n|j|\u2606p0y16082386\n|t:|1783558606\n|gametype|singles\n|player|p1|p0x16084a33|169|\n|player|p2|p0y16082386|169|\n|gen|9\n|tier|[Gen 9] Random Battle\n|rule|Species Clause: Limit one of each Pok\u00e9mon\n|rule|HP Percentage Mod: HP is shown in percentages\n|rule|Sleep Clause Mod: Limit one foe put to sleep\n|rule|Illusion Level Mod: Illusion disguises the Pok\u00e9mon's true level\n|\n|t:|1783558606\n|teamsize|p1|6\n|teamsize|p2|6\n|start\n|switch|p1a: Palkia|Palkia-Origin, L72|249/249\n|switch|p2a: Thundurus|Thundurus, L80, M|100/100\n|-ability|p1a: Palkia|Pressure\n|turn|1\n|inactive|Battle timer is ON: inactive players will automatically lose when time's up. (requested by p0y16082386)\n|inactive|Time left: 300 sec this turn | 300 sec total | 60 sec grace\n|inactive|p0x16084a33 also wants the timer to be on.\n|\n|t:|1783558607\n|move|p2a: Thundurus|Thunderbolt|p1a: Palkia\n|-crit|p1a: Palkia\n|-damage|p1a: Palkia|36/249\n|move|p1a: Palkia|Hydro Pump|p2a: Thundurus\n|-damage|p2a: Thundurus|34/100\n|\n|upkeep\n|turn|2\n|inactive|Time left: 300 sec this turn | 300 sec total\n|\n|t:|1783558609\n|switch|p1a: Umbreon|Umbreon, L84, M|297/297\n|move|p2a: Thundurus|Thunderbolt|p1a: Umbreon\n|-damage|p1a: Umbreon|188/297\n|\n|-heal|p1a: Umbreon|206/297|[from] item: Leftovers\n|upkeep\n|turn|3\n|inactive|Time left: 300 sec this turn | 300 sec total\n|\n|t:|1783558610\n|move|p2a: Thundurus|Thunderbolt|p1a: Umbreon\n|-damage|p1a: Umbreon|77/297\n|move|p1a: Umbreon|Foul Play|p2a: Thundurus\n|-damage|p2a: Thundurus|0 fnt\n|faint|p2a: Thundurus\n|\n|-heal|p1a: Umbreon|95/297|[from] item: Leftovers\n|upkeep\n|\n|t:|1783558611\n|switch|p2a: Ariados|Ariados, L95, F|100/100\n|turn|4\n|inactive|Time left: 300 sec this turn | 300 sec total\n|\n|t:|1783558612\n|move|p1a: Umbreon|Foul Play|p2a: Ariados\n|-damage|p2a: Ariados|64/100\n|move|p2a: Ariados|Sticky Web|p1a: Umbreon\n|-sidestart|p1: p0x16084a33|move: Sticky Web\n|\n|-heal|p1a: Umbreon|113/297|[from] item: Leftovers\n|upkeep\n|turn|5\n|inactive|Time left: 300 sec this turn | 300 sec total\n|\n|t:|1783558613\n|move|p1a: Umbreon|Foul Play|p2a: Ariados\n|-damage|p2a: Ariados|25/100\n|move|p2a: Ariados|Megahorn|p1a: Umbreon\n|-supereffective|p1a: Umbreon\n|-damage|p1a: Umbreon|0 fnt\n|faint|p1a: Umbreon\n|\n|upkeep\n|inactive|Time left: 300 sec this turn | 300 sec total | 5 sec grace\n|\n|t:|1783558614\n|switch|p1a: Charizard|Charizard, L85, M|271/271\n|turn|6\n|inactive|Time left: 300 sec this turn | 300 sec total\n|\n|t:|1783558615\n|move|p1a: Charizard|Flamethrower|p2a: Ariados\n|-supereffective|p2a: Ariados\n|-crit|p2a: Ariados\n|-damage|p2a: Ariados|0 fnt\n|faint|p2a: Ariados\n|\n|upkeep\n|\n|t:|1783558616\n|switch|p2a: Blissey|Blissey, L85, F|100/100\n|turn|7\n|inactive|Time left: 300 sec this turn | 300 sec total\n|\n|t:|1783558618\n|move|p1a: Charizard|Earthquake|p2a: Blissey\n|-damage|p2a: Blissey|65/100\n|move|p2a: Blissey|Seismic Toss|p1a: Charizard\n|-damage|p1a: Charizard|186/271\n|\n|-heal|p2a: Blissey|71/100|[from] item: Leftovers\n|upkeep\n|turn|8\n|inactive|Time left: 300 sec this turn | 300 sec total\n|\n|t:|1783558619\n|move|p1a: Charizard|Earthquake|p2a: Blissey\n|-damage|p2a: Blissey|39/100\n|move|p2a: Blissey|Thunder Wave|p1a: Charizard\n|-status|p1a: Charizard|par\n|\n|-heal|p2a: Blissey|45/100|[from] item: Leftovers\n|upkeep\n|turn|9\n|inactive|Time left: 300 sec this turn | 300 sec total\n|\n|t:|1783558620\n|move|p2a: Blissey|Soft-Boiled|p2a: Blissey\n|-heal|p2a: Blissey|95/100\n|move|p1a: Charizard|Earthquake|p2a: Blissey\n|-damage|p2a: Blissey|62/100\n|\n|-heal|p2a: Blissey|69/100|[from] item: Leftovers\n|upkeep\n|turn|10\n|inactive|Time left: 300 sec this turn | 300 sec total\n|\n|t:|1783558620\n|switch|p1a: Azumarill|Azumarill, L82, M|298/298\n|-activate|p1a: Azumarill|move: Sticky Web\n|-unboost|p1a: Azumarill|spe|1\n|move|p2a: Blissey|Stealth Rock|p1a: Azumarill\n|-sidestart|p1: p0x16084a33|move: Stealth Rock\n|\n|-heal|p2a: Blissey|75/100|[from] item: Leftovers\n|upkeep\n|turn|11\n|inactive|Time left: 300 sec this turn | 300 sec total\n|\n|t:|1783558621\n|move|p2a: Blissey|Thunder Wave|p1a: Azumarill\n|-status|p1a: Azumarill|par\n|move|p1a: Azumarill|Liquidation|p2a: Blissey\n|-damage|p2a: Blissey|0 fnt\n|faint|p2a: Blissey\n|\n|upkeep\n|\n|t:|1783558622\n|switch|p2a: Crabominable|Crabominable, L90, F|100/100\n|turn|12\n|inactive|Time left: 300 sec this turn | 300 sec total\n|\n|t:|1783558624\n|move|p2a: Crabominable|Gunk Shot|p1a: Azumarill\n|-supereffective|p1a: Azumarill\n|-damage|p1a: Azumarill|0 fnt\n|faint|p1a: Azumarill\n|\n|upkeep\n|inactive|Time left: 300 sec this turn | 300 sec total | 5 sec grace\n|\n|t:|1783558624\n|switch|p1a: Palkia|Palkia-Origin, L72|36/249\n|-activate|p1a: Palkia|move: Sticky Web\n|-unboost|p1a: Palkia|spe|1\n|-damage|p1a: Palkia|5/249|[from] Stealth Rock\n|-ability|p1a: Palkia|Pressure\n|turn|13\n|inactive|Time left: 300 sec this turn | 300 sec total\n|\n|t:|1783558626\n|switch|p2a: Pachirisu|Pachirisu, L96, M|100/100\n|move|p1a: Palkia|Spacial Rend|p2a: Pachirisu\n|-damage|p2a: Pachirisu|71/100\n|\n|upkeep\n|turn|14\n|inactive|Time left: 300 sec this turn | 300 sec total\n|\n|t:|1783558627\n|move|p2a: Pachirisu|U-turn|p1a: Palkia\n|-damage|p1a: Palkia|0 fnt\n|faint|p1a: Palkia\n|\n|t:|1783558628\n|switch|p2a: Crabominable|Crabominable, L90, F|100/100|[from] U-turn\n|\n|upkeep\n|inactive|Time left: 300 sec this turn | 300 sec total | 10 sec grace\n|\n|t:|1783558629\n|switch|p1a: Farigiraf|Farigiraf, L90, M|362/362\n|-activate|p1a: Farigiraf|move: Sticky Web\n|-unboost|p1a: Farigiraf|spe|1\n|-damage|p1a: Farigiraf|317/362|[from] Stealth Rock\n|turn|15\n|inactive|Time left: 300 sec this turn | 300 sec total\n|\n|t:|1783558630\n|move|p2a: Crabominable|Ice Hammer|p1a: Farigiraf\n|-damage|p1a: Farigiraf|20/362\n|-unboost|p2a: Crabominable|spe|1\n|move|p1a: Farigiraf|Psychic Noise|p2a: Crabominable\n|-supereffective|p2a: Crabominable\n|-damage|p2a: Crabominable|28/100\n|-start|p2a: Crabominable|move: Heal Block\n|\n|-heal|p1a: Farigiraf|42/362|[from] item: Leftovers\n|upkeep\n|turn|16\n|inactive|Time left: 300 sec this turn | 300 sec total\n|\n|t:|1783558631\n|switch|p2a: Pachirisu|Pachirisu, L96, M|71/100\n|move|p1a: Farigiraf|Body Slam|p2a: Pachirisu\n|-damage|p2a: Pachirisu|36/100\n|\n|-heal|p1a: Farigiraf|64/362|[from] item: Leftovers\n|upkeep\n|turn|17\n|inactive|Time left: 300 sec this turn | 300 sec total\n|\n|t:|1783558632\n|move|p1a: Farigiraf|Protect|p1a: Farigiraf\n|-singleturn|p1a: Farigiraf|Protect\n|move|p2a: Pachirisu|Thunderbolt|p1a: Farigiraf\n|-activate|p1a: Farigiraf|move: Protect\n|\n|-heal|p1a: Farigiraf|86/362|[from] item: Leftovers\n|upkeep\n|turn|18\n|inactive|Time left: 300 sec this turn | 300 sec total\n|\n|t:|1783558633\n|move|p2a: Pachirisu|U-turn|p1a: Farigiraf\n|-supereffective|p1a: Farigiraf\n|-damage|p1a: Farigiraf|8/362\n|\n|t:|1783558634\n|switch|p2a: Crabominable|Crabominable, L90, F|28/100|[from] U-turn\n|move|p1a: Farigiraf|Body Slam|p2a: Crabominable\n|-damage|p2a: Crabominable|0 fnt\n|faint|p2a: Crabominable\n|\n|-heal|p1a: Farigiraf|30/362|[from] item: Leftovers\n|upkeep\n|\n|t:|1783558635\n|switch|p2a: Gallade|Gallade, L80, M|100/100\n|turn|19\n|inactive|Time left: 300 sec this turn | 300 sec total\n|\n|t:|1783558636\n|move|p2a: Gallade|Agility|p2a: Gallade\n|-boost|p2a: Gallade|spe|2\n|move|p1a: Farigiraf|Body Slam|p2a: Gallade\n|-crit|p2a: Gallade\n|-damage|p2a: Gallade|27/100\n|\n|-heal|p1a: Farigiraf|52/362|[from] item: Leftovers\n|upkeep\n|turn|20\n|inactive|Time left: 300 sec this turn | 300 sec total\n|\n|t:|1783558637\n|move|p2a: Gallade|Psycho Cut|p1a: Farigiraf\n|-resisted|p1a: Farigiraf\n|-damage|p1a: Farigiraf|0 fnt\n|faint|p1a: Farigiraf\n|-damage|p2a: Gallade|17/100|[from] item: Life Orb\n|\n|upkeep\n|inactive|Time left: 300 sec this turn | 300 sec total | 5 sec grace\n|\n|t:|1783558638\n|switch|p1a: Charizard|Charizard, L85, M|186/271 par\n|turn|21\n|inactive|Time left: 300 sec this turn | 300 sec total\n|\n|t:|1783558639\n|move|p2a: Gallade|Psycho Cut|p1a: Charizard\n|-crit|p1a: Charizard\n|-damage|p1a: Charizard|0 fnt\n|faint|p1a: Charizard\n|-damage|p2a: Gallade|7/100|[from] item: Life Orb\n|\n|upkeep\n|inactive|Time left: 300 sec this turn | 300 sec total | 5 sec grace\n|\n|t:|1783558640\n|switch|p1a: Latias|Latias, L79, F|256/256\n|-damage|p1a: Latias|224/256|[from] Stealth Rock\n|turn|22\n|inactive|Time left: 300 sec this turn | 300 sec total\n|\n|t:|1783558641\n|move|p2a: Gallade|Night Slash|p1a: Latias\n|-supereffective|p1a: Latias\n|-damage|p1a: Latias|13/256\n|-damage|p2a: Gallade|0 fnt|[from] item: Life Orb\n|faint|p2a: Gallade\n|move|p1a: Latias|Recover|p1a: Latias\n|-heal|p1a: Latias|141/256\n|\n|upkeep\n|\n|t:|1783558641\n|switch|p2a: Pachirisu|Pachirisu, L96, M|36/100\n|turn|23\n|inactive|Time left: 300 sec this turn | 300 sec total\n|\n|t:|1783558642\n|-terastallize|p1a: Latias|Steel\n|move|p2a: Pachirisu|Nuzzle|p1a: Latias\n|-damage|p1a: Latias|122/256\n|-status|p1a: Latias|par\n|move|p1a: Latias|Psyshock|p2a: Pachirisu\n|-damage|p2a: Pachirisu|0 fnt\n|faint|p2a: Pachirisu\n|\n|win|p0x16084a33", "uploadtime": 1783558642, "views": 0, "rating": 0, "private": 0, "password": null, "_winner": "p0x16084a33", "_our_name": "p0x16084a33"}