{"id": "battle-gen9randombattle-494", "formatid": "gen9randombattle", "format": "[Gen 9] Random Battle", "players": ["p0x494628b", "p0y4947d90"], "log": "|init|battle\n|title|p0x494628b vs. p0y4947d90\n|j|\u2606p0x494628b\n|j|\u2606p0y4947d90\n|t:|1783544784\n|gametype|singles\n|player|p1|p0x494628b|170|\n|player|p2|p0y4947d90|101|\n|gen|9\n|tier|[Gen 9] Random Battle\n|rule|Species Clause: Limit one of each Pok\u00e9mon\n|rule|HP Percentage Mod: HP is shown in percentages\n|rule|Sleep Clause Mod: Limit one foe put to sleep\n|rule|Illusion Level Mod: Illusion disguises the Pok\u00e9mon's true level\n|\n|t:|1783544784\n|teamsize|p1|6\n|teamsize|p2|6\n|start\n|switch|p1a: Iron Thorns|Iron Thorns, L83|100/100\n|switch|p2a: Slaking|Slaking, L84, F|389/389\n|turn|1\n|inactive|Battle timer is ON: inactive players will automatically lose when time's up. (requested by p0y4947d90)\n|inactive|p0x494628b also wants the timer to be on.\n|\n|t:|1783544785\n|move|p2a: Slaking|Earthquake|p1a: Iron Thorns\n|-supereffective|p1a: Iron Thorns\n|-crit|p1a: Iron Thorns\n|-damage|p1a: Iron Thorns|0 fnt\n|faint|p1a: Iron Thorns\n|-end|p1a: Iron Thorns|Quark Drive|[silent]\n|\n|upkeep\n|\n|t:|1783544786\n|switch|p1a: Falinks|Falinks, L84|100/100\n|turn|2\n|inactive|Time left: 300 sec this turn | 300 sec total\n|\n|t:|1783544787\n|switch|p2a: Sylveon|Sylveon, L85, M|300/300\n|move|p1a: Falinks|No Retreat|p1a: Falinks\n|-boost|p1a: Falinks|atk|1\n|-boost|p1a: Falinks|def|1\n|-boost|p1a: Falinks|spa|1\n|-boost|p1a: Falinks|spd|1\n|-boost|p1a: Falinks|spe|1\n|-start|p1a: Falinks|move: No Retreat\n|\n|upkeep\n|turn|3\n|inactive|Time left: 300 sec this turn | 300 sec total\n|\n|t:|1783544788\n|-terastallize|p1a: Falinks|Steel\n|move|p1a: Falinks|Iron Head|p2a: Sylveon\n|-supereffective|p2a: Sylveon\n|-damage|p2a: Sylveon|0 fnt\n|faint|p2a: Sylveon\n|-damage|p1a: Falinks|91/100|[from] item: Life Orb\n|\n|upkeep\n|inactive|Time left: 300 sec this turn | 300 sec total | 5 sec grace\n|\n|t:|1783544789\n|switch|p2a: Mienshao|Mienshao, L83, M|244/244\n|turn|4\n|inactive|Time left: 300 sec this turn | 300 sec total\n|\n|t:|1783544790\n|-terastallize|p2a: Mienshao|Poison\n|move|p1a: Falinks|Close Combat|p2a: Mienshao\n|-resisted|p2a: Mienshao\n|-crit|p2a: Mienshao\n|-damage|p2a: Mienshao|10/244\n|-unboost|p1a: Falinks|def|1\n|-unboost|p1a: Falinks|spd|1\n|-damage|p1a: Falinks|81/100|[from] item: Life Orb\n|move|p2a: Mienshao|Close Combat|p1a: Falinks\n|-supereffective|p1a: Falinks\n|-damage|p1a: Falinks|0 fnt\n|-unboost|p2a: Mienshao|def|1\n|-unboost|p2a: Mienshao|spd|1\n|faint|p1a: Falinks\n|-damage|p2a: Mienshao|0 fnt|[from] item: Life Orb\n|faint|p2a: Mienshao\n|\n|upkeep\n|inactive|Time left: 300 sec this turn | 300 sec total | 5 sec grace\n|\n|t:|1783544791\n|switch|p2a: Slaking|Slaking, L84, F|389/389\n|switch|p1a: Dragonite|Dragonite, L74, F|100/100\n|turn|5\n|inactive|Time left: 300 sec this turn | 300 sec total\n|\n|t:|1783544792\n|move|p2a: Slaking|Giga Impact|p1a: Dragonite\n|-damage|p1a: Dragonite|32/100\n|-mustrecharge|p2a: Slaking\n|move|p1a: Dragonite|Dragon Dance|p1a: Dragonite\n|-boost|p1a: Dragonite|atk|1\n|-boost|p1a: Dragonite|spe|1\n|\n|upkeep\n|turn|6\n|inactive|Time left: 300 sec this turn | 300 sec total\n|\n|t:|1783544793\n|move|p1a: Dragonite|Outrage|p2a: Slaking\n|-crit|p2a: Slaking\n|-damage|p2a: Slaking|112/389\n|cant|p2a: Slaking|recharge\n|\n|upkeep\n|turn|7\n|inactive|Time left: 300 sec this turn | 300 sec total\n|\n|t:|1783544794\n|move|p1a: Dragonite|Outrage|p2a: Slaking|[from] lockedmove\n|-damage|p2a: Slaking|0 fnt\n|faint|p2a: Slaking\n|\n|upkeep\n|inactive|Time left: 300 sec this turn | 300 sec total | 5 sec grace\n|\n|t:|1783544795\n|switch|p2a: Krookodile|Krookodile, L79, M|280/280\n|-ability|p2a: Krookodile|Intimidate|boost\n|-unboost|p1a: Dragonite|atk|1\n|turn|8\n|inactive|Time left: 300 sec this turn | 300 sec total\n|\n|t:|1783544796\n|move|p1a: Dragonite|Outrage|p2a: Krookodile|[from] lockedmove\n|-damage|p2a: Krookodile|130/280\n|-start|p1a: Dragonite|confusion|[fatigue]\n|move|p2a: Krookodile|Knock Off|p1a: Dragonite\n|-damage|p1a: Dragonite|0 fnt\n|-enditem|p1a: Dragonite|Heavy-Duty Boots|[from] move: Knock Off|[of] p2a: Krookodile\n|faint|p1a: Dragonite\n|\n|-heal|p2a: Krookodile|147/280|[from] item: Leftovers\n|upkeep\n|\n|t:|1783544798\n|switch|p1a: Wyrdeer|Wyrdeer, L87, M|100/100\n|-ability|p1a: Wyrdeer|Intimidate|boost\n|-unboost|p2a: Krookodile|atk|1\n|turn|9\n|inactive|Time left: 300 sec this turn | 300 sec total\n|\n|t:|1783544799\n|move|p2a: Krookodile|Knock Off|p1a: Wyrdeer\n|-supereffective|p1a: Wyrdeer\n|-damage|p1a: Wyrdeer|49/100\n|-enditem|p1a: Wyrdeer|Leftovers|[from] move: Knock Off|[of] p2a: Krookodile\n|move|p1a: Wyrdeer|Megahorn|p2a: Krookodile|[miss]\n|-miss|p1a: Wyrdeer|p2a: Krookodile\n|\n|-heal|p2a: Krookodile|164/280|[from] item: Leftovers\n|upkeep\n|turn|10\n|inactive|Time left: 300 sec this turn | 300 sec total\n|\n|t:|1783544799\n|move|p2a: Krookodile|Bulk Up|p2a: Krookodile\n|-boost|p2a: Krookodile|atk|1\n|-boost|p2a: Krookodile|def|1\n|move|p1a: Wyrdeer|Megahorn|p2a: Krookodile\n|-supereffective|p2a: Krookodile\n|-crit|p2a: Krookodile\n|-damage|p2a: Krookodile|0 fnt\n|faint|p2a: Krookodile\n|\n|upkeep\n|inactive|Time left: 300 sec this turn | 300 sec total | 5 sec grace\n|\n|t:|1783544800\n|switch|p2a: Grafaiai|Grafaiai, L86, F|249/249\n|turn|11\n|inactive|Time left: 300 sec this turn | 300 sec total\n|\n|t:|1783544801\n|move|p2a: Grafaiai|U-turn|p1a: Wyrdeer\n|-supereffective|p1a: Wyrdeer\n|-damage|p1a: Wyrdeer|16/100\n|inactive|Time left: 300 sec this turn | 300 sec total | 5 sec grace\n|\n|t:|1783544801\n|switch|p2a: Rotom|Rotom-Heat, L83|219/219|[from] U-turn\n|move|p1a: Wyrdeer|Psychic Noise|p2a: Rotom\n|-damage|p2a: Rotom|141/219\n|-start|p2a: Rotom|move: Heal Block\n|\n|upkeep\n|turn|12\n|inactive|Time left: 300 sec this turn | 300 sec total\n|\n|t:|1783544802\n|switch|p1a: Goodra|Goodra-Hisui, L82, M|100/100\n|move|p2a: Rotom|Volt Switch|p1a: Goodra\n|-resisted|p1a: Goodra\n|-damage|p1a: Goodra|94/100\n|inactive|Time left: 300 sec this turn | 300 sec total | 5 sec grace\n|\n|t:|1783544803\n|switch|p2a: Grafaiai|Grafaiai, L86, F|249/249|[from] Volt Switch\n|\n|upkeep\n|turn|13\n|inactive|Time left: 300 sec this turn | 300 sec total\n|\n|t:|1783544804\n|move|p2a: Grafaiai|U-turn|p1a: Goodra\n|-resisted|p1a: Goodra\n|-damage|p1a: Goodra|86/100\n|inactive|Time left: 300 sec this turn | 300 sec total | 5 sec grace\n|\n|t:|1783544804\n|switch|p2a: Rotom|Rotom-Heat, L83|141/219|[from] U-turn\n|move|p1a: Goodra|Heavy Slam|p2a: Rotom\n|-resisted|p2a: Rotom\n|-damage|p2a: Rotom|116/219\n|\n|upkeep\n|turn|14\n|inactive|Time left: 300 sec this turn | 300 sec total\n|\n|t:|1783544805\n|move|p2a: Rotom|Pain Split|p1a: Goodra\n|-sethp|p1a: Goodra|65/100|[from] move: Pain Split|[silent]\n|-sethp|p2a: Rotom|171/219|[from] move: Pain Split\n|move|p1a: Goodra|Draco Meteor|p2a: Rotom\n|-damage|p2a: Rotom|39/219\n|-unboost|p1a: Goodra|spa|2\n|\n|upkeep\n|turn|15\n|inactive|Time left: 300 sec this turn | 300 sec total\n|\n|t:|1783544806\n|move|p2a: Rotom|Pain Split|p1a: Goodra\n|-sethp|p1a: Goodra|40/100|[from] move: Pain Split|[silent]\n|-sethp|p2a: Rotom|105/219|[from] move: Pain Split\n|move|p1a: Goodra|Knock Off|p2a: Rotom\n|-damage|p2a: Rotom|42/219\n|-enditem|p2a: Rotom|Heavy-Duty Boots|[from] move: Knock Off|[of] p1a: Goodra\n|\n|upkeep\n|turn|16\n|inactive|Time left: 300 sec this turn | 300 sec total\n|\n|t:|1783544807\n|move|p2a: Rotom|Pain Split|p1a: Goodra\n|-sethp|p1a: Goodra|28/100|[from] move: Pain Split|[silent]\n|-sethp|p2a: Rotom|73/219|[from] move: Pain Split\n|move|p1a: Goodra|Dragon Tail|p2a: Rotom\n|-damage|p2a: Rotom|22/219\n|drag|p2a: Grafaiai|Grafaiai, L86, F|249/249\n|\n|upkeep\n|turn|17\n|inactive|Time left: 300 sec this turn | 300 sec total\n|\n|t:|1783544808\n|move|p2a: Grafaiai|Knock Off|p1a: Goodra\n|-crit|p1a: Goodra\n|-damage|p1a: Goodra|0 fnt\n|-enditem|p1a: Goodra|Assault Vest|[from] move: Knock Off|[of] p2a: Grafaiai\n|faint|p1a: Goodra\n|\n|upkeep\n|\n|t:|1783544809\n|switch|p1a: Wyrdeer|Wyrdeer, L87, M|16/100\n|-ability|p1a: Wyrdeer|Intimidate|boost\n|-unboost|p2a: Grafaiai|atk|1\n|turn|18\n|inactive|Time left: 300 sec this turn | 300 sec total\n|\n|t:|1783544810\n|move|p2a: Grafaiai|U-turn|p1a: Wyrdeer\n|-supereffective|p1a: Wyrdeer\n|-damage|p1a: Wyrdeer|0 fnt\n|faint|p1a: Wyrdeer\n|inactive|Time left: 300 sec this turn | 300 sec total | 5 sec grace\n|\n|t:|1783544811\n|switch|p2a: Rotom|Rotom-Heat, L83|22/219|[from] U-turn\n|\n|upkeep\n|\n|t:|1783544812\n|switch|p1a: Gothitelle|Gothitelle, L90, F|100/100\n|turn|19\n|inactive|Time left: 300 sec this turn | 300 sec total\n|\n|t:|1783544813\n|move|p2a: Rotom|Pain Split|p1a: Gothitelle\n|-sethp|p1a: Gothitelle|55/100|[from] move: Pain Split|[silent]\n|-sethp|p2a: Rotom|147/219|[from] move: Pain Split\n|move|p1a: Gothitelle|Calm Mind|p1a: Gothitelle\n|-boost|p1a: Gothitelle|spa|1\n|-boost|p1a: Gothitelle|spd|1\n|\n|-heal|p1a: Gothitelle|61/100|[from] item: Leftovers\n|upkeep\n|turn|20\n|inactive|Time left: 300 sec this turn | 300 sec total\n|\n|t:|1783544814\n|move|p2a: Rotom|Volt Switch|p1a: Gothitelle\n|-damage|p1a: Gothitelle|46/100\n|inactive|Time left: 300 sec this turn | 300 sec total | 5 sec grace\n|\n|t:|1783544815\n|switch|p2a: Grafaiai|Grafaiai, L86, F|249/249|[from] Volt Switch\n|move|p1a: Gothitelle|Thunderbolt|p2a: Grafaiai\n|-damage|p2a: Grafaiai|160/249\n|-status|p2a: Grafaiai|par\n|\n|-heal|p1a: Gothitelle|52/100|[from] item: Leftovers\n|upkeep\n|turn|21\n|inactive|Time left: 300 sec this turn | 300 sec total\n|\n|t:|1783544816\n|move|p1a: Gothitelle|Psychic Noise|p2a: Grafaiai\n|-supereffective|p2a: Grafaiai\n|-damage|p2a: Grafaiai|0 fnt\n|faint|p2a: Grafaiai\n|\n|-heal|p1a: Gothitelle|59/100|[from] item: Leftovers\n|upkeep\n|inactive|Time left: 300 sec this turn | 300 sec total | 5 sec grace\n|\n|t:|1783544817\n|switch|p2a: Rotom|Rotom-Heat, L83|147/219\n|turn|22\n|inactive|Time left: 300 sec this turn | 300 sec total\n|\n|t:|1783544818\n|move|p2a: Rotom|Discharge|p1a: Gothitelle\n|-damage|p1a: Gothitelle|41/100\n|move|p1a: Gothitelle|Psychic Noise|p2a: Rotom\n|-crit|p2a: Rotom\n|-damage|p2a: Rotom|0 fnt\n|faint|p2a: Rotom\n|\n|win|p0x494628b", "uploadtime": 1783544818, "views": 0, "rating": 0, "private": 0, "password": null, "_winner": "p0x494628b", "_our_name": "p0y4947d90"}