{"id": "battle-gen9randombattle-2754", "formatid": "gen9randombattle", "format": "[Gen 9] Random Battle", "players": ["p0x2754f65c", "p0y275400ad"], "log": "|init|battle\n|title|p0x2754f65c vs. p0y275400ad\n|j|\u2606p0x2754f65c\n|j|\u2606p0y275400ad\n|t:|1783571749\n|gametype|singles\n|player|p1|p0x2754f65c|2|\n|player|p2|p0y275400ad|101|\n|gen|9\n|tier|[Gen 9] Random Battle\n|rule|Species Clause: Limit one of each Pok\u00e9mon\n|rule|HP Percentage Mod: HP is shown in percentages\n|rule|Sleep Clause Mod: Limit one foe put to sleep\n|rule|Illusion Level Mod: Illusion disguises the Pok\u00e9mon's true level\n|\n|t:|1783571749\n|teamsize|p1|6\n|teamsize|p2|6\n|start\n|switch|p1a: Dragalge|Dragalge, L88, M|100/100\n|switch|p2a: Ho-Oh|Ho-Oh, L71|268/268\n|turn|1\n|inactive|Battle timer is ON: inactive players will automatically lose when time's up. (requested by p0y275400ad)\n|inactive|p0x2754f65c also wants the timer to be on.\n|\n|t:|1783571751\n|move|p2a: Ho-Oh|Sacred Fire|p1a: Dragalge\n|-resisted|p1a: Dragalge\n|-damage|p1a: Dragalge|83/100\n|-status|p1a: Dragalge|brn\n|move|p1a: Dragalge|Sludge Wave|p2a: Ho-Oh\n|-damage|p2a: Ho-Oh|92/268\n|\n|-damage|p1a: Dragalge|76/100 brn|[from] brn\n|upkeep\n|turn|2\n|inactive|Time left: 300 sec this turn | 300 sec total\n|\n|t:|1783571752\n|switch|p2a: Excadrill|Excadrill, L79, M|303/303\n|-ability|p2a: Excadrill|Mold Breaker\n|move|p1a: Dragalge|Sludge Wave|p2a: Excadrill\n|-immune|p2a: Excadrill\n|\n|-damage|p1a: Dragalge|70/100 brn|[from] brn\n|upkeep\n|turn|3\n|inactive|Time left: 300 sec this turn | 300 sec total\n|\n|t:|1783571752\n|switch|p1a: Gliscor|Gliscor, L76, M|100/100\n|move|p2a: Excadrill|Earthquake|p1a: Gliscor\n|-immune|p1a: Gliscor\n|\n|-status|p1a: Gliscor|tox|[from] item: Toxic Orb\n|upkeep\n|turn|4\n|inactive|Time left: 300 sec this turn | 300 sec total\n|\n|t:|1783571754\n|move|p1a: Gliscor|Earthquake|p2a: Excadrill\n|-supereffective|p2a: Excadrill\n|-damage|p2a: Excadrill|49/303\n|move|p2a: Excadrill|Swords Dance|p2a: Excadrill\n|-boost|p2a: Excadrill|atk|2\n|\n|-heal|p2a: Excadrill|67/303|[from] item: Leftovers\n|upkeep\n|turn|5\n|inactive|Time left: 300 sec this turn | 300 sec total\n|\n|t:|1783571755\n|switch|p2a: Cloyster|Cloyster, L80, M|211/211\n|move|p1a: Gliscor|Earthquake|p2a: Cloyster\n|-damage|p2a: Cloyster|159/211\n|\n|upkeep\n|turn|6\n|inactive|Time left: 300 sec this turn | 300 sec total\n|\n|t:|1783571756\n|switch|p1a: Azelf|Azelf, L82|100/100\n|move|p2a: Cloyster|Shell Smash|p2a: Cloyster\n|-unboost|p2a: Cloyster|def|1\n|-unboost|p2a: Cloyster|spd|1\n|-boost|p2a: Cloyster|atk|2\n|-boost|p2a: Cloyster|spa|2\n|-boost|p2a: Cloyster|spe|2\n|-enditem|p2a: Cloyster|White Herb\n|-clearnegativeboost|p2a: Cloyster|[silent]\n|\n|upkeep\n|turn|7\n|inactive|Time left: 300 sec this turn | 300 sec total\n|\n|t:|1783571757\n|switch|p1a: Zacian|Zacian-Crowned, L64|100/100\n|-ability|p1a: Zacian|Intrepid Sword|boost\n|-boost|p1a: Zacian|atk|1\n|move|p2a: Cloyster|Icicle Spear|p1a: Zacian\n|-resisted|p1a: Zacian\n|-damage|p1a: Zacian|90/100\n|-resisted|p1a: Zacian\n|-damage|p1a: Zacian|78/100\n|-resisted|p1a: Zacian\n|-damage|p1a: Zacian|66/100\n|-resisted|p1a: Zacian\n|-damage|p1a: Zacian|55/100\n|-resisted|p1a: Zacian\n|-damage|p1a: Zacian|43/100\n|-hitcount|p1a: Zacian|5\n|\n|upkeep\n|turn|8\n|inactive|Time left: 300 sec this turn | 300 sec total\n|\n|t:|1783571758\n|move|p2a: Cloyster|Icicle Spear|p1a: Zacian\n|-resisted|p1a: Zacian\n|-damage|p1a: Zacian|31/100\n|-resisted|p1a: Zacian\n|-damage|p1a: Zacian|19/100\n|-resisted|p1a: Zacian\n|-damage|p1a: Zacian|8/100\n|-resisted|p1a: Zacian\n|-damage|p1a: Zacian|0 fnt\n|faint|p1a: Zacian\n|-hitcount|p1: Zacian|4\n|\n|upkeep\n|\n|t:|1783571759\n|switch|p1a: Arbok|Arbok, L87, M|100/100\n|-ability|p1a: Arbok|Intimidate|boost\n|-unboost|p2a: Cloyster|atk|1\n|turn|9\n|inactive|Time left: 300 sec this turn | 300 sec total\n|\n|t:|1783571760\n|move|p2a: Cloyster|Icicle Spear|p1a: Arbok\n|-damage|p1a: Arbok|83/100\n|-damage|p1a: Arbok|64/100\n|-damage|p1a: Arbok|47/100\n|-damage|p1a: Arbok|31/100\n|-damage|p1a: Arbok|15/100\n|-hitcount|p1a: Arbok|5\n|move|p1a: Arbok|Gunk Shot|p2a: Cloyster|[miss]\n|-miss|p1a: Arbok|p2a: Cloyster\n|\n|upkeep\n|turn|10\n|inactive|Time left: 300 sec this turn | 300 sec total\n|\n|t:|1783571761\n|move|p2a: Cloyster|Icicle Spear|p1a: Arbok\n|-damage|p1a: Arbok|0 fnt\n|faint|p1a: Arbok\n|-hitcount|p1: Arbok|1\n|\n|upkeep\n|\n|t:|1783571762\n|switch|p1a: Azelf|Azelf, L82|100/100\n|turn|11\n|inactive|Time left: 300 sec this turn | 300 sec total\n|\n|t:|1783571763\n|move|p2a: Cloyster|Icicle Spear|p1a: Azelf\n|-damage|p1a: Azelf|83/100\n|-damage|p1a: Azelf|64/100\n|-damage|p1a: Azelf|48/100\n|-damage|p1a: Azelf|29/100\n|-damage|p1a: Azelf|11/100\n|-hitcount|p1a: Azelf|5\n|move|p1a: Azelf|Psychic|p2a: Cloyster\n|-damage|p2a: Cloyster|0 fnt\n|faint|p2a: Cloyster\n|-damage|p1a: Azelf|2/100|[from] item: Life Orb\n|\n|upkeep\n|inactive|Time left: 300 sec this turn | 300 sec total | 5 sec grace\n|\n|t:|1783571764\n|switch|p2a: Tsareena|Tsareena, L87, F|267/267\n|turn|12\n|inactive|Time left: 300 sec this turn | 300 sec total\n|\n|t:|1783571765\n|move|p2a: Tsareena|Power Whip|p1a: Azelf\n|-damage|p1a: Azelf|0 fnt\n|faint|p1a: Azelf\n|\n|upkeep\n|\n|t:|1783571766\n|switch|p1a: Dragalge|Dragalge, L88, M|70/100 brn\n|turn|13\n|inactive|Time left: 300 sec this turn | 300 sec total\n|\n|t:|1783571767\n|switch|p2a: Excadrill|Excadrill, L79, M|67/303\n|-ability|p2a: Excadrill|Mold Breaker\n|move|p1a: Dragalge|Draco Meteor|p2a: Excadrill\n|-resisted|p2a: Excadrill\n|-crit|p2a: Excadrill\n|-damage|p2a: Excadrill|0 fnt\n|-unboost|p1a: Dragalge|spa|2\n|faint|p2a: Excadrill\n|\n|-damage|p1a: Dragalge|64/100 brn|[from] brn\n|upkeep\n|inactive|Time left: 300 sec this turn | 300 sec total | 5 sec grace\n|\n|t:|1783571768\n|switch|p2a: Ho-Oh|Ho-Oh, L71|181/268\n|turn|14\n|inactive|Time left: 300 sec this turn | 300 sec total\n|\n|t:|1783571769\n|switch|p2a: Tornadus|Tornadus, L82, M|263/263\n|switch|p1a: Gliscor|Gliscor, L76, M|100/100 tox\n|\n|upkeep\n|turn|15\n|inactive|Time left: 300 sec this turn | 300 sec total\n|\n|t:|1783571769\n|move|p2a: Tornadus|Bleakwind Storm|p1a: Gliscor|[miss]\n|-miss|p2a: Tornadus|p1a: Gliscor\n|move|p1a: Gliscor|Toxic|p2a: Tornadus\n|-status|p2a: Tornadus|tox\n|\n|-damage|p2a: Tornadus|247/263 tox|[from] psn\n|upkeep\n|turn|16\n|inactive|Time left: 300 sec this turn | 300 sec total\n|\n|t:|1783571770\n|move|p1a: Gliscor|Protect|p1a: Gliscor\n|-singleturn|p1a: Gliscor|Protect\n|move|p2a: Tornadus|Bleakwind Storm|p1a: Gliscor\n|-activate|p1a: Gliscor|move: Protect\n|\n|-damage|p2a: Tornadus|215/263 tox|[from] psn\n|upkeep\n|turn|17\n|inactive|Time left: 300 sec this turn | 300 sec total\n|\n|t:|1783571771\n|move|p2a: Tornadus|Bleakwind Storm|p1a: Gliscor\n|-damage|p1a: Gliscor|0 fnt\n|faint|p1a: Gliscor\n|\n|-damage|p2a: Tornadus|167/263 tox|[from] psn\n|upkeep\n|\n|t:|1783571772\n|switch|p1a: Dragalge|Dragalge, L88, M|64/100 brn\n|turn|18\n|inactive|Time left: 300 sec this turn | 300 sec total\n|\n|t:|1783571773\n|move|p2a: Tornadus|Bleakwind Storm|p1a: Dragalge\n|-damage|p1a: Dragalge|8/100 brn\n|-unboost|p1a: Dragalge|spe|1\n|move|p1a: Dragalge|Sludge Wave|p2a: Tornadus\n|-damage|p2a: Tornadus|0 fnt\n|faint|p2a: Tornadus\n|\n|-damage|p1a: Dragalge|2/100 brn|[from] brn\n|upkeep\n|inactive|Time left: 300 sec this turn | 300 sec total | 5 sec grace\n|\n|t:|1783571774\n|switch|p2a: Tsareena|Tsareena, L87, F|267/267\n|turn|19\n|inactive|Time left: 300 sec this turn | 300 sec total\n|\n|t:|1783571775\n|move|p2a: Tsareena|High Jump Kick|p1a: Dragalge\n|-resisted|p1a: Dragalge\n|-damage|p1a: Dragalge|0 fnt\n|faint|p1a: Dragalge\n|\n|upkeep\n|\n|t:|1783571775\n|switch|p1a: Terapagos|Terapagos, L77, F|100/100\n|-activate|p1a: Terapagos|ability: Tera Shift\n|detailschange|p1a: Terapagos|Terapagos-Terastal, L77, F\n|-heal|p1a: Terapagos|100/100|[silent]\n|turn|20\n|inactive|Time left: 300 sec this turn | 300 sec total\n|\n|t:|1783571776\n|-terastallize|p1a: Terapagos|Stellar\n|detailschange|p1a: Terapagos|Terapagos-Stellar, L77, F, tera:Stellar\n|-heal|p1a: Terapagos|100/100|[silent]\n|move|p2a: Tsareena|High Jump Kick|p1a: Terapagos\n|-supereffective|p1a: Terapagos\n|-damage|p1a: Terapagos|45/100\n|move|p1a: Terapagos|Rapid Spin|p2a: Tsareena\n|-damage|p2a: Tsareena|193/267\n|-boost|p1a: Terapagos|spe|1\n|\n|upkeep\n|turn|21\n|inactive|Time left: 300 sec this turn | 300 sec total\n|\n|t:|1783571777\n|-terastallize|p2a: Tsareena|Steel\n|move|p1a: Terapagos|Rapid Spin|p2a: Tsareena\n|-resisted|p2a: Tsareena\n|-damage|p2a: Tsareena|162/267\n|-boost|p1a: Terapagos|spe|1\n|move|p2a: Tsareena|High Jump Kick|p1a: Terapagos\n|-supereffective|p1a: Terapagos\n|-damage|p1a: Terapagos|0 fnt\n|faint|p1a: Terapagos\n|detailschange|p1: Terapagos|Terapagos, L77, F|[silent]\n|\n|win|p0y275400ad", "uploadtime": 1783571777, "views": 0, "rating": 0, "private": 0, "password": null, "_winner": "p0y275400ad", "_our_name": "p0y275400ad"}