{"id": "battle-gen9randombattle-97", "formatid": "gen9randombattle", "format": "[Gen 9] Random Battle", "players": ["p0x097cc84", "p0y0971cf9"], "log": "|init|battle\n|title|p0x097cc84 vs. p0y0971cf9\n|j|\u2606p0x097cc84\n|j|\u2606p0y0971cf9\n|t:|1783534387\n|gametype|singles\n|player|p1|p0x097cc84|169|\n|player|p2|p0y0971cf9|2|\n|gen|9\n|tier|[Gen 9] Random Battle\n|rule|Species Clause: Limit one of each Pok\u00e9mon\n|rule|HP Percentage Mod: HP is shown in percentages\n|rule|Sleep Clause Mod: Limit one foe put to sleep\n|rule|Illusion Level Mod: Illusion disguises the Pok\u00e9mon's true level\n|\n|t:|1783534387\n|teamsize|p1|6\n|teamsize|p2|6\n|start\n|switch|p1a: Komala|Komala, L87, F|255/255\n|switch|p2a: Enamorus|Enamorus, L79, F|100/100\n|-ability|p1a: Komala|Comatose\n|turn|1\n|inactive|Battle timer is ON: inactive players will automatically lose when time's up. (requested by p0x097cc84)\n|inactive|p0y0971cf9 also wants the timer to be on.\n|\n|t:|1783534389\n|move|p2a: Enamorus|Superpower|p1a: Komala\n|-supereffective|p1a: Komala\n|-damage|p1a: Komala|53/255\n|-boost|p2a: Enamorus|atk|1\n|-boost|p2a: Enamorus|def|1\n|move|p1a: Komala|Body Slam|p2a: Enamorus\n|-damage|p2a: Enamorus|60/100\n|-status|p2a: Enamorus|par\n|\n|-heal|p2a: Enamorus|66/100 par|[from] item: Leftovers\n|upkeep\n|turn|2\n|inactive|Time left: 300 sec this turn | 300 sec total\n|\n|t:|1783534390\n|move|p1a: Komala|Body Slam|p2a: Enamorus\n|-damage|p2a: Enamorus|26/100 par\n|cant|p2a: Enamorus|par\n|\n|-heal|p2a: Enamorus|32/100 par|[from] item: Leftovers\n|upkeep\n|turn|3\n|inactive|Time left: 300 sec this turn | 300 sec total\n|\n|t:|1783534391\n|move|p1a: Komala|Body Slam|p2a: Enamorus\n|-damage|p2a: Enamorus|0 fnt\n|faint|p2a: Enamorus\n|\n|upkeep\n|\n|t:|1783534391\n|switch|p2a: Medicham|Medicham, L86, M|100/100\n|turn|4\n|inactive|Time left: 300 sec this turn | 300 sec total\n|\n|t:|1783534393\n|move|p2a: Medicham|Zen Headbutt|p1a: Komala\n|-damage|p1a: Komala|0 fnt\n|faint|p1a: Komala\n|\n|upkeep\n|inactive|Time left: 300 sec this turn | 300 sec total | 5 sec grace\n|\n|t:|1783534394\n|switch|p1a: Noivern|Noivern, L82, F|274/274\n|turn|5\n|inactive|Time left: 300 sec this turn | 300 sec total\n|\n|t:|1783534395\n|move|p1a: Noivern|Hurricane|p2a: Medicham|[miss]\n|-miss|p1a: Noivern|p2a: Medicham\n|move|p2a: Medicham|Zen Headbutt|p1a: Noivern\n|-damage|p1a: Noivern|58/274\n|\n|upkeep\n|turn|6\n|inactive|Time left: 300 sec this turn | 300 sec total\n|\n|t:|1783534396\n|switch|p2a: Registeel|Registeel, L81|100/100\n|move|p1a: Noivern|Hurricane|p2a: Registeel\n|-resisted|p2a: Registeel\n|-damage|p2a: Registeel|79/100\n|\n|upkeep\n|turn|7\n|inactive|Time left: 300 sec this turn | 300 sec total\n|\n|t:|1783534397\n|move|p1a: Noivern|Hurricane|p2a: Registeel\n|-resisted|p2a: Registeel\n|-damage|p2a: Registeel|59/100\n|move|p2a: Registeel|Iron Head|p1a: Noivern\n|-damage|p1a: Noivern|0 fnt\n|faint|p1a: Noivern\n|\n|upkeep\n|inactive|Time left: 300 sec this turn | 300 sec total | 5 sec grace\n|\n|t:|1783534397\n|switch|p1a: Vikavolt|Vikavolt, L83, F|263/263\n|turn|8\n|inactive|Time left: 300 sec this turn | 300 sec total\n|\n|t:|1783534399\n|move|p2a: Registeel|Rest|p2a: Registeel\n|-status|p2a: Registeel|slp|[from] move: Rest\n|-heal|p2a: Registeel|100/100 slp|[silent]\n|-enditem|p2a: Registeel|Chesto Berry|[eat]\n|-curestatus|p2a: Registeel|slp|[msg]\n|move|p1a: Vikavolt|Sticky Web|p2a: Registeel\n|-sidestart|p2: p0y0971cf9|move: Sticky Web\n|\n|upkeep\n|turn|9\n|inactive|Time left: 300 sec this turn | 300 sec total\n|\n|t:|1783534399\n|move|p2a: Registeel|Iron Defense|p2a: Registeel\n|-boost|p2a: Registeel|def|2\n|move|p1a: Vikavolt|Thunderbolt|p2a: Registeel\n|-damage|p2a: Registeel|66/100\n|\n|upkeep\n|turn|10\n|inactive|Time left: 300 sec this turn | 300 sec total\n|\n|t:|1783534400\n|move|p2a: Registeel|Body Press|p1a: Vikavolt\n|-resisted|p1a: Vikavolt\n|-damage|p1a: Vikavolt|185/263\n|move|p1a: Vikavolt|Thunderbolt|p2a: Registeel\n|-damage|p2a: Registeel|30/100\n|\n|upkeep\n|turn|11\n|inactive|Time left: 300 sec this turn | 300 sec total\n|\n|t:|1783534401\n|move|p2a: Registeel|Rest|p2a: Registeel\n|-status|p2a: Registeel|slp|[from] move: Rest\n|-heal|p2a: Registeel|100/100 slp|[silent]\n|move|p1a: Vikavolt|Thunderbolt|p2a: Registeel\n|-damage|p2a: Registeel|70/100 slp\n|\n|upkeep\n|turn|12\n|inactive|Time left: 300 sec this turn | 300 sec total\n|\n|t:|1783534402\n|cant|p2a: Registeel|slp\n|move|p1a: Vikavolt|Thunderbolt|p2a: Registeel\n|-damage|p2a: Registeel|36/100 slp\n|\n|upkeep\n|turn|13\n|inactive|Time left: 300 sec this turn | 300 sec total\n|\n|t:|1783534403\n|cant|p2a: Registeel|slp\n|move|p1a: Vikavolt|Thunderbolt|p2a: Registeel\n|-damage|p2a: Registeel|5/100 slp\n|\n|upkeep\n|turn|14\n|inactive|Time left: 300 sec this turn | 300 sec total\n|\n|t:|1783534404\n|-curestatus|p2a: Registeel|slp|[msg]\n|move|p2a: Registeel|Rest|p2a: Registeel\n|-status|p2a: Registeel|slp|[from] move: Rest\n|-heal|p2a: Registeel|100/100 slp|[silent]\n|move|p1a: Vikavolt|Thunderbolt|p2a: Registeel\n|-damage|p2a: Registeel|68/100 slp\n|\n|upkeep\n|turn|15\n|inactive|Time left: 300 sec this turn | 300 sec total\n|\n|t:|1783534405\n|cant|p2a: Registeel|slp\n|move|p1a: Vikavolt|Thunderbolt|p2a: Registeel\n|-damage|p2a: Registeel|37/100 slp\n|\n|upkeep\n|turn|16\n|inactive|Time left: 300 sec this turn | 300 sec total\n|\n|t:|1783534406\n|cant|p2a: Registeel|slp\n|move|p1a: Vikavolt|Thunderbolt|p2a: Registeel\n|-damage|p2a: Registeel|4/100 slp\n|\n|upkeep\n|turn|17\n|inactive|Time left: 300 sec this turn | 300 sec total\n|\n|t:|1783534408\n|-curestatus|p2a: Registeel|slp|[msg]\n|move|p2a: Registeel|Rest|p2a: Registeel\n|-status|p2a: Registeel|slp|[from] move: Rest\n|-heal|p2a: Registeel|100/100 slp|[silent]\n|move|p1a: Vikavolt|Bug Buzz|p2a: Registeel\n|-resisted|p2a: Registeel\n|-damage|p2a: Registeel|85/100 slp\n|\n|upkeep\n|turn|18\n|inactive|Time left: 300 sec this turn | 300 sec total\n|\n|t:|1783534409\n|cant|p2a: Registeel|slp\n|move|p1a: Vikavolt|Thunderbolt|p2a: Registeel\n|-damage|p2a: Registeel|53/100 slp\n|\n|upkeep\n|turn|19\n|inactive|Time left: 300 sec this turn | 300 sec total\n|\n|t:|1783534410\n|cant|p2a: Registeel|slp\n|move|p1a: Vikavolt|Thunderbolt|p2a: Registeel\n|-damage|p2a: Registeel|17/100 slp\n|\n|upkeep\n|turn|20\n|inactive|Time left: 300 sec this turn | 300 sec total\n|\n|t:|1783534411\n|-curestatus|p2a: Registeel|slp|[msg]\n|move|p2a: Registeel|Rest|p2a: Registeel\n|-status|p2a: Registeel|slp|[from] move: Rest\n|-heal|p2a: Registeel|100/100 slp|[silent]\n|move|p1a: Vikavolt|Thunderbolt|p2a: Registeel\n|-damage|p2a: Registeel|65/100 slp\n|\n|upkeep\n|turn|21\n|inactive|Time left: 300 sec this turn | 300 sec total\n|\n|t:|1783534412\n|cant|p2a: Registeel|slp\n|move|p1a: Vikavolt|Thunderbolt|p2a: Registeel\n|-damage|p2a: Registeel|30/100 slp\n|\n|upkeep\n|turn|22\n|inactive|Time left: 300 sec this turn | 300 sec total\n|\n|t:|1783534413\n|cant|p2a: Registeel|slp\n|move|p1a: Vikavolt|Thunderbolt|p2a: Registeel\n|-damage|p2a: Registeel|0 fnt\n|faint|p2a: Registeel\n|\n|upkeep\n|\n|t:|1783534414\n|switch|p2a: Medicham|Medicham, L86, M|100/100\n|-activate|p2a: Medicham|move: Sticky Web\n|-unboost|p2a: Medicham|spe|1\n|turn|23\n|inactive|Time left: 300 sec this turn | 300 sec total\n|\n|t:|1783534416\n|move|p2a: Medicham|Zen Headbutt|p1a: Vikavolt\n|-damage|p1a: Vikavolt|0 fnt\n|faint|p1a: Vikavolt\n|\n|upkeep\n|inactive|Time left: 300 sec this turn | 300 sec total | 5 sec grace\n|\n|t:|1783534417\n|switch|p1a: Cloyster|Cloyster, L80, F|211/211\n|turn|24\n|inactive|Time left: 300 sec this turn | 300 sec total\n|\n|t:|1783534418\n|move|p1a: Cloyster|Shell Smash|p1a: Cloyster\n|-unboost|p1a: Cloyster|def|1\n|-unboost|p1a: Cloyster|spd|1\n|-boost|p1a: Cloyster|atk|2\n|-boost|p1a: Cloyster|spa|2\n|-boost|p1a: Cloyster|spe|2\n|-enditem|p1a: Cloyster|White Herb\n|-clearnegativeboost|p1a: Cloyster|[silent]\n|move|p2a: Medicham|Zen Headbutt|p1a: Cloyster\n|-damage|p1a: Cloyster|108/211\n|\n|upkeep\n|turn|25\n|inactive|Time left: 300 sec this turn | 300 sec total\n|\n|t:|1783534419\n|switch|p2a: Sandslash|Sandslash-Alola, L88, M|100/100\n|-activate|p2a: Sandslash|move: Sticky Web\n|-unboost|p2a: Sandslash|spe|1\n|move|p1a: Cloyster|Icicle Spear|p2a: Sandslash\n|-resisted|p2a: Sandslash\n|-damage|p2a: Sandslash|97/100\n|-resisted|p2a: Sandslash\n|-damage|p2a: Sandslash|94/100\n|-resisted|p2a: Sandslash\n|-damage|p2a: Sandslash|91/100\n|-resisted|p2a: Sandslash\n|-damage|p2a: Sandslash|88/100\n|-resisted|p2a: Sandslash\n|-damage|p2a: Sandslash|85/100\n|-hitcount|p2a: Sandslash|5\n|\n|-heal|p2a: Sandslash|91/100|[from] item: Leftovers\n|upkeep\n|turn|26\n|inactive|Time left: 300 sec this turn | 300 sec total\n|\n|t:|1783534420\n|move|p1a: Cloyster|Drill Run|p2a: Sandslash\n|-supereffective|p2a: Sandslash\n|-damage|p2a: Sandslash|37/100\n|move|p2a: Sandslash|Rapid Spin|p1a: Cloyster\n|-damage|p1a: Cloyster|85/211\n|-boost|p2a: Sandslash|spe|1\n|-sideend|p2: p0y0971cf9|Sticky Web|[from] move: Rapid Spin|[of] p2a: Sandslash\n|\n|-heal|p2a: Sandslash|43/100|[from] item: Leftovers\n|upkeep\n|turn|27\n|inactive|Time left: 300 sec this turn | 300 sec total\n|\n|t:|1783534421\n|-terastallize|p2a: Sandslash|Ground\n|move|p1a: Cloyster|Drill Run|p2a: Sandslash\n|-damage|p2a: Sandslash|13/100\n|move|p2a: Sandslash|Earthquake|p1a: Cloyster\n|-damage|p1a: Cloyster|18/211\n|\n|-heal|p2a: Sandslash|19/100|[from] item: Leftovers\n|upkeep\n|turn|28\n|inactive|Time left: 300 sec this turn | 300 sec total\n|\n|t:|1783534423\n|move|p1a: Cloyster|Rock Blast|p2a: Sandslash\n|-resisted|p2a: Sandslash\n|-damage|p2a: Sandslash|15/100\n|-resisted|p2a: Sandslash\n|-damage|p2a: Sandslash|11/100\n|-resisted|p2a: Sandslash\n|-damage|p2a: Sandslash|6/100\n|-resisted|p2a: Sandslash\n|-damage|p2a: Sandslash|2/100\n|-resisted|p2a: Sandslash\n|-damage|p2a: Sandslash|0 fnt\n|faint|p2a: Sandslash\n|-hitcount|p2: Sandslash|5\n|\n|upkeep\n|\n|t:|1783534424\n|switch|p2a: Medicham|Medicham, L86, M|100/100\n|turn|29\n|inactive|Time left: 300 sec this turn | 300 sec total\n|\n|t:|1783534425\n|move|p2a: Medicham|Bullet Punch|p1a: Cloyster\n|-damage|p1a: Cloyster|0 fnt\n|faint|p1a: Cloyster\n|\n|upkeep\n|inactive|Time left: 300 sec this turn | 300 sec total | 5 sec grace\n|\n|t:|1783534426\n|switch|p1a: Feraligatr|Feraligatr, L79, F|264/264\n|turn|30\n|inactive|Time left: 300 sec this turn | 300 sec total\n|\n|t:|1783534427\n|switch|p2a: Rotom|Rotom-Mow, L87|100/100\n|move|p1a: Feraligatr|Dragon Dance|p1a: Feraligatr\n|-boost|p1a: Feraligatr|atk|1\n|-boost|p1a: Feraligatr|spe|1\n|\n|upkeep\n|turn|31\n|inactive|Time left: 300 sec this turn | 300 sec total\n|\n|t:|1783534428\n|switch|p1a: Crabominable|Crabominable, L90, F|321/321\n|move|p2a: Rotom|Thunderbolt|p1a: Crabominable\n|-damage|p1a: Crabominable|239/321\n|\n|upkeep\n|turn|32\n|inactive|Time left: 300 sec this turn | 300 sec total\n|\n|t:|1783534429\n|move|p2a: Rotom|Will-O-Wisp|p1a: Crabominable\n|-status|p1a: Crabominable|brn\n|move|p1a: Crabominable|Ice Hammer|p2a: Rotom\n|-supereffective|p2a: Rotom\n|-damage|p2a: Rotom|33/100\n|-unboost|p1a: Crabominable|spe|1\n|\n|-heal|p2a: Rotom|39/100|[from] item: Leftovers\n|-damage|p1a: Crabominable|219/321 brn|[from] brn\n|upkeep\n|turn|33\n|inactive|Time left: 300 sec this turn | 300 sec total\n|\n|t:|1783534430\n|move|p2a: Rotom|Nasty Plot|p2a: Rotom\n|-boost|p2a: Rotom|spa|2\n|move|p1a: Crabominable|Knock Off|p2a: Rotom\n|-damage|p2a: Rotom|20/100\n|-enditem|p2a: Rotom|Leftovers|[from] move: Knock Off|[of] p1a: Crabominable\n|\n|-damage|p1a: Crabominable|199/321 brn|[from] brn\n|upkeep\n|turn|34\n|inactive|Time left: 300 sec this turn | 300 sec total\n|\n|t:|1783534431\n|switch|p1a: Feraligatr|Feraligatr, L79, F|264/264\n|move|p2a: Rotom|Leaf Storm|p1a: Feraligatr|[miss]\n|-miss|p2a: Rotom|p1a: Feraligatr\n|\n|upkeep\n|turn|35\n|inactive|Time left: 300 sec this turn | 300 sec total\n|\n|t:|1783534432\n|switch|p1a: Crabominable|Crabominable, L90, F|199/321 brn\n|move|p2a: Rotom|Thunderbolt|p1a: Crabominable\n|-damage|p1a: Crabominable|30/321 brn\n|\n|-damage|p1a: Crabominable|10/321 brn|[from] brn\n|upkeep\n|turn|36\n|inactive|Time left: 300 sec this turn | 300 sec total\n|\n|t:|1783534433\n|move|p2a: Rotom|Thunderbolt|p1a: Crabominable\n|-damage|p1a: Crabominable|0 fnt\n|faint|p1a: Crabominable\n|\n|upkeep\n|inactive|Time left: 300 sec this turn | 300 sec total | 5 sec grace\n|\n|t:|1783534434\n|switch|p1a: Feraligatr|Feraligatr, L79, F|264/264\n|turn|37\n|inactive|Time left: 300 sec this turn | 300 sec total\n|\n|t:|1783534434\n|-terastallize|p1a: Feraligatr|Water\n|move|p2a: Rotom|Thunderbolt|p1a: Feraligatr\n|-supereffective|p1a: Feraligatr\n|-damage|p1a: Feraligatr|0 fnt\n|faint|p1a: Feraligatr\n|\n|win|p0y0971cf9", "uploadtime": 1783534434, "views": 0, "rating": 0, "private": 0, "password": null, "_winner": "p0y0971cf9", "_our_name": "p0x097cc84"}