{"id": "battle-gen9randombattle-369", "formatid": "gen9randombattle", "format": "[Gen 9] Random Battle", "players": ["p0x369263a", "p0y3698306"], "log": "|init|battle\n|title|p0x369263a vs. p0y3698306\n|j|\u2606p0x369263a\n|j|\u2606p0y3698306\n|t:|1783543396\n|gametype|singles\n|player|p1|p0x369263a|2|\n|player|p2|p0y3698306|1|\n|gen|9\n|tier|[Gen 9] Random Battle\n|rule|Species Clause: Limit one of each Pok\u00e9mon\n|rule|HP Percentage Mod: HP is shown in percentages\n|rule|Sleep Clause Mod: Limit one foe put to sleep\n|rule|Illusion Level Mod: Illusion disguises the Pok\u00e9mon's true level\n|\n|t:|1783543396\n|teamsize|p1|6\n|teamsize|p2|6\n|start\n|switch|p1a: Appletun|Appletun, L92, F|100/100\n|switch|p2a: Koraidon|Koraidon, L64|235/235\n|-weather|SunnyDay|[from] ability: Orichalcum Pulse|[of] p2a: Koraidon\n|-activate|p2a: Koraidon|Orichalcum Pulse|[source]\n|turn|1\n|inactive|Battle timer is ON: inactive players will automatically lose when time's up. (requested by p0x369263a)\n|inactive|Time left: 300 sec this turn | 300 sec total | 60 sec grace\n|inactive|p0y3698306 also wants the timer to be on.\n|\n|t:|1783543398\n|move|p2a: Koraidon|Outrage|p1a: Appletun\n|-supereffective|p1a: Appletun\n|-damage|p1a: Appletun|0 fnt\n|faint|p1a: Appletun\n|\n|-weather|SunnyDay|[upkeep]\n|upkeep\n|\n|t:|1783543399\n|switch|p1a: Dodrio|Dodrio, L85, F|100/100\n|turn|2\n|inactive|Time left: 300 sec this turn | 300 sec total\n|\n|t:|1783543400\n|move|p1a: Dodrio|Brave Bird|p2a: Koraidon\n|-supereffective|p2a: Koraidon\n|-damage|p2a: Koraidon|0 fnt\n|faint|p2a: Koraidon\n|-damage|p1a: Dodrio|68/100|[from] Recoil\n|\n|-weather|SunnyDay|[upkeep]\n|upkeep\n|inactive|Time left: 300 sec this turn | 300 sec total | 5 sec grace\n|\n|t:|1783543401\n|switch|p2a: Salazzle|Salazzle, L83, F|249/249\n|turn|3\n|inactive|Time left: 300 sec this turn | 300 sec total\n|\n|t:|1783543403\n|switch|p1a: Kyogre|Kyogre, L71|100/100\n|-weather|RainDance|[from] ability: Drizzle|[of] p1a: Kyogre\n|move|p2a: Salazzle|Flamethrower|p1a: Kyogre\n|-resisted|p1a: Kyogre\n|-damage|p1a: Kyogre|92/100\n|\n|-weather|RainDance|[upkeep]\n|upkeep\n|turn|4\n|inactive|Time left: 300 sec this turn | 300 sec total\n|\n|t:|1783543404\n|switch|p2a: Clawitzer|Clawitzer, L87, F|265/265\n|move|p1a: Kyogre|Water Spout|p2a: Clawitzer\n|-resisted|p2a: Clawitzer\n|-damage|p2a: Clawitzer|193/265\n|\n|-weather|RainDance|[upkeep]\n|upkeep\n|turn|5\n|inactive|Time left: 300 sec this turn | 300 sec total\n|\n|t:|1783543405\n|move|p1a: Kyogre|Water Spout|p2a: Clawitzer\n|-resisted|p2a: Clawitzer\n|-crit|p2a: Clawitzer\n|-damage|p2a: Clawitzer|84/265\n|move|p2a: Clawitzer|Water Pulse|p1a: Kyogre\n|-resisted|p1a: Kyogre\n|-damage|p1a: Kyogre|63/100\n|\n|-weather|RainDance|[upkeep]\n|upkeep\n|turn|6\n|inactive|Time left: 300 sec this turn | 300 sec total\n|\n|t:|1783543406\n|move|p1a: Kyogre|Water Spout|p2a: Clawitzer\n|-resisted|p2a: Clawitzer\n|-damage|p2a: Clawitzer|30/265\n|move|p2a: Clawitzer|Water Pulse|p1a: Kyogre\n|-resisted|p1a: Kyogre\n|-damage|p1a: Kyogre|36/100\n|-start|p1a: Kyogre|confusion\n|\n|-weather|RainDance|[upkeep]\n|upkeep\n|turn|7\n|inactive|Time left: 300 sec this turn | 300 sec total\n|\n|t:|1783543407\n|-activate|p1a: Kyogre|confusion\n|move|p1a: Kyogre|Water Spout|p2a: Clawitzer\n|-resisted|p2a: Clawitzer\n|-damage|p2a: Clawitzer|0 fnt\n|faint|p2a: Clawitzer\n|\n|-weather|none\n|upkeep\n|inactive|Time left: 300 sec this turn | 300 sec total | 5 sec grace\n|\n|t:|1783543408\n|switch|p2a: Sawsbuck|Sawsbuck-Autumn, L88, M|284/284\n|turn|8\n|inactive|Time left: 300 sec this turn | 300 sec total\n|\n|t:|1783543409\n|switch|p1a: Dodrio|Dodrio, L85, F|68/100\n|move|p2a: Sawsbuck|Double-Edge|p1a: Dodrio\n|-damage|p1a: Dodrio|0 fnt\n|faint|p1a: Dodrio\n|-damage|p2a: Sawsbuck|230/284|[from] Recoil\n|-damage|p2a: Sawsbuck|202/284|[from] item: Life Orb\n|\n|upkeep\n|\n|t:|1783543410\n|switch|p1a: Gumshoos|Gumshoos, L95, F|100/100\n|turn|9\n|inactive|Time left: 300 sec this turn | 300 sec total\n|\n|t:|1783543411\n|move|p2a: Sawsbuck|Double-Edge|p1a: Gumshoos\n|-damage|p1a: Gumshoos|33/100\n|-damage|p2a: Sawsbuck|130/284|[from] Recoil\n|-damage|p2a: Sawsbuck|102/284|[from] item: Life Orb\n|move|p1a: Gumshoos|U-turn|p2a: Sawsbuck\n|-supereffective|p2a: Sawsbuck\n|-damage|p2a: Sawsbuck|0 fnt\n|faint|p2a: Sawsbuck\n|\n|t:|1783543412\n|switch|p1a: Iron Thorns|Iron Thorns, L83|100/100|[from] U-turn\n|-enditem|p1a: Iron Thorns|Booster Energy\n|-activate|p1a: Iron Thorns|ability: Quark Drive|[fromitem]\n|-start|p1a: Iron Thorns|quarkdriveatk\n|\n|upkeep\n|inactive|Time left: 300 sec this turn | 300 sec total | 10 sec grace\n|\n|t:|1783543412\n|switch|p2a: Milotic|Milotic, L83, F|293/293\n|turn|10\n|inactive|Time left: 300 sec this turn | 300 sec total\n|\n|t:|1783543413\n|move|p2a: Milotic|Scald|p1a: Iron Thorns\n|-supereffective|p1a: Iron Thorns\n|-damage|p1a: Iron Thorns|39/100\n|move|p1a: Iron Thorns|Wild Charge|p2a: Milotic\n|-supereffective|p2a: Milotic\n|-damage|p2a: Milotic|0 fnt\n|faint|p2a: Milotic\n|-damage|p1a: Iron Thorns|15/100|[from] Recoil\n|\n|upkeep\n|inactive|Time left: 300 sec this turn | 300 sec total | 5 sec grace\n|\n|t:|1783543414\n|switch|p2a: Salazzle|Salazzle, L83, F|249/249\n|turn|11\n|inactive|Time left: 300 sec this turn | 300 sec total\n|\n|t:|1783543414\n|-end|p1a: Iron Thorns|Quark Drive|[silent]\n|switch|p1a: Kyogre|Kyogre, L71|36/100\n|-weather|RainDance|[from] ability: Drizzle|[of] p1a: Kyogre\n|move|p2a: Salazzle|Substitute|p2a: Salazzle\n|-start|p2a: Salazzle|Substitute\n|-damage|p2a: Salazzle|187/249\n|\n|-weather|RainDance|[upkeep]\n|-heal|p2a: Salazzle|202/249|[from] item: Leftovers\n|upkeep\n|turn|12\n|inactive|Time left: 300 sec this turn | 300 sec total\n|\n|t:|1783543415\n|move|p2a: Salazzle|Protect|p2a: Salazzle\n|-singleturn|p2a: Salazzle|Protect\n|move|p1a: Kyogre|Origin Pulse|p2a: Salazzle\n|-activate|p2a: Salazzle|move: Protect\n|\n|-weather|RainDance|[upkeep]\n|-heal|p2a: Salazzle|217/249|[from] item: Leftovers\n|upkeep\n|turn|13\n|inactive|Time left: 300 sec this turn | 300 sec total\n|\n|t:|1783543416\n|move|p1a: Kyogre|Origin Pulse|p2a: Salazzle\n|-supereffective|p2a: Salazzle\n|-end|p2a: Salazzle|Substitute\n|move|p2a: Salazzle|Toxic|p1a: Kyogre\n|-status|p1a: Kyogre|tox\n|\n|-weather|RainDance|[upkeep]\n|-heal|p2a: Salazzle|232/249|[from] item: Leftovers\n|-damage|p1a: Kyogre|30/100 tox|[from] psn\n|upkeep\n|turn|14\n|inactive|Time left: 300 sec this turn | 300 sec total\n|\n|t:|1783543417\n|move|p2a: Salazzle|Protect|p2a: Salazzle\n|-singleturn|p2a: Salazzle|Protect\n|move|p1a: Kyogre|Origin Pulse|p2a: Salazzle\n|-activate|p2a: Salazzle|move: Protect\n|\n|-weather|RainDance|[upkeep]\n|-heal|p2a: Salazzle|247/249|[from] item: Leftovers\n|-damage|p1a: Kyogre|18/100 tox|[from] psn\n|upkeep\n|turn|15\n|inactive|Time left: 300 sec this turn | 300 sec total\n|\n|t:|1783543417\n|move|p2a: Salazzle|Protect|p2a: Salazzle\n|-singleturn|p2a: Salazzle|Protect\n|move|p1a: Kyogre|Origin Pulse|p2a: Salazzle\n|-activate|p2a: Salazzle|move: Protect\n|\n|-weather|none\n|-heal|p2a: Salazzle|249/249|[from] item: Leftovers\n|-damage|p1a: Kyogre|0 fnt|[from] psn\n|faint|p1a: Kyogre\n|upkeep\n|\n|t:|1783543418\n|switch|p1a: Houndstone|Houndstone, L86, F|100/100\n|turn|16\n|inactive|Time left: 300 sec this turn | 300 sec total\n|\n|t:|1783543419\n|move|p2a: Salazzle|Flamethrower|p1a: Houndstone\n|-damage|p1a: Houndstone|30/100\n|move|p1a: Houndstone|Poltergeist|p2a: Salazzle\n|-activate|p2a: Salazzle|move: Poltergeist|Leftovers\n|-damage|p2a: Salazzle|83/249\n|\n|-heal|p2a: Salazzle|98/249|[from] item: Leftovers\n|-heal|p1a: Houndstone|36/100|[from] item: Leftovers\n|upkeep\n|turn|17\n|inactive|Time left: 300 sec this turn | 300 sec total\n|\n|t:|1783543420\n|move|p2a: Salazzle|Flamethrower|p1a: Houndstone\n|-damage|p1a: Houndstone|0 fnt\n|faint|p1a: Houndstone\n|\n|-heal|p2a: Salazzle|113/249|[from] item: Leftovers\n|upkeep\n|\n|t:|1783543421\n|switch|p1a: Gumshoos|Gumshoos, L95, F|33/100\n|turn|18\n|inactive|Time left: 300 sec this turn | 300 sec total\n|\n|t:|1783543422\n|move|p2a: Salazzle|Flamethrower|p1a: Gumshoos\n|-damage|p1a: Gumshoos|0 fnt\n|faint|p1a: Gumshoos\n|\n|-heal|p2a: Salazzle|128/249|[from] item: Leftovers\n|upkeep\n|\n|t:|1783543422\n|switch|p1a: Iron Thorns|Iron Thorns, L83|15/100\n|turn|19\n|inactive|Time left: 300 sec this turn | 300 sec total\n|\n|t:|1783543423\n|-terastallize|p1a: Iron Thorns|Flying\n|move|p2a: Salazzle|Toxic|p1a: Iron Thorns\n|-status|p1a: Iron Thorns|tox\n|move|p1a: Iron Thorns|Dragon Dance|p1a: Iron Thorns\n|-boost|p1a: Iron Thorns|atk|1\n|-boost|p1a: Iron Thorns|spe|1\n|\n|-heal|p2a: Salazzle|143/249|[from] item: Leftovers\n|-damage|p1a: Iron Thorns|9/100 tox|[from] psn\n|upkeep\n|turn|20\n|inactive|Time left: 300 sec this turn | 300 sec total\n|\n|t:|1783543424\n|move|p1a: Iron Thorns|Stone Edge|p2a: Salazzle\n|-supereffective|p2a: Salazzle\n|-damage|p2a: Salazzle|0 fnt\n|faint|p2a: Salazzle\n|\n|-damage|p1a: Iron Thorns|0 fnt|[from] psn\n|faint|p1a: Iron Thorns\n|-end|p1a: Iron Thorns|Quark Drive|[silent]\n|\n|win|p0y3698306", "uploadtime": 1783543424, "views": 0, "rating": 0, "private": 0, "password": null, "_winner": "p0y3698306", "_our_name": "p0y3698306"}