{"id": "battle-gen9randombattle-2815", "formatid": "gen9randombattle", "format": "[Gen 9] Random Battle", "players": ["p0x28153c2a", "p0y28159fc6"], "log": "|init|battle\n|title|p0x28153c2a vs. p0y28159fc6\n|j|\u2606p0x28153c2a\n|j|\u2606p0y28159fc6\n|t:|1783571442\n|gametype|singles\n|player|p1|p0x28153c2a|102|\n|player|p2|p0y28159fc6|266|\n|gen|9\n|tier|[Gen 9] Random Battle\n|rule|Species Clause: Limit one of each Pok\u00e9mon\n|rule|HP Percentage Mod: HP is shown in percentages\n|rule|Sleep Clause Mod: Limit one foe put to sleep\n|rule|Illusion Level Mod: Illusion disguises the Pok\u00e9mon's true level\n|\n|t:|1783571442\n|teamsize|p1|6\n|teamsize|p2|6\n|start\n|switch|p1a: Dialga|Dialga, L73|266/266\n|switch|p2a: Comfey|Comfey, L85, M|100/100\n|-ability|p1a: Dialga|Pressure\n|turn|1\n|inactive|Battle timer is ON: inactive players will automatically lose when time's up. (requested by p0y28159fc6)\n|inactive|Time left: 300 sec this turn | 300 sec total | 60 sec grace\n|\n|t:|1783571443\n|switch|p2a: Ursaluna|Ursaluna, L79, M|100/100\n|move|p1a: Dialga|Stealth Rock|p2a: Ursaluna\n|-sidestart|p2: p0y28159fc6|move: Stealth Rock\n|\n|-status|p2a: Ursaluna|brn|[from] item: Flame Orb\n|upkeep\n|turn|2\n|inactive|Time left: 300 sec this turn | 300 sec total\n|inactive|p0x28153c2a also wants the timer to be on.\n|\n|t:|1783571445\n|move|p1a: Dialga|Fire Blast|p2a: Ursaluna\n|-damage|p2a: Ursaluna|73/100 brn\n|move|p2a: Ursaluna|Headlong Rush|p1a: Dialga\n|-supereffective|p1a: Dialga\n|-damage|p1a: Dialga|0 fnt\n|-unboost|p2a: Ursaluna|def|1\n|-unboost|p2a: Ursaluna|spd|1\n|faint|p1a: Dialga\n|\n|-damage|p2a: Ursaluna|67/100 brn|[from] brn\n|upkeep\n|inactive|Time left: 300 sec this turn | 300 sec total | 5 sec grace\n|\n|t:|1783571446\n|switch|p1a: Glastrier|Glastrier, L86|311/311\n|turn|3\n|inactive|Time left: 300 sec this turn | 300 sec total\n|\n|t:|1783571447\n|switch|p2a: Whiscash|Whiscash, L88, F|100/100\n|-damage|p2a: Whiscash|94/100|[from] Stealth Rock\n|move|p1a: Glastrier|Icicle Crash|p2a: Whiscash|[miss]\n|-miss|p1a: Glastrier|p2a: Whiscash\n|\n|-heal|p2a: Whiscash|100/100|[from] item: Leftovers\n|upkeep\n|turn|4\n|inactive|Time left: 300 sec this turn | 300 sec total\n|\n|t:|1783571448\n|move|p2a: Whiscash|Stealth Rock|p1a: Glastrier\n|-sidestart|p1: p0x28153c2a|move: Stealth Rock\n|move|p1a: Glastrier|Icicle Crash|p2a: Whiscash\n|-damage|p2a: Whiscash|40/100\n|\n|-heal|p2a: Whiscash|46/100|[from] item: Leftovers\n|upkeep\n|turn|5\n|inactive|Time left: 300 sec this turn | 300 sec total\n|\n|t:|1783571449\n|move|p2a: Whiscash|Earthquake|p1a: Glastrier\n|-damage|p1a: Glastrier|242/311\n|move|p1a: Glastrier|Icicle Crash|p2a: Whiscash\n|-damage|p2a: Whiscash|0 fnt\n|faint|p2a: Whiscash\n|-ability|p1a: Glastrier|Chilling Neigh|boost\n|-boost|p1a: Glastrier|atk|1\n|\n|upkeep\n|\n|t:|1783571450\n|switch|p2a: Ursaluna|Ursaluna, L79, M|67/100 brn\n|-damage|p2a: Ursaluna|61/100 brn|[from] Stealth Rock\n|turn|6\n|inactive|Time left: 300 sec this turn | 300 sec total\n|\n|t:|1783571451\n|-terastallize|p2a: Ursaluna|Normal\n|move|p2a: Ursaluna|Facade|p1a: Glastrier\n|-damage|p1a: Glastrier|0 fnt\n|faint|p1a: Glastrier\n|\n|-damage|p2a: Ursaluna|55/100 brn|[from] brn\n|upkeep\n|inactive|Time left: 300 sec this turn | 300 sec total | 5 sec grace\n|\n|t:|1783571452\n|switch|p1a: Mewtwo|Mewtwo, L72|272/272\n|-damage|p1a: Mewtwo|238/272|[from] Stealth Rock\n|-ability|p1a: Mewtwo|Pressure\n|turn|7\n|inactive|Time left: 300 sec this turn | 300 sec total\n|\n|t:|1783571453\n|move|p1a: Mewtwo|Aura Sphere|p2a: Ursaluna\n|-supereffective|p2a: Ursaluna\n|-damage|p2a: Ursaluna|3/100 brn\n|-damage|p1a: Mewtwo|211/272|[from] item: Life Orb\n|move|p2a: Ursaluna|Facade|p1a: Mewtwo\n|-damage|p1a: Mewtwo|0 fnt\n|faint|p1a: Mewtwo\n|\n|-damage|p2a: Ursaluna|0 fnt|[from] brn\n|faint|p2a: Ursaluna\n|upkeep\n|inactive|Time left: 300 sec this turn | 300 sec total | 5 sec grace\n|\n|t:|1783571454\n|switch|p1a: Metagross|Metagross, L79|256/256\n|switch|p2a: Passimian|Passimian, L83, F|100/100\n|-damage|p2a: Passimian|95/100|[from] Stealth Rock\n|-damage|p1a: Metagross|240/256|[from] Stealth Rock\n|turn|8\n|inactive|Time left: 300 sec this turn | 300 sec total\n|\n|t:|1783571455\n|move|p2a: Passimian|Knock Off|p1a: Metagross\n|-supereffective|p1a: Metagross\n|-damage|p1a: Metagross|118/256\n|-enditem|p1a: Metagross|Weakness Policy\n|-boost|p1a: Metagross|atk|2|[from] item: Weakness Policy\n|-boost|p1a: Metagross|spa|2|[from] item: Weakness Policy\n|move|p1a: Metagross|Heavy Slam|p2a: Passimian\n|-damage|p2a: Passimian|3/100\n|\n|upkeep\n|turn|9\n|inactive|Time left: 300 sec this turn | 300 sec total\n|\n|t:|1783571456\n|move|p2a: Passimian|Knock Off|p1a: Metagross\n|-supereffective|p1a: Metagross\n|-damage|p1a: Metagross|28/256\n|move|p1a: Metagross|Agility|p1a: Metagross\n|-boost|p1a: Metagross|spe|2\n|\n|upkeep\n|turn|10\n|inactive|Time left: 300 sec this turn | 300 sec total\n|\n|t:|1783571457\n|move|p1a: Metagross|Heavy Slam|p2a: Passimian\n|-damage|p2a: Passimian|0 fnt\n|faint|p2a: Passimian\n|\n|upkeep\n|\n|t:|1783571458\n|switch|p2a: Smeargle|Smeargle, L95, F|100/100\n|-damage|p2a: Smeargle|88/100|[from] Stealth Rock\n|turn|11\n|inactive|Time left: 300 sec this turn | 300 sec total\n|\n|t:|1783571459\n|move|p1a: Metagross|Heavy Slam|p2a: Smeargle\n|-damage|p2a: Smeargle|0 fnt\n|faint|p2a: Smeargle\n|\n|upkeep\n|\n|t:|1783571459\n|switch|p2a: Comfey|Comfey, L85, M|100/100\n|-damage|p2a: Comfey|88/100|[from] Stealth Rock\n|turn|12\n|inactive|Time left: 300 sec this turn | 300 sec total\n|\n|t:|1783571460\n|move|p2a: Comfey|Draining Kiss|p1a: Metagross\n|-resisted|p1a: Metagross\n|-damage|p1a: Metagross|4/256\n|-heal|p2a: Comfey|96/100|[from] drain|[of] p1a: Metagross\n|move|p1a: Metagross|Heavy Slam|p2a: Comfey\n|-supereffective|p2a: Comfey\n|-damage|p2a: Comfey|0 fnt\n|faint|p2a: Comfey\n|\n|upkeep\n|\n|t:|1783571461\n|switch|p2a: Serperior|Serperior, L79, M|100/100\n|-damage|p2a: Serperior|88/100|[from] Stealth Rock\n|turn|13\n|inactive|Time left: 300 sec this turn | 300 sec total\n|\n|t:|1783571462\n|-terastallize|p1a: Metagross|Ground\n|move|p1a: Metagross|Heavy Slam|p2a: Serperior\n|-damage|p2a: Serperior|0 fnt\n|faint|p2a: Serperior\n|\n|win|p0x28153c2a", "uploadtime": 1783571462, "views": 0, "rating": 0, "private": 0, "password": null, "_winner": "p0x28153c2a", "_our_name": "p0x28153c2a"}