{"id": "battle-gen9randombattle-1414", "formatid": "gen9randombattle", "format": "[Gen 9] Random Battle", "players": ["p0x1414848c", "p0y1414e0c4"], "log": "|init|battle\n|title|p0x1414848c vs. p0y1414e0c4\n|j|\u2606p0x1414848c\n|j|\u2606p0y1414e0c4\n|t:|1783556477\n|gametype|singles\n|player|p1|p0x1414848c|169|\n|player|p2|p0y1414e0c4|170|\n|gen|9\n|tier|[Gen 9] Random Battle\n|rule|Species Clause: Limit one of each Pok\u00e9mon\n|rule|HP Percentage Mod: HP is shown in percentages\n|rule|Sleep Clause Mod: Limit one foe put to sleep\n|rule|Illusion Level Mod: Illusion disguises the Pok\u00e9mon's true level\n|\n|t:|1783556477\n|teamsize|p1|6\n|teamsize|p2|6\n|start\n|switch|p1a: Swalot|Swalot, L90, F|326/326\n|switch|p2a: Emboar|Emboar, L84, M|100/100\n|turn|1\n|inactive|Battle timer is ON: inactive players will automatically lose when time's up. (requested by p0x1414848c)\n|\n|t:|1783556479\n|move|p2a: Emboar|Flare Blitz|p1a: Swalot\n|-damage|p1a: Swalot|139/326\n|-damage|p2a: Emboar|81/100|[from] Recoil\n|move|p1a: Swalot|Swords Dance|p1a: Swalot\n|-boost|p1a: Swalot|atk|2\n|\n|-heal|p2a: Emboar|87/100|[from] item: Leftovers\n|-heal|p1a: Swalot|159/326|[from] item: Leftovers\n|upkeep\n|turn|2\n|inactive|Time left: 300 sec this turn | 300 sec total\n|inactive|p0y1414e0c4 also wants the timer to be on.\n|\n|t:|1783556480\n|move|p2a: Emboar|Flare Blitz|p1a: Swalot\n|-damage|p1a: Swalot|0 fnt\n|faint|p1a: Swalot\n|-damage|p2a: Emboar|71/100|[from] Recoil\n|\n|-heal|p2a: Emboar|78/100|[from] item: Leftovers\n|upkeep\n|inactive|Time left: 300 sec this turn | 300 sec total | 5 sec grace\n|\n|t:|1783556481\n|switch|p1a: Ninetales|Ninetales-Alola, L78, M|242/242\n|-weather|Snowscape|[from] ability: Snow Warning|[of] p1a: Ninetales\n|turn|3\n|inactive|Time left: 300 sec this turn | 300 sec total\n|\n|t:|1783556483\n|move|p1a: Ninetales|Aurora Veil|p1a: Ninetales\n|-sidestart|p1: p0x1414848c|move: Aurora Veil\n|move|p2a: Emboar|Flare Blitz|p1a: Ninetales\n|-supereffective|p1a: Ninetales\n|-damage|p1a: Ninetales|94/242\n|-damage|p2a: Emboar|62/100|[from] Recoil\n|\n|-weather|Snowscape|[upkeep]\n|-heal|p2a: Emboar|69/100|[from] item: Leftovers\n|upkeep\n|turn|4\n|inactive|Time left: 300 sec this turn | 300 sec total\n|\n|t:|1783556484\n|move|p1a: Ninetales|Moonblast|p2a: Emboar\n|-damage|p2a: Emboar|39/100\n|move|p2a: Emboar|Bulk Up|p2a: Emboar\n|-boost|p2a: Emboar|atk|1\n|-boost|p2a: Emboar|def|1\n|\n|-weather|Snowscape|[upkeep]\n|-heal|p2a: Emboar|46/100|[from] item: Leftovers\n|upkeep\n|turn|5\n|inactive|Time left: 300 sec this turn | 300 sec total\n|\n|t:|1783556485\n|move|p1a: Ninetales|Moonblast|p2a: Emboar\n|-damage|p2a: Emboar|17/100\n|-unboost|p2a: Emboar|spa|1\n|move|p2a: Emboar|Flare Blitz|p1a: Ninetales\n|-supereffective|p1a: Ninetales\n|-damage|p1a: Ninetales|0 fnt\n|faint|p1a: Ninetales\n|-damage|p2a: Emboar|8/100|[from] Recoil\n|\n|-weather|Snowscape|[upkeep]\n|-heal|p2a: Emboar|14/100|[from] item: Leftovers\n|upkeep\n|inactive|Time left: 300 sec this turn | 300 sec total | 5 sec grace\n|\n|t:|1783556486\n|switch|p1a: Mismagius|Mismagius, L86, M|243/243\n|turn|6\n|inactive|Time left: 300 sec this turn | 300 sec total\n|\n|t:|1783556487\n|switch|p2a: Dudunsparce|Dudunsparce, L83, F|100/100\n|move|p1a: Mismagius|Shadow Ball|p2a: Dudunsparce\n|-immune|p2a: Dudunsparce\n|\n|-weather|Snowscape|[upkeep]\n|upkeep\n|turn|7\n|inactive|Time left: 300 sec this turn | 300 sec total\n|\n|t:|1783556488\n|move|p1a: Mismagius|Shadow Ball|p2a: Dudunsparce\n|-immune|p2a: Dudunsparce\n|move|p2a: Dudunsparce|Calm Mind|p2a: Dudunsparce\n|-boost|p2a: Dudunsparce|spa|1\n|-boost|p2a: Dudunsparce|spd|1\n|\n|-weather|none\n|upkeep\n|turn|8\n|inactive|Time left: 300 sec this turn | 300 sec total\n|\n|t:|1783556489\n|switch|p1a: Arboliva|Arboliva, L91, F|290/290\n|move|p2a: Dudunsparce|Calm Mind|p2a: Dudunsparce\n|-boost|p2a: Dudunsparce|spa|1\n|-boost|p2a: Dudunsparce|spd|1\n|\n|upkeep\n|turn|9\n|inactive|Time left: 300 sec this turn | 300 sec total\n|\n|t:|1783556490\n|move|p2a: Dudunsparce|Calm Mind|p2a: Dudunsparce\n|-boost|p2a: Dudunsparce|spa|1\n|-boost|p2a: Dudunsparce|spd|1\n|move|p1a: Arboliva|Strength Sap|p2a: Dudunsparce\n|-unboost|p2a: Dudunsparce|atk|1\n|\n|upkeep\n|turn|10\n|inactive|Time left: 300 sec this turn | 300 sec total\n|\n|t:|1783556491\n|move|p2a: Dudunsparce|Calm Mind|p2a: Dudunsparce\n|-boost|p2a: Dudunsparce|spa|1\n|-boost|p2a: Dudunsparce|spd|1\n|move|p1a: Arboliva|Strength Sap|p2a: Dudunsparce\n|-unboost|p2a: Dudunsparce|atk|1\n|\n|-sideend|p1: p0x1414848c|move: Aurora Veil\n|upkeep\n|turn|11\n|inactive|Time left: 300 sec this turn | 300 sec total\n|\n|t:|1783556492\n|switch|p1a: Mismagius|Mismagius, L86, M|243/243\n|move|p2a: Dudunsparce|Boomburst|p1a: Mismagius\n|-immune|p1a: Mismagius\n|\n|upkeep\n|turn|12\n|inactive|Time left: 300 sec this turn | 300 sec total\n|\n|t:|1783556492\n|move|p1a: Mismagius|Mystical Fire|p2a: Dudunsparce\n|-damage|p2a: Dudunsparce|91/100\n|-unboost|p2a: Dudunsparce|spa|1\n|move|p2a: Dudunsparce|Shadow Ball|p1a: Mismagius\n|-supereffective|p1a: Mismagius\n|-damage|p1a: Mismagius|19/243\n|-unboost|p1a: Mismagius|spd|1\n|\n|-heal|p2a: Dudunsparce|97/100|[from] item: Leftovers\n|upkeep\n|turn|13\n|inactive|Time left: 300 sec this turn | 300 sec total\n|\n|t:|1783556494\n|move|p1a: Mismagius|Mystical Fire|p2a: Dudunsparce\n|-damage|p2a: Dudunsparce|86/100\n|-unboost|p2a: Dudunsparce|spa|1\n|move|p2a: Dudunsparce|Shadow Ball|p1a: Mismagius\n|-supereffective|p1a: Mismagius\n|-damage|p1a: Mismagius|0 fnt\n|faint|p1a: Mismagius\n|\n|-heal|p2a: Dudunsparce|92/100|[from] item: Leftovers\n|upkeep\n|inactive|Time left: 300 sec this turn | 300 sec total | 5 sec grace\n|\n|t:|1783556494\n|switch|p1a: Keldeo|Keldeo-Resolute, L79|273/273\n|turn|14\n|inactive|Time left: 300 sec this turn | 300 sec total\n|\n|t:|1783556495\n|move|p1a: Keldeo|Secret Sword|p2a: Dudunsparce\n|-supereffective|p2a: Dudunsparce\n|-damage|p2a: Dudunsparce|27/100\n|move|p2a: Dudunsparce|Boomburst|p1a: Keldeo\n|-damage|p1a: Keldeo|0 fnt\n|faint|p1a: Keldeo\n|\n|-heal|p2a: Dudunsparce|33/100|[from] item: Leftovers\n|upkeep\n|inactive|Time left: 300 sec this turn | 300 sec total | 5 sec grace\n|\n|t:|1783556496\n|switch|p1a: Enamorus|Enamorus-Therian, L83, F|259/259\n|turn|15\n|inactive|Time left: 300 sec this turn | 300 sec total\n|\n|t:|1783556497\n|move|p2a: Dudunsparce|Boomburst|p1a: Enamorus\n|-damage|p1a: Enamorus|90/259\n|move|p1a: Enamorus|Superpower|p2a: Dudunsparce\n|-supereffective|p2a: Dudunsparce\n|-damage|p2a: Dudunsparce|0 fnt\n|-unboost|p1a: Enamorus|atk|1\n|-unboost|p1a: Enamorus|def|1\n|faint|p2a: Dudunsparce\n|\n|upkeep\n|\n|t:|1783556498\n|switch|p2a: Emboar|Emboar, L84, M|14/100\n|turn|16\n|inactive|Time left: 300 sec this turn | 300 sec total\n|\n|t:|1783556499\n|move|p2a: Emboar|Flare Blitz|p1a: Enamorus\n|-damage|p1a: Enamorus|0 fnt\n|faint|p1a: Enamorus\n|-damage|p2a: Emboar|5/100|[from] Recoil\n|\n|-heal|p2a: Emboar|11/100|[from] item: Leftovers\n|upkeep\n|inactive|Time left: 300 sec this turn | 300 sec total | 5 sec grace\n|\n|t:|1783556500\n|switch|p1a: Arboliva|Arboliva, L91, F|290/290\n|turn|17\n|inactive|Time left: 300 sec this turn | 300 sec total\n|\n|t:|1783556501\n|-terastallize|p1a: Arboliva|Ground\n|move|p2a: Emboar|Flare Blitz|p1a: Arboliva\n|-damage|p1a: Arboliva|109/290\n|-fieldstart|move: Grassy Terrain|[from] ability: Seed Sower|[of] p1a: Arboliva\n|-damage|p2a: Emboar|0 fnt|[from] Recoil\n|faint|p2a: Emboar\n|move|p1a: Arboliva|Strength Sap|p2: Emboar|[notarget]\n|-fail|p1a: Arboliva\n|\n|-heal|p1a: Arboliva|127/290|[from] Grassy Terrain\n|-heal|p1a: Arboliva|145/290|[from] item: Leftovers\n|upkeep\n|\n|t:|1783556501\n|switch|p2a: Poliwrath|Poliwrath, L88, M|100/100\n|turn|18\n|inactive|Time left: 300 sec this turn | 300 sec total\n|\n|t:|1783556502\n|-terastallize|p2a: Poliwrath|Steel\n|move|p2a: Poliwrath|Liquidation|p1a: Arboliva\n|-supereffective|p1a: Arboliva\n|-damage|p1a: Arboliva|0 fnt\n|faint|p1a: Arboliva\n|\n|win|p0y1414e0c4", "uploadtime": 1783556502, "views": 0, "rating": 0, "private": 0, "password": null, "_winner": "p0y1414e0c4", "_our_name": "p0x1414848c"}