{"id": "battle-gen9randombattle-1473", "formatid": "gen9randombattle", "format": "[Gen 9] Random Battle", "players": ["p0x1473411f", "p0y1473f217"], "log": "|init|battle\n|title|p0x1473411f vs. p0y1473f217\n|j|\u2606p0x1473411f\n|j|\u2606p0y1473f217\n|t:|1783557153\n|gametype|singles\n|player|p1|p0x1473411f|266|\n|player|p2|p0y1473f217|2|\n|gen|9\n|tier|[Gen 9] Random Battle\n|rule|Species Clause: Limit one of each Pok\u00e9mon\n|rule|HP Percentage Mod: HP is shown in percentages\n|rule|Sleep Clause Mod: Limit one foe put to sleep\n|rule|Illusion Level Mod: Illusion disguises the Pok\u00e9mon's true level\n|\n|t:|1783557153\n|teamsize|p1|6\n|teamsize|p2|6\n|start\n|switch|p1a: Kingambit|Kingambit, L74, M|100/100\n|switch|p2a: Furret|Furret, L94, F|312/312\n|-item|p1a: Kingambit|Leftovers|[from] ability: Frisk|[of] p2a: Furret\n|turn|1\n|inactive|Battle timer is ON: inactive players will automatically lose when time's up. (requested by p0x1473411f)\n|inactive|Time left: 300 sec this turn | 300 sec total | 60 sec grace\n|inactive|p0y1473f217 also wants the timer to be on.\n|\n|t:|1783557154\n|switch|p2a: Luxray|Luxray, L88, M|283/283\n|move|p1a: Kingambit|Swords Dance|p1a: Kingambit\n|-boost|p1a: Kingambit|atk|2\n|\n|-status|p2a: Luxray|brn|[from] item: Flame Orb\n|upkeep\n|turn|2\n|inactive|Time left: 300 sec this turn | 300 sec total\n|\n|t:|1783557156\n|move|p2a: Luxray|Supercell Slam|p1a: Kingambit\n|-damage|p1a: Kingambit|38/100\n|move|p1a: Kingambit|Kowtow Cleave|p2a: Luxray\n|-damage|p2a: Luxray|102/283 brn\n|\n|-heal|p1a: Kingambit|44/100|[from] item: Leftovers\n|-damage|p2a: Luxray|85/283 brn|[from] brn\n|upkeep\n|turn|3\n|inactive|Time left: 300 sec this turn | 300 sec total\n|\n|t:|1783557157\n|switch|p2a: Reshiram|Reshiram, L76|277/277\n|-ability|p2a: Reshiram|Turboblaze\n|move|p1a: Kingambit|Sucker Punch||[still]\n|-fail|p1a: Kingambit\n|\n|-heal|p1a: Kingambit|50/100|[from] item: Leftovers\n|upkeep\n|turn|4\n|inactive|Time left: 300 sec this turn | 300 sec total\n|\n|t:|1783557158\n|move|p1a: Kingambit|Sucker Punch|p2a: Reshiram\n|-damage|p2a: Reshiram|123/277\n|move|p2a: Reshiram|Flare Blitz|p1a: Kingambit\n|-supereffective|p1a: Kingambit\n|-damage|p1a: Kingambit|0 fnt\n|faint|p1a: Kingambit\n|-end|p1a: Kingambit|fallenundefined|[silent]\n|-damage|p2a: Reshiram|79/277|[from] Recoil\n|\n|upkeep\n|\n|t:|1783557159\n|switch|p1a: Flutter Mane|Flutter Mane, L74|100/100\n|turn|5\n|inactive|Time left: 300 sec this turn | 300 sec total\n|\n|t:|1783557160\n|switch|p2a: Grafaiai|Grafaiai, L86, F|249/249\n|move|p1a: Flutter Mane|Moonblast|p2a: Grafaiai\n|-resisted|p2a: Grafaiai\n|-damage|p2a: Grafaiai|162/249\n|-unboost|p2a: Grafaiai|spa|1\n|\n|upkeep\n|turn|6\n|inactive|Time left: 300 sec this turn | 300 sec total\n|\n|t:|1783557161\n|move|p1a: Flutter Mane|Moonblast|p2a: Grafaiai\n|-resisted|p2a: Grafaiai\n|-damage|p2a: Grafaiai|78/249\n|move|p2a: Grafaiai|Gunk Shot|p1a: Flutter Mane\n|-damage|p1a: Flutter Mane|4/100\n|-status|p1a: Flutter Mane|psn\n|\n|-damage|p1a: Flutter Mane|0 fnt|[from] psn\n|faint|p1a: Flutter Mane\n|-end|p1a: Flutter Mane|Protosynthesis|[silent]\n|upkeep\n|\n|t:|1783557162\n|switch|p1a: Crawdaunt|Crawdaunt, L84, F|100/100\n|turn|7\n|inactive|Time left: 300 sec this turn | 300 sec total\n|\n|t:|1783557163\n|move|p1a: Crawdaunt|Aqua Jet|p2a: Grafaiai\n|-damage|p2a: Grafaiai|0 fnt\n|faint|p2a: Grafaiai\n|-damage|p1a: Crawdaunt|91/100|[from] item: Life Orb\n|\n|upkeep\n|inactive|Time left: 300 sec this turn | 300 sec total | 5 sec grace\n|\n|t:|1783557164\n|switch|p2a: Virizion|Virizion, L82|283/283\n|turn|8\n|inactive|Time left: 300 sec this turn | 300 sec total\n|\n|t:|1783557165\n|switch|p1a: Wyrdeer|Wyrdeer, L87, F|100/100\n|-ability|p1a: Wyrdeer|Intimidate|boost\n|-unboost|p2a: Virizion|atk|1\n|move|p2a: Virizion|Leaf Blade|p1a: Wyrdeer\n|-damage|p1a: Wyrdeer|76/100\n|-damage|p2a: Virizion|255/283|[from] item: Life Orb\n|\n|upkeep\n|turn|9\n|inactive|Time left: 300 sec this turn | 300 sec total\n|\n|t:|1783557166\n|move|p2a: Virizion|Swords Dance|p2a: Virizion\n|-boost|p2a: Virizion|atk|2\n|move|p1a: Wyrdeer|Body Slam|p2a: Virizion\n|-damage|p2a: Virizion|144/283\n|-status|p2a: Virizion|par\n|\n|upkeep\n|turn|10\n|inactive|Time left: 300 sec this turn | 300 sec total\n|\n|t:|1783557167\n|move|p1a: Wyrdeer|Psychic Noise|p2a: Virizion\n|-supereffective|p2a: Virizion\n|-damage|p2a: Virizion|0 fnt\n|faint|p2a: Virizion\n|\n|upkeep\n|inactive|Time left: 300 sec this turn | 300 sec total | 5 sec grace\n|\n|t:|1783557168\n|switch|p2a: Furret|Furret, L94, F|312/312\n|-item|p1a: Wyrdeer|Assault Vest|[from] ability: Frisk|[of] p2a: Furret\n|turn|11\n|inactive|Time left: 300 sec this turn | 300 sec total\n|\n|t:|1783557169\n|switch|p1a: Sudowoodo|Sudowoodo, L94, F|100/100\n|move|p2a: Furret|Double-Edge|p1a: Sudowoodo\n|-resisted|p1a: Sudowoodo\n|-damage|p1a: Sudowoodo|75/100\n|-damage|p2a: Furret|289/312|[from] Recoil\n|\n|-heal|p1a: Sudowoodo|81/100|[from] item: Leftovers\n|upkeep\n|turn|12\n|inactive|Time left: 300 sec this turn | 300 sec total\n|\n|t:|1783557170\n|move|p2a: Furret|Double-Edge|p1a: Sudowoodo\n|-resisted|p1a: Sudowoodo\n|-damage|p1a: Sudowoodo|57/100\n|-damage|p2a: Furret|266/312|[from] Recoil\n|move|p1a: Sudowoodo|Head Smash|p2a: Furret|[miss]\n|-miss|p1a: Sudowoodo|p2a: Furret\n|\n|-heal|p1a: Sudowoodo|63/100|[from] item: Leftovers\n|upkeep\n|turn|13\n|inactive|Time left: 300 sec this turn | 300 sec total\n|\n|t:|1783557171\n|move|p2a: Furret|Double-Edge|p1a: Sudowoodo\n|-resisted|p1a: Sudowoodo\n|-damage|p1a: Sudowoodo|40/100\n|-damage|p2a: Furret|245/312|[from] Recoil\n|move|p1a: Sudowoodo|Head Smash|p2a: Furret\n|-damage|p2a: Furret|22/312\n|\n|-heal|p1a: Sudowoodo|46/100|[from] item: Leftovers\n|upkeep\n|turn|14\n|inactive|Time left: 300 sec this turn | 300 sec total\n|\n|t:|1783557172\n|move|p1a: Sudowoodo|Sucker Punch|p2a: Furret\n|-damage|p2a: Furret|0 fnt\n|faint|p2a: Furret\n|\n|-heal|p1a: Sudowoodo|52/100|[from] item: Leftovers\n|upkeep\n|inactive|Time left: 300 sec this turn | 300 sec total | 5 sec grace\n|\n|t:|1783557172\n|switch|p2a: Reshiram|Reshiram, L76|79/277\n|-ability|p2a: Reshiram|Turboblaze\n|turn|15\n|inactive|Time left: 300 sec this turn | 300 sec total\n|\n|t:|1783557173\n|move|p2a: Reshiram|Outrage|p1a: Sudowoodo\n|-damage|p1a: Sudowoodo|21/100\n|move|p1a: Sudowoodo|Head Smash|p2a: Reshiram\n|-supereffective|p2a: Reshiram\n|-damage|p2a: Reshiram|0 fnt\n|faint|p2a: Reshiram\n|\n|-heal|p1a: Sudowoodo|27/100|[from] item: Leftovers\n|upkeep\n|inactive|Time left: 300 sec this turn | 300 sec total | 5 sec grace\n|\n|t:|1783557174\n|switch|p2a: Spectrier|Spectrier, L75|274/274\n|turn|16\n|inactive|Time left: 300 sec this turn | 300 sec total\n|\n|t:|1783557175\n|switch|p1a: Wyrdeer|Wyrdeer, L87, F|76/100\n|-ability|p1a: Wyrdeer|Intimidate|boost\n|-unboost|p2a: Spectrier|atk|1\n|move|p2a: Spectrier|Dark Pulse|p1a: Wyrdeer\n|-supereffective|p1a: Wyrdeer\n|-damage|p1a: Wyrdeer|37/100\n|-damage|p2a: Spectrier|247/274|[from] item: Life Orb\n|\n|upkeep\n|turn|17\n|inactive|Time left: 300 sec this turn | 300 sec total\n|\n|t:|1783557175\n|move|p2a: Spectrier|Nasty Plot|p2a: Spectrier\n|-boost|p2a: Spectrier|spa|2\n|move|p1a: Wyrdeer|Psychic Noise|p2a: Spectrier\n|-damage|p2a: Spectrier|145/274\n|-start|p2a: Spectrier|move: Heal Block\n|\n|upkeep\n|turn|18\n|inactive|Time left: 300 sec this turn | 300 sec total\n|\n|t:|1783557176\n|move|p2a: Spectrier|Dark Pulse|p1a: Wyrdeer\n|-supereffective|p1a: Wyrdeer\n|-damage|p1a: Wyrdeer|0 fnt\n|faint|p1a: Wyrdeer\n|-ability|p2a: Spectrier|Grim Neigh|boost\n|-boost|p2a: Spectrier|spa|1\n|-damage|p2a: Spectrier|118/274|[from] item: Life Orb\n|\n|-end|p2a: Spectrier|move: Heal Block\n|upkeep\n|\n|t:|1783557177\n|switch|p1a: Crawdaunt|Crawdaunt, L84, F|91/100\n|turn|19\n|inactive|Time left: 300 sec this turn | 300 sec total\n|\n|t:|1783557178\n|-terastallize|p2a: Spectrier|Fairy\n|-terastallize|p1a: Crawdaunt|Water\n|move|p1a: Crawdaunt|Aqua Jet|p2a: Spectrier\n|-damage|p2a: Spectrier|0 fnt\n|faint|p2a: Spectrier\n|-damage|p1a: Crawdaunt|81/100|[from] item: Life Orb\n|\n|upkeep\n|inactive|Time left: 300 sec this turn | 300 sec total | 5 sec grace\n|\n|t:|1783557178\n|switch|p2a: Luxray|Luxray, L88, M|85/283 brn\n|turn|20\n|inactive|Time left: 300 sec this turn | 300 sec total\n|\n|t:|1783557179\n|move|p1a: Crawdaunt|Aqua Jet|p2a: Luxray\n|-damage|p2a: Luxray|0 fnt\n|faint|p2a: Luxray\n|-damage|p1a: Crawdaunt|71/100|[from] item: Life Orb\n|\n|win|p0x1473411f", "uploadtime": 1783557179, "views": 0, "rating": 0, "private": 0, "password": null, "_winner": "p0x1473411f", "_our_name": "p0y1473f217"}