{"id": "battle-gen9randombattle-193", "formatid": "gen9randombattle", "format": "[Gen 9] Random Battle", "players": ["p0x19328f8", "p0y1932ac0"], "log": "|init|battle\n|title|p0x19328f8 vs. p0y1932ac0\n|j|\u2606p0x19328f8\n|j|\u2606p0y1932ac0\n|t:|1783535996\n|gametype|singles\n|player|p1|p0x19328f8|1|\n|player|p2|p0y1932ac0|265|\n|gen|9\n|tier|[Gen 9] Random Battle\n|rule|Species Clause: Limit one of each Pok\u00e9mon\n|rule|HP Percentage Mod: HP is shown in percentages\n|rule|Sleep Clause Mod: Limit one foe put to sleep\n|rule|Illusion Level Mod: Illusion disguises the Pok\u00e9mon's true level\n|\n|t:|1783535996\n|teamsize|p1|6\n|teamsize|p2|6\n|start\n|switch|p1a: Miraidon|Miraidon, L65|238/238\n|switch|p2a: Gurdurr|Gurdurr, L85, F|100/100\n|-fieldstart|move: Electric Terrain|[from] ability: Hadron Engine|[of] p1a: Miraidon\n|turn|1\n|inactive|Battle timer is ON: inactive players will automatically lose when time's up. (requested by p0x19328f8)\n|inactive|p0y1932ac0 also wants the timer to be on.\n|\n|t:|1783535997\n|move|p1a: Miraidon|Electro Drift|p2a: Gurdurr\n|-damage|p2a: Gurdurr|30/100\n|-damage|p1a: Miraidon|215/238|[from] item: Life Orb\n|move|p2a: Gurdurr|Drain Punch|p1a: Miraidon\n|-damage|p1a: Miraidon|109/238\n|-heal|p2a: Gurdurr|49/100|[from] drain|[of] p1a: Miraidon\n|\n|upkeep\n|turn|2\n|inactive|Time left: 300 sec this turn | 300 sec total\n|\n|t:|1783535998\n|switch|p2a: Hydrapple|Hydrapple, L83, F|100/100\n|move|p1a: Miraidon|Electro Drift|p2a: Hydrapple\n|-resisted|p2a: Hydrapple\n|-damage|p2a: Hydrapple|84/100\n|-damage|p1a: Miraidon|86/238|[from] item: Life Orb\n|\n|upkeep\n|turn|3\n|inactive|Time left: 300 sec this turn | 300 sec total\n|\n|t:|1783535999\n|switch|p2a: Scream Tail|Scream Tail, L84|100/100\n|move|p1a: Miraidon|Dragon Pulse|p2a: Scream Tail\n|-immune|p2a: Scream Tail\n|\n|upkeep\n|turn|4\n|inactive|Time left: 300 sec this turn | 300 sec total\n|\n|t:|1783536000\n|switch|p1a: Espathra|Espathra, L80, M|283/283\n|move|p2a: Scream Tail|Dazzling Gleam|p1a: Espathra\n|-damage|p1a: Espathra|204/283\n|\n|upkeep\n|turn|5\n|inactive|Time left: 300 sec this turn | 300 sec total\n|\n|t:|1783536001\n|move|p2a: Scream Tail|Dazzling Gleam|p1a: Espathra\n|-damage|p1a: Espathra|120/283\n|move|p1a: Espathra|Lumina Crash|p2a: Scream Tail\n|-resisted|p2a: Scream Tail\n|-damage|p2a: Scream Tail|85/100\n|-unboost|p2a: Scream Tail|spd|2\n|\n|-heal|p2a: Scream Tail|91/100|[from] item: Leftovers\n|-fieldend|move: Electric Terrain\n|-ability|p1a: Espathra|Speed Boost|boost\n|-boost|p1a: Espathra|spe|1\n|upkeep\n|turn|6\n|inactive|Time left: 300 sec this turn | 300 sec total\n|\n|t:|1783536003\n|move|p1a: Espathra|Lumina Crash|p2a: Scream Tail\n|-resisted|p2a: Scream Tail\n|-damage|p2a: Scream Tail|64/100\n|-unboost|p2a: Scream Tail|spd|2\n|move|p2a: Scream Tail|Dazzling Gleam|p1a: Espathra\n|-damage|p1a: Espathra|27/283\n|\n|-heal|p2a: Scream Tail|70/100|[from] item: Leftovers\n|-ability|p1a: Espathra|Speed Boost|boost\n|-boost|p1a: Espathra|spe|1\n|upkeep\n|turn|7\n|inactive|Time left: 300 sec this turn | 300 sec total\n|\n|t:|1783536004\n|move|p1a: Espathra|Lumina Crash|p2a: Scream Tail\n|-resisted|p2a: Scream Tail\n|-damage|p2a: Scream Tail|24/100\n|-unboost|p2a: Scream Tail|spd|2\n|move|p2a: Scream Tail|Dazzling Gleam|p1a: Espathra\n|-damage|p1a: Espathra|0 fnt\n|faint|p1a: Espathra\n|\n|-heal|p2a: Scream Tail|30/100|[from] item: Leftovers\n|upkeep\n|inactive|Time left: 300 sec this turn | 300 sec total | 5 sec grace\n|\n|t:|1783536004\n|switch|p1a: Porygon-Z|Porygon-Z, L83|277/277\n|-ability|p1a: Porygon-Z|Download|boost\n|-boost|p1a: Porygon-Z|spa|1\n|turn|8\n|inactive|Time left: 300 sec this turn | 300 sec total\n|\n|t:|1783536006\n|-end|p2a: Scream Tail|Protosynthesis|[silent]\n|switch|p2a: Dusknoir|Dusknoir, L89, M|100/100\n|-item|p1a: Porygon-Z|Choice Scarf|[from] ability: Frisk|[of] p2a: Dusknoir\n|move|p1a: Porygon-Z|Tri Attack|p2a: Dusknoir\n|-immune|p2a: Dusknoir\n|\n|upkeep\n|turn|9\n|inactive|Time left: 300 sec this turn | 300 sec total\n|\n|t:|1783536006\n|move|p1a: Porygon-Z|Tri Attack|p2a: Dusknoir\n|-immune|p2a: Dusknoir\n|move|p2a: Dusknoir|Poltergeist|p1a: Porygon-Z\n|-immune|p1a: Porygon-Z\n|\n|upkeep\n|turn|10\n|inactive|Time left: 300 sec this turn | 300 sec total\n|\n|t:|1783536007\n|move|p1a: Porygon-Z|Tri Attack|p2a: Dusknoir\n|-immune|p2a: Dusknoir\n|move|p2a: Dusknoir|Will-O-Wisp|p1a: Porygon-Z\n|-status|p1a: Porygon-Z|brn\n|\n|-damage|p1a: Porygon-Z|260/277 brn|[from] brn\n|upkeep\n|turn|11\n|inactive|Time left: 300 sec this turn | 300 sec total\n|\n|t:|1783536008\n|move|p1a: Porygon-Z|Tri Attack|p2a: Dusknoir\n|-immune|p2a: Dusknoir\n|move|p2a: Dusknoir|Poltergeist|p1a: Porygon-Z\n|-immune|p1a: Porygon-Z\n|\n|-damage|p1a: Porygon-Z|243/277 brn|[from] brn\n|upkeep\n|turn|12\n|inactive|Time left: 300 sec this turn | 300 sec total\n|\n|t:|1783536009\n|move|p1a: Porygon-Z|Tri Attack|p2a: Dusknoir\n|-immune|p2a: Dusknoir\n|move|p2a: Dusknoir|Poltergeist|p1a: Porygon-Z\n|-immune|p1a: Porygon-Z\n|\n|-damage|p1a: Porygon-Z|226/277 brn|[from] brn\n|upkeep\n|turn|13\n|inactive|Time left: 300 sec this turn | 300 sec total\n|\n|t:|1783536010\n|move|p1a: Porygon-Z|Tri Attack|p2a: Dusknoir\n|-immune|p2a: Dusknoir\n|move|p2a: Dusknoir|Poltergeist|p1a: Porygon-Z\n|-immune|p1a: Porygon-Z\n|\n|-damage|p1a: Porygon-Z|209/277 brn|[from] brn\n|upkeep\n|turn|14\n|inactive|Time left: 300 sec this turn | 300 sec total\n|\n|t:|1783536011\n|move|p1a: Porygon-Z|Tri Attack|p2a: Dusknoir\n|-immune|p2a: Dusknoir\n|move|p2a: Dusknoir|Poltergeist|p1a: Porygon-Z\n|-immune|p1a: Porygon-Z\n|\n|-damage|p1a: Porygon-Z|192/277 brn|[from] brn\n|upkeep\n|turn|15\n|inactive|Time left: 300 sec this turn | 300 sec total\n|\n|t:|1783536012\n|move|p1a: Porygon-Z|Tri Attack|p2a: Dusknoir\n|-immune|p2a: Dusknoir\n|move|p2a: Dusknoir|Will-O-Wisp|p1a: Porygon-Z\n|-fail|p1a: Porygon-Z|brn\n|\n|-damage|p1a: Porygon-Z|175/277 brn|[from] brn\n|upkeep\n|turn|16\n|inactive|Time left: 300 sec this turn | 300 sec total\n|\n|t:|1783536013\n|move|p1a: Porygon-Z|Tri Attack|p2a: Dusknoir\n|-immune|p2a: Dusknoir\n|move|p2a: Dusknoir|Poltergeist|p1a: Porygon-Z\n|-immune|p1a: Porygon-Z\n|\n|-damage|p1a: Porygon-Z|158/277 brn|[from] brn\n|upkeep\n|turn|17\n|inactive|Time left: 300 sec this turn | 300 sec total\n|\n|t:|1783536014\n|move|p1a: Porygon-Z|Tri Attack|p2a: Dusknoir\n|-immune|p2a: Dusknoir\n|move|p2a: Dusknoir|Poltergeist|p1a: Porygon-Z\n|-immune|p1a: Porygon-Z\n|\n|-damage|p1a: Porygon-Z|141/277 brn|[from] brn\n|upkeep\n|turn|18\n|inactive|Time left: 300 sec this turn | 300 sec total\n|\n|t:|1783536015\n|move|p1a: Porygon-Z|Tri Attack|p2a: Dusknoir\n|-immune|p2a: Dusknoir\n|move|p2a: Dusknoir|Poltergeist|p1a: Porygon-Z\n|-immune|p1a: Porygon-Z\n|\n|-damage|p1a: Porygon-Z|124/277 brn|[from] brn\n|upkeep\n|turn|19\n|inactive|Time left: 300 sec this turn | 300 sec total\n|\n|t:|1783536016\n|move|p2a: Dusknoir|Shadow Sneak|p1a: Porygon-Z\n|-immune|p1a: Porygon-Z\n|move|p1a: Porygon-Z|Tri Attack|p2a: Dusknoir\n|-immune|p2a: Dusknoir\n|\n|-damage|p1a: Porygon-Z|107/277 brn|[from] brn\n|upkeep\n|turn|20\n|inactive|Time left: 300 sec this turn | 300 sec total\n|\n|t:|1783536017\n|move|p1a: Porygon-Z|Tri Attack|p2a: Dusknoir\n|-immune|p2a: Dusknoir\n|move|p2a: Dusknoir|Will-O-Wisp|p1a: Porygon-Z|[miss]\n|-miss|p2a: Dusknoir|p1a: Porygon-Z\n|\n|-damage|p1a: Porygon-Z|90/277 brn|[from] brn\n|upkeep\n|turn|21\n|inactive|Time left: 300 sec this turn | 300 sec total\n|\n|t:|1783536018\n|move|p2a: Dusknoir|Shadow Sneak|p1a: Porygon-Z\n|-immune|p1a: Porygon-Z\n|move|p1a: Porygon-Z|Tri Attack|p2a: Dusknoir\n|-immune|p2a: Dusknoir\n|\n|-damage|p1a: Porygon-Z|73/277 brn|[from] brn\n|upkeep\n|turn|22\n|inactive|Time left: 300 sec this turn | 300 sec total\n|\n|t:|1783536019\n|move|p1a: Porygon-Z|Tri Attack|p2a: Dusknoir\n|-immune|p2a: Dusknoir\n|move|p2a: Dusknoir|Will-O-Wisp|p1a: Porygon-Z\n|-fail|p1a: Porygon-Z|brn\n|\n|-damage|p1a: Porygon-Z|56/277 brn|[from] brn\n|upkeep\n|turn|23\n|inactive|Time left: 300 sec this turn | 300 sec total\n|\n|t:|1783536020\n|move|p1a: Porygon-Z|Tri Attack|p2a: Dusknoir\n|-immune|p2a: Dusknoir\n|move|p2a: Dusknoir|Will-O-Wisp|p1a: Porygon-Z\n|-fail|p1a: Porygon-Z|brn\n|\n|-damage|p1a: Porygon-Z|39/277 brn|[from] brn\n|upkeep\n|turn|24\n|inactive|Time left: 300 sec this turn | 300 sec total\n|\n|t:|1783536021\n|switch|p1a: Gouging Fire|Gouging Fire, L74|277/277\n|move|p2a: Dusknoir|Will-O-Wisp|p1a: Gouging Fire\n|-immune|p1a: Gouging Fire\n|\n|upkeep\n|turn|25\n|inactive|Time left: 300 sec this turn | 300 sec total\n|\n|t:|1783536022\n|switch|p2a: Hydrapple|Hydrapple, L83, F|100/100\n|move|p1a: Gouging Fire|Dragon Dance|p1a: Gouging Fire\n|-boost|p1a: Gouging Fire|atk|1\n|-boost|p1a: Gouging Fire|spe|1\n|\n|upkeep\n|turn|26\n|inactive|Time left: 300 sec this turn | 300 sec total\n|\n|t:|1783536023\n|-terastallize|p1a: Gouging Fire|Fairy\n|move|p1a: Gouging Fire|Outrage|p2a: Hydrapple\n|-supereffective|p2a: Hydrapple\n|-damage|p2a: Hydrapple|4/100\n|move|p2a: Hydrapple|Fickle Beam|p1a: Gouging Fire\n|-immune|p1a: Gouging Fire\n|\n|upkeep\n|turn|27\n|inactive|Time left: 300 sec this turn | 300 sec total\n|\n|t:|1783536024\n|switch|p2a: Scream Tail|Scream Tail, L84|30/100\n|move|p1a: Gouging Fire|Outrage|p2a: Scream Tail|[from] lockedmove\n|-immune|p2a: Scream Tail\n|\n|-heal|p2a: Scream Tail|36/100|[from] item: Leftovers\n|upkeep\n|turn|28\n|inactive|Time left: 300 sec this turn | 300 sec total\n|\n|t:|1783536025\n|move|p1a: Gouging Fire|Heat Crash|p2a: Scream Tail\n|-damage|p2a: Scream Tail|0 fnt\n|faint|p2a: Scream Tail\n|-end|p2a: Scream Tail|Protosynthesis|[silent]\n|\n|upkeep\n|\n|t:|1783536026\n|switch|p2a: Dusknoir|Dusknoir, L89, M|100/100\n|-item|p1a: Gouging Fire|Heavy-Duty Boots|[from] ability: Frisk|[of] p2a: Dusknoir\n|turn|29\n|inactive|Time left: 300 sec this turn | 300 sec total\n|\n|t:|1783536027\n|move|p1a: Gouging Fire|Dragon Dance|p1a: Gouging Fire\n|-boost|p1a: Gouging Fire|atk|1\n|-boost|p1a: Gouging Fire|spe|1\n|move|p2a: Dusknoir|Will-O-Wisp|p1a: Gouging Fire|[miss]\n|-miss|p2a: Dusknoir|p1a: Gouging Fire\n|\n|upkeep\n|turn|30\n|inactive|Time left: 300 sec this turn | 300 sec total\n|\n|t:|1783536028\n|switch|p2a: Hydrapple|Hydrapple, L83, F|37/100\n|move|p1a: Gouging Fire|Outrage|p2a: Hydrapple\n|-supereffective|p2a: Hydrapple\n|-crit|p2a: Hydrapple\n|-damage|p2a: Hydrapple|0 fnt\n|faint|p2a: Hydrapple\n|\n|upkeep\n|\n|t:|1783536029\n|switch|p2a: Dusknoir|Dusknoir, L89, M|100/100\n|-item|p1a: Gouging Fire|Heavy-Duty Boots|[from] ability: Frisk|[of] p2a: Dusknoir\n|turn|31\n|inactive|Time left: 300 sec this turn | 300 sec total\n|\n|t:|1783536030\n|move|p1a: Gouging Fire|Outrage|p2a: Dusknoir|[from] lockedmove\n|-damage|p2a: Dusknoir|32/100\n|move|p2a: Dusknoir|Will-O-Wisp|p1a: Gouging Fire\n|-status|p1a: Gouging Fire|brn\n|\n|-heal|p2a: Dusknoir|39/100|[from] item: Leftovers\n|-damage|p1a: Gouging Fire|260/277 brn|[from] brn\n|upkeep\n|turn|32\n|inactive|Time left: 300 sec this turn | 300 sec total\n|\n|t:|1783536031\n|move|p1a: Gouging Fire|Outrage|p2a: Dusknoir|[from] lockedmove\n|-damage|p2a: Dusknoir|3/100\n|-start|p1a: Gouging Fire|confusion|[fatigue]\n|move|p2a: Dusknoir|Pain Split|p1a: Gouging Fire\n|-sethp|p1a: Gouging Fire|133/277 brn|[from] move: Pain Split|[silent]\n|-sethp|p2a: Dusknoir|60/100|[from] move: Pain Split\n|\n|-heal|p2a: Dusknoir|66/100|[from] item: Leftovers\n|-damage|p1a: Gouging Fire|116/277 brn|[from] brn\n|upkeep\n|turn|33\n|inactive|Time left: 300 sec this turn | 300 sec total\n|\n|t:|1783536032\n|switch|p2a: Dunsparce|Dunsparce, L86, F|100/100\n|-activate|p1a: Gouging Fire|confusion\n|move|p1a: Gouging Fire|Morning Sun|p1a: Gouging Fire\n|-heal|p1a: Gouging Fire|254/277 brn\n|\n|-damage|p1a: Gouging Fire|237/277 brn|[from] brn\n|upkeep\n|turn|34\n|inactive|Time left: 300 sec this turn | 300 sec total\n|\n|t:|1783536033\n|-activate|p1a: Gouging Fire|confusion\n|move|p1a: Gouging Fire|Outrage|p2a: Dunsparce\n|-damage|p2a: Dunsparce|72/100\n|move|p2a: Dunsparce|Coil|p2a: Dunsparce\n|-boost|p2a: Dunsparce|atk|1\n|-boost|p2a: Dunsparce|def|1\n|-boost|p2a: Dunsparce|accuracy|1\n|\n|-damage|p1a: Gouging Fire|220/277 brn|[from] brn\n|upkeep\n|turn|35\n|inactive|Time left: 300 sec this turn | 300 sec total\n|\n|t:|1783536034\n|-activate|p1a: Gouging Fire|confusion\n|move|p1a: Gouging Fire|Outrage|p2a: Dunsparce|[from] lockedmove\n|-damage|p2a: Dunsparce|52/100\n|move|p2a: Dunsparce|Coil|p2a: Dunsparce\n|-boost|p2a: Dunsparce|atk|1\n|-boost|p2a: Dunsparce|def|1\n|-boost|p2a: Dunsparce|accuracy|1\n|\n|-damage|p1a: Gouging Fire|203/277 brn|[from] brn\n|upkeep\n|turn|36\n|inactive|Time left: 300 sec this turn | 300 sec total\n|\n|t:|1783536035\n|-activate|p1a: Gouging Fire|confusion\n|-damage|p1a: Gouging Fire|159/277 brn|[from] confusion\n|move|p2a: Dunsparce|Roost|p2a: Dunsparce\n|-heal|p2a: Dunsparce|100/100\n|-singleturn|p2a: Dunsparce|move: Roost\n|\n|-damage|p1a: Gouging Fire|142/277 brn|[from] brn\n|upkeep\n|turn|37\n|inactive|Time left: 300 sec this turn | 300 sec total\n|\n|t:|1783536036\n|-end|p1a: Gouging Fire|confusion\n|move|p1a: Gouging Fire|Morning Sun|p1a: Gouging Fire\n|-heal|p1a: Gouging Fire|277/277 brn\n|move|p2a: Dunsparce|Body Slam|p1a: Gouging Fire\n|-damage|p1a: Gouging Fire|135/277 brn\n|\n|-damage|p1a: Gouging Fire|118/277 brn|[from] brn\n|upkeep\n|turn|38\n|inactive|Time left: 300 sec this turn | 300 sec total\n|\n|t:|1783536037\n|move|p1a: Gouging Fire|Morning Sun|p1a: Gouging Fire\n|-heal|p1a: Gouging Fire|256/277 brn\n|move|p2a: Dunsparce|Coil|p2a: Dunsparce\n|-boost|p2a: Dunsparce|atk|1\n|-boost|p2a: Dunsparce|def|1\n|-boost|p2a: Dunsparce|accuracy|1\n|\n|-damage|p1a: Gouging Fire|239/277 brn|[from] brn\n|upkeep\n|turn|39\n|inactive|Time left: 300 sec this turn | 300 sec total\n|\n|t:|1783536037\n|move|p1a: Gouging Fire|Morning Sun|p1a: Gouging Fire\n|-heal|p1a: Gouging Fire|277/277 brn\n|move|p2a: Dunsparce|Coil|p2a: Dunsparce\n|-boost|p2a: Dunsparce|atk|1\n|-boost|p2a: Dunsparce|def|1\n|-boost|p2a: Dunsparce|accuracy|1\n|\n|-damage|p1a: Gouging Fire|260/277 brn|[from] brn\n|upkeep\n|turn|40\n|inactive|Time left: 300 sec this turn | 300 sec total\n|\n|t:|1783536038\n|move|p1a: Gouging Fire|Outrage|p2a: Dunsparce\n|-damage|p2a: Dunsparce|92/100\n|move|p2a: Dunsparce|Body Slam|p1a: Gouging Fire\n|-damage|p1a: Gouging Fire|65/277 brn\n|\n|-damage|p1a: Gouging Fire|48/277 brn|[from] brn\n|upkeep\n|turn|41\n|inactive|Time left: 300 sec this turn | 300 sec total\n|\n|t:|1783536039\n|move|p1a: Gouging Fire|Outrage|p2a: Dunsparce|[from] lockedmove\n|-damage|p2a: Dunsparce|83/100\n|move|p2a: Dunsparce|Body Slam|p1a: Gouging Fire\n|-damage|p1a: Gouging Fire|0 fnt\n|faint|p1a: Gouging Fire\n|-end|p1a: Gouging Fire|Protosynthesis|[silent]\n|\n|upkeep\n|inactive|Time left: 300 sec this turn | 300 sec total | 5 sec grace\n|\n|t:|1783536040\n|switch|p1a: Porygon-Z|Porygon-Z, L83|39/277 brn\n|-ability|p1a: Porygon-Z|Download|boost\n|-boost|p1a: Porygon-Z|spa|1\n|turn|42\n|inactive|Time left: 300 sec this turn | 300 sec total\n|\n|t:|1783536041\n|move|p1a: Porygon-Z|Trick|p2a: Dunsparce\n|-activate|p1a: Porygon-Z|move: Trick|[of] p2a: Dunsparce\n|-item|p2a: Dunsparce|Choice Scarf|[from] move: Trick\n|-item|p1a: Porygon-Z|Eviolite|[from] move: Trick\n|move|p2a: Dunsparce|Body Slam|p1a: Porygon-Z\n|-damage|p1a: Porygon-Z|0 fnt\n|faint|p1a: Porygon-Z\n|\n|upkeep\n|inactive|Time left: 300 sec this turn | 300 sec total | 5 sec grace\n|\n|t:|1783536042\n|switch|p1a: Miraidon|Miraidon, L65|86/238\n|-fieldstart|move: Electric Terrain|[from] ability: Hadron Engine|[of] p1a: Miraidon\n|turn|43\n|inactive|Time left: 300 sec this turn | 300 sec total\n|\n|t:|1783536043\n|move|p1a: Miraidon|Electro Drift|p2a: Dunsparce\n|-damage|p2a: Dunsparce|4/100\n|-damage|p1a: Miraidon|63/238|[from] item: Life Orb\n|move|p2a: Dunsparce|Body Slam|p1a: Miraidon\n|-damage|p1a: Miraidon|0 fnt\n|faint|p1a: Miraidon\n|\n|upkeep\n|inactive|Time left: 300 sec this turn | 300 sec total | 5 sec grace\n|\n|t:|1783536044\n|switch|p1a: Zebstrika|Zebstrika, L87, F|272/272\n|turn|44\n|inactive|Time left: 300 sec this turn | 300 sec total\n|\n|t:|1783536045\n|move|p1a: Zebstrika|High Horsepower|p2a: Dunsparce\n|-damage|p2a: Dunsparce|0 fnt\n|faint|p2a: Dunsparce\n|-damage|p1a: Zebstrika|245/272|[from] item: Life Orb\n|\n|upkeep\n|\n|t:|1783536046\n|switch|p2a: Dusknoir|Dusknoir, L89, M|66/100\n|-item|p1a: Zebstrika|Life Orb|[from] ability: Frisk|[of] p2a: Dusknoir\n|turn|45\n|inactive|Time left: 300 sec this turn | 300 sec total\n|\n|t:|1783536047\n|move|p1a: Zebstrika|Supercell Slam|p2a: Dusknoir\n|-damage|p2a: Dusknoir|4/100\n|-damage|p1a: Zebstrika|218/272|[from] item: Life Orb\n|move|p2a: Dusknoir|Pain Split|p1a: Zebstrika\n|-sethp|p1a: Zebstrika|113/272|[from] move: Pain Split|[silent]\n|-sethp|p2a: Dusknoir|51/100|[from] move: Pain Split\n|\n|-heal|p2a: Dusknoir|57/100|[from] item: Leftovers\n|upkeep\n|turn|46\n|inactive|Time left: 300 sec this turn | 300 sec total\n|\n|t:|1783536048\n|move|p2a: Dusknoir|Shadow Sneak|p1a: Zebstrika\n|-damage|p1a: Zebstrika|56/272\n|move|p1a: Zebstrika|Supercell Slam|p2a: Dusknoir\n|-damage|p2a: Dusknoir|0 fnt\n|faint|p2a: Dusknoir\n|-damage|p1a: Zebstrika|29/272|[from] item: Life Orb\n|\n|upkeep\n|\n|t:|1783536049\n|switch|p2a: Gurdurr|Gurdurr, L85, F|49/100\n|turn|47\n|inactive|Time left: 300 sec this turn | 300 sec total\n|\n|t:|1783536050\n|move|p2a: Gurdurr|Mach Punch|p1a: Zebstrika\n|-damage|p1a: Zebstrika|0 fnt\n|faint|p1a: Zebstrika\n|\n|-fieldend|move: Electric Terrain\n|upkeep\n|inactive|Time left: 300 sec this turn | 300 sec total | 5 sec grace\n|\n|t:|1783536051\n|switch|p1a: Gogoat|Gogoat, L88, M|360/360\n|turn|48\n|inactive|Time left: 300 sec this turn | 300 sec total\n|\n|t:|1783536052\n|switch|p2a: Oricorio|Oricorio-Pa'u, L87, F|100/100\n|move|p1a: Gogoat|Bulk Up|p1a: Gogoat\n|-boost|p1a: Gogoat|atk|1\n|-boost|p1a: Gogoat|def|1\n|\n|upkeep\n|turn|49\n|inactive|Time left: 300 sec this turn | 300 sec total\n|\n|t:|1783536053\n|move|p2a: Oricorio|Quiver Dance|p2a: Oricorio\n|-boost|p2a: Oricorio|spa|1\n|-boost|p2a: Oricorio|spd|1\n|-boost|p2a: Oricorio|spe|1\n|move|p1a: Gogoat|Horn Leech|p2a: Oricorio\n|-resisted|p2a: Oricorio\n|-damage|p2a: Oricorio|72/100\n|\n|upkeep\n|turn|50\n|inactive|Time left: 300 sec this turn | 300 sec total\n|\n|t:|1783536054\n|move|p2a: Oricorio|Hurricane|p1a: Gogoat\n|-supereffective|p1a: Gogoat\n|-damage|p1a: Gogoat|0 fnt\n|faint|p1a: Gogoat\n|\n|win|p0y1932ac0", "uploadtime": 1783536054, "views": 0, "rating": 0, "private": 0, "password": null, "_winner": "p0y1932ac0", "_our_name": "p0x19328f8"}