{"id": "battle-gen9randombattle-689", "formatid": "gen9randombattle", "format": "[Gen 9] Random Battle", "players": ["p0x689a7b5", "p0y68994ff"], "log": "|init|battle\n|title|p0x689a7b5 vs. p0y68994ff\n|j|\u2606p0x689a7b5\n|j|\u2606p0y68994ff\n|t:|1783547118\n|gametype|singles\n|player|p1|p0x689a7b5|1|\n|player|p2|p0y68994ff|266|\n|gen|9\n|tier|[Gen 9] Random Battle\n|rule|Species Clause: Limit one of each Pok\u00e9mon\n|rule|HP Percentage Mod: HP is shown in percentages\n|rule|Sleep Clause Mod: Limit one foe put to sleep\n|rule|Illusion Level Mod: Illusion disguises the Pok\u00e9mon's true level\n|\n|t:|1783547118\n|teamsize|p1|6\n|teamsize|p2|6\n|start\n|switch|p1a: Ambipom|Ambipom, L84, M|100/100\n|switch|p2a: Quaquaval|Quaquaval, L79, M|264/264\n|turn|1\n|inactive|Battle timer is ON: inactive players will automatically lose when time's up. (requested by p0x689a7b5)\n|inactive|Time left: 300 sec this turn | 300 sec total | 60 sec grace\n|inactive|p0y68994ff also wants the timer to be on.\n|\n|t:|1783547120\n|move|p1a: Ambipom|Fake Out|p2a: Quaquaval\n|-damage|p2a: Quaquaval|171/264\n|cant|p2a: Quaquaval|flinch\n|\n|-heal|p2a: Quaquaval|187/264|[from] item: Leftovers\n|upkeep\n|turn|2\n|inactive|Time left: 300 sec this turn | 300 sec total\n|\n|t:|1783547121\n|move|p1a: Ambipom|Double-Edge|p2a: Quaquaval\n|-damage|p2a: Quaquaval|0 fnt\n|faint|p2a: Quaquaval\n|-damage|p1a: Ambipom|77/100|[from] Recoil\n|\n|upkeep\n|inactive|Time left: 300 sec this turn | 300 sec total | 5 sec grace\n|\n|t:|1783547122\n|switch|p2a: Meganium|Meganium, L90, M|290/290\n|turn|3\n|inactive|Time left: 300 sec this turn | 300 sec total\n|\n|t:|1783547124\n|switch|p1a: Flamigo|Flamigo, L82, M|100/100\n|move|p2a: Meganium|Swords Dance|p2a: Meganium\n|-boost|p2a: Meganium|atk|2\n|\n|upkeep\n|turn|4\n|inactive|Time left: 300 sec this turn | 300 sec total\n|\n|t:|1783547125\n|move|p2a: Meganium|Petal Blizzard|p1a: Flamigo\n|-resisted|p1a: Flamigo\n|-damage|p1a: Flamigo|57/100\n|move|p1a: Flamigo|Brave Bird|p2a: Meganium\n|-supereffective|p2a: Meganium\n|-damage|p2a: Meganium|0 fnt\n|faint|p2a: Meganium\n|-damage|p1a: Flamigo|21/100|[from] Recoil\n|\n|upkeep\n|inactive|Time left: 300 sec this turn | 300 sec total | 5 sec grace\n|\n|t:|1783547126\n|switch|p2a: Raikou|Raikou, L81|278/278\n|-ability|p2a: Raikou|Pressure\n|turn|5\n|inactive|Time left: 300 sec this turn | 300 sec total\n|\n|t:|1783547127\n|switch|p1a: Vileplume|Vileplume, L85, M|100/100\n|move|p2a: Raikou|Scald|p1a: Vileplume\n|-resisted|p1a: Vileplume\n|-damage|p1a: Vileplume|90/100\n|-status|p1a: Vileplume|brn\n|\n|-heal|p1a: Vileplume|96/100 brn|[from] item: Leftovers\n|-damage|p1a: Vileplume|90/100 brn|[from] brn\n|upkeep\n|turn|6\n|inactive|Time left: 300 sec this turn | 300 sec total\n|\n|t:|1783547128\n|move|p2a: Raikou|Calm Mind|p2a: Raikou\n|-boost|p2a: Raikou|spa|1\n|-boost|p2a: Raikou|spd|1\n|move|p1a: Vileplume|Sludge Bomb|p2a: Raikou\n|-damage|p2a: Raikou|208/278\n|\n|-heal|p1a: Vileplume|96/100 brn|[from] item: Leftovers\n|-damage|p1a: Vileplume|90/100 brn|[from] brn\n|upkeep\n|turn|7\n|inactive|Time left: 300 sec this turn | 300 sec total\n|\n|t:|1783547129\n|move|p2a: Raikou|Calm Mind|p2a: Raikou\n|-boost|p2a: Raikou|spa|1\n|-boost|p2a: Raikou|spd|1\n|move|p1a: Vileplume|Sludge Bomb|p2a: Raikou\n|-damage|p2a: Raikou|154/278\n|\n|-heal|p1a: Vileplume|96/100 brn|[from] item: Leftovers\n|-damage|p1a: Vileplume|90/100 brn|[from] brn\n|upkeep\n|turn|8\n|inactive|Time left: 300 sec this turn | 300 sec total\n|\n|t:|1783547130\n|move|p2a: Raikou|Thunderbolt|p1a: Vileplume\n|-resisted|p1a: Vileplume\n|-crit|p1a: Vileplume\n|-damage|p1a: Vileplume|33/100 brn\n|move|p1a: Vileplume|Strength Sap|p2a: Raikou\n|-unboost|p2a: Raikou|atk|1\n|-heal|p1a: Vileplume|86/100 brn\n|\n|-heal|p1a: Vileplume|92/100 brn|[from] item: Leftovers\n|-damage|p1a: Vileplume|86/100 brn|[from] brn\n|upkeep\n|turn|9\n|inactive|Time left: 300 sec this turn | 300 sec total\n|\n|t:|1783547132\n|move|p2a: Raikou|Thunderbolt|p1a: Vileplume\n|-resisted|p1a: Vileplume\n|-damage|p1a: Vileplume|47/100 brn\n|move|p1a: Vileplume|Leech Seed|p2a: Raikou\n|-start|p2a: Raikou|move: Leech Seed\n|\n|-heal|p1a: Vileplume|53/100 brn|[from] item: Leftovers\n|-damage|p2a: Raikou|120/278|[from] Leech Seed|[of] p1a: Vileplume\n|-heal|p1a: Vileplume|66/100 brn|[silent]\n|-damage|p1a: Vileplume|60/100 brn|[from] brn\n|upkeep\n|turn|10\n|inactive|Time left: 300 sec this turn | 300 sec total\n|\n|t:|1783547133\n|move|p2a: Raikou|Thunderbolt|p1a: Vileplume\n|-resisted|p1a: Vileplume\n|-damage|p1a: Vileplume|25/100 brn\n|move|p1a: Vileplume|Strength Sap|p2a: Raikou\n|-unboost|p2a: Raikou|atk|1\n|-heal|p1a: Vileplume|61/100 brn\n|\n|-heal|p1a: Vileplume|67/100 brn|[from] item: Leftovers\n|-damage|p2a: Raikou|86/278|[from] Leech Seed|[of] p1a: Vileplume\n|-heal|p1a: Vileplume|79/100 brn|[silent]\n|-damage|p1a: Vileplume|73/100 brn|[from] brn\n|upkeep\n|turn|11\n|inactive|Time left: 300 sec this turn | 300 sec total\n|\n|t:|1783547134\n|move|p2a: Raikou|Thunderbolt|p1a: Vileplume\n|-resisted|p1a: Vileplume\n|-damage|p1a: Vileplume|36/100 brn\n|move|p1a: Vileplume|Strength Sap|p2a: Raikou\n|-unboost|p2a: Raikou|atk|1\n|-heal|p1a: Vileplume|63/100 brn\n|\n|-heal|p1a: Vileplume|69/100 brn|[from] item: Leftovers\n|-damage|p2a: Raikou|52/278|[from] Leech Seed|[of] p1a: Vileplume\n|-heal|p1a: Vileplume|82/100 brn|[silent]\n|-damage|p1a: Vileplume|76/100 brn|[from] brn\n|upkeep\n|turn|12\n|inactive|Time left: 300 sec this turn | 300 sec total\n|\n|t:|1783547135\n|move|p2a: Raikou|Thunderbolt|p1a: Vileplume\n|-resisted|p1a: Vileplume\n|-damage|p1a: Vileplume|40/100 brn\n|move|p1a: Vileplume|Giga Drain|p2a: Raikou\n|-damage|p2a: Raikou|12/278\n|-heal|p1a: Vileplume|47/100 brn|[from] drain|[of] p2a: Raikou\n|\n|-heal|p1a: Vileplume|54/100 brn|[from] item: Leftovers\n|-damage|p2a: Raikou|0 fnt|[from] Leech Seed|[of] p1a: Vileplume\n|-heal|p1a: Vileplume|58/100 brn|[silent]\n|faint|p2a: Raikou\n|-damage|p1a: Vileplume|52/100 brn|[from] brn\n|upkeep\n|inactive|Time left: 300 sec this turn | 300 sec total | 5 sec grace\n|\n|t:|1783547136\n|switch|p2a: Iron Treads|Iron Treads, L77|265/265\n|turn|13\n|inactive|Time left: 300 sec this turn | 300 sec total\n|\n|t:|1783547137\n|move|p2a: Iron Treads|Earthquake|p1a: Vileplume\n|-damage|p1a: Vileplume|16/100 brn\n|move|p1a: Vileplume|Strength Sap|p2a: Iron Treads\n|-unboost|p2a: Iron Treads|atk|1\n|-heal|p1a: Vileplume|97/100 brn\n|\n|-heal|p1a: Vileplume|100/100 brn|[from] item: Leftovers\n|-damage|p1a: Vileplume|94/100 brn|[from] brn\n|upkeep\n|turn|14\n|inactive|Time left: 300 sec this turn | 300 sec total\n|\n|t:|1783547138\n|move|p2a: Iron Treads|Earthquake|p1a: Vileplume\n|-damage|p1a: Vileplume|68/100 brn\n|move|p1a: Vileplume|Leech Seed|p2a: Iron Treads\n|-start|p2a: Iron Treads|move: Leech Seed\n|\n|-heal|p1a: Vileplume|74/100 brn|[from] item: Leftovers\n|-damage|p2a: Iron Treads|232/265|[from] Leech Seed|[of] p1a: Vileplume\n|-heal|p1a: Vileplume|87/100 brn|[silent]\n|-damage|p1a: Vileplume|81/100 brn|[from] brn\n|upkeep\n|turn|15\n|inactive|Time left: 300 sec this turn | 300 sec total\n|\n|t:|1783547139\n|-end|p2a: Iron Treads|Quark Drive|[silent]\n|switch|p2a: Houndstone|Houndstone, L86, F|264/264\n|move|p1a: Vileplume|Giga Drain|p2a: Houndstone\n|-damage|p2a: Houndstone|210/264\n|-heal|p1a: Vileplume|91/100 brn|[from] drain|[of] p2a: Houndstone\n|\n|-heal|p1a: Vileplume|97/100 brn|[from] item: Leftovers\n|-damage|p1a: Vileplume|91/100 brn|[from] brn\n|upkeep\n|turn|16\n|inactive|Time left: 300 sec this turn | 300 sec total\n|\n|t:|1783547140\n|move|p2a: Houndstone|Poltergeist|p1a: Vileplume\n|-activate|p1a: Vileplume|move: Poltergeist|Leftovers\n|-damage|p1a: Vileplume|39/100 brn\n|move|p1a: Vileplume|Strength Sap|p2a: Houndstone\n|-unboost|p2a: Houndstone|atk|1\n|-heal|p1a: Vileplume|100/100 brn\n|\n|-damage|p1a: Vileplume|94/100 brn|[from] brn\n|upkeep\n|turn|17\n|inactive|Time left: 300 sec this turn | 300 sec total\n|\n|t:|1783547141\n|switch|p2a: Iron Treads|Iron Treads, L77|232/265\n|move|p1a: Vileplume|Leech Seed|p2a: Iron Treads\n|-start|p2a: Iron Treads|move: Leech Seed\n|\n|-heal|p1a: Vileplume|100/100 brn|[from] item: Leftovers\n|-damage|p2a: Iron Treads|199/265|[from] Leech Seed|[of] p1a: Vileplume\n|-damage|p1a: Vileplume|94/100 brn|[from] brn\n|upkeep\n|turn|18\n|inactive|Time left: 300 sec this turn | 300 sec total\n|\n|t:|1783547142\n|-end|p2a: Iron Treads|Quark Drive|[silent]\n|switch|p2a: Iron Hands|Iron Hands, L79|373/373\n|move|p1a: Vileplume|Leech Seed|p2a: Iron Hands\n|-start|p2a: Iron Hands|move: Leech Seed\n|\n|-heal|p1a: Vileplume|100/100 brn|[from] item: Leftovers\n|-damage|p2a: Iron Hands|327/373|[from] Leech Seed|[of] p1a: Vileplume\n|-damage|p1a: Vileplume|94/100 brn|[from] brn\n|upkeep\n|turn|19\n|inactive|Time left: 300 sec this turn | 300 sec total\n|\n|t:|1783547143\n|move|p1a: Vileplume|Giga Drain|p2a: Iron Hands\n|-damage|p2a: Iron Hands|252/373\n|-heal|p1a: Vileplume|100/100 brn|[from] drain|[of] p2a: Iron Hands\n|move|p2a: Iron Hands|Volt Switch|p1a: Vileplume\n|-resisted|p1a: Vileplume\n|-damage|p1a: Vileplume|93/100 brn\n|inactive|Time left: 300 sec this turn | 300 sec total | 5 sec grace\n|\n|t:|1783547143\n|-end|p2a: Iron Hands|Quark Drive|[silent]\n|switch|p2a: Iron Treads|Iron Treads, L77|199/265|[from] Volt Switch\n|\n|-heal|p1a: Vileplume|99/100 brn|[from] item: Leftovers\n|-damage|p1a: Vileplume|93/100 brn|[from] brn\n|upkeep\n|turn|20\n|inactive|Time left: 300 sec this turn | 300 sec total\n|\n|t:|1783547144\n|move|p2a: Iron Treads|Rapid Spin|p1a: Vileplume\n|-damage|p1a: Vileplume|81/100 brn\n|-boost|p2a: Iron Treads|spe|1\n|move|p1a: Vileplume|Strength Sap|p2a: Iron Treads\n|-unboost|p2a: Iron Treads|atk|1\n|-heal|p1a: Vileplume|100/100 brn\n|\n|-damage|p1a: Vileplume|94/100 brn|[from] brn\n|upkeep\n|turn|21\n|inactive|Time left: 300 sec this turn | 300 sec total\n|\n|t:|1783547145\n|move|p2a: Iron Treads|Earthquake|p1a: Vileplume\n|-damage|p1a: Vileplume|69/100 brn\n|move|p1a: Vileplume|Leech Seed|p2a: Iron Treads\n|-start|p2a: Iron Treads|move: Leech Seed\n|\n|-heal|p1a: Vileplume|75/100 brn|[from] item: Leftovers\n|-damage|p2a: Iron Treads|166/265|[from] Leech Seed|[of] p1a: Vileplume\n|-heal|p1a: Vileplume|88/100 brn|[silent]\n|-damage|p1a: Vileplume|82/100 brn|[from] brn\n|upkeep\n|turn|22\n|inactive|Time left: 300 sec this turn | 300 sec total\n|\n|t:|1783547146\n|move|p2a: Iron Treads|Volt Switch|p1a: Vileplume\n|-resisted|p1a: Vileplume\n|-damage|p1a: Vileplume|76/100 brn\n|inactive|Time left: 300 sec this turn | 300 sec total | 5 sec grace\n|\n|t:|1783547147\n|-end|p2a: Iron Treads|Quark Drive|[silent]\n|switch|p2a: Iron Hands|Iron Hands, L79|252/373|[from] Volt Switch\n|move|p1a: Vileplume|Strength Sap|p2a: Iron Hands\n|-unboost|p2a: Iron Hands|atk|1\n|-heal|p1a: Vileplume|100/100 brn\n|\n|-damage|p1a: Vileplume|94/100 brn|[from] brn\n|upkeep\n|turn|23\n|inactive|Time left: 300 sec this turn | 300 sec total\n|\n|t:|1783547148\n|move|p1a: Vileplume|Giga Drain|p2a: Iron Hands\n|-damage|p2a: Iron Hands|170/373\n|-heal|p1a: Vileplume|100/100 brn|[from] drain|[of] p2a: Iron Hands\n|move|p2a: Iron Hands|Volt Switch|p1a: Vileplume\n|-resisted|p1a: Vileplume\n|-damage|p1a: Vileplume|93/100 brn\n|inactive|Time left: 300 sec this turn | 300 sec total | 5 sec grace\n|\n|t:|1783547149\n|-end|p2a: Iron Hands|Quark Drive|[silent]\n|switch|p2a: Iron Treads|Iron Treads, L77|166/265|[from] Volt Switch\n|\n|-heal|p1a: Vileplume|99/100 brn|[from] item: Leftovers\n|-damage|p1a: Vileplume|93/100 brn|[from] brn\n|upkeep\n|turn|24\n|inactive|Time left: 300 sec this turn | 300 sec total\n|\n|t:|1783547149\n|move|p2a: Iron Treads|Iron Head|p1a: Vileplume\n|-damage|p1a: Vileplume|61/100 brn\n|cant|p1a: Vileplume|flinch\n|\n|-heal|p1a: Vileplume|67/100 brn|[from] item: Leftovers\n|-damage|p1a: Vileplume|61/100 brn|[from] brn\n|upkeep\n|turn|25\n|inactive|Time left: 300 sec this turn | 300 sec total\n|\n|t:|1783547150\n|move|p2a: Iron Treads|Earthquake|p1a: Vileplume\n|-damage|p1a: Vileplume|25/100 brn\n|move|p1a: Vileplume|Strength Sap|p2a: Iron Treads\n|-unboost|p2a: Iron Treads|atk|1\n|-heal|p1a: Vileplume|100/100 brn\n|\n|-damage|p1a: Vileplume|94/100 brn|[from] brn\n|upkeep\n|turn|26\n|inactive|Time left: 300 sec this turn | 300 sec total\n|\n|t:|1783547151\n|-end|p2a: Iron Treads|Quark Drive|[silent]\n|switch|p2a: Houndstone|Houndstone, L86, F|210/264\n|move|p1a: Vileplume|Leech Seed|p2a: Houndstone\n|-start|p2a: Houndstone|move: Leech Seed\n|\n|-heal|p1a: Vileplume|100/100 brn|[from] item: Leftovers\n|-damage|p2a: Houndstone|177/264|[from] Leech Seed|[of] p1a: Vileplume\n|-damage|p1a: Vileplume|94/100 brn|[from] brn\n|upkeep\n|turn|27\n|inactive|Time left: 300 sec this turn | 300 sec total\n|\n|t:|1783547152\n|switch|p2a: Iron Hands|Iron Hands, L79|170/373\n|move|p1a: Vileplume|Strength Sap|p2a: Iron Hands\n|-unboost|p2a: Iron Hands|atk|1\n|-heal|p1a: Vileplume|100/100 brn\n|\n|-damage|p1a: Vileplume|94/100 brn|[from] brn\n|upkeep\n|turn|28\n|inactive|Time left: 300 sec this turn | 300 sec total\n|\n|t:|1783547153\n|move|p1a: Vileplume|Leech Seed|p2a: Iron Hands\n|-start|p2a: Iron Hands|move: Leech Seed\n|move|p2a: Iron Hands|Volt Switch|p1a: Vileplume\n|-resisted|p1a: Vileplume\n|-damage|p1a: Vileplume|87/100 brn\n|inactive|Time left: 300 sec this turn | 300 sec total | 5 sec grace\n|\n|t:|1783547154\n|-end|p2a: Iron Hands|Quark Drive|[silent]\n|switch|p2a: Iron Treads|Iron Treads, L77|166/265|[from] Volt Switch\n|\n|-heal|p1a: Vileplume|93/100 brn|[from] item: Leftovers\n|-damage|p1a: Vileplume|87/100 brn|[from] brn\n|upkeep\n|turn|29\n|inactive|Time left: 300 sec this turn | 300 sec total\n|\n|t:|1783547155\n|move|p2a: Iron Treads|Iron Head|p1a: Vileplume\n|-damage|p1a: Vileplume|55/100 brn\n|move|p1a: Vileplume|Leech Seed|p2a: Iron Treads\n|-start|p2a: Iron Treads|move: Leech Seed\n|\n|-heal|p1a: Vileplume|61/100 brn|[from] item: Leftovers\n|-damage|p2a: Iron Treads|133/265|[from] Leech Seed|[of] p1a: Vileplume\n|-heal|p1a: Vileplume|74/100 brn|[silent]\n|-damage|p1a: Vileplume|68/100 brn|[from] brn\n|upkeep\n|turn|30\n|inactive|Time left: 300 sec this turn | 300 sec total\n|\n|t:|1783547156\n|-end|p2a: Iron Treads|Quark Drive|[silent]\n|switch|p2a: Iron Hands|Iron Hands, L79|170/373\n|move|p1a: Vileplume|Strength Sap|p2a: Iron Hands\n|-unboost|p2a: Iron Hands|atk|1\n|-heal|p1a: Vileplume|100/100 brn\n|\n|-damage|p1a: Vileplume|94/100 brn|[from] brn\n|upkeep\n|turn|31\n|inactive|Time left: 300 sec this turn | 300 sec total\n|\n|t:|1783547157\n|move|p1a: Vileplume|Strength Sap|p2a: Iron Hands\n|-unboost|p2a: Iron Hands|atk|1\n|-heal|p1a: Vileplume|100/100 brn\n|move|p2a: Iron Hands|Volt Switch|p1a: Vileplume\n|-resisted|p1a: Vileplume\n|-damage|p1a: Vileplume|94/100 brn\n|inactive|Time left: 300 sec this turn | 300 sec total | 5 sec grace\n|\n|t:|1783547158\n|-end|p2a: Iron Hands|Quark Drive|[silent]\n|switch|p2a: Iron Treads|Iron Treads, L77|133/265|[from] Volt Switch\n|\n|-heal|p1a: Vileplume|99/100 brn|[from] item: Leftovers\n|-damage|p1a: Vileplume|94/100 brn|[from] brn\n|upkeep\n|turn|32\n|inactive|Time left: 300 sec this turn | 300 sec total\n|\n|t:|1783547159\n|move|p2a: Iron Treads|Rapid Spin|p1a: Vileplume\n|-damage|p1a: Vileplume|81/100 brn\n|-boost|p2a: Iron Treads|spe|1\n|move|p1a: Vileplume|Leech Seed|p2a: Iron Treads\n|-start|p2a: Iron Treads|move: Leech Seed\n|\n|-heal|p1a: Vileplume|87/100 brn|[from] item: Leftovers\n|-damage|p2a: Iron Treads|100/265|[from] Leech Seed|[of] p1a: Vileplume\n|-heal|p1a: Vileplume|99/100 brn|[silent]\n|-damage|p1a: Vileplume|93/100 brn|[from] brn\n|upkeep\n|turn|33\n|inactive|Time left: 300 sec this turn | 300 sec total\n|\n|t:|1783547161\n|move|p2a: Iron Treads|Earthquake|p1a: Vileplume\n|-damage|p1a: Vileplume|52/100 brn\n|move|p1a: Vileplume|Giga Drain|p2a: Iron Treads\n|-damage|p2a: Iron Treads|21/265\n|-heal|p1a: Vileplume|67/100 brn|[from] drain|[of] p2a: Iron Treads\n|\n|-heal|p1a: Vileplume|73/100 brn|[from] item: Leftovers\n|-damage|p2a: Iron Treads|0 fnt|[from] Leech Seed|[of] p1a: Vileplume\n|-heal|p1a: Vileplume|81/100 brn|[silent]\n|faint|p2a: Iron Treads\n|-end|p2a: Iron Treads|Quark Drive|[silent]\n|-damage|p1a: Vileplume|75/100 brn|[from] brn\n|upkeep\n|inactive|Time left: 300 sec this turn | 300 sec total | 5 sec grace\n|\n|t:|1783547161\n|switch|p2a: Iron Hands|Iron Hands, L79|170/373\n|turn|34\n|inactive|Time left: 300 sec this turn | 300 sec total\n|\n|t:|1783547163\n|move|p1a: Vileplume|Giga Drain|p2a: Iron Hands\n|-damage|p2a: Iron Hands|97/373\n|-heal|p1a: Vileplume|89/100 brn|[from] drain|[of] p2a: Iron Hands\n|move|p2a: Iron Hands|Heavy Slam|p1a: Vileplume\n|-damage|p1a: Vileplume|49/100 brn\n|-status|p2a: Iron Hands|slp|[from] ability: Effect Spore|[of] p1a: Vileplume\n|\n|-heal|p1a: Vileplume|55/100 brn|[from] item: Leftovers\n|-damage|p1a: Vileplume|49/100 brn|[from] brn\n|upkeep\n|turn|35\n|inactive|Time left: 300 sec this turn | 300 sec total\n|\n|t:|1783547164\n|-end|p2a: Iron Hands|Quark Drive|[silent]\n|switch|p2a: Houndstone|Houndstone, L86, F|177/264\n|move|p1a: Vileplume|Strength Sap|p2a: Houndstone\n|-unboost|p2a: Houndstone|atk|1\n|-heal|p1a: Vileplume|100/100 brn\n|\n|-damage|p1a: Vileplume|94/100 brn|[from] brn\n|upkeep\n|turn|36\n|inactive|Time left: 300 sec this turn | 300 sec total\n|\n|t:|1783547165\n|move|p2a: Houndstone|Poltergeist|p1a: Vileplume\n|-activate|p1a: Vileplume|move: Poltergeist|Leftovers\n|-damage|p1a: Vileplume|61/100 brn\n|move|p1a: Vileplume|Leech Seed|p2a: Houndstone\n|-start|p2a: Houndstone|move: Leech Seed\n|\n|-heal|p1a: Vileplume|67/100 brn|[from] item: Leftovers\n|-damage|p2a: Houndstone|144/264|[from] Leech Seed|[of] p1a: Vileplume\n|-heal|p1a: Vileplume|79/100 brn|[silent]\n|-damage|p1a: Vileplume|73/100 brn|[from] brn\n|upkeep\n|turn|37\n|inactive|Time left: 300 sec this turn | 300 sec total\n|\n|t:|1783547166\n|switch|p2a: Iron Hands|Iron Hands, L79|97/373 slp\n|move|p1a: Vileplume|Strength Sap|p2a: Iron Hands\n|-unboost|p2a: Iron Hands|atk|1\n|-heal|p1a: Vileplume|100/100 brn\n|\n|-damage|p1a: Vileplume|94/100 brn|[from] brn\n|upkeep\n|turn|38\n|inactive|Time left: 300 sec this turn | 300 sec total\n|\n|t:|1783547167\n|-end|p2a: Iron Hands|Quark Drive|[silent]\n|switch|p2a: Houndstone|Houndstone, L86, F|144/264\n|move|p1a: Vileplume|Leech Seed|p2a: Houndstone\n|-start|p2a: Houndstone|move: Leech Seed\n|\n|-heal|p1a: Vileplume|100/100 brn|[from] item: Leftovers\n|-damage|p2a: Houndstone|111/264|[from] Leech Seed|[of] p1a: Vileplume\n|-damage|p1a: Vileplume|94/100 brn|[from] brn\n|upkeep\n|turn|39\n|inactive|Time left: 300 sec this turn | 300 sec total\n|\n|t:|1783547168\n|switch|p2a: Iron Hands|Iron Hands, L79|97/373 slp\n|move|p1a: Vileplume|Giga Drain|p2a: Iron Hands\n|-damage|p2a: Iron Hands|25/373 slp\n|-heal|p1a: Vileplume|100/100 brn|[from] drain|[of] p2a: Iron Hands\n|\n|-damage|p1a: Vileplume|94/100 brn|[from] brn\n|upkeep\n|turn|40\n|inactive|Time left: 300 sec this turn | 300 sec total\n|\n|t:|1783547170\n|-end|p2a: Iron Hands|Quark Drive|[silent]\n|switch|p2a: Houndstone|Houndstone, L86, F|111/264\n|move|p1a: Vileplume|Giga Drain|p2a: Houndstone\n|-damage|p2a: Houndstone|54/264\n|-heal|p1a: Vileplume|100/100 brn|[from] drain|[of] p2a: Houndstone\n|\n|-damage|p1a: Vileplume|94/100 brn|[from] brn\n|upkeep\n|turn|41\n|inactive|Time left: 300 sec this turn | 300 sec total\n|\n|t:|1783547171\n|move|p2a: Houndstone|Poltergeist|p1a: Vileplume\n|-activate|p1a: Vileplume|move: Poltergeist|Leftovers\n|-damage|p1a: Vileplume|47/100 brn\n|move|p1a: Vileplume|Giga Drain|p2a: Houndstone\n|-damage|p2a: Houndstone|0 fnt\n|-heal|p1a: Vileplume|57/100 brn|[from] drain|[of] p2a: Houndstone\n|faint|p2a: Houndstone\n|\n|-heal|p1a: Vileplume|63/100 brn|[from] item: Leftovers\n|-damage|p1a: Vileplume|57/100 brn|[from] brn\n|upkeep\n|inactive|Time left: 300 sec this turn | 300 sec total | 5 sec grace\n|\n|t:|1783547172\n|switch|p2a: Iron Hands|Iron Hands, L79|25/373 slp\n|turn|42\n|inactive|Time left: 300 sec this turn | 300 sec total\n|\n|t:|1783547173\n|-terastallize|p2a: Iron Hands|Electric\n|move|p1a: Vileplume|Giga Drain|p2a: Iron Hands\n|-damage|p2a: Iron Hands|0 fnt\n|-heal|p1a: Vileplume|62/100 brn|[from] drain|[of] p2a: Iron Hands\n|faint|p2a: Iron Hands\n|-end|p2a: Iron Hands|Quark Drive|[silent]\n|\n|win|p0x689a7b5", "uploadtime": 1783547173, "views": 0, "rating": 0, "private": 0, "password": null, "_winner": "p0x689a7b5", "_our_name": "p0y68994ff"}