{"id": "battle-gen9randombattle-641", "formatid": "gen9randombattle", "format": "[Gen 9] Random Battle", "players": ["p0x6417cb0", "p0y6418ec4"], "log": "|init|battle\n|title|p0x6417cb0 vs. p0y6418ec4\n|j|\u2606p0x6417cb0\n|j|\u2606p0y6418ec4\n|t:|1783547258\n|gametype|singles\n|player|p1|p0x6417cb0|170|\n|player|p2|p0y6418ec4|170|\n|gen|9\n|tier|[Gen 9] Random Battle\n|rule|Species Clause: Limit one of each Pok\u00e9mon\n|rule|HP Percentage Mod: HP is shown in percentages\n|rule|Sleep Clause Mod: Limit one foe put to sleep\n|rule|Illusion Level Mod: Illusion disguises the Pok\u00e9mon's true level\n|\n|t:|1783547258\n|teamsize|p1|6\n|teamsize|p2|6\n|start\n|switch|p1a: Iron Bundle|Iron Bundle, L78|215/215\n|switch|p2a: Minior|Minior, L79|100/100\n|-formechange|p2a: Minior|Minior-Meteor||[from] ability: Shields Down\n|turn|1\n|inactive|Battle timer is ON: inactive players will automatically lose when time's up. (requested by p0x6417cb0)\n|inactive|p0y6418ec4 also wants the timer to be on.\n|\n|t:|1783547260\n|-terastallize|p2a: Minior|Steel\n|move|p1a: Iron Bundle|Freeze-Dry|p2a: Minior\n|-resisted|p2a: Minior\n|-damage|p2a: Minior|76/100\n|move|p2a: Minior|Shell Smash|p2a: Minior\n|-unboost|p2a: Minior|def|1\n|-unboost|p2a: Minior|spd|1\n|-boost|p2a: Minior|atk|2\n|-boost|p2a: Minior|spa|2\n|-boost|p2a: Minior|spe|2\n|-enditem|p2a: Minior|White Herb\n|-clearnegativeboost|p2a: Minior|[silent]\n|\n|upkeep\n|turn|2\n|inactive|Time left: 300 sec this turn | 300 sec total\n|\n|t:|1783547261\n|-end|p1a: Iron Bundle|Quark Drive|[silent]\n|switch|p1a: Spiritomb|Spiritomb, L89, F|234/234\n|move|p2a: Minior|Power Gem|p1a: Spiritomb\n|-damage|p1a: Spiritomb|141/234\n|\n|-heal|p1a: Spiritomb|155/234|[from] item: Leftovers\n|upkeep\n|turn|3\n|inactive|Time left: 300 sec this turn | 300 sec total\n|\n|t:|1783547262\n|move|p2a: Minior|Acrobatics|p1a: Spiritomb\n|-damage|p1a: Spiritomb|34/234\n|move|p1a: Spiritomb|Pain Split|p2a: Minior\n|-sethp|p2a: Minior|46/100|[from] move: Pain Split|[silent]\n|-sethp|p1a: Spiritomb|101/234|[from] move: Pain Split\n|\n|-heal|p1a: Spiritomb|115/234|[from] item: Leftovers\n|-formechange|p2a: Minior|Minior||[from] ability: Shields Down\n|upkeep\n|turn|4\n|inactive|Time left: 300 sec this turn | 300 sec total\n|\n|t:|1783547263\n|move|p2a: Minior|Acrobatics|p1a: Spiritomb\n|-damage|p1a: Spiritomb|0 fnt\n|faint|p1a: Spiritomb\n|\n|upkeep\n|inactive|Time left: 300 sec this turn | 300 sec total | 5 sec grace\n|\n|t:|1783547264\n|switch|p1a: Fezandipiti|Fezandipiti, L82, M|278/278\n|turn|5\n|inactive|Time left: 300 sec this turn | 300 sec total\n|\n|t:|1783547266\n|-terastallize|p1a: Fezandipiti|Ground\n|move|p2a: Minior|Acrobatics|p1a: Fezandipiti\n|-damage|p1a: Fezandipiti|65/278\n|move|p1a: Fezandipiti|Tera Blast|p2a: Minior|[anim] Tera Blast Ground\n|-supereffective|p2a: Minior\n|-damage|p2a: Minior|0 fnt\n|faint|p2a: Minior\n|\n|-heal|p1a: Fezandipiti|82/278|[from] item: Leftovers\n|upkeep\n|\n|t:|1783547267\n|switch|p2a: Conkeldurr|Conkeldurr, L80, M|100/100\n|turn|6\n|inactive|Time left: 300 sec this turn | 300 sec total\n|\n|t:|1783547268\n|move|p1a: Fezandipiti|Play Rough|p2a: Conkeldurr\n|-supereffective|p2a: Conkeldurr\n|-damage|p2a: Conkeldurr|40/100\n|move|p2a: Conkeldurr|Knock Off|p1a: Fezandipiti\n|-damage|p1a: Fezandipiti|0 fnt\n|-enditem|p1a: Fezandipiti|Leftovers|[from] move: Knock Off|[of] p2a: Conkeldurr\n|faint|p1a: Fezandipiti\n|\n|-status|p2a: Conkeldurr|brn|[from] item: Flame Orb\n|upkeep\n|inactive|Time left: 300 sec this turn | 300 sec total | 5 sec grace\n|\n|t:|1783547269\n|switch|p1a: Iron Bundle|Iron Bundle, L78|215/215\n|turn|7\n|inactive|Time left: 300 sec this turn | 300 sec total\n|\n|t:|1783547270\n|switch|p2a: Lucario|Lucario, L84, M|100/100\n|move|p1a: Iron Bundle|Ice Beam|p2a: Lucario\n|-resisted|p2a: Lucario\n|-damage|p2a: Lucario|62/100\n|\n|upkeep\n|turn|8\n|inactive|Time left: 300 sec this turn | 300 sec total\n|\n|t:|1783547271\n|-end|p1a: Iron Bundle|Quark Drive|[silent]\n|switch|p1a: Ceruledge|Ceruledge, L78, M|245/245\n|move|p2a: Lucario|Flash Cannon|p1a: Ceruledge\n|-resisted|p1a: Ceruledge\n|-damage|p1a: Ceruledge|180/245\n|-damage|p2a: Lucario|53/100|[from] item: Life Orb\n|\n|upkeep\n|turn|9\n|inactive|Time left: 300 sec this turn | 300 sec total\n|\n|t:|1783547272\n|switch|p2a: Skeledirge|Skeledirge, L79, M|100/100\n|move|p1a: Ceruledge|Bitter Blade|p2a: Skeledirge\n|-resisted|p2a: Skeledirge\n|-damage|p2a: Skeledirge|83/100\n|-heal|p1a: Ceruledge|205/245|[from] drain|[of] p2a: Skeledirge\n|\n|upkeep\n|turn|10\n|inactive|Time left: 300 sec this turn | 300 sec total\n|\n|t:|1783547273\n|move|p1a: Ceruledge|Poltergeist|p2a: Skeledirge\n|-activate|p2a: Skeledirge|move: Poltergeist|Heavy-Duty Boots\n|-supereffective|p2a: Skeledirge\n|-damage|p2a: Skeledirge|1/100\n|move|p2a: Skeledirge|Hex|p1a: Ceruledge\n|-supereffective|p1a: Ceruledge\n|-damage|p1a: Ceruledge|73/245\n|\n|upkeep\n|turn|11\n|inactive|Time left: 300 sec this turn | 300 sec total\n|\n|t:|1783547274\n|move|p1a: Ceruledge|Bitter Blade|p2a: Skeledirge\n|-resisted|p2a: Skeledirge\n|-crit|p2a: Skeledirge\n|-damage|p2a: Skeledirge|0 fnt\n|-heal|p1a: Ceruledge|74/245|[from] drain|[of] p2a: Skeledirge\n|faint|p2a: Skeledirge\n|\n|upkeep\n|\n|t:|1783547275\n|switch|p2a: Braviary|Braviary-Hisui, L85, M|100/100\n|turn|12\n|inactive|Time left: 300 sec this turn | 300 sec total\n|\n|t:|1783547277\n|move|p1a: Ceruledge|Poltergeist|p2a: Braviary\n|-activate|p2a: Braviary|move: Poltergeist|Heavy-Duty Boots\n|-supereffective|p2a: Braviary\n|-damage|p2a: Braviary|6/100\n|move|p2a: Braviary|Esper Wing|p1a: Ceruledge\n|-damage|p1a: Ceruledge|0 fnt\n|-boost|p2a: Braviary|spe|1\n|faint|p1a: Ceruledge\n|\n|upkeep\n|inactive|Time left: 300 sec this turn | 300 sec total | 5 sec grace\n|\n|t:|1783547278\n|switch|p1a: Iron Bundle|Iron Bundle, L78|215/215\n|turn|13\n|inactive|Time left: 300 sec this turn | 300 sec total\n|\n|t:|1783547279\n|move|p1a: Iron Bundle|Flip Turn|p2a: Braviary\n|-damage|p2a: Braviary|0 fnt\n|faint|p2a: Braviary\n|inactive|Time left: 300 sec this turn | 300 sec total | 5 sec grace\n|\n|t:|1783547280\n|-end|p1a: Iron Bundle|Quark Drive|[silent]\n|switch|p1a: Tsareena|Tsareena, L87, F|267/267|[from] Flip Turn\n|\n|upkeep\n|\n|t:|1783547281\n|switch|p2a: Forretress|Forretress, L84, M|100/100\n|turn|14\n|inactive|Time left: 300 sec this turn | 300 sec total\n|\n|t:|1783547282\n|move|p1a: Tsareena|High Jump Kick|p2a: Forretress\n|-damage|p2a: Forretress|72/100\n|move|p2a: Forretress|Body Press|p1a: Tsareena\n|-damage|p1a: Tsareena|202/267\n|\n|-heal|p2a: Forretress|78/100|[from] item: Leftovers\n|upkeep\n|turn|15\n|inactive|Time left: 300 sec this turn | 300 sec total\n|\n|t:|1783547283\n|switch|p1a: Iron Bundle|Iron Bundle, L78|215/215\n|move|p2a: Forretress|Iron Head|p1a: Iron Bundle\n|-damage|p1a: Iron Bundle|139/215\n|\n|-heal|p2a: Forretress|85/100|[from] item: Leftovers\n|upkeep\n|turn|16\n|inactive|Time left: 300 sec this turn | 300 sec total\n|\n|t:|1783547284\n|move|p1a: Iron Bundle|Hydro Pump|p2a: Forretress\n|-damage|p2a: Forretress|0 fnt\n|faint|p2a: Forretress\n|\n|upkeep\n|\n|t:|1783547285\n|switch|p2a: Conkeldurr|Conkeldurr, L80, M|40/100 brn\n|turn|17\n|inactive|Time left: 300 sec this turn | 300 sec total\n|\n|t:|1783547286\n|move|p2a: Conkeldurr|Mach Punch|p1a: Iron Bundle\n|-supereffective|p1a: Iron Bundle\n|-damage|p1a: Iron Bundle|0 fnt\n|faint|p1a: Iron Bundle\n|-end|p1a: Iron Bundle|Quark Drive|[silent]\n|\n|-damage|p2a: Conkeldurr|34/100 brn|[from] brn\n|upkeep\n|inactive|Time left: 300 sec this turn | 300 sec total | 5 sec grace\n|\n|t:|1783547287\n|switch|p1a: Bombirdier|Bombirdier, L85, F|258/258\n|turn|18\n|inactive|Time left: 300 sec this turn | 300 sec total\n|\n|t:|1783547288\n|move|p2a: Conkeldurr|Mach Punch|p1a: Bombirdier\n|-damage|p1a: Bombirdier|170/258\n|move|p1a: Bombirdier|Brave Bird|p2a: Conkeldurr\n|-supereffective|p2a: Conkeldurr\n|-damage|p2a: Conkeldurr|0 fnt\n|faint|p2a: Conkeldurr\n|-damage|p1a: Bombirdier|137/258|[from] Recoil\n|\n|upkeep\n|\n|t:|1783547289\n|switch|p2a: Lucario|Lucario, L84, M|53/100\n|turn|19\n|inactive|Time left: 300 sec this turn | 300 sec total\n|\n|t:|1783547290\n|move|p2a: Lucario|Focus Blast|p1a: Bombirdier\n|-damage|p1a: Bombirdier|0 fnt\n|faint|p1a: Bombirdier\n|-damage|p2a: Lucario|43/100|[from] item: Life Orb\n|\n|upkeep\n|inactive|Time left: 300 sec this turn | 300 sec total | 5 sec grace\n|\n|t:|1783547291\n|switch|p1a: Tsareena|Tsareena, L87, F|202/267\n|turn|20\n|inactive|Time left: 300 sec this turn | 300 sec total\n|\n|t:|1783547291\n|move|p2a: Lucario|Focus Blast|p1a: Tsareena|[miss]\n|-miss|p2a: Lucario|p1a: Tsareena\n|move|p1a: Tsareena|High Jump Kick|p2a: Lucario\n|-supereffective|p2a: Lucario\n|-damage|p2a: Lucario|0 fnt\n|faint|p2a: Lucario\n|\n|win|p0x6417cb0", "uploadtime": 1783547291, "views": 0, "rating": 0, "private": 0, "password": null, "_winner": "p0x6417cb0", "_our_name": "p0x6417cb0"}