{"id": "battle-gen9randombattle-532", "formatid": "gen9randombattle", "format": "[Gen 9] Random Battle", "players": ["p0x5322232", "p0y5323018"], "log": "|init|battle\n|title|p0x5322232 vs. p0y5323018\n|j|\u2606p0x5322232\n|j|\u2606p0y5323018\n|t:|1783545221\n|gametype|singles\n|player|p1|p0x5322232|170|\n|player|p2|p0y5323018|265|\n|gen|9\n|tier|[Gen 9] Random Battle\n|rule|Species Clause: Limit one of each Pok\u00e9mon\n|rule|HP Percentage Mod: HP is shown in percentages\n|rule|Sleep Clause Mod: Limit one foe put to sleep\n|rule|Illusion Level Mod: Illusion disguises the Pok\u00e9mon's true level\n|\n|t:|1783545221\n|teamsize|p1|6\n|teamsize|p2|6\n|start\n|switch|p1a: Luxray|Luxray, L88, M|284/284\n|switch|p2a: Dondozo|Dondozo, L78, F|100/100\n|-ability|p1a: Luxray|Intimidate|boost\n|-unboost|p2a: Dondozo|atk|1\n|turn|1\n|inactive|Battle timer is ON: inactive players will automatically lose when time's up. (requested by p0x5322232)\n|inactive|p0y5323018 also wants the timer to be on.\n|\n|t:|1783545223\n|switch|p2a: Klawf|Klawf, L90, F|100/100\n|move|p1a: Luxray|Wild Charge|p2a: Klawf\n|-damage|p2a: Klawf|67/100\n|-damage|p1a: Luxray|261/284|[from] Recoil\n|\n|upkeep\n|turn|2\n|inactive|Time left: 300 sec this turn | 300 sec total\n|\n|t:|1783545224\n|move|p2a: Klawf|Stone Edge|p1a: Luxray|[miss]\n|-miss|p2a: Klawf|p1a: Luxray\n|move|p1a: Luxray|Volt Switch|p2a: Klawf\n|-damage|p2a: Klawf|27/100\n|-ability|p2a: Klawf|Anger Shell|boost\n|-boost|p2a: Klawf|atk|1\n|-boost|p2a: Klawf|spa|1\n|-boost|p2a: Klawf|spe|1\n|-unboost|p2a: Klawf|def|1\n|-unboost|p2a: Klawf|spd|1\n|inactive|Time left: 300 sec this turn | 300 sec total | 5 sec grace\n|\n|t:|1783545225\n|switch|p1a: Palossand|Palossand, L89, F|296/296|[from] Volt Switch\n|\n|upkeep\n|turn|3\n|inactive|Time left: 300 sec this turn | 300 sec total\n|\n|t:|1783545226\n|move|p2a: Klawf|Knock Off|p1a: Palossand\n|-supereffective|p1a: Palossand\n|-damage|p1a: Palossand|70/296\n|-enditem|p1a: Palossand|Leftovers|[from] move: Knock Off|[of] p2a: Klawf\n|move|p1a: Palossand|Shadow Ball|p2a: Klawf\n|-damage|p2a: Klawf|0 fnt\n|faint|p2a: Klawf\n|\n|upkeep\n|\n|t:|1783545227\n|switch|p2a: Feraligatr|Feraligatr, L79, F|100/100\n|turn|4\n|inactive|Time left: 300 sec this turn | 300 sec total\n|\n|t:|1783545228\n|switch|p1a: Luxray|Luxray, L88, M|261/284\n|-ability|p1a: Luxray|Intimidate|boost\n|-unboost|p2a: Feraligatr|atk|1\n|move|p2a: Feraligatr|Dragon Dance|p2a: Feraligatr\n|-boost|p2a: Feraligatr|atk|1\n|-boost|p2a: Feraligatr|spe|1\n|\n|upkeep\n|turn|5\n|inactive|Time left: 300 sec this turn | 300 sec total\n|\n|t:|1783545229\n|move|p2a: Feraligatr|Liquidation|p1a: Luxray\n|-damage|p1a: Luxray|109/284\n|move|p1a: Luxray|Wild Charge|p2a: Feraligatr\n|-supereffective|p2a: Feraligatr\n|-damage|p2a: Feraligatr|5/100\n|-damage|p1a: Luxray|46/284|[from] Recoil\n|\n|upkeep\n|turn|6\n|inactive|Time left: 300 sec this turn | 300 sec total\n|\n|t:|1783545230\n|switch|p1a: Zekrom|Zekrom, L71|259/259\n|-ability|p1a: Zekrom|Teravolt\n|move|p2a: Feraligatr|Liquidation|p1a: Zekrom\n|-resisted|p1a: Zekrom\n|-damage|p1a: Zekrom|190/259\n|\n|-heal|p1a: Zekrom|206/259|[from] item: Leftovers\n|upkeep\n|turn|7\n|inactive|Time left: 300 sec this turn | 300 sec total\n|\n|t:|1783545231\n|move|p2a: Feraligatr|Ice Punch|p1a: Zekrom\n|-supereffective|p1a: Zekrom\n|-damage|p1a: Zekrom|55/259\n|move|p1a: Zekrom|Dragon Dance|p1a: Zekrom\n|-boost|p1a: Zekrom|atk|1\n|-boost|p1a: Zekrom|spe|1\n|\n|-heal|p1a: Zekrom|71/259|[from] item: Leftovers\n|upkeep\n|turn|8\n|inactive|Time left: 300 sec this turn | 300 sec total\n|\n|t:|1783545232\n|move|p2a: Feraligatr|Crunch|p1a: Zekrom\n|-damage|p1a: Zekrom|0 fnt\n|faint|p1a: Zekrom\n|\n|upkeep\n|inactive|Time left: 300 sec this turn | 300 sec total | 5 sec grace\n|\n|t:|1783545233\n|switch|p1a: Glalie|Glalie, L96, F|309/309\n|turn|9\n|inactive|Time left: 300 sec this turn | 300 sec total\n|\n|t:|1783545234\n|switch|p2a: Snorlax|Snorlax, L82, F|100/100\n|move|p1a: Glalie|Spikes|p2a: Snorlax\n|-sidestart|p2: p0y5323018|Spikes\n|\n|upkeep\n|turn|10\n|inactive|Time left: 300 sec this turn | 300 sec total\n|\n|t:|1783545235\n|move|p1a: Glalie|Spikes|p2a: Snorlax\n|-sidestart|p2: p0y5323018|Spikes\n|move|p2a: Snorlax|Body Slam|p1a: Glalie\n|-damage|p1a: Glalie|215/309\n|\n|upkeep\n|turn|11\n|inactive|Time left: 300 sec this turn | 300 sec total\n|\n|t:|1783545236\n|switch|p1a: Palossand|Palossand, L89, F|70/296\n|move|p2a: Snorlax|Body Slam|p1a: Palossand\n|-immune|p1a: Palossand\n|\n|upkeep\n|turn|12\n|inactive|Time left: 300 sec this turn | 300 sec total\n|\n|t:|1783545237\n|move|p1a: Palossand|Shore Up|p1a: Palossand\n|-heal|p1a: Palossand|218/296\n|move|p2a: Snorlax|Crunch|p1a: Palossand\n|-supereffective|p1a: Palossand\n|-damage|p1a: Palossand|120/296\n|\n|upkeep\n|turn|13\n|inactive|Time left: 300 sec this turn | 300 sec total\n|\n|t:|1783545239\n|move|p1a: Palossand|Shore Up|p1a: Palossand\n|-heal|p1a: Palossand|268/296\n|move|p2a: Snorlax|Crunch|p1a: Palossand\n|-supereffective|p1a: Palossand\n|-damage|p1a: Palossand|170/296\n|\n|upkeep\n|turn|14\n|inactive|Time left: 300 sec this turn | 300 sec total\n|\n|t:|1783545240\n|move|p1a: Palossand|Shore Up|p1a: Palossand\n|-heal|p1a: Palossand|296/296\n|move|p2a: Snorlax|Crunch|p1a: Palossand\n|-supereffective|p1a: Palossand\n|-damage|p1a: Palossand|208/296\n|-unboost|p1a: Palossand|def|1\n|\n|upkeep\n|turn|15\n|inactive|Time left: 300 sec this turn | 300 sec total\n|\n|t:|1783545241\n|move|p1a: Palossand|Stealth Rock|p2a: Snorlax\n|-sidestart|p2: p0y5323018|move: Stealth Rock\n|move|p2a: Snorlax|Crunch|p1a: Palossand\n|-supereffective|p1a: Palossand\n|-damage|p1a: Palossand|62/296\n|\n|upkeep\n|turn|16\n|inactive|Time left: 300 sec this turn | 300 sec total\n|\n|t:|1783545242\n|move|p1a: Palossand|Shore Up|p1a: Palossand\n|-heal|p1a: Palossand|210/296\n|move|p2a: Snorlax|Crunch|p1a: Palossand\n|-supereffective|p1a: Palossand\n|-damage|p1a: Palossand|78/296\n|\n|upkeep\n|turn|17\n|inactive|Time left: 300 sec this turn | 300 sec total\n|\n|t:|1783545242\n|move|p1a: Palossand|Shore Up|p1a: Palossand\n|-heal|p1a: Palossand|226/296\n|move|p2a: Snorlax|Crunch|p1a: Palossand\n|-supereffective|p1a: Palossand\n|-damage|p1a: Palossand|88/296\n|\n|upkeep\n|turn|18\n|inactive|Time left: 300 sec this turn | 300 sec total\n|\n|t:|1783545243\n|move|p1a: Palossand|Shore Up|p1a: Palossand\n|-heal|p1a: Palossand|236/296\n|move|p2a: Snorlax|Crunch|p1a: Palossand\n|-supereffective|p1a: Palossand\n|-damage|p1a: Palossand|90/296\n|\n|upkeep\n|turn|19\n|inactive|Time left: 300 sec this turn | 300 sec total\n|\n|t:|1783545244\n|move|p1a: Palossand|Shore Up|p1a: Palossand\n|-heal|p1a: Palossand|238/296\n|move|p2a: Snorlax|Crunch|p1a: Palossand\n|-supereffective|p1a: Palossand\n|-damage|p1a: Palossand|92/296\n|\n|upkeep\n|turn|20\n|inactive|Time left: 300 sec this turn | 300 sec total\n|\n|t:|1783545245\n|move|p1a: Palossand|Shore Up|p1a: Palossand\n|-heal|p1a: Palossand|240/296\n|move|p2a: Snorlax|Crunch|p1a: Palossand\n|-supereffective|p1a: Palossand\n|-damage|p1a: Palossand|90/296\n|\n|upkeep\n|turn|21\n|inactive|Time left: 300 sec this turn | 300 sec total\n|\n|t:|1783545246\n|switch|p1a: Luxray|Luxray, L88, M|46/284\n|-ability|p1a: Luxray|Intimidate|boost\n|-unboost|p2a: Snorlax|atk|1\n|move|p2a: Snorlax|Crunch|p1a: Luxray\n|-damage|p1a: Luxray|1/284\n|\n|upkeep\n|turn|22\n|inactive|Time left: 300 sec this turn | 300 sec total\n|\n|t:|1783545247\n|move|p1a: Luxray|Volt Switch|p2a: Snorlax\n|-damage|p2a: Snorlax|84/100\n|inactive|Time left: 300 sec this turn | 300 sec total | 5 sec grace\n|\n|t:|1783545248\n|switch|p1a: Palossand|Palossand, L89, F|90/296|[from] Volt Switch\n|move|p2a: Snorlax|Curse|p2a: Snorlax\n|-unboost|p2a: Snorlax|spe|1\n|-boost|p2a: Snorlax|atk|1\n|-boost|p2a: Snorlax|def|1\n|\n|upkeep\n|turn|23\n|inactive|Time left: 300 sec this turn | 300 sec total\n|\n|t:|1783545249\n|switch|p1a: Luxray|Luxray, L88, M|1/284\n|-ability|p1a: Luxray|Intimidate|boost\n|-unboost|p2a: Snorlax|atk|1\n|move|p2a: Snorlax|Crunch|p1a: Luxray\n|-damage|p1a: Luxray|0 fnt\n|faint|p1a: Luxray\n|\n|upkeep\n|inactive|Time left: 300 sec this turn | 300 sec total | 5 sec grace\n|\n|t:|1783545250\n|switch|p1a: Haxorus|Haxorus, L77, M|244/244\n|-ability|p1a: Haxorus|Mold Breaker\n|turn|24\n|inactive|Time left: 300 sec this turn | 300 sec total\n|\n|t:|1783545251\n|move|p1a: Haxorus|Swords Dance|p1a: Haxorus\n|-boost|p1a: Haxorus|atk|2\n|move|p2a: Snorlax|Body Slam|p1a: Haxorus\n|-damage|p1a: Haxorus|174/244\n|\n|upkeep\n|turn|25\n|inactive|Time left: 300 sec this turn | 300 sec total\n|\n|t:|1783545252\n|move|p1a: Haxorus|Scale Shot|p2a: Snorlax\n|-damage|p2a: Snorlax|71/100\n|-damage|p2a: Snorlax|57/100\n|-damage|p2a: Snorlax|45/100\n|-damage|p2a: Snorlax|31/100\n|-damage|p2a: Snorlax|19/100\n|-hitcount|p2a: Snorlax|5\n|-unboost|p1a: Haxorus|def|1\n|-boost|p1a: Haxorus|spe|1\n|move|p2a: Snorlax|Body Slam|p1a: Haxorus\n|-damage|p1a: Haxorus|69/244\n|\n|upkeep\n|turn|26\n|inactive|Time left: 300 sec this turn | 300 sec total\n|\n|t:|1783545253\n|move|p1a: Haxorus|Scale Shot|p2a: Snorlax\n|-damage|p2a: Snorlax|5/100\n|-damage|p2a: Snorlax|0 fnt\n|faint|p2a: Snorlax\n|-hitcount|p2: Snorlax|2\n|-unboost|p1a: Haxorus|def|1\n|-boost|p1a: Haxorus|spe|1\n|\n|upkeep\n|\n|t:|1783545254\n|switch|p2a: Grimmsnarl|Grimmsnarl, L83, M|100/100\n|-damage|p2a: Grimmsnarl|84/100|[from] Spikes\n|-damage|p2a: Grimmsnarl|72/100|[from] Stealth Rock\n|turn|27\n|inactive|Time left: 300 sec this turn | 300 sec total\n|\n|t:|1783545255\n|move|p2a: Grimmsnarl|Sucker Punch|p1a: Haxorus\n|-damage|p1a: Haxorus|0 fnt\n|faint|p1a: Haxorus\n|\n|-heal|p2a: Grimmsnarl|78/100|[from] item: Leftovers\n|upkeep\n|inactive|Time left: 300 sec this turn | 300 sec total | 5 sec grace\n|\n|t:|1783545256\n|switch|p1a: Delibird|Delibird, F|252/252\n|turn|28\n|inactive|Time left: 300 sec this turn | 300 sec total\n|\n|t:|1783545258\n|move|p1a: Delibird|Brave Bird|p2a: Grimmsnarl\n|-damage|p2a: Grimmsnarl|0 fnt\n|faint|p2a: Grimmsnarl\n|-damage|p1a: Delibird|177/252|[from] Recoil\n|\n|upkeep\n|\n|t:|1783545259\n|switch|p2a: Azelf|Azelf, L82|100/100\n|-damage|p2a: Azelf|88/100|[from] Stealth Rock\n|turn|29\n|inactive|Time left: 300 sec this turn | 300 sec total\n|\n|t:|1783545260\n|move|p2a: Azelf|Fire Blast|p1a: Delibird\n|-supereffective|p1a: Delibird\n|-crit|p1a: Delibird\n|-damage|p1a: Delibird|0 fnt\n|faint|p1a: Delibird\n|\n|upkeep\n|inactive|Time left: 300 sec this turn | 300 sec total | 5 sec grace\n|\n|t:|1783545261\n|switch|p1a: Glalie|Glalie, L96, F|215/309\n|turn|30\n|inactive|Time left: 300 sec this turn | 300 sec total\n|\n|t:|1783545262\n|-terastallize|p1a: Glalie|Water\n|move|p2a: Azelf|Psychic|p1a: Glalie\n|-damage|p1a: Glalie|106/309\n|move|p1a: Glalie|Freeze-Dry|p2a: Azelf\n|-damage|p2a: Azelf|63/100\n|\n|upkeep\n|turn|31\n|inactive|Time left: 300 sec this turn | 300 sec total\n|\n|t:|1783545263\n|-terastallize|p2a: Azelf|Dark\n|move|p2a: Azelf|Knock Off|p1a: Glalie\n|-damage|p1a: Glalie|0 fnt\n|-enditem|p1a: Glalie|Heavy-Duty Boots|[from] move: Knock Off|[of] p2a: Azelf\n|faint|p1a: Glalie\n|\n|upkeep\n|inactive|Time left: 300 sec this turn | 300 sec total | 5 sec grace\n|\n|t:|1783545264\n|switch|p1a: Palossand|Palossand, L89, F|90/296\n|turn|32\n|inactive|Time left: 300 sec this turn | 300 sec total\n|\n|t:|1783545265\n|move|p2a: Azelf|Knock Off|p1a: Palossand\n|-supereffective|p1a: Palossand\n|-damage|p1a: Palossand|0 fnt\n|faint|p1a: Palossand\n|\n|win|p0y5323018", "uploadtime": 1783545265, "views": 0, "rating": 0, "private": 0, "password": null, "_winner": "p0y5323018", "_our_name": "p0x5322232"}