{"id": "battle-gen9randombattle-707", "formatid": "gen9randombattle", "format": "[Gen 9] Random Battle", "players": ["p0x707a927", "p0y707291f"], "log": "|init|battle\n|title|p0x707a927 vs. p0y707291f\n|j|\u2606p0x707a927\n|j|\u2606p0y707291f\n|t:|1783547319\n|gametype|singles\n|player|p1|p0x707a927|266|\n|player|p2|p0y707291f|169|\n|gen|9\n|tier|[Gen 9] Random Battle\n|rule|Species Clause: Limit one of each Pok\u00e9mon\n|rule|HP Percentage Mod: HP is shown in percentages\n|rule|Sleep Clause Mod: Limit one foe put to sleep\n|rule|Illusion Level Mod: Illusion disguises the Pok\u00e9mon's true level\n|\n|t:|1783547319\n|teamsize|p1|6\n|teamsize|p2|6\n|start\n|switch|p1a: Illumise|Illumise, L91, F|100/100\n|switch|p2a: Cinderace|Cinderace, L77, F|250/250\n|turn|1\n|inactive|Battle timer is ON: inactive players will automatically lose when time's up. (requested by p0x707a927)\n|inactive|Time left: 300 sec this turn | 300 sec total | 60 sec grace\n|inactive|p0y707291f also wants the timer to be on.\n|\n|t:|1783547320\n|switch|p1a: Porygon2|Porygon2, L81|100/100\n|-ability|p1a: Porygon2|Download|boost\n|-boost|p1a: Porygon2|spa|1\n|move|p2a: Cinderace|Pyro Ball|p1a: Porygon2|[miss]\n|-miss|p2a: Cinderace|p1a: Porygon2\n|\n|upkeep\n|turn|2\n|inactive|Time left: 300 sec this turn | 300 sec total\n|\n|t:|1783547322\n|switch|p2a: Minior|Minior, L79|224/224\n|-formechange|p2a: Minior|Minior-Meteor||[from] ability: Shields Down\n|move|p1a: Porygon2|Tri Attack|p2a: Minior\n|-resisted|p2a: Minior\n|-damage|p2a: Minior|169/224\n|\n|upkeep\n|turn|3\n|inactive|Time left: 300 sec this turn | 300 sec total\n|\n|t:|1783547323\n|switch|p2a: Smeargle|Smeargle, L95, M|258/258\n|move|p1a: Porygon2|Discharge|p2a: Smeargle\n|-damage|p2a: Smeargle|137/258\n|\n|upkeep\n|turn|4\n|inactive|Time left: 300 sec this turn | 300 sec total\n|\n|t:|1783547324\n|move|p2a: Smeargle|Spore|p1a: Porygon2\n|-status|p1a: Porygon2|slp|[from] move: Spore\n|cant|p1a: Porygon2|slp\n|\n|upkeep\n|turn|5\n|inactive|Time left: 300 sec this turn | 300 sec total\n|\n|t:|1783547325\n|move|p2a: Smeargle|Sticky Web|p1a: Porygon2\n|-sidestart|p1: p0x707a927|move: Sticky Web\n|cant|p1a: Porygon2|slp\n|\n|upkeep\n|turn|6\n|inactive|Time left: 300 sec this turn | 300 sec total\n|\n|t:|1783547326\n|move|p2a: Smeargle|Stealth Rock|p1a: Porygon2\n|-sidestart|p1: p0x707a927|move: Stealth Rock\n|-curestatus|p1a: Porygon2|slp|[msg]\n|move|p1a: Porygon2|Ice Beam|p2a: Smeargle\n|-damage|p2a: Smeargle|13/258\n|\n|upkeep\n|turn|7\n|inactive|Time left: 300 sec this turn | 300 sec total\n|\n|t:|1783547327\n|move|p2a: Smeargle|Spore|p1a: Porygon2\n|-status|p1a: Porygon2|slp|[from] move: Spore\n|cant|p1a: Porygon2|slp\n|\n|upkeep\n|turn|8\n|inactive|Time left: 300 sec this turn | 300 sec total\n|\n|t:|1783547328\n|move|p2a: Smeargle|Ceaseless Edge|p1a: Porygon2\n|-damage|p1a: Porygon2|95/100 slp\n|-sidestart|p1: p0x707a927|Spikes\n|cant|p1a: Porygon2|slp\n|\n|upkeep\n|turn|9\n|inactive|Time left: 300 sec this turn | 300 sec total\n|\n|t:|1783547330\n|move|p2a: Smeargle|Ceaseless Edge|p1a: Porygon2\n|-damage|p1a: Porygon2|89/100 slp\n|-sidestart|p1: p0x707a927|Spikes\n|-curestatus|p1a: Porygon2|slp|[msg]\n|move|p1a: Porygon2|Tri Attack|p2a: Smeargle\n|-damage|p2a: Smeargle|0 fnt\n|faint|p2a: Smeargle\n|\n|upkeep\n|inactive|Time left: 300 sec this turn | 300 sec total | 5 sec grace\n|\n|t:|1783547331\n|switch|p2a: Cacturne|Cacturne, L92, M|278/278\n|turn|10\n|inactive|Time left: 300 sec this turn | 300 sec total\n|\n|t:|1783547331\n|move|p2a: Cacturne|Knock Off|p1a: Porygon2\n|-damage|p1a: Porygon2|44/100\n|-enditem|p1a: Porygon2|Eviolite|[from] move: Knock Off|[of] p2a: Cacturne\n|-damage|p2a: Cacturne|251/278|[from] item: Life Orb\n|move|p1a: Porygon2|Ice Beam|p2a: Cacturne\n|-supereffective|p2a: Cacturne\n|-damage|p2a: Cacturne|7/278\n|\n|upkeep\n|turn|11\n|inactive|Time left: 300 sec this turn | 300 sec total\n|\n|t:|1783547333\n|move|p2a: Cacturne|Leaf Storm|p1a: Porygon2\n|-damage|p1a: Porygon2|0 fnt\n|-unboost|p2a: Cacturne|spa|2\n|faint|p1a: Porygon2\n|-damage|p2a: Cacturne|0 fnt|[from] item: Life Orb\n|faint|p2a: Cacturne\n|\n|upkeep\n|inactive|Time left: 300 sec this turn | 300 sec total | 5 sec grace\n|\n|t:|1783547334\n|switch|p2a: Espeon|Espeon, L84, M|246/246\n|switch|p1a: Charizard|Charizard, L85, M|100/100\n|turn|12\n|inactive|Time left: 300 sec this turn | 300 sec total\n|\n|t:|1783547335\n|move|p2a: Espeon|Psyshock|p1a: Charizard\n|-damage|p1a: Charizard|33/100\n|move|p1a: Charizard|Flamethrower|p2a: Espeon\n|-damage|p2a: Espeon|92/246\n|-status|p2a: Espeon|brn\n|\n|-damage|p2a: Espeon|77/246 brn|[from] brn\n|upkeep\n|turn|13\n|inactive|Time left: 300 sec this turn | 300 sec total\n|\n|t:|1783547336\n|switch|p1a: Crawdaunt|Crawdaunt, L84, F|100/100\n|-activate|p1a: Crawdaunt|move: Sticky Web\n|-unboost|p1a: Crawdaunt|spe|1\n|-damage|p1a: Crawdaunt|88/100|[from] Stealth Rock\n|-damage|p1a: Crawdaunt|72/100|[from] Spikes\n|move|p2a: Espeon|Psyshock|p1a: Crawdaunt\n|-immune|p1a: Crawdaunt\n|\n|-damage|p2a: Espeon|62/246 brn|[from] brn\n|upkeep\n|turn|14\n|inactive|Time left: 300 sec this turn | 300 sec total\n|\n|t:|1783547337\n|move|p2a: Espeon|Psyshock|p1a: Crawdaunt\n|-immune|p1a: Crawdaunt\n|move|p1a: Crawdaunt|Knock Off|p2a: Espeon\n|-supereffective|p2a: Espeon\n|-damage|p2a: Espeon|0 fnt\n|-enditem|p2a: Espeon|Choice Specs|[from] move: Knock Off|[of] p1a: Crawdaunt\n|faint|p2a: Espeon\n|-damage|p1a: Crawdaunt|62/100|[from] item: Life Orb\n|\n|upkeep\n|inactive|Time left: 300 sec this turn | 300 sec total | 5 sec grace\n|\n|t:|1783547338\n|switch|p2a: Cinderace|Cinderace, L77, F|250/250\n|turn|15\n|inactive|Time left: 300 sec this turn | 300 sec total\n|\n|t:|1783547339\n|move|p1a: Crawdaunt|Aqua Jet|p2a: Cinderace\n|-supereffective|p2a: Cinderace\n|-damage|p2a: Cinderace|52/250\n|-damage|p1a: Crawdaunt|52/100|[from] item: Life Orb\n|move|p2a: Cinderace|U-turn|p1a: Crawdaunt\n|-start|p2a: Cinderace|typechange|Bug|[from] ability: Libero\n|-supereffective|p1a: Crawdaunt\n|-crit|p1a: Crawdaunt\n|-damage|p1a: Crawdaunt|0 fnt\n|faint|p1a: Crawdaunt\n|inactive|Time left: 300 sec this turn | 300 sec total | 5 sec grace\n|\n|t:|1783547340\n|switch|p2a: Cramorant|Cramorant, L86, F|261/261|[from] U-turn\n|\n|upkeep\n|\n|t:|1783547341\n|switch|p1a: Charizard|Charizard, L85, M|33/100\n|turn|16\n|inactive|Time left: 300 sec this turn | 300 sec total\n|\n|t:|1783547342\n|move|p1a: Charizard|Hurricane|p2a: Cramorant\n|-damage|p2a: Cramorant|137/261\n|-start|p2a: Cramorant|confusion\n|-activate|p2a: Cramorant|confusion\n|move|p2a: Cramorant|Surf|p1a: Charizard\n|-formechange|p2a: Cramorant|Cramorant-Gulping|\n|-supereffective|p1a: Charizard\n|-damage|p1a: Charizard|0 fnt\n|faint|p1a: Charizard\n|\n|upkeep\n|\n|t:|1783547342\n|switch|p1a: Groudon|Groudon, L72|100/100\n|-activate|p1a: Groudon|move: Sticky Web\n|-unboost|p1a: Groudon|spe|1\n|-damage|p1a: Groudon|94/100|[from] Stealth Rock\n|-damage|p1a: Groudon|78/100|[from] Spikes\n|-weather|SunnyDay|[from] ability: Drought|[of] p1a: Groudon\n|turn|17\n|inactive|Time left: 300 sec this turn | 300 sec total\n|\n|t:|1783547343\n|-end|p2a: Cramorant|confusion\n|move|p2a: Cramorant|Brave Bird|p1a: Groudon\n|-damage|p1a: Groudon|43/100\n|-damage|p2a: Cramorant|106/261|[from] Recoil\n|move|p1a: Groudon|Stealth Rock|p2a: Cramorant\n|-sidestart|p2: p0y707291f|move: Stealth Rock\n|\n|-weather|SunnyDay|[upkeep]\n|-heal|p1a: Groudon|49/100|[from] item: Leftovers\n|upkeep\n|turn|18\n|inactive|Time left: 300 sec this turn | 300 sec total\n|\n|t:|1783547344\n|move|p2a: Cramorant|Roost|p2a: Cramorant\n|-heal|p2a: Cramorant|237/261\n|-singleturn|p2a: Cramorant|move: Roost\n|move|p1a: Groudon|Precipice Blades|p2a: Cramorant\n|-damage|p2a: Cramorant|44/261\n|-damage|p1a: Groudon|24/100|[from] ability: Gulp Missile|[of] p2a: Cramorant\n|-unboost|p1a: Groudon|def|1\n|-formechange|p2a: Cramorant|Cramorant|\n|\n|-weather|SunnyDay|[upkeep]\n|-heal|p1a: Groudon|30/100|[from] item: Leftovers\n|upkeep\n|turn|19\n|inactive|Time left: 300 sec this turn | 300 sec total\n|\n|t:|1783547345\n|move|p2a: Cramorant|Surf|p1a: Groudon\n|-formechange|p2a: Cramorant|Cramorant-Gorging|\n|-supereffective|p1a: Groudon\n|-damage|p1a: Groudon|0 fnt\n|faint|p1a: Groudon\n|\n|-weather|SunnyDay|[upkeep]\n|upkeep\n|\n|t:|1783547346\n|switch|p1a: Illumise|Illumise, L91, F|100/100\n|turn|20\n|inactive|Time left: 300 sec this turn | 300 sec total\n|\n|t:|1783547347\n|move|p1a: Illumise|Encore|p2a: Cramorant\n|-start|p2a: Cramorant|Encore\n|move|p2a: Cramorant|Surf|p1a: Illumise\n|-damage|p1a: Illumise|85/100\n|\n|-weather|SunnyDay|[upkeep]\n|upkeep\n|turn|21\n|inactive|Time left: 300 sec this turn | 300 sec total\n|\n|t:|1783547348\n|move|p1a: Illumise|Bug Buzz|p2a: Cramorant\n|-resisted|p2a: Cramorant\n|-damage|p2a: Cramorant|2/261\n|-damage|p1a: Illumise|61/100|[from] ability: Gulp Missile|[of] p2a: Cramorant\n|-status|p1a: Illumise|par\n|-formechange|p2a: Cramorant|Cramorant|\n|move|p2a: Cramorant|Surf|p1a: Illumise\n|-formechange|p2a: Cramorant|Cramorant-Gorging|\n|-damage|p1a: Illumise|46/100 par\n|\n|-weather|none\n|upkeep\n|turn|22\n|inactive|Time left: 300 sec this turn | 300 sec total\n|\n|t:|1783547349\n|cant|p1a: Illumise|par\n|move|p2a: Cramorant|Surf|p1a: Illumise\n|-damage|p1a: Illumise|14/100 par\n|\n|-end|p2a: Cramorant|Encore\n|upkeep\n|turn|23\n|inactive|Time left: 300 sec this turn | 300 sec total\n|\n|t:|1783547350\n|move|p1a: Illumise|Roost|p1a: Illumise\n|-heal|p1a: Illumise|64/100 par\n|-singleturn|p1a: Illumise|move: Roost\n|move|p2a: Cramorant|Roost|p2a: Cramorant\n|-heal|p2a: Cramorant|133/261\n|-singleturn|p2a: Cramorant|move: Roost\n|\n|upkeep\n|turn|24\n|inactive|Time left: 300 sec this turn | 300 sec total\n|\n|t:|1783547351\n|-terastallize|p1a: Illumise|Water\n|move|p1a: Illumise|Roost|p1a: Illumise\n|-heal|p1a: Illumise|100/100 par\n|move|p2a: Cramorant|Brave Bird|p1a: Illumise\n|-damage|p1a: Illumise|55/100 par\n|-damage|p2a: Cramorant|93/261|[from] Recoil\n|\n|upkeep\n|turn|25\n|inactive|Time left: 300 sec this turn | 300 sec total\n|\n|t:|1783547352\n|move|p1a: Illumise|Roost|p1a: Illumise\n|-heal|p1a: Illumise|100/100 par\n|move|p2a: Cramorant|Roost|p2a: Cramorant\n|-heal|p2a: Cramorant|224/261\n|-singleturn|p2a: Cramorant|move: Roost\n|\n|upkeep\n|turn|26\n|inactive|Time left: 300 sec this turn | 300 sec total\n|\n|t:|1783547353\n|move|p2a: Cramorant|Brave Bird|p1a: Illumise\n|-damage|p1a: Illumise|49/100 par\n|-damage|p2a: Cramorant|179/261|[from] Recoil\n|cant|p1a: Illumise|par\n|\n|upkeep\n|turn|27\n|inactive|Time left: 300 sec this turn | 300 sec total\n|\n|t:|1783547354\n|move|p1a: Illumise|Roost|p1a: Illumise\n|-heal|p1a: Illumise|99/100 par\n|move|p2a: Cramorant|Brave Bird|p1a: Illumise\n|-damage|p1a: Illumise|55/100 par\n|-damage|p2a: Cramorant|140/261|[from] Recoil\n|\n|upkeep\n|turn|28\n|inactive|Time left: 300 sec this turn | 300 sec total\n|\n|t:|1783547355\n|move|p1a: Illumise|Roost|p1a: Illumise\n|-heal|p1a: Illumise|100/100 par\n|move|p2a: Cramorant|Roost|p2a: Cramorant\n|-heal|p2a: Cramorant|261/261\n|-singleturn|p2a: Cramorant|move: Roost\n|\n|upkeep\n|turn|29\n|inactive|Time left: 300 sec this turn | 300 sec total\n|\n|t:|1783547356\n|move|p2a: Cramorant|Brave Bird|p1a: Illumise\n|-damage|p1a: Illumise|57/100 par\n|-damage|p2a: Cramorant|223/261|[from] Recoil\n|move|p1a: Illumise|Bug Buzz|p2a: Cramorant\n|-resisted|p2a: Cramorant\n|-damage|p2a: Cramorant|183/261\n|-damage|p1a: Illumise|32/100 par|[from] ability: Gulp Missile|[of] p2a: Cramorant\n|-formechange|p2a: Cramorant|Cramorant|\n|\n|upkeep\n|turn|30\n|inactive|Time left: 300 sec this turn | 300 sec total\n|\n|t:|1783547357\n|move|p1a: Illumise|Roost|p1a: Illumise\n|-heal|p1a: Illumise|82/100 par\n|move|p2a: Cramorant|Brave Bird|p1a: Illumise\n|-damage|p1a: Illumise|38/100 par\n|-damage|p2a: Cramorant|144/261|[from] Recoil\n|\n|upkeep\n|turn|31\n|inactive|Time left: 300 sec this turn | 300 sec total\n|\n|t:|1783547358\n|move|p1a: Illumise|Roost|p1a: Illumise\n|-heal|p1a: Illumise|88/100 par\n|move|p2a: Cramorant|Brave Bird|p1a: Illumise\n|-damage|p1a: Illumise|41/100 par\n|-damage|p2a: Cramorant|102/261|[from] Recoil\n|\n|upkeep\n|turn|32\n|inactive|Time left: 300 sec this turn | 300 sec total\n|\n|t:|1783547359\n|-terastallize|p2a: Cramorant|Ground\n|move|p1a: Illumise|Roost|p1a: Illumise\n|-heal|p1a: Illumise|91/100 par\n|move|p2a: Cramorant|Brave Bird|p1a: Illumise\n|-damage|p1a: Illumise|46/100 par\n|-damage|p2a: Cramorant|62/261|[from] Recoil\n|\n|upkeep\n|turn|33\n|inactive|Time left: 300 sec this turn | 300 sec total\n|\n|t:|1783547360\n|cant|p1a: Illumise|par\n|move|p2a: Cramorant|Brave Bird|p1a: Illumise\n|-damage|p1a: Illumise|0 fnt\n|faint|p1a: Illumise\n|-damage|p2a: Cramorant|22/261|[from] Recoil\n|\n|upkeep\n|\n|t:|1783547360\n|switch|p1a: Typhlosion|Typhlosion, L84, F|100/100\n|-activate|p1a: Typhlosion|move: Sticky Web\n|-unboost|p1a: Typhlosion|spe|1\n|-damage|p1a: Typhlosion|76/100|[from] Stealth Rock\n|-damage|p1a: Typhlosion|59/100|[from] Spikes\n|turn|34\n|inactive|Time left: 300 sec this turn | 300 sec total\n|\n|t:|1783547361\n|move|p2a: Cramorant|Surf|p1a: Typhlosion\n|-formechange|p2a: Cramorant|Cramorant-Gorging|\n|-supereffective|p1a: Typhlosion\n|-damage|p1a: Typhlosion|0 fnt\n|faint|p1a: Typhlosion\n|\n|win|p0y707291f", "uploadtime": 1783547361, "views": 0, "rating": 0, "private": 0, "password": null, "_winner": "p0y707291f", "_our_name": "p0y707291f"}