{"id": "battle-gen9randombattle-2257", "formatid": "gen9randombattle", "format": "[Gen 9] Random Battle", "players": ["p0x225775c8", "p0y22576172"], "log": "|init|battle\n|title|p0x225775c8 vs. p0y22576172\n|j|\u2606p0x225775c8\n|j|\u2606p0y22576172\n|t:|1783566158\n|gametype|singles\n|player|p1|p0x225775c8|102|\n|player|p2|p0y22576172|265|\n|gen|9\n|tier|[Gen 9] Random Battle\n|rule|Species Clause: Limit one of each Pok\u00e9mon\n|rule|HP Percentage Mod: HP is shown in percentages\n|rule|Sleep Clause Mod: Limit one foe put to sleep\n|rule|Illusion Level Mod: Illusion disguises the Pok\u00e9mon's true level\n|\n|t:|1783566158\n|teamsize|p1|6\n|teamsize|p2|6\n|start\n|switch|p1a: Scyther|Scyther, L82, F|249/249\n|switch|p2a: Roaring Moon|Roaring Moon, L72|100/100\n|turn|1\n|inactive|Battle timer is ON: inactive players will automatically lose when time's up. (requested by p0x225775c8)\n|inactive|p0y22576172 also wants the timer to be on.\n|\n|t:|1783566160\n|-end|p2a: Roaring Moon|Protosynthesis|[silent]\n|switch|p2a: Rhyperior|Rhyperior, L82, F|100/100\n|move|p1a: Scyther|Swords Dance|p1a: Scyther\n|-boost|p1a: Scyther|atk|2\n|\n|upkeep\n|turn|2\n|inactive|Time left: 300 sec this turn | 300 sec total\n|\n|t:|1783566161\n|-terastallize|p1a: Scyther|Fighting\n|move|p1a: Scyther|Bug Bite|p2a: Rhyperior\n|-damage|p2a: Rhyperior|53/100\n|move|p2a: Rhyperior|Stone Edge|p1a: Scyther\n|-resisted|p1a: Scyther\n|-crit|p1a: Scyther\n|-damage|p1a: Scyther|175/249\n|\n|upkeep\n|turn|3\n|inactive|Time left: 300 sec this turn | 300 sec total\n|\n|t:|1783566163\n|move|p1a: Scyther|Close Combat|p2a: Rhyperior\n|-supereffective|p2a: Rhyperior\n|-damage|p2a: Rhyperior|0 fnt\n|-unboost|p1a: Scyther|def|1\n|-unboost|p1a: Scyther|spd|1\n|faint|p2a: Rhyperior\n|\n|upkeep\n|\n|t:|1783566164\n|switch|p2a: Pincurchin|Pincurchin, F|100/100\n|-fieldstart|move: Electric Terrain|[from] ability: Electric Surge|[of] p2a: Pincurchin\n|turn|4\n|inactive|Time left: 300 sec this turn | 300 sec total\n|\n|t:|1783566165\n|move|p1a: Scyther|Close Combat|p2a: Pincurchin\n|-damage|p2a: Pincurchin|12/100\n|-unboost|p1a: Scyther|def|1\n|-unboost|p1a: Scyther|spd|1\n|move|p2a: Pincurchin|Zing Zap|p1a: Scyther\n|-damage|p1a: Scyther|0 fnt\n|faint|p1a: Scyther\n|\n|-heal|p2a: Pincurchin|18/100|[from] item: Leftovers\n|upkeep\n|inactive|Time left: 300 sec this turn | 300 sec total | 5 sec grace\n|\n|t:|1783566166\n|switch|p1a: Iron Hands|Iron Hands, L79|373/373\n|-activate|p1a: Iron Hands|ability: Quark Drive\n|-start|p1a: Iron Hands|quarkdriveatk\n|turn|5\n|inactive|Time left: 300 sec this turn | 300 sec total\n|\n|t:|1783566167\n|switch|p2a: Mamoswine|Mamoswine, L81, F|100/100\n|move|p1a: Iron Hands|Ice Punch|p2a: Mamoswine\n|-damage|p2a: Mamoswine|86/100\n|\n|upkeep\n|turn|6\n|inactive|Time left: 300 sec this turn | 300 sec total\n|\n|t:|1783566168\n|move|p2a: Mamoswine|Earthquake|p1a: Iron Hands\n|-supereffective|p1a: Iron Hands\n|-damage|p1a: Iron Hands|58/373\n|-damage|p2a: Mamoswine|76/100|[from] item: Life Orb\n|move|p1a: Iron Hands|Drain Punch|p2a: Mamoswine\n|-supereffective|p2a: Mamoswine\n|-damage|p2a: Mamoswine|0 fnt\n|-heal|p1a: Iron Hands|175/373|[from] drain|[of] p2a: Mamoswine\n|faint|p2a: Mamoswine\n|\n|-heal|p1a: Iron Hands|198/373|[from] item: Leftovers\n|upkeep\n|\n|t:|1783566169\n|switch|p2a: Tropius|Tropius, L91, M|100/100\n|turn|7\n|inactive|Time left: 300 sec this turn | 300 sec total\n|\n|t:|1783566170\n|-terastallize|p2a: Tropius|Ground\n|move|p2a: Tropius|Dragon Dance|p2a: Tropius\n|-boost|p2a: Tropius|atk|1\n|-boost|p2a: Tropius|spe|1\n|move|p1a: Iron Hands|Ice Punch|p2a: Tropius\n|-supereffective|p2a: Tropius\n|-damage|p2a: Tropius|50/100\n|-enditem|p2a: Tropius|Sitrus Berry|[eat]\n|-heal|p2a: Tropius|75/100|[from] item: Sitrus Berry\n|\n|-heal|p1a: Iron Hands|221/373|[from] item: Leftovers\n|-item|p2a: Tropius|Sitrus Berry|[from] ability: Harvest\n|upkeep\n|turn|8\n|inactive|Time left: 300 sec this turn | 300 sec total\n|\n|t:|1783566171\n|-end|p1a: Iron Hands|Quark Drive|[silent]\n|switch|p1a: Flamigo|Flamigo, L82, F|269/269\n|move|p2a: Tropius|Earthquake|p1a: Flamigo\n|-immune|p1a: Flamigo\n|\n|-fieldend|move: Electric Terrain\n|upkeep\n|turn|9\n|inactive|Time left: 300 sec this turn | 300 sec total\n|\n|t:|1783566172\n|switch|p1a: Politoed|Politoed, L88, F|302/302\n|-weather|RainDance|[from] ability: Drizzle|[of] p1a: Politoed\n|move|p2a: Tropius|Dual Wingbeat|p1a: Politoed\n|-damage|p1a: Politoed|242/302\n|-damage|p1a: Politoed|176/302\n|-hitcount|p1a: Politoed|2\n|\n|-weather|RainDance|[upkeep]\n|upkeep\n|turn|10\n|inactive|Time left: 300 sec this turn | 300 sec total\n|\n|t:|1783566173\n|move|p2a: Tropius|Earthquake|p1a: Politoed\n|-damage|p1a: Politoed|20/302\n|move|p1a: Politoed|Hydro Pump|p2a: Tropius\n|-supereffective|p2a: Tropius\n|-damage|p2a: Tropius|0 fnt\n|faint|p2a: Tropius\n|\n|-weather|RainDance|[upkeep]\n|upkeep\n|\n|t:|1783566174\n|switch|p2a: Roaring Moon|Roaring Moon, L72|100/100\n|turn|11\n|inactive|Time left: 300 sec this turn | 300 sec total\n|\n|t:|1783566175\n|switch|p1a: Iron Hands|Iron Hands, L79|221/373\n|move|p2a: Roaring Moon|Outrage|p1a: Iron Hands\n|-damage|p1a: Iron Hands|47/373\n|\n|-weather|RainDance|[upkeep]\n|-heal|p1a: Iron Hands|70/373|[from] item: Leftovers\n|upkeep\n|turn|12\n|inactive|Time left: 300 sec this turn | 300 sec total\n|\n|t:|1783566176\n|-end|p1a: Iron Hands|Quark Drive|[silent]\n|switch|p1a: Politoed|Politoed, L88, F|20/302\n|move|p2a: Roaring Moon|Outrage|p1a: Politoed|[from] lockedmove\n|-damage|p1a: Politoed|0 fnt\n|faint|p1a: Politoed\n|\n|-weather|RainDance|[upkeep]\n|upkeep\n|inactive|Time left: 300 sec this turn | 300 sec total | 5 sec grace\n|\n|t:|1783566177\n|switch|p1a: Flamigo|Flamigo, L82, F|269/269\n|turn|13\n|inactive|Time left: 300 sec this turn | 300 sec total\n|\n|t:|1783566178\n|move|p2a: Roaring Moon|Outrage|p1a: Flamigo|[from] lockedmove\n|-damage|p1a: Flamigo|58/269\n|-start|p2a: Roaring Moon|confusion|[fatigue]\n|move|p1a: Flamigo|Close Combat|p2a: Roaring Moon\n|-supereffective|p2a: Roaring Moon\n|-damage|p2a: Roaring Moon|0 fnt\n|-unboost|p1a: Flamigo|def|1\n|-unboost|p1a: Flamigo|spd|1\n|faint|p2a: Roaring Moon\n|-end|p2a: Roaring Moon|Protosynthesis|[silent]\n|-damage|p1a: Flamigo|32/269|[from] item: Life Orb\n|\n|-weather|none\n|upkeep\n|\n|t:|1783566179\n|switch|p2a: Electivire|Electivire, L84, F|100/100\n|turn|14\n|inactive|Time left: 300 sec this turn | 300 sec total\n|\n|t:|1783566180\n|switch|p1a: Gouging Fire|Gouging Fire, L74|277/277\n|move|p2a: Electivire|Flamethrower|p1a: Gouging Fire\n|-resisted|p1a: Gouging Fire\n|-damage|p1a: Gouging Fire|256/277\n|-damage|p2a: Electivire|91/100|[from] item: Life Orb\n|\n|upkeep\n|turn|15\n|inactive|Time left: 300 sec this turn | 300 sec total\n|\n|t:|1783566181\n|switch|p2a: Pincurchin|Pincurchin, F|18/100\n|-fieldstart|move: Electric Terrain|[from] ability: Electric Surge|[of] p2a: Pincurchin\n|move|p1a: Gouging Fire|Dragon Dance|p1a: Gouging Fire\n|-boost|p1a: Gouging Fire|atk|1\n|-boost|p1a: Gouging Fire|spe|1\n|\n|-heal|p2a: Pincurchin|25/100|[from] item: Leftovers\n|upkeep\n|turn|16\n|inactive|Time left: 300 sec this turn | 300 sec total\n|\n|t:|1783566182\n|move|p1a: Gouging Fire|Outrage|p2a: Pincurchin\n|-damage|p2a: Pincurchin|0 fnt\n|faint|p2a: Pincurchin\n|\n|upkeep\n|\n|t:|1783566183\n|switch|p2a: Electivire|Electivire, L84, F|91/100\n|turn|17\n|inactive|Time left: 300 sec this turn | 300 sec total\n|\n|t:|1783566183\n|move|p1a: Gouging Fire|Outrage|p2a: Electivire|[from] lockedmove\n|-damage|p2a: Electivire|16/100\n|-start|p1a: Gouging Fire|confusion|[fatigue]\n|move|p2a: Electivire|Knock Off|p1a: Gouging Fire\n|-damage|p1a: Gouging Fire|162/277\n|-enditem|p1a: Gouging Fire|Heavy-Duty Boots|[from] move: Knock Off|[of] p2a: Electivire\n|-damage|p2a: Electivire|6/100|[from] item: Life Orb\n|\n|upkeep\n|turn|18\n|inactive|Time left: 300 sec this turn | 300 sec total\n|\n|t:|1783566184\n|-end|p1a: Gouging Fire|Protosynthesis|[silent]\n|switch|p1a: Iron Hands|Iron Hands, L79|70/373\n|-activate|p1a: Iron Hands|ability: Quark Drive\n|-start|p1a: Iron Hands|quarkdriveatk\n|move|p2a: Electivire|Volt Switch|p1a: Iron Hands\n|-resisted|p1a: Iron Hands\n|-damage|p1a: Iron Hands|0 fnt\n|faint|p1a: Iron Hands\n|-end|p1a: Iron Hands|Quark Drive|[silent]\n|-damage|p2a: Electivire|0 fnt|[from] item: Life Orb\n|faint|p2a: Electivire\n|\n|win|p0x225775c8", "uploadtime": 1783566184, "views": 0, "rating": 0, "private": 0, "password": null, "_winner": "p0x225775c8", "_our_name": "p0x225775c8"}