{"id": "battle-gen9randombattle-2398", "formatid": "gen9randombattle", "format": "[Gen 9] Random Battle", "players": ["p0x23982a41", "p0y2398bb57"], "log": "|init|battle\n|title|p0x23982a41 vs. p0y2398bb57\n|j|\u2606p0x23982a41\n|j|\u2606p0y2398bb57\n|t:|1783566846\n|gametype|singles\n|player|p1|p0x23982a41|102|\n|player|p2|p0y2398bb57|102|\n|gen|9\n|tier|[Gen 9] Random Battle\n|rule|Species Clause: Limit one of each Pok\u00e9mon\n|rule|HP Percentage Mod: HP is shown in percentages\n|rule|Sleep Clause Mod: Limit one foe put to sleep\n|rule|Illusion Level Mod: Illusion disguises the Pok\u00e9mon's true level\n|\n|t:|1783566846\n|teamsize|p1|6\n|teamsize|p2|6\n|start\n|switch|p1a: Clawitzer|Clawitzer, L87, M|100/100\n|switch|p2a: Koraidon|Koraidon, L64|235/235\n|-weather|SunnyDay|[from] ability: Orichalcum Pulse|[of] p2a: Koraidon\n|-activate|p2a: Koraidon|Orichalcum Pulse|[source]\n|turn|1\n|inactive|Battle timer is ON: inactive players will automatically lose when time's up. (requested by p0y2398bb57)\n|inactive|p0x23982a41 also wants the timer to be on.\n|\n|t:|1783566847\n|switch|p2a: Dachsbun|Dachsbun, L92, M|254/254\n|move|p1a: Clawitzer|Dragon Pulse|p2a: Dachsbun\n|-immune|p2a: Dachsbun\n|\n|-weather|SunnyDay|[upkeep]\n|upkeep\n|turn|2\n|inactive|Time left: 300 sec this turn | 300 sec total | 60 sec grace\n|\n|t:|1783566848\n|move|p2a: Dachsbun|Play Rough|p1a: Clawitzer\n|-damage|p1a: Clawitzer|68/100\n|move|p1a: Clawitzer|Dragon Pulse|p2a: Dachsbun\n|-immune|p2a: Dachsbun\n|\n|-weather|SunnyDay|[upkeep]\n|upkeep\n|turn|3\n|inactive|Time left: 300 sec this turn | 300 sec total\n|\n|t:|1783566849\n|move|p2a: Dachsbun|Play Rough|p1a: Clawitzer|[miss]\n|-miss|p2a: Dachsbun|p1a: Clawitzer\n|move|p1a: Clawitzer|Dragon Pulse|p2a: Dachsbun\n|-immune|p2a: Dachsbun\n|\n|-weather|SunnyDay|[upkeep]\n|upkeep\n|turn|4\n|inactive|Time left: 300 sec this turn | 300 sec total\n|\n|t:|1783566850\n|move|p2a: Dachsbun|Play Rough|p1a: Clawitzer\n|-damage|p1a: Clawitzer|32/100\n|move|p1a: Clawitzer|Dragon Pulse|p2a: Dachsbun\n|-immune|p2a: Dachsbun\n|\n|-weather|SunnyDay|[upkeep]\n|upkeep\n|turn|5\n|inactive|Time left: 300 sec this turn | 300 sec total\n|\n|t:|1783566851\n|switch|p1a: Perrserker|Perrserker, L89, M|100/100\n|move|p2a: Dachsbun|Play Rough|p1a: Perrserker\n|-resisted|p1a: Perrserker\n|-damage|p1a: Perrserker|86/100\n|\n|-weather|none\n|upkeep\n|turn|6\n|inactive|Time left: 300 sec this turn | 300 sec total\n|\n|t:|1783566852\n|switch|p2a: Armarouge|Armarouge, L80, F|267/267\n|move|p1a: Perrserker|Iron Head|p2a: Armarouge\n|-resisted|p2a: Armarouge\n|-crit|p2a: Armarouge\n|-damage|p2a: Armarouge|117/267\n|-ability|p2a: Armarouge|Weak Armor|boost\n|-unboost|p2a: Armarouge|def|1\n|-boost|p2a: Armarouge|spe|2\n|\n|upkeep\n|turn|7\n|inactive|Time left: 300 sec this turn | 300 sec total\n|\n|t:|1783566853\n|move|p2a: Armarouge|Armor Cannon|p1a: Perrserker\n|-supereffective|p1a: Perrserker\n|-damage|p1a: Perrserker|0 fnt\n|-unboost|p2a: Armarouge|def|1\n|-unboost|p2a: Armarouge|spd|1\n|faint|p1a: Perrserker\n|\n|upkeep\n|\n|t:|1783566854\n|switch|p1a: Arcanine|Arcanine-Hisui, L79, F|100/100\n|turn|8\n|inactive|Time left: 300 sec this turn | 300 sec total\n|\n|t:|1783566855\n|move|p1a: Arcanine|Extreme Speed|p2a: Armarouge\n|-damage|p2a: Armarouge|0 fnt\n|faint|p2a: Armarouge\n|\n|upkeep\n|inactive|Time left: 300 sec this turn | 300 sec total | 5 sec grace\n|\n|t:|1783566856\n|switch|p2a: Koraidon|Koraidon, L64|235/235\n|-weather|SunnyDay|[from] ability: Orichalcum Pulse|[of] p2a: Koraidon\n|-activate|p2a: Koraidon|Orichalcum Pulse|[source]\n|turn|9\n|inactive|Time left: 300 sec this turn | 300 sec total\n|\n|t:|1783566857\n|switch|p1a: Carbink|Carbink, L90|100/100\n|move|p2a: Koraidon|Collision Course|p1a: Carbink\n|-damage|p1a: Carbink|74/100\n|\n|-weather|SunnyDay|[upkeep]\n|-heal|p1a: Carbink|80/100|[from] item: Leftovers\n|upkeep\n|turn|10\n|inactive|Time left: 300 sec this turn | 300 sec total\n|\n|t:|1783566858\n|switch|p2a: Entei|Entei, L78|307/307\n|move|p1a: Carbink|Moonblast|p2a: Entei\n|-resisted|p2a: Entei\n|-damage|p2a: Entei|265/307\n|\n|-weather|SunnyDay|[upkeep]\n|-heal|p1a: Carbink|86/100|[from] item: Leftovers\n|upkeep\n|turn|11\n|inactive|Time left: 300 sec this turn | 300 sec total\n|\n|t:|1783566859\n|move|p2a: Entei|Sacred Fire|p1a: Carbink\n|-resisted|p1a: Carbink\n|-damage|p1a: Carbink|53/100\n|-status|p1a: Carbink|brn\n|move|p1a: Carbink|Iron Defense|p1a: Carbink\n|-boost|p1a: Carbink|def|2\n|\n|-weather|SunnyDay|[upkeep]\n|-heal|p1a: Carbink|59/100 brn|[from] item: Leftovers\n|-damage|p1a: Carbink|53/100 brn|[from] brn\n|upkeep\n|turn|12\n|inactive|Time left: 300 sec this turn | 300 sec total\n|\n|t:|1783566860\n|move|p2a: Entei|Sacred Fire|p1a: Carbink\n|-resisted|p1a: Carbink\n|-damage|p1a: Carbink|37/100 brn\n|move|p1a: Carbink|Moonblast|p2a: Entei\n|-resisted|p2a: Entei\n|-damage|p2a: Entei|222/307\n|\n|-weather|SunnyDay|[upkeep]\n|-heal|p1a: Carbink|43/100 brn|[from] item: Leftovers\n|-damage|p1a: Carbink|37/100 brn|[from] brn\n|upkeep\n|turn|13\n|inactive|Time left: 300 sec this turn | 300 sec total\n|\n|t:|1783566861\n|move|p2a: Entei|Sacred Fire|p1a: Carbink\n|-resisted|p1a: Carbink\n|-damage|p1a: Carbink|21/100 brn\n|move|p1a: Carbink|Moonblast|p2a: Entei\n|-resisted|p2a: Entei\n|-damage|p2a: Entei|176/307\n|-unboost|p2a: Entei|spa|1\n|\n|-weather|none\n|-heal|p1a: Carbink|27/100 brn|[from] item: Leftovers\n|-damage|p1a: Carbink|21/100 brn|[from] brn\n|upkeep\n|turn|14\n|inactive|Time left: 300 sec this turn | 300 sec total\n|\n|t:|1783566862\n|switch|p2a: Raikou|Raikou, L81|278/278\n|-ability|p2a: Raikou|Pressure\n|move|p1a: Carbink|Moonblast|p2a: Raikou\n|-damage|p2a: Raikou|209/278\n|\n|-heal|p1a: Carbink|27/100 brn|[from] item: Leftovers\n|-damage|p1a: Carbink|21/100 brn|[from] brn\n|upkeep\n|turn|15\n|inactive|Time left: 300 sec this turn | 300 sec total\n|\n|t:|1783566863\n|switch|p1a: Chesnaught|Chesnaught, L84, M|100/100\n|move|p2a: Raikou|Thunderbolt|p1a: Chesnaught\n|-resisted|p1a: Chesnaught\n|-damage|p1a: Chesnaught|70/100\n|\n|-heal|p1a: Chesnaught|76/100|[from] item: Leftovers\n|upkeep\n|turn|16\n|inactive|Time left: 300 sec this turn | 300 sec total\n|\n|t:|1783566865\n|move|p2a: Raikou|Thunderbolt|p1a: Chesnaught\n|-resisted|p1a: Chesnaught\n|-damage|p1a: Chesnaught|44/100\n|move|p1a: Chesnaught|Knock Off|p2a: Raikou\n|-damage|p2a: Raikou|119/278\n|-enditem|p2a: Raikou|Choice Specs|[from] move: Knock Off|[of] p1a: Chesnaught\n|\n|-heal|p1a: Chesnaught|50/100|[from] item: Leftovers\n|upkeep\n|turn|17\n|inactive|Time left: 300 sec this turn | 300 sec total\n|\n|t:|1783566866\n|move|p2a: Raikou|Scald|p1a: Chesnaught\n|-resisted|p1a: Chesnaught\n|-damage|p1a: Chesnaught|37/100\n|-status|p1a: Chesnaught|brn\n|move|p1a: Chesnaught|Body Press|p2a: Raikou\n|-damage|p2a: Raikou|60/278\n|\n|-heal|p1a: Chesnaught|43/100 brn|[from] item: Leftovers\n|-damage|p1a: Chesnaught|37/100 brn|[from] brn\n|upkeep\n|turn|18\n|inactive|Time left: 300 sec this turn | 300 sec total\n|\n|t:|1783566867\n|move|p2a: Raikou|Volt Switch|p1a: Chesnaught\n|-resisted|p1a: Chesnaught\n|-damage|p1a: Chesnaught|23/100 brn\n|inactive|Time left: 300 sec this turn | 300 sec total | 5 sec grace\n|\n|t:|1783566868\n|switch|p2a: Koraidon|Koraidon, L64|235/235|[from] Volt Switch\n|-weather|SunnyDay|[from] ability: Orichalcum Pulse|[of] p2a: Koraidon\n|-activate|p2a: Koraidon|Orichalcum Pulse|[source]\n|move|p1a: Chesnaught|Knock Off|p2a: Koraidon\n|-resisted|p2a: Koraidon\n|-damage|p2a: Koraidon|214/235\n|-enditem|p2a: Koraidon|Loaded Dice|[from] move: Knock Off|[of] p1a: Chesnaught\n|\n|-weather|SunnyDay|[upkeep]\n|-heal|p1a: Chesnaught|29/100 brn|[from] item: Leftovers\n|-damage|p1a: Chesnaught|23/100 brn|[from] brn\n|upkeep\n|turn|19\n|inactive|Time left: 300 sec this turn | 300 sec total\n|\n|t:|1783566869\n|switch|p1a: Mimikyu|Mimikyu, L79, M|100/100\n|move|p2a: Koraidon|Swords Dance|p2a: Koraidon\n|-boost|p2a: Koraidon|atk|2\n|\n|-weather|SunnyDay|[upkeep]\n|upkeep\n|turn|20\n|inactive|Time left: 300 sec this turn | 300 sec total\n|\n|t:|1783566870\n|-terastallize|p2a: Koraidon|Fire\n|move|p2a: Koraidon|Collision Course|p1a: Mimikyu\n|-immune|p1a: Mimikyu\n|move|p1a: Mimikyu|Play Rough|p2a: Koraidon\n|-resisted|p2a: Koraidon\n|-damage|p2a: Koraidon|159/235\n|-damage|p1a: Mimikyu|91/100|[from] item: Life Orb\n|\n|-weather|SunnyDay|[upkeep]\n|upkeep\n|turn|21\n|inactive|Time left: 300 sec this turn | 300 sec total\n|\n|t:|1783566871\n|move|p2a: Koraidon|Collision Course|p1a: Mimikyu\n|-immune|p1a: Mimikyu\n|move|p1a: Mimikyu|Drain Punch|p2a: Koraidon\n|-crit|p2a: Koraidon\n|-damage|p2a: Koraidon|72/235\n|-heal|p1a: Mimikyu|100/100|[from] drain|[of] p2a: Koraidon\n|-damage|p1a: Mimikyu|91/100|[from] item: Life Orb\n|\n|-weather|SunnyDay|[upkeep]\n|upkeep\n|turn|22\n|inactive|Time left: 300 sec this turn | 300 sec total\n|\n|t:|1783566872\n|move|p2a: Koraidon|Collision Course|p1a: Mimikyu\n|-immune|p1a: Mimikyu\n|move|p1a: Mimikyu|Drain Punch|p2a: Koraidon\n|-damage|p2a: Koraidon|7/235\n|-heal|p1a: Mimikyu|100/100|[from] drain|[of] p2a: Koraidon\n|-damage|p1a: Mimikyu|91/100|[from] item: Life Orb\n|\n|-weather|none\n|upkeep\n|turn|23\n|inactive|Time left: 300 sec this turn | 300 sec total\n|\n|t:|1783566873\n|move|p2a: Koraidon|Collision Course|p1a: Mimikyu\n|-immune|p1a: Mimikyu\n|move|p1a: Mimikyu|Swords Dance|p1a: Mimikyu\n|-boost|p1a: Mimikyu|atk|2\n|\n|upkeep\n|turn|24\n|inactive|Time left: 300 sec this turn | 300 sec total\n|\n|t:|1783566874\n|move|p1a: Mimikyu|Shadow Sneak|p2a: Koraidon\n|-damage|p2a: Koraidon|0 fnt\n|faint|p2a: Koraidon\n|-damage|p1a: Mimikyu|81/100|[from] item: Life Orb\n|\n|upkeep\n|inactive|Time left: 300 sec this turn | 300 sec total | 5 sec grace\n|\n|t:|1783566875\n|switch|p2a: Dachsbun|Dachsbun, L92, M|254/254\n|turn|25\n|inactive|Time left: 300 sec this turn | 300 sec total\n|\n|t:|1783566876\n|move|p2a: Dachsbun|Play Rough|p1a: Mimikyu\n|-activate|p1a: Mimikyu|ability: Disguise\n|-damage|p1a: Mimikyu|81/100\n|detailschange|p1a: Mimikyu|Mimikyu-Busted, L79, M\n|-damage|p1a: Mimikyu|69/100|[from] pokemon: Mimikyu-Busted\n|move|p1a: Mimikyu|Swords Dance|p1a: Mimikyu\n|-boost|p1a: Mimikyu|atk|2\n|\n|upkeep\n|turn|26\n|inactive|Time left: 300 sec this turn | 300 sec total\n|\n|t:|1783566877\n|move|p2a: Dachsbun|Play Rough|p1a: Mimikyu|[miss]\n|-miss|p2a: Dachsbun|p1a: Mimikyu\n|move|p1a: Mimikyu|Play Rough|p2a: Dachsbun\n|-damage|p2a: Dachsbun|23/254\n|-damage|p1a: Mimikyu|59/100|[from] item: Life Orb\n|\n|-heal|p2a: Dachsbun|38/254|[from] item: Leftovers\n|upkeep\n|turn|27\n|inactive|Time left: 300 sec this turn | 300 sec total\n|\n|t:|1783566878\n|move|p1a: Mimikyu|Shadow Sneak|p2a: Dachsbun\n|-damage|p2a: Dachsbun|0 fnt\n|faint|p2a: Dachsbun\n|-damage|p1a: Mimikyu|49/100|[from] item: Life Orb\n|\n|upkeep\n|inactive|Time left: 300 sec this turn | 300 sec total | 5 sec grace\n|\n|t:|1783566879\n|switch|p2a: Entei|Entei, L78|176/307\n|turn|28\n|inactive|Time left: 300 sec this turn | 300 sec total\n|\n|t:|1783566879\n|move|p1a: Mimikyu|Shadow Sneak|p2a: Entei\n|-damage|p2a: Entei|32/307\n|-damage|p1a: Mimikyu|39/100|[from] item: Life Orb\n|move|p2a: Entei|Sacred Fire|p1a: Mimikyu\n|-damage|p1a: Mimikyu|0 fnt\n|faint|p1a: Mimikyu\n|\n|upkeep\n|\n|t:|1783566880\n|switch|p1a: Arcanine|Arcanine-Hisui, L79, F|100/100\n|turn|29\n|inactive|Time left: 300 sec this turn | 300 sec total\n|\n|t:|1783566880\n|switch|p2a: Raikou|Raikou, L81|60/278\n|-ability|p2a: Raikou|Pressure\n|move|p1a: Arcanine|Flare Blitz|p2a: Raikou\n|-damage|p2a: Raikou|0 fnt\n|faint|p2a: Raikou\n|\n|upkeep\n|inactive|Time left: 300 sec this turn | 300 sec total | 5 sec grace\n|\n|t:|1783566881\n|switch|p2a: Entei|Entei, L78|32/307\n|turn|30\n|inactive|Time left: 300 sec this turn | 300 sec total\n|\n|t:|1783566882\n|move|p2a: Entei|Extreme Speed|p1a: Arcanine\n|-resisted|p1a: Arcanine\n|-damage|p1a: Arcanine|84/100\n|move|p1a: Arcanine|Flare Blitz|p2a: Entei\n|-resisted|p2a: Entei\n|-damage|p2a: Entei|0 fnt\n|faint|p2a: Entei\n|\n|upkeep\n|inactive|Time left: 300 sec this turn | 300 sec total | 5 sec grace\n|\n|t:|1783566882\n|switch|p2a: Breloom|Breloom, L83, M|235/235\n|turn|31\n|inactive|Time left: 300 sec this turn | 300 sec total\n|\n|t:|1783566883\n|-terastallize|p1a: Arcanine|Fire\n|move|p2a: Breloom|Mach Punch|p1a: Arcanine\n|-damage|p1a: Arcanine|38/100\n|-damage|p2a: Breloom|212/235|[from] item: Life Orb\n|move|p1a: Arcanine|Flare Blitz|p2a: Breloom\n|-supereffective|p2a: Breloom\n|-damage|p2a: Breloom|0 fnt\n|faint|p2a: Breloom\n|\n|win|p0x23982a41", "uploadtime": 1783566883, "views": 0, "rating": 0, "private": 0, "password": null, "_winner": "p0x23982a41", "_our_name": "p0y2398bb57"}