{"id": "battle-gen9randombattle-610", "formatid": "gen9randombattle", "format": "[Gen 9] Random Battle", "players": ["p0x61051ae", "p0y6106839"], "log": "|init|battle\n|title|p0x61051ae vs. p0y6106839\n|j|\u2606p0x61051ae\n|j|\u2606p0y6106839\n|t:|1783546184\n|gametype|singles\n|player|p1|p0x61051ae|1|\n|player|p2|p0y6106839|169|\n|gen|9\n|tier|[Gen 9] Random Battle\n|rule|Species Clause: Limit one of each Pok\u00e9mon\n|rule|HP Percentage Mod: HP is shown in percentages\n|rule|Sleep Clause Mod: Limit one foe put to sleep\n|rule|Illusion Level Mod: Illusion disguises the Pok\u00e9mon's true level\n|\n|t:|1783546184\n|teamsize|p1|6\n|teamsize|p2|6\n|start\n|switch|p1a: Meowscarada|Meowscarada, L78, M|100/100\n|switch|p2a: Delibird|Delibird, M|252/252\n|turn|1\n|inactive|Battle timer is ON: inactive players will automatically lose when time's up. (requested by p0y6106839)\n|inactive|p0x61051ae also wants the timer to be on.\n|\n|t:|1783546185\n|move|p1a: Meowscarada|Triple Axel|p2a: Delibird\n|-start|p1a: Meowscarada|typechange|Ice|[from] ability: Protean\n|-damage|p2a: Delibird|225/252\n|-hitcount|p2a: Delibird|1\n|move|p2a: Delibird|Rapid Spin|p1a: Meowscarada\n|-damage|p1a: Meowscarada|84/100\n|-boost|p2a: Delibird|spe|1\n|\n|upkeep\n|turn|2\n|inactive|Time left: 300 sec this turn | 300 sec total\n|\n|t:|1783546186\n|move|p2a: Delibird|Brave Bird|p1a: Meowscarada\n|-damage|p1a: Meowscarada|23/100\n|-damage|p2a: Delibird|175/252|[from] Recoil\n|move|p1a: Meowscarada|Triple Axel|p2a: Delibird\n|-damage|p2a: Delibird|148/252\n|-damage|p2a: Delibird|93/252\n|-damage|p2a: Delibird|5/252\n|-hitcount|p2a: Delibird|3\n|\n|upkeep\n|turn|3\n|inactive|Time left: 300 sec this turn | 300 sec total\n|\n|t:|1783546188\n|move|p2a: Delibird|Brave Bird|p1a: Meowscarada\n|-damage|p1a: Meowscarada|0 fnt\n|faint|p1a: Meowscarada\n|-damage|p2a: Delibird|0 fnt|[from] Recoil\n|faint|p2a: Delibird\n|\n|upkeep\n|inactive|Time left: 300 sec this turn | 300 sec total | 5 sec grace\n|\n|t:|1783546189\n|switch|p1a: Iron Bundle|Iron Bundle, L78|100/100\n|switch|p2a: Gallade|Gallade, L80, M|240/240\n|turn|4\n|inactive|Time left: 300 sec this turn | 300 sec total\n|\n|t:|1783546190\n|move|p1a: Iron Bundle|Ice Beam|p2a: Gallade\n|-damage|p2a: Gallade|101/240\n|move|p2a: Gallade|Sacred Sword|p1a: Iron Bundle\n|-supereffective|p1a: Iron Bundle\n|-damage|p1a: Iron Bundle|0 fnt\n|faint|p1a: Iron Bundle\n|-end|p1a: Iron Bundle|Quark Drive|[silent]\n|\n|upkeep\n|\n|t:|1783546191\n|switch|p1a: Haxorus|Haxorus, L77, F|100/100\n|-ability|p1a: Haxorus|Mold Breaker\n|turn|5\n|inactive|Time left: 300 sec this turn | 300 sec total\n|\n|t:|1783546192\n|switch|p2a: Arceus|Arceus-Dark, L71|288/288\n|move|p1a: Haxorus|Outrage|p2a: Arceus\n|-damage|p2a: Arceus|155/288\n|\n|upkeep\n|turn|6\n|inactive|Time left: 300 sec this turn | 300 sec total\n|\n|t:|1783546193\n|move|p2a: Arceus|Judgment|p1a: Haxorus\n|-damage|p1a: Haxorus|40/100\n|move|p1a: Haxorus|Outrage|p2a: Arceus|[from] lockedmove\n|-damage|p2a: Arceus|26/288\n|-start|p1a: Haxorus|confusion|[fatigue]\n|-enditem|p1a: Haxorus|Lum Berry|[eat]\n|-end|p1a: Haxorus|confusion\n|\n|upkeep\n|turn|7\n|inactive|Time left: 300 sec this turn | 300 sec total\n|\n|t:|1783546194\n|switch|p1a: Gyarados|Gyarados, L79, F|100/100\n|move|p2a: Arceus|Judgment|p1a: Gyarados\n|-damage|p1a: Gyarados|61/100\n|\n|upkeep\n|turn|8\n|inactive|Time left: 300 sec this turn | 300 sec total\n|\n|t:|1783546195\n|move|p2a: Arceus|Recover|p2a: Arceus\n|-heal|p2a: Arceus|170/288\n|move|p1a: Gyarados|Dragon Dance|p1a: Gyarados\n|-boost|p1a: Gyarados|atk|1\n|-boost|p1a: Gyarados|spe|1\n|\n|upkeep\n|turn|9\n|inactive|Time left: 300 sec this turn | 300 sec total\n|\n|t:|1783546196\n|move|p1a: Gyarados|Waterfall|p2a: Arceus\n|-damage|p2a: Arceus|38/288\n|move|p2a: Arceus|Recover|p2a: Arceus\n|-heal|p2a: Arceus|182/288\n|\n|upkeep\n|turn|10\n|inactive|Time left: 300 sec this turn | 300 sec total\n|\n|t:|1783546196\n|move|p1a: Gyarados|Waterfall|p2a: Arceus\n|-damage|p2a: Arceus|52/288\n|move|p2a: Arceus|Recover|p2a: Arceus\n|-heal|p2a: Arceus|196/288\n|\n|upkeep\n|turn|11\n|inactive|Time left: 300 sec this turn | 300 sec total\n|\n|t:|1783546197\n|move|p1a: Gyarados|Waterfall|p2a: Arceus\n|-damage|p2a: Arceus|69/288\n|move|p2a: Arceus|Recover|p2a: Arceus\n|-heal|p2a: Arceus|213/288\n|\n|upkeep\n|turn|12\n|inactive|Time left: 300 sec this turn | 300 sec total\n|\n|t:|1783546198\n|move|p1a: Gyarados|Waterfall|p2a: Arceus\n|-damage|p2a: Arceus|78/288\n|move|p2a: Arceus|Recover|p2a: Arceus\n|-heal|p2a: Arceus|222/288\n|\n|upkeep\n|turn|13\n|inactive|Time left: 300 sec this turn | 300 sec total\n|\n|t:|1783546199\n|move|p1a: Gyarados|Waterfall|p2a: Arceus\n|-damage|p2a: Arceus|84/288\n|move|p2a: Arceus|Recover|p2a: Arceus\n|-heal|p2a: Arceus|228/288\n|\n|upkeep\n|turn|14\n|inactive|Time left: 300 sec this turn | 300 sec total\n|\n|t:|1783546200\n|move|p1a: Gyarados|Waterfall|p2a: Arceus\n|-damage|p2a: Arceus|98/288\n|move|p2a: Arceus|Judgment|p1a: Gyarados\n|-damage|p1a: Gyarados|24/100\n|\n|upkeep\n|turn|15\n|inactive|Time left: 300 sec this turn | 300 sec total\n|\n|t:|1783546201\n|switch|p2a: Iron Hands|Iron Hands, L79|373/373\n|move|p1a: Gyarados|Waterfall|p2a: Iron Hands\n|-damage|p2a: Iron Hands|252/373\n|\n|upkeep\n|turn|16\n|inactive|Time left: 300 sec this turn | 300 sec total\n|\n|t:|1783546202\n|-terastallize|p1a: Gyarados|Ground\n|move|p1a: Gyarados|Earthquake|p2a: Iron Hands\n|-supereffective|p2a: Iron Hands\n|-damage|p2a: Iron Hands|0 fnt\n|faint|p2a: Iron Hands\n|-end|p2a: Iron Hands|Quark Drive|[silent]\n|-ability|p1a: Gyarados|Moxie|boost\n|-boost|p1a: Gyarados|atk|1\n|\n|upkeep\n|inactive|Time left: 300 sec this turn | 300 sec total | 5 sec grace\n|\n|t:|1783546203\n|switch|p2a: Arceus|Arceus-Dark, L71|98/288\n|turn|17\n|inactive|Time left: 300 sec this turn | 300 sec total\n|\n|t:|1783546204\n|move|p1a: Gyarados|Earthquake|p2a: Arceus\n|-damage|p2a: Arceus|0 fnt\n|faint|p2a: Arceus\n|-ability|p1a: Gyarados|Moxie|boost\n|-boost|p1a: Gyarados|atk|1\n|\n|upkeep\n|inactive|Time left: 300 sec this turn | 300 sec total | 5 sec grace\n|\n|t:|1783546205\n|switch|p2a: Blissey|Blissey, L85, F|572/572\n|turn|18\n|inactive|Time left: 300 sec this turn | 300 sec total\n|\n|t:|1783546206\n|move|p1a: Gyarados|Earthquake|p2a: Blissey\n|-damage|p2a: Blissey|0 fnt\n|faint|p2a: Blissey\n|-ability|p1a: Gyarados|Moxie|boost\n|-boost|p1a: Gyarados|atk|1\n|\n|upkeep\n|inactive|Time left: 300 sec this turn | 300 sec total | 5 sec grace\n|\n|t:|1783546207\n|switch|p2a: Gallade|Gallade, L80, M|101/240\n|turn|19\n|inactive|Time left: 300 sec this turn | 300 sec total\n|\n|t:|1783546208\n|-terastallize|p2a: Gallade|Fighting\n|move|p1a: Gyarados|Earthquake|p2a: Gallade\n|-damage|p2a: Gallade|0 fnt\n|faint|p2a: Gallade\n|-ability|p1a: Gyarados|Moxie|boost\n|-boost|p1a: Gyarados|atk|1\n|\n|upkeep\n|inactive|Time left: 300 sec this turn | 300 sec total | 5 sec grace\n|\n|t:|1783546209\n|switch|p2a: Clodsire|Clodsire, L81, F|343/343\n|turn|20\n|inactive|Time left: 300 sec this turn | 300 sec total\n|\n|t:|1783546210\n|move|p1a: Gyarados|Earthquake|p2a: Clodsire\n|-supereffective|p2a: Clodsire\n|-crit|p2a: Clodsire\n|-damage|p2a: Clodsire|0 fnt\n|faint|p2a: Clodsire\n|\n|win|p0x61051ae", "uploadtime": 1783546210, "views": 0, "rating": 0, "private": 0, "password": null, "_winner": "p0x61051ae", "_our_name": "p0y6106839"}