{"id": "battle-gen9randombattle-478", "formatid": "gen9randombattle", "format": "[Gen 9] Random Battle", "players": ["p0x4787e1d", "p0y47863f2"], "log": "|init|battle\n|title|p0x4787e1d vs. p0y47863f2\n|j|\u2606p0x4787e1d\n|j|\u2606p0y47863f2\n|t:|1783545348\n|gametype|singles\n|player|p1|p0x4787e1d|170|\n|player|p2|p0y47863f2|102|\n|gen|9\n|tier|[Gen 9] Random Battle\n|rule|Species Clause: Limit one of each Pok\u00e9mon\n|rule|HP Percentage Mod: HP is shown in percentages\n|rule|Sleep Clause Mod: Limit one foe put to sleep\n|rule|Illusion Level Mod: Illusion disguises the Pok\u00e9mon's true level\n|\n|t:|1783545348\n|teamsize|p1|6\n|teamsize|p2|6\n|start\n|switch|p1a: Whimsicott|Whimsicott, L84, M|100/100\n|switch|p2a: Electrode|Electrode, L92|260/260\n|turn|1\n|inactive|Battle timer is ON: inactive players will automatically lose when time's up. (requested by p0y47863f2)\n|inactive|p0x4787e1d also wants the timer to be on.\n|\n|t:|1783545349\n|move|p2a: Electrode|Thunderbolt|p1a: Whimsicott\n|-resisted|p1a: Whimsicott\n|-damage|p1a: Whimsicott|73/100\n|-damage|p2a: Electrode|234/260|[from] item: Life Orb\n|move|p1a: Whimsicott|Moonblast|p2a: Electrode\n|-damage|p2a: Electrode|146/260\n|\n|-heal|p1a: Whimsicott|79/100|[from] item: Leftovers\n|upkeep\n|turn|2\n|inactive|Time left: 300 sec this turn | 300 sec total\n|\n|t:|1783545350\n|switch|p2a: Wyrdeer|Wyrdeer, L87, M|321/321\n|-ability|p2a: Wyrdeer|Intimidate|boost\n|-unboost|p1a: Whimsicott|atk|1\n|move|p1a: Whimsicott|Moonblast|p2a: Wyrdeer\n|-damage|p2a: Wyrdeer|231/321\n|\n|-heal|p1a: Whimsicott|85/100|[from] item: Leftovers\n|-heal|p2a: Wyrdeer|251/321|[from] item: Leftovers\n|upkeep\n|turn|3\n|inactive|Time left: 300 sec this turn | 300 sec total\n|\n|t:|1783545351\n|move|p1a: Whimsicott|Moonblast|p2a: Wyrdeer\n|-damage|p2a: Wyrdeer|164/321\n|move|p2a: Wyrdeer|Psychic Noise|p1a: Whimsicott\n|-damage|p1a: Whimsicott|39/100\n|-start|p1a: Whimsicott|move: Heal Block\n|\n|-heal|p2a: Wyrdeer|184/321|[from] item: Leftovers\n|upkeep\n|turn|4\n|inactive|Time left: 300 sec this turn | 300 sec total\n|\n|t:|1783545352\n|move|p1a: Whimsicott|Moonblast|p2a: Wyrdeer\n|-damage|p2a: Wyrdeer|85/321\n|move|p2a: Wyrdeer|Body Slam|p1a: Whimsicott\n|-damage|p1a: Whimsicott|0 fnt\n|faint|p1a: Whimsicott\n|\n|-heal|p2a: Wyrdeer|105/321|[from] item: Leftovers\n|upkeep\n|\n|t:|1783545353\n|switch|p1a: Roaring Moon|Roaring Moon, L72|100/100\n|turn|5\n|inactive|Time left: 300 sec this turn | 300 sec total\n|\n|t:|1783545354\n|switch|p2a: Rhyperior|Rhyperior, L82, F|323/323\n|move|p1a: Roaring Moon|Outrage|p2a: Rhyperior\n|-damage|p2a: Rhyperior|193/323\n|\n|upkeep\n|turn|6\n|inactive|Time left: 300 sec this turn | 300 sec total\n|\n|t:|1783545356\n|move|p1a: Roaring Moon|Outrage|p2a: Rhyperior|[from] lockedmove\n|-damage|p2a: Rhyperior|51/323\n|-start|p1a: Roaring Moon|confusion|[fatigue]\n|move|p2a: Rhyperior|Megahorn|p1a: Roaring Moon\n|-supereffective|p1a: Roaring Moon\n|-damage|p1a: Roaring Moon|0 fnt\n|faint|p1a: Roaring Moon\n|-end|p1a: Roaring Moon|Protosynthesis|[silent]\n|\n|upkeep\n|\n|t:|1783545357\n|switch|p1a: Furret|Furret, L94, F|100/100\n|-item|p2a: Rhyperior|Weakness Policy|[from] ability: Frisk|[of] p1a: Furret\n|turn|7\n|inactive|Time left: 300 sec this turn | 300 sec total\n|\n|t:|1783545358\n|move|p1a: Furret|Knock Off|p2a: Rhyperior\n|-damage|p2a: Rhyperior|0 fnt\n|-enditem|p2a: Rhyperior|Weakness Policy|[from] move: Knock Off|[of] p1a: Furret\n|faint|p2a: Rhyperior\n|\n|upkeep\n|inactive|Time left: 300 sec this turn | 300 sec total | 5 sec grace\n|\n|t:|1783545359\n|switch|p2a: Roaring Moon|Roaring Moon, L72|270/270\n|-enditem|p2a: Roaring Moon|Booster Energy\n|-activate|p2a: Roaring Moon|ability: Protosynthesis|[fromitem]\n|-start|p2a: Roaring Moon|protosynthesisatk\n|turn|8\n|inactive|Time left: 300 sec this turn | 300 sec total\n|\n|t:|1783545359\n|move|p1a: Furret|Knock Off|p2a: Roaring Moon\n|-resisted|p2a: Roaring Moon\n|-damage|p2a: Roaring Moon|224/270\n|move|p2a: Roaring Moon|Dragon Dance|p2a: Roaring Moon\n|-boost|p2a: Roaring Moon|atk|1\n|-boost|p2a: Roaring Moon|spe|1\n|\n|upkeep\n|turn|9\n|inactive|Time left: 300 sec this turn | 300 sec total\n|\n|t:|1783545360\n|move|p2a: Roaring Moon|Outrage|p1a: Furret\n|-damage|p1a: Furret|15/100\n|move|p1a: Furret|Knock Off|p2a: Roaring Moon\n|-resisted|p2a: Roaring Moon\n|-damage|p2a: Roaring Moon|178/270\n|\n|upkeep\n|turn|10\n|inactive|Time left: 300 sec this turn | 300 sec total\n|\n|t:|1783545362\n|switch|p1a: Flutter Mane|Flutter Mane, L74|100/100\n|move|p2a: Roaring Moon|Outrage|p1a: Flutter Mane|[from] lockedmove\n|-immune|p1a: Flutter Mane\n|\n|upkeep\n|turn|11\n|inactive|Time left: 300 sec this turn | 300 sec total\n|\n|t:|1783545363\n|move|p2a: Roaring Moon|Knock Off|p1a: Flutter Mane\n|-damage|p1a: Flutter Mane|0 fnt\n|-enditem|p1a: Flutter Mane|Life Orb|[from] move: Knock Off|[of] p2a: Roaring Moon\n|faint|p1a: Flutter Mane\n|-end|p1a: Flutter Mane|Protosynthesis|[silent]\n|\n|upkeep\n|\n|t:|1783545364\n|switch|p1a: Meowscarada|Meowscarada, L78, F|100/100\n|turn|12\n|inactive|Time left: 300 sec this turn | 300 sec total\n|\n|t:|1783545365\n|move|p2a: Roaring Moon|Outrage|p1a: Meowscarada\n|-damage|p1a: Meowscarada|0 fnt\n|faint|p1a: Meowscarada\n|\n|upkeep\n|\n|t:|1783545366\n|switch|p1a: Espeon|Espeon, L84, M|100/100\n|turn|13\n|inactive|Time left: 300 sec this turn | 300 sec total\n|\n|t:|1783545367\n|-terastallize|p1a: Espeon|Fairy\n|move|p2a: Roaring Moon|Outrage|p1a: Espeon|[from] lockedmove\n|-immune|p1a: Espeon\n|-start|p2a: Roaring Moon|confusion|[fatigue]\n|move|p1a: Espeon|Calm Mind|p1a: Espeon\n|-boost|p1a: Espeon|spa|1\n|-boost|p1a: Espeon|spd|1\n|\n|upkeep\n|turn|14\n|inactive|Time left: 300 sec this turn | 300 sec total\n|\n|t:|1783545368\n|switch|p1a: Furret|Furret, L94, F|15/100\n|-terastallize|p2a: Roaring Moon|Flying\n|-activate|p2a: Roaring Moon|confusion\n|move|p2a: Roaring Moon|Acrobatics|p1a: Furret\n|-damage|p1a: Furret|0 fnt\n|faint|p1a: Furret\n|\n|upkeep\n|\n|t:|1783545369\n|switch|p1a: Espeon|Espeon, L84, M, tera:Fairy|100/100\n|turn|15\n|inactive|Time left: 300 sec this turn | 300 sec total\n|\n|t:|1783545370\n|-activate|p2a: Roaring Moon|confusion\n|move|p2a: Roaring Moon|Acrobatics|p1a: Espeon\n|-damage|p1a: Espeon|0 fnt\n|faint|p1a: Espeon\n|\n|win|p0y47863f2", "uploadtime": 1783545370, "views": 0, "rating": 0, "private": 0, "password": null, "_winner": "p0y47863f2", "_our_name": "p0y47863f2"}