{"id": "battle-gen9randombattle-1430", "formatid": "gen9randombattle", "format": "[Gen 9] Random Battle", "players": ["p0x1430befb", "p0y1430864a"], "log": "|init|battle\n|title|p0x1430befb vs. p0y1430864a\n|j|\u2606p0x1430befb\n|j|\u2606p0y1430864a\n|t:|1783556657\n|gametype|singles\n|player|p1|p0x1430befb|1|\n|player|p2|p0y1430864a|2|\n|gen|9\n|tier|[Gen 9] Random Battle\n|rule|Species Clause: Limit one of each Pok\u00e9mon\n|rule|HP Percentage Mod: HP is shown in percentages\n|rule|Sleep Clause Mod: Limit one foe put to sleep\n|rule|Illusion Level Mod: Illusion disguises the Pok\u00e9mon's true level\n|\n|t:|1783556657\n|teamsize|p1|6\n|teamsize|p2|6\n|start\n|switch|p1a: Munkidori|Munkidori, L79, M|100/100\n|switch|p2a: Victreebel|Victreebel, L90, F|290/290\n|turn|1\n|inactive|Battle timer is ON: inactive players will automatically lose when time's up. (requested by p0y1430864a)\n|\n|t:|1783556658\n|switch|p2a: Jirachi|Jirachi, L80|291/291\n|move|p1a: Munkidori|Psychic Noise|p2a: Jirachi\n|-resisted|p2a: Jirachi\n|-damage|p2a: Jirachi|277/291\n|-start|p2a: Jirachi|move: Heal Block\n|\n|upkeep\n|turn|2\n|inactive|Time left: 300 sec this turn | 300 sec total\n|inactive|p0x1430befb also wants the timer to be on.\n|\n|t:|1783556659\n|switch|p1a: Necrozma|Necrozma-Dawn-Wings, L76|100/100\n|move|p2a: Jirachi|Body Slam|p1a: Necrozma\n|-immune|p1a: Necrozma\n|\n|-end|p2a: Jirachi|move: Heal Block\n|upkeep\n|turn|3\n|inactive|Time left: 300 sec this turn | 300 sec total\n|\n|t:|1783556660\n|move|p2a: Jirachi|Iron Head|p1a: Necrozma\n|-damage|p1a: Necrozma|71/100\n|move|p1a: Necrozma|Calm Mind|p1a: Necrozma\n|-boost|p1a: Necrozma|spa|1\n|-boost|p1a: Necrozma|spd|1\n|\n|-heal|p1a: Necrozma|78/100|[from] item: Leftovers\n|upkeep\n|turn|4\n|inactive|Time left: 300 sec this turn | 300 sec total\n|\n|t:|1783556661\n|move|p2a: Jirachi|Iron Head|p1a: Necrozma\n|-damage|p1a: Necrozma|50/100\n|cant|p1a: Necrozma|flinch\n|\n|-heal|p1a: Necrozma|56/100|[from] item: Leftovers\n|upkeep\n|turn|5\n|inactive|Time left: 300 sec this turn | 300 sec total\n|\n|t:|1783556662\n|move|p2a: Jirachi|Iron Head|p1a: Necrozma\n|-damage|p1a: Necrozma|27/100\n|cant|p1a: Necrozma|flinch\n|\n|-heal|p1a: Necrozma|34/100|[from] item: Leftovers\n|upkeep\n|turn|6\n|inactive|Time left: 300 sec this turn | 300 sec total\n|\n|t:|1783556663\n|move|p2a: Jirachi|Iron Head|p1a: Necrozma\n|-damage|p1a: Necrozma|8/100\n|cant|p1a: Necrozma|flinch\n|\n|-heal|p1a: Necrozma|14/100|[from] item: Leftovers\n|upkeep\n|turn|7\n|inactive|Time left: 300 sec this turn | 300 sec total\n|\n|t:|1783556664\n|switch|p1a: Skarmory|Skarmory, L80, F|100/100\n|move|p2a: Jirachi|Iron Head|p1a: Skarmory\n|-resisted|p1a: Skarmory\n|-damage|p1a: Skarmory|88/100\n|-damage|p2a: Jirachi|229/291|[from] item: Rocky Helmet|[of] p1a: Skarmory\n|\n|upkeep\n|turn|8\n|inactive|Time left: 300 sec this turn | 300 sec total\n|\n|t:|1783556665\n|switch|p2a: Torkoal|Torkoal, L88, M|266/266\n|-weather|SunnyDay|[from] ability: Drought|[of] p2a: Torkoal\n|move|p1a: Skarmory|Stealth Rock|p2a: Torkoal\n|-sidestart|p2: p0y1430864a|move: Stealth Rock\n|\n|-weather|SunnyDay|[upkeep]\n|upkeep\n|turn|9\n|inactive|Time left: 300 sec this turn | 300 sec total\n|\n|t:|1783556667\n|switch|p1a: Klawf|Klawf, L90, F|100/100\n|move|p2a: Torkoal|Lava Plume|p1a: Klawf\n|-resisted|p1a: Klawf\n|-damage|p1a: Klawf|68/100\n|\n|-weather|SunnyDay|[upkeep]\n|upkeep\n|turn|10\n|inactive|Time left: 300 sec this turn | 300 sec total\n|\n|t:|1783556668\n|move|p1a: Klawf|Stone Edge|p2a: Torkoal\n|-supereffective|p2a: Torkoal\n|-damage|p2a: Torkoal|98/266\n|move|p2a: Torkoal|Solar Beam||[still]\n|-prepare|p2a: Torkoal|Solar Beam\n|-anim|p2a: Torkoal|Solar Beam|p1a: Klawf\n|-supereffective|p1a: Klawf\n|-damage|p1a: Klawf|0 fnt\n|faint|p1a: Klawf\n|\n|-weather|SunnyDay|[upkeep]\n|upkeep\n|\n|t:|1783556668\n|switch|p1a: Necrozma|Necrozma-Dawn-Wings, L76|14/100\n|turn|11\n|inactive|Time left: 300 sec this turn | 300 sec total\n|\n|t:|1783556669\n|switch|p2a: Gumshoos|Gumshoos, L95, M|321/321\n|-damage|p2a: Gumshoos|281/321|[from] Stealth Rock\n|move|p1a: Necrozma|Moonlight|p1a: Necrozma\n|-heal|p1a: Necrozma|81/100\n|\n|-weather|SunnyDay|[upkeep]\n|-heal|p1a: Necrozma|87/100|[from] item: Leftovers\n|upkeep\n|turn|12\n|inactive|Time left: 300 sec this turn | 300 sec total\n|\n|t:|1783556670\n|-terastallize|p1a: Necrozma|Fairy\n|move|p1a: Necrozma|Photon Geyser|p2a: Gumshoos\n|-damage|p2a: Gumshoos|118/321\n|move|p2a: Gumshoos|Knock Off|p1a: Necrozma\n|-resisted|p1a: Necrozma\n|-damage|p1a: Necrozma|62/100\n|-enditem|p1a: Necrozma|Leftovers|[from] move: Knock Off|[of] p2a: Gumshoos\n|\n|-weather|none\n|upkeep\n|turn|13\n|inactive|Time left: 300 sec this turn | 300 sec total\n|\n|t:|1783556671\n|move|p1a: Necrozma|Photon Geyser|p2a: Gumshoos\n|-damage|p2a: Gumshoos|0 fnt\n|faint|p2a: Gumshoos\n|\n|upkeep\n|inactive|Time left: 300 sec this turn | 300 sec total | 5 sec grace\n|\n|t:|1783556672\n|switch|p2a: Victreebel|Victreebel, L90, F|290/290\n|-damage|p2a: Victreebel|254/290|[from] Stealth Rock\n|turn|14\n|inactive|Time left: 300 sec this turn | 300 sec total\n|\n|t:|1783556673\n|switch|p1a: Skarmory|Skarmory, L80, F|88/100\n|move|p2a: Victreebel|Sludge Wave|p1a: Skarmory\n|-immune|p1a: Skarmory\n|\n|upkeep\n|turn|15\n|inactive|Time left: 300 sec this turn | 300 sec total\n|\n|t:|1783556675\n|switch|p2a: Dudunsparce|Dudunsparce-Three-Segment, L83, M|343/343\n|-damage|p2a: Dudunsparce|301/343|[from] Stealth Rock\n|move|p1a: Skarmory|Brave Bird|p2a: Dudunsparce\n|-damage|p2a: Dudunsparce|183/343\n|-damage|p1a: Skarmory|72/100|[from] Recoil\n|\n|-heal|p2a: Dudunsparce|204/343|[from] item: Leftovers\n|upkeep\n|turn|16\n|inactive|Time left: 300 sec this turn | 300 sec total\n|\n|t:|1783556676\n|move|p2a: Dudunsparce|Boomburst|p1a: Skarmory\n|-resisted|p1a: Skarmory\n|-damage|p1a: Skarmory|35/100\n|move|p1a: Skarmory|Whirlwind|p2a: Dudunsparce\n|drag|p2a: Victreebel|Victreebel, L90, F|254/290\n|-damage|p2a: Victreebel|218/290|[from] Stealth Rock\n|\n|upkeep\n|turn|17\n|inactive|Time left: 300 sec this turn | 300 sec total\n|\n|t:|1783556677\n|switch|p2a: Torkoal|Torkoal, L88, M|98/266\n|-weather|SunnyDay|[from] ability: Drought|[of] p2a: Torkoal\n|move|p1a: Skarmory|Roost|p1a: Skarmory\n|-heal|p1a: Skarmory|85/100\n|-singleturn|p1a: Skarmory|move: Roost\n|\n|-weather|SunnyDay|[upkeep]\n|upkeep\n|turn|18\n|inactive|Time left: 300 sec this turn | 300 sec total\n|\n|t:|1783556678\n|switch|p1a: Necrozma|Necrozma-Dawn-Wings, L76, tera:Fairy|62/100\n|move|p2a: Torkoal|Lava Plume|p1a: Necrozma\n|-damage|p1a: Necrozma|24/100\n|\n|-weather|SunnyDay|[upkeep]\n|upkeep\n|turn|19\n|inactive|Time left: 300 sec this turn | 300 sec total\n|\n|t:|1783556679\n|switch|p2a: Jirachi|Jirachi, L80|229/291\n|-damage|p2a: Jirachi|211/291|[from] Stealth Rock\n|move|p1a: Necrozma|Photon Geyser|p2a: Jirachi\n|-resisted|p2a: Jirachi\n|-damage|p2a: Jirachi|192/291\n|\n|-weather|SunnyDay|[upkeep]\n|upkeep\n|turn|20\n|inactive|Time left: 300 sec this turn | 300 sec total\n|\n|t:|1783556680\n|switch|p1a: Skarmory|Skarmory, L80, F|85/100\n|move|p2a: Jirachi|Iron Head|p1a: Skarmory\n|-resisted|p1a: Skarmory\n|-damage|p1a: Skarmory|73/100\n|-damage|p2a: Jirachi|144/291|[from] item: Rocky Helmet|[of] p1a: Skarmory\n|\n|-weather|SunnyDay|[upkeep]\n|upkeep\n|turn|21\n|inactive|Time left: 300 sec this turn | 300 sec total\n|\n|t:|1783556681\n|move|p2a: Jirachi|Body Slam|p1a: Skarmory\n|-resisted|p1a: Skarmory\n|-crit|p1a: Skarmory\n|-damage|p1a: Skarmory|60/100\n|-status|p1a: Skarmory|par\n|-damage|p2a: Jirachi|96/291|[from] item: Rocky Helmet|[of] p1a: Skarmory\n|move|p1a: Skarmory|Roost|p1a: Skarmory\n|-heal|p1a: Skarmory|100/100 par\n|-singleturn|p1a: Skarmory|move: Roost\n|\n|-weather|none\n|upkeep\n|turn|22\n|inactive|Time left: 300 sec this turn | 300 sec total\n|\n|t:|1783556683\n|move|p2a: Jirachi|Drain Punch|p1a: Skarmory\n|-damage|p1a: Skarmory|83/100 par\n|-heal|p2a: Jirachi|116/291|[from] drain|[of] p1a: Skarmory\n|-damage|p2a: Jirachi|68/291|[from] item: Rocky Helmet|[of] p1a: Skarmory\n|move|p1a: Skarmory|Brave Bird|p2a: Jirachi\n|-resisted|p2a: Jirachi\n|-damage|p2a: Jirachi|19/291\n|-damage|p1a: Skarmory|77/100 par|[from] Recoil\n|\n|upkeep\n|turn|23\n|inactive|Time left: 300 sec this turn | 300 sec total\n|\n|t:|1783556684\n|switch|p2a: Dudunsparce|Dudunsparce-Three-Segment, L83, M|204/343\n|-damage|p2a: Dudunsparce|162/343|[from] Stealth Rock\n|move|p1a: Skarmory|Roost|p1a: Skarmory\n|-heal|p1a: Skarmory|100/100 par\n|-singleturn|p1a: Skarmory|move: Roost\n|\n|-heal|p2a: Dudunsparce|183/343|[from] item: Leftovers\n|upkeep\n|turn|24\n|inactive|Time left: 300 sec this turn | 300 sec total\n|\n|t:|1783556685\n|move|p2a: Dudunsparce|Roost|p2a: Dudunsparce\n|-heal|p2a: Dudunsparce|343/343\n|-singleturn|p2a: Dudunsparce|move: Roost\n|move|p1a: Skarmory|Whirlwind|p2a: Dudunsparce\n|drag|p2a: Jirachi|Jirachi, L80|19/291\n|-damage|p2a: Jirachi|1/291|[from] Stealth Rock\n|\n|upkeep\n|turn|25\n|inactive|Time left: 300 sec this turn | 300 sec total\n|\n|t:|1783556686\n|switch|p2a: Dudunsparce|Dudunsparce-Three-Segment, L83, M|343/343\n|-damage|p2a: Dudunsparce|301/343|[from] Stealth Rock\n|cant|p1a: Skarmory|par\n|\n|-heal|p2a: Dudunsparce|322/343|[from] item: Leftovers\n|upkeep\n|turn|26\n|inactive|Time left: 300 sec this turn | 300 sec total\n|\n|t:|1783556687\n|move|p2a: Dudunsparce|Calm Mind|p2a: Dudunsparce\n|-boost|p2a: Dudunsparce|spa|1\n|-boost|p2a: Dudunsparce|spd|1\n|move|p1a: Skarmory|Whirlwind|p2a: Dudunsparce\n|drag|p2a: Glalie|Glalie, L96, F|309/309\n|\n|upkeep\n|turn|27\n|inactive|Time left: 300 sec this turn | 300 sec total\n|\n|t:|1783556688\n|move|p2a: Glalie|Freeze-Dry|p1a: Skarmory\n|-damage|p1a: Skarmory|57/100 par\n|move|p1a: Skarmory|Brave Bird|p2a: Glalie\n|-damage|p2a: Glalie|215/309\n|-damage|p1a: Skarmory|44/100 par|[from] Recoil\n|\n|upkeep\n|turn|28\n|inactive|Time left: 300 sec this turn | 300 sec total\n|\n|t:|1783556689\n|move|p2a: Glalie|Freeze-Dry|p1a: Skarmory\n|-damage|p1a: Skarmory|0 fnt\n|faint|p1a: Skarmory\n|\n|upkeep\n|\n|t:|1783556690\n|switch|p1a: Vileplume|Vileplume, L85, M|100/100\n|turn|29\n|inactive|Time left: 300 sec this turn | 300 sec total\n|\n|t:|1783556691\n|move|p2a: Glalie|Freeze-Dry|p1a: Vileplume\n|-supereffective|p1a: Vileplume\n|-damage|p1a: Vileplume|37/100\n|move|p1a: Vileplume|Strength Sap|p2a: Glalie\n|-unboost|p2a: Glalie|atk|1\n|-heal|p1a: Vileplume|100/100\n|\n|upkeep\n|turn|30\n|inactive|Time left: 300 sec this turn | 300 sec total\n|\n|t:|1783556692\n|move|p2a: Glalie|Freeze-Dry|p1a: Vileplume\n|-supereffective|p1a: Vileplume\n|-damage|p1a: Vileplume|37/100\n|move|p1a: Vileplume|Sludge Bomb|p2a: Glalie\n|-damage|p2a: Glalie|115/309\n|\n|-heal|p1a: Vileplume|43/100|[from] item: Leftovers\n|upkeep\n|turn|31\n|inactive|Time left: 300 sec this turn | 300 sec total\n|\n|t:|1783556693\n|switch|p1a: Munkidori|Munkidori, L79, M|100/100\n|move|p2a: Glalie|Freeze-Dry|p1a: Munkidori\n|-crit|p1a: Munkidori\n|-damage|p1a: Munkidori|70/100\n|\n|upkeep\n|turn|32\n|inactive|Time left: 300 sec this turn | 300 sec total\n|\n|t:|1783556694\n|move|p1a: Munkidori|Sludge Wave|p2a: Glalie\n|-damage|p2a: Glalie|10/309\n|move|p2a: Glalie|Earthquake|p1a: Munkidori\n|-supereffective|p1a: Munkidori\n|-damage|p1a: Munkidori|23/100\n|\n|upkeep\n|turn|33\n|inactive|Time left: 300 sec this turn | 300 sec total\n|\n|t:|1783556695\n|switch|p2a: Dudunsparce|Dudunsparce-Three-Segment, L83, M|322/343\n|-damage|p2a: Dudunsparce|280/343|[from] Stealth Rock\n|move|p1a: Munkidori|Sludge Wave|p2a: Dudunsparce\n|-damage|p2a: Dudunsparce|147/343\n|\n|-heal|p2a: Dudunsparce|168/343|[from] item: Leftovers\n|upkeep\n|turn|34\n|inactive|Time left: 300 sec this turn | 300 sec total\n|\n|t:|1783556696\n|move|p1a: Munkidori|Psychic Noise|p2a: Dudunsparce\n|-damage|p2a: Dudunsparce|68/343\n|-start|p2a: Dudunsparce|move: Heal Block\n|move|p2a: Dudunsparce|Boomburst|p1a: Munkidori\n|-damage|p1a: Munkidori|0 fnt\n|faint|p1a: Munkidori\n|\n|upkeep\n|\n|t:|1783556697\n|switch|p1a: Necrozma|Necrozma-Dawn-Wings, L76, tera:Fairy|24/100\n|turn|35\n|inactive|Time left: 300 sec this turn | 300 sec total\n|\n|t:|1783556698\n|move|p1a: Necrozma|Moonlight|p1a: Necrozma\n|-heal|p1a: Necrozma|74/100\n|move|p2a: Dudunsparce|Boomburst|p1a: Necrozma\n|-damage|p1a: Necrozma|34/100\n|\n|-end|p2a: Dudunsparce|move: Heal Block\n|upkeep\n|turn|36\n|inactive|Time left: 300 sec this turn | 300 sec total\n|\n|t:|1783556699\n|switch|p2a: Jirachi|Jirachi, L80|1/291\n|-damage|p2a: Jirachi|0 fnt|[from] Stealth Rock\n|faint|p2a: Jirachi\n|move|p1a: Necrozma|Photon Geyser|p2: Jirachi|[notarget]\n|-fail|p1a: Necrozma\n|\n|upkeep\n|inactive|Time left: 300 sec this turn | 300 sec total | 5 sec grace\n|\n|t:|1783556700\n|switch|p2a: Victreebel|Victreebel, L90, F|218/290\n|-damage|p2a: Victreebel|182/290|[from] Stealth Rock\n|turn|37\n|inactive|Time left: 300 sec this turn | 300 sec total\n|\n|t:|1783556701\n|move|p2a: Victreebel|Sludge Wave|p1a: Necrozma\n|-supereffective|p1a: Necrozma\n|-damage|p1a: Necrozma|0 fnt\n|faint|p1a: Necrozma\n|-damage|p2a: Victreebel|153/290|[from] item: Life Orb\n|\n|upkeep\n|\n|t:|1783556702\n|switch|p1a: Vivillon|Vivillon-Polar, L83, M|100/100\n|turn|38\n|inactive|Time left: 300 sec this turn | 300 sec total\n|\n|t:|1783556703\n|move|p1a: Vivillon|Hurricane|p2a: Victreebel\n|-supereffective|p2a: Victreebel\n|-crit|p2a: Victreebel\n|-damage|p2a: Victreebel|0 fnt\n|faint|p2a: Victreebel\n|\n|upkeep\n|inactive|Time left: 300 sec this turn | 300 sec total | 5 sec grace\n|\n|t:|1783556703\n|switch|p2a: Glalie|Glalie, L96, F|10/309\n|turn|39\n|inactive|Time left: 300 sec this turn | 300 sec total\n|\n|t:|1783556704\n|move|p2a: Glalie|Freeze-Dry|p1a: Vivillon\n|-supereffective|p1a: Vivillon\n|-damage|p1a: Vivillon|10/100\n|move|p1a: Vivillon|Quiver Dance|p1a: Vivillon\n|-boost|p1a: Vivillon|spa|1\n|-boost|p1a: Vivillon|spd|1\n|-boost|p1a: Vivillon|spe|1\n|\n|upkeep\n|turn|40\n|inactive|Time left: 300 sec this turn | 300 sec total\n|\n|t:|1783556706\n|move|p1a: Vivillon|Sleep Powder|p2a: Glalie\n|-status|p2a: Glalie|slp|[from] move: Sleep Powder\n|cant|p2a: Glalie|slp\n|\n|upkeep\n|turn|41\n|inactive|Time left: 300 sec this turn | 300 sec total\n|\n|t:|1783556707\n|move|p1a: Vivillon|Hurricane|p2a: Glalie\n|-damage|p2a: Glalie|0 fnt\n|faint|p2a: Glalie\n|\n|upkeep\n|inactive|Time left: 300 sec this turn | 300 sec total | 5 sec grace\n|\n|t:|1783556708\n|switch|p2a: Torkoal|Torkoal, L88, M|98/266\n|-weather|SunnyDay|[from] ability: Drought|[of] p2a: Torkoal\n|turn|42\n|inactive|Time left: 300 sec this turn | 300 sec total\n|\n|t:|1783556709\n|move|p1a: Vivillon|Hurricane|p2a: Torkoal\n|-damage|p2a: Torkoal|0 fnt\n|faint|p2a: Torkoal\n|\n|-weather|SunnyDay|[upkeep]\n|upkeep\n|inactive|Time left: 300 sec this turn | 300 sec total | 5 sec grace\n|\n|t:|1783556710\n|switch|p2a: Dudunsparce|Dudunsparce-Three-Segment, L83, M|68/343\n|-damage|p2a: Dudunsparce|26/343|[from] Stealth Rock\n|turn|43\n|inactive|Time left: 300 sec this turn | 300 sec total\n|\n|t:|1783556711\n|-terastallize|p2a: Dudunsparce|Ghost\n|move|p1a: Vivillon|Sleep Powder|p2a: Dudunsparce\n|-status|p2a: Dudunsparce|slp|[from] move: Sleep Powder\n|cant|p2a: Dudunsparce|slp\n|\n|-weather|SunnyDay|[upkeep]\n|-heal|p2a: Dudunsparce|47/343 slp|[from] item: Leftovers\n|upkeep\n|turn|44\n|inactive|Time left: 300 sec this turn | 300 sec total\n|\n|t:|1783556712\n|move|p1a: Vivillon|Hurricane|p2a: Dudunsparce\n|-damage|p2a: Dudunsparce|0 fnt\n|faint|p2a: Dudunsparce\n|\n|win|p0x1430befb", "uploadtime": 1783556712, "views": 0, "rating": 0, "private": 0, "password": null, "_winner": "p0x1430befb", "_our_name": "p0y1430864a"}