{"id": "battle-gen9randombattle-1391", "formatid": "gen9randombattle", "format": "[Gen 9] Random Battle", "players": ["p0x13916dc2", "p0y13912435"], "log": "|init|battle\n|title|p0x13916dc2 vs. p0y13912435\n|j|\u2606p0x13916dc2\n|j|\u2606p0y13912435\n|t:|1783555233\n|gametype|singles\n|player|p1|p0x13916dc2|1|\n|player|p2|p0y13912435|1|\n|gen|9\n|tier|[Gen 9] Random Battle\n|rule|Species Clause: Limit one of each Pok\u00e9mon\n|rule|HP Percentage Mod: HP is shown in percentages\n|rule|Sleep Clause Mod: Limit one foe put to sleep\n|rule|Illusion Level Mod: Illusion disguises the Pok\u00e9mon's true level\n|\n|t:|1783555233\n|teamsize|p1|6\n|teamsize|p2|6\n|start\n|switch|p1a: Swampert|Swampert, L83, M|302/302\n|switch|p2a: Urshifu|Urshifu, L74, M|100/100\n|turn|1\n|inactive|Battle timer is ON: inactive players will automatically lose when time's up. (requested by p0x13916dc2)\n|\n|t:|1783555235\n|move|p2a: Urshifu|Swords Dance|p2a: Urshifu\n|-boost|p2a: Urshifu|atk|2\n|move|p1a: Swampert|Earthquake|p2a: Urshifu\n|-damage|p2a: Urshifu|56/100\n|\n|upkeep\n|turn|2\n|inactive|Time left: 300 sec this turn | 300 sec total\n|inactive|p0y13912435 also wants the timer to be on.\n|\n|t:|1783555236\n|switch|p1a: Dondozo|Dondozo, L78, F|362/362\n|move|p2a: Urshifu|Close Combat|p1a: Dondozo\n|-damage|p1a: Dondozo|214/362\n|-unboost|p2a: Urshifu|def|1\n|-unboost|p2a: Urshifu|spd|1\n|-damage|p2a: Urshifu|46/100|[from] item: Life Orb\n|\n|-heal|p1a: Dondozo|236/362|[from] item: Leftovers\n|upkeep\n|turn|3\n|inactive|Time left: 300 sec this turn | 300 sec total\n|\n|t:|1783555237\n|-terastallize|p1a: Dondozo|Fairy\n|move|p2a: Urshifu|Wicked Blow|p1a: Dondozo\n|-resisted|p1a: Dondozo\n|-crit|p1a: Dondozo\n|-damage|p1a: Dondozo|166/362\n|-damage|p2a: Urshifu|36/100|[from] item: Life Orb\n|move|p1a: Dondozo|Wave Crash|p2a: Urshifu\n|-damage|p2a: Urshifu|0 fnt\n|faint|p2a: Urshifu\n|-damage|p1a: Dondozo|135/362|[from] Recoil\n|\n|-heal|p1a: Dondozo|157/362|[from] item: Leftovers\n|upkeep\n|\n|t:|1783555238\n|switch|p2a: Volcanion|Volcanion, L79|100/100\n|turn|4\n|inactive|Time left: 300 sec this turn | 300 sec total\n|\n|t:|1783555239\n|move|p2a: Volcanion|Steam Eruption|p1a: Dondozo\n|-damage|p1a: Dondozo|0 fnt\n|faint|p1a: Dondozo\n|\n|upkeep\n|inactive|Time left: 300 sec this turn | 300 sec total | 5 sec grace\n|\n|t:|1783555240\n|switch|p1a: Luxray|Luxray, L88, F|284/284\n|-ability|p1a: Luxray|Intimidate|boost\n|-unboost|p2a: Volcanion|atk|1\n|turn|5\n|inactive|Time left: 300 sec this turn | 300 sec total\n|\n|t:|1783555241\n|switch|p2a: Greedent|Greedent, L86, M|100/100\n|move|p1a: Luxray|Wild Charge|p2a: Greedent\n|-damage|p2a: Greedent|69/100\n|-damage|p1a: Luxray|257/284|[from] Recoil\n|\n|upkeep\n|turn|6\n|inactive|Time left: 300 sec this turn | 300 sec total\n|\n|t:|1783555242\n|move|p1a: Luxray|Volt Switch|p2a: Greedent\n|-damage|p2a: Greedent|45/100\n|-enditem|p2a: Greedent|Sitrus Berry|[eat]\n|-heal|p2a: Greedent|69/100|[from] item: Sitrus Berry\n|-heal|p2a: Greedent|100/100|[from] ability: Cheek Pouch\n|inactive|Time left: 300 sec this turn | 300 sec total | 5 sec grace\n|\n|t:|1783555244\n|switch|p1a: Duraludon|Duraludon, L82, F|249/249|[from] Volt Switch\n|move|p2a: Greedent|Swords Dance|p2a: Greedent\n|-boost|p2a: Greedent|atk|2\n|\n|upkeep\n|turn|7\n|inactive|Time left: 300 sec this turn | 300 sec total\n|\n|t:|1783555244\n|move|p1a: Duraludon|Iron Defense|p1a: Duraludon\n|-boost|p1a: Duraludon|def|2\n|move|p2a: Greedent|Earthquake|p1a: Duraludon\n|-supereffective|p1a: Duraludon\n|-damage|p1a: Duraludon|159/249\n|\n|upkeep\n|turn|8\n|inactive|Time left: 300 sec this turn | 300 sec total\n|\n|t:|1783555246\n|move|p1a: Duraludon|Body Press|p2a: Greedent\n|-supereffective|p2a: Greedent\n|-damage|p2a: Greedent|39/100\n|move|p2a: Greedent|Earthquake|p1a: Duraludon\n|-supereffective|p1a: Duraludon\n|-damage|p1a: Duraludon|83/249\n|\n|upkeep\n|turn|9\n|inactive|Time left: 300 sec this turn | 300 sec total\n|\n|t:|1783555247\n|move|p1a: Duraludon|Draco Meteor|p2a: Greedent\n|-damage|p2a: Greedent|0 fnt\n|-unboost|p1a: Duraludon|spa|2\n|faint|p2a: Greedent\n|\n|upkeep\n|\n|t:|1783555248\n|switch|p2a: Kingdra|Kingdra, L84, F|100/100\n|turn|10\n|inactive|Time left: 300 sec this turn | 300 sec total\n|\n|t:|1783555249\n|move|p2a: Kingdra|Dragon Dance|p2a: Kingdra\n|-boost|p2a: Kingdra|atk|1\n|-boost|p2a: Kingdra|spe|1\n|move|p1a: Duraludon|Body Press|p2a: Kingdra\n|-damage|p2a: Kingdra|58/100\n|\n|upkeep\n|turn|11\n|inactive|Time left: 300 sec this turn | 300 sec total\n|\n|t:|1783555250\n|move|p2a: Kingdra|Outrage|p1a: Duraludon\n|-damage|p1a: Duraludon|32/249\n|move|p1a: Duraludon|Body Press|p2a: Kingdra\n|-crit|p2a: Kingdra\n|-damage|p2a: Kingdra|0 fnt\n|faint|p2a: Kingdra\n|\n|upkeep\n|\n|t:|1783555251\n|switch|p2a: Volcanion|Volcanion, L79|100/100\n|turn|12\n|inactive|Time left: 300 sec this turn | 300 sec total\n|\n|t:|1783555252\n|move|p1a: Duraludon|Body Press|p2a: Volcanion\n|-damage|p2a: Volcanion|59/100\n|move|p2a: Volcanion|Steam Eruption|p1a: Duraludon\n|-resisted|p1a: Duraludon\n|-damage|p1a: Duraludon|0 fnt\n|faint|p1a: Duraludon\n|\n|upkeep\n|inactive|Time left: 300 sec this turn | 300 sec total | 5 sec grace\n|\n|t:|1783555253\n|switch|p1a: Luxray|Luxray, L88, F|257/284\n|-ability|p1a: Luxray|Intimidate|boost\n|-unboost|p2a: Volcanion|atk|1\n|turn|13\n|inactive|Time left: 300 sec this turn | 300 sec total\n|\n|t:|1783555254\n|-terastallize|p2a: Volcanion|Ground\n|move|p1a: Luxray|Wild Charge|p2a: Volcanion\n|-immune|p2a: Volcanion\n|move|p2a: Volcanion|Earth Power|p1a: Luxray\n|-supereffective|p1a: Luxray\n|-damage|p1a: Luxray|107/284\n|\n|upkeep\n|turn|14\n|inactive|Time left: 300 sec this turn | 300 sec total\n|\n|t:|1783555255\n|move|p1a: Luxray|Ice Fang|p2a: Volcanion\n|-supereffective|p2a: Volcanion\n|-damage|p2a: Volcanion|17/100\n|move|p2a: Volcanion|Earth Power|p1a: Luxray\n|-supereffective|p1a: Luxray\n|-damage|p1a: Luxray|0 fnt\n|faint|p1a: Luxray\n|\n|upkeep\n|inactive|Time left: 300 sec this turn | 300 sec total | 5 sec grace\n|\n|t:|1783555256\n|switch|p1a: Chien-Pao|Chien-Pao, L72|234/234\n|-ability|p1a: Chien-Pao|Sword of Ruin\n|turn|15\n|inactive|Time left: 300 sec this turn | 300 sec total\n|\n|t:|1783555257\n|switch|p2a: Illumise|Illumise, L91, F|100/100\n|move|p1a: Chien-Pao|Icicle Crash|p2a: Illumise\n|-damage|p2a: Illumise|39/100\n|\n|upkeep\n|turn|16\n|inactive|Time left: 300 sec this turn | 300 sec total\n|\n|t:|1783555259\n|move|p1a: Chien-Pao|Icicle Crash|p2a: Illumise\n|-damage|p2a: Illumise|0 fnt\n|faint|p2a: Illumise\n|\n|upkeep\n|\n|t:|1783555260\n|switch|p2a: Volcanion|Volcanion, L79, tera:Ground|17/100\n|turn|17\n|inactive|Time left: 300 sec this turn | 300 sec total\n|\n|t:|1783555261\n|move|p1a: Chien-Pao|Icicle Crash|p2a: Volcanion\n|-supereffective|p2a: Volcanion\n|-damage|p2a: Volcanion|0 fnt\n|faint|p2a: Volcanion\n|\n|upkeep\n|\n|t:|1783555262\n|switch|p2a: Jumpluff|Jumpluff, L87, F|100/100\n|turn|18\n|inactive|Time left: 300 sec this turn | 300 sec total\n|\n|t:|1783555263\n|move|p2a: Jumpluff|U-turn|p1a: Chien-Pao\n|-supereffective|p1a: Chien-Pao\n|-damage|p1a: Chien-Pao|150/234\n|move|p1a: Chien-Pao|Icicle Crash|p2a: Jumpluff\n|-supereffective|p2a: Jumpluff\n|-damage|p2a: Jumpluff|0 fnt\n|faint|p2a: Jumpluff\n|\n|win|p0x13916dc2", "uploadtime": 1783555263, "views": 0, "rating": 0, "private": 0, "password": null, "_winner": "p0x13916dc2", "_our_name": "p0x13916dc2"}