{"id": "battle-gen9randombattle-2933", "formatid": "gen9randombattle", "format": "[Gen 9] Random Battle", "players": ["p0x29333b94", "p0y2933cd62"], "log": "|init|battle\n|title|p0x29333b94 vs. p0y2933cd62\n|j|\u2606p0x29333b94\n|j|\u2606p0y2933cd62\n|t:|1783573764\n|gametype|singles\n|player|p1|p0x29333b94|101|\n|player|p2|p0y2933cd62|102|\n|gen|9\n|tier|[Gen 9] Random Battle\n|rule|Species Clause: Limit one of each Pok\u00e9mon\n|rule|HP Percentage Mod: HP is shown in percentages\n|rule|Sleep Clause Mod: Limit one foe put to sleep\n|rule|Illusion Level Mod: Illusion disguises the Pok\u00e9mon's true level\n|\n|t:|1783573764\n|teamsize|p1|6\n|teamsize|p2|6\n|start\n|switch|p1a: Dialga|Dialga-Origin, L73|100/100\n|switch|p2a: Girafarig|Girafarig, L89, F|269/269\n|-ability|p1a: Dialga|Pressure\n|turn|1\n|inactive|Battle timer is ON: inactive players will automatically lose when time's up. (requested by p0y2933cd62)\n|inactive|p0x29333b94 also wants the timer to be on.\n|\n|t:|1783573765\n|move|p2a: Girafarig|Nasty Plot|p2a: Girafarig\n|-boost|p2a: Girafarig|spa|2\n|move|p1a: Dialga|Stealth Rock|p2a: Girafarig\n|-sidestart|p2: p0y2933cd62|move: Stealth Rock\n|\n|upkeep\n|turn|2\n|inactive|Time left: 300 sec this turn | 300 sec total\n|\n|t:|1783573766\n|move|p2a: Girafarig|Hyper Voice|p1a: Dialga\n|-resisted|p1a: Dialga\n|-crit|p1a: Dialga\n|-damage|p1a: Dialga|51/100\n|move|p1a: Dialga|Flash Cannon|p2a: Girafarig\n|-damage|p2a: Girafarig|175/269\n|\n|upkeep\n|turn|3\n|inactive|Time left: 300 sec this turn | 300 sec total\n|\n|t:|1783573767\n|move|p2a: Girafarig|Psyshock|p1a: Dialga\n|-resisted|p1a: Dialga\n|-damage|p1a: Dialga|21/100\n|move|p1a: Dialga|Draco Meteor|p2a: Girafarig\n|-damage|p2a: Girafarig|45/269\n|-unboost|p1a: Dialga|spa|2\n|\n|upkeep\n|turn|4\n|inactive|Time left: 300 sec this turn | 300 sec total\n|\n|t:|1783573768\n|switch|p1a: Magnezone|Magnezone, L85|100/100\n|move|p2a: Girafarig|Psyshock|p1a: Magnezone\n|-resisted|p1a: Magnezone\n|-damage|p1a: Magnezone|75/100\n|\n|upkeep\n|turn|5\n|inactive|Time left: 300 sec this turn | 300 sec total\n|\n|t:|1783573769\n|move|p1a: Magnezone|Thunderbolt|p2a: Girafarig\n|-damage|p2a: Girafarig|0 fnt\n|faint|p2a: Girafarig\n|\n|upkeep\n|inactive|Time left: 300 sec this turn | 300 sec total | 5 sec grace\n|\n|t:|1783573770\n|switch|p2a: Reuniclus|Reuniclus, L88, F|337/337\n|turn|6\n|inactive|Time left: 300 sec this turn | 300 sec total\n|\n|t:|1783573771\n|move|p1a: Magnezone|Thunderbolt|p2a: Reuniclus\n|-damage|p2a: Reuniclus|225/337\n|move|p2a: Reuniclus|Focus Blast|p1a: Magnezone\n|-supereffective|p1a: Magnezone\n|-damage|p1a: Magnezone|0 fnt\n|faint|p1a: Magnezone\n|\n|upkeep\n|\n|t:|1783573772\n|switch|p1a: Magmortar|Magmortar, L88, M|100/100\n|turn|7\n|inactive|Time left: 300 sec this turn | 300 sec total\n|\n|t:|1783573773\n|move|p1a: Magmortar|Knock Off|p2a: Reuniclus\n|-supereffective|p2a: Reuniclus\n|-damage|p2a: Reuniclus|67/337\n|-enditem|p2a: Reuniclus|Life Orb|[from] move: Knock Off|[of] p1a: Magmortar\n|move|p2a: Reuniclus|Recover|p2a: Reuniclus\n|-heal|p2a: Reuniclus|236/337\n|\n|upkeep\n|turn|8\n|inactive|Time left: 300 sec this turn | 300 sec total\n|\n|t:|1783573774\n|move|p1a: Magmortar|Fire Blast|p2a: Reuniclus\n|-damage|p2a: Reuniclus|83/337\n|move|p2a: Reuniclus|Recover|p2a: Reuniclus\n|-heal|p2a: Reuniclus|252/337\n|\n|upkeep\n|turn|9\n|inactive|Time left: 300 sec this turn | 300 sec total\n|\n|t:|1783573775\n|move|p1a: Magmortar|Fire Blast|p2a: Reuniclus\n|-damage|p2a: Reuniclus|86/337\n|move|p2a: Reuniclus|Psyshock|p1a: Magmortar\n|-damage|p1a: Magmortar|48/100\n|\n|upkeep\n|turn|10\n|inactive|Time left: 300 sec this turn | 300 sec total\n|\n|t:|1783573776\n|move|p1a: Magmortar|Fire Blast|p2a: Reuniclus\n|-damage|p2a: Reuniclus|0 fnt\n|faint|p2a: Reuniclus\n|\n|upkeep\n|inactive|Time left: 300 sec this turn | 300 sec total | 5 sec grace\n|\n|t:|1783573777\n|switch|p2a: Zebstrika|Zebstrika, L87, F|272/272\n|-damage|p2a: Zebstrika|238/272|[from] Stealth Rock\n|turn|11\n|inactive|Time left: 300 sec this turn | 300 sec total\n|\n|t:|1783573778\n|switch|p1a: Persian|Persian, L92, F|100/100\n|move|p2a: Zebstrika|Supercell Slam|p1a: Persian\n|-damage|p1a: Persian|38/100\n|-damage|p2a: Zebstrika|211/272|[from] item: Life Orb\n|\n|upkeep\n|turn|12\n|inactive|Time left: 300 sec this turn | 300 sec total\n|\n|t:|1783573779\n|switch|p2a: Banette|Banette, L93, M|270/270\n|-damage|p2a: Banette|237/270|[from] Stealth Rock\n|move|p1a: Persian|Double-Edge|p2a: Banette\n|-immune|p2a: Banette\n|\n|upkeep\n|turn|13\n|inactive|Time left: 300 sec this turn | 300 sec total\n|\n|t:|1783573781\n|switch|p1a: Dialga|Dialga-Origin, L73|21/100\n|-ability|p1a: Dialga|Pressure\n|move|p2a: Banette|Gunk Shot|p1a: Dialga\n|-immune|p1a: Dialga\n|\n|upkeep\n|turn|14\n|inactive|Time left: 300 sec this turn | 300 sec total\n|\n|t:|1783573782\n|move|p2a: Banette|Shadow Sneak|p1a: Dialga\n|-damage|p1a: Dialga|0 fnt\n|faint|p1a: Dialga\n|-damage|p2a: Banette|210/270|[from] item: Life Orb\n|\n|upkeep\n|\n|t:|1783573783\n|switch|p1a: Persian|Persian, L92, F|38/100\n|turn|15\n|inactive|Time left: 300 sec this turn | 300 sec total\n|\n|t:|1783573784\n|move|p1a: Persian|Knock Off|p2a: Banette\n|-supereffective|p2a: Banette\n|-damage|p2a: Banette|0 fnt\n|-enditem|p2a: Banette|Life Orb|[from] move: Knock Off|[of] p1a: Persian\n|faint|p2a: Banette\n|\n|upkeep\n|inactive|Time left: 300 sec this turn | 300 sec total | 5 sec grace\n|\n|t:|1783573785\n|switch|p2a: Meowscarada|Meowscarada, L78, F|247/247\n|-damage|p2a: Meowscarada|217/247|[from] Stealth Rock\n|turn|16\n|inactive|Time left: 300 sec this turn | 300 sec total\n|\n|t:|1783573786\n|move|p1a: Persian|Knock Off|p2a: Meowscarada\n|-resisted|p2a: Meowscarada\n|-damage|p2a: Meowscarada|159/247\n|-enditem|p2a: Meowscarada|Life Orb|[from] move: Knock Off|[of] p1a: Persian\n|move|p2a: Meowscarada|Flower Trick|p1a: Persian\n|-start|p2a: Meowscarada|typechange|Grass|[from] ability: Protean\n|-crit|p1a: Persian\n|-damage|p1a: Persian|0 fnt\n|faint|p1a: Persian\n|\n|upkeep\n|\n|t:|1783573787\n|switch|p1a: Magmortar|Magmortar, L88, M|48/100\n|turn|17\n|inactive|Time left: 300 sec this turn | 300 sec total\n|\n|t:|1783573788\n|move|p2a: Meowscarada|Knock Off|p1a: Magmortar\n|-damage|p1a: Magmortar|18/100\n|-enditem|p1a: Magmortar|Heavy-Duty Boots|[from] move: Knock Off|[of] p2a: Meowscarada\n|move|p1a: Magmortar|Fire Blast|p2a: Meowscarada\n|-supereffective|p2a: Meowscarada\n|-damage|p2a: Meowscarada|0 fnt\n|faint|p2a: Meowscarada\n|\n|upkeep\n|inactive|Time left: 300 sec this turn | 300 sec total | 5 sec grace\n|\n|t:|1783573789\n|switch|p2a: Tornadus|Tornadus-Therian, L79, M|254/254\n|-damage|p2a: Tornadus|191/254|[from] Stealth Rock\n|turn|18\n|inactive|Time left: 300 sec this turn | 300 sec total\n|\n|t:|1783573790\n|move|p2a: Tornadus|Bleakwind Storm|p1a: Magmortar\n|-damage|p1a: Magmortar|0 fnt\n|faint|p1a: Magmortar\n|\n|upkeep\n|\n|t:|1783573791\n|switch|p1a: Vileplume|Vileplume, L85, M|100/100\n|turn|19\n|inactive|Time left: 300 sec this turn | 300 sec total\n|\n|t:|1783573792\n|move|p2a: Tornadus|Bleakwind Storm|p1a: Vileplume\n|-supereffective|p1a: Vileplume\n|-damage|p1a: Vileplume|22/100\n|move|p1a: Vileplume|Sludge Bomb|p2a: Tornadus\n|-damage|p2a: Tornadus|118/254\n|\n|-heal|p1a: Vileplume|28/100|[from] item: Leftovers\n|upkeep\n|turn|20\n|inactive|Time left: 300 sec this turn | 300 sec total\n|\n|t:|1783573793\n|move|p2a: Tornadus|Bleakwind Storm|p1a: Vileplume\n|-supereffective|p1a: Vileplume\n|-damage|p1a: Vileplume|0 fnt\n|faint|p1a: Vileplume\n|\n|upkeep\n|\n|t:|1783573793\n|switch|p1a: Whimsicott|Whimsicott, L84, M|100/100\n|turn|21\n|inactive|Time left: 300 sec this turn | 300 sec total\n|\n|t:|1783573794\n|-terastallize|p1a: Whimsicott|Poison\n|move|p1a: Whimsicott|Stun Spore|p2a: Tornadus\n|-status|p2a: Tornadus|par\n|move|p2a: Tornadus|U-turn|p1a: Whimsicott\n|-resisted|p1a: Whimsicott\n|-damage|p1a: Whimsicott|91/100\n|inactive|Time left: 300 sec this turn | 300 sec total | 5 sec grace\n|\n|t:|1783573795\n|switch|p2a: Zebstrika|Zebstrika, L87, F|211/272|[from] U-turn\n|-damage|p2a: Zebstrika|177/272|[from] Stealth Rock\n|\n|upkeep\n|turn|22\n|inactive|Time left: 300 sec this turn | 300 sec total\n|\n|t:|1783573796\n|-terastallize|p2a: Zebstrika|Ground\n|move|p2a: Zebstrika|High Horsepower|p1a: Whimsicott\n|-supereffective|p1a: Whimsicott\n|-damage|p1a: Whimsicott|0 fnt\n|faint|p1a: Whimsicott\n|-damage|p2a: Zebstrika|150/272|[from] item: Life Orb\n|\n|win|p0y2933cd62", "uploadtime": 1783573796, "views": 0, "rating": 0, "private": 0, "password": null, "_winner": "p0y2933cd62", "_our_name": "p0y2933cd62"}