{"id": "battle-gen9randombattle-1328", "formatid": "gen9randombattle", "format": "[Gen 9] Random Battle", "players": ["p0x1328783d", "p0y1328a96f"], "log": "|init|battle\n|title|p0x1328783d vs. p0y1328a96f\n|j|\u2606p0x1328783d\n|j|\u2606p0y1328a96f\n|t:|1783554538\n|gametype|singles\n|player|p1|p0x1328783d|170|\n|player|p2|p0y1328a96f|2|\n|gen|9\n|tier|[Gen 9] Random Battle\n|rule|Species Clause: Limit one of each Pok\u00e9mon\n|rule|HP Percentage Mod: HP is shown in percentages\n|rule|Sleep Clause Mod: Limit one foe put to sleep\n|rule|Illusion Level Mod: Illusion disguises the Pok\u00e9mon's true level\n|\n|t:|1783554538\n|teamsize|p1|6\n|teamsize|p2|6\n|start\n|switch|p1a: Torkoal|Torkoal, L88, M|266/266\n|switch|p2a: Eelektross|Eelektross, L87, F|100/100\n|-weather|SunnyDay|[from] ability: Drought|[of] p1a: Torkoal\n|turn|1\n|inactive|Battle timer is ON: inactive players will automatically lose when time's up. (requested by p0x1328783d)\n|inactive|p0y1328a96f also wants the timer to be on.\n|\n|t:|1783554540\n|move|p2a: Eelektross|Coil|p2a: Eelektross\n|-boost|p2a: Eelektross|atk|1\n|-boost|p2a: Eelektross|def|1\n|-boost|p2a: Eelektross|accuracy|1\n|move|p1a: Torkoal|Lava Plume|p2a: Eelektross\n|-damage|p2a: Eelektross|58/100\n|\n|-weather|SunnyDay|[upkeep]\n|-heal|p2a: Eelektross|64/100|[from] item: Leftovers\n|upkeep\n|turn|2\n|inactive|Time left: 300 sec this turn | 300 sec total\n|\n|t:|1783554541\n|move|p2a: Eelektross|Drain Punch|p1a: Torkoal\n|-damage|p1a: Torkoal|206/266\n|-heal|p2a: Eelektross|75/100|[from] drain|[of] p1a: Torkoal\n|move|p1a: Torkoal|Lava Plume|p2a: Eelektross\n|-damage|p2a: Eelektross|30/100\n|\n|-weather|SunnyDay|[upkeep]\n|-heal|p2a: Eelektross|36/100|[from] item: Leftovers\n|upkeep\n|turn|3\n|inactive|Time left: 300 sec this turn | 300 sec total\n|\n|t:|1783554543\n|move|p2a: Eelektross|Drain Punch|p1a: Torkoal\n|-damage|p1a: Torkoal|137/266\n|-heal|p2a: Eelektross|48/100|[from] drain|[of] p1a: Torkoal\n|move|p1a: Torkoal|Lava Plume|p2a: Eelektross\n|-damage|p2a: Eelektross|4/100\n|\n|-weather|SunnyDay|[upkeep]\n|-heal|p2a: Eelektross|10/100|[from] item: Leftovers\n|upkeep\n|turn|4\n|inactive|Time left: 300 sec this turn | 300 sec total\n|\n|t:|1783554544\n|move|p2a: Eelektross|Supercell Slam|p1a: Torkoal\n|-damage|p1a: Torkoal|8/266\n|move|p1a: Torkoal|Solar Beam||[still]\n|-prepare|p1a: Torkoal|Solar Beam\n|-anim|p1a: Torkoal|Solar Beam|p2a: Eelektross\n|-damage|p2a: Eelektross|0 fnt\n|faint|p2a: Eelektross\n|\n|-weather|SunnyDay|[upkeep]\n|upkeep\n|\n|t:|1783554545\n|switch|p2a: Sunflora|Sunflora, F|100/100\n|turn|5\n|inactive|Time left: 300 sec this turn | 300 sec total\n|\n|t:|1783554546\n|move|p2a: Sunflora|Sludge Bomb|p1a: Torkoal\n|-damage|p1a: Torkoal|0 fnt\n|faint|p1a: Torkoal\n|\n|-weather|none\n|upkeep\n|inactive|Time left: 300 sec this turn | 300 sec total | 5 sec grace\n|\n|t:|1783554547\n|switch|p1a: Coalossal|Coalossal, L89, F|341/341\n|turn|6\n|inactive|Time left: 300 sec this turn | 300 sec total\n|\n|t:|1783554548\n|move|p2a: Sunflora|Sludge Bomb|p1a: Coalossal\n|-resisted|p1a: Coalossal\n|-damage|p1a: Coalossal|276/341\n|move|p1a: Coalossal|Flamethrower|p2a: Sunflora\n|-supereffective|p2a: Sunflora\n|-damage|p2a: Sunflora|50/100\n|\n|upkeep\n|turn|7\n|inactive|Time left: 300 sec this turn | 300 sec total\n|\n|t:|1783554549\n|move|p2a: Sunflora|Sludge Bomb|p1a: Coalossal\n|-resisted|p1a: Coalossal\n|-damage|p1a: Coalossal|214/341\n|move|p1a: Coalossal|Stone Edge|p2a: Sunflora\n|-damage|p2a: Sunflora|9/100\n|\n|upkeep\n|turn|8\n|inactive|Time left: 300 sec this turn | 300 sec total\n|\n|t:|1783554551\n|move|p2a: Sunflora|Sludge Bomb|p1a: Coalossal\n|-resisted|p1a: Coalossal\n|-damage|p1a: Coalossal|147/341\n|move|p1a: Coalossal|Flamethrower|p2a: Sunflora\n|-supereffective|p2a: Sunflora\n|-damage|p2a: Sunflora|0 fnt\n|faint|p2a: Sunflora\n|\n|upkeep\n|\n|t:|1783554552\n|switch|p2a: Mismagius|Mismagius, L86, M|100/100\n|turn|9\n|inactive|Time left: 300 sec this turn | 300 sec total\n|\n|t:|1783554553\n|move|p2a: Mismagius|Nasty Plot|p2a: Mismagius\n|-boost|p2a: Mismagius|spa|2\n|move|p1a: Coalossal|Stone Edge|p2a: Mismagius|[miss]\n|-miss|p1a: Coalossal|p2a: Mismagius\n|\n|upkeep\n|turn|10\n|inactive|Time left: 300 sec this turn | 300 sec total\n|\n|t:|1783554554\n|switch|p1a: Maushold|Maushold, L76|238/238\n|move|p2a: Mismagius|Shadow Ball|p1a: Maushold\n|-immune|p1a: Maushold\n|\n|upkeep\n|turn|11\n|inactive|Time left: 300 sec this turn | 300 sec total\n|\n|t:|1783554556\n|switch|p1a: Gholdengo|Gholdengo, L77|261/261\n|-terastallize|p2a: Mismagius|Fighting\n|move|p2a: Mismagius|Tera Blast|p1a: Gholdengo|[anim] Tera Blast Fighting\n|-immune|p1a: Gholdengo\n|\n|upkeep\n|turn|12\n|inactive|Time left: 300 sec this turn | 300 sec total\n|\n|t:|1783554557\n|move|p2a: Mismagius|Shadow Ball|p1a: Gholdengo\n|-supereffective|p1a: Gholdengo\n|-damage|p1a: Gholdengo|0 fnt\n|faint|p1a: Gholdengo\n|\n|upkeep\n|inactive|Time left: 300 sec this turn | 300 sec total | 5 sec grace\n|\n|t:|1783554558\n|switch|p1a: Gastrodon|Gastrodon-East, L86, F|331/331\n|turn|13\n|inactive|Time left: 300 sec this turn | 300 sec total\n|\n|t:|1783554559\n|move|p2a: Mismagius|Tera Blast|p1a: Gastrodon|[anim] Tera Blast Fighting\n|-damage|p1a: Gastrodon|144/331\n|move|p1a: Gastrodon|Recover|p1a: Gastrodon\n|-heal|p1a: Gastrodon|310/331\n|\n|-heal|p1a: Gastrodon|330/331|[from] item: Leftovers\n|upkeep\n|turn|14\n|inactive|Time left: 300 sec this turn | 300 sec total\n|\n|t:|1783554560\n|move|p2a: Mismagius|Tera Blast|p1a: Gastrodon|[anim] Tera Blast Fighting\n|-damage|p1a: Gastrodon|119/331\n|move|p1a: Gastrodon|Recover|p1a: Gastrodon\n|-heal|p1a: Gastrodon|285/331\n|\n|-heal|p1a: Gastrodon|305/331|[from] item: Leftovers\n|upkeep\n|turn|15\n|inactive|Time left: 300 sec this turn | 300 sec total\n|\n|t:|1783554561\n|move|p2a: Mismagius|Tera Blast|p1a: Gastrodon|[anim] Tera Blast Fighting\n|-damage|p1a: Gastrodon|101/331\n|move|p1a: Gastrodon|Recover|p1a: Gastrodon\n|-heal|p1a: Gastrodon|267/331\n|\n|-heal|p1a: Gastrodon|287/331|[from] item: Leftovers\n|upkeep\n|turn|16\n|inactive|Time left: 300 sec this turn | 300 sec total\n|\n|t:|1783554562\n|move|p2a: Mismagius|Tera Blast|p1a: Gastrodon|[anim] Tera Blast Fighting\n|-damage|p1a: Gastrodon|94/331\n|move|p1a: Gastrodon|Recover|p1a: Gastrodon\n|-heal|p1a: Gastrodon|260/331\n|\n|-heal|p1a: Gastrodon|280/331|[from] item: Leftovers\n|upkeep\n|turn|17\n|inactive|Time left: 300 sec this turn | 300 sec total\n|\n|t:|1783554563\n|move|p2a: Mismagius|Shadow Ball|p1a: Gastrodon\n|-damage|p1a: Gastrodon|91/331\n|move|p1a: Gastrodon|Recover|p1a: Gastrodon\n|-heal|p1a: Gastrodon|257/331\n|\n|-heal|p1a: Gastrodon|277/331|[from] item: Leftovers\n|upkeep\n|turn|18\n|inactive|Time left: 300 sec this turn | 300 sec total\n|\n|t:|1783554564\n|move|p2a: Mismagius|Shadow Ball|p1a: Gastrodon\n|-damage|p1a: Gastrodon|84/331\n|move|p1a: Gastrodon|Recover|p1a: Gastrodon\n|-heal|p1a: Gastrodon|250/331\n|\n|-heal|p1a: Gastrodon|270/331|[from] item: Leftovers\n|upkeep\n|turn|19\n|inactive|Time left: 300 sec this turn | 300 sec total\n|\n|t:|1783554565\n|move|p2a: Mismagius|Tera Blast|p1a: Gastrodon|[anim] Tera Blast Fighting\n|-damage|p1a: Gastrodon|68/331\n|move|p1a: Gastrodon|Recover|p1a: Gastrodon\n|-heal|p1a: Gastrodon|234/331\n|\n|-heal|p1a: Gastrodon|254/331|[from] item: Leftovers\n|upkeep\n|turn|20\n|inactive|Time left: 300 sec this turn | 300 sec total\n|\n|t:|1783554566\n|move|p2a: Mismagius|Tera Blast|p1a: Gastrodon|[anim] Tera Blast Fighting\n|-damage|p1a: Gastrodon|76/331\n|move|p1a: Gastrodon|Recover|p1a: Gastrodon\n|-heal|p1a: Gastrodon|242/331\n|\n|-heal|p1a: Gastrodon|262/331|[from] item: Leftovers\n|upkeep\n|turn|21\n|inactive|Time left: 300 sec this turn | 300 sec total\n|\n|t:|1783554567\n|move|p2a: Mismagius|Shadow Ball|p1a: Gastrodon\n|-damage|p1a: Gastrodon|54/331\n|move|p1a: Gastrodon|Surf|p2a: Mismagius\n|-damage|p2a: Mismagius|69/100\n|\n|-heal|p2a: Mismagius|75/100|[from] item: Leftovers\n|-heal|p1a: Gastrodon|74/331|[from] item: Leftovers\n|upkeep\n|turn|22\n|inactive|Time left: 300 sec this turn | 300 sec total\n|\n|t:|1783554568\n|move|p2a: Mismagius|Shadow Ball|p1a: Gastrodon\n|-damage|p1a: Gastrodon|0 fnt\n|faint|p1a: Gastrodon\n|\n|-heal|p2a: Mismagius|82/100|[from] item: Leftovers\n|upkeep\n|inactive|Time left: 300 sec this turn | 300 sec total | 5 sec grace\n|\n|t:|1783554569\n|switch|p1a: Coalossal|Coalossal, L89, F|147/341\n|turn|23\n|inactive|Time left: 300 sec this turn | 300 sec total\n|\n|t:|1783554569\n|move|p2a: Mismagius|Shadow Ball|p1a: Coalossal\n|-damage|p1a: Coalossal|0 fnt\n|faint|p1a: Coalossal\n|\n|-heal|p2a: Mismagius|88/100|[from] item: Leftovers\n|upkeep\n|inactive|Time left: 300 sec this turn | 300 sec total | 5 sec grace\n|\n|t:|1783554570\n|switch|p1a: Blastoise|Blastoise, L80, F|258/258\n|turn|24\n|inactive|Time left: 300 sec this turn | 300 sec total\n|\n|t:|1783554571\n|move|p2a: Mismagius|Nasty Plot|p2a: Mismagius\n|-boost|p2a: Mismagius|spa|2\n|move|p1a: Blastoise|Shell Smash|p1a: Blastoise\n|-unboost|p1a: Blastoise|def|1\n|-unboost|p1a: Blastoise|spd|1\n|-boost|p1a: Blastoise|atk|2\n|-boost|p1a: Blastoise|spa|2\n|-boost|p1a: Blastoise|spe|2\n|-enditem|p1a: Blastoise|White Herb\n|-clearnegativeboost|p1a: Blastoise|[silent]\n|\n|-heal|p2a: Mismagius|94/100|[from] item: Leftovers\n|upkeep\n|turn|25\n|inactive|Time left: 300 sec this turn | 300 sec total\n|\n|t:|1783554573\n|move|p1a: Blastoise|Hydro Pump|p2a: Mismagius\n|-damage|p2a: Mismagius|29/100\n|move|p2a: Mismagius|Shadow Ball|p1a: Blastoise\n|-damage|p1a: Blastoise|18/258\n|\n|-heal|p2a: Mismagius|35/100|[from] item: Leftovers\n|upkeep\n|turn|26\n|inactive|Time left: 300 sec this turn | 300 sec total\n|\n|t:|1783554574\n|move|p1a: Blastoise|Hydro Pump|p2a: Mismagius\n|-damage|p2a: Mismagius|0 fnt\n|faint|p2a: Mismagius\n|\n|upkeep\n|\n|t:|1783554574\n|switch|p2a: Jirachi|Jirachi, L80|100/100\n|turn|27\n|inactive|Time left: 300 sec this turn | 300 sec total\n|\n|t:|1783554575\n|move|p1a: Blastoise|Hydro Pump|p2a: Jirachi\n|-damage|p2a: Jirachi|32/100\n|move|p2a: Jirachi|Drain Punch|p1a: Blastoise\n|-damage|p1a: Blastoise|0 fnt\n|-heal|p2a: Jirachi|36/100|[from] drain|[of] p1a: Blastoise\n|faint|p1a: Blastoise\n|\n|upkeep\n|inactive|Time left: 300 sec this turn | 300 sec total | 5 sec grace\n|\n|t:|1783554576\n|switch|p1a: Maushold|Maushold, L76|238/238\n|turn|28\n|inactive|Time left: 300 sec this turn | 300 sec total\n|\n|t:|1783554577\n|move|p1a: Maushold|Bite|p2a: Jirachi\n|-supereffective|p2a: Jirachi\n|-damage|p2a: Jirachi|5/100\n|move|p2a: Jirachi|U-turn|p1a: Maushold\n|-damage|p1a: Maushold|176/238\n|\n|t:|1783554578\n|switch|p2a: Piloswine|Piloswine, L85, F|100/100|[from] U-turn\n|\n|upkeep\n|turn|29\n|inactive|Time left: 300 sec this turn | 300 sec total\n|\n|t:|1783554579\n|-terastallize|p1a: Maushold|Normal\n|move|p1a: Maushold|Bite|p2a: Piloswine\n|-damage|p2a: Piloswine|90/100\n|move|p2a: Piloswine|Earthquake|p1a: Maushold\n|-damage|p1a: Maushold|29/238\n|\n|upkeep\n|turn|30\n|inactive|Time left: 300 sec this turn | 300 sec total\n|\n|t:|1783554580\n|move|p2a: Piloswine|Ice Shard|p1a: Maushold\n|-damage|p1a: Maushold|0 fnt\n|faint|p1a: Maushold\n|\n|win|p0y1328a96f", "uploadtime": 1783554580, "views": 0, "rating": 0, "private": 0, "password": null, "_winner": "p0y1328a96f", "_our_name": "p0x1328783d"}