{"id": "battle-gen9randombattle-2860", "formatid": "gen9randombattle", "format": "[Gen 9] Random Battle", "players": ["p0x28608e3e", "p0y28609d06"], "log": "|init|battle\n|title|p0x28608e3e vs. p0y28609d06\n|j|\u2606p0x28608e3e\n|j|\u2606p0y28609d06\n|t:|1783572948\n|gametype|singles\n|player|p1|p0x28608e3e|169|\n|player|p2|p0y28609d06|170|\n|gen|9\n|tier|[Gen 9] Random Battle\n|rule|Species Clause: Limit one of each Pok\u00e9mon\n|rule|HP Percentage Mod: HP is shown in percentages\n|rule|Sleep Clause Mod: Limit one foe put to sleep\n|rule|Illusion Level Mod: Illusion disguises the Pok\u00e9mon's true level\n|\n|t:|1783572948\n|teamsize|p1|6\n|teamsize|p2|6\n|start\n|switch|p1a: Necrozma|Necrozma, L80|286/286\n|switch|p2a: Lycanroc|Lycanroc-Dusk, L81, F|100/100\n|turn|1\n|inactive|Battle timer is ON: inactive players will automatically lose when time's up. (requested by p0y28609d06)\n|inactive|Time left: 300 sec this turn | 300 sec total | 60 sec grace\n|inactive|p0x28608e3e also wants the timer to be on.\n|\n|t:|1783572949\n|switch|p2a: Zarude|Zarude-Dada, L77|100/100\n|move|p1a: Necrozma|Photon Geyser|p2a: Zarude\n|-immune|p2a: Zarude\n|\n|upkeep\n|turn|2\n|inactive|Time left: 300 sec this turn | 300 sec total\n|\n|t:|1783572950\n|switch|p1a: Arbok|Arbok, L87, M|246/246\n|-ability|p1a: Arbok|Intimidate|boost\n|-unboost|p2a: Zarude|atk|1\n|move|p2a: Zarude|Swords Dance|p2a: Zarude\n|-boost|p2a: Zarude|atk|2\n|\n|upkeep\n|turn|3\n|inactive|Time left: 300 sec this turn | 300 sec total\n|\n|t:|1783572951\n|move|p2a: Zarude|Knock Off|p1a: Arbok\n|-damage|p1a: Arbok|7/246\n|-enditem|p1a: Arbok|Life Orb|[from] move: Knock Off|[of] p2a: Zarude\n|-damage|p2a: Zarude|91/100|[from] item: Life Orb\n|move|p1a: Arbok|Gunk Shot|p2a: Zarude\n|-supereffective|p2a: Zarude\n|-damage|p2a: Zarude|0 fnt\n|faint|p2a: Zarude\n|\n|upkeep\n|\n|t:|1783572952\n|switch|p2a: Chien-Pao|Chien-Pao, L72|100/100\n|-ability|p2a: Chien-Pao|Sword of Ruin\n|turn|4\n|inactive|Time left: 300 sec this turn | 300 sec total\n|\n|t:|1783572953\n|move|p2a: Chien-Pao|Icicle Crash|p1a: Arbok|[miss]\n|-miss|p2a: Chien-Pao|p1a: Arbok\n|move|p1a: Arbok|Gunk Shot|p2a: Chien-Pao\n|-damage|p2a: Chien-Pao|35/100\n|\n|upkeep\n|turn|5\n|inactive|Time left: 300 sec this turn | 300 sec total\n|\n|t:|1783572954\n|move|p2a: Chien-Pao|Icicle Crash|p1a: Arbok|[miss]\n|-miss|p2a: Chien-Pao|p1a: Arbok\n|move|p1a: Arbok|Gunk Shot|p2a: Chien-Pao\n|-crit|p2a: Chien-Pao\n|-damage|p2a: Chien-Pao|0 fnt\n|faint|p2a: Chien-Pao\n|\n|upkeep\n|\n|t:|1783572955\n|switch|p2a: Wugtrio|Wugtrio, L91, F|100/100\n|turn|6\n|inactive|Time left: 300 sec this turn | 300 sec total\n|\n|t:|1783572956\n|move|p1a: Arbok|Sucker Punch|p2a: Wugtrio\n|-damage|p2a: Wugtrio|69/100\n|-ability|p2a: Wugtrio|Gooey\n|-unboost|p1a: Arbok|spe|1\n|move|p2a: Wugtrio|Liquidation|p1a: Arbok\n|-damage|p1a: Arbok|0 fnt\n|faint|p1a: Arbok\n|\n|upkeep\n|inactive|Time left: 300 sec this turn | 300 sec total | 5 sec grace\n|\n|t:|1783572956\n|switch|p1a: Indeedee|Indeedee, L84, M|238/238\n|-fieldstart|move: Psychic Terrain|[from] ability: Psychic Surge|[of] p1a: Indeedee\n|turn|7\n|inactive|Time left: 300 sec this turn | 300 sec total\n|\n|t:|1783572957\n|move|p1a: Indeedee|Expanding Force|p2a: Wugtrio\n|-damage|p2a: Wugtrio|0 fnt\n|faint|p2a: Wugtrio\n|\n|upkeep\n|\n|t:|1783572958\n|switch|p2a: Swalot|Swalot, L90, M|100/100\n|turn|8\n|inactive|Time left: 300 sec this turn | 300 sec total\n|\n|t:|1783572959\n|-terastallize|p2a: Swalot|Dark\n|move|p1a: Indeedee|Expanding Force|p2a: Swalot\n|-immune|p2a: Swalot\n|move|p2a: Swalot|Knock Off|p1a: Indeedee\n|-supereffective|p1a: Indeedee\n|-damage|p1a: Indeedee|0 fnt\n|-enditem|p1a: Indeedee|Choice Scarf|[from] move: Knock Off|[of] p2a: Swalot\n|faint|p1a: Indeedee\n|\n|upkeep\n|inactive|Time left: 300 sec this turn | 300 sec total | 5 sec grace\n|\n|t:|1783572960\n|switch|p1a: Corviknight|Corviknight, L80, F|288/288\n|turn|9\n|inactive|Time left: 300 sec this turn | 300 sec total\n|\n|t:|1783572961\n|move|p1a: Corviknight|Body Press|p2a: Swalot\n|-supereffective|p2a: Swalot\n|-damage|p2a: Swalot|68/100\n|move|p2a: Swalot|Knock Off|p1a: Corviknight\n|-damage|p1a: Corviknight|203/288\n|-enditem|p1a: Corviknight|Leftovers|[from] move: Knock Off|[of] p2a: Swalot\n|\n|-heal|p2a: Swalot|74/100|[from] item: Leftovers\n|upkeep\n|turn|10\n|inactive|Time left: 300 sec this turn | 300 sec total\n|\n|t:|1783572962\n|move|p1a: Corviknight|Body Press|p2a: Swalot\n|-supereffective|p2a: Swalot\n|-damage|p2a: Swalot|42/100\n|move|p2a: Swalot|Knock Off|p1a: Corviknight\n|-crit|p1a: Corviknight\n|-damage|p1a: Corviknight|109/288\n|\n|-heal|p2a: Swalot|48/100|[from] item: Leftovers\n|upkeep\n|turn|11\n|inactive|Time left: 300 sec this turn | 300 sec total\n|\n|t:|1783572963\n|switch|p2a: Skeledirge|Skeledirge, L79, F|100/100\n|move|p1a: Corviknight|Body Press|p2a: Skeledirge\n|-immune|p2a: Skeledirge\n|\n|-fieldend|move: Psychic Terrain\n|upkeep\n|turn|12\n|inactive|Time left: 300 sec this turn | 300 sec total\n|\n|t:|1783572964\n|move|p1a: Corviknight|Brave Bird|p2a: Skeledirge\n|-damage|p2a: Skeledirge|62/100\n|-damage|p1a: Corviknight|72/288|[from] Recoil\n|move|p2a: Skeledirge|Torch Song|p1a: Corviknight\n|-supereffective|p1a: Corviknight\n|-damage|p1a: Corviknight|0 fnt\n|-boost|p2a: Skeledirge|spa|1\n|faint|p1a: Corviknight\n|\n|upkeep\n|inactive|Time left: 300 sec this turn | 300 sec total | 5 sec grace\n|\n|t:|1783572965\n|switch|p1a: Necrozma|Necrozma, L80|286/286\n|turn|13\n|inactive|Time left: 300 sec this turn | 300 sec total\n|\n|t:|1783572966\n|switch|p2a: Swalot|Swalot, L90, M, tera:Dark|48/100\n|-terastallize|p1a: Necrozma|Ground\n|move|p1a: Necrozma|Earthquake|p2a: Swalot\n|-damage|p2a: Swalot|10/100\n|-damage|p1a: Necrozma|258/286|[from] item: Life Orb\n|\n|-heal|p2a: Swalot|16/100|[from] item: Leftovers\n|upkeep\n|turn|14\n|inactive|Time left: 300 sec this turn | 300 sec total\n|\n|t:|1783572967\n|move|p1a: Necrozma|Earthquake|p2a: Swalot\n|-damage|p2a: Swalot|0 fnt\n|faint|p2a: Swalot\n|-damage|p1a: Necrozma|230/286|[from] item: Life Orb\n|\n|upkeep\n|\n|t:|1783572968\n|switch|p2a: Skeledirge|Skeledirge, L79, F|62/100\n|turn|15\n|inactive|Time left: 300 sec this turn | 300 sec total\n|\n|t:|1783572969\n|move|p1a: Necrozma|Earthquake|p2a: Skeledirge\n|-supereffective|p2a: Skeledirge\n|-damage|p2a: Skeledirge|0 fnt\n|faint|p2a: Skeledirge\n|-damage|p1a: Necrozma|202/286|[from] item: Life Orb\n|\n|upkeep\n|\n|t:|1783572969\n|switch|p2a: Lycanroc|Lycanroc-Dusk, L81, F|100/100\n|turn|16\n|inactive|Time left: 300 sec this turn | 300 sec total\n|\n|t:|1783572970\n|move|p2a: Lycanroc|Stone Edge|p1a: Necrozma\n|-resisted|p1a: Necrozma\n|-damage|p1a: Necrozma|128/286\n|-damage|p2a: Lycanroc|91/100|[from] item: Life Orb\n|move|p1a: Necrozma|Earthquake|p2a: Lycanroc\n|-supereffective|p2a: Lycanroc\n|-damage|p2a: Lycanroc|0 fnt\n|faint|p2a: Lycanroc\n|-damage|p1a: Necrozma|100/286|[from] item: Life Orb\n|\n|win|p0x28608e3e", "uploadtime": 1783572970, "views": 0, "rating": 0, "private": 0, "password": null, "_winner": "p0x28608e3e", "_our_name": "p0x28608e3e"}