{"id": "battle-gen9randombattle-2200", "formatid": "gen9randombattle", "format": "[Gen 9] Random Battle", "players": ["p0x22008116", "p0y220020a5"], "log": "|init|battle\n|title|p0x22008116 vs. p0y220020a5\n|j|\u2606p0x22008116\n|j|\u2606p0y220020a5\n|t:|1783564580\n|gametype|singles\n|player|p1|p0x22008116|2|\n|player|p2|p0y220020a5|169|\n|gen|9\n|tier|[Gen 9] Random Battle\n|rule|Species Clause: Limit one of each Pok\u00e9mon\n|rule|HP Percentage Mod: HP is shown in percentages\n|rule|Sleep Clause Mod: Limit one foe put to sleep\n|rule|Illusion Level Mod: Illusion disguises the Pok\u00e9mon's true level\n|\n|t:|1783564580\n|teamsize|p1|6\n|teamsize|p2|6\n|start\n|switch|p1a: Cacturne|Cacturne, L92, M|278/278\n|switch|p2a: Magearna|Magearna, L77|100/100\n|turn|1\n|inactive|Battle timer is ON: inactive players will automatically lose when time's up. (requested by p0x22008116)\n|inactive|p0y220020a5 also wants the timer to be on.\n|\n|t:|1783564581\n|move|p1a: Cacturne|Swords Dance|p1a: Cacturne\n|-boost|p1a: Cacturne|atk|2\n|move|p2a: Magearna|Aura Sphere|p1a: Cacturne\n|-supereffective|p1a: Cacturne\n|-crit|p1a: Cacturne\n|-damage|p1a: Cacturne|60/278\n|\n|upkeep\n|turn|2\n|inactive|Time left: 300 sec this turn | 300 sec total\n|\n|t:|1783564582\n|move|p1a: Cacturne|Knock Off|p2a: Magearna\n|-resisted|p2a: Magearna\n|-crit|p2a: Magearna\n|-damage|p2a: Magearna|2/100\n|-enditem|p2a: Magearna|Leftovers|[from] move: Knock Off|[of] p1a: Cacturne\n|-damage|p1a: Cacturne|33/278|[from] item: Life Orb\n|move|p2a: Magearna|Flash Cannon|p1a: Cacturne\n|-damage|p1a: Cacturne|0 fnt\n|faint|p1a: Cacturne\n|-ability|p2a: Magearna|Soul-Heart|boost\n|-boost|p2a: Magearna|spa|1\n|\n|upkeep\n|inactive|Time left: 300 sec this turn | 300 sec total | 5 sec grace\n|\n|t:|1783564583\n|switch|p1a: Pelipper|Pelipper, L86, F|243/243\n|-weather|RainDance|[from] ability: Drizzle|[of] p1a: Pelipper\n|turn|3\n|inactive|Time left: 300 sec this turn | 300 sec total\n|\n|t:|1783564584\n|move|p1a: Pelipper|Hurricane|p2a: Magearna\n|-resisted|p2a: Magearna\n|-damage|p2a: Magearna|0 fnt\n|faint|p2a: Magearna\n|\n|-weather|RainDance|[upkeep]\n|upkeep\n|\n|t:|1783564585\n|switch|p2a: Girafarig|Girafarig, L89, F|100/100\n|turn|4\n|inactive|Time left: 300 sec this turn | 300 sec total\n|\n|t:|1783564585\n|move|p2a: Girafarig|Thunderbolt|p1a: Pelipper\n|-supereffective|p1a: Pelipper\n|-damage|p1a: Pelipper|0 fnt\n|faint|p1a: Pelipper\n|\n|-weather|RainDance|[upkeep]\n|upkeep\n|inactive|Time left: 300 sec this turn | 300 sec total | 5 sec grace\n|\n|t:|1783564586\n|switch|p1a: Mewtwo|Mewtwo, L72|272/272\n|-ability|p1a: Mewtwo|Pressure\n|turn|5\n|inactive|Time left: 300 sec this turn | 300 sec total\n|\n|t:|1783564587\n|move|p1a: Mewtwo|Nasty Plot|p1a: Mewtwo\n|-boost|p1a: Mewtwo|spa|2\n|move|p2a: Girafarig|Nasty Plot|p2a: Girafarig\n|-boost|p2a: Girafarig|spa|2\n|\n|-weather|RainDance|[upkeep]\n|upkeep\n|turn|6\n|inactive|Time left: 300 sec this turn | 300 sec total\n|\n|t:|1783564588\n|-terastallize|p1a: Mewtwo|Dark\n|move|p1a: Mewtwo|Dark Pulse|p2a: Girafarig\n|-supereffective|p2a: Girafarig\n|-damage|p2a: Girafarig|0 fnt\n|faint|p2a: Girafarig\n|-damage|p1a: Mewtwo|245/272|[from] item: Life Orb\n|\n|-weather|RainDance|[upkeep]\n|upkeep\n|\n|t:|1783564590\n|switch|p2a: Mudsdale|Mudsdale, L83, F|100/100\n|turn|7\n|inactive|Time left: 300 sec this turn | 300 sec total\n|\n|t:|1783564591\n|move|p1a: Mewtwo|Dark Pulse|p2a: Mudsdale\n|-damage|p2a: Mudsdale|19/100\n|-ability|p2a: Mudsdale|Stamina|boost\n|-boost|p2a: Mudsdale|def|1\n|-damage|p1a: Mewtwo|218/272|[from] item: Life Orb\n|cant|p2a: Mudsdale|flinch\n|\n|-weather|none\n|-heal|p2a: Mudsdale|25/100|[from] item: Leftovers\n|upkeep\n|turn|8\n|inactive|Time left: 300 sec this turn | 300 sec total\n|\n|t:|1783564592\n|move|p1a: Mewtwo|Psystrike|p2a: Mudsdale\n|-damage|p2a: Mudsdale|0 fnt\n|faint|p2a: Mudsdale\n|-damage|p1a: Mewtwo|191/272|[from] item: Life Orb\n|\n|upkeep\n|\n|t:|1783564593\n|switch|p2a: Wyrdeer|Wyrdeer, L87, M|100/100\n|-ability|p2a: Wyrdeer|Intimidate|boost\n|-unboost|p1a: Mewtwo|atk|1\n|turn|9\n|inactive|Time left: 300 sec this turn | 300 sec total\n|\n|t:|1783564594\n|switch|p2a: Cryogonal|Cryogonal, L89|100/100\n|move|p1a: Mewtwo|Dark Pulse|p2a: Cryogonal\n|-damage|p2a: Cryogonal|45/100\n|-damage|p1a: Mewtwo|164/272|[from] item: Life Orb\n|\n|upkeep\n|turn|10\n|inactive|Time left: 300 sec this turn | 300 sec total\n|\n|t:|1783564595\n|move|p2a: Cryogonal|Ice Beam|p1a: Mewtwo\n|-damage|p1a: Mewtwo|52/272\n|move|p1a: Mewtwo|Psystrike|p2a: Cryogonal\n|-damage|p2a: Cryogonal|0 fnt\n|faint|p2a: Cryogonal\n|-damage|p1a: Mewtwo|25/272|[from] item: Life Orb\n|\n|upkeep\n|\n|t:|1783564597\n|switch|p2a: Kleavor|Kleavor, L78, F|100/100\n|turn|11\n|inactive|Time left: 300 sec this turn | 300 sec total\n|\n|t:|1783564597\n|move|p1a: Mewtwo|Dark Pulse|p2a: Kleavor\n|-damage|p2a: Kleavor|0 fnt\n|faint|p2a: Kleavor\n|-damage|p1a: Mewtwo|0 fnt|[from] item: Life Orb\n|faint|p1a: Mewtwo\n|\n|upkeep\n|inactive|Time left: 300 sec this turn | 300 sec total | 5 sec grace\n|\n|t:|1783564598\n|switch|p1a: Serperior|Serperior, L79, M|248/248\n|switch|p2a: Wyrdeer|Wyrdeer, L87, M|100/100\n|-ability|p2a: Wyrdeer|Intimidate|boost\n|-boost|p1a: Serperior|atk|1\n|turn|12\n|inactive|Time left: 300 sec this turn | 300 sec total\n|\n|t:|1783564599\n|move|p1a: Serperior|Leaf Storm|p2a: Wyrdeer\n|-crit|p2a: Wyrdeer\n|-damage|p2a: Wyrdeer|37/100\n|-boost|p1a: Serperior|spa|2\n|-damage|p1a: Serperior|224/248|[from] item: Life Orb\n|move|p2a: Wyrdeer|Body Slam|p1a: Serperior\n|-damage|p1a: Serperior|124/248\n|\n|-heal|p2a: Wyrdeer|43/100|[from] item: Leftovers\n|upkeep\n|turn|13\n|inactive|Time left: 300 sec this turn | 300 sec total\n|\n|t:|1783564600\n|move|p1a: Serperior|Leaf Storm|p2a: Wyrdeer\n|-damage|p2a: Wyrdeer|0 fnt\n|-boost|p1a: Serperior|spa|2\n|faint|p2a: Wyrdeer\n|-damage|p1a: Serperior|100/248|[from] item: Life Orb\n|\n|win|p0x22008116", "uploadtime": 1783564600, "views": 0, "rating": 0, "private": 0, "password": null, "_winner": "p0x22008116", "_our_name": "p0x22008116"}