{"id": "battle-gen9randombattle-505", "formatid": "gen9randombattle", "format": "[Gen 9] Random Battle", "players": ["p0x5050674", "p0y505d024"], "log": "|init|battle\n|title|p0x5050674 vs. p0y505d024\n|j|\u2606p0x5050674\n|j|\u2606p0y505d024\n|t:|1783545625\n|gametype|singles\n|player|p1|p0x5050674|265|\n|player|p2|p0y505d024|1|\n|gen|9\n|tier|[Gen 9] Random Battle\n|rule|Species Clause: Limit one of each Pok\u00e9mon\n|rule|HP Percentage Mod: HP is shown in percentages\n|rule|Sleep Clause Mod: Limit one foe put to sleep\n|rule|Illusion Level Mod: Illusion disguises the Pok\u00e9mon's true level\n|\n|t:|1783545625\n|teamsize|p1|6\n|teamsize|p2|6\n|start\n|switch|p1a: Gothitelle|Gothitelle, L90, M|100/100\n|switch|p2a: Feraligatr|Feraligatr, L79, M|264/264\n|turn|1\n|inactive|Battle timer is ON: inactive players will automatically lose when time's up. (requested by p0x5050674)\n|inactive|Time left: 300 sec this turn | 300 sec total | 60 sec grace\n|inactive|p0y505d024 also wants the timer to be on.\n|\n|t:|1783545626\n|move|p2a: Feraligatr|Dragon Dance|p2a: Feraligatr\n|-boost|p2a: Feraligatr|atk|1\n|-boost|p2a: Feraligatr|spe|1\n|move|p1a: Gothitelle|Thunderbolt|p2a: Feraligatr\n|-supereffective|p2a: Feraligatr\n|-damage|p2a: Feraligatr|96/264\n|\n|upkeep\n|turn|2\n|inactive|Time left: 300 sec this turn | 300 sec total\n|\n|t:|1783545628\n|switch|p1a: Garchomp|Garchomp, L74, M|100/100\n|-terastallize|p2a: Feraligatr|Dark\n|move|p2a: Feraligatr|Crunch|p1a: Garchomp\n|-damage|p1a: Garchomp|26/100\n|-damage|p2a: Feraligatr|63/264|[from] ability: Rough Skin|[of] p1a: Garchomp\n|-damage|p2a: Feraligatr|19/264|[from] item: Rocky Helmet|[of] p1a: Garchomp\n|\n|upkeep\n|turn|3\n|inactive|Time left: 300 sec this turn | 300 sec total\n|\n|t:|1783545629\n|move|p2a: Feraligatr|Crunch|p1a: Garchomp\n|-damage|p1a: Garchomp|0 fnt\n|-damage|p2a: Feraligatr|0 fnt|[from] ability: Rough Skin|[of] p1a: Garchomp\n|faint|p1a: Garchomp\n|faint|p2a: Feraligatr\n|\n|upkeep\n|inactive|Time left: 300 sec this turn | 300 sec total | 5 sec grace\n|\n|t:|1783545630\n|switch|p1a: Vikavolt|Vikavolt, L83, M|100/100\n|switch|p2a: Miraidon|Miraidon, L65|238/238\n|-fieldstart|move: Electric Terrain|[from] ability: Hadron Engine|[of] p2a: Miraidon\n|turn|4\n|inactive|Time left: 300 sec this turn | 300 sec total\n|\n|t:|1783545631\n|move|p2a: Miraidon|Draco Meteor|p1a: Vikavolt\n|-damage|p1a: Vikavolt|9/100\n|-unboost|p2a: Miraidon|spa|2\n|move|p1a: Vikavolt|Sticky Web|p2a: Miraidon\n|-sidestart|p2: p0y505d024|move: Sticky Web\n|\n|upkeep\n|turn|5\n|inactive|Time left: 300 sec this turn | 300 sec total\n|\n|t:|1783545632\n|switch|p2a: Cresselia|Cresselia, L80, F|323/323\n|switch|p1a: Iron Leaves|Iron Leaves, L80|100/100\n|-activate|p1a: Iron Leaves|ability: Quark Drive\n|-start|p1a: Iron Leaves|quarkdriveatk\n|\n|upkeep\n|turn|6\n|inactive|Time left: 300 sec this turn | 300 sec total\n|\n|t:|1783545633\n|switch|p2a: Mimikyu|Mimikyu, L79, F|216/216\n|-activate|p2a: Mimikyu|move: Sticky Web\n|-unboost|p2a: Mimikyu|spe|1\n|move|p1a: Iron Leaves|Swords Dance|p1a: Iron Leaves\n|-boost|p1a: Iron Leaves|atk|2\n|\n|upkeep\n|turn|7\n|inactive|Time left: 300 sec this turn | 300 sec total\n|\n|t:|1783545634\n|move|p1a: Iron Leaves|Leaf Blade|p2a: Mimikyu\n|-activate|p2a: Mimikyu|ability: Disguise\n|-damage|p2a: Mimikyu|216/216\n|detailschange|p2a: Mimikyu|Mimikyu-Busted, L79, F\n|-damage|p2a: Mimikyu|189/216|[from] pokemon: Mimikyu-Busted\n|-damage|p1a: Iron Leaves|91/100|[from] item: Life Orb\n|move|p2a: Mimikyu|Shadow Claw|p1a: Iron Leaves\n|-supereffective|p1a: Iron Leaves\n|-damage|p1a: Iron Leaves|30/100\n|-damage|p2a: Mimikyu|168/216|[from] item: Life Orb\n|\n|upkeep\n|turn|8\n|inactive|Time left: 300 sec this turn | 300 sec total\n|\n|t:|1783545635\n|-terastallize|p1a: Iron Leaves|Fighting\n|move|p2a: Mimikyu|Shadow Sneak|p1a: Iron Leaves\n|-damage|p1a: Iron Leaves|12/100\n|-damage|p2a: Mimikyu|147/216|[from] item: Life Orb\n|move|p1a: Iron Leaves|Psyblade|p2a: Mimikyu\n|-damage|p2a: Mimikyu|0 fnt\n|faint|p2a: Mimikyu\n|-damage|p1a: Iron Leaves|2/100|[from] item: Life Orb\n|\n|-fieldend|move: Electric Terrain\n|-end|p1a: Iron Leaves|Quark Drive\n|upkeep\n|inactive|Time left: 300 sec this turn | 300 sec total | 5 sec grace\n|\n|t:|1783545636\n|switch|p2a: Cresselia|Cresselia, L80, F|323/323\n|turn|9\n|inactive|Time left: 300 sec this turn | 300 sec total\n|\n|t:|1783545637\n|move|p1a: Iron Leaves|Leaf Blade|p2a: Cresselia\n|-damage|p2a: Cresselia|66/323\n|-damage|p1a: Iron Leaves|0 fnt|[from] item: Life Orb\n|faint|p1a: Iron Leaves\n|-end|p1a: Iron Leaves|Quark Drive|[silent]\n|move|p2a: Cresselia|Moonlight|p2a: Cresselia\n|-heal|p2a: Cresselia|227/323\n|\n|-heal|p2a: Cresselia|247/323|[from] item: Leftovers\n|upkeep\n|\n|t:|1783545638\n|switch|p1a: Lokix|Lokix, L82, F|100/100\n|turn|10\n|inactive|Time left: 300 sec this turn | 300 sec total\n|\n|t:|1783545639\n|move|p1a: Lokix|Knock Off|p2a: Cresselia\n|-supereffective|p2a: Cresselia\n|-damage|p2a: Cresselia|0 fnt\n|-enditem|p2a: Cresselia|Leftovers|[from] move: Knock Off|[of] p1a: Lokix\n|faint|p2a: Cresselia\n|-damage|p1a: Lokix|91/100|[from] item: Life Orb\n|\n|upkeep\n|inactive|Time left: 300 sec this turn | 300 sec total | 5 sec grace\n|\n|t:|1783545640\n|switch|p2a: Noctowl|Noctowl, L95, M|344/344\n|turn|11\n|inactive|Time left: 300 sec this turn | 300 sec total\n|\n|t:|1783545641\n|move|p1a: Lokix|Knock Off|p2a: Noctowl\n|-damage|p2a: Noctowl|172/344\n|-enditem|p2a: Noctowl|Heavy-Duty Boots|[from] move: Knock Off|[of] p1a: Lokix\n|-damage|p1a: Lokix|81/100|[from] item: Life Orb\n|move|p2a: Noctowl|Hurricane|p1a: Lokix\n|-supereffective|p1a: Lokix\n|-damage|p1a: Lokix|0 fnt\n|faint|p1a: Lokix\n|\n|upkeep\n|\n|t:|1783545642\n|switch|p1a: Gothitelle|Gothitelle, L90, M|100/100\n|turn|12\n|inactive|Time left: 300 sec this turn | 300 sec total\n|\n|t:|1783545643\n|move|p2a: Noctowl|Roost|p2a: Noctowl\n|-heal|p2a: Noctowl|344/344\n|-singleturn|p2a: Noctowl|move: Roost\n|move|p1a: Gothitelle|Calm Mind|p1a: Gothitelle\n|-boost|p1a: Gothitelle|spa|1\n|-boost|p1a: Gothitelle|spd|1\n|\n|upkeep\n|turn|13\n|inactive|Time left: 300 sec this turn | 300 sec total\n|\n|t:|1783545644\n|move|p2a: Noctowl|Nasty Plot|p2a: Noctowl\n|-boost|p2a: Noctowl|spa|2\n|move|p1a: Gothitelle|Calm Mind|p1a: Gothitelle\n|-boost|p1a: Gothitelle|spa|1\n|-boost|p1a: Gothitelle|spd|1\n|\n|upkeep\n|turn|14\n|inactive|Time left: 300 sec this turn | 300 sec total\n|\n|t:|1783545645\n|move|p2a: Noctowl|Hurricane|p1a: Gothitelle|[miss]\n|-miss|p2a: Noctowl|p1a: Gothitelle\n|move|p1a: Gothitelle|Thunderbolt|p2a: Noctowl\n|-supereffective|p2a: Noctowl\n|-damage|p2a: Noctowl|108/344\n|\n|upkeep\n|turn|15\n|inactive|Time left: 300 sec this turn | 300 sec total\n|\n|t:|1783545645\n|move|p2a: Noctowl|Hurricane|p1a: Gothitelle\n|-damage|p1a: Gothitelle|60/100\n|move|p1a: Gothitelle|Psychic Noise|p2a: Noctowl\n|-damage|p2a: Noctowl|0 fnt\n|faint|p2a: Noctowl\n|\n|-heal|p1a: Gothitelle|67/100|[from] item: Leftovers\n|upkeep\n|inactive|Time left: 300 sec this turn | 300 sec total | 5 sec grace\n|\n|t:|1783545646\n|switch|p2a: Chimecho|Chimecho, L93, M|290/290\n|turn|16\n|inactive|Time left: 300 sec this turn | 300 sec total\n|\n|t:|1783545647\n|move|p2a: Chimecho|Calm Mind|p2a: Chimecho\n|-boost|p2a: Chimecho|spa|1\n|-boost|p2a: Chimecho|spd|1\n|move|p1a: Gothitelle|Thunderbolt|p2a: Chimecho\n|-damage|p2a: Chimecho|205/290\n|\n|-heal|p2a: Chimecho|223/290|[from] item: Leftovers\n|-heal|p1a: Gothitelle|73/100|[from] item: Leftovers\n|upkeep\n|turn|17\n|inactive|Time left: 300 sec this turn | 300 sec total\n|\n|t:|1783545648\n|move|p2a: Chimecho|Calm Mind|p2a: Chimecho\n|-boost|p2a: Chimecho|spa|1\n|-boost|p2a: Chimecho|spd|1\n|move|p1a: Gothitelle|Thunderbolt|p2a: Chimecho\n|-damage|p2a: Chimecho|155/290\n|\n|-heal|p2a: Chimecho|173/290|[from] item: Leftovers\n|-heal|p1a: Gothitelle|79/100|[from] item: Leftovers\n|upkeep\n|turn|18\n|inactive|Time left: 300 sec this turn | 300 sec total\n|\n|t:|1783545649\n|move|p2a: Chimecho|Psyshock|p1a: Gothitelle\n|-resisted|p1a: Gothitelle\n|-damage|p1a: Gothitelle|48/100\n|move|p1a: Gothitelle|Thunderbolt|p2a: Chimecho\n|-damage|p2a: Chimecho|112/290\n|\n|-heal|p2a: Chimecho|130/290|[from] item: Leftovers\n|-heal|p1a: Gothitelle|55/100|[from] item: Leftovers\n|upkeep\n|turn|19\n|inactive|Time left: 300 sec this turn | 300 sec total\n|\n|t:|1783545650\n|move|p2a: Chimecho|Psyshock|p1a: Gothitelle\n|-resisted|p1a: Gothitelle\n|-damage|p1a: Gothitelle|20/100\n|move|p1a: Gothitelle|Thunderbolt|p2a: Chimecho\n|-damage|p2a: Chimecho|62/290\n|\n|-heal|p2a: Chimecho|80/290|[from] item: Leftovers\n|-heal|p1a: Gothitelle|26/100|[from] item: Leftovers\n|upkeep\n|turn|20\n|inactive|Time left: 300 sec this turn | 300 sec total\n|\n|t:|1783545651\n|move|p2a: Chimecho|Psyshock|p1a: Gothitelle\n|-resisted|p1a: Gothitelle\n|-damage|p1a: Gothitelle|0 fnt\n|faint|p1a: Gothitelle\n|\n|-heal|p2a: Chimecho|98/290|[from] item: Leftovers\n|upkeep\n|\n|t:|1783545652\n|switch|p1a: Torkoal|Torkoal, L88, M|100/100\n|-weather|SunnyDay|[from] ability: Drought|[of] p1a: Torkoal\n|turn|21\n|inactive|Time left: 300 sec this turn | 300 sec total\n|\n|t:|1783545653\n|move|p2a: Chimecho|Psyshock|p1a: Torkoal\n|-damage|p1a: Torkoal|50/100\n|move|p1a: Torkoal|Yawn|p2a: Chimecho\n|-start|p2a: Chimecho|move: Yawn|[of] p1a: Torkoal\n|\n|-weather|SunnyDay|[upkeep]\n|-heal|p2a: Chimecho|116/290|[from] item: Leftovers\n|upkeep\n|turn|22\n|inactive|Time left: 300 sec this turn | 300 sec total\n|\n|t:|1783545654\n|move|p2a: Chimecho|Psyshock|p1a: Torkoal\n|-damage|p1a: Torkoal|0 fnt\n|faint|p1a: Torkoal\n|\n|-weather|SunnyDay|[upkeep]\n|-heal|p2a: Chimecho|134/290|[from] item: Leftovers\n|-end|p2a: Chimecho|move: Yawn|[silent]\n|-status|p2a: Chimecho|slp\n|upkeep\n|\n|t:|1783545655\n|switch|p1a: Vikavolt|Vikavolt, L83, M|9/100\n|turn|23\n|inactive|Time left: 300 sec this turn | 300 sec total\n|\n|t:|1783545655\n|switch|p2a: Miraidon|Miraidon, L65|238/238\n|-activate|p2a: Miraidon|move: Sticky Web\n|-unboost|p2a: Miraidon|spe|1\n|-fieldstart|move: Electric Terrain|[from] ability: Hadron Engine|[of] p2a: Miraidon\n|move|p1a: Vikavolt|Bug Buzz|p2a: Miraidon\n|-damage|p2a: Miraidon|99/238\n|\n|-weather|SunnyDay|[upkeep]\n|upkeep\n|turn|24\n|inactive|Time left: 300 sec this turn | 300 sec total\n|\n|t:|1783545656\n|move|p2a: Miraidon|Electro Drift|p1a: Vikavolt\n|-resisted|p1a: Vikavolt\n|-crit|p1a: Vikavolt\n|-damage|p1a: Vikavolt|0 fnt\n|faint|p1a: Vikavolt\n|\n|win|p0y505d024", "uploadtime": 1783545656, "views": 0, "rating": 0, "private": 0, "password": null, "_winner": "p0y505d024", "_our_name": "p0y505d024"}