{"id": "battle-gen9randombattle-979", "formatid": "gen9randombattle", "format": "[Gen 9] Random Battle", "players": ["p0x979d7bd", "p0y9790eb4"], "log": "|init|battle\n|title|p0x979d7bd vs. p0y9790eb4\n|j|\u2606p0x979d7bd\n|j|\u2606p0y9790eb4\n|t:|1783550495\n|gametype|singles\n|player|p1|p0x979d7bd|169|\n|player|p2|p0y9790eb4|170|\n|gen|9\n|tier|[Gen 9] Random Battle\n|rule|Species Clause: Limit one of each Pok\u00e9mon\n|rule|HP Percentage Mod: HP is shown in percentages\n|rule|Sleep Clause Mod: Limit one foe put to sleep\n|rule|Illusion Level Mod: Illusion disguises the Pok\u00e9mon's true level\n|\n|t:|1783550495\n|teamsize|p1|6\n|teamsize|p2|6\n|start\n|switch|p1a: Porygon2|Porygon2, L81|100/100\n|switch|p2a: Toedscruel|Toedscruel, L87, F|281/281\n|-ability|p1a: Porygon2|Download|boost\n|-boost|p1a: Porygon2|atk|1\n|turn|1\n|inactive|Battle timer is ON: inactive players will automatically lose when time's up. (requested by p0x979d7bd)\n|inactive|Time left: 300 sec this turn | 300 sec total | 60 sec grace\n|inactive|p0y9790eb4 also wants the timer to be on.\n|\n|t:|1783550497\n|move|p1a: Porygon2|Thunder Wave|p2a: Toedscruel\n|-immune|p2a: Toedscruel\n|move|p2a: Toedscruel|Spore|p1a: Porygon2\n|-status|p1a: Porygon2|slp|[from] move: Spore\n|\n|upkeep\n|turn|2\n|inactive|Time left: 300 sec this turn | 300 sec total\n|\n|t:|1783550498\n|move|p2a: Toedscruel|Earth Power|p1a: Porygon2\n|-damage|p1a: Porygon2|79/100 slp\n|cant|p1a: Porygon2|slp\n|\n|upkeep\n|turn|3\n|inactive|Time left: 300 sec this turn | 300 sec total\n|\n|t:|1783550499\n|move|p2a: Toedscruel|Earth Power|p1a: Porygon2\n|-damage|p1a: Porygon2|59/100 slp\n|-unboost|p1a: Porygon2|spd|1\n|-curestatus|p1a: Porygon2|slp|[msg]\n|move|p1a: Porygon2|Shadow Ball|p2a: Toedscruel\n|-damage|p2a: Toedscruel|238/281\n|\n|-heal|p2a: Toedscruel|255/281|[from] item: Leftovers\n|upkeep\n|turn|4\n|inactive|Time left: 300 sec this turn | 300 sec total\n|\n|t:|1783550500\n|move|p1a: Porygon2|Recover|p1a: Porygon2\n|-heal|p1a: Porygon2|100/100\n|move|p2a: Toedscruel|Spore|p1a: Porygon2\n|-status|p1a: Porygon2|slp|[from] move: Spore\n|\n|-heal|p2a: Toedscruel|272/281|[from] item: Leftovers\n|upkeep\n|turn|5\n|inactive|Time left: 300 sec this turn | 300 sec total\n|\n|t:|1783550501\n|switch|p1a: Slither Wing|Slither Wing, L81|100/100\n|-enditem|p1a: Slither Wing|Booster Energy\n|-activate|p1a: Slither Wing|ability: Protosynthesis|[fromitem]\n|-start|p1a: Slither Wing|protosynthesisatk\n|move|p2a: Toedscruel|Rapid Spin|p1a: Slither Wing\n|-crit|p1a: Slither Wing\n|-damage|p1a: Slither Wing|82/100\n|-boost|p2a: Toedscruel|spe|1\n|\n|-heal|p2a: Toedscruel|281/281|[from] item: Leftovers\n|upkeep\n|turn|6\n|inactive|Time left: 300 sec this turn | 300 sec total\n|\n|t:|1783550503\n|switch|p2a: Scream Tail|Scream Tail, L84|330/330\n|move|p1a: Slither Wing|Leech Life|p2a: Scream Tail\n|-damage|p2a: Scream Tail|201/330\n|-heal|p1a: Slither Wing|100/100|[from] drain|[of] p2a: Scream Tail\n|\n|-heal|p2a: Scream Tail|221/330|[from] item: Leftovers\n|upkeep\n|turn|7\n|inactive|Time left: 300 sec this turn | 300 sec total\n|\n|t:|1783550504\n|move|p2a: Scream Tail|Dazzling Gleam|p1a: Slither Wing\n|-supereffective|p1a: Slither Wing\n|-damage|p1a: Slither Wing|60/100\n|move|p1a: Slither Wing|Leech Life|p2a: Scream Tail\n|-damage|p2a: Scream Tail|109/330\n|-heal|p1a: Slither Wing|81/100|[from] drain|[of] p2a: Scream Tail\n|\n|-heal|p2a: Scream Tail|129/330|[from] item: Leftovers\n|upkeep\n|turn|8\n|inactive|Time left: 300 sec this turn | 300 sec total\n|\n|t:|1783550506\n|move|p2a: Scream Tail|Dazzling Gleam|p1a: Slither Wing\n|-supereffective|p1a: Slither Wing\n|-crit|p1a: Slither Wing\n|-damage|p1a: Slither Wing|20/100\n|move|p1a: Slither Wing|Leech Life|p2a: Scream Tail\n|-damage|p2a: Scream Tail|14/330\n|-heal|p1a: Slither Wing|42/100|[from] drain|[of] p2a: Scream Tail\n|\n|-heal|p2a: Scream Tail|34/330|[from] item: Leftovers\n|upkeep\n|turn|9\n|inactive|Time left: 300 sec this turn | 300 sec total\n|\n|t:|1783550507\n|move|p2a: Scream Tail|Dazzling Gleam|p1a: Slither Wing\n|-supereffective|p1a: Slither Wing\n|-damage|p1a: Slither Wing|0 fnt\n|faint|p1a: Slither Wing\n|-end|p1a: Slither Wing|Protosynthesis|[silent]\n|\n|-heal|p2a: Scream Tail|54/330|[from] item: Leftovers\n|upkeep\n|\n|t:|1783550508\n|switch|p1a: Froslass|Froslass, L87, F|100/100\n|turn|10\n|inactive|Time left: 300 sec this turn | 300 sec total\n|\n|t:|1783550508\n|-end|p2a: Scream Tail|Protosynthesis|[silent]\n|switch|p2a: Pyroar|Pyroar, L88, M|295/295\n|-ability|p2a: Pyroar|Unnerve\n|move|p1a: Froslass|Triple Axel|p2a: Pyroar\n|-resisted|p2a: Pyroar\n|-damage|p2a: Pyroar|283/295\n|-resisted|p2a: Pyroar\n|-damage|p2a: Pyroar|262/295\n|-resisted|p2a: Pyroar\n|-damage|p2a: Pyroar|231/295\n|-hitcount|p2a: Pyroar|3\n|\n|upkeep\n|turn|11\n|inactive|Time left: 300 sec this turn | 300 sec total\n|\n|t:|1783550510\n|switch|p1a: Luvdisc|Luvdisc, F|100/100\n|move|p2a: Pyroar|Fire Blast|p1a: Luvdisc\n|-resisted|p1a: Luvdisc\n|-damage|p1a: Luvdisc|73/100\n|\n|upkeep\n|turn|12\n|inactive|Time left: 300 sec this turn | 300 sec total\n|\n|t:|1783550510\n|move|p1a: Luvdisc|Surf|p2a: Pyroar\n|-supereffective|p2a: Pyroar\n|-damage|p2a: Pyroar|61/295\n|move|p2a: Pyroar|Hyper Voice|p1a: Luvdisc\n|-damage|p1a: Luvdisc|24/100\n|\n|upkeep\n|turn|13\n|inactive|Time left: 300 sec this turn | 300 sec total\n|\n|t:|1783550511\n|switch|p2a: Empoleon|Empoleon, L84, M|278/278\n|move|p1a: Luvdisc|Surf|p2a: Empoleon\n|-resisted|p2a: Empoleon\n|-damage|p2a: Empoleon|242/278\n|\n|-heal|p2a: Empoleon|259/278|[from] item: Leftovers\n|upkeep\n|turn|14\n|inactive|Time left: 300 sec this turn | 300 sec total\n|\n|t:|1783550512\n|move|p1a: Luvdisc|Endeavor|p2a: Empoleon\n|-damage|p2a: Empoleon|58/278\n|move|p2a: Empoleon|Knock Off|p1a: Luvdisc\n|-damage|p1a: Luvdisc|0 fnt\n|-enditem|p1a: Luvdisc|Heavy-Duty Boots|[from] move: Knock Off|[of] p2a: Empoleon\n|faint|p1a: Luvdisc\n|\n|-heal|p2a: Empoleon|75/278|[from] item: Leftovers\n|upkeep\n|\n|t:|1783550513\n|switch|p1a: Electivire|Electivire, L84, F|100/100\n|turn|15\n|inactive|Time left: 300 sec this turn | 300 sec total\n|\n|t:|1783550515\n|move|p1a: Electivire|Supercell Slam|p2a: Empoleon\n|-supereffective|p2a: Empoleon\n|-damage|p2a: Empoleon|0 fnt\n|faint|p2a: Empoleon\n|-damage|p1a: Electivire|91/100|[from] item: Life Orb\n|\n|upkeep\n|inactive|Time left: 300 sec this turn | 300 sec total | 5 sec grace\n|\n|t:|1783550516\n|switch|p2a: Pyroar|Pyroar, L88, M|61/295\n|-ability|p2a: Pyroar|Unnerve\n|turn|16\n|inactive|Time left: 300 sec this turn | 300 sec total\n|\n|t:|1783550517\n|move|p2a: Pyroar|Will-O-Wisp|p1a: Electivire\n|-status|p1a: Electivire|brn\n|move|p1a: Electivire|Earthquake|p2a: Pyroar\n|-supereffective|p2a: Pyroar\n|-damage|p2a: Pyroar|0 fnt\n|faint|p2a: Pyroar\n|-damage|p1a: Electivire|81/100 brn|[from] item: Life Orb\n|\n|-damage|p1a: Electivire|75/100 brn|[from] brn\n|upkeep\n|inactive|Time left: 300 sec this turn | 300 sec total | 5 sec grace\n|\n|t:|1783550518\n|switch|p2a: Toedscruel|Toedscruel, L87, F|281/281\n|turn|17\n|inactive|Time left: 300 sec this turn | 300 sec total\n|\n|t:|1783550519\n|move|p2a: Toedscruel|Earth Power|p1a: Electivire\n|-supereffective|p1a: Electivire\n|-damage|p1a: Electivire|4/100 brn\n|move|p1a: Electivire|Ice Punch|p2a: Toedscruel\n|-supereffective|p2a: Toedscruel\n|-damage|p2a: Toedscruel|94/281\n|-damage|p1a: Electivire|0 fnt|[from] item: Life Orb\n|faint|p1a: Electivire\n|\n|-heal|p2a: Toedscruel|111/281|[from] item: Leftovers\n|upkeep\n|\n|t:|1783550520\n|switch|p1a: Froslass|Froslass, L87, F|100/100\n|turn|18\n|inactive|Time left: 300 sec this turn | 300 sec total\n|\n|t:|1783550522\n|move|p1a: Froslass|Poltergeist|p2a: Toedscruel\n|-activate|p2a: Toedscruel|move: Poltergeist|Leftovers\n|-damage|p2a: Toedscruel|0 fnt\n|faint|p2a: Toedscruel\n|\n|upkeep\n|inactive|Time left: 300 sec this turn | 300 sec total | 5 sec grace\n|\n|t:|1783550523\n|switch|p2a: Cramorant|Cramorant, L86, M|261/261\n|turn|19\n|inactive|Time left: 300 sec this turn | 300 sec total\n|\n|t:|1783550524\n|move|p1a: Froslass|Triple Axel|p2a: Cramorant\n|-damage|p2a: Cramorant|233/261\n|-damage|p2a: Cramorant|178/261\n|-damage|p2a: Cramorant|102/261\n|-hitcount|p2a: Cramorant|3\n|move|p2a: Cramorant|Surf|p1a: Froslass\n|-formechange|p2a: Cramorant|Cramorant-Gorging|\n|-damage|p1a: Froslass|61/100\n|\n|upkeep\n|turn|20\n|inactive|Time left: 300 sec this turn | 300 sec total\n|\n|t:|1783550525\n|move|p1a: Froslass|Poltergeist|p2a: Cramorant\n|-activate|p2a: Cramorant|move: Poltergeist|Heavy-Duty Boots\n|-damage|p2a: Cramorant|0 fnt\n|-damage|p1a: Froslass|37/100|[from] ability: Gulp Missile|[of] p2a: Cramorant\n|-status|p1a: Froslass|par\n|-formechange|p2a: Cramorant|Cramorant|\n|faint|p2a: Cramorant\n|\n|upkeep\n|inactive|Time left: 300 sec this turn | 300 sec total | 5 sec grace\n|\n|t:|1783550526\n|switch|p2a: Scream Tail|Scream Tail, L84|54/330\n|turn|21\n|inactive|Time left: 300 sec this turn | 300 sec total\n|\n|t:|1783550527\n|move|p2a: Scream Tail|Protect|p2a: Scream Tail\n|-singleturn|p2a: Scream Tail|Protect\n|cant|p1a: Froslass|par\n|\n|-heal|p2a: Scream Tail|74/330|[from] item: Leftovers\n|upkeep\n|turn|22\n|inactive|Time left: 300 sec this turn | 300 sec total\n|\n|t:|1783550528\n|move|p2a: Scream Tail|Dazzling Gleam|p1a: Froslass\n|-damage|p1a: Froslass|10/100 par\n|move|p1a: Froslass|Poltergeist|p2a: Scream Tail\n|-activate|p2a: Scream Tail|move: Poltergeist|Leftovers\n|-supereffective|p2a: Scream Tail\n|-damage|p2a: Scream Tail|0 fnt\n|faint|p2a: Scream Tail\n|-end|p2a: Scream Tail|Protosynthesis|[silent]\n|\n|upkeep\n|inactive|Time left: 300 sec this turn | 300 sec total | 5 sec grace\n|\n|t:|1783550529\n|switch|p2a: Ditto|Ditto, L87|225/225\n|-transform|p2a: Ditto|p1a: Froslass|[from] ability: Imposter\n|turn|23\n|inactive|Time left: 300 sec this turn | 300 sec total\n|\n|t:|1783550530\n|move|p2a: Ditto|Triple Axel|p1a: Froslass\n|-resisted|p1a: Froslass\n|-damage|p1a: Froslass|5/100 par\n|-resisted|p1a: Froslass\n|-damage|p1a: Froslass|0 fnt\n|faint|p1a: Froslass\n|-hitcount|p1: Froslass|2\n|\n|upkeep\n|\n|t:|1783550531\n|switch|p1a: Great Tusk|Great Tusk, L77|100/100\n|turn|24\n|inactive|Time left: 300 sec this turn | 300 sec total\n|\n|t:|1783550532\n|-terastallize|p2a: Ditto|Ghost\n|-terastallize|p1a: Great Tusk|Ground\n|move|p2a: Ditto|Triple Axel|p1a: Great Tusk\n|-supereffective|p1a: Great Tusk\n|-damage|p1a: Great Tusk|90/100\n|-supereffective|p1a: Great Tusk\n|-damage|p1a: Great Tusk|70/100\n|-supereffective|p1a: Great Tusk\n|-damage|p1a: Great Tusk|35/100\n|-hitcount|p1a: Great Tusk|3\n|move|p1a: Great Tusk|Headlong Rush|p2a: Ditto\n|-damage|p2a: Ditto|27/225\n|-unboost|p1a: Great Tusk|def|1\n|-unboost|p1a: Great Tusk|spd|1\n|\n|upkeep\n|turn|25\n|inactive|Time left: 300 sec this turn | 300 sec total\n|\n|t:|1783550533\n|move|p2a: Ditto|Triple Axel|p1a: Great Tusk\n|-supereffective|p1a: Great Tusk\n|-damage|p1a: Great Tusk|18/100\n|-supereffective|p1a: Great Tusk\n|-damage|p1a: Great Tusk|0 fnt\n|faint|p1a: Great Tusk\n|-end|p1a: Great Tusk|Protosynthesis|[silent]\n|-hitcount|p1: Great Tusk|2\n|\n|upkeep\n|\n|t:|1783550534\n|switch|p1a: Porygon2|Porygon2, L81|100/100 slp\n|-ability|p1a: Porygon2|Download|boost\n|-boost|p1a: Porygon2|spa|1\n|turn|26\n|inactive|Time left: 300 sec this turn | 300 sec total\n|\n|t:|1783550535\n|move|p2a: Ditto|Triple Axel|p1a: Porygon2\n|-damage|p1a: Porygon2|95/100 slp\n|-damage|p1a: Porygon2|85/100 slp\n|-hitcount|p1a: Porygon2|2\n|cant|p1a: Porygon2|slp\n|\n|upkeep\n|turn|27\n|inactive|Time left: 300 sec this turn | 300 sec total\n|\n|t:|1783550535\n|move|p2a: Ditto|Triple Axel|p1a: Porygon2|[miss]\n|-miss|p2a: Ditto|p1a: Porygon2\n|cant|p1a: Porygon2|slp\n|\n|upkeep\n|turn|28\n|inactive|Time left: 300 sec this turn | 300 sec total\n|\n|t:|1783550536\n|-activate|p2a: Ditto|move: Struggle\n|move|p2a: Ditto|Struggle|p1a: Porygon2\n|-damage|p1a: Porygon2|76/100 slp\n|-damage|p2a: Ditto|0 fnt|[from] recoil\n|faint|p2a: Ditto\n|\n|win|p0x979d7bd", "uploadtime": 1783550536, "views": 0, "rating": 0, "private": 0, "password": null, "_winner": "p0x979d7bd", "_our_name": "p0y9790eb4"}