{"id": "battle-gen9randombattle-688", "formatid": "gen9randombattle", "format": "[Gen 9] Random Battle", "players": ["p0x688d39c", "p0y6881b22"], "log": "|init|battle\n|title|p0x688d39c vs. p0y6881b22\n|j|\u2606p0x688d39c\n|j|\u2606p0y6881b22\n|t:|1783547089\n|gametype|singles\n|player|p1|p0x688d39c|101|\n|player|p2|p0y6881b22|266|\n|gen|9\n|tier|[Gen 9] Random Battle\n|rule|Species Clause: Limit one of each Pok\u00e9mon\n|rule|HP Percentage Mod: HP is shown in percentages\n|rule|Sleep Clause Mod: Limit one foe put to sleep\n|rule|Illusion Level Mod: Illusion disguises the Pok\u00e9mon's true level\n|\n|t:|1783547089\n|teamsize|p1|6\n|teamsize|p2|6\n|start\n|switch|p1a: Sandslash|Sandslash-Alola, L88, M|275/275\n|switch|p2a: Walking Wake|Walking Wake, L79|100/100\n|turn|1\n|inactive|Battle timer is ON: inactive players will automatically lose when time's up. (requested by p0x688d39c)\n|inactive|p0y6881b22 also wants the timer to be on.\n|\n|t:|1783547091\n|switch|p1a: Pincurchin|Pincurchin, M|258/258\n|-fieldstart|move: Electric Terrain|[from] ability: Electric Surge|[of] p1a: Pincurchin\n|move|p2a: Walking Wake|Flamethrower|p1a: Pincurchin\n|-damage|p1a: Pincurchin|167/258\n|-status|p1a: Pincurchin|brn\n|\n|-heal|p1a: Pincurchin|183/258 brn|[from] item: Leftovers\n|-damage|p1a: Pincurchin|167/258 brn|[from] brn\n|upkeep\n|turn|2\n|inactive|Time left: 300 sec this turn | 300 sec total\n|\n|t:|1783547092\n|move|p2a: Walking Wake|Flamethrower|p1a: Pincurchin\n|-damage|p1a: Pincurchin|80/258 brn\n|move|p1a: Pincurchin|Recover|p1a: Pincurchin\n|-heal|p1a: Pincurchin|209/258 brn\n|\n|-heal|p1a: Pincurchin|225/258 brn|[from] item: Leftovers\n|-damage|p1a: Pincurchin|209/258 brn|[from] brn\n|upkeep\n|turn|3\n|inactive|Time left: 300 sec this turn | 300 sec total\n|\n|t:|1783547093\n|move|p2a: Walking Wake|Flamethrower|p1a: Pincurchin\n|-damage|p1a: Pincurchin|115/258 brn\n|move|p1a: Pincurchin|Zing Zap|p2a: Walking Wake\n|-damage|p2a: Walking Wake|70/100\n|\n|-heal|p1a: Pincurchin|131/258 brn|[from] item: Leftovers\n|-damage|p1a: Pincurchin|115/258 brn|[from] brn\n|upkeep\n|turn|4\n|inactive|Time left: 300 sec this turn | 300 sec total\n|\n|t:|1783547094\n|move|p2a: Walking Wake|Flamethrower|p1a: Pincurchin\n|-damage|p1a: Pincurchin|24/258 brn\n|move|p1a: Pincurchin|Recover|p1a: Pincurchin\n|-heal|p1a: Pincurchin|153/258 brn\n|\n|-heal|p1a: Pincurchin|169/258 brn|[from] item: Leftovers\n|-damage|p1a: Pincurchin|153/258 brn|[from] brn\n|upkeep\n|turn|5\n|inactive|Time left: 300 sec this turn | 300 sec total\n|\n|t:|1783547096\n|move|p2a: Walking Wake|Flamethrower|p1a: Pincurchin\n|-damage|p1a: Pincurchin|67/258 brn\n|move|p1a: Pincurchin|Recover|p1a: Pincurchin\n|-heal|p1a: Pincurchin|196/258 brn\n|\n|-heal|p1a: Pincurchin|212/258 brn|[from] item: Leftovers\n|-damage|p1a: Pincurchin|196/258 brn|[from] brn\n|-fieldend|move: Electric Terrain\n|upkeep\n|turn|6\n|inactive|Time left: 300 sec this turn | 300 sec total\n|\n|t:|1783547097\n|move|p2a: Walking Wake|Flamethrower|p1a: Pincurchin\n|-damage|p1a: Pincurchin|111/258 brn\n|move|p1a: Pincurchin|Zing Zap|p2a: Walking Wake\n|-damage|p2a: Walking Wake|45/100\n|\n|-heal|p1a: Pincurchin|127/258 brn|[from] item: Leftovers\n|-damage|p1a: Pincurchin|111/258 brn|[from] brn\n|upkeep\n|turn|7\n|inactive|Time left: 300 sec this turn | 300 sec total\n|\n|t:|1783547098\n|move|p2a: Walking Wake|Flamethrower|p1a: Pincurchin\n|-damage|p1a: Pincurchin|26/258 brn\n|move|p1a: Pincurchin|Recover|p1a: Pincurchin\n|-heal|p1a: Pincurchin|155/258 brn\n|\n|-heal|p1a: Pincurchin|171/258 brn|[from] item: Leftovers\n|-damage|p1a: Pincurchin|155/258 brn|[from] brn\n|upkeep\n|turn|8\n|inactive|Time left: 300 sec this turn | 300 sec total\n|\n|t:|1783547099\n|move|p2a: Walking Wake|Flamethrower|p1a: Pincurchin\n|-damage|p1a: Pincurchin|66/258 brn\n|move|p1a: Pincurchin|Recover|p1a: Pincurchin\n|-heal|p1a: Pincurchin|195/258 brn\n|\n|-heal|p1a: Pincurchin|211/258 brn|[from] item: Leftovers\n|-damage|p1a: Pincurchin|195/258 brn|[from] brn\n|upkeep\n|turn|9\n|inactive|Time left: 300 sec this turn | 300 sec total\n|\n|t:|1783547100\n|-end|p2a: Walking Wake|Protosynthesis|[silent]\n|switch|p2a: Abomasnow|Abomasnow, L84, M|100/100\n|-weather|Snowscape|[from] ability: Snow Warning|[of] p2a: Abomasnow\n|move|p1a: Pincurchin|Recover|p1a: Pincurchin\n|-heal|p1a: Pincurchin|258/258 brn\n|\n|-weather|Snowscape|[upkeep]\n|-damage|p1a: Pincurchin|242/258 brn|[from] brn\n|upkeep\n|turn|10\n|inactive|Time left: 300 sec this turn | 300 sec total\n|\n|t:|1783547101\n|switch|p1a: Mewtwo|Mewtwo, L72|272/272\n|-ability|p1a: Mewtwo|Pressure\n|move|p2a: Abomasnow|Aurora Veil|p2a: Abomasnow\n|-sidestart|p2: p0y6881b22|move: Aurora Veil\n|\n|-weather|Snowscape|[upkeep]\n|upkeep\n|turn|11\n|inactive|Time left: 300 sec this turn | 300 sec total\n|\n|t:|1783547102\n|switch|p2a: Walking Wake|Walking Wake, L79|45/100\n|move|p1a: Mewtwo|Nasty Plot|p1a: Mewtwo\n|-boost|p1a: Mewtwo|spa|2\n|\n|-weather|Snowscape|[upkeep]\n|upkeep\n|turn|12\n|inactive|Time left: 300 sec this turn | 300 sec total\n|\n|t:|1783547103\n|-end|p2a: Walking Wake|Protosynthesis|[silent]\n|switch|p2a: Darkrai|Darkrai, L77|100/100\n|move|p1a: Mewtwo|Psystrike|p2a: Darkrai\n|-immune|p2a: Darkrai\n|\n|-weather|Snowscape|[upkeep]\n|upkeep\n|turn|13\n|inactive|Time left: 300 sec this turn | 300 sec total\n|\n|t:|1783547105\n|move|p2a: Darkrai|Nasty Plot|p2a: Darkrai\n|-boost|p2a: Darkrai|spa|2\n|move|p1a: Mewtwo|Nasty Plot|p1a: Mewtwo\n|-boost|p1a: Mewtwo|spa|2\n|\n|-weather|none\n|upkeep\n|turn|14\n|inactive|Time left: 300 sec this turn | 300 sec total\n|\n|t:|1783547106\n|-terastallize|p1a: Mewtwo|Dark\n|move|p2a: Darkrai|Dark Pulse|p1a: Mewtwo\n|-resisted|p1a: Mewtwo\n|-damage|p1a: Mewtwo|167/272\n|move|p1a: Mewtwo|Fire Blast|p2a: Darkrai\n|-damage|p2a: Darkrai|26/100\n|-damage|p1a: Mewtwo|140/272|[from] item: Life Orb\n|\n|-heal|p2a: Darkrai|32/100|[from] item: Leftovers\n|upkeep\n|turn|15\n|inactive|Time left: 300 sec this turn | 300 sec total\n|\n|t:|1783547108\n|switch|p1a: Sandslash|Sandslash-Alola, L88, M|275/275\n|move|p2a: Darkrai|Sludge Bomb|p1a: Sandslash\n|-immune|p1a: Sandslash\n|\n|-heal|p2a: Darkrai|38/100|[from] item: Leftovers\n|upkeep\n|turn|16\n|inactive|Time left: 300 sec this turn | 300 sec total\n|\n|t:|1783547109\n|move|p2a: Darkrai|Dark Pulse|p1a: Sandslash\n|-damage|p1a: Sandslash|67/275\n|move|p1a: Sandslash|Triple Axel|p2a: Darkrai\n|-damage|p2a: Darkrai|33/100\n|-damage|p2a: Darkrai|21/100\n|-damage|p2a: Darkrai|5/100\n|-hitcount|p2a: Darkrai|3\n|\n|-heal|p2a: Darkrai|11/100|[from] item: Leftovers\n|-heal|p1a: Sandslash|84/275|[from] item: Leftovers\n|upkeep\n|turn|17\n|inactive|Time left: 300 sec this turn | 300 sec total\n|\n|t:|1783547110\n|switch|p1a: Hitmonlee|Hitmonlee, L85, M|224/224\n|move|p2a: Darkrai|Dark Pulse|p1a: Hitmonlee\n|-resisted|p1a: Hitmonlee\n|-damage|p1a: Hitmonlee|149/224\n|\n|-heal|p2a: Darkrai|17/100|[from] item: Leftovers\n|-sideend|p2: p0y6881b22|move: Aurora Veil\n|upkeep\n|turn|18\n|inactive|Time left: 300 sec this turn | 300 sec total\n|\n|t:|1783547111\n|-terastallize|p2a: Darkrai|Poison\n|move|p2a: Darkrai|Sludge Bomb|p1a: Hitmonlee\n|-damage|p1a: Hitmonlee|0 fnt\n|faint|p1a: Hitmonlee\n|\n|-heal|p2a: Darkrai|23/100|[from] item: Leftovers\n|upkeep\n|inactive|Time left: 300 sec this turn | 300 sec total | 5 sec grace\n|\n|t:|1783547112\n|switch|p1a: Altaria|Altaria, L89, M|278/278\n|turn|19\n|inactive|Time left: 300 sec this turn | 300 sec total\n|\n|t:|1783547113\n|move|p2a: Darkrai|Dark Pulse|p1a: Altaria\n|-damage|p1a: Altaria|119/278\n|move|p1a: Altaria|Dragon Dance|p1a: Altaria\n|-boost|p1a: Altaria|atk|1\n|-boost|p1a: Altaria|spe|1\n|\n|-heal|p2a: Darkrai|29/100|[from] item: Leftovers\n|upkeep\n|turn|20\n|inactive|Time left: 300 sec this turn | 300 sec total\n|\n|t:|1783547114\n|switch|p2a: Braviary|Braviary-Hisui, L85, M|100/100\n|move|p1a: Altaria|Brave Bird|p2a: Braviary\n|-damage|p2a: Braviary|45/100\n|-damage|p1a: Altaria|60/278|[from] Recoil\n|\n|upkeep\n|turn|21\n|inactive|Time left: 300 sec this turn | 300 sec total\n|\n|t:|1783547115\n|move|p1a: Altaria|Brave Bird|p2a: Braviary\n|-damage|p2a: Braviary|0 fnt\n|faint|p2a: Braviary\n|-damage|p1a: Altaria|12/278|[from] Recoil\n|\n|upkeep\n|\n|t:|1783547116\n|switch|p2a: Abomasnow|Abomasnow, L84, M|100/100\n|-weather|Snowscape|[from] ability: Snow Warning|[of] p2a: Abomasnow\n|turn|22\n|inactive|Time left: 300 sec this turn | 300 sec total\n|\n|t:|1783547117\n|move|p1a: Altaria|Roost|p1a: Altaria\n|-heal|p1a: Altaria|151/278\n|-singleturn|p1a: Altaria|move: Roost\n|move|p2a: Abomasnow|Aurora Veil|p2a: Abomasnow\n|-sidestart|p2: p0y6881b22|move: Aurora Veil\n|\n|-weather|Snowscape|[upkeep]\n|upkeep\n|turn|23\n|inactive|Time left: 300 sec this turn | 300 sec total\n|\n|t:|1783547118\n|move|p1a: Altaria|Roost|p1a: Altaria\n|-heal|p1a: Altaria|278/278\n|-singleturn|p1a: Altaria|move: Roost\n|move|p2a: Abomasnow|Blizzard|p1a: Altaria\n|-supereffective|p1a: Altaria\n|-damage|p1a: Altaria|96/278\n|\n|-weather|Snowscape|[upkeep]\n|upkeep\n|turn|24\n|inactive|Time left: 300 sec this turn | 300 sec total\n|\n|t:|1783547119\n|move|p1a: Altaria|Roost|p1a: Altaria\n|-heal|p1a: Altaria|235/278\n|-singleturn|p1a: Altaria|move: Roost\n|move|p2a: Abomasnow|Blizzard|p1a: Altaria\n|-supereffective|p1a: Altaria\n|-damage|p1a: Altaria|61/278\n|\n|-weather|Snowscape|[upkeep]\n|upkeep\n|turn|25\n|inactive|Time left: 300 sec this turn | 300 sec total\n|\n|t:|1783547120\n|move|p1a: Altaria|Roost|p1a: Altaria\n|-heal|p1a: Altaria|200/278\n|-singleturn|p1a: Altaria|move: Roost\n|move|p2a: Abomasnow|Blizzard|p1a: Altaria\n|-supereffective|p1a: Altaria\n|-damage|p1a: Altaria|26/278\n|\n|-weather|Snowscape|[upkeep]\n|upkeep\n|turn|26\n|inactive|Time left: 300 sec this turn | 300 sec total\n|\n|t:|1783547122\n|move|p1a: Altaria|Roost|p1a: Altaria\n|-heal|p1a: Altaria|165/278\n|-singleturn|p1a: Altaria|move: Roost\n|move|p2a: Abomasnow|Blizzard|p1a: Altaria\n|-supereffective|p1a: Altaria\n|-damage|p1a: Altaria|0 fnt\n|faint|p1a: Altaria\n|\n|-weather|none\n|upkeep\n|inactive|Time left: 300 sec this turn | 300 sec total | 5 sec grace\n|\n|t:|1783547123\n|switch|p1a: Delphox|Delphox, L84, M|263/263\n|turn|27\n|inactive|Time left: 300 sec this turn | 300 sec total\n|\n|t:|1783547124\n|switch|p2a: Walking Wake|Walking Wake, L79|45/100\n|move|p1a: Delphox|Fire Blast|p2a: Walking Wake\n|-resisted|p2a: Walking Wake\n|-damage|p2a: Walking Wake|39/100\n|-status|p2a: Walking Wake|brn\n|\n|-damage|p2a: Walking Wake|33/100 brn|[from] brn\n|upkeep\n|turn|28\n|inactive|Time left: 300 sec this turn | 300 sec total\n|\n|t:|1783547125\n|switch|p1a: Pincurchin|Pincurchin, M|242/258 brn\n|-fieldstart|move: Electric Terrain|[from] ability: Electric Surge|[of] p1a: Pincurchin\n|move|p2a: Walking Wake|Hydro Pump|p1a: Pincurchin\n|-damage|p1a: Pincurchin|73/258 brn\n|\n|-heal|p1a: Pincurchin|89/258 brn|[from] item: Leftovers\n|-damage|p2a: Walking Wake|27/100 brn|[from] brn\n|-damage|p1a: Pincurchin|73/258 brn|[from] brn\n|upkeep\n|turn|29\n|inactive|Time left: 300 sec this turn | 300 sec total\n|\n|t:|1783547126\n|move|p2a: Walking Wake|Hydro Pump|p1a: Pincurchin\n|-crit|p1a: Pincurchin\n|-damage|p1a: Pincurchin|0 fnt\n|faint|p1a: Pincurchin\n|\n|-damage|p2a: Walking Wake|21/100 brn|[from] brn\n|-sideend|p2: p0y6881b22|move: Aurora Veil\n|upkeep\n|inactive|Time left: 300 sec this turn | 300 sec total | 5 sec grace\n|\n|t:|1783547127\n|switch|p1a: Delphox|Delphox, L84, M|263/263\n|turn|30\n|inactive|Time left: 300 sec this turn | 300 sec total\n|\n|t:|1783547128\n|move|p1a: Delphox|Psyshock|p2a: Walking Wake\n|-damage|p2a: Walking Wake|0 fnt\n|faint|p2a: Walking Wake\n|-end|p2a: Walking Wake|Protosynthesis|[silent]\n|\n|upkeep\n|\n|t:|1783547129\n|switch|p2a: Abomasnow|Abomasnow, L84, M|100/100\n|-weather|Snowscape|[from] ability: Snow Warning|[of] p2a: Abomasnow\n|turn|31\n|inactive|Time left: 300 sec this turn | 300 sec total\n|\n|t:|1783547130\n|move|p1a: Delphox|Fire Blast|p2a: Abomasnow|[miss]\n|-miss|p1a: Delphox|p2a: Abomasnow\n|move|p2a: Abomasnow|Aurora Veil|p2a: Abomasnow\n|-sidestart|p2: p0y6881b22|move: Aurora Veil\n|\n|-weather|Snowscape|[upkeep]\n|upkeep\n|turn|32\n|inactive|Time left: 300 sec this turn | 300 sec total\n|\n|t:|1783547131\n|move|p1a: Delphox|Fire Blast|p2a: Abomasnow\n|-supereffective|p2a: Abomasnow\n|-damage|p2a: Abomasnow|2/100\n|move|p2a: Abomasnow|Earthquake|p1a: Delphox\n|-supereffective|p1a: Delphox\n|-damage|p1a: Delphox|101/263\n|\n|-weather|Snowscape|[upkeep]\n|-fieldend|move: Electric Terrain\n|upkeep\n|turn|33\n|inactive|Time left: 300 sec this turn | 300 sec total\n|\n|t:|1783547132\n|move|p1a: Delphox|Psyshock|p2a: Abomasnow\n|-damage|p2a: Abomasnow|0 fnt\n|faint|p2a: Abomasnow\n|\n|-weather|Snowscape|[upkeep]\n|upkeep\n|\n|t:|1783547133\n|switch|p2a: Darkrai|Darkrai, L77, tera:Poison|29/100\n|turn|34\n|inactive|Time left: 300 sec this turn | 300 sec total\n|\n|t:|1783547134\n|switch|p1a: Mewtwo|Mewtwo, L72, tera:Dark|140/272\n|-ability|p1a: Mewtwo|Pressure\n|move|p2a: Darkrai|Dark Pulse|p1a: Mewtwo\n|-resisted|p1a: Mewtwo\n|-damage|p1a: Mewtwo|86/272\n|\n|-weather|Snowscape|[upkeep]\n|-heal|p2a: Darkrai|35/100|[from] item: Leftovers\n|upkeep\n|turn|35\n|inactive|Time left: 300 sec this turn | 300 sec total\n|\n|t:|1783547136\n|switch|p1a: Sandslash|Sandslash-Alola, L88, M|84/275\n|move|p2a: Darkrai|Sludge Bomb|p1a: Sandslash\n|-immune|p1a: Sandslash\n|\n|-weather|none\n|-heal|p1a: Sandslash|101/275|[from] item: Leftovers\n|-heal|p2a: Darkrai|41/100|[from] item: Leftovers\n|upkeep\n|turn|36\n|inactive|Time left: 300 sec this turn | 300 sec total\n|\n|t:|1783547136\n|switch|p1a: Mewtwo|Mewtwo, L72, tera:Dark|86/272\n|-ability|p1a: Mewtwo|Pressure\n|move|p2a: Darkrai|Dark Pulse|p1a: Mewtwo\n|-resisted|p1a: Mewtwo\n|-damage|p1a: Mewtwo|29/272\n|\n|-heal|p2a: Darkrai|47/100|[from] item: Leftovers\n|upkeep\n|turn|37\n|inactive|Time left: 300 sec this turn | 300 sec total\n|\n|t:|1783547138\n|move|p2a: Darkrai|Dark Pulse|p1a: Mewtwo\n|-resisted|p1a: Mewtwo\n|-damage|p1a: Mewtwo|0 fnt\n|faint|p1a: Mewtwo\n|\n|-heal|p2a: Darkrai|53/100|[from] item: Leftovers\n|upkeep\n|inactive|Time left: 300 sec this turn | 300 sec total | 5 sec grace\n|\n|t:|1783547139\n|switch|p1a: Sandslash|Sandslash-Alola, L88, M|101/275\n|turn|38\n|inactive|Time left: 300 sec this turn | 300 sec total\n|\n|t:|1783547139\n|move|p2a: Darkrai|Dark Pulse|p1a: Sandslash\n|-damage|p1a: Sandslash|0 fnt\n|faint|p1a: Sandslash\n|\n|-heal|p2a: Darkrai|59/100|[from] item: Leftovers\n|-sideend|p2: p0y6881b22|move: Aurora Veil\n|upkeep\n|inactive|Time left: 300 sec this turn | 300 sec total | 5 sec grace\n|\n|t:|1783547140\n|switch|p1a: Delphox|Delphox, L84, M|101/263\n|turn|39\n|inactive|Time left: 300 sec this turn | 300 sec total\n|\n|t:|1783547141\n|move|p2a: Darkrai|Dark Pulse|p1a: Delphox\n|-supereffective|p1a: Delphox\n|-damage|p1a: Delphox|0 fnt\n|faint|p1a: Delphox\n|\n|win|p0y6881b22", "uploadtime": 1783547141, "views": 0, "rating": 0, "private": 0, "password": null, "_winner": "p0y6881b22", "_our_name": "p0x688d39c"}