{"id": "battle-gen9randombattle-1382", "formatid": "gen9randombattle", "format": "[Gen 9] Random Battle", "players": ["p0x1382c1ac", "p0y138251d9"], "log": "|init|battle\n|title|p0x1382c1ac vs. p0y138251d9\n|j|\u2606p0x1382c1ac\n|j|\u2606p0y138251d9\n|t:|1783556071\n|gametype|singles\n|player|p1|p0x1382c1ac|266|\n|player|p2|p0y138251d9|266|\n|gen|9\n|tier|[Gen 9] Random Battle\n|rule|Species Clause: Limit one of each Pok\u00e9mon\n|rule|HP Percentage Mod: HP is shown in percentages\n|rule|Sleep Clause Mod: Limit one foe put to sleep\n|rule|Illusion Level Mod: Illusion disguises the Pok\u00e9mon's true level\n|\n|t:|1783556071\n|teamsize|p1|6\n|teamsize|p2|6\n|start\n|switch|p1a: Kyogre|Kyogre, L71|100/100\n|switch|p2a: Torterra|Torterra, L78, F|276/276\n|-weather|RainDance|[from] ability: Drizzle|[of] p1a: Kyogre\n|turn|1\n|inactive|Battle timer is ON: inactive players will automatically lose when time's up. (requested by p0y138251d9)\n|inactive|p0x1382c1ac also wants the timer to be on.\n|\n|t:|1783556072\n|-terastallize|p2a: Torterra|Grass\n|move|p1a: Kyogre|Ice Beam|p2a: Torterra\n|-supereffective|p2a: Torterra\n|-damage|p2a: Torterra|118/276\n|move|p2a: Torterra|Bullet Seed|p1a: Kyogre\n|-supereffective|p1a: Kyogre\n|-damage|p1a: Kyogre|71/100\n|-supereffective|p1a: Kyogre\n|-damage|p1a: Kyogre|42/100\n|-supereffective|p1a: Kyogre\n|-damage|p1a: Kyogre|8/100\n|-supereffective|p1a: Kyogre\n|-damage|p1a: Kyogre|0 fnt\n|faint|p1a: Kyogre\n|-hitcount|p1: Kyogre|4\n|\n|-weather|RainDance|[upkeep]\n|upkeep\n|\n|t:|1783556073\n|switch|p1a: Baxcalibur|Baxcalibur, L75, M|100/100\n|turn|2\n|inactive|Time left: 300 sec this turn | 300 sec total\n|\n|t:|1783556074\n|switch|p2a: Zamazenta|Zamazenta-Crowned, L68|238/238\n|-ability|p2a: Zamazenta|Dauntless Shield|boost\n|-boost|p2a: Zamazenta|def|1\n|move|p1a: Baxcalibur|Glaive Rush|p2a: Zamazenta\n|-resisted|p2a: Zamazenta\n|-damage|p2a: Zamazenta|196/238\n|-singlemove|p1a: Baxcalibur|Glaive Rush|[silent]\n|\n|-weather|RainDance|[upkeep]\n|upkeep\n|turn|3\n|inactive|Time left: 300 sec this turn | 300 sec total\n|\n|t:|1783556075\n|switch|p1a: Iron Moth|Iron Moth, L78|100/100\n|move|p2a: Zamazenta|Body Press|p1a: Iron Moth\n|-resisted|p1a: Iron Moth\n|-damage|p1a: Iron Moth|69/100\n|\n|-weather|RainDance|[upkeep]\n|upkeep\n|turn|4\n|inactive|Time left: 300 sec this turn | 300 sec total\n|\n|t:|1783556076\n|switch|p2a: Tyranitar|Tyranitar, L78, M|284/284\n|-weather|Sandstorm|[from] ability: Sand Stream|[of] p2a: Tyranitar\n|move|p1a: Iron Moth|Fire Blast|p2a: Tyranitar\n|-resisted|p2a: Tyranitar\n|-damage|p2a: Tyranitar|236/284\n|\n|-weather|Sandstorm|[upkeep]\n|-damage|p1a: Iron Moth|63/100|[from] Sandstorm\n|upkeep\n|turn|5\n|inactive|Time left: 300 sec this turn | 300 sec total\n|\n|t:|1783556077\n|-end|p1a: Iron Moth|Quark Drive|[silent]\n|switch|p1a: Zacian|Zacian-Crowned, L64|100/100\n|-ability|p1a: Zacian|Intrepid Sword|boost\n|-boost|p1a: Zacian|atk|1\n|move|p2a: Tyranitar|Knock Off|p1a: Zacian\n|-resisted|p1a: Zacian\n|-damage|p1a: Zacian|83/100\n|\n|-weather|Sandstorm|[upkeep]\n|upkeep\n|turn|6\n|inactive|Time left: 300 sec this turn | 300 sec total\n|\n|t:|1783556078\n|switch|p2a: Politoed|Politoed, L88, M|302/302\n|-weather|RainDance|[from] ability: Drizzle|[of] p2a: Politoed\n|move|p1a: Zacian|Swords Dance|p1a: Zacian\n|-boost|p1a: Zacian|atk|2\n|\n|-weather|RainDance|[upkeep]\n|upkeep\n|turn|7\n|inactive|Time left: 300 sec this turn | 300 sec total\n|\n|t:|1783556079\n|move|p1a: Zacian|Play Rough|p2a: Politoed|[miss]\n|-miss|p1a: Zacian|p2a: Politoed\n|move|p2a: Politoed|Weather Ball|p1a: Zacian\n|-damage|p1a: Zacian|0 fnt\n|faint|p1a: Zacian\n|\n|-weather|RainDance|[upkeep]\n|upkeep\n|\n|t:|1783556080\n|switch|p1a: Baxcalibur|Baxcalibur, L75, M|100/100\n|turn|8\n|inactive|Time left: 300 sec this turn | 300 sec total\n|\n|t:|1783556082\n|move|p1a: Baxcalibur|Dragon Dance|p1a: Baxcalibur\n|-boost|p1a: Baxcalibur|atk|1\n|-boost|p1a: Baxcalibur|spe|1\n|move|p2a: Politoed|Weather Ball|p1a: Baxcalibur\n|-resisted|p1a: Baxcalibur\n|-damage|p1a: Baxcalibur|55/100\n|\n|-weather|RainDance|[upkeep]\n|upkeep\n|turn|9\n|inactive|Time left: 300 sec this turn | 300 sec total\n|\n|t:|1783556083\n|move|p1a: Baxcalibur|Glaive Rush|p2a: Politoed\n|-damage|p2a: Politoed|53/302\n|-singlemove|p1a: Baxcalibur|Glaive Rush|[silent]\n|move|p2a: Politoed|Weather Ball|p1a: Baxcalibur\n|-resisted|p1a: Baxcalibur\n|-damage|p1a: Baxcalibur|0 fnt\n|faint|p1a: Baxcalibur\n|\n|-weather|RainDance|[upkeep]\n|upkeep\n|\n|t:|1783556084\n|switch|p1a: Mamoswine|Mamoswine, L81, M|100/100\n|turn|10\n|inactive|Time left: 300 sec this turn | 300 sec total\n|\n|t:|1783556085\n|move|p1a: Mamoswine|Earthquake|p2a: Politoed\n|-damage|p2a: Politoed|0 fnt\n|faint|p2a: Politoed\n|\n|-weather|none\n|upkeep\n|inactive|Time left: 300 sec this turn | 300 sec total | 5 sec grace\n|\n|t:|1783556086\n|switch|p2a: Torterra|Torterra, L78, F, tera:Grass|118/276\n|turn|11\n|inactive|Time left: 300 sec this turn | 300 sec total\n|\n|t:|1783556087\n|-terastallize|p1a: Mamoswine|Ground\n|move|p1a: Mamoswine|Earthquake|p2a: Torterra\n|-resisted|p2a: Torterra\n|-damage|p2a: Torterra|2/276\n|move|p2a: Torterra|Shell Smash|p2a: Torterra\n|-unboost|p2a: Torterra|def|1\n|-unboost|p2a: Torterra|spd|1\n|-boost|p2a: Torterra|atk|2\n|-boost|p2a: Torterra|spa|2\n|-boost|p2a: Torterra|spe|2\n|\n|upkeep\n|turn|12\n|inactive|Time left: 300 sec this turn | 300 sec total\n|\n|t:|1783556088\n|switch|p1a: Iron Moth|Iron Moth, L78|63/100\n|move|p2a: Torterra|Bullet Seed|p1a: Iron Moth\n|-resisted|p1a: Iron Moth\n|-damage|p1a: Iron Moth|50/100\n|-resisted|p1a: Iron Moth\n|-damage|p1a: Iron Moth|36/100\n|-resisted|p1a: Iron Moth\n|-damage|p1a: Iron Moth|21/100\n|-resisted|p1a: Iron Moth\n|-damage|p1a: Iron Moth|6/100\n|-hitcount|p1a: Iron Moth|4\n|\n|upkeep\n|turn|13\n|inactive|Time left: 300 sec this turn | 300 sec total\n|\n|t:|1783556089\n|move|p2a: Torterra|Bullet Seed|p1a: Iron Moth\n|-resisted|p1a: Iron Moth\n|-damage|p1a: Iron Moth|0 fnt\n|faint|p1a: Iron Moth\n|-end|p1a: Iron Moth|Quark Drive|[silent]\n|-hitcount|p1: Iron Moth|1\n|\n|upkeep\n|\n|t:|1783556090\n|switch|p1a: Mamoswine|Mamoswine, L81, M, tera:Ground|100/100\n|turn|14\n|inactive|Time left: 300 sec this turn | 300 sec total\n|\n|t:|1783556091\n|move|p1a: Mamoswine|Ice Shard|p2a: Torterra\n|-supereffective|p2a: Torterra\n|-damage|p2a: Torterra|0 fnt\n|faint|p2a: Torterra\n|\n|upkeep\n|inactive|Time left: 300 sec this turn | 300 sec total | 5 sec grace\n|\n|t:|1783556092\n|switch|p2a: Tyranitar|Tyranitar, L78, M|236/284\n|-weather|Sandstorm|[from] ability: Sand Stream|[of] p2a: Tyranitar\n|turn|15\n|inactive|Time left: 300 sec this turn | 300 sec total\n|\n|t:|1783556093\n|move|p1a: Mamoswine|Ice Shard|p2a: Tyranitar\n|-damage|p2a: Tyranitar|172/284\n|move|p2a: Tyranitar|Knock Off|p1a: Mamoswine\n|-damage|p1a: Mamoswine|62/100\n|-enditem|p1a: Mamoswine|Choice Band|[from] move: Knock Off|[of] p2a: Tyranitar\n|\n|-weather|Sandstorm|[upkeep]\n|upkeep\n|turn|16\n|inactive|Time left: 300 sec this turn | 300 sec total\n|\n|t:|1783556094\n|switch|p2a: Sylveon|Sylveon, L85, F|300/300\n|move|p1a: Mamoswine|Earthquake|p2a: Sylveon\n|-damage|p2a: Sylveon|84/300\n|\n|-weather|Sandstorm|[upkeep]\n|-damage|p2a: Sylveon|66/300|[from] Sandstorm\n|-heal|p2a: Sylveon|84/300|[from] item: Leftovers\n|upkeep\n|turn|17\n|inactive|Time left: 300 sec this turn | 300 sec total\n|\n|t:|1783556095\n|move|p2a: Sylveon|Protect|p2a: Sylveon\n|-singleturn|p2a: Sylveon|Protect\n|move|p1a: Mamoswine|Earthquake|p2a: Sylveon\n|-activate|p2a: Sylveon|move: Protect\n|\n|-weather|Sandstorm|[upkeep]\n|-damage|p2a: Sylveon|66/300|[from] Sandstorm\n|-heal|p2a: Sylveon|84/300|[from] item: Leftovers\n|upkeep\n|turn|18\n|inactive|Time left: 300 sec this turn | 300 sec total\n|\n|t:|1783556097\n|move|p1a: Mamoswine|Earthquake|p2a: Sylveon\n|-damage|p2a: Sylveon|0 fnt\n|faint|p2a: Sylveon\n|\n|-weather|Sandstorm|[upkeep]\n|upkeep\n|inactive|Time left: 300 sec this turn | 300 sec total | 5 sec grace\n|\n|t:|1783556098\n|switch|p2a: Zamazenta|Zamazenta-Crowned, L68|196/238\n|turn|19\n|inactive|Time left: 300 sec this turn | 300 sec total\n|\n|t:|1783556099\n|move|p2a: Zamazenta|Iron Defense|p2a: Zamazenta\n|-boost|p2a: Zamazenta|def|2\n|move|p1a: Mamoswine|Earthquake|p2a: Zamazenta\n|-supereffective|p2a: Zamazenta\n|-damage|p2a: Zamazenta|48/238\n|\n|-weather|none\n|upkeep\n|turn|20\n|inactive|Time left: 300 sec this turn | 300 sec total\n|\n|t:|1783556100\n|move|p2a: Zamazenta|Body Press|p1a: Mamoswine\n|-damage|p1a: Mamoswine|5/100\n|move|p1a: Mamoswine|Earthquake|p2a: Zamazenta\n|-supereffective|p2a: Zamazenta\n|-damage|p2a: Zamazenta|0 fnt\n|faint|p2a: Zamazenta\n|\n|upkeep\n|inactive|Time left: 300 sec this turn | 300 sec total | 5 sec grace\n|\n|t:|1783556101\n|switch|p2a: Kommo-o|Kommo-o, L77, M|242/242\n|turn|21\n|inactive|Time left: 300 sec this turn | 300 sec total\n|\n|t:|1783556102\n|move|p1a: Mamoswine|Icicle Crash|p2a: Kommo-o\n|-supereffective|p2a: Kommo-o\n|-damage|p2a: Kommo-o|74/242\n|move|p2a: Kommo-o|Scale Shot|p1a: Mamoswine\n|-damage|p1a: Mamoswine|0 fnt\n|faint|p1a: Mamoswine\n|-hitcount|p1: Mamoswine|1\n|-unboost|p2a: Kommo-o|def|1\n|-boost|p2a: Kommo-o|spe|1\n|\n|upkeep\n|\n|t:|1783556103\n|switch|p1a: Sableye|Sableye, L88, M|100/100\n|turn|22\n|inactive|Time left: 300 sec this turn | 300 sec total\n|\n|t:|1783556104\n|switch|p2a: Tyranitar|Tyranitar, L78, M|172/284\n|-weather|Sandstorm|[from] ability: Sand Stream|[of] p2a: Tyranitar\n|move|p1a: Sableye|Encore|p2a: Tyranitar\n|-hint|Since gen 7, Dark is immune to Prankster moves.\n|-immune|p2a: Tyranitar\n|\n|-weather|Sandstorm|[upkeep]\n|-damage|p1a: Sableye|94/100|[from] Sandstorm\n|-heal|p1a: Sableye|100/100|[from] item: Leftovers\n|upkeep\n|turn|23\n|inactive|Time left: 300 sec this turn | 300 sec total\n|\n|t:|1783556104\n|move|p1a: Sableye|Recover||[still]\n|-fail|p1a: Sableye|heal\n|move|p2a: Tyranitar|Knock Off|p1a: Sableye\n|-damage|p1a: Sableye|46/100\n|-enditem|p1a: Sableye|Leftovers|[from] move: Knock Off|[of] p2a: Tyranitar\n|\n|-weather|Sandstorm|[upkeep]\n|-damage|p1a: Sableye|40/100|[from] Sandstorm\n|upkeep\n|turn|24\n|inactive|Time left: 300 sec this turn | 300 sec total\n|\n|t:|1783556106\n|move|p1a: Sableye|Thunder Wave|p2a: Tyranitar\n|-hint|Since gen 7, Dark is immune to Prankster moves.\n|-immune|p2a: Tyranitar\n|move|p2a: Tyranitar|Knock Off|p1a: Sableye\n|-damage|p1a: Sableye|2/100\n|\n|-weather|Sandstorm|[upkeep]\n|-damage|p1a: Sableye|0 fnt|[from] Sandstorm\n|faint|p1a: Sableye\n|\n|win|p0y138251d9", "uploadtime": 1783556106, "views": 0, "rating": 0, "private": 0, "password": null, "_winner": "p0y138251d9", "_our_name": "p0y138251d9"}