{"id": "battle-gen9randombattle-172", "formatid": "gen9randombattle", "format": "[Gen 9] Random Battle", "players": ["p0x172f59d", "p0y172a8ac"], "log": "|init|battle\n|title|p0x172f59d vs. p0y172a8ac\n|j|\u2606p0x172f59d\n|j|\u2606p0y172a8ac\n|t:|1783535234\n|gametype|singles\n|player|p1|p0x172f59d|170|\n|player|p2|p0y172a8ac|170|\n|gen|9\n|tier|[Gen 9] Random Battle\n|rule|Species Clause: Limit one of each Pok\u00e9mon\n|rule|HP Percentage Mod: HP is shown in percentages\n|rule|Sleep Clause Mod: Limit one foe put to sleep\n|rule|Illusion Level Mod: Illusion disguises the Pok\u00e9mon's true level\n|\n|t:|1783535234\n|teamsize|p1|6\n|teamsize|p2|6\n|start\n|switch|p1a: Orthworm|Orthworm, L88, M|266/266\n|switch|p2a: Luvdisc|Luvdisc, F|100/100\n|turn|1\n|inactive|Battle timer is ON: inactive players will automatically lose when time's up. (requested by p0y172a8ac)\n|inactive|Time left: 300 sec this turn | 300 sec total | 60 sec grace\n|inactive|p0x172f59d also wants the timer to be on.\n|\n|t:|1783535236\n|move|p2a: Luvdisc|Surf|p1a: Orthworm\n|-damage|p1a: Orthworm|161/266\n|move|p1a: Orthworm|Heavy Slam|p2a: Luvdisc\n|-resisted|p2a: Luvdisc\n|-damage|p2a: Luvdisc|72/100\n|\n|-heal|p1a: Orthworm|177/266|[from] item: Leftovers\n|upkeep\n|turn|2\n|inactive|Time left: 300 sec this turn | 300 sec total\n|\n|t:|1783535237\n|move|p2a: Luvdisc|Surf|p1a: Orthworm\n|-damage|p1a: Orthworm|81/266\n|move|p1a: Orthworm|Stealth Rock|p2a: Luvdisc\n|-sidestart|p2: p0y172a8ac|move: Stealth Rock\n|\n|-heal|p1a: Orthworm|97/266|[from] item: Leftovers\n|upkeep\n|turn|3\n|inactive|Time left: 300 sec this turn | 300 sec total\n|\n|t:|1783535238\n|switch|p1a: Ting-Lu|Ting-Lu, L78|370/370\n|-ability|p1a: Ting-Lu|Vessel of Ruin\n|move|p2a: Luvdisc|Surf|p1a: Ting-Lu\n|-supereffective|p1a: Ting-Lu\n|-damage|p1a: Ting-Lu|238/370\n|\n|-heal|p1a: Ting-Lu|261/370|[from] item: Leftovers\n|upkeep\n|turn|4\n|inactive|Time left: 300 sec this turn | 300 sec total\n|\n|t:|1783535239\n|move|p2a: Luvdisc|Endeavor|p1a: Ting-Lu\n|-damage|p1a: Ting-Lu|176/370\n|move|p1a: Ting-Lu|Throat Chop|p2a: Luvdisc\n|-damage|p2a: Luvdisc|30/100\n|-start|p2a: Luvdisc|Throat Chop|[silent]\n|\n|-heal|p1a: Ting-Lu|199/370|[from] item: Leftovers\n|upkeep\n|turn|5\n|inactive|Time left: 300 sec this turn | 300 sec total\n|\n|t:|1783535241\n|move|p2a: Luvdisc|Surf|p1a: Ting-Lu\n|-supereffective|p1a: Ting-Lu\n|-damage|p1a: Ting-Lu|59/370\n|move|p1a: Ting-Lu|Earthquake|p2a: Luvdisc\n|-damage|p2a: Luvdisc|0 fnt\n|faint|p2a: Luvdisc\n|\n|-heal|p1a: Ting-Lu|82/370|[from] item: Leftovers\n|upkeep\n|\n|t:|1783535242\n|switch|p2a: Scovillain|Scovillain, L91, F|100/100\n|turn|6\n|inactive|Time left: 300 sec this turn | 300 sec total\n|\n|t:|1783535243\n|switch|p1a: Chandelure|Chandelure, L83, M|235/235\n|move|p2a: Scovillain|Fire Blast|p1a: Chandelure\n|-start|p1a: Chandelure|ability: Flash Fire\n|\n|upkeep\n|turn|7\n|inactive|Time left: 300 sec this turn | 300 sec total\n|\n|t:|1783535244\n|switch|p2a: Dachsbun|Dachsbun, L92, M|100/100\n|-damage|p2a: Dachsbun|88/100|[from] Stealth Rock\n|move|p1a: Chandelure|Fire Blast|p2a: Dachsbun\n|-ability|p2a: Dachsbun|Well-Baked Body|boost\n|-boost|p2a: Dachsbun|def|2\n|\n|-heal|p2a: Dachsbun|94/100|[from] item: Leftovers\n|upkeep\n|turn|8\n|inactive|Time left: 300 sec this turn | 300 sec total\n|\n|t:|1783535246\n|move|p2a: Dachsbun|Play Rough|p1a: Chandelure\n|-resisted|p1a: Chandelure\n|-damage|p1a: Chandelure|184/235\n|move|p1a: Chandelure|Calm Mind|p1a: Chandelure\n|-boost|p1a: Chandelure|spa|1\n|-boost|p1a: Chandelure|spd|1\n|\n|-heal|p2a: Dachsbun|99/100|[from] item: Leftovers\n|-heal|p1a: Chandelure|198/235|[from] item: Leftovers\n|upkeep\n|turn|9\n|inactive|Time left: 300 sec this turn | 300 sec total\n|\n|t:|1783535247\n|move|p2a: Dachsbun|Wish|p2a: Dachsbun\n|move|p1a: Chandelure|Shadow Ball|p2a: Dachsbun\n|-damage|p2a: Dachsbun|36/100\n|-unboost|p2a: Dachsbun|spd|1\n|\n|-heal|p2a: Dachsbun|42/100|[from] item: Leftovers\n|-heal|p1a: Chandelure|212/235|[from] item: Leftovers\n|upkeep\n|turn|10\n|inactive|Time left: 300 sec this turn | 300 sec total\n|\n|t:|1783535248\n|move|p2a: Dachsbun|Protect|p2a: Dachsbun\n|-singleturn|p2a: Dachsbun|Protect\n|move|p1a: Chandelure|Shadow Ball|p2a: Dachsbun\n|-activate|p2a: Dachsbun|move: Protect\n|\n|-heal|p2a: Dachsbun|92/100|[from] move: Wish|[wisher] Dachsbun\n|-heal|p2a: Dachsbun|98/100|[from] item: Leftovers\n|-heal|p1a: Chandelure|226/235|[from] item: Leftovers\n|upkeep\n|turn|11\n|inactive|Time left: 300 sec this turn | 300 sec total\n|\n|t:|1783535249\n|switch|p2a: Muk|Muk, L86, M|100/100\n|-damage|p2a: Muk|88/100|[from] Stealth Rock\n|move|p1a: Chandelure|Shadow Ball|p2a: Muk\n|-damage|p2a: Muk|54/100\n|\n|-heal|p1a: Chandelure|235/235|[from] item: Leftovers\n|upkeep\n|turn|12\n|inactive|Time left: 300 sec this turn | 300 sec total\n|\n|t:|1783535250\n|move|p1a: Chandelure|Fire Blast|p2a: Muk|[miss]\n|-miss|p1a: Chandelure|p2a: Muk\n|move|p2a: Muk|Knock Off|p1a: Chandelure\n|-supereffective|p1a: Chandelure\n|-damage|p1a: Chandelure|73/235\n|-enditem|p1a: Chandelure|Leftovers|[from] move: Knock Off|[of] p2a: Muk\n|\n|upkeep\n|turn|13\n|inactive|Time left: 300 sec this turn | 300 sec total\n|\n|t:|1783535252\n|move|p1a: Chandelure|Fire Blast|p2a: Muk\n|-damage|p2a: Muk|0 fnt\n|faint|p2a: Muk\n|\n|upkeep\n|\n|t:|1783535253\n|switch|p2a: Flutter Mane|Flutter Mane, L74|100/100\n|-damage|p2a: Flutter Mane|88/100|[from] Stealth Rock\n|turn|14\n|inactive|Time left: 300 sec this turn | 300 sec total\n|\n|t:|1783535254\n|move|p2a: Flutter Mane|Shadow Ball|p1a: Chandelure\n|-supereffective|p1a: Chandelure\n|-damage|p1a: Chandelure|0 fnt\n|faint|p1a: Chandelure\n|-damage|p2a: Flutter Mane|78/100|[from] item: Life Orb\n|\n|upkeep\n|inactive|Time left: 300 sec this turn | 300 sec total | 5 sec grace\n|\n|t:|1783535254\n|switch|p1a: Glimmora|Glimmora, L75, F|248/248\n|turn|15\n|inactive|Time left: 300 sec this turn | 300 sec total\n|\n|t:|1783535255\n|move|p2a: Flutter Mane|Calm Mind|p2a: Flutter Mane\n|-boost|p2a: Flutter Mane|spa|1\n|-boost|p2a: Flutter Mane|spd|1\n|move|p1a: Glimmora|Meteor Beam||[still]\n|-prepare|p1a: Glimmora|Meteor Beam\n|-boost|p1a: Glimmora|spa|1\n|-enditem|p1a: Glimmora|Power Herb\n|-anim|p1a: Glimmora|Meteor Beam|p2a: Flutter Mane|[miss]\n|-miss|p1a: Glimmora|p2a: Flutter Mane\n|\n|upkeep\n|turn|16\n|inactive|Time left: 300 sec this turn | 300 sec total\n|\n|t:|1783535256\n|move|p2a: Flutter Mane|Shadow Ball|p1a: Glimmora\n|-damage|p1a: Glimmora|37/248\n|-damage|p2a: Flutter Mane|68/100|[from] item: Life Orb\n|move|p1a: Glimmora|Sludge Wave|p2a: Flutter Mane\n|-damage|p2a: Flutter Mane|27/100\n|\n|upkeep\n|turn|17\n|inactive|Time left: 300 sec this turn | 300 sec total\n|\n|t:|1783535258\n|move|p2a: Flutter Mane|Moonblast|p1a: Glimmora\n|-resisted|p1a: Glimmora\n|-damage|p1a: Glimmora|0 fnt\n|faint|p1a: Glimmora\n|-damage|p2a: Flutter Mane|17/100|[from] item: Life Orb\n|\n|upkeep\n|inactive|Time left: 300 sec this turn | 300 sec total | 5 sec grace\n|\n|t:|1783535258\n|switch|p1a: Scizor|Scizor, L79, M|240/240\n|turn|18\n|inactive|Time left: 300 sec this turn | 300 sec total\n|\n|t:|1783535259\n|move|p1a: Scizor|Bullet Punch|p2a: Flutter Mane\n|-supereffective|p2a: Flutter Mane\n|-damage|p2a: Flutter Mane|0 fnt\n|faint|p2a: Flutter Mane\n|-end|p2a: Flutter Mane|Protosynthesis|[silent]\n|\n|upkeep\n|\n|t:|1783535260\n|switch|p2a: Scovillain|Scovillain, L91, F|100/100\n|turn|19\n|inactive|Time left: 300 sec this turn | 300 sec total\n|\n|t:|1783535261\n|-terastallize|p1a: Scizor|Dragon\n|move|p2a: Scovillain|Fire Blast|p1a: Scizor\n|-resisted|p1a: Scizor\n|-damage|p1a: Scizor|155/240\n|move|p1a: Scizor|Knock Off|p2a: Scovillain\n|-damage|p2a: Scovillain|69/100\n|-enditem|p2a: Scovillain|Heavy-Duty Boots|[from] move: Knock Off|[of] p1a: Scizor\n|\n|-heal|p1a: Scizor|170/240|[from] item: Leftovers\n|upkeep\n|turn|20\n|inactive|Time left: 300 sec this turn | 300 sec total\n|\n|t:|1783535262\n|move|p2a: Scovillain|Fire Blast|p1a: Scizor\n|-resisted|p1a: Scizor\n|-damage|p1a: Scizor|92/240\n|move|p1a: Scizor|Knock Off|p2a: Scovillain\n|-damage|p2a: Scovillain|45/100\n|\n|-heal|p1a: Scizor|107/240|[from] item: Leftovers\n|upkeep\n|turn|21\n|inactive|Time left: 300 sec this turn | 300 sec total\n|\n|t:|1783535263\n|move|p2a: Scovillain|Fire Blast|p1a: Scizor\n|-resisted|p1a: Scizor\n|-damage|p1a: Scizor|22/240\n|-status|p1a: Scizor|brn\n|move|p1a: Scizor|Close Combat|p2a: Scovillain\n|-damage|p2a: Scovillain|25/100\n|-unboost|p1a: Scizor|def|1\n|-unboost|p1a: Scizor|spd|1\n|\n|-heal|p1a: Scizor|37/240 brn|[from] item: Leftovers\n|-damage|p1a: Scizor|22/240 brn|[from] brn\n|upkeep\n|turn|22\n|inactive|Time left: 300 sec this turn | 300 sec total\n|\n|t:|1783535265\n|move|p2a: Scovillain|Fire Blast|p1a: Scizor\n|-resisted|p1a: Scizor\n|-damage|p1a: Scizor|0 fnt\n|faint|p1a: Scizor\n|\n|upkeep\n|inactive|Time left: 300 sec this turn | 300 sec total | 5 sec grace\n|\n|t:|1783535265\n|switch|p1a: Mew|Mew, L82|298/298\n|turn|23\n|inactive|Time left: 300 sec this turn | 300 sec total\n|\n|t:|1783535266\n|move|p1a: Mew|Psychic Fangs|p2a: Scovillain\n|-damage|p2a: Scovillain|0 fnt\n|faint|p2a: Scovillain\n|-damage|p1a: Mew|269/298|[from] item: Life Orb\n|\n|upkeep\n|\n|t:|1783535268\n|switch|p2a: Whiscash|Whiscash, L88, M|100/100\n|-damage|p2a: Whiscash|94/100|[from] Stealth Rock\n|turn|24\n|inactive|Time left: 300 sec this turn | 300 sec total\n|\n|t:|1783535269\n|move|p1a: Mew|Swords Dance|p1a: Mew\n|-boost|p1a: Mew|atk|2\n|move|p2a: Whiscash|Dragon Dance|p2a: Whiscash\n|-boost|p2a: Whiscash|atk|1\n|-boost|p2a: Whiscash|spe|1\n|\n|upkeep\n|turn|25\n|inactive|Time left: 300 sec this turn | 300 sec total\n|\n|t:|1783535270\n|move|p2a: Whiscash|Earthquake|p1a: Mew\n|-damage|p1a: Mew|100/298\n|-damage|p2a: Whiscash|84/100|[from] item: Life Orb\n|move|p1a: Mew|Close Combat|p2a: Whiscash\n|-damage|p2a: Whiscash|17/100\n|-unboost|p1a: Mew|def|1\n|-unboost|p1a: Mew|spd|1\n|-damage|p1a: Mew|71/298|[from] item: Life Orb\n|\n|upkeep\n|turn|26\n|inactive|Time left: 300 sec this turn | 300 sec total\n|\n|t:|1783535271\n|move|p2a: Whiscash|Liquidation|p1a: Mew\n|-damage|p1a: Mew|0 fnt\n|faint|p1a: Mew\n|-damage|p2a: Whiscash|8/100|[from] item: Life Orb\n|\n|upkeep\n|inactive|Time left: 300 sec this turn | 300 sec total | 5 sec grace\n|\n|t:|1783535272\n|switch|p1a: Ting-Lu|Ting-Lu, L78|82/370\n|-ability|p1a: Ting-Lu|Vessel of Ruin\n|turn|27\n|inactive|Time left: 300 sec this turn | 300 sec total\n|\n|t:|1783535273\n|-terastallize|p2a: Whiscash|Steel\n|move|p2a: Whiscash|Liquidation|p1a: Ting-Lu\n|-supereffective|p1a: Ting-Lu\n|-damage|p1a: Ting-Lu|0 fnt\n|faint|p1a: Ting-Lu\n|-damage|p2a: Whiscash|0 fnt|[from] item: Life Orb\n|faint|p2a: Whiscash\n|\n|upkeep\n|inactive|Time left: 300 sec this turn | 300 sec total | 5 sec grace\n|\n|t:|1783535274\n|switch|p2a: Dachsbun|Dachsbun, L92, M|98/100\n|switch|p1a: Orthworm|Orthworm, L88, M|97/266\n|-damage|p2a: Dachsbun|86/100|[from] Stealth Rock\n|turn|28\n|inactive|Time left: 300 sec this turn | 300 sec total\n|\n|t:|1783535275\n|move|p2a: Dachsbun|Body Press|p1a: Orthworm\n|-supereffective|p1a: Orthworm\n|-damage|p1a: Orthworm|5/266\n|move|p1a: Orthworm|Heavy Slam|p2a: Dachsbun\n|-supereffective|p2a: Dachsbun\n|-damage|p2a: Dachsbun|15/100\n|\n|-heal|p2a: Dachsbun|21/100|[from] item: Leftovers\n|-heal|p1a: Orthworm|21/266|[from] item: Leftovers\n|upkeep\n|turn|29\n|inactive|Time left: 300 sec this turn | 300 sec total\n|\n|t:|1783535276\n|move|p2a: Dachsbun|Body Press|p1a: Orthworm\n|-supereffective|p1a: Orthworm\n|-damage|p1a: Orthworm|0 fnt\n|faint|p1a: Orthworm\n|\n|win|p0y172a8ac", "uploadtime": 1783535276, "views": 0, "rating": 0, "private": 0, "password": null, "_winner": "p0y172a8ac", "_our_name": "p0x172f59d"}