{"id": "battle-gen9randombattle-2110", "formatid": "gen9randombattle", "format": "[Gen 9] Random Battle", "players": ["p0x2110ed75", "p0y21105e24"], "log": "|init|battle\n|title|p0x2110ed75 vs. p0y21105e24\n|j|\u2606p0x2110ed75\n|j|\u2606p0y21105e24\n|t:|1783564430\n|gametype|singles\n|player|p1|p0x2110ed75|169|\n|player|p2|p0y21105e24|2|\n|gen|9\n|tier|[Gen 9] Random Battle\n|rule|Species Clause: Limit one of each Pok\u00e9mon\n|rule|HP Percentage Mod: HP is shown in percentages\n|rule|Sleep Clause Mod: Limit one foe put to sleep\n|rule|Illusion Level Mod: Illusion disguises the Pok\u00e9mon's true level\n|\n|t:|1783564430\n|teamsize|p1|6\n|teamsize|p2|6\n|start\n|switch|p1a: Iron Boulder|Iron Boulder, L77|265/265\n|switch|p2a: Mismagius|Mismagius, L86, M|100/100\n|turn|1\n|inactive|Battle timer is ON: inactive players will automatically lose when time's up. (requested by p0x2110ed75)\n|inactive|p0y21105e24 also wants the timer to be on.\n|\n|t:|1783564431\n|move|p1a: Iron Boulder|Swords Dance|p1a: Iron Boulder\n|-boost|p1a: Iron Boulder|atk|2\n|move|p2a: Mismagius|Shadow Ball|p1a: Iron Boulder\n|-supereffective|p1a: Iron Boulder\n|-damage|p1a: Iron Boulder|101/265\n|\n|upkeep\n|turn|2\n|inactive|Time left: 300 sec this turn | 300 sec total\n|\n|t:|1783564433\n|switch|p2a: Metagross|Metagross, L79|100/100\n|move|p1a: Iron Boulder|Mighty Cleave|p2a: Metagross\n|-resisted|p2a: Metagross\n|-damage|p2a: Metagross|64/100\n|-damage|p1a: Iron Boulder|75/265|[from] item: Life Orb\n|\n|upkeep\n|turn|3\n|inactive|Time left: 300 sec this turn | 300 sec total\n|\n|t:|1783564434\n|move|p2a: Metagross|Bullet Punch|p1a: Iron Boulder\n|-supereffective|p1a: Iron Boulder\n|-damage|p1a: Iron Boulder|0 fnt\n|faint|p1a: Iron Boulder\n|-end|p1a: Iron Boulder|Quark Drive|[silent]\n|\n|upkeep\n|inactive|Time left: 300 sec this turn | 300 sec total | 5 sec grace\n|\n|t:|1783564435\n|switch|p1a: Porygon2|Porygon2, L81|270/270\n|-ability|p1a: Porygon2|Download|boost\n|-boost|p1a: Porygon2|spa|1\n|turn|4\n|inactive|Time left: 300 sec this turn | 300 sec total\n|\n|t:|1783564436\n|switch|p2a: Mismagius|Mismagius, L86, M|100/100\n|move|p1a: Porygon2|Shadow Ball|p2a: Mismagius\n|-supereffective|p2a: Mismagius\n|-damage|p2a: Mismagius|46/100\n|-unboost|p2a: Mismagius|spd|1\n|\n|-heal|p2a: Mismagius|52/100|[from] item: Leftovers\n|upkeep\n|turn|5\n|inactive|Time left: 300 sec this turn | 300 sec total\n|\n|t:|1783564437\n|move|p2a: Mismagius|Substitute|p2a: Mismagius\n|-start|p2a: Mismagius|Substitute\n|-damage|p2a: Mismagius|28/100\n|move|p1a: Porygon2|Shadow Ball|p2a: Mismagius\n|-supereffective|p2a: Mismagius\n|-end|p2a: Mismagius|Substitute\n|\n|-heal|p2a: Mismagius|34/100|[from] item: Leftovers\n|upkeep\n|turn|6\n|inactive|Time left: 300 sec this turn | 300 sec total\n|\n|t:|1783564438\n|move|p2a: Mismagius|Substitute|p2a: Mismagius\n|-start|p2a: Mismagius|Substitute\n|-damage|p2a: Mismagius|9/100\n|move|p1a: Porygon2|Shadow Ball|p2a: Mismagius\n|-supereffective|p2a: Mismagius\n|-end|p2a: Mismagius|Substitute\n|\n|-heal|p2a: Mismagius|15/100|[from] item: Leftovers\n|upkeep\n|turn|7\n|inactive|Time left: 300 sec this turn | 300 sec total\n|\n|t:|1783564439\n|switch|p2a: Zarude|Zarude-Dada, L77|100/100\n|move|p1a: Porygon2|Shadow Ball|p2a: Zarude\n|-resisted|p2a: Zarude\n|-damage|p2a: Zarude|84/100\n|\n|upkeep\n|turn|8\n|inactive|Time left: 300 sec this turn | 300 sec total\n|\n|t:|1783564440\n|-terastallize|p1a: Porygon2|Fairy\n|move|p2a: Zarude|Knock Off|p1a: Porygon2\n|-resisted|p1a: Porygon2\n|-damage|p1a: Porygon2|237/270\n|-enditem|p1a: Porygon2|Eviolite|[from] move: Knock Off|[of] p2a: Zarude\n|move|p1a: Porygon2|Tera Blast|p2a: Zarude|[anim] Tera Blast Fairy\n|-supereffective|p2a: Zarude\n|-damage|p2a: Zarude|2/100\n|\n|upkeep\n|turn|9\n|inactive|Time left: 300 sec this turn | 300 sec total\n|\n|t:|1783564441\n|move|p2a: Zarude|Knock Off|p1a: Porygon2\n|-resisted|p1a: Porygon2\n|-damage|p1a: Porygon2|204/270\n|move|p1a: Porygon2|Shadow Ball|p2a: Zarude\n|-resisted|p2a: Zarude\n|-damage|p2a: Zarude|0 fnt\n|faint|p2a: Zarude\n|\n|upkeep\n|\n|t:|1783564442\n|switch|p2a: Metagross|Metagross, L79|64/100\n|turn|10\n|inactive|Time left: 300 sec this turn | 300 sec total\n|\n|t:|1783564443\n|switch|p1a: Mudsdale|Mudsdale, L83, F|302/302\n|move|p2a: Metagross|Heavy Slam|p1a: Mudsdale\n|-damage|p1a: Mudsdale|233/302\n|-ability|p1a: Mudsdale|Stamina|boost\n|-boost|p1a: Mudsdale|def|1\n|\n|-heal|p1a: Mudsdale|251/302|[from] item: Leftovers\n|upkeep\n|turn|11\n|inactive|Time left: 300 sec this turn | 300 sec total\n|\n|t:|1783564444\n|move|p2a: Metagross|Heavy Slam|p1a: Mudsdale\n|-damage|p1a: Mudsdale|208/302\n|-ability|p1a: Mudsdale|Stamina|boost\n|-boost|p1a: Mudsdale|def|1\n|move|p1a: Mudsdale|Stealth Rock|p2a: Metagross\n|-sidestart|p2: p0y21105e24|move: Stealth Rock\n|\n|-heal|p1a: Mudsdale|226/302|[from] item: Leftovers\n|upkeep\n|turn|12\n|inactive|Time left: 300 sec this turn | 300 sec total\n|\n|t:|1783564445\n|switch|p2a: Oricorio|Oricorio-Sensu, L85, F|100/100\n|move|p1a: Mudsdale|Earthquake|p2a: Oricorio\n|-immune|p2a: Oricorio\n|\n|-heal|p1a: Mudsdale|244/302|[from] item: Leftovers\n|upkeep\n|turn|13\n|inactive|Time left: 300 sec this turn | 300 sec total\n|\n|t:|1783564446\n|move|p2a: Oricorio|Quiver Dance|p2a: Oricorio\n|-boost|p2a: Oricorio|spa|1\n|-boost|p2a: Oricorio|spd|1\n|-boost|p2a: Oricorio|spe|1\n|move|p1a: Mudsdale|Heavy Slam|p2a: Oricorio\n|-damage|p2a: Oricorio|59/100\n|\n|-heal|p1a: Mudsdale|262/302|[from] item: Leftovers\n|upkeep\n|turn|14\n|inactive|Time left: 300 sec this turn | 300 sec total\n|\n|t:|1783564447\n|move|p2a: Oricorio|Revelation Dance|p1a: Mudsdale\n|-damage|p1a: Mudsdale|102/302\n|-ability|p1a: Mudsdale|Stamina|boost\n|-boost|p1a: Mudsdale|def|1\n|move|p1a: Mudsdale|Roar|p2a: Oricorio\n|drag|p2a: Phione|Phione, L91|100/100\n|-damage|p2a: Phione|88/100|[from] Stealth Rock\n|\n|-heal|p2a: Phione|94/100|[from] item: Leftovers\n|-heal|p1a: Mudsdale|120/302|[from] item: Leftovers\n|upkeep\n|turn|15\n|inactive|Time left: 300 sec this turn | 300 sec total\n|\n|t:|1783564448\n|switch|p1a: Porygon2|Porygon2, L81, tera:Fairy|204/270\n|-ability|p1a: Porygon2|Download|boost\n|-boost|p1a: Porygon2|spa|1\n|move|p2a: Phione|Scald|p1a: Porygon2\n|-damage|p1a: Porygon2|116/270\n|\n|-heal|p2a: Phione|100/100|[from] item: Leftovers\n|upkeep\n|turn|16\n|inactive|Time left: 300 sec this turn | 300 sec total\n|\n|t:|1783564449\n|move|p2a: Phione|Scald|p1a: Porygon2\n|-damage|p1a: Porygon2|40/270\n|move|p1a: Porygon2|Recover|p1a: Porygon2\n|-heal|p1a: Porygon2|175/270\n|\n|upkeep\n|turn|17\n|inactive|Time left: 300 sec this turn | 300 sec total\n|\n|t:|1783564450\n|move|p2a: Phione|Scald|p1a: Porygon2\n|-damage|p1a: Porygon2|94/270\n|-status|p1a: Porygon2|brn\n|move|p1a: Porygon2|Recover|p1a: Porygon2\n|-heal|p1a: Porygon2|229/270 brn\n|\n|-damage|p1a: Porygon2|213/270 brn|[from] brn\n|upkeep\n|turn|18\n|inactive|Time left: 300 sec this turn | 300 sec total\n|\n|t:|1783564451\n|move|p2a: Phione|Scald|p1a: Porygon2\n|-damage|p1a: Porygon2|123/270 brn\n|move|p1a: Porygon2|Recover|p1a: Porygon2\n|-heal|p1a: Porygon2|258/270 brn\n|\n|-damage|p1a: Porygon2|242/270 brn|[from] brn\n|upkeep\n|turn|19\n|inactive|Time left: 300 sec this turn | 300 sec total\n|\n|t:|1783564452\n|move|p2a: Phione|Scald|p1a: Porygon2\n|-damage|p1a: Porygon2|160/270 brn\n|move|p1a: Porygon2|Shadow Ball|p2a: Phione\n|-damage|p2a: Phione|71/100\n|\n|-heal|p2a: Phione|78/100|[from] item: Leftovers\n|-damage|p1a: Porygon2|144/270 brn|[from] brn\n|upkeep\n|turn|20\n|inactive|Time left: 300 sec this turn | 300 sec total\n|\n|t:|1783564453\n|move|p2a: Phione|Scald|p1a: Porygon2\n|-damage|p1a: Porygon2|60/270 brn\n|move|p1a: Porygon2|Recover|p1a: Porygon2\n|-heal|p1a: Porygon2|195/270 brn\n|\n|-heal|p2a: Phione|84/100|[from] item: Leftovers\n|-damage|p1a: Porygon2|179/270 brn|[from] brn\n|upkeep\n|turn|21\n|inactive|Time left: 300 sec this turn | 300 sec total\n|\n|t:|1783564453\n|move|p2a: Phione|Scald|p1a: Porygon2\n|-damage|p1a: Porygon2|97/270 brn\n|move|p1a: Porygon2|Recover|p1a: Porygon2\n|-heal|p1a: Porygon2|232/270 brn\n|\n|-heal|p2a: Phione|90/100|[from] item: Leftovers\n|-damage|p1a: Porygon2|216/270 brn|[from] brn\n|upkeep\n|turn|22\n|inactive|Time left: 300 sec this turn | 300 sec total\n|\n|t:|1783564454\n|move|p2a: Phione|Scald|p1a: Porygon2\n|-damage|p1a: Porygon2|140/270 brn\n|move|p1a: Porygon2|Recover|p1a: Porygon2\n|-heal|p1a: Porygon2|270/270 brn\n|\n|-heal|p2a: Phione|96/100|[from] item: Leftovers\n|-damage|p1a: Porygon2|254/270 brn|[from] brn\n|upkeep\n|turn|23\n|inactive|Time left: 300 sec this turn | 300 sec total\n|\n|t:|1783564455\n|move|p2a: Phione|Scald|p1a: Porygon2\n|-damage|p1a: Porygon2|170/270 brn\n|move|p1a: Porygon2|Shadow Ball|p2a: Phione\n|-damage|p2a: Phione|68/100\n|\n|-heal|p2a: Phione|75/100|[from] item: Leftovers\n|-damage|p1a: Porygon2|154/270 brn|[from] brn\n|upkeep\n|turn|24\n|inactive|Time left: 300 sec this turn | 300 sec total\n|\n|t:|1783564456\n|move|p2a: Phione|Scald|p1a: Porygon2\n|-damage|p1a: Porygon2|76/270 brn\n|move|p1a: Porygon2|Recover|p1a: Porygon2\n|-heal|p1a: Porygon2|211/270 brn\n|\n|-heal|p2a: Phione|81/100|[from] item: Leftovers\n|-damage|p1a: Porygon2|195/270 brn|[from] brn\n|upkeep\n|turn|25\n|inactive|Time left: 300 sec this turn | 300 sec total\n|\n|t:|1783564457\n|move|p2a: Phione|Scald|p1a: Porygon2\n|-damage|p1a: Porygon2|119/270 brn\n|move|p1a: Porygon2|Tera Blast|p2a: Phione|[anim] Tera Blast Fairy\n|-damage|p2a: Phione|37/100\n|\n|-heal|p2a: Phione|43/100|[from] item: Leftovers\n|-damage|p1a: Porygon2|103/270 brn|[from] brn\n|upkeep\n|turn|26\n|inactive|Time left: 300 sec this turn | 300 sec total\n|\n|t:|1783564458\n|move|p2a: Phione|Scald|p1a: Porygon2\n|-damage|p1a: Porygon2|16/270 brn\n|move|p1a: Porygon2|Recover|p1a: Porygon2\n|-heal|p1a: Porygon2|151/270 brn\n|\n|-heal|p2a: Phione|49/100|[from] item: Leftovers\n|-damage|p1a: Porygon2|135/270 brn|[from] brn\n|upkeep\n|turn|27\n|inactive|Time left: 300 sec this turn | 300 sec total\n|\n|t:|1783564459\n|move|p2a: Phione|Scald|p1a: Porygon2\n|-damage|p1a: Porygon2|50/270 brn\n|move|p1a: Porygon2|Tera Blast|p2a: Phione|[anim] Tera Blast Fairy\n|-damage|p2a: Phione|6/100\n|\n|-heal|p2a: Phione|12/100|[from] item: Leftovers\n|-damage|p1a: Porygon2|34/270 brn|[from] brn\n|upkeep\n|turn|28\n|inactive|Time left: 300 sec this turn | 300 sec total\n|\n|t:|1783564460\n|move|p2a: Phione|Scald|p1a: Porygon2\n|-crit|p1a: Porygon2\n|-damage|p1a: Porygon2|0 fnt\n|faint|p1a: Porygon2\n|\n|-heal|p2a: Phione|18/100|[from] item: Leftovers\n|upkeep\n|inactive|Time left: 300 sec this turn | 300 sec total | 5 sec grace\n|\n|t:|1783564461\n|switch|p1a: Gyarados|Gyarados, L79, M|280/280\n|turn|29\n|inactive|Time left: 300 sec this turn | 300 sec total\n|\n|t:|1783564462\n|move|p2a: Phione|Scald|p1a: Gyarados\n|-resisted|p1a: Gyarados\n|-damage|p1a: Gyarados|239/280\n|-status|p1a: Gyarados|brn\n|move|p1a: Gyarados|Dragon Dance|p1a: Gyarados\n|-boost|p1a: Gyarados|atk|1\n|-boost|p1a: Gyarados|spe|1\n|\n|-heal|p2a: Phione|24/100|[from] item: Leftovers\n|-damage|p1a: Gyarados|222/280 brn|[from] brn\n|upkeep\n|turn|30\n|inactive|Time left: 300 sec this turn | 300 sec total\n|\n|t:|1783564463\n|move|p1a: Gyarados|Dragon Dance|p1a: Gyarados\n|-boost|p1a: Gyarados|atk|1\n|-boost|p1a: Gyarados|spe|1\n|move|p2a: Phione|Rest|p2a: Phione\n|-status|p2a: Phione|slp|[from] move: Rest\n|-heal|p2a: Phione|100/100 slp|[silent]\n|\n|-damage|p1a: Gyarados|205/280 brn|[from] brn\n|upkeep\n|turn|31\n|inactive|Time left: 300 sec this turn | 300 sec total\n|\n|t:|1783564464\n|move|p1a: Gyarados|Earthquake|p2a: Phione\n|-damage|p2a: Phione|77/100 slp\n|cant|p2a: Phione|slp\n|move|p2a: Phione|Sleep Talk|p2a: Phione\n|move|p2a: Phione|Rest||[from] move: Sleep Talk|[still]\n|-fail|p2a: Phione\n|\n|-heal|p2a: Phione|83/100 slp|[from] item: Leftovers\n|-damage|p1a: Gyarados|188/280 brn|[from] brn\n|upkeep\n|turn|32\n|inactive|Time left: 300 sec this turn | 300 sec total\n|\n|t:|1783564465\n|move|p1a: Gyarados|Dragon Dance|p1a: Gyarados\n|-boost|p1a: Gyarados|atk|1\n|-boost|p1a: Gyarados|spe|1\n|cant|p2a: Phione|slp\n|move|p2a: Phione|Sleep Talk|p2a: Phione\n|move|p2a: Phione|Take Heart|p2a: Phione|[from] move: Sleep Talk\n|-boost|p2a: Phione|spa|1\n|-boost|p2a: Phione|spd|1\n|-curestatus|p2a: Phione|slp|[msg]\n|\n|-heal|p2a: Phione|89/100|[from] item: Leftovers\n|-damage|p1a: Gyarados|171/280 brn|[from] brn\n|upkeep\n|turn|33\n|inactive|Time left: 300 sec this turn | 300 sec total\n|\n|t:|1783564466\n|move|p1a: Gyarados|Waterfall|p2a: Phione\n|-resisted|p2a: Phione\n|-damage|p2a: Phione|70/100\n|cant|p2a: Phione|flinch\n|\n|-heal|p2a: Phione|76/100|[from] item: Leftovers\n|-damage|p1a: Gyarados|154/280 brn|[from] brn\n|upkeep\n|turn|34\n|inactive|Time left: 300 sec this turn | 300 sec total\n|\n|t:|1783564467\n|move|p1a: Gyarados|Waterfall|p2a: Phione\n|-resisted|p2a: Phione\n|-damage|p2a: Phione|58/100\n|move|p2a: Phione|Scald|p1a: Gyarados\n|-resisted|p1a: Gyarados\n|-damage|p1a: Gyarados|98/280 brn\n|\n|-heal|p2a: Phione|64/100|[from] item: Leftovers\n|-damage|p1a: Gyarados|81/280 brn|[from] brn\n|upkeep\n|turn|35\n|inactive|Time left: 300 sec this turn | 300 sec total\n|\n|t:|1783564468\n|move|p1a: Gyarados|Earthquake|p2a: Phione\n|-damage|p2a: Phione|30/100\n|move|p2a: Phione|Scald|p1a: Gyarados\n|-resisted|p1a: Gyarados\n|-damage|p1a: Gyarados|21/280 brn\n|\n|-heal|p2a: Phione|36/100|[from] item: Leftovers\n|-damage|p1a: Gyarados|4/280 brn|[from] brn\n|upkeep\n|turn|36\n|inactive|Time left: 300 sec this turn | 300 sec total\n|\n|t:|1783564469\n|move|p1a: Gyarados|Earthquake|p2a: Phione\n|-damage|p2a: Phione|5/100\n|move|p2a: Phione|Rest|p2a: Phione\n|-status|p2a: Phione|slp|[from] move: Rest\n|-heal|p2a: Phione|100/100 slp|[silent]\n|\n|-damage|p1a: Gyarados|0 fnt|[from] brn\n|faint|p1a: Gyarados\n|upkeep\n|inactive|Time left: 300 sec this turn | 300 sec total | 5 sec grace\n|\n|t:|1783564470\n|switch|p1a: Revavroom|Revavroom, L79, F|256/256\n|turn|37\n|inactive|Time left: 300 sec this turn | 300 sec total\n|\n|t:|1783564472\n|cant|p2a: Phione|slp\n|move|p2a: Phione|Sleep Talk|p2a: Phione\n|move|p2a: Phione|Rest||[from] move: Sleep Talk|[still]\n|-fail|p2a: Phione\n|move|p1a: Revavroom|Shift Gear|p1a: Revavroom\n|-boost|p1a: Revavroom|spe|2\n|-boost|p1a: Revavroom|atk|1\n|\n|upkeep\n|turn|38\n|inactive|Time left: 300 sec this turn | 300 sec total\n|\n|t:|1783564473\n|move|p1a: Revavroom|Shift Gear|p1a: Revavroom\n|-boost|p1a: Revavroom|spe|2\n|-boost|p1a: Revavroom|atk|1\n|cant|p2a: Phione|slp\n|move|p2a: Phione|Sleep Talk|p2a: Phione\n|move|p2a: Phione|Take Heart|p2a: Phione|[from] move: Sleep Talk\n|-boost|p2a: Phione|spa|1\n|-boost|p2a: Phione|spd|1\n|-curestatus|p2a: Phione|slp|[msg]\n|\n|upkeep\n|turn|39\n|inactive|Time left: 300 sec this turn | 300 sec total\n|\n|t:|1783564474\n|move|p1a: Revavroom|Gunk Shot|p2a: Phione\n|-damage|p2a: Phione|0 fnt\n|faint|p2a: Phione\n|-damage|p1a: Revavroom|231/256|[from] item: Life Orb\n|\n|upkeep\n|\n|t:|1783564474\n|switch|p2a: Metagross|Metagross, L79|64/100\n|-damage|p2a: Metagross|58/100|[from] Stealth Rock\n|turn|40\n|inactive|Time left: 300 sec this turn | 300 sec total\n|\n|t:|1783564476\n|-terastallize|p2a: Metagross|Water\n|move|p1a: Revavroom|High Horsepower|p2a: Metagross\n|-damage|p2a: Metagross|3/100\n|-damage|p1a: Revavroom|206/256|[from] item: Life Orb\n|move|p2a: Metagross|Earthquake|p1a: Revavroom\n|-supereffective|p1a: Revavroom\n|-damage|p1a: Revavroom|0 fnt\n|faint|p1a: Revavroom\n|\n|upkeep\n|inactive|Time left: 300 sec this turn | 300 sec total | 5 sec grace\n|\n|t:|1783564477\n|switch|p1a: Maushold|Maushold, L76|238/238\n|turn|41\n|inactive|Time left: 300 sec this turn | 300 sec total\n|\n|t:|1783564478\n|move|p1a: Maushold|Bite|p2a: Metagross\n|-damage|p2a: Metagross|0 fnt\n|faint|p2a: Metagross\n|\n|upkeep\n|\n|t:|1783564479\n|switch|p2a: Oricorio|Oricorio-Sensu, L85, F|59/100\n|turn|42\n|inactive|Time left: 300 sec this turn | 300 sec total\n|\n|t:|1783564480\n|move|p1a: Maushold|Bite|p2a: Oricorio\n|-supereffective|p2a: Oricorio\n|-damage|p2a: Oricorio|22/100\n|move|p2a: Oricorio|Hurricane|p1a: Maushold|[miss]\n|-miss|p2a: Oricorio|p1a: Maushold\n|\n|upkeep\n|turn|43\n|inactive|Time left: 300 sec this turn | 300 sec total\n|\n|t:|1783564481\n|switch|p2a: Mismagius|Mismagius, L86, M|15/100\n|-damage|p2a: Mismagius|3/100|[from] Stealth Rock\n|move|p1a: Maushold|Bite|p2a: Mismagius\n|-supereffective|p2a: Mismagius\n|-damage|p2a: Mismagius|0 fnt\n|faint|p2a: Mismagius\n|\n|upkeep\n|\n|t:|1783564482\n|switch|p2a: Oricorio|Oricorio-Sensu, L85, F|22/100\n|turn|44\n|inactive|Time left: 300 sec this turn | 300 sec total\n|\n|t:|1783564483\n|switch|p2a: Vivillon|Vivillon-Continental, L83, F|100/100\n|move|p1a: Maushold|Bite|p2a: Vivillon\n|-damage|p2a: Vivillon|77/100\n|\n|upkeep\n|turn|45\n|inactive|Time left: 300 sec this turn | 300 sec total\n|\n|t:|1783564484\n|switch|p2a: Oricorio|Oricorio-Sensu, L85, F|22/100\n|move|p1a: Maushold|Population Bomb|p2a: Oricorio\n|-immune|p2a: Oricorio\n|\n|upkeep\n|turn|46\n|inactive|Time left: 300 sec this turn | 300 sec total\n|\n|t:|1783564485\n|switch|p2a: Vivillon|Vivillon-Continental, L83, F|77/100\n|move|p1a: Maushold|Bite|p2a: Vivillon\n|-damage|p2a: Vivillon|55/100\n|\n|upkeep\n|turn|47\n|inactive|Time left: 300 sec this turn | 300 sec total\n|\n|t:|1783564486\n|switch|p2a: Oricorio|Oricorio-Sensu, L85, F|22/100\n|move|p1a: Maushold|Population Bomb|p2a: Oricorio\n|-immune|p2a: Oricorio\n|\n|upkeep\n|turn|48\n|inactive|Time left: 300 sec this turn | 300 sec total\n|\n|t:|1783564487\n|switch|p2a: Vivillon|Vivillon-Continental, L83, F|55/100\n|move|p1a: Maushold|Bite|p2a: Vivillon\n|-damage|p2a: Vivillon|29/100\n|\n|upkeep\n|turn|49\n|inactive|Time left: 300 sec this turn | 300 sec total\n|\n|t:|1783564488\n|switch|p2a: Oricorio|Oricorio-Sensu, L85, F|22/100\n|move|p1a: Maushold|Population Bomb|p2a: Oricorio\n|-immune|p2a: Oricorio\n|\n|upkeep\n|turn|50\n|inactive|Time left: 300 sec this turn | 300 sec total\n|\n|t:|1783564489\n|switch|p2a: Vivillon|Vivillon-Continental, L83, F|29/100\n|move|p1a: Maushold|Bite|p2a: Vivillon\n|-damage|p2a: Vivillon|3/100\n|\n|upkeep\n|turn|51\n|inactive|Time left: 300 sec this turn | 300 sec total\n|\n|t:|1783564490\n|switch|p2a: Oricorio|Oricorio-Sensu, L85, F|22/100\n|move|p1a: Maushold|Bite|p2a: Oricorio\n|-supereffective|p2a: Oricorio\n|-damage|p2a: Oricorio|0 fnt\n|faint|p2a: Oricorio\n|\n|upkeep\n|\n|t:|1783564491\n|switch|p2a: Vivillon|Vivillon-Continental, L83, F|3/100\n|turn|52\n|inactive|Time left: 300 sec this turn | 300 sec total\n|\n|t:|1783564491\n|move|p1a: Maushold|Bite|p2a: Vivillon\n|-damage|p2a: Vivillon|0 fnt\n|faint|p2a: Vivillon\n|\n|win|p0x2110ed75", "uploadtime": 1783564491, "views": 0, "rating": 0, "private": 0, "password": null, "_winner": "p0x2110ed75", "_our_name": "p0x2110ed75"}