{"id": "battle-gen9randombattle-2931", "formatid": "gen9randombattle", "format": "[Gen 9] Random Battle", "players": ["p0x2931bb45", "p0y293118a6"], "log": "|init|battle\n|title|p0x2931bb45 vs. p0y293118a6\n|j|\u2606p0x2931bb45\n|j|\u2606p0y293118a6\n|t:|1783573742\n|gametype|singles\n|player|p1|p0x2931bb45|1|\n|player|p2|p0y293118a6|2|\n|gen|9\n|tier|[Gen 9] Random Battle\n|rule|Species Clause: Limit one of each Pok\u00e9mon\n|rule|HP Percentage Mod: HP is shown in percentages\n|rule|Sleep Clause Mod: Limit one foe put to sleep\n|rule|Illusion Level Mod: Illusion disguises the Pok\u00e9mon's true level\n|\n|t:|1783573742\n|teamsize|p1|6\n|teamsize|p2|6\n|start\n|switch|p1a: Raichu|Raichu, L88, M|249/249\n|switch|p2a: Tyranitar|Tyranitar, L78, M|100/100\n|-weather|Sandstorm|[from] ability: Sand Stream|[of] p2a: Tyranitar\n|turn|1\n|inactive|Battle timer is ON: inactive players will automatically lose when time's up. (requested by p0x2931bb45)\n|inactive|p0y293118a6 also wants the timer to be on.\n|\n|t:|1783573744\n|switch|p1a: Skarmory|Skarmory, L80, M|235/235\n|move|p2a: Tyranitar|Knock Off|p1a: Skarmory\n|-damage|p1a: Skarmory|145/235\n|-enditem|p1a: Skarmory|Leftovers|[from] move: Knock Off|[of] p2a: Tyranitar\n|\n|-weather|Sandstorm|[upkeep]\n|upkeep\n|turn|2\n|inactive|Time left: 300 sec this turn | 300 sec total\n|\n|t:|1783573745\n|move|p1a: Skarmory|Stealth Rock|p2a: Tyranitar\n|-sidestart|p2: p0y293118a6|move: Stealth Rock\n|move|p2a: Tyranitar|Stealth Rock|p1a: Skarmory\n|-sidestart|p1: p0x2931bb45|move: Stealth Rock\n|\n|-weather|Sandstorm|[upkeep]\n|upkeep\n|turn|3\n|inactive|Time left: 300 sec this turn | 300 sec total\n|\n|t:|1783573746\n|move|p1a: Skarmory|Roost|p1a: Skarmory\n|-heal|p1a: Skarmory|235/235\n|-singleturn|p1a: Skarmory|move: Roost\n|move|p2a: Tyranitar|Knock Off|p1a: Skarmory\n|-damage|p1a: Skarmory|180/235\n|\n|-weather|Sandstorm|[upkeep]\n|upkeep\n|turn|4\n|inactive|Time left: 300 sec this turn | 300 sec total\n|\n|t:|1783573747\n|move|p1a: Skarmory|Roost|p1a: Skarmory\n|-heal|p1a: Skarmory|235/235\n|-singleturn|p1a: Skarmory|move: Roost\n|move|p2a: Tyranitar|Knock Off|p1a: Skarmory\n|-damage|p1a: Skarmory|178/235\n|\n|-weather|Sandstorm|[upkeep]\n|upkeep\n|turn|5\n|inactive|Time left: 300 sec this turn | 300 sec total\n|\n|t:|1783573748\n|move|p1a: Skarmory|Roost|p1a: Skarmory\n|-heal|p1a: Skarmory|235/235\n|-singleturn|p1a: Skarmory|move: Roost\n|move|p2a: Tyranitar|Stone Edge|p1a: Skarmory\n|-resisted|p1a: Skarmory\n|-damage|p1a: Skarmory|195/235\n|\n|-weather|none\n|upkeep\n|turn|6\n|inactive|Time left: 300 sec this turn | 300 sec total\n|\n|t:|1783573749\n|move|p1a: Skarmory|Brave Bird|p2a: Tyranitar\n|-resisted|p2a: Tyranitar\n|-damage|p2a: Tyranitar|84/100\n|-damage|p1a: Skarmory|180/235|[from] Recoil\n|move|p2a: Tyranitar|Stone Edge|p1a: Skarmory|[miss]\n|-miss|p2a: Tyranitar|p1a: Skarmory\n|\n|-heal|p2a: Tyranitar|90/100|[from] item: Leftovers\n|upkeep\n|turn|7\n|inactive|Time left: 300 sec this turn | 300 sec total\n|\n|t:|1783573750\n|move|p1a: Skarmory|Brave Bird|p2a: Tyranitar\n|-resisted|p2a: Tyranitar\n|-damage|p2a: Tyranitar|74/100\n|-damage|p1a: Skarmory|165/235|[from] Recoil\n|move|p2a: Tyranitar|Knock Off|p1a: Skarmory\n|-damage|p1a: Skarmory|108/235\n|\n|-heal|p2a: Tyranitar|80/100|[from] item: Leftovers\n|upkeep\n|turn|8\n|inactive|Time left: 300 sec this turn | 300 sec total\n|\n|t:|1783573752\n|move|p1a: Skarmory|Roost|p1a: Skarmory\n|-heal|p1a: Skarmory|226/235\n|-singleturn|p1a: Skarmory|move: Roost\n|move|p2a: Tyranitar|Knock Off|p1a: Skarmory\n|-damage|p1a: Skarmory|172/235\n|\n|-heal|p2a: Tyranitar|86/100|[from] item: Leftovers\n|upkeep\n|turn|9\n|inactive|Time left: 300 sec this turn | 300 sec total\n|\n|t:|1783573753\n|move|p1a: Skarmory|Roost|p1a: Skarmory\n|-heal|p1a: Skarmory|235/235\n|-singleturn|p1a: Skarmory|move: Roost\n|move|p2a: Tyranitar|Knock Off|p1a: Skarmory\n|-crit|p1a: Skarmory\n|-damage|p1a: Skarmory|144/235\n|\n|-heal|p2a: Tyranitar|92/100|[from] item: Leftovers\n|upkeep\n|turn|10\n|inactive|Time left: 300 sec this turn | 300 sec total\n|\n|t:|1783573754\n|move|p1a: Skarmory|Roost|p1a: Skarmory\n|-heal|p1a: Skarmory|235/235\n|-singleturn|p1a: Skarmory|move: Roost\n|move|p2a: Tyranitar|Knock Off|p1a: Skarmory\n|-damage|p1a: Skarmory|177/235\n|\n|-heal|p2a: Tyranitar|98/100|[from] item: Leftovers\n|upkeep\n|turn|11\n|inactive|Time left: 300 sec this turn | 300 sec total\n|\n|t:|1783573755\n|switch|p2a: Drifblim|Drifblim, L86, F|100/100\n|-damage|p2a: Drifblim|75/100|[from] Stealth Rock\n|move|p1a: Skarmory|Roost|p1a: Skarmory\n|-heal|p1a: Skarmory|235/235\n|-singleturn|p1a: Skarmory|move: Roost\n|\n|upkeep\n|turn|12\n|inactive|Time left: 300 sec this turn | 300 sec total\n|\n|t:|1783573756\n|switch|p1a: Raichu|Raichu, L88, M|249/249\n|move|p2a: Drifblim|Strength Sap|p1a: Raichu\n|-unboost|p1a: Raichu|atk|1\n|-heal|p2a: Drifblim|100/100\n|\n|upkeep\n|turn|13\n|inactive|Time left: 300 sec this turn | 300 sec total\n|\n|t:|1783573757\n|move|p1a: Raichu|Thunderbolt|p2a: Drifblim\n|-supereffective|p2a: Drifblim\n|-damage|p2a: Drifblim|25/100\n|-enditem|p2a: Drifblim|Sitrus Berry|[eat]\n|-heal|p2a: Drifblim|50/100|[from] item: Sitrus Berry\n|move|p2a: Drifblim|Shadow Ball|p1a: Raichu\n|-damage|p1a: Raichu|168/249\n|\n|upkeep\n|turn|14\n|inactive|Time left: 300 sec this turn | 300 sec total\n|\n|t:|1783573758\n|move|p2a: Drifblim|Calm Mind|p2a: Drifblim\n|-boost|p2a: Drifblim|spa|1\n|-boost|p2a: Drifblim|spd|1\n|move|p1a: Raichu|Thunderbolt|p2a: Drifblim\n|-supereffective|p2a: Drifblim\n|-damage|p2a: Drifblim|5/100\n|\n|upkeep\n|turn|15\n|inactive|Time left: 300 sec this turn | 300 sec total\n|\n|t:|1783573759\n|move|p2a: Drifblim|Shadow Ball|p1a: Raichu\n|-damage|p1a: Raichu|41/249\n|move|p1a: Raichu|Volt Switch|p2a: Drifblim\n|-supereffective|p2a: Drifblim\n|-damage|p2a: Drifblim|0 fnt\n|faint|p2a: Drifblim\n|inactive|Time left: 300 sec this turn | 300 sec total | 5 sec grace\n|\n|t:|1783573760\n|switch|p1a: Decidueye|Decidueye, L88, M|281/281|[from] Volt Switch\n|-damage|p1a: Decidueye|246/281|[from] Stealth Rock\n|\n|upkeep\n|\n|t:|1783573761\n|switch|p2a: Hoopa|Hoopa-Unbound, L80|100/100\n|-damage|p2a: Hoopa|88/100|[from] Stealth Rock\n|turn|16\n|inactive|Time left: 300 sec this turn | 300 sec total\n|\n|t:|1783573762\n|switch|p1a: Honchkrow|Honchkrow, L86, F|312/312\n|move|p2a: Hoopa|Hyperspace Fury|p1a: Honchkrow\n|-resisted|p1a: Honchkrow\n|-damage|p1a: Honchkrow|154/312\n|-unboost|p2a: Hoopa|def|1\n|\n|upkeep\n|turn|17\n|inactive|Time left: 300 sec this turn | 300 sec total\n|\n|t:|1783573763\n|-terastallize|p2a: Hoopa|Dark\n|move|p1a: Honchkrow|Sucker Punch|p2a: Hoopa\n|-resisted|p2a: Hoopa\n|-damage|p2a: Hoopa|47/100\n|move|p2a: Hoopa|Hyperspace Fury|p1a: Honchkrow\n|-resisted|p1a: Honchkrow\n|-damage|p1a: Honchkrow|0 fnt\n|-unboost|p2a: Hoopa|def|1\n|faint|p1a: Honchkrow\n|\n|upkeep\n|inactive|Time left: 300 sec this turn | 300 sec total | 5 sec grace\n|\n|t:|1783573764\n|switch|p1a: Entei|Entei, L78|307/307\n|-damage|p1a: Entei|231/307|[from] Stealth Rock\n|turn|18\n|inactive|Time left: 300 sec this turn | 300 sec total\n|\n|t:|1783573765\n|switch|p2a: Tyranitar|Tyranitar, L78, M|98/100\n|-damage|p2a: Tyranitar|86/100|[from] Stealth Rock\n|-weather|Sandstorm|[from] ability: Sand Stream|[of] p2a: Tyranitar\n|move|p1a: Entei|Sacred Fire|p2a: Tyranitar\n|-resisted|p2a: Tyranitar\n|-damage|p2a: Tyranitar|63/100\n|\n|-weather|Sandstorm|[upkeep]\n|-damage|p1a: Entei|212/307|[from] Sandstorm\n|-heal|p2a: Tyranitar|69/100|[from] item: Leftovers\n|upkeep\n|turn|19\n|inactive|Time left: 300 sec this turn | 300 sec total\n|\n|t:|1783573766\n|move|p1a: Entei|Sacred Fire|p2a: Tyranitar\n|-resisted|p2a: Tyranitar\n|-damage|p2a: Tyranitar|44/100\n|move|p2a: Tyranitar|Stone Edge|p1a: Entei\n|-supereffective|p1a: Entei\n|-damage|p1a: Entei|0 fnt\n|faint|p1a: Entei\n|\n|-weather|Sandstorm|[upkeep]\n|-heal|p2a: Tyranitar|50/100|[from] item: Leftovers\n|upkeep\n|inactive|Time left: 300 sec this turn | 300 sec total | 5 sec grace\n|\n|t:|1783573767\n|switch|p1a: Decidueye|Decidueye, L88, M|246/281\n|-damage|p1a: Decidueye|211/281|[from] Stealth Rock\n|turn|20\n|inactive|Time left: 300 sec this turn | 300 sec total\n|\n|t:|1783573768\n|move|p1a: Decidueye|Leaf Blade|p2a: Tyranitar\n|-supereffective|p2a: Tyranitar\n|-damage|p2a: Tyranitar|0 fnt\n|faint|p2a: Tyranitar\n|-damage|p1a: Decidueye|183/281|[from] item: Life Orb\n|\n|-weather|Sandstorm|[upkeep]\n|-damage|p1a: Decidueye|166/281|[from] Sandstorm\n|upkeep\n|\n|t:|1783573769\n|switch|p2a: Hoopa|Hoopa-Unbound, L80, tera:Dark|47/100\n|-damage|p2a: Hoopa|34/100|[from] Stealth Rock\n|turn|21\n|inactive|Time left: 300 sec this turn | 300 sec total\n|\n|t:|1783573770\n|switch|p1a: Raichu|Raichu, L88, M|41/249\n|move|p2a: Hoopa|Hyperspace Fury|p1a: Raichu\n|-damage|p1a: Raichu|0 fnt\n|-unboost|p2a: Hoopa|def|1\n|faint|p1a: Raichu\n|\n|-weather|Sandstorm|[upkeep]\n|-damage|p2a: Hoopa|28/100|[from] Sandstorm\n|upkeep\n|inactive|Time left: 300 sec this turn | 300 sec total | 5 sec grace\n|\n|t:|1783573771\n|switch|p1a: Scovillain|Scovillain, L91, F|266/266\n|-damage|p1a: Scovillain|200/266|[from] Stealth Rock\n|turn|22\n|inactive|Time left: 300 sec this turn | 300 sec total\n|\n|t:|1783573772\n|move|p1a: Scovillain|Flamethrower|p2a: Hoopa\n|-damage|p2a: Hoopa|0 fnt\n|faint|p2a: Hoopa\n|\n|-weather|none\n|-heal|p1a: Scovillain|216/266|[from] item: Leftovers\n|upkeep\n|\n|t:|1783573772\n|switch|p2a: Zapdos|Zapdos-Galar, L77|100/100\n|-damage|p2a: Zapdos|88/100|[from] Stealth Rock\n|turn|23\n|inactive|Time left: 300 sec this turn | 300 sec total\n|\n|t:|1783573773\n|move|p1a: Scovillain|Protect|p1a: Scovillain\n|-singleturn|p1a: Scovillain|Protect\n|move|p2a: Zapdos|Brave Bird|p1a: Scovillain\n|-activate|p1a: Scovillain|move: Protect\n|\n|-heal|p1a: Scovillain|232/266|[from] item: Leftovers\n|upkeep\n|turn|24\n|inactive|Time left: 300 sec this turn | 300 sec total\n|\n|t:|1783573774\n|-terastallize|p1a: Scovillain|Steel\n|move|p2a: Zapdos|Brave Bird|p1a: Scovillain\n|-resisted|p1a: Scovillain\n|-damage|p1a: Scovillain|141/266\n|-damage|p2a: Zapdos|77/100|[from] Recoil\n|-damage|p2a: Zapdos|67/100|[from] item: Life Orb\n|move|p1a: Scovillain|Flamethrower|p2a: Zapdos\n|-damage|p2a: Zapdos|16/100\n|\n|-heal|p1a: Scovillain|157/266|[from] item: Leftovers\n|upkeep\n|turn|25\n|inactive|Time left: 300 sec this turn | 300 sec total\n|\n|t:|1783573776\n|move|p1a: Scovillain|Protect|p1a: Scovillain\n|-singleturn|p1a: Scovillain|Protect\n|move|p2a: Zapdos|Close Combat|p1a: Scovillain\n|-activate|p1a: Scovillain|move: Protect\n|\n|-heal|p1a: Scovillain|173/266|[from] item: Leftovers\n|upkeep\n|turn|26\n|inactive|Time left: 300 sec this turn | 300 sec total\n|\n|t:|1783573777\n|switch|p1a: Decidueye|Decidueye, L88, M|166/281\n|-damage|p1a: Decidueye|131/281|[from] Stealth Rock\n|move|p2a: Zapdos|Close Combat|p1a: Decidueye\n|-immune|p1a: Decidueye\n|\n|upkeep\n|turn|27\n|inactive|Time left: 300 sec this turn | 300 sec total\n|\n|t:|1783573778\n|move|p1a: Decidueye|Shadow Sneak|p2a: Zapdos\n|-damage|p2a: Zapdos|0 fnt\n|faint|p2a: Zapdos\n|-damage|p1a: Decidueye|103/281|[from] item: Life Orb\n|\n|upkeep\n|\n|t:|1783573779\n|switch|p2a: Meganium|Meganium, L90, M|100/100\n|-damage|p2a: Meganium|88/100|[from] Stealth Rock\n|turn|28\n|inactive|Time left: 300 sec this turn | 300 sec total\n|\n|t:|1783573780\n|switch|p1a: Skarmory|Skarmory, L80, M|235/235\n|-damage|p1a: Skarmory|206/235|[from] Stealth Rock\n|move|p2a: Meganium|Knock Off|p1a: Skarmory\n|-damage|p1a: Skarmory|170/235\n|\n|-heal|p2a: Meganium|94/100|[from] item: Leftovers\n|upkeep\n|turn|29\n|inactive|Time left: 300 sec this turn | 300 sec total\n|\n|t:|1783573781\n|switch|p2a: Regieleki|Regieleki, L79|100/100\n|-damage|p2a: Regieleki|88/100|[from] Stealth Rock\n|move|p1a: Skarmory|Brave Bird|p2a: Regieleki\n|-resisted|p2a: Regieleki\n|-damage|p2a: Regieleki|57/100\n|-damage|p1a: Skarmory|144/235|[from] Recoil\n|\n|upkeep\n|turn|30\n|inactive|Time left: 300 sec this turn | 300 sec total\n|\n|t:|1783573782\n|switch|p1a: Decidueye|Decidueye, L88, M|103/281\n|-damage|p1a: Decidueye|68/281|[from] Stealth Rock\n|move|p2a: Regieleki|Volt Switch|p1a: Decidueye\n|-resisted|p1a: Decidueye\n|-damage|p1a: Decidueye|26/281\n|\n|t:|1783573783\n|switch|p2a: Meganium|Meganium, L90, M|94/100|[from] Volt Switch\n|-damage|p2a: Meganium|82/100|[from] Stealth Rock\n|\n|-heal|p2a: Meganium|88/100|[from] item: Leftovers\n|upkeep\n|turn|31\n|inactive|Time left: 300 sec this turn | 300 sec total\n|\n|t:|1783573784\n|move|p1a: Decidueye|Shadow Sneak|p2a: Meganium\n|-damage|p2a: Meganium|69/100\n|-damage|p1a: Decidueye|0 fnt|[from] item: Life Orb\n|faint|p1a: Decidueye\n|move|p2a: Meganium|Swords Dance|p2a: Meganium\n|-boost|p2a: Meganium|atk|2\n|\n|-heal|p2a: Meganium|75/100|[from] item: Leftovers\n|upkeep\n|inactive|Time left: 300 sec this turn | 300 sec total | 5 sec grace\n|\n|t:|1783573785\n|switch|p1a: Skarmory|Skarmory, L80, M|144/235\n|-damage|p1a: Skarmory|115/235|[from] Stealth Rock\n|turn|32\n|inactive|Time left: 300 sec this turn | 300 sec total\n|\n|t:|1783573786\n|move|p2a: Meganium|Knock Off|p1a: Skarmory\n|-crit|p1a: Skarmory\n|-damage|p1a: Skarmory|9/235\n|move|p1a: Skarmory|Roost|p1a: Skarmory\n|-heal|p1a: Skarmory|127/235\n|-singleturn|p1a: Skarmory|move: Roost\n|\n|-heal|p2a: Meganium|81/100|[from] item: Leftovers\n|upkeep\n|turn|33\n|inactive|Time left: 300 sec this turn | 300 sec total\n|\n|t:|1783573787\n|move|p2a: Meganium|Knock Off|p1a: Skarmory\n|-damage|p1a: Skarmory|65/235\n|move|p1a: Skarmory|Whirlwind|p2a: Meganium\n|drag|p2a: Regieleki|Regieleki, L79|57/100\n|-damage|p2a: Regieleki|45/100|[from] Stealth Rock\n|\n|upkeep\n|turn|34\n|inactive|Time left: 300 sec this turn | 300 sec total\n|\n|t:|1783573787\n|switch|p1a: Scovillain|Scovillain, L91, F, tera:Steel|173/266\n|-damage|p1a: Scovillain|157/266|[from] Stealth Rock\n|move|p2a: Regieleki|Volt Switch|p1a: Scovillain\n|-damage|p1a: Scovillain|33/266\n|\n|t:|1783573788\n|switch|p2a: Meganium|Meganium, L90, M|81/100|[from] Volt Switch\n|-damage|p2a: Meganium|69/100|[from] Stealth Rock\n|\n|-heal|p2a: Meganium|75/100|[from] item: Leftovers\n|-heal|p1a: Scovillain|49/266|[from] item: Leftovers\n|upkeep\n|turn|35\n|inactive|Time left: 300 sec this turn | 300 sec total\n|\n|t:|1783573789\n|move|p1a: Scovillain|Protect|p1a: Scovillain\n|-singleturn|p1a: Scovillain|Protect\n|move|p2a: Meganium|Knock Off|p1a: Scovillain\n|-activate|p1a: Scovillain|move: Protect\n|\n|-heal|p2a: Meganium|81/100|[from] item: Leftovers\n|-heal|p1a: Scovillain|65/266|[from] item: Leftovers\n|upkeep\n|turn|36\n|inactive|Time left: 300 sec this turn | 300 sec total\n|\n|t:|1783573790\n|move|p1a: Scovillain|Protect|p1a: Scovillain\n|-singleturn|p1a: Scovillain|Protect\n|move|p2a: Meganium|Knock Off|p1a: Scovillain\n|-activate|p1a: Scovillain|move: Protect\n|\n|-heal|p2a: Meganium|87/100|[from] item: Leftovers\n|-heal|p1a: Scovillain|81/266|[from] item: Leftovers\n|upkeep\n|turn|37\n|inactive|Time left: 300 sec this turn | 300 sec total\n|\n|t:|1783573791\n|switch|p1a: Skarmory|Skarmory, L80, M|65/235\n|-damage|p1a: Skarmory|36/235|[from] Stealth Rock\n|move|p2a: Meganium|Earthquake|p1a: Skarmory\n|-immune|p1a: Skarmory\n|\n|-heal|p2a: Meganium|94/100|[from] item: Leftovers\n|upkeep\n|turn|38\n|inactive|Time left: 300 sec this turn | 300 sec total\n|\n|t:|1783573792\n|move|p2a: Meganium|Knock Off|p1a: Skarmory\n|-damage|p1a: Skarmory|3/235\n|move|p1a: Skarmory|Stealth Rock||[still]\n|-fail|p1a: Skarmory\n|\n|-heal|p2a: Meganium|99/100|[from] item: Leftovers\n|upkeep\n|turn|39\n|inactive|Time left: 300 sec this turn | 300 sec total\n|\n|t:|1783573792\n|move|p2a: Meganium|Knock Off|p1a: Skarmory\n|-damage|p1a: Skarmory|0 fnt\n|faint|p1a: Skarmory\n|\n|-heal|p2a: Meganium|100/100|[from] item: Leftovers\n|upkeep\n|inactive|Time left: 300 sec this turn | 300 sec total | 5 sec grace\n|\n|t:|1783573793\n|switch|p1a: Scovillain|Scovillain, L91, F, tera:Steel|81/266\n|-damage|p1a: Scovillain|65/266|[from] Stealth Rock\n|turn|40\n|inactive|Time left: 300 sec this turn | 300 sec total\n|\n|t:|1783573794\n|move|p1a: Scovillain|Protect|p1a: Scovillain\n|-singleturn|p1a: Scovillain|Protect\n|move|p2a: Meganium|Knock Off|p1a: Scovillain\n|-activate|p1a: Scovillain|move: Protect\n|\n|-heal|p1a: Scovillain|81/266|[from] item: Leftovers\n|upkeep\n|turn|41\n|inactive|Time left: 300 sec this turn | 300 sec total\n|\n|t:|1783573795\n|move|p1a: Scovillain|Protect||[still]\n|-fail|p1a: Scovillain\n|move|p2a: Meganium|Earthquake|p1a: Scovillain\n|-supereffective|p1a: Scovillain\n|-damage|p1a: Scovillain|0 fnt\n|faint|p1a: Scovillain\n|\n|win|p0y293118a6", "uploadtime": 1783573795, "views": 0, "rating": 0, "private": 0, "password": null, "_winner": "p0y293118a6", "_our_name": "p0x2931bb45"}