{"id": "battle-gen9randombattle-933", "formatid": "gen9randombattle", "format": "[Gen 9] Random Battle", "players": ["p0x9333cfe", "p0y93376d0"], "log": "|init|battle\n|title|p0x9333cfe vs. p0y93376d0\n|j|\u2606p0x9333cfe\n|j|\u2606p0y93376d0\n|t:|1783550707\n|gametype|singles\n|player|p1|p0x9333cfe|169|\n|player|p2|p0y93376d0|102|\n|gen|9\n|tier|[Gen 9] Random Battle\n|rule|Species Clause: Limit one of each Pok\u00e9mon\n|rule|HP Percentage Mod: HP is shown in percentages\n|rule|Sleep Clause Mod: Limit one foe put to sleep\n|rule|Illusion Level Mod: Illusion disguises the Pok\u00e9mon's true level\n|\n|t:|1783550707\n|teamsize|p1|6\n|teamsize|p2|6\n|start\n|switch|p1a: Iron Valiant|Iron Valiant, L78|244/244\n|switch|p2a: Cetitan|Cetitan, L82, M|100/100\n|turn|1\n|inactive|Battle timer is ON: inactive players will automatically lose when time's up. (requested by p0x9333cfe)\n|inactive|p0y93376d0 also wants the timer to be on.\n|\n|t:|1783550708\n|move|p1a: Iron Valiant|Close Combat|p2a: Cetitan\n|-supereffective|p2a: Cetitan\n|-damage|p2a: Cetitan|0 fnt\n|-unboost|p1a: Iron Valiant|def|1\n|-unboost|p1a: Iron Valiant|spd|1\n|faint|p2a: Cetitan\n|-damage|p1a: Iron Valiant|220/244|[from] item: Life Orb\n|\n|upkeep\n|\n|t:|1783550710\n|switch|p2a: Magearna|Magearna-Original, L77|100/100\n|turn|2\n|inactive|Time left: 300 sec this turn | 300 sec total\n|\n|t:|1783550711\n|-end|p1a: Iron Valiant|Quark Drive|[silent]\n|switch|p1a: Groudon|Groudon, L72|263/263\n|-weather|SunnyDay|[from] ability: Drought|[of] p1a: Groudon\n|move|p2a: Magearna|Shift Gear|p2a: Magearna\n|-boost|p2a: Magearna|spe|2\n|-boost|p2a: Magearna|atk|1\n|\n|-weather|SunnyDay|[upkeep]\n|upkeep\n|turn|3\n|inactive|Time left: 300 sec this turn | 300 sec total\n|\n|t:|1783550712\n|-terastallize|p1a: Groudon|Fire\n|move|p2a: Magearna|Calm Mind|p2a: Magearna\n|-boost|p2a: Magearna|spa|1\n|-boost|p2a: Magearna|spd|1\n|move|p1a: Groudon|Heat Crash|p2a: Magearna\n|-supereffective|p2a: Magearna\n|-damage|p2a: Magearna|0 fnt\n|faint|p2a: Magearna\n|\n|-weather|SunnyDay|[upkeep]\n|upkeep\n|\n|t:|1783550713\n|switch|p2a: Regirock|Regirock, L83|100/100\n|turn|4\n|inactive|Time left: 300 sec this turn | 300 sec total\n|\n|t:|1783550714\n|move|p1a: Groudon|Swords Dance|p1a: Groudon\n|-boost|p1a: Groudon|atk|2\n|move|p2a: Regirock|Stone Edge|p1a: Groudon\n|-supereffective|p1a: Groudon\n|-damage|p1a: Groudon|81/263\n|\n|-weather|SunnyDay|[upkeep]\n|-heal|p1a: Groudon|97/263|[from] item: Leftovers\n|upkeep\n|turn|5\n|inactive|Time left: 300 sec this turn | 300 sec total\n|\n|t:|1783550715\n|-terastallize|p2a: Regirock|Fighting\n|move|p1a: Groudon|Precipice Blades|p2a: Regirock\n|-damage|p2a: Regirock|48/100\n|move|p2a: Regirock|Body Press|p1a: Groudon\n|-damage|p1a: Groudon|0 fnt\n|faint|p1a: Groudon\n|\n|-weather|SunnyDay|[upkeep]\n|upkeep\n|inactive|Time left: 300 sec this turn | 300 sec total | 5 sec grace\n|\n|t:|1783550716\n|switch|p1a: Iron Valiant|Iron Valiant, L78|220/244\n|turn|6\n|inactive|Time left: 300 sec this turn | 300 sec total\n|\n|t:|1783550717\n|switch|p2a: Gliscor|Gliscor, L76, M|100/100\n|move|p1a: Iron Valiant|Moonblast|p2a: Gliscor\n|-damage|p2a: Gliscor|24/100\n|-damage|p1a: Iron Valiant|196/244|[from] item: Life Orb\n|\n|-weather|none\n|-status|p2a: Gliscor|tox|[from] item: Toxic Orb\n|upkeep\n|turn|7\n|inactive|Time left: 300 sec this turn | 300 sec total\n|\n|t:|1783550718\n|move|p2a: Gliscor|Protect|p2a: Gliscor\n|-singleturn|p2a: Gliscor|Protect\n|move|p1a: Iron Valiant|Moonblast|p2a: Gliscor\n|-activate|p2a: Gliscor|move: Protect\n|\n|-heal|p2a: Gliscor|36/100 tox|[from] ability: Poison Heal\n|upkeep\n|turn|8\n|inactive|Time left: 300 sec this turn | 300 sec total\n|\n|t:|1783550719\n|switch|p2a: Glalie|Glalie, L96, M|100/100\n|move|p1a: Iron Valiant|Moonblast|p2a: Glalie\n|-damage|p2a: Glalie|63/100\n|-damage|p1a: Iron Valiant|172/244|[from] item: Life Orb\n|\n|upkeep\n|turn|9\n|inactive|Time left: 300 sec this turn | 300 sec total\n|\n|t:|1783550720\n|move|p1a: Iron Valiant|Close Combat|p2a: Glalie\n|-supereffective|p2a: Glalie\n|-damage|p2a: Glalie|0 fnt\n|-unboost|p1a: Iron Valiant|def|1\n|-unboost|p1a: Iron Valiant|spd|1\n|faint|p2a: Glalie\n|-damage|p1a: Iron Valiant|148/244|[from] item: Life Orb\n|\n|upkeep\n|\n|t:|1783550721\n|switch|p2a: Gliscor|Gliscor, L76, M|36/100 tox\n|turn|10\n|inactive|Time left: 300 sec this turn | 300 sec total\n|\n|t:|1783550722\n|move|p2a: Gliscor|Protect|p2a: Gliscor\n|-singleturn|p2a: Gliscor|Protect\n|move|p1a: Iron Valiant|Moonblast|p2a: Gliscor\n|-activate|p2a: Gliscor|move: Protect\n|\n|-heal|p2a: Gliscor|48/100 tox|[from] ability: Poison Heal\n|upkeep\n|turn|11\n|inactive|Time left: 300 sec this turn | 300 sec total\n|\n|t:|1783550723\n|move|p2a: Gliscor|Protect||[still]\n|-fail|p2a: Gliscor\n|move|p1a: Iron Valiant|Moonblast|p2a: Gliscor\n|-damage|p2a: Gliscor|0 fnt\n|faint|p2a: Gliscor\n|-damage|p1a: Iron Valiant|124/244|[from] item: Life Orb\n|\n|upkeep\n|\n|t:|1783550724\n|switch|p2a: Gurdurr|Gurdurr, L85, F|100/100\n|turn|12\n|inactive|Time left: 300 sec this turn | 300 sec total\n|\n|t:|1783550725\n|move|p1a: Iron Valiant|Moonblast|p2a: Gurdurr\n|-supereffective|p2a: Gurdurr\n|-crit|p2a: Gurdurr\n|-damage|p2a: Gurdurr|0 fnt\n|faint|p2a: Gurdurr\n|-damage|p1a: Iron Valiant|100/244|[from] item: Life Orb\n|\n|upkeep\n|\n|t:|1783550726\n|switch|p2a: Regirock|Regirock, L83, tera:Fighting|48/100\n|turn|13\n|inactive|Time left: 300 sec this turn | 300 sec total\n|\n|t:|1783550727\n|move|p1a: Iron Valiant|Moonblast|p2a: Regirock\n|-supereffective|p2a: Regirock\n|-damage|p2a: Regirock|0 fnt\n|faint|p2a: Regirock\n|-damage|p1a: Iron Valiant|76/244|[from] item: Life Orb\n|\n|win|p0x9333cfe", "uploadtime": 1783550727, "views": 0, "rating": 0, "private": 0, "password": null, "_winner": "p0x9333cfe", "_our_name": "p0x9333cfe"}