{"id": "battle-gen9randombattle-2458", "formatid": "gen9randombattle", "format": "[Gen 9] Random Battle", "players": ["p0x2458f0d2", "p0y24580136"], "log": "|init|battle\n|title|p0x2458f0d2 vs. p0y24580136\n|j|\u2606p0x2458f0d2\n|j|\u2606p0y24580136\n|t:|1783567523\n|gametype|singles\n|player|p1|p0x2458f0d2|266|\n|player|p2|p0y24580136|2|\n|gen|9\n|tier|[Gen 9] Random Battle\n|rule|Species Clause: Limit one of each Pok\u00e9mon\n|rule|HP Percentage Mod: HP is shown in percentages\n|rule|Sleep Clause Mod: Limit one foe put to sleep\n|rule|Illusion Level Mod: Illusion disguises the Pok\u00e9mon's true level\n|\n|t:|1783567523\n|teamsize|p1|6\n|teamsize|p2|6\n|start\n|switch|p1a: Mimikyu|Mimikyu, L79, M|216/216\n|switch|p2a: Tyranitar|Tyranitar, L78, F|100/100\n|-weather|Sandstorm|[from] ability: Sand Stream|[of] p2a: Tyranitar\n|turn|1\n|inactive|Battle timer is ON: inactive players will automatically lose when time's up. (requested by p0y24580136)\n|inactive|Time left: 300 sec this turn | 300 sec total | 60 sec grace\n|inactive|p0x2458f0d2 also wants the timer to be on.\n|\n|t:|1783567525\n|move|p1a: Mimikyu|Swords Dance|p1a: Mimikyu\n|-boost|p1a: Mimikyu|atk|2\n|move|p2a: Tyranitar|Dragon Dance|p2a: Tyranitar\n|-boost|p2a: Tyranitar|atk|1\n|-boost|p2a: Tyranitar|spe|1\n|\n|-weather|Sandstorm|[upkeep]\n|-damage|p1a: Mimikyu|203/216|[from] Sandstorm\n|upkeep\n|turn|2\n|inactive|Time left: 300 sec this turn | 300 sec total\n|\n|t:|1783567526\n|-terastallize|p2a: Tyranitar|Rock\n|move|p2a: Tyranitar|Knock Off|p1a: Mimikyu\n|-activate|p1a: Mimikyu|ability: Disguise\n|-damage|p1a: Mimikyu|203/216\n|-enditem|p1a: Mimikyu|Life Orb|[from] move: Knock Off|[of] p2a: Tyranitar\n|detailschange|p1a: Mimikyu|Mimikyu-Busted, L79, M\n|-damage|p1a: Mimikyu|176/216|[from] pokemon: Mimikyu-Busted\n|move|p1a: Mimikyu|Play Rough|p2a: Tyranitar\n|-damage|p2a: Tyranitar|49/100\n|-unboost|p2a: Tyranitar|atk|1\n|\n|-weather|Sandstorm|[upkeep]\n|-damage|p1a: Mimikyu|163/216|[from] Sandstorm\n|upkeep\n|turn|3\n|inactive|Time left: 300 sec this turn | 300 sec total\n|\n|t:|1783567527\n|switch|p1a: Tinkaton|Tinkaton, L82, F|274/274\n|-ability|p1a: Tinkaton|Mold Breaker\n|move|p2a: Tyranitar|Stone Edge|p1a: Tinkaton|[miss]\n|-miss|p2a: Tyranitar|p1a: Tinkaton\n|\n|-weather|Sandstorm|[upkeep]\n|upkeep\n|turn|4\n|inactive|Time left: 300 sec this turn | 300 sec total\n|\n|t:|1783567529\n|move|p2a: Tyranitar|Knock Off|p1a: Tinkaton\n|-resisted|p1a: Tinkaton\n|-damage|p1a: Tinkaton|208/274\n|-enditem|p1a: Tinkaton|Leftovers|[from] move: Knock Off|[of] p2a: Tyranitar\n|move|p1a: Tinkaton|Gigaton Hammer|p2a: Tyranitar\n|-supereffective|p2a: Tyranitar\n|-damage|p2a: Tyranitar|0 fnt\n|faint|p2a: Tyranitar\n|\n|-weather|Sandstorm|[upkeep]\n|upkeep\n|\n|t:|1783567529\n|switch|p2a: Araquanid|Araquanid, L82, M|100/100\n|turn|5\n|inactive|Time left: 300 sec this turn | 300 sec total\n|\n|t:|1783567531\n|move|p1a: Tinkaton|Swords Dance|p1a: Tinkaton\n|-boost|p1a: Tinkaton|atk|2\n|move|p2a: Araquanid|Sticky Web|p1a: Tinkaton\n|-sidestart|p1: p0x2458f0d2|move: Sticky Web\n|\n|-weather|none\n|upkeep\n|turn|6\n|inactive|Time left: 300 sec this turn | 300 sec total\n|\n|t:|1783567532\n|move|p1a: Tinkaton|Play Rough|p2a: Araquanid\n|-damage|p2a: Araquanid|40/100\n|move|p2a: Araquanid|Liquidation|p1a: Tinkaton\n|-damage|p1a: Tinkaton|69/274\n|\n|upkeep\n|turn|7\n|inactive|Time left: 300 sec this turn | 300 sec total\n|\n|t:|1783567532\n|switch|p2a: Stantler|Stantler, L92, M|100/100\n|-ability|p2a: Stantler|Intimidate|boost\n|-unboost|p1a: Tinkaton|atk|1\n|move|p1a: Tinkaton|Knock Off|p2a: Stantler\n|-damage|p2a: Stantler|77/100\n|-enditem|p2a: Stantler|Eviolite|[from] move: Knock Off|[of] p1a: Tinkaton\n|\n|upkeep\n|turn|8\n|inactive|Time left: 300 sec this turn | 300 sec total\n|\n|t:|1783567533\n|move|p2a: Stantler|Earthquake|p1a: Tinkaton\n|-supereffective|p1a: Tinkaton\n|-damage|p1a: Tinkaton|0 fnt\n|faint|p1a: Tinkaton\n|\n|upkeep\n|inactive|Time left: 300 sec this turn | 300 sec total | 5 sec grace\n|\n|t:|1783567534\n|switch|p1a: Vileplume|Vileplume, L85, M|266/266\n|-activate|p1a: Vileplume|move: Sticky Web\n|-unboost|p1a: Vileplume|spe|1\n|turn|9\n|inactive|Time left: 300 sec this turn | 300 sec total\n|\n|t:|1783567535\n|move|p2a: Stantler|Body Slam|p1a: Vileplume\n|-damage|p1a: Vileplume|157/266\n|-status|p2a: Stantler|psn|[from] ability: Effect Spore|[of] p1a: Vileplume\n|move|p1a: Vileplume|Sludge Bomb|p2a: Stantler\n|-damage|p2a: Stantler|35/100 psn\n|\n|-heal|p1a: Vileplume|173/266|[from] item: Leftovers\n|-damage|p2a: Stantler|23/100 psn|[from] psn\n|upkeep\n|turn|10\n|inactive|Time left: 300 sec this turn | 300 sec total\n|\n|t:|1783567536\n|move|p2a: Stantler|Thunder Wave|p1a: Vileplume\n|-status|p1a: Vileplume|par\n|move|p1a: Vileplume|Strength Sap|p2a: Stantler\n|-unboost|p2a: Stantler|atk|1\n|-heal|p1a: Vileplume|266/266 par\n|\n|-damage|p2a: Stantler|10/100 psn|[from] psn\n|upkeep\n|turn|11\n|inactive|Time left: 300 sec this turn | 300 sec total\n|\n|t:|1783567537\n|move|p2a: Stantler|Body Slam|p1a: Vileplume\n|-damage|p1a: Vileplume|188/266 par\n|cant|p1a: Vileplume|par\n|\n|-heal|p1a: Vileplume|204/266 par|[from] item: Leftovers\n|-damage|p2a: Stantler|0 fnt|[from] psn\n|faint|p2a: Stantler\n|upkeep\n|\n|t:|1783567538\n|switch|p2a: Chansey|Chansey, L85, F|100/100\n|turn|12\n|inactive|Time left: 300 sec this turn | 300 sec total\n|\n|t:|1783567538\n|move|p2a: Chansey|Seismic Toss|p1a: Vileplume\n|-damage|p1a: Vileplume|119/266 par\n|move|p1a: Vileplume|Leech Seed|p2a: Chansey\n|-start|p2a: Chansey|move: Leech Seed\n|\n|-heal|p1a: Vileplume|135/266 par|[from] item: Leftovers\n|-damage|p2a: Chansey|88/100|[from] Leech Seed|[of] p1a: Vileplume\n|-heal|p1a: Vileplume|205/266 par|[silent]\n|upkeep\n|turn|13\n|inactive|Time left: 300 sec this turn | 300 sec total\n|\n|t:|1783567539\n|switch|p2a: Araquanid|Araquanid, L82, M|40/100\n|cant|p1a: Vileplume|par\n|\n|-heal|p1a: Vileplume|221/266 par|[from] item: Leftovers\n|upkeep\n|turn|14\n|inactive|Time left: 300 sec this turn | 300 sec total\n|\n|t:|1783567540\n|move|p2a: Araquanid|Leech Life|p1a: Vileplume\n|-damage|p1a: Vileplume|154/266 par\n|-heal|p2a: Araquanid|53/100|[from] drain|[of] p1a: Vileplume\n|move|p1a: Vileplume|Leech Seed|p2a: Araquanid\n|-start|p2a: Araquanid|move: Leech Seed\n|\n|-heal|p1a: Vileplume|170/266 par|[from] item: Leftovers\n|-damage|p2a: Araquanid|41/100|[from] Leech Seed|[of] p1a: Vileplume\n|-heal|p1a: Vileplume|200/266 par|[silent]\n|upkeep\n|turn|15\n|inactive|Time left: 300 sec this turn | 300 sec total\n|\n|t:|1783567541\n|switch|p2a: Chansey|Chansey, L85, F|88/100\n|move|p1a: Vileplume|Leech Seed|p2a: Chansey\n|-start|p2a: Chansey|move: Leech Seed\n|\n|-heal|p1a: Vileplume|216/266 par|[from] item: Leftovers\n|-damage|p2a: Chansey|76/100|[from] Leech Seed|[of] p1a: Vileplume\n|-heal|p1a: Vileplume|266/266 par|[silent]\n|upkeep\n|turn|16\n|inactive|Time left: 300 sec this turn | 300 sec total\n|\n|t:|1783567542\n|switch|p2a: Golduck|Golduck, L90, M|100/100\n|-ability|p2a: Golduck|Cloud Nine\n|cant|p1a: Vileplume|par\n|\n|upkeep\n|turn|17\n|inactive|Time left: 300 sec this turn | 300 sec total\n|\n|t:|1783567543\n|move|p2a: Golduck|Nasty Plot|p2a: Golduck\n|-boost|p2a: Golduck|spa|2\n|cant|p1a: Vileplume|par\n|\n|upkeep\n|turn|18\n|inactive|Time left: 300 sec this turn | 300 sec total\n|\n|t:|1783567544\n|-terastallize|p1a: Vileplume|Water\n|move|p2a: Golduck|Ice Beam|p1a: Vileplume\n|-resisted|p1a: Vileplume\n|-damage|p1a: Vileplume|176/266 par\n|-damage|p2a: Golduck|90/100|[from] item: Life Orb\n|move|p1a: Vileplume|Giga Drain|p2a: Golduck\n|-supereffective|p2a: Golduck\n|-damage|p2a: Golduck|24/100\n|-heal|p1a: Vileplume|266/266 par|[from] drain|[of] p2a: Golduck\n|\n|upkeep\n|turn|19\n|inactive|Time left: 300 sec this turn | 300 sec total\n|\n|t:|1783567545\n|move|p2a: Golduck|Hydro Pump|p1a: Vileplume|[miss]\n|-miss|p2a: Golduck|p1a: Vileplume\n|cant|p1a: Vileplume|par\n|\n|upkeep\n|turn|20\n|inactive|Time left: 300 sec this turn | 300 sec total\n|\n|t:|1783567546\n|move|p2a: Golduck|Hydro Pump|p1a: Vileplume\n|-resisted|p1a: Vileplume\n|-damage|p1a: Vileplume|114/266 par\n|-damage|p2a: Golduck|14/100|[from] item: Life Orb\n|move|p1a: Vileplume|Giga Drain|p2a: Golduck\n|-supereffective|p2a: Golduck\n|-damage|p2a: Golduck|0 fnt\n|-heal|p1a: Vileplume|134/266 par|[from] drain|[of] p2a: Golduck\n|faint|p2a: Golduck\n|\n|-heal|p1a: Vileplume|150/266 par|[from] item: Leftovers\n|upkeep\n|\n|t:|1783567547\n|switch|p2a: Rillaboom|Rillaboom, L79, M|100/100\n|-fieldstart|move: Grassy Terrain|[from] ability: Grassy Surge|[of] p2a: Rillaboom\n|turn|21\n|inactive|Time left: 300 sec this turn | 300 sec total\n|\n|t:|1783567548\n|move|p2a: Rillaboom|Wood Hammer|p1a: Vileplume\n|-supereffective|p1a: Vileplume\n|-damage|p1a: Vileplume|0 fnt\n|faint|p1a: Vileplume\n|-damage|p2a: Rillaboom|83/100|[from] Recoil\n|-damage|p2a: Rillaboom|73/100|[from] item: Life Orb\n|\n|-heal|p2a: Rillaboom|80/100|[from] Grassy Terrain\n|upkeep\n|inactive|Time left: 300 sec this turn | 300 sec total | 5 sec grace\n|\n|t:|1783567549\n|switch|p1a: Umbreon|Umbreon, L84, M|297/297\n|-activate|p1a: Umbreon|move: Sticky Web\n|-unboost|p1a: Umbreon|spe|1\n|turn|22\n|inactive|Time left: 300 sec this turn | 300 sec total\n|\n|t:|1783567550\n|switch|p2a: Chansey|Chansey, L85, F|76/100\n|move|p1a: Umbreon|Foul Play|p2a: Chansey\n|-crit|p2a: Chansey\n|-damage|p2a: Chansey|71/100\n|\n|-heal|p2a: Chansey|78/100|[from] Grassy Terrain\n|upkeep\n|turn|23\n|inactive|Time left: 300 sec this turn | 300 sec total\n|\n|t:|1783567551\n|move|p2a: Chansey|Thunder Wave|p1a: Umbreon\n|-status|p1a: Umbreon|par\n|-activate|p1a: Umbreon|ability: Synchronize\n|-status|p2a: Chansey|par\n|cant|p1a: Umbreon|par\n|\n|-heal|p2a: Chansey|84/100 par|[from] Grassy Terrain\n|upkeep\n|turn|24\n|inactive|Time left: 300 sec this turn | 300 sec total\n|\n|t:|1783567552\n|-curestatus|p2a: Chansey|par|[from] ability: Natural Cure|[silent]\n|switch|p2a: Rillaboom|Rillaboom, L79, M|80/100\n|switch|p1a: Pachirisu|Pachirisu, L96, M|271/271\n|\n|-heal|p2a: Rillaboom|86/100|[from] Grassy Terrain\n|upkeep\n|turn|25\n|inactive|Time left: 300 sec this turn | 300 sec total\n|\n|t:|1783567553\n|move|p1a: Pachirisu|Super Fang|p2a: Rillaboom\n|-damage|p2a: Rillaboom|43/100\n|move|p2a: Rillaboom|Swords Dance|p2a: Rillaboom\n|-boost|p2a: Rillaboom|atk|2\n|\n|-heal|p2a: Rillaboom|49/100|[from] Grassy Terrain\n|-fieldend|move: Grassy Terrain\n|upkeep\n|turn|26\n|inactive|Time left: 300 sec this turn | 300 sec total\n|\n|t:|1783567554\n|move|p1a: Pachirisu|Encore|p2a: Rillaboom\n|-start|p2a: Rillaboom|Encore\n|move|p2a: Rillaboom|Swords Dance|p2a: Rillaboom\n|-boost|p2a: Rillaboom|atk|2\n|\n|upkeep\n|turn|27\n|inactive|Time left: 300 sec this turn | 300 sec total\n|\n|t:|1783567555\n|switch|p2a: Chansey|Chansey, L85, F|84/100\n|move|p1a: Pachirisu|Super Fang|p2a: Chansey\n|-damage|p2a: Chansey|42/100\n|\n|upkeep\n|turn|28\n|inactive|Time left: 300 sec this turn | 300 sec total\n|\n|t:|1783567556\n|move|p1a: Pachirisu|U-turn|p2a: Chansey\n|-damage|p2a: Chansey|26/100\n|inactive|Time left: 300 sec this turn | 300 sec total | 5 sec grace\n|\n|t:|1783567557\n|switch|p1a: Mimikyu|Mimikyu-Busted, L79, M|163/216|[from] U-turn\n|-activate|p1a: Mimikyu|move: Sticky Web\n|-unboost|p1a: Mimikyu|spe|1\n|move|p2a: Chansey|Soft-Boiled|p2a: Chansey\n|-heal|p2a: Chansey|76/100\n|\n|upkeep\n|turn|29\n|inactive|Time left: 300 sec this turn | 300 sec total\n|\n|t:|1783567558\n|switch|p2a: Rillaboom|Rillaboom, L79, M|49/100\n|-fieldstart|move: Grassy Terrain|[from] ability: Grassy Surge|[of] p2a: Rillaboom\n|move|p1a: Mimikyu|Swords Dance|p1a: Mimikyu\n|-boost|p1a: Mimikyu|atk|2\n|\n|-heal|p2a: Rillaboom|56/100|[from] Grassy Terrain\n|-heal|p1a: Mimikyu|176/216|[from] Grassy Terrain\n|upkeep\n|turn|30\n|inactive|Time left: 300 sec this turn | 300 sec total\n|\n|t:|1783567559\n|move|p1a: Mimikyu|Shadow Sneak|p2a: Rillaboom\n|-damage|p2a: Rillaboom|28/100\n|move|p2a: Rillaboom|Wood Hammer|p1a: Mimikyu\n|-damage|p1a: Mimikyu|0 fnt\n|faint|p1a: Mimikyu\n|-damage|p2a: Rillaboom|8/100|[from] Recoil\n|-damage|p2a: Rillaboom|0 fnt|[from] item: Life Orb\n|faint|p2a: Rillaboom\n|\n|upkeep\n|inactive|Time left: 300 sec this turn | 300 sec total | 5 sec grace\n|\n|t:|1783567560\n|switch|p1a: Pachirisu|Pachirisu, L96, M|271/271\n|switch|p2a: Araquanid|Araquanid, L82, M|41/100\n|turn|31\n|inactive|Time left: 300 sec this turn | 300 sec total\n|\n|t:|1783567561\n|switch|p2a: Chansey|Chansey, L85, F|76/100\n|move|p1a: Pachirisu|Discharge|p2a: Chansey\n|-damage|p2a: Chansey|69/100\n|-status|p2a: Chansey|par\n|\n|-heal|p2a: Chansey|75/100 par|[from] Grassy Terrain\n|upkeep\n|turn|32\n|inactive|Time left: 300 sec this turn | 300 sec total\n|\n|t:|1783567562\n|move|p1a: Pachirisu|Super Fang|p2a: Chansey\n|-damage|p2a: Chansey|38/100 par\n|cant|p2a: Chansey|par\n|\n|-heal|p2a: Chansey|44/100 par|[from] Grassy Terrain\n|upkeep\n|turn|33\n|inactive|Time left: 300 sec this turn | 300 sec total\n|\n|t:|1783567563\n|move|p1a: Pachirisu|Super Fang|p2a: Chansey\n|-damage|p2a: Chansey|22/100 par\n|move|p2a: Chansey|Soft-Boiled|p2a: Chansey\n|-heal|p2a: Chansey|72/100 par\n|\n|-heal|p2a: Chansey|79/100 par|[from] Grassy Terrain\n|-fieldend|move: Grassy Terrain\n|upkeep\n|turn|34\n|inactive|Time left: 300 sec this turn | 300 sec total\n|\n|t:|1783567564\n|move|p1a: Pachirisu|Super Fang|p2a: Chansey\n|-damage|p2a: Chansey|40/100 par\n|cant|p2a: Chansey|par\n|\n|upkeep\n|turn|35\n|inactive|Time left: 300 sec this turn | 300 sec total\n|\n|t:|1783567565\n|move|p1a: Pachirisu|Super Fang|p2a: Chansey\n|-damage|p2a: Chansey|20/100 par\n|cant|p2a: Chansey|par\n|\n|upkeep\n|turn|36\n|inactive|Time left: 300 sec this turn | 300 sec total\n|\n|t:|1783567566\n|move|p1a: Pachirisu|U-turn|p2a: Chansey\n|-damage|p2a: Chansey|4/100 par\n|inactive|Time left: 300 sec this turn | 300 sec total | 5 sec grace\n|\n|t:|1783567567\n|switch|p1a: Darkrai|Darkrai, L77|234/234|[from] U-turn\n|-activate|p1a: Darkrai|move: Sticky Web\n|-unboost|p1a: Darkrai|spe|1\n|move|p2a: Chansey|Soft-Boiled|p2a: Chansey\n|-heal|p2a: Chansey|54/100 par\n|\n|upkeep\n|turn|37\n|inactive|Time left: 300 sec this turn | 300 sec total\n|\n|t:|1783567568\n|move|p1a: Darkrai|Nasty Plot|p1a: Darkrai\n|-boost|p1a: Darkrai|spa|2\n|move|p2a: Chansey|Seismic Toss|p1a: Darkrai\n|-damage|p1a: Darkrai|149/234\n|\n|-heal|p1a: Darkrai|163/234|[from] item: Leftovers\n|upkeep\n|turn|38\n|inactive|Time left: 300 sec this turn | 300 sec total\n|\n|t:|1783567569\n|move|p1a: Darkrai|Nasty Plot|p1a: Darkrai\n|-boost|p1a: Darkrai|spa|2\n|cant|p2a: Chansey|par\n|\n|-heal|p1a: Darkrai|177/234|[from] item: Leftovers\n|upkeep\n|turn|39\n|inactive|Time left: 300 sec this turn | 300 sec total\n|\n|t:|1783567570\n|move|p1a: Darkrai|Dark Pulse|p2a: Chansey\n|-damage|p2a: Chansey|25/100 par\n|move|p2a: Chansey|Soft-Boiled|p2a: Chansey\n|-heal|p2a: Chansey|75/100 par\n|\n|-heal|p1a: Darkrai|191/234|[from] item: Leftovers\n|upkeep\n|turn|40\n|inactive|Time left: 300 sec this turn | 300 sec total\n|\n|t:|1783567571\n|move|p1a: Darkrai|Dark Pulse|p2a: Chansey\n|-damage|p2a: Chansey|47/100 par\n|move|p2a: Chansey|Seismic Toss|p1a: Darkrai\n|-damage|p1a: Darkrai|106/234\n|\n|-heal|p1a: Darkrai|120/234|[from] item: Leftovers\n|upkeep\n|turn|41\n|inactive|Time left: 300 sec this turn | 300 sec total\n|\n|t:|1783567572\n|move|p1a: Darkrai|Dark Pulse|p2a: Chansey\n|-damage|p2a: Chansey|17/100 par\n|move|p2a: Chansey|Soft-Boiled|p2a: Chansey\n|-heal|p2a: Chansey|67/100 par\n|\n|-heal|p1a: Darkrai|134/234|[from] item: Leftovers\n|upkeep\n|turn|42\n|inactive|Time left: 300 sec this turn | 300 sec total\n|\n|t:|1783567572\n|move|p1a: Darkrai|Dark Pulse|p2a: Chansey\n|-damage|p2a: Chansey|38/100 par\n|move|p2a: Chansey|Seismic Toss|p1a: Darkrai\n|-damage|p1a: Darkrai|49/234\n|\n|-heal|p1a: Darkrai|63/234|[from] item: Leftovers\n|upkeep\n|turn|43\n|inactive|Time left: 300 sec this turn | 300 sec total\n|\n|t:|1783567573\n|move|p1a: Darkrai|Dark Pulse|p2a: Chansey\n|-damage|p2a: Chansey|9/100 par\n|move|p2a: Chansey|Seismic Toss|p1a: Darkrai\n|-damage|p1a: Darkrai|0 fnt\n|faint|p1a: Darkrai\n|\n|upkeep\n|inactive|Time left: 300 sec this turn | 300 sec total | 5 sec grace\n|\n|t:|1783567574\n|switch|p1a: Pachirisu|Pachirisu, L96, M|271/271\n|turn|44\n|inactive|Time left: 300 sec this turn | 300 sec total\n|\n|t:|1783567575\n|-curestatus|p2a: Chansey|par|[from] ability: Natural Cure|[silent]\n|switch|p2a: Araquanid|Araquanid, L82, M|41/100\n|move|p1a: Pachirisu|U-turn|p2a: Araquanid\n|-damage|p2a: Araquanid|27/100\n|inactive|Time left: 300 sec this turn | 300 sec total | 5 sec grace\n|\n|t:|1783567576\n|switch|p1a: Umbreon|Umbreon, L84, M|297/297 par|[from] U-turn\n|-activate|p1a: Umbreon|move: Sticky Web\n|-unboost|p1a: Umbreon|spe|1\n|\n|upkeep\n|turn|45\n|inactive|Time left: 300 sec this turn | 300 sec total\n|\n|t:|1783567577\n|switch|p1a: Pachirisu|Pachirisu, L96, M|271/271\n|move|p2a: Araquanid|Leech Life|p1a: Pachirisu\n|-damage|p1a: Pachirisu|208/271\n|-heal|p2a: Araquanid|40/100|[from] drain|[of] p1a: Pachirisu\n|\n|upkeep\n|turn|46\n|inactive|Time left: 300 sec this turn | 300 sec total\n|\n|t:|1783567578\n|switch|p2a: Chansey|Chansey, L85, F|9/100\n|move|p1a: Pachirisu|Discharge|p2a: Chansey\n|-damage|p2a: Chansey|2/100\n|\n|upkeep\n|turn|47\n|inactive|Time left: 300 sec this turn | 300 sec total\n|\n|t:|1783567579\n|switch|p2a: Araquanid|Araquanid, L82, M|40/100\n|move|p1a: Pachirisu|Discharge|p2a: Araquanid\n|-supereffective|p2a: Araquanid\n|-damage|p2a: Araquanid|1/100\n|\n|upkeep\n|turn|48\n|inactive|Time left: 300 sec this turn | 300 sec total\n|\n|t:|1783567580\n|move|p1a: Pachirisu|Discharge|p2a: Araquanid\n|-supereffective|p2a: Araquanid\n|-damage|p2a: Araquanid|0 fnt\n|faint|p2a: Araquanid\n|\n|upkeep\n|\n|t:|1783567580\n|switch|p2a: Chansey|Chansey, L85, F|2/100\n|turn|49\n|inactive|Time left: 300 sec this turn | 300 sec total\n|\n|t:|1783567581\n|move|p1a: Pachirisu|U-turn|p2a: Chansey\n|-damage|p2a: Chansey|0 fnt\n|faint|p2a: Chansey\n|\n|win|p0x2458f0d2", "uploadtime": 1783567581, "views": 0, "rating": 0, "private": 0, "password": null, "_winner": "p0x2458f0d2", "_our_name": "p0x2458f0d2"}