{"id": "battle-gen9randombattle-1559", "formatid": "gen9randombattle", "format": "[Gen 9] Random Battle", "players": ["p0x15590348", "p0y15595cb8"], "log": "|init|battle\n|title|p0x15590348 vs. p0y15595cb8\n|j|\u2606p0x15590348\n|j|\u2606p0y15595cb8\n|t:|1783557252\n|gametype|singles\n|player|p1|p0x15590348|265|\n|player|p2|p0y15595cb8|170|\n|gen|9\n|tier|[Gen 9] Random Battle\n|rule|Species Clause: Limit one of each Pok\u00e9mon\n|rule|HP Percentage Mod: HP is shown in percentages\n|rule|Sleep Clause Mod: Limit one foe put to sleep\n|rule|Illusion Level Mod: Illusion disguises the Pok\u00e9mon's true level\n|\n|t:|1783557252\n|teamsize|p1|6\n|teamsize|p2|6\n|start\n|switch|p1a: Poliwrath|Poliwrath, L88, M|100/100\n|switch|p2a: Slither Wing|Slither Wing, L81|270/270\n|turn|1\n|inactive|Battle timer is ON: inactive players will automatically lose when time's up. (requested by p0y15595cb8)\n|inactive|p0x15590348 also wants the timer to be on.\n|\n|t:|1783557254\n|move|p2a: Slither Wing|Will-O-Wisp|p1a: Poliwrath\n|-status|p1a: Poliwrath|brn\n|move|p1a: Poliwrath|Liquidation|p2a: Slither Wing\n|-damage|p2a: Slither Wing|220/270\n|\n|-damage|p1a: Poliwrath|95/100 brn|[from] brn\n|upkeep\n|turn|2\n|inactive|Time left: 300 sec this turn | 300 sec total\n|\n|t:|1783557255\n|move|p2a: Slither Wing|Will-O-Wisp|p1a: Poliwrath|[miss]\n|-miss|p2a: Slither Wing|p1a: Poliwrath\n|move|p1a: Poliwrath|Bulk Up|p1a: Poliwrath\n|-boost|p1a: Poliwrath|atk|1\n|-boost|p1a: Poliwrath|def|1\n|\n|-heal|p1a: Poliwrath|100/100 brn|[from] item: Leftovers\n|-damage|p1a: Poliwrath|95/100 brn|[from] brn\n|upkeep\n|turn|3\n|inactive|Time left: 300 sec this turn | 300 sec total\n|\n|t:|1783557256\n|-end|p2a: Slither Wing|Protosynthesis|[silent]\n|switch|p2a: Espathra|Espathra, L80, M|283/283\n|move|p1a: Poliwrath|Bulk Up|p1a: Poliwrath\n|-boost|p1a: Poliwrath|atk|1\n|-boost|p1a: Poliwrath|def|1\n|\n|-heal|p1a: Poliwrath|100/100 brn|[from] item: Leftovers\n|-damage|p1a: Poliwrath|95/100 brn|[from] brn\n|upkeep\n|turn|4\n|inactive|Time left: 300 sec this turn | 300 sec total\n|\n|t:|1783557257\n|move|p2a: Espathra|Lumina Crash|p1a: Poliwrath\n|-supereffective|p1a: Poliwrath\n|-damage|p1a: Poliwrath|14/100 brn\n|-unboost|p1a: Poliwrath|spd|2\n|move|p1a: Poliwrath|Liquidation|p2a: Espathra\n|-damage|p2a: Espathra|150/283\n|\n|-heal|p1a: Poliwrath|20/100 brn|[from] item: Leftovers\n|-damage|p1a: Poliwrath|14/100 brn|[from] brn\n|-ability|p2a: Espathra|Speed Boost|boost\n|-boost|p2a: Espathra|spe|1\n|upkeep\n|turn|5\n|inactive|Time left: 300 sec this turn | 300 sec total\n|\n|t:|1783557258\n|switch|p1a: Gardevoir|Gardevoir, L83, M|100/100\n|-ability|p1a: Gardevoir|Speed Boost|Trace|[from] ability: Trace|[of] p2a: Espathra\n|move|p2a: Espathra|Lumina Crash|p1a: Gardevoir\n|-resisted|p1a: Gardevoir\n|-damage|p1a: Gardevoir|81/100\n|-unboost|p1a: Gardevoir|spd|2\n|\n|-ability|p2a: Espathra|Speed Boost|boost\n|-boost|p2a: Espathra|spe|1\n|upkeep\n|turn|6\n|inactive|Time left: 300 sec this turn | 300 sec total\n|\n|t:|1783557259\n|move|p2a: Espathra|Lumina Crash|p1a: Gardevoir\n|-resisted|p1a: Gardevoir\n|-damage|p1a: Gardevoir|42/100\n|-unboost|p1a: Gardevoir|spd|2\n|move|p1a: Gardevoir|Moonblast|p2a: Espathra\n|-damage|p2a: Espathra|0 fnt\n|faint|p2a: Espathra\n|\n|-ability|p1a: Gardevoir|Speed Boost|boost\n|-boost|p1a: Gardevoir|spe|1\n|upkeep\n|inactive|Time left: 300 sec this turn | 300 sec total | 5 sec grace\n|\n|t:|1783557260\n|switch|p2a: Armarouge|Armarouge, L80, F|267/267\n|turn|7\n|inactive|Time left: 300 sec this turn | 300 sec total\n|\n|t:|1783557261\n|move|p1a: Gardevoir|Moonblast|p2a: Armarouge\n|-resisted|p2a: Armarouge\n|-damage|p2a: Armarouge|204/267\n|move|p2a: Armarouge|Armor Cannon|p1a: Gardevoir\n|-damage|p1a: Gardevoir|0 fnt\n|-unboost|p2a: Armarouge|def|1\n|-unboost|p2a: Armarouge|spd|1\n|faint|p1a: Gardevoir\n|\n|upkeep\n|\n|t:|1783557262\n|switch|p1a: Spectrier|Spectrier, L75|100/100\n|turn|8\n|inactive|Time left: 300 sec this turn | 300 sec total\n|\n|t:|1783557263\n|switch|p2a: Hitmonchan|Hitmonchan, L87, M|229/229\n|move|p1a: Spectrier|Shadow Ball|p2a: Hitmonchan\n|-damage|p2a: Hitmonchan|128/229\n|-damage|p1a: Spectrier|91/100|[from] item: Life Orb\n|\n|upkeep\n|turn|9\n|inactive|Time left: 300 sec this turn | 300 sec total\n|\n|t:|1783557264\n|move|p1a: Spectrier|Will-O-Wisp|p2a: Hitmonchan\n|-status|p2a: Hitmonchan|brn\n|move|p2a: Hitmonchan|Knock Off|p1a: Spectrier\n|-supereffective|p1a: Spectrier\n|-damage|p1a: Spectrier|40/100\n|-enditem|p1a: Spectrier|Life Orb|[from] move: Knock Off|[of] p2a: Hitmonchan\n|-damage|p2a: Hitmonchan|106/229 brn|[from] item: Life Orb\n|\n|-damage|p2a: Hitmonchan|92/229 brn|[from] brn\n|upkeep\n|turn|10\n|inactive|Time left: 300 sec this turn | 300 sec total\n|\n|t:|1783557265\n|move|p1a: Spectrier|Shadow Ball|p2a: Hitmonchan\n|-damage|p2a: Hitmonchan|10/229 brn\n|move|p2a: Hitmonchan|Knock Off|p1a: Spectrier\n|-supereffective|p1a: Spectrier\n|-damage|p1a: Spectrier|6/100\n|-damage|p2a: Hitmonchan|0 fnt|[from] item: Life Orb\n|faint|p2a: Hitmonchan\n|\n|upkeep\n|inactive|Time left: 300 sec this turn | 300 sec total | 5 sec grace\n|\n|t:|1783557266\n|switch|p2a: Slither Wing|Slither Wing, L81|220/270\n|turn|11\n|inactive|Time left: 300 sec this turn | 300 sec total\n|\n|t:|1783557267\n|move|p1a: Spectrier|Will-O-Wisp|p2a: Slither Wing|[miss]\n|-miss|p1a: Spectrier|p2a: Slither Wing\n|move|p2a: Slither Wing|U-turn|p1a: Spectrier\n|-resisted|p1a: Spectrier\n|-damage|p1a: Spectrier|0 fnt\n|faint|p1a: Spectrier\n|inactive|Time left: 300 sec this turn | 300 sec total | 5 sec grace\n|\n|t:|1783557268\n|-end|p2a: Slither Wing|Protosynthesis|[silent]\n|switch|p2a: Armarouge|Armarouge, L80, F|204/267|[from] U-turn\n|\n|upkeep\n|\n|t:|1783557269\n|switch|p1a: Okidogi|Okidogi, L77, M|100/100\n|turn|12\n|inactive|Time left: 300 sec this turn | 300 sec total\n|\n|t:|1783557270\n|-terastallize|p1a: Okidogi|Dark\n|move|p1a: Okidogi|Knock Off|p2a: Armarouge\n|-supereffective|p2a: Armarouge\n|-damage|p2a: Armarouge|10/267\n|-ability|p2a: Armarouge|Weak Armor|boost\n|-unboost|p2a: Armarouge|def|1\n|-boost|p2a: Armarouge|spe|2\n|-status|p2a: Armarouge|tox|[from] ability: Toxic Chain|[of] p1a: Okidogi\n|-enditem|p2a: Armarouge|Choice Specs|[from] move: Knock Off|[of] p1a: Okidogi\n|move|p2a: Armarouge|Armor Cannon|p1a: Okidogi\n|-damage|p1a: Okidogi|61/100\n|-unboost|p2a: Armarouge|def|1\n|-unboost|p2a: Armarouge|spd|1\n|\n|-damage|p2a: Armarouge|0 fnt|[from] psn\n|faint|p2a: Armarouge\n|upkeep\n|inactive|Time left: 300 sec this turn | 300 sec total | 5 sec grace\n|\n|t:|1783557271\n|switch|p2a: Slither Wing|Slither Wing, L81|220/270\n|turn|13\n|inactive|Time left: 300 sec this turn | 300 sec total\n|\n|t:|1783557272\n|switch|p1a: Poliwrath|Poliwrath, L88, M|14/100 brn\n|move|p2a: Slither Wing|Close Combat|p1a: Poliwrath\n|-damage|p1a: Poliwrath|0 fnt\n|-unboost|p2a: Slither Wing|def|1\n|-unboost|p2a: Slither Wing|spd|1\n|faint|p1a: Poliwrath\n|\n|upkeep\n|\n|t:|1783557273\n|switch|p1a: Regirock|Regirock, L83|100/100\n|turn|14\n|inactive|Time left: 300 sec this turn | 300 sec total\n|\n|t:|1783557274\n|move|p2a: Slither Wing|Will-O-Wisp|p1a: Regirock\n|-status|p1a: Regirock|brn\n|move|p1a: Regirock|Iron Defense|p1a: Regirock\n|-boost|p1a: Regirock|def|2\n|\n|-damage|p1a: Regirock|95/100 brn|[from] brn\n|upkeep\n|turn|15\n|inactive|Time left: 300 sec this turn | 300 sec total\n|\n|t:|1783557275\n|move|p2a: Slither Wing|Morning Sun|p2a: Slither Wing\n|-heal|p2a: Slither Wing|270/270\n|move|p1a: Regirock|Thunder Wave|p2a: Slither Wing|[miss]\n|-miss|p1a: Regirock|p2a: Slither Wing\n|\n|-heal|p1a: Regirock|100/100 brn|[from] item: Leftovers\n|-damage|p1a: Regirock|95/100 brn|[from] brn\n|upkeep\n|turn|16\n|inactive|Time left: 300 sec this turn | 300 sec total\n|\n|t:|1783557276\n|move|p2a: Slither Wing|U-turn|p1a: Regirock\n|-damage|p1a: Regirock|86/100 brn\n|inactive|Time left: 300 sec this turn | 300 sec total | 5 sec grace\n|\n|t:|1783557277\n|-end|p2a: Slither Wing|Protosynthesis|[silent]\n|switch|p2a: Corviknight|Corviknight, L80, F|288/288|[from] U-turn\n|move|p1a: Regirock|Body Press|p2a: Corviknight\n|-damage|p2a: Corviknight|197/288\n|\n|-heal|p2a: Corviknight|215/288|[from] item: Leftovers\n|-heal|p1a: Regirock|92/100 brn|[from] item: Leftovers\n|-damage|p1a: Regirock|86/100 brn|[from] brn\n|upkeep\n|turn|17\n|inactive|Time left: 300 sec this turn | 300 sec total\n|\n|t:|1783557278\n|move|p2a: Corviknight|Roost|p2a: Corviknight\n|-heal|p2a: Corviknight|288/288\n|-singleturn|p2a: Corviknight|move: Roost\n|move|p1a: Regirock|Body Press|p2a: Corviknight\n|-supereffective|p2a: Corviknight\n|-damage|p2a: Corviknight|106/288\n|\n|-heal|p2a: Corviknight|124/288|[from] item: Leftovers\n|-heal|p1a: Regirock|92/100 brn|[from] item: Leftovers\n|-damage|p1a: Regirock|86/100 brn|[from] brn\n|upkeep\n|turn|18\n|inactive|Time left: 300 sec this turn | 300 sec total\n|\n|t:|1783557279\n|move|p2a: Corviknight|Roost|p2a: Corviknight\n|-heal|p2a: Corviknight|268/288\n|-singleturn|p2a: Corviknight|move: Roost\n|move|p1a: Regirock|Body Press|p2a: Corviknight\n|-supereffective|p2a: Corviknight\n|-damage|p2a: Corviknight|90/288\n|\n|-heal|p2a: Corviknight|108/288|[from] item: Leftovers\n|-heal|p1a: Regirock|92/100 brn|[from] item: Leftovers\n|-damage|p1a: Regirock|86/100 brn|[from] brn\n|upkeep\n|turn|19\n|inactive|Time left: 300 sec this turn | 300 sec total\n|\n|t:|1783557280\n|move|p2a: Corviknight|Roost|p2a: Corviknight\n|-heal|p2a: Corviknight|252/288\n|-singleturn|p2a: Corviknight|move: Roost\n|move|p1a: Regirock|Body Press|p2a: Corviknight\n|-supereffective|p2a: Corviknight\n|-damage|p2a: Corviknight|74/288\n|\n|-heal|p2a: Corviknight|92/288|[from] item: Leftovers\n|-heal|p1a: Regirock|92/100 brn|[from] item: Leftovers\n|-damage|p1a: Regirock|86/100 brn|[from] brn\n|upkeep\n|turn|20\n|inactive|Time left: 300 sec this turn | 300 sec total\n|\n|t:|1783557281\n|move|p2a: Corviknight|Roost|p2a: Corviknight\n|-heal|p2a: Corviknight|236/288\n|-singleturn|p2a: Corviknight|move: Roost\n|move|p1a: Regirock|Body Press|p2a: Corviknight\n|-supereffective|p2a: Corviknight\n|-damage|p2a: Corviknight|56/288\n|\n|-heal|p2a: Corviknight|74/288|[from] item: Leftovers\n|-heal|p1a: Regirock|92/100 brn|[from] item: Leftovers\n|-damage|p1a: Regirock|86/100 brn|[from] brn\n|upkeep\n|turn|21\n|inactive|Time left: 300 sec this turn | 300 sec total\n|\n|t:|1783557282\n|move|p2a: Corviknight|Roost|p2a: Corviknight\n|-heal|p2a: Corviknight|218/288\n|-singleturn|p2a: Corviknight|move: Roost\n|move|p1a: Regirock|Body Press|p2a: Corviknight\n|-supereffective|p2a: Corviknight\n|-damage|p2a: Corviknight|20/288\n|\n|-heal|p2a: Corviknight|38/288|[from] item: Leftovers\n|-heal|p1a: Regirock|92/100 brn|[from] item: Leftovers\n|-damage|p1a: Regirock|86/100 brn|[from] brn\n|upkeep\n|turn|22\n|inactive|Time left: 300 sec this turn | 300 sec total\n|\n|t:|1783557283\n|-terastallize|p2a: Corviknight|Dragon\n|move|p2a: Corviknight|Roost|p2a: Corviknight\n|-heal|p2a: Corviknight|182/288\n|move|p1a: Regirock|Body Press|p2a: Corviknight\n|-damage|p2a: Corviknight|91/288\n|\n|-heal|p2a: Corviknight|109/288|[from] item: Leftovers\n|-heal|p1a: Regirock|92/100 brn|[from] item: Leftovers\n|-damage|p1a: Regirock|86/100 brn|[from] brn\n|upkeep\n|turn|23\n|inactive|Time left: 300 sec this turn | 300 sec total\n|\n|t:|1783557284\n|move|p2a: Corviknight|Roost|p2a: Corviknight\n|-heal|p2a: Corviknight|253/288\n|move|p1a: Regirock|Iron Defense|p1a: Regirock\n|-boost|p1a: Regirock|def|2\n|\n|-heal|p2a: Corviknight|271/288|[from] item: Leftovers\n|-heal|p1a: Regirock|92/100 brn|[from] item: Leftovers\n|-damage|p1a: Regirock|86/100 brn|[from] brn\n|upkeep\n|turn|24\n|inactive|Time left: 300 sec this turn | 300 sec total\n|\n|t:|1783557285\n|move|p2a: Corviknight|Body Press|p1a: Regirock\n|-supereffective|p1a: Regirock\n|-damage|p1a: Regirock|79/100 brn\n|move|p1a: Regirock|Body Press|p2a: Corviknight\n|-damage|p2a: Corviknight|121/288\n|\n|-heal|p2a: Corviknight|139/288|[from] item: Leftovers\n|-heal|p1a: Regirock|85/100 brn|[from] item: Leftovers\n|-damage|p1a: Regirock|79/100 brn|[from] brn\n|upkeep\n|turn|25\n|inactive|Time left: 300 sec this turn | 300 sec total\n|\n|t:|1783557287\n|move|p2a: Corviknight|Roost|p2a: Corviknight\n|-heal|p2a: Corviknight|283/288\n|move|p1a: Regirock|Body Press|p2a: Corviknight\n|-damage|p2a: Corviknight|133/288\n|\n|-heal|p2a: Corviknight|151/288|[from] item: Leftovers\n|-heal|p1a: Regirock|85/100 brn|[from] item: Leftovers\n|-damage|p1a: Regirock|79/100 brn|[from] brn\n|upkeep\n|turn|26\n|inactive|Time left: 300 sec this turn | 300 sec total\n|\n|t:|1783557288\n|switch|p2a: Slither Wing|Slither Wing, L81|270/270\n|move|p1a: Regirock|Body Press|p2a: Slither Wing\n|-resisted|p2a: Slither Wing\n|-damage|p2a: Slither Wing|183/270\n|\n|-heal|p1a: Regirock|85/100 brn|[from] item: Leftovers\n|-damage|p1a: Regirock|79/100 brn|[from] brn\n|upkeep\n|turn|27\n|inactive|Time left: 300 sec this turn | 300 sec total\n|\n|t:|1783557289\n|move|p2a: Slither Wing|Morning Sun|p2a: Slither Wing\n|-heal|p2a: Slither Wing|270/270\n|move|p1a: Regirock|Body Press|p2a: Slither Wing\n|-resisted|p2a: Slither Wing\n|-damage|p2a: Slither Wing|190/270\n|\n|-heal|p1a: Regirock|85/100 brn|[from] item: Leftovers\n|-damage|p1a: Regirock|79/100 brn|[from] brn\n|upkeep\n|turn|28\n|inactive|Time left: 300 sec this turn | 300 sec total\n|\n|t:|1783557290\n|move|p2a: Slither Wing|Morning Sun|p2a: Slither Wing\n|-heal|p2a: Slither Wing|270/270\n|move|p1a: Regirock|Body Press|p2a: Slither Wing\n|-resisted|p2a: Slither Wing\n|-damage|p2a: Slither Wing|181/270\n|\n|-heal|p1a: Regirock|85/100 brn|[from] item: Leftovers\n|-damage|p1a: Regirock|79/100 brn|[from] brn\n|upkeep\n|turn|29\n|inactive|Time left: 300 sec this turn | 300 sec total\n|\n|t:|1783557291\n|move|p2a: Slither Wing|Morning Sun|p2a: Slither Wing\n|-heal|p2a: Slither Wing|270/270\n|move|p1a: Regirock|Body Press|p2a: Slither Wing\n|-resisted|p2a: Slither Wing\n|-damage|p2a: Slither Wing|190/270\n|\n|-heal|p1a: Regirock|85/100 brn|[from] item: Leftovers\n|-damage|p1a: Regirock|79/100 brn|[from] brn\n|upkeep\n|turn|30\n|inactive|Time left: 300 sec this turn | 300 sec total\n|\n|t:|1783557292\n|move|p2a: Slither Wing|Morning Sun|p2a: Slither Wing\n|-heal|p2a: Slither Wing|270/270\n|move|p1a: Regirock|Body Press|p2a: Slither Wing\n|-resisted|p2a: Slither Wing\n|-damage|p2a: Slither Wing|179/270\n|\n|-heal|p1a: Regirock|85/100 brn|[from] item: Leftovers\n|-damage|p1a: Regirock|79/100 brn|[from] brn\n|upkeep\n|turn|31\n|inactive|Time left: 300 sec this turn | 300 sec total\n|\n|t:|1783557293\n|move|p2a: Slither Wing|Morning Sun|p2a: Slither Wing\n|-heal|p2a: Slither Wing|270/270\n|move|p1a: Regirock|Iron Defense|p1a: Regirock\n|-boost|p1a: Regirock|def|2\n|\n|-heal|p1a: Regirock|85/100 brn|[from] item: Leftovers\n|-damage|p1a: Regirock|79/100 brn|[from] brn\n|upkeep\n|turn|32\n|inactive|Time left: 300 sec this turn | 300 sec total\n|\n|t:|1783557294\n|move|p2a: Slither Wing|Will-O-Wisp|p1a: Regirock\n|-fail|p1a: Regirock|brn\n|move|p1a: Regirock|Body Press|p2a: Slither Wing\n|-resisted|p2a: Slither Wing\n|-damage|p2a: Slither Wing|153/270\n|\n|-heal|p1a: Regirock|85/100 brn|[from] item: Leftovers\n|-damage|p1a: Regirock|79/100 brn|[from] brn\n|upkeep\n|turn|33\n|inactive|Time left: 300 sec this turn | 300 sec total\n|\n|t:|1783557295\n|move|p2a: Slither Wing|Morning Sun|p2a: Slither Wing\n|-heal|p2a: Slither Wing|270/270\n|move|p1a: Regirock|Stone Edge|p2a: Slither Wing\n|-damage|p2a: Slither Wing|210/270\n|\n|-heal|p1a: Regirock|85/100 brn|[from] item: Leftovers\n|-damage|p1a: Regirock|79/100 brn|[from] brn\n|upkeep\n|turn|34\n|inactive|Time left: 300 sec this turn | 300 sec total\n|\n|t:|1783557296\n|move|p2a: Slither Wing|Will-O-Wisp|p1a: Regirock\n|-fail|p1a: Regirock|brn\n|move|p1a: Regirock|Thunder Wave|p2a: Slither Wing\n|-status|p2a: Slither Wing|par\n|\n|-heal|p1a: Regirock|85/100 brn|[from] item: Leftovers\n|-damage|p1a: Regirock|79/100 brn|[from] brn\n|upkeep\n|turn|35\n|inactive|Time left: 300 sec this turn | 300 sec total\n|\n|t:|1783557296\n|move|p1a: Regirock|Stone Edge|p2a: Slither Wing|[miss]\n|-miss|p1a: Regirock|p2a: Slither Wing\n|move|p2a: Slither Wing|Morning Sun|p2a: Slither Wing\n|-heal|p2a: Slither Wing|270/270 par\n|\n|-heal|p1a: Regirock|85/100 brn|[from] item: Leftovers\n|-damage|p1a: Regirock|79/100 brn|[from] brn\n|upkeep\n|turn|36\n|inactive|Time left: 300 sec this turn | 300 sec total\n|\n|t:|1783557297\n|move|p1a: Regirock|Stone Edge|p2a: Slither Wing\n|-damage|p2a: Slither Wing|207/270 par\n|cant|p2a: Slither Wing|par\n|\n|-heal|p1a: Regirock|85/100 brn|[from] item: Leftovers\n|-damage|p1a: Regirock|79/100 brn|[from] brn\n|upkeep\n|turn|37\n|inactive|Time left: 300 sec this turn | 300 sec total\n|\n|t:|1783557298\n|move|p1a: Regirock|Stone Edge|p2a: Slither Wing\n|-damage|p2a: Slither Wing|150/270 par\n|cant|p2a: Slither Wing|par\n|\n|-heal|p1a: Regirock|85/100 brn|[from] item: Leftovers\n|-damage|p1a: Regirock|79/100 brn|[from] brn\n|upkeep\n|turn|38\n|inactive|Time left: 300 sec this turn | 300 sec total\n|\n|t:|1783557299\n|move|p1a: Regirock|Body Press|p2a: Slither Wing\n|-resisted|p2a: Slither Wing\n|-damage|p2a: Slither Wing|47/270 par\n|move|p2a: Slither Wing|Close Combat|p1a: Regirock\n|-supereffective|p1a: Regirock\n|-damage|p1a: Regirock|63/100 brn\n|-unboost|p2a: Slither Wing|def|1\n|-unboost|p2a: Slither Wing|spd|1\n|\n|-heal|p1a: Regirock|69/100 brn|[from] item: Leftovers\n|-damage|p1a: Regirock|63/100 brn|[from] brn\n|upkeep\n|turn|39\n|inactive|Time left: 300 sec this turn | 300 sec total\n|\n|t:|1783557300\n|-end|p2a: Slither Wing|Protosynthesis|[silent]\n|switch|p2a: Corviknight|Corviknight, L80, F, tera:Dragon|151/288\n|move|p1a: Regirock|Stone Edge|p2a: Corviknight\n|-damage|p2a: Corviknight|100/288\n|\n|-heal|p2a: Corviknight|118/288|[from] item: Leftovers\n|-heal|p1a: Regirock|69/100 brn|[from] item: Leftovers\n|-damage|p1a: Regirock|63/100 brn|[from] brn\n|upkeep\n|turn|40\n|inactive|Time left: 300 sec this turn | 300 sec total\n|\n|t:|1783557301\n|move|p2a: Corviknight|Body Press|p1a: Regirock\n|-supereffective|p1a: Regirock\n|-damage|p1a: Regirock|56/100 brn\n|move|p1a: Regirock|Thunder Wave|p2a: Corviknight\n|-status|p2a: Corviknight|par\n|\n|-heal|p1a: Regirock|62/100 brn|[from] item: Leftovers\n|-heal|p2a: Corviknight|136/288 par|[from] item: Leftovers\n|-damage|p1a: Regirock|56/100 brn|[from] brn\n|upkeep\n|turn|41\n|inactive|Time left: 300 sec this turn | 300 sec total\n|\n|t:|1783557302\n|move|p1a: Regirock|Stone Edge|p2a: Corviknight\n|-damage|p2a: Corviknight|82/288 par\n|move|p2a: Corviknight|Body Press|p1a: Regirock\n|-supereffective|p1a: Regirock\n|-damage|p1a: Regirock|51/100 brn\n|\n|-heal|p1a: Regirock|57/100 brn|[from] item: Leftovers\n|-heal|p2a: Corviknight|100/288 par|[from] item: Leftovers\n|-damage|p1a: Regirock|51/100 brn|[from] brn\n|upkeep\n|turn|42\n|inactive|Time left: 300 sec this turn | 300 sec total\n|\n|t:|1783557304\n|move|p1a: Regirock|Stone Edge|p2a: Corviknight\n|-damage|p2a: Corviknight|49/288 par\n|move|p2a: Corviknight|Body Press|p1a: Regirock\n|-supereffective|p1a: Regirock\n|-damage|p1a: Regirock|45/100 brn\n|\n|-heal|p1a: Regirock|51/100 brn|[from] item: Leftovers\n|-heal|p2a: Corviknight|67/288 par|[from] item: Leftovers\n|-damage|p1a: Regirock|45/100 brn|[from] brn\n|upkeep\n|turn|43\n|inactive|Time left: 300 sec this turn | 300 sec total\n|\n|t:|1783557305\n|move|p1a: Regirock|Iron Defense|p1a: Regirock\n|-boost|p1a: Regirock|def|0\n|cant|p2a: Corviknight|par\n|\n|-heal|p1a: Regirock|51/100 brn|[from] item: Leftovers\n|-heal|p2a: Corviknight|85/288 par|[from] item: Leftovers\n|-damage|p1a: Regirock|45/100 brn|[from] brn\n|upkeep\n|turn|44\n|inactive|Time left: 300 sec this turn | 300 sec total\n|\n|t:|1783557306\n|move|p1a: Regirock|Thunder Wave|p2a: Corviknight\n|-fail|p2a: Corviknight|par\n|move|p2a: Corviknight|Body Press|p1a: Regirock\n|-supereffective|p1a: Regirock\n|-damage|p1a: Regirock|40/100 brn\n|\n|-heal|p1a: Regirock|46/100 brn|[from] item: Leftovers\n|-heal|p2a: Corviknight|103/288 par|[from] item: Leftovers\n|-damage|p1a: Regirock|40/100 brn|[from] brn\n|upkeep\n|turn|45\n|inactive|Time left: 300 sec this turn | 300 sec total\n|\n|t:|1783557307\n|move|p1a: Regirock|Stone Edge|p2a: Corviknight\n|-damage|p2a: Corviknight|51/288 par\n|move|p2a: Corviknight|Body Press|p1a: Regirock\n|-supereffective|p1a: Regirock\n|-damage|p1a: Regirock|34/100 brn\n|\n|-heal|p1a: Regirock|40/100 brn|[from] item: Leftovers\n|-heal|p2a: Corviknight|69/288 par|[from] item: Leftovers\n|-damage|p1a: Regirock|34/100 brn|[from] brn\n|upkeep\n|turn|46\n|inactive|Time left: 300 sec this turn | 300 sec total\n|\n|t:|1783557308\n|switch|p1a: Okidogi|Okidogi, L77, M, tera:Dark|61/100\n|cant|p2a: Corviknight|par\n|\n|-heal|p2a: Corviknight|87/288 par|[from] item: Leftovers\n|upkeep\n|turn|47\n|inactive|Time left: 300 sec this turn | 300 sec total\n|\n|t:|1783557309\n|move|p1a: Okidogi|Knock Off|p2a: Corviknight\n|-damage|p2a: Corviknight|0 fnt\n|-enditem|p2a: Corviknight|Leftovers|[from] move: Knock Off|[of] p1a: Okidogi\n|faint|p2a: Corviknight\n|\n|upkeep\n|inactive|Time left: 300 sec this turn | 300 sec total | 5 sec grace\n|\n|t:|1783557310\n|switch|p2a: Slither Wing|Slither Wing, L81|47/270 par\n|turn|48\n|inactive|Time left: 300 sec this turn | 300 sec total\n|\n|t:|1783557311\n|move|p1a: Okidogi|Knock Off|p2a: Slither Wing\n|-resisted|p2a: Slither Wing\n|-damage|p2a: Slither Wing|0 fnt\n|-enditem|p2a: Slither Wing|Heavy-Duty Boots|[from] move: Knock Off|[of] p1a: Okidogi\n|faint|p2a: Slither Wing\n|-end|p2a: Slither Wing|Protosynthesis|[silent]\n|\n|upkeep\n|inactive|Time left: 300 sec this turn | 300 sec total | 5 sec grace\n|\n|t:|1783557312\n|switch|p2a: Delibird|Delibird, F|252/252\n|turn|49\n|inactive|Time left: 300 sec this turn | 300 sec total\n|\n|t:|1783557313\n|move|p2a: Delibird|Brave Bird|p1a: Okidogi\n|-damage|p1a: Okidogi|18/100\n|-damage|p2a: Delibird|215/252|[from] Recoil\n|move|p1a: Okidogi|Drain Punch|p2a: Delibird\n|-damage|p2a: Delibird|98/252\n|-heal|p1a: Okidogi|41/100|[from] drain|[of] p2a: Delibird\n|\n|upkeep\n|turn|50\n|inactive|Time left: 300 sec this turn | 300 sec total\n|\n|t:|1783557314\n|move|p2a: Delibird|Brave Bird|p1a: Okidogi\n|-damage|p1a: Okidogi|0 fnt\n|faint|p1a: Okidogi\n|-damage|p2a: Delibird|63/252|[from] Recoil\n|\n|upkeep\n|\n|t:|1783557315\n|switch|p1a: Pachirisu|Pachirisu, L96, M|100/100\n|turn|51\n|inactive|Time left: 300 sec this turn | 300 sec total\n|\n|t:|1783557316\n|move|p1a: Pachirisu|Discharge|p2a: Delibird\n|-supereffective|p2a: Delibird\n|-damage|p2a: Delibird|0 fnt\n|faint|p2a: Delibird\n|\n|win|p0x15590348", "uploadtime": 1783557316, "views": 0, "rating": 0, "private": 0, "password": null, "_winner": "p0x15590348", "_our_name": "p0y15595cb8"}