{"id": "battle-gen9randombattle-2578", "formatid": "gen9randombattle", "format": "[Gen 9] Random Battle", "players": ["p0x25786c66", "p0y25789731"], "log": "|init|battle\n|title|p0x25786c66 vs. p0y25789731\n|j|\u2606p0x25786c66\n|j|\u2606p0y25789731\n|t:|1783568850\n|gametype|singles\n|player|p1|p0x25786c66|101|\n|player|p2|p0y25789731|2|\n|gen|9\n|tier|[Gen 9] Random Battle\n|rule|Species Clause: Limit one of each Pok\u00e9mon\n|rule|HP Percentage Mod: HP is shown in percentages\n|rule|Sleep Clause Mod: Limit one foe put to sleep\n|rule|Illusion Level Mod: Illusion disguises the Pok\u00e9mon's true level\n|\n|t:|1783568850\n|teamsize|p1|6\n|teamsize|p2|6\n|start\n|switch|p1a: Swalot|Swalot, L90, M|326/326\n|switch|p2a: Iron Boulder|Iron Boulder, L77|100/100\n|turn|1\n|inactive|Battle timer is ON: inactive players will automatically lose when time's up. (requested by p0y25789731)\n|inactive|Time left: 300 sec this turn | 300 sec total | 60 sec grace\n|inactive|p0x25786c66 also wants the timer to be on.\n|\n|t:|1783568851\n|move|p2a: Iron Boulder|Swords Dance|p2a: Iron Boulder\n|-boost|p2a: Iron Boulder|atk|2\n|move|p1a: Swalot|Earthquake|p2a: Iron Boulder\n|-supereffective|p2a: Iron Boulder\n|-damage|p2a: Iron Boulder|45/100\n|\n|upkeep\n|turn|2\n|inactive|Time left: 300 sec this turn | 300 sec total\n|\n|t:|1783568852\n|switch|p1a: Bronzong|Bronzong, L88|261/261\n|move|p2a: Iron Boulder|Zen Headbutt|p1a: Bronzong\n|-resisted|p1a: Bronzong\n|-damage|p1a: Bronzong|222/261\n|-damage|p2a: Iron Boulder|36/100|[from] item: Life Orb\n|\n|-heal|p1a: Bronzong|238/261|[from] item: Leftovers\n|upkeep\n|turn|3\n|inactive|Time left: 300 sec this turn | 300 sec total\n|\n|t:|1783568854\n|-terastallize|p2a: Iron Boulder|Fighting\n|move|p2a: Iron Boulder|Close Combat|p1a: Bronzong\n|-damage|p1a: Bronzong|0 fnt\n|-unboost|p2a: Iron Boulder|def|1\n|-unboost|p2a: Iron Boulder|spd|1\n|faint|p1a: Bronzong\n|-damage|p2a: Iron Boulder|26/100|[from] item: Life Orb\n|\n|upkeep\n|inactive|Time left: 300 sec this turn | 300 sec total | 5 sec grace\n|\n|t:|1783568854\n|switch|p1a: Persian|Persian-Alola, L86, F|252/252\n|turn|4\n|inactive|Time left: 300 sec this turn | 300 sec total\n|\n|t:|1783568856\n|-end|p2a: Iron Boulder|Quark Drive|[silent]\n|switch|p2a: Arboliva|Arboliva, L91, F|100/100\n|move|p1a: Persian|Foul Play|p2a: Arboliva\n|-crit|p2a: Arboliva\n|-damage|p2a: Arboliva|72/100\n|-fieldstart|move: Grassy Terrain|[from] ability: Seed Sower|[of] p2a: Arboliva\n|\n|-heal|p2a: Arboliva|78/100|[from] Grassy Terrain\n|-heal|p2a: Arboliva|85/100|[from] item: Leftovers\n|upkeep\n|turn|5\n|inactive|Time left: 300 sec this turn | 300 sec total\n|\n|t:|1783568857\n|move|p1a: Persian|Parting Shot|p2a: Arboliva\n|-unboost|p2a: Arboliva|atk|1\n|-unboost|p2a: Arboliva|spa|1\n|inactive|Time left: 300 sec this turn | 300 sec total | 5 sec grace\n|\n|t:|1783568858\n|switch|p1a: Swalot|Swalot, L90, M|326/326|[from] Parting Shot\n|move|p2a: Arboliva|Hyper Voice|p1a: Swalot\n|-damage|p1a: Swalot|233/326\n|\n|-heal|p1a: Swalot|253/326|[from] Grassy Terrain\n|-heal|p1a: Swalot|273/326|[from] item: Leftovers\n|-heal|p2a: Arboliva|91/100|[from] Grassy Terrain\n|-heal|p2a: Arboliva|97/100|[from] item: Leftovers\n|upkeep\n|turn|6\n|inactive|Time left: 300 sec this turn | 300 sec total\n|\n|t:|1783568859\n|switch|p2a: Espathra|Espathra, L80, F|100/100\n|move|p1a: Swalot|Sludge Bomb|p2a: Espathra\n|-damage|p2a: Espathra|59/100\n|\n|-heal|p2a: Espathra|65/100|[from] Grassy Terrain\n|-heal|p2a: Espathra|71/100|[from] item: Leftovers\n|-heal|p1a: Swalot|293/326|[from] Grassy Terrain\n|-heal|p1a: Swalot|313/326|[from] item: Leftovers\n|upkeep\n|turn|7\n|inactive|Time left: 300 sec this turn | 300 sec total\n|\n|t:|1783568860\n|move|p2a: Espathra|Calm Mind|p2a: Espathra\n|-boost|p2a: Espathra|spa|1\n|-boost|p2a: Espathra|spd|1\n|move|p1a: Swalot|Toxic|p2a: Espathra\n|-status|p2a: Espathra|tox\n|\n|-heal|p2a: Espathra|77/100 tox|[from] Grassy Terrain\n|-heal|p2a: Espathra|83/100 tox|[from] item: Leftovers\n|-heal|p1a: Swalot|326/326|[from] Grassy Terrain\n|-damage|p2a: Espathra|77/100 tox|[from] psn\n|-ability|p2a: Espathra|Speed Boost|boost\n|-boost|p2a: Espathra|spe|1\n|upkeep\n|turn|8\n|inactive|Time left: 300 sec this turn | 300 sec total\n|\n|t:|1783568861\n|move|p2a: Espathra|Stored Power|p1a: Swalot\n|-supereffective|p1a: Swalot\n|-damage|p1a: Swalot|72/326\n|move|p1a: Swalot|Sludge Bomb|p2a: Espathra\n|-damage|p2a: Espathra|50/100 tox\n|\n|-heal|p2a: Espathra|56/100 tox|[from] Grassy Terrain\n|-heal|p2a: Espathra|62/100 tox|[from] item: Leftovers\n|-heal|p1a: Swalot|92/326|[from] Grassy Terrain\n|-heal|p1a: Swalot|112/326|[from] item: Leftovers\n|-damage|p2a: Espathra|50/100 tox|[from] psn\n|-fieldend|move: Grassy Terrain\n|-ability|p2a: Espathra|Speed Boost|boost\n|-boost|p2a: Espathra|spe|1\n|upkeep\n|turn|9\n|inactive|Time left: 300 sec this turn | 300 sec total\n|\n|t:|1783568862\n|move|p2a: Espathra|Stored Power|p1a: Swalot\n|-supereffective|p1a: Swalot\n|-damage|p1a: Swalot|0 fnt\n|faint|p1a: Swalot\n|\n|-heal|p2a: Espathra|56/100 tox|[from] item: Leftovers\n|-damage|p2a: Espathra|38/100 tox|[from] psn\n|-ability|p2a: Espathra|Speed Boost|boost\n|-boost|p2a: Espathra|spe|1\n|upkeep\n|inactive|Time left: 300 sec this turn | 300 sec total | 5 sec grace\n|\n|t:|1783568863\n|switch|p1a: Diancie|Diancie, L82|216/216\n|turn|10\n|inactive|Time left: 300 sec this turn | 300 sec total\n|\n|t:|1783568864\n|switch|p2a: Arboliva|Arboliva, L91, F|97/100\n|move|p1a: Diancie|Diamond Storm|p2a: Arboliva\n|-damage|p2a: Arboliva|67/100\n|-fieldstart|move: Grassy Terrain|[from] ability: Seed Sower|[of] p2a: Arboliva\n|\n|-heal|p2a: Arboliva|73/100|[from] Grassy Terrain\n|-heal|p2a: Arboliva|79/100|[from] item: Leftovers\n|upkeep\n|turn|11\n|inactive|Time left: 300 sec this turn | 300 sec total\n|\n|t:|1783568865\n|-terastallize|p1a: Diancie|Fighting\n|move|p1a: Diancie|Body Press|p2a: Arboliva\n|-supereffective|p2a: Arboliva\n|-damage|p2a: Arboliva|7/100\n|move|p2a: Arboliva|Energy Ball|p1a: Diancie\n|-damage|p1a: Diancie|92/216\n|\n|-heal|p1a: Diancie|105/216|[from] Grassy Terrain\n|-heal|p1a: Diancie|118/216|[from] item: Leftovers\n|-heal|p2a: Arboliva|13/100|[from] Grassy Terrain\n|-heal|p2a: Arboliva|19/100|[from] item: Leftovers\n|upkeep\n|turn|12\n|inactive|Time left: 300 sec this turn | 300 sec total\n|\n|t:|1783568866\n|switch|p2a: Glimmora|Glimmora, L75, M|100/100\n|move|p1a: Diancie|Diamond Storm|p2a: Glimmora\n|-damage|p2a: Glimmora|52/100\n|-activate|p2a: Glimmora|ability: Toxic Debris\n|-sidestart|p1: p0x25786c66|move: Toxic Spikes\n|\n|-heal|p2a: Glimmora|58/100|[from] Grassy Terrain\n|-heal|p1a: Diancie|131/216|[from] Grassy Terrain\n|-heal|p1a: Diancie|144/216|[from] item: Leftovers\n|upkeep\n|turn|13\n|inactive|Time left: 300 sec this turn | 300 sec total\n|\n|t:|1783568867\n|move|p2a: Glimmora|Meteor Beam||[still]\n|-prepare|p2a: Glimmora|Meteor Beam\n|-boost|p2a: Glimmora|spa|1\n|-enditem|p2a: Glimmora|Power Herb\n|-anim|p2a: Glimmora|Meteor Beam|p1a: Diancie\n|-resisted|p1a: Diancie\n|-damage|p1a: Diancie|84/216\n|move|p1a: Diancie|Diamond Storm|p2a: Glimmora\n|-damage|p2a: Glimmora|13/100\n|-activate|p2a: Glimmora|ability: Toxic Debris\n|-sidestart|p1: p0x25786c66|move: Toxic Spikes\n|\n|-heal|p2a: Glimmora|19/100|[from] Grassy Terrain\n|-heal|p1a: Diancie|97/216|[from] Grassy Terrain\n|-heal|p1a: Diancie|110/216|[from] item: Leftovers\n|upkeep\n|turn|14\n|inactive|Time left: 300 sec this turn | 300 sec total\n|\n|t:|1783568868\n|move|p2a: Glimmora|Sludge Wave|p1a: Diancie\n|-damage|p1a: Diancie|0 fnt\n|faint|p1a: Diancie\n|\n|-heal|p2a: Glimmora|25/100|[from] Grassy Terrain\n|-fieldend|move: Grassy Terrain\n|upkeep\n|inactive|Time left: 300 sec this turn | 300 sec total | 5 sec grace\n|\n|t:|1783568869\n|switch|p1a: Galvantula|Galvantula, L82, M|249/249\n|turn|15\n|inactive|Time left: 300 sec this turn | 300 sec total\n|\n|t:|1783568870\n|move|p1a: Galvantula|Sticky Web|p2a: Glimmora\n|-sidestart|p2: p0y25789731|move: Sticky Web\n|move|p2a: Glimmora|Sludge Wave|p1a: Galvantula\n|-damage|p1a: Galvantula|38/249\n|\n|upkeep\n|turn|16\n|inactive|Time left: 300 sec this turn | 300 sec total\n|\n|t:|1783568871\n|switch|p2a: Arboliva|Arboliva, L91, F|19/100\n|-activate|p2a: Arboliva|move: Sticky Web\n|-unboost|p2a: Arboliva|spe|1\n|move|p1a: Galvantula|Energy Ball|p2a: Arboliva\n|-resisted|p2a: Arboliva\n|-damage|p2a: Arboliva|11/100\n|-fieldstart|move: Grassy Terrain|[from] ability: Seed Sower|[of] p2a: Arboliva\n|\n|-heal|p1a: Galvantula|53/249|[from] Grassy Terrain\n|-heal|p2a: Arboliva|17/100|[from] Grassy Terrain\n|-heal|p2a: Arboliva|24/100|[from] item: Leftovers\n|upkeep\n|turn|17\n|inactive|Time left: 300 sec this turn | 300 sec total\n|\n|t:|1783568872\n|switch|p2a: Gurdurr|Gurdurr, L85, M|100/100\n|-activate|p2a: Gurdurr|move: Sticky Web\n|-unboost|p2a: Gurdurr|spe|1\n|move|p1a: Galvantula|Bug Buzz|p2a: Gurdurr\n|-resisted|p2a: Gurdurr\n|-damage|p2a: Gurdurr|86/100\n|-unboost|p2a: Gurdurr|spd|1\n|\n|-heal|p1a: Galvantula|68/249|[from] Grassy Terrain\n|-heal|p2a: Gurdurr|92/100|[from] Grassy Terrain\n|upkeep\n|turn|18\n|inactive|Time left: 300 sec this turn | 300 sec total\n|\n|t:|1783568873\n|move|p1a: Galvantula|Thunder|p2a: Gurdurr\n|-damage|p2a: Gurdurr|31/100\n|move|p2a: Gurdurr|Knock Off|p1a: Galvantula\n|-damage|p1a: Galvantula|0 fnt\n|-enditem|p1a: Galvantula|Heavy-Duty Boots|[from] move: Knock Off|[of] p2a: Gurdurr\n|faint|p1a: Galvantula\n|\n|-heal|p2a: Gurdurr|37/100|[from] Grassy Terrain\n|upkeep\n|inactive|Time left: 300 sec this turn | 300 sec total | 5 sec grace\n|\n|t:|1783568874\n|switch|p1a: Banette|Banette, L93, F|270/270\n|-status|p1a: Banette|tox\n|turn|19\n|inactive|Time left: 300 sec this turn | 300 sec total\n|\n|t:|1783568875\n|switch|p2a: Arboliva|Arboliva, L91, F|24/100\n|-activate|p2a: Arboliva|move: Sticky Web\n|-unboost|p2a: Arboliva|spe|1\n|move|p1a: Banette|Poltergeist|p2a: Arboliva\n|-immune|p2a: Arboliva\n|\n|-heal|p2a: Arboliva|30/100|[from] Grassy Terrain\n|-heal|p2a: Arboliva|36/100|[from] item: Leftovers\n|-damage|p1a: Banette|254/270 tox|[from] psn\n|upkeep\n|turn|20\n|inactive|Time left: 300 sec this turn | 300 sec total\n|\n|t:|1783568876\n|switch|p2a: Glimmora|Glimmora, L75, M|25/100\n|-activate|p2a: Glimmora|move: Sticky Web\n|-unboost|p2a: Glimmora|spe|1\n|move|p1a: Banette|Gunk Shot|p2a: Glimmora\n|-resisted|p2a: Glimmora\n|-damage|p2a: Glimmora|9/100\n|-damage|p1a: Banette|227/270 tox|[from] item: Life Orb\n|\n|-heal|p1a: Banette|243/270 tox|[from] Grassy Terrain\n|-heal|p2a: Glimmora|15/100|[from] Grassy Terrain\n|-damage|p1a: Banette|211/270 tox|[from] psn\n|-fieldend|move: Grassy Terrain\n|upkeep\n|turn|21\n|inactive|Time left: 300 sec this turn | 300 sec total\n|\n|t:|1783568876\n|switch|p1a: Persian|Persian-Alola, L86, F|252/252\n|move|p2a: Glimmora|Meteor Beam||[still]\n|-prepare|p2a: Glimmora|Meteor Beam\n|-boost|p2a: Glimmora|spa|1\n|\n|upkeep\n|turn|22\n|inactive|Time left: 300 sec this turn | 300 sec total\n|\n|t:|1783568877\n|move|p1a: Persian|Foul Play|p2a: Glimmora\n|-damage|p2a: Glimmora|0 fnt\n|faint|p2a: Glimmora\n|\n|upkeep\n|\n|t:|1783568878\n|switch|p2a: Arboliva|Arboliva, L91, F|36/100\n|-activate|p2a: Arboliva|move: Sticky Web\n|-unboost|p2a: Arboliva|spe|1\n|turn|23\n|inactive|Time left: 300 sec this turn | 300 sec total\n|\n|t:|1783568879\n|move|p1a: Persian|Thunder Wave|p2a: Arboliva|[miss]\n|-miss|p1a: Persian|p2a: Arboliva\n|move|p2a: Arboliva|Energy Ball|p1a: Persian\n|-damage|p1a: Persian|90/252\n|\n|-heal|p2a: Arboliva|42/100|[from] item: Leftovers\n|upkeep\n|turn|24\n|inactive|Time left: 300 sec this turn | 300 sec total\n|\n|t:|1783568880\n|move|p1a: Persian|Parting Shot|p2a: Arboliva\n|-unboost|p2a: Arboliva|atk|1\n|-unboost|p2a: Arboliva|spa|1\n|inactive|Time left: 300 sec this turn | 300 sec total | 5 sec grace\n|\n|t:|1783568880\n|switch|p1a: Banette|Banette, L93, F|211/270 tox|[from] Parting Shot\n|move|p2a: Arboliva|Energy Ball|p1a: Banette\n|-damage|p1a: Banette|103/270 tox\n|-unboost|p1a: Banette|spd|1\n|\n|-heal|p2a: Arboliva|48/100|[from] item: Leftovers\n|-damage|p1a: Banette|87/270 tox|[from] psn\n|upkeep\n|turn|25\n|inactive|Time left: 300 sec this turn | 300 sec total\n|\n|t:|1783568881\n|switch|p2a: Espathra|Espathra, L80, F|38/100 tox\n|-activate|p2a: Espathra|move: Sticky Web\n|-unboost|p2a: Espathra|spe|1\n|move|p1a: Banette|Gunk Shot|p2a: Espathra\n|-damage|p2a: Espathra|0 fnt\n|faint|p2a: Espathra\n|-damage|p1a: Banette|60/270 tox|[from] item: Life Orb\n|\n|-damage|p1a: Banette|28/270 tox|[from] psn\n|upkeep\n|\n|t:|1783568882\n|switch|p2a: Arboliva|Arboliva, L91, F|48/100\n|-activate|p2a: Arboliva|move: Sticky Web\n|-unboost|p2a: Arboliva|spe|1\n|turn|26\n|inactive|Time left: 300 sec this turn | 300 sec total\n|\n|t:|1783568884\n|move|p1a: Banette|Gunk Shot|p2a: Arboliva\n|-supereffective|p2a: Arboliva\n|-damage|p2a: Arboliva|0 fnt\n|-fieldstart|move: Grassy Terrain|[from] ability: Seed Sower|[of] p2a: Arboliva\n|faint|p2a: Arboliva\n|-damage|p1a: Banette|1/270 tox|[from] item: Life Orb\n|\n|-heal|p1a: Banette|17/270 tox|[from] Grassy Terrain\n|-damage|p1a: Banette|0 fnt|[from] psn\n|faint|p1a: Banette\n|upkeep\n|inactive|Time left: 300 sec this turn | 300 sec total | 5 sec grace\n|\n|t:|1783568885\n|switch|p1a: Persian|Persian-Alola, L86, F|90/252\n|switch|p2a: Urshifu|Urshifu-Rapid-Strike, L75, F|100/100\n|-activate|p2a: Urshifu|move: Sticky Web\n|-unboost|p2a: Urshifu|spe|1\n|turn|27\n|inactive|Time left: 300 sec this turn | 300 sec total\n|\n|t:|1783568886\n|move|p1a: Persian|Thunder Wave|p2a: Urshifu\n|-status|p2a: Urshifu|par\n|move|p2a: Urshifu|Close Combat|p1a: Persian\n|-supereffective|p1a: Persian\n|-damage|p1a: Persian|0 fnt\n|-unboost|p2a: Urshifu|def|1\n|-unboost|p2a: Urshifu|spd|1\n|faint|p1a: Persian\n|\n|win|p0y25789731", "uploadtime": 1783568886, "views": 0, "rating": 0, "private": 0, "password": null, "_winner": "p0y25789731", "_our_name": "p0x25786c66"}