{"id": "battle-gen9randombattle-2943", "formatid": "gen9randombattle", "format": "[Gen 9] Random Battle", "players": ["p0x2943c712", "p0y29432278"], "log": "|init|battle\n|title|p0x2943c712 vs. p0y29432278\n|j|\u2606p0x2943c712\n|j|\u2606p0y29432278\n|t:|1783572911\n|gametype|singles\n|player|p1|p0x2943c712|170|\n|player|p2|p0y29432278|2|\n|gen|9\n|tier|[Gen 9] Random Battle\n|rule|Species Clause: Limit one of each Pok\u00e9mon\n|rule|HP Percentage Mod: HP is shown in percentages\n|rule|Sleep Clause Mod: Limit one foe put to sleep\n|rule|Illusion Level Mod: Illusion disguises the Pok\u00e9mon's true level\n|\n|t:|1783572911\n|teamsize|p1|6\n|teamsize|p2|6\n|start\n|switch|p1a: Cyclizar|Cyclizar, L84, M|255/255\n|switch|p2a: Forretress|Forretress, L84, F|100/100\n|turn|1\n|inactive|Battle timer is ON: inactive players will automatically lose when time's up. (requested by p0x2943c712)\n|inactive|p0y29432278 also wants the timer to be on.\n|\n|t:|1783572912\n|move|p1a: Cyclizar|Shed Tail|p1a: Cyclizar\n|-start|p1a: Cyclizar|Substitute|[from] move: Shed Tail\n|-damage|p1a: Cyclizar|127/255\n|inactive|Time left: 300 sec this turn | 300 sec total | 65 sec grace\n|\n|t:|1783572913\n|switch|p1a: Ceruledge|Ceruledge, L78, F|245/245|[from] Shed Tail\n|move|p2a: Forretress|Iron Head|p1a: Ceruledge\n|-resisted|p1a: Ceruledge\n|-activate|p1a: Ceruledge|move: Substitute|[damage]\n|\n|upkeep\n|turn|2\n|inactive|Time left: 300 sec this turn | 300 sec total\n|\n|t:|1783572915\n|switch|p2a: Haxorus|Haxorus, L77, M|100/100\n|-ability|p2a: Haxorus|Mold Breaker\n|move|p1a: Ceruledge|Swords Dance|p1a: Ceruledge\n|-boost|p1a: Ceruledge|atk|2\n|\n|upkeep\n|turn|3\n|inactive|Time left: 300 sec this turn | 300 sec total\n|\n|t:|1783572916\n|switch|p2a: Cyclizar|Cyclizar, L84, F|100/100\n|move|p1a: Ceruledge|Poltergeist|p2a: Cyclizar\n|-immune|p2a: Cyclizar\n|\n|upkeep\n|turn|4\n|inactive|Time left: 300 sec this turn | 300 sec total\n|\n|t:|1783572916\n|move|p2a: Cyclizar|Shed Tail|p2a: Cyclizar\n|-start|p2a: Cyclizar|Substitute|[from] move: Shed Tail\n|-damage|p2a: Cyclizar|50/100\n|\n|t:|1783572917\n|switch|p2a: Araquanid|Araquanid, L82, F|100/100|[from] Shed Tail\n|move|p1a: Ceruledge|Bitter Blade|p2a: Araquanid\n|-end|p2a: Araquanid|Substitute\n|\n|upkeep\n|turn|5\n|inactive|Time left: 300 sec this turn | 300 sec total\n|\n|t:|1783572918\n|switch|p2a: Cyclizar|Cyclizar, L84, F|84/100\n|move|p1a: Ceruledge|Poltergeist|p2a: Cyclizar\n|-immune|p2a: Cyclizar\n|\n|upkeep\n|turn|6\n|inactive|Time left: 300 sec this turn | 300 sec total\n|\n|t:|1783572919\n|move|p2a: Cyclizar|Knock Off|p1a: Ceruledge\n|-supereffective|p1a: Ceruledge\n|-crit|p1a: Ceruledge\n|-end|p1a: Ceruledge|Substitute\n|move|p1a: Ceruledge|Bitter Blade|p2a: Cyclizar\n|-resisted|p2a: Cyclizar\n|-damage|p2a: Cyclizar|32/100\n|\n|upkeep\n|turn|7\n|inactive|Time left: 300 sec this turn | 300 sec total\n|\n|t:|1783572920\n|move|p2a: Cyclizar|Draco Meteor|p1a: Ceruledge|[miss]\n|-miss|p2a: Cyclizar|p1a: Ceruledge\n|move|p1a: Ceruledge|Bitter Blade|p2a: Cyclizar\n|-resisted|p2a: Cyclizar\n|-damage|p2a: Cyclizar|0 fnt\n|faint|p2a: Cyclizar\n|\n|upkeep\n|\n|t:|1783572921\n|switch|p2a: Mightyena|Mightyena, L96, M|100/100\n|-ability|p2a: Mightyena|Intimidate|boost\n|-unboost|p1a: Ceruledge|atk|1\n|turn|8\n|inactive|Time left: 300 sec this turn | 300 sec total\n|\n|t:|1783572922\n|switch|p1a: Kingambit|Kingambit, L74, M|270/270\n|move|p2a: Mightyena|Crunch|p1a: Kingambit\n|-resisted|p1a: Kingambit\n|-damage|p1a: Kingambit|227/270\n|\n|-heal|p1a: Kingambit|243/270|[from] item: Leftovers\n|upkeep\n|turn|9\n|inactive|Time left: 300 sec this turn | 300 sec total\n|\n|t:|1783572923\n|move|p2a: Mightyena|Play Rough|p1a: Kingambit\n|-damage|p1a: Kingambit|174/270\n|move|p1a: Kingambit|Swords Dance|p1a: Kingambit\n|-boost|p1a: Kingambit|atk|2\n|\n|-heal|p1a: Kingambit|190/270|[from] item: Leftovers\n|upkeep\n|turn|10\n|inactive|Time left: 300 sec this turn | 300 sec total\n|\n|t:|1783572924\n|switch|p2a: Forretress|Forretress, L84, F|100/100\n|move|p1a: Kingambit|Iron Head|p2a: Forretress\n|-resisted|p2a: Forretress\n|-damage|p2a: Forretress|78/100\n|\n|-heal|p1a: Kingambit|206/270|[from] item: Leftovers\n|-heal|p2a: Forretress|84/100|[from] item: Leftovers\n|upkeep\n|turn|11\n|inactive|Time left: 300 sec this turn | 300 sec total\n|\n|t:|1783572925\n|move|p1a: Kingambit|Kowtow Cleave|p2a: Forretress\n|-damage|p2a: Forretress|34/100\n|move|p2a: Forretress|Body Press|p1a: Kingambit\n|-supereffective|p1a: Kingambit\n|-damage|p1a: Kingambit|0 fnt\n|faint|p1a: Kingambit\n|-end|p1a: Kingambit|fallenundefined|[silent]\n|\n|-heal|p2a: Forretress|40/100|[from] item: Leftovers\n|upkeep\n|inactive|Time left: 300 sec this turn | 300 sec total | 5 sec grace\n|\n|t:|1783572926\n|switch|p1a: Ceruledge|Ceruledge, L78, F|245/245\n|turn|12\n|inactive|Time left: 300 sec this turn | 300 sec total\n|\n|t:|1783572927\n|switch|p2a: Mightyena|Mightyena, L96, M|100/100\n|-ability|p2a: Mightyena|Intimidate|boost\n|-unboost|p1a: Ceruledge|atk|1\n|move|p1a: Ceruledge|Swords Dance|p1a: Ceruledge\n|-boost|p1a: Ceruledge|atk|2\n|\n|upkeep\n|turn|13\n|inactive|Time left: 300 sec this turn | 300 sec total\n|\n|t:|1783572928\n|move|p2a: Mightyena|Crunch|p1a: Ceruledge\n|-supereffective|p1a: Ceruledge\n|-damage|p1a: Ceruledge|0 fnt\n|faint|p1a: Ceruledge\n|\n|upkeep\n|inactive|Time left: 300 sec this turn | 300 sec total | 5 sec grace\n|\n|t:|1783572929\n|switch|p1a: Bellossom|Bellossom, L84, F|263/263\n|turn|14\n|inactive|Time left: 300 sec this turn | 300 sec total\n|\n|t:|1783572930\n|move|p2a: Mightyena|Poison Fang|p1a: Bellossom\n|-supereffective|p1a: Bellossom\n|-damage|p1a: Bellossom|173/263\n|move|p1a: Bellossom|Quiver Dance|p1a: Bellossom\n|-boost|p1a: Bellossom|spa|1\n|-boost|p1a: Bellossom|spd|1\n|-boost|p1a: Bellossom|spe|1\n|\n|-heal|p1a: Bellossom|189/263|[from] item: Leftovers\n|upkeep\n|turn|15\n|inactive|Time left: 300 sec this turn | 300 sec total\n|\n|t:|1783572931\n|-terastallize|p2a: Mightyena|Poison\n|move|p1a: Bellossom|Quiver Dance|p1a: Bellossom\n|-boost|p1a: Bellossom|spa|1\n|-boost|p1a: Bellossom|spd|1\n|-boost|p1a: Bellossom|spe|1\n|move|p2a: Mightyena|Poison Fang|p1a: Bellossom\n|-supereffective|p1a: Bellossom\n|-damage|p1a: Bellossom|43/263\n|-status|p1a: Bellossom|tox\n|\n|-heal|p1a: Bellossom|59/263 tox|[from] item: Leftovers\n|-damage|p1a: Bellossom|43/263 tox|[from] psn\n|upkeep\n|turn|16\n|inactive|Time left: 300 sec this turn | 300 sec total\n|\n|t:|1783572932\n|move|p1a: Bellossom|Strength Sap|p2a: Mightyena\n|-unboost|p2a: Mightyena|atk|1\n|-heal|p1a: Bellossom|263/263 tox\n|move|p2a: Mightyena|Poison Fang|p1a: Bellossom\n|-supereffective|p1a: Bellossom\n|-damage|p1a: Bellossom|161/263 tox\n|\n|-heal|p1a: Bellossom|177/263 tox|[from] item: Leftovers\n|-damage|p1a: Bellossom|145/263 tox|[from] psn\n|upkeep\n|turn|17\n|inactive|Time left: 300 sec this turn | 300 sec total\n|\n|t:|1783572934\n|move|p1a: Bellossom|Strength Sap|p2a: Mightyena\n|-unboost|p2a: Mightyena|atk|1\n|-heal|p1a: Bellossom|263/263 tox\n|move|p2a: Mightyena|Poison Fang|p1a: Bellossom\n|-supereffective|p1a: Bellossom\n|-damage|p1a: Bellossom|183/263 tox\n|\n|-heal|p1a: Bellossom|199/263 tox|[from] item: Leftovers\n|-damage|p1a: Bellossom|151/263 tox|[from] psn\n|upkeep\n|turn|18\n|inactive|Time left: 300 sec this turn | 300 sec total\n|\n|t:|1783572935\n|move|p1a: Bellossom|Strength Sap|p2a: Mightyena\n|-unboost|p2a: Mightyena|atk|1\n|-heal|p1a: Bellossom|263/263 tox\n|move|p2a: Mightyena|Poison Fang|p1a: Bellossom\n|-supereffective|p1a: Bellossom\n|-damage|p1a: Bellossom|209/263 tox\n|\n|-heal|p1a: Bellossom|225/263 tox|[from] item: Leftovers\n|-damage|p1a: Bellossom|161/263 tox|[from] psn\n|upkeep\n|turn|19\n|inactive|Time left: 300 sec this turn | 300 sec total\n|\n|t:|1783572936\n|move|p1a: Bellossom|Giga Drain|p2a: Mightyena\n|-resisted|p2a: Mightyena\n|-damage|p2a: Mightyena|82/100\n|-heal|p1a: Bellossom|189/263 tox|[from] drain|[of] p2a: Mightyena\n|move|p2a: Mightyena|Poison Fang|p1a: Bellossom\n|-supereffective|p1a: Bellossom\n|-damage|p1a: Bellossom|133/263 tox\n|\n|-heal|p1a: Bellossom|149/263 tox|[from] item: Leftovers\n|-damage|p1a: Bellossom|69/263 tox|[from] psn\n|upkeep\n|turn|20\n|inactive|Time left: 300 sec this turn | 300 sec total\n|\n|t:|1783572937\n|move|p1a: Bellossom|Strength Sap|p2a: Mightyena\n|-unboost|p2a: Mightyena|atk|1\n|-heal|p1a: Bellossom|159/263 tox\n|move|p2a: Mightyena|Poison Fang|p1a: Bellossom\n|-supereffective|p1a: Bellossom\n|-damage|p1a: Bellossom|111/263 tox\n|\n|-heal|p1a: Bellossom|127/263 tox|[from] item: Leftovers\n|-damage|p1a: Bellossom|31/263 tox|[from] psn\n|upkeep\n|turn|21\n|inactive|Time left: 300 sec this turn | 300 sec total\n|\n|t:|1783572938\n|switch|p2a: Haxorus|Haxorus, L77, M|100/100\n|-ability|p2a: Haxorus|Mold Breaker\n|move|p1a: Bellossom|Strength Sap|p2a: Haxorus\n|-unboost|p2a: Haxorus|atk|1\n|-heal|p1a: Bellossom|263/263 tox\n|\n|-damage|p1a: Bellossom|151/263 tox|[from] psn\n|upkeep\n|turn|22\n|inactive|Time left: 300 sec this turn | 300 sec total\n|\n|t:|1783572939\n|move|p1a: Bellossom|Giga Drain|p2a: Haxorus\n|-resisted|p2a: Haxorus\n|-damage|p2a: Haxorus|59/100\n|-heal|p1a: Bellossom|202/263 tox|[from] drain|[of] p2a: Haxorus\n|move|p2a: Haxorus|Outrage|p1a: Bellossom\n|-damage|p1a: Bellossom|117/263 tox\n|\n|-heal|p1a: Bellossom|133/263 tox|[from] item: Leftovers\n|-damage|p1a: Bellossom|5/263 tox|[from] psn\n|upkeep\n|turn|23\n|inactive|Time left: 300 sec this turn | 300 sec total\n|\n|t:|1783572940\n|move|p1a: Bellossom|Sludge Bomb|p2a: Haxorus\n|-damage|p2a: Haxorus|0 fnt\n|faint|p2a: Haxorus\n|\n|-heal|p1a: Bellossom|21/263 tox|[from] item: Leftovers\n|-damage|p1a: Bellossom|0 fnt|[from] psn\n|faint|p1a: Bellossom\n|upkeep\n|inactive|Time left: 300 sec this turn | 300 sec total | 5 sec grace\n|\n|t:|1783572940\n|switch|p2a: Araquanid|Araquanid, L82, F|100/100\n|switch|p1a: Slowbro|Slowbro-Galar, L87, F|307/307\n|turn|24\n|inactive|Time left: 300 sec this turn | 300 sec total\n|\n|t:|1783572942\n|move|p2a: Araquanid|Sticky Web|p1a: Slowbro\n|-sidestart|p1: p0x2943c712|move: Sticky Web\n|move|p1a: Slowbro|Psychic|p2a: Araquanid\n|-damage|p2a: Araquanid|67/100\n|\n|upkeep\n|turn|25\n|inactive|Time left: 300 sec this turn | 300 sec total\n|\n|t:|1783572943\n|move|p2a: Araquanid|Hydro Pump|p1a: Slowbro\n|-damage|p1a: Slowbro|198/307\n|move|p1a: Slowbro|Psychic|p2a: Araquanid\n|-damage|p2a: Araquanid|35/100\n|\n|upkeep\n|turn|26\n|inactive|Time left: 300 sec this turn | 300 sec total\n|\n|t:|1783572944\n|move|p2a: Araquanid|Liquidation|p1a: Slowbro\n|-damage|p1a: Slowbro|74/307\n|-unboost|p1a: Slowbro|def|1\n|move|p1a: Slowbro|Psychic|p2a: Araquanid\n|-damage|p2a: Araquanid|4/100\n|\n|upkeep\n|turn|27\n|inactive|Time left: 300 sec this turn | 300 sec total\n|\n|t:|1783572945\n|switch|p1a: Cyclizar|Cyclizar, L84, M|212/255\n|move|p2a: Araquanid|Leech Life|p1a: Cyclizar\n|-damage|p1a: Cyclizar|131/255\n|-heal|p2a: Araquanid|20/100|[from] drain|[of] p1a: Cyclizar\n|\n|upkeep\n|turn|28\n|inactive|Time left: 300 sec this turn | 300 sec total\n|\n|t:|1783572946\n|switch|p2a: Forretress|Forretress, L84, F|40/100\n|move|p1a: Cyclizar|Rapid Spin|p2a: Forretress\n|-resisted|p2a: Forretress\n|-damage|p2a: Forretress|33/100\n|-boost|p1a: Cyclizar|spe|1\n|-sideend|p1: p0x2943c712|Sticky Web|[from] move: Rapid Spin|[of] p1a: Cyclizar\n|\n|-heal|p2a: Forretress|39/100|[from] item: Leftovers\n|upkeep\n|turn|29\n|inactive|Time left: 300 sec this turn | 300 sec total\n|\n|t:|1783572947\n|switch|p1a: Slowbro|Slowbro-Galar, L87, F|176/307\n|move|p2a: Forretress|Iron Head|p1a: Slowbro\n|-damage|p1a: Slowbro|107/307\n|\n|-heal|p2a: Forretress|45/100|[from] item: Leftovers\n|upkeep\n|turn|30\n|inactive|Time left: 300 sec this turn | 300 sec total\n|\n|t:|1783572948\n|switch|p1a: Houndstone|Houndstone, L86, M|264/264\n|move|p2a: Forretress|Iron Head|p1a: Houndstone\n|-damage|p1a: Houndstone|229/264\n|\n|-heal|p1a: Houndstone|245/264|[from] item: Leftovers\n|-heal|p2a: Forretress|51/100|[from] item: Leftovers\n|upkeep\n|turn|31\n|inactive|Time left: 300 sec this turn | 300 sec total\n|\n|t:|1783572949\n|switch|p2a: Mightyena|Mightyena, L96, M, tera:Poison|82/100\n|-ability|p2a: Mightyena|Intimidate|boost\n|-unboost|p1a: Houndstone|atk|1\n|move|p1a: Houndstone|Poltergeist|p2a: Mightyena\n|-activate|p2a: Mightyena|move: Poltergeist|Assault Vest\n|-damage|p2a: Mightyena|50/100\n|\n|-heal|p1a: Houndstone|261/264|[from] item: Leftovers\n|upkeep\n|turn|32\n|inactive|Time left: 300 sec this turn | 300 sec total\n|\n|t:|1783572950\n|move|p2a: Mightyena|Crunch|p1a: Houndstone\n|-supereffective|p1a: Houndstone\n|-damage|p1a: Houndstone|174/264\n|move|p1a: Houndstone|Poltergeist|p2a: Mightyena\n|-activate|p2a: Mightyena|move: Poltergeist|Assault Vest\n|-damage|p2a: Mightyena|22/100\n|\n|-heal|p1a: Houndstone|190/264|[from] item: Leftovers\n|upkeep\n|turn|33\n|inactive|Time left: 300 sec this turn | 300 sec total\n|\n|t:|1783572950\n|move|p2a: Mightyena|Crunch|p1a: Houndstone\n|-supereffective|p1a: Houndstone\n|-damage|p1a: Houndstone|96/264\n|-unboost|p1a: Houndstone|def|1\n|move|p1a: Houndstone|Poltergeist|p2a: Mightyena\n|-activate|p2a: Mightyena|move: Poltergeist|Assault Vest\n|-damage|p2a: Mightyena|0 fnt\n|faint|p2a: Mightyena\n|\n|-heal|p1a: Houndstone|112/264|[from] item: Leftovers\n|upkeep\n|\n|t:|1783572951\n|switch|p2a: Forretress|Forretress, L84, F|51/100\n|turn|34\n|inactive|Time left: 300 sec this turn | 300 sec total\n|\n|t:|1783572952\n|switch|p1a: Slowbro|Slowbro-Galar, L87, F|209/307\n|move|p2a: Forretress|Iron Head|p1a: Slowbro\n|-damage|p1a: Slowbro|134/307\n|\n|-heal|p2a: Forretress|57/100|[from] item: Leftovers\n|upkeep\n|turn|35\n|inactive|Time left: 300 sec this turn | 300 sec total\n|\n|t:|1783572953\n|switch|p1a: Houndstone|Houndstone, L86, M|112/264\n|move|p2a: Forretress|Iron Head|p1a: Houndstone\n|-damage|p1a: Houndstone|76/264\n|\n|-heal|p1a: Houndstone|92/264|[from] item: Leftovers\n|-heal|p2a: Forretress|63/100|[from] item: Leftovers\n|upkeep\n|turn|36\n|inactive|Time left: 300 sec this turn | 300 sec total\n|\n|t:|1783572953\n|move|p1a: Houndstone|Poltergeist|p2a: Forretress\n|-activate|p2a: Forretress|move: Poltergeist|Leftovers\n|-damage|p2a: Forretress|31/100\n|move|p2a: Forretress|Iron Head|p1a: Houndstone\n|-damage|p1a: Houndstone|56/264\n|\n|-heal|p1a: Houndstone|72/264|[from] item: Leftovers\n|-heal|p2a: Forretress|37/100|[from] item: Leftovers\n|upkeep\n|turn|37\n|inactive|Time left: 300 sec this turn | 300 sec total\n|\n|t:|1783572954\n|move|p1a: Houndstone|Poltergeist|p2a: Forretress\n|-activate|p2a: Forretress|move: Poltergeist|Leftovers\n|-damage|p2a: Forretress|4/100\n|move|p2a: Forretress|Spikes|p1a: Houndstone\n|-sidestart|p1: p0x2943c712|Spikes\n|\n|-heal|p1a: Houndstone|88/264|[from] item: Leftovers\n|-heal|p2a: Forretress|10/100|[from] item: Leftovers\n|upkeep\n|turn|38\n|inactive|Time left: 300 sec this turn | 300 sec total\n|\n|t:|1783572955\n|move|p1a: Houndstone|Poltergeist|p2a: Forretress\n|-activate|p2a: Forretress|move: Poltergeist|Leftovers\n|-damage|p2a: Forretress|0 fnt\n|faint|p2a: Forretress\n|\n|-heal|p1a: Houndstone|104/264|[from] item: Leftovers\n|upkeep\n|\n|t:|1783572956\n|switch|p2a: Pachirisu|Pachirisu, L96, M|100/100\n|turn|39\n|inactive|Time left: 300 sec this turn | 300 sec total\n|\n|t:|1783572957\n|move|p2a: Pachirisu|Thunderbolt|p1a: Houndstone\n|-damage|p1a: Houndstone|31/264\n|-status|p1a: Houndstone|par\n|move|p1a: Houndstone|Poltergeist|p2a: Pachirisu\n|-activate|p2a: Pachirisu|move: Poltergeist|Assault Vest\n|-damage|p2a: Pachirisu|49/100\n|\n|-heal|p1a: Houndstone|47/264 par|[from] item: Leftovers\n|upkeep\n|turn|40\n|inactive|Time left: 300 sec this turn | 300 sec total\n|\n|t:|1783572958\n|move|p2a: Pachirisu|Thunderbolt|p1a: Houndstone\n|-damage|p1a: Houndstone|0 fnt\n|faint|p1a: Houndstone\n|\n|upkeep\n|inactive|Time left: 300 sec this turn | 300 sec total | 5 sec grace\n|\n|t:|1783572959\n|switch|p1a: Cyclizar|Cyclizar, L84, M|216/255\n|turn|41\n|inactive|Time left: 300 sec this turn | 300 sec total\n|\n|t:|1783572960\n|move|p1a: Cyclizar|Rapid Spin|p2a: Pachirisu\n|-damage|p2a: Pachirisu|27/100\n|-boost|p1a: Cyclizar|spe|1\n|-sideend|p1: p0x2943c712|Spikes|[from] move: Rapid Spin|[of] p1a: Cyclizar\n|move|p2a: Pachirisu|Nuzzle|p1a: Cyclizar\n|-resisted|p1a: Cyclizar\n|-crit|p1a: Cyclizar\n|-damage|p1a: Cyclizar|201/255\n|-status|p1a: Cyclizar|par\n|\n|upkeep\n|turn|42\n|inactive|Time left: 300 sec this turn | 300 sec total\n|\n|t:|1783572961\n|move|p2a: Pachirisu|Super Fang|p1a: Cyclizar\n|-damage|p1a: Cyclizar|101/255 par\n|move|p1a: Cyclizar|Rapid Spin|p2a: Pachirisu\n|-damage|p2a: Pachirisu|7/100\n|-boost|p1a: Cyclizar|spe|1\n|\n|upkeep\n|turn|43\n|inactive|Time left: 300 sec this turn | 300 sec total\n|\n|t:|1783572961\n|move|p1a: Cyclizar|Rapid Spin|p2a: Pachirisu\n|-damage|p2a: Pachirisu|0 fnt\n|-boost|p1a: Cyclizar|spe|1\n|faint|p2a: Pachirisu\n|\n|upkeep\n|\n|t:|1783572962\n|switch|p2a: Araquanid|Araquanid, L82, F|20/100\n|turn|44\n|inactive|Time left: 300 sec this turn | 300 sec total\n|\n|t:|1783572963\n|-terastallize|p1a: Cyclizar|Ghost\n|move|p1a: Cyclizar|Draco Meteor|p2a: Araquanid\n|-damage|p2a: Araquanid|0 fnt\n|-unboost|p1a: Cyclizar|spa|2\n|faint|p2a: Araquanid\n|\n|win|p0x2943c712", "uploadtime": 1783572963, "views": 0, "rating": 0, "private": 0, "password": null, "_winner": "p0x2943c712", "_our_name": "p0x2943c712"}