{"id": "battle-gen9randombattle-1149", "formatid": "gen9randombattle", "format": "[Gen 9] Random Battle", "players": ["p0x1149d90b", "p0y1149691a"], "log": "|init|battle\n|title|p0x1149d90b vs. p0y1149691a\n|j|\u2606p0x1149d90b\n|j|\u2606p0y1149691a\n|t:|1783552471\n|gametype|singles\n|player|p1|p0x1149d90b|265|\n|player|p2|p0y1149691a|265|\n|gen|9\n|tier|[Gen 9] Random Battle\n|rule|Species Clause: Limit one of each Pok\u00e9mon\n|rule|HP Percentage Mod: HP is shown in percentages\n|rule|Sleep Clause Mod: Limit one foe put to sleep\n|rule|Illusion Level Mod: Illusion disguises the Pok\u00e9mon's true level\n|\n|t:|1783552471\n|teamsize|p1|6\n|teamsize|p2|6\n|start\n|switch|p1a: Frosmoth|Frosmoth, L82, F|249/249\n|switch|p2a: Quaquaval|Quaquaval, L79, M|100/100\n|turn|1\n|inactive|Battle timer is ON: inactive players will automatically lose when time's up. (requested by p0y1149691a)\n|inactive|Time left: 300 sec this turn | 300 sec total | 60 sec grace\n|inactive|p0x1149d90b also wants the timer to be on.\n|\n|t:|1783552472\n|move|p2a: Quaquaval|Close Combat|p1a: Frosmoth\n|-crit|p1a: Frosmoth\n|-damage|p1a: Frosmoth|0 fnt\n|-unboost|p2a: Quaquaval|def|1\n|-unboost|p2a: Quaquaval|spd|1\n|faint|p1a: Frosmoth\n|-ability|p2a: Quaquaval|Moxie|boost\n|-boost|p2a: Quaquaval|atk|1\n|\n|upkeep\n|inactive|Time left: 300 sec this turn | 300 sec total | 65 sec grace\n|\n|t:|1783552473\n|switch|p1a: Banette|Banette, L93, F|270/270\n|turn|2\n|inactive|Time left: 300 sec this turn | 300 sec total\n|\n|t:|1783552474\n|switch|p2a: Vespiquen|Vespiquen, L99, F|100/100\n|-ability|p2a: Vespiquen|Pressure\n|move|p1a: Banette|Poltergeist|p2a: Vespiquen\n|-activate|p2a: Vespiquen|move: Poltergeist|Heavy-Duty Boots\n|-damage|p2a: Vespiquen|43/100\n|-damage|p1a: Banette|243/270|[from] item: Life Orb\n|\n|upkeep\n|turn|3\n|inactive|Time left: 300 sec this turn | 300 sec total\n|\n|t:|1783552475\n|move|p1a: Banette|Poltergeist|p2a: Vespiquen\n|-activate|p2a: Vespiquen|move: Poltergeist|Heavy-Duty Boots\n|-damage|p2a: Vespiquen|0 fnt\n|faint|p2a: Vespiquen\n|-damage|p1a: Banette|216/270|[from] item: Life Orb\n|\n|upkeep\n|\n|t:|1783552476\n|switch|p2a: Quaquaval|Quaquaval, L79, M|100/100\n|turn|4\n|inactive|Time left: 300 sec this turn | 300 sec total\n|\n|t:|1783552477\n|move|p2a: Quaquaval|Knock Off|p1a: Banette\n|-supereffective|p1a: Banette\n|-damage|p1a: Banette|0 fnt\n|-enditem|p1a: Banette|Life Orb|[from] move: Knock Off|[of] p2a: Quaquaval\n|faint|p1a: Banette\n|-ability|p2a: Quaquaval|Moxie|boost\n|-boost|p2a: Quaquaval|atk|1\n|\n|upkeep\n|inactive|Time left: 300 sec this turn | 300 sec total | 5 sec grace\n|\n|t:|1783552478\n|switch|p1a: Thundurus|Thundurus-Therian, L80, M|258/258\n|turn|5\n|inactive|Time left: 300 sec this turn | 300 sec total\n|\n|t:|1783552479\n|switch|p2a: Rabsca|Rabsca, L91, F|100/100\n|move|p1a: Thundurus|Thunderbolt|p2a: Rabsca\n|-crit|p2a: Rabsca\n|-damage|p2a: Rabsca|43/100\n|-status|p2a: Rabsca|par\n|-activate|p2a: Rabsca|ability: Synchronize\n|-immune|p1a: Thundurus\n|\n|upkeep\n|turn|6\n|inactive|Time left: 300 sec this turn | 300 sec total\n|\n|t:|1783552481\n|move|p1a: Thundurus|Nasty Plot|p1a: Thundurus\n|-boost|p1a: Thundurus|spa|2\n|move|p2a: Rabsca|Psychic|p1a: Thundurus\n|-damage|p1a: Thundurus|114/258\n|\n|upkeep\n|turn|7\n|inactive|Time left: 300 sec this turn | 300 sec total\n|\n|t:|1783552482\n|move|p1a: Thundurus|Thunderbolt|p2a: Rabsca\n|-damage|p2a: Rabsca|0 fnt\n|faint|p2a: Rabsca\n|\n|upkeep\n|\n|t:|1783552483\n|switch|p2a: Ninetales|Ninetales, L85, M|100/100\n|-weather|SunnyDay|[from] ability: Drought|[of] p2a: Ninetales\n|turn|8\n|inactive|Time left: 300 sec this turn | 300 sec total\n|\n|t:|1783552484\n|move|p2a: Ninetales|Fire Blast|p1a: Thundurus\n|-damage|p1a: Thundurus|0 fnt\n|faint|p1a: Thundurus\n|\n|-weather|SunnyDay|[upkeep]\n|upkeep\n|inactive|Time left: 300 sec this turn | 300 sec total | 5 sec grace\n|\n|t:|1783552485\n|switch|p1a: Miraidon|Miraidon, L65|238/238\n|-fieldstart|move: Electric Terrain|[from] ability: Hadron Engine|[of] p1a: Miraidon\n|turn|9\n|inactive|Time left: 300 sec this turn | 300 sec total\n|\n|t:|1783552486\n|move|p2a: Ninetales|Nasty Plot|p2a: Ninetales\n|-boost|p2a: Ninetales|spa|2\n|move|p1a: Miraidon|Calm Mind|p1a: Miraidon\n|-boost|p1a: Miraidon|spa|1\n|-boost|p1a: Miraidon|spd|1\n|\n|-weather|SunnyDay|[upkeep]\n|upkeep\n|turn|10\n|inactive|Time left: 300 sec this turn | 300 sec total\n|\n|t:|1783552487\n|move|p2a: Ninetales|Fire Blast|p1a: Miraidon\n|-resisted|p1a: Miraidon\n|-damage|p1a: Miraidon|137/238\n|move|p1a: Miraidon|Electro Drift|p2a: Ninetales\n|-damage|p2a: Ninetales|2/100\n|-damage|p1a: Miraidon|114/238|[from] item: Life Orb\n|\n|-weather|SunnyDay|[upkeep]\n|upkeep\n|turn|11\n|inactive|Time left: 300 sec this turn | 300 sec total\n|\n|t:|1783552488\n|move|p2a: Ninetales|Scorching Sands|p1a: Miraidon\n|-supereffective|p1a: Miraidon\n|-damage|p1a: Miraidon|0 fnt\n|faint|p1a: Miraidon\n|\n|-weather|SunnyDay|[upkeep]\n|upkeep\n|inactive|Time left: 300 sec this turn | 300 sec total | 5 sec grace\n|\n|t:|1783552490\n|switch|p1a: Zamazenta|Zamazenta-Crowned, L68|238/238\n|-ability|p1a: Zamazenta|Dauntless Shield|boost\n|-boost|p1a: Zamazenta|def|1\n|turn|12\n|inactive|Time left: 300 sec this turn | 300 sec total\n|\n|t:|1783552491\n|switch|p1a: Quagsire|Quagsire, L84, M|297/297\n|move|p2a: Ninetales|Fire Blast|p1a: Quagsire|[miss]\n|-miss|p2a: Ninetales|p1a: Quagsire\n|\n|-weather|none\n|upkeep\n|turn|13\n|inactive|Time left: 300 sec this turn | 300 sec total\n|\n|t:|1783552492\n|move|p2a: Ninetales|Scorching Sands|p1a: Quagsire\n|-damage|p1a: Quagsire|243/297\n|-status|p1a: Quagsire|brn\n|move|p1a: Quagsire|Earthquake|p2a: Ninetales\n|-supereffective|p2a: Ninetales\n|-damage|p2a: Ninetales|0 fnt\n|faint|p2a: Ninetales\n|\n|-heal|p1a: Quagsire|261/297 brn|[from] item: Leftovers\n|-damage|p1a: Quagsire|243/297 brn|[from] brn\n|-fieldend|move: Electric Terrain\n|upkeep\n|\n|t:|1783552493\n|switch|p2a: Quaquaval|Quaquaval, L79, M|100/100\n|turn|14\n|inactive|Time left: 300 sec this turn | 300 sec total\n|\n|t:|1783552494\n|move|p2a: Quaquaval|Aqua Step|p1a: Quagsire\n|-damage|p1a: Quagsire|98/297 brn\n|-boost|p2a: Quaquaval|spe|1\n|move|p1a: Quagsire|Toxic|p2a: Quaquaval|[miss]\n|-miss|p1a: Quagsire|p2a: Quaquaval\n|\n|-heal|p1a: Quagsire|116/297 brn|[from] item: Leftovers\n|-damage|p1a: Quagsire|98/297 brn|[from] brn\n|upkeep\n|turn|15\n|inactive|Time left: 300 sec this turn | 300 sec total\n|\n|t:|1783552495\n|switch|p1a: Zamazenta|Zamazenta-Crowned, L68|238/238\n|move|p2a: Quaquaval|Aqua Step|p1a: Zamazenta\n|-damage|p1a: Zamazenta|126/238\n|-boost|p2a: Quaquaval|spe|1\n|\n|upkeep\n|turn|16\n|inactive|Time left: 300 sec this turn | 300 sec total\n|\n|t:|1783552496\n|switch|p1a: Quagsire|Quagsire, L84, M|98/297 brn\n|-terastallize|p2a: Quaquaval|Water\n|move|p2a: Quaquaval|Aqua Step|p1a: Quagsire\n|-damage|p1a: Quagsire|0 fnt\n|-boost|p2a: Quaquaval|spe|1\n|faint|p1a: Quagsire\n|-ability|p2a: Quaquaval|Moxie|boost\n|-boost|p2a: Quaquaval|atk|1\n|\n|upkeep\n|inactive|Time left: 300 sec this turn | 300 sec total | 5 sec grace\n|\n|t:|1783552497\n|switch|p1a: Zamazenta|Zamazenta-Crowned, L68|126/238\n|turn|17\n|inactive|Time left: 300 sec this turn | 300 sec total\n|\n|t:|1783552498\n|move|p2a: Quaquaval|Aqua Step|p1a: Zamazenta\n|-damage|p1a: Zamazenta|0 fnt\n|-boost|p2a: Quaquaval|spe|1\n|faint|p1a: Zamazenta\n|\n|win|p0y1149691a", "uploadtime": 1783552498, "views": 0, "rating": 0, "private": 0, "password": null, "_winner": "p0y1149691a", "_our_name": "p0x1149d90b"}