{"id": "battle-gen9randombattle-502", "formatid": "gen9randombattle", "format": "[Gen 9] Random Battle", "players": ["p0x502bcbf", "p0y50211f6"], "log": "|init|battle\n|title|p0x502bcbf vs. p0y50211f6\n|j|\u2606p0x502bcbf\n|j|\u2606p0y50211f6\n|t:|1783544852\n|gametype|singles\n|player|p1|p0x502bcbf|266|\n|player|p2|p0y50211f6|169|\n|gen|9\n|tier|[Gen 9] Random Battle\n|rule|Species Clause: Limit one of each Pok\u00e9mon\n|rule|HP Percentage Mod: HP is shown in percentages\n|rule|Sleep Clause Mod: Limit one foe put to sleep\n|rule|Illusion Level Mod: Illusion disguises the Pok\u00e9mon's true level\n|\n|t:|1783544852\n|teamsize|p1|6\n|teamsize|p2|6\n|start\n|switch|p1a: Dialga|Dialga-Origin, L73|266/266\n|switch|p2a: Seviper|Seviper, L93, M|100/100\n|-ability|p1a: Dialga|Pressure\n|turn|1\n|inactive|Battle timer is ON: inactive players will automatically lose when time's up. (requested by p0x502bcbf)\n|inactive|p0y50211f6 also wants the timer to be on.\n|\n|t:|1783544854\n|move|p1a: Dialga|Heavy Slam|p2a: Seviper\n|-damage|p2a: Seviper|49/100\n|move|p2a: Seviper|Swords Dance|p2a: Seviper\n|-boost|p2a: Seviper|atk|2\n|\n|-heal|p2a: Seviper|55/100|[from] item: Leftovers\n|upkeep\n|turn|2\n|inactive|Time left: 300 sec this turn | 300 sec total\n|\n|t:|1783544855\n|move|p1a: Dialga|Draco Meteor|p2a: Seviper\n|-damage|p2a: Seviper|0 fnt\n|-unboost|p1a: Dialga|spa|2\n|faint|p2a: Seviper\n|\n|upkeep\n|\n|t:|1783544856\n|switch|p2a: Veluza|Veluza, L85, F|100/100\n|turn|3\n|inactive|Time left: 300 sec this turn | 300 sec total\n|\n|t:|1783544857\n|switch|p1a: Hariyama|Hariyama, L87, M|392/392\n|move|p2a: Veluza|Fillet Away|p2a: Veluza\n|-boost|p2a: Veluza|atk|2\n|-boost|p2a: Veluza|spa|2\n|-boost|p2a: Veluza|spe|2\n|-damage|p2a: Veluza|50/100\n|-enditem|p2a: Veluza|Sitrus Berry|[eat]\n|-heal|p2a: Veluza|75/100|[from] item: Sitrus Berry\n|\n|-status|p1a: Hariyama|brn|[from] item: Flame Orb\n|upkeep\n|turn|4\n|inactive|Time left: 300 sec this turn | 300 sec total\n|\n|t:|1783544859\n|-terastallize|p1a: Hariyama|Normal\n|move|p2a: Veluza|Psycho Cut|p1a: Hariyama\n|-damage|p1a: Hariyama|71/392 brn\n|move|p1a: Hariyama|Facade|p2a: Veluza\n|-damage|p2a: Veluza|0 fnt\n|faint|p2a: Veluza\n|\n|-damage|p1a: Hariyama|47/392 brn|[from] brn\n|upkeep\n|\n|t:|1783544860\n|switch|p2a: Oranguru|Oranguru, L92, F|100/100\n|turn|5\n|inactive|Time left: 300 sec this turn | 300 sec total\n|\n|t:|1783544861\n|switch|p1a: Malamar|Malamar, L82, M|275/275\n|move|p2a: Oranguru|Hyper Voice|p1a: Malamar\n|-damage|p1a: Malamar|91/275\n|\n|-heal|p1a: Malamar|108/275|[from] item: Leftovers\n|upkeep\n|turn|6\n|inactive|Time left: 300 sec this turn | 300 sec total\n|\n|t:|1783544862\n|move|p1a: Malamar|Knock Off|p2a: Oranguru\n|-supereffective|p2a: Oranguru\n|-crit|p2a: Oranguru\n|-damage|p2a: Oranguru|8/100\n|-enditem|p2a: Oranguru|Choice Specs|[from] move: Knock Off|[of] p1a: Malamar\n|move|p2a: Oranguru|Hyper Voice|p1a: Malamar\n|-damage|p1a: Malamar|0 fnt\n|faint|p1a: Malamar\n|\n|upkeep\n|inactive|Time left: 300 sec this turn | 300 sec total | 5 sec grace\n|\n|t:|1783544863\n|switch|p1a: Dialga|Dialga-Origin, L73|266/266\n|-ability|p1a: Dialga|Pressure\n|turn|7\n|inactive|Time left: 300 sec this turn | 300 sec total\n|\n|t:|1783544864\n|move|p1a: Dialga|Fire Blast|p2a: Oranguru\n|-damage|p2a: Oranguru|0 fnt\n|faint|p2a: Oranguru\n|\n|upkeep\n|\n|t:|1783544865\n|switch|p2a: Incineroar|Incineroar, L82, M|100/100\n|-ability|p2a: Incineroar|Intimidate|boost\n|-unboost|p1a: Dialga|atk|1\n|turn|8\n|inactive|Time left: 300 sec this turn | 300 sec total\n|\n|t:|1783544866\n|switch|p1a: Gurdurr|Gurdurr, L85, M|283/283\n|move|p2a: Incineroar|Swords Dance|p2a: Incineroar\n|-boost|p2a: Incineroar|atk|2\n|\n|upkeep\n|turn|9\n|inactive|Time left: 300 sec this turn | 300 sec total\n|\n|t:|1783544867\n|-terastallize|p2a: Incineroar|Grass\n|move|p2a: Incineroar|Trailblaze|p1a: Gurdurr\n|-damage|p1a: Gurdurr|187/283\n|-boost|p2a: Incineroar|spe|1\n|move|p1a: Gurdurr|Drain Punch|p2a: Incineroar\n|-damage|p2a: Incineroar|70/100\n|-heal|p1a: Gurdurr|231/283|[from] drain|[of] p2a: Incineroar\n|\n|upkeep\n|turn|10\n|inactive|Time left: 300 sec this turn | 300 sec total\n|\n|t:|1783544869\n|move|p2a: Incineroar|Knock Off|p1a: Gurdurr\n|-resisted|p1a: Gurdurr\n|-damage|p1a: Gurdurr|150/283\n|-enditem|p1a: Gurdurr|Eviolite|[from] move: Knock Off|[of] p2a: Incineroar\n|move|p1a: Gurdurr|Drain Punch|p2a: Incineroar\n|-damage|p2a: Incineroar|42/100\n|-heal|p1a: Gurdurr|191/283|[from] drain|[of] p2a: Incineroar\n|\n|upkeep\n|turn|11\n|inactive|Time left: 300 sec this turn | 300 sec total\n|\n|t:|1783544870\n|move|p2a: Incineroar|Flare Blitz|p1a: Gurdurr\n|-damage|p1a: Gurdurr|0 fnt\n|faint|p1a: Gurdurr\n|-damage|p2a: Incineroar|20/100|[from] Recoil\n|\n|upkeep\n|inactive|Time left: 300 sec this turn | 300 sec total | 5 sec grace\n|\n|t:|1783544871\n|switch|p1a: Dachsbun|Dachsbun, L92, F|254/254\n|turn|12\n|inactive|Time left: 300 sec this turn | 300 sec total\n|\n|t:|1783544872\n|move|p1a: Dachsbun|Play Rough|p2a: Incineroar\n|-damage|p2a: Incineroar|0 fnt\n|faint|p2a: Incineroar\n|\n|upkeep\n|\n|t:|1783544873\n|switch|p2a: Stonjourner|Stonjourner, L91, M|100/100\n|turn|13\n|inactive|Time left: 300 sec this turn | 300 sec total\n|\n|t:|1783544874\n|move|p1a: Dachsbun|Yawn|p2a: Stonjourner\n|-start|p2a: Stonjourner|move: Yawn|[of] p1a: Dachsbun\n|move|p2a: Stonjourner|Rock Polish|p2a: Stonjourner\n|-boost|p2a: Stonjourner|spe|2\n|\n|upkeep\n|turn|14\n|inactive|Time left: 300 sec this turn | 300 sec total\n|\n|t:|1783544875\n|move|p2a: Stonjourner|Stone Edge|p1a: Dachsbun\n|-crit|p1a: Dachsbun\n|-damage|p1a: Dachsbun|32/254\n|-damage|p2a: Stonjourner|90/100|[from] item: Life Orb\n|move|p1a: Dachsbun|Wish|p1a: Dachsbun\n|\n|-heal|p1a: Dachsbun|47/254|[from] item: Leftovers\n|-end|p2a: Stonjourner|move: Yawn|[silent]\n|-status|p2a: Stonjourner|slp\n|upkeep\n|turn|15\n|inactive|Time left: 300 sec this turn | 300 sec total\n|\n|t:|1783544876\n|cant|p2a: Stonjourner|slp\n|move|p1a: Dachsbun|Play Rough|p2a: Stonjourner\n|-damage|p2a: Stonjourner|73/100 slp\n|\n|-heal|p1a: Dachsbun|174/254|[from] move: Wish|[wisher] Dachsbun\n|-heal|p1a: Dachsbun|189/254|[from] item: Leftovers\n|upkeep\n|turn|16\n|inactive|Time left: 300 sec this turn | 300 sec total\n|\n|t:|1783544877\n|cant|p2a: Stonjourner|slp\n|move|p1a: Dachsbun|Play Rough|p2a: Stonjourner\n|-damage|p2a: Stonjourner|53/100 slp\n|\n|-heal|p1a: Dachsbun|204/254|[from] item: Leftovers\n|upkeep\n|turn|17\n|inactive|Time left: 300 sec this turn | 300 sec total\n|\n|t:|1783544879\n|cant|p2a: Stonjourner|slp\n|move|p1a: Dachsbun|Play Rough|p2a: Stonjourner\n|-crit|p2a: Stonjourner\n|-damage|p2a: Stonjourner|22/100 slp\n|\n|-heal|p1a: Dachsbun|219/254|[from] item: Leftovers\n|upkeep\n|turn|18\n|inactive|Time left: 300 sec this turn | 300 sec total\n|\n|t:|1783544880\n|-curestatus|p2a: Stonjourner|slp|[msg]\n|move|p2a: Stonjourner|Stone Edge|p1a: Dachsbun\n|-damage|p1a: Dachsbun|79/254\n|-damage|p2a: Stonjourner|12/100|[from] item: Life Orb\n|move|p1a: Dachsbun|Play Rough|p2a: Stonjourner\n|-damage|p2a: Stonjourner|0 fnt\n|faint|p2a: Stonjourner\n|\n|-heal|p1a: Dachsbun|94/254|[from] item: Leftovers\n|upkeep\n|\n|t:|1783544880\n|switch|p2a: Blissey|Blissey, L85, F|100/100\n|turn|19\n|inactive|Time left: 300 sec this turn | 300 sec total\n|\n|t:|1783544881\n|switch|p1a: Regirock|Regirock, L83|268/268\n|move|p2a: Blissey|Stealth Rock|p1a: Regirock\n|-sidestart|p1: p0x502bcbf|move: Stealth Rock\n|\n|upkeep\n|turn|20\n|inactive|Time left: 300 sec this turn | 300 sec total\n|\n|t:|1783544882\n|move|p2a: Blissey|Thunder Wave|p1a: Regirock\n|-status|p1a: Regirock|par\n|move|p1a: Regirock|Body Press|p2a: Blissey\n|-supereffective|p2a: Blissey\n|-damage|p2a: Blissey|0 fnt\n|faint|p2a: Blissey\n|\n|win|p0x502bcbf", "uploadtime": 1783544882, "views": 0, "rating": 0, "private": 0, "password": null, "_winner": "p0x502bcbf", "_our_name": "p0x502bcbf"}