{"id": "battle-gen9randombattle-224", "formatid": "gen9randombattle", "format": "[Gen 9] Random Battle", "players": ["p0x224b492", "p0y224678f"], "log": "|init|battle\n|title|p0x224b492 vs. p0y224678f\n|j|\u2606p0x224b492\n|j|\u2606p0y224678f\n|t:|1783535846\n|gametype|singles\n|player|p1|p0x224b492|2|\n|player|p2|p0y224678f|170|\n|gen|9\n|tier|[Gen 9] Random Battle\n|rule|Species Clause: Limit one of each Pok\u00e9mon\n|rule|HP Percentage Mod: HP is shown in percentages\n|rule|Sleep Clause Mod: Limit one foe put to sleep\n|rule|Illusion Level Mod: Illusion disguises the Pok\u00e9mon's true level\n|\n|t:|1783535846\n|teamsize|p1|6\n|teamsize|p2|6\n|start\n|switch|p1a: Poliwrath|Poliwrath, L88, M|100/100\n|switch|p2a: Snorlax|Snorlax, L82, F|397/397\n|turn|1\n|inactive|Battle timer is ON: inactive players will automatically lose when time's up. (requested by p0x224b492)\n|inactive|Time left: 300 sec this turn | 300 sec total | 60 sec grace\n|inactive|p0y224678f also wants the timer to be on.\n|\n|t:|1783535847\n|switch|p2a: Conkeldurr|Conkeldurr, L80, F|299/299\n|move|p1a: Poliwrath|Close Combat|p2a: Conkeldurr\n|-damage|p2a: Conkeldurr|112/299\n|-unboost|p1a: Poliwrath|def|1\n|-unboost|p1a: Poliwrath|spd|1\n|-damage|p1a: Poliwrath|91/100|[from] item: Life Orb\n|\n|-status|p2a: Conkeldurr|brn|[from] item: Flame Orb\n|upkeep\n|turn|2\n|inactive|Time left: 300 sec this turn | 300 sec total\n|\n|t:|1783535848\n|switch|p2a: Ribombee|Ribombee, L83, M|235/235\n|move|p1a: Poliwrath|Close Combat|p2a: Ribombee\n|-resisted|p2a: Ribombee\n|-damage|p2a: Ribombee|180/235\n|-unboost|p1a: Poliwrath|def|1\n|-unboost|p1a: Poliwrath|spd|1\n|-damage|p1a: Poliwrath|81/100|[from] item: Life Orb\n|\n|upkeep\n|turn|3\n|inactive|Time left: 300 sec this turn | 300 sec total\n|\n|t:|1783535850\n|switch|p1a: Clodsire|Clodsire, L81, F|100/100\n|move|p2a: Ribombee|Sticky Web|p1a: Clodsire\n|-sidestart|p1: p0x224b492|move: Sticky Web\n|\n|upkeep\n|turn|4\n|inactive|Time left: 300 sec this turn | 300 sec total\n|\n|t:|1783535851\n|switch|p2a: Crawdaunt|Crawdaunt, L84, F|243/243\n|move|p1a: Clodsire|Stealth Rock|p2a: Crawdaunt\n|-sidestart|p2: p0y224678f|move: Stealth Rock\n|\n|upkeep\n|turn|5\n|inactive|Time left: 300 sec this turn | 300 sec total\n|\n|t:|1783535852\n|move|p2a: Crawdaunt|Knock Off|p1a: Clodsire\n|-damage|p1a: Clodsire|23/100\n|-enditem|p1a: Clodsire|Leftovers|[from] move: Knock Off|[of] p2a: Crawdaunt\n|-damage|p2a: Crawdaunt|219/243|[from] item: Life Orb\n|move|p1a: Clodsire|Poison Jab|p2a: Crawdaunt\n|-damage|p2a: Crawdaunt|147/243\n|-status|p2a: Crawdaunt|psn\n|\n|-damage|p2a: Crawdaunt|117/243 psn|[from] psn\n|upkeep\n|turn|6\n|inactive|Time left: 300 sec this turn | 300 sec total\n|\n|t:|1783535853\n|move|p2a: Crawdaunt|Knock Off|p1a: Clodsire\n|-damage|p1a: Clodsire|0 fnt\n|faint|p1a: Clodsire\n|-damage|p2a: Crawdaunt|93/243 psn|[from] item: Life Orb\n|\n|-damage|p2a: Crawdaunt|63/243 psn|[from] psn\n|upkeep\n|\n|t:|1783535854\n|switch|p1a: Kilowattrel|Kilowattrel, L83, M|100/100\n|turn|7\n|inactive|Time left: 300 sec this turn | 300 sec total\n|\n|t:|1783535855\n|move|p2a: Crawdaunt|Aqua Jet|p1a: Kilowattrel\n|-damage|p1a: Kilowattrel|58/100\n|-damage|p2a: Crawdaunt|39/243 psn|[from] item: Life Orb\n|move|p1a: Kilowattrel|Thunderbolt|p2a: Crawdaunt\n|-supereffective|p2a: Crawdaunt\n|-damage|p2a: Crawdaunt|0 fnt\n|faint|p2a: Crawdaunt\n|\n|upkeep\n|inactive|Time left: 300 sec this turn | 300 sec total | 5 sec grace\n|\n|t:|1783535856\n|switch|p2a: Magcargo|Magcargo, L95, F|268/268\n|turn|8\n|inactive|Time left: 300 sec this turn | 300 sec total\n|\n|t:|1783535857\n|move|p1a: Kilowattrel|Roost|p1a: Kilowattrel\n|-heal|p1a: Kilowattrel|100/100\n|-singleturn|p1a: Kilowattrel|move: Roost\n|move|p2a: Magcargo|Lava Plume|p1a: Kilowattrel\n|-damage|p1a: Kilowattrel|45/100\n|\n|upkeep\n|turn|9\n|inactive|Time left: 300 sec this turn | 300 sec total\n|\n|t:|1783535858\n|move|p1a: Kilowattrel|Roost|p1a: Kilowattrel\n|-heal|p1a: Kilowattrel|95/100\n|-singleturn|p1a: Kilowattrel|move: Roost\n|move|p2a: Magcargo|Lava Plume|p1a: Kilowattrel\n|-damage|p1a: Kilowattrel|44/100\n|\n|upkeep\n|turn|10\n|inactive|Time left: 300 sec this turn | 300 sec total\n|\n|t:|1783535859\n|move|p1a: Kilowattrel|Roost|p1a: Kilowattrel\n|-heal|p1a: Kilowattrel|94/100\n|-singleturn|p1a: Kilowattrel|move: Roost\n|move|p2a: Magcargo|Lava Plume|p1a: Kilowattrel\n|-damage|p1a: Kilowattrel|43/100\n|\n|upkeep\n|turn|11\n|inactive|Time left: 300 sec this turn | 300 sec total\n|\n|t:|1783535860\n|move|p1a: Kilowattrel|Roost|p1a: Kilowattrel\n|-heal|p1a: Kilowattrel|93/100\n|-singleturn|p1a: Kilowattrel|move: Roost\n|move|p2a: Magcargo|Lava Plume|p1a: Kilowattrel\n|-damage|p1a: Kilowattrel|41/100\n|\n|upkeep\n|turn|12\n|inactive|Time left: 300 sec this turn | 300 sec total\n|\n|t:|1783535861\n|move|p1a: Kilowattrel|Roost|p1a: Kilowattrel\n|-heal|p1a: Kilowattrel|91/100\n|-singleturn|p1a: Kilowattrel|move: Roost\n|move|p2a: Magcargo|Lava Plume|p1a: Kilowattrel\n|-damage|p1a: Kilowattrel|38/100\n|-status|p1a: Kilowattrel|brn\n|\n|-damage|p1a: Kilowattrel|32/100 brn|[from] brn\n|upkeep\n|turn|13\n|inactive|Time left: 300 sec this turn | 300 sec total\n|\n|t:|1783535862\n|move|p1a: Kilowattrel|Roost|p1a: Kilowattrel\n|-heal|p1a: Kilowattrel|82/100 brn\n|-singleturn|p1a: Kilowattrel|move: Roost\n|move|p2a: Magcargo|Lava Plume|p1a: Kilowattrel\n|-damage|p1a: Kilowattrel|29/100 brn\n|\n|-damage|p1a: Kilowattrel|23/100 brn|[from] brn\n|upkeep\n|turn|14\n|inactive|Time left: 300 sec this turn | 300 sec total\n|\n|t:|1783535863\n|move|p1a: Kilowattrel|Roost|p1a: Kilowattrel\n|-heal|p1a: Kilowattrel|73/100 brn\n|-singleturn|p1a: Kilowattrel|move: Roost\n|move|p2a: Magcargo|Lava Plume|p1a: Kilowattrel\n|-damage|p1a: Kilowattrel|14/100 brn\n|\n|-damage|p1a: Kilowattrel|8/100 brn|[from] brn\n|upkeep\n|turn|15\n|inactive|Time left: 300 sec this turn | 300 sec total\n|\n|t:|1783535864\n|move|p1a: Kilowattrel|Hurricane|p2a: Magcargo|[miss]\n|-miss|p1a: Kilowattrel|p2a: Magcargo\n|move|p2a: Magcargo|Lava Plume|p1a: Kilowattrel\n|-damage|p1a: Kilowattrel|0 fnt\n|faint|p1a: Kilowattrel\n|\n|upkeep\n|\n|t:|1783535865\n|switch|p1a: Poliwrath|Poliwrath, L88, M|81/100\n|-activate|p1a: Poliwrath|move: Sticky Web\n|-unboost|p1a: Poliwrath|spe|1\n|turn|16\n|inactive|Time left: 300 sec this turn | 300 sec total\n|\n|t:|1783535866\n|switch|p2a: Lumineon|Lumineon, L93, F|279/279\n|-damage|p2a: Lumineon|245/279|[from] Stealth Rock\n|move|p1a: Poliwrath|Liquidation|p2a: Lumineon\n|-ability|p2a: Lumineon|Storm Drain|boost\n|-boost|p2a: Lumineon|spa|1\n|\n|upkeep\n|turn|17\n|inactive|Time left: 300 sec this turn | 300 sec total\n|\n|t:|1783535867\n|move|p2a: Lumineon|Alluring Voice|p1a: Poliwrath\n|-supereffective|p1a: Poliwrath\n|-damage|p1a: Poliwrath|13/100\n|-damage|p2a: Lumineon|218/279|[from] item: Life Orb\n|move|p1a: Poliwrath|Close Combat|p2a: Lumineon\n|-damage|p2a: Lumineon|43/279\n|-unboost|p1a: Poliwrath|def|1\n|-unboost|p1a: Poliwrath|spd|1\n|-damage|p1a: Poliwrath|3/100|[from] item: Life Orb\n|\n|upkeep\n|turn|18\n|inactive|Time left: 300 sec this turn | 300 sec total\n|\n|t:|1783535868\n|move|p2a: Lumineon|Alluring Voice|p1a: Poliwrath\n|-supereffective|p1a: Poliwrath\n|-damage|p1a: Poliwrath|0 fnt\n|faint|p1a: Poliwrath\n|-damage|p2a: Lumineon|16/279|[from] item: Life Orb\n|\n|upkeep\n|\n|t:|1783535869\n|switch|p1a: Victreebel|Victreebel, L90, F|100/100\n|-activate|p1a: Victreebel|move: Sticky Web\n|-unboost|p1a: Victreebel|spe|1\n|turn|19\n|inactive|Time left: 300 sec this turn | 300 sec total\n|\n|t:|1783535870\n|move|p2a: Lumineon|Ice Beam|p1a: Victreebel\n|-supereffective|p1a: Victreebel\n|-damage|p1a: Victreebel|12/100\n|-damage|p2a: Lumineon|0 fnt|[from] item: Life Orb\n|faint|p2a: Lumineon\n|move|p1a: Victreebel|Strength Sap|p2: Lumineon|[notarget]\n|-fail|p1a: Victreebel\n|\n|upkeep\n|inactive|Time left: 300 sec this turn | 300 sec total | 5 sec grace\n|\n|t:|1783535871\n|switch|p2a: Ribombee|Ribombee, L83, M|180/235\n|turn|20\n|inactive|Time left: 300 sec this turn | 300 sec total\n|\n|t:|1783535872\n|move|p2a: Ribombee|Bug Buzz|p1a: Victreebel\n|-damage|p1a: Victreebel|0 fnt\n|faint|p1a: Victreebel\n|\n|upkeep\n|\n|t:|1783535873\n|switch|p1a: Gholdengo|Gholdengo, L77|100/100\n|-activate|p1a: Gholdengo|move: Sticky Web\n|-unboost|p1a: Gholdengo|spe|1\n|turn|21\n|inactive|Time left: 300 sec this turn | 300 sec total\n|\n|t:|1783535874\n|switch|p2a: Snorlax|Snorlax, L82, F|397/397\n|-damage|p2a: Snorlax|348/397|[from] Stealth Rock\n|move|p1a: Gholdengo|Make It Rain|p2a: Snorlax\n|-damage|p2a: Snorlax|228/397\n|-unboost|p1a: Gholdengo|spa|1\n|\n|upkeep\n|turn|22\n|inactive|Time left: 300 sec this turn | 300 sec total\n|\n|t:|1783535875\n|switch|p1a: Terapagos|Terapagos, L77, F|100/100\n|-activate|p1a: Terapagos|ability: Tera Shift\n|detailschange|p1a: Terapagos|Terapagos-Terastal, L77, F\n|-heal|p1a: Terapagos|100/100|[silent]\n|-activate|p1a: Terapagos|move: Sticky Web\n|-unboost|p1a: Terapagos|spe|1\n|move|p2a: Snorlax|Rest|p2a: Snorlax\n|-status|p2a: Snorlax|slp|[from] move: Rest\n|-heal|p2a: Snorlax|397/397 slp|[silent]\n|-enditem|p2a: Snorlax|Chesto Berry|[eat]\n|-curestatus|p2a: Snorlax|slp|[msg]\n|\n|upkeep\n|turn|23\n|inactive|Time left: 300 sec this turn | 300 sec total\n|\n|t:|1783535877\n|move|p1a: Terapagos|Calm Mind|p1a: Terapagos\n|-boost|p1a: Terapagos|spa|1\n|-boost|p1a: Terapagos|spd|1\n|move|p2a: Snorlax|Crunch|p1a: Terapagos\n|-activate|p1a: Terapagos|ability: Tera Shell\n|-resisted|p1a: Terapagos\n|-damage|p1a: Terapagos|91/100\n|\n|upkeep\n|turn|24\n|inactive|Time left: 300 sec this turn | 300 sec total\n|\n|t:|1783535878\n|move|p1a: Terapagos|Tera Starstorm|p2a: Snorlax\n|-damage|p2a: Snorlax|250/397\n|move|p2a: Snorlax|Body Slam|p1a: Terapagos\n|-damage|p1a: Terapagos|60/100\n|\n|upkeep\n|turn|25\n|inactive|Time left: 300 sec this turn | 300 sec total\n|\n|t:|1783535879\n|move|p1a: Terapagos|Tera Starstorm|p2a: Snorlax\n|-damage|p2a: Snorlax|112/397\n|move|p2a: Snorlax|Body Slam|p1a: Terapagos\n|-damage|p1a: Terapagos|25/100\n|\n|upkeep\n|turn|26\n|inactive|Time left: 300 sec this turn | 300 sec total\n|\n|t:|1783535880\n|move|p1a: Terapagos|Rest|p1a: Terapagos\n|-status|p1a: Terapagos|slp|[from] move: Rest\n|-heal|p1a: Terapagos|100/100 slp|[silent]\n|-enditem|p1a: Terapagos|Chesto Berry|[eat]\n|-curestatus|p1a: Terapagos|slp|[msg]\n|move|p2a: Snorlax|Body Slam|p1a: Terapagos\n|-activate|p1a: Terapagos|ability: Tera Shell\n|-resisted|p1a: Terapagos\n|-damage|p1a: Terapagos|85/100\n|\n|upkeep\n|turn|27\n|inactive|Time left: 300 sec this turn | 300 sec total\n|\n|t:|1783535881\n|move|p1a: Terapagos|Tera Starstorm|p2a: Snorlax\n|-damage|p2a: Snorlax|0 fnt\n|faint|p2a: Snorlax\n|\n|upkeep\n|inactive|Time left: 300 sec this turn | 300 sec total | 5 sec grace\n|\n|t:|1783535882\n|switch|p2a: Conkeldurr|Conkeldurr, L80, F|112/299 brn\n|-damage|p2a: Conkeldurr|94/299 brn|[from] Stealth Rock\n|turn|28\n|inactive|Time left: 300 sec this turn | 300 sec total\n|\n|t:|1783535883\n|switch|p1a: Gholdengo|Gholdengo, L77|100/100\n|-activate|p1a: Gholdengo|move: Sticky Web\n|-unboost|p1a: Gholdengo|spe|1\n|move|p2a: Conkeldurr|Close Combat|p1a: Gholdengo\n|-immune|p1a: Gholdengo\n|\n|-damage|p2a: Conkeldurr|76/299 brn|[from] brn\n|upkeep\n|turn|29\n|inactive|Time left: 300 sec this turn | 300 sec total\n|\n|t:|1783535884\n|move|p1a: Gholdengo|Make It Rain|p2a: Conkeldurr\n|-damage|p2a: Conkeldurr|0 fnt\n|-unboost|p1a: Gholdengo|spa|1\n|faint|p2a: Conkeldurr\n|\n|upkeep\n|inactive|Time left: 300 sec this turn | 300 sec total | 5 sec grace\n|\n|t:|1783535885\n|switch|p2a: Magcargo|Magcargo, L95, F|268/268\n|turn|30\n|inactive|Time left: 300 sec this turn | 300 sec total\n|\n|t:|1783535886\n|switch|p1a: Terapagos|Terapagos-Terastal, L77, F|85/100\n|-activate|p1a: Terapagos|move: Sticky Web\n|-unboost|p1a: Terapagos|spe|1\n|move|p2a: Magcargo|Lava Plume|p1a: Terapagos\n|-damage|p1a: Terapagos|50/100\n|-status|p1a: Terapagos|brn\n|\n|-damage|p1a: Terapagos|44/100 brn|[from] brn\n|upkeep\n|turn|31\n|inactive|Time left: 300 sec this turn | 300 sec total\n|\n|t:|1783535887\n|move|p1a: Terapagos|Calm Mind|p1a: Terapagos\n|-boost|p1a: Terapagos|spa|1\n|-boost|p1a: Terapagos|spd|1\n|move|p2a: Magcargo|Lava Plume|p1a: Terapagos\n|-damage|p1a: Terapagos|22/100 brn\n|\n|-damage|p1a: Terapagos|16/100 brn|[from] brn\n|upkeep\n|turn|32\n|inactive|Time left: 300 sec this turn | 300 sec total\n|\n|t:|1783535888\n|move|p1a: Terapagos|Earth Power|p2a: Magcargo\n|-supereffective|p2a: Magcargo\n|-damage|p2a: Magcargo|0 fnt\n|faint|p2a: Magcargo\n|\n|-damage|p1a: Terapagos|10/100 brn|[from] brn\n|upkeep\n|inactive|Time left: 300 sec this turn | 300 sec total | 5 sec grace\n|\n|t:|1783535889\n|switch|p2a: Ribombee|Ribombee, L83, M|180/235\n|turn|33\n|inactive|Time left: 300 sec this turn | 300 sec total\n|\n|t:|1783535890\n|-terastallize|p2a: Ribombee|Ghost\n|-terastallize|p1a: Terapagos|Stellar\n|detailschange|p1a: Terapagos|Terapagos-Stellar, L77, F, tera:Stellar\n|-heal|p1a: Terapagos|34/100 brn|[silent]\n|move|p2a: Ribombee|Sticky Web||[still]\n|-fail|p2a: Ribombee\n|move|p1a: Terapagos|Tera Starstorm|p2a: Ribombee\n|-supereffective|p2a: Ribombee\n|-damage|p2a: Ribombee|0 fnt\n|faint|p2a: Ribombee\n|\n|win|p0x224b492", "uploadtime": 1783535890, "views": 0, "rating": 0, "private": 0, "password": null, "_winner": "p0x224b492", "_our_name": "p0y224678f"}