{"id": "battle-gen9randombattle-1826", "formatid": "gen9randombattle", "format": "[Gen 9] Random Battle", "players": ["p0x1826296b", "p0y18260cc7"], "log": "|init|battle\n|title|p0x1826296b vs. p0y18260cc7\n|j|\u2606p0x1826296b\n|j|\u2606p0y18260cc7\n|t:|1783561134\n|gametype|singles\n|player|p1|p0x1826296b|169|\n|player|p2|p0y18260cc7|102|\n|gen|9\n|tier|[Gen 9] Random Battle\n|rule|Species Clause: Limit one of each Pok\u00e9mon\n|rule|HP Percentage Mod: HP is shown in percentages\n|rule|Sleep Clause Mod: Limit one foe put to sleep\n|rule|Illusion Level Mod: Illusion disguises the Pok\u00e9mon's true level\n|\n|t:|1783561134\n|teamsize|p1|6\n|teamsize|p2|6\n|start\n|switch|p1a: Regigigas|Regigigas, L84|322/322\n|switch|p2a: Maushold|Maushold-Four, L76|100/100\n|-start|p1a: Regigigas|ability: Slow Start\n|turn|1\n|inactive|Battle timer is ON: inactive players will automatically lose when time's up. (requested by p0x1826296b)\n|inactive|p0y18260cc7 also wants the timer to be on.\n|\n|t:|1783561135\n|move|p2a: Maushold|Population Bomb|p1a: Regigigas\n|-damage|p1a: Regigigas|301/322\n|-damage|p1a: Regigigas|282/322\n|-crit|p1a: Regigigas\n|-damage|p1a: Regigigas|254/322\n|-damage|p1a: Regigigas|233/322\n|-damage|p1a: Regigigas|212/322\n|-damage|p1a: Regigigas|191/322\n|-damage|p1a: Regigigas|173/322\n|-damage|p1a: Regigigas|155/322\n|-damage|p1a: Regigigas|134/322\n|-damage|p1a: Regigigas|115/322\n|-hitcount|p1a: Regigigas|10\n|move|p1a: Regigigas|Body Slam|p2a: Maushold\n|-damage|p2a: Maushold|61/100\n|-status|p2a: Maushold|par\n|\n|-heal|p1a: Regigigas|135/322|[from] item: Leftovers\n|upkeep\n|turn|2\n|inactive|Time left: 300 sec this turn | 300 sec total\n|\n|t:|1783561136\n|move|p1a: Regigigas|Knock Off|p2a: Maushold\n|-crit|p2a: Maushold\n|-damage|p2a: Maushold|17/100 par\n|-enditem|p2a: Maushold|Wide Lens|[from] move: Knock Off|[of] p1a: Regigigas\n|move|p2a: Maushold|Population Bomb|p1a: Regigigas\n|-damage|p1a: Regigigas|114/322\n|-damage|p1a: Regigigas|95/322\n|-damage|p1a: Regigigas|77/322\n|-hitcount|p1a: Regigigas|3\n|\n|-heal|p1a: Regigigas|97/322|[from] item: Leftovers\n|upkeep\n|turn|3\n|inactive|Time left: 300 sec this turn | 300 sec total\n|\n|t:|1783561137\n|move|p1a: Regigigas|Knock Off|p2a: Maushold\n|-damage|p2a: Maushold|0 fnt\n|faint|p2a: Maushold\n|\n|-heal|p1a: Regigigas|117/322|[from] item: Leftovers\n|upkeep\n|\n|t:|1783561138\n|switch|p2a: Zangoose|Zangoose, L85, F|100/100\n|turn|4\n|inactive|Time left: 300 sec this turn | 300 sec total\n|\n|t:|1783561140\n|move|p2a: Zangoose|Swords Dance|p2a: Zangoose\n|-boost|p2a: Zangoose|atk|2\n|move|p1a: Regigigas|Knock Off|p2a: Zangoose\n|-damage|p2a: Zangoose|76/100\n|-enditem|p2a: Zangoose|Toxic Orb|[from] move: Knock Off|[of] p1a: Regigigas\n|\n|-heal|p1a: Regigigas|137/322|[from] item: Leftovers\n|upkeep\n|turn|5\n|inactive|Time left: 300 sec this turn | 300 sec total\n|\n|t:|1783561140\n|switch|p1a: Wo-Chien|Wo-Chien, L83|277/277\n|-ability|p1a: Wo-Chien|Tablets of Ruin\n|move|p2a: Zangoose|Knock Off|p1a: Wo-Chien\n|-resisted|p1a: Wo-Chien\n|-damage|p1a: Wo-Chien|220/277\n|-enditem|p1a: Wo-Chien|Leftovers|[from] move: Knock Off|[of] p2a: Zangoose\n|\n|upkeep\n|turn|6\n|inactive|Time left: 300 sec this turn | 300 sec total\n|\n|t:|1783561142\n|move|p2a: Zangoose|Facade|p1a: Wo-Chien\n|-damage|p1a: Wo-Chien|97/277\n|move|p1a: Wo-Chien|Giga Drain|p2a: Zangoose\n|-damage|p2a: Zangoose|37/100\n|-heal|p1a: Wo-Chien|149/277|[from] drain|[of] p2a: Zangoose\n|\n|upkeep\n|turn|7\n|inactive|Time left: 300 sec this turn | 300 sec total\n|\n|t:|1783561142\n|-terastallize|p2a: Zangoose|Normal\n|move|p1a: Wo-Chien|Protect|p1a: Wo-Chien\n|-singleturn|p1a: Wo-Chien|Protect\n|move|p2a: Zangoose|Facade|p1a: Wo-Chien\n|-activate|p1a: Wo-Chien|move: Protect\n|\n|upkeep\n|turn|8\n|inactive|Time left: 300 sec this turn | 300 sec total\n|\n|t:|1783561143\n|switch|p1a: Polteageist|Polteageist, L78|222/222\n|move|p2a: Zangoose|Facade|p1a: Polteageist\n|-immune|p1a: Polteageist\n|\n|upkeep\n|turn|9\n|inactive|Time left: 300 sec this turn | 300 sec total\n|\n|t:|1783561144\n|switch|p1a: Wo-Chien|Wo-Chien, L83|149/277\n|-ability|p1a: Wo-Chien|Tablets of Ruin\n|move|p2a: Zangoose|Knock Off|p1a: Wo-Chien\n|-resisted|p1a: Wo-Chien\n|-damage|p1a: Wo-Chien|112/277\n|\n|upkeep\n|turn|10\n|inactive|Time left: 300 sec this turn | 300 sec total\n|\n|t:|1783561145\n|move|p1a: Wo-Chien|Protect|p1a: Wo-Chien\n|-singleturn|p1a: Wo-Chien|Protect\n|move|p2a: Zangoose|Facade|p1a: Wo-Chien\n|-activate|p1a: Wo-Chien|move: Protect\n|\n|upkeep\n|turn|11\n|inactive|Time left: 300 sec this turn | 300 sec total\n|\n|t:|1783561146\n|move|p2a: Zangoose|Facade|p1a: Wo-Chien\n|-damage|p1a: Wo-Chien|0 fnt\n|faint|p1a: Wo-Chien\n|\n|upkeep\n|inactive|Time left: 300 sec this turn | 300 sec total | 5 sec grace\n|\n|t:|1783561147\n|switch|p1a: Passimian|Passimian, L83, F|302/302\n|turn|12\n|inactive|Time left: 300 sec this turn | 300 sec total\n|\n|t:|1783561148\n|move|p2a: Zangoose|Facade|p1a: Passimian\n|-damage|p1a: Passimian|62/302\n|move|p1a: Passimian|Drain Punch|p2a: Zangoose\n|-supereffective|p2a: Zangoose\n|-damage|p2a: Zangoose|0 fnt\n|-heal|p1a: Passimian|110/302|[from] drain|[of] p2a: Zangoose\n|faint|p2a: Zangoose\n|\n|-heal|p1a: Passimian|128/302|[from] item: Leftovers\n|upkeep\n|\n|t:|1783561149\n|switch|p2a: Fezandipiti|Fezandipiti, L82, M|100/100\n|turn|13\n|inactive|Time left: 300 sec this turn | 300 sec total\n|\n|t:|1783561150\n|switch|p1a: Regigigas|Regigigas, L84|137/322\n|-start|p1a: Regigigas|ability: Slow Start\n|move|p2a: Fezandipiti|Play Rough|p1a: Regigigas\n|-damage|p1a: Regigigas|65/322\n|\n|-heal|p1a: Regigigas|85/322|[from] item: Leftovers\n|upkeep\n|turn|14\n|inactive|Time left: 300 sec this turn | 300 sec total\n|\n|t:|1783561151\n|move|p2a: Fezandipiti|Swords Dance|p2a: Fezandipiti\n|-boost|p2a: Fezandipiti|atk|2\n|move|p1a: Regigigas|Rest|p1a: Regigigas\n|-status|p1a: Regigigas|slp|[from] move: Rest\n|-heal|p1a: Regigigas|322/322 slp|[silent]\n|\n|upkeep\n|turn|15\n|inactive|Time left: 300 sec this turn | 300 sec total\n|\n|t:|1783561152\n|move|p2a: Fezandipiti|Gunk Shot|p1a: Regigigas\n|-damage|p1a: Regigigas|145/322 slp\n|cant|p1a: Regigigas|slp\n|move|p1a: Regigigas|Sleep Talk|p1a: Regigigas\n|move|p1a: Regigigas|Body Slam|p2a: Fezandipiti|[from] move: Sleep Talk\n|-damage|p2a: Fezandipiti|75/100\n|\n|-heal|p2a: Fezandipiti|81/100|[from] item: Leftovers\n|-heal|p1a: Regigigas|165/322 slp|[from] item: Leftovers\n|upkeep\n|turn|16\n|inactive|Time left: 300 sec this turn | 300 sec total\n|\n|t:|1783561153\n|move|p2a: Fezandipiti|Gunk Shot|p1a: Regigigas|[miss]\n|-miss|p2a: Fezandipiti|p1a: Regigigas\n|cant|p1a: Regigigas|slp\n|move|p1a: Regigigas|Sleep Talk|p1a: Regigigas\n|move|p1a: Regigigas|Knock Off|p2a: Fezandipiti|[from] move: Sleep Talk\n|-resisted|p2a: Fezandipiti\n|-damage|p2a: Fezandipiti|71/100\n|-enditem|p2a: Fezandipiti|Leftovers|[from] move: Knock Off|[of] p1a: Regigigas\n|\n|-heal|p1a: Regigigas|185/322 slp|[from] item: Leftovers\n|upkeep\n|turn|17\n|inactive|Time left: 300 sec this turn | 300 sec total\n|\n|t:|1783561154\n|move|p2a: Fezandipiti|Gunk Shot|p1a: Regigigas\n|-damage|p1a: Regigigas|0 fnt\n|faint|p1a: Regigigas\n|-end|p1a: Regigigas|Slow Start|[silent]\n|\n|upkeep\n|inactive|Time left: 300 sec this turn | 300 sec total | 5 sec grace\n|\n|t:|1783561155\n|switch|p1a: Passimian|Passimian, L83, F|128/302\n|turn|18\n|inactive|Time left: 300 sec this turn | 300 sec total\n|\n|t:|1783561156\n|move|p2a: Fezandipiti|Play Rough|p1a: Passimian\n|-supereffective|p1a: Passimian\n|-damage|p1a: Passimian|0 fnt\n|faint|p1a: Passimian\n|\n|upkeep\n|inactive|Time left: 300 sec this turn | 300 sec total | 5 sec grace\n|\n|t:|1783561157\n|switch|p1a: Gogoat|Gogoat, L88, F|360/360\n|turn|19\n|inactive|Time left: 300 sec this turn | 300 sec total\n|\n|t:|1783561158\n|switch|p1a: Polteageist|Polteageist, L78|222/222\n|move|p2a: Fezandipiti|Gunk Shot|p1a: Polteageist\n|-resisted|p1a: Polteageist\n|-damage|p1a: Polteageist|63/222\n|-status|p1a: Polteageist|psn\n|\n|-damage|p1a: Polteageist|36/222 psn|[from] psn\n|upkeep\n|turn|20\n|inactive|Time left: 300 sec this turn | 300 sec total\n|\n|t:|1783561159\n|move|p2a: Fezandipiti|Play Rough|p1a: Polteageist\n|-damage|p1a: Polteageist|0 fnt\n|faint|p1a: Polteageist\n|\n|upkeep\n|inactive|Time left: 300 sec this turn | 300 sec total | 5 sec grace\n|\n|t:|1783561160\n|switch|p1a: Meloetta|Meloetta, L82|298/298\n|turn|21\n|inactive|Time left: 300 sec this turn | 300 sec total\n|\n|t:|1783561161\n|move|p2a: Fezandipiti|Gunk Shot|p1a: Meloetta\n|-damage|p1a: Meloetta|42/298\n|move|p1a: Meloetta|Relic Song|p2a: Fezandipiti\n|-damage|p2a: Fezandipiti|36/100\n|-formechange|p1a: Meloetta|Meloetta-Pirouette|[msg]\n|-damage|p1a: Meloetta|13/298|[from] item: Life Orb\n|\n|upkeep\n|turn|22\n|inactive|Time left: 300 sec this turn | 300 sec total\n|\n|t:|1783561162\n|move|p1a: Meloetta|Triple Axel|p2a: Fezandipiti\n|-damage|p2a: Fezandipiti|26/100\n|-damage|p2a: Fezandipiti|9/100\n|-damage|p2a: Fezandipiti|0 fnt\n|faint|p2a: Fezandipiti\n|-hitcount|p2: Fezandipiti|3\n|-damage|p1a: Meloetta|0 fnt|[from] item: Life Orb\n|faint|p1a: Meloetta\n|\n|upkeep\n|inactive|Time left: 300 sec this turn | 300 sec total | 5 sec grace\n|\n|t:|1783561163\n|switch|p2a: Sandaconda|Sandaconda, L84, M|100/100\n|switch|p1a: Gogoat|Gogoat, L88, F|360/360\n|turn|23\n|inactive|Time left: 300 sec this turn | 300 sec total\n|\n|t:|1783561164\n|move|p1a: Gogoat|Bulk Up|p1a: Gogoat\n|-boost|p1a: Gogoat|atk|1\n|-boost|p1a: Gogoat|def|1\n|move|p2a: Sandaconda|Coil|p2a: Sandaconda\n|-boost|p2a: Sandaconda|atk|1\n|-boost|p2a: Sandaconda|def|1\n|-boost|p2a: Sandaconda|accuracy|1\n|\n|upkeep\n|turn|24\n|inactive|Time left: 300 sec this turn | 300 sec total\n|\n|t:|1783561165\n|move|p1a: Gogoat|Horn Leech|p2a: Sandaconda\n|-supereffective|p2a: Sandaconda\n|-damage|p2a: Sandaconda|47/100\n|move|p2a: Sandaconda|Coil|p2a: Sandaconda\n|-boost|p2a: Sandaconda|atk|1\n|-boost|p2a: Sandaconda|def|1\n|-boost|p2a: Sandaconda|accuracy|1\n|\n|-heal|p2a: Sandaconda|53/100|[from] item: Leftovers\n|upkeep\n|turn|25\n|inactive|Time left: 300 sec this turn | 300 sec total\n|\n|t:|1783561166\n|move|p1a: Gogoat|Horn Leech|p2a: Sandaconda\n|-supereffective|p2a: Sandaconda\n|-damage|p2a: Sandaconda|14/100\n|move|p2a: Sandaconda|Rest|p2a: Sandaconda\n|-status|p2a: Sandaconda|slp|[from] move: Rest\n|-heal|p2a: Sandaconda|100/100 slp|[silent]\n|\n|upkeep\n|turn|26\n|inactive|Time left: 300 sec this turn | 300 sec total\n|\n|t:|1783561167\n|move|p1a: Gogoat|Bulk Up|p1a: Gogoat\n|-boost|p1a: Gogoat|atk|1\n|-boost|p1a: Gogoat|def|1\n|cant|p2a: Sandaconda|slp\n|\n|upkeep\n|turn|27\n|inactive|Time left: 300 sec this turn | 300 sec total\n|\n|t:|1783561168\n|move|p1a: Gogoat|Horn Leech|p2a: Sandaconda\n|-supereffective|p2a: Sandaconda\n|-damage|p2a: Sandaconda|49/100 slp\n|cant|p2a: Sandaconda|slp\n|\n|-heal|p2a: Sandaconda|55/100 slp|[from] item: Leftovers\n|upkeep\n|turn|28\n|inactive|Time left: 300 sec this turn | 300 sec total\n|\n|t:|1783561169\n|move|p1a: Gogoat|Horn Leech|p2a: Sandaconda\n|-supereffective|p2a: Sandaconda\n|-damage|p2a: Sandaconda|0 fnt\n|faint|p2a: Sandaconda\n|\n|upkeep\n|\n|t:|1783561170\n|switch|p2a: Tentacruel|Tentacruel, L84, M|100/100\n|turn|29\n|inactive|Time left: 300 sec this turn | 300 sec total\n|\n|t:|1783561171\n|-terastallize|p1a: Gogoat|Water\n|move|p2a: Tentacruel|Haze|p2a: Tentacruel\n|-clearallboost\n|move|p1a: Gogoat|Rock Slide|p2a: Tentacruel|[miss]\n|-miss|p1a: Gogoat|p2a: Tentacruel\n|\n|upkeep\n|turn|30\n|inactive|Time left: 300 sec this turn | 300 sec total\n|\n|t:|1783561172\n|move|p2a: Tentacruel|Toxic|p1a: Gogoat\n|-status|p1a: Gogoat|tox\n|move|p1a: Gogoat|Bulk Up|p1a: Gogoat\n|-boost|p1a: Gogoat|atk|1\n|-boost|p1a: Gogoat|def|1\n|\n|-damage|p1a: Gogoat|338/360 tox|[from] psn\n|upkeep\n|turn|31\n|inactive|Time left: 300 sec this turn | 300 sec total\n|\n|t:|1783561173\n|move|p2a: Tentacruel|Haze|p2a: Tentacruel\n|-clearallboost\n|move|p1a: Gogoat|Rock Slide|p2a: Tentacruel\n|-damage|p2a: Tentacruel|73/100\n|\n|-heal|p2a: Tentacruel|79/100|[from] item: Leftovers\n|-heal|p1a: Gogoat|360/360 tox|[from] item: Leftovers\n|-damage|p1a: Gogoat|316/360 tox|[from] psn\n|upkeep\n|turn|32\n|inactive|Time left: 300 sec this turn | 300 sec total\n|\n|t:|1783561174\n|move|p2a: Tentacruel|Sludge Bomb|p1a: Gogoat\n|-damage|p1a: Gogoat|231/360 tox\n|move|p1a: Gogoat|Bulk Up|p1a: Gogoat\n|-boost|p1a: Gogoat|atk|1\n|-boost|p1a: Gogoat|def|1\n|\n|-heal|p2a: Tentacruel|85/100|[from] item: Leftovers\n|-heal|p1a: Gogoat|253/360 tox|[from] item: Leftovers\n|-damage|p1a: Gogoat|187/360 tox|[from] psn\n|upkeep\n|turn|33\n|inactive|Time left: 300 sec this turn | 300 sec total\n|\n|t:|1783561175\n|move|p2a: Tentacruel|Sludge Bomb|p1a: Gogoat\n|-damage|p1a: Gogoat|109/360 tox\n|move|p1a: Gogoat|Milk Drink|p1a: Gogoat\n|-heal|p1a: Gogoat|289/360 tox\n|\n|-heal|p2a: Tentacruel|91/100|[from] item: Leftovers\n|-heal|p1a: Gogoat|311/360 tox|[from] item: Leftovers\n|-damage|p1a: Gogoat|223/360 tox|[from] psn\n|upkeep\n|turn|34\n|inactive|Time left: 300 sec this turn | 300 sec total\n|\n|t:|1783561176\n|move|p2a: Tentacruel|Sludge Bomb|p1a: Gogoat\n|-damage|p1a: Gogoat|144/360 tox\n|move|p1a: Gogoat|Milk Drink|p1a: Gogoat\n|-heal|p1a: Gogoat|324/360 tox\n|\n|-heal|p2a: Tentacruel|98/100|[from] item: Leftovers\n|-heal|p1a: Gogoat|346/360 tox|[from] item: Leftovers\n|-damage|p1a: Gogoat|236/360 tox|[from] psn\n|upkeep\n|turn|35\n|inactive|Time left: 300 sec this turn | 300 sec total\n|\n|t:|1783561177\n|move|p2a: Tentacruel|Sludge Bomb|p1a: Gogoat\n|-damage|p1a: Gogoat|152/360 tox\n|move|p1a: Gogoat|Milk Drink|p1a: Gogoat\n|-heal|p1a: Gogoat|332/360 tox\n|\n|-heal|p2a: Tentacruel|100/100|[from] item: Leftovers\n|-heal|p1a: Gogoat|354/360 tox|[from] item: Leftovers\n|-damage|p1a: Gogoat|222/360 tox|[from] psn\n|upkeep\n|turn|36\n|inactive|Time left: 300 sec this turn | 300 sec total\n|\n|t:|1783561178\n|move|p2a: Tentacruel|Haze|p2a: Tentacruel\n|-clearallboost\n|move|p1a: Gogoat|Milk Drink|p1a: Gogoat\n|-heal|p1a: Gogoat|360/360 tox\n|\n|-damage|p1a: Gogoat|206/360 tox|[from] psn\n|upkeep\n|turn|37\n|inactive|Time left: 300 sec this turn | 300 sec total\n|\n|t:|1783561179\n|move|p2a: Tentacruel|Surf|p1a: Gogoat\n|-resisted|p1a: Gogoat\n|-damage|p1a: Gogoat|167/360 tox\n|move|p1a: Gogoat|Milk Drink|p1a: Gogoat\n|-heal|p1a: Gogoat|347/360 tox\n|\n|-heal|p1a: Gogoat|360/360 tox|[from] item: Leftovers\n|-damage|p1a: Gogoat|184/360 tox|[from] psn\n|upkeep\n|turn|38\n|inactive|Time left: 300 sec this turn | 300 sec total\n|\n|t:|1783561179\n|switch|p2a: Toedscruel|Toedscruel, L87, M|100/100\n|move|p1a: Gogoat|Horn Leech|p2a: Toedscruel\n|-damage|p2a: Toedscruel|63/100\n|-heal|p1a: Gogoat|237/360 tox|[from] drain|[of] p2a: Toedscruel\n|\n|-heal|p1a: Gogoat|259/360 tox|[from] item: Leftovers\n|-damage|p1a: Gogoat|61/360 tox|[from] psn\n|upkeep\n|turn|39\n|inactive|Time left: 300 sec this turn | 300 sec total\n|\n|t:|1783561180\n|move|p2a: Toedscruel|Rapid Spin|p1a: Gogoat\n|-damage|p1a: Gogoat|23/360 tox\n|-boost|p2a: Toedscruel|spe|1\n|move|p1a: Gogoat|Rock Slide|p2a: Toedscruel\n|-resisted|p2a: Toedscruel\n|-damage|p2a: Toedscruel|51/100\n|\n|-heal|p1a: Gogoat|45/360 tox|[from] item: Leftovers\n|-damage|p1a: Gogoat|0 fnt|[from] psn\n|faint|p1a: Gogoat\n|\n|win|p0y18260cc7", "uploadtime": 1783561180, "views": 0, "rating": 0, "private": 0, "password": null, "_winner": "p0y18260cc7", "_our_name": "p0x1826296b"}