{"id": "battle-gen9randombattle-2046", "formatid": "gen9randombattle", "format": "[Gen 9] Random Battle", "players": ["p0x20468003", "p0y2046dab2"], "log": "|init|battle\n|title|p0x20468003 vs. p0y2046dab2\n|j|\u2606p0x20468003\n|j|\u2606p0y2046dab2\n|t:|1783562929\n|gametype|singles\n|player|p1|p0x20468003|169|\n|player|p2|p0y2046dab2|2|\n|gen|9\n|tier|[Gen 9] Random Battle\n|rule|Species Clause: Limit one of each Pok\u00e9mon\n|rule|HP Percentage Mod: HP is shown in percentages\n|rule|Sleep Clause Mod: Limit one foe put to sleep\n|rule|Illusion Level Mod: Illusion disguises the Pok\u00e9mon's true level\n|\n|t:|1783562929\n|teamsize|p1|6\n|teamsize|p2|6\n|start\n|switch|p1a: Stonjourner|Stonjourner, L91, M|330/330\n|switch|p2a: Maushold|Maushold-Four, L76|100/100\n|turn|1\n|inactive|Battle timer is ON: inactive players will automatically lose when time's up. (requested by p0y2046dab2)\n|inactive|Time left: 300 sec this turn | 300 sec total | 60 sec grace\n|inactive|p0x20468003 also wants the timer to be on.\n|\n|t:|1783562930\n|switch|p2a: Misdreavus|Misdreavus, L90, M|100/100\n|move|p1a: Stonjourner|Stone Edge|p2a: Misdreavus\n|-damage|p2a: Misdreavus|39/100\n|-damage|p1a: Stonjourner|297/330|[from] item: Life Orb\n|\n|upkeep\n|turn|2\n|inactive|Time left: 300 sec this turn | 300 sec total\n|\n|t:|1783562932\n|switch|p1a: Conkeldurr|Conkeldurr, L80, F|299/299\n|move|p2a: Misdreavus|Shadow Ball|p1a: Conkeldurr\n|-damage|p1a: Conkeldurr|178/299\n|\n|-status|p1a: Conkeldurr|brn|[from] item: Flame Orb\n|upkeep\n|turn|3\n|inactive|Time left: 300 sec this turn | 300 sec total\n|\n|t:|1783562933\n|move|p2a: Misdreavus|Shadow Ball|p1a: Conkeldurr\n|-damage|p1a: Conkeldurr|70/299 brn\n|-unboost|p1a: Conkeldurr|spd|1\n|move|p1a: Conkeldurr|Knock Off|p2a: Misdreavus\n|-supereffective|p2a: Misdreavus\n|-damage|p2a: Misdreavus|0 fnt\n|-enditem|p2a: Misdreavus|Eviolite|[from] move: Knock Off|[of] p1a: Conkeldurr\n|faint|p2a: Misdreavus\n|\n|-damage|p1a: Conkeldurr|52/299 brn|[from] brn\n|upkeep\n|\n|t:|1783562933\n|switch|p2a: Toxtricity|Toxtricity, L82, F|100/100\n|turn|4\n|inactive|Time left: 300 sec this turn | 300 sec total\n|\n|t:|1783562934\n|switch|p1a: Stonjourner|Stonjourner, L91, M|297/330\n|move|p2a: Toxtricity|Overdrive|p1a: Stonjourner\n|-damage|p1a: Stonjourner|30/330\n|-enditem|p2a: Toxtricity|Throat Spray\n|-boost|p2a: Toxtricity|spa|1|[from] item: Throat Spray\n|\n|upkeep\n|turn|5\n|inactive|Time left: 300 sec this turn | 300 sec total\n|\n|t:|1783562935\n|-terastallize|p2a: Toxtricity|Normal\n|move|p1a: Stonjourner|Earthquake|p2a: Toxtricity\n|-damage|p2a: Toxtricity|44/100\n|-damage|p1a: Stonjourner|0 fnt|[from] item: Life Orb\n|faint|p1a: Stonjourner\n|move|p2a: Toxtricity|Shift Gear|p2a: Toxtricity\n|-boost|p2a: Toxtricity|spe|2\n|-boost|p2a: Toxtricity|atk|1\n|\n|upkeep\n|inactive|Time left: 300 sec this turn | 300 sec total | 5 sec grace\n|\n|t:|1783562936\n|switch|p1a: Conkeldurr|Conkeldurr, L80, F|52/299 brn\n|turn|6\n|inactive|Time left: 300 sec this turn | 300 sec total\n|\n|t:|1783562937\n|move|p1a: Conkeldurr|Mach Punch|p2a: Toxtricity\n|-supereffective|p2a: Toxtricity\n|-damage|p2a: Toxtricity|0 fnt\n|faint|p2a: Toxtricity\n|\n|-damage|p1a: Conkeldurr|34/299 brn|[from] brn\n|upkeep\n|\n|t:|1783562938\n|switch|p2a: Excadrill|Excadrill, L79, M|100/100\n|-ability|p2a: Excadrill|Mold Breaker\n|turn|7\n|inactive|Time left: 300 sec this turn | 300 sec total\n|\n|t:|1783562939\n|switch|p1a: Avalugg|Avalugg, L88, F|310/310\n|move|p2a: Excadrill|Earthquake|p1a: Avalugg\n|-damage|p1a: Avalugg|246/310\n|\n|upkeep\n|turn|8\n|inactive|Time left: 300 sec this turn | 300 sec total\n|\n|t:|1783562939\n|switch|p2a: Comfey|Comfey, L85, M|100/100\n|move|p1a: Avalugg|Body Press|p2a: Comfey\n|-resisted|p2a: Comfey\n|-damage|p2a: Comfey|77/100\n|\n|-heal|p2a: Comfey|84/100|[from] item: Leftovers\n|upkeep\n|turn|9\n|inactive|Time left: 300 sec this turn | 300 sec total\n|\n|t:|1783562940\n|move|p2a: Comfey|Calm Mind|p2a: Comfey\n|-boost|p2a: Comfey|spa|1\n|-boost|p2a: Comfey|spd|1\n|move|p1a: Avalugg|Avalanche|p2a: Comfey\n|-damage|p2a: Comfey|48/100\n|\n|-heal|p2a: Comfey|55/100|[from] item: Leftovers\n|upkeep\n|turn|10\n|inactive|Time left: 300 sec this turn | 300 sec total\n|\n|t:|1783562941\n|move|p2a: Comfey|Calm Mind|p2a: Comfey\n|-boost|p2a: Comfey|spa|1\n|-boost|p2a: Comfey|spd|1\n|move|p1a: Avalugg|Avalanche|p2a: Comfey\n|-damage|p2a: Comfey|17/100\n|\n|-heal|p2a: Comfey|23/100|[from] item: Leftovers\n|upkeep\n|turn|11\n|inactive|Time left: 300 sec this turn | 300 sec total\n|\n|t:|1783562942\n|move|p2a: Comfey|Draining Kiss|p1a: Avalugg\n|-damage|p1a: Avalugg|108/310\n|-heal|p2a: Comfey|69/100|[from] drain|[of] p1a: Avalugg\n|move|p1a: Avalugg|Avalanche|p2a: Comfey\n|-damage|p2a: Comfey|4/100\n|\n|-heal|p2a: Comfey|10/100|[from] item: Leftovers\n|upkeep\n|turn|12\n|inactive|Time left: 300 sec this turn | 300 sec total\n|\n|t:|1783562943\n|switch|p1a: Arbok|Arbok, L87, M|246/246\n|-ability|p1a: Arbok|Intimidate|boost\n|-unboost|p2a: Comfey|atk|1\n|move|p2a: Comfey|Draining Kiss|p1a: Arbok\n|-resisted|p1a: Arbok\n|-damage|p1a: Arbok|192/246\n|-heal|p2a: Comfey|28/100|[from] drain|[of] p1a: Arbok\n|\n|-heal|p2a: Comfey|35/100|[from] item: Leftovers\n|-heal|p1a: Arbok|207/246|[from] item: Leftovers\n|upkeep\n|turn|13\n|inactive|Time left: 300 sec this turn | 300 sec total\n|\n|t:|1783562944\n|-terastallize|p1a: Arbok|Grass\n|move|p2a: Comfey|Stored Power|p1a: Arbok\n|-damage|p1a: Arbok|82/246\n|move|p1a: Arbok|Gunk Shot|p2a: Comfey|[miss]\n|-miss|p1a: Arbok|p2a: Comfey\n|\n|-heal|p2a: Comfey|41/100|[from] item: Leftovers\n|-heal|p1a: Arbok|97/246|[from] item: Leftovers\n|upkeep\n|turn|14\n|inactive|Time left: 300 sec this turn | 300 sec total\n|\n|t:|1783562945\n|move|p2a: Comfey|Stored Power|p1a: Arbok\n|-damage|p1a: Arbok|0 fnt\n|faint|p1a: Arbok\n|\n|-heal|p2a: Comfey|47/100|[from] item: Leftovers\n|upkeep\n|inactive|Time left: 300 sec this turn | 300 sec total | 5 sec grace\n|\n|t:|1783562946\n|switch|p1a: Weavile|Weavile, L79, M|240/240\n|turn|15\n|inactive|Time left: 300 sec this turn | 300 sec total\n|\n|t:|1783562947\n|move|p2a: Comfey|Draining Kiss|p1a: Weavile\n|-supereffective|p1a: Weavile\n|-crit|p1a: Weavile\n|-damage|p1a: Weavile|0 fnt\n|-heal|p2a: Comfey|100/100|[from] drain|[of] p1a: Weavile\n|faint|p1a: Weavile\n|\n|upkeep\n|inactive|Time left: 300 sec this turn | 300 sec total | 5 sec grace\n|\n|t:|1783562948\n|switch|p1a: Miraidon|Miraidon, L65|238/238\n|-fieldstart|move: Electric Terrain|[from] ability: Hadron Engine|[of] p1a: Miraidon\n|turn|16\n|inactive|Time left: 300 sec this turn | 300 sec total\n|\n|t:|1783562949\n|move|p2a: Comfey|Draining Kiss|p1a: Miraidon\n|-supereffective|p1a: Miraidon\n|-damage|p1a: Miraidon|50/238\n|move|p1a: Miraidon|Calm Mind|p1a: Miraidon\n|-boost|p1a: Miraidon|spa|1\n|-boost|p1a: Miraidon|spd|1\n|\n|upkeep\n|turn|17\n|inactive|Time left: 300 sec this turn | 300 sec total\n|\n|t:|1783562950\n|move|p2a: Comfey|Draining Kiss|p1a: Miraidon\n|-supereffective|p1a: Miraidon\n|-damage|p1a: Miraidon|0 fnt\n|faint|p1a: Miraidon\n|\n|upkeep\n|inactive|Time left: 300 sec this turn | 300 sec total | 5 sec grace\n|\n|t:|1783562950\n|switch|p1a: Conkeldurr|Conkeldurr, L80, F|34/299 brn\n|turn|18\n|inactive|Time left: 300 sec this turn | 300 sec total\n|\n|t:|1783562951\n|move|p2a: Comfey|Giga Drain|p1a: Conkeldurr\n|-damage|p1a: Conkeldurr|0 fnt\n|faint|p1a: Conkeldurr\n|\n|upkeep\n|inactive|Time left: 300 sec this turn | 300 sec total | 5 sec grace\n|\n|t:|1783562952\n|switch|p1a: Avalugg|Avalugg, L88, F|108/310\n|turn|19\n|inactive|Time left: 300 sec this turn | 300 sec total\n|\n|t:|1783562953\n|move|p2a: Comfey|Stored Power|p1a: Avalugg\n|-damage|p1a: Avalugg|0 fnt\n|faint|p1a: Avalugg\n|\n|win|p0y2046dab2", "uploadtime": 1783562953, "views": 0, "rating": 0, "private": 0, "password": null, "_winner": "p0y2046dab2", "_our_name": "p0x20468003"}