{"id": "battle-gen9randombattle-1558", "formatid": "gen9randombattle", "format": "[Gen 9] Random Battle", "players": ["p0x1558bbcb", "p0y1558a5e2"], "log": "|init|battle\n|title|p0x1558bbcb vs. p0y1558a5e2\n|j|\u2606p0x1558bbcb\n|j|\u2606p0y1558a5e2\n|t:|1783558087\n|gametype|singles\n|player|p1|p0x1558bbcb|1|\n|player|p2|p0y1558a5e2|2|\n|gen|9\n|tier|[Gen 9] Random Battle\n|rule|Species Clause: Limit one of each Pok\u00e9mon\n|rule|HP Percentage Mod: HP is shown in percentages\n|rule|Sleep Clause Mod: Limit one foe put to sleep\n|rule|Illusion Level Mod: Illusion disguises the Pok\u00e9mon's true level\n|\n|t:|1783558087\n|teamsize|p1|6\n|teamsize|p2|6\n|start\n|switch|p1a: Ribombee|Ribombee, L83, M|100/100\n|switch|p2a: Plusle|Plusle, L95, M|268/268\n|turn|1\n|inactive|Battle timer is ON: inactive players will automatically lose when time's up. (requested by p0y1558a5e2)\n|inactive|p0x1558bbcb also wants the timer to be on.\n|\n|t:|1783558088\n|move|p1a: Ribombee|Quiver Dance|p1a: Ribombee\n|-boost|p1a: Ribombee|spa|1\n|-boost|p1a: Ribombee|spd|1\n|-boost|p1a: Ribombee|spe|1\n|move|p2a: Plusle|Thunderbolt|p1a: Ribombee\n|-damage|p1a: Ribombee|47/100\n|-damage|p2a: Plusle|242/268|[from] item: Life Orb\n|\n|upkeep\n|turn|2\n|inactive|Time left: 300 sec this turn | 300 sec total\n|\n|t:|1783558089\n|move|p1a: Ribombee|Moonblast|p2a: Plusle\n|-damage|p2a: Plusle|88/268\n|-unboost|p2a: Plusle|spa|1\n|move|p2a: Plusle|Thunderbolt|p1a: Ribombee\n|-damage|p1a: Ribombee|14/100\n|-damage|p2a: Plusle|62/268|[from] item: Life Orb\n|\n|upkeep\n|turn|3\n|inactive|Time left: 300 sec this turn | 300 sec total\n|\n|t:|1783558090\n|switch|p2a: Tropius|Tropius, L91, F|328/328\n|move|p1a: Ribombee|Moonblast|p2a: Tropius\n|-damage|p2a: Tropius|190/328\n|\n|upkeep\n|turn|4\n|inactive|Time left: 300 sec this turn | 300 sec total\n|\n|t:|1783558091\n|move|p1a: Ribombee|Moonblast|p2a: Tropius\n|-damage|p2a: Tropius|46/328\n|-enditem|p2a: Tropius|Sitrus Berry|[eat]\n|-heal|p2a: Tropius|128/328|[from] item: Sitrus Berry\n|move|p2a: Tropius|Air Slash|p1a: Ribombee\n|-supereffective|p1a: Ribombee\n|-damage|p1a: Ribombee|0 fnt\n|faint|p1a: Ribombee\n|\n|upkeep\n|\n|t:|1783558091\n|switch|p1a: Golurk|Golurk, L87|100/100\n|turn|5\n|inactive|Time left: 300 sec this turn | 300 sec total\n|\n|t:|1783558092\n|move|p1a: Golurk|Stone Edge|p2a: Tropius\n|-supereffective|p2a: Tropius\n|-damage|p2a: Tropius|0 fnt\n|faint|p2a: Tropius\n|\n|upkeep\n|inactive|Time left: 300 sec this turn | 300 sec total | 5 sec grace\n|\n|t:|1783558093\n|switch|p2a: Samurott|Samurott, L88, M|310/310\n|turn|6\n|inactive|Time left: 300 sec this turn | 300 sec total\n|\n|t:|1783558094\n|switch|p1a: Sinistcha|Sinistcha-Masterpiece, L83|100/100\n|move|p2a: Samurott|Swords Dance|p2a: Samurott\n|-boost|p2a: Samurott|atk|2\n|\n|upkeep\n|turn|7\n|inactive|Time left: 300 sec this turn | 300 sec total\n|\n|t:|1783558095\n|move|p2a: Samurott|Knock Off|p1a: Sinistcha\n|-supereffective|p1a: Sinistcha\n|-damage|p1a: Sinistcha|0 fnt\n|-enditem|p1a: Sinistcha|Leftovers|[from] move: Knock Off|[of] p2a: Samurott\n|faint|p1a: Sinistcha\n|-damage|p2a: Samurott|279/310|[from] item: Life Orb\n|\n|upkeep\n|\n|t:|1783558095\n|switch|p1a: Electivire|Electivire, L84, F|100/100\n|turn|8\n|inactive|Time left: 300 sec this turn | 300 sec total\n|\n|t:|1783558096\n|-terastallize|p2a: Samurott|Dark\n|move|p1a: Electivire|Supercell Slam|p2a: Samurott\n|-damage|p2a: Samurott|107/310\n|-damage|p1a: Electivire|91/100|[from] item: Life Orb\n|move|p2a: Samurott|Knock Off|p1a: Electivire\n|-damage|p1a: Electivire|0 fnt\n|-enditem|p1a: Electivire|Life Orb|[from] move: Knock Off|[of] p2a: Samurott\n|faint|p1a: Electivire\n|-damage|p2a: Samurott|76/310|[from] item: Life Orb\n|\n|upkeep\n|\n|t:|1783558097\n|switch|p1a: Fezandipiti|Fezandipiti, L82, M|100/100\n|turn|9\n|inactive|Time left: 300 sec this turn | 300 sec total\n|\n|t:|1783558098\n|move|p1a: Fezandipiti|Moonblast|p2a: Samurott\n|-supereffective|p2a: Samurott\n|-damage|p2a: Samurott|0 fnt\n|faint|p2a: Samurott\n|\n|upkeep\n|inactive|Time left: 300 sec this turn | 300 sec total | 5 sec grace\n|\n|t:|1783558099\n|switch|p2a: Lycanroc|Lycanroc-Midnight, L89, M|296/296\n|turn|10\n|inactive|Time left: 300 sec this turn | 300 sec total\n|\n|t:|1783558100\n|move|p1a: Fezandipiti|Moonblast|p2a: Lycanroc\n|-damage|p2a: Lycanroc|220/296\n|-unboost|p2a: Lycanroc|spa|1\n|move|p2a: Lycanroc|Swords Dance|p2a: Lycanroc\n|-boost|p2a: Lycanroc|atk|2\n|\n|upkeep\n|turn|11\n|inactive|Time left: 300 sec this turn | 300 sec total\n|\n|t:|1783558101\n|move|p1a: Fezandipiti|Gunk Shot|p2a: Lycanroc\n|-resisted|p2a: Lycanroc\n|-damage|p2a: Lycanroc|158/296\n|move|p2a: Lycanroc|Stone Edge|p1a: Fezandipiti\n|-damage|p1a: Fezandipiti|0 fnt\n|faint|p1a: Fezandipiti\n|-damage|p2a: Lycanroc|129/296|[from] item: Life Orb\n|\n|upkeep\n|\n|t:|1783558101\n|switch|p1a: Farigiraf|Farigiraf, L90, M|100/100\n|turn|12\n|inactive|Time left: 300 sec this turn | 300 sec total\n|\n|t:|1783558102\n|-terastallize|p1a: Farigiraf|Ground\n|move|p2a: Lycanroc|Stone Edge|p1a: Farigiraf\n|-resisted|p1a: Farigiraf\n|-crit|p1a: Farigiraf\n|-damage|p1a: Farigiraf|17/100\n|-damage|p2a: Lycanroc|100/296|[from] item: Life Orb\n|move|p1a: Farigiraf|Psychic Noise|p2a: Lycanroc\n|-crit|p2a: Lycanroc\n|-damage|p2a: Lycanroc|0 fnt\n|faint|p2a: Lycanroc\n|\n|-heal|p1a: Farigiraf|23/100|[from] item: Leftovers\n|upkeep\n|inactive|Time left: 300 sec this turn | 300 sec total | 5 sec grace\n|\n|t:|1783558103\n|switch|p2a: Pelipper|Pelipper, L86, F|243/243\n|-weather|RainDance|[from] ability: Drizzle|[of] p2a: Pelipper\n|turn|13\n|inactive|Time left: 300 sec this turn | 300 sec total\n|\n|t:|1783558104\n|move|p1a: Farigiraf|Protect|p1a: Farigiraf\n|-singleturn|p1a: Farigiraf|Protect\n|move|p2a: Pelipper|Hurricane|p1a: Farigiraf\n|-activate|p1a: Farigiraf|move: Protect\n|\n|-weather|RainDance|[upkeep]\n|-heal|p1a: Farigiraf|29/100|[from] item: Leftovers\n|upkeep\n|turn|14\n|inactive|Time left: 300 sec this turn | 300 sec total\n|\n|t:|1783558105\n|move|p1a: Farigiraf|Protect||[still]\n|-fail|p1a: Farigiraf\n|move|p2a: Pelipper|Hurricane|p1a: Farigiraf\n|-damage|p1a: Farigiraf|0 fnt\n|faint|p1a: Farigiraf\n|\n|-weather|RainDance|[upkeep]\n|upkeep\n|\n|t:|1783558106\n|switch|p1a: Golurk|Golurk, L87|100/100\n|turn|15\n|inactive|Time left: 300 sec this turn | 300 sec total\n|\n|t:|1783558107\n|move|p2a: Pelipper|Hydro Pump|p1a: Golurk\n|-supereffective|p1a: Golurk\n|-damage|p1a: Golurk|0 fnt\n|faint|p1a: Golurk\n|\n|win|p0y1558a5e2", "uploadtime": 1783558107, "views": 0, "rating": 0, "private": 0, "password": null, "_winner": "p0y1558a5e2", "_our_name": "p0y1558a5e2"}