{"id": "battle-gen9randombattle-2081", "formatid": "gen9randombattle", "format": "[Gen 9] Random Battle", "players": ["p0x2081d668", "p0y2081660b"], "log": "|init|battle\n|title|p0x2081d668 vs. p0y2081660b\n|j|\u2606p0x2081d668\n|j|\u2606p0y2081660b\n|t:|1783564113\n|gametype|singles\n|player|p1|p0x2081d668|170|\n|player|p2|p0y2081660b|169|\n|gen|9\n|tier|[Gen 9] Random Battle\n|rule|Species Clause: Limit one of each Pok\u00e9mon\n|rule|HP Percentage Mod: HP is shown in percentages\n|rule|Sleep Clause Mod: Limit one foe put to sleep\n|rule|Illusion Level Mod: Illusion disguises the Pok\u00e9mon's true level\n|\n|t:|1783564113\n|teamsize|p1|6\n|teamsize|p2|6\n|start\n|switch|p1a: Porygon-Z|Porygon-Z, L83|100/100\n|switch|p2a: Gyarados|Gyarados, L79, F|280/280\n|turn|1\n|inactive|Battle timer is ON: inactive players will automatically lose when time's up. (requested by p0x2081d668)\n|inactive|Time left: 300 sec this turn | 300 sec total | 60 sec grace\n|inactive|p0y2081660b also wants the timer to be on.\n|\n|t:|1783564115\n|move|p1a: Porygon-Z|Tera Blast|p2a: Gyarados\n|-crit|p2a: Gyarados\n|-damage|p2a: Gyarados|17/280\n|-damage|p1a: Porygon-Z|91/100|[from] item: Life Orb\n|move|p2a: Gyarados|Waterfall|p1a: Porygon-Z\n|-damage|p1a: Porygon-Z|48/100\n|\n|upkeep\n|turn|2\n|inactive|Time left: 300 sec this turn | 300 sec total\n|\n|t:|1783564116\n|move|p1a: Porygon-Z|Tera Blast|p2a: Gyarados\n|-damage|p2a: Gyarados|0 fnt\n|faint|p2a: Gyarados\n|-damage|p1a: Porygon-Z|38/100|[from] item: Life Orb\n|\n|upkeep\n|inactive|Time left: 300 sec this turn | 300 sec total | 5 sec grace\n|\n|t:|1783564117\n|switch|p2a: Azumarill|Azumarill, L82, F|298/298\n|turn|3\n|inactive|Time left: 300 sec this turn | 300 sec total\n|\n|t:|1783564118\n|move|p1a: Porygon-Z|Tera Blast|p2a: Azumarill\n|-damage|p2a: Azumarill|100/298\n|-damage|p1a: Porygon-Z|29/100|[from] item: Life Orb\n|move|p2a: Azumarill|Liquidation|p1a: Porygon-Z\n|-damage|p1a: Porygon-Z|0 fnt\n|faint|p1a: Porygon-Z\n|\n|upkeep\n|\n|t:|1783564119\n|switch|p1a: Gumshoos|Gumshoos, L95, M|100/100\n|turn|4\n|inactive|Time left: 300 sec this turn | 300 sec total\n|\n|t:|1783564121\n|move|p1a: Gumshoos|Double-Edge|p2a: Azumarill\n|-damage|p2a: Azumarill|0 fnt\n|faint|p2a: Azumarill\n|-damage|p1a: Gumshoos|90/100|[from] Recoil\n|\n|upkeep\n|inactive|Time left: 300 sec this turn | 300 sec total | 5 sec grace\n|\n|t:|1783564121\n|switch|p2a: Scrafty|Scrafty, L83, M|244/244\n|turn|5\n|inactive|Time left: 300 sec this turn | 300 sec total\n|\n|t:|1783564123\n|move|p2a: Scrafty|Bulk Up|p2a: Scrafty\n|-boost|p2a: Scrafty|atk|1\n|-boost|p2a: Scrafty|def|1\n|move|p1a: Gumshoos|Double-Edge|p2a: Scrafty\n|-damage|p2a: Scrafty|91/244\n|-damage|p1a: Gumshoos|75/100|[from] Recoil\n|\n|-heal|p2a: Scrafty|106/244|[from] item: Leftovers\n|upkeep\n|turn|6\n|inactive|Time left: 300 sec this turn | 300 sec total\n|\n|t:|1783564124\n|switch|p1a: Medicham|Medicham, L86, F|100/100\n|move|p2a: Scrafty|Drain Punch|p1a: Medicham\n|-resisted|p1a: Medicham\n|-damage|p1a: Medicham|77/100\n|-heal|p2a: Scrafty|135/244|[from] drain|[of] p1a: Medicham\n|\n|-heal|p2a: Scrafty|150/244|[from] item: Leftovers\n|upkeep\n|turn|7\n|inactive|Time left: 300 sec this turn | 300 sec total\n|\n|t:|1783564125\n|-terastallize|p2a: Scrafty|Poison\n|move|p1a: Medicham|Close Combat|p2a: Scrafty\n|-resisted|p2a: Scrafty\n|-damage|p2a: Scrafty|72/244\n|-unboost|p1a: Medicham|def|1\n|-unboost|p1a: Medicham|spd|1\n|move|p2a: Scrafty|Knock Off|p1a: Medicham\n|-damage|p1a: Medicham|0 fnt\n|-enditem|p1a: Medicham|Choice Band|[from] move: Knock Off|[of] p2a: Scrafty\n|faint|p1a: Medicham\n|\n|-heal|p2a: Scrafty|87/244|[from] item: Leftovers\n|upkeep\n|\n|t:|1783564126\n|switch|p1a: Thundurus|Thundurus-Therian, L80, M|100/100\n|turn|8\n|inactive|Time left: 300 sec this turn | 300 sec total\n|\n|t:|1783564127\n|switch|p2a: Toedscruel|Toedscruel, L87, M|281/281\n|move|p1a: Thundurus|Thunderbolt|p2a: Toedscruel\n|-immune|p2a: Toedscruel\n|\n|upkeep\n|turn|9\n|inactive|Time left: 300 sec this turn | 300 sec total\n|\n|t:|1783564128\n|switch|p1a: Weavile|Weavile, L79, M|100/100\n|move|p2a: Toedscruel|Spore|p1a: Weavile\n|-status|p1a: Weavile|slp|[from] move: Spore\n|\n|upkeep\n|turn|10\n|inactive|Time left: 300 sec this turn | 300 sec total\n|\n|t:|1783564129\n|switch|p1a: Gumshoos|Gumshoos, L95, M|75/100\n|move|p2a: Toedscruel|Earth Power|p1a: Gumshoos\n|-crit|p1a: Gumshoos\n|-damage|p1a: Gumshoos|25/100\n|\n|upkeep\n|turn|11\n|inactive|Time left: 300 sec this turn | 300 sec total\n|\n|t:|1783564130\n|switch|p1a: Thundurus|Thundurus-Therian, L80, M|100/100\n|move|p2a: Toedscruel|Earth Power|p1a: Thundurus\n|-immune|p1a: Thundurus\n|\n|upkeep\n|turn|12\n|inactive|Time left: 300 sec this turn | 300 sec total\n|\n|t:|1783564131\n|move|p1a: Thundurus|Psychic|p2a: Toedscruel\n|-damage|p2a: Toedscruel|225/281\n|move|p2a: Toedscruel|Rapid Spin|p1a: Thundurus\n|-damage|p1a: Thundurus|86/100\n|-boost|p2a: Toedscruel|spe|1\n|\n|-heal|p2a: Toedscruel|242/281|[from] item: Leftovers\n|upkeep\n|turn|13\n|inactive|Time left: 300 sec this turn | 300 sec total\n|\n|t:|1783564133\n|move|p2a: Toedscruel|Rapid Spin|p1a: Thundurus\n|-damage|p1a: Thundurus|72/100\n|-boost|p2a: Toedscruel|spe|1\n|move|p1a: Thundurus|Psychic|p2a: Toedscruel\n|-damage|p2a: Toedscruel|178/281\n|-unboost|p2a: Toedscruel|spd|1\n|\n|-heal|p2a: Toedscruel|195/281|[from] item: Leftovers\n|upkeep\n|turn|14\n|inactive|Time left: 300 sec this turn | 300 sec total\n|\n|t:|1783564134\n|move|p2a: Toedscruel|Rapid Spin|p1a: Thundurus\n|-damage|p1a: Thundurus|58/100\n|-boost|p2a: Toedscruel|spe|1\n|move|p1a: Thundurus|Psychic|p2a: Toedscruel\n|-damage|p2a: Toedscruel|98/281\n|\n|-heal|p2a: Toedscruel|115/281|[from] item: Leftovers\n|upkeep\n|turn|15\n|inactive|Time left: 300 sec this turn | 300 sec total\n|\n|t:|1783564136\n|switch|p2a: Espeon|Espeon, L84, F|246/246\n|move|p1a: Thundurus|Psychic|p2a: Espeon\n|-resisted|p2a: Espeon\n|-damage|p2a: Espeon|210/246\n|\n|upkeep\n|turn|16\n|inactive|Time left: 300 sec this turn | 300 sec total\n|\n|t:|1783564137\n|switch|p1a: Feraligatr|Feraligatr, L79, F|100/100\n|move|p2a: Espeon|Psyshock|p1a: Feraligatr\n|-damage|p1a: Feraligatr|47/100\n|-damage|p2a: Espeon|186/246|[from] item: Life Orb\n|\n|upkeep\n|turn|17\n|inactive|Time left: 300 sec this turn | 300 sec total\n|\n|t:|1783564138\n|move|p2a: Espeon|Psyshock|p1a: Feraligatr\n|-damage|p1a: Feraligatr|0 fnt\n|faint|p1a: Feraligatr\n|-damage|p2a: Espeon|162/246|[from] item: Life Orb\n|\n|upkeep\n|\n|t:|1783564139\n|switch|p1a: Thundurus|Thundurus-Therian, L80, M|58/100\n|turn|18\n|inactive|Time left: 300 sec this turn | 300 sec total\n|\n|t:|1783564140\n|move|p1a: Thundurus|Thunderbolt|p2a: Espeon\n|-damage|p2a: Espeon|44/246\n|move|p2a: Espeon|Psyshock|p1a: Thundurus\n|-damage|p1a: Thundurus|0 fnt\n|faint|p1a: Thundurus\n|-damage|p2a: Espeon|20/246|[from] item: Life Orb\n|\n|upkeep\n|\n|t:|1783564141\n|switch|p1a: Weavile|Weavile, L79, M|100/100 slp\n|turn|19\n|inactive|Time left: 300 sec this turn | 300 sec total\n|\n|t:|1783564142\n|cant|p1a: Weavile|slp\n|move|p2a: Espeon|Alluring Voice|p1a: Weavile\n|-supereffective|p1a: Weavile\n|-damage|p1a: Weavile|21/100 slp\n|-damage|p2a: Espeon|0 fnt|[from] item: Life Orb\n|faint|p2a: Espeon\n|\n|upkeep\n|inactive|Time left: 300 sec this turn | 300 sec total | 5 sec grace\n|\n|t:|1783564143\n|switch|p2a: Scrafty|Scrafty, L83, M, tera:Poison|87/244\n|turn|20\n|inactive|Time left: 300 sec this turn | 300 sec total\n|\n|t:|1783564143\n|cant|p1a: Weavile|slp\n|move|p2a: Scrafty|Rest|p2a: Scrafty\n|-status|p2a: Scrafty|slp|[from] move: Rest\n|-heal|p2a: Scrafty|244/244 slp|[silent]\n|\n|-activate|p2a: Scrafty|ability: Shed Skin\n|-curestatus|p2a: Scrafty|slp|[msg]\n|upkeep\n|turn|21\n|inactive|Time left: 300 sec this turn | 300 sec total\n|\n|t:|1783564144\n|-curestatus|p1a: Weavile|slp|[msg]\n|move|p1a: Weavile|Low Kick|p2a: Scrafty\n|-resisted|p2a: Scrafty\n|-damage|p2a: Scrafty|227/244\n|move|p2a: Scrafty|Drain Punch|p1a: Weavile\n|-supereffective|p1a: Weavile\n|-damage|p1a: Weavile|0 fnt\n|-heal|p2a: Scrafty|244/244|[from] drain|[of] p1a: Weavile\n|faint|p1a: Weavile\n|\n|upkeep\n|\n|t:|1783564145\n|switch|p1a: Gumshoos|Gumshoos, L95, M|25/100\n|turn|22\n|inactive|Time left: 300 sec this turn | 300 sec total\n|\n|t:|1783564146\n|-terastallize|p1a: Gumshoos|Normal\n|move|p2a: Scrafty|Drain Punch|p1a: Gumshoos\n|-supereffective|p1a: Gumshoos\n|-damage|p1a: Gumshoos|0 fnt\n|faint|p1a: Gumshoos\n|\n|win|p0y2081660b", "uploadtime": 1783564146, "views": 0, "rating": 0, "private": 0, "password": null, "_winner": "p0y2081660b", "_our_name": "p0y2081660b"}