{"id": "battle-gen9randombattle-71", "formatid": "gen9randombattle", "format": "[Gen 9] Random Battle", "players": ["p0x07148da", "p0y071ed94"], "log": "|init|battle\n|title|p0x07148da vs. p0y071ed94\n|j|\u2606p0x07148da\n|j|\u2606p0y071ed94\n|t:|1783534584\n|gametype|singles\n|player|p1|p0x07148da|265|\n|player|p2|p0y071ed94|265|\n|gen|9\n|tier|[Gen 9] Random Battle\n|rule|Species Clause: Limit one of each Pok\u00e9mon\n|rule|HP Percentage Mod: HP is shown in percentages\n|rule|Sleep Clause Mod: Limit one foe put to sleep\n|rule|Illusion Level Mod: Illusion disguises the Pok\u00e9mon's true level\n|\n|t:|1783534584\n|teamsize|p1|6\n|teamsize|p2|6\n|start\n|switch|p1a: Deoxys|Deoxys, L74|196/196\n|switch|p2a: Golem|Golem, L87, F|100/100\n|-ability|p1a: Deoxys|Pressure\n|turn|1\n|inactive|Battle timer is ON: inactive players will automatically lose when time's up. (requested by p0x07148da)\n|inactive|p0y071ed94 also wants the timer to be on.\n|\n|t:|1783534586\n|switch|p1a: Regirock|Regirock, L83|268/268\n|move|p2a: Golem|Stone Edge|p1a: Regirock\n|-damage|p1a: Regirock|199/268\n|\n|upkeep\n|turn|2\n|inactive|Time left: 300 sec this turn | 300 sec total\n|\n|t:|1783534587\n|move|p1a: Regirock|Iron Defense|p1a: Regirock\n|-boost|p1a: Regirock|def|2\n|move|p2a: Golem|Stealth Rock|p1a: Regirock\n|-sidestart|p1: p0x07148da|move: Stealth Rock\n|\n|upkeep\n|turn|3\n|inactive|Time left: 300 sec this turn | 300 sec total\n|\n|t:|1783534588\n|switch|p2a: Eiscue|Eiscue, L88, F|100/100\n|move|p1a: Regirock|Body Press|p2a: Eiscue\n|-activate|p2a: Eiscue|ability: Ice Face\n|-damage|p2a: Eiscue|100/100\n|detailschange|p2a: Eiscue|Eiscue-Noice, L88, F\n|\n|upkeep\n|turn|4\n|inactive|Time left: 300 sec this turn | 300 sec total\n|\n|t:|1783534589\n|switch|p2a: Granbull|Granbull, L88, M|100/100\n|-ability|p2a: Granbull|Intimidate|boost\n|-fail|p1a: Regirock|unboost|[from] ability: Clear Body|[of] p1a: Regirock\n|move|p1a: Regirock|Body Press|p2a: Granbull\n|-resisted|p2a: Granbull\n|-damage|p2a: Granbull|68/100\n|\n|-heal|p2a: Granbull|74/100|[from] item: Leftovers\n|upkeep\n|turn|5\n|inactive|Time left: 300 sec this turn | 300 sec total\n|\n|t:|1783534590\n|move|p1a: Regirock|Body Press|p2a: Granbull\n|-resisted|p2a: Granbull\n|-damage|p2a: Granbull|39/100\n|move|p2a: Granbull|Roar|p1a: Regirock\n|drag|p1a: Bastiodon|Bastiodon, L89, F|252/252\n|-damage|p1a: Bastiodon|237/252|[from] Stealth Rock\n|\n|-heal|p2a: Granbull|45/100|[from] item: Leftovers\n|upkeep\n|turn|6\n|inactive|Time left: 300 sec this turn | 300 sec total\n|\n|t:|1783534591\n|switch|p1a: Dragonite|Dragonite, L74, M|257/257\n|move|p2a: Granbull|Earthquake|p1a: Dragonite\n|-immune|p1a: Dragonite\n|\n|-heal|p2a: Granbull|51/100|[from] item: Leftovers\n|upkeep\n|turn|7\n|inactive|Time left: 300 sec this turn | 300 sec total\n|\n|t:|1783534592\n|move|p1a: Dragonite|Iron Head|p2a: Granbull\n|-supereffective|p2a: Granbull\n|-damage|p2a: Granbull|14/100\n|move|p2a: Granbull|Play Rough|p1a: Dragonite\n|-supereffective|p1a: Dragonite\n|-damage|p1a: Dragonite|121/257\n|\n|-heal|p2a: Granbull|20/100|[from] item: Leftovers\n|upkeep\n|turn|8\n|inactive|Time left: 300 sec this turn | 300 sec total\n|\n|t:|1783534593\n|switch|p2a: Scrafty|Scrafty, L83, M|100/100\n|move|p1a: Dragonite|Earthquake|p2a: Scrafty\n|-damage|p2a: Scrafty|77/100\n|\n|-heal|p2a: Scrafty|83/100|[from] item: Leftovers\n|upkeep\n|turn|9\n|inactive|Time left: 300 sec this turn | 300 sec total\n|\n|t:|1783534593\n|move|p1a: Dragonite|Outrage|p2a: Scrafty\n|-damage|p2a: Scrafty|39/100\n|move|p2a: Scrafty|Bulk Up|p2a: Scrafty\n|-boost|p2a: Scrafty|atk|1\n|-boost|p2a: Scrafty|def|1\n|\n|-heal|p2a: Scrafty|45/100|[from] item: Leftovers\n|upkeep\n|turn|10\n|inactive|Time left: 300 sec this turn | 300 sec total\n|\n|t:|1783534594\n|move|p1a: Dragonite|Outrage|p2a: Scrafty|[from] lockedmove\n|-damage|p2a: Scrafty|18/100\n|move|p2a: Scrafty|Rest|p2a: Scrafty\n|-status|p2a: Scrafty|slp|[from] move: Rest\n|-heal|p2a: Scrafty|100/100 slp|[silent]\n|\n|upkeep\n|turn|11\n|inactive|Time left: 300 sec this turn | 300 sec total\n|\n|t:|1783534595\n|move|p1a: Dragonite|Outrage|p2a: Scrafty|[from] lockedmove\n|-damage|p2a: Scrafty|73/100 slp\n|-start|p1a: Dragonite|confusion|[fatigue]\n|cant|p2a: Scrafty|slp\n|\n|-activate|p2a: Scrafty|ability: Shed Skin\n|-curestatus|p2a: Scrafty|slp|[msg]\n|-heal|p2a: Scrafty|79/100|[from] item: Leftovers\n|upkeep\n|turn|12\n|inactive|Time left: 300 sec this turn | 300 sec total\n|\n|t:|1783534596\n|switch|p1a: Gogoat|Gogoat, L88, M|360/360\n|-damage|p1a: Gogoat|315/360|[from] Stealth Rock\n|move|p2a: Scrafty|Knock Off|p1a: Gogoat\n|-damage|p1a: Gogoat|141/360\n|-enditem|p1a: Gogoat|Leftovers|[from] move: Knock Off|[of] p2a: Scrafty\n|\n|-heal|p2a: Scrafty|85/100|[from] item: Leftovers\n|upkeep\n|turn|13\n|inactive|Time left: 300 sec this turn | 300 sec total\n|\n|t:|1783534597\n|move|p1a: Gogoat|Milk Drink|p1a: Gogoat\n|-heal|p1a: Gogoat|321/360\n|move|p2a: Scrafty|Bulk Up|p2a: Scrafty\n|-boost|p2a: Scrafty|atk|1\n|-boost|p2a: Scrafty|def|1\n|\n|-heal|p2a: Scrafty|91/100|[from] item: Leftovers\n|upkeep\n|turn|14\n|inactive|Time left: 300 sec this turn | 300 sec total\n|\n|t:|1783534598\n|move|p1a: Gogoat|Bulk Up|p1a: Gogoat\n|-boost|p1a: Gogoat|atk|1\n|-boost|p1a: Gogoat|def|1\n|move|p2a: Scrafty|Knock Off|p1a: Gogoat\n|-damage|p1a: Gogoat|212/360\n|\n|-heal|p2a: Scrafty|98/100|[from] item: Leftovers\n|upkeep\n|turn|15\n|inactive|Time left: 300 sec this turn | 300 sec total\n|\n|t:|1783534599\n|move|p1a: Gogoat|Bulk Up|p1a: Gogoat\n|-boost|p1a: Gogoat|atk|1\n|-boost|p1a: Gogoat|def|1\n|move|p2a: Scrafty|Bulk Up|p2a: Scrafty\n|-boost|p2a: Scrafty|atk|1\n|-boost|p2a: Scrafty|def|1\n|\n|-heal|p2a: Scrafty|100/100|[from] item: Leftovers\n|upkeep\n|turn|16\n|inactive|Time left: 300 sec this turn | 300 sec total\n|\n|t:|1783534600\n|move|p1a: Gogoat|Bulk Up|p1a: Gogoat\n|-boost|p1a: Gogoat|atk|1\n|-boost|p1a: Gogoat|def|1\n|move|p2a: Scrafty|Drain Punch|p1a: Gogoat\n|-damage|p1a: Gogoat|128/360\n|\n|upkeep\n|turn|17\n|inactive|Time left: 300 sec this turn | 300 sec total\n|\n|t:|1783534601\n|move|p1a: Gogoat|Milk Drink|p1a: Gogoat\n|-heal|p1a: Gogoat|308/360\n|move|p2a: Scrafty|Drain Punch|p1a: Gogoat\n|-damage|p1a: Gogoat|218/360\n|\n|upkeep\n|turn|18\n|inactive|Time left: 300 sec this turn | 300 sec total\n|\n|t:|1783534602\n|move|p1a: Gogoat|Bulk Up|p1a: Gogoat\n|-boost|p1a: Gogoat|atk|1\n|-boost|p1a: Gogoat|def|1\n|move|p2a: Scrafty|Bulk Up|p2a: Scrafty\n|-boost|p2a: Scrafty|atk|1\n|-boost|p2a: Scrafty|def|1\n|\n|upkeep\n|turn|19\n|inactive|Time left: 300 sec this turn | 300 sec total\n|\n|t:|1783534603\n|move|p1a: Gogoat|Bulk Up|p1a: Gogoat\n|-boost|p1a: Gogoat|atk|1\n|-boost|p1a: Gogoat|def|1\n|move|p2a: Scrafty|Drain Punch|p1a: Gogoat\n|-damage|p1a: Gogoat|145/360\n|\n|upkeep\n|turn|20\n|inactive|Time left: 300 sec this turn | 300 sec total\n|\n|t:|1783534604\n|move|p1a: Gogoat|Milk Drink|p1a: Gogoat\n|-heal|p1a: Gogoat|325/360\n|move|p2a: Scrafty|Drain Punch|p1a: Gogoat\n|-damage|p1a: Gogoat|249/360\n|\n|upkeep\n|turn|21\n|inactive|Time left: 300 sec this turn | 300 sec total\n|\n|t:|1783534605\n|move|p1a: Gogoat|Horn Leech|p2a: Scrafty\n|-damage|p2a: Scrafty|63/100\n|-heal|p1a: Gogoat|295/360|[from] drain|[of] p2a: Scrafty\n|move|p2a: Scrafty|Drain Punch|p1a: Gogoat\n|-damage|p1a: Gogoat|211/360\n|-heal|p2a: Scrafty|80/100|[from] drain|[of] p1a: Gogoat\n|\n|-heal|p2a: Scrafty|87/100|[from] item: Leftovers\n|upkeep\n|turn|22\n|inactive|Time left: 300 sec this turn | 300 sec total\n|\n|t:|1783534606\n|move|p1a: Gogoat|Horn Leech|p2a: Scrafty\n|-damage|p2a: Scrafty|53/100\n|-heal|p1a: Gogoat|252/360|[from] drain|[of] p2a: Scrafty\n|move|p2a: Scrafty|Drain Punch|p1a: Gogoat\n|-crit|p1a: Gogoat\n|-damage|p1a: Gogoat|0 fnt\n|-heal|p2a: Scrafty|100/100|[from] drain|[of] p1a: Gogoat\n|faint|p1a: Gogoat\n|\n|upkeep\n|inactive|Time left: 300 sec this turn | 300 sec total | 5 sec grace\n|\n|t:|1783534607\n|switch|p1a: Bastiodon|Bastiodon, L89, F|237/252\n|-damage|p1a: Bastiodon|222/252|[from] Stealth Rock\n|turn|23\n|inactive|Time left: 300 sec this turn | 300 sec total\n|\n|t:|1783534608\n|-terastallize|p1a: Bastiodon|Fighting\n|move|p2a: Scrafty|Drain Punch|p1a: Bastiodon\n|-damage|p1a: Bastiodon|89/252\n|move|p1a: Bastiodon|Iron Defense|p1a: Bastiodon\n|-boost|p1a: Bastiodon|def|2\n|\n|upkeep\n|turn|24\n|inactive|Time left: 300 sec this turn | 300 sec total\n|\n|t:|1783534609\n|move|p2a: Scrafty|Knock Off|p1a: Bastiodon\n|-resisted|p1a: Bastiodon\n|-damage|p1a: Bastiodon|50/252\n|-enditem|p1a: Bastiodon|Chesto Berry|[from] move: Knock Off|[of] p2a: Scrafty\n|move|p1a: Bastiodon|Rest|p1a: Bastiodon\n|-status|p1a: Bastiodon|slp|[from] move: Rest\n|-heal|p1a: Bastiodon|252/252 slp|[silent]\n|\n|upkeep\n|turn|25\n|inactive|Time left: 300 sec this turn | 300 sec total\n|\n|t:|1783534610\n|move|p2a: Scrafty|Drain Punch|p1a: Bastiodon\n|-damage|p1a: Bastiodon|186/252 slp\n|cant|p1a: Bastiodon|slp\n|\n|upkeep\n|turn|26\n|inactive|Time left: 300 sec this turn | 300 sec total\n|\n|t:|1783534612\n|move|p2a: Scrafty|Drain Punch|p1a: Bastiodon\n|-damage|p1a: Bastiodon|119/252 slp\n|cant|p1a: Bastiodon|slp\n|\n|upkeep\n|turn|27\n|inactive|Time left: 300 sec this turn | 300 sec total\n|\n|t:|1783534613\n|move|p2a: Scrafty|Drain Punch|p1a: Bastiodon\n|-damage|p1a: Bastiodon|52/252 slp\n|-curestatus|p1a: Bastiodon|slp|[msg]\n|move|p1a: Bastiodon|Iron Defense|p1a: Bastiodon\n|-boost|p1a: Bastiodon|def|2\n|\n|upkeep\n|turn|28\n|inactive|Time left: 300 sec this turn | 300 sec total\n|\n|t:|1783534614\n|-terastallize|p2a: Scrafty|Poison\n|move|p2a: Scrafty|Drain Punch|p1a: Bastiodon\n|-damage|p1a: Bastiodon|6/252\n|move|p1a: Bastiodon|Body Press|p2a: Scrafty\n|-resisted|p2a: Scrafty\n|-crit|p2a: Scrafty\n|-damage|p2a: Scrafty|0 fnt\n|faint|p2a: Scrafty\n|\n|upkeep\n|\n|t:|1783534615\n|switch|p2a: Hydrapple|Hydrapple, L83, M|100/100\n|turn|29\n|inactive|Time left: 300 sec this turn | 300 sec total\n|\n|t:|1783534616\n|move|p2a: Hydrapple|Fickle Beam|p1a: Bastiodon|[anim] Fickle Beam All Out\n|-activate|p2a: Hydrapple|move: Fickle Beam\n|-damage|p1a: Bastiodon|0 fnt\n|faint|p1a: Bastiodon\n|\n|upkeep\n|inactive|Time left: 300 sec this turn | 300 sec total | 5 sec grace\n|\n|t:|1783534617\n|switch|p1a: Houndoom|Houndoom, L87, M|272/272\n|turn|30\n|inactive|Time left: 300 sec this turn | 300 sec total\n|\n|t:|1783534618\n|move|p1a: Houndoom|Nasty Plot|p1a: Houndoom\n|-boost|p1a: Houndoom|spa|2\n|move|p2a: Hydrapple|Fickle Beam|p1a: Houndoom\n|-damage|p1a: Houndoom|167/272\n|\n|upkeep\n|turn|31\n|inactive|Time left: 300 sec this turn | 300 sec total\n|\n|t:|1783534618\n|move|p1a: Houndoom|Sludge Bomb|p2a: Hydrapple\n|-supereffective|p2a: Hydrapple\n|-damage|p2a: Hydrapple|32/100\n|move|p2a: Hydrapple|Dragon Tail|p1a: Houndoom\n|-damage|p1a: Houndoom|83/272\n|drag|p1a: Regirock|Regirock, L83|199/268\n|-damage|p1a: Regirock|166/268|[from] Stealth Rock\n|\n|upkeep\n|turn|32\n|inactive|Time left: 300 sec this turn | 300 sec total\n|\n|t:|1783534620\n|move|p1a: Regirock|Body Press|p2a: Hydrapple\n|-damage|p2a: Hydrapple|3/100\n|move|p2a: Hydrapple|Leaf Storm|p1a: Regirock\n|-supereffective|p1a: Regirock\n|-damage|p1a: Regirock|0 fnt\n|-unboost|p2a: Hydrapple|spa|2\n|faint|p1a: Regirock\n|\n|upkeep\n|inactive|Time left: 300 sec this turn | 300 sec total | 5 sec grace\n|\n|t:|1783534621\n|switch|p1a: Houndoom|Houndoom, L87, M|83/272\n|turn|33\n|inactive|Time left: 300 sec this turn | 300 sec total\n|\n|t:|1783534622\n|switch|p2a: Thundurus|Thundurus-Therian, L80, M|100/100\n|move|p1a: Houndoom|Sludge Bomb|p2a: Thundurus\n|-damage|p2a: Thundurus|69/100\n|\n|upkeep\n|turn|34\n|inactive|Time left: 300 sec this turn | 300 sec total\n|\n|t:|1783534623\n|move|p2a: Thundurus|Thunderbolt|p1a: Houndoom\n|-damage|p1a: Houndoom|0 fnt\n|faint|p1a: Houndoom\n|\n|upkeep\n|inactive|Time left: 300 sec this turn | 300 sec total | 5 sec grace\n|\n|t:|1783534624\n|switch|p1a: Dragonite|Dragonite, L74, M|121/257\n|turn|35\n|inactive|Time left: 300 sec this turn | 300 sec total\n|\n|t:|1783534625\n|move|p2a: Thundurus|Thunderbolt|p1a: Dragonite\n|-damage|p1a: Dragonite|0 fnt\n|faint|p1a: Dragonite\n|\n|upkeep\n|inactive|Time left: 300 sec this turn | 300 sec total | 5 sec grace\n|\n|t:|1783534626\n|switch|p1a: Deoxys|Deoxys, L74|196/196\n|-damage|p1a: Deoxys|172/196|[from] Stealth Rock\n|-ability|p1a: Deoxys|Pressure\n|turn|36\n|inactive|Time left: 300 sec this turn | 300 sec total\n|\n|t:|1783534627\n|move|p2a: Thundurus|Thunderbolt|p1a: Deoxys\n|-damage|p1a: Deoxys|0 fnt\n|faint|p1a: Deoxys\n|\n|win|p0y071ed94", "uploadtime": 1783534627, "views": 0, "rating": 0, "private": 0, "password": null, "_winner": "p0y071ed94", "_our_name": "p0x07148da"}