{"id": "battle-gen9randombattle-668", "formatid": "gen9randombattle", "format": "[Gen 9] Random Battle", "players": ["p0x668f1d2", "p0y6681376"], "log": "|init|battle\n|title|p0x668f1d2 vs. p0y6681376\n|j|\u2606p0x668f1d2\n|j|\u2606p0y6681376\n|t:|1783547586\n|gametype|singles\n|player|p1|p0x668f1d2|102|\n|player|p2|p0y6681376|169|\n|gen|9\n|tier|[Gen 9] Random Battle\n|rule|Species Clause: Limit one of each Pok\u00e9mon\n|rule|HP Percentage Mod: HP is shown in percentages\n|rule|Sleep Clause Mod: Limit one foe put to sleep\n|rule|Illusion Level Mod: Illusion disguises the Pok\u00e9mon's true level\n|\n|t:|1783547586\n|teamsize|p1|6\n|teamsize|p2|6\n|start\n|switch|p1a: Malamar|Malamar, L82, F|275/275\n|switch|p2a: Breloom|Breloom, L83, F|100/100\n|turn|1\n|inactive|Battle timer is ON: inactive players will automatically lose when time's up. (requested by p0y6681376)\n|inactive|Time left: 300 sec this turn | 300 sec total | 60 sec grace\n|inactive|p0x668f1d2 also wants the timer to be on.\n|\n|t:|1783547588\n|move|p1a: Malamar|Superpower|p2a: Breloom\n|-damage|p2a: Breloom|64/100\n|-boost|p1a: Malamar|atk|1\n|-boost|p1a: Malamar|def|1\n|move|p2a: Breloom|Swords Dance|p2a: Breloom\n|-boost|p2a: Breloom|atk|2\n|\n|upkeep\n|turn|2\n|inactive|Time left: 300 sec this turn | 300 sec total\n|\n|t:|1783547589\n|move|p1a: Malamar|Superpower|p2a: Breloom\n|-damage|p2a: Breloom|12/100\n|-boost|p1a: Malamar|atk|1\n|-boost|p1a: Malamar|def|1\n|move|p2a: Breloom|Bullet Seed|p1a: Malamar\n|-damage|p1a: Malamar|204/275\n|-damage|p1a: Malamar|134/275\n|-damage|p1a: Malamar|66/275\n|-hitcount|p1a: Malamar|3\n|-damage|p2a: Breloom|3/100|[from] item: Life Orb\n|\n|upkeep\n|turn|3\n|inactive|Time left: 300 sec this turn | 300 sec total\n|\n|t:|1783547590\n|move|p2a: Breloom|Mach Punch|p1a: Malamar\n|-damage|p1a: Malamar|0 fnt\n|faint|p1a: Malamar\n|-damage|p2a: Breloom|0 fnt|[from] item: Life Orb\n|faint|p2a: Breloom\n|\n|upkeep\n|inactive|Time left: 300 sec this turn | 300 sec total | 5 sec grace\n|\n|t:|1783547591\n|switch|p1a: Noctowl|Noctowl, L95, M|344/344\n|switch|p2a: Greedent|Greedent, L86, M|100/100\n|turn|4\n|inactive|Time left: 300 sec this turn | 300 sec total\n|\n|t:|1783547593\n|move|p1a: Noctowl|Hyper Voice|p2a: Greedent\n|-damage|p2a: Greedent|66/100\n|move|p2a: Greedent|Swords Dance|p2a: Greedent\n|-boost|p2a: Greedent|atk|2\n|\n|upkeep\n|turn|5\n|inactive|Time left: 300 sec this turn | 300 sec total\n|\n|t:|1783547594\n|move|p1a: Noctowl|Hurricane|p2a: Greedent\n|-damage|p2a: Greedent|23/100\n|-enditem|p2a: Greedent|Sitrus Berry|[eat]\n|-heal|p2a: Greedent|48/100|[from] item: Sitrus Berry\n|-heal|p2a: Greedent|81/100|[from] ability: Cheek Pouch\n|move|p2a: Greedent|Body Slam|p1a: Noctowl\n|-damage|p1a: Noctowl|83/344\n|\n|upkeep\n|turn|6\n|inactive|Time left: 300 sec this turn | 300 sec total\n|\n|t:|1783547595\n|move|p1a: Noctowl|Hyper Voice|p2a: Greedent\n|-damage|p2a: Greedent|44/100\n|move|p2a: Greedent|Knock Off|p1a: Noctowl\n|-damage|p1a: Noctowl|0 fnt\n|-enditem|p1a: Noctowl|Heavy-Duty Boots|[from] move: Knock Off|[of] p2a: Greedent\n|faint|p1a: Noctowl\n|\n|upkeep\n|inactive|Time left: 300 sec this turn | 300 sec total | 5 sec grace\n|\n|t:|1783547596\n|switch|p1a: Porygon-Z|Porygon-Z, L83|277/277\n|turn|7\n|inactive|Time left: 300 sec this turn | 300 sec total\n|\n|t:|1783547597\n|move|p1a: Porygon-Z|Tera Blast|p2a: Greedent\n|-damage|p2a: Greedent|0 fnt\n|faint|p2a: Greedent\n|-damage|p1a: Porygon-Z|250/277|[from] item: Life Orb\n|\n|upkeep\n|\n|t:|1783547598\n|switch|p2a: Charizard|Charizard, L85, F|100/100\n|turn|8\n|inactive|Time left: 300 sec this turn | 300 sec total\n|\n|t:|1783547599\n|move|p2a: Charizard|Swords Dance|p2a: Charizard\n|-boost|p2a: Charizard|atk|2\n|move|p1a: Porygon-Z|Tera Blast|p2a: Charizard\n|-damage|p2a: Charizard|30/100\n|-damage|p1a: Porygon-Z|223/277|[from] item: Life Orb\n|\n|upkeep\n|turn|9\n|inactive|Time left: 300 sec this turn | 300 sec total\n|\n|t:|1783547600\n|-terastallize|p2a: Charizard|Dragon\n|move|p2a: Charizard|Outrage|p1a: Porygon-Z\n|-damage|p1a: Porygon-Z|0 fnt\n|faint|p1a: Porygon-Z\n|\n|upkeep\n|inactive|Time left: 300 sec this turn | 300 sec total | 5 sec grace\n|\n|t:|1783547601\n|switch|p1a: Jirachi|Jirachi, L80|291/291\n|turn|10\n|inactive|Time left: 300 sec this turn | 300 sec total\n|\n|t:|1783547602\n|move|p2a: Charizard|Outrage|p1a: Jirachi|[from] lockedmove\n|-resisted|p1a: Jirachi\n|-damage|p1a: Jirachi|173/291\n|-start|p2a: Charizard|confusion|[fatigue]\n|move|p1a: Jirachi|Iron Head|p2a: Charizard\n|-damage|p2a: Charizard|0 fnt\n|faint|p2a: Charizard\n|\n|-heal|p1a: Jirachi|191/291|[from] item: Leftovers\n|upkeep\n|\n|t:|1783547603\n|switch|p2a: Honchkrow|Honchkrow, L86, M|100/100\n|turn|11\n|inactive|Time left: 300 sec this turn | 300 sec total\n|\n|t:|1783547604\n|move|p2a: Honchkrow|Sucker Punch|p1a: Jirachi\n|-supereffective|p1a: Jirachi\n|-damage|p1a: Jirachi|0 fnt\n|faint|p1a: Jirachi\n|-ability|p2a: Honchkrow|Moxie|boost\n|-boost|p2a: Honchkrow|atk|1\n|\n|upkeep\n|inactive|Time left: 300 sec this turn | 300 sec total | 5 sec grace\n|\n|t:|1783547606\n|switch|p1a: Dragalge|Dragalge, L88, F|258/258\n|turn|12\n|inactive|Time left: 300 sec this turn | 300 sec total\n|\n|t:|1783547607\n|move|p2a: Honchkrow|Brave Bird|p1a: Dragalge\n|-damage|p1a: Dragalge|36/258\n|-damage|p2a: Honchkrow|77/100|[from] Recoil\n|move|p1a: Dragalge|Draco Meteor|p2a: Honchkrow\n|-damage|p2a: Honchkrow|0 fnt\n|-unboost|p1a: Dragalge|spa|2\n|faint|p2a: Honchkrow\n|\n|upkeep\n|\n|t:|1783547608\n|switch|p2a: Arboliva|Arboliva, L91, F|100/100\n|turn|13\n|inactive|Time left: 300 sec this turn | 300 sec total\n|\n|t:|1783547609\n|move|p1a: Dragalge|Sludge Wave|p2a: Arboliva\n|-supereffective|p2a: Arboliva\n|-damage|p2a: Arboliva|62/100\n|move|p2a: Arboliva|Substitute|p2a: Arboliva\n|-start|p2a: Arboliva|Substitute\n|-damage|p2a: Arboliva|37/100\n|-enditem|p2a: Arboliva|Sitrus Berry|[eat]\n|-heal|p2a: Arboliva|62/100|[from] item: Sitrus Berry\n|\n|-item|p2a: Arboliva|Sitrus Berry|[from] ability: Harvest\n|upkeep\n|turn|14\n|inactive|Time left: 300 sec this turn | 300 sec total\n|\n|t:|1783547610\n|move|p1a: Dragalge|Sludge Wave|p2a: Arboliva\n|-supereffective|p2a: Arboliva\n|-end|p2a: Arboliva|Substitute\n|move|p2a: Arboliva|Hyper Voice|p1a: Dragalge\n|-damage|p1a: Dragalge|0 fnt\n|faint|p1a: Dragalge\n|\n|upkeep\n|inactive|Time left: 300 sec this turn | 300 sec total | 5 sec grace\n|\n|t:|1783547611\n|switch|p1a: Venomoth|Venomoth, L84, M|255/255\n|turn|15\n|inactive|Time left: 300 sec this turn | 300 sec total\n|\n|t:|1783547612\n|move|p1a: Venomoth|Quiver Dance|p1a: Venomoth\n|-boost|p1a: Venomoth|spa|1\n|-boost|p1a: Venomoth|spd|1\n|-boost|p1a: Venomoth|spe|1\n|move|p2a: Arboliva|Leech Seed|p1a: Venomoth\n|-start|p1a: Venomoth|move: Leech Seed\n|\n|-damage|p1a: Venomoth|224/255|[from] Leech Seed|[of] p2a: Arboliva\n|-heal|p2a: Arboliva|72/100|[silent]\n|upkeep\n|turn|16\n|inactive|Time left: 300 sec this turn | 300 sec total\n|\n|t:|1783547613\n|-terastallize|p1a: Venomoth|Water\n|move|p1a: Venomoth|Quiver Dance|p1a: Venomoth\n|-boost|p1a: Venomoth|spa|1\n|-boost|p1a: Venomoth|spd|1\n|-boost|p1a: Venomoth|spe|1\n|move|p2a: Arboliva|Hyper Voice|p1a: Venomoth\n|-damage|p1a: Venomoth|146/255\n|\n|-damage|p1a: Venomoth|115/255|[from] Leech Seed|[of] p2a: Arboliva\n|-heal|p2a: Arboliva|83/100|[silent]\n|upkeep\n|turn|17\n|inactive|Time left: 300 sec this turn | 300 sec total\n|\n|t:|1783547614\n|move|p2a: Arboliva|Protect|p2a: Arboliva\n|-singleturn|p2a: Arboliva|Protect\n|move|p1a: Venomoth|Bug Buzz|p2a: Arboliva\n|-activate|p2a: Arboliva|move: Protect\n|\n|-damage|p1a: Venomoth|84/255|[from] Leech Seed|[of] p2a: Arboliva\n|-heal|p2a: Arboliva|94/100|[silent]\n|upkeep\n|turn|18\n|inactive|Time left: 300 sec this turn | 300 sec total\n|\n|t:|1783547615\n|move|p2a: Arboliva|Protect|p2a: Arboliva\n|-singleturn|p2a: Arboliva|Protect\n|move|p1a: Venomoth|Sludge Wave|p2a: Arboliva\n|-activate|p2a: Arboliva|move: Protect\n|\n|-damage|p1a: Venomoth|53/255|[from] Leech Seed|[of] p2a: Arboliva\n|-heal|p2a: Arboliva|100/100|[silent]\n|upkeep\n|turn|19\n|inactive|Time left: 300 sec this turn | 300 sec total\n|\n|t:|1783547616\n|move|p1a: Venomoth|Bug Buzz|p2a: Arboliva\n|-supereffective|p2a: Arboliva\n|-damage|p2a: Arboliva|8/100\n|-enditem|p2a: Arboliva|Sitrus Berry|[eat]\n|-heal|p2a: Arboliva|33/100|[from] item: Sitrus Berry\n|move|p2a: Arboliva|Hyper Voice|p1a: Venomoth\n|-damage|p1a: Venomoth|0 fnt\n|faint|p1a: Venomoth\n|\n|win|p0y6681376", "uploadtime": 1783547616, "views": 0, "rating": 0, "private": 0, "password": null, "_winner": "p0y6681376", "_our_name": "p0x668f1d2"}