{"id": "battle-gen9randombattle-1294", "formatid": "gen9randombattle", "format": "[Gen 9] Random Battle", "players": ["p0x12949f07", "p0y1294b619"], "log": "|init|battle\n|title|p0x12949f07 vs. p0y1294b619\n|j|\u2606p0x12949f07\n|j|\u2606p0y1294b619\n|t:|1783555012\n|gametype|singles\n|player|p1|p0x12949f07|170|\n|player|p2|p0y1294b619|265|\n|gen|9\n|tier|[Gen 9] Random Battle\n|rule|Species Clause: Limit one of each Pok\u00e9mon\n|rule|HP Percentage Mod: HP is shown in percentages\n|rule|Sleep Clause Mod: Limit one foe put to sleep\n|rule|Illusion Level Mod: Illusion disguises the Pok\u00e9mon's true level\n|\n|t:|1783555012\n|teamsize|p1|6\n|teamsize|p2|6\n|start\n|switch|p1a: Ninetales|Ninetales, L85, F|100/100\n|switch|p2a: Regirock|Regirock, L83|268/268\n|-weather|SunnyDay|[from] ability: Drought|[of] p1a: Ninetales\n|turn|1\n|inactive|Battle timer is ON: inactive players will automatically lose when time's up. (requested by p0x12949f07)\n|inactive|Time left: 300 sec this turn | 300 sec total | 60 sec grace\n|inactive|p0y1294b619 also wants the timer to be on.\n|\n|t:|1783555014\n|move|p1a: Ninetales|Nasty Plot|p1a: Ninetales\n|-boost|p1a: Ninetales|spa|2\n|move|p2a: Regirock|Stone Edge|p1a: Ninetales\n|-supereffective|p1a: Ninetales\n|-damage|p1a: Ninetales|13/100\n|\n|-weather|SunnyDay|[upkeep]\n|upkeep\n|turn|2\n|inactive|Time left: 300 sec this turn | 300 sec total\n|\n|t:|1783555014\n|switch|p2a: Houndoom|Houndoom, L87, M|272/272\n|move|p1a: Ninetales|Solar Beam||[still]\n|-prepare|p1a: Ninetales|Solar Beam\n|-anim|p1a: Ninetales|Solar Beam|p2a: Houndoom\n|-resisted|p2a: Houndoom\n|-damage|p2a: Houndoom|189/272\n|\n|-weather|SunnyDay|[upkeep]\n|upkeep\n|turn|3\n|inactive|Time left: 300 sec this turn | 300 sec total\n|\n|t:|1783555016\n|move|p2a: Houndoom|Sucker Punch|p1a: Ninetales\n|-damage|p1a: Ninetales|0 fnt\n|faint|p1a: Ninetales\n|\n|-weather|SunnyDay|[upkeep]\n|upkeep\n|\n|t:|1783555017\n|switch|p1a: Manaphy|Manaphy, L78|100/100\n|turn|4\n|inactive|Time left: 300 sec this turn | 300 sec total\n|\n|t:|1783555018\n|move|p2a: Houndoom|Dark Pulse|p1a: Manaphy\n|-damage|p1a: Manaphy|66/100\n|cant|p1a: Manaphy|flinch\n|\n|-weather|SunnyDay|[upkeep]\n|-heal|p1a: Manaphy|72/100|[from] item: Leftovers\n|upkeep\n|turn|5\n|inactive|Time left: 300 sec this turn | 300 sec total\n|\n|t:|1783555019\n|move|p2a: Houndoom|Dark Pulse|p1a: Manaphy\n|-damage|p1a: Manaphy|37/100\n|move|p1a: Manaphy|Tail Glow|p1a: Manaphy\n|-boost|p1a: Manaphy|spa|3\n|\n|-weather|none\n|-heal|p1a: Manaphy|43/100|[from] item: Leftovers\n|upkeep\n|turn|6\n|inactive|Time left: 300 sec this turn | 300 sec total\n|\n|t:|1783555020\n|move|p2a: Houndoom|Dark Pulse|p1a: Manaphy\n|-damage|p1a: Manaphy|10/100\n|move|p1a: Manaphy|Surf|p2a: Houndoom\n|-supereffective|p2a: Houndoom\n|-damage|p2a: Houndoom|0 fnt\n|faint|p2a: Houndoom\n|\n|-heal|p1a: Manaphy|16/100|[from] item: Leftovers\n|upkeep\n|inactive|Time left: 300 sec this turn | 300 sec total | 5 sec grace\n|\n|t:|1783555021\n|switch|p2a: Conkeldurr|Conkeldurr, L80, M|299/299\n|turn|7\n|inactive|Time left: 300 sec this turn | 300 sec total\n|\n|t:|1783555023\n|-terastallize|p1a: Manaphy|Water\n|move|p2a: Conkeldurr|Mach Punch|p1a: Manaphy\n|-damage|p1a: Manaphy|0 fnt\n|faint|p1a: Manaphy\n|\n|-status|p2a: Conkeldurr|brn|[from] item: Flame Orb\n|upkeep\n|\n|t:|1783555024\n|switch|p1a: Gliscor|Gliscor, L76, F|100/100\n|turn|8\n|inactive|Time left: 300 sec this turn | 300 sec total\n|\n|t:|1783555025\n|move|p1a: Gliscor|Substitute|p1a: Gliscor\n|-start|p1a: Gliscor|Substitute\n|-damage|p1a: Gliscor|76/100\n|move|p2a: Conkeldurr|Knock Off|p1a: Gliscor\n|-end|p1a: Gliscor|Substitute\n|\n|-damage|p2a: Conkeldurr|281/299 brn|[from] brn\n|-status|p1a: Gliscor|tox|[from] item: Toxic Orb\n|upkeep\n|turn|9\n|inactive|Time left: 300 sec this turn | 300 sec total\n|\n|t:|1783555026\n|move|p1a: Gliscor|Protect|p1a: Gliscor\n|-singleturn|p1a: Gliscor|Protect\n|move|p2a: Conkeldurr|Facade|p1a: Gliscor\n|-activate|p1a: Gliscor|move: Protect\n|\n|-heal|p1a: Gliscor|88/100 tox|[from] ability: Poison Heal\n|-damage|p2a: Conkeldurr|263/299 brn|[from] brn\n|upkeep\n|turn|10\n|inactive|Time left: 300 sec this turn | 300 sec total\n|\n|t:|1783555027\n|move|p1a: Gliscor|Substitute|p1a: Gliscor\n|-start|p1a: Gliscor|Substitute\n|-damage|p1a: Gliscor|63/100 tox\n|move|p2a: Conkeldurr|Facade|p1a: Gliscor\n|-end|p1a: Gliscor|Substitute\n|\n|-heal|p1a: Gliscor|75/100 tox|[from] ability: Poison Heal\n|-damage|p2a: Conkeldurr|245/299 brn|[from] brn\n|upkeep\n|turn|11\n|inactive|Time left: 300 sec this turn | 300 sec total\n|\n|t:|1783555028\n|move|p1a: Gliscor|Protect|p1a: Gliscor\n|-singleturn|p1a: Gliscor|Protect\n|move|p2a: Conkeldurr|Facade|p1a: Gliscor\n|-activate|p1a: Gliscor|move: Protect\n|\n|-heal|p1a: Gliscor|88/100 tox|[from] ability: Poison Heal\n|-damage|p2a: Conkeldurr|227/299 brn|[from] brn\n|upkeep\n|turn|12\n|inactive|Time left: 300 sec this turn | 300 sec total\n|\n|t:|1783555029\n|move|p1a: Gliscor|Substitute|p1a: Gliscor\n|-start|p1a: Gliscor|Substitute\n|-damage|p1a: Gliscor|63/100 tox\n|move|p2a: Conkeldurr|Facade|p1a: Gliscor\n|-end|p1a: Gliscor|Substitute\n|\n|-heal|p1a: Gliscor|75/100 tox|[from] ability: Poison Heal\n|-damage|p2a: Conkeldurr|209/299 brn|[from] brn\n|upkeep\n|turn|13\n|inactive|Time left: 300 sec this turn | 300 sec total\n|\n|t:|1783555030\n|move|p1a: Gliscor|Protect|p1a: Gliscor\n|-singleturn|p1a: Gliscor|Protect\n|move|p2a: Conkeldurr|Facade|p1a: Gliscor\n|-activate|p1a: Gliscor|move: Protect\n|\n|-heal|p1a: Gliscor|87/100 tox|[from] ability: Poison Heal\n|-damage|p2a: Conkeldurr|191/299 brn|[from] brn\n|upkeep\n|turn|14\n|inactive|Time left: 300 sec this turn | 300 sec total\n|\n|t:|1783555031\n|move|p1a: Gliscor|Earthquake|p2a: Conkeldurr\n|-damage|p2a: Conkeldurr|101/299 brn\n|move|p2a: Conkeldurr|Facade|p1a: Gliscor\n|-damage|p1a: Gliscor|22/100 tox\n|\n|-heal|p1a: Gliscor|34/100 tox|[from] ability: Poison Heal\n|-damage|p2a: Conkeldurr|83/299 brn|[from] brn\n|upkeep\n|turn|15\n|inactive|Time left: 300 sec this turn | 300 sec total\n|\n|t:|1783555032\n|switch|p2a: Flapple|Flapple, L88, M|266/266\n|move|p1a: Gliscor|Earthquake|p2a: Flapple\n|-resisted|p2a: Flapple\n|-damage|p2a: Flapple|226/266\n|\n|-heal|p1a: Gliscor|46/100 tox|[from] ability: Poison Heal\n|upkeep\n|turn|16\n|inactive|Time left: 300 sec this turn | 300 sec total\n|\n|t:|1783555033\n|move|p1a: Gliscor|Substitute|p1a: Gliscor\n|-start|p1a: Gliscor|Substitute\n|-damage|p1a: Gliscor|21/100 tox\n|move|p2a: Flapple|Dragon Dance|p2a: Flapple\n|-boost|p2a: Flapple|atk|1\n|-boost|p2a: Flapple|spe|1\n|\n|-heal|p1a: Gliscor|34/100 tox|[from] ability: Poison Heal\n|upkeep\n|turn|17\n|inactive|Time left: 300 sec this turn | 300 sec total\n|\n|t:|1783555035\n|move|p1a: Gliscor|Protect|p1a: Gliscor\n|-singleturn|p1a: Gliscor|Protect\n|move|p2a: Flapple|Dragon Dance|p2a: Flapple\n|-boost|p2a: Flapple|atk|1\n|-boost|p2a: Flapple|spe|1\n|\n|-heal|p1a: Gliscor|46/100 tox|[from] ability: Poison Heal\n|upkeep\n|turn|18\n|inactive|Time left: 300 sec this turn | 300 sec total\n|\n|t:|1783555036\n|move|p2a: Flapple|Outrage|p1a: Gliscor\n|-end|p1a: Gliscor|Substitute\n|move|p1a: Gliscor|Substitute|p1a: Gliscor\n|-start|p1a: Gliscor|Substitute\n|-damage|p1a: Gliscor|21/100 tox\n|\n|-heal|p1a: Gliscor|33/100 tox|[from] ability: Poison Heal\n|upkeep\n|turn|19\n|inactive|Time left: 300 sec this turn | 300 sec total\n|\n|t:|1783555037\n|move|p1a: Gliscor|Protect|p1a: Gliscor\n|-singleturn|p1a: Gliscor|Protect\n|move|p2a: Flapple|Outrage|p1a: Gliscor|[from] lockedmove\n|-activate|p1a: Gliscor|move: Protect\n|\n|-heal|p1a: Gliscor|45/100 tox|[from] ability: Poison Heal\n|upkeep\n|turn|20\n|inactive|Time left: 300 sec this turn | 300 sec total\n|\n|t:|1783555038\n|move|p2a: Flapple|Grav Apple|p1a: Gliscor\n|-end|p1a: Gliscor|Substitute\n|move|p1a: Gliscor|Toxic|p2a: Flapple\n|-status|p2a: Flapple|tox\n|-enditem|p2a: Flapple|Lum Berry|[eat]\n|-curestatus|p2a: Flapple|tox|[msg]\n|\n|-heal|p1a: Gliscor|57/100 tox|[from] ability: Poison Heal\n|upkeep\n|turn|21\n|inactive|Time left: 300 sec this turn | 300 sec total\n|\n|t:|1783555039\n|move|p1a: Gliscor|Protect|p1a: Gliscor\n|-singleturn|p1a: Gliscor|Protect\n|move|p2a: Flapple|Outrage|p1a: Gliscor\n|-activate|p1a: Gliscor|move: Protect\n|\n|-heal|p1a: Gliscor|70/100 tox|[from] ability: Poison Heal\n|upkeep\n|turn|22\n|inactive|Time left: 300 sec this turn | 300 sec total\n|\n|t:|1783555040\n|switch|p1a: Jirachi|Jirachi, L80|100/100\n|move|p2a: Flapple|Outrage|p1a: Jirachi|[miss]\n|-miss|p2a: Flapple|p1a: Jirachi\n|\n|upkeep\n|turn|23\n|inactive|Time left: 300 sec this turn | 300 sec total\n|\n|t:|1783555041\n|-terastallize|p2a: Flapple|Fire\n|move|p2a: Flapple|Tera Blast|p1a: Jirachi|[anim] Tera Blast Fire\n|-supereffective|p1a: Jirachi\n|-damage|p1a: Jirachi|0 fnt\n|faint|p1a: Jirachi\n|\n|upkeep\n|\n|t:|1783555042\n|switch|p1a: Arceus|Arceus-Water, L71|100/100\n|turn|24\n|inactive|Time left: 300 sec this turn | 300 sec total\n|\n|t:|1783555043\n|move|p2a: Flapple|Outrage|p1a: Arceus\n|-damage|p1a: Arceus|0 fnt\n|faint|p1a: Arceus\n|\n|upkeep\n|\n|t:|1783555044\n|switch|p1a: Gliscor|Gliscor, L76, F|70/100 tox\n|turn|25\n|inactive|Time left: 300 sec this turn | 300 sec total\n|\n|t:|1783555045\n|move|p2a: Flapple|Outrage|p1a: Gliscor|[from] lockedmove\n|-damage|p1a: Gliscor|0 fnt\n|faint|p1a: Gliscor\n|\n|upkeep\n|\n|t:|1783555046\n|switch|p1a: Polteageist|Polteageist, L78|100/100\n|turn|26\n|inactive|Time left: 300 sec this turn | 300 sec total\n|\n|t:|1783555047\n|move|p2a: Flapple|Outrage|p1a: Polteageist|[from] lockedmove\n|-damage|p1a: Polteageist|0 fnt\n|faint|p1a: Polteageist\n|-start|p2a: Flapple|confusion|[fatigue]\n|\n|win|p0y1294b619", "uploadtime": 1783555047, "views": 0, "rating": 0, "private": 0, "password": null, "_winner": "p0y1294b619", "_our_name": "p0y1294b619"}