{"id": "battle-gen9randombattle-2768", "formatid": "gen9randombattle", "format": "[Gen 9] Random Battle", "players": ["p0x2768fe58", "p0y2768cb70"], "log": "|init|battle\n|title|p0x2768fe58 vs. p0y2768cb70\n|j|\u2606p0x2768fe58\n|j|\u2606p0y2768cb70\n|t:|1783571899\n|gametype|singles\n|player|p1|p0x2768fe58|1|\n|player|p2|p0y2768cb70|2|\n|gen|9\n|tier|[Gen 9] Random Battle\n|rule|Species Clause: Limit one of each Pok\u00e9mon\n|rule|HP Percentage Mod: HP is shown in percentages\n|rule|Sleep Clause Mod: Limit one foe put to sleep\n|rule|Illusion Level Mod: Illusion disguises the Pok\u00e9mon's true level\n|\n|t:|1783571899\n|teamsize|p1|6\n|teamsize|p2|6\n|start\n|switch|p1a: Mamoswine|Mamoswine, L81, F|311/311\n|switch|p2a: Cetitan|Cetitan, L82, M|100/100\n|turn|1\n|inactive|Battle timer is ON: inactive players will automatically lose when time's up. (requested by p0x2768fe58)\n|\n|t:|1783571900\n|move|p1a: Mamoswine|Stealth Rock|p2a: Cetitan\n|-sidestart|p2: p0y2768cb70|move: Stealth Rock\n|move|p2a: Cetitan|Ice Spinner|p1a: Mamoswine\n|-damage|p1a: Mamoswine|257/311\n|\n|upkeep\n|turn|2\n|inactive|Time left: 300 sec this turn | 300 sec total\n|inactive|p0y2768cb70 also wants the timer to be on.\n|\n|t:|1783571901\n|move|p1a: Mamoswine|Earthquake|p2a: Cetitan\n|-damage|p2a: Cetitan|53/100\n|-damage|p1a: Mamoswine|226/311|[from] item: Life Orb\n|move|p2a: Cetitan|Belly Drum|p2a: Cetitan\n|-damage|p2a: Cetitan|3/100\n|-setboost|p2a: Cetitan|atk|6|[from] move: Belly Drum\n|-enditem|p2a: Cetitan|Sitrus Berry|[eat]\n|-heal|p2a: Cetitan|28/100|[from] item: Sitrus Berry\n|\n|upkeep\n|turn|3\n|inactive|Time left: 300 sec this turn | 300 sec total\n|\n|t:|1783571902\n|move|p2a: Cetitan|Ice Shard|p1a: Mamoswine\n|-damage|p1a: Mamoswine|117/311\n|move|p1a: Mamoswine|Earthquake|p2a: Cetitan\n|-damage|p2a: Cetitan|0 fnt\n|faint|p2a: Cetitan\n|-damage|p1a: Mamoswine|86/311|[from] item: Life Orb\n|\n|upkeep\n|\n|t:|1783571903\n|switch|p2a: Indeedee|Indeedee, L84, M|100/100\n|-damage|p2a: Indeedee|88/100|[from] Stealth Rock\n|-fieldstart|move: Psychic Terrain|[from] ability: Psychic Surge|[of] p2a: Indeedee\n|turn|4\n|inactive|Time left: 300 sec this turn | 300 sec total\n|\n|t:|1783571904\n|switch|p1a: Meganium|Meganium, L90, F|290/290\n|move|p2a: Indeedee|Expanding Force|p1a: Meganium\n|-crit|p1a: Meganium\n|-damage|p1a: Meganium|0 fnt\n|faint|p1a: Meganium\n|-damage|p2a: Indeedee|79/100|[from] item: Life Orb\n|\n|upkeep\n|inactive|Time left: 300 sec this turn | 300 sec total | 5 sec grace\n|\n|t:|1783571905\n|switch|p1a: Iron Bundle|Iron Bundle, L78|215/215\n|turn|5\n|inactive|Time left: 300 sec this turn | 300 sec total\n|\n|t:|1783571906\n|-terastallize|p1a: Iron Bundle|Water\n|move|p1a: Iron Bundle|Hydro Pump|p2a: Indeedee|[miss]\n|-miss|p1a: Iron Bundle|p2a: Indeedee\n|move|p2a: Indeedee|Expanding Force|p1a: Iron Bundle\n|-damage|p1a: Iron Bundle|0 fnt\n|faint|p1a: Iron Bundle\n|-end|p1a: Iron Bundle|Quark Drive|[silent]\n|-damage|p2a: Indeedee|69/100|[from] item: Life Orb\n|\n|upkeep\n|inactive|Time left: 300 sec this turn | 300 sec total | 5 sec grace\n|\n|t:|1783571907\n|switch|p1a: Dudunsparce|Dudunsparce-Three-Segment, L83, F|343/343\n|turn|6\n|inactive|Time left: 300 sec this turn | 300 sec total\n|\n|t:|1783571908\n|-terastallize|p2a: Indeedee|Psychic\n|move|p2a: Indeedee|Expanding Force|p1a: Dudunsparce\n|-damage|p1a: Dudunsparce|23/343\n|-damage|p2a: Indeedee|59/100|[from] item: Life Orb\n|move|p1a: Dudunsparce|Boomburst|p2a: Indeedee\n|-damage|p2a: Indeedee|10/100\n|\n|-heal|p1a: Dudunsparce|44/343|[from] item: Leftovers\n|upkeep\n|turn|7\n|inactive|Time left: 300 sec this turn | 300 sec total\n|\n|t:|1783571909\n|move|p2a: Indeedee|Expanding Force|p1a: Dudunsparce\n|-damage|p1a: Dudunsparce|0 fnt\n|faint|p1a: Dudunsparce\n|-damage|p2a: Indeedee|0 fnt|[from] item: Life Orb\n|faint|p2a: Indeedee\n|\n|upkeep\n|inactive|Time left: 300 sec this turn | 300 sec total | 5 sec grace\n|\n|t:|1783571910\n|switch|p2a: Misdreavus|Misdreavus, L90, F|100/100\n|switch|p1a: Mamoswine|Mamoswine, L81, F|86/311\n|-damage|p2a: Misdreavus|88/100|[from] Stealth Rock\n|turn|8\n|inactive|Time left: 300 sec this turn | 300 sec total\n|\n|t:|1783571911\n|move|p2a: Misdreavus|Calm Mind|p2a: Misdreavus\n|-boost|p2a: Misdreavus|spa|1\n|-boost|p2a: Misdreavus|spd|1\n|move|p1a: Mamoswine|Icicle Crash|p2a: Misdreavus\n|-damage|p2a: Misdreavus|46/100\n|-damage|p1a: Mamoswine|55/311|[from] item: Life Orb\n|\n|-fieldend|move: Psychic Terrain\n|upkeep\n|turn|9\n|inactive|Time left: 300 sec this turn | 300 sec total\n|\n|t:|1783571912\n|move|p1a: Mamoswine|Ice Shard|p2a: Misdreavus\n|-damage|p2a: Misdreavus|26/100\n|-damage|p1a: Mamoswine|24/311|[from] item: Life Orb\n|move|p2a: Misdreavus|Draining Kiss|p1a: Mamoswine\n|-damage|p1a: Mamoswine|0 fnt\n|-heal|p2a: Misdreavus|33/100|[from] drain|[of] p1a: Mamoswine\n|faint|p1a: Mamoswine\n|\n|upkeep\n|inactive|Time left: 300 sec this turn | 300 sec total | 5 sec grace\n|\n|t:|1783571913\n|switch|p1a: Haxorus|Haxorus, L77, M|244/244\n|-ability|p1a: Haxorus|Mold Breaker\n|turn|10\n|inactive|Time left: 300 sec this turn | 300 sec total\n|\n|t:|1783571914\n|move|p2a: Misdreavus|Draining Kiss|p1a: Haxorus\n|-supereffective|p1a: Haxorus\n|-damage|p1a: Haxorus|104/244\n|-heal|p2a: Misdreavus|75/100|[from] drain|[of] p1a: Haxorus\n|move|p1a: Haxorus|Scale Shot|p2a: Misdreavus\n|-damage|p2a: Misdreavus|65/100\n|-damage|p2a: Misdreavus|55/100\n|-damage|p2a: Misdreavus|44/100\n|-damage|p2a: Misdreavus|33/100\n|-damage|p2a: Misdreavus|23/100\n|-hitcount|p2a: Misdreavus|5\n|-unboost|p1a: Haxorus|def|1\n|-boost|p1a: Haxorus|spe|1\n|\n|upkeep\n|turn|11\n|inactive|Time left: 300 sec this turn | 300 sec total\n|\n|t:|1783571915\n|switch|p2a: Oinkologne|Oinkologne, L92, M|100/100\n|-damage|p2a: Oinkologne|88/100|[from] Stealth Rock\n|move|p1a: Haxorus|Earthquake|p2a: Oinkologne\n|-damage|p2a: Oinkologne|64/100\n|\n|-heal|p2a: Oinkologne|70/100|[from] item: Leftovers\n|upkeep\n|turn|12\n|inactive|Time left: 300 sec this turn | 300 sec total\n|\n|t:|1783571916\n|move|p1a: Haxorus|Scale Shot|p2a: Oinkologne\n|-damage|p2a: Oinkologne|61/100\n|-damage|p2a: Oinkologne|51/100\n|-damage|p2a: Oinkologne|41/100\n|-damage|p2a: Oinkologne|32/100\n|-damage|p2a: Oinkologne|24/100\n|-hitcount|p2a: Oinkologne|5\n|-unboost|p1a: Haxorus|def|1\n|-boost|p1a: Haxorus|spe|1\n|move|p2a: Oinkologne|High Horsepower|p1a: Haxorus\n|-damage|p1a: Haxorus|0 fnt\n|faint|p1a: Haxorus\n|\n|-heal|p2a: Oinkologne|30/100|[from] item: Leftovers\n|upkeep\n|inactive|Time left: 300 sec this turn | 300 sec total | 5 sec grace\n|\n|t:|1783571917\n|switch|p1a: Great Tusk|Great Tusk, L77|304/304\n|-enditem|p1a: Great Tusk|Booster Energy\n|-activate|p1a: Great Tusk|ability: Protosynthesis|[fromitem]\n|-start|p1a: Great Tusk|protosynthesisatk\n|turn|13\n|inactive|Time left: 300 sec this turn | 300 sec total\n|\n|t:|1783571918\n|switch|p2a: Misdreavus|Misdreavus, L90, F|23/100\n|-damage|p2a: Misdreavus|11/100|[from] Stealth Rock\n|move|p1a: Great Tusk|Bulk Up|p1a: Great Tusk\n|-boost|p1a: Great Tusk|atk|1\n|-boost|p1a: Great Tusk|def|1\n|\n|upkeep\n|turn|14\n|inactive|Time left: 300 sec this turn | 300 sec total\n|\n|t:|1783571919\n|move|p2a: Misdreavus|Draining Kiss|p1a: Great Tusk\n|-supereffective|p1a: Great Tusk\n|-damage|p1a: Great Tusk|190/304\n|-heal|p2a: Misdreavus|45/100|[from] drain|[of] p1a: Great Tusk\n|move|p1a: Great Tusk|Bulk Up|p1a: Great Tusk\n|-boost|p1a: Great Tusk|atk|1\n|-boost|p1a: Great Tusk|def|1\n|\n|upkeep\n|turn|15\n|inactive|Time left: 300 sec this turn | 300 sec total\n|\n|t:|1783571919\n|move|p2a: Misdreavus|Draining Kiss|p1a: Great Tusk\n|-supereffective|p1a: Great Tusk\n|-damage|p1a: Great Tusk|70/304\n|-heal|p2a: Misdreavus|80/100|[from] drain|[of] p1a: Great Tusk\n|move|p1a: Great Tusk|Stone Edge|p2a: Misdreavus|[miss]\n|-miss|p1a: Great Tusk|p2a: Misdreavus\n|\n|upkeep\n|turn|16\n|inactive|Time left: 300 sec this turn | 300 sec total\n|\n|t:|1783571920\n|move|p2a: Misdreavus|Draining Kiss|p1a: Great Tusk\n|-supereffective|p1a: Great Tusk\n|-damage|p1a: Great Tusk|0 fnt\n|-heal|p2a: Misdreavus|100/100|[from] drain|[of] p1a: Great Tusk\n|faint|p1a: Great Tusk\n|-end|p1a: Great Tusk|Protosynthesis|[silent]\n|\n|win|p0y2768cb70", "uploadtime": 1783571920, "views": 0, "rating": 0, "private": 0, "password": null, "_winner": "p0y2768cb70", "_our_name": "p0x2768fe58"}