{"id": "battle-gen9randombattle-677", "formatid": "gen9randombattle", "format": "[Gen 9] Random Battle", "players": ["p0x677accc", "p0y6771501"], "log": "|init|battle\n|title|p0x677accc vs. p0y6771501\n|j|\u2606p0x677accc\n|j|\u2606p0y6771501\n|t:|1783546995\n|gametype|singles\n|player|p1|p0x677accc|101|\n|player|p2|p0y6771501|265|\n|gen|9\n|tier|[Gen 9] Random Battle\n|rule|Species Clause: Limit one of each Pok\u00e9mon\n|rule|HP Percentage Mod: HP is shown in percentages\n|rule|Sleep Clause Mod: Limit one foe put to sleep\n|rule|Illusion Level Mod: Illusion disguises the Pok\u00e9mon's true level\n|\n|t:|1783546995\n|teamsize|p1|6\n|teamsize|p2|6\n|start\n|switch|p1a: Manaphy|Manaphy, L78|284/284\n|switch|p2a: Gouging Fire|Gouging Fire, L74|100/100\n|turn|1\n|inactive|Battle timer is ON: inactive players will automatically lose when time's up. (requested by p0y6771501)\n|inactive|Time left: 300 sec this turn | 300 sec total | 60 sec grace\n|inactive|p0x677accc also wants the timer to be on.\n|\n|t:|1783546996\n|move|p1a: Manaphy|Tail Glow|p1a: Manaphy\n|-boost|p1a: Manaphy|spa|3\n|move|p2a: Gouging Fire|Dragon Dance|p2a: Gouging Fire\n|-boost|p2a: Gouging Fire|atk|1\n|-boost|p2a: Gouging Fire|spe|1\n|\n|upkeep\n|turn|2\n|inactive|Time left: 300 sec this turn | 300 sec total\n|\n|t:|1783546997\n|-terastallize|p1a: Manaphy|Water\n|move|p2a: Gouging Fire|Outrage|p1a: Manaphy\n|-damage|p1a: Manaphy|121/284\n|move|p1a: Manaphy|Surf|p2a: Gouging Fire\n|-damage|p2a: Gouging Fire|0 fnt\n|faint|p2a: Gouging Fire\n|-end|p2a: Gouging Fire|Protosynthesis|[silent]\n|\n|-heal|p1a: Manaphy|138/284|[from] item: Leftovers\n|upkeep\n|\n|t:|1783546998\n|switch|p2a: Espeon|Espeon, L84, M|100/100\n|turn|3\n|inactive|Time left: 300 sec this turn | 300 sec total\n|\n|t:|1783546999\n|-terastallize|p2a: Espeon|Psychic\n|move|p2a: Espeon|Psyshock|p1a: Manaphy\n|-damage|p1a: Manaphy|0 fnt\n|faint|p1a: Manaphy\n|-damage|p2a: Espeon|91/100|[from] item: Life Orb\n|\n|upkeep\n|inactive|Time left: 300 sec this turn | 300 sec total | 5 sec grace\n|\n|t:|1783546999\n|switch|p1a: Honchkrow|Honchkrow, L86, M|312/312\n|turn|4\n|inactive|Time left: 300 sec this turn | 300 sec total\n|\n|t:|1783547000\n|move|p2a: Espeon|Alluring Voice|p1a: Honchkrow\n|-supereffective|p1a: Honchkrow\n|-damage|p1a: Honchkrow|55/312\n|-damage|p2a: Espeon|81/100|[from] item: Life Orb\n|move|p1a: Honchkrow|Brave Bird|p2a: Espeon\n|-damage|p2a: Espeon|1/100\n|-damage|p1a: Honchkrow|0 fnt|[from] Recoil\n|faint|p1a: Honchkrow\n|\n|upkeep\n|inactive|Time left: 300 sec this turn | 300 sec total | 5 sec grace\n|\n|t:|1783547001\n|switch|p1a: Bastiodon|Bastiodon, L89, M|252/252\n|turn|5\n|inactive|Time left: 300 sec this turn | 300 sec total\n|\n|t:|1783547003\n|move|p2a: Espeon|Morning Sun|p2a: Espeon\n|-heal|p2a: Espeon|51/100\n|move|p1a: Bastiodon|Foul Play|p2a: Espeon\n|-supereffective|p2a: Espeon\n|-damage|p2a: Espeon|8/100\n|\n|upkeep\n|turn|6\n|inactive|Time left: 300 sec this turn | 300 sec total\n|\n|t:|1783547004\n|move|p2a: Espeon|Morning Sun|p2a: Espeon\n|-heal|p2a: Espeon|58/100\n|move|p1a: Bastiodon|Iron Defense|p1a: Bastiodon\n|-boost|p1a: Bastiodon|def|2\n|\n|upkeep\n|turn|7\n|inactive|Time left: 300 sec this turn | 300 sec total\n|\n|t:|1783547005\n|move|p2a: Espeon|Morning Sun|p2a: Espeon\n|-heal|p2a: Espeon|100/100\n|move|p1a: Bastiodon|Body Press|p2a: Espeon\n|-resisted|p2a: Espeon\n|-damage|p2a: Espeon|51/100\n|\n|upkeep\n|turn|8\n|inactive|Time left: 300 sec this turn | 300 sec total\n|\n|t:|1783547006\n|move|p2a: Espeon|Morning Sun|p2a: Espeon\n|-heal|p2a: Espeon|100/100\n|move|p1a: Bastiodon|Body Press|p2a: Espeon\n|-resisted|p2a: Espeon\n|-damage|p2a: Espeon|46/100\n|\n|upkeep\n|turn|9\n|inactive|Time left: 300 sec this turn | 300 sec total\n|\n|t:|1783547006\n|move|p2a: Espeon|Morning Sun|p2a: Espeon\n|-heal|p2a: Espeon|96/100\n|move|p1a: Bastiodon|Body Press|p2a: Espeon\n|-resisted|p2a: Espeon\n|-damage|p2a: Espeon|47/100\n|\n|upkeep\n|turn|10\n|inactive|Time left: 300 sec this turn | 300 sec total\n|\n|t:|1783547007\n|move|p2a: Espeon|Morning Sun|p2a: Espeon\n|-heal|p2a: Espeon|97/100\n|move|p1a: Bastiodon|Body Press|p2a: Espeon\n|-resisted|p2a: Espeon\n|-damage|p2a: Espeon|43/100\n|\n|upkeep\n|turn|11\n|inactive|Time left: 300 sec this turn | 300 sec total\n|\n|t:|1783547008\n|move|p2a: Espeon|Morning Sun|p2a: Espeon\n|-heal|p2a: Espeon|93/100\n|move|p1a: Bastiodon|Body Press|p2a: Espeon\n|-resisted|p2a: Espeon\n|-damage|p2a: Espeon|39/100\n|\n|upkeep\n|turn|12\n|inactive|Time left: 300 sec this turn | 300 sec total\n|\n|t:|1783547009\n|move|p2a: Espeon|Morning Sun|p2a: Espeon\n|-heal|p2a: Espeon|89/100\n|move|p1a: Bastiodon|Body Press|p2a: Espeon\n|-resisted|p2a: Espeon\n|-damage|p2a: Espeon|40/100\n|\n|upkeep\n|turn|13\n|inactive|Time left: 300 sec this turn | 300 sec total\n|\n|t:|1783547010\n|switch|p2a: Munkidori|Munkidori, L79, M|100/100\n|move|p1a: Bastiodon|Body Press|p2a: Munkidori\n|-resisted|p2a: Munkidori\n|-damage|p2a: Munkidori|76/100\n|\n|upkeep\n|turn|14\n|inactive|Time left: 300 sec this turn | 300 sec total\n|\n|t:|1783547011\n|move|p2a: Munkidori|Fake Out|p1a: Bastiodon\n|-resisted|p1a: Bastiodon\n|-damage|p1a: Bastiodon|251/252\n|cant|p1a: Bastiodon|flinch\n|\n|upkeep\n|turn|15\n|inactive|Time left: 300 sec this turn | 300 sec total\n|\n|t:|1783547012\n|move|p2a: Munkidori|Sludge Wave|p1a: Bastiodon\n|-immune|p1a: Bastiodon\n|move|p1a: Bastiodon|Body Press|p2a: Munkidori\n|-resisted|p2a: Munkidori\n|-damage|p2a: Munkidori|53/100\n|\n|upkeep\n|turn|16\n|inactive|Time left: 300 sec this turn | 300 sec total\n|\n|t:|1783547013\n|move|p2a: Munkidori|Psychic Noise|p1a: Bastiodon\n|-immune|p1a: Bastiodon|[from] ability: Soundproof\n|move|p1a: Bastiodon|Body Press|p2a: Munkidori\n|-resisted|p2a: Munkidori\n|-damage|p2a: Munkidori|28/100\n|\n|upkeep\n|turn|17\n|inactive|Time left: 300 sec this turn | 300 sec total\n|\n|t:|1783547014\n|move|p2a: Munkidori|Sludge Wave|p1a: Bastiodon\n|-immune|p1a: Bastiodon\n|move|p1a: Bastiodon|Body Press|p2a: Munkidori\n|-resisted|p2a: Munkidori\n|-damage|p2a: Munkidori|5/100\n|\n|upkeep\n|turn|18\n|inactive|Time left: 300 sec this turn | 300 sec total\n|\n|t:|1783547015\n|move|p2a: Munkidori|Fake Out||[still]\n|-hint|Fake Out only works on your first turn out.\n|-fail|p2a: Munkidori\n|move|p1a: Bastiodon|Body Press|p2a: Munkidori\n|-resisted|p2a: Munkidori\n|-damage|p2a: Munkidori|0 fnt\n|faint|p2a: Munkidori\n|\n|upkeep\n|\n|t:|1783547016\n|switch|p2a: Quaquaval|Quaquaval, L79, F|100/100\n|turn|19\n|inactive|Time left: 300 sec this turn | 300 sec total\n|\n|t:|1783547017\n|move|p2a: Quaquaval|Swords Dance|p2a: Quaquaval\n|-boost|p2a: Quaquaval|atk|2\n|move|p1a: Bastiodon|Body Press|p2a: Quaquaval\n|-damage|p2a: Quaquaval|21/100\n|\n|upkeep\n|turn|20\n|inactive|Time left: 300 sec this turn | 300 sec total\n|\n|t:|1783547018\n|switch|p1a: Forretress|Forretress, L84, M|263/263\n|move|p2a: Quaquaval|Close Combat|p1a: Forretress\n|-damage|p1a: Forretress|12/263\n|-unboost|p2a: Quaquaval|def|1\n|-unboost|p2a: Quaquaval|spd|1\n|-damage|p2a: Quaquaval|11/100|[from] item: Life Orb\n|\n|-heal|p1a: Forretress|28/263|[from] item: Leftovers\n|upkeep\n|turn|21\n|inactive|Time left: 300 sec this turn | 300 sec total\n|\n|t:|1783547019\n|move|p2a: Quaquaval|Aqua Step|p1a: Forretress\n|-damage|p1a: Forretress|0 fnt\n|-boost|p2a: Quaquaval|spe|1\n|faint|p1a: Forretress\n|-ability|p2a: Quaquaval|Moxie|boost\n|-boost|p2a: Quaquaval|atk|1\n|-damage|p2a: Quaquaval|1/100|[from] item: Life Orb\n|\n|upkeep\n|inactive|Time left: 300 sec this turn | 300 sec total | 5 sec grace\n|\n|t:|1783547020\n|switch|p1a: Bellibolt|Bellibolt, L84, F|320/320\n|turn|22\n|inactive|Time left: 300 sec this turn | 300 sec total\n|\n|t:|1783547021\n|move|p2a: Quaquaval|Close Combat|p1a: Bellibolt\n|-damage|p1a: Bellibolt|0 fnt\n|-unboost|p2a: Quaquaval|def|1\n|-unboost|p2a: Quaquaval|spd|1\n|faint|p1a: Bellibolt\n|-ability|p2a: Quaquaval|Moxie|boost\n|-boost|p2a: Quaquaval|atk|1\n|-damage|p2a: Quaquaval|0 fnt|[from] item: Life Orb\n|faint|p2a: Quaquaval\n|\n|upkeep\n|inactive|Time left: 300 sec this turn | 300 sec total | 5 sec grace\n|\n|t:|1783547022\n|switch|p2a: Floatzel|Floatzel, L86, F|100/100\n|switch|p1a: Bastiodon|Bastiodon, L89, M|251/252\n|turn|23\n|inactive|Time left: 300 sec this turn | 300 sec total\n|\n|t:|1783547023\n|move|p2a: Floatzel|Wave Crash|p1a: Bastiodon\n|-supereffective|p1a: Bastiodon\n|-damage|p1a: Bastiodon|0 fnt\n|faint|p1a: Bastiodon\n|-damage|p2a: Floatzel|71/100|[from] Recoil\n|\n|upkeep\n|inactive|Time left: 300 sec this turn | 300 sec total | 5 sec grace\n|\n|t:|1783547024\n|switch|p1a: Garganacl|Garganacl, L80, M|291/291\n|turn|24\n|inactive|Time left: 300 sec this turn | 300 sec total\n|\n|t:|1783547025\n|move|p2a: Floatzel|Wave Crash|p1a: Garganacl\n|-supereffective|p1a: Garganacl\n|-damage|p1a: Garganacl|0 fnt\n|faint|p1a: Garganacl\n|-damage|p2a: Floatzel|38/100|[from] Recoil\n|\n|win|p0y6771501", "uploadtime": 1783547025, "views": 0, "rating": 0, "private": 0, "password": null, "_winner": "p0y6771501", "_our_name": "p0x677accc"}