{"id": "battle-gen9randombattle-739", "formatid": "gen9randombattle", "format": "[Gen 9] Random Battle", "players": ["p0x739362c", "p0y739f698"], "log": "|init|battle\n|title|p0x739362c vs. p0y739f698\n|j|\u2606p0x739362c\n|j|\u2606p0y739f698\n|t:|1783548397\n|gametype|singles\n|player|p1|p0x739362c|1|\n|player|p2|p0y739f698|101|\n|gen|9\n|tier|[Gen 9] Random Battle\n|rule|Species Clause: Limit one of each Pok\u00e9mon\n|rule|HP Percentage Mod: HP is shown in percentages\n|rule|Sleep Clause Mod: Limit one foe put to sleep\n|rule|Illusion Level Mod: Illusion disguises the Pok\u00e9mon's true level\n|\n|t:|1783548397\n|teamsize|p1|6\n|teamsize|p2|6\n|start\n|switch|p1a: Great Tusk|Great Tusk, L77|100/100\n|switch|p2a: Charizard|Charizard, L85, M|271/271\n|turn|1\n|inactive|Battle timer is ON: inactive players will automatically lose when time's up. (requested by p0y739f698)\n|\n|t:|1783548398\n|move|p2a: Charizard|Swords Dance|p2a: Charizard\n|-boost|p2a: Charizard|atk|2\n|move|p1a: Great Tusk|Bulk Up|p1a: Great Tusk\n|-boost|p1a: Great Tusk|atk|1\n|-boost|p1a: Great Tusk|def|1\n|\n|upkeep\n|turn|2\n|inactive|Time left: 300 sec this turn | 300 sec total\n|inactive|p0x739362c also wants the timer to be on.\n|\n|t:|1783548399\n|move|p2a: Charizard|Swords Dance|p2a: Charizard\n|-boost|p2a: Charizard|atk|2\n|move|p1a: Great Tusk|Rapid Spin|p2a: Charizard\n|-damage|p2a: Charizard|205/271\n|-boost|p1a: Great Tusk|spe|1\n|\n|upkeep\n|turn|3\n|inactive|Time left: 300 sec this turn | 300 sec total\n|\n|t:|1783548400\n|move|p1a: Great Tusk|Close Combat|p2a: Charizard\n|-resisted|p2a: Charizard\n|-damage|p2a: Charizard|88/271\n|-unboost|p1a: Great Tusk|def|1\n|-unboost|p1a: Great Tusk|spd|1\n|move|p2a: Charizard|Outrage|p1a: Great Tusk\n|-damage|p1a: Great Tusk|44/100\n|\n|-heal|p1a: Great Tusk|50/100|[from] item: Leftovers\n|upkeep\n|turn|4\n|inactive|Time left: 300 sec this turn | 300 sec total\n|\n|t:|1783548401\n|move|p1a: Great Tusk|Close Combat|p2a: Charizard\n|-resisted|p2a: Charizard\n|-damage|p2a: Charizard|0 fnt\n|-unboost|p1a: Great Tusk|def|1\n|-unboost|p1a: Great Tusk|spd|1\n|faint|p2a: Charizard\n|\n|-heal|p1a: Great Tusk|56/100|[from] item: Leftovers\n|upkeep\n|inactive|Time left: 300 sec this turn | 300 sec total | 5 sec grace\n|\n|t:|1783548402\n|switch|p2a: Electrode|Electrode-Hisui, L87|246/246\n|turn|5\n|inactive|Time left: 300 sec this turn | 300 sec total\n|\n|t:|1783548403\n|move|p2a: Electrode|Giga Drain|p1a: Great Tusk\n|-supereffective|p1a: Great Tusk\n|-damage|p1a: Great Tusk|0 fnt\n|faint|p1a: Great Tusk\n|-end|p1a: Great Tusk|Protosynthesis|[silent]\n|\n|upkeep\n|\n|t:|1783548405\n|switch|p1a: Flygon|Flygon, L82, M|100/100\n|turn|6\n|inactive|Time left: 300 sec this turn | 300 sec total\n|\n|t:|1783548406\n|switch|p2a: Gurdurr|Gurdurr, L85, M|283/283\n|move|p1a: Flygon|Outrage|p2a: Gurdurr\n|-damage|p2a: Gurdurr|163/283\n|\n|upkeep\n|turn|7\n|inactive|Time left: 300 sec this turn | 300 sec total\n|\n|t:|1783548407\n|-terastallize|p2a: Gurdurr|Steel\n|move|p1a: Flygon|Outrage|p2a: Gurdurr|[from] lockedmove\n|-resisted|p2a: Gurdurr\n|-damage|p2a: Gurdurr|101/283\n|move|p2a: Gurdurr|Bulk Up|p2a: Gurdurr\n|-boost|p2a: Gurdurr|atk|1\n|-boost|p2a: Gurdurr|def|1\n|\n|upkeep\n|turn|8\n|inactive|Time left: 300 sec this turn | 300 sec total\n|\n|t:|1783548408\n|move|p1a: Flygon|Outrage|p2a: Gurdurr|[from] lockedmove\n|-resisted|p2a: Gurdurr\n|-damage|p2a: Gurdurr|63/283\n|-start|p1a: Flygon|confusion|[fatigue]\n|move|p2a: Gurdurr|Drain Punch|p1a: Flygon\n|-damage|p1a: Flygon|42/100\n|-heal|p2a: Gurdurr|140/283|[from] drain|[of] p1a: Flygon\n|\n|upkeep\n|turn|9\n|inactive|Time left: 300 sec this turn | 300 sec total\n|\n|t:|1783548409\n|switch|p1a: Clawitzer|Clawitzer, L87, M|100/100\n|move|p2a: Gurdurr|Knock Off|p1a: Clawitzer\n|-crit|p1a: Clawitzer\n|-damage|p1a: Clawitzer|44/100\n|-enditem|p1a: Clawitzer|Assault Vest|[from] move: Knock Off|[of] p2a: Gurdurr\n|\n|upkeep\n|turn|10\n|inactive|Time left: 300 sec this turn | 300 sec total\n|\n|t:|1783548410\n|move|p1a: Clawitzer|Aura Sphere|p2a: Gurdurr\n|-supereffective|p2a: Gurdurr\n|-damage|p2a: Gurdurr|0 fnt\n|faint|p2a: Gurdurr\n|\n|upkeep\n|inactive|Time left: 300 sec this turn | 300 sec total | 5 sec grace\n|\n|t:|1783548411\n|switch|p2a: Pecharunt|Pecharunt, L77|262/262\n|turn|11\n|inactive|Time left: 300 sec this turn | 300 sec total\n|\n|t:|1783548412\n|move|p2a: Pecharunt|Nasty Plot|p2a: Pecharunt\n|-boost|p2a: Pecharunt|spa|2\n|move|p1a: Clawitzer|Water Pulse|p2a: Pecharunt\n|-damage|p2a: Pecharunt|142/262\n|\n|-heal|p2a: Pecharunt|158/262|[from] item: Leftovers\n|upkeep\n|turn|12\n|inactive|Time left: 300 sec this turn | 300 sec total\n|\n|t:|1783548413\n|move|p2a: Pecharunt|Shadow Ball|p1a: Clawitzer\n|-damage|p1a: Clawitzer|0 fnt\n|faint|p1a: Clawitzer\n|\n|-heal|p2a: Pecharunt|174/262|[from] item: Leftovers\n|upkeep\n|\n|t:|1783548414\n|switch|p1a: Flygon|Flygon, L82, M|42/100\n|turn|13\n|inactive|Time left: 300 sec this turn | 300 sec total\n|\n|t:|1783548415\n|move|p1a: Flygon|Earthquake|p2a: Pecharunt\n|-supereffective|p2a: Pecharunt\n|-damage|p2a: Pecharunt|0 fnt\n|faint|p2a: Pecharunt\n|\n|upkeep\n|inactive|Time left: 300 sec this turn | 300 sec total | 5 sec grace\n|\n|t:|1783548417\n|switch|p2a: Maushold|Maushold, L76|238/238\n|turn|14\n|inactive|Time left: 300 sec this turn | 300 sec total\n|\n|t:|1783548418\n|move|p2a: Maushold|Population Bomb|p1a: Flygon\n|-damage|p1a: Flygon|32/100\n|-damage|p1a: Flygon|23/100\n|-damage|p1a: Flygon|14/100\n|-damage|p1a: Flygon|4/100\n|-damage|p1a: Flygon|0 fnt\n|faint|p1a: Flygon\n|-hitcount|p1: Flygon|5\n|\n|upkeep\n|\n|t:|1783548418\n|switch|p1a: Cinderace|Cinderace, L77, F|100/100\n|turn|15\n|inactive|Time left: 300 sec this turn | 300 sec total\n|\n|t:|1783548419\n|move|p1a: Cinderace|High Jump Kick|p2a: Maushold\n|-start|p1a: Cinderace|typechange|Fighting|[from] ability: Libero\n|-supereffective|p2a: Maushold\n|-damage|p2a: Maushold|0 fnt\n|faint|p2a: Maushold\n|\n|upkeep\n|inactive|Time left: 300 sec this turn | 300 sec total | 5 sec grace\n|\n|t:|1783548420\n|switch|p2a: Electrode|Electrode-Hisui, L87|246/246\n|turn|16\n|inactive|Time left: 300 sec this turn | 300 sec total\n|\n|t:|1783548421\n|move|p2a: Electrode|Substitute|p2a: Electrode\n|-start|p2a: Electrode|Substitute\n|-damage|p2a: Electrode|185/246\n|move|p1a: Cinderace|High Jump Kick|p2a: Electrode\n|-end|p2a: Electrode|Substitute\n|\n|-heal|p2a: Electrode|200/246|[from] item: Leftovers\n|upkeep\n|turn|17\n|inactive|Time left: 300 sec this turn | 300 sec total\n|\n|t:|1783548422\n|move|p2a: Electrode|Substitute|p2a: Electrode\n|-start|p2a: Electrode|Substitute\n|-damage|p2a: Electrode|139/246\n|move|p1a: Cinderace|High Jump Kick|p2a: Electrode\n|-end|p2a: Electrode|Substitute\n|\n|-heal|p2a: Electrode|154/246|[from] item: Leftovers\n|upkeep\n|turn|18\n|inactive|Time left: 300 sec this turn | 300 sec total\n|\n|t:|1783548423\n|move|p2a: Electrode|Substitute|p2a: Electrode\n|-start|p2a: Electrode|Substitute\n|-damage|p2a: Electrode|93/246\n|move|p1a: Cinderace|High Jump Kick|p2a: Electrode\n|-crit|p2a: Electrode\n|-end|p2a: Electrode|Substitute\n|\n|-heal|p2a: Electrode|108/246|[from] item: Leftovers\n|upkeep\n|turn|19\n|inactive|Time left: 300 sec this turn | 300 sec total\n|\n|t:|1783548424\n|move|p2a: Electrode|Substitute|p2a: Electrode\n|-start|p2a: Electrode|Substitute\n|-damage|p2a: Electrode|47/246\n|move|p1a: Cinderace|High Jump Kick|p2a: Electrode\n|-end|p2a: Electrode|Substitute\n|\n|-heal|p2a: Electrode|62/246|[from] item: Leftovers\n|upkeep\n|turn|20\n|inactive|Time left: 300 sec this turn | 300 sec total\n|\n|t:|1783548425\n|move|p2a: Electrode|Substitute|p2a: Electrode\n|-start|p2a: Electrode|Substitute\n|-damage|p2a: Electrode|1/246\n|move|p1a: Cinderace|High Jump Kick|p2a: Electrode\n|-end|p2a: Electrode|Substitute\n|\n|-heal|p2a: Electrode|16/246|[from] item: Leftovers\n|upkeep\n|turn|21\n|inactive|Time left: 300 sec this turn | 300 sec total\n|\n|t:|1783548426\n|move|p2a: Electrode|Thunderbolt|p1a: Cinderace\n|-damage|p1a: Cinderace|57/100\n|move|p1a: Cinderace|High Jump Kick|p2a: Electrode\n|-damage|p2a: Electrode|0 fnt\n|faint|p2a: Electrode\n|\n|upkeep\n|inactive|Time left: 300 sec this turn | 300 sec total | 5 sec grace\n|\n|t:|1783548427\n|switch|p2a: Beartic|Beartic, L91, M|321/321\n|turn|22\n|inactive|Time left: 300 sec this turn | 300 sec total\n|\n|t:|1783548428\n|-terastallize|p1a: Cinderace|Fire\n|move|p1a: Cinderace|High Jump Kick|p2a: Beartic\n|-supereffective|p2a: Beartic\n|-damage|p2a: Beartic|0 fnt\n|faint|p2a: Beartic\n|\n|win|p0x739362c", "uploadtime": 1783548428, "views": 0, "rating": 0, "private": 0, "password": null, "_winner": "p0x739362c", "_our_name": "p0y739f698"}