{"id": "battle-gen9randombattle-235", "formatid": "gen9randombattle", "format": "[Gen 9] Random Battle", "players": ["p0x2357dd9", "p0y23583b4"], "log": "|init|battle\n|title|p0x2357dd9 vs. p0y23583b4\n|j|\u2606p0x2357dd9\n|j|\u2606p0y23583b4\n|t:|1783536001\n|gametype|singles\n|player|p1|p0x2357dd9|266|\n|player|p2|p0y23583b4|101|\n|gen|9\n|tier|[Gen 9] Random Battle\n|rule|Species Clause: Limit one of each Pok\u00e9mon\n|rule|HP Percentage Mod: HP is shown in percentages\n|rule|Sleep Clause Mod: Limit one foe put to sleep\n|rule|Illusion Level Mod: Illusion disguises the Pok\u00e9mon's true level\n|\n|t:|1783536001\n|teamsize|p1|6\n|teamsize|p2|6\n|start\n|switch|p1a: Oranguru|Oranguru, L92, F|100/100\n|switch|p2a: Altaria|Altaria, L89, M|278/278\n|turn|1\n|inactive|Battle timer is ON: inactive players will automatically lose when time's up. (requested by p0y23583b4)\n|inactive|p0x2357dd9 also wants the timer to be on.\n|\n|t:|1783536003\n|move|p2a: Altaria|Dragon Dance|p2a: Altaria\n|-boost|p2a: Altaria|atk|1\n|-boost|p2a: Altaria|spe|1\n|move|p1a: Oranguru|Nasty Plot|p1a: Oranguru\n|-boost|p1a: Oranguru|spa|2\n|\n|upkeep\n|turn|2\n|inactive|Time left: 300 sec this turn | 300 sec total\n|\n|t:|1783536004\n|move|p2a: Altaria|Brave Bird|p1a: Oranguru\n|-damage|p1a: Oranguru|46/100\n|-damage|p2a: Altaria|221/278|[from] Recoil\n|move|p1a: Oranguru|Psychic|p2a: Altaria\n|-damage|p2a: Altaria|49/278\n|\n|-heal|p1a: Oranguru|52/100|[from] item: Leftovers\n|upkeep\n|turn|3\n|inactive|Time left: 300 sec this turn | 300 sec total\n|\n|t:|1783536005\n|move|p2a: Altaria|Brave Bird|p1a: Oranguru\n|-damage|p1a: Oranguru|3/100\n|-damage|p2a: Altaria|0 fnt|[from] Recoil\n|faint|p2a: Altaria\n|move|p1a: Oranguru|Psychic|p2: Altaria|[notarget]\n|-fail|p1a: Oranguru\n|\n|-heal|p1a: Oranguru|9/100|[from] item: Leftovers\n|upkeep\n|inactive|Time left: 300 sec this turn | 300 sec total | 5 sec grace\n|\n|t:|1783536006\n|switch|p2a: Kyogre|Kyogre, L71|259/259\n|-weather|RainDance|[from] ability: Drizzle|[of] p2a: Kyogre\n|turn|4\n|inactive|Time left: 300 sec this turn | 300 sec total\n|\n|t:|1783536007\n|switch|p1a: Zekrom|Zekrom, L71|100/100\n|-ability|p1a: Zekrom|Teravolt\n|move|p2a: Kyogre|Water Spout|p1a: Zekrom\n|-resisted|p1a: Zekrom\n|-damage|p1a: Zekrom|54/100\n|\n|-weather|RainDance|[upkeep]\n|-heal|p1a: Zekrom|60/100|[from] item: Leftovers\n|upkeep\n|turn|5\n|inactive|Time left: 300 sec this turn | 300 sec total\n|\n|t:|1783536008\n|-terastallize|p2a: Kyogre|Water\n|move|p2a: Kyogre|Water Spout|p1a: Zekrom\n|-resisted|p1a: Zekrom\n|-damage|p1a: Zekrom|0 fnt\n|faint|p1a: Zekrom\n|\n|-weather|RainDance|[upkeep]\n|upkeep\n|\n|t:|1783536009\n|switch|p1a: Flygon|Flygon, L82, M|100/100\n|turn|6\n|inactive|Time left: 300 sec this turn | 300 sec total\n|\n|t:|1783536010\n|move|p1a: Flygon|Outrage|p2a: Kyogre\n|-damage|p2a: Kyogre|114/259\n|move|p2a: Kyogre|Water Spout|p1a: Flygon\n|-damage|p1a: Flygon|40/100\n|\n|-weather|RainDance|[upkeep]\n|upkeep\n|turn|7\n|inactive|Time left: 300 sec this turn | 300 sec total\n|\n|t:|1783536010\n|switch|p2a: Meganium|Meganium, L90, M|290/290\n|move|p1a: Flygon|Outrage|p2a: Meganium|[from] lockedmove\n|-damage|p2a: Meganium|188/290\n|\n|-weather|RainDance|[upkeep]\n|-heal|p2a: Meganium|206/290|[from] item: Leftovers\n|upkeep\n|turn|8\n|inactive|Time left: 300 sec this turn | 300 sec total\n|\n|t:|1783536011\n|move|p1a: Flygon|Outrage|p2a: Meganium|[from] lockedmove\n|-damage|p2a: Meganium|107/290\n|-start|p1a: Flygon|confusion|[fatigue]\n|move|p2a: Meganium|Energy Ball|p1a: Flygon\n|-damage|p1a: Flygon|0 fnt\n|faint|p1a: Flygon\n|\n|-weather|none\n|-heal|p2a: Meganium|125/290|[from] item: Leftovers\n|upkeep\n|\n|t:|1783536012\n|switch|p1a: Scrafty|Scrafty, L83, F|100/100\n|-ability|p1a: Scrafty|Intimidate|boost\n|-unboost|p2a: Meganium|atk|1\n|turn|9\n|inactive|Time left: 300 sec this turn | 300 sec total\n|\n|t:|1783536012\n|move|p2a: Meganium|Synthesis|p2a: Meganium\n|-heal|p2a: Meganium|270/290\n|move|p1a: Scrafty|Dragon Dance|p1a: Scrafty\n|-boost|p1a: Scrafty|atk|1\n|-boost|p1a: Scrafty|spe|1\n|\n|-heal|p2a: Meganium|288/290|[from] item: Leftovers\n|upkeep\n|turn|10\n|inactive|Time left: 300 sec this turn | 300 sec total\n|\n|t:|1783536013\n|move|p1a: Scrafty|Dragon Dance|p1a: Scrafty\n|-boost|p1a: Scrafty|atk|1\n|-boost|p1a: Scrafty|spe|1\n|move|p2a: Meganium|Encore|p1a: Scrafty\n|-start|p1a: Scrafty|Encore\n|\n|-heal|p2a: Meganium|290/290|[from] item: Leftovers\n|upkeep\n|turn|11\n|inactive|Time left: 300 sec this turn | 300 sec total\n|\n|t:|1783536014\n|switch|p2a: Ambipom|Ambipom, L84, M|263/263\n|move|p1a: Scrafty|Dragon Dance|p1a: Scrafty\n|-boost|p1a: Scrafty|atk|1\n|-boost|p1a: Scrafty|spe|1\n|\n|upkeep\n|turn|12\n|inactive|Time left: 300 sec this turn | 300 sec total\n|\n|t:|1783536014\n|move|p1a: Scrafty|Dragon Dance|p1a: Scrafty\n|-boost|p1a: Scrafty|atk|1\n|-boost|p1a: Scrafty|spe|1\n|move|p2a: Ambipom|Double-Edge|p1a: Scrafty\n|-damage|p1a: Scrafty|39/100\n|-damage|p2a: Ambipom|213/263|[from] Recoil\n|\n|-heal|p1a: Scrafty|45/100|[from] item: Leftovers\n|upkeep\n|turn|13\n|inactive|Time left: 300 sec this turn | 300 sec total\n|\n|t:|1783536015\n|switch|p1a: Hatterene|Hatterene, L85, F|100/100\n|move|p2a: Ambipom|Double-Edge|p1a: Hatterene\n|-damage|p1a: Hatterene|19/100\n|-damage|p2a: Ambipom|149/263|[from] Recoil\n|\n|-heal|p1a: Hatterene|25/100|[from] item: Leftovers\n|upkeep\n|turn|14\n|inactive|Time left: 300 sec this turn | 300 sec total\n|\n|t:|1783536016\n|switch|p1a: Scrafty|Scrafty, L83, F|45/100\n|-ability|p1a: Scrafty|Intimidate|boost\n|-unboost|p2a: Ambipom|atk|1\n|move|p2a: Ambipom|Double-Edge|p1a: Scrafty\n|-damage|p1a: Scrafty|4/100\n|-damage|p2a: Ambipom|116/263|[from] Recoil\n|\n|-heal|p1a: Scrafty|10/100|[from] item: Leftovers\n|upkeep\n|turn|15\n|inactive|Time left: 300 sec this turn | 300 sec total\n|\n|t:|1783536017\n|switch|p1a: Oinkologne|Oinkologne-F, L92, F|100/100\n|move|p2a: Ambipom|Double-Edge|p1a: Oinkologne\n|-damage|p1a: Oinkologne|64/100\n|-damage|p2a: Ambipom|72/263|[from] Recoil\n|\n|-heal|p1a: Oinkologne|70/100|[from] item: Leftovers\n|upkeep\n|turn|16\n|inactive|Time left: 300 sec this turn | 300 sec total\n|\n|t:|1783536018\n|switch|p2a: Cloyster|Cloyster, L80, F|211/211\n|move|p1a: Oinkologne|Double-Edge|p2a: Cloyster\n|-damage|p2a: Cloyster|130/211\n|-damage|p1a: Oinkologne|63/100|[from] Recoil\n|\n|-heal|p1a: Oinkologne|69/100|[from] item: Leftovers\n|upkeep\n|turn|17\n|inactive|Time left: 300 sec this turn | 300 sec total\n|\n|t:|1783536019\n|move|p1a: Oinkologne|Double-Edge|p2a: Cloyster\n|-damage|p2a: Cloyster|49/211\n|-damage|p1a: Oinkologne|61/100|[from] Recoil\n|move|p2a: Cloyster|Shell Smash|p2a: Cloyster\n|-unboost|p2a: Cloyster|def|1\n|-unboost|p2a: Cloyster|spd|1\n|-boost|p2a: Cloyster|atk|2\n|-boost|p2a: Cloyster|spa|2\n|-boost|p2a: Cloyster|spe|2\n|-enditem|p2a: Cloyster|White Herb\n|-clearnegativeboost|p2a: Cloyster|[silent]\n|\n|-heal|p1a: Oinkologne|67/100|[from] item: Leftovers\n|upkeep\n|turn|18\n|inactive|Time left: 300 sec this turn | 300 sec total\n|\n|t:|1783536020\n|move|p2a: Cloyster|Icicle Spear|p1a: Oinkologne\n|-damage|p1a: Oinkologne|60/100\n|-damage|p1a: Oinkologne|53/100\n|-damage|p1a: Oinkologne|46/100\n|-damage|p1a: Oinkologne|38/100\n|-damage|p1a: Oinkologne|31/100\n|-hitcount|p1a: Oinkologne|5\n|move|p1a: Oinkologne|Double-Edge|p2a: Cloyster\n|-damage|p2a: Cloyster|0 fnt\n|faint|p2a: Cloyster\n|-damage|p1a: Oinkologne|27/100|[from] Recoil\n|\n|-heal|p1a: Oinkologne|33/100|[from] item: Leftovers\n|upkeep\n|inactive|Time left: 300 sec this turn | 300 sec total | 5 sec grace\n|\n|t:|1783536022\n|switch|p2a: Kyogre|Kyogre, L71, tera:Water|114/259\n|-weather|RainDance|[from] ability: Drizzle|[of] p2a: Kyogre\n|turn|19\n|inactive|Time left: 300 sec this turn | 300 sec total\n|\n|t:|1783536023\n|switch|p1a: Oranguru|Oranguru, L92, F|9/100\n|move|p2a: Kyogre|Water Spout|p1a: Oranguru\n|-damage|p1a: Oranguru|0 fnt\n|faint|p1a: Oranguru\n|\n|-weather|RainDance|[upkeep]\n|upkeep\n|\n|t:|1783536024\n|switch|p1a: Hatterene|Hatterene, L85, F|25/100\n|turn|20\n|inactive|Time left: 300 sec this turn | 300 sec total\n|\n|t:|1783536025\n|move|p2a: Kyogre|Water Spout|p1a: Hatterene\n|-damage|p1a: Hatterene|0 fnt\n|faint|p1a: Hatterene\n|\n|-weather|RainDance|[upkeep]\n|upkeep\n|\n|t:|1783536026\n|switch|p1a: Oinkologne|Oinkologne-F, L92, F|33/100\n|turn|21\n|inactive|Time left: 300 sec this turn | 300 sec total\n|\n|t:|1783536026\n|move|p2a: Kyogre|Water Spout|p1a: Oinkologne\n|-crit|p1a: Oinkologne\n|-damage|p1a: Oinkologne|0 fnt\n|faint|p1a: Oinkologne\n|\n|-weather|RainDance|[upkeep]\n|upkeep\n|\n|t:|1783536027\n|switch|p1a: Scrafty|Scrafty, L83, F|10/100\n|-ability|p1a: Scrafty|Intimidate|boost\n|-unboost|p2a: Kyogre|atk|1\n|turn|22\n|inactive|Time left: 300 sec this turn | 300 sec total\n|\n|t:|1783536028\n|-terastallize|p1a: Scrafty|Poison\n|move|p2a: Kyogre|Water Spout|p1a: Scrafty\n|-damage|p1a: Scrafty|0 fnt\n|faint|p1a: Scrafty\n|\n|win|p0y23583b4", "uploadtime": 1783536028, "views": 0, "rating": 0, "private": 0, "password": null, "_winner": "p0y23583b4", "_our_name": "p0y23583b4"}