{"id": "battle-gen9randombattle-1260", "formatid": "gen9randombattle", "format": "[Gen 9] Random Battle", "players": ["p0x12601beb", "p0y1260f2b5"], "log": "|init|battle\n|title|p0x12601beb vs. p0y1260f2b5\n|j|\u2606p0x12601beb\n|j|\u2606p0y1260f2b5\n|t:|1783554626\n|gametype|singles\n|player|p1|p0x12601beb|101|\n|player|p2|p0y1260f2b5|101|\n|gen|9\n|tier|[Gen 9] Random Battle\n|rule|Species Clause: Limit one of each Pok\u00e9mon\n|rule|HP Percentage Mod: HP is shown in percentages\n|rule|Sleep Clause Mod: Limit one foe put to sleep\n|rule|Illusion Level Mod: Illusion disguises the Pok\u00e9mon's true level\n|\n|t:|1783554626\n|teamsize|p1|6\n|teamsize|p2|6\n|start\n|switch|p1a: Zarude|Zarude-Dada, L77|288/288\n|switch|p2a: Azelf|Azelf, L82|100/100\n|turn|1\n|inactive|Battle timer is ON: inactive players will automatically lose when time's up. (requested by p0x12601beb)\n|inactive|p0y1260f2b5 also wants the timer to be on.\n|\n|t:|1783554628\n|-terastallize|p2a: Azelf|Fire\n|move|p1a: Zarude|Knock Off|p2a: Azelf\n|-damage|p2a: Azelf|54/100\n|-enditem|p2a: Azelf|Life Orb|[from] move: Knock Off|[of] p1a: Zarude\n|move|p2a: Azelf|Fire Blast|p1a: Zarude\n|-supereffective|p1a: Zarude\n|-damage|p1a: Zarude|34/288\n|\n|upkeep\n|turn|2\n|inactive|Time left: 300 sec this turn | 300 sec total\n|\n|t:|1783554629\n|move|p1a: Zarude|Knock Off|p2a: Azelf\n|-damage|p2a: Azelf|21/100\n|move|p2a: Azelf|Knock Off|p1a: Zarude\n|-resisted|p1a: Zarude\n|-damage|p1a: Zarude|0 fnt\n|-enditem|p1a: Zarude|Choice Scarf|[from] move: Knock Off|[of] p2a: Azelf\n|faint|p1a: Zarude\n|\n|upkeep\n|inactive|Time left: 300 sec this turn | 300 sec total | 5 sec grace\n|\n|t:|1783554630\n|switch|p1a: Primarina|Primarina, L83, F|268/268\n|turn|3\n|inactive|Time left: 300 sec this turn | 300 sec total\n|\n|t:|1783554631\n|move|p2a: Azelf|Psychic|p1a: Primarina\n|-damage|p1a: Primarina|175/268\n|move|p1a: Primarina|Moonblast|p2a: Azelf\n|-resisted|p2a: Azelf\n|-damage|p2a: Azelf|0 fnt\n|faint|p2a: Azelf\n|\n|upkeep\n|\n|t:|1783554632\n|switch|p2a: Ariados|Ariados, L95, F|100/100\n|turn|4\n|inactive|Time left: 300 sec this turn | 300 sec total\n|\n|t:|1783554633\n|switch|p1a: Hariyama|Hariyama, L87, M|392/392\n|move|p2a: Ariados|Sticky Web|p1a: Hariyama\n|-sidestart|p1: p0x12601beb|move: Sticky Web\n|\n|-status|p1a: Hariyama|brn|[from] item: Flame Orb\n|upkeep\n|turn|5\n|inactive|Time left: 300 sec this turn | 300 sec total\n|\n|t:|1783554634\n|move|p1a: Hariyama|Facade|p2a: Ariados\n|-damage|p2a: Ariados|29/100\n|move|p2a: Ariados|Poison Jab|p1a: Hariyama\n|-damage|p1a: Hariyama|250/392 brn\n|\n|-damage|p1a: Hariyama|226/392 brn|[from] brn\n|upkeep\n|turn|6\n|inactive|Time left: 300 sec this turn | 300 sec total\n|\n|t:|1783554635\n|move|p1a: Hariyama|Knock Off|p2a: Ariados\n|-damage|p2a: Ariados|0 fnt\n|-enditem|p2a: Ariados|Heavy-Duty Boots|[from] move: Knock Off|[of] p1a: Hariyama\n|faint|p2a: Ariados\n|\n|-damage|p1a: Hariyama|202/392 brn|[from] brn\n|upkeep\n|\n|t:|1783554636\n|switch|p2a: Porygon-Z|Porygon-Z, L83|100/100\n|-ability|p2a: Porygon-Z|Download|boost\n|-boost|p2a: Porygon-Z|spa|1\n|turn|7\n|inactive|Time left: 300 sec this turn | 300 sec total\n|\n|t:|1783554638\n|move|p2a: Porygon-Z|Tri Attack|p1a: Hariyama\n|-damage|p1a: Hariyama|0 fnt\n|faint|p1a: Hariyama\n|-damage|p2a: Porygon-Z|91/100|[from] item: Life Orb\n|\n|upkeep\n|inactive|Time left: 300 sec this turn | 300 sec total | 5 sec grace\n|\n|t:|1783554639\n|switch|p1a: Eelektross|Eelektross, L87, M|290/290\n|turn|8\n|inactive|Time left: 300 sec this turn | 300 sec total\n|\n|t:|1783554640\n|-terastallize|p1a: Eelektross|Fighting\n|move|p2a: Porygon-Z|Tri Attack|p1a: Eelektross\n|-damage|p1a: Eelektross|56/290\n|-status|p1a: Eelektross|frz\n|-damage|p2a: Porygon-Z|81/100|[from] item: Life Orb\n|cant|p1a: Eelektross|frz\n|\n|-heal|p1a: Eelektross|74/290 frz|[from] item: Leftovers\n|upkeep\n|turn|9\n|inactive|Time left: 300 sec this turn | 300 sec total\n|\n|t:|1783554641\n|move|p2a: Porygon-Z|Nasty Plot|p2a: Porygon-Z\n|-boost|p2a: Porygon-Z|spa|2\n|cant|p1a: Eelektross|frz\n|\n|-heal|p1a: Eelektross|92/290 frz|[from] item: Leftovers\n|upkeep\n|turn|10\n|inactive|Time left: 300 sec this turn | 300 sec total\n|\n|t:|1783554642\n|move|p2a: Porygon-Z|Thunderbolt|p1a: Eelektross\n|-damage|p1a: Eelektross|0 fnt\n|faint|p1a: Eelektross\n|-damage|p2a: Porygon-Z|71/100|[from] item: Life Orb\n|\n|upkeep\n|inactive|Time left: 300 sec this turn | 300 sec total | 5 sec grace\n|\n|t:|1783554643\n|switch|p1a: Gothitelle|Gothitelle, L90, F|272/272\n|-activate|p1a: Gothitelle|move: Sticky Web\n|-unboost|p1a: Gothitelle|spe|1\n|turn|11\n|inactive|Time left: 300 sec this turn | 300 sec total\n|\n|t:|1783554644\n|move|p2a: Porygon-Z|Shadow Ball|p1a: Gothitelle\n|-supereffective|p1a: Gothitelle\n|-damage|p1a: Gothitelle|0 fnt\n|faint|p1a: Gothitelle\n|-damage|p2a: Porygon-Z|62/100|[from] item: Life Orb\n|\n|upkeep\n|inactive|Time left: 300 sec this turn | 300 sec total | 5 sec grace\n|\n|t:|1783554645\n|switch|p1a: Medicham|Medicham, L86, M|243/243\n|-activate|p1a: Medicham|move: Sticky Web\n|-unboost|p1a: Medicham|spe|1\n|turn|12\n|inactive|Time left: 300 sec this turn | 300 sec total\n|\n|t:|1783554646\n|move|p2a: Porygon-Z|Thunderbolt|p1a: Medicham\n|-damage|p1a: Medicham|0 fnt\n|faint|p1a: Medicham\n|-damage|p2a: Porygon-Z|52/100|[from] item: Life Orb\n|\n|upkeep\n|inactive|Time left: 300 sec this turn | 300 sec total | 5 sec grace\n|\n|t:|1783554647\n|switch|p1a: Primarina|Primarina, L83, F|175/268\n|-activate|p1a: Primarina|move: Sticky Web\n|-unboost|p1a: Primarina|spe|1\n|turn|13\n|inactive|Time left: 300 sec this turn | 300 sec total\n|\n|t:|1783554648\n|move|p2a: Porygon-Z|Thunderbolt|p1a: Primarina\n|-supereffective|p1a: Primarina\n|-damage|p1a: Primarina|0 fnt\n|faint|p1a: Primarina\n|-damage|p2a: Porygon-Z|42/100|[from] item: Life Orb\n|\n|win|p0y1260f2b5", "uploadtime": 1783554648, "views": 0, "rating": 0, "private": 0, "password": null, "_winner": "p0y1260f2b5", "_our_name": "p0x12601beb"}