{"id": "battle-gen9randombattle-1352", "formatid": "gen9randombattle", "format": "[Gen 9] Random Battle", "players": ["p0x13523305", "p0y1352ab15"], "log": "|init|battle\n|title|p0x13523305 vs. p0y1352ab15\n|j|\u2606p0x13523305\n|j|\u2606p0y1352ab15\n|t:|1783555710\n|gametype|singles\n|player|p1|p0x13523305|265|\n|player|p2|p0y1352ab15|101|\n|gen|9\n|tier|[Gen 9] Random Battle\n|rule|Species Clause: Limit one of each Pok\u00e9mon\n|rule|HP Percentage Mod: HP is shown in percentages\n|rule|Sleep Clause Mod: Limit one foe put to sleep\n|rule|Illusion Level Mod: Illusion disguises the Pok\u00e9mon's true level\n|\n|t:|1783555710\n|teamsize|p1|6\n|teamsize|p2|6\n|start\n|switch|p1a: Excadrill|Excadrill, L79, M|303/303\n|switch|p2a: Masquerain|Masquerain, L87, M|100/100\n|-ability|p2a: Masquerain|Intimidate|boost\n|-unboost|p1a: Excadrill|atk|1\n|-ability|p1a: Excadrill|Mold Breaker\n|turn|1\n|inactive|Battle timer is ON: inactive players will automatically lose when time's up. (requested by p0y1352ab15)\n|inactive|Time left: 300 sec this turn | 300 sec total | 60 sec grace\n|inactive|p0x13523305 also wants the timer to be on.\n|\n|t:|1783555711\n|move|p2a: Masquerain|Sticky Web|p1a: Excadrill\n|-sidestart|p1: p0x13523305|move: Sticky Web\n|move|p1a: Excadrill|Rapid Spin|p2a: Masquerain\n|-damage|p2a: Masquerain|88/100\n|-boost|p1a: Excadrill|spe|1\n|-sideend|p1: p0x13523305|Sticky Web|[from] move: Rapid Spin|[of] p1a: Excadrill\n|\n|upkeep\n|turn|2\n|inactive|Time left: 300 sec this turn | 300 sec total\n|\n|t:|1783555713\n|move|p1a: Excadrill|Swords Dance|p1a: Excadrill\n|-boost|p1a: Excadrill|atk|2\n|move|p2a: Masquerain|Sticky Web|p1a: Excadrill\n|-sidestart|p1: p0x13523305|move: Sticky Web\n|\n|upkeep\n|turn|3\n|inactive|Time left: 300 sec this turn | 300 sec total\n|\n|t:|1783555714\n|move|p1a: Excadrill|Rapid Spin|p2a: Masquerain\n|-damage|p2a: Masquerain|58/100\n|-boost|p1a: Excadrill|spe|1\n|-sideend|p1: p0x13523305|Sticky Web|[from] move: Rapid Spin|[of] p1a: Excadrill\n|move|p2a: Masquerain|Sticky Web|p1a: Excadrill\n|-sidestart|p1: p0x13523305|move: Sticky Web\n|\n|upkeep\n|turn|4\n|inactive|Time left: 300 sec this turn | 300 sec total\n|\n|t:|1783555715\n|move|p1a: Excadrill|Rapid Spin|p2a: Masquerain\n|-damage|p2a: Masquerain|32/100\n|-boost|p1a: Excadrill|spe|1\n|-sideend|p1: p0x13523305|Sticky Web|[from] move: Rapid Spin|[of] p1a: Excadrill\n|move|p2a: Masquerain|Hydro Pump|p1a: Excadrill\n|-supereffective|p1a: Excadrill\n|-damage|p1a: Excadrill|95/303\n|\n|-heal|p1a: Excadrill|113/303|[from] item: Leftovers\n|upkeep\n|turn|5\n|inactive|Time left: 300 sec this turn | 300 sec total\n|\n|t:|1783555716\n|move|p1a: Excadrill|Iron Head|p2a: Masquerain\n|-damage|p2a: Masquerain|0 fnt\n|faint|p2a: Masquerain\n|\n|-heal|p1a: Excadrill|131/303|[from] item: Leftovers\n|upkeep\n|\n|t:|1783555717\n|switch|p2a: Vaporeon|Vaporeon, L86, M|100/100\n|turn|6\n|inactive|Time left: 300 sec this turn | 300 sec total\n|\n|t:|1783555719\n|-terastallize|p1a: Excadrill|Water\n|move|p1a: Excadrill|Earthquake|p2a: Vaporeon\n|-damage|p2a: Vaporeon|34/100\n|move|p2a: Vaporeon|Scald|p1a: Excadrill\n|-resisted|p1a: Excadrill\n|-damage|p1a: Excadrill|64/303\n|\n|-heal|p1a: Excadrill|82/303|[from] item: Leftovers\n|-heal|p2a: Vaporeon|40/100|[from] item: Leftovers\n|upkeep\n|turn|7\n|inactive|Time left: 300 sec this turn | 300 sec total\n|\n|t:|1783555720\n|switch|p2a: Swanna|Swanna, L89, M|100/100\n|move|p1a: Excadrill|Earthquake|p2a: Swanna\n|-immune|p2a: Swanna\n|\n|-heal|p1a: Excadrill|100/303|[from] item: Leftovers\n|upkeep\n|turn|8\n|inactive|Time left: 300 sec this turn | 300 sec total\n|\n|t:|1783555721\n|move|p1a: Excadrill|Iron Head|p2a: Swanna\n|-resisted|p2a: Swanna\n|-damage|p2a: Swanna|70/100\n|move|p2a: Swanna|Brave Bird|p1a: Excadrill\n|-damage|p1a: Excadrill|0 fnt\n|faint|p1a: Excadrill\n|-damage|p2a: Swanna|58/100|[from] Recoil\n|\n|upkeep\n|inactive|Time left: 300 sec this turn | 300 sec total | 5 sec grace\n|\n|t:|1783555722\n|switch|p1a: Grafaiai|Grafaiai, L86, M|249/249\n|turn|9\n|inactive|Time left: 300 sec this turn | 300 sec total\n|\n|t:|1783555723\n|switch|p2a: Seviper|Seviper, L93, M|100/100\n|move|p1a: Grafaiai|Gunk Shot|p2a: Seviper\n|-resisted|p2a: Seviper\n|-damage|p2a: Seviper|75/100\n|\n|-heal|p2a: Seviper|81/100|[from] item: Leftovers\n|upkeep\n|turn|10\n|inactive|Time left: 300 sec this turn | 300 sec total\n|\n|t:|1783555725\n|switch|p1a: Yanmega|Yanmega, L82, F|275/275\n|move|p2a: Seviper|Swords Dance|p2a: Seviper\n|-boost|p2a: Seviper|atk|2\n|\n|-heal|p2a: Seviper|87/100|[from] item: Leftovers\n|upkeep\n|turn|11\n|inactive|Time left: 300 sec this turn | 300 sec total\n|\n|t:|1783555726\n|move|p1a: Yanmega|Protect|p1a: Yanmega\n|-singleturn|p1a: Yanmega|Protect\n|move|p2a: Seviper|Gunk Shot|p1a: Yanmega\n|-activate|p1a: Yanmega|move: Protect\n|\n|-heal|p2a: Seviper|93/100|[from] item: Leftovers\n|-ability|p1a: Yanmega|Speed Boost|boost\n|-boost|p1a: Yanmega|spe|1\n|upkeep\n|turn|12\n|inactive|Time left: 300 sec this turn | 300 sec total\n|\n|t:|1783555727\n|move|p1a: Yanmega|Air Slash|p2a: Seviper\n|-damage|p2a: Seviper|59/100\n|move|p2a: Seviper|Gunk Shot|p1a: Yanmega\n|-damage|p1a: Yanmega|0 fnt\n|faint|p1a: Yanmega\n|\n|-heal|p2a: Seviper|65/100|[from] item: Leftovers\n|upkeep\n|inactive|Time left: 300 sec this turn | 300 sec total | 5 sec grace\n|\n|t:|1783555728\n|switch|p1a: Toedscruel|Toedscruel, L87, M|281/281\n|turn|13\n|inactive|Time left: 300 sec this turn | 300 sec total\n|\n|t:|1783555729\n|-terastallize|p2a: Seviper|Ground\n|move|p1a: Toedscruel|Earth Power|p2a: Seviper\n|-damage|p2a: Seviper|29/100\n|move|p2a: Seviper|Gunk Shot|p1a: Toedscruel|[miss]\n|-miss|p2a: Seviper|p1a: Toedscruel\n|\n|-heal|p2a: Seviper|35/100|[from] item: Leftovers\n|upkeep\n|turn|14\n|inactive|Time left: 300 sec this turn | 300 sec total\n|\n|t:|1783555731\n|switch|p2a: Swanna|Swanna, L89, M|58/100\n|move|p1a: Toedscruel|Giga Drain|p2a: Swanna\n|-damage|p2a: Swanna|25/100\n|\n|upkeep\n|turn|15\n|inactive|Time left: 300 sec this turn | 300 sec total\n|\n|t:|1783555732\n|switch|p1a: Grafaiai|Grafaiai, L86, M|249/249\n|move|p2a: Swanna|Brave Bird|p1a: Grafaiai\n|-damage|p1a: Grafaiai|86/249\n|-damage|p2a: Swanna|6/100|[from] Recoil\n|\n|upkeep\n|turn|16\n|inactive|Time left: 300 sec this turn | 300 sec total\n|\n|t:|1783555733\n|move|p1a: Grafaiai|Knock Off|p2a: Swanna\n|-damage|p2a: Swanna|0 fnt\n|-enditem|p2a: Swanna|Heavy-Duty Boots|[from] move: Knock Off|[of] p1a: Grafaiai\n|faint|p2a: Swanna\n|\n|upkeep\n|\n|t:|1783555734\n|switch|p2a: Seviper|Seviper, L93, M, tera:Ground|35/100\n|turn|17\n|inactive|Time left: 300 sec this turn | 300 sec total\n|\n|t:|1783555735\n|move|p1a: Grafaiai|Knock Off|p2a: Seviper\n|-damage|p2a: Seviper|3/100\n|-status|p2a: Seviper|psn|[from] ability: Poison Touch|[of] p1a: Grafaiai\n|-enditem|p2a: Seviper|Leftovers|[from] move: Knock Off|[of] p1a: Grafaiai\n|move|p2a: Seviper|Gunk Shot|p1a: Grafaiai\n|-resisted|p1a: Grafaiai\n|-damage|p1a: Grafaiai|0 fnt\n|faint|p1a: Grafaiai\n|\n|-damage|p2a: Seviper|0 fnt|[from] psn\n|faint|p2a: Seviper\n|upkeep\n|inactive|Time left: 300 sec this turn | 300 sec total | 5 sec grace\n|\n|t:|1783555736\n|switch|p1a: Toedscruel|Toedscruel, L87, M|281/281\n|switch|p2a: Wigglytuff|Wigglytuff, L96, F|100/100\n|turn|18\n|inactive|Time left: 300 sec this turn | 300 sec total\n|\n|t:|1783555737\n|move|p2a: Wigglytuff|Knock Off|p1a: Toedscruel\n|-damage|p1a: Toedscruel|198/281\n|-enditem|p1a: Toedscruel|Leftovers|[from] move: Knock Off|[of] p2a: Wigglytuff\n|move|p1a: Toedscruel|Spore|p2a: Wigglytuff\n|-status|p2a: Wigglytuff|slp|[from] move: Spore\n|\n|upkeep\n|turn|19\n|inactive|Time left: 300 sec this turn | 300 sec total\n|\n|t:|1783555738\n|switch|p2a: Espathra|Espathra, L80, F|100/100\n|move|p1a: Toedscruel|Giga Drain|p2a: Espathra\n|-damage|p2a: Espathra|62/100\n|-heal|p1a: Toedscruel|253/281|[from] drain|[of] p2a: Espathra\n|\n|-heal|p2a: Espathra|68/100|[from] item: Leftovers\n|upkeep\n|turn|20\n|inactive|Time left: 300 sec this turn | 300 sec total\n|\n|t:|1783555739\n|move|p1a: Toedscruel|Knock Off|p2a: Espathra\n|-supereffective|p2a: Espathra\n|-damage|p2a: Espathra|12/100\n|-enditem|p2a: Espathra|Leftovers|[from] move: Knock Off|[of] p1a: Toedscruel\n|move|p2a: Espathra|Calm Mind|p2a: Espathra\n|-boost|p2a: Espathra|spa|1\n|-boost|p2a: Espathra|spd|1\n|\n|-ability|p2a: Espathra|Speed Boost|boost\n|-boost|p2a: Espathra|spe|1\n|upkeep\n|turn|21\n|inactive|Time left: 300 sec this turn | 300 sec total\n|\n|t:|1783555740\n|move|p2a: Espathra|Stored Power|p1a: Toedscruel\n|-damage|p1a: Toedscruel|157/281\n|move|p1a: Toedscruel|Knock Off|p2a: Espathra\n|-supereffective|p2a: Espathra\n|-damage|p2a: Espathra|0 fnt\n|faint|p2a: Espathra\n|\n|upkeep\n|\n|t:|1783555741\n|switch|p2a: Vaporeon|Vaporeon, L86, M|40/100\n|turn|22\n|inactive|Time left: 300 sec this turn | 300 sec total\n|\n|t:|1783555742\n|move|p2a: Vaporeon|Protect|p2a: Vaporeon\n|-singleturn|p2a: Vaporeon|Protect\n|move|p1a: Toedscruel|Giga Drain|p2a: Vaporeon\n|-activate|p2a: Vaporeon|move: Protect\n|\n|-heal|p2a: Vaporeon|46/100|[from] item: Leftovers\n|upkeep\n|turn|23\n|inactive|Time left: 300 sec this turn | 300 sec total\n|\n|t:|1783555742\n|move|p1a: Toedscruel|Giga Drain|p2a: Vaporeon\n|-supereffective|p2a: Vaporeon\n|-damage|p2a: Vaporeon|12/100\n|-heal|p1a: Toedscruel|220/281|[from] drain|[of] p2a: Vaporeon\n|move|p2a: Vaporeon|Wish|p2a: Vaporeon\n|\n|-heal|p2a: Vaporeon|18/100|[from] item: Leftovers\n|upkeep\n|turn|24\n|inactive|Time left: 300 sec this turn | 300 sec total\n|\n|t:|1783555743\n|switch|p1a: Iron Thorns|Iron Thorns, L83|302/302\n|-item|p1a: Iron Thorns|Air Balloon\n|move|p2a: Vaporeon|Protect||[still]\n|-fail|p2a: Vaporeon\n|\n|-heal|p2a: Vaporeon|68/100|[from] move: Wish|[wisher] Vaporeon\n|-heal|p2a: Vaporeon|74/100|[from] item: Leftovers\n|upkeep\n|turn|25\n|inactive|Time left: 300 sec this turn | 300 sec total\n|\n|t:|1783555744\n|move|p2a: Vaporeon|Protect|p2a: Vaporeon\n|-singleturn|p2a: Vaporeon|Protect\n|move|p1a: Iron Thorns|Wild Charge|p2a: Vaporeon\n|-activate|p2a: Vaporeon|move: Protect\n|\n|-heal|p2a: Vaporeon|80/100|[from] item: Leftovers\n|upkeep\n|turn|26\n|inactive|Time left: 300 sec this turn | 300 sec total\n|\n|t:|1783555745\n|switch|p2a: Wigglytuff|Wigglytuff, L96, F|100/100 slp\n|move|p1a: Iron Thorns|Wild Charge|p2a: Wigglytuff\n|-damage|p2a: Wigglytuff|60/100 slp\n|-damage|p1a: Iron Thorns|259/302|[from] Recoil\n|\n|-heal|p2a: Wigglytuff|66/100 slp|[from] item: Leftovers\n|upkeep\n|turn|27\n|inactive|Time left: 300 sec this turn | 300 sec total\n|\n|t:|1783555746\n|move|p1a: Iron Thorns|Wild Charge|p2a: Wigglytuff\n|-damage|p2a: Wigglytuff|25/100 slp\n|-damage|p1a: Iron Thorns|215/302|[from] Recoil\n|cant|p2a: Wigglytuff|slp\n|\n|-heal|p2a: Wigglytuff|31/100 slp|[from] item: Leftovers\n|upkeep\n|turn|28\n|inactive|Time left: 300 sec this turn | 300 sec total\n|\n|t:|1783555747\n|cant|p2a: Wigglytuff|slp\n|move|p1a: Iron Thorns|Wild Charge|p2a: Wigglytuff\n|-damage|p2a: Wigglytuff|0 fnt\n|faint|p2a: Wigglytuff\n|-damage|p1a: Iron Thorns|182/302|[from] Recoil\n|\n|upkeep\n|\n|t:|1783555747\n|switch|p2a: Vaporeon|Vaporeon, L86, M|80/100\n|turn|29\n|inactive|Time left: 300 sec this turn | 300 sec total\n|\n|t:|1783555748\n|move|p2a: Vaporeon|Protect|p2a: Vaporeon\n|-singleturn|p2a: Vaporeon|Protect\n|move|p1a: Iron Thorns|Wild Charge|p2a: Vaporeon\n|-activate|p2a: Vaporeon|move: Protect\n|\n|-heal|p2a: Vaporeon|86/100|[from] item: Leftovers\n|upkeep\n|turn|30\n|inactive|Time left: 300 sec this turn | 300 sec total\n|\n|t:|1783555749\n|move|p2a: Vaporeon|Protect||[still]\n|-fail|p2a: Vaporeon\n|move|p1a: Iron Thorns|Wild Charge|p2a: Vaporeon\n|-supereffective|p2a: Vaporeon\n|-damage|p2a: Vaporeon|0 fnt\n|faint|p2a: Vaporeon\n|-damage|p1a: Iron Thorns|104/302|[from] Recoil\n|\n|win|p0x13523305", "uploadtime": 1783555749, "views": 0, "rating": 0, "private": 0, "password": null, "_winner": "p0x13523305", "_our_name": "p0x13523305"}