{"id": "battle-gen9randombattle-1328", "formatid": "gen9randombattle", "format": "[Gen 9] Random Battle", "players": ["p0x1328cb4b", "p0y13288a0c"], "log": "|init|battle\n|title|p0x1328cb4b vs. p0y13288a0c\n|j|\u2606p0x1328cb4b\n|j|\u2606p0y13288a0c\n|t:|1783555423\n|gametype|singles\n|player|p1|p0x1328cb4b|1|\n|player|p2|p0y13288a0c|169|\n|gen|9\n|tier|[Gen 9] Random Battle\n|rule|Species Clause: Limit one of each Pok\u00e9mon\n|rule|HP Percentage Mod: HP is shown in percentages\n|rule|Sleep Clause Mod: Limit one foe put to sleep\n|rule|Illusion Level Mod: Illusion disguises the Pok\u00e9mon's true level\n|\n|t:|1783555423\n|teamsize|p1|6\n|teamsize|p2|6\n|start\n|switch|p1a: Qwilfish|Qwilfish, L86, M|100/100\n|switch|p2a: Espathra|Espathra, L80, M|283/283\n|-ability|p1a: Qwilfish|Intimidate|boost\n|-unboost|p2a: Espathra|atk|1\n|turn|1\n|inactive|Battle timer is ON: inactive players will automatically lose when time's up. (requested by p0x1328cb4b)\n|inactive|Time left: 300 sec this turn | 300 sec total | 60 sec grace\n|inactive|p0y13288a0c also wants the timer to be on.\n|\n|t:|1783555425\n|move|p2a: Espathra|Calm Mind|p2a: Espathra\n|-boost|p2a: Espathra|spa|1\n|-boost|p2a: Espathra|spd|1\n|move|p1a: Qwilfish|Gunk Shot|p2a: Espathra\n|-damage|p2a: Espathra|87/283\n|\n|-heal|p2a: Espathra|104/283|[from] item: Leftovers\n|-ability|p2a: Espathra|Speed Boost|boost\n|-boost|p2a: Espathra|spe|1\n|upkeep\n|turn|2\n|inactive|Time left: 300 sec this turn | 300 sec total\n|\n|t:|1783555426\n|-terastallize|p1a: Qwilfish|Dark\n|move|p2a: Espathra|Stored Power|p1a: Qwilfish\n|-immune|p1a: Qwilfish\n|move|p1a: Qwilfish|Gunk Shot|p2a: Espathra\n|-damage|p2a: Espathra|0 fnt\n|faint|p2a: Espathra\n|\n|upkeep\n|inactive|Time left: 300 sec this turn | 300 sec total | 5 sec grace\n|\n|t:|1783555427\n|switch|p2a: Venomoth|Venomoth, L84, F|255/255\n|turn|3\n|inactive|Time left: 300 sec this turn | 300 sec total\n|\n|t:|1783555428\n|switch|p1a: Kommo-o|Kommo-o, L77, F|100/100\n|move|p2a: Venomoth|Quiver Dance|p2a: Venomoth\n|-boost|p2a: Venomoth|spa|1\n|-boost|p2a: Venomoth|spd|1\n|-boost|p2a: Venomoth|spe|1\n|\n|upkeep\n|turn|4\n|inactive|Time left: 300 sec this turn | 300 sec total\n|\n|t:|1783555428\n|move|p2a: Venomoth|Sludge Wave|p1a: Kommo-o\n|-damage|p1a: Kommo-o|48/100\n|move|p1a: Kommo-o|Scale Shot|p2a: Venomoth\n|-damage|p2a: Venomoth|224/255\n|-damage|p2a: Venomoth|191/255\n|-damage|p2a: Venomoth|157/255\n|-damage|p2a: Venomoth|124/255\n|-damage|p2a: Venomoth|93/255\n|-hitcount|p2a: Venomoth|5\n|-unboost|p1a: Kommo-o|def|1\n|-boost|p1a: Kommo-o|spe|1\n|\n|upkeep\n|turn|5\n|inactive|Time left: 300 sec this turn | 300 sec total\n|\n|t:|1783555429\n|move|p2a: Venomoth|Sludge Wave|p1a: Kommo-o\n|-damage|p1a: Kommo-o|0 fnt\n|faint|p1a: Kommo-o\n|\n|upkeep\n|\n|t:|1783555430\n|switch|p1a: Ariados|Ariados, L95, M|100/100\n|turn|6\n|inactive|Time left: 300 sec this turn | 300 sec total\n|\n|t:|1783555431\n|move|p2a: Venomoth|Sleep Powder|p1a: Ariados\n|-immune|p1a: Ariados|[from] ability: Insomnia\n|move|p1a: Ariados|Megahorn|p2a: Venomoth\n|-resisted|p2a: Venomoth\n|-damage|p2a: Venomoth|0 fnt\n|faint|p2a: Venomoth\n|\n|upkeep\n|inactive|Time left: 300 sec this turn | 300 sec total | 5 sec grace\n|\n|t:|1783555432\n|switch|p2a: Ursaluna|Ursaluna-Bloodmoon, L79, M|308/308\n|turn|7\n|inactive|Time left: 300 sec this turn | 300 sec total\n|\n|t:|1783555432\n|move|p1a: Ariados|Sticky Web|p2a: Ursaluna\n|-sidestart|p2: p0y13288a0c|move: Sticky Web\n|move|p2a: Ursaluna|Calm Mind|p2a: Ursaluna\n|-boost|p2a: Ursaluna|spa|1\n|-boost|p2a: Ursaluna|spd|1\n|\n|upkeep\n|turn|8\n|inactive|Time left: 300 sec this turn | 300 sec total\n|\n|t:|1783555433\n|switch|p1a: Cresselia|Cresselia, L80, F|100/100\n|move|p2a: Ursaluna|Blood Moon|p1a: Cresselia\n|-damage|p1a: Cresselia|39/100\n|\n|-heal|p1a: Cresselia|45/100|[from] item: Leftovers\n|upkeep\n|turn|9\n|inactive|Time left: 300 sec this turn | 300 sec total\n|\n|t:|1783555434\n|move|p1a: Cresselia|Calm Mind|p1a: Cresselia\n|-boost|p1a: Cresselia|spa|1\n|-boost|p1a: Cresselia|spd|1\n|move|p2a: Ursaluna|Calm Mind|p2a: Ursaluna\n|-boost|p2a: Ursaluna|spa|1\n|-boost|p2a: Ursaluna|spd|1\n|\n|-heal|p1a: Cresselia|52/100|[from] item: Leftovers\n|upkeep\n|turn|10\n|inactive|Time left: 300 sec this turn | 300 sec total\n|\n|t:|1783555435\n|move|p1a: Cresselia|Calm Mind|p1a: Cresselia\n|-boost|p1a: Cresselia|spa|1\n|-boost|p1a: Cresselia|spd|1\n|move|p2a: Ursaluna|Blood Moon|p1a: Cresselia\n|-damage|p1a: Cresselia|7/100\n|\n|-heal|p1a: Cresselia|13/100|[from] item: Leftovers\n|upkeep\n|turn|11\n|inactive|Time left: 300 sec this turn | 300 sec total\n|\n|t:|1783555436\n|move|p1a: Cresselia|Moonlight|p1a: Cresselia\n|-heal|p1a: Cresselia|63/100\n|move|p2a: Ursaluna|Calm Mind|p2a: Ursaluna\n|-boost|p2a: Ursaluna|spa|1\n|-boost|p2a: Ursaluna|spd|1\n|\n|-heal|p1a: Cresselia|69/100|[from] item: Leftovers\n|upkeep\n|turn|12\n|inactive|Time left: 300 sec this turn | 300 sec total\n|\n|t:|1783555437\n|move|p1a: Cresselia|Calm Mind|p1a: Cresselia\n|-boost|p1a: Cresselia|spa|1\n|-boost|p1a: Cresselia|spd|1\n|move|p2a: Ursaluna|Blood Moon|p1a: Cresselia\n|-damage|p1a: Cresselia|26/100\n|\n|-heal|p1a: Cresselia|32/100|[from] item: Leftovers\n|upkeep\n|turn|13\n|inactive|Time left: 300 sec this turn | 300 sec total\n|\n|t:|1783555438\n|move|p1a: Cresselia|Moonlight|p1a: Cresselia\n|-heal|p1a: Cresselia|82/100\n|move|p2a: Ursaluna|Calm Mind|p2a: Ursaluna\n|-boost|p2a: Ursaluna|spa|1\n|-boost|p2a: Ursaluna|spd|1\n|\n|-heal|p1a: Cresselia|88/100|[from] item: Leftovers\n|upkeep\n|turn|14\n|inactive|Time left: 300 sec this turn | 300 sec total\n|\n|t:|1783555439\n|move|p1a: Cresselia|Psyshock|p2a: Ursaluna\n|-damage|p2a: Ursaluna|184/308\n|move|p2a: Ursaluna|Blood Moon|p1a: Cresselia\n|-damage|p1a: Cresselia|39/100\n|\n|-heal|p1a: Cresselia|45/100|[from] item: Leftovers\n|-heal|p2a: Ursaluna|203/308|[from] item: Leftovers\n|upkeep\n|turn|15\n|inactive|Time left: 300 sec this turn | 300 sec total\n|\n|t:|1783555440\n|move|p1a: Cresselia|Moonlight|p1a: Cresselia\n|-heal|p1a: Cresselia|95/100\n|move|p2a: Ursaluna|Moonlight|p2a: Ursaluna\n|-heal|p2a: Ursaluna|308/308\n|\n|-heal|p1a: Cresselia|100/100|[from] item: Leftovers\n|upkeep\n|turn|16\n|inactive|Time left: 300 sec this turn | 300 sec total\n|\n|t:|1783555442\n|move|p1a: Cresselia|Calm Mind|p1a: Cresselia\n|-boost|p1a: Cresselia|spa|1\n|-boost|p1a: Cresselia|spd|1\n|move|p2a: Ursaluna|Blood Moon|p1a: Cresselia\n|-damage|p1a: Cresselia|58/100\n|\n|-heal|p1a: Cresselia|64/100|[from] item: Leftovers\n|upkeep\n|turn|17\n|inactive|Time left: 300 sec this turn | 300 sec total\n|\n|t:|1783555442\n|move|p1a: Cresselia|Psyshock|p2a: Ursaluna\n|-damage|p2a: Ursaluna|158/308\n|move|p2a: Ursaluna|Moonlight|p2a: Ursaluna\n|-heal|p2a: Ursaluna|308/308\n|\n|-heal|p1a: Cresselia|70/100|[from] item: Leftovers\n|upkeep\n|turn|18\n|inactive|Time left: 300 sec this turn | 300 sec total\n|\n|t:|1783555444\n|move|p1a: Cresselia|Psyshock|p2a: Ursaluna\n|-damage|p2a: Ursaluna|151/308\n|move|p2a: Ursaluna|Moonlight|p2a: Ursaluna\n|-heal|p2a: Ursaluna|305/308\n|\n|-heal|p1a: Cresselia|76/100|[from] item: Leftovers\n|-heal|p2a: Ursaluna|308/308|[from] item: Leftovers\n|upkeep\n|turn|19\n|inactive|Time left: 300 sec this turn | 300 sec total\n|\n|t:|1783555445\n|move|p1a: Cresselia|Psyshock|p2a: Ursaluna\n|-crit|p2a: Ursaluna\n|-damage|p2a: Ursaluna|52/308\n|move|p2a: Ursaluna|Blood Moon|p1a: Cresselia\n|-damage|p1a: Cresselia|30/100\n|\n|-heal|p1a: Cresselia|36/100|[from] item: Leftovers\n|-heal|p2a: Ursaluna|71/308|[from] item: Leftovers\n|upkeep\n|turn|20\n|inactive|Time left: 300 sec this turn | 300 sec total\n|\n|t:|1783555446\n|move|p1a: Cresselia|Psyshock|p2a: Ursaluna\n|-damage|p2a: Ursaluna|0 fnt\n|faint|p2a: Ursaluna\n|\n|-heal|p1a: Cresselia|42/100|[from] item: Leftovers\n|upkeep\n|inactive|Time left: 300 sec this turn | 300 sec total | 5 sec grace\n|\n|t:|1783555447\n|switch|p2a: Muk|Muk, L86, F|321/321\n|-activate|p2a: Muk|move: Sticky Web\n|-unboost|p2a: Muk|spe|1\n|turn|21\n|inactive|Time left: 300 sec this turn | 300 sec total\n|\n|t:|1783555448\n|-terastallize|p2a: Muk|Dark\n|move|p1a: Cresselia|Moonlight|p1a: Cresselia\n|-heal|p1a: Cresselia|92/100\n|move|p2a: Muk|Knock Off|p1a: Cresselia\n|-supereffective|p1a: Cresselia\n|-damage|p1a: Cresselia|35/100\n|-enditem|p1a: Cresselia|Leftovers|[from] move: Knock Off|[of] p2a: Muk\n|\n|upkeep\n|turn|22\n|inactive|Time left: 300 sec this turn | 300 sec total\n|\n|t:|1783555449\n|move|p1a: Cresselia|Moonlight|p1a: Cresselia\n|-heal|p1a: Cresselia|84/100\n|move|p2a: Muk|Knock Off|p1a: Cresselia\n|-supereffective|p1a: Cresselia\n|-damage|p1a: Cresselia|38/100\n|\n|upkeep\n|turn|23\n|inactive|Time left: 300 sec this turn | 300 sec total\n|\n|t:|1783555450\n|move|p1a: Cresselia|Moonlight|p1a: Cresselia\n|-heal|p1a: Cresselia|88/100\n|move|p2a: Muk|Knock Off|p1a: Cresselia\n|-supereffective|p1a: Cresselia\n|-damage|p1a: Cresselia|43/100\n|\n|upkeep\n|turn|24\n|inactive|Time left: 300 sec this turn | 300 sec total\n|\n|t:|1783555451\n|move|p1a: Cresselia|Moonlight|p1a: Cresselia\n|-heal|p1a: Cresselia|93/100\n|move|p2a: Muk|Knock Off|p1a: Cresselia\n|-supereffective|p1a: Cresselia\n|-damage|p1a: Cresselia|52/100\n|-status|p1a: Cresselia|psn|[from] ability: Poison Touch|[of] p2a: Muk\n|\n|-damage|p1a: Cresselia|40/100 psn|[from] psn\n|upkeep\n|turn|25\n|inactive|Time left: 300 sec this turn | 300 sec total\n|\n|t:|1783555453\n|move|p1a: Cresselia|Moonlight|p1a: Cresselia\n|-heal|p1a: Cresselia|90/100 psn\n|move|p2a: Muk|Knock Off|p1a: Cresselia\n|-supereffective|p1a: Cresselia\n|-damage|p1a: Cresselia|47/100 psn\n|\n|-damage|p1a: Cresselia|35/100 psn|[from] psn\n|upkeep\n|turn|26\n|inactive|Time left: 300 sec this turn | 300 sec total\n|\n|t:|1783555454\n|move|p1a: Cresselia|Moonblast|p2a: Muk\n|-supereffective|p2a: Muk\n|-damage|p2a: Muk|139/321\n|move|p2a: Muk|Knock Off|p1a: Cresselia\n|-supereffective|p1a: Cresselia\n|-damage|p1a: Cresselia|0 fnt\n|faint|p1a: Cresselia\n|\n|upkeep\n|\n|t:|1783555455\n|switch|p1a: Ariados|Ariados, L95, M|100/100\n|turn|27\n|inactive|Time left: 300 sec this turn | 300 sec total\n|\n|t:|1783555456\n|move|p1a: Ariados|Megahorn|p2a: Muk\n|-supereffective|p2a: Muk\n|-damage|p2a: Muk|0 fnt\n|faint|p2a: Muk\n|\n|upkeep\n|inactive|Time left: 300 sec this turn | 300 sec total | 5 sec grace\n|\n|t:|1783555457\n|switch|p2a: Bellibolt|Bellibolt, L84, F|320/320\n|-activate|p2a: Bellibolt|move: Sticky Web\n|-unboost|p2a: Bellibolt|spe|1\n|turn|28\n|inactive|Time left: 300 sec this turn | 300 sec total\n|\n|t:|1783555458\n|switch|p1a: Scovillain|Scovillain, L91, F|100/100\n|move|p2a: Bellibolt|Thunderbolt|p1a: Scovillain\n|-resisted|p1a: Scovillain\n|-damage|p1a: Scovillain|79/100\n|-status|p1a: Scovillain|par\n|\n|-heal|p1a: Scovillain|85/100 par|[from] item: Leftovers\n|upkeep\n|turn|29\n|inactive|Time left: 300 sec this turn | 300 sec total\n|\n|t:|1783555459\n|cant|p1a: Scovillain|par\n|move|p2a: Bellibolt|Volt Switch|p1a: Scovillain\n|-resisted|p1a: Scovillain\n|-damage|p1a: Scovillain|67/100 par\n|inactive|Time left: 300 sec this turn | 300 sec total | 5 sec grace\n|\n|t:|1783555460\n|switch|p2a: Rabsca|Rabsca, L91, M|284/284|[from] Volt Switch\n|\n|-heal|p1a: Scovillain|73/100 par|[from] item: Leftovers\n|upkeep\n|turn|30\n|inactive|Time left: 300 sec this turn | 300 sec total\n|\n|t:|1783555461\n|move|p1a: Scovillain|Flamethrower|p2a: Rabsca\n|-supereffective|p2a: Rabsca\n|-damage|p2a: Rabsca|74/284\n|move|p2a: Rabsca|Bug Buzz|p1a: Scovillain\n|-damage|p1a: Scovillain|15/100 par\n|\n|-heal|p1a: Scovillain|21/100 par|[from] item: Leftovers\n|upkeep\n|turn|31\n|inactive|Time left: 300 sec this turn | 300 sec total\n|\n|t:|1783555462\n|move|p1a: Scovillain|Flamethrower|p2a: Rabsca\n|-supereffective|p2a: Rabsca\n|-damage|p2a: Rabsca|0 fnt\n|faint|p2a: Rabsca\n|\n|-heal|p1a: Scovillain|27/100 par|[from] item: Leftovers\n|upkeep\n|inactive|Time left: 300 sec this turn | 300 sec total | 5 sec grace\n|\n|t:|1783555463\n|switch|p2a: Bellibolt|Bellibolt, L84, F|320/320\n|-activate|p2a: Bellibolt|move: Sticky Web\n|-unboost|p2a: Bellibolt|spe|1\n|turn|32\n|inactive|Time left: 300 sec this turn | 300 sec total\n|\n|t:|1783555464\n|move|p1a: Scovillain|Leech Seed|p2a: Bellibolt|[miss]\n|-miss|p1a: Scovillain|p2a: Bellibolt\n|move|p2a: Bellibolt|Muddy Water|p1a: Scovillain\n|-crit|p1a: Scovillain\n|-damage|p1a: Scovillain|0 fnt\n|faint|p1a: Scovillain\n|\n|upkeep\n|\n|t:|1783555465\n|switch|p1a: Qwilfish|Qwilfish, L86, M, tera:Dark|100/100\n|-ability|p1a: Qwilfish|Intimidate|boost\n|-unboost|p2a: Bellibolt|atk|1\n|turn|33\n|inactive|Time left: 300 sec this turn | 300 sec total\n|\n|t:|1783555466\n|move|p1a: Qwilfish|Toxic|p2a: Bellibolt\n|-status|p2a: Bellibolt|tox\n|move|p2a: Bellibolt|Thunderbolt|p1a: Qwilfish\n|-damage|p1a: Qwilfish|49/100\n|\n|-damage|p2a: Bellibolt|300/320 tox|[from] psn\n|upkeep\n|turn|34\n|inactive|Time left: 300 sec this turn | 300 sec total\n|\n|t:|1783555467\n|move|p1a: Qwilfish|Pain Split|p2a: Bellibolt\n|-sethp|p2a: Bellibolt|211/320 tox|[from] move: Pain Split|[silent]\n|-sethp|p1a: Qwilfish|84/100|[from] move: Pain Split\n|move|p2a: Bellibolt|Slack Off|p2a: Bellibolt\n|-heal|p2a: Bellibolt|320/320 tox\n|\n|-damage|p2a: Bellibolt|280/320 tox|[from] psn\n|upkeep\n|turn|35\n|inactive|Time left: 300 sec this turn | 300 sec total\n|\n|t:|1783555468\n|move|p1a: Qwilfish|Flip Turn|p2a: Bellibolt\n|-damage|p2a: Bellibolt|210/320 tox\n|-start|p2a: Bellibolt|Charge|Flip Turn|[from] ability: Electromorphosis\n|\n|t:|1783555469\n|switch|p1a: Electrode|Electrode-Hisui, L87|100/100|[from] Flip Turn\n|move|p2a: Bellibolt|Slack Off|p2a: Bellibolt\n|-heal|p2a: Bellibolt|320/320 tox\n|\n|-damage|p2a: Bellibolt|260/320 tox|[from] psn\n|upkeep\n|turn|36\n|inactive|Time left: 300 sec this turn | 300 sec total\n|\n|t:|1783555470\n|move|p1a: Electrode|Taunt|p2a: Bellibolt\n|-start|p2a: Bellibolt|move: Taunt\n|cant|p2a: Bellibolt|move: Taunt|Slack Off\n|\n|-heal|p2a: Bellibolt|280/320 tox|[from] item: Leftovers\n|-damage|p2a: Bellibolt|200/320 tox|[from] psn\n|upkeep\n|turn|37\n|inactive|Time left: 300 sec this turn | 300 sec total\n|\n|t:|1783555471\n|move|p1a: Electrode|Giga Drain|p2a: Bellibolt\n|-damage|p2a: Bellibolt|93/320 tox\n|-start|p2a: Bellibolt|Charge|Giga Drain|[from] ability: Electromorphosis\n|-damage|p1a: Electrode|91/100|[from] item: Life Orb\n|move|p2a: Bellibolt|Thunderbolt|p1a: Electrode\n|-resisted|p1a: Electrode\n|-damage|p1a: Electrode|70/100\n|-end|p2a: Bellibolt|Charge|[silent]\n|\n|-heal|p2a: Bellibolt|113/320 tox|[from] item: Leftovers\n|-damage|p2a: Bellibolt|13/320 tox|[from] psn\n|upkeep\n|turn|38\n|inactive|Time left: 300 sec this turn | 300 sec total\n|\n|t:|1783555472\n|move|p1a: Electrode|Taunt||[still]\n|-fail|p1a: Electrode\n|move|p2a: Bellibolt|Volt Switch|p1a: Electrode\n|-resisted|p1a: Electrode\n|-damage|p1a: Electrode|62/100\n|\n|-heal|p2a: Bellibolt|33/320 tox|[from] item: Leftovers\n|-damage|p2a: Bellibolt|0 fnt|[from] psn\n|faint|p2a: Bellibolt\n|\n|win|p0x1328cb4b", "uploadtime": 1783555472, "views": 0, "rating": 0, "private": 0, "password": null, "_winner": "p0x1328cb4b", "_our_name": "p0y13288a0c"}