{"id": "battle-gen9randombattle-2844", "formatid": "gen9randombattle", "format": "[Gen 9] Random Battle", "players": ["p0x28443f2e", "p0y28440094"], "log": "|init|battle\n|title|p0x28443f2e vs. p0y28440094\n|j|\u2606p0x28443f2e\n|j|\u2606p0y28440094\n|t:|1783571799\n|gametype|singles\n|player|p1|p0x28443f2e|2|\n|player|p2|p0y28440094|2|\n|gen|9\n|tier|[Gen 9] Random Battle\n|rule|Species Clause: Limit one of each Pok\u00e9mon\n|rule|HP Percentage Mod: HP is shown in percentages\n|rule|Sleep Clause Mod: Limit one foe put to sleep\n|rule|Illusion Level Mod: Illusion disguises the Pok\u00e9mon's true level\n|\n|t:|1783571799\n|teamsize|p1|6\n|teamsize|p2|6\n|start\n|switch|p1a: Decidueye|Decidueye, L88, M|100/100\n|switch|p2a: Stantler|Stantler, L92, F|284/284\n|-ability|p2a: Stantler|Intimidate|boost\n|-unboost|p1a: Decidueye|atk|1\n|turn|1\n|inactive|Battle timer is ON: inactive players will automatically lose when time's up. (requested by p0x28443f2e)\n|inactive|Time left: 300 sec this turn | 300 sec total | 60 sec grace\n|inactive|p0y28440094 also wants the timer to be on.\n|\n|t:|1783571800\n|move|p2a: Stantler|Throat Chop|p1a: Decidueye\n|-supereffective|p1a: Decidueye\n|-damage|p1a: Decidueye|50/100\n|-start|p1a: Decidueye|Throat Chop|[silent]\n|move|p1a: Decidueye|Swords Dance|p1a: Decidueye\n|-boost|p1a: Decidueye|atk|2\n|\n|upkeep\n|turn|2\n|inactive|Time left: 300 sec this turn | 300 sec total\n|\n|t:|1783571802\n|switch|p1a: Baxcalibur|Baxcalibur, L75, F|100/100\n|move|p2a: Stantler|Throat Chop|p1a: Baxcalibur\n|-damage|p1a: Baxcalibur|75/100\n|-start|p1a: Baxcalibur|Throat Chop|[silent]\n|\n|upkeep\n|turn|3\n|inactive|Time left: 300 sec this turn | 300 sec total\n|\n|t:|1783571803\n|move|p2a: Stantler|Body Slam|p1a: Baxcalibur\n|-damage|p1a: Baxcalibur|35/100\n|move|p1a: Baxcalibur|Glaive Rush|p2a: Stantler\n|-damage|p2a: Stantler|101/284\n|-singlemove|p1a: Baxcalibur|Glaive Rush|[silent]\n|\n|-end|p1a: Baxcalibur|Throat Chop|[silent]\n|upkeep\n|turn|4\n|inactive|Time left: 300 sec this turn | 300 sec total\n|\n|t:|1783571804\n|switch|p1a: Alomomola|Alomomola, L87, M|100/100\n|move|p2a: Stantler|Body Slam|p1a: Alomomola\n|-damage|p1a: Alomomola|75/100\n|\n|upkeep\n|turn|5\n|inactive|Time left: 300 sec this turn | 300 sec total\n|\n|t:|1783571805\n|move|p2a: Stantler|Earthquake|p1a: Alomomola\n|-damage|p1a: Alomomola|54/100\n|move|p1a: Alomomola|Flip Turn|p2a: Stantler\n|-damage|p2a: Stantler|58/284\n|\n|t:|1783571806\n|switch|p1a: Espathra|Espathra, L80, F|100/100|[from] Flip Turn\n|\n|upkeep\n|turn|6\n|inactive|Time left: 300 sec this turn | 300 sec total\n|\n|t:|1783571806\n|switch|p2a: Mesprit|Mesprit, L85|275/275\n|move|p1a: Espathra|Dazzling Gleam|p2a: Mesprit\n|-damage|p2a: Mesprit|211/275\n|\n|-heal|p2a: Mesprit|228/275|[from] item: Leftovers\n|-ability|p1a: Espathra|Speed Boost|boost\n|-boost|p1a: Espathra|spe|1\n|upkeep\n|turn|7\n|inactive|Time left: 300 sec this turn | 300 sec total\n|\n|t:|1783571808\n|move|p1a: Espathra|Dazzling Gleam|p2a: Mesprit\n|-damage|p2a: Mesprit|159/275\n|move|p2a: Mesprit|Knock Off|p1a: Espathra\n|-supereffective|p1a: Espathra\n|-damage|p1a: Espathra|26/100\n|-enditem|p1a: Espathra|Choice Specs|[from] move: Knock Off|[of] p2a: Mesprit\n|\n|-heal|p2a: Mesprit|176/275|[from] item: Leftovers\n|-ability|p1a: Espathra|Speed Boost|boost\n|-boost|p1a: Espathra|spe|1\n|upkeep\n|turn|8\n|inactive|Time left: 300 sec this turn | 300 sec total\n|\n|t:|1783571809\n|move|p1a: Espathra|Lumina Crash|p2a: Mesprit\n|-resisted|p2a: Mesprit\n|-damage|p2a: Mesprit|140/275\n|-unboost|p2a: Mesprit|spd|2\n|move|p2a: Mesprit|Knock Off|p1a: Espathra\n|-supereffective|p1a: Espathra\n|-damage|p1a: Espathra|0 fnt\n|faint|p1a: Espathra\n|\n|-heal|p2a: Mesprit|157/275|[from] item: Leftovers\n|upkeep\n|\n|t:|1783571809\n|switch|p1a: Phione|Phione, L91|100/100\n|turn|9\n|inactive|Time left: 300 sec this turn | 300 sec total\n|\n|t:|1783571810\n|switch|p2a: Torkoal|Torkoal, L88, F|266/266\n|-weather|SunnyDay|[from] ability: Drought|[of] p2a: Torkoal\n|move|p1a: Phione|Scald|p2a: Torkoal\n|-supereffective|p2a: Torkoal\n|-damage|p2a: Torkoal|168/266\n|\n|-weather|SunnyDay|[upkeep]\n|upkeep\n|turn|10\n|inactive|Time left: 300 sec this turn | 300 sec total\n|\n|t:|1783571811\n|move|p1a: Phione|Scald|p2a: Torkoal\n|-supereffective|p2a: Torkoal\n|-damage|p2a: Torkoal|82/266\n|move|p2a: Torkoal|Solar Beam||[still]\n|-prepare|p2a: Torkoal|Solar Beam\n|-anim|p2a: Torkoal|Solar Beam|p1a: Phione\n|-supereffective|p1a: Phione\n|-damage|p1a: Phione|46/100\n|\n|-weather|SunnyDay|[upkeep]\n|-heal|p1a: Phione|52/100|[from] item: Leftovers\n|upkeep\n|turn|11\n|inactive|Time left: 300 sec this turn | 300 sec total\n|\n|t:|1783571812\n|switch|p2a: Mesprit|Mesprit, L85|157/275\n|move|p1a: Phione|Scald|p2a: Mesprit\n|-damage|p2a: Mesprit|120/275\n|\n|-weather|SunnyDay|[upkeep]\n|-heal|p1a: Phione|58/100|[from] item: Leftovers\n|-heal|p2a: Mesprit|137/275|[from] item: Leftovers\n|upkeep\n|turn|12\n|inactive|Time left: 300 sec this turn | 300 sec total\n|\n|t:|1783571814\n|move|p1a: Phione|Scald|p2a: Mesprit\n|-damage|p2a: Mesprit|98/275\n|-status|p2a: Mesprit|brn\n|move|p2a: Mesprit|Knock Off|p1a: Phione\n|-damage|p1a: Phione|46/100\n|-enditem|p1a: Phione|Leftovers|[from] move: Knock Off|[of] p2a: Mesprit\n|\n|-weather|SunnyDay|[upkeep]\n|-heal|p2a: Mesprit|115/275 brn|[from] item: Leftovers\n|-damage|p2a: Mesprit|98/275 brn|[from] brn\n|upkeep\n|turn|13\n|inactive|Time left: 300 sec this turn | 300 sec total\n|\n|t:|1783571815\n|move|p1a: Phione|Scald|p2a: Mesprit\n|-damage|p2a: Mesprit|61/275 brn\n|move|p2a: Mesprit|Psychic Noise|p1a: Phione\n|-damage|p1a: Phione|17/100\n|-start|p1a: Phione|move: Heal Block\n|\n|-weather|none\n|-heal|p2a: Mesprit|78/275 brn|[from] item: Leftovers\n|-damage|p2a: Mesprit|61/275 brn|[from] brn\n|upkeep\n|turn|14\n|inactive|Time left: 300 sec this turn | 300 sec total\n|\n|t:|1783571816\n|move|p1a: Phione|Scald|p2a: Mesprit\n|-damage|p2a: Mesprit|0 fnt\n|faint|p2a: Mesprit\n|\n|-end|p1a: Phione|move: Heal Block\n|upkeep\n|inactive|Time left: 300 sec this turn | 300 sec total | 5 sec grace\n|\n|t:|1783571817\n|switch|p2a: Stantler|Stantler, L92, F|58/284\n|-ability|p2a: Stantler|Intimidate|boost\n|-unboost|p1a: Phione|atk|1\n|turn|15\n|inactive|Time left: 300 sec this turn | 300 sec total\n|\n|t:|1783571819\n|switch|p1a: Alomomola|Alomomola, L87, M|88/100\n|move|p2a: Stantler|Body Slam|p1a: Alomomola\n|-damage|p1a: Alomomola|60/100\n|\n|upkeep\n|turn|16\n|inactive|Time left: 300 sec this turn | 300 sec total\n|\n|t:|1783571819\n|move|p2a: Stantler|Earthquake|p1a: Alomomola\n|-damage|p1a: Alomomola|39/100\n|move|p1a: Alomomola|Flip Turn|p2a: Stantler\n|-damage|p2a: Stantler|15/284\n|\n|t:|1783571820\n|switch|p1a: Baxcalibur|Baxcalibur, L75, F|35/100|[from] Flip Turn\n|\n|upkeep\n|turn|17\n|inactive|Time left: 300 sec this turn | 300 sec total\n|\n|t:|1783571821\n|move|p1a: Baxcalibur|Ice Shard|p2a: Stantler\n|-damage|p2a: Stantler|0 fnt\n|faint|p2a: Stantler\n|\n|upkeep\n|inactive|Time left: 300 sec this turn | 300 sec total | 5 sec grace\n|\n|t:|1783571823\n|switch|p2a: Beartic|Beartic, L91, M|321/321\n|turn|18\n|inactive|Time left: 300 sec this turn | 300 sec total\n|\n|t:|1783571824\n|switch|p1a: Alomomola|Alomomola, L87, M|73/100\n|move|p2a: Beartic|Swords Dance|p2a: Beartic\n|-boost|p2a: Beartic|atk|2\n|\n|upkeep\n|turn|19\n|inactive|Time left: 300 sec this turn | 300 sec total\n|\n|t:|1783571825\n|move|p1a: Alomomola|Scald|p2a: Beartic\n|-damage|p2a: Beartic|272/321\n|-status|p2a: Beartic|brn\n|move|p2a: Beartic|Earthquake|p1a: Alomomola\n|-damage|p1a: Alomomola|49/100\n|\n|-damage|p2a: Beartic|252/321 brn|[from] brn\n|upkeep\n|turn|20\n|inactive|Time left: 300 sec this turn | 300 sec total\n|\n|t:|1783571826\n|move|p1a: Alomomola|Wish|p1a: Alomomola\n|move|p2a: Beartic|Icicle Crash|p1a: Alomomola|[miss]\n|-miss|p2a: Beartic|p1a: Alomomola\n|\n|-damage|p2a: Beartic|232/321 brn|[from] brn\n|upkeep\n|turn|21\n|inactive|Time left: 300 sec this turn | 300 sec total\n|\n|t:|1783571827\n|move|p1a: Alomomola|Flip Turn|p2a: Beartic\n|-damage|p2a: Beartic|175/321 brn\n|\n|t:|1783571827\n|switch|p1a: Froslass|Froslass, L87, F|100/100|[from] Flip Turn\n|move|p2a: Beartic|Icicle Crash|p1a: Froslass\n|-resisted|p1a: Froslass\n|-damage|p1a: Froslass|72/100\n|-start|p2a: Beartic|Disable|Icicle Crash|[from] ability: Cursed Body|[of] p1a: Froslass\n|\n|-heal|p1a: Froslass|100/100|[from] move: Wish|[wisher] Alomomola\n|-damage|p2a: Beartic|155/321 brn|[from] brn\n|upkeep\n|turn|22\n|inactive|Time left: 300 sec this turn | 300 sec total\n|\n|t:|1783571828\n|move|p1a: Froslass|Poltergeist|p2a: Beartic\n|-activate|p2a: Beartic|move: Poltergeist|Heavy-Duty Boots\n|-damage|p2a: Beartic|50/321 brn\n|move|p2a: Beartic|Earthquake|p1a: Froslass\n|-damage|p1a: Froslass|54/100\n|\n|-damage|p2a: Beartic|30/321 brn|[from] brn\n|upkeep\n|turn|23\n|inactive|Time left: 300 sec this turn | 300 sec total\n|\n|t:|1783571829\n|move|p1a: Froslass|Poltergeist|p2a: Beartic|[miss]\n|-miss|p1a: Froslass|p2a: Beartic\n|move|p2a: Beartic|Earthquake|p1a: Froslass\n|-damage|p1a: Froslass|7/100\n|\n|-damage|p2a: Beartic|10/321 brn|[from] brn\n|upkeep\n|turn|24\n|inactive|Time left: 300 sec this turn | 300 sec total\n|\n|t:|1783571830\n|move|p1a: Froslass|Triple Axel|p2a: Beartic\n|-resisted|p2a: Beartic\n|-damage|p2a: Beartic|1/321 brn\n|-resisted|p2a: Beartic\n|-damage|p2a: Beartic|0 fnt\n|faint|p2a: Beartic\n|-hitcount|p2: Beartic|2\n|\n|upkeep\n|inactive|Time left: 300 sec this turn | 300 sec total | 5 sec grace\n|\n|t:|1783571831\n|switch|p2a: Torkoal|Torkoal, L88, F|82/266\n|-weather|SunnyDay|[from] ability: Drought|[of] p2a: Torkoal\n|turn|25\n|inactive|Time left: 300 sec this turn | 300 sec total\n|\n|t:|1783571832\n|move|p1a: Froslass|Poltergeist|p2a: Torkoal\n|-activate|p2a: Torkoal|move: Poltergeist|Heavy-Duty Boots\n|-damage|p2a: Torkoal|15/266\n|move|p2a: Torkoal|Stealth Rock|p1a: Froslass\n|-sidestart|p1: p0x28443f2e|move: Stealth Rock\n|\n|-weather|SunnyDay|[upkeep]\n|upkeep\n|turn|26\n|inactive|Time left: 300 sec this turn | 300 sec total\n|\n|t:|1783571833\n|move|p1a: Froslass|Triple Axel|p2a: Torkoal\n|-resisted|p2a: Torkoal\n|-damage|p2a: Torkoal|8/266\n|-resisted|p2a: Torkoal\n|-damage|p2a: Torkoal|0 fnt\n|faint|p2a: Torkoal\n|-hitcount|p2: Torkoal|2\n|\n|-weather|SunnyDay|[upkeep]\n|upkeep\n|inactive|Time left: 300 sec this turn | 300 sec total | 5 sec grace\n|\n|t:|1783571834\n|switch|p2a: Kommo-o|Kommo-o, L77, M|242/242\n|turn|27\n|inactive|Time left: 300 sec this turn | 300 sec total\n|\n|t:|1783571835\n|move|p1a: Froslass|Triple Axel|p2a: Kommo-o\n|-supereffective|p2a: Kommo-o\n|-crit|p2a: Kommo-o\n|-damage|p2a: Kommo-o|186/242\n|-supereffective|p2a: Kommo-o\n|-damage|p2a: Kommo-o|118/242\n|-supereffective|p2a: Kommo-o\n|-damage|p2a: Kommo-o|14/242\n|-hitcount|p2a: Kommo-o|3\n|move|p2a: Kommo-o|Scale Shot|p1a: Froslass\n|-damage|p1a: Froslass|0 fnt\n|-start|p2a: Kommo-o|Disable|Scale Shot|[from] ability: Cursed Body|[of] p1a: Froslass\n|faint|p1a: Froslass\n|-hitcount|p1: Froslass|1\n|-unboost|p2a: Kommo-o|def|1\n|-boost|p2a: Kommo-o|spe|1\n|\n|-weather|SunnyDay|[upkeep]\n|upkeep\n|\n|t:|1783571836\n|switch|p1a: Alomomola|Alomomola, L87, M|83/100\n|turn|28\n|inactive|Time left: 300 sec this turn | 300 sec total\n|\n|t:|1783571837\n|switch|p2a: Virizion|Virizion, L82|283/283\n|move|p1a: Alomomola|Flip Turn|p2a: Virizion\n|-resisted|p2a: Virizion\n|-damage|p2a: Virizion|266/283\n|\n|t:|1783571838\n|switch|p1a: Decidueye|Decidueye, L88, M|50/100|[from] Flip Turn\n|-damage|p1a: Decidueye|38/100|[from] Stealth Rock\n|\n|-weather|SunnyDay|[upkeep]\n|upkeep\n|turn|29\n|inactive|Time left: 300 sec this turn | 300 sec total\n|\n|t:|1783571839\n|-terastallize|p2a: Virizion|Rock\n|move|p2a: Virizion|Stone Edge|p1a: Decidueye\n|-damage|p1a: Decidueye|0 fnt\n|faint|p1a: Decidueye\n|-damage|p2a: Virizion|238/283|[from] item: Life Orb\n|\n|-weather|none\n|upkeep\n|\n|t:|1783571840\n|switch|p1a: Alomomola|Alomomola, L87, M|100/100\n|turn|30\n|inactive|Time left: 300 sec this turn | 300 sec total\n|\n|t:|1783571841\n|switch|p2a: Kommo-o|Kommo-o, L77, M|14/242\n|move|p1a: Alomomola|Flip Turn|p2a: Kommo-o\n|-resisted|p2a: Kommo-o\n|-damage|p2a: Kommo-o|0 fnt\n|faint|p2a: Kommo-o\n|\n|t:|1783571842\n|switch|p1a: Baxcalibur|Baxcalibur, L75, F|35/100|[from] Flip Turn\n|-damage|p1a: Baxcalibur|11/100|[from] Stealth Rock\n|\n|upkeep\n|inactive|Time left: 300 sec this turn | 300 sec total | 10 sec grace\n|\n|t:|1783571843\n|switch|p2a: Virizion|Virizion, L82, tera:Rock|238/283\n|turn|31\n|inactive|Time left: 300 sec this turn | 300 sec total\n|\n|t:|1783571844\n|move|p1a: Baxcalibur|Ice Shard|p2a: Virizion\n|-damage|p2a: Virizion|150/283\n|move|p2a: Virizion|Stone Edge|p1a: Baxcalibur\n|-supereffective|p1a: Baxcalibur\n|-damage|p1a: Baxcalibur|0 fnt\n|faint|p1a: Baxcalibur\n|-damage|p2a: Virizion|122/283|[from] item: Life Orb\n|\n|upkeep\n|\n|t:|1783571845\n|switch|p1a: Alomomola|Alomomola, L87, M|100/100\n|turn|32\n|inactive|Time left: 300 sec this turn | 300 sec total\n|\n|t:|1783571845\n|move|p2a: Virizion|Swords Dance|p2a: Virizion\n|-boost|p2a: Virizion|atk|2\n|move|p1a: Alomomola|Flip Turn|p2a: Virizion\n|-supereffective|p2a: Virizion\n|-damage|p2a: Virizion|0 fnt\n|faint|p2a: Virizion\n|\n|win|p0x28443f2e", "uploadtime": 1783571846, "views": 0, "rating": 0, "private": 0, "password": null, "_winner": "p0x28443f2e", "_our_name": "p0y28440094"}