{"id": "battle-gen9randombattle-2048", "formatid": "gen9randombattle", "format": "[Gen 9] Random Battle", "players": ["p0x2048e4c6", "p0y20485168"], "log": "|init|battle\n|title|p0x2048e4c6 vs. p0y20485168\n|j|\u2606p0x2048e4c6\n|j|\u2606p0y20485168\n|t:|1783563727\n|gametype|singles\n|player|p1|p0x2048e4c6|169|\n|player|p2|p0y20485168|265|\n|gen|9\n|tier|[Gen 9] Random Battle\n|rule|Species Clause: Limit one of each Pok\u00e9mon\n|rule|HP Percentage Mod: HP is shown in percentages\n|rule|Sleep Clause Mod: Limit one foe put to sleep\n|rule|Illusion Level Mod: Illusion disguises the Pok\u00e9mon's true level\n|\n|t:|1783563727\n|teamsize|p1|6\n|teamsize|p2|6\n|start\n|switch|p1a: Slowbro|Slowbro-Galar, L87, F|307/307\n|switch|p2a: Moltres|Moltres-Galar, L79|100/100\n|turn|1\n|inactive|Battle timer is ON: inactive players will automatically lose when time's up. (requested by p0x2048e4c6)\n|inactive|p0y20485168 also wants the timer to be on.\n|\n|t:|1783563728\n|move|p2a: Moltres|Nasty Plot|p2a: Moltres\n|-boost|p2a: Moltres|spa|2\n|move|p1a: Slowbro|Shell Side Arm|p2a: Moltres|[anim] Shell Side Arm Physical\n|-damage|p2a: Moltres|62/100\n|-hint|Physical Shell Side Arm\n|-status|p2a: Moltres|psn\n|\n|-damage|p2a: Moltres|50/100 psn|[from] psn\n|upkeep\n|turn|2\n|inactive|Time left: 300 sec this turn | 300 sec total\n|\n|t:|1783563729\n|move|p2a: Moltres|Rest|p2a: Moltres\n|-status|p2a: Moltres|slp|[from] move: Rest\n|-heal|p2a: Moltres|100/100 slp|[silent]\n|-enditem|p2a: Moltres|Chesto Berry|[eat]\n|-curestatus|p2a: Moltres|slp|[msg]\n|move|p1a: Slowbro|Shell Side Arm|p2a: Moltres|[anim] Shell Side Arm Physical\n|-damage|p2a: Moltres|62/100\n|-hint|Physical Shell Side Arm\n|\n|upkeep\n|turn|3\n|inactive|Time left: 300 sec this turn | 300 sec total\n|\n|t:|1783563730\n|move|p2a: Moltres|Hurricane|p1a: Slowbro\n|-damage|p1a: Slowbro|148/307\n|move|p1a: Slowbro|Shell Side Arm|p2a: Moltres|[anim] Shell Side Arm Physical\n|-damage|p2a: Moltres|24/100\n|-hint|Physical Shell Side Arm\n|-ability|p2a: Moltres|Berserk|boost\n|-boost|p2a: Moltres|spa|1\n|\n|upkeep\n|turn|4\n|inactive|Time left: 300 sec this turn | 300 sec total\n|\n|t:|1783563731\n|switch|p1a: Tatsugiri|Tatsugiri, L87, M|260/260\n|move|p2a: Moltres|Hurricane|p1a: Tatsugiri\n|-damage|p1a: Tatsugiri|29/260\n|-start|p1a: Tatsugiri|confusion\n|\n|upkeep\n|turn|5\n|inactive|Time left: 300 sec this turn | 300 sec total\n|\n|t:|1783563732\n|-activate|p1a: Tatsugiri|confusion\n|-damage|p1a: Tatsugiri|5/260|[from] confusion\n|move|p2a: Moltres|Hurricane|p1a: Tatsugiri\n|-damage|p1a: Tatsugiri|0 fnt\n|faint|p1a: Tatsugiri\n|\n|upkeep\n|inactive|Time left: 300 sec this turn | 300 sec total | 5 sec grace\n|\n|t:|1783563733\n|switch|p1a: Espathra|Espathra, L80, F|283/283\n|turn|6\n|inactive|Time left: 300 sec this turn | 300 sec total\n|\n|t:|1783563734\n|move|p1a: Espathra|Protect|p1a: Espathra\n|-singleturn|p1a: Espathra|Protect\n|move|p2a: Moltres|Hurricane|p1a: Espathra\n|-activate|p1a: Espathra|move: Protect\n|\n|-ability|p1a: Espathra|Speed Boost|boost\n|-boost|p1a: Espathra|spe|1\n|upkeep\n|turn|7\n|inactive|Time left: 300 sec this turn | 300 sec total\n|\n|t:|1783563734\n|switch|p2a: Arbok|Arbok, L87, M|100/100\n|-ability|p2a: Arbok|Intimidate|boost\n|-unboost|p1a: Espathra|atk|1\n|move|p1a: Espathra|Dazzling Gleam|p2a: Arbok\n|-resisted|p2a: Arbok\n|-damage|p2a: Arbok|90/100\n|\n|-heal|p2a: Arbok|96/100|[from] item: Leftovers\n|-ability|p1a: Espathra|Speed Boost|boost\n|-boost|p1a: Espathra|spe|1\n|upkeep\n|turn|8\n|inactive|Time left: 300 sec this turn | 300 sec total\n|\n|t:|1783563736\n|move|p1a: Espathra|Calm Mind|p1a: Espathra\n|-boost|p1a: Espathra|spa|1\n|-boost|p1a: Espathra|spd|1\n|move|p2a: Arbok|Gunk Shot|p1a: Espathra\n|-damage|p1a: Espathra|97/283\n|\n|-heal|p1a: Espathra|114/283|[from] item: Leftovers\n|-heal|p2a: Arbok|100/100|[from] item: Leftovers\n|-ability|p1a: Espathra|Speed Boost|boost\n|-boost|p1a: Espathra|spe|1\n|upkeep\n|turn|9\n|inactive|Time left: 300 sec this turn | 300 sec total\n|\n|t:|1783563736\n|switch|p2a: Stantler|Stantler, L92, F|100/100\n|-ability|p2a: Stantler|Intimidate|boost\n|-unboost|p1a: Espathra|atk|1\n|move|p1a: Espathra|Stored Power|p2a: Stantler\n|-damage|p2a: Stantler|49/100\n|\n|-heal|p1a: Espathra|131/283|[from] item: Leftovers\n|-ability|p1a: Espathra|Speed Boost|boost\n|-boost|p1a: Espathra|spe|1\n|upkeep\n|turn|10\n|inactive|Time left: 300 sec this turn | 300 sec total\n|\n|t:|1783563738\n|switch|p2a: Moltres|Moltres-Galar, L79|24/100\n|move|p1a: Espathra|Calm Mind|p1a: Espathra\n|-boost|p1a: Espathra|spa|1\n|-boost|p1a: Espathra|spd|1\n|\n|-heal|p1a: Espathra|148/283|[from] item: Leftovers\n|-ability|p1a: Espathra|Speed Boost|boost\n|-boost|p1a: Espathra|spe|1\n|upkeep\n|turn|11\n|inactive|Time left: 300 sec this turn | 300 sec total\n|\n|t:|1783563739\n|move|p1a: Espathra|Dazzling Gleam|p2a: Moltres\n|-supereffective|p2a: Moltres\n|-damage|p2a: Moltres|0 fnt\n|faint|p2a: Moltres\n|\n|-heal|p1a: Espathra|165/283|[from] item: Leftovers\n|-ability|p1a: Espathra|Speed Boost|boost\n|-boost|p1a: Espathra|spe|1\n|upkeep\n|\n|t:|1783563740\n|switch|p2a: Meganium|Meganium, L90, M|100/100\n|turn|12\n|inactive|Time left: 300 sec this turn | 300 sec total\n|\n|t:|1783563741\n|-terastallize|p2a: Meganium|Steel\n|move|p1a: Espathra|Stored Power|p2a: Meganium\n|-resisted|p2a: Meganium\n|-damage|p2a: Meganium|32/100\n|move|p2a: Meganium|Knock Off|p1a: Espathra\n|-supereffective|p1a: Espathra\n|-damage|p1a: Espathra|0 fnt\n|-enditem|p1a: Espathra|Leftovers|[from] move: Knock Off|[of] p2a: Meganium\n|faint|p1a: Espathra\n|\n|-heal|p2a: Meganium|38/100|[from] item: Leftovers\n|upkeep\n|inactive|Time left: 300 sec this turn | 300 sec total | 5 sec grace\n|\n|t:|1783563742\n|switch|p1a: Arboliva|Arboliva, L91, M|290/290\n|turn|13\n|inactive|Time left: 300 sec this turn | 300 sec total\n|\n|t:|1783563743\n|move|p2a: Meganium|Synthesis|p2a: Meganium\n|-heal|p2a: Meganium|88/100\n|move|p1a: Arboliva|Earth Power|p2a: Meganium\n|-supereffective|p2a: Meganium\n|-damage|p2a: Meganium|32/100\n|\n|-heal|p2a: Meganium|38/100|[from] item: Leftovers\n|upkeep\n|turn|14\n|inactive|Time left: 300 sec this turn | 300 sec total\n|\n|t:|1783563745\n|move|p2a: Meganium|Synthesis|p2a: Meganium\n|-heal|p2a: Meganium|88/100\n|move|p1a: Arboliva|Earth Power|p2a: Meganium\n|-supereffective|p2a: Meganium\n|-damage|p2a: Meganium|37/100\n|\n|-heal|p2a: Meganium|43/100|[from] item: Leftovers\n|upkeep\n|turn|15\n|inactive|Time left: 300 sec this turn | 300 sec total\n|\n|t:|1783563746\n|move|p2a: Meganium|Synthesis|p2a: Meganium\n|-heal|p2a: Meganium|93/100\n|move|p1a: Arboliva|Earth Power|p2a: Meganium\n|-supereffective|p2a: Meganium\n|-damage|p2a: Meganium|40/100\n|\n|-heal|p2a: Meganium|46/100|[from] item: Leftovers\n|upkeep\n|turn|16\n|inactive|Time left: 300 sec this turn | 300 sec total\n|\n|t:|1783563747\n|move|p2a: Meganium|Synthesis|p2a: Meganium\n|-heal|p2a: Meganium|96/100\n|move|p1a: Arboliva|Earth Power|p2a: Meganium\n|-supereffective|p2a: Meganium\n|-damage|p2a: Meganium|43/100\n|\n|-heal|p2a: Meganium|49/100|[from] item: Leftovers\n|upkeep\n|turn|17\n|inactive|Time left: 300 sec this turn | 300 sec total\n|\n|t:|1783563748\n|move|p2a: Meganium|Synthesis|p2a: Meganium\n|-heal|p2a: Meganium|99/100\n|move|p1a: Arboliva|Earth Power|p2a: Meganium\n|-supereffective|p2a: Meganium\n|-damage|p2a: Meganium|44/100\n|\n|-heal|p2a: Meganium|50/100|[from] item: Leftovers\n|upkeep\n|turn|18\n|inactive|Time left: 300 sec this turn | 300 sec total\n|\n|t:|1783563749\n|move|p2a: Meganium|Synthesis|p2a: Meganium\n|-heal|p2a: Meganium|99/100\n|move|p1a: Arboliva|Earth Power|p2a: Meganium\n|-supereffective|p2a: Meganium\n|-damage|p2a: Meganium|45/100\n|\n|-heal|p2a: Meganium|52/100|[from] item: Leftovers\n|upkeep\n|turn|19\n|inactive|Time left: 300 sec this turn | 300 sec total\n|\n|t:|1783563751\n|move|p2a: Meganium|Synthesis|p2a: Meganium\n|-heal|p2a: Meganium|100/100\n|move|p1a: Arboliva|Earth Power|p2a: Meganium\n|-supereffective|p2a: Meganium\n|-damage|p2a: Meganium|43/100\n|\n|-heal|p2a: Meganium|49/100|[from] item: Leftovers\n|upkeep\n|turn|20\n|inactive|Time left: 300 sec this turn | 300 sec total\n|\n|t:|1783563752\n|move|p2a: Meganium|Synthesis|p2a: Meganium\n|-heal|p2a: Meganium|99/100\n|move|p1a: Arboliva|Earth Power|p2a: Meganium\n|-supereffective|p2a: Meganium\n|-crit|p2a: Meganium\n|-damage|p2a: Meganium|19/100\n|\n|-heal|p2a: Meganium|25/100|[from] item: Leftovers\n|upkeep\n|turn|21\n|inactive|Time left: 300 sec this turn | 300 sec total\n|\n|t:|1783563753\n|move|p2a: Meganium|Knock Off|p1a: Arboliva\n|-damage|p1a: Arboliva|221/290\n|-fieldstart|move: Grassy Terrain|[from] ability: Seed Sower|[of] p1a: Arboliva\n|-enditem|p1a: Arboliva|Leftovers|[from] move: Knock Off|[of] p2a: Meganium\n|move|p1a: Arboliva|Earth Power|p2a: Meganium\n|-supereffective|p2a: Meganium\n|-damage|p2a: Meganium|0 fnt\n|faint|p2a: Meganium\n|\n|-heal|p1a: Arboliva|239/290|[from] Grassy Terrain\n|upkeep\n|\n|t:|1783563754\n|switch|p2a: Arbok|Arbok, L87, M|100/100\n|-ability|p2a: Arbok|Intimidate|boost\n|-unboost|p1a: Arboliva|atk|1\n|turn|22\n|inactive|Time left: 300 sec this turn | 300 sec total\n|\n|t:|1783563755\n|switch|p1a: Slowbro|Slowbro-Galar, L87, F|250/307\n|move|p2a: Arbok|Gunk Shot|p1a: Slowbro|[miss]\n|-miss|p2a: Arbok|p1a: Slowbro\n|\n|-heal|p1a: Slowbro|269/307|[from] Grassy Terrain\n|upkeep\n|turn|23\n|inactive|Time left: 300 sec this turn | 300 sec total\n|\n|t:|1783563756\n|switch|p2a: Stantler|Stantler, L92, F|49/100\n|-ability|p2a: Stantler|Intimidate|boost\n|-unboost|p1a: Slowbro|atk|1\n|move|p1a: Slowbro|Psychic|p2a: Stantler\n|-damage|p2a: Stantler|20/100\n|\n|-heal|p2a: Stantler|25/100|[from] Grassy Terrain\n|-heal|p1a: Slowbro|288/307|[from] Grassy Terrain\n|upkeep\n|turn|24\n|inactive|Time left: 300 sec this turn | 300 sec total\n|\n|t:|1783563757\n|move|p2a: Stantler|Body Slam|p1a: Slowbro\n|-crit|p1a: Slowbro\n|-damage|p1a: Slowbro|155/307\n|move|p1a: Slowbro|Psychic|p2a: Stantler\n|-damage|p2a: Stantler|0 fnt\n|faint|p2a: Stantler\n|\n|-heal|p1a: Slowbro|174/307|[from] Grassy Terrain\n|upkeep\n|\n|t:|1783563758\n|switch|p2a: Crawdaunt|Crawdaunt, L84, M|100/100\n|turn|25\n|inactive|Time left: 300 sec this turn | 300 sec total\n|\n|t:|1783563759\n|switch|p1a: Arboliva|Arboliva, L91, M|239/290\n|move|p2a: Crawdaunt|Dragon Dance|p2a: Crawdaunt\n|-boost|p2a: Crawdaunt|atk|1\n|-boost|p2a: Crawdaunt|spe|1\n|\n|-heal|p1a: Arboliva|257/290|[from] Grassy Terrain\n|-fieldend|move: Grassy Terrain\n|upkeep\n|turn|26\n|inactive|Time left: 300 sec this turn | 300 sec total\n|\n|t:|1783563760\n|-terastallize|p1a: Arboliva|Grass\n|move|p2a: Crawdaunt|Close Combat|p1a: Arboliva\n|-damage|p1a: Arboliva|82/290\n|-unboost|p2a: Crawdaunt|def|1\n|-unboost|p2a: Crawdaunt|spd|1\n|-fieldstart|move: Grassy Terrain|[from] ability: Seed Sower|[of] p1a: Arboliva\n|-damage|p2a: Crawdaunt|91/100|[from] item: Life Orb\n|move|p1a: Arboliva|Energy Ball|p2a: Crawdaunt\n|-supereffective|p2a: Crawdaunt\n|-damage|p2a: Crawdaunt|0 fnt\n|faint|p2a: Crawdaunt\n|\n|-heal|p1a: Arboliva|100/290|[from] Grassy Terrain\n|upkeep\n|\n|t:|1783563760\n|switch|p2a: Arbok|Arbok, L87, M|100/100\n|-ability|p2a: Arbok|Intimidate|boost\n|-unboost|p1a: Arboliva|atk|1\n|turn|27\n|inactive|Time left: 300 sec this turn | 300 sec total\n|\n|t:|1783563761\n|move|p2a: Arbok|Gunk Shot|p1a: Arboliva\n|-supereffective|p1a: Arboliva\n|-damage|p1a: Arboliva|0 fnt\n|faint|p1a: Arboliva\n|\n|upkeep\n|inactive|Time left: 300 sec this turn | 300 sec total | 5 sec grace\n|\n|t:|1783563762\n|switch|p1a: Slowbro|Slowbro-Galar, L87, F|276/307\n|turn|28\n|inactive|Time left: 300 sec this turn | 300 sec total\n|\n|t:|1783563763\n|switch|p2a: Slowbro|Slowbro-Galar, L87, M|100/100\n|move|p1a: Slowbro|Psychic|p2a: Slowbro\n|-damage|p2a: Slowbro|60/100\n|-unboost|p2a: Slowbro|spd|1\n|\n|-heal|p2a: Slowbro|66/100|[from] Grassy Terrain\n|-heal|p1a: Slowbro|295/307|[from] Grassy Terrain\n|upkeep\n|turn|29\n|inactive|Time left: 300 sec this turn | 300 sec total\n|\n|t:|1783563764\n|move|p2a: Slowbro|Slack Off|p2a: Slowbro\n|-heal|p2a: Slowbro|100/100\n|move|p1a: Slowbro|Psychic|p2a: Slowbro\n|-damage|p2a: Slowbro|40/100\n|\n|-heal|p1a: Slowbro|307/307|[from] Grassy Terrain\n|-heal|p2a: Slowbro|46/100|[from] Grassy Terrain\n|upkeep\n|turn|30\n|inactive|Time left: 300 sec this turn | 300 sec total\n|\n|t:|1783563765\n|switch|p2a: Arbok|Arbok, L87, M|100/100\n|-ability|p2a: Arbok|Intimidate|boost\n|-unboost|p1a: Slowbro|atk|1\n|move|p1a: Slowbro|Psychic|p2a: Arbok\n|-supereffective|p2a: Arbok\n|-damage|p2a: Arbok|8/100\n|\n|-heal|p2a: Arbok|14/100|[from] Grassy Terrain\n|-heal|p2a: Arbok|20/100|[from] item: Leftovers\n|-fieldend|move: Grassy Terrain\n|upkeep\n|turn|31\n|inactive|Time left: 300 sec this turn | 300 sec total\n|\n|t:|1783563766\n|move|p2a: Arbok|Glare|p1a: Slowbro\n|-status|p1a: Slowbro|par\n|move|p1a: Slowbro|Shell Side Arm|p2a: Arbok|[anim] Shell Side Arm Special\n|-resisted|p2a: Arbok\n|-damage|p2a: Arbok|0 fnt\n|-hint|Special Shell Side Arm\n|faint|p2a: Arbok\n|\n|upkeep\n|\n|t:|1783563767\n|switch|p2a: Slowbro|Slowbro-Galar, L87, M|79/100\n|turn|32\n|inactive|Time left: 300 sec this turn | 300 sec total\n|\n|t:|1783563768\n|move|p2a: Slowbro|Slack Off|p2a: Slowbro\n|-heal|p2a: Slowbro|100/100\n|cant|p1a: Slowbro|par\n|\n|upkeep\n|turn|33\n|inactive|Time left: 300 sec this turn | 300 sec total\n|\n|t:|1783563769\n|move|p2a: Slowbro|Shell Side Arm|p1a: Slowbro|[anim] Shell Side Arm Special\n|-resisted|p1a: Slowbro\n|-damage|p1a: Slowbro|264/307 par\n|-hint|Special Shell Side Arm\n|cant|p1a: Slowbro|par\n|\n|upkeep\n|turn|34\n|inactive|Time left: 300 sec this turn | 300 sec total\n|\n|t:|1783563770\n|switch|p1a: Garganacl|Garganacl, L80, F|291/291\n|move|p2a: Slowbro|Psychic|p1a: Garganacl\n|-damage|p1a: Garganacl|180/291\n|\n|-heal|p1a: Garganacl|198/291|[from] item: Leftovers\n|upkeep\n|turn|35\n|inactive|Time left: 300 sec this turn | 300 sec total\n|\n|t:|1783563771\n|move|p2a: Slowbro|Psychic|p1a: Garganacl\n|-crit|p1a: Garganacl\n|-damage|p1a: Garganacl|23/291\n|move|p1a: Garganacl|Salt Cure|p2a: Slowbro\n|-damage|p2a: Slowbro|88/100\n|-start|p2a: Slowbro|Salt Cure\n|\n|-heal|p1a: Garganacl|41/291|[from] item: Leftovers\n|-damage|p2a: Slowbro|76/100|[from] Salt Cure\n|upkeep\n|turn|36\n|inactive|Time left: 300 sec this turn | 300 sec total\n|\n|t:|1783563772\n|move|p2a: Slowbro|Psychic|p1a: Garganacl\n|-crit|p1a: Garganacl\n|-damage|p1a: Garganacl|0 fnt\n|faint|p1a: Garganacl\n|\n|-damage|p2a: Slowbro|64/100|[from] Salt Cure\n|upkeep\n|inactive|Time left: 300 sec this turn | 300 sec total | 5 sec grace\n|\n|t:|1783563773\n|switch|p1a: Dewgong|Dewgong, L94, M|322/322\n|turn|37\n|inactive|Time left: 300 sec this turn | 300 sec total\n|\n|t:|1783563774\n|move|p1a: Dewgong|Encore|p2a: Slowbro\n|-start|p2a: Slowbro|Encore\n|move|p2a: Slowbro|Psychic|p1a: Dewgong\n|-damage|p1a: Dewgong|240/322\n|\n|-damage|p2a: Slowbro|51/100|[from] Salt Cure\n|upkeep\n|turn|38\n|inactive|Time left: 300 sec this turn | 300 sec total\n|\n|t:|1783563775\n|move|p1a: Dewgong|Surf|p2a: Slowbro\n|-damage|p2a: Slowbro|15/100\n|move|p2a: Slowbro|Psychic|p1a: Dewgong\n|-damage|p1a: Dewgong|153/322\n|\n|-damage|p2a: Slowbro|2/100|[from] Salt Cure\n|upkeep\n|turn|39\n|inactive|Time left: 300 sec this turn | 300 sec total\n|\n|t:|1783563777\n|move|p1a: Dewgong|Encore||[still]\n|-fail|p1a: Dewgong\n|move|p2a: Slowbro|Psychic|p1a: Dewgong\n|-damage|p1a: Dewgong|69/322\n|\n|-damage|p2a: Slowbro|0 fnt|[from] Salt Cure\n|faint|p2a: Slowbro\n|\n|win|p0x2048e4c6", "uploadtime": 1783563777, "views": 0, "rating": 0, "private": 0, "password": null, "_winner": "p0x2048e4c6", "_our_name": "p0x2048e4c6"}