{"id": "battle-gen9randombattle-2220", "formatid": "gen9randombattle", "format": "[Gen 9] Random Battle", "players": ["p0x222099bf", "p0y22209012"], "log": "|init|battle\n|title|p0x222099bf vs. p0y22209012\n|j|\u2606p0x222099bf\n|j|\u2606p0y22209012\n|t:|1783564781\n|gametype|singles\n|player|p1|p0x222099bf|169|\n|player|p2|p0y22209012|170|\n|gen|9\n|tier|[Gen 9] Random Battle\n|rule|Species Clause: Limit one of each Pok\u00e9mon\n|rule|HP Percentage Mod: HP is shown in percentages\n|rule|Sleep Clause Mod: Limit one foe put to sleep\n|rule|Illusion Level Mod: Illusion disguises the Pok\u00e9mon's true level\n|\n|t:|1783564781\n|teamsize|p1|6\n|teamsize|p2|6\n|start\n|switch|p1a: Glaceon|Glaceon, L94, M|275/275\n|switch|p2a: Houndstone|Houndstone, L86, F|100/100\n|turn|1\n|inactive|Battle timer is ON: inactive players will automatically lose when time's up. (requested by p0y22209012)\n|inactive|Time left: 300 sec this turn | 300 sec total | 60 sec grace\n|inactive|p0x222099bf also wants the timer to be on.\n|\n|t:|1783564782\n|move|p1a: Glaceon|Calm Mind|p1a: Glaceon\n|-boost|p1a: Glaceon|spa|1\n|-boost|p1a: Glaceon|spd|1\n|move|p2a: Houndstone|Poltergeist|p1a: Glaceon\n|-activate|p1a: Glaceon|move: Poltergeist|Heavy-Duty Boots\n|-damage|p1a: Glaceon|178/275\n|\n|upkeep\n|turn|2\n|inactive|Time left: 300 sec this turn | 300 sec total\n|\n|t:|1783564783\n|move|p1a: Glaceon|Freeze-Dry|p2a: Houndstone\n|-damage|p2a: Houndstone|58/100\n|move|p2a: Houndstone|Poltergeist|p1a: Glaceon\n|-activate|p1a: Glaceon|move: Poltergeist|Heavy-Duty Boots\n|-damage|p1a: Glaceon|76/275\n|\n|upkeep\n|turn|3\n|inactive|Time left: 300 sec this turn | 300 sec total\n|\n|t:|1783564784\n|move|p1a: Glaceon|Freeze-Dry|p2a: Houndstone\n|-damage|p2a: Houndstone|17/100\n|-status|p2a: Houndstone|frz\n|cant|p2a: Houndstone|frz\n|\n|upkeep\n|turn|4\n|inactive|Time left: 300 sec this turn | 300 sec total\n|\n|t:|1783564785\n|move|p1a: Glaceon|Freeze-Dry|p2a: Houndstone\n|-damage|p2a: Houndstone|0 fnt\n|faint|p2a: Houndstone\n|\n|upkeep\n|\n|t:|1783564786\n|switch|p2a: Tauros|Tauros-Paldea-Aqua, L81, M|100/100\n|-ability|p2a: Tauros|Intimidate|boost\n|-unboost|p1a: Glaceon|atk|1\n|turn|5\n|inactive|Time left: 300 sec this turn | 300 sec total\n|\n|t:|1783564787\n|move|p2a: Tauros|Close Combat|p1a: Glaceon\n|-supereffective|p1a: Glaceon\n|-damage|p1a: Glaceon|0 fnt\n|-unboost|p2a: Tauros|def|1\n|-unboost|p2a: Tauros|spd|1\n|faint|p1a: Glaceon\n|\n|upkeep\n|inactive|Time left: 300 sec this turn | 300 sec total | 5 sec grace\n|\n|t:|1783564788\n|switch|p1a: Chandelure|Chandelure, L83, F|235/235\n|turn|6\n|inactive|Time left: 300 sec this turn | 300 sec total\n|\n|t:|1783564789\n|switch|p2a: Lugia|Lugia, L73|100/100\n|move|p1a: Chandelure|Fire Blast|p2a: Lugia\n|-damage|p2a: Lugia|81/100\n|\n|upkeep\n|turn|7\n|inactive|Time left: 300 sec this turn | 300 sec total\n|\n|t:|1783564791\n|move|p1a: Chandelure|Fire Blast|p2a: Lugia\n|-damage|p2a: Lugia|36/100\n|move|p2a: Lugia|Calm Mind|p2a: Lugia\n|-boost|p2a: Lugia|spa|1\n|-boost|p2a: Lugia|spd|1\n|\n|upkeep\n|turn|8\n|inactive|Time left: 300 sec this turn | 300 sec total\n|\n|t:|1783564792\n|move|p1a: Chandelure|Fire Blast|p2a: Lugia|[miss]\n|-miss|p1a: Chandelure|p2a: Lugia\n|move|p2a: Lugia|Recover|p2a: Lugia\n|-heal|p2a: Lugia|86/100\n|\n|upkeep\n|turn|9\n|inactive|Time left: 300 sec this turn | 300 sec total\n|\n|t:|1783564793\n|move|p1a: Chandelure|Fire Blast|p2a: Lugia\n|-damage|p2a: Lugia|59/100\n|move|p2a: Lugia|Calm Mind|p2a: Lugia\n|-boost|p2a: Lugia|spa|1\n|-boost|p2a: Lugia|spd|1\n|\n|upkeep\n|turn|10\n|inactive|Time left: 300 sec this turn | 300 sec total\n|\n|t:|1783564794\n|move|p1a: Chandelure|Fire Blast|p2a: Lugia\n|-damage|p2a: Lugia|36/100\n|move|p2a: Lugia|Recover|p2a: Lugia\n|-heal|p2a: Lugia|86/100\n|\n|upkeep\n|turn|11\n|inactive|Time left: 300 sec this turn | 300 sec total\n|\n|t:|1783564795\n|switch|p1a: Skeledirge|Skeledirge, L79, M|294/294\n|move|p2a: Lugia|Aeroblast|p1a: Skeledirge\n|-damage|p1a: Skeledirge|201/294\n|\n|upkeep\n|turn|12\n|inactive|Time left: 300 sec this turn | 300 sec total\n|\n|t:|1783564797\n|move|p2a: Lugia|Psychic Noise|p1a: Skeledirge\n|-damage|p1a: Skeledirge|132/294\n|-start|p1a: Skeledirge|move: Heal Block\n|move|p1a: Skeledirge|Torch Song|p2a: Lugia\n|-crit|p2a: Lugia\n|-damage|p2a: Lugia|56/100\n|-boost|p1a: Skeledirge|spa|1\n|\n|upkeep\n|turn|13\n|inactive|Time left: 300 sec this turn | 300 sec total\n|\n|t:|1783564798\n|move|p2a: Lugia|Recover|p2a: Lugia\n|-heal|p2a: Lugia|100/100\n|move|p1a: Skeledirge|Shadow Ball|p2a: Lugia\n|-supereffective|p2a: Lugia\n|-damage|p2a: Lugia|70/100\n|-unboost|p2a: Lugia|spd|1\n|\n|-end|p1a: Skeledirge|move: Heal Block\n|upkeep\n|turn|14\n|inactive|Time left: 300 sec this turn | 300 sec total\n|\n|t:|1783564799\n|move|p2a: Lugia|Aeroblast|p1a: Skeledirge\n|-crit|p1a: Skeledirge\n|-damage|p1a: Skeledirge|0 fnt\n|faint|p1a: Skeledirge\n|\n|upkeep\n|inactive|Time left: 300 sec this turn | 300 sec total | 5 sec grace\n|\n|t:|1783564800\n|switch|p1a: Chandelure|Chandelure, L83, F|235/235\n|turn|15\n|inactive|Time left: 300 sec this turn | 300 sec total\n|\n|t:|1783564801\n|move|p1a: Chandelure|Shadow Ball|p2a: Lugia\n|-supereffective|p2a: Lugia\n|-damage|p2a: Lugia|32/100\n|move|p2a: Lugia|Recover|p2a: Lugia\n|-heal|p2a: Lugia|82/100\n|\n|upkeep\n|turn|16\n|inactive|Time left: 300 sec this turn | 300 sec total\n|\n|t:|1783564802\n|move|p1a: Chandelure|Shadow Ball|p2a: Lugia\n|-supereffective|p2a: Lugia\n|-damage|p2a: Lugia|43/100\n|move|p2a: Lugia|Aeroblast|p1a: Chandelure\n|-damage|p1a: Chandelure|94/235\n|\n|upkeep\n|turn|17\n|inactive|Time left: 300 sec this turn | 300 sec total\n|\n|t:|1783564803\n|-terastallize|p2a: Lugia|Steel\n|move|p1a: Chandelure|Shadow Ball|p2a: Lugia\n|-damage|p2a: Lugia|24/100\n|-unboost|p2a: Lugia|spd|1\n|move|p2a: Lugia|Recover|p2a: Lugia\n|-heal|p2a: Lugia|74/100\n|\n|upkeep\n|turn|18\n|inactive|Time left: 300 sec this turn | 300 sec total\n|\n|t:|1783564804\n|switch|p1a: Florges|Florges-Yellow, L85, F|271/271\n|move|p2a: Lugia|Psychic Noise|p1a: Florges\n|-damage|p1a: Florges|193/271\n|-start|p1a: Florges|move: Heal Block\n|\n|upkeep\n|turn|19\n|inactive|Time left: 300 sec this turn | 300 sec total\n|\n|t:|1783564805\n|move|p2a: Lugia|Calm Mind|p2a: Lugia\n|-boost|p2a: Lugia|spa|1\n|-boost|p2a: Lugia|spd|1\n|move|p1a: Florges|Calm Mind|p1a: Florges\n|-boost|p1a: Florges|spa|1\n|-boost|p1a: Florges|spd|1\n|\n|-end|p1a: Florges|move: Heal Block\n|upkeep\n|turn|20\n|inactive|Time left: 300 sec this turn | 300 sec total\n|\n|t:|1783564806\n|move|p2a: Lugia|Aeroblast|p1a: Florges\n|-damage|p1a: Florges|118/271\n|move|p1a: Florges|Calm Mind|p1a: Florges\n|-boost|p1a: Florges|spa|1\n|-boost|p1a: Florges|spd|1\n|\n|-heal|p1a: Florges|134/271|[from] item: Leftovers\n|upkeep\n|turn|21\n|inactive|Time left: 300 sec this turn | 300 sec total\n|\n|t:|1783564807\n|move|p2a: Lugia|Aeroblast|p1a: Florges\n|-damage|p1a: Florges|74/271\n|move|p1a: Florges|Calm Mind|p1a: Florges\n|-boost|p1a: Florges|spa|1\n|-boost|p1a: Florges|spd|1\n|\n|-heal|p1a: Florges|90/271|[from] item: Leftovers\n|upkeep\n|turn|22\n|inactive|Time left: 300 sec this turn | 300 sec total\n|\n|t:|1783564808\n|move|p2a: Lugia|Psychic Noise|p1a: Florges\n|-damage|p1a: Florges|53/271\n|-start|p1a: Florges|move: Heal Block\n|move|p1a: Florges|Calm Mind|p1a: Florges\n|-boost|p1a: Florges|spa|1\n|-boost|p1a: Florges|spd|1\n|\n|upkeep\n|turn|23\n|inactive|Time left: 300 sec this turn | 300 sec total\n|\n|t:|1783564809\n|move|p2a: Lugia|Aeroblast|p1a: Florges\n|-crit|p1a: Florges\n|-damage|p1a: Florges|0 fnt\n|faint|p1a: Florges\n|\n|upkeep\n|inactive|Time left: 300 sec this turn | 300 sec total | 5 sec grace\n|\n|t:|1783564810\n|switch|p1a: Chandelure|Chandelure, L83, F|94/235\n|turn|24\n|inactive|Time left: 300 sec this turn | 300 sec total\n|\n|t:|1783564811\n|move|p1a: Chandelure|Fire Blast|p2a: Lugia\n|-supereffective|p2a: Lugia\n|-damage|p2a: Lugia|12/100\n|move|p2a: Lugia|Psychic Noise|p1a: Chandelure\n|-damage|p1a: Chandelure|0 fnt\n|faint|p1a: Chandelure\n|\n|upkeep\n|inactive|Time left: 300 sec this turn | 300 sec total | 5 sec grace\n|\n|t:|1783564812\n|switch|p1a: Shaymin|Shaymin, L82|298/298\n|turn|25\n|inactive|Time left: 300 sec this turn | 300 sec total\n|\n|t:|1783564813\n|move|p1a: Shaymin|Earth Power|p2a: Lugia\n|-supereffective|p2a: Lugia\n|-damage|p2a: Lugia|0 fnt\n|faint|p2a: Lugia\n|\n|upkeep\n|\n|t:|1783564814\n|switch|p2a: Hitmonchan|Hitmonchan, L87, M|100/100\n|turn|26\n|inactive|Time left: 300 sec this turn | 300 sec total\n|\n|t:|1783564815\n|move|p1a: Shaymin|Seed Flare|p2a: Hitmonchan\n|-damage|p2a: Hitmonchan|59/100\n|move|p2a: Hitmonchan|Drain Punch|p1a: Shaymin\n|-damage|p1a: Shaymin|193/298\n|-heal|p2a: Hitmonchan|83/100|[from] drain|[of] p1a: Shaymin\n|\n|-heal|p1a: Shaymin|211/298|[from] item: Leftovers\n|-heal|p2a: Hitmonchan|89/100|[from] item: Leftovers\n|upkeep\n|turn|27\n|inactive|Time left: 300 sec this turn | 300 sec total\n|\n|t:|1783564816\n|move|p1a: Shaymin|Seed Flare|p2a: Hitmonchan\n|-damage|p2a: Hitmonchan|41/100\n|-unboost|p2a: Hitmonchan|spd|2\n|move|p2a: Hitmonchan|Drain Punch|p1a: Shaymin\n|-damage|p1a: Shaymin|118/298\n|-heal|p2a: Hitmonchan|62/100|[from] drain|[of] p1a: Shaymin\n|\n|-heal|p1a: Shaymin|136/298|[from] item: Leftovers\n|-heal|p2a: Hitmonchan|68/100|[from] item: Leftovers\n|upkeep\n|turn|28\n|inactive|Time left: 300 sec this turn | 300 sec total\n|\n|t:|1783564817\n|switch|p2a: Slowking|Slowking, L88, F|100/100\n|move|p1a: Shaymin|Seed Flare|p2a: Slowking\n|-supereffective|p2a: Slowking\n|-damage|p2a: Slowking|33/100\n|-unboost|p2a: Slowking|spd|2\n|\n|-heal|p1a: Shaymin|154/298|[from] item: Leftovers\n|upkeep\n|turn|29\n|inactive|Time left: 300 sec this turn | 300 sec total\n|\n|t:|1783564818\n|switch|p2a: Meowscarada|Meowscarada, L78, M|100/100\n|move|p1a: Shaymin|Seed Flare|p2a: Meowscarada\n|-resisted|p2a: Meowscarada\n|-damage|p2a: Meowscarada|68/100\n|\n|-heal|p1a: Shaymin|172/298|[from] item: Leftovers\n|upkeep\n|turn|30\n|inactive|Time left: 300 sec this turn | 300 sec total\n|\n|t:|1783564819\n|-terastallize|p1a: Shaymin|Steel\n|move|p2a: Meowscarada|Knock Off|p1a: Shaymin\n|-start|p2a: Meowscarada|typechange|Dark|[from] ability: Protean\n|-damage|p1a: Shaymin|79/298\n|-enditem|p1a: Shaymin|Leftovers|[from] move: Knock Off|[of] p2a: Meowscarada\n|move|p1a: Shaymin|Seed Flare|p2a: Meowscarada\n|-crit|p2a: Meowscarada\n|-damage|p2a: Meowscarada|0 fnt\n|faint|p2a: Meowscarada\n|\n|upkeep\n|\n|t:|1783564820\n|switch|p2a: Hitmonchan|Hitmonchan, L87, M|68/100\n|turn|31\n|inactive|Time left: 300 sec this turn | 300 sec total\n|\n|t:|1783564821\n|move|p1a: Shaymin|Air Slash|p2a: Hitmonchan\n|-supereffective|p2a: Hitmonchan\n|-damage|p2a: Hitmonchan|28/100\n|move|p2a: Hitmonchan|Drain Punch|p1a: Shaymin\n|-supereffective|p1a: Shaymin\n|-damage|p1a: Shaymin|0 fnt\n|-heal|p2a: Hitmonchan|46/100|[from] drain|[of] p1a: Shaymin\n|faint|p1a: Shaymin\n|\n|-heal|p2a: Hitmonchan|52/100|[from] item: Leftovers\n|upkeep\n|inactive|Time left: 300 sec this turn | 300 sec total | 5 sec grace\n|\n|t:|1783564822\n|switch|p1a: Alomomola|Alomomola, L87, F|429/429\n|turn|32\n|inactive|Time left: 300 sec this turn | 300 sec total\n|\n|t:|1783564823\n|move|p2a: Hitmonchan|Bulk Up|p2a: Hitmonchan\n|-boost|p2a: Hitmonchan|atk|1\n|-boost|p2a: Hitmonchan|def|1\n|move|p1a: Alomomola|Scald|p2a: Hitmonchan\n|-damage|p2a: Hitmonchan|34/100\n|\n|-heal|p2a: Hitmonchan|40/100|[from] item: Leftovers\n|upkeep\n|turn|33\n|inactive|Time left: 300 sec this turn | 300 sec total\n|\n|t:|1783564824\n|move|p2a: Hitmonchan|Drain Punch|p1a: Alomomola\n|-damage|p1a: Alomomola|248/429\n|-heal|p2a: Hitmonchan|80/100|[from] drain|[of] p1a: Alomomola\n|move|p1a: Alomomola|Scald|p2a: Hitmonchan\n|-damage|p2a: Hitmonchan|61/100\n|\n|-heal|p2a: Hitmonchan|67/100|[from] item: Leftovers\n|upkeep\n|turn|34\n|inactive|Time left: 300 sec this turn | 300 sec total\n|\n|t:|1783564825\n|move|p2a: Hitmonchan|Drain Punch|p1a: Alomomola\n|-damage|p1a: Alomomola|88/429\n|-heal|p2a: Hitmonchan|100/100|[from] drain|[of] p1a: Alomomola\n|move|p1a: Alomomola|Wish|p1a: Alomomola\n|\n|upkeep\n|turn|35\n|inactive|Time left: 300 sec this turn | 300 sec total\n|\n|t:|1783564827\n|move|p1a: Alomomola|Protect|p1a: Alomomola\n|-singleturn|p1a: Alomomola|Protect\n|move|p2a: Hitmonchan|Bulk Up|p2a: Hitmonchan\n|-boost|p2a: Hitmonchan|atk|1\n|-boost|p2a: Hitmonchan|def|1\n|\n|-heal|p1a: Alomomola|302/429|[from] move: Wish|[wisher] Alomomola\n|upkeep\n|turn|36\n|inactive|Time left: 300 sec this turn | 300 sec total\n|\n|t:|1783564828\n|move|p2a: Hitmonchan|Drain Punch|p1a: Alomomola\n|-damage|p1a: Alomomola|88/429\n|move|p1a: Alomomola|Wish|p1a: Alomomola\n|\n|upkeep\n|turn|37\n|inactive|Time left: 300 sec this turn | 300 sec total\n|\n|t:|1783564829\n|move|p1a: Alomomola|Protect|p1a: Alomomola\n|-singleturn|p1a: Alomomola|Protect\n|move|p2a: Hitmonchan|Bulk Up|p2a: Hitmonchan\n|-boost|p2a: Hitmonchan|atk|1\n|-boost|p2a: Hitmonchan|def|1\n|\n|-heal|p1a: Alomomola|302/429|[from] move: Wish|[wisher] Alomomola\n|upkeep\n|turn|38\n|inactive|Time left: 300 sec this turn | 300 sec total\n|\n|t:|1783564830\n|move|p2a: Hitmonchan|Drain Punch|p1a: Alomomola\n|-damage|p1a: Alomomola|41/429\n|move|p1a: Alomomola|Wish|p1a: Alomomola\n|\n|upkeep\n|turn|39\n|inactive|Time left: 300 sec this turn | 300 sec total\n|\n|t:|1783564831\n|move|p1a: Alomomola|Protect|p1a: Alomomola\n|-singleturn|p1a: Alomomola|Protect\n|move|p2a: Hitmonchan|Knock Off|p1a: Alomomola\n|-activate|p1a: Alomomola|move: Protect\n|\n|-heal|p1a: Alomomola|255/429|[from] move: Wish|[wisher] Alomomola\n|upkeep\n|turn|40\n|inactive|Time left: 300 sec this turn | 300 sec total\n|\n|t:|1783564832\n|move|p1a: Alomomola|Protect||[still]\n|-fail|p1a: Alomomola\n|move|p2a: Hitmonchan|Drain Punch|p1a: Alomomola\n|-damage|p1a: Alomomola|0 fnt\n|faint|p1a: Alomomola\n|\n|win|p0y22209012", "uploadtime": 1783564832, "views": 0, "rating": 0, "private": 0, "password": null, "_winner": "p0y22209012", "_our_name": "p0x222099bf"}