{"id": "battle-gen9randombattle-1683", "formatid": "gen9randombattle", "format": "[Gen 9] Random Battle", "players": ["p0x16832fc2", "p0y1683b80d"], "log": "|init|battle\n|title|p0x16832fc2 vs. p0y1683b80d\n|j|\u2606p0x16832fc2\n|j|\u2606p0y1683b80d\n|t:|1783559511\n|gametype|singles\n|player|p1|p0x16832fc2|1|\n|player|p2|p0y1683b80d|266|\n|gen|9\n|tier|[Gen 9] Random Battle\n|rule|Species Clause: Limit one of each Pok\u00e9mon\n|rule|HP Percentage Mod: HP is shown in percentages\n|rule|Sleep Clause Mod: Limit one foe put to sleep\n|rule|Illusion Level Mod: Illusion disguises the Pok\u00e9mon's true level\n|\n|t:|1783559511\n|teamsize|p1|6\n|teamsize|p2|6\n|start\n|switch|p1a: Volcarona|Volcarona, L77, F|257/257\n|switch|p2a: Regieleki|Regieleki, L79|100/100\n|turn|1\n|inactive|Battle timer is ON: inactive players will automatically lose when time's up. (requested by p0y1683b80d)\n|inactive|Time left: 300 sec this turn | 300 sec total | 60 sec grace\n|inactive|p0x16832fc2 also wants the timer to be on.\n|\n|t:|1783559512\n|move|p2a: Regieleki|Thunderbolt|p1a: Volcarona\n|-damage|p1a: Volcarona|121/257\n|move|p1a: Volcarona|Fiery Dance|p2a: Regieleki\n|-damage|p2a: Regieleki|42/100\n|-boost|p1a: Volcarona|spa|1\n|\n|upkeep\n|turn|2\n|inactive|Time left: 300 sec this turn | 300 sec total\n|\n|t:|1783559513\n|-terastallize|p1a: Volcarona|Grass\n|move|p2a: Regieleki|Thunderbolt|p1a: Volcarona\n|-resisted|p1a: Volcarona\n|-damage|p1a: Volcarona|60/257\n|move|p1a: Volcarona|Fiery Dance|p2a: Regieleki\n|-damage|p2a: Regieleki|0 fnt\n|-boost|p1a: Volcarona|spa|1\n|faint|p2a: Regieleki\n|\n|upkeep\n|\n|t:|1783559514\n|switch|p2a: Lilligant|Lilligant, L86, F|100/100\n|turn|3\n|inactive|Time left: 300 sec this turn | 300 sec total\n|\n|t:|1783559515\n|move|p2a: Lilligant|Petal Dance|p1a: Volcarona\n|-resisted|p1a: Volcarona\n|-damage|p1a: Volcarona|0 fnt\n|faint|p1a: Volcarona\n|-damage|p2a: Lilligant|91/100|[from] item: Life Orb\n|\n|upkeep\n|inactive|Time left: 300 sec this turn | 300 sec total | 5 sec grace\n|\n|t:|1783559516\n|switch|p1a: Latios|Latios, L78, M|253/253\n|turn|4\n|inactive|Time left: 300 sec this turn | 300 sec total\n|\n|t:|1783559517\n|move|p1a: Latios|Calm Mind|p1a: Latios\n|-boost|p1a: Latios|spa|1\n|-boost|p1a: Latios|spd|1\n|move|p2a: Lilligant|Petal Dance|p1a: Latios|[from] lockedmove\n|-resisted|p1a: Latios\n|-damage|p1a: Latios|195/253\n|-damage|p2a: Lilligant|81/100|[from] item: Life Orb\n|\n|upkeep\n|turn|5\n|inactive|Time left: 300 sec this turn | 300 sec total\n|\n|t:|1783559518\n|move|p1a: Latios|Psyshock|p2a: Lilligant\n|-damage|p2a: Lilligant|14/100\n|move|p2a: Lilligant|Petal Dance|p1a: Latios|[from] lockedmove\n|-resisted|p1a: Latios\n|-damage|p1a: Latios|133/253\n|-damage|p2a: Lilligant|4/100|[from] item: Life Orb\n|\n|upkeep\n|turn|6\n|inactive|Time left: 300 sec this turn | 300 sec total\n|\n|t:|1783559519\n|move|p1a: Latios|Recover|p1a: Latios\n|-heal|p1a: Latios|253/253\n|move|p2a: Lilligant|Quiver Dance|p2a: Lilligant\n|-boost|p2a: Lilligant|spa|1\n|-boost|p2a: Lilligant|spd|1\n|-boost|p2a: Lilligant|spe|1\n|\n|upkeep\n|turn|7\n|inactive|Time left: 300 sec this turn | 300 sec total\n|\n|t:|1783559520\n|move|p2a: Lilligant|Sleep Powder|p1a: Latios\n|-status|p1a: Latios|slp|[from] move: Sleep Powder\n|cant|p1a: Latios|slp\n|\n|upkeep\n|turn|8\n|inactive|Time left: 300 sec this turn | 300 sec total\n|\n|t:|1783559521\n|move|p2a: Lilligant|Alluring Voice|p1a: Latios\n|-supereffective|p1a: Latios\n|-damage|p1a: Latios|89/253 slp\n|-damage|p2a: Lilligant|0 fnt|[from] item: Life Orb\n|faint|p2a: Lilligant\n|-curestatus|p1a: Latios|slp|[msg]\n|move|p1a: Latios|Psyshock|p2: Lilligant|[notarget]\n|-fail|p1a: Latios\n|\n|upkeep\n|\n|t:|1783559522\n|switch|p2a: Hawlucha|Hawlucha, L80, F|100/100\n|turn|9\n|inactive|Time left: 300 sec this turn | 300 sec total\n|\n|t:|1783559524\n|move|p2a: Hawlucha|Throat Chop|p1a: Latios\n|-supereffective|p1a: Latios\n|-damage|p1a: Latios|0 fnt\n|faint|p1a: Latios\n|\n|upkeep\n|inactive|Time left: 300 sec this turn | 300 sec total | 5 sec grace\n|\n|t:|1783559525\n|switch|p1a: Granbull|Granbull, L88, F|302/302\n|-ability|p1a: Granbull|Intimidate|boost\n|-unboost|p2a: Hawlucha|atk|1\n|-enditem|p2a: Hawlucha|White Herb\n|-clearnegativeboost|p2a: Hawlucha|[silent]\n|turn|10\n|inactive|Time left: 300 sec this turn | 300 sec total\n|\n|t:|1783559526\n|-terastallize|p2a: Hawlucha|Flying\n|move|p2a: Hawlucha|Swords Dance|p2a: Hawlucha\n|-boost|p2a: Hawlucha|atk|2\n|move|p1a: Granbull|Play Rough|p2a: Hawlucha|[miss]\n|-miss|p1a: Granbull|p2a: Hawlucha\n|\n|upkeep\n|turn|11\n|inactive|Time left: 300 sec this turn | 300 sec total\n|\n|t:|1783559527\n|switch|p1a: Overqwil|Overqwil, L82, F|274/274\n|-ability|p1a: Overqwil|Intimidate|boost\n|-unboost|p2a: Hawlucha|atk|1\n|move|p2a: Hawlucha|Acrobatics|p1a: Overqwil\n|-damage|p1a: Overqwil|64/274\n|\n|upkeep\n|turn|12\n|inactive|Time left: 300 sec this turn | 300 sec total\n|\n|t:|1783559528\n|move|p2a: Hawlucha|Acrobatics|p1a: Overqwil\n|-damage|p1a: Overqwil|0 fnt\n|faint|p1a: Overqwil\n|\n|upkeep\n|inactive|Time left: 300 sec this turn | 300 sec total | 5 sec grace\n|\n|t:|1783559529\n|switch|p1a: Granbull|Granbull, L88, F|302/302\n|-ability|p1a: Granbull|Intimidate|boost\n|-unboost|p2a: Hawlucha|atk|1\n|turn|13\n|inactive|Time left: 300 sec this turn | 300 sec total\n|\n|t:|1783559530\n|move|p2a: Hawlucha|Acrobatics|p1a: Granbull\n|-damage|p1a: Granbull|156/302\n|move|p1a: Granbull|Play Rough|p2a: Hawlucha\n|-damage|p2a: Hawlucha|38/100\n|\n|-heal|p1a: Granbull|174/302|[from] item: Leftovers\n|upkeep\n|turn|14\n|inactive|Time left: 300 sec this turn | 300 sec total\n|\n|t:|1783559531\n|move|p2a: Hawlucha|Acrobatics|p1a: Granbull\n|-damage|p1a: Granbull|36/302\n|move|p1a: Granbull|Play Rough|p2a: Hawlucha\n|-damage|p2a: Hawlucha|0 fnt\n|faint|p2a: Hawlucha\n|\n|-heal|p1a: Granbull|54/302|[from] item: Leftovers\n|upkeep\n|\n|t:|1783559532\n|switch|p2a: Haxorus|Haxorus, L77, M|100/100\n|-ability|p2a: Haxorus|Mold Breaker\n|turn|15\n|inactive|Time left: 300 sec this turn | 300 sec total\n|\n|t:|1783559533\n|move|p2a: Haxorus|Earthquake|p1a: Granbull\n|-damage|p1a: Granbull|0 fnt\n|faint|p1a: Granbull\n|\n|upkeep\n|inactive|Time left: 300 sec this turn | 300 sec total | 5 sec grace\n|\n|t:|1783559534\n|switch|p1a: Gallade|Gallade, L80, M|240/240\n|turn|16\n|inactive|Time left: 300 sec this turn | 300 sec total\n|\n|t:|1783559535\n|move|p2a: Haxorus|Outrage|p1a: Gallade\n|-damage|p1a: Gallade|41/240\n|move|p1a: Gallade|Sacred Sword|p2a: Haxorus\n|-damage|p2a: Haxorus|0 fnt\n|faint|p2a: Haxorus\n|\n|upkeep\n|\n|t:|1783559536\n|switch|p2a: Lapras|Lapras, L87, M|100/100\n|turn|17\n|inactive|Time left: 300 sec this turn | 300 sec total\n|\n|t:|1783559537\n|switch|p2a: Registeel|Registeel, L81|100/100\n|move|p1a: Gallade|Sacred Sword|p2a: Registeel\n|-supereffective|p2a: Registeel\n|-damage|p2a: Registeel|0 fnt\n|faint|p2a: Registeel\n|\n|upkeep\n|\n|t:|1783559537\n|switch|p2a: Lapras|Lapras, L87, M|100/100\n|turn|18\n|inactive|Time left: 300 sec this turn | 300 sec total\n|\n|t:|1783559538\n|move|p1a: Gallade|Sacred Sword|p2a: Lapras\n|-supereffective|p2a: Lapras\n|-damage|p2a: Lapras|0 fnt\n|faint|p2a: Lapras\n|\n|win|p0x16832fc2", "uploadtime": 1783559538, "views": 0, "rating": 0, "private": 0, "password": null, "_winner": "p0x16832fc2", "_our_name": "p0x16832fc2"}