{"id": "battle-gen9randombattle-1712", "formatid": "gen9randombattle", "format": "[Gen 9] Random Battle", "players": ["p0x1712cd0a", "p0y17129a44"], "log": "|init|battle\n|title|p0x1712cd0a vs. p0y17129a44\n|j|\u2606p0x1712cd0a\n|j|\u2606p0y17129a44\n|t:|1783559829\n|gametype|singles\n|player|p1|p0x1712cd0a|101|\n|player|p2|p0y17129a44|101|\n|gen|9\n|tier|[Gen 9] Random Battle\n|rule|Species Clause: Limit one of each Pok\u00e9mon\n|rule|HP Percentage Mod: HP is shown in percentages\n|rule|Sleep Clause Mod: Limit one foe put to sleep\n|rule|Illusion Level Mod: Illusion disguises the Pok\u00e9mon's true level\n|\n|t:|1783559829\n|teamsize|p1|6\n|teamsize|p2|6\n|start\n|switch|p1a: Entei|Entei, L78|307/307\n|switch|p2a: Magnezone|Magnezone, L85|100/100\n|turn|1\n|inactive|Battle timer is ON: inactive players will automatically lose when time's up. (requested by p0x1712cd0a)\n|\n|t:|1783559830\n|switch|p2a: Stonjourner|Stonjourner, L91, F|100/100\n|move|p1a: Entei|Sacred Fire|p2a: Stonjourner\n|-resisted|p2a: Stonjourner\n|-damage|p2a: Stonjourner|86/100\n|\n|upkeep\n|turn|2\n|inactive|Time left: 300 sec this turn | 300 sec total\n|inactive|p0y17129a44 also wants the timer to be on.\n|\n|t:|1783559831\n|move|p1a: Entei|Sacred Fire|p2a: Stonjourner\n|-resisted|p2a: Stonjourner\n|-damage|p2a: Stonjourner|70/100\n|-status|p2a: Stonjourner|brn\n|move|p2a: Stonjourner|Stone Edge|p1a: Entei\n|-supereffective|p1a: Entei\n|-damage|p1a: Entei|99/307\n|-damage|p2a: Stonjourner|60/100 brn|[from] item: Life Orb\n|\n|-damage|p2a: Stonjourner|54/100 brn|[from] brn\n|upkeep\n|turn|3\n|inactive|Time left: 300 sec this turn | 300 sec total\n|\n|t:|1783559832\n|switch|p1a: Golurk|Golurk, L87|297/297\n|move|p2a: Stonjourner|Stealth Rock|p1a: Golurk\n|-sidestart|p1: p0x1712cd0a|move: Stealth Rock\n|\n|-damage|p2a: Stonjourner|48/100 brn|[from] brn\n|upkeep\n|turn|4\n|inactive|Time left: 300 sec this turn | 300 sec total\n|\n|t:|1783559833\n|move|p2a: Stonjourner|Earthquake|p1a: Golurk\n|-damage|p1a: Golurk|233/297\n|-damage|p2a: Stonjourner|38/100 brn|[from] item: Life Orb\n|move|p1a: Golurk|Stealth Rock|p2a: Stonjourner\n|-sidestart|p2: p0y17129a44|move: Stealth Rock\n|\n|-damage|p2a: Stonjourner|32/100 brn|[from] brn\n|upkeep\n|turn|5\n|inactive|Time left: 300 sec this turn | 300 sec total\n|\n|t:|1783559834\n|switch|p1a: Orthworm|Orthworm, L88, M|266/266\n|-damage|p1a: Orthworm|250/266|[from] Stealth Rock\n|move|p2a: Stonjourner|Earthquake|p1a: Orthworm\n|-heal|p1a: Orthworm|266/266|[from] ability: Earth Eater|[of] p2a: Stonjourner\n|\n|-damage|p2a: Stonjourner|26/100 brn|[from] brn\n|upkeep\n|turn|6\n|inactive|Time left: 300 sec this turn | 300 sec total\n|\n|t:|1783559835\n|switch|p2a: Leavanny|Leavanny, L86, F|100/100\n|move|p1a: Orthworm|Coil|p1a: Orthworm\n|-boost|p1a: Orthworm|atk|1\n|-boost|p1a: Orthworm|def|1\n|-boost|p1a: Orthworm|accuracy|1\n|\n|upkeep\n|turn|7\n|inactive|Time left: 300 sec this turn | 300 sec total\n|\n|t:|1783559836\n|move|p2a: Leavanny|Sticky Web|p1a: Orthworm\n|-sidestart|p1: p0x1712cd0a|move: Sticky Web\n|move|p1a: Orthworm|Coil|p1a: Orthworm\n|-boost|p1a: Orthworm|atk|1\n|-boost|p1a: Orthworm|def|1\n|-boost|p1a: Orthworm|accuracy|1\n|\n|upkeep\n|turn|8\n|inactive|Time left: 300 sec this turn | 300 sec total\n|\n|t:|1783559836\n|move|p2a: Leavanny|Lunge|p1a: Orthworm\n|-resisted|p1a: Orthworm\n|-damage|p1a: Orthworm|251/266\n|-unboost|p1a: Orthworm|atk|1\n|move|p1a: Orthworm|Body Press|p2a: Leavanny\n|-resisted|p2a: Leavanny\n|-damage|p2a: Leavanny|70/100\n|\n|upkeep\n|turn|9\n|inactive|Time left: 300 sec this turn | 300 sec total\n|\n|t:|1783559837\n|move|p2a: Leavanny|Lunge|p1a: Orthworm\n|-resisted|p1a: Orthworm\n|-damage|p1a: Orthworm|236/266\n|-unboost|p1a: Orthworm|atk|1\n|move|p1a: Orthworm|Coil|p1a: Orthworm\n|-boost|p1a: Orthworm|atk|1\n|-boost|p1a: Orthworm|def|1\n|-boost|p1a: Orthworm|accuracy|1\n|\n|upkeep\n|turn|10\n|inactive|Time left: 300 sec this turn | 300 sec total\n|\n|t:|1783559838\n|move|p2a: Leavanny|Lunge|p1a: Orthworm\n|-resisted|p1a: Orthworm\n|-damage|p1a: Orthworm|224/266\n|-unboost|p1a: Orthworm|atk|1\n|move|p1a: Orthworm|Body Press|p2a: Leavanny\n|-resisted|p2a: Leavanny\n|-damage|p2a: Leavanny|31/100\n|\n|upkeep\n|turn|11\n|inactive|Time left: 300 sec this turn | 300 sec total\n|\n|t:|1783559840\n|move|p2a: Leavanny|Lunge|p1a: Orthworm\n|-resisted|p1a: Orthworm\n|-damage|p1a: Orthworm|211/266\n|-unboost|p1a: Orthworm|atk|1\n|move|p1a: Orthworm|Body Press|p2a: Leavanny\n|-resisted|p2a: Leavanny\n|-damage|p2a: Leavanny|0 fnt\n|faint|p2a: Leavanny\n|\n|upkeep\n|\n|t:|1783559841\n|switch|p2a: Groudon|Groudon, L72|100/100\n|-damage|p2a: Groudon|94/100|[from] Stealth Rock\n|-weather|SunnyDay|[from] ability: Drought|[of] p2a: Groudon\n|turn|12\n|inactive|Time left: 300 sec this turn | 300 sec total\n|\n|t:|1783559842\n|move|p2a: Groudon|Swords Dance|p2a: Groudon\n|-boost|p2a: Groudon|atk|2\n|move|p1a: Orthworm|Body Press|p2a: Groudon\n|-damage|p2a: Groudon|32/100\n|\n|-weather|SunnyDay|[upkeep]\n|-heal|p2a: Groudon|39/100|[from] item: Leftovers\n|upkeep\n|turn|13\n|inactive|Time left: 300 sec this turn | 300 sec total\n|\n|t:|1783559843\n|move|p2a: Groudon|Heat Crash|p1a: Orthworm\n|-supereffective|p1a: Orthworm\n|-damage|p1a: Orthworm|119/266\n|move|p1a: Orthworm|Body Press|p2a: Groudon\n|-damage|p2a: Groudon|0 fnt\n|faint|p2a: Groudon\n|\n|-weather|SunnyDay|[upkeep]\n|upkeep\n|\n|t:|1783559844\n|switch|p2a: Flareon|Flareon, L90, M|100/100\n|-damage|p2a: Flareon|76/100|[from] Stealth Rock\n|turn|14\n|inactive|Time left: 300 sec this turn | 300 sec total\n|\n|t:|1783559845\n|-terastallize|p1a: Orthworm|Fighting\n|move|p2a: Flareon|Flare Blitz|p1a: Orthworm\n|-damage|p1a: Orthworm|40/266\n|-damage|p2a: Flareon|66/100|[from] Recoil\n|move|p1a: Orthworm|Body Press|p2a: Flareon\n|-damage|p2a: Flareon|0 fnt\n|faint|p2a: Flareon\n|\n|-weather|SunnyDay|[upkeep]\n|upkeep\n|\n|t:|1783559846\n|switch|p2a: Gallade|Gallade, L80, M|100/100\n|-damage|p2a: Gallade|94/100|[from] Stealth Rock\n|turn|15\n|inactive|Time left: 300 sec this turn | 300 sec total\n|\n|t:|1783559847\n|move|p2a: Gallade|Psycho Cut|p1a: Orthworm\n|-supereffective|p1a: Orthworm\n|-damage|p1a: Orthworm|0 fnt\n|faint|p1a: Orthworm\n|-damage|p2a: Gallade|84/100|[from] item: Life Orb\n|\n|-weather|SunnyDay|[upkeep]\n|upkeep\n|inactive|Time left: 300 sec this turn | 300 sec total | 5 sec grace\n|\n|t:|1783559848\n|switch|p1a: Staraptor|Staraptor, L79, M|263/263\n|-damage|p1a: Staraptor|198/263|[from] Stealth Rock\n|turn|16\n|inactive|Time left: 300 sec this turn | 300 sec total\n|\n|t:|1783559849\n|switch|p2a: Stonjourner|Stonjourner, L91, F|26/100 brn\n|-damage|p2a: Stonjourner|14/100 brn|[from] Stealth Rock\n|move|p1a: Staraptor|Brave Bird|p2a: Stonjourner\n|-resisted|p2a: Stonjourner\n|-damage|p2a: Stonjourner|0 fnt\n|faint|p2a: Stonjourner\n|-damage|p1a: Staraptor|184/263|[from] Recoil\n|\n|-weather|none\n|upkeep\n|\n|t:|1783559849\n|switch|p2a: Magnezone|Magnezone, L85|100/100\n|-damage|p2a: Magnezone|94/100|[from] Stealth Rock\n|turn|17\n|inactive|Time left: 300 sec this turn | 300 sec total\n|\n|t:|1783559850\n|switch|p1a: Entei|Entei, L78|99/307\n|-damage|p1a: Entei|23/307|[from] Stealth Rock\n|-activate|p1a: Entei|move: Sticky Web\n|-unboost|p1a: Entei|spe|1\n|move|p2a: Magnezone|Flash Cannon|p1a: Entei\n|-resisted|p1a: Entei\n|-damage|p1a: Entei|0 fnt\n|faint|p1a: Entei\n|\n|upkeep\n|inactive|Time left: 300 sec this turn | 300 sec total | 5 sec grace\n|\n|t:|1783559851\n|switch|p1a: Golurk|Golurk, L87|233/297\n|-damage|p1a: Golurk|215/297|[from] Stealth Rock\n|-activate|p1a: Golurk|move: Sticky Web\n|-unboost|p1a: Golurk|spe|1\n|turn|18\n|inactive|Time left: 300 sec this turn | 300 sec total\n|\n|t:|1783559852\n|-terastallize|p2a: Magnezone|Flying\n|move|p2a: Magnezone|Flash Cannon|p1a: Golurk\n|-damage|p1a: Golurk|100/297\n|move|p1a: Golurk|Earthquake|p2a: Magnezone\n|-immune|p2a: Magnezone\n|\n|upkeep\n|turn|19\n|inactive|Time left: 300 sec this turn | 300 sec total\n|\n|t:|1783559853\n|move|p2a: Magnezone|Flash Cannon|p1a: Golurk\n|-damage|p1a: Golurk|0 fnt\n|faint|p1a: Golurk\n|\n|upkeep\n|inactive|Time left: 300 sec this turn | 300 sec total | 5 sec grace\n|\n|t:|1783559854\n|switch|p1a: Brute Bonnet|Brute Bonnet, L80|309/309\n|-damage|p1a: Brute Bonnet|271/309|[from] Stealth Rock\n|-activate|p1a: Brute Bonnet|move: Sticky Web\n|-unboost|p1a: Brute Bonnet|spe|1\n|turn|20\n|inactive|Time left: 300 sec this turn | 300 sec total\n|\n|t:|1783559855\n|move|p2a: Magnezone|Body Press|p1a: Brute Bonnet\n|-supereffective|p1a: Brute Bonnet\n|-damage|p1a: Brute Bonnet|147/309\n|move|p1a: Brute Bonnet|Spore|p2a: Magnezone\n|-status|p2a: Magnezone|slp|[from] move: Spore\n|\n|-heal|p1a: Brute Bonnet|166/309|[from] item: Leftovers\n|upkeep\n|turn|21\n|inactive|Time left: 300 sec this turn | 300 sec total\n|\n|t:|1783559856\n|cant|p2a: Magnezone|slp\n|move|p1a: Brute Bonnet|Crunch|p2a: Magnezone\n|-damage|p2a: Magnezone|65/100 slp\n|\n|-heal|p1a: Brute Bonnet|185/309|[from] item: Leftovers\n|upkeep\n|turn|22\n|inactive|Time left: 300 sec this turn | 300 sec total\n|\n|t:|1783559857\n|cant|p2a: Magnezone|slp\n|move|p1a: Brute Bonnet|Crunch|p2a: Magnezone\n|-damage|p2a: Magnezone|37/100 slp\n|\n|-heal|p1a: Brute Bonnet|204/309|[from] item: Leftovers\n|upkeep\n|turn|23\n|inactive|Time left: 300 sec this turn | 300 sec total\n|\n|t:|1783559858\n|-curestatus|p2a: Magnezone|slp|[msg]\n|move|p2a: Magnezone|Body Press|p1a: Brute Bonnet\n|-supereffective|p1a: Brute Bonnet\n|-damage|p1a: Brute Bonnet|74/309\n|move|p1a: Brute Bonnet|Crunch|p2a: Magnezone\n|-damage|p2a: Magnezone|8/100\n|-unboost|p2a: Magnezone|def|1\n|\n|-heal|p1a: Brute Bonnet|93/309|[from] item: Leftovers\n|upkeep\n|turn|24\n|inactive|Time left: 300 sec this turn | 300 sec total\n|\n|t:|1783559859\n|move|p2a: Magnezone|Discharge|p1a: Brute Bonnet\n|-resisted|p1a: Brute Bonnet\n|-damage|p1a: Brute Bonnet|39/309\n|move|p1a: Brute Bonnet|Crunch|p2a: Magnezone\n|-damage|p2a: Magnezone|0 fnt\n|faint|p2a: Magnezone\n|\n|-heal|p1a: Brute Bonnet|58/309|[from] item: Leftovers\n|upkeep\n|\n|t:|1783559860\n|switch|p2a: Gallade|Gallade, L80, M|84/100\n|-damage|p2a: Gallade|78/100|[from] Stealth Rock\n|turn|25\n|inactive|Time left: 300 sec this turn | 300 sec total\n|\n|t:|1783559861\n|move|p2a: Gallade|Agility|p2a: Gallade\n|-boost|p2a: Gallade|spe|2\n|move|p1a: Brute Bonnet|Crunch|p2a: Gallade\n|-damage|p2a: Gallade|23/100\n|\n|-heal|p1a: Brute Bonnet|77/309|[from] item: Leftovers\n|upkeep\n|turn|26\n|inactive|Time left: 300 sec this turn | 300 sec total\n|\n|t:|1783559862\n|move|p2a: Gallade|Sacred Sword|p1a: Brute Bonnet\n|-supereffective|p1a: Brute Bonnet\n|-damage|p1a: Brute Bonnet|0 fnt\n|faint|p1a: Brute Bonnet\n|-end|p1a: Brute Bonnet|Protosynthesis|[silent]\n|-damage|p2a: Gallade|13/100|[from] item: Life Orb\n|\n|upkeep\n|inactive|Time left: 300 sec this turn | 300 sec total | 5 sec grace\n|\n|t:|1783559863\n|switch|p1a: Staraptor|Staraptor, L79, M|184/263\n|-damage|p1a: Staraptor|119/263|[from] Stealth Rock\n|turn|27\n|inactive|Time left: 300 sec this turn | 300 sec total\n|\n|t:|1783559864\n|move|p2a: Gallade|Agility|p2a: Gallade\n|-boost|p2a: Gallade|spe|2\n|move|p1a: Staraptor|Double-Edge|p2a: Gallade\n|-damage|p2a: Gallade|0 fnt\n|faint|p2a: Gallade\n|-damage|p1a: Staraptor|109/263|[from] Recoil\n|\n|win|p0x1712cd0a", "uploadtime": 1783559864, "views": 0, "rating": 0, "private": 0, "password": null, "_winner": "p0x1712cd0a", "_our_name": "p0x1712cd0a"}