{"id": "battle-gen9randombattle-229", "formatid": "gen9randombattle", "format": "[Gen 9] Random Battle", "players": ["p0x229ae35", "p0y229fb62"], "log": "|init|battle\n|title|p0x229ae35 vs. p0y229fb62\n|j|\u2606p0x229ae35\n|j|\u2606p0y229fb62\n|t:|1783535913\n|gametype|singles\n|player|p1|p0x229ae35|266|\n|player|p2|p0y229fb62|169|\n|gen|9\n|tier|[Gen 9] Random Battle\n|rule|Species Clause: Limit one of each Pok\u00e9mon\n|rule|HP Percentage Mod: HP is shown in percentages\n|rule|Sleep Clause Mod: Limit one foe put to sleep\n|rule|Illusion Level Mod: Illusion disguises the Pok\u00e9mon's true level\n|\n|t:|1783535913\n|teamsize|p1|6\n|teamsize|p2|6\n|start\n|switch|p1a: Furret|Furret, L94, F|100/100\n|switch|p2a: Kyogre|Kyogre, L71|259/259\n|-weather|RainDance|[from] ability: Drizzle|[of] p2a: Kyogre\n|-item|p2a: Kyogre|Choice Scarf|[from] ability: Frisk|[of] p1a: Furret\n|turn|1\n|inactive|Battle timer is ON: inactive players will automatically lose when time's up. (requested by p0y229fb62)\n|inactive|p0x229ae35 also wants the timer to be on.\n|\n|t:|1783535915\n|switch|p1a: Regidrago|Regidrago, L77|100/100\n|move|p2a: Kyogre|Water Spout|p1a: Regidrago\n|-resisted|p1a: Regidrago\n|-damage|p1a: Regidrago|53/100\n|\n|-weather|RainDance|[upkeep]\n|upkeep\n|turn|2\n|inactive|Time left: 300 sec this turn | 300 sec total\n|\n|t:|1783535916\n|-terastallize|p2a: Kyogre|Water\n|move|p2a: Kyogre|Water Spout|p1a: Regidrago\n|-resisted|p1a: Regidrago\n|-damage|p1a: Regidrago|0 fnt\n|faint|p1a: Regidrago\n|\n|-weather|RainDance|[upkeep]\n|upkeep\n|\n|t:|1783535917\n|switch|p1a: Gardevoir|Gardevoir, L83, M|100/100\n|-ability|p1a: Gardevoir|Drizzle|Trace|[from] ability: Trace|[of] p2a: Kyogre\n|turn|3\n|inactive|Time left: 300 sec this turn | 300 sec total\n|\n|t:|1783535918\n|move|p1a: Gardevoir|Moonblast|p2a: Kyogre\n|-damage|p2a: Kyogre|165/259\n|-unboost|p2a: Kyogre|spa|1\n|move|p2a: Kyogre|Water Spout|p1a: Gardevoir\n|-damage|p1a: Gardevoir|52/100\n|\n|-weather|RainDance|[upkeep]\n|upkeep\n|turn|4\n|inactive|Time left: 300 sec this turn | 300 sec total\n|\n|t:|1783535920\n|switch|p2a: Registeel|Registeel, L81|262/262\n|move|p1a: Gardevoir|Moonblast|p2a: Registeel\n|-resisted|p2a: Registeel\n|-damage|p2a: Registeel|221/262\n|\n|-weather|RainDance|[upkeep]\n|-heal|p2a: Registeel|237/262|[from] item: Leftovers\n|upkeep\n|turn|5\n|inactive|Time left: 300 sec this turn | 300 sec total\n|\n|t:|1783535921\n|switch|p1a: Galvantula|Galvantula, L82, M|100/100\n|move|p2a: Registeel|Stealth Rock|p1a: Galvantula\n|-sidestart|p1: p0x229ae35|move: Stealth Rock\n|\n|-weather|none\n|-heal|p2a: Registeel|253/262|[from] item: Leftovers\n|upkeep\n|turn|6\n|inactive|Time left: 300 sec this turn | 300 sec total\n|\n|t:|1783535922\n|switch|p2a: Abomasnow|Abomasnow, L84, F|287/287\n|-weather|Snowscape|[from] ability: Snow Warning|[of] p2a: Abomasnow\n|move|p1a: Galvantula|Sticky Web|p2a: Abomasnow\n|-sidestart|p2: p0y229fb62|move: Sticky Web\n|\n|-weather|Snowscape|[upkeep]\n|upkeep\n|turn|7\n|inactive|Time left: 300 sec this turn | 300 sec total\n|\n|t:|1783535924\n|move|p1a: Galvantula|Bug Buzz|p2a: Abomasnow\n|-supereffective|p2a: Abomasnow\n|-crit|p2a: Abomasnow\n|-damage|p2a: Abomasnow|21/287\n|move|p2a: Abomasnow|Aurora Veil|p2a: Abomasnow\n|-sidestart|p2: p0y229fb62|move: Aurora Veil\n|\n|-weather|Snowscape|[upkeep]\n|upkeep\n|turn|8\n|inactive|Time left: 300 sec this turn | 300 sec total\n|\n|t:|1783535925\n|move|p1a: Galvantula|Bug Buzz|p2a: Abomasnow\n|-supereffective|p2a: Abomasnow\n|-damage|p2a: Abomasnow|0 fnt\n|faint|p2a: Abomasnow\n|\n|-weather|Snowscape|[upkeep]\n|upkeep\n|inactive|Time left: 300 sec this turn | 300 sec total | 5 sec grace\n|\n|t:|1783535926\n|switch|p2a: Kyogre|Kyogre, L71, tera:Water|165/259\n|-activate|p2a: Kyogre|move: Sticky Web\n|-unboost|p2a: Kyogre|spe|1\n|-weather|RainDance|[from] ability: Drizzle|[of] p2a: Kyogre\n|turn|9\n|inactive|Time left: 300 sec this turn | 300 sec total\n|\n|t:|1783535927\n|move|p1a: Galvantula|Thunder|p2a: Kyogre\n|-supereffective|p2a: Kyogre\n|-damage|p2a: Kyogre|74/259\n|-status|p2a: Kyogre|par\n|move|p2a: Kyogre|Origin Pulse|p1a: Galvantula\n|-damage|p1a: Galvantula|0 fnt\n|faint|p1a: Galvantula\n|\n|-weather|RainDance|[upkeep]\n|upkeep\n|\n|t:|1783535928\n|switch|p1a: Noivern|Noivern, L82, M|100/100\n|turn|10\n|inactive|Time left: 300 sec this turn | 300 sec total\n|\n|t:|1783535929\n|move|p1a: Noivern|Hurricane|p2a: Kyogre\n|-damage|p2a: Kyogre|0 fnt\n|faint|p2a: Kyogre\n|\n|-weather|RainDance|[upkeep]\n|upkeep\n|inactive|Time left: 300 sec this turn | 300 sec total | 5 sec grace\n|\n|t:|1783535930\n|switch|p2a: Kyurem|Kyurem-Black, L71|295/295\n|-activate|p2a: Kyurem|move: Sticky Web\n|-unboost|p2a: Kyurem|spe|1\n|-ability|p2a: Kyurem|Teravolt\n|turn|11\n|inactive|Time left: 300 sec this turn | 300 sec total\n|\n|t:|1783535931\n|move|p1a: Noivern|Draco Meteor|p2a: Kyurem\n|-supereffective|p2a: Kyurem\n|-damage|p2a: Kyurem|0 fnt\n|-unboost|p1a: Noivern|spa|2\n|faint|p2a: Kyurem\n|\n|-weather|RainDance|[upkeep]\n|upkeep\n|inactive|Time left: 300 sec this turn | 300 sec total | 5 sec grace\n|\n|t:|1783535932\n|switch|p2a: Meganium|Meganium, L90, F|290/290\n|-activate|p2a: Meganium|move: Sticky Web\n|-unboost|p2a: Meganium|spe|1\n|turn|12\n|inactive|Time left: 300 sec this turn | 300 sec total\n|\n|t:|1783535933\n|switch|p1a: Magearna|Magearna-Original, L77|100/100\n|-damage|p1a: Magearna|94/100|[from] Stealth Rock\n|move|p2a: Meganium|Swords Dance|p2a: Meganium\n|-boost|p2a: Meganium|atk|2\n|\n|-weather|RainDance|[upkeep]\n|-heal|p1a: Magearna|100/100|[from] item: Leftovers\n|upkeep\n|turn|13\n|inactive|Time left: 300 sec this turn | 300 sec total\n|\n|t:|1783535934\n|move|p1a: Magearna|Thunder Wave|p2a: Meganium\n|-status|p2a: Meganium|par\n|cant|p2a: Meganium|par\n|\n|-weather|none\n|upkeep\n|turn|14\n|inactive|Time left: 300 sec this turn | 300 sec total\n|\n|t:|1783535936\n|switch|p1a: Noivern|Noivern, L82, M|100/100\n|move|p2a: Meganium|Earthquake|p1a: Noivern\n|-immune|p1a: Noivern\n|\n|-sideend|p2: p0y229fb62|move: Aurora Veil\n|upkeep\n|turn|15\n|inactive|Time left: 300 sec this turn | 300 sec total\n|\n|t:|1783535937\n|move|p1a: Noivern|Hurricane|p2a: Meganium|[miss]\n|-miss|p1a: Noivern|p2a: Meganium\n|cant|p2a: Meganium|par\n|\n|upkeep\n|turn|16\n|inactive|Time left: 300 sec this turn | 300 sec total\n|\n|t:|1783535938\n|move|p1a: Noivern|Hurricane|p2a: Meganium|[miss]\n|-miss|p1a: Noivern|p2a: Meganium\n|cant|p2a: Meganium|par\n|\n|upkeep\n|turn|17\n|inactive|Time left: 300 sec this turn | 300 sec total\n|\n|t:|1783535939\n|move|p1a: Noivern|Hurricane|p2a: Meganium\n|-supereffective|p2a: Meganium\n|-damage|p2a: Meganium|98/290 par\n|move|p2a: Meganium|Knock Off|p1a: Noivern\n|-damage|p1a: Noivern|44/100\n|-enditem|p1a: Noivern|Heavy-Duty Boots|[from] move: Knock Off|[of] p2a: Meganium\n|\n|-heal|p2a: Meganium|116/290 par|[from] item: Leftovers\n|upkeep\n|turn|18\n|inactive|Time left: 300 sec this turn | 300 sec total\n|\n|t:|1783535940\n|move|p1a: Noivern|Hurricane|p2a: Meganium\n|-supereffective|p2a: Meganium\n|-damage|p2a: Meganium|0 fnt\n|faint|p2a: Meganium\n|\n|upkeep\n|inactive|Time left: 300 sec this turn | 300 sec total | 5 sec grace\n|\n|t:|1783535941\n|switch|p2a: Comfey|Comfey, L85, M|225/225\n|-activate|p2a: Comfey|move: Sticky Web\n|-unboost|p2a: Comfey|spe|1\n|turn|19\n|inactive|Time left: 300 sec this turn | 300 sec total\n|\n|t:|1783535942\n|move|p1a: Noivern|Roost|p1a: Noivern\n|-heal|p1a: Noivern|94/100\n|-singleturn|p1a: Noivern|move: Roost\n|move|p2a: Comfey|Calm Mind|p2a: Comfey\n|-boost|p2a: Comfey|spa|1\n|-boost|p2a: Comfey|spd|1\n|\n|upkeep\n|turn|20\n|inactive|Time left: 300 sec this turn | 300 sec total\n|\n|t:|1783535943\n|move|p1a: Noivern|Hurricane|p2a: Comfey\n|-damage|p2a: Comfey|159/225\n|move|p2a: Comfey|Calm Mind|p2a: Comfey\n|-boost|p2a: Comfey|spa|1\n|-boost|p2a: Comfey|spd|1\n|\n|-heal|p2a: Comfey|173/225|[from] item: Leftovers\n|upkeep\n|turn|21\n|inactive|Time left: 300 sec this turn | 300 sec total\n|\n|t:|1783535944\n|move|p2a: Comfey|Draining Kiss|p1a: Noivern\n|-supereffective|p1a: Noivern\n|-damage|p1a: Noivern|21/100\n|-heal|p2a: Comfey|225/225|[from] drain|[of] p1a: Noivern\n|move|p1a: Noivern|Hurricane|p2a: Comfey\n|-damage|p2a: Comfey|183/225\n|\n|-heal|p2a: Comfey|197/225|[from] item: Leftovers\n|upkeep\n|turn|22\n|inactive|Time left: 300 sec this turn | 300 sec total\n|\n|t:|1783535945\n|move|p2a: Comfey|Draining Kiss|p1a: Noivern\n|-supereffective|p1a: Noivern\n|-damage|p1a: Noivern|0 fnt\n|-heal|p2a: Comfey|225/225|[from] drain|[of] p1a: Noivern\n|faint|p1a: Noivern\n|\n|upkeep\n|\n|t:|1783535946\n|switch|p1a: Magearna|Magearna-Original, L77|100/100\n|-damage|p1a: Magearna|94/100|[from] Stealth Rock\n|turn|23\n|inactive|Time left: 300 sec this turn | 300 sec total\n|\n|t:|1783535947\n|move|p2a: Comfey|Calm Mind|p2a: Comfey\n|-boost|p2a: Comfey|spa|1\n|-boost|p2a: Comfey|spd|1\n|move|p1a: Magearna|Thunder Wave|p2a: Comfey\n|-status|p2a: Comfey|par\n|\n|-heal|p1a: Magearna|100/100|[from] item: Leftovers\n|upkeep\n|turn|24\n|inactive|Time left: 300 sec this turn | 300 sec total\n|\n|t:|1783535948\n|move|p1a: Magearna|Flash Cannon|p2a: Comfey\n|-supereffective|p2a: Comfey\n|-damage|p2a: Comfey|169/225 par\n|cant|p2a: Comfey|par\n|\n|-heal|p2a: Comfey|183/225 par|[from] item: Leftovers\n|upkeep\n|turn|25\n|inactive|Time left: 300 sec this turn | 300 sec total\n|\n|t:|1783535949\n|move|p2a: Comfey|Draining Kiss|p1a: Magearna\n|-resisted|p1a: Magearna\n|-damage|p1a: Magearna|78/100\n|-heal|p2a: Comfey|225/225 par|[from] drain|[of] p1a: Magearna\n|move|p1a: Magearna|Flash Cannon|p2a: Comfey\n|-supereffective|p2a: Comfey\n|-damage|p2a: Comfey|159/225 par\n|\n|-heal|p1a: Magearna|84/100|[from] item: Leftovers\n|-heal|p2a: Comfey|173/225 par|[from] item: Leftovers\n|upkeep\n|turn|26\n|inactive|Time left: 300 sec this turn | 300 sec total\n|\n|t:|1783535951\n|move|p1a: Magearna|Flash Cannon|p2a: Comfey\n|-supereffective|p2a: Comfey\n|-damage|p2a: Comfey|113/225 par\n|move|p2a: Comfey|Stored Power|p1a: Magearna\n|-resisted|p1a: Magearna\n|-damage|p1a: Magearna|44/100\n|\n|-heal|p1a: Magearna|50/100|[from] item: Leftovers\n|-heal|p2a: Comfey|127/225 par|[from] item: Leftovers\n|upkeep\n|turn|27\n|inactive|Time left: 300 sec this turn | 300 sec total\n|\n|t:|1783535952\n|move|p2a: Comfey|Draining Kiss|p1a: Magearna\n|-resisted|p1a: Magearna\n|-damage|p1a: Magearna|31/100\n|-heal|p2a: Comfey|164/225 par|[from] drain|[of] p1a: Magearna\n|move|p1a: Magearna|Flash Cannon|p2a: Comfey\n|-supereffective|p2a: Comfey\n|-damage|p2a: Comfey|96/225 par\n|\n|-heal|p1a: Magearna|37/100|[from] item: Leftovers\n|-heal|p2a: Comfey|110/225 par|[from] item: Leftovers\n|upkeep\n|turn|28\n|inactive|Time left: 300 sec this turn | 300 sec total\n|\n|t:|1783535954\n|move|p1a: Magearna|Flash Cannon|p2a: Comfey\n|-supereffective|p2a: Comfey\n|-damage|p2a: Comfey|44/225 par\n|-unboost|p2a: Comfey|spd|1\n|cant|p2a: Comfey|par\n|\n|-heal|p1a: Magearna|43/100|[from] item: Leftovers\n|-heal|p2a: Comfey|58/225 par|[from] item: Leftovers\n|upkeep\n|turn|29\n|inactive|Time left: 300 sec this turn | 300 sec total\n|\n|t:|1783535955\n|move|p2a: Comfey|Draining Kiss|p1a: Magearna\n|-resisted|p1a: Magearna\n|-damage|p1a: Magearna|23/100\n|-heal|p2a: Comfey|95/225 par|[from] drain|[of] p1a: Magearna\n|move|p1a: Magearna|Flash Cannon|p2a: Comfey\n|-supereffective|p2a: Comfey\n|-damage|p2a: Comfey|23/225 par\n|\n|-heal|p1a: Magearna|29/100|[from] item: Leftovers\n|-heal|p2a: Comfey|37/225 par|[from] item: Leftovers\n|upkeep\n|turn|30\n|inactive|Time left: 300 sec this turn | 300 sec total\n|\n|t:|1783535956\n|move|p2a: Comfey|Draining Kiss|p1a: Magearna\n|-resisted|p1a: Magearna\n|-damage|p1a: Magearna|8/100\n|-heal|p2a: Comfey|77/225 par|[from] drain|[of] p1a: Magearna\n|move|p1a: Magearna|Flash Cannon|p2a: Comfey\n|-supereffective|p2a: Comfey\n|-damage|p2a: Comfey|3/225 par\n|\n|-heal|p1a: Magearna|14/100|[from] item: Leftovers\n|-heal|p2a: Comfey|17/225 par|[from] item: Leftovers\n|upkeep\n|turn|31\n|inactive|Time left: 300 sec this turn | 300 sec total\n|\n|t:|1783535958\n|move|p2a: Comfey|Draining Kiss|p1a: Magearna\n|-resisted|p1a: Magearna\n|-damage|p1a: Magearna|0 fnt\n|-heal|p2a: Comfey|43/225 par|[from] drain|[of] p1a: Magearna\n|faint|p1a: Magearna\n|\n|-heal|p2a: Comfey|57/225 par|[from] item: Leftovers\n|upkeep\n|\n|t:|1783535958\n|switch|p1a: Furret|Furret, L94, F|100/100\n|-damage|p1a: Furret|88/100|[from] Stealth Rock\n|-item|p2a: Comfey|Leftovers|[from] ability: Frisk|[of] p1a: Furret\n|turn|32\n|inactive|Time left: 300 sec this turn | 300 sec total\n|\n|t:|1783535959\n|move|p2a: Comfey|Draining Kiss|p1a: Furret\n|-damage|p1a: Furret|37/100\n|-heal|p2a: Comfey|177/225 par|[from] drain|[of] p1a: Furret\n|move|p1a: Furret|Double-Edge|p2a: Comfey\n|-damage|p2a: Comfey|24/225 par\n|-damage|p1a: Furret|21/100|[from] Recoil\n|-damage|p1a: Furret|11/100|[from] item: Life Orb\n|\n|-heal|p2a: Comfey|38/225 par|[from] item: Leftovers\n|upkeep\n|turn|33\n|inactive|Time left: 300 sec this turn | 300 sec total\n|\n|t:|1783535960\n|move|p2a: Comfey|Draining Kiss|p1a: Furret\n|-crit|p1a: Furret\n|-damage|p1a: Furret|0 fnt\n|-heal|p2a: Comfey|62/225 par|[from] drain|[of] p1a: Furret\n|faint|p1a: Furret\n|\n|-heal|p2a: Comfey|76/225 par|[from] item: Leftovers\n|upkeep\n|\n|t:|1783535961\n|switch|p1a: Gardevoir|Gardevoir, L83, M|52/100\n|-damage|p1a: Gardevoir|39/100|[from] Stealth Rock\n|-ability|p1a: Gardevoir|Triage|Trace|[from] ability: Trace|[of] p2a: Comfey\n|turn|34\n|inactive|Time left: 300 sec this turn | 300 sec total\n|\n|t:|1783535962\n|move|p2a: Comfey|Draining Kiss|p1a: Gardevoir\n|-damage|p1a: Gardevoir|0 fnt\n|-heal|p2a: Comfey|148/225 par|[from] drain|[of] p1a: Gardevoir\n|faint|p1a: Gardevoir\n|\n|win|p0y229fb62", "uploadtime": 1783535962, "views": 0, "rating": 0, "private": 0, "password": null, "_winner": "p0y229fb62", "_our_name": "p0y229fb62"}