{"id": "battle-gen9randombattle-491", "formatid": "gen9randombattle", "format": "[Gen 9] Random Battle", "players": ["p0x49160b4", "p0y491f707"], "log": "|init|battle\n|title|p0x49160b4 vs. p0y491f707\n|j|\u2606p0x49160b4\n|j|\u2606p0y491f707\n|t:|1783544746\n|gametype|singles\n|player|p1|p0x49160b4|102|\n|player|p2|p0y491f707|101|\n|gen|9\n|tier|[Gen 9] Random Battle\n|rule|Species Clause: Limit one of each Pok\u00e9mon\n|rule|HP Percentage Mod: HP is shown in percentages\n|rule|Sleep Clause Mod: Limit one foe put to sleep\n|rule|Illusion Level Mod: Illusion disguises the Pok\u00e9mon's true level\n|\n|t:|1783544746\n|teamsize|p1|6\n|teamsize|p2|6\n|start\n|switch|p1a: Lycanroc|Lycanroc, L86, F|269/269\n|switch|p2a: Deoxys|Deoxys, L74|100/100\n|-ability|p2a: Deoxys|Pressure\n|turn|1\n|inactive|Battle timer is ON: inactive players will automatically lose when time's up. (requested by p0y491f707)\n|inactive|Time left: 300 sec this turn | 300 sec total | 60 sec grace\n|\n|t:|1783544748\n|switch|p1a: Dragonite|Dragonite, L74, F|257/257\n|move|p2a: Deoxys|Superpower|p1a: Dragonite\n|-resisted|p1a: Dragonite\n|-damage|p1a: Dragonite|226/257\n|-unboost|p2a: Deoxys|atk|1\n|-unboost|p2a: Deoxys|def|1\n|-damage|p2a: Deoxys|91/100|[from] item: Life Orb\n|\n|upkeep\n|turn|2\n|inactive|Time left: 300 sec this turn | 300 sec total\n|inactive|p0x49160b4 also wants the timer to be on.\n|\n|t:|1783544749\n|switch|p2a: Qwilfish|Qwilfish-Hisui, L83, M|100/100\n|-ability|p2a: Qwilfish|Intimidate|boost\n|-unboost|p1a: Dragonite|atk|1\n|move|p1a: Dragonite|Outrage|p2a: Qwilfish\n|-damage|p2a: Qwilfish|76/100\n|\n|upkeep\n|turn|3\n|inactive|Time left: 300 sec this turn | 300 sec total\n|\n|t:|1783544750\n|switch|p2a: Diancie|Diancie, L82|100/100\n|move|p1a: Dragonite|Outrage|p2a: Diancie|[from] lockedmove\n|-immune|p2a: Diancie\n|-start|p1a: Dragonite|confusion|[fatigue]\n|\n|upkeep\n|turn|4\n|inactive|Time left: 300 sec this turn | 300 sec total\n|\n|t:|1783544751\n|switch|p1a: Slowking|Slowking, L88, F|310/310\n|move|p2a: Diancie|Diamond Storm|p1a: Slowking\n|-damage|p1a: Slowking|208/310\n|\n|-heal|p1a: Slowking|227/310|[from] item: Leftovers\n|upkeep\n|turn|5\n|inactive|Time left: 300 sec this turn | 300 sec total\n|\n|t:|1783544752\n|move|p2a: Diancie|Diamond Storm|p1a: Slowking\n|-damage|p1a: Slowking|116/310\n|move|p1a: Slowking|Scald|p2a: Diancie\n|-supereffective|p2a: Diancie\n|-damage|p2a: Diancie|44/100\n|-status|p2a: Diancie|brn\n|\n|-heal|p2a: Diancie|50/100 brn|[from] item: Leftovers\n|-heal|p1a: Slowking|135/310|[from] item: Leftovers\n|-damage|p2a: Diancie|44/100 brn|[from] brn\n|upkeep\n|turn|6\n|inactive|Time left: 300 sec this turn | 300 sec total\n|\n|t:|1783544753\n|move|p2a: Diancie|Draining Kiss|p1a: Slowking\n|-damage|p1a: Slowking|93/310\n|-heal|p2a: Diancie|59/100 brn|[from] drain|[of] p1a: Slowking\n|move|p1a: Slowking|Scald|p2a: Diancie\n|-supereffective|p2a: Diancie\n|-crit|p2a: Diancie\n|-damage|p2a: Diancie|0 fnt\n|faint|p2a: Diancie\n|\n|-heal|p1a: Slowking|112/310|[from] item: Leftovers\n|upkeep\n|\n|t:|1783544754\n|switch|p2a: Flygon|Flygon, L82, F|100/100\n|turn|7\n|inactive|Time left: 300 sec this turn | 300 sec total\n|\n|t:|1783544755\n|switch|p1a: Orthworm|Orthworm, L88, F|266/266\n|move|p2a: Flygon|Dragon Dance|p2a: Flygon\n|-boost|p2a: Flygon|atk|1\n|-boost|p2a: Flygon|spe|1\n|\n|upkeep\n|turn|8\n|inactive|Time left: 300 sec this turn | 300 sec total\n|\n|t:|1783544756\n|move|p2a: Flygon|Outrage|p1a: Orthworm\n|-resisted|p1a: Orthworm\n|-damage|p1a: Orthworm|205/266\n|move|p1a: Orthworm|Coil|p1a: Orthworm\n|-boost|p1a: Orthworm|atk|1\n|-boost|p1a: Orthworm|def|1\n|-boost|p1a: Orthworm|accuracy|1\n|\n|upkeep\n|turn|9\n|inactive|Time left: 300 sec this turn | 300 sec total\n|\n|t:|1783544757\n|move|p2a: Flygon|Outrage|p1a: Orthworm|[from] lockedmove\n|-resisted|p1a: Orthworm\n|-damage|p1a: Orthworm|167/266\n|move|p1a: Orthworm|Body Press|p2a: Flygon\n|-damage|p2a: Flygon|48/100\n|\n|upkeep\n|turn|10\n|inactive|Time left: 300 sec this turn | 300 sec total\n|\n|t:|1783544757\n|move|p2a: Flygon|Outrage|p1a: Orthworm|[from] lockedmove\n|-resisted|p1a: Orthworm\n|-damage|p1a: Orthworm|130/266\n|-start|p2a: Flygon|confusion|[fatigue]\n|-enditem|p2a: Flygon|Lum Berry|[eat]\n|-end|p2a: Flygon|confusion\n|move|p1a: Orthworm|Body Press|p2a: Flygon\n|-damage|p2a: Flygon|0 fnt\n|faint|p2a: Flygon\n|\n|upkeep\n|\n|t:|1783544758\n|switch|p2a: Deoxys|Deoxys, L74|91/100\n|-ability|p2a: Deoxys|Pressure\n|turn|11\n|inactive|Time left: 300 sec this turn | 300 sec total\n|\n|t:|1783544759\n|switch|p1a: Slowking|Slowking, L88, F|215/310\n|move|p2a: Deoxys|Psycho Boost|p1a: Slowking\n|-resisted|p1a: Slowking\n|-damage|p1a: Slowking|129/310\n|-unboost|p2a: Deoxys|spa|2\n|-damage|p2a: Deoxys|81/100|[from] item: Life Orb\n|\n|-heal|p1a: Slowking|148/310|[from] item: Leftovers\n|upkeep\n|turn|12\n|inactive|Time left: 300 sec this turn | 300 sec total\n|\n|t:|1783544760\n|switch|p1a: Orthworm|Orthworm, L88, F|130/266\n|move|p2a: Deoxys|Knock Off|p1a: Orthworm\n|-damage|p1a: Orthworm|64/266\n|-enditem|p1a: Orthworm|Chesto Berry|[from] move: Knock Off|[of] p2a: Deoxys\n|-damage|p2a: Deoxys|71/100|[from] item: Life Orb\n|\n|upkeep\n|turn|13\n|inactive|Time left: 300 sec this turn | 300 sec total\n|\n|t:|1783544761\n|switch|p2a: Duraludon|Duraludon, L82, M|100/100\n|move|p1a: Orthworm|Iron Tail|p2a: Duraludon\n|-resisted|p2a: Duraludon\n|-damage|p2a: Duraludon|88/100\n|\n|upkeep\n|turn|14\n|inactive|Time left: 300 sec this turn | 300 sec total\n|\n|t:|1783544763\n|switch|p1a: Slowking|Slowking, L88, F|251/310\n|move|p2a: Duraludon|Flash Cannon|p1a: Slowking\n|-resisted|p1a: Slowking\n|-damage|p1a: Slowking|215/310\n|\n|-heal|p1a: Slowking|234/310|[from] item: Leftovers\n|upkeep\n|turn|15\n|inactive|Time left: 300 sec this turn | 300 sec total\n|\n|t:|1783544764\n|move|p2a: Duraludon|Stealth Rock|p1a: Slowking\n|-sidestart|p1: p0x49160b4|move: Stealth Rock\n|move|p1a: Slowking|Scald|p2a: Duraludon\n|-resisted|p2a: Duraludon\n|-damage|p2a: Duraludon|67/100\n|-status|p2a: Duraludon|brn\n|\n|-heal|p1a: Slowking|253/310|[from] item: Leftovers\n|-damage|p2a: Duraludon|61/100 brn|[from] brn\n|upkeep\n|turn|16\n|inactive|Time left: 300 sec this turn | 300 sec total\n|\n|t:|1783544765\n|switch|p2a: Qwilfish|Qwilfish-Hisui, L83, M|76/100\n|-ability|p2a: Qwilfish|Intimidate|boost\n|-unboost|p1a: Slowking|atk|1\n|move|p1a: Slowking|Scald|p2a: Qwilfish\n|-damage|p2a: Qwilfish|40/100\n|-status|p2a: Qwilfish|brn\n|\n|-heal|p1a: Slowking|272/310|[from] item: Leftovers\n|-damage|p2a: Qwilfish|34/100 brn|[from] brn\n|upkeep\n|turn|17\n|inactive|Time left: 300 sec this turn | 300 sec total\n|\n|t:|1783544766\n|switch|p1a: Orthworm|Orthworm, L88, F|64/266\n|-damage|p1a: Orthworm|48/266|[from] Stealth Rock\n|move|p2a: Qwilfish|Crunch|p1a: Orthworm\n|-damage|p1a: Orthworm|20/266\n|\n|-damage|p2a: Qwilfish|28/100 brn|[from] brn\n|upkeep\n|turn|18\n|inactive|Time left: 300 sec this turn | 300 sec total\n|\n|t:|1783544767\n|move|p2a: Qwilfish|Crunch|p1a: Orthworm\n|-damage|p1a: Orthworm|0 fnt\n|faint|p1a: Orthworm\n|\n|-damage|p2a: Qwilfish|21/100 brn|[from] brn\n|upkeep\n|inactive|Time left: 300 sec this turn | 300 sec total | 5 sec grace\n|\n|t:|1783544768\n|switch|p1a: Dragonite|Dragonite, L74, F|226/257\n|turn|19\n|inactive|Time left: 300 sec this turn | 300 sec total\n|\n|t:|1783544769\n|move|p2a: Qwilfish|Crunch|p1a: Dragonite\n|-damage|p1a: Dragonite|184/257\n|-unboost|p1a: Dragonite|def|1\n|move|p1a: Dragonite|Dragon Dance|p1a: Dragonite\n|-boost|p1a: Dragonite|atk|1\n|-boost|p1a: Dragonite|spe|1\n|\n|-damage|p2a: Qwilfish|15/100 brn|[from] brn\n|upkeep\n|turn|20\n|inactive|Time left: 300 sec this turn | 300 sec total\n|\n|t:|1783544770\n|move|p1a: Dragonite|Dragon Dance|p1a: Dragonite\n|-boost|p1a: Dragonite|atk|1\n|-boost|p1a: Dragonite|spe|1\n|move|p2a: Qwilfish|Gunk Shot|p1a: Dragonite|[miss]\n|-miss|p2a: Qwilfish|p1a: Dragonite\n|\n|-damage|p2a: Qwilfish|9/100 brn|[from] brn\n|upkeep\n|turn|21\n|inactive|Time left: 300 sec this turn | 300 sec total\n|\n|t:|1783544771\n|move|p1a: Dragonite|Outrage|p2a: Qwilfish\n|-damage|p2a: Qwilfish|0 fnt\n|faint|p2a: Qwilfish\n|\n|upkeep\n|\n|t:|1783544772\n|switch|p2a: Duraludon|Duraludon, L82, M|61/100 brn\n|turn|22\n|inactive|Time left: 300 sec this turn | 300 sec total\n|\n|t:|1783544774\n|move|p1a: Dragonite|Outrage|p2a: Duraludon|[from] lockedmove\n|-damage|p2a: Duraludon|0 fnt\n|faint|p2a: Duraludon\n|\n|upkeep\n|\n|t:|1783544775\n|switch|p2a: Deoxys|Deoxys, L74|71/100\n|-ability|p2a: Deoxys|Pressure\n|turn|23\n|inactive|Time left: 300 sec this turn | 300 sec total\n|\n|t:|1783544776\n|move|p2a: Deoxys|Extreme Speed|p1a: Dragonite\n|-damage|p1a: Dragonite|62/257\n|-damage|p2a: Deoxys|62/100|[from] item: Life Orb\n|move|p1a: Dragonite|Outrage|p2a: Deoxys|[from] lockedmove\n|-damage|p2a: Deoxys|0 fnt\n|faint|p2a: Deoxys\n|-start|p1a: Dragonite|confusion|[fatigue]\n|\n|upkeep\n|\n|t:|1783544777\n|switch|p2a: Cryogonal|Cryogonal, L89|100/100\n|turn|24\n|inactive|Time left: 300 sec this turn | 300 sec total\n|\n|t:|1783544777\n|switch|p1a: Lycanroc|Lycanroc, L86, F|269/269\n|-damage|p1a: Lycanroc|236/269|[from] Stealth Rock\n|-terastallize|p2a: Cryogonal|Electric\n|move|p2a: Cryogonal|Rapid Spin|p1a: Lycanroc\n|-resisted|p1a: Lycanroc\n|-damage|p1a: Lycanroc|220/269\n|-boost|p2a: Cryogonal|spe|1\n|\n|upkeep\n|turn|25\n|inactive|Time left: 300 sec this turn | 300 sec total\n|\n|t:|1783544778\n|-terastallize|p1a: Lycanroc|Fighting\n|move|p2a: Cryogonal|Ice Beam|p1a: Lycanroc\n|-damage|p1a: Lycanroc|93/269\n|move|p1a: Lycanroc|Close Combat|p2a: Cryogonal\n|-damage|p2a: Cryogonal|1/100\n|-unboost|p1a: Lycanroc|def|1\n|-unboost|p1a: Lycanroc|spd|1\n|-damage|p1a: Lycanroc|67/269|[from] item: Life Orb\n|\n|upkeep\n|turn|26\n|inactive|Time left: 300 sec this turn | 300 sec total\n|\n|t:|1783544779\n|move|p2a: Cryogonal|Tera Blast|p1a: Lycanroc|[anim] Tera Blast Electric\n|-damage|p1a: Lycanroc|0 fnt\n|faint|p1a: Lycanroc\n|\n|upkeep\n|inactive|Time left: 300 sec this turn | 300 sec total | 5 sec grace\n|\n|t:|1783544780\n|switch|p1a: Piloswine|Piloswine, L85, F|309/309\n|-damage|p1a: Piloswine|271/309|[from] Stealth Rock\n|turn|27\n|inactive|Time left: 300 sec this turn | 300 sec total\n|\n|t:|1783544781\n|move|p1a: Piloswine|Ice Shard|p2a: Cryogonal\n|-damage|p2a: Cryogonal|0 fnt\n|faint|p2a: Cryogonal\n|\n|win|p0x49160b4", "uploadtime": 1783544781, "views": 0, "rating": 0, "private": 0, "password": null, "_winner": "p0x49160b4", "_our_name": "p0x49160b4"}