{"id": "battle-gen9randombattle-992", "formatid": "gen9randombattle", "format": "[Gen 9] Random Battle", "players": ["p0x9920011", "p0y992b5eb"], "log": "|init|battle\n|title|p0x9920011 vs. p0y992b5eb\n|j|\u2606p0x9920011\n|j|\u2606p0y992b5eb\n|t:|1783550667\n|gametype|singles\n|player|p1|p0x9920011|169|\n|player|p2|p0y992b5eb|1|\n|gen|9\n|tier|[Gen 9] Random Battle\n|rule|Species Clause: Limit one of each Pok\u00e9mon\n|rule|HP Percentage Mod: HP is shown in percentages\n|rule|Sleep Clause Mod: Limit one foe put to sleep\n|rule|Illusion Level Mod: Illusion disguises the Pok\u00e9mon's true level\n|\n|t:|1783550667\n|teamsize|p1|6\n|teamsize|p2|6\n|start\n|switch|p1a: Exeggutor|Exeggutor-Alola, L89, F|314/314\n|switch|p2a: Cacturne|Cacturne, L92, M|100/100\n|turn|1\n|inactive|Battle timer is ON: inactive players will automatically lose when time's up. (requested by p0y992b5eb)\n|inactive|Time left: 300 sec this turn | 300 sec total | 60 sec grace\n|\n|t:|1783550669\n|move|p2a: Cacturne|Knock Off|p1a: Exeggutor\n|-damage|p1a: Exeggutor|131/314\n|-enditem|p1a: Exeggutor|Sitrus Berry|[from] move: Knock Off|[of] p2a: Cacturne\n|-damage|p2a: Cacturne|91/100|[from] item: Life Orb\n|move|p1a: Exeggutor|Dragon Pulse|p2a: Cacturne\n|-damage|p2a: Cacturne|40/100\n|\n|upkeep\n|turn|2\n|inactive|Time left: 300 sec this turn | 300 sec total\n|inactive|p0x9920011 also wants the timer to be on.\n|\n|t:|1783550670\n|-terastallize|p2a: Cacturne|Dark\n|move|p2a: Cacturne|Knock Off|p1a: Exeggutor\n|-damage|p1a: Exeggutor|0 fnt\n|faint|p1a: Exeggutor\n|-damage|p2a: Cacturne|30/100|[from] item: Life Orb\n|\n|upkeep\n|inactive|Time left: 300 sec this turn | 300 sec total | 5 sec grace\n|\n|t:|1783550671\n|switch|p1a: Quaquaval|Quaquaval, L79, F|264/264\n|turn|3\n|inactive|Time left: 300 sec this turn | 300 sec total\n|\n|t:|1783550672\n|move|p1a: Quaquaval|Close Combat|p2a: Cacturne\n|-supereffective|p2a: Cacturne\n|-damage|p2a: Cacturne|0 fnt\n|-unboost|p1a: Quaquaval|def|1\n|-unboost|p1a: Quaquaval|spd|1\n|faint|p2a: Cacturne\n|-ability|p1a: Quaquaval|Moxie|boost\n|-boost|p1a: Quaquaval|atk|1\n|\n|upkeep\n|\n|t:|1783550674\n|switch|p2a: Mienshao|Mienshao, L83, M|100/100\n|turn|4\n|inactive|Time left: 300 sec this turn | 300 sec total\n|\n|t:|1783550675\n|move|p2a: Mienshao|High Jump Kick|p1a: Quaquaval\n|-damage|p1a: Quaquaval|0 fnt\n|faint|p1a: Quaquaval\n|\n|upkeep\n|inactive|Time left: 300 sec this turn | 300 sec total | 5 sec grace\n|\n|t:|1783550676\n|switch|p1a: Chandelure|Chandelure, L83, F|235/235\n|turn|5\n|inactive|Time left: 300 sec this turn | 300 sec total\n|\n|t:|1783550677\n|switch|p2a: Hariyama|Hariyama, L87, M|100/100\n|move|p1a: Chandelure|Fire Blast|p2a: Hariyama\n|-damage|p2a: Hariyama|84/100\n|\n|upkeep\n|turn|6\n|inactive|Time left: 300 sec this turn | 300 sec total\n|\n|t:|1783550678\n|switch|p1a: Ting-Lu|Ting-Lu, L78|370/370\n|-ability|p1a: Ting-Lu|Vessel of Ruin\n|move|p2a: Hariyama|Knock Off|p1a: Ting-Lu\n|-resisted|p1a: Ting-Lu\n|-damage|p1a: Ting-Lu|333/370\n|-enditem|p1a: Ting-Lu|Leftovers|[from] move: Knock Off|[of] p2a: Hariyama\n|\n|upkeep\n|turn|7\n|inactive|Time left: 300 sec this turn | 300 sec total\n|\n|t:|1783550679\n|move|p2a: Hariyama|Close Combat|p1a: Ting-Lu\n|-supereffective|p1a: Ting-Lu\n|-damage|p1a: Ting-Lu|49/370\n|-unboost|p2a: Hariyama|def|1\n|-unboost|p2a: Hariyama|spd|1\n|move|p1a: Ting-Lu|Ruination|p2a: Hariyama\n|-damage|p2a: Hariyama|42/100\n|\n|upkeep\n|turn|8\n|inactive|Time left: 300 sec this turn | 300 sec total\n|\n|t:|1783550681\n|move|p2a: Hariyama|Headlong Rush|p1a: Ting-Lu\n|-damage|p1a: Ting-Lu|0 fnt\n|-unboost|p2a: Hariyama|def|1\n|-unboost|p2a: Hariyama|spd|1\n|faint|p1a: Ting-Lu\n|\n|upkeep\n|inactive|Time left: 300 sec this turn | 300 sec total | 5 sec grace\n|\n|t:|1783550682\n|switch|p1a: Chandelure|Chandelure, L83, F|235/235\n|turn|9\n|inactive|Time left: 300 sec this turn | 300 sec total\n|\n|t:|1783550683\n|move|p1a: Chandelure|Shadow Ball|p2a: Hariyama\n|-damage|p2a: Hariyama|0 fnt\n|faint|p2a: Hariyama\n|\n|upkeep\n|\n|t:|1783550684\n|switch|p2a: Mienshao|Mienshao, L83, M|100/100\n|turn|10\n|inactive|Time left: 300 sec this turn | 300 sec total\n|\n|t:|1783550685\n|move|p1a: Chandelure|Shadow Ball|p2a: Mienshao\n|-damage|p2a: Mienshao|33/100\n|move|p2a: Mienshao|Knock Off|p1a: Chandelure\n|-supereffective|p1a: Chandelure\n|-damage|p1a: Chandelure|1/235\n|-enditem|p1a: Chandelure|Choice Scarf|[from] move: Knock Off|[of] p2a: Mienshao\n|\n|upkeep\n|turn|11\n|inactive|Time left: 300 sec this turn | 300 sec total\n|\n|t:|1783550686\n|move|p2a: Mienshao|Knock Off|p1a: Chandelure\n|-supereffective|p1a: Chandelure\n|-damage|p1a: Chandelure|0 fnt\n|faint|p1a: Chandelure\n|\n|upkeep\n|inactive|Time left: 300 sec this turn | 300 sec total | 5 sec grace\n|\n|t:|1783550687\n|switch|p1a: Forretress|Forretress, L84, M|263/263\n|turn|12\n|inactive|Time left: 300 sec this turn | 300 sec total\n|\n|t:|1783550688\n|move|p2a: Mienshao|Knock Off|p1a: Forretress\n|-damage|p1a: Forretress|184/263\n|-enditem|p1a: Forretress|Leftovers|[from] move: Knock Off|[of] p2a: Mienshao\n|move|p1a: Forretress|Rapid Spin|p2a: Mienshao\n|-damage|p2a: Mienshao|16/100\n|-boost|p1a: Forretress|spe|1\n|\n|upkeep\n|turn|13\n|inactive|Time left: 300 sec this turn | 300 sec total\n|\n|t:|1783550689\n|switch|p2a: Chandelure|Chandelure, L83, M|100/100\n|move|p1a: Forretress|Rapid Spin|p2a: Chandelure\n|-immune|p2a: Chandelure\n|\n|upkeep\n|turn|14\n|inactive|Time left: 300 sec this turn | 300 sec total\n|\n|t:|1783550690\n|move|p2a: Chandelure|Fire Blast|p1a: Forretress\n|-supereffective|p1a: Forretress\n|-damage|p1a: Forretress|0 fnt\n|faint|p1a: Forretress\n|\n|upkeep\n|inactive|Time left: 300 sec this turn | 300 sec total | 5 sec grace\n|\n|t:|1783550691\n|switch|p1a: Swampert|Swampert, L83, F|302/302\n|turn|15\n|inactive|Time left: 300 sec this turn | 300 sec total\n|\n|t:|1783550692\n|switch|p2a: Mesprit|Mesprit, L85|100/100\n|move|p1a: Swampert|Earthquake|p2a: Mesprit\n|-immune|p2a: Mesprit|[from] ability: Levitate\n|\n|upkeep\n|turn|16\n|inactive|Time left: 300 sec this turn | 300 sec total\n|\n|t:|1783550693\n|move|p2a: Mesprit|Knock Off|p1a: Swampert\n|-damage|p1a: Swampert|224/302\n|-enditem|p1a: Swampert|Leftovers|[from] move: Knock Off|[of] p2a: Mesprit\n|move|p1a: Swampert|Knock Off|p2a: Mesprit\n|-supereffective|p2a: Mesprit\n|-damage|p2a: Mesprit|55/100\n|-enditem|p2a: Mesprit|Leftovers|[from] move: Knock Off|[of] p1a: Swampert\n|\n|upkeep\n|turn|17\n|inactive|Time left: 300 sec this turn | 300 sec total\n|\n|t:|1783550695\n|move|p2a: Mesprit|Psychic Noise|p1a: Swampert\n|-damage|p1a: Swampert|140/302\n|-start|p1a: Swampert|move: Heal Block\n|move|p1a: Swampert|Knock Off|p2a: Mesprit\n|-supereffective|p2a: Mesprit\n|-damage|p2a: Mesprit|23/100\n|\n|upkeep\n|turn|18\n|inactive|Time left: 300 sec this turn | 300 sec total\n|\n|t:|1783550696\n|-terastallize|p1a: Swampert|Steel\n|move|p2a: Mesprit|Psychic Noise|p1a: Swampert\n|-resisted|p1a: Swampert\n|-damage|p1a: Swampert|95/302\n|move|p1a: Swampert|Ice Beam|p2a: Mesprit\n|-damage|p2a: Mesprit|4/100\n|\n|-end|p1a: Swampert|move: Heal Block\n|upkeep\n|turn|19\n|inactive|Time left: 300 sec this turn | 300 sec total\n|\n|t:|1783550698\n|move|p2a: Mesprit|Thunderbolt|p1a: Swampert\n|-damage|p1a: Swampert|28/302\n|move|p1a: Swampert|Knock Off|p2a: Mesprit\n|-supereffective|p2a: Mesprit\n|-damage|p2a: Mesprit|0 fnt\n|faint|p2a: Mesprit\n|\n|upkeep\n|\n|t:|1783550699\n|switch|p2a: Palafin|Palafin, L77, M|100/100\n|turn|20\n|inactive|Time left: 300 sec this turn | 300 sec total\n|\n|t:|1783550700\n|move|p2a: Palafin|Wave Crash|p1a: Swampert\n|-damage|p1a: Swampert|0 fnt\n|faint|p1a: Swampert\n|-damage|p2a: Palafin|97/100|[from] Recoil\n|\n|win|p0y992b5eb", "uploadtime": 1783550700, "views": 0, "rating": 0, "private": 0, "password": null, "_winner": "p0y992b5eb", "_our_name": "p0x9920011"}