{"id": "battle-gen9randombattle-693", "formatid": "gen9randombattle", "format": "[Gen 9] Random Battle", "players": ["p0x6933463", "p0y69376c7"], "log": "|init|battle\n|title|p0x6933463 vs. p0y69376c7\n|j|\u2606p0x6933463\n|j|\u2606p0y69376c7\n|t:|1783547866\n|gametype|singles\n|player|p1|p0x6933463|101|\n|player|p2|p0y69376c7|2|\n|gen|9\n|tier|[Gen 9] Random Battle\n|rule|Species Clause: Limit one of each Pok\u00e9mon\n|rule|HP Percentage Mod: HP is shown in percentages\n|rule|Sleep Clause Mod: Limit one foe put to sleep\n|rule|Illusion Level Mod: Illusion disguises the Pok\u00e9mon's true level\n|\n|t:|1783547866\n|teamsize|p1|6\n|teamsize|p2|6\n|start\n|switch|p1a: Yanmega|Yanmega, L82, M|100/100\n|switch|p2a: Iron Thorns|Iron Thorns, L83|302/302\n|-item|p2a: Iron Thorns|Air Balloon\n|turn|1\n|inactive|Battle timer is ON: inactive players will automatically lose when time's up. (requested by p0x6933463)\n|inactive|Time left: 300 sec this turn | 300 sec total | 60 sec grace\n|inactive|p0y69376c7 also wants the timer to be on.\n|\n|t:|1783547868\n|move|p1a: Yanmega|Bug Buzz|p2a: Iron Thorns\n|-damage|p2a: Iron Thorns|148/302\n|-enditem|p2a: Iron Thorns|Air Balloon\n|move|p2a: Iron Thorns|Stone Edge|p1a: Yanmega\n|-supereffective|p1a: Yanmega\n|-damage|p1a: Yanmega|0 fnt\n|faint|p1a: Yanmega\n|\n|upkeep\n|\n|t:|1783547869\n|switch|p1a: Sudowoodo|Sudowoodo, L94, M|100/100\n|turn|2\n|inactive|Time left: 300 sec this turn | 300 sec total\n|\n|t:|1783547870\n|move|p2a: Iron Thorns|Earthquake|p1a: Sudowoodo\n|-supereffective|p1a: Sudowoodo\n|-damage|p1a: Sudowoodo|53/100\n|move|p1a: Sudowoodo|Head Smash|p2a: Iron Thorns\n|-damage|p2a: Iron Thorns|0 fnt\n|faint|p2a: Iron Thorns\n|-end|p2a: Iron Thorns|Quark Drive|[silent]\n|\n|-heal|p1a: Sudowoodo|59/100|[from] item: Leftovers\n|upkeep\n|inactive|Time left: 300 sec this turn | 300 sec total | 5 sec grace\n|\n|t:|1783547871\n|switch|p2a: Indeedee|Indeedee, L84, M|238/238\n|-fieldstart|move: Psychic Terrain|[from] ability: Psychic Surge|[of] p2a: Indeedee\n|turn|3\n|inactive|Time left: 300 sec this turn | 300 sec total\n|\n|t:|1783547872\n|switch|p1a: Indeedee|Indeedee-F, L90, F|100/100\n|move|p2a: Indeedee|Expanding Force|p1a: Indeedee\n|-resisted|p1a: Indeedee\n|-damage|p1a: Indeedee|73/100\n|\n|upkeep\n|turn|4\n|inactive|Time left: 300 sec this turn | 300 sec total\n|\n|t:|1783547874\n|switch|p2a: Glastrier|Glastrier, L86|311/311\n|move|p1a: Indeedee|Psyshock|p2a: Glastrier\n|-damage|p2a: Glastrier|220/311\n|\n|upkeep\n|turn|5\n|inactive|Time left: 300 sec this turn | 300 sec total\n|\n|t:|1783547875\n|move|p1a: Indeedee|Psyshock|p2a: Glastrier\n|-damage|p2a: Glastrier|121/311\n|move|p2a: Glastrier|Heavy Slam|p1a: Indeedee\n|-crit|p1a: Indeedee\n|-damage|p1a: Indeedee|0 fnt\n|faint|p1a: Indeedee\n|-ability|p2a: Glastrier|Chilling Neigh|boost\n|-boost|p2a: Glastrier|atk|1\n|\n|upkeep\n|\n|t:|1783547876\n|switch|p1a: Eiscue|Eiscue, L88, F|100/100\n|turn|6\n|inactive|Time left: 300 sec this turn | 300 sec total\n|\n|t:|1783547877\n|move|p1a: Eiscue|Belly Drum|p1a: Eiscue\n|-damage|p1a: Eiscue|50/100\n|-setboost|p1a: Eiscue|atk|6|[from] move: Belly Drum\n|-enditem|p1a: Eiscue|Sitrus Berry|[eat]\n|-heal|p1a: Eiscue|75/100|[from] item: Sitrus Berry\n|move|p2a: Glastrier|Heavy Slam|p1a: Eiscue\n|-activate|p1a: Eiscue|ability: Ice Face\n|-damage|p1a: Eiscue|75/100\n|detailschange|p1a: Eiscue|Eiscue-Noice, L88, F\n|\n|upkeep\n|turn|7\n|inactive|Time left: 300 sec this turn | 300 sec total\n|\n|t:|1783547878\n|move|p1a: Eiscue|Liquidation|p2a: Glastrier\n|-damage|p2a: Glastrier|0 fnt\n|faint|p2a: Glastrier\n|\n|-fieldend|move: Psychic Terrain\n|upkeep\n|inactive|Time left: 300 sec this turn | 300 sec total | 5 sec grace\n|\n|t:|1783547879\n|switch|p2a: Indeedee|Indeedee, L84, M|238/238\n|-fieldstart|move: Psychic Terrain|[from] ability: Psychic Surge|[of] p2a: Indeedee\n|turn|8\n|inactive|Time left: 300 sec this turn | 300 sec total\n|\n|t:|1783547880\n|move|p2a: Indeedee|Expanding Force|p1a: Eiscue\n|-damage|p1a: Eiscue|0 fnt\n|faint|p1a: Eiscue\n|\n|upkeep\n|\n|t:|1783547880\n|switch|p1a: Breloom|Breloom, L83, F|100/100\n|turn|9\n|inactive|Time left: 300 sec this turn | 300 sec total\n|\n|t:|1783547881\n|-terastallize|p1a: Breloom|Rock\n|move|p2a: Indeedee|Expanding Force|p1a: Breloom\n|-crit|p1a: Breloom\n|-damage|p1a: Breloom|0 fnt\n|faint|p1a: Breloom\n|\n|upkeep\n|\n|t:|1783547882\n|switch|p1a: Sudowoodo|Sudowoodo, L94, M|59/100\n|turn|10\n|inactive|Time left: 300 sec this turn | 300 sec total\n|\n|t:|1783547883\n|switch|p1a: Minior|Minior-Violet, L79|100/100\n|-formechange|p1a: Minior|Minior-Meteor||[from] ability: Shields Down\n|move|p2a: Indeedee|Expanding Force|p1a: Minior\n|-damage|p1a: Minior|28/100\n|\n|-formechange|p1a: Minior|Minior-Violet||[from] ability: Shields Down\n|upkeep\n|turn|11\n|inactive|Time left: 300 sec this turn | 300 sec total\n|\n|t:|1783547884\n|move|p2a: Indeedee|Expanding Force|p1a: Minior\n|-damage|p1a: Minior|0 fnt\n|faint|p1a: Minior\n|\n|upkeep\n|\n|t:|1783547885\n|switch|p1a: Sudowoodo|Sudowoodo, L94, M|59/100\n|turn|12\n|inactive|Time left: 300 sec this turn | 300 sec total\n|\n|t:|1783547886\n|move|p2a: Indeedee|Expanding Force|p1a: Sudowoodo\n|-damage|p1a: Sudowoodo|0 fnt\n|faint|p1a: Sudowoodo\n|\n|win|p0y69376c7", "uploadtime": 1783547886, "views": 0, "rating": 0, "private": 0, "password": null, "_winner": "p0y69376c7", "_our_name": "p0y69376c7"}