{"id": "battle-gen9randombattle-2863", "formatid": "gen9randombattle", "format": "[Gen 9] Random Battle", "players": ["p0x28637fb2", "p0y286357fd"], "log": "|init|battle\n|title|p0x28637fb2 vs. p0y286357fd\n|j|\u2606p0x28637fb2\n|j|\u2606p0y286357fd\n|t:|1783572966\n|gametype|singles\n|player|p1|p0x28637fb2|265|\n|player|p2|p0y286357fd|169|\n|gen|9\n|tier|[Gen 9] Random Battle\n|rule|Species Clause: Limit one of each Pok\u00e9mon\n|rule|HP Percentage Mod: HP is shown in percentages\n|rule|Sleep Clause Mod: Limit one foe put to sleep\n|rule|Illusion Level Mod: Illusion disguises the Pok\u00e9mon's true level\n|\n|t:|1783572966\n|teamsize|p1|6\n|teamsize|p2|6\n|start\n|switch|p1a: Cinccino|Cinccino, L83, F|260/260\n|switch|p2a: Sableye|Sableye, L88, M|100/100\n|turn|1\n|inactive|Battle timer is ON: inactive players will automatically lose when time's up. (requested by p0y286357fd)\n|inactive|Time left: 300 sec this turn | 300 sec total | 60 sec grace\n|\n|t:|1783572968\n|move|p2a: Sableye|Will-O-Wisp|p1a: Cinccino\n|-status|p1a: Cinccino|brn\n|move|p1a: Cinccino|Triple Axel|p2a: Sableye\n|-damage|p2a: Sableye|96/100\n|-damage|p2a: Sableye|86/100\n|-damage|p2a: Sableye|73/100\n|-hitcount|p2a: Sableye|3\n|\n|-heal|p2a: Sableye|79/100|[from] item: Leftovers\n|-damage|p1a: Cinccino|244/260 brn|[from] brn\n|upkeep\n|turn|2\n|inactive|Time left: 300 sec this turn | 300 sec total\n|inactive|p0x28637fb2 also wants the timer to be on.\n|\n|t:|1783572969\n|move|p1a: Cinccino|Tidy Up|p1a: Cinccino\n|-boost|p1a: Cinccino|atk|1\n|-boost|p1a: Cinccino|spe|1\n|move|p2a: Sableye|Knock Off|p1a: Cinccino\n|-damage|p1a: Cinccino|130/260 brn\n|-enditem|p1a: Cinccino|Loaded Dice|[from] move: Knock Off|[of] p2a: Sableye\n|\n|-heal|p2a: Sableye|85/100|[from] item: Leftovers\n|-damage|p1a: Cinccino|114/260 brn|[from] brn\n|upkeep\n|turn|3\n|inactive|Time left: 300 sec this turn | 300 sec total\n|\n|t:|1783572970\n|move|p1a: Cinccino|Triple Axel|p2a: Sableye\n|-damage|p2a: Sableye|78/100\n|-damage|p2a: Sableye|63/100\n|-hitcount|p2a: Sableye|2\n|move|p2a: Sableye|Knock Off|p1a: Cinccino\n|-damage|p1a: Cinccino|27/260 brn\n|\n|-heal|p2a: Sableye|69/100|[from] item: Leftovers\n|-damage|p1a: Cinccino|11/260 brn|[from] brn\n|upkeep\n|turn|4\n|inactive|Time left: 300 sec this turn | 300 sec total\n|\n|t:|1783572971\n|move|p2a: Sableye|Recover|p2a: Sableye\n|-heal|p2a: Sableye|100/100\n|move|p1a: Cinccino|Triple Axel|p2a: Sableye\n|-damage|p2a: Sableye|93/100\n|-damage|p2a: Sableye|79/100\n|-damage|p2a: Sableye|57/100\n|-hitcount|p2a: Sableye|3\n|\n|-heal|p2a: Sableye|63/100|[from] item: Leftovers\n|-damage|p1a: Cinccino|0 fnt|[from] brn\n|faint|p1a: Cinccino\n|upkeep\n|inactive|Time left: 300 sec this turn | 300 sec total | 5 sec grace\n|\n|t:|1783572972\n|switch|p1a: Serperior|Serperior, L79, M|248/248\n|turn|5\n|inactive|Time left: 300 sec this turn | 300 sec total\n|\n|t:|1783572973\n|switch|p2a: Ogerpon|Ogerpon-Hearthflame, L74, F|100/100\n|-ability|p2a: Ogerpon|Mold Breaker\n|move|p1a: Serperior|Leaf Storm|p2a: Ogerpon\n|-resisted|p2a: Ogerpon\n|-damage|p2a: Ogerpon|85/100\n|-boost|p1a: Serperior|spa|2\n|-damage|p1a: Serperior|224/248|[from] item: Life Orb\n|\n|upkeep\n|turn|6\n|inactive|Time left: 300 sec this turn | 300 sec total\n|\n|t:|1783572973\n|move|p1a: Serperior|Glare|p2a: Ogerpon\n|-status|p2a: Ogerpon|par\n|move|p2a: Ogerpon|Ivy Cudgel|p1a: Serperior|[anim] Ivy Cudgel Fire\n|-supereffective|p1a: Serperior\n|-damage|p1a: Serperior|0 fnt\n|faint|p1a: Serperior\n|\n|upkeep\n|inactive|Time left: 300 sec this turn | 300 sec total | 5 sec grace\n|\n|t:|1783572974\n|switch|p1a: Chesnaught|Chesnaught, L84, M|285/285\n|turn|7\n|inactive|Time left: 300 sec this turn | 300 sec total\n|\n|t:|1783572975\n|switch|p2a: Gardevoir|Gardevoir, L83, F|100/100\n|-ability|p2a: Gardevoir|Bulletproof|Trace|[from] ability: Trace|[of] p1a: Chesnaught\n|move|p1a: Chesnaught|Body Press|p2a: Gardevoir\n|-resisted|p2a: Gardevoir\n|-damage|p2a: Gardevoir|87/100\n|\n|upkeep\n|turn|8\n|inactive|Time left: 300 sec this turn | 300 sec total\n|\n|t:|1783572976\n|-terastallize|p1a: Chesnaught|Steel\n|move|p2a: Gardevoir|Psychic|p1a: Chesnaught\n|-resisted|p1a: Chesnaught\n|-damage|p1a: Chesnaught|203/285\n|-damage|p2a: Gardevoir|77/100|[from] item: Life Orb\n|move|p1a: Chesnaught|Trailblaze|p2a: Gardevoir\n|-damage|p2a: Gardevoir|48/100\n|-boost|p1a: Chesnaught|spe|1\n|\n|-heal|p1a: Chesnaught|220/285|[from] item: Leftovers\n|upkeep\n|turn|9\n|inactive|Time left: 300 sec this turn | 300 sec total\n|\n|t:|1783572977\n|switch|p2a: Landorus|Landorus-Therian, L76, M|100/100\n|-ability|p2a: Landorus|Intimidate|boost\n|-unboost|p1a: Chesnaught|atk|1\n|move|p1a: Chesnaught|Trailblaze|p2a: Landorus\n|-crit|p2a: Landorus\n|-damage|p2a: Landorus|65/100\n|-boost|p1a: Chesnaught|spe|1\n|\n|-heal|p1a: Chesnaught|237/285|[from] item: Leftovers\n|-heal|p2a: Landorus|71/100|[from] item: Leftovers\n|upkeep\n|turn|10\n|inactive|Time left: 300 sec this turn | 300 sec total\n|\n|t:|1783572978\n|move|p1a: Chesnaught|Iron Defense|p1a: Chesnaught\n|-boost|p1a: Chesnaught|def|2\n|move|p2a: Landorus|Earthquake|p1a: Chesnaught\n|-supereffective|p1a: Chesnaught\n|-damage|p1a: Chesnaught|141/285\n|\n|-heal|p1a: Chesnaught|158/285|[from] item: Leftovers\n|-heal|p2a: Landorus|77/100|[from] item: Leftovers\n|upkeep\n|turn|11\n|inactive|Time left: 300 sec this turn | 300 sec total\n|\n|t:|1783572979\n|switch|p2a: Sableye|Sableye, L88, M|63/100\n|move|p1a: Chesnaught|Body Press|p2a: Sableye\n|-immune|p2a: Sableye\n|\n|-heal|p1a: Chesnaught|175/285|[from] item: Leftovers\n|-heal|p2a: Sableye|69/100|[from] item: Leftovers\n|upkeep\n|turn|12\n|inactive|Time left: 300 sec this turn | 300 sec total\n|\n|t:|1783572980\n|move|p2a: Sableye|Will-O-Wisp|p1a: Chesnaught\n|-status|p1a: Chesnaught|brn\n|move|p1a: Chesnaught|Trailblaze|p2a: Sableye\n|-damage|p2a: Sableye|60/100\n|-boost|p1a: Chesnaught|spe|1\n|\n|-heal|p1a: Chesnaught|192/285 brn|[from] item: Leftovers\n|-heal|p2a: Sableye|66/100|[from] item: Leftovers\n|-damage|p1a: Chesnaught|175/285 brn|[from] brn\n|upkeep\n|turn|13\n|inactive|Time left: 300 sec this turn | 300 sec total\n|\n|t:|1783572981\n|move|p2a: Sableye|Encore|p1a: Chesnaught\n|-start|p1a: Chesnaught|Encore\n|move|p1a: Chesnaught|Trailblaze|p2a: Sableye\n|-damage|p2a: Sableye|57/100\n|-boost|p1a: Chesnaught|spe|1\n|\n|-heal|p1a: Chesnaught|192/285 brn|[from] item: Leftovers\n|-heal|p2a: Sableye|63/100|[from] item: Leftovers\n|-damage|p1a: Chesnaught|175/285 brn|[from] brn\n|upkeep\n|turn|14\n|inactive|Time left: 300 sec this turn | 300 sec total\n|\n|t:|1783572982\n|move|p2a: Sableye|Recover|p2a: Sableye\n|-heal|p2a: Sableye|100/100\n|move|p1a: Chesnaught|Trailblaze|p2a: Sableye\n|-crit|p2a: Sableye\n|-damage|p2a: Sableye|82/100\n|-boost|p1a: Chesnaught|spe|1\n|\n|-heal|p1a: Chesnaught|192/285 brn|[from] item: Leftovers\n|-heal|p2a: Sableye|88/100|[from] item: Leftovers\n|-damage|p1a: Chesnaught|175/285 brn|[from] brn\n|upkeep\n|turn|15\n|inactive|Time left: 300 sec this turn | 300 sec total\n|\n|t:|1783572983\n|move|p1a: Chesnaught|Trailblaze|p2a: Sableye\n|-damage|p2a: Sableye|79/100\n|-boost|p1a: Chesnaught|spe|1\n|move|p2a: Sableye|Knock Off|p1a: Chesnaught\n|-damage|p1a: Chesnaught|139/285 brn\n|-enditem|p1a: Chesnaught|Leftovers|[from] move: Knock Off|[of] p2a: Sableye\n|\n|-heal|p2a: Sableye|85/100|[from] item: Leftovers\n|-damage|p1a: Chesnaught|122/285 brn|[from] brn\n|-end|p1a: Chesnaught|Encore\n|upkeep\n|turn|16\n|inactive|Time left: 300 sec this turn | 300 sec total\n|\n|t:|1783572984\n|move|p2a: Sableye|Encore|p1a: Chesnaught\n|-start|p1a: Chesnaught|Encore\n|move|p1a: Chesnaught|Trailblaze|p2a: Sableye\n|-damage|p2a: Sableye|76/100\n|\n|-heal|p2a: Sableye|82/100|[from] item: Leftovers\n|-damage|p1a: Chesnaught|105/285 brn|[from] brn\n|upkeep\n|turn|17\n|inactive|Time left: 300 sec this turn | 300 sec total\n|\n|t:|1783572985\n|switch|p2a: Landorus|Landorus-Therian, L76, M|77/100\n|-ability|p2a: Landorus|Intimidate|boost\n|-unboost|p1a: Chesnaught|atk|1\n|move|p1a: Chesnaught|Trailblaze|p2a: Landorus\n|-damage|p2a: Landorus|70/100\n|\n|-heal|p2a: Landorus|76/100|[from] item: Leftovers\n|-damage|p1a: Chesnaught|88/285 brn|[from] brn\n|upkeep\n|turn|18\n|inactive|Time left: 300 sec this turn | 300 sec total\n|\n|t:|1783572986\n|switch|p1a: Mismagius|Mismagius, L86, M|243/243\n|move|p2a: Landorus|Earthquake|p1a: Mismagius\n|-immune|p1a: Mismagius|[from] ability: Levitate\n|\n|-heal|p2a: Landorus|82/100|[from] item: Leftovers\n|upkeep\n|turn|19\n|inactive|Time left: 300 sec this turn | 300 sec total\n|\n|t:|1783572987\n|move|p1a: Mismagius|Nasty Plot|p1a: Mismagius\n|-boost|p1a: Mismagius|spa|2\n|move|p2a: Landorus|U-turn|p1a: Mismagius\n|-resisted|p1a: Mismagius\n|-damage|p1a: Mismagius|206/243\n|\n|t:|1783572988\n|switch|p2a: Umbreon|Umbreon, L84, M|100/100|[from] U-turn\n|\n|-heal|p1a: Mismagius|221/243|[from] item: Leftovers\n|upkeep\n|turn|20\n|inactive|Time left: 300 sec this turn | 300 sec total\n|\n|t:|1783572989\n|move|p1a: Mismagius|Substitute|p1a: Mismagius\n|-start|p1a: Mismagius|Substitute\n|-damage|p1a: Mismagius|161/243\n|move|p2a: Umbreon|Foul Play|p1a: Mismagius\n|-supereffective|p1a: Mismagius\n|-end|p1a: Mismagius|Substitute\n|\n|-heal|p1a: Mismagius|176/243|[from] item: Leftovers\n|upkeep\n|turn|21\n|inactive|Time left: 300 sec this turn | 300 sec total\n|\n|t:|1783572990\n|move|p1a: Mismagius|Substitute|p1a: Mismagius\n|-start|p1a: Mismagius|Substitute\n|-damage|p1a: Mismagius|116/243\n|move|p2a: Umbreon|Foul Play|p1a: Mismagius\n|-supereffective|p1a: Mismagius\n|-end|p1a: Mismagius|Substitute\n|\n|-heal|p1a: Mismagius|131/243|[from] item: Leftovers\n|upkeep\n|turn|22\n|inactive|Time left: 300 sec this turn | 300 sec total\n|\n|t:|1783572991\n|move|p1a: Mismagius|Substitute|p1a: Mismagius\n|-start|p1a: Mismagius|Substitute\n|-damage|p1a: Mismagius|71/243\n|move|p2a: Umbreon|Foul Play|p1a: Mismagius\n|-supereffective|p1a: Mismagius\n|-end|p1a: Mismagius|Substitute\n|\n|-heal|p1a: Mismagius|86/243|[from] item: Leftovers\n|upkeep\n|turn|23\n|inactive|Time left: 300 sec this turn | 300 sec total\n|\n|t:|1783572992\n|move|p1a: Mismagius|Substitute|p1a: Mismagius\n|-start|p1a: Mismagius|Substitute\n|-damage|p1a: Mismagius|26/243\n|move|p2a: Umbreon|Foul Play|p1a: Mismagius\n|-supereffective|p1a: Mismagius\n|-end|p1a: Mismagius|Substitute\n|\n|-heal|p1a: Mismagius|41/243|[from] item: Leftovers\n|upkeep\n|turn|24\n|inactive|Time left: 300 sec this turn | 300 sec total\n|\n|t:|1783572993\n|move|p1a: Mismagius|Tera Blast|p2a: Umbreon\n|-damage|p2a: Umbreon|71/100\n|move|p2a: Umbreon|Foul Play|p1a: Mismagius\n|-supereffective|p1a: Mismagius\n|-damage|p1a: Mismagius|0 fnt\n|faint|p1a: Mismagius\n|\n|-heal|p2a: Umbreon|77/100|[from] item: Leftovers\n|upkeep\n|inactive|Time left: 300 sec this turn | 300 sec total | 5 sec grace\n|\n|t:|1783572994\n|switch|p1a: Rabsca|Rabsca, L91, M|284/284\n|turn|25\n|inactive|Time left: 300 sec this turn | 300 sec total\n|\n|t:|1783572995\n|move|p2a: Umbreon|Foul Play|p1a: Rabsca\n|-supereffective|p1a: Rabsca\n|-damage|p1a: Rabsca|188/284\n|move|p1a: Rabsca|Bug Buzz|p2a: Umbreon\n|-supereffective|p2a: Umbreon\n|-damage|p2a: Umbreon|8/100\n|\n|-heal|p2a: Umbreon|14/100|[from] item: Leftovers\n|upkeep\n|turn|26\n|inactive|Time left: 300 sec this turn | 300 sec total\n|\n|t:|1783572996\n|move|p2a: Umbreon|Foul Play|p1a: Rabsca\n|-supereffective|p1a: Rabsca\n|-damage|p1a: Rabsca|108/284\n|move|p1a: Rabsca|Bug Buzz|p2a: Umbreon\n|-supereffective|p2a: Umbreon\n|-damage|p2a: Umbreon|0 fnt\n|faint|p2a: Umbreon\n|\n|upkeep\n|\n|t:|1783572997\n|switch|p2a: Gardevoir|Gardevoir, L83, F|48/100\n|-ability|p2a: Gardevoir|Synchronize|Trace|[from] ability: Trace|[of] p1a: Rabsca\n|turn|27\n|inactive|Time left: 300 sec this turn | 300 sec total\n|\n|t:|1783572998\n|switch|p1a: Chesnaught|Chesnaught, L84, M, tera:Steel|88/285 brn\n|move|p2a: Gardevoir|Moonblast|p1a: Chesnaught\n|-resisted|p1a: Chesnaught\n|-damage|p1a: Chesnaught|1/285 brn\n|-unboost|p1a: Chesnaught|spa|1\n|-damage|p2a: Gardevoir|38/100|[from] item: Life Orb\n|\n|-damage|p1a: Chesnaught|0 fnt|[from] brn\n|faint|p1a: Chesnaught\n|upkeep\n|inactive|Time left: 300 sec this turn | 300 sec total | 5 sec grace\n|\n|t:|1783572999\n|switch|p1a: Dragapult|Dragapult, L77, F|262/262\n|turn|28\n|inactive|Time left: 300 sec this turn | 300 sec total\n|\n|t:|1783573001\n|move|p1a: Dragapult|U-turn|p2a: Gardevoir\n|-damage|p2a: Gardevoir|14/100\n|inactive|Time left: 300 sec this turn | 300 sec total | 5 sec grace\n|\n|t:|1783573002\n|switch|p1a: Rabsca|Rabsca, L91, M|108/284|[from] U-turn\n|move|p2a: Gardevoir|Moonblast|p1a: Rabsca\n|-damage|p1a: Rabsca|0 fnt\n|faint|p1a: Rabsca\n|-damage|p2a: Gardevoir|5/100|[from] item: Life Orb\n|\n|upkeep\n|inactive|Time left: 300 sec this turn | 300 sec total | 10 sec grace\n|\n|t:|1783573003\n|switch|p1a: Dragapult|Dragapult, L77, F|262/262\n|turn|29\n|inactive|Time left: 300 sec this turn | 300 sec total\n|\n|t:|1783573004\n|move|p1a: Dragapult|Hex|p2a: Gardevoir\n|-supereffective|p2a: Gardevoir\n|-crit|p2a: Gardevoir\n|-damage|p2a: Gardevoir|0 fnt\n|faint|p2a: Gardevoir\n|\n|upkeep\n|\n|t:|1783573005\n|switch|p2a: Sableye|Sableye, L88, M|82/100\n|turn|30\n|inactive|Time left: 300 sec this turn | 300 sec total\n|\n|t:|1783573006\n|move|p1a: Dragapult|Will-O-Wisp|p2a: Sableye\n|-status|p2a: Sableye|brn\n|move|p2a: Sableye|Knock Off|p1a: Dragapult\n|-supereffective|p1a: Dragapult\n|-damage|p1a: Dragapult|153/262\n|-enditem|p1a: Dragapult|Heavy-Duty Boots|[from] move: Knock Off|[of] p2a: Sableye\n|\n|-heal|p2a: Sableye|88/100 brn|[from] item: Leftovers\n|-damage|p2a: Sableye|82/100 brn|[from] brn\n|upkeep\n|turn|31\n|inactive|Time left: 300 sec this turn | 300 sec total\n|\n|t:|1783573007\n|switch|p2a: Great Tusk|Great Tusk, L77|100/100\n|move|p1a: Dragapult|Dragon Darts|p2a: Great Tusk\n|-damage|p2a: Great Tusk|86/100\n|-anim|p1a: Dragapult|Dragon Darts|p2a: Great Tusk\n|-damage|p2a: Great Tusk|73/100\n|\n|upkeep\n|turn|32\n|inactive|Time left: 300 sec this turn | 300 sec total\n|\n|t:|1783573008\n|-terastallize|p2a: Great Tusk|Ground\n|move|p1a: Dragapult|Will-O-Wisp|p2a: Great Tusk\n|-status|p2a: Great Tusk|brn\n|move|p2a: Great Tusk|Headlong Rush|p1a: Dragapult\n|-damage|p1a: Dragapult|36/262\n|-unboost|p2a: Great Tusk|def|1\n|-unboost|p2a: Great Tusk|spd|1\n|\n|-damage|p2a: Great Tusk|66/100 brn|[from] brn\n|upkeep\n|turn|33\n|inactive|Time left: 300 sec this turn | 300 sec total\n|\n|t:|1783573009\n|move|p1a: Dragapult|Hex|p2a: Great Tusk\n|-damage|p2a: Great Tusk|1/100 brn\n|move|p2a: Great Tusk|Headlong Rush|p1a: Dragapult\n|-damage|p1a: Dragapult|0 fnt\n|-unboost|p2a: Great Tusk|def|1\n|-unboost|p2a: Great Tusk|spd|1\n|faint|p1a: Dragapult\n|\n|win|p0y286357fd", "uploadtime": 1783573009, "views": 0, "rating": 0, "private": 0, "password": null, "_winner": "p0y286357fd", "_our_name": "p0x28637fb2"}