{"id": "battle-gen9randombattle-29", "formatid": "gen9randombattle", "format": "[Gen 9] Random Battle", "players": ["p0x029adab", "p0y0291772"], "log": "|init|battle\n|title|p0x029adab vs. p0y0291772\n|j|\u2606p0x029adab\n|j|\u2606p0y0291772\n|t:|1783533570\n|gametype|singles\n|player|p1|p0x029adab|2|\n|player|p2|p0y0291772|1|\n|gen|9\n|tier|[Gen 9] Random Battle\n|rule|Species Clause: Limit one of each Pok\u00e9mon\n|rule|HP Percentage Mod: HP is shown in percentages\n|rule|Sleep Clause Mod: Limit one foe put to sleep\n|rule|Illusion Level Mod: Illusion disguises the Pok\u00e9mon's true level\n|\n|t:|1783533570\n|teamsize|p1|6\n|teamsize|p2|6\n|start\n|switch|p1a: Gumshoos|Gumshoos, L95, M|321/321\n|switch|p2a: Hypno|Hypno, L95, M|100/100\n|turn|1\n|inactive|Battle timer is ON: inactive players will automatically lose when time's up. (requested by p0x029adab)\n|inactive|p0y0291772 also wants the timer to be on.\n|\n|t:|1783533571\n|move|p2a: Hypno|Knock Off|p1a: Gumshoos\n|-damage|p1a: Gumshoos|234/321\n|-enditem|p1a: Gumshoos|Choice Band|[from] move: Knock Off|[of] p2a: Hypno\n|move|p1a: Gumshoos|Knock Off|p2a: Hypno\n|-supereffective|p2a: Hypno\n|-damage|p2a: Hypno|33/100\n|-enditem|p2a: Hypno|Leftovers|[from] move: Knock Off|[of] p1a: Gumshoos\n|\n|upkeep\n|turn|2\n|inactive|Time left: 300 sec this turn | 300 sec total\n|\n|t:|1783533572\n|move|p2a: Hypno|Thunder Wave|p1a: Gumshoos\n|-status|p1a: Gumshoos|par\n|move|p1a: Gumshoos|Earthquake|p2a: Hypno\n|-damage|p2a: Hypno|0 fnt\n|faint|p2a: Hypno\n|\n|upkeep\n|\n|t:|1783533573\n|switch|p2a: Pelipper|Pelipper, L86, M|100/100\n|-weather|RainDance|[from] ability: Drizzle|[of] p2a: Pelipper\n|turn|3\n|inactive|Time left: 300 sec this turn | 300 sec total\n|\n|t:|1783533574\n|move|p2a: Pelipper|Weather Ball|p1a: Gumshoos\n|-damage|p1a: Gumshoos|0 fnt\n|faint|p1a: Gumshoos\n|\n|-weather|RainDance|[upkeep]\n|upkeep\n|inactive|Time left: 300 sec this turn | 300 sec total | 5 sec grace\n|\n|t:|1783533575\n|switch|p1a: Hydrapple|Hydrapple, L83, F|312/312\n|turn|4\n|inactive|Time left: 300 sec this turn | 300 sec total\n|\n|t:|1783533577\n|move|p2a: Pelipper|Weather Ball|p1a: Hydrapple\n|-resisted|p1a: Hydrapple\n|-damage|p1a: Hydrapple|245/312\n|move|p1a: Hydrapple|Nasty Plot|p1a: Hydrapple\n|-boost|p1a: Hydrapple|spa|2\n|\n|-weather|RainDance|[upkeep]\n|-heal|p1a: Hydrapple|264/312|[from] item: Leftovers\n|upkeep\n|turn|5\n|inactive|Time left: 300 sec this turn | 300 sec total\n|\n|t:|1783533578\n|move|p2a: Pelipper|Weather Ball|p1a: Hydrapple\n|-resisted|p1a: Hydrapple\n|-damage|p1a: Hydrapple|201/312\n|move|p1a: Hydrapple|Fickle Beam|p2a: Pelipper|[anim] Fickle Beam All Out\n|-activate|p1a: Hydrapple|move: Fickle Beam\n|-damage|p2a: Pelipper|0 fnt\n|faint|p2a: Pelipper\n|\n|-weather|RainDance|[upkeep]\n|-heal|p1a: Hydrapple|220/312|[from] item: Leftovers\n|upkeep\n|\n|t:|1783533579\n|switch|p2a: Flamigo|Flamigo, L82, F|100/100\n|turn|6\n|inactive|Time left: 300 sec this turn | 300 sec total\n|\n|t:|1783533580\n|move|p2a: Flamigo|Brave Bird|p1a: Hydrapple\n|-supereffective|p1a: Hydrapple\n|-damage|p1a: Hydrapple|0 fnt\n|faint|p1a: Hydrapple\n|-damage|p2a: Flamigo|73/100|[from] Recoil\n|-damage|p2a: Flamigo|64/100|[from] item: Life Orb\n|\n|-weather|RainDance|[upkeep]\n|upkeep\n|inactive|Time left: 300 sec this turn | 300 sec total | 5 sec grace\n|\n|t:|1783533581\n|switch|p1a: Whimsicott|Whimsicott, L84, F|238/238\n|turn|7\n|inactive|Time left: 300 sec this turn | 300 sec total\n|\n|t:|1783533582\n|-terastallize|p2a: Flamigo|Steel\n|move|p1a: Whimsicott|Moonblast|p2a: Flamigo\n|-resisted|p2a: Flamigo\n|-damage|p2a: Flamigo|45/100\n|move|p2a: Flamigo|Brave Bird|p1a: Whimsicott\n|-supereffective|p1a: Whimsicott\n|-damage|p1a: Whimsicott|0 fnt\n|faint|p1a: Whimsicott\n|-damage|p2a: Flamigo|16/100|[from] Recoil\n|-damage|p2a: Flamigo|6/100|[from] item: Life Orb\n|\n|-weather|none\n|upkeep\n|inactive|Time left: 300 sec this turn | 300 sec total | 5 sec grace\n|\n|t:|1783533583\n|switch|p1a: Persian|Persian-Alola, L86, M|252/252\n|turn|8\n|inactive|Time left: 300 sec this turn | 300 sec total\n|\n|t:|1783533584\n|move|p1a: Persian|Nasty Plot|p1a: Persian\n|-boost|p1a: Persian|spa|2\n|move|p2a: Flamigo|Close Combat|p1a: Persian\n|-supereffective|p1a: Persian\n|-damage|p1a: Persian|39/252\n|-unboost|p2a: Flamigo|def|1\n|-unboost|p2a: Flamigo|spd|1\n|-damage|p2a: Flamigo|0 fnt|[from] item: Life Orb\n|faint|p2a: Flamigo\n|\n|upkeep\n|\n|t:|1783533585\n|switch|p2a: Probopass|Probopass, L91, M|100/100\n|turn|9\n|inactive|Time left: 300 sec this turn | 300 sec total\n|\n|t:|1783533586\n|move|p1a: Persian|Dark Pulse|p2a: Probopass\n|-damage|p2a: Probopass|55/100\n|-damage|p1a: Persian|14/252|[from] item: Life Orb\n|cant|p2a: Probopass|flinch\n|\n|-heal|p2a: Probopass|61/100|[from] item: Leftovers\n|upkeep\n|turn|10\n|inactive|Time left: 300 sec this turn | 300 sec total\n|\n|t:|1783533587\n|move|p1a: Persian|Dark Pulse|p2a: Probopass\n|-damage|p2a: Probopass|15/100\n|-damage|p1a: Persian|0 fnt|[from] item: Life Orb\n|faint|p1a: Persian\n|move|p2a: Probopass|Flash Cannon|p1: Persian|[notarget]\n|-fail|p2a: Probopass\n|\n|-heal|p2a: Probopass|22/100|[from] item: Leftovers\n|upkeep\n|inactive|Time left: 300 sec this turn | 300 sec total | 5 sec grace\n|\n|t:|1783533588\n|switch|p1a: Donphan|Donphan, L84, M|288/288\n|turn|11\n|inactive|Time left: 300 sec this turn | 300 sec total\n|\n|t:|1783533589\n|switch|p2a: Glastrier|Glastrier, L86|100/100\n|move|p1a: Donphan|Earthquake|p2a: Glastrier\n|-damage|p2a: Glastrier|73/100\n|\n|upkeep\n|turn|12\n|inactive|Time left: 300 sec this turn | 300 sec total\n|\n|t:|1783533590\n|move|p1a: Donphan|Earthquake|p2a: Glastrier\n|-damage|p2a: Glastrier|46/100\n|move|p2a: Glastrier|Swords Dance|p2a: Glastrier\n|-boost|p2a: Glastrier|atk|2\n|\n|upkeep\n|turn|13\n|inactive|Time left: 300 sec this turn | 300 sec total\n|\n|t:|1783533591\n|move|p1a: Donphan|Earthquake|p2a: Glastrier\n|-crit|p2a: Glastrier\n|-damage|p2a: Glastrier|0 fnt\n|faint|p2a: Glastrier\n|\n|upkeep\n|\n|t:|1783533592\n|switch|p2a: Amoonguss|Amoonguss, L82, F|100/100\n|turn|14\n|inactive|Time left: 300 sec this turn | 300 sec total\n|\n|t:|1783533594\n|move|p1a: Donphan|Earthquake|p2a: Amoonguss\n|-damage|p2a: Amoonguss|52/100\n|move|p2a: Amoonguss|Spore|p1a: Donphan\n|-status|p1a: Donphan|slp|[from] move: Spore\n|\n|upkeep\n|turn|15\n|inactive|Time left: 300 sec this turn | 300 sec total\n|\n|t:|1783533595\n|switch|p1a: Camerupt|Camerupt, L91, M|275/275\n|move|p2a: Amoonguss|Giga Drain|p1a: Camerupt\n|-damage|p1a: Camerupt|205/275\n|-heal|p2a: Amoonguss|63/100|[from] drain|[of] p1a: Camerupt\n|\n|-heal|p1a: Camerupt|222/275|[from] item: Leftovers\n|upkeep\n|turn|16\n|inactive|Time left: 300 sec this turn | 300 sec total\n|\n|t:|1783533595\n|switch|p2a: Probopass|Probopass, L91, M|22/100\n|move|p1a: Camerupt|Earthquake|p2a: Probopass\n|-supereffective|p2a: Probopass\n|-damage|p2a: Probopass|0 fnt\n|faint|p2a: Probopass\n|\n|-heal|p1a: Camerupt|239/275|[from] item: Leftovers\n|upkeep\n|\n|t:|1783533596\n|switch|p2a: Amoonguss|Amoonguss, L82, F|96/100\n|turn|17\n|inactive|Time left: 300 sec this turn | 300 sec total\n|\n|t:|1783533597\n|-terastallize|p1a: Camerupt|Water\n|move|p1a: Camerupt|Overheat|p2a: Amoonguss\n|-supereffective|p2a: Amoonguss\n|-damage|p2a: Amoonguss|0 fnt\n|-unboost|p1a: Camerupt|spa|2\n|faint|p2a: Amoonguss\n|\n|win|p0x029adab", "uploadtime": 1783533597, "views": 0, "rating": 0, "private": 0, "password": null, "_winner": "p0x029adab", "_our_name": "p0x029adab"}