{"id": "battle-gen9randombattle-58", "formatid": "gen9randombattle", "format": "[Gen 9] Random Battle", "players": ["p0x058ddf4", "p0y0584b57"], "log": "|init|battle\n|title|p0x058ddf4 vs. p0y0584b57\n|j|\u2606p0x058ddf4\n|j|\u2606p0y0584b57\n|t:|1783534446\n|gametype|singles\n|player|p1|p0x058ddf4|170|\n|player|p2|p0y0584b57|102|\n|gen|9\n|tier|[Gen 9] Random Battle\n|rule|Species Clause: Limit one of each Pok\u00e9mon\n|rule|HP Percentage Mod: HP is shown in percentages\n|rule|Sleep Clause Mod: Limit one foe put to sleep\n|rule|Illusion Level Mod: Illusion disguises the Pok\u00e9mon's true level\n|\n|t:|1783534446\n|teamsize|p1|6\n|teamsize|p2|6\n|start\n|switch|p1a: Vikavolt|Vikavolt, L83, F|100/100\n|switch|p2a: Cresselia|Cresselia, L80, F|323/323\n|turn|1\n|inactive|Battle timer is ON: inactive players will automatically lose when time's up. (requested by p0y0584b57)\n|inactive|p0x058ddf4 also wants the timer to be on.\n|\n|t:|1783534447\n|move|p2a: Cresselia|Calm Mind|p2a: Cresselia\n|-boost|p2a: Cresselia|spa|1\n|-boost|p2a: Cresselia|spd|1\n|move|p1a: Vikavolt|Sticky Web|p2a: Cresselia\n|-sidestart|p2: p0y0584b57|move: Sticky Web\n|\n|upkeep\n|turn|2\n|inactive|Time left: 300 sec this turn | 300 sec total\n|\n|t:|1783534449\n|switch|p1a: Bisharp|Bisharp, L79, M|100/100\n|move|p2a: Cresselia|Calm Mind|p2a: Cresselia\n|-boost|p2a: Cresselia|spa|1\n|-boost|p2a: Cresselia|spd|1\n|\n|upkeep\n|turn|3\n|inactive|Time left: 300 sec this turn | 300 sec total\n|\n|t:|1783534450\n|move|p2a: Cresselia|Moonblast|p1a: Bisharp\n|-damage|p1a: Bisharp|66/100\n|move|p1a: Bisharp|Swords Dance|p1a: Bisharp\n|-boost|p1a: Bisharp|atk|2\n|\n|upkeep\n|turn|4\n|inactive|Time left: 300 sec this turn | 300 sec total\n|\n|t:|1783534451\n|-terastallize|p2a: Cresselia|Steel\n|move|p2a: Cresselia|Moonblast|p1a: Bisharp\n|-damage|p1a: Bisharp|26/100\n|move|p1a: Bisharp|Throat Chop|p2a: Cresselia\n|-damage|p2a: Cresselia|175/323\n|-start|p2a: Cresselia|Throat Chop|[silent]\n|\n|-heal|p2a: Cresselia|195/323|[from] item: Leftovers\n|upkeep\n|turn|5\n|inactive|Time left: 300 sec this turn | 300 sec total\n|\n|t:|1783534452\n|move|p1a: Bisharp|Sucker Punch|p2a: Cresselia\n|-damage|p2a: Cresselia|59/323\n|move|p2a: Cresselia|Moonblast|p1a: Bisharp\n|-damage|p1a: Bisharp|0 fnt\n|faint|p1a: Bisharp\n|\n|-heal|p2a: Cresselia|79/323|[from] item: Leftovers\n|-end|p2a: Cresselia|Throat Chop|[silent]\n|upkeep\n|\n|t:|1783534453\n|switch|p1a: Roaring Moon|Roaring Moon, L72|100/100\n|turn|6\n|inactive|Time left: 300 sec this turn | 300 sec total\n|\n|t:|1783534454\n|move|p1a: Roaring Moon|Knock Off|p2a: Cresselia\n|-damage|p2a: Cresselia|0 fnt\n|-enditem|p2a: Cresselia|Leftovers|[from] move: Knock Off|[of] p1a: Roaring Moon\n|faint|p2a: Cresselia\n|\n|upkeep\n|inactive|Time left: 300 sec this turn | 300 sec total | 5 sec grace\n|\n|t:|1783534455\n|switch|p2a: Conkeldurr|Conkeldurr, L80, M|299/299\n|-activate|p2a: Conkeldurr|move: Sticky Web\n|-unboost|p2a: Conkeldurr|spe|1\n|turn|7\n|inactive|Time left: 300 sec this turn | 300 sec total\n|\n|t:|1783534456\n|move|p1a: Roaring Moon|Knock Off|p2a: Conkeldurr\n|-resisted|p2a: Conkeldurr\n|-damage|p2a: Conkeldurr|251/299\n|-enditem|p2a: Conkeldurr|Flame Orb|[from] move: Knock Off|[of] p1a: Roaring Moon\n|move|p2a: Conkeldurr|Close Combat|p1a: Roaring Moon\n|-supereffective|p1a: Roaring Moon\n|-damage|p1a: Roaring Moon|0 fnt\n|-unboost|p2a: Conkeldurr|def|1\n|-unboost|p2a: Conkeldurr|spd|1\n|faint|p1a: Roaring Moon\n|-end|p1a: Roaring Moon|Protosynthesis|[silent]\n|\n|upkeep\n|\n|t:|1783534457\n|switch|p1a: Slowbro|Slowbro, L85, M|100/100\n|turn|8\n|inactive|Time left: 300 sec this turn | 300 sec total\n|\n|t:|1783534458\n|switch|p2a: Fezandipiti|Fezandipiti, L82, M|278/278\n|-activate|p2a: Fezandipiti|move: Sticky Web\n|-unboost|p2a: Fezandipiti|spe|1\n|move|p1a: Slowbro|Calm Mind|p1a: Slowbro\n|-boost|p1a: Slowbro|spa|1\n|-boost|p1a: Slowbro|spd|1\n|\n|upkeep\n|turn|9\n|inactive|Time left: 300 sec this turn | 300 sec total\n|\n|t:|1783534459\n|move|p2a: Fezandipiti|Gunk Shot|p1a: Slowbro\n|-damage|p1a: Slowbro|69/100\n|-status|p1a: Slowbro|tox|[from] ability: Toxic Chain|[of] p2a: Fezandipiti\n|move|p1a: Slowbro|Psyshock|p2a: Fezandipiti\n|-supereffective|p2a: Fezandipiti\n|-damage|p2a: Fezandipiti|0 fnt\n|faint|p2a: Fezandipiti\n|\n|-damage|p1a: Slowbro|63/100 tox|[from] psn\n|upkeep\n|inactive|Time left: 300 sec this turn | 300 sec total | 5 sec grace\n|\n|t:|1783534460\n|switch|p2a: Ceruledge|Ceruledge, L78, F|245/245\n|turn|10\n|inactive|Time left: 300 sec this turn | 300 sec total\n|\n|t:|1783534461\n|-terastallize|p1a: Slowbro|Fairy\n|move|p2a: Ceruledge|Poltergeist|p1a: Slowbro\n|-activate|p1a: Slowbro|move: Poltergeist|Rocky Helmet\n|-damage|p1a: Slowbro|27/100 tox\n|move|p1a: Slowbro|Scald|p2a: Ceruledge\n|-supereffective|p2a: Ceruledge\n|-crit|p2a: Ceruledge\n|-damage|p2a: Ceruledge|0 fnt\n|faint|p2a: Ceruledge\n|\n|-damage|p1a: Slowbro|15/100 tox|[from] psn\n|upkeep\n|inactive|Time left: 300 sec this turn | 300 sec total | 5 sec grace\n|\n|t:|1783534462\n|switch|p2a: Magmortar|Magmortar, L88, M|275/275\n|turn|11\n|inactive|Time left: 300 sec this turn | 300 sec total\n|\n|t:|1783534463\n|switch|p1a: Zekrom|Zekrom, L71|100/100\n|-ability|p1a: Zekrom|Teravolt\n|move|p2a: Magmortar|Fire Blast|p1a: Zekrom\n|-resisted|p1a: Zekrom\n|-damage|p1a: Zekrom|67/100\n|\n|-heal|p1a: Zekrom|73/100|[from] item: Leftovers\n|upkeep\n|turn|12\n|inactive|Time left: 300 sec this turn | 300 sec total\n|\n|t:|1783534463\n|move|p2a: Magmortar|Focus Blast|p1a: Zekrom\n|-damage|p1a: Zekrom|23/100\n|move|p1a: Zekrom|Dragon Dance|p1a: Zekrom\n|-boost|p1a: Zekrom|atk|1\n|-boost|p1a: Zekrom|spe|1\n|\n|-heal|p1a: Zekrom|29/100|[from] item: Leftovers\n|upkeep\n|turn|13\n|inactive|Time left: 300 sec this turn | 300 sec total\n|\n|t:|1783534464\n|move|p1a: Zekrom|Outrage|p2a: Magmortar\n|-damage|p2a: Magmortar|65/275\n|move|p2a: Magmortar|Fire Blast|p1a: Zekrom\n|-resisted|p1a: Zekrom\n|-damage|p1a: Zekrom|0 fnt\n|faint|p1a: Zekrom\n|\n|upkeep\n|\n|t:|1783534465\n|switch|p1a: Tsareena|Tsareena, L87, F|100/100\n|turn|14\n|inactive|Time left: 300 sec this turn | 300 sec total\n|\n|t:|1783534466\n|move|p2a: Magmortar|Fire Blast|p1a: Tsareena\n|-supereffective|p1a: Tsareena\n|-damage|p1a: Tsareena|33/100\n|move|p1a: Tsareena|High Jump Kick|p2a: Magmortar\n|-damage|p2a: Magmortar|0 fnt\n|-status|p1a: Tsareena|brn|[from] ability: Flame Body|[of] p2a: Magmortar\n|faint|p2a: Magmortar\n|\n|-damage|p1a: Tsareena|27/100 brn|[from] brn\n|upkeep\n|inactive|Time left: 300 sec this turn | 300 sec total | 5 sec grace\n|\n|t:|1783534466\n|switch|p2a: Iron Valiant|Iron Valiant, L78|244/244\n|-activate|p2a: Iron Valiant|move: Sticky Web\n|-unboost|p2a: Iron Valiant|spe|1\n|turn|15\n|inactive|Time left: 300 sec this turn | 300 sec total\n|\n|t:|1783534467\n|move|p1a: Tsareena|Power Whip|p2a: Iron Valiant\n|-damage|p2a: Iron Valiant|164/244\n|move|p2a: Iron Valiant|Calm Mind|p2a: Iron Valiant\n|-boost|p2a: Iron Valiant|spa|1\n|-boost|p2a: Iron Valiant|spd|1\n|\n|-damage|p1a: Tsareena|21/100 brn|[from] brn\n|upkeep\n|turn|16\n|inactive|Time left: 300 sec this turn | 300 sec total\n|\n|t:|1783534468\n|move|p1a: Tsareena|Power Whip|p2a: Iron Valiant\n|-damage|p2a: Iron Valiant|84/244\n|move|p2a: Iron Valiant|Calm Mind|p2a: Iron Valiant\n|-boost|p2a: Iron Valiant|spa|1\n|-boost|p2a: Iron Valiant|spd|1\n|\n|-damage|p1a: Tsareena|15/100 brn|[from] brn\n|upkeep\n|turn|17\n|inactive|Time left: 300 sec this turn | 300 sec total\n|\n|t:|1783534469\n|move|p1a: Tsareena|Power Whip|p2a: Iron Valiant\n|-damage|p2a: Iron Valiant|0 fnt\n|faint|p2a: Iron Valiant\n|-end|p2a: Iron Valiant|Quark Drive|[silent]\n|\n|-damage|p1a: Tsareena|9/100 brn|[from] brn\n|upkeep\n|inactive|Time left: 300 sec this turn | 300 sec total | 5 sec grace\n|\n|t:|1783534470\n|switch|p2a: Conkeldurr|Conkeldurr, L80, M|251/299\n|-activate|p2a: Conkeldurr|move: Sticky Web\n|-unboost|p2a: Conkeldurr|spe|1\n|turn|18\n|inactive|Time left: 300 sec this turn | 300 sec total\n|\n|t:|1783534471\n|switch|p1a: Slowbro|Slowbro, L85, M, tera:Fairy|48/100 tox\n|move|p2a: Conkeldurr|Mach Punch|p1a: Slowbro\n|-resisted|p1a: Slowbro\n|-damage|p1a: Slowbro|41/100 tox\n|-damage|p2a: Conkeldurr|202/299|[from] item: Rocky Helmet|[of] p1a: Slowbro\n|\n|-damage|p1a: Slowbro|35/100 tox|[from] psn\n|upkeep\n|turn|19\n|inactive|Time left: 300 sec this turn | 300 sec total\n|\n|t:|1783534472\n|move|p1a: Slowbro|Psyshock|p2a: Conkeldurr\n|-supereffective|p2a: Conkeldurr\n|-damage|p2a: Conkeldurr|10/299\n|move|p2a: Conkeldurr|Knock Off|p1a: Slowbro\n|-resisted|p1a: Slowbro\n|-damage|p1a: Slowbro|23/100 tox\n|-damage|p2a: Conkeldurr|0 fnt|[from] item: Rocky Helmet|[of] p1a: Slowbro\n|faint|p2a: Conkeldurr\n|\n|win|p0x058ddf4", "uploadtime": 1783534472, "views": 0, "rating": 0, "private": 0, "password": null, "_winner": "p0x058ddf4", "_our_name": "p0y0584b57"}