{"id": "battle-gen9randombattle-1101", "formatid": "gen9randombattle", "format": "[Gen 9] Random Battle", "players": ["p0x11011f65", "p0y11018608"], "log": "|init|battle\n|title|p0x11011f65 vs. p0y11018608\n|j|\u2606p0x11011f65\n|j|\u2606p0y11018608\n|t:|1783551927\n|gametype|singles\n|player|p1|p0x11011f65|170|\n|player|p2|p0y11018608|266|\n|gen|9\n|tier|[Gen 9] Random Battle\n|rule|Species Clause: Limit one of each Pok\u00e9mon\n|rule|HP Percentage Mod: HP is shown in percentages\n|rule|Sleep Clause Mod: Limit one foe put to sleep\n|rule|Illusion Level Mod: Illusion disguises the Pok\u00e9mon's true level\n|\n|t:|1783551927\n|teamsize|p1|6\n|teamsize|p2|6\n|start\n|switch|p1a: Plusle|Plusle, L95, F|100/100\n|switch|p2a: Mew|Mew, L82|298/298\n|turn|1\n|inactive|Battle timer is ON: inactive players will automatically lose when time's up. (requested by p0y11018608)\n|inactive|p0x11011f65 also wants the timer to be on.\n|\n|t:|1783551929\n|move|p1a: Plusle|Nasty Plot|p1a: Plusle\n|-boost|p1a: Plusle|spa|2\n|move|p2a: Mew|Stealth Rock|p1a: Plusle\n|-sidestart|p1: p0x11011f65|move: Stealth Rock\n|\n|upkeep\n|turn|2\n|inactive|Time left: 300 sec this turn | 300 sec total\n|\n|t:|1783551930\n|switch|p2a: Pachirisu|Pachirisu, L96, M|271/271\n|move|p1a: Plusle|Thunderbolt|p2a: Pachirisu\n|-immune|p2a: Pachirisu|[from] ability: Volt Absorb\n|\n|upkeep\n|turn|3\n|inactive|Time left: 300 sec this turn | 300 sec total\n|\n|t:|1783551932\n|move|p2a: Pachirisu|Super Fang|p1a: Plusle\n|-damage|p1a: Plusle|50/100\n|move|p1a: Plusle|Thunderbolt|p2a: Pachirisu\n|-immune|p2a: Pachirisu|[from] ability: Volt Absorb\n|\n|upkeep\n|turn|4\n|inactive|Time left: 300 sec this turn | 300 sec total\n|\n|t:|1783551933\n|move|p2a: Pachirisu|Super Fang|p1a: Plusle\n|-damage|p1a: Plusle|25/100\n|move|p1a: Plusle|Thunderbolt|p2a: Pachirisu\n|-immune|p2a: Pachirisu|[from] ability: Volt Absorb\n|\n|upkeep\n|turn|5\n|inactive|Time left: 300 sec this turn | 300 sec total\n|\n|t:|1783551934\n|move|p2a: Pachirisu|U-turn|p1a: Plusle\n|-damage|p1a: Plusle|4/100\n|inactive|Time left: 300 sec this turn | 300 sec total | 5 sec grace\n|\n|t:|1783551935\n|switch|p2a: Mesprit|Mesprit, L85|275/275|[from] U-turn\n|move|p1a: Plusle|Thunderbolt|p2a: Mesprit\n|-damage|p2a: Mesprit|94/275\n|-damage|p1a: Plusle|0 fnt|[from] item: Life Orb\n|faint|p1a: Plusle\n|\n|upkeep\n|\n|t:|1783551937\n|switch|p1a: Venomoth|Venomoth, L84, M|100/100\n|turn|6\n|inactive|Time left: 300 sec this turn | 300 sec total\n|\n|t:|1783551938\n|move|p1a: Venomoth|Bug Buzz|p2a: Mesprit\n|-supereffective|p2a: Mesprit\n|-damage|p2a: Mesprit|0 fnt\n|faint|p2a: Mesprit\n|\n|upkeep\n|inactive|Time left: 300 sec this turn | 300 sec total | 5 sec grace\n|\n|t:|1783551939\n|switch|p2a: Miraidon|Miraidon, L65|238/238\n|-fieldstart|move: Electric Terrain|[from] ability: Hadron Engine|[of] p2a: Miraidon\n|turn|7\n|inactive|Time left: 300 sec this turn | 300 sec total\n|\n|t:|1783551940\n|move|p2a: Miraidon|Electro Drift|p1a: Venomoth\n|-damage|p1a: Venomoth|6/100\n|move|p1a: Venomoth|Sludge Wave|p2a: Miraidon\n|-damage|p2a: Miraidon|130/238\n|\n|upkeep\n|turn|8\n|inactive|Time left: 300 sec this turn | 300 sec total\n|\n|t:|1783551941\n|move|p2a: Miraidon|Electro Drift|p1a: Venomoth\n|-damage|p1a: Venomoth|0 fnt\n|faint|p1a: Venomoth\n|\n|upkeep\n|\n|t:|1783551942\n|switch|p1a: Polteageist|Polteageist, L78|100/100\n|-damage|p1a: Polteageist|88/100|[from] Stealth Rock\n|turn|9\n|inactive|Time left: 300 sec this turn | 300 sec total\n|\n|t:|1783551943\n|move|p2a: Miraidon|Electro Drift|p1a: Polteageist\n|-damage|p1a: Polteageist|0 fnt\n|-start|p2a: Miraidon|Disable|Electro Drift|[from] ability: Cursed Body|[of] p1a: Polteageist\n|faint|p1a: Polteageist\n|\n|upkeep\n|\n|t:|1783551944\n|switch|p1a: Golduck|Golduck, L90, M|100/100\n|-damage|p1a: Golduck|88/100|[from] Stealth Rock\n|-ability|p1a: Golduck|Cloud Nine\n|turn|10\n|inactive|Time left: 300 sec this turn | 300 sec total\n|\n|t:|1783551945\n|switch|p2a: Pachirisu|Pachirisu, L96, M|271/271\n|move|p1a: Golduck|Encore||[still]\n|-fail|p1a: Golduck\n|\n|-heal|p1a: Golduck|94/100|[from] item: Leftovers\n|upkeep\n|turn|11\n|inactive|Time left: 300 sec this turn | 300 sec total\n|\n|t:|1783551946\n|move|p2a: Pachirisu|Discharge|p1a: Golduck\n|-supereffective|p1a: Golduck\n|-damage|p1a: Golduck|32/100\n|move|p1a: Golduck|Nasty Plot|p1a: Golduck\n|-boost|p1a: Golduck|spa|2\n|\n|-heal|p1a: Golduck|38/100|[from] item: Leftovers\n|-fieldend|move: Electric Terrain\n|upkeep\n|turn|12\n|inactive|Time left: 300 sec this turn | 300 sec total\n|\n|t:|1783551947\n|move|p2a: Pachirisu|Discharge|p1a: Golduck\n|-supereffective|p1a: Golduck\n|-damage|p1a: Golduck|0 fnt\n|faint|p1a: Golduck\n|\n|upkeep\n|\n|t:|1783551948\n|switch|p1a: Zapdos|Zapdos-Galar, L77|100/100\n|-damage|p1a: Zapdos|88/100|[from] Stealth Rock\n|turn|13\n|inactive|Time left: 300 sec this turn | 300 sec total\n|\n|t:|1783551949\n|move|p2a: Pachirisu|Discharge|p1a: Zapdos\n|-supereffective|p1a: Zapdos\n|-damage|p1a: Zapdos|33/100\n|move|p1a: Zapdos|Knock Off|p2a: Pachirisu\n|-damage|p2a: Pachirisu|155/271\n|-enditem|p2a: Pachirisu|Heavy-Duty Boots|[from] move: Knock Off|[of] p1a: Zapdos\n|\n|upkeep\n|turn|14\n|inactive|Time left: 300 sec this turn | 300 sec total\n|\n|t:|1783551950\n|move|p2a: Pachirisu|Discharge|p1a: Zapdos\n|-supereffective|p1a: Zapdos\n|-damage|p1a: Zapdos|0 fnt\n|faint|p1a: Zapdos\n|\n|upkeep\n|\n|t:|1783551951\n|switch|p1a: Tauros|Tauros-Paldea-Aqua, L81, M|100/100\n|-damage|p1a: Tauros|95/100|[from] Stealth Rock\n|-ability|p1a: Tauros|Intimidate|boost\n|-unboost|p2a: Pachirisu|atk|1\n|turn|15\n|inactive|Time left: 300 sec this turn | 300 sec total\n|\n|t:|1783551952\n|-terastallize|p1a: Tauros|Water\n|move|p1a: Tauros|Aqua Jet|p2a: Pachirisu\n|-damage|p2a: Pachirisu|69/271\n|move|p2a: Pachirisu|Discharge|p1a: Tauros\n|-supereffective|p1a: Tauros\n|-damage|p1a: Tauros|26/100\n|\n|upkeep\n|turn|16\n|inactive|Time left: 300 sec this turn | 300 sec total\n|\n|t:|1783551953\n|-terastallize|p2a: Pachirisu|Flying\n|move|p1a: Tauros|Aqua Jet|p2a: Pachirisu\n|-damage|p2a: Pachirisu|0 fnt\n|faint|p2a: Pachirisu\n|\n|upkeep\n|inactive|Time left: 300 sec this turn | 300 sec total | 5 sec grace\n|\n|t:|1783551954\n|switch|p2a: Miraidon|Miraidon, L65|130/238\n|-fieldstart|move: Electric Terrain|[from] ability: Hadron Engine|[of] p2a: Miraidon\n|turn|17\n|inactive|Time left: 300 sec this turn | 300 sec total\n|\n|t:|1783551955\n|move|p1a: Tauros|Aqua Jet|p2a: Miraidon\n|-resisted|p2a: Miraidon\n|-damage|p2a: Miraidon|77/238\n|move|p2a: Miraidon|Electro Drift|p1a: Tauros\n|-supereffective|p1a: Tauros\n|-damage|p1a: Tauros|0 fnt\n|faint|p1a: Tauros\n|\n|win|p0y11018608", "uploadtime": 1783551955, "views": 0, "rating": 0, "private": 0, "password": null, "_winner": "p0y11018608", "_our_name": "p0y11018608"}