{"id": "battle-gen9randombattle-265", "formatid": "gen9randombattle", "format": "[Gen 9] Random Battle", "players": ["p0x265b3f1", "p0y265464f"], "log": "|init|battle\n|title|p0x265b3f1 vs. p0y265464f\n|j|\u2606p0x265b3f1\n|j|\u2606p0y265464f\n|t:|1783542151\n|gametype|singles\n|player|p1|p0x265b3f1|170|\n|player|p2|p0y265464f|1|\n|gen|9\n|tier|[Gen 9] Random Battle\n|rule|Species Clause: Limit one of each Pok\u00e9mon\n|rule|HP Percentage Mod: HP is shown in percentages\n|rule|Sleep Clause Mod: Limit one foe put to sleep\n|rule|Illusion Level Mod: Illusion disguises the Pok\u00e9mon's true level\n|\n|t:|1783542151\n|teamsize|p1|6\n|teamsize|p2|6\n|start\n|switch|p1a: Scream Tail|Scream Tail, L84|100/100\n|switch|p2a: Sceptile|Sceptile, L87, F|264/264\n|turn|1\n|inactive|Battle timer is ON: inactive players will automatically lose when time's up. (requested by p0x265b3f1)\n|inactive|Time left: 300 sec this turn | 300 sec total | 60 sec grace\n|inactive|p0y265464f also wants the timer to be on.\n|\n|t:|1783542152\n|switch|p2a: Swalot|Swalot, L90, M|326/326\n|move|p1a: Scream Tail|Dazzling Gleam|p2a: Swalot\n|-resisted|p2a: Swalot\n|-damage|p2a: Swalot|293/326\n|\n|-heal|p2a: Swalot|313/326|[from] item: Leftovers\n|upkeep\n|turn|2\n|inactive|Time left: 300 sec this turn | 300 sec total\n|\n|t:|1783542154\n|-end|p1a: Scream Tail|Protosynthesis|[silent]\n|switch|p1a: Klawf|Klawf, L90, M|100/100\n|move|p2a: Swalot|Swords Dance|p2a: Swalot\n|-boost|p2a: Swalot|atk|2\n|\n|-heal|p2a: Swalot|326/326|[from] item: Leftovers\n|upkeep\n|turn|3\n|inactive|Time left: 300 sec this turn | 300 sec total\n|\n|t:|1783542155\n|-terastallize|p1a: Klawf|Ground\n|move|p1a: Klawf|High Horsepower|p2a: Swalot\n|-supereffective|p2a: Swalot\n|-damage|p2a: Swalot|0 fnt\n|faint|p2a: Swalot\n|\n|upkeep\n|inactive|Time left: 300 sec this turn | 300 sec total | 5 sec grace\n|\n|t:|1783542156\n|switch|p2a: Ninetales|Ninetales-Alola, L78, M|242/242\n|-weather|Snowscape|[from] ability: Snow Warning|[of] p2a: Ninetales\n|turn|4\n|inactive|Time left: 300 sec this turn | 300 sec total\n|\n|t:|1783542157\n|move|p2a: Ninetales|Aurora Veil|p2a: Ninetales\n|-sidestart|p2: p0y265464f|move: Aurora Veil\n|move|p1a: Klawf|High Horsepower|p2a: Ninetales\n|-damage|p2a: Ninetales|164/242\n|\n|-weather|Snowscape|[upkeep]\n|upkeep\n|turn|5\n|inactive|Time left: 300 sec this turn | 300 sec total\n|\n|t:|1783542159\n|switch|p2a: Rhyperior|Rhyperior, L82, M|323/323\n|move|p1a: Klawf|High Horsepower|p2a: Rhyperior\n|-supereffective|p2a: Rhyperior\n|-damage|p2a: Rhyperior|226/323\n|-enditem|p2a: Rhyperior|Weakness Policy\n|-boost|p2a: Rhyperior|atk|2|[from] item: Weakness Policy\n|-boost|p2a: Rhyperior|spa|2|[from] item: Weakness Policy\n|\n|-weather|Snowscape|[upkeep]\n|upkeep\n|turn|6\n|inactive|Time left: 300 sec this turn | 300 sec total\n|\n|t:|1783542160\n|move|p1a: Klawf|High Horsepower|p2a: Rhyperior\n|-supereffective|p2a: Rhyperior\n|-damage|p2a: Rhyperior|117/323\n|move|p2a: Rhyperior|Earthquake|p1a: Klawf\n|-damage|p1a: Klawf|28/100\n|\n|-weather|Snowscape|[upkeep]\n|upkeep\n|turn|7\n|inactive|Time left: 300 sec this turn | 300 sec total\n|\n|t:|1783542161\n|move|p1a: Klawf|High Horsepower|p2a: Rhyperior\n|-supereffective|p2a: Rhyperior\n|-damage|p2a: Rhyperior|23/323\n|move|p2a: Rhyperior|Rock Polish|p2a: Rhyperior\n|-boost|p2a: Rhyperior|spe|2\n|\n|-weather|Snowscape|[upkeep]\n|upkeep\n|turn|8\n|inactive|Time left: 300 sec this turn | 300 sec total\n|\n|t:|1783542162\n|move|p2a: Rhyperior|Ice Punch|p1a: Klawf\n|-supereffective|p1a: Klawf\n|-damage|p1a: Klawf|0 fnt\n|faint|p1a: Klawf\n|\n|-weather|none\n|upkeep\n|\n|t:|1783542163\n|switch|p1a: Indeedee|Indeedee-F, L90, F|100/100\n|-fieldstart|move: Psychic Terrain|[from] ability: Psychic Surge|[of] p1a: Indeedee\n|turn|9\n|inactive|Time left: 300 sec this turn | 300 sec total\n|\n|t:|1783542164\n|move|p1a: Indeedee|Hyper Voice|p2a: Rhyperior\n|-resisted|p2a: Rhyperior\n|-damage|p2a: Rhyperior|0 fnt\n|faint|p2a: Rhyperior\n|\n|upkeep\n|inactive|Time left: 300 sec this turn | 300 sec total | 5 sec grace\n|\n|t:|1783542165\n|switch|p2a: Basculin|Basculin-Blue-Striped, L86, M|261/261\n|turn|10\n|inactive|Time left: 300 sec this turn | 300 sec total\n|\n|t:|1783542166\n|switch|p1a: Scream Tail|Scream Tail, L84|100/100\n|move|p2a: Basculin|Wave Crash|p1a: Scream Tail\n|-damage|p1a: Scream Tail|31/100\n|-damage|p2a: Basculin|186/261|[from] Recoil\n|\n|-heal|p1a: Scream Tail|37/100|[from] item: Leftovers\n|upkeep\n|turn|11\n|inactive|Time left: 300 sec this turn | 300 sec total\n|\n|t:|1783542167\n|move|p1a: Scream Tail|Dazzling Gleam|p2a: Basculin\n|-damage|p2a: Basculin|144/261\n|move|p2a: Basculin|Wave Crash|p1a: Scream Tail\n|-damage|p1a: Scream Tail|0 fnt\n|faint|p1a: Scream Tail\n|-end|p1a: Scream Tail|Protosynthesis|[silent]\n|-damage|p2a: Basculin|104/261|[from] Recoil\n|\n|-sideend|p2: p0y265464f|move: Aurora Veil\n|upkeep\n|\n|t:|1783542168\n|switch|p1a: Indeedee|Indeedee-F, L90, F|100/100\n|turn|12\n|inactive|Time left: 300 sec this turn | 300 sec total\n|\n|t:|1783542169\n|switch|p2a: Brute Bonnet|Brute Bonnet, L80|309/309\n|move|p1a: Indeedee|Psychic|p2a: Brute Bonnet\n|-immune|p2a: Brute Bonnet\n|\n|upkeep\n|turn|13\n|inactive|Time left: 300 sec this turn | 300 sec total\n|\n|t:|1783542169\n|switch|p1a: Toucannon|Toucannon, L88, M|100/100\n|move|p2a: Brute Bonnet|Crunch|p1a: Toucannon\n|-damage|p1a: Toucannon|60/100\n|\n|-fieldend|move: Psychic Terrain\n|upkeep\n|turn|14\n|inactive|Time left: 300 sec this turn | 300 sec total\n|\n|t:|1783542170\n|-singleturn|p1a: Toucannon|move: Beak Blast\n|move|p2a: Brute Bonnet|Spore|p1a: Toucannon\n|-status|p1a: Toucannon|slp|[from] move: Spore\n|cant|p1a: Toucannon|slp\n|\n|upkeep\n|turn|15\n|inactive|Time left: 300 sec this turn | 300 sec total\n|\n|t:|1783542171\n|-singleturn|p1a: Toucannon|move: Beak Blast\n|move|p2a: Brute Bonnet|Crunch|p1a: Toucannon\n|-damage|p1a: Toucannon|21/100 slp\n|-status|p2a: Brute Bonnet|brn\n|-curestatus|p1a: Toucannon|slp|[msg]\n|move|p1a: Toucannon|Beak Blast|p2a: Brute Bonnet\n|-supereffective|p2a: Brute Bonnet\n|-damage|p2a: Brute Bonnet|55/309 brn\n|\n|-heal|p2a: Brute Bonnet|74/309 brn|[from] item: Leftovers\n|-damage|p2a: Brute Bonnet|55/309 brn|[from] brn\n|upkeep\n|turn|16\n|inactive|Time left: 300 sec this turn | 300 sec total\n|\n|t:|1783542172\n|-end|p2a: Brute Bonnet|Protosynthesis|[silent]\n|switch|p2a: Ninetales|Ninetales-Alola, L78, M|164/242\n|-weather|Snowscape|[from] ability: Snow Warning|[of] p2a: Ninetales\n|move|p1a: Toucannon|Roost|p1a: Toucannon\n|-heal|p1a: Toucannon|71/100\n|-singleturn|p1a: Toucannon|move: Roost\n|\n|-weather|Snowscape|[upkeep]\n|upkeep\n|turn|17\n|inactive|Time left: 300 sec this turn | 300 sec total\n|\n|t:|1783542173\n|-singleturn|p1a: Toucannon|move: Beak Blast\n|move|p2a: Ninetales|Aurora Veil|p2a: Ninetales\n|-sidestart|p2: p0y265464f|move: Aurora Veil\n|move|p1a: Toucannon|Beak Blast|p2a: Ninetales\n|-damage|p2a: Ninetales|108/242\n|\n|-weather|Snowscape|[upkeep]\n|upkeep\n|turn|18\n|inactive|Time left: 300 sec this turn | 300 sec total\n|\n|t:|1783542173\n|move|p2a: Ninetales|Blizzard|p1a: Toucannon\n|-supereffective|p1a: Toucannon\n|-damage|p1a: Toucannon|7/100\n|move|p1a: Toucannon|Roost|p1a: Toucannon\n|-heal|p1a: Toucannon|57/100\n|-singleturn|p1a: Toucannon|move: Roost\n|\n|-weather|Snowscape|[upkeep]\n|upkeep\n|turn|19\n|inactive|Time left: 300 sec this turn | 300 sec total\n|\n|t:|1783542174\n|move|p2a: Ninetales|Blizzard|p1a: Toucannon\n|-supereffective|p1a: Toucannon\n|-damage|p1a: Toucannon|0 fnt\n|faint|p1a: Toucannon\n|\n|-weather|Snowscape|[upkeep]\n|upkeep\n|\n|t:|1783542175\n|switch|p1a: Indeedee|Indeedee-F, L90, F|100/100\n|-fieldstart|move: Psychic Terrain|[from] ability: Psychic Surge|[of] p1a: Indeedee\n|turn|20\n|inactive|Time left: 300 sec this turn | 300 sec total\n|\n|t:|1783542176\n|move|p1a: Indeedee|Psychic|p2a: Ninetales\n|-damage|p2a: Ninetales|42/242\n|move|p2a: Ninetales|Blizzard|p1a: Indeedee\n|-crit|p1a: Indeedee\n|-damage|p1a: Indeedee|62/100\n|\n|-weather|none\n|upkeep\n|turn|21\n|inactive|Time left: 300 sec this turn | 300 sec total\n|\n|t:|1783542177\n|switch|p2a: Brute Bonnet|Brute Bonnet, L80|55/309 brn\n|move|p1a: Indeedee|Psychic|p2a: Brute Bonnet\n|-immune|p2a: Brute Bonnet\n|\n|-heal|p2a: Brute Bonnet|74/309 brn|[from] item: Leftovers\n|-damage|p2a: Brute Bonnet|55/309 brn|[from] brn\n|upkeep\n|turn|22\n|inactive|Time left: 300 sec this turn | 300 sec total\n|\n|t:|1783542178\n|move|p1a: Indeedee|Psychic|p2a: Brute Bonnet\n|-immune|p2a: Brute Bonnet\n|move|p2a: Brute Bonnet|Crunch|p1a: Indeedee\n|-supereffective|p1a: Indeedee\n|-damage|p1a: Indeedee|17/100\n|\n|-heal|p2a: Brute Bonnet|74/309 brn|[from] item: Leftovers\n|-damage|p2a: Brute Bonnet|55/309 brn|[from] brn\n|upkeep\n|turn|23\n|inactive|Time left: 300 sec this turn | 300 sec total\n|\n|t:|1783542179\n|move|p1a: Indeedee|Psychic|p2a: Brute Bonnet\n|-immune|p2a: Brute Bonnet\n|move|p2a: Brute Bonnet|Spore|p1a: Indeedee\n|-status|p1a: Indeedee|slp|[from] move: Spore\n|\n|-heal|p2a: Brute Bonnet|74/309 brn|[from] item: Leftovers\n|-damage|p2a: Brute Bonnet|55/309 brn|[from] brn\n|upkeep\n|turn|24\n|inactive|Time left: 300 sec this turn | 300 sec total\n|\n|t:|1783542180\n|switch|p1a: Pikachu|Pikachu-Original, L93, M|100/100\n|-end|p2a: Brute Bonnet|Protosynthesis|[silent]\n|switch|p2a: Ninetales|Ninetales-Alola, L78, M|42/242\n|-weather|Snowscape|[from] ability: Snow Warning|[of] p2a: Ninetales\n|\n|-weather|Snowscape|[upkeep]\n|-sideend|p2: p0y265464f|move: Aurora Veil\n|-fieldend|move: Psychic Terrain\n|upkeep\n|turn|25\n|inactive|Time left: 300 sec this turn | 300 sec total\n|\n|t:|1783542181\n|switch|p2a: Sceptile|Sceptile, L87, F|264/264\n|move|p1a: Pikachu|Volt Switch|p2a: Sceptile\n|-resisted|p2a: Sceptile\n|-damage|p2a: Sceptile|212/264\n|\n|t:|1783542182\n|switch|p1a: Thundurus|Thundurus-Therian, L80, M|100/100|[from] Volt Switch\n|\n|-weather|Snowscape|[upkeep]\n|-heal|p2a: Sceptile|228/264|[from] item: Leftovers\n|upkeep\n|turn|26\n|inactive|Time left: 300 sec this turn | 300 sec total\n|\n|t:|1783542183\n|move|p2a: Sceptile|Leech Seed|p1a: Thundurus|[miss]\n|-miss|p2a: Sceptile|p1a: Thundurus\n|move|p1a: Thundurus|Nasty Plot|p1a: Thundurus\n|-boost|p1a: Thundurus|spa|2\n|\n|-weather|Snowscape|[upkeep]\n|-heal|p2a: Sceptile|244/264|[from] item: Leftovers\n|upkeep\n|turn|27\n|inactive|Time left: 300 sec this turn | 300 sec total\n|\n|t:|1783542184\n|move|p2a: Sceptile|Leech Seed|p1a: Thundurus|[miss]\n|-miss|p2a: Sceptile|p1a: Thundurus\n|move|p1a: Thundurus|Nasty Plot|p1a: Thundurus\n|-boost|p1a: Thundurus|spa|2\n|\n|-weather|Snowscape|[upkeep]\n|-heal|p2a: Sceptile|260/264|[from] item: Leftovers\n|upkeep\n|turn|28\n|inactive|Time left: 300 sec this turn | 300 sec total\n|\n|t:|1783542185\n|switch|p2a: Brute Bonnet|Brute Bonnet, L80|55/309 brn\n|move|p1a: Thundurus|Thunderbolt|p2a: Brute Bonnet\n|-resisted|p2a: Brute Bonnet\n|-damage|p2a: Brute Bonnet|0 fnt\n|faint|p2a: Brute Bonnet\n|-end|p2a: Brute Bonnet|Protosynthesis|[silent]\n|\n|-weather|none\n|upkeep\n|inactive|Time left: 300 sec this turn | 300 sec total | 5 sec grace\n|\n|t:|1783542186\n|switch|p2a: Basculin|Basculin-Blue-Striped, L86, M|104/261\n|turn|29\n|inactive|Time left: 300 sec this turn | 300 sec total\n|\n|t:|1783542187\n|switch|p1a: Indeedee|Indeedee-F, L90, F|17/100 slp\n|-fieldstart|move: Psychic Terrain|[from] ability: Psychic Surge|[of] p1a: Indeedee\n|move|p2a: Basculin|Wave Crash|p1a: Indeedee\n|-damage|p1a: Indeedee|0 fnt\n|faint|p1a: Indeedee\n|-damage|p2a: Basculin|89/261|[from] Recoil\n|\n|upkeep\n|\n|t:|1783542188\n|switch|p1a: Pikachu|Pikachu-Original, L93, M|100/100\n|turn|30\n|inactive|Time left: 300 sec this turn | 300 sec total\n|\n|t:|1783542189\n|switch|p2a: Sceptile|Sceptile, L87, F|260/264\n|move|p1a: Pikachu|Volt Switch|p2a: Sceptile\n|-resisted|p2a: Sceptile\n|-damage|p2a: Sceptile|199/264\n|\n|t:|1783542190\n|switch|p1a: Thundurus|Thundurus-Therian, L80, M|100/100|[from] Volt Switch\n|\n|-heal|p2a: Sceptile|215/264|[from] item: Leftovers\n|upkeep\n|turn|31\n|inactive|Time left: 300 sec this turn | 300 sec total\n|\n|t:|1783542191\n|move|p2a: Sceptile|Leech Seed|p1a: Thundurus\n|-start|p1a: Thundurus|move: Leech Seed\n|move|p1a: Thundurus|Nasty Plot|p1a: Thundurus\n|-boost|p1a: Thundurus|spa|2\n|\n|-heal|p2a: Sceptile|231/264|[from] item: Leftovers\n|-damage|p1a: Thundurus|88/100|[from] Leech Seed|[of] p2a: Sceptile\n|-heal|p2a: Sceptile|263/264|[silent]\n|upkeep\n|turn|32\n|inactive|Time left: 300 sec this turn | 300 sec total\n|\n|t:|1783542192\n|switch|p2a: Ninetales|Ninetales-Alola, L78, M|42/242\n|-weather|Snowscape|[from] ability: Snow Warning|[of] p2a: Ninetales\n|move|p1a: Thundurus|Thunderbolt|p2a: Ninetales\n|-damage|p2a: Ninetales|0 fnt\n|faint|p2a: Ninetales\n|\n|-weather|Snowscape|[upkeep]\n|upkeep\n|inactive|Time left: 300 sec this turn | 300 sec total | 5 sec grace\n|\n|t:|1783542193\n|switch|p2a: Basculin|Basculin-Blue-Striped, L86, M|89/261\n|turn|33\n|inactive|Time left: 300 sec this turn | 300 sec total\n|\n|t:|1783542194\n|move|p2a: Basculin|Wave Crash|p1a: Thundurus\n|-damage|p1a: Thundurus|0 fnt\n|faint|p1a: Thundurus\n|-damage|p2a: Basculin|14/261|[from] Recoil\n|\n|-weather|Snowscape|[upkeep]\n|-fieldend|move: Psychic Terrain\n|upkeep\n|\n|t:|1783542195\n|switch|p1a: Pikachu|Pikachu-Original, L93, M|100/100\n|turn|34\n|inactive|Time left: 300 sec this turn | 300 sec total\n|\n|t:|1783542196\n|-terastallize|p2a: Basculin|Water\n|move|p1a: Pikachu|Surf|p2a: Basculin\n|-resisted|p2a: Basculin\n|-damage|p2a: Basculin|0 fnt\n|faint|p2a: Basculin\n|\n|-weather|Snowscape|[upkeep]\n|upkeep\n|inactive|Time left: 300 sec this turn | 300 sec total | 5 sec grace\n|\n|t:|1783542197\n|switch|p2a: Sceptile|Sceptile, L87, F|263/264\n|turn|35\n|inactive|Time left: 300 sec this turn | 300 sec total\n|\n|t:|1783542198\n|move|p2a: Sceptile|Giga Drain|p1a: Pikachu\n|-damage|p1a: Pikachu|44/100\n|-heal|p2a: Sceptile|264/264|[from] drain|[of] p1a: Pikachu\n|move|p1a: Pikachu|Volt Tackle|p2a: Sceptile\n|-resisted|p2a: Sceptile\n|-damage|p2a: Sceptile|134/264\n|-damage|p1a: Pikachu|24/100|[from] Recoil\n|\n|-weather|Snowscape|[upkeep]\n|-heal|p2a: Sceptile|150/264|[from] item: Leftovers\n|upkeep\n|turn|36\n|inactive|Time left: 300 sec this turn | 300 sec total\n|\n|t:|1783542199\n|move|p2a: Sceptile|Giga Drain|p1a: Pikachu\n|-damage|p1a: Pikachu|0 fnt\n|-heal|p2a: Sceptile|175/264|[from] drain|[of] p1a: Pikachu\n|faint|p1a: Pikachu\n|\n|win|p0y265464f", "uploadtime": 1783542199, "views": 0, "rating": 0, "private": 0, "password": null, "_winner": "p0y265464f", "_our_name": "p0y265464f"}