{"id": "battle-gen9randombattle-1394", "formatid": "gen9randombattle", "format": "[Gen 9] Random Battle", "players": ["p0x1394038e", "p0y139406b0"], "log": "|init|battle\n|title|p0x1394038e vs. p0y139406b0\n|j|\u2606p0x1394038e\n|j|\u2606p0y139406b0\n|t:|1783555283\n|gametype|singles\n|player|p1|p0x1394038e|169|\n|player|p2|p0y139406b0|1|\n|gen|9\n|tier|[Gen 9] Random Battle\n|rule|Species Clause: Limit one of each Pok\u00e9mon\n|rule|HP Percentage Mod: HP is shown in percentages\n|rule|Sleep Clause Mod: Limit one foe put to sleep\n|rule|Illusion Level Mod: Illusion disguises the Pok\u00e9mon's true level\n|\n|t:|1783555284\n|teamsize|p1|6\n|teamsize|p2|6\n|start\n|switch|p1a: Quagsire|Quagsire, L84, M|297/297\n|switch|p2a: Toedscruel|Toedscruel, L87, F|100/100\n|turn|1\n|inactive|Battle timer is ON: inactive players will automatically lose when time's up. (requested by p0y139406b0)\n|inactive|Time left: 300 sec this turn | 300 sec total | 60 sec grace\n|inactive|p0x1394038e also wants the timer to be on.\n|\n|t:|1783555285\n|switch|p1a: Entei|Entei, L78|307/307\n|move|p2a: Toedscruel|Toxic|p1a: Entei\n|-status|p1a: Entei|tox\n|\n|-damage|p1a: Entei|288/307 tox|[from] psn\n|upkeep\n|turn|2\n|inactive|Time left: 300 sec this turn | 300 sec total\n|\n|t:|1783555286\n|switch|p2a: Rhydon|Rhydon, L85, M|100/100\n|move|p1a: Entei|Sacred Fire|p2a: Rhydon|[miss]\n|-miss|p1a: Entei|p2a: Rhydon\n|\n|-damage|p1a: Entei|250/307 tox|[from] psn\n|upkeep\n|turn|3\n|inactive|Time left: 300 sec this turn | 300 sec total\n|\n|t:|1783555287\n|move|p1a: Entei|Sacred Fire|p2a: Rhydon\n|-resisted|p2a: Rhydon\n|-damage|p2a: Rhydon|88/100\n|move|p2a: Rhydon|Earthquake|p1a: Entei\n|-supereffective|p1a: Entei\n|-damage|p1a: Entei|0 fnt\n|faint|p1a: Entei\n|\n|upkeep\n|inactive|Time left: 300 sec this turn | 300 sec total | 5 sec grace\n|\n|t:|1783555288\n|switch|p1a: Dunsparce|Dunsparce, L86, M|312/312\n|turn|4\n|inactive|Time left: 300 sec this turn | 300 sec total\n|\n|t:|1783555289\n|move|p1a: Dunsparce|Coil|p1a: Dunsparce\n|-boost|p1a: Dunsparce|atk|1\n|-boost|p1a: Dunsparce|def|1\n|-boost|p1a: Dunsparce|accuracy|1\n|move|p2a: Rhydon|Stealth Rock|p1a: Dunsparce\n|-sidestart|p1: p0x1394038e|move: Stealth Rock\n|\n|upkeep\n|turn|5\n|inactive|Time left: 300 sec this turn | 300 sec total\n|\n|t:|1783555290\n|switch|p2a: Rotom|Rotom-Fan, L86|100/100\n|move|p1a: Dunsparce|Coil|p1a: Dunsparce\n|-boost|p1a: Dunsparce|atk|1\n|-boost|p1a: Dunsparce|def|1\n|-boost|p1a: Dunsparce|accuracy|1\n|\n|upkeep\n|turn|6\n|inactive|Time left: 300 sec this turn | 300 sec total\n|\n|t:|1783555291\n|move|p2a: Rotom|Will-O-Wisp|p1a: Dunsparce\n|-status|p1a: Dunsparce|brn\n|move|p1a: Dunsparce|Body Slam|p2a: Rotom\n|-damage|p2a: Rotom|71/100\n|\n|-damage|p1a: Dunsparce|293/312 brn|[from] brn\n|upkeep\n|turn|7\n|inactive|Time left: 300 sec this turn | 300 sec total\n|\n|t:|1783555292\n|move|p2a: Rotom|Nasty Plot|p2a: Rotom\n|-boost|p2a: Rotom|spa|2\n|move|p1a: Dunsparce|Body Slam|p2a: Rotom\n|-damage|p2a: Rotom|45/100\n|\n|-damage|p1a: Dunsparce|274/312 brn|[from] brn\n|upkeep\n|turn|8\n|inactive|Time left: 300 sec this turn | 300 sec total\n|\n|t:|1783555293\n|move|p2a: Rotom|Air Slash|p1a: Dunsparce\n|-damage|p1a: Dunsparce|121/312 brn\n|move|p1a: Dunsparce|Body Slam|p2a: Rotom\n|-damage|p2a: Rotom|19/100\n|\n|-damage|p1a: Dunsparce|102/312 brn|[from] brn\n|upkeep\n|turn|9\n|inactive|Time left: 300 sec this turn | 300 sec total\n|\n|t:|1783555294\n|move|p2a: Rotom|Air Slash|p1a: Dunsparce\n|-damage|p1a: Dunsparce|0 fnt\n|faint|p1a: Dunsparce\n|\n|upkeep\n|inactive|Time left: 300 sec this turn | 300 sec total | 5 sec grace\n|\n|t:|1783555294\n|switch|p1a: Mimikyu|Mimikyu, L79, M|216/216\n|-damage|p1a: Mimikyu|189/216|[from] Stealth Rock\n|turn|10\n|inactive|Time left: 300 sec this turn | 300 sec total\n|\n|t:|1783555295\n|move|p2a: Rotom|Will-O-Wisp|p1a: Mimikyu\n|-status|p1a: Mimikyu|brn\n|move|p1a: Mimikyu|Play Rough|p2a: Rotom\n|-damage|p2a: Rotom|0 fnt\n|faint|p2a: Rotom\n|-damage|p1a: Mimikyu|168/216 brn|[from] item: Life Orb\n|\n|-damage|p1a: Mimikyu|155/216 brn|[from] brn\n|upkeep\n|\n|t:|1783555296\n|switch|p2a: Pecharunt|Pecharunt, L77|100/100\n|turn|11\n|inactive|Time left: 300 sec this turn | 300 sec total\n|\n|t:|1783555297\n|move|p1a: Mimikyu|Swords Dance|p1a: Mimikyu\n|-boost|p1a: Mimikyu|atk|2\n|move|p2a: Pecharunt|Nasty Plot|p2a: Pecharunt\n|-boost|p2a: Pecharunt|spa|2\n|\n|-damage|p1a: Mimikyu|142/216 brn|[from] brn\n|upkeep\n|turn|12\n|inactive|Time left: 300 sec this turn | 300 sec total\n|\n|t:|1783555298\n|move|p1a: Mimikyu|Shadow Claw|p2a: Pecharunt\n|-supereffective|p2a: Pecharunt\n|-crit|p2a: Pecharunt\n|-damage|p2a: Pecharunt|38/100\n|-damage|p1a: Mimikyu|121/216 brn|[from] item: Life Orb\n|move|p2a: Pecharunt|Shadow Ball|p1a: Mimikyu\n|-activate|p1a: Mimikyu|ability: Disguise\n|-damage|p1a: Mimikyu|121/216 brn\n|detailschange|p1a: Mimikyu|Mimikyu-Busted, L79, M\n|-damage|p1a: Mimikyu|94/216 brn|[from] pokemon: Mimikyu-Busted\n|\n|-heal|p2a: Pecharunt|44/100|[from] item: Leftovers\n|-damage|p1a: Mimikyu|81/216 brn|[from] brn\n|upkeep\n|turn|13\n|inactive|Time left: 300 sec this turn | 300 sec total\n|\n|t:|1783555299\n|move|p1a: Mimikyu|Shadow Claw|p2a: Pecharunt\n|-supereffective|p2a: Pecharunt\n|-damage|p2a: Pecharunt|5/100\n|-damage|p1a: Mimikyu|60/216 brn|[from] item: Life Orb\n|move|p2a: Pecharunt|Recover|p2a: Pecharunt\n|-heal|p2a: Pecharunt|55/100\n|\n|-heal|p2a: Pecharunt|61/100|[from] item: Leftovers\n|-damage|p1a: Mimikyu|47/216 brn|[from] brn\n|upkeep\n|turn|14\n|inactive|Time left: 300 sec this turn | 300 sec total\n|\n|t:|1783555300\n|move|p1a: Mimikyu|Shadow Claw|p2a: Pecharunt\n|-supereffective|p2a: Pecharunt\n|-damage|p2a: Pecharunt|17/100\n|-damage|p1a: Mimikyu|26/216 brn|[from] item: Life Orb\n|move|p2a: Pecharunt|Recover|p2a: Pecharunt\n|-heal|p2a: Pecharunt|67/100\n|\n|-heal|p2a: Pecharunt|73/100|[from] item: Leftovers\n|-damage|p1a: Mimikyu|13/216 brn|[from] brn\n|upkeep\n|turn|15\n|inactive|Time left: 300 sec this turn | 300 sec total\n|\n|t:|1783555301\n|move|p1a: Mimikyu|Shadow Claw|p2a: Pecharunt\n|-supereffective|p2a: Pecharunt\n|-damage|p2a: Pecharunt|33/100\n|-damage|p1a: Mimikyu|0 fnt|[from] item: Life Orb\n|faint|p1a: Mimikyu\n|move|p2a: Pecharunt|Recover|p2a: Pecharunt\n|-heal|p2a: Pecharunt|83/100\n|\n|-heal|p2a: Pecharunt|89/100|[from] item: Leftovers\n|upkeep\n|inactive|Time left: 300 sec this turn | 300 sec total | 5 sec grace\n|\n|t:|1783555302\n|switch|p1a: Magmortar|Magmortar, L88, M|275/275\n|turn|16\n|inactive|Time left: 300 sec this turn | 300 sec total\n|\n|t:|1783555303\n|move|p1a: Magmortar|Fire Blast|p2a: Pecharunt\n|-damage|p2a: Pecharunt|23/100\n|move|p2a: Pecharunt|Malignant Chain|p1a: Magmortar\n|-damage|p1a: Magmortar|113/275\n|-status|p1a: Magmortar|tox\n|-start|p1a: Magmortar|confusion|[from] ability: Poison Puppeteer|[of] p2a: Pecharunt\n|\n|-heal|p2a: Pecharunt|29/100|[from] item: Leftovers\n|-damage|p1a: Magmortar|96/275 tox|[from] psn\n|upkeep\n|turn|17\n|inactive|Time left: 300 sec this turn | 300 sec total\n|\n|t:|1783555304\n|-activate|p1a: Magmortar|confusion\n|move|p1a: Magmortar|Thunderbolt|p2a: Pecharunt\n|-damage|p2a: Pecharunt|0 fnt\n|faint|p2a: Pecharunt\n|\n|-damage|p1a: Magmortar|62/275 tox|[from] psn\n|upkeep\n|\n|t:|1783555305\n|switch|p2a: Walking Wake|Walking Wake, L79|100/100\n|turn|18\n|inactive|Time left: 300 sec this turn | 300 sec total\n|\n|t:|1783555306\n|move|p2a: Walking Wake|Hydro Pump|p1a: Magmortar\n|-supereffective|p1a: Magmortar\n|-damage|p1a: Magmortar|0 fnt\n|faint|p1a: Magmortar\n|\n|upkeep\n|inactive|Time left: 300 sec this turn | 300 sec total | 5 sec grace\n|\n|t:|1783555308\n|switch|p1a: Regirock|Regirock, L83|268/268\n|-damage|p1a: Regirock|235/268|[from] Stealth Rock\n|turn|19\n|inactive|Time left: 300 sec this turn | 300 sec total\n|\n|t:|1783555309\n|-terastallize|p1a: Regirock|Fighting\n|move|p2a: Walking Wake|Hydro Pump|p1a: Regirock\n|-damage|p1a: Regirock|61/268\n|move|p1a: Regirock|Body Press|p2a: Walking Wake\n|-damage|p2a: Walking Wake|47/100\n|\n|-heal|p1a: Regirock|77/268|[from] item: Leftovers\n|upkeep\n|turn|20\n|inactive|Time left: 300 sec this turn | 300 sec total\n|\n|t:|1783555310\n|move|p2a: Walking Wake|Hydro Pump|p1a: Regirock\n|-damage|p1a: Regirock|0 fnt\n|faint|p1a: Regirock\n|\n|upkeep\n|inactive|Time left: 300 sec this turn | 300 sec total | 5 sec grace\n|\n|t:|1783555311\n|switch|p1a: Quagsire|Quagsire, L84, M|297/297\n|-damage|p1a: Quagsire|279/297|[from] Stealth Rock\n|turn|21\n|inactive|Time left: 300 sec this turn | 300 sec total\n|\n|t:|1783555312\n|move|p2a: Walking Wake|Hydro Pump|p1a: Quagsire\n|-damage|p1a: Quagsire|33/297\n|move|p1a: Quagsire|Ice Beam|p2a: Walking Wake\n|-damage|p2a: Walking Wake|27/100\n|\n|-heal|p1a: Quagsire|51/297|[from] item: Leftovers\n|upkeep\n|turn|22\n|inactive|Time left: 300 sec this turn | 300 sec total\n|\n|t:|1783555313\n|move|p2a: Walking Wake|Hydro Pump|p1a: Quagsire\n|-damage|p1a: Quagsire|0 fnt\n|faint|p1a: Quagsire\n|\n|win|p0y139406b0", "uploadtime": 1783555313, "views": 0, "rating": 0, "private": 0, "password": null, "_winner": "p0y139406b0", "_our_name": "p0x1394038e"}