{"id": "battle-gen9randombattle-2814", "formatid": "gen9randombattle", "format": "[Gen 9] Random Battle", "players": ["p0x2814cce3", "p0y28140834"], "log": "|init|battle\n|title|p0x2814cce3 vs. p0y28140834\n|j|\u2606p0x2814cce3\n|j|\u2606p0y28140834\n|t:|1783571440\n|gametype|singles\n|player|p1|p0x2814cce3|101|\n|player|p2|p0y28140834|265|\n|gen|9\n|tier|[Gen 9] Random Battle\n|rule|Species Clause: Limit one of each Pok\u00e9mon\n|rule|HP Percentage Mod: HP is shown in percentages\n|rule|Sleep Clause Mod: Limit one foe put to sleep\n|rule|Illusion Level Mod: Illusion disguises the Pok\u00e9mon's true level\n|\n|t:|1783571440\n|teamsize|p1|6\n|teamsize|p2|6\n|start\n|switch|p1a: Vikavolt|Vikavolt, L83, M|100/100\n|switch|p2a: Metagross|Metagross, L79|256/256\n|turn|1\n|inactive|Battle timer is ON: inactive players will automatically lose when time's up. (requested by p0x2814cce3)\n|inactive|Time left: 300 sec this turn | 300 sec total | 60 sec grace\n|inactive|p0y28140834 also wants the timer to be on.\n|\n|t:|1783571441\n|move|p2a: Metagross|Psychic Fangs|p1a: Vikavolt\n|-damage|p1a: Vikavolt|38/100\n|move|p1a: Vikavolt|Sticky Web|p2a: Metagross\n|-sidestart|p2: p0y28140834|move: Sticky Web\n|\n|upkeep\n|turn|2\n|inactive|Time left: 300 sec this turn | 300 sec total\n|\n|t:|1783571442\n|switch|p1a: Rhydon|Rhydon, L85, M|100/100\n|move|p2a: Metagross|Psychic Fangs|p1a: Rhydon\n|-damage|p1a: Rhydon|74/100\n|\n|upkeep\n|turn|3\n|inactive|Time left: 300 sec this turn | 300 sec total\n|\n|t:|1783571443\n|move|p2a: Metagross|Psychic Fangs|p1a: Rhydon\n|-damage|p1a: Rhydon|50/100\n|move|p1a: Rhydon|Earthquake|p2a: Metagross\n|-supereffective|p2a: Metagross\n|-damage|p2a: Metagross|44/256\n|\n|upkeep\n|turn|4\n|inactive|Time left: 300 sec this turn | 300 sec total\n|\n|t:|1783571445\n|move|p2a: Metagross|Psychic Fangs|p1a: Rhydon\n|-damage|p1a: Rhydon|24/100\n|move|p1a: Rhydon|Stone Edge|p2a: Metagross\n|-resisted|p2a: Metagross\n|-damage|p2a: Metagross|0 fnt\n|faint|p2a: Metagross\n|\n|upkeep\n|inactive|Time left: 300 sec this turn | 300 sec total | 5 sec grace\n|\n|t:|1783571446\n|switch|p2a: Delibird|Delibird, M|252/252\n|turn|5\n|inactive|Time left: 300 sec this turn | 300 sec total\n|\n|t:|1783571447\n|move|p2a: Delibird|Freeze-Dry|p1a: Rhydon\n|-supereffective|p1a: Rhydon\n|-damage|p1a: Rhydon|0 fnt\n|faint|p1a: Rhydon\n|\n|upkeep\n|\n|t:|1783571448\n|switch|p1a: Ceruledge|Ceruledge, L78, M|100/100\n|turn|6\n|inactive|Time left: 300 sec this turn | 300 sec total\n|\n|t:|1783571449\n|switch|p2a: Groudon|Groudon, L72|263/263\n|-activate|p2a: Groudon|move: Sticky Web\n|-unboost|p2a: Groudon|spe|1\n|-weather|SunnyDay|[from] ability: Drought|[of] p2a: Groudon\n|move|p1a: Ceruledge|Bitter Blade|p2a: Groudon\n|-damage|p2a: Groudon|146/263\n|\n|-weather|SunnyDay|[upkeep]\n|-heal|p2a: Groudon|162/263|[from] item: Leftovers\n|upkeep\n|turn|7\n|inactive|Time left: 300 sec this turn | 300 sec total\n|\n|t:|1783571450\n|move|p1a: Ceruledge|Swords Dance|p1a: Ceruledge\n|-boost|p1a: Ceruledge|atk|2\n|move|p2a: Groudon|Precipice Blades|p1a: Ceruledge\n|-supereffective|p1a: Ceruledge\n|-damage|p1a: Ceruledge|0 fnt\n|faint|p1a: Ceruledge\n|\n|-weather|SunnyDay|[upkeep]\n|-heal|p2a: Groudon|178/263|[from] item: Leftovers\n|upkeep\n|\n|t:|1783571451\n|switch|p1a: Vikavolt|Vikavolt, L83, M|38/100\n|turn|8\n|inactive|Time left: 300 sec this turn | 300 sec total\n|\n|t:|1783571452\n|move|p1a: Vikavolt|Energy Ball|p2a: Groudon\n|-supereffective|p2a: Groudon\n|-damage|p2a: Groudon|0 fnt\n|faint|p2a: Groudon\n|\n|-weather|SunnyDay|[upkeep]\n|upkeep\n|inactive|Time left: 300 sec this turn | 300 sec total | 5 sec grace\n|\n|t:|1783571453\n|switch|p2a: Azelf|Azelf, L82|257/257\n|turn|9\n|inactive|Time left: 300 sec this turn | 300 sec total\n|\n|t:|1783571454\n|switch|p1a: Probopass|Probopass, L91, M|100/100\n|move|p2a: Azelf|Fire Blast|p1a: Probopass\n|-damage|p1a: Probopass|71/100\n|\n|-weather|SunnyDay|[upkeep]\n|-heal|p1a: Probopass|77/100|[from] item: Leftovers\n|upkeep\n|turn|10\n|inactive|Time left: 300 sec this turn | 300 sec total\n|\n|t:|1783571455\n|move|p2a: Azelf|Knock Off|p1a: Probopass\n|-damage|p1a: Probopass|56/100\n|-enditem|p1a: Probopass|Leftovers|[from] move: Knock Off|[of] p2a: Azelf\n|move|p1a: Probopass|Flash Cannon|p2a: Azelf\n|-damage|p2a: Azelf|185/257\n|\n|-weather|none\n|upkeep\n|turn|11\n|inactive|Time left: 300 sec this turn | 300 sec total\n|\n|t:|1783571456\n|move|p2a: Azelf|Psychic|p1a: Probopass\n|-resisted|p1a: Probopass\n|-damage|p1a: Probopass|44/100\n|move|p1a: Probopass|Power Gem|p2a: Azelf\n|-damage|p2a: Azelf|118/257\n|\n|upkeep\n|turn|12\n|inactive|Time left: 300 sec this turn | 300 sec total\n|\n|t:|1783571457\n|move|p2a: Azelf|Fire Blast|p1a: Probopass\n|-damage|p1a: Probopass|23/100\n|move|p1a: Probopass|Power Gem|p2a: Azelf\n|-damage|p2a: Azelf|54/257\n|\n|upkeep\n|turn|13\n|inactive|Time left: 300 sec this turn | 300 sec total\n|\n|t:|1783571459\n|move|p2a: Azelf|Fire Blast|p1a: Probopass|[miss]\n|-miss|p2a: Azelf|p1a: Probopass\n|move|p1a: Probopass|Power Gem|p2a: Azelf\n|-damage|p2a: Azelf|0 fnt\n|faint|p2a: Azelf\n|\n|upkeep\n|inactive|Time left: 300 sec this turn | 300 sec total | 5 sec grace\n|\n|t:|1783571459\n|switch|p2a: Altaria|Altaria, L89, M|278/278\n|turn|14\n|inactive|Time left: 300 sec this turn | 300 sec total\n|\n|t:|1783571460\n|move|p2a: Altaria|Earthquake|p1a: Probopass\n|-supereffective|p1a: Probopass\n|-damage|p1a: Probopass|0 fnt\n|faint|p1a: Probopass\n|\n|upkeep\n|\n|t:|1783571461\n|switch|p1a: Crabominable|Crabominable, L90, F|100/100\n|turn|15\n|inactive|Time left: 300 sec this turn | 300 sec total\n|\n|t:|1783571462\n|move|p2a: Altaria|Brave Bird|p1a: Crabominable\n|-supereffective|p1a: Crabominable\n|-crit|p1a: Crabominable\n|-damage|p1a: Crabominable|0 fnt\n|faint|p1a: Crabominable\n|-damage|p2a: Altaria|172/278|[from] Recoil\n|\n|upkeep\n|\n|t:|1783571463\n|switch|p1a: Bellossom|Bellossom, L84, F|100/100\n|turn|16\n|inactive|Time left: 300 sec this turn | 300 sec total\n|\n|t:|1783571464\n|move|p2a: Altaria|Roost|p2a: Altaria\n|-heal|p2a: Altaria|278/278\n|-singleturn|p2a: Altaria|move: Roost\n|move|p1a: Bellossom|Quiver Dance|p1a: Bellossom\n|-boost|p1a: Bellossom|spa|1\n|-boost|p1a: Bellossom|spd|1\n|-boost|p1a: Bellossom|spe|1\n|\n|upkeep\n|turn|17\n|inactive|Time left: 300 sec this turn | 300 sec total\n|\n|t:|1783571465\n|-terastallize|p1a: Bellossom|Fire\n|move|p1a: Bellossom|Quiver Dance|p1a: Bellossom\n|-boost|p1a: Bellossom|spa|1\n|-boost|p1a: Bellossom|spd|1\n|-boost|p1a: Bellossom|spe|1\n|move|p2a: Altaria|Haze|p2a: Altaria\n|-clearallboost\n|\n|upkeep\n|turn|18\n|inactive|Time left: 300 sec this turn | 300 sec total\n|\n|t:|1783571466\n|move|p2a: Altaria|Earthquake|p1a: Bellossom\n|-supereffective|p1a: Bellossom\n|-damage|p1a: Bellossom|54/100\n|move|p1a: Bellossom|Quiver Dance|p1a: Bellossom\n|-boost|p1a: Bellossom|spa|1\n|-boost|p1a: Bellossom|spd|1\n|-boost|p1a: Bellossom|spe|1\n|\n|-heal|p1a: Bellossom|60/100|[from] item: Leftovers\n|upkeep\n|turn|19\n|inactive|Time left: 300 sec this turn | 300 sec total\n|\n|t:|1783571467\n|move|p1a: Bellossom|Strength Sap|p2a: Altaria\n|-unboost|p2a: Altaria|atk|1\n|-heal|p1a: Bellossom|100/100\n|move|p2a: Altaria|Haze|p2a: Altaria\n|-clearallboost\n|\n|upkeep\n|turn|20\n|inactive|Time left: 300 sec this turn | 300 sec total\n|\n|t:|1783571468\n|move|p2a: Altaria|Earthquake|p1a: Bellossom\n|-supereffective|p1a: Bellossom\n|-damage|p1a: Bellossom|53/100\n|move|p1a: Bellossom|Strength Sap|p2a: Altaria\n|-unboost|p2a: Altaria|atk|1\n|-heal|p1a: Bellossom|100/100\n|\n|upkeep\n|turn|21\n|inactive|Time left: 300 sec this turn | 300 sec total\n|\n|t:|1783571469\n|move|p2a: Altaria|Earthquake|p1a: Bellossom\n|-supereffective|p1a: Bellossom\n|-damage|p1a: Bellossom|72/100\n|move|p1a: Bellossom|Quiver Dance|p1a: Bellossom\n|-boost|p1a: Bellossom|spa|1\n|-boost|p1a: Bellossom|spd|1\n|-boost|p1a: Bellossom|spe|1\n|\n|-heal|p1a: Bellossom|78/100|[from] item: Leftovers\n|upkeep\n|turn|22\n|inactive|Time left: 300 sec this turn | 300 sec total\n|\n|t:|1783571470\n|move|p1a: Bellossom|Tera Blast|p2a: Altaria|[anim] Tera Blast Fire\n|-resisted|p2a: Altaria\n|-damage|p2a: Altaria|230/278\n|move|p2a: Altaria|Haze|p2a: Altaria\n|-clearallboost\n|\n|-heal|p1a: Bellossom|85/100|[from] item: Leftovers\n|upkeep\n|turn|23\n|inactive|Time left: 300 sec this turn | 300 sec total\n|\n|t:|1783571471\n|move|p2a: Altaria|Earthquake|p1a: Bellossom\n|-supereffective|p1a: Bellossom\n|-damage|p1a: Bellossom|39/100\n|move|p1a: Bellossom|Strength Sap|p2a: Altaria\n|-unboost|p2a: Altaria|atk|1\n|-heal|p1a: Bellossom|100/100\n|\n|upkeep\n|turn|24\n|inactive|Time left: 300 sec this turn | 300 sec total\n|\n|t:|1783571472\n|move|p2a: Altaria|Roost|p2a: Altaria\n|-heal|p2a: Altaria|278/278\n|-singleturn|p2a: Altaria|move: Roost\n|move|p1a: Bellossom|Quiver Dance|p1a: Bellossom\n|-boost|p1a: Bellossom|spa|1\n|-boost|p1a: Bellossom|spd|1\n|-boost|p1a: Bellossom|spe|1\n|\n|upkeep\n|turn|25\n|inactive|Time left: 300 sec this turn | 300 sec total\n|\n|t:|1783571473\n|move|p1a: Bellossom|Tera Blast|p2a: Altaria|[anim] Tera Blast Fire\n|-resisted|p2a: Altaria\n|-damage|p2a: Altaria|227/278\n|move|p2a: Altaria|Haze|p2a: Altaria\n|-clearallboost\n|\n|upkeep\n|turn|26\n|inactive|Time left: 300 sec this turn | 300 sec total\n|\n|t:|1783571474\n|move|p2a: Altaria|Earthquake|p1a: Bellossom\n|-supereffective|p1a: Bellossom\n|-damage|p1a: Bellossom|56/100\n|move|p1a: Bellossom|Strength Sap|p2a: Altaria\n|-unboost|p2a: Altaria|atk|1\n|-heal|p1a: Bellossom|100/100\n|\n|upkeep\n|turn|27\n|inactive|Time left: 300 sec this turn | 300 sec total\n|\n|t:|1783571475\n|move|p2a: Altaria|Earthquake|p1a: Bellossom\n|-supereffective|p1a: Bellossom\n|-damage|p1a: Bellossom|72/100\n|move|p1a: Bellossom|Quiver Dance|p1a: Bellossom\n|-boost|p1a: Bellossom|spa|1\n|-boost|p1a: Bellossom|spd|1\n|-boost|p1a: Bellossom|spe|1\n|\n|-heal|p1a: Bellossom|78/100|[from] item: Leftovers\n|upkeep\n|turn|28\n|inactive|Time left: 300 sec this turn | 300 sec total\n|\n|t:|1783571476\n|move|p1a: Bellossom|Tera Blast|p2a: Altaria|[anim] Tera Blast Fire\n|-resisted|p2a: Altaria\n|-damage|p2a: Altaria|181/278\n|move|p2a: Altaria|Haze|p2a: Altaria\n|-clearallboost\n|\n|-heal|p1a: Bellossom|84/100|[from] item: Leftovers\n|upkeep\n|turn|29\n|inactive|Time left: 300 sec this turn | 300 sec total\n|\n|t:|1783571477\n|move|p2a: Altaria|Roost|p2a: Altaria\n|-heal|p2a: Altaria|278/278\n|-singleturn|p2a: Altaria|move: Roost\n|move|p1a: Bellossom|Strength Sap|p2a: Altaria\n|-unboost|p2a: Altaria|atk|1\n|-heal|p1a: Bellossom|100/100\n|\n|upkeep\n|turn|30\n|inactive|Time left: 300 sec this turn | 300 sec total\n|\n|t:|1783571478\n|move|p2a: Altaria|Haze|p2a: Altaria\n|-clearallboost\n|move|p1a: Bellossom|Quiver Dance|p1a: Bellossom\n|-boost|p1a: Bellossom|spa|1\n|-boost|p1a: Bellossom|spd|1\n|-boost|p1a: Bellossom|spe|1\n|\n|upkeep\n|turn|31\n|inactive|Time left: 300 sec this turn | 300 sec total\n|\n|t:|1783571479\n|move|p1a: Bellossom|Quiver Dance|p1a: Bellossom\n|-boost|p1a: Bellossom|spa|1\n|-boost|p1a: Bellossom|spd|1\n|-boost|p1a: Bellossom|spe|1\n|move|p2a: Altaria|Haze|p2a: Altaria\n|-clearallboost\n|\n|upkeep\n|turn|32\n|inactive|Time left: 300 sec this turn | 300 sec total\n|\n|t:|1783571480\n|move|p2a: Altaria|Earthquake|p1a: Bellossom\n|-supereffective|p1a: Bellossom\n|-damage|p1a: Bellossom|59/100\n|move|p1a: Bellossom|Quiver Dance|p1a: Bellossom\n|-boost|p1a: Bellossom|spa|1\n|-boost|p1a: Bellossom|spd|1\n|-boost|p1a: Bellossom|spe|1\n|\n|-heal|p1a: Bellossom|66/100|[from] item: Leftovers\n|upkeep\n|turn|33\n|inactive|Time left: 300 sec this turn | 300 sec total\n|\n|t:|1783571481\n|move|p1a: Bellossom|Strength Sap|p2a: Altaria\n|-unboost|p2a: Altaria|atk|1\n|-heal|p1a: Bellossom|100/100\n|move|p2a: Altaria|Earthquake|p1a: Bellossom\n|-supereffective|p1a: Bellossom\n|-damage|p1a: Bellossom|68/100\n|\n|-heal|p1a: Bellossom|74/100|[from] item: Leftovers\n|upkeep\n|turn|34\n|inactive|Time left: 300 sec this turn | 300 sec total\n|\n|t:|1783571482\n|move|p1a: Bellossom|Strength Sap|p2a: Altaria\n|-unboost|p2a: Altaria|atk|1\n|-heal|p1a: Bellossom|100/100\n|move|p2a: Altaria|Haze|p2a: Altaria\n|-clearallboost\n|\n|upkeep\n|turn|35\n|inactive|Time left: 300 sec this turn | 300 sec total\n|\n|t:|1783571482\n|move|p2a: Altaria|Earthquake|p1a: Bellossom\n|-supereffective|p1a: Bellossom\n|-damage|p1a: Bellossom|55/100\n|move|p1a: Bellossom|Quiver Dance|p1a: Bellossom\n|-boost|p1a: Bellossom|spa|1\n|-boost|p1a: Bellossom|spd|1\n|-boost|p1a: Bellossom|spe|1\n|\n|-heal|p1a: Bellossom|61/100|[from] item: Leftovers\n|upkeep\n|turn|36\n|inactive|Time left: 300 sec this turn | 300 sec total\n|\n|t:|1783571483\n|move|p1a: Bellossom|Strength Sap|p2a: Altaria\n|-unboost|p2a: Altaria|atk|1\n|-heal|p1a: Bellossom|100/100\n|move|p2a: Altaria|Earthquake|p1a: Bellossom\n|-supereffective|p1a: Bellossom\n|-damage|p1a: Bellossom|69/100\n|\n|-heal|p1a: Bellossom|75/100|[from] item: Leftovers\n|upkeep\n|turn|37\n|inactive|Time left: 300 sec this turn | 300 sec total\n|\n|t:|1783571484\n|move|p1a: Bellossom|Tera Blast|p2a: Altaria|[anim] Tera Blast Fire\n|-resisted|p2a: Altaria\n|-damage|p2a: Altaria|230/278\n|move|p2a: Altaria|Haze|p2a: Altaria\n|-clearallboost\n|\n|-heal|p1a: Bellossom|81/100|[from] item: Leftovers\n|upkeep\n|turn|38\n|inactive|Time left: 300 sec this turn | 300 sec total\n|\n|t:|1783571485\n|move|p2a: Altaria|Earthquake|p1a: Bellossom\n|-supereffective|p1a: Bellossom\n|-damage|p1a: Bellossom|39/100\n|move|p1a: Bellossom|Strength Sap|p2a: Altaria\n|-unboost|p2a: Altaria|atk|1\n|-heal|p1a: Bellossom|100/100\n|\n|upkeep\n|turn|39\n|inactive|Time left: 300 sec this turn | 300 sec total\n|\n|t:|1783571486\n|move|p2a: Altaria|Roost|p2a: Altaria\n|-heal|p2a: Altaria|278/278\n|-singleturn|p2a: Altaria|move: Roost\n|move|p1a: Bellossom|Quiver Dance|p1a: Bellossom\n|-boost|p1a: Bellossom|spa|1\n|-boost|p1a: Bellossom|spd|1\n|-boost|p1a: Bellossom|spe|1\n|\n|upkeep\n|turn|40\n|inactive|Time left: 300 sec this turn | 300 sec total\n|\n|t:|1783571487\n|move|p1a: Bellossom|Tera Blast|p2a: Altaria|[anim] Tera Blast Fire\n|-resisted|p2a: Altaria\n|-damage|p2a: Altaria|230/278\n|move|p2a: Altaria|Haze|p2a: Altaria\n|-clearallboost\n|\n|upkeep\n|turn|41\n|inactive|Time left: 300 sec this turn | 300 sec total\n|\n|t:|1783571488\n|move|p2a: Altaria|Earthquake|p1a: Bellossom\n|-supereffective|p1a: Bellossom\n|-damage|p1a: Bellossom|53/100\n|move|p1a: Bellossom|Quiver Dance|p1a: Bellossom\n|-boost|p1a: Bellossom|spa|1\n|-boost|p1a: Bellossom|spd|1\n|-boost|p1a: Bellossom|spe|1\n|\n|-heal|p1a: Bellossom|59/100|[from] item: Leftovers\n|upkeep\n|turn|42\n|inactive|Time left: 300 sec this turn | 300 sec total\n|\n|t:|1783571489\n|move|p1a: Bellossom|Strength Sap|p2a: Altaria\n|-unboost|p2a: Altaria|atk|1\n|-heal|p1a: Bellossom|100/100\n|move|p2a: Altaria|Haze|p2a: Altaria\n|-clearallboost\n|\n|upkeep\n|turn|43\n|inactive|Time left: 300 sec this turn | 300 sec total\n|\n|t:|1783571490\n|move|p2a: Altaria|Earthquake|p1a: Bellossom\n|-supereffective|p1a: Bellossom\n|-damage|p1a: Bellossom|53/100\n|move|p1a: Bellossom|Strength Sap|p2a: Altaria\n|-unboost|p2a: Altaria|atk|1\n|-heal|p1a: Bellossom|100/100\n|\n|upkeep\n|turn|44\n|inactive|Time left: 300 sec this turn | 300 sec total\n|\n|t:|1783571491\n|move|p2a: Altaria|Earthquake|p1a: Bellossom\n|-supereffective|p1a: Bellossom\n|-damage|p1a: Bellossom|72/100\n|move|p1a: Bellossom|Quiver Dance|p1a: Bellossom\n|-boost|p1a: Bellossom|spa|1\n|-boost|p1a: Bellossom|spd|1\n|-boost|p1a: Bellossom|spe|1\n|\n|-heal|p1a: Bellossom|78/100|[from] item: Leftovers\n|upkeep\n|turn|45\n|inactive|Time left: 300 sec this turn | 300 sec total\n|\n|t:|1783571493\n|move|p1a: Bellossom|Quiver Dance|p1a: Bellossom\n|-boost|p1a: Bellossom|spa|1\n|-boost|p1a: Bellossom|spd|1\n|-boost|p1a: Bellossom|spe|1\n|move|p2a: Altaria|Haze|p2a: Altaria\n|-clearallboost\n|\n|-heal|p1a: Bellossom|85/100|[from] item: Leftovers\n|upkeep\n|turn|46\n|inactive|Time left: 300 sec this turn | 300 sec total\n|\n|t:|1783571494\n|move|p2a: Altaria|Brave Bird|p1a: Bellossom\n|-damage|p1a: Bellossom|45/100\n|-damage|p2a: Altaria|196/278|[from] Recoil\n|move|p1a: Bellossom|Strength Sap|p2a: Altaria\n|-unboost|p2a: Altaria|atk|1\n|-heal|p1a: Bellossom|100/100\n|\n|upkeep\n|turn|47\n|inactive|Time left: 300 sec this turn | 300 sec total\n|\n|t:|1783571495\n|move|p2a: Altaria|Roost|p2a: Altaria\n|-heal|p2a: Altaria|278/278\n|-singleturn|p2a: Altaria|move: Roost\n|move|p1a: Bellossom|Quiver Dance|p1a: Bellossom\n|-boost|p1a: Bellossom|spa|1\n|-boost|p1a: Bellossom|spd|1\n|-boost|p1a: Bellossom|spe|1\n|\n|upkeep\n|turn|48\n|inactive|Time left: 300 sec this turn | 300 sec total\n|\n|t:|1783571496\n|move|p1a: Bellossom|Tera Blast|p2a: Altaria|[anim] Tera Blast Fire\n|-resisted|p2a: Altaria\n|-damage|p2a: Altaria|224/278\n|move|p2a: Altaria|Haze|p2a: Altaria\n|-clearallboost\n|\n|upkeep\n|turn|49\n|inactive|Time left: 300 sec this turn | 300 sec total\n|\n|t:|1783571497\n|move|p2a: Altaria|Roost|p2a: Altaria\n|-heal|p2a: Altaria|278/278\n|-singleturn|p2a: Altaria|move: Roost\n|move|p1a: Bellossom|Strength Sap|p2a: Altaria\n|-unboost|p2a: Altaria|atk|1\n|\n|upkeep\n|turn|50\n|inactive|Time left: 300 sec this turn | 300 sec total\n|\n|t:|1783571498\n|move|p2a: Altaria|Haze|p2a: Altaria\n|-clearallboost\n|move|p1a: Bellossom|Quiver Dance|p1a: Bellossom\n|-boost|p1a: Bellossom|spa|1\n|-boost|p1a: Bellossom|spd|1\n|-boost|p1a: Bellossom|spe|1\n|\n|upkeep\n|turn|51\n|inactive|Time left: 300 sec this turn | 300 sec total\n|\n|t:|1783571499\n|move|p1a: Bellossom|Tera Blast|p2a: Altaria|[anim] Tera Blast Fire\n|-resisted|p2a: Altaria\n|-crit|p2a: Altaria\n|-damage|p2a: Altaria|203/278\n|move|p2a: Altaria|Haze|p2a: Altaria\n|-clearallboost\n|\n|upkeep\n|turn|52\n|inactive|Time left: 300 sec this turn | 300 sec total\n|\n|t:|1783571500\n|move|p2a: Altaria|Earthquake|p1a: Bellossom\n|-supereffective|p1a: Bellossom\n|-damage|p1a: Bellossom|56/100\n|move|p1a: Bellossom|Strength Sap|p2a: Altaria\n|-unboost|p2a: Altaria|atk|1\n|-heal|p1a: Bellossom|100/100\n|\n|upkeep\n|turn|53\n|inactive|Time left: 300 sec this turn | 300 sec total\n|\n|t:|1783571501\n|move|p2a: Altaria|Roost|p2a: Altaria\n|-heal|p2a: Altaria|278/278\n|-singleturn|p2a: Altaria|move: Roost\n|move|p1a: Bellossom|Quiver Dance|p1a: Bellossom\n|-boost|p1a: Bellossom|spa|1\n|-boost|p1a: Bellossom|spd|1\n|-boost|p1a: Bellossom|spe|1\n|\n|upkeep\n|turn|54\n|inactive|Time left: 300 sec this turn | 300 sec total\n|\n|t:|1783571502\n|move|p1a: Bellossom|Tera Blast|p2a: Altaria|[anim] Tera Blast Fire\n|-resisted|p2a: Altaria\n|-damage|p2a: Altaria|230/278\n|move|p2a: Altaria|Haze|p2a: Altaria\n|-clearallboost\n|\n|upkeep\n|turn|55\n|inactive|Time left: 300 sec this turn | 300 sec total\n|\n|t:|1783571503\n|move|p2a: Altaria|Roost|p2a: Altaria\n|-heal|p2a: Altaria|278/278\n|-singleturn|p2a: Altaria|move: Roost\n|move|p1a: Bellossom|Quiver Dance|p1a: Bellossom\n|-boost|p1a: Bellossom|spa|1\n|-boost|p1a: Bellossom|spd|1\n|-boost|p1a: Bellossom|spe|1\n|\n|upkeep\n|turn|56\n|inactive|Time left: 300 sec this turn | 300 sec total\n|\n|t:|1783571504\n|move|p1a: Bellossom|Tera Blast|p2a: Altaria|[anim] Tera Blast Fire\n|-resisted|p2a: Altaria\n|-damage|p2a: Altaria|227/278\n|move|p2a: Altaria|Haze|p2a: Altaria\n|-clearallboost\n|\n|upkeep\n|turn|57\n|inactive|Time left: 300 sec this turn | 300 sec total\n|\n|t:|1783571505\n|move|p2a: Altaria|Brave Bird|p1a: Bellossom\n|-damage|p1a: Bellossom|64/100\n|-damage|p2a: Altaria|195/278|[from] Recoil\n|move|p1a: Bellossom|Quiver Dance|p1a: Bellossom\n|-boost|p1a: Bellossom|spa|1\n|-boost|p1a: Bellossom|spd|1\n|-boost|p1a: Bellossom|spe|1\n|\n|-heal|p1a: Bellossom|70/100|[from] item: Leftovers\n|upkeep\n|turn|58\n|inactive|Time left: 300 sec this turn | 300 sec total\n|\n|t:|1783571506\n|move|p1a: Bellossom|Tera Blast|p2a: Altaria|[anim] Tera Blast Fire\n|-resisted|p2a: Altaria\n|-damage|p2a: Altaria|144/278\n|move|p2a: Altaria|Haze|p2a: Altaria\n|-clearallboost\n|\n|-heal|p1a: Bellossom|76/100|[from] item: Leftovers\n|upkeep\n|turn|59\n|inactive|Time left: 300 sec this turn | 300 sec total\n|\n|t:|1783571507\n|move|p2a: Altaria|Brave Bird|p1a: Bellossom\n|-damage|p1a: Bellossom|37/100\n|-damage|p2a: Altaria|110/278|[from] Recoil\n|move|p1a: Bellossom|Quiver Dance|p1a: Bellossom\n|-boost|p1a: Bellossom|spa|1\n|-boost|p1a: Bellossom|spd|1\n|-boost|p1a: Bellossom|spe|1\n|\n|-heal|p1a: Bellossom|43/100|[from] item: Leftovers\n|upkeep\n|turn|60\n|inactive|Time left: 300 sec this turn | 300 sec total\n|\n|t:|1783571508\n|move|p1a: Bellossom|Strength Sap|p2a: Altaria\n|-unboost|p2a: Altaria|atk|1\n|-heal|p1a: Bellossom|100/100\n|move|p2a: Altaria|Brave Bird|p1a: Bellossom\n|-damage|p1a: Bellossom|74/100\n|-damage|p2a: Altaria|87/278|[from] Recoil\n|\n|-heal|p1a: Bellossom|80/100|[from] item: Leftovers\n|upkeep\n|turn|61\n|inactive|Time left: 300 sec this turn | 300 sec total\n|\n|t:|1783571509\n|move|p1a: Bellossom|Tera Blast|p2a: Altaria|[anim] Tera Blast Fire\n|-resisted|p2a: Altaria\n|-damage|p2a: Altaria|37/278\n|move|p2a: Altaria|Haze|p2a: Altaria\n|-clearallboost\n|\n|-heal|p1a: Bellossom|86/100|[from] item: Leftovers\n|upkeep\n|turn|62\n|inactive|Time left: 300 sec this turn | 300 sec total\n|\n|t:|1783571510\n|move|p2a: Altaria|Brave Bird|p1a: Bellossom\n|-damage|p1a: Bellossom|45/100\n|-damage|p2a: Altaria|1/278|[from] Recoil\n|move|p1a: Bellossom|Quiver Dance|p1a: Bellossom\n|-boost|p1a: Bellossom|spa|1\n|-boost|p1a: Bellossom|spd|1\n|-boost|p1a: Bellossom|spe|1\n|\n|-heal|p1a: Bellossom|51/100|[from] item: Leftovers\n|upkeep\n|turn|63\n|inactive|Time left: 300 sec this turn | 300 sec total\n|\n|t:|1783571511\n|switch|p2a: Goodra|Goodra-Hisui, L82, F|265/265\n|-activate|p2a: Goodra|move: Sticky Web\n|-unboost|p2a: Goodra|spe|1\n|move|p1a: Bellossom|Giga Drain|p2a: Goodra\n|-ability|p2a: Goodra|Sap Sipper|boost\n|-boost|p2a: Goodra|atk|1\n|\n|-heal|p1a: Bellossom|57/100|[from] item: Leftovers\n|upkeep\n|turn|64\n|inactive|Time left: 300 sec this turn | 300 sec total\n|\n|t:|1783571511\n|switch|p1a: Vikavolt|Vikavolt, L83, M|38/100\n|move|p2a: Goodra|Heavy Slam|p1a: Vikavolt\n|-resisted|p1a: Vikavolt\n|-damage|p1a: Vikavolt|4/100\n|\n|upkeep\n|turn|65\n|inactive|Time left: 300 sec this turn | 300 sec total\n|\n|t:|1783571512\n|move|p1a: Vikavolt|Bug Buzz|p2a: Goodra\n|-resisted|p2a: Goodra\n|-damage|p2a: Goodra|236/265\n|move|p2a: Goodra|Heavy Slam|p1a: Vikavolt\n|-resisted|p1a: Vikavolt\n|-damage|p1a: Vikavolt|0 fnt\n|faint|p1a: Vikavolt\n|\n|upkeep\n|\n|t:|1783571513\n|switch|p1a: Bellossom|Bellossom, L84, F, tera:Fire|57/100\n|turn|66\n|inactive|Time left: 300 sec this turn | 300 sec total\n|\n|t:|1783571514\n|-terastallize|p2a: Goodra|Flying\n|move|p1a: Bellossom|Quiver Dance|p1a: Bellossom\n|-boost|p1a: Bellossom|spa|1\n|-boost|p1a: Bellossom|spd|1\n|-boost|p1a: Bellossom|spe|1\n|move|p2a: Goodra|Heavy Slam|p1a: Bellossom\n|-resisted|p1a: Bellossom\n|-damage|p1a: Bellossom|27/100\n|\n|-heal|p1a: Bellossom|33/100|[from] item: Leftovers\n|upkeep\n|turn|67\n|inactive|Time left: 300 sec this turn | 300 sec total\n|\n|t:|1783571515\n|move|p1a: Bellossom|Quiver Dance|p1a: Bellossom\n|-boost|p1a: Bellossom|spa|1\n|-boost|p1a: Bellossom|spd|1\n|-boost|p1a: Bellossom|spe|1\n|move|p2a: Goodra|Heavy Slam|p1a: Bellossom\n|-resisted|p1a: Bellossom\n|-damage|p1a: Bellossom|2/100\n|\n|-heal|p1a: Bellossom|8/100|[from] item: Leftovers\n|upkeep\n|turn|68\n|inactive|Time left: 300 sec this turn | 300 sec total\n|\n|t:|1783571516\n|move|p1a: Bellossom|Tera Blast|p2a: Goodra|[anim] Tera Blast Fire\n|-damage|p2a: Goodra|164/265\n|move|p2a: Goodra|Thunderbolt|p1a: Bellossom\n|-crit|p1a: Bellossom\n|-damage|p1a: Bellossom|0 fnt\n|faint|p1a: Bellossom\n|\n|win|p0y28140834", "uploadtime": 1783571516, "views": 0, "rating": 0, "private": 0, "password": null, "_winner": "p0y28140834", "_our_name": "p0y28140834"}