{"id": "battle-gen9randombattle-2365", "formatid": "gen9randombattle", "format": "[Gen 9] Random Battle", "players": ["p0x2365fa44", "p0y2365144c"], "log": "|init|battle\n|title|p0x2365fa44 vs. p0y2365144c\n|j|\u2606p0x2365fa44\n|j|\u2606p0y2365144c\n|t:|1783566433\n|gametype|singles\n|player|p1|p0x2365fa44|102|\n|player|p2|p0y2365144c|102|\n|gen|9\n|tier|[Gen 9] Random Battle\n|rule|Species Clause: Limit one of each Pok\u00e9mon\n|rule|HP Percentage Mod: HP is shown in percentages\n|rule|Sleep Clause Mod: Limit one foe put to sleep\n|rule|Illusion Level Mod: Illusion disguises the Pok\u00e9mon's true level\n|\n|t:|1783566433\n|teamsize|p1|6\n|teamsize|p2|6\n|start\n|switch|p1a: Bastiodon|Bastiodon, L89, F|100/100\n|switch|p2a: Wyrdeer|Wyrdeer, L87, F|321/321\n|-ability|p2a: Wyrdeer|Intimidate|boost\n|-unboost|p1a: Bastiodon|atk|1\n|turn|1\n|inactive|Battle timer is ON: inactive players will automatically lose when time's up. (requested by p0x2365fa44)\n|inactive|Time left: 300 sec this turn | 300 sec total | 60 sec grace\n|inactive|p0y2365144c also wants the timer to be on.\n|\n|t:|1783566435\n|switch|p1a: Drifblim|Drifblim, L86, F|100/100\n|move|p2a: Wyrdeer|Earthquake|p1a: Drifblim\n|-immune|p1a: Drifblim\n|\n|upkeep\n|turn|2\n|inactive|Time left: 300 sec this turn | 300 sec total\n|\n|t:|1783566436\n|move|p1a: Drifblim|Calm Mind|p1a: Drifblim\n|-boost|p1a: Drifblim|spa|1\n|-boost|p1a: Drifblim|spd|1\n|move|p2a: Wyrdeer|Thunder Wave|p1a: Drifblim\n|-status|p1a: Drifblim|par\n|\n|upkeep\n|turn|3\n|inactive|Time left: 300 sec this turn | 300 sec total\n|\n|t:|1783566437\n|switch|p2a: Morpeko|Morpeko, L88, M|245/245\n|move|p1a: Drifblim|Air Slash|p2a: Morpeko\n|-resisted|p2a: Morpeko\n|-damage|p2a: Morpeko|175/245\n|\n|-heal|p2a: Morpeko|190/245|[from] item: Leftovers\n|-formechange|p2a: Morpeko|Morpeko-Hangry||[from] ability: Hunger Switch\n|upkeep\n|turn|4\n|inactive|Time left: 300 sec this turn | 300 sec total\n|\n|t:|1783566438\n|switch|p1a: Passimian|Passimian, L83, M|100/100\n|move|p2a: Morpeko|Aura Wheel|p1a: Passimian\n|-resisted|p1a: Passimian\n|-damage|p1a: Passimian|80/100\n|-boost|p2a: Morpeko|spe|1\n|\n|-heal|p2a: Morpeko|205/245|[from] item: Leftovers\n|-formechange|p2a: Morpeko|Morpeko||[from] ability: Hunger Switch\n|upkeep\n|turn|5\n|inactive|Time left: 300 sec this turn | 300 sec total\n|\n|t:|1783566440\n|move|p2a: Morpeko|Protect|p2a: Morpeko\n|-singleturn|p2a: Morpeko|Protect\n|move|p1a: Passimian|Close Combat|p2a: Morpeko\n|-activate|p2a: Morpeko|move: Protect\n|\n|-heal|p2a: Morpeko|220/245|[from] item: Leftovers\n|-formechange|p2a: Morpeko|Morpeko-Hangry||[from] ability: Hunger Switch\n|upkeep\n|turn|6\n|inactive|Time left: 300 sec this turn | 300 sec total\n|\n|t:|1783566441\n|switch|p2a: Clefable|Clefable, L83, M|293/293\n|move|p1a: Passimian|Close Combat|p2a: Clefable\n|-resisted|p2a: Clefable\n|-damage|p2a: Clefable|164/293\n|-unboost|p1a: Passimian|def|1\n|-unboost|p1a: Passimian|spd|1\n|\n|upkeep\n|turn|7\n|inactive|Time left: 300 sec this turn | 300 sec total\n|\n|t:|1783566442\n|-terastallize|p1a: Passimian|Fighting\n|move|p1a: Passimian|Close Combat|p2a: Clefable\n|-resisted|p2a: Clefable\n|-damage|p2a: Clefable|0 fnt\n|-unboost|p1a: Passimian|def|1\n|-unboost|p1a: Passimian|spd|1\n|faint|p2a: Clefable\n|\n|upkeep\n|inactive|Time left: 300 sec this turn | 300 sec total | 5 sec grace\n|\n|t:|1783566443\n|switch|p2a: Walking Wake|Walking Wake, L79|286/286\n|turn|8\n|inactive|Time left: 300 sec this turn | 300 sec total\n|\n|t:|1783566444\n|switch|p1a: Registeel|Registeel, L81|100/100\n|move|p2a: Walking Wake|Hydro Pump|p1a: Registeel|[miss]\n|-miss|p2a: Walking Wake|p1a: Registeel\n|\n|upkeep\n|turn|9\n|inactive|Time left: 300 sec this turn | 300 sec total\n|\n|t:|1783566445\n|move|p2a: Walking Wake|Hydro Pump|p1a: Registeel\n|-damage|p1a: Registeel|55/100\n|move|p1a: Registeel|Stealth Rock|p2a: Walking Wake\n|-sidestart|p2: p0y2365144c|move: Stealth Rock\n|\n|-heal|p1a: Registeel|62/100|[from] item: Leftovers\n|upkeep\n|turn|10\n|inactive|Time left: 300 sec this turn | 300 sec total\n|\n|t:|1783566446\n|switch|p1a: Eternatus|Eternatus, L69|100/100\n|-ability|p1a: Eternatus|Pressure\n|move|p2a: Walking Wake|Hydro Pump|p1a: Eternatus|[miss]\n|-miss|p2a: Walking Wake|p1a: Eternatus\n|\n|upkeep\n|turn|11\n|inactive|Time left: 300 sec this turn | 300 sec total\n|\n|t:|1783566447\n|-end|p2a: Walking Wake|Protosynthesis|[silent]\n|switch|p2a: Wyrdeer|Wyrdeer, L87, F|321/321\n|-damage|p2a: Wyrdeer|281/321|[from] Stealth Rock\n|-ability|p2a: Wyrdeer|Intimidate|boost\n|-unboost|p1a: Eternatus|atk|1\n|move|p1a: Eternatus|Meteor Beam||[still]\n|-prepare|p1a: Eternatus|Meteor Beam\n|-boost|p1a: Eternatus|spa|1\n|-enditem|p1a: Eternatus|Power Herb\n|-anim|p1a: Eternatus|Meteor Beam|p2a: Wyrdeer\n|-damage|p2a: Wyrdeer|148/321\n|\n|-heal|p2a: Wyrdeer|168/321|[from] item: Leftovers\n|upkeep\n|turn|12\n|inactive|Time left: 300 sec this turn | 300 sec total\n|\n|t:|1783566448\n|move|p1a: Eternatus|Dynamax Cannon|p2a: Wyrdeer\n|-damage|p2a: Wyrdeer|0 fnt\n|faint|p2a: Wyrdeer\n|\n|upkeep\n|inactive|Time left: 300 sec this turn | 300 sec total | 5 sec grace\n|\n|t:|1783566448\n|switch|p2a: Latias|Latias, L79, F|256/256\n|-damage|p2a: Latias|224/256|[from] Stealth Rock\n|turn|13\n|inactive|Time left: 300 sec this turn | 300 sec total\n|\n|t:|1783566449\n|-terastallize|p2a: Latias|Steel\n|move|p1a: Eternatus|Dynamax Cannon|p2a: Latias\n|-resisted|p2a: Latias\n|-damage|p2a: Latias|170/256\n|move|p2a: Latias|Draco Meteor|p1a: Eternatus\n|-supereffective|p1a: Eternatus\n|-damage|p1a: Eternatus|0 fnt\n|-unboost|p2a: Latias|spa|2\n|faint|p1a: Eternatus\n|\n|upkeep\n|\n|t:|1783566450\n|switch|p1a: Passimian|Passimian, L83, M, tera:Fighting|80/100\n|turn|14\n|inactive|Time left: 300 sec this turn | 300 sec total\n|\n|t:|1783566451\n|move|p2a: Latias|Psyshock|p1a: Passimian\n|-supereffective|p1a: Passimian\n|-damage|p1a: Passimian|48/100\n|move|p1a: Passimian|Close Combat|p2a: Latias\n|-supereffective|p2a: Latias\n|-damage|p2a: Latias|0 fnt\n|-unboost|p1a: Passimian|def|1\n|-unboost|p1a: Passimian|spd|1\n|faint|p2a: Latias\n|\n|upkeep\n|inactive|Time left: 300 sec this turn | 300 sec total | 5 sec grace\n|\n|t:|1783566452\n|switch|p2a: Walking Wake|Walking Wake, L79|286/286\n|-damage|p2a: Walking Wake|251/286|[from] Stealth Rock\n|turn|15\n|inactive|Time left: 300 sec this turn | 300 sec total\n|\n|t:|1783566453\n|move|p2a: Walking Wake|Hydro Pump|p1a: Passimian\n|-damage|p1a: Passimian|0 fnt\n|faint|p1a: Passimian\n|\n|upkeep\n|\n|t:|1783566453\n|switch|p1a: Registeel|Registeel, L81|62/100\n|turn|16\n|inactive|Time left: 300 sec this turn | 300 sec total\n|\n|t:|1783566454\n|move|p2a: Walking Wake|Hydro Pump|p1a: Registeel\n|-damage|p1a: Registeel|17/100\n|move|p1a: Registeel|Thunder Wave|p2a: Walking Wake\n|-status|p2a: Walking Wake|par\n|\n|-heal|p1a: Registeel|23/100|[from] item: Leftovers\n|upkeep\n|turn|17\n|inactive|Time left: 300 sec this turn | 300 sec total\n|\n|t:|1783566455\n|move|p1a: Registeel|Body Press|p2a: Walking Wake\n|-damage|p2a: Walking Wake|175/286 par\n|cant|p2a: Walking Wake|par\n|\n|-heal|p1a: Registeel|29/100|[from] item: Leftovers\n|upkeep\n|turn|18\n|inactive|Time left: 300 sec this turn | 300 sec total\n|\n|t:|1783566456\n|move|p1a: Registeel|Body Press|p2a: Walking Wake\n|-damage|p2a: Walking Wake|97/286 par\n|move|p2a: Walking Wake|Hydro Pump|p1a: Registeel|[miss]\n|-miss|p2a: Walking Wake|p1a: Registeel\n|\n|-heal|p1a: Registeel|35/100|[from] item: Leftovers\n|upkeep\n|turn|19\n|inactive|Time left: 300 sec this turn | 300 sec total\n|\n|t:|1783566457\n|move|p1a: Registeel|Body Press|p2a: Walking Wake\n|-damage|p2a: Walking Wake|24/286 par\n|cant|p2a: Walking Wake|par\n|\n|-heal|p1a: Registeel|41/100|[from] item: Leftovers\n|upkeep\n|turn|20\n|inactive|Time left: 300 sec this turn | 300 sec total\n|\n|t:|1783566458\n|move|p1a: Registeel|Body Press|p2a: Walking Wake\n|-damage|p2a: Walking Wake|0 fnt\n|faint|p2a: Walking Wake\n|-end|p2a: Walking Wake|Protosynthesis|[silent]\n|\n|-heal|p1a: Registeel|47/100|[from] item: Leftovers\n|upkeep\n|inactive|Time left: 300 sec this turn | 300 sec total | 5 sec grace\n|\n|t:|1783566458\n|switch|p2a: Palafin|Palafin, L77, M|281/281\n|-damage|p2a: Palafin|246/281|[from] Stealth Rock\n|turn|21\n|inactive|Time left: 300 sec this turn | 300 sec total\n|\n|t:|1783566459\n|move|p2a: Palafin|Bulk Up|p2a: Palafin\n|-boost|p2a: Palafin|atk|1\n|-boost|p2a: Palafin|def|1\n|move|p1a: Registeel|Body Press|p2a: Palafin\n|-damage|p2a: Palafin|184/281\n|\n|-heal|p2a: Palafin|201/281|[from] item: Leftovers\n|-heal|p1a: Registeel|53/100|[from] item: Leftovers\n|upkeep\n|turn|22\n|inactive|Time left: 300 sec this turn | 300 sec total\n|\n|t:|1783566460\n|move|p2a: Palafin|Bulk Up|p2a: Palafin\n|-boost|p2a: Palafin|atk|1\n|-boost|p2a: Palafin|def|1\n|move|p1a: Registeel|Thunder Wave|p2a: Palafin\n|-status|p2a: Palafin|par\n|\n|-heal|p1a: Registeel|59/100|[from] item: Leftovers\n|-heal|p2a: Palafin|218/281 par|[from] item: Leftovers\n|upkeep\n|turn|23\n|inactive|Time left: 300 sec this turn | 300 sec total\n|\n|t:|1783566461\n|switch|p1a: Drifblim|Drifblim, L86, F|100/100 par\n|move|p2a: Palafin|Drain Punch|p1a: Drifblim\n|-immune|p1a: Drifblim\n|\n|-heal|p2a: Palafin|235/281 par|[from] item: Leftovers\n|upkeep\n|turn|24\n|inactive|Time left: 300 sec this turn | 300 sec total\n|\n|t:|1783566462\n|cant|p2a: Palafin|par\n|move|p1a: Drifblim|Shadow Ball|p2a: Palafin\n|-damage|p2a: Palafin|126/281 par\n|\n|-heal|p2a: Palafin|143/281 par|[from] item: Leftovers\n|upkeep\n|turn|25\n|inactive|Time left: 300 sec this turn | 300 sec total\n|\n|t:|1783566463\n|move|p2a: Palafin|Ice Punch|p1a: Drifblim\n|-supereffective|p1a: Drifblim\n|-damage|p1a: Drifblim|49/100 par\n|-enditem|p1a: Drifblim|Sitrus Berry|[eat]\n|-heal|p1a: Drifblim|74/100 par|[from] item: Sitrus Berry\n|move|p1a: Drifblim|Shadow Ball|p2a: Palafin\n|-damage|p2a: Palafin|29/281 par\n|\n|-heal|p2a: Palafin|46/281 par|[from] item: Leftovers\n|upkeep\n|turn|26\n|inactive|Time left: 300 sec this turn | 300 sec total\n|\n|t:|1783566464\n|move|p1a: Drifblim|Strength Sap|p2a: Palafin\n|-unboost|p2a: Palafin|atk|1\n|-heal|p1a: Drifblim|100/100 par\n|cant|p2a: Palafin|par\n|\n|-heal|p2a: Palafin|63/281 par|[from] item: Leftovers\n|upkeep\n|turn|27\n|inactive|Time left: 300 sec this turn | 300 sec total\n|\n|t:|1783566465\n|move|p2a: Palafin|Jet Punch|p1a: Drifblim\n|-damage|p1a: Drifblim|78/100 par\n|move|p1a: Drifblim|Calm Mind|p1a: Drifblim\n|-boost|p1a: Drifblim|spa|1\n|-boost|p1a: Drifblim|spd|1\n|\n|-heal|p2a: Palafin|80/281 par|[from] item: Leftovers\n|upkeep\n|turn|28\n|inactive|Time left: 300 sec this turn | 300 sec total\n|\n|t:|1783566466\n|move|p1a: Drifblim|Strength Sap|p2a: Palafin\n|-unboost|p2a: Palafin|atk|1\n|-heal|p1a: Drifblim|100/100 par\n|move|p2a: Palafin|Ice Punch|p1a: Drifblim\n|-supereffective|p1a: Drifblim\n|-damage|p1a: Drifblim|72/100 par\n|\n|-heal|p2a: Palafin|97/281 par|[from] item: Leftovers\n|upkeep\n|turn|29\n|inactive|Time left: 300 sec this turn | 300 sec total\n|\n|t:|1783566467\n|detailschange|p2a: Palafin|Palafin-Hero, L77, M\n|switch|p2a: Morpeko|Morpeko, L88, M|220/245\n|-damage|p2a: Morpeko|190/245|[from] Stealth Rock\n|move|p1a: Drifblim|Strength Sap|p2a: Morpeko\n|-unboost|p2a: Morpeko|atk|1\n|-heal|p1a: Drifblim|100/100 par\n|\n|-heal|p2a: Morpeko|205/245|[from] item: Leftovers\n|-formechange|p2a: Morpeko|Morpeko-Hangry||[from] ability: Hunger Switch\n|upkeep\n|turn|30\n|inactive|Time left: 300 sec this turn | 300 sec total\n|\n|t:|1783566468\n|switch|p1a: Bastiodon|Bastiodon, L89, F|100/100\n|move|p2a: Morpeko|Aura Wheel|p1a: Bastiodon\n|-damage|p1a: Bastiodon|80/100\n|-boost|p2a: Morpeko|spe|1\n|\n|-heal|p2a: Morpeko|220/245|[from] item: Leftovers\n|-formechange|p2a: Morpeko|Morpeko||[from] ability: Hunger Switch\n|upkeep\n|turn|31\n|inactive|Time left: 300 sec this turn | 300 sec total\n|\n|t:|1783566469\n|move|p2a: Morpeko|Protect|p2a: Morpeko\n|-singleturn|p2a: Morpeko|Protect\n|move|p1a: Bastiodon|Body Press|p2a: Morpeko\n|-activate|p2a: Morpeko|move: Protect\n|\n|-heal|p2a: Morpeko|235/245|[from] item: Leftovers\n|-formechange|p2a: Morpeko|Morpeko-Hangry||[from] ability: Hunger Switch\n|upkeep\n|turn|32\n|inactive|Time left: 300 sec this turn | 300 sec total\n|\n|t:|1783566470\n|move|p2a: Morpeko|Protect||[still]\n|-fail|p2a: Morpeko\n|move|p1a: Bastiodon|Body Press|p2a: Morpeko\n|-supereffective|p2a: Morpeko\n|-damage|p2a: Morpeko|0 fnt\n|faint|p2a: Morpeko\n|\n|upkeep\n|inactive|Time left: 300 sec this turn | 300 sec total | 5 sec grace\n|\n|t:|1783566471\n|switch|p2a: Palafin|Palafin-Hero, L77, M|97/281 par\n|-damage|p2a: Palafin|62/281 par|[from] Stealth Rock\n|-activate|p2a: Palafin|ability: Zero to Hero\n|turn|33\n|inactive|Time left: 300 sec this turn | 300 sec total\n|\n|t:|1783566472\n|move|p1a: Bastiodon|Foul Play|p2a: Palafin\n|-damage|p2a: Palafin|0 fnt\n|faint|p2a: Palafin\n|\n|win|p0x2365fa44", "uploadtime": 1783566472, "views": 0, "rating": 0, "private": 0, "password": null, "_winner": "p0x2365fa44", "_our_name": "p0y2365144c"}