{"id": "battle-gen9randombattle-886", "formatid": "gen9randombattle", "format": "[Gen 9] Random Battle", "players": ["p0x8868577", "p0y886187c"], "log": "|init|battle\n|title|p0x8868577 vs. p0y886187c\n|j|\u2606p0x8868577\n|j|\u2606p0y886187c\n|t:|1783550178\n|gametype|singles\n|player|p1|p0x8868577|170|\n|player|p2|p0y886187c|170|\n|gen|9\n|tier|[Gen 9] Random Battle\n|rule|Species Clause: Limit one of each Pok\u00e9mon\n|rule|HP Percentage Mod: HP is shown in percentages\n|rule|Sleep Clause Mod: Limit one foe put to sleep\n|rule|Illusion Level Mod: Illusion disguises the Pok\u00e9mon's true level\n|\n|t:|1783550178\n|teamsize|p1|6\n|teamsize|p2|6\n|start\n|switch|p1a: Glalie|Glalie, L96, F|100/100\n|switch|p2a: Reuniclus|Reuniclus, L88, M|337/337\n|turn|1\n|inactive|Battle timer is ON: inactive players will automatically lose when time's up. (requested by p0x8868577)\n|inactive|Time left: 300 sec this turn | 300 sec total | 60 sec grace\n|\n|t:|1783550180\n|switch|p1a: Mesprit|Mesprit, L85|100/100\n|move|p2a: Reuniclus|Psychic|p1a: Mesprit\n|-resisted|p1a: Mesprit\n|-damage|p1a: Mesprit|74/100\n|\n|upkeep\n|turn|2\n|inactive|p0y886187c also wants the timer to be on.\n|inactive|Time left: 300 sec this turn | 300 sec total\n|\n|t:|1783550181\n|move|p1a: Mesprit|Shadow Ball|p2a: Reuniclus\n|-supereffective|p2a: Reuniclus\n|-damage|p2a: Reuniclus|163/337\n|move|p2a: Reuniclus|Calm Mind|p2a: Reuniclus\n|-boost|p2a: Reuniclus|spa|1\n|-boost|p2a: Reuniclus|spd|1\n|\n|upkeep\n|turn|3\n|inactive|Time left: 300 sec this turn | 300 sec total\n|\n|t:|1783550182\n|move|p1a: Mesprit|Shadow Ball|p2a: Reuniclus\n|-supereffective|p2a: Reuniclus\n|-damage|p2a: Reuniclus|47/337\n|move|p2a: Reuniclus|Recover|p2a: Reuniclus\n|-heal|p2a: Reuniclus|216/337\n|\n|upkeep\n|turn|4\n|inactive|Time left: 300 sec this turn | 300 sec total\n|\n|t:|1783550183\n|move|p1a: Mesprit|Shadow Ball|p2a: Reuniclus\n|-supereffective|p2a: Reuniclus\n|-damage|p2a: Reuniclus|92/337\n|-unboost|p2a: Reuniclus|spd|1\n|move|p2a: Reuniclus|Psychic|p1a: Mesprit\n|-resisted|p1a: Mesprit\n|-crit|p1a: Mesprit\n|-damage|p1a: Mesprit|12/100\n|\n|upkeep\n|turn|5\n|inactive|Time left: 300 sec this turn | 300 sec total\n|\n|t:|1783550184\n|-terastallize|p2a: Reuniclus|Fighting\n|move|p1a: Mesprit|Shadow Ball|p2a: Reuniclus\n|-damage|p2a: Reuniclus|0 fnt\n|faint|p2a: Reuniclus\n|\n|upkeep\n|inactive|Time left: 300 sec this turn | 300 sec total | 5 sec grace\n|\n|t:|1783550185\n|switch|p2a: Flutter Mane|Flutter Mane, L74|203/203\n|turn|6\n|inactive|Time left: 300 sec this turn | 300 sec total\n|\n|t:|1783550186\n|switch|p1a: Goodra|Goodra-Hisui, L82, M|100/100\n|move|p2a: Flutter Mane|Moonblast|p1a: Goodra\n|-damage|p1a: Goodra|76/100\n|\n|upkeep\n|turn|7\n|inactive|Time left: 300 sec this turn | 300 sec total\n|\n|t:|1783550187\n|move|p2a: Flutter Mane|Moonblast|p1a: Goodra\n|-damage|p1a: Goodra|51/100\n|move|p1a: Goodra|Knock Off|p2a: Flutter Mane\n|-damage|p2a: Flutter Mane|107/203\n|-enditem|p2a: Flutter Mane|Choice Specs|[from] move: Knock Off|[of] p1a: Goodra\n|\n|upkeep\n|turn|8\n|inactive|Time left: 300 sec this turn | 300 sec total\n|\n|t:|1783550188\n|move|p2a: Flutter Mane|Mystical Fire|p1a: Goodra\n|-damage|p1a: Goodra|42/100\n|-unboost|p1a: Goodra|spa|1\n|move|p1a: Goodra|Heavy Slam|p2a: Flutter Mane\n|-supereffective|p2a: Flutter Mane\n|-damage|p2a: Flutter Mane|0 fnt\n|faint|p2a: Flutter Mane\n|-end|p2a: Flutter Mane|Protosynthesis|[silent]\n|\n|upkeep\n|inactive|Time left: 300 sec this turn | 300 sec total | 5 sec grace\n|\n|t:|1783550190\n|switch|p2a: Charizard|Charizard, L85, F|271/271\n|turn|9\n|inactive|Time left: 300 sec this turn | 300 sec total\n|\n|t:|1783550191\n|switch|p1a: Dragonite|Dragonite, L74, F|100/100\n|move|p2a: Charizard|Swords Dance|p2a: Charizard\n|-boost|p2a: Charizard|atk|2\n|\n|upkeep\n|turn|10\n|inactive|Time left: 300 sec this turn | 300 sec total\n|\n|t:|1783550192\n|move|p2a: Charizard|Outrage|p1a: Dragonite\n|-supereffective|p1a: Dragonite\n|-damage|p1a: Dragonite|38/100\n|move|p1a: Dragonite|Outrage|p2a: Charizard\n|-damage|p2a: Charizard|136/271\n|\n|upkeep\n|turn|11\n|inactive|Time left: 300 sec this turn | 300 sec total\n|\n|t:|1783550193\n|move|p2a: Charizard|Outrage|p1a: Dragonite|[from] lockedmove\n|-supereffective|p1a: Dragonite\n|-damage|p1a: Dragonite|0 fnt\n|faint|p1a: Dragonite\n|\n|upkeep\n|\n|t:|1783550194\n|switch|p1a: Mamoswine|Mamoswine, L81, M|100/100\n|turn|12\n|inactive|Time left: 300 sec this turn | 300 sec total\n|\n|t:|1783550195\n|move|p2a: Charizard|Outrage|p1a: Mamoswine|[from] lockedmove\n|-damage|p1a: Mamoswine|47/100\n|-start|p2a: Charizard|confusion|[fatigue]\n|move|p1a: Mamoswine|Icicle Crash|p2a: Charizard\n|-damage|p2a: Charizard|0 fnt\n|faint|p2a: Charizard\n|\n|upkeep\n|inactive|Time left: 300 sec this turn | 300 sec total | 5 sec grace\n|\n|t:|1783550196\n|switch|p2a: Armarouge|Armarouge, L80, M|267/267\n|turn|13\n|inactive|Time left: 300 sec this turn | 300 sec total\n|\n|t:|1783550197\n|switch|p1a: Mesprit|Mesprit, L85|12/100\n|move|p2a: Armarouge|Armor Cannon|p1a: Mesprit\n|-damage|p1a: Mesprit|0 fnt\n|-unboost|p2a: Armarouge|def|1\n|-unboost|p2a: Armarouge|spd|1\n|faint|p1a: Mesprit\n|\n|upkeep\n|\n|t:|1783550198\n|switch|p1a: Mamoswine|Mamoswine, L81, M|47/100\n|turn|14\n|inactive|Time left: 300 sec this turn | 300 sec total\n|\n|t:|1783550200\n|switch|p2a: Zapdos|Zapdos, L78|268/268\n|move|p1a: Mamoswine|Earthquake|p2a: Zapdos\n|-immune|p2a: Zapdos\n|\n|upkeep\n|turn|15\n|inactive|Time left: 300 sec this turn | 300 sec total\n|\n|t:|1783550201\n|move|p2a: Zapdos|Hurricane|p1a: Mamoswine\n|-crit|p1a: Mamoswine\n|-damage|p1a: Mamoswine|0 fnt\n|faint|p1a: Mamoswine\n|\n|upkeep\n|\n|t:|1783550202\n|switch|p1a: Gothitelle|Gothitelle, L90, M|100/100\n|turn|16\n|inactive|Time left: 300 sec this turn | 300 sec total\n|\n|t:|1783550203\n|move|p2a: Zapdos|Discharge|p1a: Gothitelle\n|-damage|p1a: Gothitelle|74/100\n|move|p1a: Gothitelle|Calm Mind|p1a: Gothitelle\n|-boost|p1a: Gothitelle|spa|1\n|-boost|p1a: Gothitelle|spd|1\n|\n|-heal|p1a: Gothitelle|80/100|[from] item: Leftovers\n|upkeep\n|turn|17\n|inactive|Time left: 300 sec this turn | 300 sec total\n|\n|t:|1783550204\n|move|p2a: Zapdos|U-turn|p1a: Gothitelle\n|-supereffective|p1a: Gothitelle\n|-damage|p1a: Gothitelle|50/100\n|inactive|Time left: 300 sec this turn | 300 sec total | 5 sec grace\n|\n|t:|1783550205\n|switch|p2a: Goodra|Goodra, L85, F|292/292|[from] U-turn\n|move|p1a: Gothitelle|Psychic Noise|p2a: Goodra\n|-damage|p2a: Goodra|229/292\n|-start|p2a: Goodra|move: Heal Block\n|\n|-heal|p1a: Gothitelle|57/100|[from] item: Leftovers\n|upkeep\n|turn|18\n|inactive|Time left: 300 sec this turn | 300 sec total\n|\n|t:|1783550207\n|move|p2a: Goodra|Earthquake|p1a: Gothitelle\n|-damage|p1a: Gothitelle|31/100\n|move|p1a: Gothitelle|Calm Mind|p1a: Gothitelle\n|-boost|p1a: Gothitelle|spa|1\n|-boost|p1a: Gothitelle|spd|1\n|\n|-heal|p1a: Gothitelle|37/100|[from] item: Leftovers\n|-end|p2a: Goodra|move: Heal Block\n|upkeep\n|turn|19\n|inactive|Time left: 300 sec this turn | 300 sec total\n|\n|t:|1783550208\n|move|p2a: Goodra|Earthquake|p1a: Gothitelle\n|-damage|p1a: Gothitelle|10/100\n|move|p1a: Gothitelle|Focus Blast|p2a: Goodra\n|-damage|p2a: Goodra|140/292\n|\n|-heal|p1a: Gothitelle|17/100|[from] item: Leftovers\n|upkeep\n|turn|20\n|inactive|Time left: 300 sec this turn | 300 sec total\n|\n|t:|1783550211\n|move|p2a: Goodra|Earthquake|p1a: Gothitelle\n|-damage|p1a: Gothitelle|0 fnt\n|faint|p1a: Gothitelle\n|\n|upkeep\n|\n|t:|1783550212\n|switch|p1a: Glalie|Glalie, L96, F|100/100\n|turn|21\n|inactive|Time left: 300 sec this turn | 300 sec total\n|\n|t:|1783550213\n|move|p1a: Glalie|Earthquake|p2a: Goodra\n|-damage|p2a: Goodra|47/292\n|move|p2a: Goodra|Fire Blast|p1a: Glalie\n|-supereffective|p1a: Glalie\n|-damage|p1a: Glalie|42/100\n|\n|upkeep\n|turn|22\n|inactive|Time left: 300 sec this turn | 300 sec total\n|\n|t:|1783550214\n|move|p1a: Glalie|Freeze-Dry|p2a: Goodra\n|-supereffective|p2a: Goodra\n|-damage|p2a: Goodra|0 fnt\n|faint|p2a: Goodra\n|\n|upkeep\n|inactive|Time left: 300 sec this turn | 300 sec total | 5 sec grace\n|\n|t:|1783550215\n|switch|p2a: Armarouge|Armarouge, L80, M|267/267\n|turn|23\n|inactive|Time left: 300 sec this turn | 300 sec total\n|\n|t:|1783550216\n|move|p1a: Glalie|Earthquake|p2a: Armarouge\n|-supereffective|p2a: Armarouge\n|-damage|p2a: Armarouge|111/267\n|-ability|p2a: Armarouge|Weak Armor|boost\n|-unboost|p2a: Armarouge|def|1\n|-boost|p2a: Armarouge|spe|2\n|move|p2a: Armarouge|Armor Cannon|p1a: Glalie\n|-supereffective|p1a: Glalie\n|-damage|p1a: Glalie|0 fnt\n|-unboost|p2a: Armarouge|def|1\n|-unboost|p2a: Armarouge|spd|1\n|faint|p1a: Glalie\n|\n|upkeep\n|\n|t:|1783550217\n|switch|p1a: Goodra|Goodra-Hisui, L82, M|42/100\n|turn|24\n|inactive|Time left: 300 sec this turn | 300 sec total\n|\n|t:|1783550218\n|move|p2a: Armarouge|Armor Cannon|p1a: Goodra\n|-damage|p1a: Goodra|5/100\n|-unboost|p2a: Armarouge|def|1\n|-unboost|p2a: Armarouge|spd|1\n|move|p1a: Goodra|Knock Off|p2a: Armarouge\n|-supereffective|p2a: Armarouge\n|-damage|p2a: Armarouge|0 fnt\n|-enditem|p2a: Armarouge|Choice Specs|[from] move: Knock Off|[of] p1a: Goodra\n|faint|p2a: Armarouge\n|\n|upkeep\n|inactive|Time left: 300 sec this turn | 300 sec total | 5 sec grace\n|\n|t:|1783550219\n|switch|p2a: Zapdos|Zapdos, L78|268/268\n|turn|25\n|inactive|Time left: 300 sec this turn | 300 sec total\n|\n|t:|1783550220\n|-terastallize|p1a: Goodra|Ground\n|move|p2a: Zapdos|Discharge|p1a: Goodra\n|-immune|p1a: Goodra\n|move|p1a: Goodra|Heavy Slam|p2a: Zapdos\n|-resisted|p2a: Zapdos\n|-damage|p2a: Zapdos|200/268\n|\n|upkeep\n|turn|26\n|inactive|Time left: 300 sec this turn | 300 sec total\n|\n|t:|1783550221\n|move|p2a: Zapdos|U-turn|p1a: Goodra\n|-damage|p1a: Goodra|0 fnt\n|faint|p1a: Goodra\n|\n|win|p0y886187c", "uploadtime": 1783550221, "views": 0, "rating": 0, "private": 0, "password": null, "_winner": "p0y886187c", "_our_name": "p0y886187c"}