{"id": "battle-gen9randombattle-2205", "formatid": "gen9randombattle", "format": "[Gen 9] Random Battle", "players": ["p0x220564a6", "p0y2205529d"], "log": "|init|battle\n|title|p0x220564a6 vs. p0y2205529d\n|j|\u2606p0x220564a6\n|j|\u2606p0y2205529d\n|t:|1783564624\n|gametype|singles\n|player|p1|p0x220564a6|101|\n|player|p2|p0y2205529d|101|\n|gen|9\n|tier|[Gen 9] Random Battle\n|rule|Species Clause: Limit one of each Pok\u00e9mon\n|rule|HP Percentage Mod: HP is shown in percentages\n|rule|Sleep Clause Mod: Limit one foe put to sleep\n|rule|Illusion Level Mod: Illusion disguises the Pok\u00e9mon's true level\n|\n|t:|1783564624\n|teamsize|p1|6\n|teamsize|p2|6\n|start\n|switch|p1a: Wyrdeer|Wyrdeer, L87, M|100/100\n|switch|p2a: Arbok|Arbok, L87, M|246/246\n|-ability|p2a: Arbok|Intimidate|boost\n|-unboost|p1a: Wyrdeer|atk|1\n|-ability|p1a: Wyrdeer|Intimidate|boost\n|-unboost|p2a: Arbok|atk|1\n|turn|1\n|inactive|Battle timer is ON: inactive players will automatically lose when time's up. (requested by p0x220564a6)\n|inactive|Time left: 300 sec this turn | 300 sec total | 60 sec grace\n|inactive|p0y2205529d also wants the timer to be on.\n|\n|t:|1783564626\n|switch|p2a: Luxray|Luxray, L88, F|283/283\n|switch|p1a: Pelipper|Pelipper, L86, M|100/100\n|-weather|RainDance|[from] ability: Drizzle|[of] p1a: Pelipper\n|\n|-weather|RainDance|[upkeep]\n|-status|p2a: Luxray|brn|[from] item: Flame Orb\n|upkeep\n|turn|2\n|inactive|Time left: 300 sec this turn | 300 sec total\n|\n|t:|1783564627\n|switch|p1a: Sandy Shocks|Sandy Shocks, L80|100/100\n|move|p2a: Luxray|Supercell Slam|p1a: Sandy Shocks\n|-immune|p1a: Sandy Shocks\n|-damage|p2a: Luxray|142/283 brn|[from] supercellslam\n|\n|-weather|RainDance|[upkeep]\n|-damage|p2a: Luxray|125/283 brn|[from] brn\n|upkeep\n|turn|3\n|inactive|Time left: 300 sec this turn | 300 sec total\n|\n|t:|1783564628\n|switch|p2a: Chimecho|Chimecho, L93, M|290/290\n|move|p1a: Sandy Shocks|Earth Power|p2a: Chimecho\n|-immune|p2a: Chimecho|[from] ability: Levitate\n|\n|-weather|RainDance|[upkeep]\n|upkeep\n|turn|4\n|inactive|Time left: 300 sec this turn | 300 sec total\n|\n|t:|1783564629\n|move|p1a: Sandy Shocks|Volt Switch|p2a: Chimecho\n|-damage|p2a: Chimecho|215/290\n|\n|t:|1783564631\n|-end|p1a: Sandy Shocks|Protosynthesis|[silent]\n|switch|p1a: Polteageist|Polteageist, L78|100/100|[from] Volt Switch\n|move|p2a: Chimecho|Calm Mind|p2a: Chimecho\n|-boost|p2a: Chimecho|spa|1\n|-boost|p2a: Chimecho|spd|1\n|\n|-weather|RainDance|[upkeep]\n|-heal|p2a: Chimecho|233/290|[from] item: Leftovers\n|upkeep\n|turn|5\n|inactive|Time left: 300 sec this turn | 300 sec total\n|\n|t:|1783564632\n|move|p2a: Chimecho|Psyshock|p1a: Polteageist\n|-damage|p1a: Polteageist|12/100\n|move|p1a: Polteageist|Shell Smash|p1a: Polteageist\n|-unboost|p1a: Polteageist|def|1\n|-unboost|p1a: Polteageist|spd|1\n|-boost|p1a: Polteageist|atk|2\n|-boost|p1a: Polteageist|spa|2\n|-boost|p1a: Polteageist|spe|2\n|-enditem|p1a: Polteageist|White Herb\n|-clearnegativeboost|p1a: Polteageist|[silent]\n|\n|-weather|none\n|-heal|p2a: Chimecho|251/290|[from] item: Leftovers\n|upkeep\n|turn|6\n|inactive|Time left: 300 sec this turn | 300 sec total\n|\n|t:|1783564633\n|move|p1a: Polteageist|Shadow Ball|p2a: Chimecho\n|-supereffective|p2a: Chimecho\n|-damage|p2a: Chimecho|33/290\n|move|p2a: Chimecho|Psyshock|p1a: Polteageist\n|-damage|p1a: Polteageist|0 fnt\n|faint|p1a: Polteageist\n|\n|-heal|p2a: Chimecho|51/290|[from] item: Leftovers\n|upkeep\n|\n|t:|1783564634\n|switch|p1a: Gallade|Gallade, L80, M|100/100\n|turn|7\n|inactive|Time left: 300 sec this turn | 300 sec total\n|\n|t:|1783564635\n|move|p1a: Gallade|Psycho Cut|p2a: Chimecho\n|-resisted|p2a: Chimecho\n|-damage|p2a: Chimecho|0 fnt\n|faint|p2a: Chimecho\n|\n|upkeep\n|inactive|Time left: 300 sec this turn | 300 sec total | 5 sec grace\n|\n|t:|1783564636\n|switch|p2a: Gumshoos|Gumshoos, L95, M|321/321\n|turn|8\n|inactive|Time left: 300 sec this turn | 300 sec total\n|\n|t:|1783564637\n|move|p1a: Gallade|Psycho Cut|p2a: Gumshoos\n|-damage|p2a: Gumshoos|182/321\n|move|p2a: Gumshoos|Double-Edge|p1a: Gallade\n|-damage|p1a: Gallade|0 fnt\n|faint|p1a: Gallade\n|-damage|p2a: Gumshoos|103/321|[from] Recoil\n|\n|upkeep\n|\n|t:|1783564638\n|switch|p1a: Pelipper|Pelipper, L86, M|100/100\n|-weather|RainDance|[from] ability: Drizzle|[of] p1a: Pelipper\n|turn|9\n|inactive|Time left: 300 sec this turn | 300 sec total\n|\n|t:|1783564639\n|move|p1a: Pelipper|Weather Ball|p2a: Gumshoos\n|-damage|p2a: Gumshoos|0 fnt\n|faint|p2a: Gumshoos\n|\n|-weather|RainDance|[upkeep]\n|upkeep\n|inactive|Time left: 300 sec this turn | 300 sec total | 5 sec grace\n|\n|t:|1783564640\n|switch|p2a: Luxray|Luxray, L88, F|125/283 brn\n|turn|10\n|inactive|Time left: 300 sec this turn | 300 sec total\n|\n|t:|1783564640\n|switch|p1a: Orthworm|Orthworm, L88, M|100/100\n|move|p2a: Luxray|Supercell Slam|p1a: Orthworm\n|-damage|p1a: Orthworm|49/100\n|\n|-weather|RainDance|[upkeep]\n|-damage|p2a: Luxray|108/283 brn|[from] brn\n|upkeep\n|turn|11\n|inactive|Time left: 300 sec this turn | 300 sec total\n|\n|t:|1783564641\n|move|p2a: Luxray|Supercell Slam|p1a: Orthworm\n|-damage|p1a: Orthworm|0 fnt\n|faint|p1a: Orthworm\n|\n|-weather|RainDance|[upkeep]\n|-damage|p2a: Luxray|91/283 brn|[from] brn\n|upkeep\n|\n|t:|1783564642\n|switch|p1a: Sandy Shocks|Sandy Shocks, L80|100/100\n|turn|12\n|inactive|Time left: 300 sec this turn | 300 sec total\n|\n|t:|1783564642\n|switch|p2a: Scizor|Scizor, L79, F|240/240\n|move|p1a: Sandy Shocks|Earth Power|p2a: Scizor\n|-damage|p2a: Scizor|113/240\n|\n|-weather|RainDance|[upkeep]\n|upkeep\n|turn|13\n|inactive|Time left: 300 sec this turn | 300 sec total\n|\n|t:|1783564643\n|move|p1a: Sandy Shocks|Earth Power|p2a: Scizor\n|-damage|p2a: Scizor|0 fnt\n|faint|p2a: Scizor\n|\n|-weather|none\n|upkeep\n|inactive|Time left: 300 sec this turn | 300 sec total | 5 sec grace\n|\n|t:|1783564644\n|switch|p2a: Skeledirge|Skeledirge, L79, F|294/294\n|turn|14\n|inactive|Time left: 300 sec this turn | 300 sec total\n|\n|t:|1783564644\n|move|p1a: Sandy Shocks|Earth Power|p2a: Skeledirge\n|-supereffective|p2a: Skeledirge\n|-damage|p2a: Skeledirge|42/294\n|move|p2a: Skeledirge|Torch Song|p1a: Sandy Shocks\n|-damage|p1a: Sandy Shocks|69/100\n|-boost|p2a: Skeledirge|spa|1\n|\n|upkeep\n|turn|15\n|inactive|Time left: 300 sec this turn | 300 sec total\n|\n|t:|1783564645\n|move|p1a: Sandy Shocks|Earth Power|p2a: Skeledirge\n|-supereffective|p2a: Skeledirge\n|-damage|p2a: Skeledirge|0 fnt\n|faint|p2a: Skeledirge\n|\n|upkeep\n|inactive|Time left: 300 sec this turn | 300 sec total | 5 sec grace\n|\n|t:|1783564646\n|switch|p2a: Arbok|Arbok, L87, M|246/246\n|-ability|p2a: Arbok|Intimidate|boost\n|-unboost|p1a: Sandy Shocks|atk|1\n|turn|16\n|inactive|Time left: 300 sec this turn | 300 sec total\n|\n|t:|1783564647\n|-terastallize|p2a: Arbok|Dark\n|move|p1a: Sandy Shocks|Earth Power|p2a: Arbok\n|-damage|p2a: Arbok|131/246\n|move|p2a: Arbok|Knock Off|p1a: Sandy Shocks\n|-damage|p1a: Sandy Shocks|15/100\n|-enditem|p1a: Sandy Shocks|Heavy-Duty Boots|[from] move: Knock Off|[of] p2a: Arbok\n|-damage|p2a: Arbok|107/246|[from] item: Life Orb\n|\n|upkeep\n|turn|17\n|inactive|Time left: 300 sec this turn | 300 sec total\n|\n|t:|1783564648\n|move|p2a: Arbok|Sucker Punch|p1a: Sandy Shocks\n|-damage|p1a: Sandy Shocks|0 fnt\n|faint|p1a: Sandy Shocks\n|-end|p1a: Sandy Shocks|Protosynthesis|[silent]\n|-damage|p2a: Arbok|83/246|[from] item: Life Orb\n|\n|upkeep\n|\n|t:|1783564649\n|switch|p1a: Wyrdeer|Wyrdeer, L87, M|100/100\n|-ability|p1a: Wyrdeer|Intimidate|boost\n|-unboost|p2a: Arbok|atk|1\n|turn|18\n|inactive|Time left: 300 sec this turn | 300 sec total\n|\n|t:|1783564650\n|-terastallize|p1a: Wyrdeer|Ground\n|move|p2a: Arbok|Glare|p1a: Wyrdeer\n|-status|p1a: Wyrdeer|par\n|move|p1a: Wyrdeer|Body Slam|p2a: Arbok\n|-damage|p2a: Arbok|0 fnt\n|faint|p2a: Arbok\n|\n|upkeep\n|inactive|Time left: 300 sec this turn | 300 sec total | 5 sec grace\n|\n|t:|1783564650\n|switch|p2a: Luxray|Luxray, L88, F|91/283 brn\n|turn|19\n|inactive|Time left: 300 sec this turn | 300 sec total\n|\n|t:|1783564651\n|switch|p1a: Pelipper|Pelipper, L86, M|100/100\n|-weather|RainDance|[from] ability: Drizzle|[of] p1a: Pelipper\n|move|p2a: Luxray|Facade|p1a: Pelipper\n|-damage|p1a: Pelipper|31/100\n|\n|-weather|RainDance|[upkeep]\n|-damage|p2a: Luxray|74/283 brn|[from] brn\n|upkeep\n|turn|20\n|inactive|Time left: 300 sec this turn | 300 sec total\n|\n|t:|1783564652\n|move|p2a: Luxray|Facade|p1a: Pelipper\n|-damage|p1a: Pelipper|0 fnt\n|faint|p1a: Pelipper\n|\n|-weather|RainDance|[upkeep]\n|-damage|p2a: Luxray|57/283 brn|[from] brn\n|upkeep\n|\n|t:|1783564653\n|switch|p1a: Wyrdeer|Wyrdeer, L87, M, tera:Ground|100/100 par\n|-ability|p1a: Wyrdeer|Intimidate|boost\n|-unboost|p2a: Luxray|atk|1\n|turn|21\n|inactive|Time left: 300 sec this turn | 300 sec total\n|\n|t:|1783564654\n|move|p2a: Luxray|Facade|p1a: Wyrdeer\n|-damage|p1a: Wyrdeer|52/100 par\n|cant|p1a: Wyrdeer|par\n|\n|-weather|RainDance|[upkeep]\n|-heal|p1a: Wyrdeer|58/100 par|[from] item: Leftovers\n|-damage|p2a: Luxray|40/283 brn|[from] brn\n|upkeep\n|turn|22\n|inactive|Time left: 300 sec this turn | 300 sec total\n|\n|t:|1783564655\n|move|p2a: Luxray|Facade|p1a: Wyrdeer\n|-damage|p1a: Wyrdeer|10/100 par\n|cant|p1a: Wyrdeer|par\n|\n|-weather|RainDance|[upkeep]\n|-heal|p1a: Wyrdeer|16/100 par|[from] item: Leftovers\n|-damage|p2a: Luxray|23/283 brn|[from] brn\n|upkeep\n|turn|23\n|inactive|Time left: 300 sec this turn | 300 sec total\n|\n|t:|1783564656\n|move|p2a: Luxray|Facade|p1a: Wyrdeer\n|-damage|p1a: Wyrdeer|0 fnt\n|faint|p1a: Wyrdeer\n|\n|win|p0y2205529d", "uploadtime": 1783564656, "views": 0, "rating": 0, "private": 0, "password": null, "_winner": "p0y2205529d", "_our_name": "p0y2205529d"}