{"id": "battle-gen9randombattle-1195", "formatid": "gen9randombattle", "format": "[Gen 9] Random Battle", "players": ["p0x1195e462", "p0y119524f9"], "log": "|init|battle\n|title|p0x1195e462 vs. p0y119524f9\n|j|\u2606p0x1195e462\n|j|\u2606p0y119524f9\n|t:|1783553837\n|gametype|singles\n|player|p1|p0x1195e462|1|\n|player|p2|p0y119524f9|1|\n|gen|9\n|tier|[Gen 9] Random Battle\n|rule|Species Clause: Limit one of each Pok\u00e9mon\n|rule|HP Percentage Mod: HP is shown in percentages\n|rule|Sleep Clause Mod: Limit one foe put to sleep\n|rule|Illusion Level Mod: Illusion disguises the Pok\u00e9mon's true level\n|\n|t:|1783553837\n|teamsize|p1|6\n|teamsize|p2|6\n|start\n|switch|p1a: Meowstic|Meowstic, L89, M|277/277\n|switch|p2a: Arboliva|Arboliva, L91, M|100/100\n|turn|1\n|inactive|Battle timer is ON: inactive players will automatically lose when time's up. (requested by p0x1195e462)\n|inactive|p0y119524f9 also wants the timer to be on.\n|\n|t:|1783553839\n|move|p1a: Meowstic|Light Screen|p1a: Meowstic\n|-sidestart|p1: p0x1195e462|move: Light Screen\n|move|p2a: Arboliva|Hyper Voice|p1a: Meowstic\n|-damage|p1a: Meowstic|212/277\n|\n|upkeep\n|turn|2\n|inactive|Time left: 300 sec this turn | 300 sec total\n|\n|t:|1783553840\n|move|p1a: Meowstic|Reflect|p1a: Meowstic\n|-sidestart|p1: p0x1195e462|Reflect\n|move|p2a: Arboliva|Hyper Voice|p1a: Meowstic\n|-damage|p1a: Meowstic|142/277\n|\n|upkeep\n|turn|3\n|inactive|Time left: 300 sec this turn | 300 sec total\n|\n|t:|1783553841\n|switch|p1a: Scrafty|Scrafty, L83, F|244/244\n|-ability|p1a: Scrafty|Intimidate|boost\n|-unboost|p2a: Arboliva|atk|1\n|move|p2a: Arboliva|Earth Power|p1a: Scrafty\n|-damage|p1a: Scrafty|208/244\n|\n|-heal|p1a: Scrafty|223/244|[from] item: Leftovers\n|upkeep\n|turn|4\n|inactive|Time left: 300 sec this turn | 300 sec total\n|\n|t:|1783553843\n|switch|p2a: Spidops|Spidops, L96, M|100/100\n|move|p1a: Scrafty|Dragon Dance|p1a: Scrafty\n|-boost|p1a: Scrafty|atk|1\n|-boost|p1a: Scrafty|spe|1\n|\n|-heal|p1a: Scrafty|238/244|[from] item: Leftovers\n|upkeep\n|turn|5\n|inactive|Time left: 300 sec this turn | 300 sec total\n|\n|t:|1783553844\n|move|p1a: Scrafty|Knock Off|p2a: Spidops\n|-damage|p2a: Spidops|55/100\n|-enditem|p2a: Spidops|Heavy-Duty Boots|[from] move: Knock Off|[of] p1a: Scrafty\n|move|p2a: Spidops|Sticky Web|p1a: Scrafty\n|-sidestart|p1: p0x1195e462|move: Sticky Web\n|\n|-heal|p1a: Scrafty|244/244|[from] item: Leftovers\n|upkeep\n|turn|6\n|inactive|Time left: 300 sec this turn | 300 sec total\n|\n|t:|1783553845\n|move|p1a: Scrafty|Knock Off|p2a: Spidops\n|-damage|p2a: Spidops|22/100\n|move|p2a: Spidops|Circle Throw|p1a: Scrafty\n|-supereffective|p1a: Scrafty\n|-damage|p1a: Scrafty|206/244\n|drag|p1a: Meowstic|Meowstic, L89, M|142/277\n|-activate|p1a: Meowstic|move: Sticky Web\n|-unboost|p1a: Meowstic|spe|1\n|\n|upkeep\n|turn|7\n|inactive|Time left: 300 sec this turn | 300 sec total\n|\n|t:|1783553846\n|switch|p1a: Avalugg|Avalugg, L88, F|310/310\n|move|p2a: Spidops|Knock Off|p1a: Avalugg\n|-damage|p1a: Avalugg|274/310\n|-enditem|p1a: Avalugg|Heavy-Duty Boots|[from] move: Knock Off|[of] p2a: Spidops\n|\n|upkeep\n|turn|8\n|inactive|Time left: 300 sec this turn | 300 sec total\n|\n|t:|1783553847\n|-terastallize|p2a: Spidops|Ghost\n|move|p2a: Spidops|Toxic Spikes|p1a: Avalugg\n|-sidestart|p1: p0x1195e462|move: Toxic Spikes\n|move|p1a: Avalugg|Rapid Spin|p2a: Spidops\n|-immune|p2a: Spidops\n|\n|-sideend|p1: p0x1195e462|move: Light Screen\n|upkeep\n|turn|9\n|inactive|Time left: 300 sec this turn | 300 sec total\n|\n|t:|1783553848\n|move|p1a: Avalugg|Avalanche|p2a: Spidops\n|-damage|p2a: Spidops|0 fnt\n|faint|p2a: Spidops\n|\n|-sideend|p1: p0x1195e462|Reflect\n|upkeep\n|\n|t:|1783553849\n|switch|p2a: Dialga|Dialga-Origin, L73|100/100\n|-ability|p2a: Dialga|Pressure\n|turn|10\n|inactive|Time left: 300 sec this turn | 300 sec total\n|\n|t:|1783553850\n|-terastallize|p1a: Avalugg|Fighting\n|move|p2a: Dialga|Draco Meteor|p1a: Avalugg\n|-damage|p1a: Avalugg|0 fnt\n|-unboost|p2a: Dialga|spa|2\n|faint|p1a: Avalugg\n|\n|upkeep\n|inactive|Time left: 300 sec this turn | 300 sec total | 5 sec grace\n|\n|t:|1783553851\n|switch|p1a: Tornadus|Tornadus, L82, M|263/263\n|turn|11\n|inactive|Time left: 300 sec this turn | 300 sec total\n|\n|t:|1783553852\n|move|p1a: Tornadus|Bleakwind Storm|p2a: Dialga\n|-resisted|p2a: Dialga\n|-damage|p2a: Dialga|69/100\n|move|p2a: Dialga|Heavy Slam|p1a: Tornadus\n|-damage|p1a: Tornadus|121/263\n|\n|upkeep\n|turn|12\n|inactive|Time left: 300 sec this turn | 300 sec total\n|\n|t:|1783553853\n|move|p1a: Tornadus|Bleakwind Storm|p2a: Dialga\n|-resisted|p2a: Dialga\n|-damage|p2a: Dialga|38/100\n|move|p2a: Dialga|Heavy Slam|p1a: Tornadus\n|-damage|p1a: Tornadus|0 fnt\n|faint|p1a: Tornadus\n|\n|upkeep\n|inactive|Time left: 300 sec this turn | 300 sec total | 5 sec grace\n|\n|t:|1783553854\n|switch|p1a: Scrafty|Scrafty, L83, F|206/244\n|-activate|p1a: Scrafty|move: Sticky Web\n|-unboost|p1a: Scrafty|spe|1\n|-status|p1a: Scrafty|psn\n|-ability|p1a: Scrafty|Intimidate|boost\n|-unboost|p2a: Dialga|atk|1\n|turn|13\n|inactive|Time left: 300 sec this turn | 300 sec total\n|\n|t:|1783553855\n|switch|p2a: Oricorio|Oricorio-Pa'u, L87, M|100/100\n|move|p1a: Scrafty|Dragon Dance|p1a: Scrafty\n|-boost|p1a: Scrafty|atk|1\n|-boost|p1a: Scrafty|spe|1\n|-activate|p2a: Oricorio|ability: Dancer\n|move|p2a: Oricorio|Dragon Dance|p2a: Oricorio|[from] ability: Dancer\n|-boost|p2a: Oricorio|atk|1\n|-boost|p2a: Oricorio|spe|1\n|\n|-heal|p1a: Scrafty|221/244 psn|[from] item: Leftovers\n|-damage|p1a: Scrafty|191/244 psn|[from] psn\n|upkeep\n|turn|14\n|inactive|Time left: 300 sec this turn | 300 sec total\n|\n|t:|1783553856\n|move|p2a: Oricorio|Hurricane|p1a: Scrafty|[miss]\n|-miss|p2a: Oricorio|p1a: Scrafty\n|move|p1a: Scrafty|Knock Off|p2a: Oricorio\n|-supereffective|p2a: Oricorio\n|-damage|p2a: Oricorio|0 fnt\n|-enditem|p2a: Oricorio|Heavy-Duty Boots|[from] move: Knock Off|[of] p1a: Scrafty\n|faint|p2a: Oricorio\n|\n|-heal|p1a: Scrafty|206/244 psn|[from] item: Leftovers\n|-damage|p1a: Scrafty|176/244 psn|[from] psn\n|upkeep\n|\n|t:|1783553857\n|switch|p2a: Persian|Persian, L92, M|100/100\n|turn|15\n|inactive|Time left: 300 sec this turn | 300 sec total\n|\n|t:|1783553858\n|move|p2a: Persian|Fake Out|p1a: Scrafty\n|-damage|p1a: Scrafty|121/244 psn\n|cant|p1a: Scrafty|flinch\n|\n|-heal|p1a: Scrafty|136/244 psn|[from] item: Leftovers\n|-damage|p1a: Scrafty|106/244 psn|[from] psn\n|upkeep\n|turn|16\n|inactive|Time left: 300 sec this turn | 300 sec total\n|\n|t:|1783553859\n|move|p2a: Persian|Double-Edge|p1a: Scrafty\n|-damage|p1a: Scrafty|0 fnt\n|faint|p1a: Scrafty\n|-damage|p2a: Persian|87/100|[from] Recoil\n|\n|upkeep\n|inactive|Time left: 300 sec this turn | 300 sec total | 5 sec grace\n|\n|t:|1783553860\n|switch|p1a: Meowstic|Meowstic, L89, M|142/277\n|-activate|p1a: Meowstic|move: Sticky Web\n|-unboost|p1a: Meowstic|spe|1\n|-status|p1a: Meowstic|psn\n|turn|17\n|inactive|Time left: 300 sec this turn | 300 sec total\n|\n|t:|1783553861\n|move|p1a: Meowstic|Reflect|p1a: Meowstic\n|-sidestart|p1: p0x1195e462|Reflect\n|move|p2a: Persian|Knock Off|p1a: Meowstic\n|-supereffective|p1a: Meowstic\n|-damage|p1a: Meowstic|78/277 psn\n|-enditem|p1a: Meowstic|Light Clay|[from] move: Knock Off|[of] p2a: Persian\n|\n|-damage|p1a: Meowstic|44/277 psn|[from] psn\n|upkeep\n|turn|18\n|inactive|Time left: 300 sec this turn | 300 sec total\n|\n|t:|1783553862\n|move|p1a: Meowstic|Light Screen|p1a: Meowstic\n|-sidestart|p1: p0x1195e462|move: Light Screen\n|move|p2a: Persian|U-turn|p1a: Meowstic\n|-supereffective|p1a: Meowstic\n|-damage|p1a: Meowstic|0 fnt\n|faint|p1a: Meowstic\n|\n|t:|1783553863\n|switch|p2a: Pikachu|Pikachu, L93, M|100/100|[from] U-turn\n|\n|upkeep\n|inactive|Time left: 300 sec this turn | 300 sec total | 10 sec grace\n|\n|t:|1783553864\n|switch|p1a: Quagsire|Quagsire, L84, M|297/297\n|-activate|p1a: Quagsire|move: Sticky Web\n|-unboost|p1a: Quagsire|spe|1\n|-status|p1a: Quagsire|psn\n|turn|19\n|inactive|Time left: 300 sec this turn | 300 sec total\n|\n|t:|1783553865\n|switch|p2a: Arboliva|Arboliva, L91, M|100/100\n|move|p1a: Quagsire|Earthquake|p2a: Arboliva\n|-resisted|p2a: Arboliva\n|-damage|p2a: Arboliva|85/100\n|-fieldstart|move: Grassy Terrain|[from] ability: Seed Sower|[of] p2a: Arboliva\n|\n|-heal|p2a: Arboliva|91/100|[from] Grassy Terrain\n|-heal|p2a: Arboliva|97/100|[from] item: Leftovers\n|-damage|p1a: Quagsire|260/297 psn|[from] psn\n|upkeep\n|turn|20\n|inactive|Time left: 300 sec this turn | 300 sec total\n|\n|t:|1783553867\n|move|p2a: Arboliva|Energy Ball|p1a: Quagsire\n|-supereffective|p1a: Quagsire\n|-damage|p1a: Quagsire|0 fnt\n|faint|p1a: Quagsire\n|\n|-heal|p2a: Arboliva|100/100|[from] Grassy Terrain\n|upkeep\n|inactive|Time left: 300 sec this turn | 300 sec total | 5 sec grace\n|\n|t:|1783553868\n|switch|p1a: Suicune|Suicune, L82|298/298\n|-activate|p1a: Suicune|move: Sticky Web\n|-unboost|p1a: Suicune|spe|1\n|-status|p1a: Suicune|psn\n|-ability|p1a: Suicune|Pressure\n|turn|21\n|inactive|Time left: 300 sec this turn | 300 sec total\n|\n|t:|1783553869\n|move|p1a: Suicune|Calm Mind|p1a: Suicune\n|-boost|p1a: Suicune|spa|1\n|-boost|p1a: Suicune|spd|1\n|move|p2a: Arboliva|Energy Ball|p1a: Suicune\n|-supereffective|p1a: Suicune\n|-damage|p1a: Suicune|198/298 psn\n|\n|-heal|p1a: Suicune|216/298 psn|[from] Grassy Terrain\n|-heal|p1a: Suicune|234/298 psn|[from] item: Leftovers\n|-damage|p1a: Suicune|197/298 psn|[from] psn\n|upkeep\n|turn|22\n|inactive|Time left: 300 sec this turn | 300 sec total\n|\n|t:|1783553870\n|move|p1a: Suicune|Calm Mind|p1a: Suicune\n|-boost|p1a: Suicune|spa|1\n|-boost|p1a: Suicune|spd|1\n|move|p2a: Arboliva|Energy Ball|p1a: Suicune\n|-supereffective|p1a: Suicune\n|-damage|p1a: Suicune|122/298 psn\n|\n|-heal|p1a: Suicune|140/298 psn|[from] Grassy Terrain\n|-heal|p1a: Suicune|158/298 psn|[from] item: Leftovers\n|-damage|p1a: Suicune|121/298 psn|[from] psn\n|-sideend|p1: p0x1195e462|move: Light Screen\n|upkeep\n|turn|23\n|inactive|Time left: 300 sec this turn | 300 sec total\n|\n|t:|1783553871\n|move|p1a: Suicune|Protect|p1a: Suicune\n|-singleturn|p1a: Suicune|Protect\n|move|p2a: Arboliva|Energy Ball|p1a: Suicune\n|-activate|p1a: Suicune|move: Protect\n|\n|-heal|p1a: Suicune|139/298 psn|[from] Grassy Terrain\n|-heal|p1a: Suicune|157/298 psn|[from] item: Leftovers\n|-damage|p1a: Suicune|120/298 psn|[from] psn\n|-fieldend|move: Grassy Terrain\n|upkeep\n|turn|24\n|inactive|Time left: 300 sec this turn | 300 sec total\n|\n|t:|1783553872\n|move|p1a: Suicune|Protect||[still]\n|-fail|p1a: Suicune\n|move|p2a: Arboliva|Energy Ball|p1a: Suicune\n|-supereffective|p1a: Suicune\n|-damage|p1a: Suicune|6/298 psn\n|\n|-heal|p1a: Suicune|24/298 psn|[from] item: Leftovers\n|-damage|p1a: Suicune|0 fnt|[from] psn\n|faint|p1a: Suicune\n|\n|win|p0y119524f9", "uploadtime": 1783553872, "views": 0, "rating": 0, "private": 0, "password": null, "_winner": "p0y119524f9", "_our_name": "p0x1195e462"}