{"id": "battle-gen9randombattle-1760", "formatid": "gen9randombattle", "format": "[Gen 9] Random Battle", "players": ["p0x1760cfd2", "p0y17601260"], "log": "|init|battle\n|title|p0x1760cfd2 vs. p0y17601260\n|j|\u2606p0x1760cfd2\n|j|\u2606p0y17601260\n|t:|1783559646\n|gametype|singles\n|player|p1|p0x1760cfd2|1|\n|player|p2|p0y17601260|1|\n|gen|9\n|tier|[Gen 9] Random Battle\n|rule|Species Clause: Limit one of each Pok\u00e9mon\n|rule|HP Percentage Mod: HP is shown in percentages\n|rule|Sleep Clause Mod: Limit one foe put to sleep\n|rule|Illusion Level Mod: Illusion disguises the Pok\u00e9mon's true level\n|\n|t:|1783559646\n|teamsize|p1|6\n|teamsize|p2|6\n|start\n|switch|p1a: Zapdos|Zapdos-Galar, L77|100/100\n|switch|p2a: Clawitzer|Clawitzer, L87, F|265/265\n|turn|1\n|inactive|Battle timer is ON: inactive players will automatically lose when time's up. (requested by p0y17601260)\n|inactive|p0x1760cfd2 also wants the timer to be on.\n|\n|t:|1783559648\n|move|p1a: Zapdos|Knock Off|p2a: Clawitzer\n|-damage|p2a: Clawitzer|177/265\n|-enditem|p2a: Clawitzer|Choice Specs|[from] move: Knock Off|[of] p1a: Zapdos\n|-damage|p1a: Zapdos|91/100|[from] item: Life Orb\n|move|p2a: Clawitzer|Ice Beam|p1a: Zapdos\n|-supereffective|p1a: Zapdos\n|-damage|p1a: Zapdos|21/100\n|-status|p1a: Zapdos|frz\n|\n|upkeep\n|turn|2\n|inactive|Time left: 300 sec this turn | 300 sec total\n|\n|t:|1783559649\n|-curestatus|p1a: Zapdos|frz|[msg]\n|move|p1a: Zapdos|Brave Bird|p2a: Clawitzer\n|-damage|p2a: Clawitzer|9/265\n|-damage|p1a: Zapdos|0 fnt|[from] Recoil\n|faint|p1a: Zapdos\n|move|p2a: Clawitzer|Water Pulse|p1: Zapdos|[notarget]\n|-fail|p2a: Clawitzer\n|\n|upkeep\n|\n|t:|1783559650\n|switch|p1a: Urshifu|Urshifu-Rapid-Strike, L75, M|100/100\n|turn|3\n|inactive|Time left: 300 sec this turn | 300 sec total\n|\n|t:|1783559652\n|move|p1a: Urshifu|Surging Strikes|p2a: Clawitzer\n|-resisted|p2a: Clawitzer\n|-crit|p2a: Clawitzer\n|-damage|p2a: Clawitzer|0 fnt\n|faint|p2a: Clawitzer\n|-hitcount|p2: Clawitzer|1\n|\n|upkeep\n|inactive|Time left: 300 sec this turn | 300 sec total | 5 sec grace\n|\n|t:|1783559653\n|switch|p2a: Torkoal|Torkoal, L88, M|266/266\n|-weather|SunnyDay|[from] ability: Drought|[of] p2a: Torkoal\n|turn|4\n|inactive|Time left: 300 sec this turn | 300 sec total\n|\n|t:|1783559654\n|move|p1a: Urshifu|Surging Strikes|p2a: Torkoal\n|-supereffective|p2a: Torkoal\n|-crit|p2a: Torkoal\n|-damage|p2a: Torkoal|228/266\n|-supereffective|p2a: Torkoal\n|-crit|p2a: Torkoal\n|-damage|p2a: Torkoal|190/266\n|-supereffective|p2a: Torkoal\n|-crit|p2a: Torkoal\n|-damage|p2a: Torkoal|152/266\n|-hitcount|p2a: Torkoal|3\n|move|p2a: Torkoal|Lava Plume|p1a: Urshifu\n|-resisted|p1a: Urshifu\n|-damage|p1a: Urshifu|69/100\n|\n|-weather|SunnyDay|[upkeep]\n|upkeep\n|turn|5\n|inactive|Time left: 300 sec this turn | 300 sec total\n|\n|t:|1783559655\n|move|p1a: Urshifu|Surging Strikes|p2a: Torkoal\n|-supereffective|p2a: Torkoal\n|-crit|p2a: Torkoal\n|-damage|p2a: Torkoal|114/266\n|-supereffective|p2a: Torkoal\n|-crit|p2a: Torkoal\n|-damage|p2a: Torkoal|78/266\n|-supereffective|p2a: Torkoal\n|-crit|p2a: Torkoal\n|-damage|p2a: Torkoal|42/266\n|-hitcount|p2a: Torkoal|3\n|move|p2a: Torkoal|Lava Plume|p1a: Urshifu\n|-resisted|p1a: Urshifu\n|-damage|p1a: Urshifu|37/100\n|\n|-weather|SunnyDay|[upkeep]\n|upkeep\n|turn|6\n|inactive|Time left: 300 sec this turn | 300 sec total\n|\n|t:|1783559656\n|switch|p2a: Beartic|Beartic, L91, F|321/321\n|move|p1a: Urshifu|Surging Strikes|p2a: Beartic\n|-crit|p2a: Beartic\n|-damage|p2a: Beartic|291/321\n|-crit|p2a: Beartic\n|-damage|p2a: Beartic|260/321\n|-crit|p2a: Beartic\n|-damage|p2a: Beartic|229/321\n|-hitcount|p2a: Beartic|3\n|\n|-weather|SunnyDay|[upkeep]\n|upkeep\n|turn|7\n|inactive|Time left: 300 sec this turn | 300 sec total\n|\n|t:|1783559657\n|move|p1a: Urshifu|Surging Strikes|p2a: Beartic\n|-crit|p2a: Beartic\n|-damage|p2a: Beartic|201/321\n|-crit|p2a: Beartic\n|-damage|p2a: Beartic|173/321\n|-crit|p2a: Beartic\n|-damage|p2a: Beartic|145/321\n|-hitcount|p2a: Beartic|3\n|move|p2a: Beartic|Icicle Crash|p1a: Urshifu\n|-resisted|p1a: Urshifu\n|-damage|p1a: Urshifu|1/100\n|\n|-weather|SunnyDay|[upkeep]\n|upkeep\n|turn|8\n|inactive|Time left: 300 sec this turn | 300 sec total\n|\n|t:|1783559658\n|move|p1a: Urshifu|Surging Strikes|p2a: Beartic\n|-crit|p2a: Beartic\n|-damage|p2a: Beartic|115/321\n|-crit|p2a: Beartic\n|-damage|p2a: Beartic|87/321\n|-crit|p2a: Beartic\n|-damage|p2a: Beartic|59/321\n|-hitcount|p2a: Beartic|3\n|move|p2a: Beartic|Icicle Crash|p1a: Urshifu\n|-resisted|p1a: Urshifu\n|-damage|p1a: Urshifu|0 fnt\n|faint|p1a: Urshifu\n|\n|-weather|none\n|upkeep\n|\n|t:|1783559659\n|switch|p1a: Grafaiai|Grafaiai, L86, F|100/100\n|turn|9\n|inactive|Time left: 300 sec this turn | 300 sec total\n|\n|t:|1783559660\n|switch|p2a: Incineroar|Incineroar, L82, F|290/290\n|-ability|p2a: Incineroar|Intimidate|boost\n|-unboost|p1a: Grafaiai|atk|1\n|move|p1a: Grafaiai|Knock Off|p2a: Incineroar\n|-resisted|p2a: Incineroar\n|-damage|p2a: Incineroar|267/290\n|-enditem|p2a: Incineroar|Heavy-Duty Boots|[from] move: Knock Off|[of] p1a: Grafaiai\n|\n|upkeep\n|turn|10\n|inactive|Time left: 300 sec this turn | 300 sec total\n|\n|t:|1783559661\n|switch|p1a: Ursaluna|Ursaluna-Bloodmoon, L79, M|100/100\n|move|p2a: Incineroar|Swords Dance|p2a: Incineroar\n|-boost|p2a: Incineroar|atk|2\n|\n|upkeep\n|turn|11\n|inactive|Time left: 300 sec this turn | 300 sec total\n|\n|t:|1783559662\n|move|p2a: Incineroar|Knock Off|p1a: Ursaluna\n|-damage|p1a: Ursaluna|46/100\n|-enditem|p1a: Ursaluna|Leftovers|[from] move: Knock Off|[of] p2a: Incineroar\n|move|p1a: Ursaluna|Blood Moon|p2a: Incineroar\n|-damage|p2a: Incineroar|92/290\n|\n|upkeep\n|turn|12\n|inactive|Time left: 300 sec this turn | 300 sec total\n|\n|t:|1783559663\n|-terastallize|p1a: Ursaluna|Fighting\n|move|p1a: Ursaluna|Vacuum Wave|p2a: Incineroar\n|-supereffective|p2a: Incineroar\n|-damage|p2a: Incineroar|0 fnt\n|faint|p2a: Incineroar\n|\n|upkeep\n|inactive|Time left: 300 sec this turn | 300 sec total | 5 sec grace\n|\n|t:|1783559664\n|switch|p2a: Beartic|Beartic, L91, F|59/321\n|turn|13\n|inactive|Time left: 300 sec this turn | 300 sec total\n|\n|t:|1783559665\n|-terastallize|p2a: Beartic|Ground\n|move|p1a: Ursaluna|Vacuum Wave|p2a: Beartic\n|-damage|p2a: Beartic|11/321\n|move|p2a: Beartic|Earthquake|p1a: Ursaluna\n|-damage|p1a: Ursaluna|0 fnt\n|faint|p1a: Ursaluna\n|\n|upkeep\n|\n|t:|1783559666\n|switch|p1a: Grafaiai|Grafaiai, L86, F|100/100\n|turn|14\n|inactive|Time left: 300 sec this turn | 300 sec total\n|\n|t:|1783559667\n|move|p1a: Grafaiai|Knock Off|p2a: Beartic\n|-damage|p2a: Beartic|0 fnt\n|-enditem|p2a: Beartic|Choice Band|[from] move: Knock Off|[of] p1a: Grafaiai\n|faint|p2a: Beartic\n|\n|upkeep\n|inactive|Time left: 300 sec this turn | 300 sec total | 5 sec grace\n|\n|t:|1783559668\n|switch|p2a: Dudunsparce|Dudunsparce, L83, M|343/343\n|turn|15\n|inactive|Time left: 300 sec this turn | 300 sec total\n|\n|t:|1783559668\n|move|p1a: Grafaiai|Parting Shot|p2a: Dudunsparce\n|-unboost|p2a: Dudunsparce|atk|1\n|-unboost|p2a: Dudunsparce|spa|1\n|\n|t:|1783559669\n|switch|p1a: Rhyperior|Rhyperior, L82, M|100/100|[from] Parting Shot\n|move|p2a: Dudunsparce|Earthquake|p1a: Rhyperior\n|-supereffective|p1a: Rhyperior\n|-damage|p1a: Rhyperior|85/100\n|\n|upkeep\n|turn|16\n|inactive|Time left: 300 sec this turn | 300 sec total\n|\n|t:|1783559671\n|move|p2a: Dudunsparce|Glare|p1a: Rhyperior\n|-status|p1a: Rhyperior|par\n|move|p1a: Rhyperior|Stone Edge|p2a: Dudunsparce|[miss]\n|-miss|p1a: Rhyperior|p2a: Dudunsparce\n|\n|upkeep\n|turn|17\n|inactive|Time left: 300 sec this turn | 300 sec total\n|\n|t:|1783559672\n|switch|p2a: Torkoal|Torkoal, L88, M|42/266\n|-weather|SunnyDay|[from] ability: Drought|[of] p2a: Torkoal\n|move|p1a: Rhyperior|Stone Edge|p2a: Torkoal|[miss]\n|-miss|p1a: Rhyperior|p2a: Torkoal\n|\n|-weather|SunnyDay|[upkeep]\n|upkeep\n|turn|18\n|inactive|Time left: 300 sec this turn | 300 sec total\n|\n|t:|1783559672\n|move|p2a: Torkoal|Solar Beam||[still]\n|-prepare|p2a: Torkoal|Solar Beam\n|-anim|p2a: Torkoal|Solar Beam|p1a: Rhyperior\n|-supereffective|p1a: Rhyperior\n|-damage|p1a: Rhyperior|15/100 par\n|cant|p1a: Rhyperior|par\n|\n|-weather|SunnyDay|[upkeep]\n|upkeep\n|turn|19\n|inactive|Time left: 300 sec this turn | 300 sec total\n|\n|t:|1783559674\n|move|p2a: Torkoal|Lava Plume|p1a: Rhyperior\n|-resisted|p1a: Rhyperior\n|-damage|p1a: Rhyperior|0 fnt\n|faint|p1a: Rhyperior\n|\n|-weather|SunnyDay|[upkeep]\n|upkeep\n|\n|t:|1783559675\n|switch|p1a: Grafaiai|Grafaiai, L86, F|100/100\n|turn|20\n|inactive|Time left: 300 sec this turn | 300 sec total\n|\n|t:|1783559676\n|move|p1a: Grafaiai|Knock Off|p2a: Torkoal\n|-damage|p2a: Torkoal|0 fnt\n|-enditem|p2a: Torkoal|Heavy-Duty Boots|[from] move: Knock Off|[of] p1a: Grafaiai\n|faint|p2a: Torkoal\n|\n|-weather|SunnyDay|[upkeep]\n|upkeep\n|inactive|Time left: 300 sec this turn | 300 sec total | 5 sec grace\n|\n|t:|1783559676\n|switch|p2a: Dudunsparce|Dudunsparce, L83, M|343/343\n|turn|21\n|inactive|Time left: 300 sec this turn | 300 sec total\n|\n|t:|1783559678\n|move|p1a: Grafaiai|Parting Shot|p2a: Dudunsparce\n|-unboost|p2a: Dudunsparce|atk|1\n|-unboost|p2a: Dudunsparce|spa|1\n|\n|t:|1783559678\n|switch|p1a: Pachirisu|Pachirisu, L96, M|100/100|[from] Parting Shot\n|move|p2a: Dudunsparce|Earthquake|p1a: Pachirisu\n|-supereffective|p1a: Pachirisu\n|-damage|p1a: Pachirisu|64/100\n|\n|-weather|none\n|upkeep\n|turn|22\n|inactive|Time left: 300 sec this turn | 300 sec total\n|\n|t:|1783559679\n|move|p1a: Pachirisu|Super Fang|p2a: Dudunsparce\n|-damage|p2a: Dudunsparce|172/343\n|move|p2a: Dudunsparce|Earthquake|p1a: Pachirisu\n|-supereffective|p1a: Pachirisu\n|-damage|p1a: Pachirisu|31/100\n|\n|-heal|p2a: Dudunsparce|193/343|[from] item: Leftovers\n|upkeep\n|turn|23\n|inactive|Time left: 300 sec this turn | 300 sec total\n|\n|t:|1783559681\n|move|p1a: Pachirisu|Discharge|p2a: Dudunsparce\n|-damage|p2a: Dudunsparce|115/343\n|-status|p2a: Dudunsparce|par\n|move|p2a: Dudunsparce|Earthquake|p1a: Pachirisu\n|-supereffective|p1a: Pachirisu\n|-damage|p1a: Pachirisu|0 fnt\n|faint|p1a: Pachirisu\n|\n|-heal|p2a: Dudunsparce|136/343 par|[from] item: Leftovers\n|upkeep\n|\n|t:|1783559682\n|switch|p1a: Grafaiai|Grafaiai, L86, F|100/100\n|turn|24\n|inactive|Time left: 300 sec this turn | 300 sec total\n|\n|t:|1783559683\n|move|p1a: Grafaiai|Gunk Shot|p2a: Dudunsparce|[miss]\n|-miss|p1a: Grafaiai|p2a: Dudunsparce\n|move|p2a: Dudunsparce|Earthquake|p1a: Grafaiai\n|-supereffective|p1a: Grafaiai\n|-damage|p1a: Grafaiai|57/100\n|\n|-heal|p2a: Dudunsparce|157/343 par|[from] item: Leftovers\n|upkeep\n|turn|25\n|inactive|Time left: 300 sec this turn | 300 sec total\n|\n|t:|1783559684\n|move|p1a: Grafaiai|Gunk Shot|p2a: Dudunsparce|[miss]\n|-miss|p1a: Grafaiai|p2a: Dudunsparce\n|move|p2a: Dudunsparce|Earthquake|p1a: Grafaiai\n|-supereffective|p1a: Grafaiai\n|-damage|p1a: Grafaiai|14/100\n|\n|-heal|p2a: Dudunsparce|178/343 par|[from] item: Leftovers\n|upkeep\n|turn|26\n|inactive|Time left: 300 sec this turn | 300 sec total\n|\n|t:|1783559685\n|move|p1a: Grafaiai|Gunk Shot|p2a: Dudunsparce\n|-damage|p2a: Dudunsparce|40/343 par\n|move|p2a: Dudunsparce|Earthquake|p1a: Grafaiai\n|-supereffective|p1a: Grafaiai\n|-damage|p1a: Grafaiai|0 fnt\n|faint|p1a: Grafaiai\n|\n|win|p0y17601260", "uploadtime": 1783559685, "views": 0, "rating": 0, "private": 0, "password": null, "_winner": "p0y17601260", "_our_name": "p0y17601260"}