{"id": "battle-gen9randombattle-2971", "formatid": "gen9randombattle", "format": "[Gen 9] Random Battle", "players": ["p0x2971abd5", "p0y2971a309"], "log": "|init|battle\n|title|p0x2971abd5 vs. p0y2971a309\n|j|\u2606p0x2971abd5\n|j|\u2606p0y2971a309\n|t:|1783574193\n|gametype|singles\n|player|p1|p0x2971abd5|2|\n|player|p2|p0y2971a309|102|\n|gen|9\n|tier|[Gen 9] Random Battle\n|rule|Species Clause: Limit one of each Pok\u00e9mon\n|rule|HP Percentage Mod: HP is shown in percentages\n|rule|Sleep Clause Mod: Limit one foe put to sleep\n|rule|Illusion Level Mod: Illusion disguises the Pok\u00e9mon's true level\n|\n|t:|1783574193\n|teamsize|p1|6\n|teamsize|p2|6\n|start\n|switch|p1a: Snorlax|Snorlax, L82, F|397/397\n|switch|p2a: Arbok|Arbok, L87, M|100/100\n|-ability|p2a: Arbok|Intimidate|boost\n|-unboost|p1a: Snorlax|atk|1\n|turn|1\n|inactive|Battle timer is ON: inactive players will automatically lose when time's up. (requested by p0x2971abd5)\n|\n|t:|1783574195\n|switch|p1a: Zangoose|Zangoose, L85, F|263/263\n|move|p2a: Arbok|Coil|p2a: Arbok\n|-boost|p2a: Arbok|atk|1\n|-boost|p2a: Arbok|def|1\n|-boost|p2a: Arbok|accuracy|1\n|\n|-status|p1a: Zangoose|tox|[from] item: Toxic Orb\n|upkeep\n|turn|2\n|inactive|Time left: 300 sec this turn | 300 sec total\n|inactive|p0y2971a309 also wants the timer to be on.\n|\n|t:|1783574196\n|-terastallize|p1a: Zangoose|Normal\n|move|p1a: Zangoose|Facade|p2a: Arbok\n|-damage|p2a: Arbok|0 fnt\n|faint|p2a: Arbok\n|\n|-damage|p1a: Zangoose|247/263 tox|[from] psn\n|upkeep\n|\n|t:|1783574197\n|switch|p2a: Trevenant|Trevenant, L89, M|100/100\n|turn|3\n|inactive|Time left: 300 sec this turn | 300 sec total\n|\n|t:|1783574198\n|move|p1a: Zangoose|Knock Off|p2a: Trevenant\n|-supereffective|p2a: Trevenant\n|-damage|p2a: Trevenant|10/100\n|-enditem|p2a: Trevenant|Life Orb|[from] move: Knock Off|[of] p1a: Zangoose\n|move|p2a: Trevenant|Drain Punch|p1a: Zangoose\n|-supereffective|p1a: Zangoose\n|-damage|p1a: Zangoose|65/263 tox\n|-heal|p2a: Trevenant|41/100|[from] drain|[of] p1a: Zangoose\n|\n|-damage|p1a: Zangoose|33/263 tox|[from] psn\n|upkeep\n|turn|4\n|inactive|Time left: 300 sec this turn | 300 sec total\n|\n|t:|1783574199\n|move|p1a: Zangoose|Knock Off|p2a: Trevenant\n|-supereffective|p2a: Trevenant\n|-damage|p2a: Trevenant|0 fnt\n|faint|p2a: Trevenant\n|\n|-damage|p1a: Zangoose|0 fnt|[from] psn\n|faint|p1a: Zangoose\n|upkeep\n|inactive|Time left: 300 sec this turn | 300 sec total | 5 sec grace\n|\n|t:|1783574200\n|switch|p1a: Snorlax|Snorlax, L82, F|397/397\n|switch|p2a: Fezandipiti|Fezandipiti, L82, M|100/100\n|turn|5\n|inactive|Time left: 300 sec this turn | 300 sec total\n|\n|t:|1783574201\n|move|p2a: Fezandipiti|Swords Dance|p2a: Fezandipiti\n|-boost|p2a: Fezandipiti|atk|2\n|move|p1a: Snorlax|Body Slam|p2a: Fezandipiti\n|-damage|p2a: Fezandipiti|61/100\n|\n|-heal|p2a: Fezandipiti|67/100|[from] item: Leftovers\n|upkeep\n|turn|6\n|inactive|Time left: 300 sec this turn | 300 sec total\n|\n|t:|1783574202\n|move|p2a: Fezandipiti|Play Rough|p1a: Snorlax\n|-damage|p1a: Snorlax|172/397\n|-status|p1a: Snorlax|tox|[from] ability: Toxic Chain|[of] p2a: Fezandipiti\n|move|p1a: Snorlax|Earthquake|p2a: Fezandipiti\n|-supereffective|p2a: Fezandipiti\n|-crit|p2a: Fezandipiti\n|-damage|p2a: Fezandipiti|0 fnt\n|faint|p2a: Fezandipiti\n|\n|-heal|p1a: Snorlax|196/397 tox|[from] item: Leftovers\n|-damage|p1a: Snorlax|172/397 tox|[from] psn\n|upkeep\n|\n|t:|1783574203\n|switch|p2a: Furret|Furret, L94, M|100/100\n|-item|p1a: Snorlax|Leftovers|[from] ability: Frisk|[of] p2a: Furret\n|turn|7\n|inactive|Time left: 300 sec this turn | 300 sec total\n|\n|t:|1783574204\n|move|p2a: Furret|Tidy Up|p2a: Furret\n|-boost|p2a: Furret|atk|1\n|-boost|p2a: Furret|spe|1\n|move|p1a: Snorlax|Body Slam|p2a: Furret\n|-crit|p2a: Furret\n|-damage|p2a: Furret|47/100\n|\n|-heal|p1a: Snorlax|196/397 tox|[from] item: Leftovers\n|-damage|p1a: Snorlax|148/397 tox|[from] psn\n|upkeep\n|turn|8\n|inactive|Time left: 300 sec this turn | 300 sec total\n|\n|t:|1783574205\n|move|p2a: Furret|Brick Break|p1a: Snorlax\n|-supereffective|p1a: Snorlax\n|-damage|p1a: Snorlax|0 fnt\n|faint|p1a: Snorlax\n|-damage|p2a: Furret|37/100|[from] item: Life Orb\n|\n|upkeep\n|inactive|Time left: 300 sec this turn | 300 sec total | 5 sec grace\n|\n|t:|1783574206\n|switch|p1a: Volcanion|Volcanion, L79|256/256\n|turn|9\n|inactive|Time left: 300 sec this turn | 300 sec total\n|\n|t:|1783574208\n|move|p2a: Furret|Double-Edge|p1a: Volcanion\n|-damage|p1a: Volcanion|56/256\n|-damage|p2a: Furret|16/100|[from] Recoil\n|-damage|p2a: Furret|6/100|[from] item: Life Orb\n|move|p1a: Volcanion|Steam Eruption|p2a: Furret\n|-damage|p2a: Furret|0 fnt\n|faint|p2a: Furret\n|\n|upkeep\n|\n|t:|1783574209\n|switch|p2a: Tauros|Tauros, L82, M|100/100\n|turn|10\n|inactive|Time left: 300 sec this turn | 300 sec total\n|\n|t:|1783574210\n|switch|p1a: Whimsicott|Whimsicott, L84, M|238/238\n|move|p2a: Tauros|Body Slam|p1a: Whimsicott\n|-damage|p1a: Whimsicott|82/238\n|\n|-heal|p1a: Whimsicott|96/238|[from] item: Leftovers\n|upkeep\n|turn|11\n|inactive|Time left: 300 sec this turn | 300 sec total\n|\n|t:|1783574211\n|move|p1a: Whimsicott|Moonblast|p2a: Tauros\n|-damage|p2a: Tauros|62/100\n|move|p2a: Tauros|Body Slam|p1a: Whimsicott\n|-damage|p1a: Whimsicott|0 fnt\n|faint|p1a: Whimsicott\n|\n|upkeep\n|inactive|Time left: 300 sec this turn | 300 sec total | 5 sec grace\n|\n|t:|1783574211\n|switch|p1a: Torterra|Torterra, L78, F|276/276\n|turn|12\n|inactive|Time left: 300 sec this turn | 300 sec total\n|\n|t:|1783574212\n|move|p2a: Tauros|Body Slam|p1a: Torterra\n|-damage|p1a: Torterra|140/276\n|move|p1a: Torterra|Shell Smash|p1a: Torterra\n|-unboost|p1a: Torterra|def|1\n|-unboost|p1a: Torterra|spd|1\n|-boost|p1a: Torterra|atk|2\n|-boost|p1a: Torterra|spa|2\n|-boost|p1a: Torterra|spe|2\n|\n|upkeep\n|turn|13\n|inactive|Time left: 300 sec this turn | 300 sec total\n|\n|t:|1783574214\n|move|p1a: Torterra|Bullet Seed|p2a: Tauros\n|-damage|p2a: Tauros|43/100\n|-damage|p2a: Tauros|25/100\n|-damage|p2a: Tauros|5/100\n|-damage|p2a: Tauros|0 fnt\n|faint|p2a: Tauros\n|-hitcount|p2: Tauros|4\n|\n|upkeep\n|\n|t:|1783574214\n|switch|p2a: Lucario|Lucario, L84, M|100/100\n|turn|14\n|inactive|Time left: 300 sec this turn | 300 sec total\n|\n|t:|1783574215\n|-terastallize|p2a: Lucario|Normal\n|move|p2a: Lucario|Extreme Speed|p1a: Torterra\n|-damage|p1a: Torterra|0 fnt\n|faint|p1a: Torterra\n|-damage|p2a: Lucario|91/100|[from] item: Life Orb\n|\n|upkeep\n|inactive|Time left: 300 sec this turn | 300 sec total | 5 sec grace\n|\n|t:|1783574216\n|switch|p1a: Volcanion|Volcanion, L79|56/256\n|turn|15\n|inactive|Time left: 300 sec this turn | 300 sec total\n|\n|t:|1783574217\n|move|p2a: Lucario|Swords Dance|p2a: Lucario\n|-boost|p2a: Lucario|atk|2\n|move|p1a: Volcanion|Earth Power|p2a: Lucario\n|-damage|p2a: Lucario|57/100\n|\n|upkeep\n|turn|16\n|inactive|Time left: 300 sec this turn | 300 sec total\n|\n|t:|1783574218\n|move|p2a: Lucario|Extreme Speed|p1a: Volcanion\n|-crit|p1a: Volcanion\n|-damage|p1a: Volcanion|0 fnt\n|faint|p1a: Volcanion\n|-damage|p2a: Lucario|47/100|[from] item: Life Orb\n|\n|upkeep\n|inactive|Time left: 300 sec this turn | 300 sec total | 5 sec grace\n|\n|t:|1783574219\n|switch|p1a: Rampardos|Rampardos, L90, M|321/321\n|turn|17\n|inactive|Time left: 300 sec this turn | 300 sec total\n|\n|t:|1783574220\n|move|p2a: Lucario|Close Combat|p1a: Rampardos\n|-supereffective|p1a: Rampardos\n|-damage|p1a: Rampardos|0 fnt\n|-unboost|p2a: Lucario|def|1\n|-unboost|p2a: Lucario|spd|1\n|faint|p1a: Rampardos\n|-damage|p2a: Lucario|37/100|[from] item: Life Orb\n|\n|win|p0y2971a309", "uploadtime": 1783574220, "views": 0, "rating": 0, "private": 0, "password": null, "_winner": "p0y2971a309", "_our_name": "p0x2971abd5"}