{"id": "battle-gen9randombattle-1321", "formatid": "gen9randombattle", "format": "[Gen 9] Random Battle", "players": ["p0x13215ce0", "p0y132123c9"], "log": "|init|battle\n|title|p0x13215ce0 vs. p0y132123c9\n|j|\u2606p0x13215ce0\n|j|\u2606p0y132123c9\n|t:|1783554452\n|gametype|singles\n|player|p1|p0x13215ce0|170|\n|player|p2|p0y132123c9|102|\n|gen|9\n|tier|[Gen 9] Random Battle\n|rule|Species Clause: Limit one of each Pok\u00e9mon\n|rule|HP Percentage Mod: HP is shown in percentages\n|rule|Sleep Clause Mod: Limit one foe put to sleep\n|rule|Illusion Level Mod: Illusion disguises the Pok\u00e9mon's true level\n|\n|t:|1783554452\n|teamsize|p1|6\n|teamsize|p2|6\n|start\n|switch|p1a: Clodsire|Clodsire, L81, F|343/343\n|switch|p2a: Krookodile|Krookodile, L79, M|100/100\n|-ability|p2a: Krookodile|Intimidate|boost\n|-unboost|p1a: Clodsire|atk|1\n|turn|1\n|inactive|Battle timer is ON: inactive players will automatically lose when time's up. (requested by p0y132123c9)\n|inactive|Time left: 300 sec this turn | 300 sec total | 60 sec grace\n|inactive|p0x13215ce0 also wants the timer to be on.\n|\n|t:|1783554454\n|switch|p1a: Avalugg|Avalugg, L88, M|310/310\n|move|p2a: Krookodile|Earthquake|p1a: Avalugg\n|-damage|p1a: Avalugg|253/310\n|\n|upkeep\n|turn|2\n|inactive|Time left: 300 sec this turn | 300 sec total\n|\n|t:|1783554455\n|move|p2a: Krookodile|Bulk Up|p2a: Krookodile\n|-boost|p2a: Krookodile|atk|1\n|-boost|p2a: Krookodile|def|1\n|move|p1a: Avalugg|Avalanche|p2a: Krookodile\n|-supereffective|p2a: Krookodile\n|-crit|p2a: Krookodile\n|-damage|p2a: Krookodile|0 fnt\n|faint|p2a: Krookodile\n|\n|upkeep\n|\n|t:|1783554456\n|switch|p2a: Hydreigon|Hydreigon, L79, F|100/100\n|turn|3\n|inactive|Time left: 300 sec this turn | 300 sec total\n|\n|t:|1783554458\n|switch|p1a: Clodsire|Clodsire, L81, F|343/343\n|move|p2a: Hydreigon|Draco Meteor|p1a: Clodsire\n|-damage|p1a: Clodsire|133/343\n|-unboost|p2a: Hydreigon|spa|2\n|\n|-heal|p1a: Clodsire|154/343|[from] item: Leftovers\n|upkeep\n|turn|4\n|inactive|Time left: 300 sec this turn | 300 sec total\n|\n|t:|1783554459\n|move|p2a: Hydreigon|Draco Meteor|p1a: Clodsire\n|-damage|p1a: Clodsire|0 fnt\n|-unboost|p2a: Hydreigon|spa|2\n|faint|p1a: Clodsire\n|\n|upkeep\n|inactive|Time left: 300 sec this turn | 300 sec total | 5 sec grace\n|\n|t:|1783554460\n|switch|p1a: Spiritomb|Spiritomb, L89, F|234/234\n|turn|5\n|inactive|Time left: 300 sec this turn | 300 sec total\n|\n|t:|1783554461\n|switch|p2a: Florges|Florges-Blue, L85, F|100/100\n|move|p1a: Spiritomb|Poltergeist|p2a: Florges\n|-activate|p2a: Florges|move: Poltergeist|Leftovers\n|-damage|p2a: Florges|12/100\n|\n|-heal|p2a: Florges|17/100|[from] item: Leftovers\n|upkeep\n|turn|6\n|inactive|Time left: 300 sec this turn | 300 sec total\n|\n|t:|1783554462\n|move|p2a: Florges|Moonblast|p1a: Spiritomb\n|-supereffective|p1a: Spiritomb\n|-crit|p1a: Spiritomb\n|-damage|p1a: Spiritomb|0 fnt\n|faint|p1a: Spiritomb\n|\n|-heal|p2a: Florges|23/100|[from] item: Leftovers\n|upkeep\n|inactive|Time left: 300 sec this turn | 300 sec total | 5 sec grace\n|\n|t:|1783554463\n|switch|p1a: Grafaiai|Grafaiai, L86, M|249/249\n|turn|7\n|inactive|Time left: 300 sec this turn | 300 sec total\n|\n|t:|1783554464\n|move|p1a: Grafaiai|Gunk Shot|p2a: Florges|[miss]\n|-miss|p1a: Grafaiai|p2a: Florges\n|move|p2a: Florges|Moonblast|p1a: Grafaiai\n|-resisted|p1a: Grafaiai\n|-damage|p1a: Grafaiai|178/249\n|\n|-heal|p2a: Florges|29/100|[from] item: Leftovers\n|upkeep\n|turn|8\n|inactive|Time left: 300 sec this turn | 300 sec total\n|\n|t:|1783554465\n|move|p2a: Florges|Protect|p2a: Florges\n|-singleturn|p2a: Florges|Protect\n|move|p1a: Grafaiai|Gunk Shot|p2a: Florges\n|-activate|p2a: Florges|move: Protect\n|\n|-heal|p2a: Florges|35/100|[from] item: Leftovers\n|upkeep\n|turn|9\n|inactive|Time left: 300 sec this turn | 300 sec total\n|\n|t:|1783554466\n|move|p1a: Grafaiai|Swords Dance|p1a: Grafaiai\n|-boost|p1a: Grafaiai|atk|2\n|move|p2a: Florges|Moonblast|p1a: Grafaiai\n|-resisted|p1a: Grafaiai\n|-crit|p1a: Grafaiai\n|-damage|p1a: Grafaiai|87/249\n|-unboost|p1a: Grafaiai|spa|1\n|\n|-heal|p2a: Florges|41/100|[from] item: Leftovers\n|upkeep\n|turn|10\n|inactive|Time left: 300 sec this turn | 300 sec total\n|\n|t:|1783554467\n|move|p1a: Grafaiai|Gunk Shot|p2a: Florges\n|-supereffective|p2a: Florges\n|-damage|p2a: Florges|0 fnt\n|faint|p2a: Florges\n|-damage|p1a: Grafaiai|63/249|[from] item: Life Orb\n|\n|upkeep\n|\n|t:|1783554468\n|switch|p2a: Qwilfish|Qwilfish, L86, F|100/100\n|-ability|p2a: Qwilfish|Intimidate|boost\n|-unboost|p1a: Grafaiai|atk|1\n|turn|11\n|inactive|Time left: 300 sec this turn | 300 sec total\n|\n|t:|1783554469\n|move|p1a: Grafaiai|Knock Off|p2a: Qwilfish\n|-damage|p2a: Qwilfish|49/100\n|-enditem|p2a: Qwilfish|Heavy-Duty Boots|[from] move: Knock Off|[of] p1a: Grafaiai\n|-damage|p1a: Grafaiai|39/249|[from] item: Life Orb\n|move|p2a: Qwilfish|Flip Turn|p1a: Grafaiai\n|-damage|p1a: Grafaiai|0 fnt\n|faint|p1a: Grafaiai\n|\n|t:|1783554470\n|switch|p2a: Lurantis|Lurantis, L87, M|100/100|[from] Flip Turn\n|\n|upkeep\n|inactive|Time left: 300 sec this turn | 300 sec total | 10 sec grace\n|\n|t:|1783554471\n|switch|p1a: Avalugg|Avalugg, L88, M|253/310\n|turn|12\n|inactive|Time left: 300 sec this turn | 300 sec total\n|\n|t:|1783554472\n|move|p2a: Lurantis|Superpower|p1a: Avalugg\n|-supereffective|p1a: Avalugg\n|-damage|p1a: Avalugg|157/310\n|-boost|p2a: Lurantis|atk|1\n|-boost|p2a: Lurantis|def|1\n|move|p1a: Avalugg|Avalanche|p2a: Lurantis\n|-supereffective|p2a: Lurantis\n|-damage|p2a: Lurantis|28/100\n|\n|upkeep\n|turn|13\n|inactive|Time left: 300 sec this turn | 300 sec total\n|\n|t:|1783554473\n|move|p2a: Lurantis|Leaf Storm|p1a: Avalugg\n|-damage|p1a: Avalugg|0 fnt\n|-boost|p2a: Lurantis|spa|2\n|faint|p1a: Avalugg\n|\n|upkeep\n|inactive|Time left: 300 sec this turn | 300 sec total | 5 sec grace\n|\n|t:|1783554474\n|switch|p1a: Hypno|Hypno, L95, M|315/315\n|turn|14\n|inactive|Time left: 300 sec this turn | 300 sec total\n|\n|t:|1783554475\n|move|p1a: Hypno|Psychic Noise|p2a: Lurantis\n|-damage|p2a: Lurantis|7/100\n|-start|p2a: Lurantis|move: Heal Block\n|move|p2a: Lurantis|Knock Off|p1a: Hypno\n|-supereffective|p1a: Hypno\n|-damage|p1a: Hypno|61/315\n|-enditem|p1a: Hypno|Leftovers|[from] move: Knock Off|[of] p2a: Lurantis\n|\n|upkeep\n|turn|15\n|inactive|Time left: 300 sec this turn | 300 sec total\n|\n|t:|1783554476\n|move|p1a: Hypno|Psychic Noise|p2a: Lurantis\n|-damage|p2a: Lurantis|0 fnt\n|faint|p2a: Lurantis\n|\n|upkeep\n|\n|t:|1783554477\n|switch|p2a: Rampardos|Rampardos, L90, F|100/100\n|turn|16\n|inactive|Time left: 300 sec this turn | 300 sec total\n|\n|t:|1783554479\n|move|p1a: Hypno|Protect|p1a: Hypno\n|-singleturn|p1a: Hypno|Protect\n|move|p2a: Rampardos|Rock Slide|p1a: Hypno\n|-activate|p1a: Hypno|move: Protect\n|\n|upkeep\n|turn|17\n|inactive|Time left: 300 sec this turn | 300 sec total\n|\n|t:|1783554480\n|move|p2a: Rampardos|Rock Slide|p1a: Hypno\n|-damage|p1a: Hypno|0 fnt\n|faint|p1a: Hypno\n|\n|upkeep\n|inactive|Time left: 300 sec this turn | 300 sec total | 5 sec grace\n|\n|t:|1783554480\n|switch|p1a: Cryogonal|Cryogonal, L89|287/287\n|turn|18\n|inactive|Time left: 300 sec this turn | 300 sec total\n|\n|t:|1783554481\n|-terastallize|p1a: Cryogonal|Poison\n|-terastallize|p2a: Rampardos|Rock\n|move|p1a: Cryogonal|Freeze-Dry|p2a: Rampardos\n|-damage|p2a: Rampardos|64/100\n|move|p2a: Rampardos|Rock Slide|p1a: Cryogonal|[miss]\n|-miss|p2a: Rampardos|p1a: Cryogonal\n|\n|upkeep\n|turn|19\n|inactive|Time left: 300 sec this turn | 300 sec total\n|\n|t:|1783554482\n|move|p1a: Cryogonal|Freeze-Dry|p2a: Rampardos\n|-damage|p2a: Rampardos|30/100\n|-status|p2a: Rampardos|frz\n|cant|p2a: Rampardos|frz\n|\n|upkeep\n|turn|20\n|inactive|Time left: 300 sec this turn | 300 sec total\n|\n|t:|1783554483\n|move|p1a: Cryogonal|Freeze-Dry|p2a: Rampardos\n|-damage|p2a: Rampardos|0 fnt\n|faint|p2a: Rampardos\n|\n|upkeep\n|\n|t:|1783554484\n|switch|p2a: Hydreigon|Hydreigon, L79, F|100/100\n|turn|21\n|inactive|Time left: 300 sec this turn | 300 sec total\n|\n|t:|1783554485\n|move|p1a: Cryogonal|Freeze-Dry|p2a: Hydreigon\n|-supereffective|p2a: Hydreigon\n|-damage|p2a: Hydreigon|37/100\n|move|p2a: Hydreigon|Draco Meteor|p1a: Cryogonal\n|-damage|p1a: Cryogonal|127/287\n|-unboost|p2a: Hydreigon|spa|2\n|\n|upkeep\n|turn|22\n|inactive|Time left: 300 sec this turn | 300 sec total\n|\n|t:|1783554487\n|move|p1a: Cryogonal|Freeze-Dry|p2a: Hydreigon\n|-supereffective|p2a: Hydreigon\n|-damage|p2a: Hydreigon|0 fnt\n|faint|p2a: Hydreigon\n|\n|upkeep\n|\n|t:|1783554488\n|switch|p2a: Qwilfish|Qwilfish, L86, F|49/100\n|-ability|p2a: Qwilfish|Intimidate|boost\n|-unboost|p1a: Cryogonal|atk|1\n|turn|23\n|inactive|Time left: 300 sec this turn | 300 sec total\n|\n|t:|1783554489\n|move|p1a: Cryogonal|Freeze-Dry|p2a: Qwilfish\n|-supereffective|p2a: Qwilfish\n|-damage|p2a: Qwilfish|0 fnt\n|faint|p2a: Qwilfish\n|\n|win|p0x13215ce0", "uploadtime": 1783554489, "views": 0, "rating": 0, "private": 0, "password": null, "_winner": "p0x13215ce0", "_our_name": "p0x13215ce0"}