{"id": "battle-gen9randombattle-1506", "formatid": "gen9randombattle", "format": "[Gen 9] Random Battle", "players": ["p0x1506f7dc", "p0y1506eb5a"], "log": "|init|battle\n|title|p0x1506f7dc vs. p0y1506eb5a\n|j|\u2606p0x1506f7dc\n|j|\u2606p0y1506eb5a\n|t:|1783556593\n|gametype|singles\n|player|p1|p0x1506f7dc|170|\n|player|p2|p0y1506eb5a|265|\n|gen|9\n|tier|[Gen 9] Random Battle\n|rule|Species Clause: Limit one of each Pok\u00e9mon\n|rule|HP Percentage Mod: HP is shown in percentages\n|rule|Sleep Clause Mod: Limit one foe put to sleep\n|rule|Illusion Level Mod: Illusion disguises the Pok\u00e9mon's true level\n|\n|t:|1783556593\n|teamsize|p1|6\n|teamsize|p2|6\n|start\n|switch|p1a: Indeedee|Indeedee-F, L90, F|100/100\n|switch|p2a: Sunflora|Sunflora, F|312/312\n|-fieldstart|move: Psychic Terrain|[from] ability: Psychic Surge|[of] p1a: Indeedee\n|turn|1\n|inactive|Battle timer is ON: inactive players will automatically lose when time's up. (requested by p0y1506eb5a)\n|inactive|p0x1506f7dc also wants the timer to be on.\n|\n|t:|1783556594\n|move|p1a: Indeedee|Psyshock|p2a: Sunflora\n|-damage|p2a: Sunflora|174/312\n|move|p2a: Sunflora|Solar Beam||[still]\n|-prepare|p2a: Sunflora|Solar Beam\n|\n|upkeep\n|turn|2\n|inactive|Time left: 300 sec this turn | 300 sec total\n|\n|t:|1783556596\n|-terastallize|p1a: Indeedee|Psychic\n|move|p1a: Indeedee|Psyshock|p2a: Sunflora\n|-damage|p2a: Sunflora|0 fnt\n|faint|p2a: Sunflora\n|\n|upkeep\n|inactive|Time left: 300 sec this turn | 300 sec total | 5 sec grace\n|\n|t:|1783556597\n|switch|p2a: Mewtwo|Mewtwo, L72|272/272\n|-ability|p2a: Mewtwo|Pressure\n|turn|3\n|inactive|Time left: 300 sec this turn | 300 sec total\n|\n|t:|1783556598\n|move|p1a: Indeedee|Psyshock|p2a: Mewtwo\n|-resisted|p2a: Mewtwo\n|-damage|p2a: Mewtwo|175/272\n|move|p2a: Mewtwo|Nasty Plot|p2a: Mewtwo\n|-boost|p2a: Mewtwo|spa|2\n|\n|upkeep\n|turn|4\n|inactive|Time left: 300 sec this turn | 300 sec total\n|\n|t:|1783556599\n|-terastallize|p2a: Mewtwo|Psychic\n|move|p1a: Indeedee|Psyshock|p2a: Mewtwo\n|-resisted|p2a: Mewtwo\n|-damage|p2a: Mewtwo|82/272\n|move|p2a: Mewtwo|Psystrike|p1a: Indeedee\n|-resisted|p1a: Indeedee\n|-damage|p1a: Indeedee|0 fnt\n|faint|p1a: Indeedee\n|-damage|p2a: Mewtwo|55/272|[from] item: Life Orb\n|\n|upkeep\n|\n|t:|1783556601\n|switch|p1a: Cyclizar|Cyclizar, L84, M|100/100\n|turn|5\n|inactive|Time left: 300 sec this turn | 300 sec total\n|\n|t:|1783556602\n|move|p1a: Cyclizar|Knock Off|p2a: Mewtwo\n|-supereffective|p2a: Mewtwo\n|-damage|p2a: Mewtwo|0 fnt\n|-enditem|p2a: Mewtwo|Life Orb|[from] move: Knock Off|[of] p1a: Cyclizar\n|faint|p2a: Mewtwo\n|\n|-fieldend|move: Psychic Terrain\n|upkeep\n|inactive|Time left: 300 sec this turn | 300 sec total | 5 sec grace\n|\n|t:|1783556603\n|switch|p2a: Mienshao|Mienshao, L83, F|244/244\n|turn|6\n|inactive|Time left: 300 sec this turn | 300 sec total\n|\n|t:|1783556604\n|move|p1a: Cyclizar|Shed Tail|p1a: Cyclizar\n|-start|p1a: Cyclizar|Substitute|[from] move: Shed Tail\n|-damage|p1a: Cyclizar|50/100\n|\n|t:|1783556605\n|switch|p1a: Revavroom|Revavroom, L79, F|100/100|[from] Shed Tail\n|move|p2a: Mienshao|Swords Dance|p2a: Mienshao\n|-boost|p2a: Mienshao|atk|2\n|\n|upkeep\n|turn|7\n|inactive|Time left: 300 sec this turn | 300 sec total\n|\n|t:|1783556606\n|move|p2a: Mienshao|Triple Axel|p1a: Revavroom\n|-resisted|p1a: Revavroom\n|-activate|p1a: Revavroom|move: Substitute|[damage]\n|-resisted|p1a: Revavroom\n|-end|p1a: Revavroom|Substitute\n|-resisted|p1a: Revavroom\n|-damage|p1a: Revavroom|74/100\n|-hitcount|p1a: Revavroom|3\n|-damage|p2a: Mienshao|220/244|[from] item: Life Orb\n|move|p1a: Revavroom|Shift Gear|p1a: Revavroom\n|-boost|p1a: Revavroom|spe|2\n|-boost|p1a: Revavroom|atk|1\n|\n|upkeep\n|turn|8\n|inactive|Time left: 300 sec this turn | 300 sec total\n|\n|t:|1783556607\n|switch|p2a: Giratina|Giratina-Origin, L72|335/335\n|move|p1a: Revavroom|Iron Head|p2a: Giratina\n|-damage|p2a: Giratina|152/335\n|-damage|p1a: Revavroom|64/100|[from] item: Life Orb\n|\n|upkeep\n|turn|9\n|inactive|Time left: 300 sec this turn | 300 sec total\n|\n|t:|1783556608\n|move|p2a: Giratina|Shadow Sneak|p1a: Revavroom\n|-damage|p1a: Revavroom|45/100\n|move|p1a: Revavroom|Iron Head|p2a: Giratina\n|-damage|p2a: Giratina|0 fnt\n|faint|p2a: Giratina\n|-damage|p1a: Revavroom|35/100|[from] item: Life Orb\n|\n|upkeep\n|inactive|Time left: 300 sec this turn | 300 sec total | 5 sec grace\n|\n|t:|1783556609\n|switch|p2a: Milotic|Milotic, L83, F|293/293\n|turn|10\n|inactive|Time left: 300 sec this turn | 300 sec total\n|\n|t:|1783556610\n|move|p1a: Revavroom|Gunk Shot|p2a: Milotic\n|-damage|p2a: Milotic|0 fnt\n|faint|p2a: Milotic\n|-damage|p1a: Revavroom|25/100|[from] item: Life Orb\n|\n|upkeep\n|inactive|Time left: 300 sec this turn | 300 sec total | 5 sec grace\n|\n|t:|1783556611\n|switch|p2a: Mienshao|Mienshao, L83, F|244/244\n|turn|11\n|inactive|Time left: 300 sec this turn | 300 sec total\n|\n|t:|1783556612\n|move|p1a: Revavroom|Gunk Shot|p2a: Mienshao\n|-damage|p2a: Mienshao|0 fnt\n|faint|p2a: Mienshao\n|-damage|p1a: Revavroom|16/100|[from] item: Life Orb\n|\n|upkeep\n|inactive|Time left: 300 sec this turn | 300 sec total | 5 sec grace\n|\n|t:|1783556613\n|switch|p2a: Haxorus|Haxorus, L77, F|244/244\n|-ability|p2a: Haxorus|Mold Breaker\n|turn|12\n|inactive|Time left: 300 sec this turn | 300 sec total\n|\n|t:|1783556614\n|move|p1a: Revavroom|Gunk Shot|p2a: Haxorus\n|-damage|p2a: Haxorus|0 fnt\n|faint|p2a: Haxorus\n|-damage|p1a: Revavroom|6/100|[from] item: Life Orb\n|\n|win|p0x1506f7dc", "uploadtime": 1783556614, "views": 0, "rating": 0, "private": 0, "password": null, "_winner": "p0x1506f7dc", "_our_name": "p0y1506eb5a"}