{"id": "battle-gen9randombattle-996", "formatid": "gen9randombattle", "format": "[Gen 9] Random Battle", "players": ["p0x996edd5", "p0y99657a0"], "log": "|init|battle\n|title|p0x996edd5 vs. p0y99657a0\n|j|\u2606p0x996edd5\n|j|\u2606p0y99657a0\n|t:|1783550729\n|gametype|singles\n|player|p1|p0x996edd5|101|\n|player|p2|p0y99657a0|265|\n|gen|9\n|tier|[Gen 9] Random Battle\n|rule|Species Clause: Limit one of each Pok\u00e9mon\n|rule|HP Percentage Mod: HP is shown in percentages\n|rule|Sleep Clause Mod: Limit one foe put to sleep\n|rule|Illusion Level Mod: Illusion disguises the Pok\u00e9mon's true level\n|\n|t:|1783550729\n|teamsize|p1|6\n|teamsize|p2|6\n|start\n|switch|p1a: Hippowdon|Hippowdon, L82, F|100/100\n|switch|p2a: Crabominable|Crabominable, L90, M|321/321\n|-weather|Sandstorm|[from] ability: Sand Stream|[of] p1a: Hippowdon\n|turn|1\n|inactive|Battle timer is ON: inactive players will automatically lose when time's up. (requested by p0x996edd5)\n|inactive|Time left: 300 sec this turn | 300 sec total | 60 sec grace\n|\n|t:|1783550731\n|switch|p1a: Misdreavus|Misdreavus, L90, F|100/100\n|move|p2a: Crabominable|Ice Hammer|p1a: Misdreavus\n|-damage|p1a: Misdreavus|38/100\n|-unboost|p2a: Crabominable|spe|1\n|\n|-weather|Sandstorm|[upkeep]\n|-damage|p1a: Misdreavus|32/100|[from] Sandstorm\n|-damage|p2a: Crabominable|301/321|[from] Sandstorm\n|upkeep\n|turn|2\n|inactive|Time left: 300 sec this turn | 300 sec total\n|inactive|p0y99657a0 also wants the timer to be on.\n|\n|t:|1783550732\n|switch|p2a: Blaziken|Blaziken, L76, F|247/247\n|move|p1a: Misdreavus|Will-O-Wisp|p2a: Blaziken\n|-immune|p2a: Blaziken\n|\n|-weather|Sandstorm|[upkeep]\n|-damage|p1a: Misdreavus|26/100|[from] Sandstorm\n|-damage|p2a: Blaziken|232/247|[from] Sandstorm\n|upkeep\n|turn|3\n|inactive|Time left: 300 sec this turn | 300 sec total\n|\n|t:|1783550733\n|move|p1a: Misdreavus|Shadow Ball|p2a: Blaziken\n|-damage|p2a: Blaziken|115/247\n|move|p2a: Blaziken|Swords Dance|p2a: Blaziken\n|-boost|p2a: Blaziken|atk|2\n|\n|-weather|Sandstorm|[upkeep]\n|-damage|p1a: Misdreavus|20/100|[from] Sandstorm\n|-damage|p2a: Blaziken|100/247|[from] Sandstorm\n|-ability|p2a: Blaziken|Speed Boost|boost\n|-boost|p2a: Blaziken|spe|1\n|upkeep\n|turn|4\n|inactive|Time left: 300 sec this turn | 300 sec total\n|\n|t:|1783550734\n|move|p2a: Blaziken|Knock Off|p1a: Misdreavus\n|-supereffective|p1a: Misdreavus\n|-damage|p1a: Misdreavus|0 fnt\n|-enditem|p1a: Misdreavus|Eviolite|[from] move: Knock Off|[of] p2a: Blaziken\n|faint|p1a: Misdreavus\n|-damage|p2a: Blaziken|76/247|[from] item: Life Orb\n|\n|-weather|Sandstorm|[upkeep]\n|-damage|p2a: Blaziken|61/247|[from] Sandstorm\n|-ability|p2a: Blaziken|Speed Boost|boost\n|-boost|p2a: Blaziken|spe|1\n|upkeep\n|\n|t:|1783550735\n|switch|p1a: Dragalge|Dragalge, L88, F|100/100\n|turn|5\n|inactive|Time left: 300 sec this turn | 300 sec total\n|\n|t:|1783550736\n|move|p2a: Blaziken|Close Combat|p1a: Dragalge\n|-resisted|p1a: Dragalge\n|-damage|p1a: Dragalge|40/100\n|-unboost|p2a: Blaziken|def|1\n|-unboost|p2a: Blaziken|spd|1\n|-damage|p2a: Blaziken|37/247|[from] item: Life Orb\n|move|p1a: Dragalge|Sludge Wave|p2a: Blaziken\n|-damage|p2a: Blaziken|0 fnt\n|faint|p2a: Blaziken\n|\n|-weather|none\n|upkeep\n|inactive|Time left: 300 sec this turn | 300 sec total | 5 sec grace\n|\n|t:|1783550737\n|switch|p2a: Basculin|Basculin, L86, F|261/261\n|turn|6\n|inactive|Time left: 300 sec this turn | 300 sec total\n|\n|t:|1783550738\n|switch|p1a: Brute Bonnet|Brute Bonnet, L80|100/100\n|move|p2a: Basculin|Wave Crash|p1a: Brute Bonnet\n|-resisted|p1a: Brute Bonnet\n|-damage|p1a: Brute Bonnet|61/100\n|-damage|p2a: Basculin|221/261|[from] Recoil\n|\n|-heal|p1a: Brute Bonnet|67/100|[from] item: Leftovers\n|upkeep\n|turn|7\n|inactive|Time left: 300 sec this turn | 300 sec total\n|\n|t:|1783550739\n|switch|p2a: Enamorus|Enamorus-Therian, L83, F|259/259\n|move|p1a: Brute Bonnet|Crunch|p2a: Enamorus\n|-resisted|p2a: Enamorus\n|-damage|p2a: Enamorus|217/259\n|\n|-heal|p1a: Brute Bonnet|73/100|[from] item: Leftovers\n|upkeep\n|turn|8\n|inactive|Time left: 300 sec this turn | 300 sec total\n|\n|t:|1783550740\n|-end|p1a: Brute Bonnet|Protosynthesis|[silent]\n|switch|p1a: Regice|Regice, L88, shiny|100/100\n|move|p2a: Enamorus|Moonblast|p1a: Regice\n|-damage|p1a: Regice|79/100\n|\n|upkeep\n|turn|9\n|inactive|Time left: 300 sec this turn | 300 sec total\n|\n|t:|1783550741\n|switch|p2a: Crabominable|Crabominable, L90, M|301/321\n|move|p1a: Regice|Ice Beam|p2a: Crabominable\n|-resisted|p2a: Crabominable\n|-damage|p2a: Crabominable|260/321\n|\n|upkeep\n|turn|10\n|inactive|Time left: 300 sec this turn | 300 sec total\n|\n|t:|1783550742\n|switch|p1a: Mew|Mew, L82|100/100\n|move|p2a: Crabominable|Drain Punch|p1a: Mew\n|-resisted|p1a: Mew\n|-damage|p1a: Mew|80/100\n|-heal|p2a: Crabominable|290/321|[from] drain|[of] p1a: Mew\n|\n|upkeep\n|turn|11\n|inactive|Time left: 300 sec this turn | 300 sec total\n|\n|t:|1783550744\n|move|p1a: Mew|Psyshock|p2a: Crabominable\n|-supereffective|p2a: Crabominable\n|-damage|p2a: Crabominable|77/321\n|-damage|p1a: Mew|71/100|[from] item: Life Orb\n|move|p2a: Crabominable|Knock Off|p1a: Mew\n|-supereffective|p1a: Mew\n|-damage|p1a: Mew|9/100\n|-enditem|p1a: Mew|Life Orb|[from] move: Knock Off|[of] p2a: Crabominable\n|\n|upkeep\n|turn|12\n|inactive|Time left: 300 sec this turn | 300 sec total\n|\n|t:|1783550745\n|switch|p2a: Gothitelle|Gothitelle, L90, M|272/272\n|move|p1a: Mew|Psyshock|p2a: Gothitelle\n|-resisted|p2a: Gothitelle\n|-damage|p2a: Gothitelle|233/272\n|\n|upkeep\n|turn|13\n|inactive|Time left: 300 sec this turn | 300 sec total\n|\n|t:|1783550746\n|move|p2a: Gothitelle|Dark Pulse|p1a: Mew\n|-supereffective|p1a: Mew\n|-damage|p1a: Mew|0 fnt\n|faint|p1a: Mew\n|\n|upkeep\n|\n|t:|1783550747\n|switch|p1a: Dragalge|Dragalge, L88, F|40/100\n|turn|14\n|inactive|Time left: 300 sec this turn | 300 sec total\n|\n|t:|1783550747\n|move|p2a: Gothitelle|Dark Pulse|p1a: Dragalge\n|-damage|p1a: Dragalge|22/100\n|move|p1a: Dragalge|Sludge Wave|p2a: Gothitelle\n|-damage|p2a: Gothitelle|47/272\n|\n|upkeep\n|turn|15\n|inactive|Time left: 300 sec this turn | 300 sec total\n|\n|t:|1783550748\n|move|p2a: Gothitelle|Dark Pulse|p1a: Dragalge\n|-damage|p1a: Dragalge|4/100\n|move|p1a: Dragalge|Sludge Wave|p2a: Gothitelle\n|-damage|p2a: Gothitelle|0 fnt\n|faint|p2a: Gothitelle\n|\n|upkeep\n|inactive|Time left: 300 sec this turn | 300 sec total | 5 sec grace\n|\n|t:|1783550749\n|switch|p2a: Crabominable|Crabominable, L90, M|77/321\n|turn|16\n|inactive|Time left: 300 sec this turn | 300 sec total\n|\n|t:|1783550750\n|move|p2a: Crabominable|Drain Punch|p1a: Dragalge\n|-resisted|p1a: Dragalge\n|-damage|p1a: Dragalge|0 fnt\n|-heal|p2a: Crabominable|82/321|[from] drain|[of] p1a: Dragalge\n|faint|p1a: Dragalge\n|\n|upkeep\n|\n|t:|1783550751\n|switch|p1a: Brute Bonnet|Brute Bonnet, L80|73/100\n|turn|17\n|inactive|Time left: 300 sec this turn | 300 sec total\n|\n|t:|1783550752\n|switch|p2a: Enamorus|Enamorus-Therian, L83, F|217/259\n|move|p1a: Brute Bonnet|Close Combat|p2a: Enamorus\n|-resisted|p2a: Enamorus\n|-damage|p2a: Enamorus|197/259\n|-unboost|p1a: Brute Bonnet|def|1\n|-unboost|p1a: Brute Bonnet|spd|1\n|\n|-heal|p1a: Brute Bonnet|79/100|[from] item: Leftovers\n|upkeep\n|turn|18\n|inactive|Time left: 300 sec this turn | 300 sec total\n|\n|t:|1783550753\n|-end|p1a: Brute Bonnet|Protosynthesis|[silent]\n|switch|p1a: Regice|Regice, L88, shiny|79/100\n|move|p2a: Enamorus|Moonblast|p1a: Regice\n|-damage|p1a: Regice|56/100\n|\n|upkeep\n|turn|19\n|inactive|Time left: 300 sec this turn | 300 sec total\n|\n|t:|1783550754\n|move|p1a: Regice|Ice Beam|p2a: Enamorus\n|-supereffective|p2a: Enamorus\n|-damage|p2a: Enamorus|57/259\n|move|p2a: Enamorus|Superpower|p1a: Regice\n|-supereffective|p1a: Regice\n|-damage|p1a: Regice|0 fnt\n|-unboost|p2a: Enamorus|atk|1\n|-unboost|p2a: Enamorus|def|1\n|faint|p1a: Regice\n|\n|upkeep\n|\n|t:|1783550755\n|switch|p1a: Brute Bonnet|Brute Bonnet, L80|79/100\n|turn|20\n|inactive|Time left: 300 sec this turn | 300 sec total\n|\n|t:|1783550756\n|switch|p2a: Donphan|Donphan, L84, F|288/288\n|move|p1a: Brute Bonnet|Crunch|p2a: Donphan\n|-crit|p2a: Donphan\n|-damage|p2a: Donphan|179/288\n|\n|-heal|p1a: Brute Bonnet|86/100|[from] item: Leftovers\n|upkeep\n|turn|21\n|inactive|Time left: 300 sec this turn | 300 sec total\n|\n|t:|1783550757\n|move|p1a: Brute Bonnet|Crunch|p2a: Donphan\n|-damage|p2a: Donphan|100/288\n|move|p2a: Donphan|Earthquake|p1a: Brute Bonnet\n|-resisted|p1a: Brute Bonnet\n|-damage|p1a: Brute Bonnet|65/100\n|\n|-heal|p1a: Brute Bonnet|71/100|[from] item: Leftovers\n|upkeep\n|turn|22\n|inactive|Time left: 300 sec this turn | 300 sec total\n|\n|t:|1783550758\n|switch|p2a: Enamorus|Enamorus-Therian, L83, F|57/259\n|move|p1a: Brute Bonnet|Crunch|p2a: Enamorus\n|-resisted|p2a: Enamorus\n|-damage|p2a: Enamorus|18/259\n|\n|-heal|p1a: Brute Bonnet|77/100|[from] item: Leftovers\n|upkeep\n|turn|23\n|inactive|Time left: 300 sec this turn | 300 sec total\n|\n|t:|1783550759\n|move|p1a: Brute Bonnet|Crunch|p2a: Enamorus\n|-resisted|p2a: Enamorus\n|-damage|p2a: Enamorus|0 fnt\n|faint|p2a: Enamorus\n|\n|-heal|p1a: Brute Bonnet|83/100|[from] item: Leftovers\n|upkeep\n|inactive|Time left: 300 sec this turn | 300 sec total | 5 sec grace\n|\n|t:|1783550760\n|switch|p2a: Crabominable|Crabominable, L90, M|82/321\n|turn|24\n|inactive|Time left: 300 sec this turn | 300 sec total\n|\n|t:|1783550761\n|move|p1a: Brute Bonnet|Spore|p2a: Crabominable\n|-status|p2a: Crabominable|slp|[from] move: Spore\n|cant|p2a: Crabominable|slp\n|\n|-heal|p1a: Brute Bonnet|89/100|[from] item: Leftovers\n|upkeep\n|turn|25\n|inactive|Time left: 300 sec this turn | 300 sec total\n|\n|t:|1783550762\n|move|p1a: Brute Bonnet|Close Combat|p2a: Crabominable\n|-supereffective|p2a: Crabominable\n|-damage|p2a: Crabominable|0 fnt\n|-unboost|p1a: Brute Bonnet|def|1\n|-unboost|p1a: Brute Bonnet|spd|1\n|faint|p2a: Crabominable\n|\n|-heal|p1a: Brute Bonnet|95/100|[from] item: Leftovers\n|upkeep\n|inactive|Time left: 300 sec this turn | 300 sec total | 5 sec grace\n|\n|t:|1783550763\n|switch|p2a: Basculin|Basculin, L86, F|221/261\n|turn|26\n|inactive|Time left: 300 sec this turn | 300 sec total\n|\n|t:|1783550764\n|move|p2a: Basculin|Wave Crash|p1a: Brute Bonnet\n|-resisted|p1a: Brute Bonnet\n|-damage|p1a: Brute Bonnet|31/100\n|-damage|p2a: Basculin|156/261|[from] Recoil\n|move|p1a: Brute Bonnet|Crunch|p2a: Basculin\n|-damage|p2a: Basculin|36/261\n|\n|-heal|p1a: Brute Bonnet|37/100|[from] item: Leftovers\n|upkeep\n|turn|27\n|inactive|Time left: 300 sec this turn | 300 sec total\n|\n|t:|1783550765\n|switch|p2a: Donphan|Donphan, L84, F|100/288\n|-terastallize|p1a: Brute Bonnet|Poison\n|move|p1a: Brute Bonnet|Crunch|p2a: Donphan\n|-damage|p2a: Donphan|19/288\n|\n|-heal|p1a: Brute Bonnet|44/100|[from] item: Leftovers\n|upkeep\n|turn|28\n|inactive|Time left: 300 sec this turn | 300 sec total\n|\n|t:|1783550766\n|move|p1a: Brute Bonnet|Crunch|p2a: Donphan\n|-damage|p2a: Donphan|0 fnt\n|faint|p2a: Donphan\n|\n|-heal|p1a: Brute Bonnet|50/100|[from] item: Leftovers\n|upkeep\n|inactive|Time left: 300 sec this turn | 300 sec total | 5 sec grace\n|\n|t:|1783550767\n|switch|p2a: Basculin|Basculin, L86, F|36/261\n|turn|29\n|inactive|Time left: 300 sec this turn | 300 sec total\n|\n|t:|1783550768\n|move|p2a: Basculin|Aqua Jet|p1a: Brute Bonnet\n|-damage|p1a: Brute Bonnet|10/100\n|move|p1a: Brute Bonnet|Crunch|p2a: Basculin\n|-damage|p2a: Basculin|0 fnt\n|faint|p2a: Basculin\n|\n|win|p0x996edd5", "uploadtime": 1783550768, "views": 0, "rating": 0, "private": 0, "password": null, "_winner": "p0x996edd5", "_our_name": "p0y99657a0"}