{"id": "battle-gen9randombattle-1064", "formatid": "gen9randombattle", "format": "[Gen 9] Random Battle", "players": ["p0x10647c94", "p0y1064d43b"], "log": "|init|battle\n|title|p0x10647c94 vs. p0y1064d43b\n|j|\u2606p0x10647c94\n|j|\u2606p0y1064d43b\n|t:|1783552236\n|gametype|singles\n|player|p1|p0x10647c94|170|\n|player|p2|p0y1064d43b|266|\n|gen|9\n|tier|[Gen 9] Random Battle\n|rule|Species Clause: Limit one of each Pok\u00e9mon\n|rule|HP Percentage Mod: HP is shown in percentages\n|rule|Sleep Clause Mod: Limit one foe put to sleep\n|rule|Illusion Level Mod: Illusion disguises the Pok\u00e9mon's true level\n|\n|t:|1783552236\n|teamsize|p1|6\n|teamsize|p2|6\n|start\n|switch|p1a: Manaphy|Manaphy, L78|284/284\n|switch|p2a: Granbull|Granbull, L88, M|100/100\n|-ability|p2a: Granbull|Intimidate|boost\n|-unboost|p1a: Manaphy|atk|1\n|turn|1\n|inactive|Battle timer is ON: inactive players will automatically lose when time's up. (requested by p0x10647c94)\n|inactive|p0y1064d43b also wants the timer to be on.\n|\n|t:|1783552238\n|move|p1a: Manaphy|Tail Glow|p1a: Manaphy\n|-boost|p1a: Manaphy|spa|3\n|move|p2a: Granbull|Earthquake|p1a: Manaphy\n|-damage|p1a: Manaphy|186/284\n|\n|-heal|p1a: Manaphy|203/284|[from] item: Leftovers\n|upkeep\n|turn|2\n|inactive|Time left: 300 sec this turn | 300 sec total\n|\n|t:|1783552239\n|move|p1a: Manaphy|Hydro Pump|p2a: Granbull\n|-damage|p2a: Granbull|2/100\n|move|p2a: Granbull|Roar|p1a: Manaphy\n|drag|p1a: Bellibolt|Bellibolt, L84, M|320/320\n|\n|-heal|p2a: Granbull|8/100|[from] item: Leftovers\n|upkeep\n|turn|3\n|inactive|Time left: 300 sec this turn | 300 sec total\n|\n|t:|1783552240\n|move|p2a: Granbull|Earthquake|p1a: Bellibolt\n|-supereffective|p1a: Bellibolt\n|-damage|p1a: Bellibolt|124/320\n|-start|p1a: Bellibolt|Charge|Earthquake|[from] ability: Electromorphosis\n|move|p1a: Bellibolt|Thunderbolt|p2a: Granbull\n|-damage|p2a: Granbull|0 fnt\n|faint|p2a: Granbull\n|-end|p1a: Bellibolt|Charge|[silent]\n|\n|-heal|p1a: Bellibolt|144/320|[from] item: Leftovers\n|upkeep\n|\n|t:|1783552241\n|switch|p2a: Gumshoos|Gumshoos, L95, F|100/100\n|turn|4\n|inactive|Time left: 300 sec this turn | 300 sec total\n|\n|t:|1783552242\n|move|p2a: Gumshoos|Double-Edge|p1a: Bellibolt\n|-damage|p1a: Bellibolt|0 fnt\n|faint|p1a: Bellibolt\n|-damage|p2a: Gumshoos|86/100|[from] Recoil\n|\n|upkeep\n|inactive|Time left: 300 sec this turn | 300 sec total | 5 sec grace\n|\n|t:|1783552243\n|switch|p1a: Victreebel|Victreebel, L90, F|290/290\n|turn|5\n|inactive|Time left: 300 sec this turn | 300 sec total\n|\n|t:|1783552245\n|move|p1a: Victreebel|Power Whip|p2a: Gumshoos\n|-damage|p2a: Gumshoos|15/100\n|-damage|p1a: Victreebel|261/290|[from] item: Life Orb\n|move|p2a: Gumshoos|Double-Edge|p1a: Victreebel\n|-damage|p1a: Victreebel|0 fnt\n|faint|p1a: Victreebel\n|-damage|p2a: Gumshoos|0 fnt|[from] Recoil\n|faint|p2a: Gumshoos\n|\n|upkeep\n|inactive|Time left: 300 sec this turn | 300 sec total | 5 sec grace\n|\n|t:|1783552246\n|switch|p1a: Regice|Regice, L88|284/284\n|switch|p2a: Golem|Golem, L87, F|100/100\n|turn|6\n|inactive|Time left: 300 sec this turn | 300 sec total\n|\n|t:|1783552247\n|move|p1a: Regice|Ice Beam|p2a: Golem\n|-supereffective|p2a: Golem\n|-damage|p2a: Golem|10/100\n|-enditem|p2a: Golem|Weakness Policy\n|-boost|p2a: Golem|atk|2|[from] item: Weakness Policy\n|-boost|p2a: Golem|spa|2|[from] item: Weakness Policy\n|move|p2a: Golem|Earthquake|p1a: Regice\n|-damage|p1a: Regice|37/284\n|\n|upkeep\n|turn|7\n|inactive|Time left: 300 sec this turn | 300 sec total\n|\n|t:|1783552248\n|move|p1a: Regice|Ice Beam|p2a: Golem\n|-supereffective|p2a: Golem\n|-damage|p2a: Golem|0 fnt\n|faint|p2a: Golem\n|\n|upkeep\n|\n|t:|1783552249\n|switch|p2a: Tsareena|Tsareena, L87, F|100/100\n|turn|8\n|inactive|Time left: 300 sec this turn | 300 sec total\n|\n|t:|1783552250\n|switch|p1a: Altaria|Altaria, L89, M|278/278\n|move|p2a: Tsareena|Knock Off|p1a: Altaria\n|-damage|p1a: Altaria|202/278\n|-enditem|p1a: Altaria|Heavy-Duty Boots|[from] move: Knock Off|[of] p2a: Tsareena\n|\n|upkeep\n|turn|9\n|inactive|Time left: 300 sec this turn | 300 sec total\n|\n|t:|1783552251\n|switch|p2a: Reuniclus|Reuniclus, L88, F|100/100\n|move|p1a: Altaria|Dragon Dance|p1a: Altaria\n|-boost|p1a: Altaria|atk|1\n|-boost|p1a: Altaria|spe|1\n|\n|upkeep\n|turn|10\n|inactive|Time left: 300 sec this turn | 300 sec total\n|\n|t:|1783552252\n|move|p1a: Altaria|Dragon Dance|p1a: Altaria\n|-boost|p1a: Altaria|atk|1\n|-boost|p1a: Altaria|spe|1\n|move|p2a: Reuniclus|Psyshock|p1a: Altaria\n|-damage|p1a: Altaria|60/278\n|\n|upkeep\n|turn|11\n|inactive|Time left: 300 sec this turn | 300 sec total\n|\n|t:|1783552253\n|move|p1a: Altaria|Roost|p1a: Altaria\n|-heal|p1a: Altaria|199/278\n|-singleturn|p1a: Altaria|move: Roost\n|move|p2a: Reuniclus|Psyshock|p1a: Altaria\n|-damage|p1a: Altaria|66/278\n|\n|upkeep\n|turn|12\n|inactive|Time left: 300 sec this turn | 300 sec total\n|\n|t:|1783552254\n|move|p1a: Altaria|Roost|p1a: Altaria\n|-heal|p1a: Altaria|205/278\n|-singleturn|p1a: Altaria|move: Roost\n|move|p2a: Reuniclus|Psyshock|p1a: Altaria\n|-damage|p1a: Altaria|65/278\n|\n|upkeep\n|turn|13\n|inactive|Time left: 300 sec this turn | 300 sec total\n|\n|t:|1783552255\n|move|p1a: Altaria|Roost|p1a: Altaria\n|-heal|p1a: Altaria|204/278\n|-singleturn|p1a: Altaria|move: Roost\n|move|p2a: Reuniclus|Psyshock|p1a: Altaria\n|-damage|p1a: Altaria|66/278\n|\n|upkeep\n|turn|14\n|inactive|Time left: 300 sec this turn | 300 sec total\n|\n|t:|1783552256\n|move|p1a: Altaria|Roost|p1a: Altaria\n|-heal|p1a: Altaria|205/278\n|-singleturn|p1a: Altaria|move: Roost\n|move|p2a: Reuniclus|Psyshock|p1a: Altaria\n|-damage|p1a: Altaria|76/278\n|\n|upkeep\n|turn|15\n|inactive|Time left: 300 sec this turn | 300 sec total\n|\n|t:|1783552257\n|move|p1a: Altaria|Roost|p1a: Altaria\n|-heal|p1a: Altaria|215/278\n|-singleturn|p1a: Altaria|move: Roost\n|move|p2a: Reuniclus|Psyshock|p1a: Altaria\n|-damage|p1a: Altaria|71/278\n|\n|upkeep\n|turn|16\n|inactive|Time left: 300 sec this turn | 300 sec total\n|\n|t:|1783552258\n|move|p1a: Altaria|Roost|p1a: Altaria\n|-heal|p1a: Altaria|210/278\n|-singleturn|p1a: Altaria|move: Roost\n|move|p2a: Reuniclus|Psyshock|p1a: Altaria\n|-crit|p1a: Altaria\n|-damage|p1a: Altaria|15/278\n|\n|upkeep\n|turn|17\n|inactive|Time left: 300 sec this turn | 300 sec total\n|\n|t:|1783552259\n|move|p1a: Altaria|Roost|p1a: Altaria\n|-heal|p1a: Altaria|154/278\n|-singleturn|p1a: Altaria|move: Roost\n|move|p2a: Reuniclus|Psyshock|p1a: Altaria\n|-damage|p1a: Altaria|10/278\n|\n|upkeep\n|turn|18\n|inactive|Time left: 300 sec this turn | 300 sec total\n|\n|t:|1783552260\n|move|p1a: Altaria|Roost|p1a: Altaria\n|-heal|p1a: Altaria|149/278\n|-singleturn|p1a: Altaria|move: Roost\n|move|p2a: Reuniclus|Psyshock|p1a: Altaria\n|-damage|p1a: Altaria|5/278\n|\n|upkeep\n|turn|19\n|inactive|Time left: 300 sec this turn | 300 sec total\n|\n|t:|1783552261\n|move|p1a: Altaria|Earthquake|p2a: Reuniclus\n|-damage|p2a: Reuniclus|60/100\n|move|p2a: Reuniclus|Psyshock|p1a: Altaria\n|-damage|p1a: Altaria|0 fnt\n|faint|p1a: Altaria\n|\n|upkeep\n|inactive|Time left: 300 sec this turn | 300 sec total | 5 sec grace\n|\n|t:|1783552262\n|switch|p1a: Manaphy|Manaphy, L78|203/284\n|turn|20\n|inactive|Time left: 300 sec this turn | 300 sec total\n|\n|t:|1783552263\n|-terastallize|p2a: Reuniclus|Fighting\n|move|p1a: Manaphy|Tail Glow|p1a: Manaphy\n|-boost|p1a: Manaphy|spa|3\n|move|p2a: Reuniclus|Focus Blast|p1a: Manaphy\n|-damage|p1a: Manaphy|0 fnt\n|faint|p1a: Manaphy\n|\n|upkeep\n|inactive|Time left: 300 sec this turn | 300 sec total | 5 sec grace\n|\n|t:|1783552264\n|switch|p1a: Regice|Regice, L88|37/284\n|turn|21\n|inactive|Time left: 300 sec this turn | 300 sec total\n|\n|t:|1783552265\n|move|p1a: Regice|Ice Beam|p2a: Reuniclus\n|-damage|p2a: Reuniclus|29/100\n|move|p2a: Reuniclus|Recover|p2a: Reuniclus\n|-heal|p2a: Reuniclus|79/100\n|\n|upkeep\n|turn|22\n|inactive|Time left: 300 sec this turn | 300 sec total\n|\n|t:|1783552266\n|move|p1a: Regice|Ice Beam|p2a: Reuniclus\n|-damage|p2a: Reuniclus|50/100\n|move|p2a: Reuniclus|Calm Mind|p2a: Reuniclus\n|-boost|p2a: Reuniclus|spa|1\n|-boost|p2a: Reuniclus|spd|1\n|\n|upkeep\n|turn|23\n|inactive|Time left: 300 sec this turn | 300 sec total\n|\n|t:|1783552268\n|move|p1a: Regice|Rest|p1a: Regice\n|-status|p1a: Regice|slp|[from] move: Rest\n|-heal|p1a: Regice|284/284 slp|[silent]\n|move|p2a: Reuniclus|Recover|p2a: Reuniclus\n|-heal|p2a: Reuniclus|99/100\n|\n|upkeep\n|turn|24\n|inactive|Time left: 300 sec this turn | 300 sec total\n|\n|t:|1783552269\n|cant|p1a: Regice|slp\n|move|p1a: Regice|Sleep Talk|p1a: Regice\n|move|p1a: Regice|Thunderbolt|p2a: Reuniclus|[from] move: Sleep Talk\n|-damage|p2a: Reuniclus|86/100\n|move|p2a: Reuniclus|Focus Blast|p1a: Regice|[miss]\n|-miss|p2a: Reuniclus|p1a: Regice\n|\n|upkeep\n|turn|25\n|inactive|Time left: 300 sec this turn | 300 sec total\n|\n|t:|1783552270\n|cant|p1a: Regice|slp\n|move|p1a: Regice|Sleep Talk|p1a: Regice\n|move|p1a: Regice|Ice Beam|p2a: Reuniclus|[from] move: Sleep Talk\n|-crit|p2a: Reuniclus\n|-damage|p2a: Reuniclus|38/100\n|move|p2a: Reuniclus|Focus Blast|p1a: Regice\n|-supereffective|p1a: Regice\n|-damage|p1a: Regice|0 fnt\n|faint|p1a: Regice\n|\n|upkeep\n|inactive|Time left: 300 sec this turn | 300 sec total | 5 sec grace\n|\n|t:|1783552271\n|switch|p1a: Cryogonal|Cryogonal, L89|287/287\n|turn|26\n|inactive|Time left: 300 sec this turn | 300 sec total\n|\n|t:|1783552272\n|-terastallize|p1a: Cryogonal|Electric\n|move|p1a: Cryogonal|Ice Beam|p2a: Reuniclus\n|-damage|p2a: Reuniclus|16/100\n|-status|p2a: Reuniclus|frz\n|cant|p2a: Reuniclus|frz\n|\n|upkeep\n|turn|27\n|inactive|Time left: 300 sec this turn | 300 sec total\n|\n|t:|1783552273\n|move|p1a: Cryogonal|Rapid Spin|p2a: Reuniclus\n|-damage|p2a: Reuniclus|8/100 frz\n|-boost|p1a: Cryogonal|spe|1\n|cant|p2a: Reuniclus|frz\n|\n|upkeep\n|turn|28\n|inactive|Time left: 300 sec this turn | 300 sec total\n|\n|t:|1783552274\n|move|p1a: Cryogonal|Recover||[still]\n|-fail|p1a: Cryogonal|heal\n|-curestatus|p2a: Reuniclus|frz|[msg]\n|move|p2a: Reuniclus|Psyshock|p1a: Cryogonal\n|-damage|p1a: Cryogonal|0 fnt\n|faint|p1a: Cryogonal\n|\n|win|p0y1064d43b", "uploadtime": 1783552274, "views": 0, "rating": 0, "private": 0, "password": null, "_winner": "p0y1064d43b", "_our_name": "p0x10647c94"}