{"id": "battle-gen9randombattle-2048", "formatid": "gen9randombattle", "format": "[Gen 9] Random Battle", "players": ["p0x2048784e", "p0y2048f0ba"], "log": "|init|battle\n|title|p0x2048784e vs. p0y2048f0ba\n|j|\u2606p0x2048784e\n|j|\u2606p0y2048f0ba\n|t:|1783562951\n|gametype|singles\n|player|p1|p0x2048784e|266|\n|player|p2|p0y2048f0ba|169|\n|gen|9\n|tier|[Gen 9] Random Battle\n|rule|Species Clause: Limit one of each Pok\u00e9mon\n|rule|HP Percentage Mod: HP is shown in percentages\n|rule|Sleep Clause Mod: Limit one foe put to sleep\n|rule|Illusion Level Mod: Illusion disguises the Pok\u00e9mon's true level\n|\n|t:|1783562951\n|teamsize|p1|6\n|teamsize|p2|6\n|start\n|switch|p1a: Groudon|Groudon, L72|100/100\n|switch|p2a: Azelf|Azelf, L82|257/257\n|-weather|SunnyDay|[from] ability: Drought|[of] p1a: Groudon\n|turn|1\n|inactive|Battle timer is ON: inactive players will automatically lose when time's up. (requested by p0y2048f0ba)\n|inactive|p0x2048784e also wants the timer to be on.\n|\n|t:|1783562952\n|move|p2a: Azelf|Fire Blast|p1a: Groudon\n|-damage|p1a: Groudon|20/100\n|-status|p1a: Groudon|brn\n|move|p1a: Groudon|Heat Crash|p2a: Azelf\n|-damage|p2a: Azelf|182/257\n|\n|-weather|SunnyDay|[upkeep]\n|-heal|p1a: Groudon|26/100 brn|[from] item: Leftovers\n|-damage|p1a: Groudon|20/100 brn|[from] brn\n|upkeep\n|turn|2\n|inactive|Time left: 300 sec this turn | 300 sec total\n|\n|t:|1783562954\n|move|p2a: Azelf|Fire Blast|p1a: Groudon\n|-damage|p1a: Groudon|0 fnt\n|faint|p1a: Groudon\n|\n|-weather|SunnyDay|[upkeep]\n|upkeep\n|\n|t:|1783562955\n|switch|p1a: Lanturn|Lanturn, L89, F|100/100\n|turn|3\n|inactive|Time left: 300 sec this turn | 300 sec total\n|\n|t:|1783562956\n|move|p2a: Azelf|Fire Blast|p1a: Lanturn\n|-resisted|p1a: Lanturn\n|-damage|p1a: Lanturn|70/100\n|move|p1a: Lanturn|Thunderbolt|p2a: Azelf\n|-damage|p2a: Azelf|67/257\n|\n|-weather|SunnyDay|[upkeep]\n|-heal|p1a: Lanturn|76/100|[from] item: Leftovers\n|upkeep\n|turn|4\n|inactive|Time left: 300 sec this turn | 300 sec total\n|\n|t:|1783562957\n|switch|p2a: Tinkaton|Tinkaton, L82, F|274/274\n|-ability|p2a: Tinkaton|Mold Breaker\n|move|p1a: Lanturn|Thunderbolt|p2a: Tinkaton\n|-damage|p2a: Tinkaton|192/274\n|\n|-weather|SunnyDay|[upkeep]\n|-heal|p2a: Tinkaton|209/274|[from] item: Leftovers\n|-heal|p1a: Lanturn|82/100|[from] item: Leftovers\n|upkeep\n|turn|5\n|inactive|Time left: 300 sec this turn | 300 sec total\n|\n|t:|1783562958\n|move|p2a: Tinkaton|Swords Dance|p2a: Tinkaton\n|-boost|p2a: Tinkaton|atk|2\n|move|p1a: Lanturn|Thunderbolt|p2a: Tinkaton\n|-damage|p2a: Tinkaton|127/274\n|\n|-weather|none\n|-heal|p2a: Tinkaton|144/274|[from] item: Leftovers\n|-heal|p1a: Lanturn|88/100|[from] item: Leftovers\n|upkeep\n|turn|6\n|inactive|Time left: 300 sec this turn | 300 sec total\n|\n|t:|1783562959\n|move|p2a: Tinkaton|Play Rough|p1a: Lanturn\n|-damage|p1a: Lanturn|37/100\n|-unboost|p1a: Lanturn|atk|1\n|move|p1a: Lanturn|Scald|p2a: Tinkaton\n|-damage|p2a: Tinkaton|68/274\n|-status|p2a: Tinkaton|brn\n|\n|-heal|p2a: Tinkaton|85/274 brn|[from] item: Leftovers\n|-heal|p1a: Lanturn|43/100|[from] item: Leftovers\n|-damage|p2a: Tinkaton|68/274 brn|[from] brn\n|upkeep\n|turn|7\n|inactive|Time left: 300 sec this turn | 300 sec total\n|\n|t:|1783562960\n|move|p2a: Tinkaton|Protect|p2a: Tinkaton\n|-singleturn|p2a: Tinkaton|Protect\n|move|p1a: Lanturn|Thunderbolt|p2a: Tinkaton\n|-activate|p2a: Tinkaton|move: Protect\n|\n|-heal|p2a: Tinkaton|85/274 brn|[from] item: Leftovers\n|-heal|p1a: Lanturn|49/100|[from] item: Leftovers\n|-damage|p2a: Tinkaton|68/274 brn|[from] brn\n|upkeep\n|turn|8\n|inactive|Time left: 300 sec this turn | 300 sec total\n|\n|t:|1783562960\n|move|p2a: Tinkaton|Play Rough|p1a: Lanturn\n|-damage|p1a: Lanturn|25/100\n|move|p1a: Lanturn|Scald|p2a: Tinkaton\n|-damage|p2a: Tinkaton|0 fnt\n|faint|p2a: Tinkaton\n|\n|-heal|p1a: Lanturn|31/100|[from] item: Leftovers\n|upkeep\n|inactive|Time left: 300 sec this turn | 300 sec total | 5 sec grace\n|\n|t:|1783562961\n|switch|p2a: Azelf|Azelf, L82|67/257\n|turn|9\n|inactive|Time left: 300 sec this turn | 300 sec total\n|\n|t:|1783562962\n|switch|p1a: Hippowdon|Hippowdon, L82, F|100/100\n|-weather|Sandstorm|[from] ability: Sand Stream|[of] p1a: Hippowdon\n|move|p2a: Azelf|Psyshock|p1a: Hippowdon\n|-damage|p1a: Hippowdon|59/100\n|\n|-weather|Sandstorm|[upkeep]\n|-damage|p2a: Azelf|51/257|[from] Sandstorm\n|-heal|p1a: Hippowdon|65/100|[from] item: Leftovers\n|upkeep\n|turn|10\n|inactive|Time left: 300 sec this turn | 300 sec total\n|\n|t:|1783562963\n|move|p2a: Azelf|Psyshock|p1a: Hippowdon\n|-damage|p1a: Hippowdon|30/100\n|move|p1a: Hippowdon|Slack Off|p1a: Hippowdon\n|-heal|p1a: Hippowdon|80/100\n|\n|-weather|Sandstorm|[upkeep]\n|-damage|p2a: Azelf|35/257|[from] Sandstorm\n|-heal|p1a: Hippowdon|86/100|[from] item: Leftovers\n|upkeep\n|turn|11\n|inactive|Time left: 300 sec this turn | 300 sec total\n|\n|t:|1783562964\n|move|p2a: Azelf|Psyshock|p1a: Hippowdon\n|-damage|p1a: Hippowdon|49/100\n|move|p1a: Hippowdon|Stone Edge|p2a: Azelf\n|-damage|p2a: Azelf|0 fnt\n|faint|p2a: Azelf\n|\n|-weather|Sandstorm|[upkeep]\n|-heal|p1a: Hippowdon|55/100|[from] item: Leftovers\n|upkeep\n|inactive|Time left: 300 sec this turn | 300 sec total | 5 sec grace\n|\n|t:|1783562965\n|switch|p2a: Milotic|Milotic, L83, F|293/293\n|turn|12\n|inactive|Time left: 300 sec this turn | 300 sec total\n|\n|t:|1783562966\n|switch|p1a: Heracross|Heracross, L80, M|100/100\n|move|p2a: Milotic|Scald|p1a: Heracross\n|-damage|p1a: Heracross|70/100\n|\n|-weather|Sandstorm|[upkeep]\n|-damage|p1a: Heracross|64/100|[from] Sandstorm\n|-damage|p2a: Milotic|275/293|[from] Sandstorm\n|-heal|p2a: Milotic|293/293|[from] item: Leftovers\n|-status|p1a: Heracross|brn|[from] item: Flame Orb\n|upkeep\n|turn|13\n|inactive|Time left: 300 sec this turn | 300 sec total\n|\n|t:|1783562967\n|move|p2a: Milotic|Scald|p1a: Heracross\n|-damage|p1a: Heracross|31/100 brn\n|move|p1a: Heracross|Knock Off|p2a: Milotic\n|-damage|p2a: Milotic|170/293\n|-enditem|p2a: Milotic|Leftovers|[from] move: Knock Off|[of] p1a: Heracross\n|\n|-weather|none\n|-damage|p1a: Heracross|25/100 brn|[from] brn\n|upkeep\n|turn|14\n|inactive|Time left: 300 sec this turn | 300 sec total\n|\n|t:|1783562968\n|move|p2a: Milotic|Scald|p1a: Heracross\n|-damage|p1a: Heracross|0 fnt\n|faint|p1a: Heracross\n|\n|upkeep\n|\n|t:|1783562969\n|switch|p1a: Lanturn|Lanturn, L89, F|31/100\n|turn|15\n|inactive|Time left: 300 sec this turn | 300 sec total\n|\n|t:|1783562971\n|move|p2a: Milotic|Recover|p2a: Milotic\n|-heal|p2a: Milotic|293/293\n|move|p1a: Lanturn|Thunderbolt|p2a: Milotic\n|-supereffective|p2a: Milotic\n|-damage|p2a: Milotic|155/293\n|\n|-heal|p1a: Lanturn|37/100|[from] item: Leftovers\n|upkeep\n|turn|16\n|inactive|Time left: 300 sec this turn | 300 sec total\n|\n|t:|1783562972\n|move|p2a: Milotic|Recover|p2a: Milotic\n|-heal|p2a: Milotic|293/293\n|move|p1a: Lanturn|Thunderbolt|p2a: Milotic\n|-supereffective|p2a: Milotic\n|-damage|p2a: Milotic|159/293\n|\n|-heal|p1a: Lanturn|43/100|[from] item: Leftovers\n|upkeep\n|turn|17\n|inactive|Time left: 300 sec this turn | 300 sec total\n|\n|t:|1783562973\n|move|p2a: Milotic|Recover|p2a: Milotic\n|-heal|p2a: Milotic|293/293\n|move|p1a: Lanturn|Thunderbolt|p2a: Milotic\n|-supereffective|p2a: Milotic\n|-damage|p2a: Milotic|147/293\n|\n|-heal|p1a: Lanturn|49/100|[from] item: Leftovers\n|upkeep\n|turn|18\n|inactive|Time left: 300 sec this turn | 300 sec total\n|\n|t:|1783562974\n|move|p2a: Milotic|Recover|p2a: Milotic\n|-heal|p2a: Milotic|293/293\n|move|p1a: Lanturn|Thunderbolt|p2a: Milotic\n|-supereffective|p2a: Milotic\n|-damage|p2a: Milotic|147/293\n|\n|-heal|p1a: Lanturn|55/100|[from] item: Leftovers\n|upkeep\n|turn|19\n|inactive|Time left: 300 sec this turn | 300 sec total\n|\n|t:|1783562975\n|move|p2a: Milotic|Recover|p2a: Milotic\n|-heal|p2a: Milotic|293/293\n|move|p1a: Lanturn|Thunderbolt|p2a: Milotic\n|-supereffective|p2a: Milotic\n|-crit|p2a: Milotic\n|-damage|p2a: Milotic|89/293\n|\n|-heal|p1a: Lanturn|61/100|[from] item: Leftovers\n|upkeep\n|turn|20\n|inactive|Time left: 300 sec this turn | 300 sec total\n|\n|t:|1783562976\n|move|p2a: Milotic|Recover|p2a: Milotic\n|-heal|p2a: Milotic|236/293\n|move|p1a: Lanturn|Thunderbolt|p2a: Milotic\n|-supereffective|p2a: Milotic\n|-damage|p2a: Milotic|96/293\n|\n|-heal|p1a: Lanturn|67/100|[from] item: Leftovers\n|upkeep\n|turn|21\n|inactive|Time left: 300 sec this turn | 300 sec total\n|\n|t:|1783562977\n|move|p2a: Milotic|Recover|p2a: Milotic\n|-heal|p2a: Milotic|243/293\n|move|p1a: Lanturn|Thunderbolt|p2a: Milotic\n|-supereffective|p2a: Milotic\n|-damage|p2a: Milotic|117/293\n|\n|-heal|p1a: Lanturn|73/100|[from] item: Leftovers\n|upkeep\n|turn|22\n|inactive|Time left: 300 sec this turn | 300 sec total\n|\n|t:|1783562978\n|move|p2a: Milotic|Recover|p2a: Milotic\n|-heal|p2a: Milotic|264/293\n|move|p1a: Lanturn|Thunderbolt|p2a: Milotic\n|-supereffective|p2a: Milotic\n|-damage|p2a: Milotic|126/293\n|\n|-heal|p1a: Lanturn|79/100|[from] item: Leftovers\n|upkeep\n|turn|23\n|inactive|Time left: 300 sec this turn | 300 sec total\n|\n|t:|1783562979\n|move|p2a: Milotic|Ice Beam|p1a: Lanturn\n|-resisted|p1a: Lanturn\n|-damage|p1a: Lanturn|70/100\n|move|p1a: Lanturn|Thunderbolt|p2a: Milotic\n|-supereffective|p2a: Milotic\n|-damage|p2a: Milotic|0 fnt\n|faint|p2a: Milotic\n|\n|-heal|p1a: Lanturn|76/100|[from] item: Leftovers\n|upkeep\n|inactive|Time left: 300 sec this turn | 300 sec total | 5 sec grace\n|\n|t:|1783562980\n|switch|p2a: Swalot|Swalot, L90, M|326/326\n|turn|24\n|inactive|Time left: 300 sec this turn | 300 sec total\n|\n|t:|1783562981\n|move|p1a: Lanturn|Thunder Wave|p2a: Swalot\n|-status|p2a: Swalot|par\n|move|p2a: Swalot|Swords Dance|p2a: Swalot\n|-boost|p2a: Swalot|atk|2\n|\n|-heal|p1a: Lanturn|82/100|[from] item: Leftovers\n|upkeep\n|turn|25\n|inactive|Time left: 300 sec this turn | 300 sec total\n|\n|t:|1783562982\n|switch|p1a: Hippowdon|Hippowdon, L82, F|55/100\n|-weather|Sandstorm|[from] ability: Sand Stream|[of] p1a: Hippowdon\n|move|p2a: Swalot|Gunk Shot|p1a: Hippowdon\n|-resisted|p1a: Hippowdon\n|-damage|p1a: Hippowdon|24/100\n|\n|-weather|Sandstorm|[upkeep]\n|-damage|p2a: Swalot|306/326 par|[from] Sandstorm\n|-heal|p1a: Hippowdon|30/100|[from] item: Leftovers\n|-heal|p2a: Swalot|326/326 par|[from] item: Leftovers\n|upkeep\n|turn|26\n|inactive|Time left: 300 sec this turn | 300 sec total\n|\n|t:|1783562983\n|move|p1a: Hippowdon|Slack Off|p1a: Hippowdon\n|-heal|p1a: Hippowdon|81/100\n|move|p2a: Swalot|Earthquake|p1a: Hippowdon\n|-damage|p1a: Hippowdon|44/100\n|\n|-weather|Sandstorm|[upkeep]\n|-damage|p2a: Swalot|306/326 par|[from] Sandstorm\n|-heal|p1a: Hippowdon|50/100|[from] item: Leftovers\n|-heal|p2a: Swalot|326/326 par|[from] item: Leftovers\n|upkeep\n|turn|27\n|inactive|Time left: 300 sec this turn | 300 sec total\n|\n|t:|1783562984\n|-terastallize|p2a: Swalot|Ground\n|move|p1a: Hippowdon|Earthquake|p2a: Swalot\n|-damage|p2a: Swalot|209/326 par\n|move|p2a: Swalot|Earthquake|p1a: Hippowdon\n|-damage|p1a: Hippowdon|0 fnt\n|faint|p1a: Hippowdon\n|\n|-weather|Sandstorm|[upkeep]\n|-heal|p2a: Swalot|229/326 par|[from] item: Leftovers\n|upkeep\n|\n|t:|1783562985\n|switch|p1a: Lanturn|Lanturn, L89, F|82/100\n|turn|28\n|inactive|Time left: 300 sec this turn | 300 sec total\n|\n|t:|1783562986\n|move|p1a: Lanturn|Scald|p2a: Swalot\n|-supereffective|p2a: Swalot\n|-damage|p2a: Swalot|67/326 par\n|move|p2a: Swalot|Gunk Shot|p1a: Lanturn\n|-damage|p1a: Lanturn|1/100\n|-status|p1a: Lanturn|psn\n|\n|-weather|Sandstorm|[upkeep]\n|-damage|p1a: Lanturn|0 fnt|[from] Sandstorm\n|faint|p1a: Lanturn\n|-heal|p2a: Swalot|87/326 par|[from] item: Leftovers\n|upkeep\n|\n|t:|1783562987\n|switch|p1a: Latios|Latios, L78, M|100/100\n|turn|29\n|inactive|Time left: 300 sec this turn | 300 sec total\n|\n|t:|1783562988\n|move|p1a: Latios|Psyshock|p2a: Swalot\n|-damage|p2a: Swalot|0 fnt\n|faint|p2a: Swalot\n|\n|-weather|none\n|upkeep\n|inactive|Time left: 300 sec this turn | 300 sec total | 5 sec grace\n|\n|t:|1783562989\n|switch|p2a: Persian|Persian, L92, F|269/269\n|turn|30\n|inactive|Time left: 300 sec this turn | 300 sec total\n|\n|t:|1783562990\n|-terastallize|p1a: Latios|Steel\n|move|p2a: Persian|Fake Out|p1a: Latios\n|-resisted|p1a: Latios\n|-damage|p1a: Latios|84/100\n|cant|p1a: Latios|flinch\n|\n|upkeep\n|turn|31\n|inactive|Time left: 300 sec this turn | 300 sec total\n|\n|t:|1783562991\n|move|p2a: Persian|Knock Off|p1a: Latios\n|-damage|p1a: Latios|57/100\n|-enditem|p1a: Latios|Soul Dew|[from] move: Knock Off|[of] p2a: Persian\n|move|p1a: Latios|Calm Mind|p1a: Latios\n|-boost|p1a: Latios|spa|1\n|-boost|p1a: Latios|spd|1\n|\n|upkeep\n|turn|32\n|inactive|Time left: 300 sec this turn | 300 sec total\n|\n|t:|1783562992\n|move|p2a: Persian|Double-Edge|p1a: Latios\n|-resisted|p1a: Latios\n|-damage|p1a: Latios|25/100\n|-damage|p2a: Persian|242/269|[from] Recoil\n|move|p1a: Latios|Recover|p1a: Latios\n|-heal|p1a: Latios|75/100\n|\n|upkeep\n|turn|33\n|inactive|Time left: 300 sec this turn | 300 sec total\n|\n|t:|1783562993\n|move|p2a: Persian|Double-Edge|p1a: Latios\n|-resisted|p1a: Latios\n|-damage|p1a: Latios|41/100\n|-damage|p2a: Persian|214/269|[from] Recoil\n|move|p1a: Latios|Psyshock|p2a: Persian\n|-damage|p2a: Persian|36/269\n|\n|upkeep\n|turn|34\n|inactive|Time left: 300 sec this turn | 300 sec total\n|\n|t:|1783562994\n|move|p2a: Persian|Double-Edge|p1a: Latios\n|-resisted|p1a: Latios\n|-damage|p1a: Latios|10/100\n|-damage|p2a: Persian|11/269|[from] Recoil\n|move|p1a: Latios|Recover|p1a: Latios\n|-heal|p1a: Latios|61/100\n|\n|upkeep\n|turn|35\n|inactive|Time left: 300 sec this turn | 300 sec total\n|\n|t:|1783562995\n|move|p2a: Persian|Knock Off|p1a: Latios\n|-damage|p1a: Latios|40/100\n|move|p1a: Latios|Calm Mind|p1a: Latios\n|-boost|p1a: Latios|spa|1\n|-boost|p1a: Latios|spd|1\n|\n|upkeep\n|turn|36\n|inactive|Time left: 300 sec this turn | 300 sec total\n|\n|t:|1783562996\n|move|p2a: Persian|U-turn|p1a: Latios\n|-resisted|p1a: Latios\n|-damage|p1a: Latios|29/100\n|inactive|Time left: 300 sec this turn | 300 sec total | 5 sec grace\n|\n|t:|1783562996\n|switch|p2a: Rabsca|Rabsca, L91, F|284/284|[from] U-turn\n|move|p1a: Latios|Recover|p1a: Latios\n|-heal|p1a: Latios|79/100\n|\n|upkeep\n|turn|37\n|inactive|Time left: 300 sec this turn | 300 sec total\n|\n|t:|1783562997\n|move|p1a: Latios|Psyshock|p2a: Rabsca\n|-resisted|p2a: Rabsca\n|-damage|p2a: Rabsca|191/284\n|move|p2a: Rabsca|Bug Buzz|p1a: Latios\n|-resisted|p1a: Latios\n|-damage|p1a: Latios|67/100\n|\n|upkeep\n|turn|38\n|inactive|Time left: 300 sec this turn | 300 sec total\n|\n|t:|1783562998\n|switch|p2a: Persian|Persian, L92, F|11/269\n|move|p1a: Latios|Psyshock|p2a: Persian\n|-damage|p2a: Persian|0 fnt\n|faint|p2a: Persian\n|\n|upkeep\n|inactive|Time left: 300 sec this turn | 300 sec total | 5 sec grace\n|\n|t:|1783562999\n|switch|p2a: Rabsca|Rabsca, L91, F|191/284\n|turn|39\n|inactive|Time left: 300 sec this turn | 300 sec total\n|\n|t:|1783563000\n|move|p1a: Latios|Draco Meteor|p2a: Rabsca\n|-crit|p2a: Rabsca\n|-damage|p2a: Rabsca|0 fnt\n|-unboost|p1a: Latios|spa|2\n|faint|p2a: Rabsca\n|\n|win|p0x2048784e", "uploadtime": 1783563000, "views": 0, "rating": 0, "private": 0, "password": null, "_winner": "p0x2048784e", "_our_name": "p0y2048f0ba"}