{"id": "battle-gen9randombattle-2123", "formatid": "gen9randombattle", "format": "[Gen 9] Random Battle", "players": ["p0x2123fc43", "p0y21230193"], "log": "|init|battle\n|title|p0x2123fc43 vs. p0y21230193\n|j|\u2606p0x2123fc43\n|j|\u2606p0y21230193\n|t:|1783563798\n|gametype|singles\n|player|p1|p0x2123fc43|266|\n|player|p2|p0y21230193|265|\n|gen|9\n|tier|[Gen 9] Random Battle\n|rule|Species Clause: Limit one of each Pok\u00e9mon\n|rule|HP Percentage Mod: HP is shown in percentages\n|rule|Sleep Clause Mod: Limit one foe put to sleep\n|rule|Illusion Level Mod: Illusion disguises the Pok\u00e9mon's true level\n|\n|t:|1783563799\n|teamsize|p1|6\n|teamsize|p2|6\n|start\n|switch|p1a: Greedent|Greedent, L86, F|100/100\n|switch|p2a: Tropius|Tropius, L91, F|328/328\n|turn|1\n|inactive|Battle timer is ON: inactive players will automatically lose when time's up. (requested by p0y21230193)\n|inactive|p0x2123fc43 also wants the timer to be on.\n|\n|t:|1783563800\n|move|p2a: Tropius|Dragon Dance|p2a: Tropius\n|-boost|p2a: Tropius|atk|1\n|-boost|p2a: Tropius|spe|1\n|move|p1a: Greedent|Swords Dance|p1a: Greedent\n|-boost|p1a: Greedent|atk|2\n|\n|upkeep\n|turn|2\n|inactive|Time left: 300 sec this turn | 300 sec total\n|\n|t:|1783563801\n|move|p2a: Tropius|Leaf Blade|p1a: Greedent\n|-damage|p1a: Greedent|66/100\n|move|p1a: Greedent|Swords Dance|p1a: Greedent\n|-boost|p1a: Greedent|atk|2\n|\n|upkeep\n|turn|3\n|inactive|Time left: 300 sec this turn | 300 sec total\n|\n|t:|1783563802\n|move|p2a: Tropius|Leaf Blade|p1a: Greedent\n|-damage|p1a: Greedent|34/100\n|-enditem|p1a: Greedent|Sitrus Berry|[eat]\n|-heal|p1a: Greedent|58/100|[from] item: Sitrus Berry\n|-heal|p1a: Greedent|92/100|[from] ability: Cheek Pouch\n|move|p1a: Greedent|Double-Edge|p2a: Tropius\n|-damage|p2a: Tropius|0 fnt\n|faint|p2a: Tropius\n|-damage|p1a: Greedent|60/100|[from] Recoil\n|\n|upkeep\n|inactive|Time left: 300 sec this turn | 300 sec total | 5 sec grace\n|\n|t:|1783563803\n|switch|p2a: Avalugg|Avalugg-Hisui, L90, F|317/317\n|turn|4\n|inactive|Time left: 300 sec this turn | 300 sec total\n|\n|t:|1783563804\n|move|p1a: Greedent|Earthquake|p2a: Avalugg\n|-supereffective|p2a: Avalugg\n|-damage|p2a: Avalugg|73/317\n|move|p2a: Avalugg|Avalanche|p1a: Greedent\n|-damage|p1a: Greedent|13/100\n|\n|upkeep\n|turn|5\n|inactive|Time left: 300 sec this turn | 300 sec total\n|\n|t:|1783563805\n|move|p2a: Avalugg|Stone Edge|p1a: Greedent\n|-damage|p1a: Greedent|0 fnt\n|faint|p1a: Greedent\n|\n|upkeep\n|\n|t:|1783563806\n|switch|p1a: Crabominable|Crabominable, L90, M|100/100\n|turn|6\n|inactive|Time left: 300 sec this turn | 300 sec total\n|\n|t:|1783563807\n|move|p1a: Crabominable|Drain Punch|p2a: Avalugg\n|-supereffective|p2a: Avalugg\n|-damage|p2a: Avalugg|0 fnt\n|faint|p2a: Avalugg\n|\n|upkeep\n|inactive|Time left: 300 sec this turn | 300 sec total | 5 sec grace\n|\n|t:|1783563808\n|switch|p2a: Toxicroak|Toxicroak, L84, F|277/277\n|turn|7\n|inactive|Time left: 300 sec this turn | 300 sec total\n|\n|t:|1783563809\n|-terastallize|p1a: Crabominable|Fighting\n|move|p2a: Toxicroak|Close Combat|p1a: Crabominable\n|-damage|p1a: Crabominable|33/100\n|-unboost|p2a: Toxicroak|def|1\n|-unboost|p2a: Toxicroak|spd|1\n|move|p1a: Crabominable|Drain Punch|p2a: Toxicroak\n|-resisted|p2a: Toxicroak\n|-damage|p2a: Toxicroak|0 fnt\n|-heal|p1a: Crabominable|77/100|[from] drain|[of] p2a: Toxicroak\n|faint|p2a: Toxicroak\n|\n|upkeep\n|inactive|Time left: 300 sec this turn | 300 sec total | 5 sec grace\n|\n|t:|1783563810\n|switch|p2a: Smeargle|Smeargle, L95, F|258/258\n|turn|8\n|inactive|Time left: 300 sec this turn | 300 sec total\n|\n|t:|1783563810\n|move|p2a: Smeargle|Spore|p1a: Crabominable\n|-status|p1a: Crabominable|slp|[from] move: Spore\n|cant|p1a: Crabominable|slp\n|\n|upkeep\n|turn|9\n|inactive|Time left: 300 sec this turn | 300 sec total\n|\n|t:|1783563811\n|move|p2a: Smeargle|Shell Smash|p2a: Smeargle\n|-unboost|p2a: Smeargle|def|1\n|-unboost|p2a: Smeargle|spd|1\n|-boost|p2a: Smeargle|atk|2\n|-boost|p2a: Smeargle|spa|2\n|-boost|p2a: Smeargle|spe|2\n|cant|p1a: Crabominable|slp\n|\n|upkeep\n|turn|10\n|inactive|Time left: 300 sec this turn | 300 sec total\n|\n|t:|1783563812\n|move|p2a: Smeargle|Population Bomb|p1a: Crabominable\n|-crit|p1a: Crabominable\n|-damage|p1a: Crabominable|60/100 slp\n|-damage|p1a: Crabominable|49/100 slp\n|-damage|p1a: Crabominable|40/100 slp\n|-damage|p1a: Crabominable|29/100 slp\n|-damage|p1a: Crabominable|18/100 slp\n|-damage|p1a: Crabominable|7/100 slp\n|-damage|p1a: Crabominable|0 fnt\n|faint|p1a: Crabominable\n|-hitcount|p1: Crabominable|7\n|\n|upkeep\n|\n|t:|1783563813\n|switch|p1a: Garchomp|Garchomp, L74, F|100/100\n|turn|11\n|inactive|Time left: 300 sec this turn | 300 sec total\n|\n|t:|1783563814\n|move|p2a: Smeargle|Spore|p1a: Garchomp\n|-status|p1a: Garchomp|slp|[from] move: Spore\n|cant|p1a: Garchomp|slp\n|\n|upkeep\n|turn|12\n|inactive|Time left: 300 sec this turn | 300 sec total\n|\n|t:|1783563815\n|move|p2a: Smeargle|Shell Smash|p2a: Smeargle\n|-unboost|p2a: Smeargle|def|1\n|-unboost|p2a: Smeargle|spd|1\n|-boost|p2a: Smeargle|atk|2\n|-boost|p2a: Smeargle|spa|2\n|-boost|p2a: Smeargle|spe|2\n|cant|p1a: Garchomp|slp\n|\n|upkeep\n|turn|13\n|inactive|Time left: 300 sec this turn | 300 sec total\n|\n|t:|1783563816\n|move|p2a: Smeargle|Power Trip|p1a: Garchomp\n|-damage|p1a: Garchomp|0 fnt\n|-damage|p2a: Smeargle|226/258|[from] ability: Rough Skin|[of] p1a: Garchomp\n|faint|p1a: Garchomp\n|\n|upkeep\n|\n|t:|1783563817\n|switch|p1a: Zekrom|Zekrom, L71|100/100\n|-ability|p1a: Zekrom|Teravolt\n|turn|14\n|inactive|Time left: 300 sec this turn | 300 sec total\n|\n|t:|1783563818\n|move|p2a: Smeargle|Population Bomb|p1a: Zekrom\n|-damage|p1a: Zekrom|82/100\n|-damage|p1a: Zekrom|65/100\n|-damage|p1a: Zekrom|49/100\n|-damage|p1a: Zekrom|33/100\n|-damage|p1a: Zekrom|16/100\n|-damage|p1a: Zekrom|0 fnt\n|faint|p1a: Zekrom\n|-hitcount|p1: Zekrom|6\n|\n|upkeep\n|\n|t:|1783563819\n|switch|p1a: Gumshoos|Gumshoos, L95, F|100/100\n|turn|15\n|inactive|Time left: 300 sec this turn | 300 sec total\n|\n|t:|1783563820\n|move|p2a: Smeargle|Population Bomb|p1a: Gumshoos\n|-damage|p1a: Gumshoos|83/100\n|-damage|p1a: Gumshoos|66/100\n|-damage|p1a: Gumshoos|48/100\n|-damage|p1a: Gumshoos|29/100\n|-damage|p1a: Gumshoos|11/100\n|-damage|p1a: Gumshoos|0 fnt\n|faint|p1a: Gumshoos\n|-hitcount|p1: Gumshoos|6\n|\n|upkeep\n|\n|t:|1783563821\n|switch|p1a: Deoxys|Deoxys-Speed, L82|100/100\n|-ability|p1a: Deoxys|Pressure\n|turn|16\n|inactive|Time left: 300 sec this turn | 300 sec total\n|\n|t:|1783563822\n|-terastallize|p2a: Smeargle|Normal\n|move|p2a: Smeargle|Power Trip|p1a: Deoxys\n|-supereffective|p1a: Deoxys\n|-damage|p1a: Deoxys|0 fnt\n|faint|p1a: Deoxys\n|\n|win|p0y21230193", "uploadtime": 1783563822, "views": 0, "rating": 0, "private": 0, "password": null, "_winner": "p0y21230193", "_our_name": "p0y21230193"}