{"id": "battle-gen9randombattle-107", "formatid": "gen9randombattle", "format": "[Gen 9] Random Battle", "players": ["p0x1071a1c", "p0y1072bdf"], "log": "|init|battle\n|title|p0x1071a1c vs. p0y1072bdf\n|j|\u2606p0x1071a1c\n|j|\u2606p0y1072bdf\n|t:|1783540736\n|gametype|singles\n|player|p1|p0x1071a1c|101|\n|player|p2|p0y1072bdf|266|\n|gen|9\n|tier|[Gen 9] Random Battle\n|rule|Species Clause: Limit one of each Pok\u00e9mon\n|rule|HP Percentage Mod: HP is shown in percentages\n|rule|Sleep Clause Mod: Limit one foe put to sleep\n|rule|Illusion Level Mod: Illusion disguises the Pok\u00e9mon's true level\n|\n|t:|1783540736\n|teamsize|p1|6\n|teamsize|p2|6\n|start\n|switch|p1a: Ceruledge|Ceruledge, L78, F|100/100\n|switch|p2a: Glaceon|Glaceon, L94, F|275/275\n|turn|1\n|inactive|Battle timer is ON: inactive players will automatically lose when time's up. (requested by p0x1071a1c)\n|inactive|Time left: 300 sec this turn | 300 sec total | 60 sec grace\n|inactive|p0y1072bdf also wants the timer to be on.\n|\n|t:|1783540737\n|switch|p2a: Blaziken|Blaziken, L76, M|247/247\n|move|p1a: Ceruledge|Swords Dance|p1a: Ceruledge\n|-boost|p1a: Ceruledge|atk|2\n|\n|upkeep\n|turn|2\n|inactive|Time left: 300 sec this turn | 300 sec total\n|\n|t:|1783540739\n|move|p2a: Blaziken|Protect|p2a: Blaziken\n|-singleturn|p2a: Blaziken|Protect\n|move|p1a: Ceruledge|Poltergeist|p2a: Blaziken\n|-activate|p2a: Blaziken|move: Protect\n|\n|-ability|p2a: Blaziken|Speed Boost|boost\n|-boost|p2a: Blaziken|spe|1\n|upkeep\n|turn|3\n|inactive|Time left: 300 sec this turn | 300 sec total\n|\n|t:|1783540740\n|move|p2a: Blaziken|Swords Dance|p2a: Blaziken\n|-boost|p2a: Blaziken|atk|2\n|move|p1a: Ceruledge|Poltergeist|p2a: Blaziken\n|-activate|p2a: Blaziken|move: Poltergeist|Life Orb\n|-damage|p2a: Blaziken|0 fnt\n|faint|p2a: Blaziken\n|\n|upkeep\n|inactive|Time left: 300 sec this turn | 300 sec total | 5 sec grace\n|\n|t:|1783540741\n|switch|p2a: Bellibolt|Bellibolt, L84, F|320/320\n|turn|4\n|inactive|Time left: 300 sec this turn | 300 sec total\n|\n|t:|1783540742\n|move|p1a: Ceruledge|Poltergeist|p2a: Bellibolt\n|-activate|p2a: Bellibolt|move: Poltergeist|Leftovers\n|-damage|p2a: Bellibolt|98/320\n|-start|p2a: Bellibolt|Charge|Poltergeist|[from] ability: Electromorphosis\n|move|p2a: Bellibolt|Muddy Water|p1a: Ceruledge\n|-supereffective|p1a: Ceruledge\n|-damage|p1a: Ceruledge|46/100\n|\n|-heal|p2a: Bellibolt|118/320|[from] item: Leftovers\n|upkeep\n|turn|5\n|inactive|Time left: 300 sec this turn | 300 sec total\n|\n|t:|1783540743\n|move|p1a: Ceruledge|Poltergeist|p2a: Bellibolt\n|-activate|p2a: Bellibolt|move: Poltergeist|Leftovers\n|-damage|p2a: Bellibolt|0 fnt\n|faint|p2a: Bellibolt\n|\n|upkeep\n|inactive|Time left: 300 sec this turn | 300 sec total | 5 sec grace\n|\n|t:|1783540744\n|switch|p2a: Annihilape|Annihilape, L76, F|292/292\n|turn|6\n|inactive|Time left: 300 sec this turn | 300 sec total\n|\n|t:|1783540745\n|-terastallize|p1a: Ceruledge|Fighting\n|move|p2a: Annihilape|Rage Fist|p1a: Ceruledge\n|-damage|p1a: Ceruledge|23/100\n|-ability|p1a: Ceruledge|Weak Armor|boost\n|-unboost|p1a: Ceruledge|def|1\n|-boost|p1a: Ceruledge|spe|2\n|move|p1a: Ceruledge|Bitter Blade|p2a: Annihilape\n|-damage|p2a: Annihilape|63/292\n|-heal|p1a: Ceruledge|69/100|[from] drain|[of] p2a: Annihilape\n|\n|-heal|p2a: Annihilape|81/292|[from] item: Leftovers\n|upkeep\n|turn|7\n|inactive|Time left: 300 sec this turn | 300 sec total\n|\n|t:|1783540746\n|move|p1a: Ceruledge|Bitter Blade|p2a: Annihilape\n|-damage|p2a: Annihilape|0 fnt\n|-heal|p1a: Ceruledge|86/100|[from] drain|[of] p2a: Annihilape\n|faint|p2a: Annihilape\n|\n|upkeep\n|inactive|Time left: 300 sec this turn | 300 sec total | 5 sec grace\n|\n|t:|1783540747\n|switch|p2a: Weezing|Weezing, L88, F|258/258\n|turn|8\n|inactive|Time left: 300 sec this turn | 300 sec total\n|\n|t:|1783540748\n|move|p1a: Ceruledge|Bitter Blade|p2a: Weezing\n|-damage|p2a: Weezing|107/258\n|-heal|p1a: Ceruledge|100/100|[from] drain|[of] p2a: Weezing\n|move|p2a: Weezing|Will-O-Wisp|p1a: Ceruledge\n|-status|p1a: Ceruledge|brn\n|\n|-heal|p2a: Weezing|123/258|[from] item: Leftovers\n|-damage|p1a: Ceruledge|94/100 brn|[from] brn\n|upkeep\n|turn|9\n|inactive|Time left: 300 sec this turn | 300 sec total\n|\n|t:|1783540749\n|move|p1a: Ceruledge|Bitter Blade|p2a: Weezing\n|-damage|p2a: Weezing|50/258\n|-heal|p1a: Ceruledge|100/100 brn|[from] drain|[of] p2a: Weezing\n|move|p2a: Weezing|Pain Split|p1a: Ceruledge\n|-sethp|p1a: Ceruledge|60/100 brn|[from] move: Pain Split|[silent]\n|-sethp|p2a: Weezing|147/258|[from] move: Pain Split\n|\n|-heal|p2a: Weezing|163/258|[from] item: Leftovers\n|-damage|p1a: Ceruledge|54/100 brn|[from] brn\n|upkeep\n|turn|10\n|inactive|Time left: 300 sec this turn | 300 sec total\n|\n|t:|1783540751\n|move|p1a: Ceruledge|Bitter Blade|p2a: Weezing\n|-damage|p2a: Weezing|82/258\n|-heal|p1a: Ceruledge|71/100 brn|[from] drain|[of] p2a: Weezing\n|move|p2a: Weezing|Sludge Bomb|p1a: Ceruledge\n|-damage|p1a: Ceruledge|34/100 brn\n|\n|-heal|p2a: Weezing|98/258|[from] item: Leftovers\n|-damage|p1a: Ceruledge|28/100 brn|[from] brn\n|upkeep\n|turn|11\n|inactive|Time left: 300 sec this turn | 300 sec total\n|\n|t:|1783540752\n|move|p1a: Ceruledge|Bitter Blade|p2a: Weezing\n|-damage|p2a: Weezing|26/258\n|-heal|p1a: Ceruledge|43/100 brn|[from] drain|[of] p2a: Weezing\n|move|p2a: Weezing|Sludge Bomb|p1a: Ceruledge\n|-damage|p1a: Ceruledge|5/100 brn\n|\n|-heal|p2a: Weezing|42/258|[from] item: Leftovers\n|-damage|p1a: Ceruledge|0 fnt|[from] brn\n|faint|p1a: Ceruledge\n|upkeep\n|\n|t:|1783540753\n|switch|p1a: Glimmora|Glimmora, L75, F|100/100\n|turn|12\n|inactive|Time left: 300 sec this turn | 300 sec total\n|\n|t:|1783540754\n|move|p1a: Glimmora|Meteor Beam||[still]\n|-prepare|p1a: Glimmora|Meteor Beam\n|-boost|p1a: Glimmora|spa|1\n|-enditem|p1a: Glimmora|Power Herb\n|-anim|p1a: Glimmora|Meteor Beam|p2a: Weezing\n|-damage|p2a: Weezing|0 fnt\n|faint|p2a: Weezing\n|\n|upkeep\n|inactive|Time left: 300 sec this turn | 300 sec total | 5 sec grace\n|\n|t:|1783540755\n|switch|p2a: Abomasnow|Abomasnow, L84, F|287/287\n|-weather|Snowscape|[from] ability: Snow Warning|[of] p2a: Abomasnow\n|turn|13\n|inactive|Time left: 300 sec this turn | 300 sec total\n|\n|t:|1783540756\n|-terastallize|p2a: Abomasnow|Ghost\n|move|p1a: Glimmora|Sludge Wave|p2a: Abomasnow\n|-resisted|p2a: Abomasnow\n|-damage|p2a: Abomasnow|206/287\n|move|p2a: Abomasnow|Earthquake|p1a: Glimmora\n|-supereffective|p1a: Glimmora\n|-damage|p1a: Glimmora|0 fnt\n|-activate|p1a: Glimmora|ability: Toxic Debris\n|-sidestart|p2: p0y1072bdf|move: Toxic Spikes\n|faint|p1a: Glimmora\n|\n|-weather|Snowscape|[upkeep]\n|upkeep\n|\n|t:|1783540757\n|switch|p1a: Annihilape|Annihilape, L76, F|100/100\n|turn|14\n|inactive|Time left: 300 sec this turn | 300 sec total\n|\n|t:|1783540758\n|move|p1a: Annihilape|Rage Fist|p2a: Abomasnow\n|-supereffective|p2a: Abomasnow\n|-damage|p2a: Abomasnow|98/287\n|move|p2a: Abomasnow|Aurora Veil|p2a: Abomasnow\n|-sidestart|p2: p0y1072bdf|move: Aurora Veil\n|\n|-weather|Snowscape|[upkeep]\n|upkeep\n|turn|15\n|inactive|Time left: 300 sec this turn | 300 sec total\n|\n|t:|1783540759\n|move|p1a: Annihilape|Bulk Up|p1a: Annihilape\n|-boost|p1a: Annihilape|atk|1\n|-boost|p1a: Annihilape|def|1\n|move|p2a: Abomasnow|Blizzard|p1a: Annihilape\n|-damage|p1a: Annihilape|59/100\n|\n|-weather|Snowscape|[upkeep]\n|-heal|p1a: Annihilape|66/100|[from] item: Leftovers\n|upkeep\n|turn|16\n|inactive|Time left: 300 sec this turn | 300 sec total\n|\n|t:|1783540760\n|move|p1a: Annihilape|Rage Fist|p2a: Abomasnow\n|-supereffective|p2a: Abomasnow\n|-damage|p2a: Abomasnow|0 fnt\n|faint|p2a: Abomasnow\n|\n|-weather|Snowscape|[upkeep]\n|-heal|p1a: Annihilape|72/100|[from] item: Leftovers\n|upkeep\n|inactive|Time left: 300 sec this turn | 300 sec total | 5 sec grace\n|\n|t:|1783540761\n|switch|p2a: Glaceon|Glaceon, L94, F|275/275\n|turn|17\n|inactive|Time left: 300 sec this turn | 300 sec total\n|\n|t:|1783540762\n|move|p1a: Annihilape|Drain Punch|p2a: Glaceon\n|-supereffective|p2a: Glaceon\n|-damage|p2a: Glaceon|217/275\n|-heal|p1a: Annihilape|82/100|[from] drain|[of] p2a: Glaceon\n|move|p2a: Glaceon|Calm Mind|p2a: Glaceon\n|-boost|p2a: Glaceon|spa|1\n|-boost|p2a: Glaceon|spd|1\n|\n|-weather|none\n|-heal|p1a: Annihilape|88/100|[from] item: Leftovers\n|upkeep\n|turn|18\n|inactive|Time left: 300 sec this turn | 300 sec total\n|\n|t:|1783540763\n|move|p1a: Annihilape|Bulk Up|p1a: Annihilape\n|-boost|p1a: Annihilape|atk|1\n|-boost|p1a: Annihilape|def|1\n|move|p2a: Glaceon|Freeze-Dry|p1a: Annihilape\n|-damage|p1a: Annihilape|20/100\n|\n|-heal|p1a: Annihilape|26/100|[from] item: Leftovers\n|upkeep\n|turn|19\n|inactive|Time left: 300 sec this turn | 300 sec total\n|\n|t:|1783540764\n|move|p1a: Annihilape|Drain Punch|p2a: Glaceon\n|-supereffective|p2a: Glaceon\n|-damage|p2a: Glaceon|102/275\n|-heal|p1a: Annihilape|46/100|[from] drain|[of] p2a: Glaceon\n|move|p2a: Glaceon|Freeze-Dry|p1a: Annihilape\n|-damage|p1a: Annihilape|0 fnt\n|faint|p1a: Annihilape\n|\n|upkeep\n|\n|t:|1783540765\n|switch|p1a: Diancie|Diancie, L82|100/100\n|turn|20\n|inactive|Time left: 300 sec this turn | 300 sec total\n|\n|t:|1783540766\n|move|p2a: Glaceon|Freeze-Dry|p1a: Diancie\n|-damage|p1a: Diancie|50/100\n|-status|p1a: Diancie|frz\n|-curestatus|p1a: Diancie|frz|[msg]\n|move|p1a: Diancie|Diamond Storm|p2a: Glaceon\n|-supereffective|p2a: Glaceon\n|-damage|p2a: Glaceon|21/275\n|-boost|p1a: Diancie|def|2\n|\n|-heal|p1a: Diancie|57/100|[from] item: Leftovers\n|upkeep\n|turn|21\n|inactive|Time left: 300 sec this turn | 300 sec total\n|\n|t:|1783540767\n|move|p2a: Glaceon|Protect|p2a: Glaceon\n|-singleturn|p2a: Glaceon|Protect\n|move|p1a: Diancie|Diamond Storm|p2a: Glaceon\n|-activate|p2a: Glaceon|move: Protect\n|\n|-heal|p1a: Diancie|63/100|[from] item: Leftovers\n|-sideend|p2: p0y1072bdf|move: Aurora Veil\n|upkeep\n|turn|22\n|inactive|Time left: 300 sec this turn | 300 sec total\n|\n|t:|1783540768\n|move|p2a: Glaceon|Freeze-Dry|p1a: Diancie\n|-damage|p1a: Diancie|12/100\n|move|p1a: Diancie|Earth Power|p2a: Glaceon\n|-damage|p2a: Glaceon|0 fnt\n|faint|p2a: Glaceon\n|\n|win|p0x1071a1c", "uploadtime": 1783540768, "views": 0, "rating": 0, "private": 0, "password": null, "_winner": "p0x1071a1c", "_our_name": "p0y1072bdf"}