{"id": "battle-gen9randombattle-1483", "formatid": "gen9randombattle", "format": "[Gen 9] Random Battle", "players": ["p0x14836569", "p0y1483bdb5"], "log": "|init|battle\n|title|p0x14836569 vs. p0y1483bdb5\n|j|\u2606p0x14836569\n|j|\u2606p0y1483bdb5\n|t:|1783557249\n|gametype|singles\n|player|p1|p0x14836569|170|\n|player|p2|p0y1483bdb5|2|\n|gen|9\n|tier|[Gen 9] Random Battle\n|rule|Species Clause: Limit one of each Pok\u00e9mon\n|rule|HP Percentage Mod: HP is shown in percentages\n|rule|Sleep Clause Mod: Limit one foe put to sleep\n|rule|Illusion Level Mod: Illusion disguises the Pok\u00e9mon's true level\n|\n|t:|1783557249\n|teamsize|p1|6\n|teamsize|p2|6\n|start\n|switch|p1a: Arcanine|Arcanine, L84, M|100/100\n|switch|p2a: Arceus|Arceus-Flying, L69|279/279\n|-ability|p1a: Arcanine|Intimidate|boost\n|-unboost|p2a: Arceus|atk|1\n|turn|1\n|inactive|Battle timer is ON: inactive players will automatically lose when time's up. (requested by p0x14836569)\n|inactive|Time left: 300 sec this turn | 300 sec total | 60 sec grace\n|inactive|p0y1483bdb5 also wants the timer to be on.\n|\n|t:|1783557251\n|move|p1a: Arcanine|Flare Blitz|p2a: Arceus\n|-damage|p2a: Arceus|140/279\n|-status|p2a: Arceus|brn\n|-damage|p1a: Arcanine|85/100|[from] Recoil\n|move|p2a: Arceus|Calm Mind|p2a: Arceus\n|-boost|p2a: Arceus|spa|1\n|-boost|p2a: Arceus|spd|1\n|\n|-damage|p2a: Arceus|123/279 brn|[from] brn\n|upkeep\n|turn|2\n|inactive|Time left: 300 sec this turn | 300 sec total\n|\n|t:|1783557252\n|switch|p2a: Regirock|Regirock, L83|268/268\n|move|p1a: Arcanine|Flare Blitz|p2a: Regirock\n|-resisted|p2a: Regirock\n|-damage|p2a: Regirock|235/268\n|-damage|p1a: Arcanine|81/100|[from] Recoil\n|\n|upkeep\n|turn|3\n|inactive|Time left: 300 sec this turn | 300 sec total\n|\n|t:|1783557253\n|switch|p1a: Slowbro|Slowbro-Galar, L87, F|100/100\n|move|p2a: Regirock|Body Press|p1a: Slowbro\n|-resisted|p1a: Slowbro\n|-damage|p1a: Slowbro|93/100\n|\n|upkeep\n|turn|4\n|inactive|Time left: 300 sec this turn | 300 sec total\n|\n|t:|1783557254\n|move|p2a: Regirock|Stone Edge|p1a: Slowbro|[miss]\n|-miss|p2a: Regirock|p1a: Slowbro\n|move|p1a: Slowbro|Psychic|p2a: Regirock\n|-damage|p2a: Regirock|133/268\n|\n|upkeep\n|turn|5\n|inactive|Time left: 300 sec this turn | 300 sec total\n|\n|t:|1783557255\n|move|p2a: Regirock|Rest|p2a: Regirock\n|-status|p2a: Regirock|slp|[from] move: Rest\n|-heal|p2a: Regirock|268/268 slp|[silent]\n|-enditem|p2a: Regirock|Chesto Berry|[eat]\n|-curestatus|p2a: Regirock|slp|[msg]\n|move|p1a: Slowbro|Psychic|p2a: Regirock\n|-damage|p2a: Regirock|178/268\n|\n|upkeep\n|turn|6\n|inactive|Time left: 300 sec this turn | 300 sec total\n|\n|t:|1783557256\n|move|p2a: Regirock|Stone Edge|p1a: Slowbro\n|-damage|p1a: Slowbro|63/100\n|move|p1a: Slowbro|Psychic|p2a: Regirock\n|-damage|p2a: Regirock|87/268\n|\n|upkeep\n|turn|7\n|inactive|Time left: 300 sec this turn | 300 sec total\n|\n|t:|1783557257\n|move|p2a: Regirock|Rest|p2a: Regirock\n|-status|p2a: Regirock|slp|[from] move: Rest\n|-heal|p2a: Regirock|268/268 slp|[silent]\n|move|p1a: Slowbro|Psychic|p2a: Regirock\n|-damage|p2a: Regirock|169/268 slp\n|\n|upkeep\n|turn|8\n|inactive|Time left: 300 sec this turn | 300 sec total\n|\n|t:|1783557258\n|cant|p2a: Regirock|slp\n|move|p1a: Slowbro|Shell Side Arm|p2a: Regirock|[anim] Shell Side Arm Special\n|-resisted|p2a: Regirock\n|-damage|p2a: Regirock|122/268 slp\n|-hint|Special Shell Side Arm\n|\n|upkeep\n|turn|9\n|inactive|Time left: 300 sec this turn | 300 sec total\n|\n|t:|1783557258\n|cant|p2a: Regirock|slp\n|move|p1a: Slowbro|Psychic|p2a: Regirock\n|-damage|p2a: Regirock|22/268 slp\n|\n|upkeep\n|turn|10\n|inactive|Time left: 300 sec this turn | 300 sec total\n|\n|t:|1783557259\n|-curestatus|p2a: Regirock|slp|[msg]\n|move|p2a: Regirock|Rest|p2a: Regirock\n|-status|p2a: Regirock|slp|[from] move: Rest\n|-heal|p2a: Regirock|268/268 slp|[silent]\n|move|p1a: Slowbro|Psychic|p2a: Regirock\n|-damage|p2a: Regirock|175/268 slp\n|\n|upkeep\n|turn|11\n|inactive|Time left: 300 sec this turn | 300 sec total\n|\n|t:|1783557260\n|cant|p2a: Regirock|slp\n|move|p1a: Slowbro|Fire Blast|p2a: Regirock\n|-resisted|p2a: Regirock\n|-damage|p2a: Regirock|136/268 slp\n|\n|upkeep\n|turn|12\n|inactive|Time left: 300 sec this turn | 300 sec total\n|\n|t:|1783557261\n|cant|p2a: Regirock|slp\n|move|p1a: Slowbro|Psychic|p2a: Regirock\n|-damage|p2a: Regirock|37/268 slp\n|\n|upkeep\n|turn|13\n|inactive|Time left: 300 sec this turn | 300 sec total\n|\n|t:|1783557262\n|-curestatus|p2a: Regirock|slp|[msg]\n|move|p2a: Regirock|Rest|p2a: Regirock\n|-status|p2a: Regirock|slp|[from] move: Rest\n|-heal|p2a: Regirock|268/268 slp|[silent]\n|move|p1a: Slowbro|Psychic|p2a: Regirock\n|-damage|p2a: Regirock|171/268 slp\n|\n|upkeep\n|turn|14\n|inactive|Time left: 300 sec this turn | 300 sec total\n|\n|t:|1783557263\n|cant|p2a: Regirock|slp\n|move|p1a: Slowbro|Psychic|p2a: Regirock\n|-damage|p2a: Regirock|80/268 slp\n|\n|upkeep\n|turn|15\n|inactive|Time left: 300 sec this turn | 300 sec total\n|\n|t:|1783557264\n|cant|p2a: Regirock|slp\n|move|p1a: Slowbro|Psychic|p2a: Regirock\n|-damage|p2a: Regirock|0 fnt\n|faint|p2a: Regirock\n|\n|upkeep\n|inactive|Time left: 300 sec this turn | 300 sec total | 5 sec grace\n|\n|t:|1783557265\n|switch|p2a: Arceus|Arceus-Flying, L69|123/279 brn\n|turn|16\n|inactive|Time left: 300 sec this turn | 300 sec total\n|\n|t:|1783557267\n|move|p2a: Arceus|Recover|p2a: Arceus\n|-heal|p2a: Arceus|263/279 brn\n|move|p1a: Slowbro|Shell Side Arm|p2a: Arceus|[anim] Shell Side Arm Special\n|-damage|p2a: Arceus|163/279 brn\n|-hint|Special Shell Side Arm\n|\n|-damage|p2a: Arceus|146/279 brn|[from] brn\n|upkeep\n|turn|17\n|inactive|Time left: 300 sec this turn | 300 sec total\n|\n|t:|1783557268\n|move|p2a: Arceus|Recover|p2a: Arceus\n|-heal|p2a: Arceus|279/279 brn\n|move|p1a: Slowbro|Psychic|p2a: Arceus\n|-damage|p2a: Arceus|188/279 brn\n|-unboost|p2a: Arceus|spd|1\n|\n|-damage|p2a: Arceus|171/279 brn|[from] brn\n|upkeep\n|turn|18\n|inactive|Time left: 300 sec this turn | 300 sec total\n|\n|t:|1783557269\n|move|p2a: Arceus|Recover|p2a: Arceus\n|-heal|p2a: Arceus|279/279 brn\n|move|p1a: Slowbro|Shell Side Arm|p2a: Arceus|[anim] Shell Side Arm Special\n|-damage|p2a: Arceus|125/279 brn\n|-hint|Special Shell Side Arm\n|\n|-damage|p2a: Arceus|108/279 brn|[from] brn\n|upkeep\n|turn|19\n|inactive|Time left: 300 sec this turn | 300 sec total\n|\n|t:|1783557270\n|move|p2a: Arceus|Recover|p2a: Arceus\n|-heal|p2a: Arceus|248/279 brn\n|move|p1a: Slowbro|Shell Side Arm|p2a: Arceus|[anim] Shell Side Arm Special\n|-damage|p2a: Arceus|100/279 brn\n|-hint|Special Shell Side Arm\n|\n|-damage|p2a: Arceus|83/279 brn|[from] brn\n|upkeep\n|turn|20\n|inactive|Time left: 300 sec this turn | 300 sec total\n|\n|t:|1783557271\n|move|p2a: Arceus|Recover|p2a: Arceus\n|-heal|p2a: Arceus|223/279 brn\n|move|p1a: Slowbro|Shell Side Arm|p2a: Arceus|[anim] Shell Side Arm Special\n|-damage|p2a: Arceus|75/279 brn\n|-hint|Special Shell Side Arm\n|\n|-damage|p2a: Arceus|58/279 brn|[from] brn\n|upkeep\n|turn|21\n|inactive|Time left: 300 sec this turn | 300 sec total\n|\n|t:|1783557272\n|move|p2a: Arceus|Recover|p2a: Arceus\n|-heal|p2a: Arceus|198/279 brn\n|move|p1a: Slowbro|Psychic|p2a: Arceus\n|-damage|p2a: Arceus|42/279 brn\n|\n|-damage|p2a: Arceus|25/279 brn|[from] brn\n|upkeep\n|turn|22\n|inactive|Time left: 300 sec this turn | 300 sec total\n|\n|t:|1783557273\n|move|p2a: Arceus|Earth Power|p1a: Slowbro\n|-supereffective|p1a: Slowbro\n|-damage|p1a: Slowbro|39/100\n|-unboost|p1a: Slowbro|spd|1\n|move|p1a: Slowbro|Psychic|p2a: Arceus\n|-damage|p2a: Arceus|0 fnt\n|faint|p2a: Arceus\n|\n|upkeep\n|inactive|Time left: 300 sec this turn | 300 sec total | 5 sec grace\n|\n|t:|1783557274\n|switch|p2a: Sawsbuck|Sawsbuck, L88, F|284/284\n|turn|23\n|inactive|Time left: 300 sec this turn | 300 sec total\n|\n|t:|1783557275\n|switch|p1a: Arcanine|Arcanine, L84, M|81/100\n|-ability|p1a: Arcanine|Intimidate|boost\n|-unboost|p2a: Sawsbuck|atk|1\n|move|p2a: Sawsbuck|Swords Dance|p2a: Sawsbuck\n|-boost|p2a: Sawsbuck|atk|2\n|\n|upkeep\n|turn|24\n|inactive|Time left: 300 sec this turn | 300 sec total\n|\n|t:|1783557276\n|move|p2a: Sawsbuck|Headbutt|p1a: Arcanine\n|-damage|p1a: Arcanine|18/100\n|-damage|p2a: Sawsbuck|256/284|[from] item: Life Orb\n|cant|p1a: Arcanine|flinch\n|\n|upkeep\n|turn|25\n|inactive|Time left: 300 sec this turn | 300 sec total\n|\n|t:|1783557277\n|move|p1a: Arcanine|Extreme Speed|p2a: Sawsbuck\n|-damage|p2a: Sawsbuck|190/284\n|move|p2a: Sawsbuck|Horn Leech|p1a: Arcanine\n|-resisted|p1a: Arcanine\n|-damage|p1a: Arcanine|0 fnt\n|-heal|p2a: Sawsbuck|215/284|[from] drain|[of] p1a: Arcanine\n|faint|p1a: Arcanine\n|-damage|p2a: Sawsbuck|187/284|[from] item: Life Orb\n|\n|upkeep\n|\n|t:|1783557278\n|switch|p1a: Darkrai|Darkrai, L77|100/100\n|turn|26\n|inactive|Time left: 300 sec this turn | 300 sec total\n|\n|t:|1783557280\n|-terastallize|p2a: Sawsbuck|Normal\n|move|p1a: Darkrai|Hypnosis|p2a: Sawsbuck\n|-status|p2a: Sawsbuck|slp|[from] move: Hypnosis\n|cant|p2a: Sawsbuck|slp\n|\n|-damage|p2a: Sawsbuck|152/284 slp|[from] ability: Bad Dreams|[of] p1a: Darkrai\n|upkeep\n|turn|27\n|inactive|Time left: 300 sec this turn | 300 sec total\n|\n|t:|1783557280\n|move|p1a: Darkrai|Dark Pulse|p2a: Sawsbuck\n|-damage|p2a: Sawsbuck|8/284 slp\n|-damage|p1a: Darkrai|91/100|[from] item: Life Orb\n|-curestatus|p2a: Sawsbuck|slp|[msg]\n|move|p2a: Sawsbuck|Headbutt|p1a: Darkrai\n|-damage|p1a: Darkrai|0 fnt\n|faint|p1a: Darkrai\n|-damage|p2a: Sawsbuck|0 fnt|[from] item: Life Orb\n|faint|p2a: Sawsbuck\n|\n|upkeep\n|inactive|Time left: 300 sec this turn | 300 sec total | 5 sec grace\n|\n|t:|1783557282\n|switch|p1a: Ursaring|Ursaring, L84, M|100/100\n|switch|p2a: Swalot|Swalot, L90, F|326/326\n|turn|28\n|inactive|Time left: 300 sec this turn | 300 sec total\n|\n|t:|1783557283\n|move|p2a: Swalot|Sludge Bomb|p1a: Ursaring\n|-damage|p1a: Ursaring|67/100\n|move|p1a: Ursaring|Swords Dance|p1a: Ursaring\n|-boost|p1a: Ursaring|atk|2\n|\n|-status|p1a: Ursaring|tox|[from] item: Toxic Orb\n|upkeep\n|turn|29\n|inactive|Time left: 300 sec this turn | 300 sec total\n|\n|t:|1783557284\n|move|p2a: Swalot|Protect|p2a: Swalot\n|-singleturn|p2a: Swalot|Protect\n|move|p1a: Ursaring|Facade|p2a: Swalot\n|-activate|p2a: Swalot|move: Protect\n|\n|-damage|p1a: Ursaring|61/100 tox|[from] psn\n|upkeep\n|turn|30\n|inactive|Time left: 300 sec this turn | 300 sec total\n|\n|t:|1783557285\n|move|p1a: Ursaring|Facade|p2a: Swalot\n|-damage|p2a: Swalot|0 fnt\n|faint|p2a: Swalot\n|\n|-damage|p1a: Ursaring|48/100 tox|[from] psn\n|upkeep\n|inactive|Time left: 300 sec this turn | 300 sec total | 5 sec grace\n|\n|t:|1783557286\n|switch|p2a: Plusle|Plusle, L95, M|268/268\n|turn|31\n|inactive|Time left: 300 sec this turn | 300 sec total\n|\n|t:|1783557287\n|switch|p1a: Gastrodon|Gastrodon, L86, F|100/100\n|move|p2a: Plusle|Thunderbolt|p1a: Gastrodon\n|-immune|p1a: Gastrodon\n|\n|upkeep\n|turn|32\n|inactive|Time left: 300 sec this turn | 300 sec total\n|\n|t:|1783557288\n|switch|p2a: Lokix|Lokix, L82, F|251/251\n|move|p1a: Gastrodon|Earthquake|p2a: Lokix\n|-resisted|p2a: Lokix\n|-damage|p2a: Lokix|196/251\n|\n|upkeep\n|turn|33\n|inactive|Time left: 300 sec this turn | 300 sec total\n|\n|t:|1783557289\n|move|p2a: Lokix|First Impression|p1a: Gastrodon\n|-damage|p1a: Gastrodon|58/100\n|move|p1a: Gastrodon|Sludge Bomb|p2a: Lokix\n|-damage|p2a: Lokix|107/251\n|-status|p2a: Lokix|psn\n|\n|-heal|p1a: Gastrodon|64/100|[from] item: Leftovers\n|-damage|p2a: Lokix|76/251 psn|[from] psn\n|upkeep\n|turn|34\n|inactive|Time left: 300 sec this turn | 300 sec total\n|\n|t:|1783557290\n|move|p2a: Lokix|Knock Off|p1a: Gastrodon\n|-damage|p1a: Gastrodon|28/100\n|-enditem|p1a: Gastrodon|Leftovers|[from] move: Knock Off|[of] p2a: Lokix\n|move|p1a: Gastrodon|Earthquake|p2a: Lokix\n|-resisted|p2a: Lokix\n|-damage|p2a: Lokix|19/251 psn\n|\n|-damage|p2a: Lokix|0 fnt|[from] psn\n|faint|p2a: Lokix\n|upkeep\n|inactive|Time left: 300 sec this turn | 300 sec total | 5 sec grace\n|\n|t:|1783557291\n|switch|p2a: Plusle|Plusle, L95, M|268/268\n|turn|35\n|inactive|Time left: 300 sec this turn | 300 sec total\n|\n|t:|1783557292\n|-terastallize|p1a: Gastrodon|Poison\n|move|p2a: Plusle|Alluring Voice|p1a: Gastrodon\n|-resisted|p1a: Gastrodon\n|-damage|p1a: Gastrodon|15/100\n|-damage|p2a: Plusle|242/268|[from] item: Life Orb\n|move|p1a: Gastrodon|Earthquake|p2a: Plusle\n|-supereffective|p2a: Plusle\n|-damage|p2a: Plusle|0 fnt\n|faint|p2a: Plusle\n|\n|win|p0x14836569", "uploadtime": 1783557292, "views": 0, "rating": 0, "private": 0, "password": null, "_winner": "p0x14836569", "_our_name": "p0y1483bdb5"}