{"id": "battle-gen9randombattle-759", "formatid": "gen9randombattle", "format": "[Gen 9] Random Battle", "players": ["p0x7591b0e", "p0y7595012"], "log": "|init|battle\n|title|p0x7591b0e vs. p0y7595012\n|j|\u2606p0x7591b0e\n|j|\u2606p0y7595012\n|t:|1783548663\n|gametype|singles\n|player|p1|p0x7591b0e|102|\n|player|p2|p0y7595012|266|\n|gen|9\n|tier|[Gen 9] Random Battle\n|rule|Species Clause: Limit one of each Pok\u00e9mon\n|rule|HP Percentage Mod: HP is shown in percentages\n|rule|Sleep Clause Mod: Limit one foe put to sleep\n|rule|Illusion Level Mod: Illusion disguises the Pok\u00e9mon's true level\n|\n|t:|1783548663\n|teamsize|p1|6\n|teamsize|p2|6\n|start\n|switch|p1a: Reuniclus|Reuniclus, L88, F|337/337\n|switch|p2a: Serperior|Serperior, L79, F|100/100\n|turn|1\n|inactive|Battle timer is ON: inactive players will automatically lose when time's up. (requested by p0y7595012)\n|inactive|Time left: 300 sec this turn | 300 sec total | 60 sec grace\n|\n|t:|1783548665\n|move|p2a: Serperior|Leaf Storm|p1a: Reuniclus|[miss]\n|-miss|p2a: Serperior|p1a: Reuniclus\n|move|p1a: Reuniclus|Psyshock|p2a: Serperior\n|-damage|p2a: Serperior|37/100\n|\n|-heal|p2a: Serperior|43/100|[from] item: Leftovers\n|upkeep\n|turn|2\n|inactive|Time left: 300 sec this turn | 300 sec total\n|inactive|p0x7591b0e also wants the timer to be on.\n|\n|t:|1783548666\n|move|p2a: Serperior|Leaf Storm|p1a: Reuniclus|[miss]\n|-miss|p2a: Serperior|p1a: Reuniclus\n|move|p1a: Reuniclus|Psyshock|p2a: Serperior\n|-damage|p2a: Serperior|0 fnt\n|faint|p2a: Serperior\n|\n|upkeep\n|\n|t:|1783548667\n|switch|p2a: Ninetales|Ninetales-Alola, L78, M|100/100\n|-weather|Snowscape|[from] ability: Snow Warning|[of] p2a: Ninetales\n|turn|3\n|inactive|Time left: 300 sec this turn | 300 sec total\n|\n|t:|1783548668\n|move|p2a: Ninetales|Aurora Veil|p2a: Ninetales\n|-sidestart|p2: p0y7595012|move: Aurora Veil\n|move|p1a: Reuniclus|Calm Mind|p1a: Reuniclus\n|-boost|p1a: Reuniclus|spa|1\n|-boost|p1a: Reuniclus|spd|1\n|\n|-weather|Snowscape|[upkeep]\n|upkeep\n|turn|4\n|inactive|Time left: 300 sec this turn | 300 sec total\n|\n|t:|1783548670\n|switch|p2a: Azumarill|Azumarill, L82, M|100/100\n|move|p1a: Reuniclus|Psyshock|p2a: Azumarill\n|-damage|p2a: Azumarill|61/100\n|\n|-weather|Snowscape|[upkeep]\n|upkeep\n|turn|5\n|inactive|Time left: 300 sec this turn | 300 sec total\n|\n|t:|1783548671\n|move|p2a: Azumarill|Knock Off|p1a: Reuniclus\n|-supereffective|p1a: Reuniclus\n|-damage|p1a: Reuniclus|93/337\n|-enditem|p1a: Reuniclus|Life Orb|[from] move: Knock Off|[of] p2a: Azumarill\n|move|p1a: Reuniclus|Recover|p1a: Reuniclus\n|-heal|p1a: Reuniclus|262/337\n|\n|-weather|Snowscape|[upkeep]\n|upkeep\n|turn|6\n|inactive|Time left: 300 sec this turn | 300 sec total\n|\n|t:|1783548672\n|move|p2a: Azumarill|Knock Off|p1a: Reuniclus\n|-supereffective|p1a: Reuniclus\n|-damage|p1a: Reuniclus|100/337\n|move|p1a: Reuniclus|Recover|p1a: Reuniclus\n|-heal|p1a: Reuniclus|269/337\n|\n|-weather|Snowscape|[upkeep]\n|upkeep\n|turn|7\n|inactive|Time left: 300 sec this turn | 300 sec total\n|\n|t:|1783548673\n|move|p2a: Azumarill|Knock Off|p1a: Reuniclus\n|-supereffective|p1a: Reuniclus\n|-damage|p1a: Reuniclus|85/337\n|move|p1a: Reuniclus|Recover|p1a: Reuniclus\n|-heal|p1a: Reuniclus|254/337\n|\n|-weather|none\n|upkeep\n|turn|8\n|inactive|Time left: 300 sec this turn | 300 sec total\n|\n|t:|1783548674\n|move|p2a: Azumarill|Knock Off|p1a: Reuniclus\n|-supereffective|p1a: Reuniclus\n|-crit|p1a: Reuniclus\n|-damage|p1a: Reuniclus|0 fnt\n|faint|p1a: Reuniclus\n|\n|upkeep\n|inactive|Time left: 300 sec this turn | 300 sec total | 5 sec grace\n|\n|t:|1783548675\n|switch|p1a: Eternatus|Eternatus, L69|308/308\n|-ability|p1a: Eternatus|Pressure\n|turn|9\n|inactive|Time left: 300 sec this turn | 300 sec total\n|\n|t:|1783548676\n|move|p1a: Eternatus|Meteor Beam||[still]\n|-prepare|p1a: Eternatus|Meteor Beam\n|-boost|p1a: Eternatus|spa|1\n|-enditem|p1a: Eternatus|Power Herb\n|-anim|p1a: Eternatus|Meteor Beam|p2a: Azumarill\n|-damage|p2a: Azumarill|40/100\n|move|p2a: Azumarill|Knock Off|p1a: Eternatus\n|-damage|p1a: Eternatus|213/308\n|\n|upkeep\n|turn|10\n|inactive|Time left: 300 sec this turn | 300 sec total\n|\n|t:|1783548677\n|switch|p2a: Koraidon|Koraidon, L64|100/100\n|-weather|SunnyDay|[from] ability: Orichalcum Pulse|[of] p2a: Koraidon\n|-activate|p2a: Koraidon|Orichalcum Pulse|[source]\n|move|p1a: Eternatus|Meteor Beam||[still]\n|-prepare|p1a: Eternatus|Meteor Beam\n|-boost|p1a: Eternatus|spa|1\n|\n|-weather|SunnyDay|[upkeep]\n|-sideend|p2: p0y7595012|move: Aurora Veil\n|upkeep\n|turn|11\n|inactive|Time left: 300 sec this turn | 300 sec total\n|\n|t:|1783548678\n|move|p1a: Eternatus|Meteor Beam|p2a: Koraidon|[from] lockedmove|[miss]\n|-miss|p1a: Eternatus|p2a: Koraidon\n|move|p2a: Koraidon|Outrage|p1a: Eternatus\n|-supereffective|p1a: Eternatus\n|-damage|p1a: Eternatus|0 fnt\n|faint|p1a: Eternatus\n|\n|-weather|SunnyDay|[upkeep]\n|upkeep\n|inactive|Time left: 300 sec this turn | 300 sec total | 5 sec grace\n|\n|t:|1783548679\n|switch|p1a: Giratina|Giratina, L75|349/349\n|-ability|p1a: Giratina|Pressure\n|turn|12\n|inactive|Time left: 300 sec this turn | 300 sec total\n|\n|t:|1783548680\n|-terastallize|p1a: Giratina|Fairy\n|move|p2a: Koraidon|Outrage|p1a: Giratina|[from] lockedmove\n|-immune|p1a: Giratina\n|move|p1a: Giratina|Shadow Ball|p2a: Koraidon\n|-damage|p2a: Koraidon|67/100\n|\n|-weather|SunnyDay|[upkeep]\n|upkeep\n|turn|13\n|inactive|Time left: 300 sec this turn | 300 sec total\n|\n|t:|1783548681\n|move|p2a: Koraidon|Outrage|p1a: Giratina\n|-immune|p1a: Giratina\n|move|p1a: Giratina|Will-O-Wisp|p2a: Koraidon\n|-status|p2a: Koraidon|brn\n|\n|-weather|SunnyDay|[upkeep]\n|-damage|p2a: Koraidon|61/100 brn|[from] brn\n|upkeep\n|turn|14\n|inactive|Time left: 300 sec this turn | 300 sec total\n|\n|t:|1783548682\n|move|p2a: Koraidon|Outrage|p1a: Giratina\n|-immune|p1a: Giratina\n|move|p1a: Giratina|Shadow Ball|p2a: Koraidon\n|-damage|p2a: Koraidon|25/100 brn\n|\n|-weather|none\n|-damage|p2a: Koraidon|19/100 brn|[from] brn\n|upkeep\n|turn|15\n|inactive|Time left: 300 sec this turn | 300 sec total\n|\n|t:|1783548683\n|move|p2a: Koraidon|Outrage|p1a: Giratina\n|-immune|p1a: Giratina\n|move|p1a: Giratina|Will-O-Wisp|p2a: Koraidon\n|-fail|p2a: Koraidon|brn\n|\n|-damage|p2a: Koraidon|13/100 brn|[from] brn\n|upkeep\n|turn|16\n|inactive|Time left: 300 sec this turn | 300 sec total\n|\n|t:|1783548684\n|move|p2a: Koraidon|Outrage|p1a: Giratina\n|-immune|p1a: Giratina\n|move|p1a: Giratina|Will-O-Wisp|p2a: Koraidon\n|-fail|p2a: Koraidon|brn\n|\n|-damage|p2a: Koraidon|7/100 brn|[from] brn\n|upkeep\n|turn|17\n|inactive|Time left: 300 sec this turn | 300 sec total\n|\n|t:|1783548685\n|switch|p1a: Iron Treads|Iron Treads, L77|265/265\n|move|p2a: Koraidon|Outrage|p1a: Iron Treads\n|-resisted|p1a: Iron Treads\n|-damage|p1a: Iron Treads|232/265\n|\n|-damage|p2a: Koraidon|1/100 brn|[from] brn\n|upkeep\n|turn|18\n|inactive|Time left: 300 sec this turn | 300 sec total\n|\n|t:|1783548686\n|move|p2a: Koraidon|Outrage|p1a: Iron Treads|[from] lockedmove\n|-resisted|p1a: Iron Treads\n|-damage|p1a: Iron Treads|202/265\n|move|p1a: Iron Treads|Rapid Spin|p2a: Koraidon\n|-damage|p2a: Koraidon|0 fnt\n|-boost|p1a: Iron Treads|spe|1\n|faint|p2a: Koraidon\n|\n|upkeep\n|\n|t:|1783548687\n|switch|p2a: Azumarill|Azumarill, L82, M|40/100\n|turn|19\n|inactive|Time left: 300 sec this turn | 300 sec total\n|\n|t:|1783548688\n|move|p1a: Iron Treads|Iron Head|p2a: Azumarill\n|-damage|p2a: Azumarill|8/100\n|cant|p2a: Azumarill|flinch\n|\n|upkeep\n|turn|20\n|inactive|Time left: 300 sec this turn | 300 sec total\n|\n|t:|1783548689\n|move|p2a: Azumarill|Aqua Jet|p1a: Iron Treads\n|-supereffective|p1a: Iron Treads\n|-damage|p1a: Iron Treads|70/265\n|move|p1a: Iron Treads|Earthquake|p2a: Azumarill\n|-damage|p2a: Azumarill|0 fnt\n|faint|p2a: Azumarill\n|\n|upkeep\n|\n|t:|1783548690\n|switch|p2a: Magcargo|Magcargo, L95, F|100/100\n|turn|21\n|inactive|Time left: 300 sec this turn | 300 sec total\n|\n|t:|1783548691\n|-terastallize|p2a: Magcargo|Grass\n|move|p1a: Iron Treads|Earthquake|p2a: Magcargo\n|-resisted|p2a: Magcargo\n|-damage|p2a: Magcargo|86/100\n|move|p2a: Magcargo|Lava Plume|p1a: Iron Treads\n|-supereffective|p1a: Iron Treads\n|-crit|p1a: Iron Treads\n|-damage|p1a: Iron Treads|0 fnt\n|faint|p1a: Iron Treads\n|-end|p1a: Iron Treads|Quark Drive|[silent]\n|\n|upkeep\n|inactive|Time left: 300 sec this turn | 300 sec total | 5 sec grace\n|\n|t:|1783548692\n|switch|p1a: Giratina|Giratina, L75, tera:Fairy|349/349\n|-ability|p1a: Giratina|Pressure\n|turn|22\n|inactive|Time left: 300 sec this turn | 300 sec total\n|\n|t:|1783548693\n|move|p1a: Giratina|Shadow Ball|p2a: Magcargo\n|-damage|p2a: Magcargo|62/100\n|move|p2a: Magcargo|Stealth Rock|p1a: Giratina\n|-sidestart|p1: p0x7591b0e|move: Stealth Rock\n|\n|upkeep\n|turn|23\n|inactive|Time left: 300 sec this turn | 300 sec total\n|\n|t:|1783548694\n|move|p1a: Giratina|Shadow Ball|p2a: Magcargo\n|-damage|p2a: Magcargo|37/100\n|move|p2a: Magcargo|Recover|p2a: Magcargo\n|-heal|p2a: Magcargo|87/100\n|\n|upkeep\n|turn|24\n|inactive|Time left: 300 sec this turn | 300 sec total\n|\n|t:|1783548695\n|move|p1a: Giratina|Shadow Ball|p2a: Magcargo\n|-damage|p2a: Magcargo|60/100\n|move|p2a: Magcargo|Lava Plume|p1a: Giratina\n|-damage|p1a: Giratina|258/349\n|-status|p1a: Giratina|brn\n|\n|-heal|p1a: Giratina|279/349 brn|[from] item: Leftovers\n|-damage|p1a: Giratina|258/349 brn|[from] brn\n|upkeep\n|turn|25\n|inactive|Time left: 300 sec this turn | 300 sec total\n|\n|t:|1783548696\n|move|p1a: Giratina|Shadow Ball|p2a: Magcargo\n|-damage|p2a: Magcargo|33/100\n|move|p2a: Magcargo|Recover|p2a: Magcargo\n|-heal|p2a: Magcargo|83/100\n|\n|-heal|p1a: Giratina|279/349 brn|[from] item: Leftovers\n|-damage|p1a: Giratina|258/349 brn|[from] brn\n|upkeep\n|turn|26\n|inactive|Time left: 300 sec this turn | 300 sec total\n|\n|t:|1783548697\n|switch|p2a: Ninetales|Ninetales-Alola, L78, M|100/100\n|-weather|Snowscape|[from] ability: Snow Warning|[of] p2a: Ninetales\n|move|p1a: Giratina|Shadow Ball|p2a: Ninetales\n|-damage|p2a: Ninetales|72/100\n|-unboost|p2a: Ninetales|spd|1\n|\n|-weather|Snowscape|[upkeep]\n|-heal|p1a: Giratina|279/349 brn|[from] item: Leftovers\n|-damage|p1a: Giratina|258/349 brn|[from] brn\n|upkeep\n|turn|27\n|inactive|Time left: 300 sec this turn | 300 sec total\n|\n|t:|1783548698\n|move|p2a: Ninetales|Aurora Veil|p2a: Ninetales\n|-sidestart|p2: p0y7595012|move: Aurora Veil\n|move|p1a: Giratina|Shadow Ball|p2a: Ninetales\n|-damage|p2a: Ninetales|49/100\n|-unboost|p2a: Ninetales|spd|1\n|\n|-weather|Snowscape|[upkeep]\n|-heal|p1a: Giratina|279/349 brn|[from] item: Leftovers\n|-damage|p1a: Giratina|258/349 brn|[from] brn\n|upkeep\n|turn|28\n|inactive|Time left: 300 sec this turn | 300 sec total\n|\n|t:|1783548700\n|switch|p2a: Magcargo|Magcargo, L95, F, tera:Grass|83/100\n|move|p1a: Giratina|Shadow Ball|p2a: Magcargo\n|-damage|p2a: Magcargo|69/100\n|\n|-weather|Snowscape|[upkeep]\n|-heal|p1a: Giratina|279/349 brn|[from] item: Leftovers\n|-damage|p1a: Giratina|258/349 brn|[from] brn\n|upkeep\n|turn|29\n|inactive|Time left: 300 sec this turn | 300 sec total\n|\n|t:|1783548701\n|move|p1a: Giratina|Shadow Ball|p2a: Magcargo\n|-damage|p2a: Magcargo|56/100\n|-unboost|p2a: Magcargo|spd|1\n|move|p2a: Magcargo|Recover|p2a: Magcargo\n|-heal|p2a: Magcargo|100/100\n|\n|-weather|Snowscape|[upkeep]\n|-heal|p1a: Giratina|279/349 brn|[from] item: Leftovers\n|-damage|p1a: Giratina|258/349 brn|[from] brn\n|upkeep\n|turn|30\n|inactive|Time left: 300 sec this turn | 300 sec total\n|\n|t:|1783548702\n|move|p1a: Giratina|Shadow Ball|p2a: Magcargo\n|-damage|p2a: Magcargo|81/100\n|move|p2a: Magcargo|Power Gem|p1a: Giratina\n|-damage|p1a: Giratina|168/349 brn\n|\n|-weather|none\n|-heal|p1a: Giratina|189/349 brn|[from] item: Leftovers\n|-damage|p1a: Giratina|168/349 brn|[from] brn\n|upkeep\n|turn|31\n|inactive|Time left: 300 sec this turn | 300 sec total\n|\n|t:|1783548703\n|move|p1a: Giratina|Rest|p1a: Giratina\n|-status|p1a: Giratina|slp|[from] move: Rest\n|-heal|p1a: Giratina|349/349 slp|[silent]\n|move|p2a: Magcargo|Lava Plume|p1a: Giratina\n|-damage|p1a: Giratina|258/349 slp\n|\n|-heal|p1a: Giratina|279/349 slp|[from] item: Leftovers\n|upkeep\n|turn|32\n|inactive|Time left: 300 sec this turn | 300 sec total\n|\n|t:|1783548704\n|move|p2a: Magcargo|Power Gem|p1a: Giratina\n|-crit|p1a: Giratina\n|-damage|p1a: Giratina|144/349 slp\n|cant|p1a: Giratina|slp\n|\n|-heal|p1a: Giratina|165/349 slp|[from] item: Leftovers\n|upkeep\n|turn|33\n|inactive|Time left: 300 sec this turn | 300 sec total\n|\n|t:|1783548705\n|cant|p1a: Giratina|slp\n|move|p2a: Magcargo|Power Gem|p1a: Giratina\n|-damage|p1a: Giratina|81/349 slp\n|\n|-heal|p1a: Giratina|102/349 slp|[from] item: Leftovers\n|upkeep\n|turn|34\n|inactive|Time left: 300 sec this turn | 300 sec total\n|\n|t:|1783548706\n|switch|p2a: Ninetales|Ninetales-Alola, L78, M|49/100\n|-weather|Snowscape|[from] ability: Snow Warning|[of] p2a: Ninetales\n|-curestatus|p1a: Giratina|slp|[msg]\n|move|p1a: Giratina|Rest|p1a: Giratina\n|-status|p1a: Giratina|slp|[from] move: Rest\n|-heal|p1a: Giratina|349/349 slp|[silent]\n|\n|-weather|Snowscape|[upkeep]\n|-sideend|p2: p0y7595012|move: Aurora Veil\n|upkeep\n|turn|35\n|inactive|Time left: 300 sec this turn | 300 sec total\n|\n|t:|1783548707\n|move|p2a: Ninetales|Aurora Veil|p2a: Ninetales\n|-sidestart|p2: p0y7595012|move: Aurora Veil\n|cant|p1a: Giratina|slp\n|\n|-weather|Snowscape|[upkeep]\n|upkeep\n|turn|36\n|inactive|Time left: 300 sec this turn | 300 sec total\n|\n|t:|1783548709\n|move|p2a: Ninetales|Blizzard|p1a: Giratina\n|-damage|p1a: Giratina|276/349 slp\n|cant|p1a: Giratina|slp\n|\n|-weather|Snowscape|[upkeep]\n|-heal|p1a: Giratina|297/349 slp|[from] item: Leftovers\n|upkeep\n|turn|37\n|inactive|Time left: 300 sec this turn | 300 sec total\n|\n|t:|1783548710\n|move|p2a: Ninetales|Moonblast|p1a: Giratina\n|-damage|p1a: Giratina|228/349 slp\n|-unboost|p1a: Giratina|spa|1\n|-curestatus|p1a: Giratina|slp|[msg]\n|move|p1a: Giratina|Will-O-Wisp|p2a: Ninetales\n|-status|p2a: Ninetales|brn\n|\n|-weather|Snowscape|[upkeep]\n|-heal|p1a: Giratina|249/349|[from] item: Leftovers\n|-damage|p2a: Ninetales|43/100 brn|[from] brn\n|upkeep\n|turn|38\n|inactive|Time left: 300 sec this turn | 300 sec total\n|\n|t:|1783548711\n|switch|p2a: Magcargo|Magcargo, L95, F, tera:Grass|81/100\n|move|p1a: Giratina|Shadow Ball|p2a: Magcargo\n|-damage|p2a: Magcargo|73/100\n|\n|-weather|none\n|-heal|p1a: Giratina|270/349|[from] item: Leftovers\n|upkeep\n|turn|39\n|inactive|Time left: 300 sec this turn | 300 sec total\n|\n|t:|1783548712\n|move|p1a: Giratina|Will-O-Wisp|p2a: Magcargo\n|-status|p2a: Magcargo|brn\n|move|p2a: Magcargo|Lava Plume|p1a: Giratina\n|-damage|p1a: Giratina|182/349\n|-status|p1a: Giratina|brn\n|\n|-heal|p1a: Giratina|203/349 brn|[from] item: Leftovers\n|-damage|p1a: Giratina|182/349 brn|[from] brn\n|-damage|p2a: Magcargo|67/100 brn|[from] brn\n|upkeep\n|turn|40\n|inactive|Time left: 300 sec this turn | 300 sec total\n|\n|t:|1783548713\n|move|p1a: Giratina|Rest|p1a: Giratina\n|-status|p1a: Giratina|slp|[from] move: Rest\n|-heal|p1a: Giratina|349/349 slp|[silent]\n|move|p2a: Magcargo|Power Gem|p1a: Giratina\n|-damage|p1a: Giratina|259/349 slp\n|\n|-heal|p1a: Giratina|280/349 slp|[from] item: Leftovers\n|-damage|p2a: Magcargo|61/100 brn|[from] brn\n|upkeep\n|turn|41\n|inactive|Time left: 300 sec this turn | 300 sec total\n|\n|t:|1783548714\n|cant|p1a: Giratina|slp\n|move|p2a: Magcargo|Power Gem|p1a: Giratina\n|-damage|p1a: Giratina|187/349 slp\n|\n|-heal|p1a: Giratina|208/349 slp|[from] item: Leftovers\n|-damage|p2a: Magcargo|55/100 brn|[from] brn\n|upkeep\n|turn|42\n|inactive|Time left: 300 sec this turn | 300 sec total\n|\n|t:|1783548715\n|move|p2a: Magcargo|Recover|p2a: Magcargo\n|-heal|p2a: Magcargo|100/100 brn\n|cant|p1a: Giratina|slp\n|\n|-heal|p1a: Giratina|229/349 slp|[from] item: Leftovers\n|-damage|p2a: Magcargo|95/100 brn|[from] brn\n|-sideend|p2: p0y7595012|move: Aurora Veil\n|upkeep\n|turn|43\n|inactive|Time left: 300 sec this turn | 300 sec total\n|\n|t:|1783548716\n|switch|p2a: Ninetales|Ninetales-Alola, L78, M|43/100 brn\n|-weather|Snowscape|[from] ability: Snow Warning|[of] p2a: Ninetales\n|-curestatus|p1a: Giratina|slp|[msg]\n|move|p1a: Giratina|Shadow Ball|p2a: Ninetales\n|-damage|p2a: Ninetales|24/100 brn\n|-unboost|p2a: Ninetales|spd|1\n|\n|-weather|Snowscape|[upkeep]\n|-heal|p1a: Giratina|250/349|[from] item: Leftovers\n|-damage|p2a: Ninetales|18/100 brn|[from] brn\n|upkeep\n|turn|44\n|inactive|Time left: 300 sec this turn | 300 sec total\n|\n|t:|1783548717\n|move|p2a: Ninetales|Aurora Veil|p2a: Ninetales\n|-sidestart|p2: p0y7595012|move: Aurora Veil\n|move|p1a: Giratina|Shadow Ball|p2a: Ninetales\n|-damage|p2a: Ninetales|4/100 brn\n|-unboost|p2a: Ninetales|spd|1\n|\n|-weather|Snowscape|[upkeep]\n|-heal|p1a: Giratina|271/349|[from] item: Leftovers\n|-damage|p2a: Ninetales|0 fnt|[from] brn\n|faint|p2a: Ninetales\n|upkeep\n|\n|t:|1783548718\n|switch|p2a: Magcargo|Magcargo, L95, F, tera:Grass|95/100 brn\n|turn|45\n|inactive|Time left: 300 sec this turn | 300 sec total\n|\n|t:|1783548719\n|move|p1a: Giratina|Shadow Ball|p2a: Magcargo\n|-damage|p2a: Magcargo|87/100 brn\n|move|p2a: Magcargo|Lava Plume|p1a: Giratina\n|-damage|p1a: Giratina|178/349\n|\n|-weather|Snowscape|[upkeep]\n|-heal|p1a: Giratina|199/349|[from] item: Leftovers\n|-damage|p2a: Magcargo|81/100 brn|[from] brn\n|upkeep\n|turn|46\n|inactive|Time left: 300 sec this turn | 300 sec total\n|\n|t:|1783548720\n|move|p2a: Magcargo|Lava Plume|p1a: Giratina\n|-damage|p1a: Giratina|100/349\n|move|p1a: Giratina|Dragon Tail|p2a: Magcargo\n|-damage|p2a: Magcargo|73/100 brn\n|drag|p2a: Illumise|Illumise, L91, F|100/100\n|\n|-weather|Snowscape|[upkeep]\n|-heal|p1a: Giratina|121/349|[from] item: Leftovers\n|upkeep\n|turn|47\n|inactive|Time left: 300 sec this turn | 300 sec total\n|\n|t:|1783548722\n|move|p2a: Illumise|Thunder Wave|p1a: Giratina\n|-status|p1a: Giratina|par\n|move|p1a: Giratina|Rest|p1a: Giratina\n|-status|p1a: Giratina|slp|[from] move: Rest\n|-heal|p1a: Giratina|349/349 slp|[silent]\n|\n|-weather|none\n|upkeep\n|turn|48\n|inactive|Time left: 300 sec this turn | 300 sec total\n|\n|t:|1783548723\n|switch|p1a: Delibird|Delibird, M|252/252\n|move|p2a: Illumise|Bug Buzz|p1a: Delibird\n|-resisted|p1a: Delibird\n|-damage|p1a: Delibird|189/252\n|\n|upkeep\n|turn|49\n|inactive|Time left: 300 sec this turn | 300 sec total\n|\n|t:|1783548724\n|switch|p2a: Magcargo|Magcargo, L95, F, tera:Grass|73/100 brn\n|move|p1a: Delibird|Brave Bird|p2a: Magcargo\n|-supereffective|p2a: Magcargo\n|-damage|p2a: Magcargo|22/100 brn\n|-damage|p1a: Delibird|144/252|[from] Recoil\n|\n|-damage|p2a: Magcargo|16/100 brn|[from] brn\n|upkeep\n|turn|50\n|inactive|Time left: 300 sec this turn | 300 sec total\n|\n|t:|1783548725\n|move|p1a: Delibird|Brave Bird|p2a: Magcargo\n|-supereffective|p2a: Magcargo\n|-damage|p2a: Magcargo|0 fnt\n|-status|p1a: Delibird|brn|[from] ability: Flame Body|[of] p2a: Magcargo\n|faint|p2a: Magcargo\n|-damage|p1a: Delibird|130/252 brn|[from] Recoil\n|\n|-damage|p1a: Delibird|115/252 brn|[from] brn\n|upkeep\n|\n|t:|1783548726\n|switch|p2a: Illumise|Illumise, L91, F|100/100\n|turn|51\n|inactive|Time left: 300 sec this turn | 300 sec total\n|\n|t:|1783548727\n|move|p2a: Illumise|Bug Buzz|p1a: Delibird\n|-resisted|p1a: Delibird\n|-damage|p1a: Delibird|55/252 brn\n|move|p1a: Delibird|Brave Bird|p2a: Illumise|[miss]\n|-miss|p1a: Delibird|p2a: Illumise\n|\n|-damage|p1a: Delibird|40/252 brn|[from] brn\n|-sideend|p2: p0y7595012|move: Aurora Veil\n|upkeep\n|turn|52\n|inactive|Time left: 300 sec this turn | 300 sec total\n|\n|t:|1783548728\n|move|p2a: Illumise|Bug Buzz|p1a: Delibird\n|-resisted|p1a: Delibird\n|-damage|p1a: Delibird|0 fnt\n|faint|p1a: Delibird\n|\n|upkeep\n|inactive|Time left: 300 sec this turn | 300 sec total | 5 sec grace\n|\n|t:|1783548729\n|switch|p1a: Sandslash|Sandslash, L89, M|278/278\n|-damage|p1a: Sandslash|261/278|[from] Stealth Rock\n|turn|53\n|inactive|Time left: 300 sec this turn | 300 sec total\n|\n|t:|1783548730\n|move|p2a: Illumise|Bug Buzz|p1a: Sandslash\n|-damage|p1a: Sandslash|152/278\n|move|p1a: Sandslash|Stone Edge|p2a: Illumise\n|-supereffective|p2a: Illumise\n|-crit|p2a: Illumise\n|-damage|p2a: Illumise|1/100\n|\n|-heal|p1a: Sandslash|169/278|[from] item: Leftovers\n|upkeep\n|turn|54\n|inactive|Time left: 300 sec this turn | 300 sec total\n|\n|t:|1783548732\n|move|p2a: Illumise|Roost|p2a: Illumise\n|-heal|p2a: Illumise|51/100\n|-singleturn|p2a: Illumise|move: Roost\n|move|p1a: Sandslash|Stone Edge|p2a: Illumise|[miss]\n|-miss|p1a: Sandslash|p2a: Illumise\n|\n|-heal|p1a: Sandslash|186/278|[from] item: Leftovers\n|upkeep\n|turn|55\n|inactive|Time left: 300 sec this turn | 300 sec total\n|\n|t:|1783548732\n|move|p2a: Illumise|Roost|p2a: Illumise\n|-heal|p2a: Illumise|100/100\n|-singleturn|p2a: Illumise|move: Roost\n|move|p1a: Sandslash|Stone Edge|p2a: Illumise\n|-supereffective|p2a: Illumise\n|-damage|p2a: Illumise|35/100\n|\n|-heal|p1a: Sandslash|203/278|[from] item: Leftovers\n|upkeep\n|turn|56\n|inactive|Time left: 300 sec this turn | 300 sec total\n|\n|t:|1783548733\n|move|p2a: Illumise|Roost|p2a: Illumise\n|-heal|p2a: Illumise|85/100\n|-singleturn|p2a: Illumise|move: Roost\n|move|p1a: Sandslash|Stone Edge|p2a: Illumise\n|-supereffective|p2a: Illumise\n|-damage|p2a: Illumise|23/100\n|\n|-heal|p1a: Sandslash|220/278|[from] item: Leftovers\n|upkeep\n|turn|57\n|inactive|Time left: 300 sec this turn | 300 sec total\n|\n|t:|1783548734\n|move|p2a: Illumise|Roost|p2a: Illumise\n|-heal|p2a: Illumise|73/100\n|-singleturn|p2a: Illumise|move: Roost\n|move|p1a: Sandslash|Stone Edge|p2a: Illumise\n|-supereffective|p2a: Illumise\n|-damage|p2a: Illumise|13/100\n|\n|-heal|p1a: Sandslash|237/278|[from] item: Leftovers\n|upkeep\n|turn|58\n|inactive|Time left: 300 sec this turn | 300 sec total\n|\n|t:|1783548735\n|move|p2a: Illumise|Roost|p2a: Illumise\n|-heal|p2a: Illumise|63/100\n|-singleturn|p2a: Illumise|move: Roost\n|move|p1a: Sandslash|Stone Edge|p2a: Illumise\n|-supereffective|p2a: Illumise\n|-crit|p2a: Illumise\n|-damage|p2a: Illumise|0 fnt\n|faint|p2a: Illumise\n|\n|win|p0x7591b0e", "uploadtime": 1783548735, "views": 0, "rating": 0, "private": 0, "password": null, "_winner": "p0x7591b0e", "_our_name": "p0x7591b0e"}