{"id": "battle-gen9randombattle-524", "formatid": "gen9randombattle", "format": "[Gen 9] Random Battle", "players": ["p0x524d0fe", "p0y5245264"], "log": "|init|battle\n|title|p0x524d0fe vs. p0y5245264\n|j|\u2606p0x524d0fe\n|j|\u2606p0y5245264\n|t:|1783545865\n|gametype|singles\n|player|p1|p0x524d0fe|265|\n|player|p2|p0y5245264|102|\n|gen|9\n|tier|[Gen 9] Random Battle\n|rule|Species Clause: Limit one of each Pok\u00e9mon\n|rule|HP Percentage Mod: HP is shown in percentages\n|rule|Sleep Clause Mod: Limit one foe put to sleep\n|rule|Illusion Level Mod: Illusion disguises the Pok\u00e9mon's true level\n|\n|t:|1783545865\n|teamsize|p1|6\n|teamsize|p2|6\n|start\n|switch|p1a: Hitmontop|Hitmontop, L88, M|100/100\n|switch|p2a: Torkoal|Torkoal, L88, F|266/266\n|-ability|p1a: Hitmontop|Intimidate|boost\n|-unboost|p2a: Torkoal|atk|1\n|-weather|SunnyDay|[from] ability: Drought|[of] p2a: Torkoal\n|turn|1\n|inactive|Battle timer is ON: inactive players will automatically lose when time's up. (requested by p0x524d0fe)\n|inactive|Time left: 300 sec this turn | 300 sec total | 60 sec grace\n|inactive|p0y5245264 also wants the timer to be on.\n|\n|t:|1783545866\n|move|p1a: Hitmontop|Rapid Spin|p2a: Torkoal\n|-damage|p2a: Torkoal|240/266\n|-boost|p1a: Hitmontop|spe|1\n|move|p2a: Torkoal|Lava Plume|p1a: Hitmontop\n|-damage|p1a: Hitmontop|69/100\n|\n|-weather|SunnyDay|[upkeep]\n|upkeep\n|turn|2\n|inactive|Time left: 300 sec this turn | 300 sec total\n|\n|t:|1783545867\n|move|p1a: Hitmontop|Earthquake|p2a: Torkoal\n|-supereffective|p2a: Torkoal\n|-damage|p2a: Torkoal|132/266\n|move|p2a: Torkoal|Lava Plume|p1a: Hitmontop\n|-damage|p1a: Hitmontop|39/100\n|-status|p1a: Hitmontop|brn\n|\n|-weather|SunnyDay|[upkeep]\n|-damage|p1a: Hitmontop|33/100 brn|[from] brn\n|upkeep\n|turn|3\n|inactive|Time left: 300 sec this turn | 300 sec total\n|\n|t:|1783545869\n|move|p1a: Hitmontop|Rapid Spin|p2a: Torkoal\n|-damage|p2a: Torkoal|119/266\n|-boost|p1a: Hitmontop|spe|1\n|move|p2a: Torkoal|Stealth Rock|p1a: Hitmontop\n|-sidestart|p1: p0x524d0fe|move: Stealth Rock\n|\n|-weather|SunnyDay|[upkeep]\n|-damage|p1a: Hitmontop|27/100 brn|[from] brn\n|upkeep\n|turn|4\n|inactive|Time left: 300 sec this turn | 300 sec total\n|\n|t:|1783545870\n|switch|p2a: Flutter Mane|Flutter Mane, L74|203/203\n|-activate|p2a: Flutter Mane|ability: Protosynthesis\n|-start|p2a: Flutter Mane|protosynthesisspa\n|move|p1a: Hitmontop|Rapid Spin|p2a: Flutter Mane\n|-immune|p2a: Flutter Mane\n|\n|-weather|SunnyDay|[upkeep]\n|-damage|p1a: Hitmontop|21/100 brn|[from] brn\n|upkeep\n|turn|5\n|inactive|Time left: 300 sec this turn | 300 sec total\n|\n|t:|1783545871\n|move|p1a: Hitmontop|Earthquake|p2a: Flutter Mane\n|-damage|p2a: Flutter Mane|144/203\n|move|p2a: Flutter Mane|Moonblast|p1a: Hitmontop\n|-supereffective|p1a: Hitmontop\n|-damage|p1a: Hitmontop|0 fnt\n|faint|p1a: Hitmontop\n|\n|-weather|none\n|-end|p2a: Flutter Mane|Protosynthesis\n|upkeep\n|\n|t:|1783545872\n|switch|p1a: Wugtrio|Wugtrio, L91, M|100/100\n|-damage|p1a: Wugtrio|88/100|[from] Stealth Rock\n|turn|6\n|inactive|Time left: 300 sec this turn | 300 sec total\n|\n|t:|1783545873\n|-end|p2a: Flutter Mane|Protosynthesis|[silent]\n|switch|p2a: Bellossom|Bellossom, L84, M|263/263\n|move|p1a: Wugtrio|Liquidation|p2a: Bellossom\n|-resisted|p2a: Bellossom\n|-damage|p2a: Bellossom|193/263\n|\n|-heal|p2a: Bellossom|209/263|[from] item: Leftovers\n|upkeep\n|turn|7\n|inactive|Time left: 300 sec this turn | 300 sec total\n|\n|t:|1783545874\n|move|p1a: Wugtrio|Liquidation|p2a: Bellossom\n|-resisted|p2a: Bellossom\n|-damage|p2a: Bellossom|136/263\n|move|p2a: Bellossom|Quiver Dance|p2a: Bellossom\n|-boost|p2a: Bellossom|spa|1\n|-boost|p2a: Bellossom|spd|1\n|-boost|p2a: Bellossom|spe|1\n|\n|-heal|p2a: Bellossom|152/263|[from] item: Leftovers\n|upkeep\n|turn|8\n|inactive|Time left: 300 sec this turn | 300 sec total\n|\n|t:|1783545875\n|switch|p1a: Skarmory|Skarmory, L80, F|100/100\n|-damage|p1a: Skarmory|88/100|[from] Stealth Rock\n|move|p2a: Bellossom|Giga Drain|p1a: Skarmory\n|-resisted|p1a: Skarmory\n|-damage|p1a: Skarmory|75/100\n|-heal|p2a: Bellossom|168/263|[from] drain|[of] p1a: Skarmory\n|\n|-heal|p2a: Bellossom|184/263|[from] item: Leftovers\n|-heal|p1a: Skarmory|80/100|[from] item: Leftovers\n|upkeep\n|turn|9\n|inactive|Time left: 300 sec this turn | 300 sec total\n|\n|t:|1783545876\n|move|p2a: Bellossom|Strength Sap|p1a: Skarmory\n|-unboost|p1a: Skarmory|atk|1\n|-heal|p2a: Bellossom|263/263\n|move|p1a: Skarmory|Brave Bird|p2a: Bellossom\n|-supereffective|p2a: Bellossom\n|-damage|p2a: Bellossom|137/263\n|-damage|p1a: Skarmory|63/100|[from] Recoil\n|\n|-heal|p2a: Bellossom|153/263|[from] item: Leftovers\n|-heal|p1a: Skarmory|69/100|[from] item: Leftovers\n|upkeep\n|turn|10\n|inactive|Time left: 300 sec this turn | 300 sec total\n|\n|t:|1783545877\n|move|p2a: Bellossom|Strength Sap|p1a: Skarmory\n|-unboost|p1a: Skarmory|atk|1\n|-heal|p2a: Bellossom|263/263\n|move|p1a: Skarmory|Brave Bird|p2a: Bellossom\n|-supereffective|p2a: Bellossom\n|-damage|p2a: Bellossom|173/263\n|-damage|p1a: Skarmory|56/100|[from] Recoil\n|\n|-heal|p2a: Bellossom|189/263|[from] item: Leftovers\n|-heal|p1a: Skarmory|62/100|[from] item: Leftovers\n|upkeep\n|turn|11\n|inactive|Time left: 300 sec this turn | 300 sec total\n|\n|t:|1783545878\n|move|p2a: Bellossom|Quiver Dance|p2a: Bellossom\n|-boost|p2a: Bellossom|spa|1\n|-boost|p2a: Bellossom|spd|1\n|-boost|p2a: Bellossom|spe|1\n|move|p1a: Skarmory|Roost|p1a: Skarmory\n|-heal|p1a: Skarmory|100/100\n|-singleturn|p1a: Skarmory|move: Roost\n|\n|-heal|p2a: Bellossom|205/263|[from] item: Leftovers\n|upkeep\n|turn|12\n|inactive|Time left: 300 sec this turn | 300 sec total\n|\n|t:|1783545880\n|switch|p1a: Umbreon|Umbreon, L84, M|100/100\n|-damage|p1a: Umbreon|88/100|[from] Stealth Rock\n|move|p2a: Bellossom|Quiver Dance|p2a: Bellossom\n|-boost|p2a: Bellossom|spa|1\n|-boost|p2a: Bellossom|spd|1\n|-boost|p2a: Bellossom|spe|1\n|\n|-heal|p2a: Bellossom|221/263|[from] item: Leftovers\n|-heal|p1a: Umbreon|94/100|[from] item: Leftovers\n|upkeep\n|turn|13\n|inactive|Time left: 300 sec this turn | 300 sec total\n|\n|t:|1783545881\n|move|p2a: Bellossom|Quiver Dance|p2a: Bellossom\n|-boost|p2a: Bellossom|spa|1\n|-boost|p2a: Bellossom|spd|1\n|-boost|p2a: Bellossom|spe|1\n|move|p1a: Umbreon|Toxic|p2a: Bellossom\n|-status|p2a: Bellossom|tox\n|\n|-heal|p2a: Bellossom|237/263 tox|[from] item: Leftovers\n|-heal|p1a: Umbreon|99/100|[from] item: Leftovers\n|-damage|p2a: Bellossom|221/263 tox|[from] psn\n|upkeep\n|turn|14\n|inactive|Time left: 300 sec this turn | 300 sec total\n|\n|t:|1783545882\n|move|p1a: Umbreon|Protect|p1a: Umbreon\n|-singleturn|p1a: Umbreon|Protect\n|move|p2a: Bellossom|Moonblast|p1a: Umbreon\n|-activate|p1a: Umbreon|move: Protect\n|\n|-heal|p2a: Bellossom|237/263 tox|[from] item: Leftovers\n|-heal|p1a: Umbreon|100/100|[from] item: Leftovers\n|-damage|p2a: Bellossom|205/263 tox|[from] psn\n|upkeep\n|turn|15\n|inactive|Time left: 300 sec this turn | 300 sec total\n|\n|t:|1783545882\n|-terastallize|p1a: Umbreon|Poison\n|move|p2a: Bellossom|Giga Drain|p1a: Umbreon\n|-resisted|p1a: Umbreon\n|-damage|p1a: Umbreon|73/100\n|-heal|p2a: Bellossom|246/263 tox|[from] drain|[of] p1a: Umbreon\n|move|p1a: Umbreon|Foul Play|p2a: Bellossom\n|-crit|p2a: Bellossom\n|-damage|p2a: Bellossom|156/263 tox\n|\n|-heal|p2a: Bellossom|172/263 tox|[from] item: Leftovers\n|-heal|p1a: Umbreon|79/100|[from] item: Leftovers\n|-damage|p2a: Bellossom|124/263 tox|[from] psn\n|upkeep\n|turn|16\n|inactive|Time left: 300 sec this turn | 300 sec total\n|\n|t:|1783545883\n|move|p2a: Bellossom|Strength Sap|p1a: Umbreon\n|-unboost|p1a: Umbreon|atk|1\n|-heal|p2a: Bellossom|238/263 tox\n|move|p1a: Umbreon|Foul Play|p2a: Bellossom\n|-damage|p2a: Bellossom|177/263 tox\n|\n|-heal|p2a: Bellossom|193/263 tox|[from] item: Leftovers\n|-heal|p1a: Umbreon|85/100|[from] item: Leftovers\n|-damage|p2a: Bellossom|129/263 tox|[from] psn\n|upkeep\n|turn|17\n|inactive|Time left: 300 sec this turn | 300 sec total\n|\n|t:|1783545884\n|move|p2a: Bellossom|Strength Sap|p1a: Umbreon\n|-unboost|p1a: Umbreon|atk|1\n|-heal|p2a: Bellossom|205/263 tox\n|move|p1a: Umbreon|Foul Play|p2a: Bellossom\n|-damage|p2a: Bellossom|145/263 tox\n|\n|-heal|p2a: Bellossom|161/263 tox|[from] item: Leftovers\n|-heal|p1a: Umbreon|91/100|[from] item: Leftovers\n|-damage|p2a: Bellossom|81/263 tox|[from] psn\n|upkeep\n|turn|18\n|inactive|Time left: 300 sec this turn | 300 sec total\n|\n|t:|1783545885\n|move|p2a: Bellossom|Strength Sap|p1a: Umbreon\n|-unboost|p1a: Umbreon|atk|1\n|-heal|p2a: Bellossom|138/263 tox\n|move|p1a: Umbreon|Foul Play|p2a: Bellossom\n|-damage|p2a: Bellossom|80/263 tox\n|\n|-heal|p2a: Bellossom|96/263 tox|[from] item: Leftovers\n|-heal|p1a: Umbreon|97/100|[from] item: Leftovers\n|-damage|p2a: Bellossom|0 fnt|[from] psn\n|faint|p2a: Bellossom\n|upkeep\n|inactive|Time left: 300 sec this turn | 300 sec total | 5 sec grace\n|\n|t:|1783545886\n|switch|p2a: Oricorio|Oricorio-Sensu, L85, F|266/266\n|turn|19\n|inactive|Time left: 300 sec this turn | 300 sec total\n|\n|t:|1783545887\n|move|p2a: Oricorio|Quiver Dance|p2a: Oricorio\n|-boost|p2a: Oricorio|spa|1\n|-boost|p2a: Oricorio|spd|1\n|-boost|p2a: Oricorio|spe|1\n|move|p1a: Umbreon|Foul Play|p2a: Oricorio\n|-supereffective|p2a: Oricorio\n|-damage|p2a: Oricorio|132/266\n|\n|-heal|p1a: Umbreon|100/100|[from] item: Leftovers\n|upkeep\n|turn|20\n|inactive|Time left: 300 sec this turn | 300 sec total\n|\n|t:|1783545888\n|move|p2a: Oricorio|Roost|p2a: Oricorio\n|-heal|p2a: Oricorio|265/266\n|-singleturn|p2a: Oricorio|move: Roost\n|move|p1a: Umbreon|Foul Play|p2a: Oricorio\n|-supereffective|p2a: Oricorio\n|-damage|p2a: Oricorio|127/266\n|\n|upkeep\n|turn|21\n|inactive|Time left: 300 sec this turn | 300 sec total\n|\n|t:|1783545889\n|move|p2a: Oricorio|Roost|p2a: Oricorio\n|-heal|p2a: Oricorio|260/266\n|-singleturn|p2a: Oricorio|move: Roost\n|move|p1a: Umbreon|Foul Play|p2a: Oricorio\n|-supereffective|p2a: Oricorio\n|-damage|p2a: Oricorio|122/266\n|\n|upkeep\n|turn|22\n|inactive|Time left: 300 sec this turn | 300 sec total\n|\n|t:|1783545890\n|move|p2a: Oricorio|Roost|p2a: Oricorio\n|-heal|p2a: Oricorio|255/266\n|-singleturn|p2a: Oricorio|move: Roost\n|move|p1a: Umbreon|Foul Play|p2a: Oricorio\n|-supereffective|p2a: Oricorio\n|-damage|p2a: Oricorio|127/266\n|\n|upkeep\n|turn|23\n|inactive|Time left: 300 sec this turn | 300 sec total\n|\n|t:|1783545890\n|move|p2a: Oricorio|Roost|p2a: Oricorio\n|-heal|p2a: Oricorio|260/266\n|-singleturn|p2a: Oricorio|move: Roost\n|move|p1a: Umbreon|Foul Play|p2a: Oricorio\n|-supereffective|p2a: Oricorio\n|-damage|p2a: Oricorio|126/266\n|\n|upkeep\n|turn|24\n|inactive|Time left: 300 sec this turn | 300 sec total\n|\n|t:|1783545891\n|move|p2a: Oricorio|Roost|p2a: Oricorio\n|-heal|p2a: Oricorio|259/266\n|-singleturn|p2a: Oricorio|move: Roost\n|move|p1a: Umbreon|Foul Play|p2a: Oricorio\n|-supereffective|p2a: Oricorio\n|-damage|p2a: Oricorio|121/266\n|\n|upkeep\n|turn|25\n|inactive|Time left: 300 sec this turn | 300 sec total\n|\n|t:|1783545892\n|move|p2a: Oricorio|Roost|p2a: Oricorio\n|-heal|p2a: Oricorio|254/266\n|-singleturn|p2a: Oricorio|move: Roost\n|move|p1a: Umbreon|Foul Play|p2a: Oricorio\n|-supereffective|p2a: Oricorio\n|-damage|p2a: Oricorio|116/266\n|\n|upkeep\n|turn|26\n|inactive|Time left: 300 sec this turn | 300 sec total\n|\n|t:|1783545893\n|move|p2a: Oricorio|Roost|p2a: Oricorio\n|-heal|p2a: Oricorio|249/266\n|-singleturn|p2a: Oricorio|move: Roost\n|move|p1a: Umbreon|Foul Play|p2a: Oricorio\n|-supereffective|p2a: Oricorio\n|-damage|p2a: Oricorio|117/266\n|\n|upkeep\n|turn|27\n|inactive|Time left: 300 sec this turn | 300 sec total\n|\n|t:|1783545894\n|move|p2a: Oricorio|Roost|p2a: Oricorio\n|-heal|p2a: Oricorio|250/266\n|-singleturn|p2a: Oricorio|move: Roost\n|move|p1a: Umbreon|Foul Play|p2a: Oricorio\n|-supereffective|p2a: Oricorio\n|-damage|p2a: Oricorio|106/266\n|\n|upkeep\n|turn|28\n|inactive|Time left: 300 sec this turn | 300 sec total\n|\n|t:|1783545895\n|-terastallize|p2a: Oricorio|Fighting\n|move|p2a: Oricorio|Quiver Dance|p2a: Oricorio\n|-boost|p2a: Oricorio|spa|1\n|-boost|p2a: Oricorio|spd|1\n|-boost|p2a: Oricorio|spe|1\n|move|p1a: Umbreon|Foul Play|p2a: Oricorio\n|-resisted|p2a: Oricorio\n|-damage|p2a: Oricorio|69/266\n|\n|upkeep\n|turn|29\n|inactive|Time left: 300 sec this turn | 300 sec total\n|\n|t:|1783545896\n|move|p2a: Oricorio|Hurricane|p1a: Umbreon|[miss]\n|-miss|p2a: Oricorio|p1a: Umbreon\n|move|p1a: Umbreon|Toxic|p2a: Oricorio\n|-status|p2a: Oricorio|tox\n|\n|-damage|p2a: Oricorio|53/266 tox|[from] psn\n|upkeep\n|turn|30\n|inactive|Time left: 300 sec this turn | 300 sec total\n|\n|t:|1783545897\n|move|p2a: Oricorio|Hurricane|p1a: Umbreon\n|-damage|p1a: Umbreon|43/100\n|-start|p1a: Umbreon|confusion\n|-activate|p1a: Umbreon|confusion\n|move|p1a: Umbreon|Foul Play|p2a: Oricorio\n|-resisted|p2a: Oricorio\n|-damage|p2a: Oricorio|20/266 tox\n|\n|-heal|p1a: Umbreon|49/100|[from] item: Leftovers\n|-damage|p2a: Oricorio|0 fnt|[from] psn\n|faint|p2a: Oricorio\n|upkeep\n|inactive|Time left: 300 sec this turn | 300 sec total | 5 sec grace\n|\n|t:|1783545898\n|switch|p2a: Plusle|Plusle, L95, F|268/268\n|turn|31\n|inactive|Time left: 300 sec this turn | 300 sec total\n|\n|t:|1783545899\n|switch|p1a: Rillaboom|Rillaboom, L79, M|100/100\n|-damage|p1a: Rillaboom|88/100|[from] Stealth Rock\n|-fieldstart|move: Grassy Terrain|[from] ability: Grassy Surge|[of] p1a: Rillaboom\n|move|p2a: Plusle|Nasty Plot|p2a: Plusle\n|-boost|p2a: Plusle|spa|2\n|\n|-heal|p1a: Rillaboom|94/100|[from] Grassy Terrain\n|upkeep\n|turn|32\n|inactive|Time left: 300 sec this turn | 300 sec total\n|\n|t:|1783545900\n|move|p2a: Plusle|Alluring Voice|p1a: Rillaboom\n|-damage|p1a: Rillaboom|16/100\n|-damage|p2a: Plusle|242/268|[from] item: Life Orb\n|move|p1a: Rillaboom|Wood Hammer|p2a: Plusle\n|-damage|p2a: Plusle|0 fnt\n|faint|p2a: Plusle\n|-damage|p1a: Rillaboom|0 fnt|[from] Recoil\n|faint|p1a: Rillaboom\n|\n|upkeep\n|inactive|Time left: 300 sec this turn | 300 sec total | 5 sec grace\n|\n|t:|1783545901\n|switch|p2a: Flamigo|Flamigo, L82, F|269/269\n|switch|p1a: Arcanine|Arcanine-Hisui, L79, F|100/100\n|turn|33\n|inactive|Time left: 300 sec this turn | 300 sec total\n|\n|t:|1783545901\n|switch|p1a: Umbreon|Umbreon, L84, M, tera:Poison|49/100\n|-damage|p1a: Umbreon|37/100|[from] Stealth Rock\n|move|p2a: Flamigo|Close Combat|p1a: Umbreon\n|-resisted|p1a: Umbreon\n|-damage|p1a: Umbreon|10/100\n|-unboost|p2a: Flamigo|def|1\n|-unboost|p2a: Flamigo|spd|1\n|\n|-heal|p1a: Umbreon|16/100|[from] Grassy Terrain\n|-heal|p1a: Umbreon|22/100|[from] item: Leftovers\n|upkeep\n|turn|34\n|inactive|Time left: 300 sec this turn | 300 sec total\n|\n|t:|1783545902\n|move|p2a: Flamigo|Close Combat|p1a: Umbreon\n|-resisted|p1a: Umbreon\n|-damage|p1a: Umbreon|0 fnt\n|-unboost|p2a: Flamigo|def|1\n|-unboost|p2a: Flamigo|spd|1\n|faint|p1a: Umbreon\n|\n|upkeep\n|\n|t:|1783545903\n|switch|p1a: Wugtrio|Wugtrio, L91, M|88/100\n|-damage|p1a: Wugtrio|76/100|[from] Stealth Rock\n|turn|35\n|inactive|Time left: 300 sec this turn | 300 sec total\n|\n|t:|1783545904\n|switch|p2a: Torkoal|Torkoal, L88, F|119/266\n|-weather|SunnyDay|[from] ability: Drought|[of] p2a: Torkoal\n|move|p1a: Wugtrio|Aqua Jet|p2a: Torkoal\n|-supereffective|p2a: Torkoal\n|-damage|p2a: Torkoal|71/266\n|\n|-weather|SunnyDay|[upkeep]\n|-heal|p1a: Wugtrio|82/100|[from] Grassy Terrain\n|-heal|p2a: Torkoal|87/266|[from] Grassy Terrain\n|-fieldend|move: Grassy Terrain\n|upkeep\n|turn|36\n|inactive|Time left: 300 sec this turn | 300 sec total\n|\n|t:|1783545905\n|switch|p2a: Flamigo|Flamigo, L82, F|269/269\n|move|p1a: Wugtrio|Aqua Jet|p2a: Flamigo\n|-damage|p2a: Flamigo|224/269\n|\n|-weather|SunnyDay|[upkeep]\n|upkeep\n|turn|37\n|inactive|Time left: 300 sec this turn | 300 sec total\n|\n|t:|1783545906\n|switch|p1a: Skarmory|Skarmory, L80, F|100/100\n|-damage|p1a: Skarmory|88/100|[from] Stealth Rock\n|move|p2a: Flamigo|Close Combat|p1a: Skarmory\n|-damage|p1a: Skarmory|26/100\n|-unboost|p2a: Flamigo|def|1\n|-unboost|p2a: Flamigo|spd|1\n|\n|-weather|SunnyDay|[upkeep]\n|-heal|p1a: Skarmory|32/100|[from] item: Leftovers\n|upkeep\n|turn|38\n|inactive|Time left: 300 sec this turn | 300 sec total\n|\n|t:|1783545907\n|move|p2a: Flamigo|Close Combat|p1a: Skarmory\n|-damage|p1a: Skarmory|0 fnt\n|-unboost|p2a: Flamigo|def|1\n|-unboost|p2a: Flamigo|spd|1\n|faint|p1a: Skarmory\n|\n|-weather|SunnyDay|[upkeep]\n|upkeep\n|\n|t:|1783545908\n|switch|p1a: Wugtrio|Wugtrio, L91, M|82/100\n|-damage|p1a: Wugtrio|70/100|[from] Stealth Rock\n|turn|39\n|inactive|Time left: 300 sec this turn | 300 sec total\n|\n|t:|1783545909\n|move|p1a: Wugtrio|Aqua Jet|p2a: Flamigo\n|-damage|p2a: Flamigo|134/269\n|move|p2a: Flamigo|Close Combat|p1a: Wugtrio\n|-damage|p1a: Wugtrio|0 fnt\n|-unboost|p2a: Flamigo|def|1\n|-unboost|p2a: Flamigo|spd|1\n|-ability|p1a: Wugtrio|Gooey\n|-unboost|p2a: Flamigo|spe|1\n|faint|p1a: Wugtrio\n|\n|-weather|none\n|upkeep\n|\n|t:|1783545910\n|switch|p1a: Arcanine|Arcanine-Hisui, L79, F|100/100\n|turn|40\n|inactive|Time left: 300 sec this turn | 300 sec total\n|\n|t:|1783545911\n|switch|p2a: Flutter Mane|Flutter Mane, L74|144/203\n|move|p1a: Arcanine|Extreme Speed|p2a: Flutter Mane\n|-immune|p2a: Flutter Mane\n|\n|upkeep\n|turn|41\n|inactive|Time left: 300 sec this turn | 300 sec total\n|\n|t:|1783545912\n|move|p2a: Flutter Mane|Shadow Ball|p1a: Arcanine\n|-damage|p1a: Arcanine|50/100\n|move|p1a: Arcanine|Morning Sun|p1a: Arcanine\n|-heal|p1a: Arcanine|99/100\n|\n|upkeep\n|turn|42\n|inactive|Time left: 300 sec this turn | 300 sec total\n|\n|t:|1783545913\n|move|p2a: Flutter Mane|Shadow Ball|p1a: Arcanine\n|-damage|p1a: Arcanine|46/100\n|move|p1a: Arcanine|Morning Sun|p1a: Arcanine\n|-heal|p1a: Arcanine|96/100\n|\n|upkeep\n|turn|43\n|inactive|Time left: 300 sec this turn | 300 sec total\n|\n|t:|1783545914\n|move|p2a: Flutter Mane|Shadow Ball|p1a: Arcanine\n|-damage|p1a: Arcanine|48/100\n|move|p1a: Arcanine|Morning Sun|p1a: Arcanine\n|-heal|p1a: Arcanine|98/100\n|\n|upkeep\n|turn|44\n|inactive|Time left: 300 sec this turn | 300 sec total\n|\n|t:|1783545915\n|move|p2a: Flutter Mane|Shadow Ball|p1a: Arcanine\n|-damage|p1a: Arcanine|49/100\n|move|p1a: Arcanine|Morning Sun|p1a: Arcanine\n|-heal|p1a: Arcanine|99/100\n|\n|upkeep\n|turn|45\n|inactive|Time left: 300 sec this turn | 300 sec total\n|\n|t:|1783545916\n|move|p2a: Flutter Mane|Shadow Ball|p1a: Arcanine\n|-damage|p1a: Arcanine|44/100\n|move|p1a: Arcanine|Morning Sun|p1a: Arcanine\n|-heal|p1a: Arcanine|94/100\n|\n|upkeep\n|turn|46\n|inactive|Time left: 300 sec this turn | 300 sec total\n|\n|t:|1783545917\n|move|p2a: Flutter Mane|Shadow Ball|p1a: Arcanine\n|-damage|p1a: Arcanine|39/100\n|move|p1a: Arcanine|Morning Sun|p1a: Arcanine\n|-heal|p1a: Arcanine|89/100\n|\n|upkeep\n|turn|47\n|inactive|Time left: 300 sec this turn | 300 sec total\n|\n|t:|1783545918\n|move|p2a: Flutter Mane|Shadow Ball|p1a: Arcanine\n|-damage|p1a: Arcanine|37/100\n|move|p1a: Arcanine|Morning Sun|p1a: Arcanine\n|-heal|p1a: Arcanine|87/100\n|\n|upkeep\n|turn|48\n|inactive|Time left: 300 sec this turn | 300 sec total\n|\n|t:|1783545919\n|move|p2a: Flutter Mane|Shadow Ball|p1a: Arcanine\n|-damage|p1a: Arcanine|36/100\n|-unboost|p1a: Arcanine|spd|1\n|move|p1a: Arcanine|Morning Sun|p1a: Arcanine\n|-heal|p1a: Arcanine|86/100\n|\n|upkeep\n|turn|49\n|inactive|Time left: 300 sec this turn | 300 sec total\n|\n|t:|1783545920\n|move|p1a: Arcanine|Extreme Speed|p2a: Flutter Mane\n|-immune|p2a: Flutter Mane\n|move|p2a: Flutter Mane|Shadow Ball|p1a: Arcanine\n|-damage|p1a: Arcanine|11/100\n|\n|upkeep\n|turn|50\n|inactive|Time left: 300 sec this turn | 300 sec total\n|\n|t:|1783545921\n|move|p2a: Flutter Mane|Shadow Ball|p1a: Arcanine\n|-damage|p1a: Arcanine|0 fnt\n|faint|p1a: Arcanine\n|\n|win|p0y5245264", "uploadtime": 1783545921, "views": 0, "rating": 0, "private": 0, "password": null, "_winner": "p0y5245264", "_our_name": "p0y5245264"}