{"id": "battle-gen9randombattle-2876", "formatid": "gen9randombattle", "format": "[Gen 9] Random Battle", "players": ["p0x2876414d", "p0y28768fcd"], "log": "|init|battle\n|title|p0x2876414d vs. p0y28768fcd\n|j|\u2606p0x2876414d\n|j|\u2606p0y28768fcd\n|t:|1783572169\n|gametype|singles\n|player|p1|p0x2876414d|2|\n|player|p2|p0y28768fcd|102|\n|gen|9\n|tier|[Gen 9] Random Battle\n|rule|Species Clause: Limit one of each Pok\u00e9mon\n|rule|HP Percentage Mod: HP is shown in percentages\n|rule|Sleep Clause Mod: Limit one foe put to sleep\n|rule|Illusion Level Mod: Illusion disguises the Pok\u00e9mon's true level\n|\n|t:|1783572169\n|teamsize|p1|6\n|teamsize|p2|6\n|start\n|switch|p1a: Chandelure|Chandelure, L83, F|100/100\n|switch|p2a: Whiscash|Whiscash, L88, F|337/337\n|turn|1\n|inactive|Battle timer is ON: inactive players will automatically lose when time's up. (requested by p0x2876414d)\n|inactive|Time left: 300 sec this turn | 300 sec total | 60 sec grace\n|inactive|p0y28768fcd also wants the timer to be on.\n|\n|t:|1783572171\n|move|p1a: Chandelure|Energy Ball|p2a: Whiscash\n|-supereffective|p2a: Whiscash\n|-damage|p2a: Whiscash|0 fnt\n|faint|p2a: Whiscash\n|\n|upkeep\n|inactive|Time left: 300 sec this turn | 300 sec total | 65 sec grace\n|\n|t:|1783572172\n|switch|p2a: Glastrier|Glastrier, L86|312/312\n|turn|2\n|inactive|Time left: 300 sec this turn | 300 sec total\n|\n|t:|1783572174\n|switch|p1a: Samurott|Samurott, L88, F|100/100\n|move|p2a: Glastrier|Swords Dance|p2a: Glastrier\n|-boost|p2a: Glastrier|atk|2\n|\n|upkeep\n|turn|3\n|inactive|Time left: 300 sec this turn | 300 sec total\n|\n|t:|1783572175\n|move|p1a: Samurott|Swords Dance|p1a: Samurott\n|-boost|p1a: Samurott|atk|2\n|move|p2a: Glastrier|Icicle Crash|p1a: Samurott\n|-resisted|p1a: Samurott\n|-damage|p1a: Samurott|63/100\n|\n|upkeep\n|turn|4\n|inactive|Time left: 300 sec this turn | 300 sec total\n|\n|t:|1783572177\n|move|p1a: Samurott|Sacred Sword|p2a: Glastrier\n|-supereffective|p2a: Glastrier\n|-damage|p2a: Glastrier|52/312\n|-damage|p1a: Samurott|53/100|[from] item: Life Orb\n|move|p2a: Glastrier|High Horsepower|p1a: Samurott\n|-crit|p1a: Samurott\n|-damage|p1a: Samurott|0 fnt\n|faint|p1a: Samurott\n|-ability|p2a: Glastrier|Chilling Neigh|boost\n|-boost|p2a: Glastrier|atk|1\n|\n|upkeep\n|\n|t:|1783572177\n|switch|p1a: Iron Crown|Iron Crown, L78|100/100\n|turn|5\n|inactive|Time left: 300 sec this turn | 300 sec total\n|\n|t:|1783572179\n|move|p1a: Iron Crown|Tachyon Cutter|p2a: Glastrier\n|-supereffective|p2a: Glastrier\n|-damage|p2a: Glastrier|0 fnt\n|faint|p2a: Glastrier\n|-hitcount|p2: Glastrier|1\n|\n|upkeep\n|inactive|Time left: 300 sec this turn | 300 sec total | 5 sec grace\n|\n|t:|1783572180\n|switch|p2a: Ogerpon|Ogerpon-Hearthflame, L74, F|239/239\n|-ability|p2a: Ogerpon|Mold Breaker\n|turn|6\n|inactive|Time left: 300 sec this turn | 300 sec total\n|\n|t:|1783572181\n|-end|p1a: Iron Crown|Quark Drive|[silent]\n|switch|p1a: Chandelure|Chandelure, L83, F|100/100\n|move|p2a: Ogerpon|Swords Dance|p2a: Ogerpon\n|-boost|p2a: Ogerpon|atk|2\n|\n|upkeep\n|turn|7\n|inactive|Time left: 300 sec this turn | 300 sec total\n|\n|t:|1783572182\n|move|p1a: Chandelure|Shadow Ball|p2a: Ogerpon\n|-damage|p2a: Ogerpon|127/239\n|move|p2a: Ogerpon|Knock Off|p1a: Chandelure\n|-supereffective|p1a: Chandelure\n|-damage|p1a: Chandelure|0 fnt\n|-enditem|p1a: Chandelure|Choice Scarf|[from] move: Knock Off|[of] p2a: Ogerpon\n|faint|p1a: Chandelure\n|\n|upkeep\n|\n|t:|1783572182\n|switch|p1a: Brambleghast|Brambleghast, L88, F|100/100\n|turn|8\n|inactive|Time left: 300 sec this turn | 300 sec total\n|\n|t:|1783572183\n|switch|p2a: Necrozma|Necrozma-Dusk-Mane, L69|248/248\n|move|p1a: Brambleghast|Poltergeist|p2a: Necrozma\n|-activate|p2a: Necrozma|move: Poltergeist|Weakness Policy\n|-supereffective|p2a: Necrozma\n|-damage|p2a: Necrozma|53/248\n|-enditem|p2a: Necrozma|Weakness Policy\n|-boost|p2a: Necrozma|atk|2|[from] item: Weakness Policy\n|-boost|p2a: Necrozma|spa|2|[from] item: Weakness Policy\n|\n|upkeep\n|turn|9\n|inactive|Time left: 300 sec this turn | 300 sec total\n|\n|t:|1783572184\n|move|p1a: Brambleghast|Power Whip|p2a: Necrozma\n|-resisted|p2a: Necrozma\n|-damage|p2a: Necrozma|0 fnt\n|faint|p2a: Necrozma\n|\n|upkeep\n|inactive|Time left: 300 sec this turn | 300 sec total | 5 sec grace\n|\n|t:|1783572185\n|switch|p2a: Latios|Latios, L78, M|253/253\n|turn|10\n|inactive|Time left: 300 sec this turn | 300 sec total\n|\n|t:|1783572186\n|-terastallize|p2a: Latios|Fighting\n|move|p2a: Latios|Luster Purge|p1a: Brambleghast\n|-damage|p1a: Brambleghast|38/100\n|move|p1a: Brambleghast|Poltergeist|p2a: Latios\n|-activate|p2a: Latios|move: Poltergeist|Soul Dew\n|-damage|p2a: Latios|88/253\n|\n|-heal|p1a: Brambleghast|44/100|[from] item: Leftovers\n|upkeep\n|turn|11\n|inactive|Time left: 300 sec this turn | 300 sec total\n|\n|t:|1783572187\n|switch|p1a: Iron Crown|Iron Crown, L78|100/100\n|move|p2a: Latios|Luster Purge|p1a: Iron Crown\n|-resisted|p1a: Iron Crown\n|-damage|p1a: Iron Crown|89/100\n|-unboost|p1a: Iron Crown|spd|1\n|\n|-heal|p1a: Iron Crown|95/100|[from] item: Leftovers\n|upkeep\n|turn|12\n|inactive|Time left: 300 sec this turn | 300 sec total\n|\n|t:|1783572188\n|move|p2a: Latios|Aura Sphere|p1a: Iron Crown\n|-damage|p1a: Iron Crown|47/100\n|move|p1a: Iron Crown|Calm Mind|p1a: Iron Crown\n|-boost|p1a: Iron Crown|spa|1\n|-boost|p1a: Iron Crown|spd|1\n|\n|-heal|p1a: Iron Crown|53/100|[from] item: Leftovers\n|upkeep\n|turn|13\n|inactive|Time left: 300 sec this turn | 300 sec total\n|\n|t:|1783572188\n|move|p2a: Latios|Aura Sphere|p1a: Iron Crown\n|-damage|p1a: Iron Crown|18/100\n|move|p1a: Iron Crown|Calm Mind|p1a: Iron Crown\n|-boost|p1a: Iron Crown|spa|1\n|-boost|p1a: Iron Crown|spd|1\n|\n|-heal|p1a: Iron Crown|24/100|[from] item: Leftovers\n|upkeep\n|turn|14\n|inactive|Time left: 300 sec this turn | 300 sec total\n|\n|t:|1783572189\n|move|p2a: Latios|Aura Sphere|p1a: Iron Crown\n|-damage|p1a: Iron Crown|4/100\n|move|p1a: Iron Crown|Psyshock|p2a: Latios\n|-supereffective|p2a: Latios\n|-damage|p2a: Latios|0 fnt\n|faint|p2a: Latios\n|\n|-heal|p1a: Iron Crown|10/100|[from] item: Leftovers\n|upkeep\n|inactive|Time left: 300 sec this turn | 300 sec total | 5 sec grace\n|\n|t:|1783572190\n|switch|p2a: Ogerpon|Ogerpon-Hearthflame, L74, F|127/239\n|-ability|p2a: Ogerpon|Mold Breaker\n|turn|15\n|inactive|Time left: 300 sec this turn | 300 sec total\n|\n|t:|1783572191\n|move|p2a: Ogerpon|Ivy Cudgel|p1a: Iron Crown|[anim] Ivy Cudgel Fire\n|-supereffective|p1a: Iron Crown\n|-damage|p1a: Iron Crown|0 fnt\n|faint|p1a: Iron Crown\n|-end|p1a: Iron Crown|Quark Drive|[silent]\n|\n|upkeep\n|\n|t:|1783572192\n|switch|p1a: Zebstrika|Zebstrika, L87, F|100/100\n|turn|16\n|inactive|Time left: 300 sec this turn | 300 sec total\n|\n|t:|1783572193\n|switch|p2a: Oricorio|Oricorio-Sensu, L85, F|266/266\n|-terastallize|p1a: Zebstrika|Ground\n|move|p1a: Zebstrika|High Horsepower|p2a: Oricorio\n|-immune|p2a: Oricorio\n|\n|upkeep\n|turn|17\n|inactive|Time left: 300 sec this turn | 300 sec total\n|\n|t:|1783572194\n|switch|p2a: Ogerpon|Ogerpon-Hearthflame, L74, F|127/239\n|-ability|p2a: Ogerpon|Mold Breaker\n|move|p1a: Zebstrika|Supercell Slam|p2a: Ogerpon\n|-resisted|p2a: Ogerpon\n|-damage|p2a: Ogerpon|33/239\n|-damage|p1a: Zebstrika|91/100|[from] item: Life Orb\n|\n|upkeep\n|turn|18\n|inactive|Time left: 300 sec this turn | 300 sec total\n|\n|t:|1783572195\n|move|p1a: Zebstrika|Supercell Slam|p2a: Ogerpon\n|-resisted|p2a: Ogerpon\n|-damage|p2a: Ogerpon|0 fnt\n|faint|p2a: Ogerpon\n|-damage|p1a: Zebstrika|81/100|[from] item: Life Orb\n|\n|upkeep\n|inactive|Time left: 300 sec this turn | 300 sec total | 5 sec grace\n|\n|t:|1783572196\n|switch|p2a: Oricorio|Oricorio-Sensu, L85, F|266/266\n|turn|19\n|inactive|Time left: 300 sec this turn | 300 sec total\n|\n|t:|1783572197\n|move|p1a: Zebstrika|Supercell Slam|p2a: Oricorio\n|-supereffective|p2a: Oricorio\n|-damage|p2a: Oricorio|0 fnt\n|faint|p2a: Oricorio\n|-damage|p1a: Zebstrika|71/100|[from] item: Life Orb\n|\n|win|p0x2876414d", "uploadtime": 1783572197, "views": 0, "rating": 0, "private": 0, "password": null, "_winner": "p0x2876414d", "_our_name": "p0y28768fcd"}