{"id": "battle-gen9randombattle-2304", "formatid": "gen9randombattle", "format": "[Gen 9] Random Battle", "players": ["p0x2304458c", "p0y23049be5"], "log": "|init|battle\n|title|p0x2304458c vs. p0y23049be5\n|j|\u2606p0x2304458c\n|j|\u2606p0y23049be5\n|t:|1783566746\n|gametype|singles\n|player|p1|p0x2304458c|1|\n|player|p2|p0y23049be5|170|\n|gen|9\n|tier|[Gen 9] Random Battle\n|rule|Species Clause: Limit one of each Pok\u00e9mon\n|rule|HP Percentage Mod: HP is shown in percentages\n|rule|Sleep Clause Mod: Limit one foe put to sleep\n|rule|Illusion Level Mod: Illusion disguises the Pok\u00e9mon's true level\n|\n|t:|1783566746\n|teamsize|p1|6\n|teamsize|p2|6\n|start\n|switch|p1a: Vaporeon|Vaporeon, L86, F|364/364\n|switch|p2a: Toucannon|Toucannon, L88, M|100/100\n|turn|1\n|inactive|Battle timer is ON: inactive players will automatically lose when time's up. (requested by p0y23049be5)\n|inactive|Time left: 300 sec this turn | 300 sec total | 60 sec grace\n|inactive|p0x2304458c also wants the timer to be on.\n|\n|t:|1783566748\n|-singleturn|p2a: Toucannon|move: Beak Blast\n|move|p1a: Vaporeon|Scald|p2a: Toucannon\n|-damage|p2a: Toucannon|66/100\n|move|p2a: Toucannon|Beak Blast|p1a: Vaporeon\n|-damage|p1a: Vaporeon|201/364\n|\n|-heal|p1a: Vaporeon|223/364|[from] item: Leftovers\n|upkeep\n|turn|2\n|inactive|Time left: 300 sec this turn | 300 sec total\n|\n|t:|1783566749\n|move|p1a: Vaporeon|Scald|p2a: Toucannon\n|-damage|p2a: Toucannon|29/100\n|-status|p2a: Toucannon|brn\n|move|p2a: Toucannon|Roost|p2a: Toucannon\n|-heal|p2a: Toucannon|79/100 brn\n|-singleturn|p2a: Toucannon|move: Roost\n|\n|-heal|p1a: Vaporeon|245/364|[from] item: Leftovers\n|-damage|p2a: Toucannon|73/100 brn|[from] brn\n|upkeep\n|turn|3\n|inactive|Time left: 300 sec this turn | 300 sec total\n|\n|t:|1783566750\n|move|p1a: Vaporeon|Calm Mind|p1a: Vaporeon\n|-boost|p1a: Vaporeon|spa|1\n|-boost|p1a: Vaporeon|spd|1\n|move|p2a: Toucannon|Roost|p2a: Toucannon\n|-heal|p2a: Toucannon|100/100 brn\n|-singleturn|p2a: Toucannon|move: Roost\n|\n|-heal|p1a: Vaporeon|267/364|[from] item: Leftovers\n|-damage|p2a: Toucannon|95/100 brn|[from] brn\n|upkeep\n|turn|4\n|inactive|Time left: 300 sec this turn | 300 sec total\n|\n|t:|1783566750\n|-singleturn|p2a: Toucannon|move: Beak Blast\n|move|p1a: Vaporeon|Scald|p2a: Toucannon\n|-damage|p2a: Toucannon|37/100 brn\n|move|p2a: Toucannon|Beak Blast|p1a: Vaporeon\n|-damage|p1a: Vaporeon|173/364\n|\n|-heal|p1a: Vaporeon|195/364|[from] item: Leftovers\n|-damage|p2a: Toucannon|31/100 brn|[from] brn\n|upkeep\n|turn|5\n|inactive|Time left: 300 sec this turn | 300 sec total\n|\n|t:|1783566751\n|move|p1a: Vaporeon|Scald|p2a: Toucannon\n|-damage|p2a: Toucannon|0 fnt\n|faint|p2a: Toucannon\n|\n|-heal|p1a: Vaporeon|217/364|[from] item: Leftovers\n|upkeep\n|\n|t:|1783566752\n|switch|p2a: Malamar|Malamar, L82, M|100/100\n|turn|6\n|inactive|Time left: 300 sec this turn | 300 sec total\n|\n|t:|1783566753\n|move|p2a: Malamar|Superpower|p1a: Vaporeon\n|-damage|p1a: Vaporeon|113/364\n|-boost|p2a: Malamar|atk|1\n|-boost|p2a: Malamar|def|1\n|move|p1a: Vaporeon|Scald|p2a: Malamar\n|-damage|p2a: Malamar|38/100\n|\n|-heal|p1a: Vaporeon|135/364|[from] item: Leftovers\n|upkeep\n|turn|7\n|inactive|Time left: 300 sec this turn | 300 sec total\n|\n|t:|1783566754\n|move|p1a: Vaporeon|Protect|p1a: Vaporeon\n|-singleturn|p1a: Vaporeon|Protect\n|move|p2a: Malamar|Knock Off|p1a: Vaporeon\n|-activate|p1a: Vaporeon|move: Protect\n|\n|-heal|p1a: Vaporeon|157/364|[from] item: Leftovers\n|upkeep\n|turn|8\n|inactive|Time left: 300 sec this turn | 300 sec total\n|\n|t:|1783566755\n|move|p2a: Malamar|Knock Off|p1a: Vaporeon\n|-damage|p1a: Vaporeon|0 fnt\n|-enditem|p1a: Vaporeon|Leftovers|[from] move: Knock Off|[of] p2a: Malamar\n|faint|p1a: Vaporeon\n|\n|upkeep\n|inactive|Time left: 300 sec this turn | 300 sec total | 5 sec grace\n|\n|t:|1783566756\n|switch|p1a: Kyogre|Kyogre, L71|259/259\n|-weather|RainDance|[from] ability: Drizzle|[of] p1a: Kyogre\n|turn|9\n|inactive|Time left: 300 sec this turn | 300 sec total\n|\n|t:|1783566758\n|switch|p2a: Vaporeon|Vaporeon, L86, M|100/100\n|move|p1a: Kyogre|Origin Pulse|p2a: Vaporeon\n|-immune|p2a: Vaporeon|[from] ability: Water Absorb\n|\n|-weather|RainDance|[upkeep]\n|upkeep\n|turn|10\n|inactive|Time left: 300 sec this turn | 300 sec total\n|\n|t:|1783566759\n|move|p1a: Kyogre|Calm Mind|p1a: Kyogre\n|-boost|p1a: Kyogre|spa|1\n|-boost|p1a: Kyogre|spd|1\n|move|p2a: Vaporeon|Scald|p1a: Kyogre\n|-resisted|p1a: Kyogre\n|-damage|p1a: Kyogre|218/259\n|-status|p1a: Kyogre|brn\n|\n|-weather|RainDance|[upkeep]\n|-heal|p1a: Kyogre|234/259 brn|[from] item: Leftovers\n|-damage|p1a: Kyogre|218/259 brn|[from] brn\n|upkeep\n|turn|11\n|inactive|Time left: 300 sec this turn | 300 sec total\n|\n|t:|1783566760\n|move|p1a: Kyogre|Calm Mind|p1a: Kyogre\n|-boost|p1a: Kyogre|spa|1\n|-boost|p1a: Kyogre|spd|1\n|move|p2a: Vaporeon|Calm Mind|p2a: Vaporeon\n|-boost|p2a: Vaporeon|spa|1\n|-boost|p2a: Vaporeon|spd|1\n|\n|-weather|RainDance|[upkeep]\n|-heal|p1a: Kyogre|234/259 brn|[from] item: Leftovers\n|-damage|p1a: Kyogre|218/259 brn|[from] brn\n|upkeep\n|turn|12\n|inactive|Time left: 300 sec this turn | 300 sec total\n|\n|t:|1783566761\n|move|p1a: Kyogre|Thunder|p2a: Vaporeon\n|-supereffective|p2a: Vaporeon\n|-damage|p2a: Vaporeon|48/100\n|move|p2a: Vaporeon|Calm Mind|p2a: Vaporeon\n|-boost|p2a: Vaporeon|spa|1\n|-boost|p2a: Vaporeon|spd|1\n|\n|-weather|RainDance|[upkeep]\n|-heal|p1a: Kyogre|234/259 brn|[from] item: Leftovers\n|-heal|p2a: Vaporeon|54/100|[from] item: Leftovers\n|-damage|p1a: Kyogre|218/259 brn|[from] brn\n|upkeep\n|turn|13\n|inactive|Time left: 300 sec this turn | 300 sec total\n|\n|t:|1783566762\n|move|p2a: Vaporeon|Protect|p2a: Vaporeon\n|-singleturn|p2a: Vaporeon|Protect\n|move|p1a: Kyogre|Thunder|p2a: Vaporeon\n|-activate|p2a: Vaporeon|move: Protect\n|\n|-weather|none\n|-heal|p1a: Kyogre|234/259 brn|[from] item: Leftovers\n|-heal|p2a: Vaporeon|60/100|[from] item: Leftovers\n|-damage|p1a: Kyogre|218/259 brn|[from] brn\n|upkeep\n|turn|14\n|inactive|Time left: 300 sec this turn | 300 sec total\n|\n|t:|1783566763\n|move|p1a: Kyogre|Thunder|p2a: Vaporeon|[miss]\n|-miss|p1a: Kyogre|p2a: Vaporeon\n|move|p2a: Vaporeon|Calm Mind|p2a: Vaporeon\n|-boost|p2a: Vaporeon|spa|1\n|-boost|p2a: Vaporeon|spd|1\n|\n|-heal|p1a: Kyogre|234/259 brn|[from] item: Leftovers\n|-heal|p2a: Vaporeon|66/100|[from] item: Leftovers\n|-damage|p1a: Kyogre|218/259 brn|[from] brn\n|upkeep\n|turn|15\n|inactive|Time left: 300 sec this turn | 300 sec total\n|\n|t:|1783566764\n|move|p1a: Kyogre|Calm Mind|p1a: Kyogre\n|-boost|p1a: Kyogre|spa|1\n|-boost|p1a: Kyogre|spd|1\n|move|p2a: Vaporeon|Wish|p2a: Vaporeon\n|\n|-heal|p1a: Kyogre|234/259 brn|[from] item: Leftovers\n|-heal|p2a: Vaporeon|72/100|[from] item: Leftovers\n|-damage|p1a: Kyogre|218/259 brn|[from] brn\n|upkeep\n|turn|16\n|inactive|Time left: 300 sec this turn | 300 sec total\n|\n|t:|1783566765\n|move|p1a: Kyogre|Calm Mind|p1a: Kyogre\n|-boost|p1a: Kyogre|spa|1\n|-boost|p1a: Kyogre|spd|1\n|move|p2a: Vaporeon|Scald|p1a: Kyogre\n|-resisted|p1a: Kyogre\n|-damage|p1a: Kyogre|182/259 brn\n|\n|-heal|p2a: Vaporeon|100/100|[from] move: Wish|[wisher] Vaporeon\n|-heal|p1a: Kyogre|198/259 brn|[from] item: Leftovers\n|-damage|p1a: Kyogre|182/259 brn|[from] brn\n|upkeep\n|turn|17\n|inactive|Time left: 300 sec this turn | 300 sec total\n|\n|t:|1783566766\n|move|p1a: Kyogre|Thunder|p2a: Vaporeon\n|-supereffective|p2a: Vaporeon\n|-damage|p2a: Vaporeon|56/100\n|move|p2a: Vaporeon|Scald|p1a: Kyogre\n|-resisted|p1a: Kyogre\n|-damage|p1a: Kyogre|146/259 brn\n|\n|-heal|p1a: Kyogre|162/259 brn|[from] item: Leftovers\n|-heal|p2a: Vaporeon|62/100|[from] item: Leftovers\n|-damage|p1a: Kyogre|146/259 brn|[from] brn\n|upkeep\n|turn|18\n|inactive|Time left: 300 sec this turn | 300 sec total\n|\n|t:|1783566768\n|move|p2a: Vaporeon|Protect|p2a: Vaporeon\n|-singleturn|p2a: Vaporeon|Protect\n|move|p1a: Kyogre|Thunder|p2a: Vaporeon\n|-activate|p2a: Vaporeon|move: Protect\n|\n|-heal|p1a: Kyogre|162/259 brn|[from] item: Leftovers\n|-heal|p2a: Vaporeon|68/100|[from] item: Leftovers\n|-damage|p1a: Kyogre|146/259 brn|[from] brn\n|upkeep\n|turn|19\n|inactive|Time left: 300 sec this turn | 300 sec total\n|\n|t:|1783566769\n|move|p1a: Kyogre|Thunder|p2a: Vaporeon\n|-supereffective|p2a: Vaporeon\n|-damage|p2a: Vaporeon|15/100\n|-status|p2a: Vaporeon|par\n|move|p2a: Vaporeon|Calm Mind|p2a: Vaporeon\n|-boost|p2a: Vaporeon|spa|1\n|-boost|p2a: Vaporeon|spd|1\n|\n|-heal|p1a: Kyogre|162/259 brn|[from] item: Leftovers\n|-heal|p2a: Vaporeon|21/100 par|[from] item: Leftovers\n|-damage|p1a: Kyogre|146/259 brn|[from] brn\n|upkeep\n|turn|20\n|inactive|Time left: 300 sec this turn | 300 sec total\n|\n|t:|1783566770\n|move|p2a: Vaporeon|Protect|p2a: Vaporeon\n|-singleturn|p2a: Vaporeon|Protect\n|move|p1a: Kyogre|Thunder|p2a: Vaporeon\n|-activate|p2a: Vaporeon|move: Protect\n|\n|-heal|p1a: Kyogre|162/259 brn|[from] item: Leftovers\n|-heal|p2a: Vaporeon|27/100 par|[from] item: Leftovers\n|-damage|p1a: Kyogre|146/259 brn|[from] brn\n|upkeep\n|turn|21\n|inactive|Time left: 300 sec this turn | 300 sec total\n|\n|t:|1783566771\n|move|p2a: Vaporeon|Protect|p2a: Vaporeon\n|-singleturn|p2a: Vaporeon|Protect\n|move|p1a: Kyogre|Thunder|p2a: Vaporeon\n|-activate|p2a: Vaporeon|move: Protect\n|\n|-heal|p1a: Kyogre|162/259 brn|[from] item: Leftovers\n|-heal|p2a: Vaporeon|33/100 par|[from] item: Leftovers\n|-damage|p1a: Kyogre|146/259 brn|[from] brn\n|upkeep\n|turn|22\n|inactive|Time left: 300 sec this turn | 300 sec total\n|\n|t:|1783566772\n|-terastallize|p2a: Vaporeon|Poison\n|move|p1a: Kyogre|Thunder|p2a: Vaporeon\n|-damage|p2a: Vaporeon|15/100 par\n|move|p2a: Vaporeon|Wish|p2a: Vaporeon\n|\n|-heal|p1a: Kyogre|162/259 brn|[from] item: Leftovers\n|-heal|p2a: Vaporeon|21/100 par|[from] item: Leftovers\n|-damage|p1a: Kyogre|146/259 brn|[from] brn\n|upkeep\n|turn|23\n|inactive|Time left: 300 sec this turn | 300 sec total\n|\n|t:|1783566773\n|-terastallize|p1a: Kyogre|Electric\n|cant|p2a: Vaporeon|par\n|move|p1a: Kyogre|Thunder|p2a: Vaporeon\n|-damage|p2a: Vaporeon|0 fnt\n|faint|p2a: Vaporeon\n|\n|-heal|p1a: Kyogre|162/259 brn|[from] item: Leftovers\n|-damage|p1a: Kyogre|146/259 brn|[from] brn\n|upkeep\n|\n|t:|1783566774\n|switch|p2a: Solgaleo|Solgaleo, L74|100/100\n|turn|24\n|inactive|Time left: 300 sec this turn | 300 sec total\n|\n|t:|1783566775\n|move|p2a: Solgaleo|Earthquake|p1a: Kyogre\n|-supereffective|p1a: Kyogre\n|-damage|p1a: Kyogre|0 fnt\n|faint|p1a: Kyogre\n|\n|upkeep\n|inactive|Time left: 300 sec this turn | 300 sec total | 5 sec grace\n|\n|t:|1783566776\n|switch|p1a: Umbreon|Umbreon, L84, F|297/297\n|turn|25\n|inactive|Time left: 300 sec this turn | 300 sec total\n|\n|t:|1783566778\n|switch|p2a: Malamar|Malamar, L82, M|38/100\n|move|p1a: Umbreon|Foul Play|p2a: Malamar\n|-damage|p2a: Malamar|0 fnt\n|faint|p2a: Malamar\n|\n|upkeep\n|\n|t:|1783566779\n|switch|p2a: Persian|Persian-Alola, L86, F|100/100\n|turn|26\n|inactive|Time left: 300 sec this turn | 300 sec total\n|\n|t:|1783566780\n|move|p2a: Persian|Parting Shot|p1a: Umbreon\n|-unboost|p1a: Umbreon|atk|1\n|-unboost|p1a: Umbreon|spa|1\n|\n|t:|1783566781\n|switch|p2a: Toxtricity|Toxtricity, L82, F|100/100|[from] Parting Shot\n|move|p1a: Umbreon|Toxic|p2a: Toxtricity\n|-immune|p2a: Toxtricity\n|\n|upkeep\n|turn|27\n|inactive|Time left: 300 sec this turn | 300 sec total\n|\n|t:|1783566782\n|move|p2a: Toxtricity|Boomburst|p1a: Umbreon\n|-damage|p1a: Umbreon|195/297\n|move|p1a: Umbreon|Foul Play|p2a: Toxtricity\n|-damage|p2a: Toxtricity|63/100\n|\n|-heal|p1a: Umbreon|213/297|[from] item: Leftovers\n|upkeep\n|turn|28\n|inactive|Time left: 300 sec this turn | 300 sec total\n|\n|t:|1783566782\n|move|p2a: Toxtricity|Boomburst|p1a: Umbreon\n|-damage|p1a: Umbreon|107/297\n|move|p1a: Umbreon|Foul Play|p2a: Toxtricity\n|-damage|p2a: Toxtricity|27/100\n|\n|-heal|p1a: Umbreon|125/297|[from] item: Leftovers\n|upkeep\n|turn|29\n|inactive|Time left: 300 sec this turn | 300 sec total\n|\n|t:|1783566783\n|move|p2a: Toxtricity|Boomburst|p1a: Umbreon\n|-damage|p1a: Umbreon|32/297\n|move|p1a: Umbreon|Foul Play|p2a: Toxtricity\n|-damage|p2a: Toxtricity|0 fnt\n|faint|p2a: Toxtricity\n|\n|-heal|p1a: Umbreon|50/297|[from] item: Leftovers\n|upkeep\n|\n|t:|1783566784\n|switch|p2a: Solgaleo|Solgaleo, L74|100/100\n|turn|30\n|inactive|Time left: 300 sec this turn | 300 sec total\n|\n|t:|1783566785\n|move|p1a: Umbreon|Protect|p1a: Umbreon\n|-singleturn|p1a: Umbreon|Protect\n|move|p2a: Solgaleo|Sunsteel Strike|p1a: Umbreon\n|-activate|p1a: Umbreon|move: Protect\n|\n|-heal|p1a: Umbreon|68/297|[from] item: Leftovers\n|upkeep\n|turn|31\n|inactive|Time left: 300 sec this turn | 300 sec total\n|\n|t:|1783566786\n|switch|p1a: Gouging Fire|Gouging Fire, L74|277/277\n|move|p2a: Solgaleo|Sunsteel Strike|p1a: Gouging Fire\n|-resisted|p1a: Gouging Fire\n|-damage|p1a: Gouging Fire|233/277\n|\n|upkeep\n|turn|32\n|inactive|Time left: 300 sec this turn | 300 sec total\n|\n|t:|1783566788\n|move|p2a: Solgaleo|Earthquake|p1a: Gouging Fire\n|-supereffective|p1a: Gouging Fire\n|-damage|p1a: Gouging Fire|107/277\n|move|p1a: Gouging Fire|Morning Sun|p1a: Gouging Fire\n|-heal|p1a: Gouging Fire|245/277\n|\n|upkeep\n|turn|33\n|inactive|Time left: 300 sec this turn | 300 sec total\n|\n|t:|1783566789\n|move|p2a: Solgaleo|Earthquake|p1a: Gouging Fire\n|-supereffective|p1a: Gouging Fire\n|-damage|p1a: Gouging Fire|119/277\n|move|p1a: Gouging Fire|Morning Sun|p1a: Gouging Fire\n|-heal|p1a: Gouging Fire|257/277\n|\n|upkeep\n|turn|34\n|inactive|Time left: 300 sec this turn | 300 sec total\n|\n|t:|1783566790\n|move|p2a: Solgaleo|Earthquake|p1a: Gouging Fire\n|-supereffective|p1a: Gouging Fire\n|-damage|p1a: Gouging Fire|123/277\n|move|p1a: Gouging Fire|Dragon Dance|p1a: Gouging Fire\n|-boost|p1a: Gouging Fire|atk|1\n|-boost|p1a: Gouging Fire|spe|1\n|\n|upkeep\n|turn|35\n|inactive|Time left: 300 sec this turn | 300 sec total\n|\n|t:|1783566791\n|move|p1a: Gouging Fire|Morning Sun|p1a: Gouging Fire\n|-heal|p1a: Gouging Fire|261/277\n|move|p2a: Solgaleo|Earthquake|p1a: Gouging Fire\n|-supereffective|p1a: Gouging Fire\n|-damage|p1a: Gouging Fire|135/277\n|\n|upkeep\n|turn|36\n|inactive|Time left: 300 sec this turn | 300 sec total\n|\n|t:|1783566792\n|move|p1a: Gouging Fire|Morning Sun|p1a: Gouging Fire\n|-heal|p1a: Gouging Fire|273/277\n|move|p2a: Solgaleo|Earthquake|p1a: Gouging Fire\n|-supereffective|p1a: Gouging Fire\n|-damage|p1a: Gouging Fire|139/277\n|\n|upkeep\n|turn|37\n|inactive|Time left: 300 sec this turn | 300 sec total\n|\n|t:|1783566793\n|move|p1a: Gouging Fire|Heat Crash|p2a: Solgaleo\n|-supereffective|p2a: Solgaleo\n|-damage|p2a: Solgaleo|44/100\n|-enditem|p2a: Solgaleo|Weakness Policy\n|-boost|p2a: Solgaleo|atk|2|[from] item: Weakness Policy\n|-boost|p2a: Solgaleo|spa|2|[from] item: Weakness Policy\n|move|p2a: Solgaleo|Earthquake|p1a: Gouging Fire\n|-supereffective|p1a: Gouging Fire\n|-crit|p1a: Gouging Fire\n|-damage|p1a: Gouging Fire|0 fnt\n|faint|p1a: Gouging Fire\n|-end|p1a: Gouging Fire|Protosynthesis|[silent]\n|\n|upkeep\n|inactive|Time left: 300 sec this turn | 300 sec total | 5 sec grace\n|\n|t:|1783566795\n|switch|p1a: Pawmot|Pawmot, L80, F|243/243\n|turn|38\n|inactive|Time left: 300 sec this turn | 300 sec total\n|\n|t:|1783566796\n|move|p1a: Pawmot|Close Combat|p2a: Solgaleo\n|-damage|p2a: Solgaleo|0 fnt\n|-unboost|p1a: Pawmot|def|1\n|-unboost|p1a: Pawmot|spd|1\n|faint|p2a: Solgaleo\n|-damage|p1a: Pawmot|219/243|[from] item: Life Orb\n|\n|upkeep\n|\n|t:|1783566797\n|switch|p2a: Persian|Persian-Alola, L86, F|100/100\n|turn|39\n|inactive|Time left: 300 sec this turn | 300 sec total\n|\n|t:|1783566797\n|move|p2a: Persian|Knock Off|p1a: Pawmot\n|-resisted|p1a: Pawmot\n|-damage|p1a: Pawmot|149/243\n|-enditem|p1a: Pawmot|Life Orb|[from] move: Knock Off|[of] p2a: Persian\n|move|p1a: Pawmot|Close Combat|p2a: Persian\n|-supereffective|p2a: Persian\n|-damage|p2a: Persian|34/100\n|-unboost|p1a: Pawmot|def|1\n|-unboost|p1a: Pawmot|spd|1\n|\n|upkeep\n|turn|40\n|inactive|Time left: 300 sec this turn | 300 sec total\n|\n|t:|1783566799\n|move|p2a: Persian|Parting Shot|p1a: Pawmot\n|-unboost|p1a: Pawmot|atk|1\n|-unboost|p1a: Pawmot|spa|1\n|move|p1a: Pawmot|Close Combat|p2a: Persian\n|-supereffective|p2a: Persian\n|-damage|p2a: Persian|0 fnt\n|-unboost|p1a: Pawmot|def|1\n|-unboost|p1a: Pawmot|spd|1\n|faint|p2a: Persian\n|\n|win|p0x2304458c", "uploadtime": 1783566799, "views": 0, "rating": 0, "private": 0, "password": null, "_winner": "p0x2304458c", "_our_name": "p0x2304458c"}