{"id": "battle-gen9randombattle-2571", "formatid": "gen9randombattle", "format": "[Gen 9] Random Battle", "players": ["p0x2571d4f8", "p0y2571d071"], "log": "|init|battle\n|title|p0x2571d4f8 vs. p0y2571d071\n|j|\u2606p0x2571d4f8\n|j|\u2606p0y2571d071\n|t:|1783569719\n|gametype|singles\n|player|p1|p0x2571d4f8|2|\n|player|p2|p0y2571d071|170|\n|gen|9\n|tier|[Gen 9] Random Battle\n|rule|Species Clause: Limit one of each Pok\u00e9mon\n|rule|HP Percentage Mod: HP is shown in percentages\n|rule|Sleep Clause Mod: Limit one foe put to sleep\n|rule|Illusion Level Mod: Illusion disguises the Pok\u00e9mon's true level\n|\n|t:|1783569719\n|teamsize|p1|6\n|teamsize|p2|6\n|start\n|switch|p1a: Chansey|Chansey, L85, F|564/564\n|switch|p2a: Dragonite|Dragonite, L74, F|100/100\n|turn|1\n|inactive|Battle timer is ON: inactive players will automatically lose when time's up. (requested by p0y2571d071)\n|inactive|Time left: 300 sec this turn | 300 sec total | 60 sec grace\n|inactive|p0x2571d4f8 also wants the timer to be on.\n|\n|t:|1783569721\n|move|p2a: Dragonite|Outrage|p1a: Chansey\n|-damage|p1a: Chansey|257/564\n|move|p1a: Chansey|Stealth Rock|p2a: Dragonite\n|-sidestart|p2: p0y2571d071|move: Stealth Rock\n|\n|upkeep\n|turn|2\n|inactive|Time left: 300 sec this turn | 300 sec total\n|\n|t:|1783569722\n|switch|p1a: Granbull|Granbull, L88, M|302/302\n|-ability|p1a: Granbull|Intimidate|boost\n|-unboost|p2a: Dragonite|atk|1\n|move|p2a: Dragonite|Outrage|p1a: Granbull|[from] lockedmove\n|-immune|p1a: Granbull\n|-start|p2a: Dragonite|confusion|[fatigue]\n|\n|upkeep\n|turn|3\n|inactive|Time left: 300 sec this turn | 300 sec total\n|\n|t:|1783569723\n|switch|p2a: Vikavolt|Vikavolt, L83, M|100/100\n|move|p1a: Granbull|Play Rough|p2a: Vikavolt\n|-damage|p2a: Vikavolt|53/100\n|\n|upkeep\n|turn|4\n|inactive|Time left: 300 sec this turn | 300 sec total\n|\n|t:|1783569724\n|move|p1a: Granbull|Play Rough|p2a: Vikavolt\n|-damage|p2a: Vikavolt|9/100\n|move|p2a: Vikavolt|Sticky Web|p1a: Granbull\n|-sidestart|p1: p0x2571d4f8|move: Sticky Web\n|\n|upkeep\n|turn|5\n|inactive|Time left: 300 sec this turn | 300 sec total\n|\n|t:|1783569725\n|switch|p2a: Orthworm|Orthworm, L88, M|100/100\n|-damage|p2a: Orthworm|94/100|[from] Stealth Rock\n|move|p1a: Granbull|Play Rough|p2a: Orthworm\n|-resisted|p2a: Orthworm\n|-damage|p2a: Orthworm|80/100\n|\n|-heal|p2a: Orthworm|86/100|[from] item: Leftovers\n|upkeep\n|turn|6\n|inactive|Time left: 300 sec this turn | 300 sec total\n|\n|t:|1783569726\n|move|p2a: Orthworm|Heavy Slam|p1a: Granbull\n|-supereffective|p1a: Granbull\n|-damage|p1a: Granbull|48/302\n|move|p1a: Granbull|Play Rough|p2a: Orthworm\n|-resisted|p2a: Orthworm\n|-damage|p2a: Orthworm|70/100\n|\n|-heal|p2a: Orthworm|76/100|[from] item: Leftovers\n|-heal|p1a: Granbull|66/302|[from] item: Leftovers\n|upkeep\n|turn|7\n|inactive|Time left: 300 sec this turn | 300 sec total\n|\n|t:|1783569726\n|switch|p1a: Manaphy|Manaphy, L78|284/284\n|-activate|p1a: Manaphy|move: Sticky Web\n|-unboost|p1a: Manaphy|spe|1\n|move|p2a: Orthworm|Heavy Slam|p1a: Manaphy\n|-resisted|p1a: Manaphy\n|-damage|p1a: Manaphy|224/284\n|\n|-heal|p2a: Orthworm|82/100|[from] item: Leftovers\n|-heal|p1a: Manaphy|241/284|[from] item: Leftovers\n|upkeep\n|turn|8\n|inactive|Time left: 300 sec this turn | 300 sec total\n|\n|t:|1783569727\n|move|p2a: Orthworm|Spikes|p1a: Manaphy\n|-sidestart|p1: p0x2571d4f8|Spikes\n|move|p1a: Manaphy|Tail Glow|p1a: Manaphy\n|-boost|p1a: Manaphy|spa|3\n|\n|-heal|p2a: Orthworm|88/100|[from] item: Leftovers\n|-heal|p1a: Manaphy|258/284|[from] item: Leftovers\n|upkeep\n|turn|9\n|inactive|Time left: 300 sec this turn | 300 sec total\n|\n|t:|1783569728\n|move|p2a: Orthworm|Body Press|p1a: Manaphy\n|-damage|p1a: Manaphy|167/284\n|move|p1a: Manaphy|Hydro Pump|p2a: Orthworm|[miss]\n|-miss|p1a: Manaphy|p2a: Orthworm\n|\n|-heal|p2a: Orthworm|94/100|[from] item: Leftovers\n|-heal|p1a: Manaphy|184/284|[from] item: Leftovers\n|upkeep\n|turn|10\n|inactive|Time left: 300 sec this turn | 300 sec total\n|\n|t:|1783569729\n|move|p2a: Orthworm|Spikes|p1a: Manaphy\n|-sidestart|p1: p0x2571d4f8|Spikes\n|move|p1a: Manaphy|Hydro Pump|p2a: Orthworm\n|-damage|p2a: Orthworm|0 fnt\n|faint|p2a: Orthworm\n|\n|-heal|p1a: Manaphy|201/284|[from] item: Leftovers\n|upkeep\n|\n|t:|1783569730\n|switch|p2a: Tsareena|Tsareena, L87, F|100/100\n|-damage|p2a: Tsareena|88/100|[from] Stealth Rock\n|turn|11\n|inactive|Time left: 300 sec this turn | 300 sec total\n|\n|t:|1783569731\n|-terastallize|p1a: Manaphy|Grass\n|move|p2a: Tsareena|Power Whip|p1a: Manaphy\n|-resisted|p1a: Manaphy\n|-damage|p1a: Manaphy|93/284\n|move|p1a: Manaphy|Ice Beam|p2a: Tsareena\n|-supereffective|p2a: Tsareena\n|-crit|p2a: Tsareena\n|-damage|p2a: Tsareena|0 fnt\n|faint|p2a: Tsareena\n|\n|-heal|p1a: Manaphy|110/284|[from] item: Leftovers\n|upkeep\n|\n|t:|1783569732\n|switch|p2a: Honchkrow|Honchkrow, L86, M|100/100\n|turn|12\n|inactive|Time left: 300 sec this turn | 300 sec total\n|\n|t:|1783569733\n|switch|p1a: Probopass|Probopass, L91, F|257/257\n|-activate|p1a: Probopass|move: Sticky Web\n|-unboost|p1a: Probopass|spe|1\n|-damage|p1a: Probopass|215/257|[from] Spikes\n|move|p2a: Honchkrow|Brave Bird|p1a: Probopass\n|-resisted|p1a: Probopass\n|-damage|p1a: Probopass|192/257\n|-damage|p2a: Honchkrow|98/100|[from] Recoil\n|\n|-heal|p1a: Probopass|208/257|[from] item: Leftovers\n|upkeep\n|turn|13\n|inactive|Time left: 300 sec this turn | 300 sec total\n|\n|t:|1783569734\n|move|p2a: Honchkrow|Thunder Wave|p1a: Probopass\n|-status|p1a: Probopass|par\n|move|p1a: Probopass|Power Gem|p2a: Honchkrow\n|-supereffective|p2a: Honchkrow\n|-damage|p2a: Honchkrow|30/100\n|\n|-heal|p1a: Probopass|224/257 par|[from] item: Leftovers\n|upkeep\n|turn|14\n|inactive|Time left: 300 sec this turn | 300 sec total\n|\n|t:|1783569735\n|switch|p2a: Dragonite|Dragonite, L74, F|100/100\n|cant|p1a: Probopass|par\n|\n|-heal|p1a: Probopass|240/257 par|[from] item: Leftovers\n|upkeep\n|turn|15\n|inactive|Time left: 300 sec this turn | 300 sec total\n|\n|t:|1783569736\n|move|p2a: Dragonite|Dragon Dance|p2a: Dragonite\n|-boost|p2a: Dragonite|atk|1\n|-boost|p2a: Dragonite|spe|1\n|move|p1a: Probopass|Power Gem|p2a: Dragonite\n|-supereffective|p2a: Dragonite\n|-damage|p2a: Dragonite|69/100\n|\n|-heal|p1a: Probopass|256/257 par|[from] item: Leftovers\n|upkeep\n|turn|16\n|inactive|Time left: 300 sec this turn | 300 sec total\n|\n|t:|1783569737\n|switch|p1a: Granbull|Granbull, L88, M|66/302\n|-activate|p1a: Granbull|move: Sticky Web\n|-unboost|p1a: Granbull|spe|1\n|-damage|p1a: Granbull|16/302|[from] Spikes\n|-ability|p1a: Granbull|Intimidate|boost\n|-unboost|p2a: Dragonite|atk|1\n|move|p2a: Dragonite|Earthquake|p1a: Granbull\n|-damage|p1a: Granbull|0 fnt\n|faint|p1a: Granbull\n|\n|upkeep\n|inactive|Time left: 300 sec this turn | 300 sec total | 5 sec grace\n|\n|t:|1783569738\n|switch|p1a: Pincurchin|Pincurchin, F|258/258\n|-activate|p1a: Pincurchin|move: Sticky Web\n|-unboost|p1a: Pincurchin|spe|1\n|-damage|p1a: Pincurchin|215/258|[from] Spikes\n|-fieldstart|move: Electric Terrain|[from] ability: Electric Surge|[of] p1a: Pincurchin\n|turn|17\n|inactive|Time left: 300 sec this turn | 300 sec total\n|\n|t:|1783569739\n|move|p2a: Dragonite|Earthquake|p1a: Pincurchin\n|-supereffective|p1a: Pincurchin\n|-damage|p1a: Pincurchin|97/258\n|move|p1a: Pincurchin|Zing Zap|p2a: Dragonite\n|-damage|p2a: Dragonite|0 fnt\n|faint|p2a: Dragonite\n|\n|-heal|p1a: Pincurchin|113/258|[from] item: Leftovers\n|upkeep\n|\n|t:|1783569739\n|switch|p2a: Hitmontop|Hitmontop, L88, M|100/100\n|-damage|p2a: Hitmontop|94/100|[from] Stealth Rock\n|-ability|p2a: Hitmontop|Intimidate|boost\n|-unboost|p1a: Pincurchin|atk|1\n|turn|18\n|inactive|Time left: 300 sec this turn | 300 sec total\n|\n|t:|1783569740\n|move|p2a: Hitmontop|Earthquake|p1a: Pincurchin\n|-supereffective|p1a: Pincurchin\n|-damage|p1a: Pincurchin|0 fnt\n|faint|p1a: Pincurchin\n|\n|upkeep\n|inactive|Time left: 300 sec this turn | 300 sec total | 5 sec grace\n|\n|t:|1783569741\n|switch|p1a: Regirock|Regirock, L83|268/268\n|-activate|p1a: Regirock|move: Sticky Web\n|-fail|p1a: Regirock|unboost|[from] ability: Clear Body|[of] p1a: Regirock\n|-damage|p1a: Regirock|224/268|[from] Spikes\n|turn|19\n|inactive|Time left: 300 sec this turn | 300 sec total\n|\n|t:|1783569742\n|move|p2a: Hitmontop|Earthquake|p1a: Regirock\n|-supereffective|p1a: Regirock\n|-damage|p1a: Regirock|140/268\n|move|p1a: Regirock|Body Press|p2a: Hitmontop\n|-crit|p2a: Hitmontop\n|-damage|p2a: Hitmontop|33/100\n|\n|-heal|p1a: Regirock|156/268|[from] item: Leftovers\n|upkeep\n|turn|20\n|inactive|Time left: 300 sec this turn | 300 sec total\n|\n|t:|1783569743\n|move|p2a: Hitmontop|Close Combat|p1a: Regirock\n|-supereffective|p1a: Regirock\n|-damage|p1a: Regirock|0 fnt\n|-unboost|p2a: Hitmontop|def|1\n|-unboost|p2a: Hitmontop|spd|1\n|faint|p1a: Regirock\n|\n|upkeep\n|inactive|Time left: 300 sec this turn | 300 sec total | 5 sec grace\n|\n|t:|1783569744\n|switch|p1a: Probopass|Probopass, L91, F|256/257 par\n|-activate|p1a: Probopass|move: Sticky Web\n|-unboost|p1a: Probopass|spe|1\n|-damage|p1a: Probopass|214/257 par|[from] Spikes\n|turn|21\n|inactive|Time left: 300 sec this turn | 300 sec total\n|\n|t:|1783569745\n|move|p2a: Hitmontop|Close Combat|p1a: Probopass\n|-supereffective|p1a: Probopass\n|-damage|p1a: Probopass|0 fnt\n|-unboost|p2a: Hitmontop|def|1\n|-unboost|p2a: Hitmontop|spd|1\n|faint|p1a: Probopass\n|\n|-fieldend|move: Electric Terrain\n|upkeep\n|inactive|Time left: 300 sec this turn | 300 sec total | 5 sec grace\n|\n|t:|1783569746\n|switch|p1a: Chansey|Chansey, L85, F|257/564\n|-activate|p1a: Chansey|move: Sticky Web\n|-unboost|p1a: Chansey|spe|1\n|-damage|p1a: Chansey|163/564|[from] Spikes\n|turn|22\n|inactive|Time left: 300 sec this turn | 300 sec total\n|\n|t:|1783569746\n|-terastallize|p2a: Hitmontop|Steel\n|move|p2a: Hitmontop|Close Combat|p1a: Chansey\n|-supereffective|p1a: Chansey\n|-damage|p1a: Chansey|0 fnt\n|-unboost|p2a: Hitmontop|def|1\n|-unboost|p2a: Hitmontop|spd|1\n|faint|p1a: Chansey\n|\n|upkeep\n|inactive|Time left: 300 sec this turn | 300 sec total | 5 sec grace\n|\n|t:|1783569747\n|switch|p1a: Manaphy|Manaphy, L78, tera:Grass|110/284\n|-activate|p1a: Manaphy|move: Sticky Web\n|-unboost|p1a: Manaphy|spe|1\n|-damage|p1a: Manaphy|63/284|[from] Spikes\n|turn|23\n|inactive|Time left: 300 sec this turn | 300 sec total\n|\n|t:|1783569748\n|move|p2a: Hitmontop|Close Combat|p1a: Manaphy\n|-damage|p1a: Manaphy|0 fnt\n|-unboost|p2a: Hitmontop|def|1\n|-unboost|p2a: Hitmontop|spd|1\n|faint|p1a: Manaphy\n|\n|win|p0y2571d071", "uploadtime": 1783569748, "views": 0, "rating": 0, "private": 0, "password": null, "_winner": "p0y2571d071", "_our_name": "p0x2571d4f8"}