{"id": "battle-gen9randombattle-125", "formatid": "gen9randombattle", "format": "[Gen 9] Random Battle", "players": ["p0x125ac8a", "p0y1257c86"], "log": "|init|battle\n|title|p0x125ac8a vs. p0y1257c86\n|j|\u2606p0x125ac8a\n|j|\u2606p0y1257c86\n|t:|1783540934\n|gametype|singles\n|player|p1|p0x125ac8a|170|\n|player|p2|p0y1257c86|266|\n|gen|9\n|tier|[Gen 9] Random Battle\n|rule|Species Clause: Limit one of each Pok\u00e9mon\n|rule|HP Percentage Mod: HP is shown in percentages\n|rule|Sleep Clause Mod: Limit one foe put to sleep\n|rule|Illusion Level Mod: Illusion disguises the Pok\u00e9mon's true level\n|\n|t:|1783540934\n|teamsize|p1|6\n|teamsize|p2|6\n|start\n|switch|p1a: Cyclizar|Cyclizar, L84, M|100/100\n|switch|p2a: Toxtricity|Toxtricity, L82, F|257/257\n|turn|1\n|inactive|Battle timer is ON: inactive players will automatically lose when time's up. (requested by p0y1257c86)\n|inactive|p0x125ac8a also wants the timer to be on.\n|\n|t:|1783540936\n|move|p1a: Cyclizar|Rapid Spin|p2a: Toxtricity\n|-damage|p2a: Toxtricity|199/257\n|-boost|p1a: Cyclizar|spe|1\n|move|p2a: Toxtricity|Shift Gear|p2a: Toxtricity\n|-boost|p2a: Toxtricity|spe|2\n|-boost|p2a: Toxtricity|atk|1\n|\n|upkeep\n|turn|2\n|inactive|Time left: 300 sec this turn | 300 sec total\n|\n|t:|1783540937\n|move|p1a: Cyclizar|Draco Meteor|p2a: Toxtricity\n|-damage|p2a: Toxtricity|46/257\n|-unboost|p1a: Cyclizar|spa|2\n|move|p2a: Toxtricity|Gunk Shot|p1a: Cyclizar|[miss]\n|-miss|p2a: Toxtricity|p1a: Cyclizar\n|\n|upkeep\n|turn|3\n|inactive|Time left: 300 sec this turn | 300 sec total\n|\n|t:|1783540938\n|switch|p2a: Arboliva|Arboliva, L91, M|290/290\n|move|p1a: Cyclizar|Rapid Spin|p2a: Arboliva\n|-damage|p2a: Arboliva|245/290\n|-boost|p1a: Cyclizar|spe|1\n|-fieldstart|move: Grassy Terrain|[from] ability: Seed Sower|[of] p2a: Arboliva\n|\n|-heal|p2a: Arboliva|263/290|[from] Grassy Terrain\n|-heal|p2a: Arboliva|281/290|[from] item: Leftovers\n|upkeep\n|turn|4\n|inactive|Time left: 300 sec this turn | 300 sec total\n|\n|t:|1783540939\n|move|p1a: Cyclizar|Shed Tail|p1a: Cyclizar\n|-start|p1a: Cyclizar|Substitute|[from] move: Shed Tail\n|-damage|p1a: Cyclizar|50/100\n|\n|t:|1783540940\n|switch|p1a: Milotic|Milotic, L83, F|100/100|[from] Shed Tail\n|move|p2a: Arboliva|Hyper Voice|p1a: Milotic\n|-damage|p1a: Milotic|65/100\n|\n|-heal|p1a: Milotic|71/100|[from] Grassy Terrain\n|-heal|p1a: Milotic|78/100|[from] item: Leftovers\n|-heal|p2a: Arboliva|290/290|[from] Grassy Terrain\n|upkeep\n|turn|5\n|inactive|Time left: 300 sec this turn | 300 sec total\n|\n|t:|1783540941\n|move|p1a: Milotic|Ice Beam|p2a: Arboliva\n|-supereffective|p2a: Arboliva\n|-damage|p2a: Arboliva|192/290\n|move|p2a: Arboliva|Hyper Voice|p1a: Milotic\n|-damage|p1a: Milotic|45/100\n|\n|-heal|p1a: Milotic|51/100|[from] Grassy Terrain\n|-heal|p1a: Milotic|57/100|[from] item: Leftovers\n|-heal|p2a: Arboliva|210/290|[from] Grassy Terrain\n|-heal|p2a: Arboliva|228/290|[from] item: Leftovers\n|upkeep\n|turn|6\n|inactive|Time left: 300 sec this turn | 300 sec total\n|\n|t:|1783540942\n|move|p1a: Milotic|Ice Beam|p2a: Arboliva\n|-supereffective|p2a: Arboliva\n|-damage|p2a: Arboliva|120/290\n|-status|p2a: Arboliva|frz\n|-curestatus|p2a: Arboliva|frz|[msg]\n|move|p2a: Arboliva|Energy Ball|p1a: Milotic\n|-supereffective|p1a: Milotic\n|-end|p1a: Milotic|Substitute\n|\n|-heal|p1a: Milotic|63/100|[from] Grassy Terrain\n|-heal|p1a: Milotic|69/100|[from] item: Leftovers\n|-heal|p2a: Arboliva|138/290|[from] Grassy Terrain\n|-heal|p2a: Arboliva|156/290|[from] item: Leftovers\n|upkeep\n|turn|7\n|inactive|Time left: 300 sec this turn | 300 sec total\n|\n|t:|1783540943\n|move|p1a: Milotic|Ice Beam|p2a: Arboliva\n|-supereffective|p2a: Arboliva\n|-damage|p2a: Arboliva|60/290\n|move|p2a: Arboliva|Energy Ball|p1a: Milotic\n|-supereffective|p1a: Milotic\n|-damage|p1a: Milotic|0 fnt\n|faint|p1a: Milotic\n|\n|-heal|p2a: Arboliva|78/290|[from] Grassy Terrain\n|-heal|p2a: Arboliva|96/290|[from] item: Leftovers\n|-fieldend|move: Grassy Terrain\n|upkeep\n|\n|t:|1783540944\n|switch|p1a: Reshiram|Reshiram, L76|100/100\n|-ability|p1a: Reshiram|Turboblaze\n|turn|8\n|inactive|Time left: 300 sec this turn | 300 sec total\n|\n|t:|1783540945\n|move|p1a: Reshiram|Blue Flare|p2a: Arboliva\n|-supereffective|p2a: Arboliva\n|-damage|p2a: Arboliva|0 fnt\n|-fieldstart|move: Grassy Terrain|[from] ability: Seed Sower|[of] p2a: Arboliva\n|faint|p2a: Arboliva\n|\n|upkeep\n|inactive|Time left: 300 sec this turn | 300 sec total | 5 sec grace\n|\n|t:|1783540946\n|switch|p2a: Salamence|Salamence, L77, M|273/273\n|-ability|p2a: Salamence|Intimidate|boost\n|-unboost|p1a: Reshiram|atk|1\n|turn|9\n|inactive|Time left: 300 sec this turn | 300 sec total\n|\n|t:|1783540947\n|switch|p1a: Comfey|Comfey, L85, F|100/100\n|move|p2a: Salamence|Outrage|p1a: Comfey\n|-immune|p1a: Comfey\n|\n|upkeep\n|turn|10\n|inactive|Time left: 300 sec this turn | 300 sec total\n|\n|t:|1783540948\n|move|p1a: Comfey|Calm Mind|p1a: Comfey\n|-boost|p1a: Comfey|spa|1\n|-boost|p1a: Comfey|spd|1\n|move|p2a: Salamence|Dragon Dance|p2a: Salamence\n|-boost|p2a: Salamence|atk|1\n|-boost|p2a: Salamence|spe|1\n|\n|upkeep\n|turn|11\n|inactive|Time left: 300 sec this turn | 300 sec total\n|\n|t:|1783540949\n|move|p1a: Comfey|Draining Kiss|p2a: Salamence\n|-supereffective|p2a: Salamence\n|-damage|p2a: Salamence|115/273\n|move|p2a: Salamence|Dual Wingbeat|p1a: Comfey\n|-damage|p1a: Comfey|68/100\n|-damage|p1a: Comfey|40/100\n|-hitcount|p1a: Comfey|2\n|\n|-heal|p1a: Comfey|46/100|[from] Grassy Terrain\n|-heal|p1a: Comfey|52/100|[from] item: Leftovers\n|upkeep\n|turn|12\n|inactive|Time left: 300 sec this turn | 300 sec total\n|\n|t:|1783540950\n|-terastallize|p2a: Salamence|Steel\n|move|p1a: Comfey|Draining Kiss|p2a: Salamence\n|-resisted|p2a: Salamence\n|-damage|p2a: Salamence|74/273\n|-heal|p1a: Comfey|66/100|[from] drain|[of] p2a: Salamence\n|move|p2a: Salamence|Dual Wingbeat|p1a: Comfey|[miss]\n|-miss|p2a: Salamence|p1a: Comfey\n|\n|-heal|p2a: Salamence|91/273|[from] Grassy Terrain\n|-heal|p1a: Comfey|72/100|[from] Grassy Terrain\n|-heal|p1a: Comfey|79/100|[from] item: Leftovers\n|-fieldend|move: Grassy Terrain\n|upkeep\n|turn|13\n|inactive|Time left: 300 sec this turn | 300 sec total\n|\n|t:|1783540951\n|-terastallize|p1a: Comfey|Fairy\n|move|p1a: Comfey|Draining Kiss|p2a: Salamence\n|-resisted|p2a: Salamence\n|-damage|p2a: Salamence|20/273\n|-heal|p1a: Comfey|100/100|[from] drain|[of] p2a: Salamence\n|move|p2a: Salamence|Roost|p2a: Salamence\n|-heal|p2a: Salamence|157/273\n|\n|upkeep\n|turn|14\n|inactive|Time left: 300 sec this turn | 300 sec total\n|\n|t:|1783540952\n|switch|p1a: Reshiram|Reshiram, L76|100/100\n|-ability|p1a: Reshiram|Turboblaze\n|move|p2a: Salamence|Dragon Dance|p2a: Salamence\n|-boost|p2a: Salamence|atk|1\n|-boost|p2a: Salamence|spe|1\n|\n|upkeep\n|turn|15\n|inactive|Time left: 300 sec this turn | 300 sec total\n|\n|t:|1783540954\n|move|p2a: Salamence|Outrage|p1a: Reshiram\n|-supereffective|p1a: Reshiram\n|-damage|p1a: Reshiram|0 fnt\n|faint|p1a: Reshiram\n|\n|upkeep\n|\n|t:|1783540954\n|switch|p1a: Hippowdon|Hippowdon, L82, M|100/100\n|-weather|Sandstorm|[from] ability: Sand Stream|[of] p1a: Hippowdon\n|turn|16\n|inactive|Time left: 300 sec this turn | 300 sec total\n|\n|t:|1783540955\n|move|p2a: Salamence|Outrage|p1a: Hippowdon|[from] lockedmove\n|-damage|p1a: Hippowdon|31/100\n|-start|p2a: Salamence|confusion|[fatigue]\n|move|p1a: Hippowdon|Earthquake|p2a: Salamence\n|-supereffective|p2a: Salamence\n|-damage|p2a: Salamence|0 fnt\n|faint|p2a: Salamence\n|\n|-weather|Sandstorm|[upkeep]\n|-heal|p1a: Hippowdon|37/100|[from] item: Leftovers\n|upkeep\n|inactive|Time left: 300 sec this turn | 300 sec total | 5 sec grace\n|\n|t:|1783540956\n|switch|p2a: Gallade|Gallade, L80, M|240/240\n|turn|17\n|inactive|Time left: 300 sec this turn | 300 sec total\n|\n|t:|1783540957\n|switch|p1a: Comfey|Comfey, L85, F, tera:Fairy|100/100\n|move|p2a: Gallade|Psycho Cut|p1a: Comfey\n|-crit|p1a: Comfey\n|-damage|p1a: Comfey|0 fnt\n|faint|p1a: Comfey\n|-damage|p2a: Gallade|216/240|[from] item: Life Orb\n|\n|-weather|Sandstorm|[upkeep]\n|-damage|p2a: Gallade|201/240|[from] Sandstorm\n|upkeep\n|\n|t:|1783540958\n|switch|p1a: Ampharos|Ampharos, L88, F|100/100\n|turn|18\n|inactive|Time left: 300 sec this turn | 300 sec total\n|\n|t:|1783540959\n|switch|p2a: Gastrodon|Gastrodon, L86, M|331/331\n|move|p1a: Ampharos|Thunderbolt|p2a: Gastrodon\n|-immune|p2a: Gastrodon\n|\n|-weather|Sandstorm|[upkeep]\n|-damage|p1a: Ampharos|95/100|[from] Sandstorm\n|upkeep\n|turn|19\n|inactive|Time left: 300 sec this turn | 300 sec total\n|\n|t:|1783540960\n|switch|p1a: Hippowdon|Hippowdon, L82, M|37/100\n|move|p2a: Gastrodon|Ice Beam|p1a: Hippowdon\n|-supereffective|p1a: Hippowdon\n|-damage|p1a: Hippowdon|0 fnt\n|faint|p1a: Hippowdon\n|\n|-weather|Sandstorm|[upkeep]\n|upkeep\n|\n|t:|1783540961\n|switch|p1a: Cyclizar|Cyclizar, L84, M|84/100\n|turn|20\n|inactive|Time left: 300 sec this turn | 300 sec total\n|\n|t:|1783540962\n|move|p1a: Cyclizar|Shed Tail|p1a: Cyclizar\n|-start|p1a: Cyclizar|Substitute|[from] move: Shed Tail\n|-damage|p1a: Cyclizar|33/100\n|\n|t:|1783540963\n|switch|p1a: Ampharos|Ampharos, L88, F|95/100|[from] Shed Tail\n|move|p2a: Gastrodon|Earthquake|p1a: Ampharos\n|-supereffective|p1a: Ampharos\n|-end|p1a: Ampharos|Substitute\n|\n|-weather|none\n|upkeep\n|turn|21\n|inactive|Time left: 300 sec this turn | 300 sec total\n|\n|t:|1783540964\n|switch|p1a: Cyclizar|Cyclizar, L84, M|67/100\n|move|p2a: Gastrodon|Earthquake|p1a: Cyclizar\n|-damage|p1a: Cyclizar|19/100\n|\n|upkeep\n|turn|22\n|inactive|Time left: 300 sec this turn | 300 sec total\n|\n|t:|1783540966\n|switch|p1a: Ampharos|Ampharos, L88, F|95/100\n|move|p2a: Gastrodon|Earthquake|p1a: Ampharos\n|-supereffective|p1a: Ampharos\n|-damage|p1a: Ampharos|32/100\n|\n|upkeep\n|turn|23\n|inactive|Time left: 300 sec this turn | 300 sec total\n|\n|t:|1783540967\n|switch|p1a: Cyclizar|Cyclizar, L84, M|53/100\n|move|p2a: Gastrodon|Earthquake|p1a: Cyclizar\n|-damage|p1a: Cyclizar|2/100\n|\n|upkeep\n|turn|24\n|inactive|Time left: 300 sec this turn | 300 sec total\n|\n|t:|1783540968\n|move|p1a: Cyclizar|Rapid Spin|p2a: Gastrodon\n|-damage|p2a: Gastrodon|265/331\n|-boost|p1a: Cyclizar|spe|1\n|move|p2a: Gastrodon|Earthquake|p1a: Cyclizar\n|-damage|p1a: Cyclizar|0 fnt\n|faint|p1a: Cyclizar\n|\n|-heal|p2a: Gastrodon|285/331|[from] item: Leftovers\n|upkeep\n|\n|t:|1783540969\n|switch|p1a: Ampharos|Ampharos, L88, F|32/100\n|turn|25\n|inactive|Time left: 300 sec this turn | 300 sec total\n|\n|t:|1783540970\n|move|p1a: Ampharos|Volt Switch|p2a: Gastrodon\n|-immune|p2a: Gastrodon\n|move|p2a: Gastrodon|Earthquake|p1a: Ampharos\n|-supereffective|p1a: Ampharos\n|-crit|p1a: Ampharos\n|-damage|p1a: Ampharos|0 fnt\n|faint|p1a: Ampharos\n|\n|win|p0y1257c86", "uploadtime": 1783540970, "views": 0, "rating": 0, "private": 0, "password": null, "_winner": "p0y1257c86", "_our_name": "p0y1257c86"}