{"id": "battle-gen9randombattle-408", "formatid": "gen9randombattle", "format": "[Gen 9] Random Battle", "players": ["p0x4080db6", "p0y408881b"], "log": "|init|battle\n|title|p0x4080db6 vs. p0y408881b\n|j|\u2606p0x4080db6\n|j|\u2606p0y408881b\n|t:|1783544428\n|gametype|singles\n|player|p1|p0x4080db6|265|\n|player|p2|p0y408881b|1|\n|gen|9\n|tier|[Gen 9] Random Battle\n|rule|Species Clause: Limit one of each Pok\u00e9mon\n|rule|HP Percentage Mod: HP is shown in percentages\n|rule|Sleep Clause Mod: Limit one foe put to sleep\n|rule|Illusion Level Mod: Illusion disguises the Pok\u00e9mon's true level\n|\n|t:|1783544428\n|teamsize|p1|6\n|teamsize|p2|6\n|start\n|switch|p1a: Barraskewda|Barraskewda, L81, M|100/100\n|switch|p2a: Pecharunt|Pecharunt, L77|262/262\n|turn|1\n|inactive|Battle timer is ON: inactive players will automatically lose when time's up. (requested by p0y408881b)\n|inactive|p0x4080db6 also wants the timer to be on.\n|\n|t:|1783544430\n|move|p1a: Barraskewda|Flip Turn|p2a: Pecharunt\n|-damage|p2a: Pecharunt|189/262\n|-damage|p1a: Barraskewda|84/100|[from] item: Rocky Helmet|[of] p2a: Pecharunt\n|\n|t:|1783544431\n|switch|p1a: Komala|Komala, L87, F|100/100|[from] Flip Turn\n|-ability|p1a: Komala|Comatose\n|move|p2a: Pecharunt|Malignant Chain|p1a: Komala\n|-damage|p1a: Komala|82/100\n|\n|upkeep\n|turn|2\n|inactive|Time left: 300 sec this turn | 300 sec total\n|\n|t:|1783544433\n|move|p2a: Pecharunt|Malignant Chain|p1a: Komala\n|-damage|p1a: Komala|64/100\n|move|p1a: Komala|Earthquake|p2a: Pecharunt\n|-supereffective|p2a: Pecharunt\n|-damage|p2a: Pecharunt|67/262\n|\n|upkeep\n|turn|3\n|inactive|Time left: 300 sec this turn | 300 sec total\n|\n|t:|1783544434\n|move|p2a: Pecharunt|Recover|p2a: Pecharunt\n|-heal|p2a: Pecharunt|198/262\n|move|p1a: Komala|Earthquake|p2a: Pecharunt\n|-supereffective|p2a: Pecharunt\n|-damage|p2a: Pecharunt|86/262\n|\n|upkeep\n|turn|4\n|inactive|Time left: 300 sec this turn | 300 sec total\n|\n|t:|1783544435\n|move|p2a: Pecharunt|Recover|p2a: Pecharunt\n|-heal|p2a: Pecharunt|217/262\n|move|p1a: Komala|Earthquake|p2a: Pecharunt\n|-supereffective|p2a: Pecharunt\n|-damage|p2a: Pecharunt|109/262\n|\n|upkeep\n|turn|5\n|inactive|Time left: 300 sec this turn | 300 sec total\n|\n|t:|1783544436\n|move|p2a: Pecharunt|Recover|p2a: Pecharunt\n|-heal|p2a: Pecharunt|240/262\n|move|p1a: Komala|Earthquake|p2a: Pecharunt\n|-supereffective|p2a: Pecharunt\n|-damage|p2a: Pecharunt|122/262\n|\n|upkeep\n|turn|6\n|inactive|Time left: 300 sec this turn | 300 sec total\n|\n|t:|1783544437\n|move|p2a: Pecharunt|Recover|p2a: Pecharunt\n|-heal|p2a: Pecharunt|253/262\n|move|p1a: Komala|Earthquake|p2a: Pecharunt\n|-supereffective|p2a: Pecharunt\n|-damage|p2a: Pecharunt|145/262\n|\n|upkeep\n|turn|7\n|inactive|Time left: 300 sec this turn | 300 sec total\n|\n|t:|1783544438\n|move|p2a: Pecharunt|Recover|p2a: Pecharunt\n|-heal|p2a: Pecharunt|262/262\n|move|p1a: Komala|Earthquake|p2a: Pecharunt\n|-supereffective|p2a: Pecharunt\n|-damage|p2a: Pecharunt|150/262\n|\n|upkeep\n|turn|8\n|inactive|Time left: 300 sec this turn | 300 sec total\n|\n|t:|1783544439\n|move|p2a: Pecharunt|Recover|p2a: Pecharunt\n|-heal|p2a: Pecharunt|262/262\n|move|p1a: Komala|Knock Off|p2a: Pecharunt\n|-supereffective|p2a: Pecharunt\n|-damage|p2a: Pecharunt|152/262\n|-damage|p1a: Komala|47/100|[from] item: Rocky Helmet|[of] p2a: Pecharunt\n|-enditem|p2a: Pecharunt|Rocky Helmet|[from] move: Knock Off|[of] p1a: Komala\n|\n|upkeep\n|turn|9\n|inactive|Time left: 300 sec this turn | 300 sec total\n|\n|t:|1783544441\n|move|p2a: Pecharunt|Recover|p2a: Pecharunt\n|-heal|p2a: Pecharunt|262/262\n|move|p1a: Komala|Earthquake|p2a: Pecharunt\n|-supereffective|p2a: Pecharunt\n|-damage|p2a: Pecharunt|150/262\n|\n|upkeep\n|turn|10\n|inactive|Time left: 300 sec this turn | 300 sec total\n|\n|t:|1783544442\n|move|p2a: Pecharunt|Recover|p2a: Pecharunt\n|-heal|p2a: Pecharunt|262/262\n|move|p1a: Komala|Knock Off|p2a: Pecharunt\n|-supereffective|p2a: Pecharunt\n|-damage|p2a: Pecharunt|182/262\n|\n|upkeep\n|turn|11\n|inactive|Time left: 300 sec this turn | 300 sec total\n|\n|t:|1783544443\n|move|p2a: Pecharunt|Malignant Chain|p1a: Komala\n|-damage|p1a: Komala|27/100\n|move|p1a: Komala|Earthquake|p2a: Pecharunt\n|-supereffective|p2a: Pecharunt\n|-damage|p2a: Pecharunt|60/262\n|\n|upkeep\n|turn|12\n|inactive|Time left: 300 sec this turn | 300 sec total\n|\n|t:|1783544444\n|move|p2a: Pecharunt|Malignant Chain|p1a: Komala\n|-damage|p1a: Komala|7/100\n|move|p1a: Komala|Earthquake|p2a: Pecharunt\n|-supereffective|p2a: Pecharunt\n|-damage|p2a: Pecharunt|0 fnt\n|faint|p2a: Pecharunt\n|\n|upkeep\n|inactive|Time left: 300 sec this turn | 300 sec total | 5 sec grace\n|\n|t:|1783544445\n|switch|p2a: Falinks|Falinks, L84|246/246\n|turn|13\n|inactive|Time left: 300 sec this turn | 300 sec total\n|\n|t:|1783544447\n|move|p2a: Falinks|No Retreat|p2a: Falinks\n|-boost|p2a: Falinks|atk|1\n|-boost|p2a: Falinks|def|1\n|-boost|p2a: Falinks|spa|1\n|-boost|p2a: Falinks|spd|1\n|-boost|p2a: Falinks|spe|1\n|-start|p2a: Falinks|move: No Retreat\n|move|p1a: Komala|Earthquake|p2a: Falinks\n|-damage|p2a: Falinks|195/246\n|\n|upkeep\n|turn|14\n|inactive|Time left: 300 sec this turn | 300 sec total\n|\n|t:|1783544448\n|move|p2a: Falinks|Knock Off|p1a: Komala\n|-damage|p1a: Komala|0 fnt\n|-enditem|p1a: Komala|Assault Vest|[from] move: Knock Off|[of] p2a: Falinks\n|faint|p1a: Komala\n|-damage|p2a: Falinks|171/246|[from] item: Life Orb\n|\n|upkeep\n|\n|t:|1783544449\n|switch|p1a: Barraskewda|Barraskewda, L81, M|84/100\n|turn|15\n|inactive|Time left: 300 sec this turn | 300 sec total\n|\n|t:|1783544450\n|-terastallize|p1a: Barraskewda|Fighting\n|move|p1a: Barraskewda|Close Combat|p2a: Falinks\n|-damage|p2a: Falinks|51/246\n|-unboost|p1a: Barraskewda|def|1\n|-unboost|p1a: Barraskewda|spd|1\n|move|p2a: Falinks|Close Combat|p1a: Barraskewda\n|-damage|p1a: Barraskewda|0 fnt\n|-unboost|p2a: Falinks|def|1\n|-unboost|p2a: Falinks|spd|1\n|faint|p1a: Barraskewda\n|-damage|p2a: Falinks|27/246|[from] item: Life Orb\n|\n|upkeep\n|\n|t:|1783544451\n|switch|p1a: Staraptor|Staraptor, L79, M|100/100\n|turn|16\n|inactive|Time left: 300 sec this turn | 300 sec total\n|\n|t:|1783544452\n|move|p1a: Staraptor|Quick Attack|p2a: Falinks\n|-damage|p2a: Falinks|0 fnt\n|faint|p2a: Falinks\n|\n|upkeep\n|inactive|Time left: 300 sec this turn | 300 sec total | 5 sec grace\n|\n|t:|1783544453\n|switch|p2a: Armarouge|Armarouge, L80, M|267/267\n|turn|17\n|inactive|Time left: 300 sec this turn | 300 sec total\n|\n|t:|1783544455\n|switch|p1a: Necrozma|Necrozma, L80|100/100\n|move|p2a: Armarouge|Meteor Beam||[still]\n|-prepare|p2a: Armarouge|Meteor Beam\n|-boost|p2a: Armarouge|spa|1\n|-enditem|p2a: Armarouge|Power Herb\n|-anim|p2a: Armarouge|Meteor Beam|p1a: Necrozma\n|-damage|p1a: Necrozma|52/100\n|\n|-heal|p1a: Necrozma|58/100|[from] item: Leftovers\n|upkeep\n|turn|18\n|inactive|Time left: 300 sec this turn | 300 sec total\n|\n|t:|1783544456\n|move|p1a: Necrozma|Earth Power|p2a: Armarouge\n|-supereffective|p2a: Armarouge\n|-damage|p2a: Armarouge|115/267\n|move|p2a: Armarouge|Armor Cannon|p1a: Necrozma\n|-damage|p1a: Necrozma|0 fnt\n|-unboost|p2a: Armarouge|def|1\n|-unboost|p2a: Armarouge|spd|1\n|faint|p1a: Necrozma\n|\n|upkeep\n|\n|t:|1783544457\n|switch|p1a: Staraptor|Staraptor, L79, M|100/100\n|turn|19\n|inactive|Time left: 300 sec this turn | 300 sec total\n|\n|t:|1783544458\n|move|p1a: Staraptor|Brave Bird|p2a: Armarouge\n|-damage|p2a: Armarouge|0 fnt\n|faint|p2a: Armarouge\n|-damage|p1a: Staraptor|86/100|[from] Recoil\n|\n|upkeep\n|inactive|Time left: 300 sec this turn | 300 sec total | 5 sec grace\n|\n|t:|1783544459\n|switch|p2a: Minun|Minun, L95, M|268/268\n|turn|20\n|inactive|Time left: 300 sec this turn | 300 sec total\n|\n|t:|1783544460\n|switch|p1a: Brambleghast|Brambleghast, L88, M|100/100\n|move|p2a: Minun|Thunderbolt|p1a: Brambleghast\n|-resisted|p1a: Brambleghast\n|-damage|p1a: Brambleghast|67/100\n|-status|p1a: Brambleghast|par\n|-damage|p2a: Minun|242/268|[from] item: Life Orb\n|\n|-heal|p1a: Brambleghast|73/100 par|[from] item: Leftovers\n|upkeep\n|turn|21\n|inactive|Time left: 300 sec this turn | 300 sec total\n|\n|t:|1783544461\n|move|p2a: Minun|Nasty Plot|p2a: Minun\n|-boost|p2a: Minun|spa|2\n|move|p1a: Brambleghast|Power Whip|p2a: Minun|[miss]\n|-miss|p1a: Brambleghast|p2a: Minun\n|\n|-heal|p1a: Brambleghast|79/100 par|[from] item: Leftovers\n|upkeep\n|turn|22\n|inactive|Time left: 300 sec this turn | 300 sec total\n|\n|t:|1783544462\n|-terastallize|p2a: Minun|Electric\n|move|p2a: Minun|Thunderbolt|p1a: Brambleghast\n|-resisted|p1a: Brambleghast\n|-damage|p1a: Brambleghast|0 fnt\n|faint|p1a: Brambleghast\n|-damage|p2a: Minun|216/268|[from] item: Life Orb\n|\n|upkeep\n|\n|t:|1783544463\n|switch|p1a: Ogerpon|Ogerpon, L80, F|100/100\n|turn|23\n|inactive|Time left: 300 sec this turn | 300 sec total\n|\n|t:|1783544464\n|move|p2a: Minun|Thunderbolt|p1a: Ogerpon\n|-resisted|p1a: Ogerpon\n|-damage|p1a: Ogerpon|40/100\n|-damage|p2a: Minun|190/268|[from] item: Life Orb\n|move|p1a: Ogerpon|Ivy Cudgel|p2a: Minun\n|-damage|p2a: Minun|39/268\n|\n|upkeep\n|turn|24\n|inactive|Time left: 300 sec this turn | 300 sec total\n|\n|t:|1783544465\n|move|p2a: Minun|Thunderbolt|p1a: Ogerpon\n|-resisted|p1a: Ogerpon\n|-damage|p1a: Ogerpon|0 fnt\n|faint|p1a: Ogerpon\n|-damage|p2a: Minun|13/268|[from] item: Life Orb\n|\n|upkeep\n|\n|t:|1783544466\n|switch|p1a: Staraptor|Staraptor, L79, M|86/100\n|turn|25\n|inactive|Time left: 300 sec this turn | 300 sec total\n|\n|t:|1783544467\n|move|p1a: Staraptor|Quick Attack|p2a: Minun\n|-damage|p2a: Minun|0 fnt\n|faint|p2a: Minun\n|\n|upkeep\n|inactive|Time left: 300 sec this turn | 300 sec total | 5 sec grace\n|\n|t:|1783544468\n|switch|p2a: Maushold|Maushold, L76|238/238\n|turn|26\n|inactive|Time left: 300 sec this turn | 300 sec total\n|\n|t:|1783544469\n|move|p1a: Staraptor|Quick Attack|p2a: Maushold\n|-damage|p2a: Maushold|159/238\n|move|p2a: Maushold|Population Bomb|p1a: Staraptor\n|-damage|p1a: Staraptor|76/100\n|-damage|p1a: Staraptor|66/100\n|-damage|p1a: Staraptor|55/100\n|-damage|p1a: Staraptor|44/100\n|-damage|p1a: Staraptor|34/100\n|-damage|p1a: Staraptor|22/100\n|-crit|p1a: Staraptor\n|-damage|p1a: Staraptor|6/100\n|-damage|p1a: Staraptor|0 fnt\n|faint|p1a: Staraptor\n|-hitcount|p1: Staraptor|8\n|\n|win|p0y408881b", "uploadtime": 1783544469, "views": 0, "rating": 0, "private": 0, "password": null, "_winner": "p0y408881b", "_our_name": "p0y408881b"}