{"id": "battle-gen9randombattle-112", "formatid": "gen9randombattle", "format": "[Gen 9] Random Battle", "players": ["p0x112fd55", "p0y1120512"], "log": "|init|battle\n|title|p0x112fd55 vs. p0y1120512\n|j|\u2606p0x112fd55\n|j|\u2606p0y1120512\n|t:|1783535061\n|gametype|singles\n|player|p1|p0x112fd55|102|\n|player|p2|p0y1120512|2|\n|gen|9\n|tier|[Gen 9] Random Battle\n|rule|Species Clause: Limit one of each Pok\u00e9mon\n|rule|HP Percentage Mod: HP is shown in percentages\n|rule|Sleep Clause Mod: Limit one foe put to sleep\n|rule|Illusion Level Mod: Illusion disguises the Pok\u00e9mon's true level\n|\n|t:|1783535061\n|teamsize|p1|6\n|teamsize|p2|6\n|start\n|switch|p1a: Thundurus|Thundurus-Therian, L80, M|235/235\n|switch|p2a: Tornadus|Tornadus, L82, M|100/100\n|turn|1\n|inactive|Battle timer is ON: inactive players will automatically lose when time's up. (requested by p0y1120512)\n|inactive|Time left: 300 sec this turn | 300 sec total | 60 sec grace\n|inactive|p0x112fd55 also wants the timer to be on.\n|\n|t:|1783535062\n|switch|p2a: Raging Bolt|Raging Bolt, L78|100/100\n|-enditem|p2a: Raging Bolt|Booster Energy\n|-activate|p2a: Raging Bolt|ability: Protosynthesis|[fromitem]\n|-start|p2a: Raging Bolt|protosynthesisspa\n|switch|p1a: Mimikyu|Mimikyu, L79, M|216/216\n|\n|upkeep\n|turn|2\n|inactive|Time left: 300 sec this turn | 300 sec total\n|\n|t:|1783535063\n|move|p1a: Mimikyu|Swords Dance|p1a: Mimikyu\n|-boost|p1a: Mimikyu|atk|2\n|move|p2a: Raging Bolt|Calm Mind|p2a: Raging Bolt\n|-boost|p2a: Raging Bolt|spa|1\n|-boost|p2a: Raging Bolt|spd|1\n|\n|upkeep\n|turn|3\n|inactive|Time left: 300 sec this turn | 300 sec total\n|\n|t:|1783535064\n|-end|p2a: Raging Bolt|Protosynthesis|[silent]\n|switch|p2a: Pyroar|Pyroar, L88, M|100/100\n|-ability|p2a: Pyroar|Unnerve\n|move|p1a: Mimikyu|Play Rough|p2a: Pyroar\n|-resisted|p2a: Pyroar\n|-damage|p2a: Pyroar|65/100\n|-damage|p1a: Mimikyu|195/216|[from] item: Life Orb\n|\n|upkeep\n|turn|4\n|inactive|Time left: 300 sec this turn | 300 sec total\n|\n|t:|1783535065\n|move|p2a: Pyroar|Will-O-Wisp|p1a: Mimikyu\n|-status|p1a: Mimikyu|brn\n|move|p1a: Mimikyu|Play Rough|p2a: Pyroar\n|-resisted|p2a: Pyroar\n|-damage|p2a: Pyroar|46/100\n|-damage|p1a: Mimikyu|174/216 brn|[from] item: Life Orb\n|\n|-damage|p1a: Mimikyu|161/216 brn|[from] brn\n|upkeep\n|turn|5\n|inactive|Time left: 300 sec this turn | 300 sec total\n|\n|t:|1783535066\n|move|p2a: Pyroar|Hyper Voice|p1a: Mimikyu\n|-immune|p1a: Mimikyu\n|move|p1a: Mimikyu|Swords Dance|p1a: Mimikyu\n|-boost|p1a: Mimikyu|atk|2\n|\n|-damage|p1a: Mimikyu|148/216 brn|[from] brn\n|upkeep\n|turn|6\n|inactive|Time left: 300 sec this turn | 300 sec total\n|\n|t:|1783535067\n|move|p2a: Pyroar|Fire Blast|p1a: Mimikyu\n|-activate|p1a: Mimikyu|ability: Disguise\n|-damage|p1a: Mimikyu|148/216 brn\n|detailschange|p1a: Mimikyu|Mimikyu-Busted, L79, M\n|-damage|p1a: Mimikyu|121/216 brn|[from] pokemon: Mimikyu-Busted\n|move|p1a: Mimikyu|Play Rough|p2a: Pyroar\n|-resisted|p2a: Pyroar\n|-damage|p2a: Pyroar|18/100\n|-damage|p1a: Mimikyu|100/216 brn|[from] item: Life Orb\n|\n|-damage|p1a: Mimikyu|87/216 brn|[from] brn\n|upkeep\n|turn|7\n|inactive|Time left: 300 sec this turn | 300 sec total\n|\n|t:|1783535068\n|move|p2a: Pyroar|Fire Blast|p1a: Mimikyu\n|-damage|p1a: Mimikyu|0 fnt\n|faint|p1a: Mimikyu\n|\n|upkeep\n|inactive|Time left: 300 sec this turn | 300 sec total | 5 sec grace\n|\n|t:|1783535068\n|switch|p1a: Basculin|Basculin-Blue-Striped, L86, M|261/261\n|turn|8\n|inactive|Time left: 300 sec this turn | 300 sec total\n|\n|t:|1783535070\n|move|p1a: Basculin|Aqua Jet|p2a: Pyroar\n|-supereffective|p2a: Pyroar\n|-damage|p2a: Pyroar|0 fnt\n|faint|p2a: Pyroar\n|\n|upkeep\n|\n|t:|1783535071\n|switch|p2a: Raging Bolt|Raging Bolt, L78|100/100\n|turn|9\n|inactive|Time left: 300 sec this turn | 300 sec total\n|\n|t:|1783535072\n|switch|p1a: Hitmontop|Hitmontop, L88, M|231/231\n|-ability|p1a: Hitmontop|Intimidate|boost\n|-unboost|p2a: Raging Bolt|atk|1\n|move|p2a: Raging Bolt|Dragon Pulse|p1a: Hitmontop\n|-damage|p1a: Hitmontop|150/231\n|\n|upkeep\n|turn|10\n|inactive|Time left: 300 sec this turn | 300 sec total\n|\n|t:|1783535073\n|move|p1a: Hitmontop|Earthquake|p2a: Raging Bolt\n|-supereffective|p2a: Raging Bolt\n|-damage|p2a: Raging Bolt|25/100\n|move|p2a: Raging Bolt|Dragon Pulse|p1a: Hitmontop\n|-damage|p1a: Hitmontop|59/231\n|\n|upkeep\n|turn|11\n|inactive|Time left: 300 sec this turn | 300 sec total\n|\n|t:|1783535074\n|switch|p1a: Thundurus|Thundurus-Therian, L80, M|258/258\n|-end|p2a: Raging Bolt|Protosynthesis|[silent]\n|switch|p2a: Slowking|Slowking, L88, F|100/100\n|\n|upkeep\n|turn|12\n|inactive|Time left: 300 sec this turn | 300 sec total\n|\n|t:|1783535075\n|move|p1a: Thundurus|Nasty Plot|p1a: Thundurus\n|-boost|p1a: Thundurus|spa|2\n|move|p2a: Slowking|Scald|p1a: Thundurus\n|-damage|p1a: Thundurus|144/258\n|-status|p1a: Thundurus|brn\n|\n|-damage|p1a: Thundurus|128/258 brn|[from] brn\n|upkeep\n|turn|13\n|inactive|Time left: 300 sec this turn | 300 sec total\n|\n|t:|1783535076\n|-terastallize|p2a: Slowking|Fairy\n|move|p1a: Thundurus|Thunderbolt|p2a: Slowking\n|-damage|p2a: Slowking|35/100\n|move|p2a: Slowking|Scald|p1a: Thundurus\n|-damage|p1a: Thundurus|23/258 brn\n|\n|-damage|p1a: Thundurus|7/258 brn|[from] brn\n|upkeep\n|turn|14\n|inactive|Time left: 300 sec this turn | 300 sec total\n|\n|t:|1783535077\n|switch|p2a: Raging Bolt|Raging Bolt, L78|25/100\n|move|p1a: Thundurus|Thunderbolt|p2a: Raging Bolt\n|-resisted|p2a: Raging Bolt\n|-damage|p2a: Raging Bolt|4/100\n|\n|-damage|p1a: Thundurus|0 fnt|[from] brn\n|faint|p1a: Thundurus\n|upkeep\n|inactive|Time left: 300 sec this turn | 300 sec total | 5 sec grace\n|\n|t:|1783535078\n|switch|p1a: Kleavor|Kleavor, L78, M|237/237\n|turn|15\n|inactive|Time left: 300 sec this turn | 300 sec total\n|\n|t:|1783535079\n|move|p2a: Raging Bolt|Thunderclap|p1a: Kleavor\n|-damage|p1a: Kleavor|122/237\n|move|p1a: Kleavor|Stone Axe|p2a: Raging Bolt\n|-damage|p2a: Raging Bolt|0 fnt\n|-sidestart|p2: p0y1120512|move: Stealth Rock\n|faint|p2a: Raging Bolt\n|-end|p2a: Raging Bolt|Protosynthesis|[silent]\n|\n|upkeep\n|\n|t:|1783535080\n|switch|p2a: Slowking|Slowking, L88, F, tera:Fairy|68/100\n|turn|16\n|inactive|Time left: 300 sec this turn | 300 sec total\n|\n|t:|1783535081\n|switch|p1a: Basculin|Basculin-Blue-Striped, L86, M|261/261\n|move|p2a: Slowking|Scald|p1a: Basculin\n|-resisted|p1a: Basculin\n|-damage|p1a: Basculin|192/261\n|\n|upkeep\n|turn|17\n|inactive|Time left: 300 sec this turn | 300 sec total\n|\n|t:|1783535082\n|switch|p2a: Drifblim|Drifblim, L86, F|100/100\n|move|p1a: Basculin|Wave Crash|p2a: Drifblim\n|-damage|p2a: Drifblim|0 fnt\n|-damage|p1a: Basculin|127/261|[from] ability: Aftermath|[of] p2a: Drifblim\n|faint|p2a: Drifblim\n|-damage|p1a: Basculin|0 fnt|[from] Recoil\n|faint|p1a: Basculin\n|\n|upkeep\n|inactive|Time left: 300 sec this turn | 300 sec total | 5 sec grace\n|\n|t:|1783535083\n|switch|p1a: Hitmontop|Hitmontop, L88, M|235/235\n|switch|p2a: Tornadus|Tornadus, L82, M|100/100\n|-damage|p2a: Tornadus|76/100|[from] Stealth Rock\n|turn|18\n|inactive|Time left: 300 sec this turn | 300 sec total\n|\n|t:|1783535084\n|move|p2a: Tornadus|Bleakwind Storm|p1a: Hitmontop\n|-damage|p1a: Hitmontop|0 fnt\n|replace|p1a: Zoroark|Zoroark, L83, F\n|-end|p1a: Zoroark|Illusion\n|-hint|Illusion Level Mod is active, so this Pok\u00e9mon's true level was hidden.\n|faint|p1a: Zoroark\n|\n|upkeep\n|inactive|Time left: 300 sec this turn | 300 sec total | 5 sec grace\n|\n|t:|1783535085\n|switch|p1a: Kleavor|Kleavor, L78, M|122/237\n|turn|19\n|inactive|Time left: 300 sec this turn | 300 sec total\n|\n|t:|1783535086\n|move|p2a: Tornadus|Bleakwind Storm|p1a: Kleavor\n|-damage|p1a: Kleavor|0 fnt\n|faint|p1a: Kleavor\n|\n|upkeep\n|inactive|Time left: 300 sec this turn | 300 sec total | 5 sec grace\n|\n|t:|1783535087\n|switch|p1a: Hitmontop|Hitmontop, L88, M|59/231\n|-ability|p1a: Hitmontop|Intimidate|boost\n|-unboost|p2a: Tornadus|atk|1\n|-ability|p2a: Tornadus|Defiant|boost\n|-boost|p2a: Tornadus|atk|2\n|turn|20\n|inactive|Time left: 300 sec this turn | 300 sec total\n|\n|t:|1783535088\n|move|p1a: Hitmontop|Sucker Punch|p2a: Tornadus\n|-damage|p2a: Tornadus|40/100\n|move|p2a: Tornadus|Bleakwind Storm|p1a: Hitmontop\n|-supereffective|p1a: Hitmontop\n|-damage|p1a: Hitmontop|0 fnt\n|faint|p1a: Hitmontop\n|\n|win|p0y1120512", "uploadtime": 1783535088, "views": 0, "rating": 0, "private": 0, "password": null, "_winner": "p0y1120512", "_our_name": "p0x112fd55"}