{"id": "battle-gen9randombattle-530", "formatid": "gen9randombattle", "format": "[Gen 9] Random Battle", "players": ["p0x530f141", "p0y530c093"], "log": "|init|battle\n|title|p0x530f141 vs. p0y530c093\n|j|\u2606p0x530f141\n|j|\u2606p0y530c093\n|t:|1783545941\n|gametype|singles\n|player|p1|p0x530f141|169|\n|player|p2|p0y530c093|101|\n|gen|9\n|tier|[Gen 9] Random Battle\n|rule|Species Clause: Limit one of each Pok\u00e9mon\n|rule|HP Percentage Mod: HP is shown in percentages\n|rule|Sleep Clause Mod: Limit one foe put to sleep\n|rule|Illusion Level Mod: Illusion disguises the Pok\u00e9mon's true level\n|\n|t:|1783545941\n|teamsize|p1|6\n|teamsize|p2|6\n|start\n|switch|p1a: Avalugg|Avalugg, L88, F|100/100\n|switch|p2a: Vaporeon|Vaporeon, L86, F|364/364\n|turn|1\n|inactive|Battle timer is ON: inactive players will automatically lose when time's up. (requested by p0y530c093)\n|inactive|p0x530f141 also wants the timer to be on.\n|\n|t:|1783545943\n|move|p2a: Vaporeon|Scald|p1a: Avalugg\n|-damage|p1a: Avalugg|57/100\n|-status|p1a: Avalugg|brn\n|move|p1a: Avalugg|Avalanche|p2a: Vaporeon\n|-resisted|p2a: Vaporeon\n|-damage|p2a: Vaporeon|315/364\n|\n|-heal|p2a: Vaporeon|337/364|[from] item: Leftovers\n|-damage|p1a: Avalugg|50/100 brn|[from] brn\n|upkeep\n|turn|2\n|inactive|Time left: 300 sec this turn | 300 sec total\n|\n|t:|1783545944\n|move|p2a: Vaporeon|Scald|p1a: Avalugg\n|-damage|p1a: Avalugg|1/100 brn\n|move|p1a: Avalugg|Recover|p1a: Avalugg\n|-heal|p1a: Avalugg|51/100 brn\n|\n|-heal|p2a: Vaporeon|359/364|[from] item: Leftovers\n|-damage|p1a: Avalugg|45/100 brn|[from] brn\n|upkeep\n|turn|3\n|inactive|Time left: 300 sec this turn | 300 sec total\n|\n|t:|1783545945\n|switch|p1a: Primarina|Primarina, L83, M|100/100\n|move|p2a: Vaporeon|Calm Mind|p2a: Vaporeon\n|-boost|p2a: Vaporeon|spa|1\n|-boost|p2a: Vaporeon|spd|1\n|\n|-heal|p2a: Vaporeon|364/364|[from] item: Leftovers\n|upkeep\n|turn|4\n|inactive|Time left: 300 sec this turn | 300 sec total\n|\n|t:|1783545946\n|move|p2a: Vaporeon|Calm Mind|p2a: Vaporeon\n|-boost|p2a: Vaporeon|spa|1\n|-boost|p2a: Vaporeon|spd|1\n|move|p1a: Primarina|Calm Mind|p1a: Primarina\n|-boost|p1a: Primarina|spa|1\n|-boost|p1a: Primarina|spd|1\n|\n|upkeep\n|turn|5\n|inactive|Time left: 300 sec this turn | 300 sec total\n|\n|t:|1783545947\n|move|p2a: Vaporeon|Calm Mind|p2a: Vaporeon\n|-boost|p2a: Vaporeon|spa|1\n|-boost|p2a: Vaporeon|spd|1\n|move|p1a: Primarina|Calm Mind|p1a: Primarina\n|-boost|p1a: Primarina|spa|1\n|-boost|p1a: Primarina|spd|1\n|\n|upkeep\n|turn|6\n|inactive|Time left: 300 sec this turn | 300 sec total\n|\n|t:|1783545948\n|move|p2a: Vaporeon|Calm Mind|p2a: Vaporeon\n|-boost|p2a: Vaporeon|spa|1\n|-boost|p2a: Vaporeon|spd|1\n|move|p1a: Primarina|Calm Mind|p1a: Primarina\n|-boost|p1a: Primarina|spa|1\n|-boost|p1a: Primarina|spd|1\n|\n|upkeep\n|turn|7\n|inactive|Time left: 300 sec this turn | 300 sec total\n|\n|t:|1783545948\n|move|p2a: Vaporeon|Scald|p1a: Primarina\n|-resisted|p1a: Primarina\n|-damage|p1a: Primarina|83/100\n|-status|p1a: Primarina|brn\n|move|p1a: Primarina|Calm Mind|p1a: Primarina\n|-boost|p1a: Primarina|spa|1\n|-boost|p1a: Primarina|spd|1\n|\n|-heal|p1a: Primarina|89/100 brn|[from] item: Leftovers\n|-damage|p1a: Primarina|83/100 brn|[from] brn\n|upkeep\n|turn|8\n|inactive|Time left: 300 sec this turn | 300 sec total\n|\n|t:|1783545949\n|move|p2a: Vaporeon|Scald|p1a: Primarina\n|-resisted|p1a: Primarina\n|-damage|p1a: Primarina|68/100 brn\n|move|p1a: Primarina|Draining Kiss|p2a: Vaporeon\n|-damage|p2a: Vaporeon|298/364\n|-heal|p1a: Primarina|87/100 brn|[from] drain|[of] p2a: Vaporeon\n|\n|-heal|p2a: Vaporeon|320/364|[from] item: Leftovers\n|-heal|p1a: Primarina|93/100 brn|[from] item: Leftovers\n|-damage|p1a: Primarina|87/100 brn|[from] brn\n|upkeep\n|turn|9\n|inactive|Time left: 300 sec this turn | 300 sec total\n|\n|t:|1783545950\n|move|p2a: Vaporeon|Scald|p1a: Primarina\n|-resisted|p1a: Primarina\n|-damage|p1a: Primarina|72/100 brn\n|move|p1a: Primarina|Draining Kiss|p2a: Vaporeon\n|-damage|p2a: Vaporeon|254/364\n|-heal|p1a: Primarina|90/100 brn|[from] drain|[of] p2a: Vaporeon\n|\n|-heal|p2a: Vaporeon|276/364|[from] item: Leftovers\n|-heal|p1a: Primarina|96/100 brn|[from] item: Leftovers\n|-damage|p1a: Primarina|90/100 brn|[from] brn\n|upkeep\n|turn|10\n|inactive|Time left: 300 sec this turn | 300 sec total\n|\n|t:|1783545951\n|move|p2a: Vaporeon|Scald|p1a: Primarina\n|-resisted|p1a: Primarina\n|-damage|p1a: Primarina|74/100 brn\n|move|p1a: Primarina|Moonblast|p2a: Vaporeon\n|-damage|p2a: Vaporeon|170/364\n|\n|-heal|p2a: Vaporeon|192/364|[from] item: Leftovers\n|-heal|p1a: Primarina|80/100 brn|[from] item: Leftovers\n|-damage|p1a: Primarina|74/100 brn|[from] brn\n|upkeep\n|turn|11\n|inactive|Time left: 300 sec this turn | 300 sec total\n|\n|t:|1783545952\n|move|p2a: Vaporeon|Protect|p2a: Vaporeon\n|-singleturn|p2a: Vaporeon|Protect\n|move|p1a: Primarina|Moonblast|p2a: Vaporeon\n|-activate|p2a: Vaporeon|move: Protect\n|\n|-heal|p2a: Vaporeon|214/364|[from] item: Leftovers\n|-heal|p1a: Primarina|80/100 brn|[from] item: Leftovers\n|-damage|p1a: Primarina|74/100 brn|[from] brn\n|upkeep\n|turn|12\n|inactive|Time left: 300 sec this turn | 300 sec total\n|\n|t:|1783545953\n|move|p2a: Vaporeon|Wish|p2a: Vaporeon\n|move|p1a: Primarina|Draining Kiss|p2a: Vaporeon\n|-damage|p2a: Vaporeon|154/364\n|-heal|p1a: Primarina|91/100 brn|[from] drain|[of] p2a: Vaporeon\n|\n|-heal|p2a: Vaporeon|176/364|[from] item: Leftovers\n|-heal|p1a: Primarina|97/100 brn|[from] item: Leftovers\n|-damage|p1a: Primarina|91/100 brn|[from] brn\n|upkeep\n|turn|13\n|inactive|Time left: 300 sec this turn | 300 sec total\n|\n|t:|1783545954\n|move|p2a: Vaporeon|Calm Mind|p2a: Vaporeon\n|-boost|p2a: Vaporeon|spa|1\n|-boost|p2a: Vaporeon|spd|1\n|move|p1a: Primarina|Moonblast|p2a: Vaporeon\n|-damage|p2a: Vaporeon|86/364\n|\n|-heal|p2a: Vaporeon|268/364|[from] move: Wish|[wisher] Vaporeon\n|-heal|p2a: Vaporeon|290/364|[from] item: Leftovers\n|-heal|p1a: Primarina|97/100 brn|[from] item: Leftovers\n|-damage|p1a: Primarina|91/100 brn|[from] brn\n|upkeep\n|turn|14\n|inactive|Time left: 300 sec this turn | 300 sec total\n|\n|t:|1783545955\n|move|p2a: Vaporeon|Wish|p2a: Vaporeon\n|move|p1a: Primarina|Moonblast|p2a: Vaporeon\n|-damage|p2a: Vaporeon|200/364\n|\n|-heal|p2a: Vaporeon|222/364|[from] item: Leftovers\n|-heal|p1a: Primarina|97/100 brn|[from] item: Leftovers\n|-damage|p1a: Primarina|91/100 brn|[from] brn\n|upkeep\n|turn|15\n|inactive|Time left: 300 sec this turn | 300 sec total\n|\n|t:|1783545956\n|move|p2a: Vaporeon|Scald|p1a: Primarina\n|-resisted|p1a: Primarina\n|-damage|p1a: Primarina|74/100 brn\n|move|p1a: Primarina|Draining Kiss|p2a: Vaporeon\n|-damage|p2a: Vaporeon|168/364\n|-heal|p1a: Primarina|90/100 brn|[from] drain|[of] p2a: Vaporeon\n|\n|-heal|p2a: Vaporeon|350/364|[from] move: Wish|[wisher] Vaporeon\n|-heal|p2a: Vaporeon|364/364|[from] item: Leftovers\n|-heal|p1a: Primarina|96/100 brn|[from] item: Leftovers\n|-damage|p1a: Primarina|90/100 brn|[from] brn\n|upkeep\n|turn|16\n|inactive|Time left: 300 sec this turn | 300 sec total\n|\n|t:|1783545957\n|move|p2a: Vaporeon|Scald|p1a: Primarina\n|-resisted|p1a: Primarina\n|-crit|p1a: Primarina\n|-damage|p1a: Primarina|11/100 brn\n|move|p1a: Primarina|Moonblast|p2a: Vaporeon\n|-damage|p2a: Vaporeon|274/364\n|-unboost|p2a: Vaporeon|spa|1\n|\n|-heal|p2a: Vaporeon|296/364|[from] item: Leftovers\n|-heal|p1a: Primarina|17/100 brn|[from] item: Leftovers\n|-damage|p1a: Primarina|11/100 brn|[from] brn\n|upkeep\n|turn|17\n|inactive|Time left: 300 sec this turn | 300 sec total\n|\n|t:|1783545958\n|move|p2a: Vaporeon|Scald|p1a: Primarina\n|-resisted|p1a: Primarina\n|-damage|p1a: Primarina|0 fnt\n|faint|p1a: Primarina\n|\n|-heal|p2a: Vaporeon|318/364|[from] item: Leftovers\n|upkeep\n|\n|t:|1783545959\n|switch|p1a: Avalugg|Avalugg, L88, F|45/100 brn\n|turn|18\n|inactive|Time left: 300 sec this turn | 300 sec total\n|\n|t:|1783545960\n|move|p2a: Vaporeon|Scald|p1a: Avalugg\n|-crit|p1a: Avalugg\n|-damage|p1a: Avalugg|0 fnt\n|faint|p1a: Avalugg\n|\n|-heal|p2a: Vaporeon|340/364|[from] item: Leftovers\n|upkeep\n|\n|t:|1783545961\n|switch|p1a: Zacian|Zacian-Crowned, L64|100/100\n|-ability|p1a: Zacian|Intrepid Sword|boost\n|-boost|p1a: Zacian|atk|1\n|turn|19\n|inactive|Time left: 300 sec this turn | 300 sec total\n|\n|t:|1783545962\n|-terastallize|p1a: Zacian|Fighting\n|move|p1a: Zacian|Close Combat|p2a: Vaporeon\n|-damage|p2a: Vaporeon|135/364\n|-unboost|p1a: Zacian|def|1\n|-unboost|p1a: Zacian|spd|1\n|move|p2a: Vaporeon|Scald|p1a: Zacian\n|-damage|p1a: Zacian|0 fnt\n|faint|p1a: Zacian\n|\n|-heal|p2a: Vaporeon|157/364|[from] item: Leftovers\n|upkeep\n|\n|t:|1783545963\n|switch|p1a: Iron Boulder|Iron Boulder, L77|100/100\n|turn|20\n|inactive|Time left: 300 sec this turn | 300 sec total\n|\n|t:|1783545964\n|-terastallize|p2a: Vaporeon|Ground\n|move|p1a: Iron Boulder|Mighty Cleave|p2a: Vaporeon\n|-resisted|p2a: Vaporeon\n|-damage|p2a: Vaporeon|79/364\n|-damage|p1a: Iron Boulder|91/100|[from] item: Life Orb\n|move|p2a: Vaporeon|Scald|p1a: Iron Boulder\n|-supereffective|p1a: Iron Boulder\n|-damage|p1a: Iron Boulder|0 fnt\n|faint|p1a: Iron Boulder\n|-end|p1a: Iron Boulder|Quark Drive|[silent]\n|\n|-heal|p2a: Vaporeon|101/364|[from] item: Leftovers\n|upkeep\n|\n|t:|1783545965\n|switch|p1a: Arceus|Arceus-Fire, L72|100/100\n|turn|21\n|inactive|Time left: 300 sec this turn | 300 sec total\n|\n|t:|1783545966\n|move|p1a: Arceus|Flare Blitz|p2a: Vaporeon\n|-damage|p2a: Vaporeon|0 fnt\n|faint|p2a: Vaporeon\n|-damage|p1a: Arceus|89/100|[from] Recoil\n|\n|upkeep\n|inactive|Time left: 300 sec this turn | 300 sec total | 5 sec grace\n|\n|t:|1783545967\n|switch|p2a: Sudowoodo|Sudowoodo, L94, M|284/284\n|turn|22\n|inactive|Time left: 300 sec this turn | 300 sec total\n|\n|t:|1783545968\n|move|p1a: Arceus|Earthquake|p2a: Sudowoodo\n|-supereffective|p2a: Sudowoodo\n|-damage|p2a: Sudowoodo|190/284\n|move|p2a: Sudowoodo|Head Smash|p1a: Arceus\n|-supereffective|p1a: Arceus\n|-damage|p1a: Arceus|0 fnt\n|faint|p1a: Arceus\n|\n|upkeep\n|\n|t:|1783545969\n|switch|p1a: Ursaring|Ursaring, L84, M|100/100\n|turn|23\n|inactive|Time left: 300 sec this turn | 300 sec total\n|\n|t:|1783545970\n|switch|p2a: Gallade|Gallade, L80, M|240/240\n|move|p1a: Ursaring|Swords Dance|p1a: Ursaring\n|-boost|p1a: Ursaring|atk|2\n|\n|-status|p1a: Ursaring|tox|[from] item: Toxic Orb\n|upkeep\n|turn|24\n|inactive|Time left: 300 sec this turn | 300 sec total\n|\n|t:|1783545970\n|move|p1a: Ursaring|Facade|p2a: Gallade\n|-damage|p2a: Gallade|0 fnt\n|faint|p2a: Gallade\n|\n|-damage|p1a: Ursaring|94/100 tox|[from] psn\n|upkeep\n|inactive|Time left: 300 sec this turn | 300 sec total | 5 sec grace\n|\n|t:|1783545971\n|switch|p2a: Iron Moth|Iron Moth, L78|253/253\n|turn|25\n|inactive|Time left: 300 sec this turn | 300 sec total\n|\n|t:|1783545972\n|move|p2a: Iron Moth|Sludge Wave|p1a: Ursaring\n|-damage|p1a: Ursaring|21/100 tox\n|move|p1a: Ursaring|Swords Dance|p1a: Ursaring\n|-boost|p1a: Ursaring|atk|2\n|\n|-damage|p1a: Ursaring|9/100 tox|[from] psn\n|upkeep\n|turn|26\n|inactive|Time left: 300 sec this turn | 300 sec total\n|\n|t:|1783545973\n|-end|p2a: Iron Moth|Quark Drive|[silent]\n|switch|p2a: Braviary|Braviary-Hisui, L85, M|326/326\n|move|p1a: Ursaring|Facade|p2a: Braviary\n|-damage|p2a: Braviary|0 fnt\n|faint|p2a: Braviary\n|\n|-damage|p1a: Ursaring|0 fnt|[from] psn\n|faint|p1a: Ursaring\n|\n|win|p0y530c093", "uploadtime": 1783545973, "views": 0, "rating": 0, "private": 0, "password": null, "_winner": "p0y530c093", "_our_name": "p0y530c093"}