{"id": "battle-gen9randombattle-453", "formatid": "gen9randombattle", "format": "[Gen 9] Random Battle", "players": ["p0x453f277", "p0y4537784"], "log": "|init|battle\n|title|p0x453f277 vs. p0y4537784\n|j|\u2606p0x453f277\n|j|\u2606p0y4537784\n|t:|1783545027\n|gametype|singles\n|player|p1|p0x453f277|1|\n|player|p2|p0y4537784|102|\n|gen|9\n|tier|[Gen 9] Random Battle\n|rule|Species Clause: Limit one of each Pok\u00e9mon\n|rule|HP Percentage Mod: HP is shown in percentages\n|rule|Sleep Clause Mod: Limit one foe put to sleep\n|rule|Illusion Level Mod: Illusion disguises the Pok\u00e9mon's true level\n|\n|t:|1783545027\n|teamsize|p1|6\n|teamsize|p2|6\n|start\n|switch|p1a: Lucario|Lucario, L84, M|100/100\n|switch|p2a: Dudunsparce|Dudunsparce, L83, F|343/343\n|turn|1\n|inactive|Battle timer is ON: inactive players will automatically lose when time's up. (requested by p0x453f277)\n|inactive|Time left: 300 sec this turn | 300 sec total | 60 sec grace\n|inactive|p0y4537784 also wants the timer to be on.\n|\n|t:|1783545028\n|move|p1a: Lucario|Aura Sphere|p2a: Dudunsparce\n|-supereffective|p2a: Dudunsparce\n|-damage|p2a: Dudunsparce|62/343\n|-damage|p1a: Lucario|91/100|[from] item: Life Orb\n|move|p2a: Dudunsparce|Boomburst|p1a: Lucario\n|-resisted|p1a: Lucario\n|-damage|p1a: Lucario|62/100\n|\n|-heal|p2a: Dudunsparce|83/343|[from] item: Leftovers\n|upkeep\n|turn|2\n|inactive|Time left: 300 sec this turn | 300 sec total\n|\n|t:|1783545029\n|move|p1a: Lucario|Flash Cannon|p2a: Dudunsparce\n|-crit|p2a: Dudunsparce\n|-damage|p2a: Dudunsparce|0 fnt\n|faint|p2a: Dudunsparce\n|-damage|p1a: Lucario|53/100|[from] item: Life Orb\n|\n|upkeep\n|inactive|Time left: 300 sec this turn | 300 sec total | 5 sec grace\n|\n|t:|1783545030\n|switch|p2a: Passimian|Passimian, L83, F|302/302\n|turn|3\n|inactive|Time left: 300 sec this turn | 300 sec total\n|\n|t:|1783545031\n|move|p1a: Lucario|Flash Cannon|p2a: Passimian\n|-damage|p2a: Passimian|121/302\n|-damage|p1a: Lucario|43/100|[from] item: Life Orb\n|move|p2a: Passimian|Drain Punch|p1a: Lucario\n|-supereffective|p1a: Lucario\n|-damage|p1a: Lucario|0 fnt\n|-heal|p2a: Passimian|175/302|[from] drain|[of] p1a: Lucario\n|faint|p1a: Lucario\n|\n|-heal|p2a: Passimian|193/302|[from] item: Leftovers\n|upkeep\n|\n|t:|1783545033\n|switch|p1a: Porygon2|Porygon2, L81|100/100\n|-ability|p1a: Porygon2|Download|boost\n|-boost|p1a: Porygon2|spa|1\n|turn|4\n|inactive|Time left: 300 sec this turn | 300 sec total\n|\n|t:|1783545034\n|move|p2a: Passimian|Drain Punch|p1a: Porygon2\n|-supereffective|p1a: Porygon2\n|-damage|p1a: Porygon2|58/100\n|-heal|p2a: Passimian|251/302|[from] drain|[of] p1a: Porygon2\n|move|p1a: Porygon2|Tri Attack|p2a: Passimian\n|-damage|p2a: Passimian|71/302\n|\n|-heal|p2a: Passimian|89/302|[from] item: Leftovers\n|upkeep\n|turn|5\n|inactive|Time left: 300 sec this turn | 300 sec total\n|\n|t:|1783545035\n|move|p2a: Passimian|Drain Punch|p1a: Porygon2\n|-supereffective|p1a: Porygon2\n|-damage|p1a: Porygon2|15/100\n|-heal|p2a: Passimian|147/302|[from] drain|[of] p1a: Porygon2\n|move|p1a: Porygon2|Tri Attack|p2a: Passimian\n|-damage|p2a: Passimian|0 fnt\n|faint|p2a: Passimian\n|\n|upkeep\n|inactive|Time left: 300 sec this turn | 300 sec total | 5 sec grace\n|\n|t:|1783545036\n|switch|p2a: Serperior|Serperior, L79, M|248/248\n|turn|6\n|inactive|Time left: 300 sec this turn | 300 sec total\n|\n|t:|1783545038\n|move|p2a: Serperior|Leaf Storm|p1a: Porygon2\n|-damage|p1a: Porygon2|0 fnt\n|-boost|p2a: Serperior|spa|2\n|faint|p1a: Porygon2\n|-damage|p2a: Serperior|224/248|[from] item: Life Orb\n|\n|upkeep\n|\n|t:|1783545038\n|switch|p1a: Reuniclus|Reuniclus, L88, F|100/100\n|turn|7\n|inactive|Time left: 300 sec this turn | 300 sec total\n|\n|t:|1783545039\n|-terastallize|p1a: Reuniclus|Steel\n|move|p2a: Serperior|Leaf Storm|p1a: Reuniclus\n|-resisted|p1a: Reuniclus\n|-damage|p1a: Reuniclus|60/100\n|-boost|p2a: Serperior|spa|2\n|-damage|p2a: Serperior|200/248|[from] item: Life Orb\n|move|p1a: Reuniclus|Calm Mind|p1a: Reuniclus\n|-boost|p1a: Reuniclus|spa|1\n|-boost|p1a: Reuniclus|spd|1\n|\n|upkeep\n|turn|8\n|inactive|Time left: 300 sec this turn | 300 sec total\n|\n|t:|1783545040\n|move|p2a: Serperior|Synthesis|p2a: Serperior\n|-heal|p2a: Serperior|248/248\n|move|p1a: Reuniclus|Psychic|p2a: Serperior\n|-damage|p2a: Serperior|5/248\n|\n|upkeep\n|turn|9\n|inactive|Time left: 300 sec this turn | 300 sec total\n|\n|t:|1783545041\n|move|p2a: Serperior|Glare|p1a: Reuniclus\n|-status|p1a: Reuniclus|par\n|move|p1a: Reuniclus|Recover|p1a: Reuniclus\n|-heal|p1a: Reuniclus|100/100 par\n|\n|upkeep\n|turn|10\n|inactive|Time left: 300 sec this turn | 300 sec total\n|\n|t:|1783545042\n|move|p2a: Serperior|Synthesis|p2a: Serperior\n|-heal|p2a: Serperior|129/248\n|cant|p1a: Reuniclus|par\n|\n|upkeep\n|turn|11\n|inactive|Time left: 300 sec this turn | 300 sec total\n|\n|t:|1783545044\n|move|p2a: Serperior|Leaf Storm|p1a: Reuniclus|[miss]\n|-miss|p2a: Serperior|p1a: Reuniclus\n|move|p1a: Reuniclus|Psychic|p2a: Serperior\n|-damage|p2a: Serperior|0 fnt\n|faint|p2a: Serperior\n|\n|upkeep\n|inactive|Time left: 300 sec this turn | 300 sec total | 5 sec grace\n|\n|t:|1783545044\n|switch|p2a: Uxie|Uxie, L83|260/260\n|turn|12\n|inactive|Time left: 300 sec this turn | 300 sec total\n|\n|t:|1783545045\n|move|p2a: Uxie|Stealth Rock|p1a: Reuniclus\n|-sidestart|p1: p0x453f277|move: Stealth Rock\n|cant|p1a: Reuniclus|par\n|\n|upkeep\n|turn|13\n|inactive|Time left: 300 sec this turn | 300 sec total\n|\n|t:|1783545046\n|move|p2a: Uxie|Encore|p1a: Reuniclus\n|-start|p1a: Reuniclus|Encore\n|move|p1a: Reuniclus|Psychic|p2a: Uxie\n|-resisted|p2a: Uxie\n|-damage|p2a: Uxie|163/260\n|\n|-heal|p2a: Uxie|179/260|[from] item: Leftovers\n|upkeep\n|turn|14\n|inactive|Time left: 300 sec this turn | 300 sec total\n|\n|t:|1783545048\n|move|p2a: Uxie|Psychic Noise|p1a: Reuniclus\n|-resisted|p1a: Reuniclus\n|-damage|p1a: Reuniclus|93/100 par\n|-start|p1a: Reuniclus|move: Heal Block\n|move|p1a: Reuniclus|Psychic|p2a: Uxie\n|-resisted|p2a: Uxie\n|-damage|p2a: Uxie|88/260\n|\n|-heal|p2a: Uxie|104/260|[from] item: Leftovers\n|upkeep\n|turn|15\n|inactive|Time left: 300 sec this turn | 300 sec total\n|\n|t:|1783545049\n|move|p2a: Uxie|Psychic Noise|p1a: Reuniclus\n|-resisted|p1a: Reuniclus\n|-damage|p1a: Reuniclus|87/100 par\n|cant|p1a: Reuniclus|par\n|\n|-heal|p2a: Uxie|120/260|[from] item: Leftovers\n|-end|p1a: Reuniclus|Encore\n|-end|p1a: Reuniclus|move: Heal Block\n|upkeep\n|turn|16\n|inactive|Time left: 300 sec this turn | 300 sec total\n|\n|t:|1783545050\n|-terastallize|p2a: Uxie|Dark\n|move|p2a: Uxie|Encore|p1a: Reuniclus\n|-start|p1a: Reuniclus|Encore\n|move|p1a: Reuniclus|Psychic|p2a: Uxie\n|-immune|p2a: Uxie\n|\n|-heal|p2a: Uxie|136/260|[from] item: Leftovers\n|upkeep\n|turn|17\n|inactive|Time left: 300 sec this turn | 300 sec total\n|\n|t:|1783545051\n|move|p2a: Uxie|Yawn||[still]\n|-fail|p2a: Uxie\n|move|p1a: Reuniclus|Psychic|p2a: Uxie\n|-immune|p2a: Uxie\n|\n|-heal|p2a: Uxie|152/260|[from] item: Leftovers\n|upkeep\n|turn|18\n|inactive|Time left: 300 sec this turn | 300 sec total\n|\n|t:|1783545052\n|move|p2a: Uxie|Psychic Noise|p1a: Reuniclus\n|-resisted|p1a: Reuniclus\n|-damage|p1a: Reuniclus|80/100 par\n|-start|p1a: Reuniclus|move: Heal Block\n|cant|p1a: Reuniclus|par\n|\n|-heal|p2a: Uxie|168/260|[from] item: Leftovers\n|-end|p1a: Reuniclus|Encore\n|upkeep\n|turn|19\n|inactive|Time left: 300 sec this turn | 300 sec total\n|\n|t:|1783545053\n|move|p2a: Uxie|Encore|p1a: Reuniclus\n|-start|p1a: Reuniclus|Encore\n|move|p1a: Reuniclus|Psychic|p2a: Uxie\n|-immune|p2a: Uxie\n|\n|-heal|p2a: Uxie|184/260|[from] item: Leftovers\n|-end|p1a: Reuniclus|move: Heal Block\n|upkeep\n|turn|20\n|inactive|Time left: 300 sec this turn | 300 sec total\n|\n|t:|1783545054\n|move|p2a: Uxie|Psychic Noise|p1a: Reuniclus\n|-resisted|p1a: Reuniclus\n|-damage|p1a: Reuniclus|74/100 par\n|-start|p1a: Reuniclus|move: Heal Block\n|move|p1a: Reuniclus|Psychic|p2a: Uxie\n|-immune|p2a: Uxie\n|\n|-heal|p2a: Uxie|200/260|[from] item: Leftovers\n|upkeep\n|turn|21\n|inactive|Time left: 300 sec this turn | 300 sec total\n|\n|t:|1783545056\n|move|p2a: Uxie|Psychic Noise|p1a: Reuniclus\n|-resisted|p1a: Reuniclus\n|-damage|p1a: Reuniclus|68/100 par\n|move|p1a: Reuniclus|Psychic|p2a: Uxie\n|-immune|p2a: Uxie\n|\n|-heal|p2a: Uxie|216/260|[from] item: Leftovers\n|-end|p1a: Reuniclus|Encore\n|-end|p1a: Reuniclus|move: Heal Block\n|upkeep\n|turn|22\n|inactive|Time left: 300 sec this turn | 300 sec total\n|\n|t:|1783545057\n|move|p2a: Uxie|Encore|p1a: Reuniclus\n|-start|p1a: Reuniclus|Encore\n|move|p1a: Reuniclus|Psychic|p2a: Uxie\n|-immune|p2a: Uxie\n|\n|-heal|p2a: Uxie|232/260|[from] item: Leftovers\n|upkeep\n|turn|23\n|inactive|Time left: 300 sec this turn | 300 sec total\n|\n|t:|1783545058\n|move|p2a: Uxie|Psychic Noise|p1a: Reuniclus\n|-resisted|p1a: Reuniclus\n|-damage|p1a: Reuniclus|61/100 par\n|-start|p1a: Reuniclus|move: Heal Block\n|move|p1a: Reuniclus|Psychic|p2a: Uxie\n|-immune|p2a: Uxie\n|\n|-heal|p2a: Uxie|248/260|[from] item: Leftovers\n|upkeep\n|turn|24\n|inactive|Time left: 300 sec this turn | 300 sec total\n|\n|t:|1783545059\n|move|p2a: Uxie|Psychic Noise|p1a: Reuniclus\n|-resisted|p1a: Reuniclus\n|-damage|p1a: Reuniclus|55/100 par\n|move|p1a: Reuniclus|Psychic|p2a: Uxie\n|-immune|p2a: Uxie\n|\n|-heal|p2a: Uxie|260/260|[from] item: Leftovers\n|-end|p1a: Reuniclus|Encore\n|-end|p1a: Reuniclus|move: Heal Block\n|upkeep\n|turn|25\n|inactive|Time left: 300 sec this turn | 300 sec total\n|\n|t:|1783545060\n|move|p2a: Uxie|Encore|p1a: Reuniclus\n|-start|p1a: Reuniclus|Encore\n|move|p1a: Reuniclus|Psychic|p2a: Uxie\n|-immune|p2a: Uxie\n|\n|upkeep\n|turn|26\n|inactive|Time left: 300 sec this turn | 300 sec total\n|\n|t:|1783545061\n|move|p2a: Uxie|Psychic Noise|p1a: Reuniclus\n|-resisted|p1a: Reuniclus\n|-damage|p1a: Reuniclus|48/100 par\n|-start|p1a: Reuniclus|move: Heal Block\n|cant|p1a: Reuniclus|par\n|\n|upkeep\n|turn|27\n|inactive|Time left: 300 sec this turn | 300 sec total\n|\n|t:|1783545063\n|move|p2a: Uxie|Yawn||[still]\n|-fail|p2a: Uxie\n|move|p1a: Reuniclus|Psychic|p2a: Uxie\n|-immune|p2a: Uxie\n|\n|-end|p1a: Reuniclus|Encore\n|-end|p1a: Reuniclus|move: Heal Block\n|upkeep\n|turn|28\n|inactive|Time left: 300 sec this turn | 300 sec total\n|\n|t:|1783545064\n|move|p2a: Uxie|Encore|p1a: Reuniclus\n|-start|p1a: Reuniclus|Encore\n|move|p1a: Reuniclus|Psychic|p2a: Uxie\n|-immune|p2a: Uxie\n|\n|upkeep\n|turn|29\n|inactive|Time left: 300 sec this turn | 300 sec total\n|\n|t:|1783545065\n|move|p2a: Uxie|Yawn||[still]\n|-fail|p2a: Uxie\n|cant|p1a: Reuniclus|par\n|\n|upkeep\n|turn|30\n|inactive|Time left: 300 sec this turn | 300 sec total\n|\n|t:|1783545066\n|switch|p1a: Granbull|Granbull, L88, F|100/100\n|-damage|p1a: Granbull|88/100|[from] Stealth Rock\n|-ability|p1a: Granbull|Intimidate|boost\n|-unboost|p2a: Uxie|atk|1\n|move|p2a: Uxie|Yawn|p1a: Granbull\n|-start|p1a: Granbull|move: Yawn|[of] p2a: Uxie\n|\n|-heal|p1a: Granbull|94/100|[from] item: Leftovers\n|upkeep\n|turn|31\n|inactive|Time left: 300 sec this turn | 300 sec total\n|\n|t:|1783545067\n|switch|p2a: Shaymin|Shaymin-Sky, L73|266/266\n|move|p1a: Granbull|Play Rough|p2a: Shaymin\n|-damage|p2a: Shaymin|109/266\n|\n|-heal|p2a: Shaymin|125/266|[from] item: Leftovers\n|-heal|p1a: Granbull|99/100|[from] item: Leftovers\n|-end|p1a: Granbull|move: Yawn|[silent]\n|-status|p1a: Granbull|slp\n|upkeep\n|turn|32\n|inactive|Time left: 300 sec this turn | 300 sec total\n|\n|t:|1783545068\n|switch|p1a: Reuniclus|Reuniclus, L88, F, tera:Steel|48/100 par\n|move|p2a: Shaymin|Seed Flare|p1a: Reuniclus\n|-resisted|p1a: Reuniclus\n|-damage|p1a: Reuniclus|30/100 par\n|-unboost|p1a: Reuniclus|spd|2\n|\n|-heal|p2a: Shaymin|141/266|[from] item: Leftovers\n|upkeep\n|turn|33\n|inactive|Time left: 300 sec this turn | 300 sec total\n|\n|t:|1783545069\n|move|p2a: Shaymin|Seed Flare|p1a: Reuniclus|[miss]\n|-miss|p2a: Shaymin|p1a: Reuniclus\n|move|p1a: Reuniclus|Psychic|p2a: Shaymin\n|-damage|p2a: Shaymin|0 fnt\n|faint|p2a: Shaymin\n|\n|upkeep\n|inactive|Time left: 300 sec this turn | 300 sec total | 5 sec grace\n|\n|t:|1783545070\n|switch|p2a: Kilowattrel|Kilowattrel, L83, F|252/252\n|turn|34\n|inactive|Time left: 300 sec this turn | 300 sec total\n|\n|t:|1783545071\n|move|p2a: Kilowattrel|Thunderbolt|p1a: Reuniclus\n|-damage|p1a: Reuniclus|0 fnt\n|faint|p1a: Reuniclus\n|\n|upkeep\n|\n|t:|1783545072\n|switch|p1a: Dewgong|Dewgong, L94, F|100/100\n|-damage|p1a: Dewgong|76/100|[from] Stealth Rock\n|turn|35\n|inactive|Time left: 300 sec this turn | 300 sec total\n|\n|t:|1783545073\n|move|p2a: Kilowattrel|U-turn|p1a: Dewgong\n|-damage|p1a: Dewgong|65/100\n|inactive|Time left: 300 sec this turn | 300 sec total | 5 sec grace\n|\n|t:|1783545074\n|switch|p2a: Uxie|Uxie, L83, tera:Dark|260/260|[from] U-turn\n|move|p1a: Dewgong|Ice Beam|p2a: Uxie\n|-damage|p2a: Uxie|188/260\n|\n|-heal|p2a: Uxie|204/260|[from] item: Leftovers\n|upkeep\n|turn|36\n|inactive|Time left: 300 sec this turn | 300 sec total\n|\n|t:|1783545075\n|move|p2a: Uxie|Psychic Noise|p1a: Dewgong\n|-damage|p1a: Dewgong|53/100\n|-start|p1a: Dewgong|move: Heal Block\n|move|p1a: Dewgong|Ice Beam|p2a: Uxie\n|-damage|p2a: Uxie|131/260\n|\n|-heal|p2a: Uxie|147/260|[from] item: Leftovers\n|upkeep\n|turn|37\n|inactive|Time left: 300 sec this turn | 300 sec total\n|\n|t:|1783545076\n|move|p2a: Uxie|Psychic Noise|p1a: Dewgong\n|-damage|p1a: Dewgong|41/100\n|move|p1a: Dewgong|Ice Beam|p2a: Uxie\n|-damage|p2a: Uxie|80/260\n|\n|-heal|p2a: Uxie|96/260|[from] item: Leftovers\n|-end|p1a: Dewgong|move: Heal Block\n|upkeep\n|turn|38\n|inactive|Time left: 300 sec this turn | 300 sec total\n|\n|t:|1783545078\n|move|p2a: Uxie|Psychic Noise|p1a: Dewgong\n|-damage|p1a: Dewgong|30/100\n|-start|p1a: Dewgong|move: Heal Block\n|move|p1a: Dewgong|Ice Beam|p2a: Uxie\n|-damage|p2a: Uxie|23/260\n|\n|-heal|p2a: Uxie|39/260|[from] item: Leftovers\n|upkeep\n|turn|39\n|inactive|Time left: 300 sec this turn | 300 sec total\n|\n|t:|1783545079\n|move|p2a: Uxie|Psychic Noise|p1a: Dewgong\n|-damage|p1a: Dewgong|19/100\n|move|p1a: Dewgong|Flip Turn|p2a: Uxie\n|-damage|p2a: Uxie|0 fnt\n|faint|p2a: Uxie\n|\n|t:|1783545081\n|switch|p1a: Milotic|Milotic, L83, M|100/100|[from] Flip Turn\n|-damage|p1a: Milotic|88/100|[from] Stealth Rock\n|\n|-heal|p1a: Milotic|94/100|[from] item: Leftovers\n|upkeep\n|inactive|Time left: 300 sec this turn | 300 sec total | 10 sec grace\n|\n|t:|1783545082\n|switch|p2a: Kilowattrel|Kilowattrel, L83, F|252/252\n|turn|40\n|inactive|Time left: 300 sec this turn | 300 sec total\n|\n|t:|1783545083\n|move|p2a: Kilowattrel|Thunderbolt|p1a: Milotic\n|-supereffective|p1a: Milotic\n|-damage|p1a: Milotic|41/100\n|move|p1a: Milotic|Recover|p1a: Milotic\n|-heal|p1a: Milotic|91/100\n|\n|-heal|p1a: Milotic|97/100|[from] item: Leftovers\n|upkeep\n|turn|41\n|inactive|Time left: 300 sec this turn | 300 sec total\n|\n|t:|1783545084\n|move|p2a: Kilowattrel|Thunderbolt|p1a: Milotic\n|-supereffective|p1a: Milotic\n|-damage|p1a: Milotic|48/100\n|move|p1a: Milotic|Recover|p1a: Milotic\n|-heal|p1a: Milotic|98/100\n|\n|-heal|p1a: Milotic|100/100|[from] item: Leftovers\n|upkeep\n|turn|42\n|inactive|Time left: 300 sec this turn | 300 sec total\n|\n|t:|1783545085\n|move|p2a: Kilowattrel|Thunderbolt|p1a: Milotic\n|-supereffective|p1a: Milotic\n|-crit|p1a: Milotic\n|-damage|p1a: Milotic|20/100\n|move|p1a: Milotic|Ice Beam|p2a: Kilowattrel\n|-supereffective|p2a: Kilowattrel\n|-damage|p2a: Kilowattrel|88/252\n|\n|-heal|p1a: Milotic|26/100|[from] item: Leftovers\n|upkeep\n|turn|43\n|inactive|Time left: 300 sec this turn | 300 sec total\n|\n|t:|1783545086\n|switch|p1a: Granbull|Granbull, L88, F|99/100 slp\n|-damage|p1a: Granbull|88/100 slp|[from] Stealth Rock\n|-ability|p1a: Granbull|Intimidate|boost\n|-unboost|p2a: Kilowattrel|atk|1\n|move|p2a: Kilowattrel|Thunderbolt|p1a: Granbull\n|-damage|p1a: Granbull|46/100 slp\n|\n|-heal|p1a: Granbull|52/100 slp|[from] item: Leftovers\n|upkeep\n|turn|44\n|inactive|Time left: 300 sec this turn | 300 sec total\n|\n|t:|1783545086\n|move|p2a: Kilowattrel|Thunderbolt|p1a: Granbull\n|-damage|p1a: Granbull|7/100 slp\n|cant|p1a: Granbull|slp\n|\n|-heal|p1a: Granbull|13/100 slp|[from] item: Leftovers\n|upkeep\n|turn|45\n|inactive|Time left: 300 sec this turn | 300 sec total\n|\n|t:|1783545087\n|switch|p1a: Dewgong|Dewgong, L94, F|19/100\n|-damage|p1a: Dewgong|0 fnt|[from] Stealth Rock\n|faint|p1a: Dewgong\n|move|p2a: Kilowattrel|Thunderbolt|p1: Dewgong|[notarget]\n|-fail|p2a: Kilowattrel\n|\n|upkeep\n|\n|t:|1783545088\n|switch|p1a: Milotic|Milotic, L83, M|26/100\n|-damage|p1a: Milotic|14/100|[from] Stealth Rock\n|turn|46\n|inactive|Time left: 300 sec this turn | 300 sec total\n|\n|t:|1783545089\n|move|p2a: Kilowattrel|Thunderbolt|p1a: Milotic\n|-supereffective|p1a: Milotic\n|-damage|p1a: Milotic|0 fnt\n|faint|p1a: Milotic\n|\n|upkeep\n|\n|t:|1783545090\n|switch|p1a: Granbull|Granbull, L88, F|13/100 slp\n|-damage|p1a: Granbull|1/100 slp|[from] Stealth Rock\n|-ability|p1a: Granbull|Intimidate|boost\n|-unboost|p2a: Kilowattrel|atk|1\n|turn|47\n|inactive|Time left: 300 sec this turn | 300 sec total\n|\n|t:|1783545091\n|move|p2a: Kilowattrel|Thunderbolt|p1a: Granbull\n|-damage|p1a: Granbull|0 fnt\n|faint|p1a: Granbull\n|\n|win|p0y4537784", "uploadtime": 1783545091, "views": 0, "rating": 0, "private": 0, "password": null, "_winner": "p0y4537784", "_our_name": "p0y4537784"}