{"id": "battle-gen9randombattle-1118", "formatid": "gen9randombattle", "format": "[Gen 9] Random Battle", "players": ["p0x111826a2", "p0y11189f93"], "log": "|init|battle\n|title|p0x111826a2 vs. p0y11189f93\n|j|\u2606p0x111826a2\n|j|\u2606p0y11189f93\n|t:|1783552131\n|gametype|singles\n|player|p1|p0x111826a2|265|\n|player|p2|p0y11189f93|101|\n|gen|9\n|tier|[Gen 9] Random Battle\n|rule|Species Clause: Limit one of each Pok\u00e9mon\n|rule|HP Percentage Mod: HP is shown in percentages\n|rule|Sleep Clause Mod: Limit one foe put to sleep\n|rule|Illusion Level Mod: Illusion disguises the Pok\u00e9mon's true level\n|\n|t:|1783552131\n|teamsize|p1|6\n|teamsize|p2|6\n|start\n|switch|p1a: Eternatus|Eternatus, L69|308/308\n|switch|p2a: Sinistcha|Sinistcha-Masterpiece, L83|100/100\n|-ability|p1a: Eternatus|Pressure\n|turn|1\n|inactive|Battle timer is ON: inactive players will automatically lose when time's up. (requested by p0y11189f93)\n|inactive|Time left: 300 sec this turn | 300 sec total | 60 sec grace\n|inactive|p0x111826a2 also wants the timer to be on.\n|\n|t:|1783552132\n|move|p1a: Eternatus|Toxic|p2a: Sinistcha\n|-status|p2a: Sinistcha|tox\n|move|p2a: Sinistcha|Calm Mind|p2a: Sinistcha\n|-boost|p2a: Sinistcha|spa|1\n|-boost|p2a: Sinistcha|spd|1\n|\n|-damage|p2a: Sinistcha|95/100 tox|[from] psn\n|upkeep\n|turn|2\n|inactive|Time left: 300 sec this turn | 300 sec total\n|\n|t:|1783552133\n|move|p1a: Eternatus|Dynamax Cannon|p2a: Sinistcha\n|-damage|p2a: Sinistcha|67/100 tox\n|move|p2a: Sinistcha|Shadow Ball|p1a: Eternatus\n|-crit|p1a: Eternatus\n|-damage|p1a: Eternatus|70/308\n|-unboost|p1a: Eternatus|spd|1\n|\n|-heal|p1a: Eternatus|89/308|[from] item: Leftovers\n|-heal|p2a: Sinistcha|73/100 tox|[from] item: Leftovers\n|-damage|p2a: Sinistcha|61/100 tox|[from] psn\n|upkeep\n|turn|3\n|inactive|Time left: 300 sec this turn | 300 sec total\n|\n|t:|1783552134\n|move|p1a: Eternatus|Dynamax Cannon|p2a: Sinistcha\n|-damage|p2a: Sinistcha|31/100 tox\n|move|p2a: Sinistcha|Shadow Ball|p1a: Eternatus\n|-crit|p1a: Eternatus\n|-damage|p1a: Eternatus|0 fnt\n|faint|p1a: Eternatus\n|\n|-heal|p2a: Sinistcha|37/100 tox|[from] item: Leftovers\n|-damage|p2a: Sinistcha|19/100 tox|[from] psn\n|upkeep\n|inactive|Time left: 300 sec this turn | 300 sec total | 5 sec grace\n|\n|t:|1783552134\n|switch|p1a: Leavanny|Leavanny, L86, F|269/269\n|turn|4\n|inactive|Time left: 300 sec this turn | 300 sec total\n|\n|t:|1783552135\n|move|p1a: Leavanny|Sticky Web|p2a: Sinistcha\n|-sidestart|p2: p0y11189f93|move: Sticky Web\n|move|p2a: Sinistcha|Strength Sap|p1a: Leavanny\n|-unboost|p1a: Leavanny|atk|1\n|-heal|p2a: Sinistcha|100/100 tox\n|\n|-damage|p2a: Sinistcha|77/100 tox|[from] psn\n|upkeep\n|turn|5\n|inactive|Time left: 300 sec this turn | 300 sec total\n|\n|t:|1783552136\n|switch|p2a: Magcargo|Magcargo, L95, M|100/100\n|move|p1a: Leavanny|Knock Off|p2a: Magcargo\n|-damage|p2a: Magcargo|86/100\n|-ability|p2a: Magcargo|Weak Armor|boost\n|-unboost|p2a: Magcargo|def|1\n|-boost|p2a: Magcargo|spe|2\n|-enditem|p2a: Magcargo|Heavy-Duty Boots|[from] move: Knock Off|[of] p1a: Leavanny\n|\n|upkeep\n|turn|6\n|inactive|Time left: 300 sec this turn | 300 sec total\n|\n|t:|1783552137\n|switch|p1a: Inteleon|Inteleon, L81, F|246/246\n|move|p2a: Magcargo|Fire Blast|p1a: Inteleon\n|-resisted|p1a: Inteleon\n|-damage|p1a: Inteleon|159/246\n|\n|upkeep\n|turn|7\n|inactive|Time left: 300 sec this turn | 300 sec total\n|\n|t:|1783552139\n|-terastallize|p2a: Magcargo|Grass\n|move|p1a: Inteleon|Ice Beam|p2a: Magcargo\n|-supereffective|p2a: Magcargo\n|-damage|p2a: Magcargo|6/100\n|move|p2a: Magcargo|Shell Smash|p2a: Magcargo\n|-unboost|p2a: Magcargo|def|1\n|-unboost|p2a: Magcargo|spd|1\n|-boost|p2a: Magcargo|atk|2\n|-boost|p2a: Magcargo|spa|2\n|-boost|p2a: Magcargo|spe|2\n|\n|upkeep\n|turn|8\n|inactive|Time left: 300 sec this turn | 300 sec total\n|\n|t:|1783552140\n|move|p2a: Magcargo|Power Gem|p1a: Inteleon\n|-damage|p1a: Inteleon|0 fnt\n|faint|p1a: Inteleon\n|\n|upkeep\n|inactive|Time left: 300 sec this turn | 300 sec total | 5 sec grace\n|\n|t:|1783552141\n|switch|p1a: Sandaconda|Sandaconda, L84, F|258/258\n|turn|9\n|inactive|Time left: 300 sec this turn | 300 sec total\n|\n|t:|1783552142\n|-terastallize|p1a: Sandaconda|Dragon\n|move|p2a: Magcargo|Fire Blast|p1a: Sandaconda\n|-resisted|p1a: Sandaconda\n|-damage|p1a: Sandaconda|105/258\n|-status|p1a: Sandaconda|brn\n|move|p1a: Sandaconda|Earthquake|p2a: Magcargo\n|-resisted|p2a: Magcargo\n|-damage|p2a: Magcargo|0 fnt\n|faint|p2a: Magcargo\n|\n|-activate|p1a: Sandaconda|ability: Shed Skin\n|-curestatus|p1a: Sandaconda|brn|[msg]\n|-heal|p1a: Sandaconda|121/258|[from] item: Leftovers\n|upkeep\n|\n|t:|1783552143\n|switch|p2a: Glastrier|Glastrier, L86|100/100\n|turn|10\n|inactive|Time left: 300 sec this turn | 300 sec total\n|\n|t:|1783552144\n|move|p1a: Sandaconda|Glare|p2a: Glastrier\n|-status|p2a: Glastrier|par\n|cant|p2a: Glastrier|par\n|\n|-heal|p1a: Sandaconda|137/258|[from] item: Leftovers\n|upkeep\n|turn|11\n|inactive|Time left: 300 sec this turn | 300 sec total\n|\n|t:|1783552145\n|move|p1a: Sandaconda|Coil|p1a: Sandaconda\n|-boost|p1a: Sandaconda|atk|1\n|-boost|p1a: Sandaconda|def|1\n|-boost|p1a: Sandaconda|accuracy|1\n|move|p2a: Glastrier|Icicle Crash|p1a: Sandaconda\n|-supereffective|p1a: Sandaconda\n|-damage|p1a: Sandaconda|0 fnt\n|faint|p1a: Sandaconda\n|-ability|p2a: Glastrier|Chilling Neigh|boost\n|-boost|p2a: Glastrier|atk|1\n|\n|upkeep\n|inactive|Time left: 300 sec this turn | 300 sec total | 5 sec grace\n|\n|t:|1783552146\n|switch|p1a: Solgaleo|Solgaleo, L74|325/325\n|turn|12\n|inactive|Time left: 300 sec this turn | 300 sec total\n|\n|t:|1783552147\n|move|p1a: Solgaleo|Sunsteel Strike|p2a: Glastrier\n|-supereffective|p2a: Glastrier\n|-damage|p2a: Glastrier|54/100 par\n|move|p2a: Glastrier|High Horsepower|p1a: Solgaleo\n|-supereffective|p1a: Solgaleo\n|-damage|p1a: Solgaleo|27/325\n|-enditem|p1a: Solgaleo|Weakness Policy\n|-boost|p1a: Solgaleo|atk|2|[from] item: Weakness Policy\n|-boost|p1a: Solgaleo|spa|2|[from] item: Weakness Policy\n|\n|upkeep\n|turn|13\n|inactive|Time left: 300 sec this turn | 300 sec total\n|\n|t:|1783552148\n|switch|p2a: Poliwrath|Poliwrath, L88, F|100/100\n|-activate|p2a: Poliwrath|move: Sticky Web\n|-unboost|p2a: Poliwrath|spe|1\n|move|p1a: Solgaleo|Sunsteel Strike|p2a: Poliwrath\n|-resisted|p2a: Poliwrath\n|-damage|p2a: Poliwrath|69/100\n|\n|-heal|p2a: Poliwrath|75/100|[from] item: Leftovers\n|upkeep\n|turn|14\n|inactive|Time left: 300 sec this turn | 300 sec total\n|\n|t:|1783552149\n|move|p1a: Solgaleo|Psychic|p2a: Poliwrath\n|-supereffective|p2a: Poliwrath\n|-damage|p2a: Poliwrath|0 fnt\n|faint|p2a: Poliwrath\n|\n|upkeep\n|\n|t:|1783552150\n|switch|p2a: Exeggutor|Exeggutor-Alola, L89, F|100/100\n|-activate|p2a: Exeggutor|move: Sticky Web\n|-unboost|p2a: Exeggutor|spe|1\n|turn|15\n|inactive|Time left: 300 sec this turn | 300 sec total\n|\n|t:|1783552151\n|move|p1a: Solgaleo|Sunsteel Strike|p2a: Exeggutor\n|-damage|p2a: Exeggutor|31/100\n|-enditem|p2a: Exeggutor|Sitrus Berry|[eat]\n|-heal|p2a: Exeggutor|56/100|[from] item: Sitrus Berry\n|move|p2a: Exeggutor|Wood Hammer|p1a: Solgaleo\n|-resisted|p1a: Solgaleo\n|-damage|p1a: Solgaleo|0 fnt\n|faint|p1a: Solgaleo\n|-damage|p2a: Exeggutor|53/100|[from] Recoil\n|\n|upkeep\n|inactive|Time left: 300 sec this turn | 300 sec total | 5 sec grace\n|\n|t:|1783552152\n|switch|p1a: Leavanny|Leavanny, L86, F|269/269\n|turn|16\n|inactive|Time left: 300 sec this turn | 300 sec total\n|\n|t:|1783552153\n|move|p1a: Leavanny|Triple Axel|p2a: Exeggutor\n|-supereffective|p2a: Exeggutor\n|-damage|p2a: Exeggutor|32/100\n|-supereffective|p2a: Exeggutor\n|-damage|p2a: Exeggutor|0 fnt\n|faint|p2a: Exeggutor\n|-hitcount|p2: Exeggutor|2\n|\n|upkeep\n|\n|t:|1783552154\n|switch|p2a: Glastrier|Glastrier, L86|54/100 par\n|turn|17\n|inactive|Time left: 300 sec this turn | 300 sec total\n|\n|t:|1783552155\n|switch|p1a: Passimian|Passimian, L83, F|302/302\n|move|p2a: Glastrier|Icicle Crash|p1a: Passimian\n|-damage|p1a: Passimian|170/302\n|\n|upkeep\n|turn|18\n|inactive|Time left: 300 sec this turn | 300 sec total\n|\n|t:|1783552156\n|switch|p2a: Sinistcha|Sinistcha-Masterpiece, L83|77/100 tox\n|-activate|p2a: Sinistcha|move: Sticky Web\n|-unboost|p2a: Sinistcha|spe|1\n|move|p1a: Passimian|Rock Slide|p2a: Sinistcha\n|-damage|p2a: Sinistcha|57/100 tox\n|\n|-heal|p2a: Sinistcha|63/100 tox|[from] item: Leftovers\n|-damage|p2a: Sinistcha|57/100 tox|[from] psn\n|upkeep\n|turn|19\n|inactive|Time left: 300 sec this turn | 300 sec total\n|\n|t:|1783552157\n|move|p1a: Passimian|Rock Slide|p2a: Sinistcha\n|-damage|p2a: Sinistcha|37/100 tox\n|move|p2a: Sinistcha|Matcha Gotcha|p1a: Passimian\n|-damage|p1a: Passimian|46/302\n|-heal|p2a: Sinistcha|62/100 tox|[from] drain|[of] p1a: Passimian\n|\n|-heal|p2a: Sinistcha|67/100 tox|[from] item: Leftovers\n|-damage|p2a: Sinistcha|56/100 tox|[from] psn\n|upkeep\n|turn|20\n|inactive|Time left: 300 sec this turn | 300 sec total\n|\n|t:|1783552158\n|move|p1a: Passimian|Rock Slide|p2a: Sinistcha\n|-damage|p2a: Sinistcha|32/100 tox\n|move|p2a: Sinistcha|Shadow Ball|p1a: Passimian\n|-damage|p1a: Passimian|0 fnt\n|faint|p1a: Passimian\n|\n|-heal|p2a: Sinistcha|38/100 tox|[from] item: Leftovers\n|-damage|p2a: Sinistcha|21/100 tox|[from] psn\n|upkeep\n|inactive|Time left: 300 sec this turn | 300 sec total | 5 sec grace\n|\n|t:|1783552159\n|switch|p1a: Leavanny|Leavanny, L86, F|269/269\n|turn|21\n|inactive|Time left: 300 sec this turn | 300 sec total\n|\n|t:|1783552160\n|move|p1a: Leavanny|Knock Off|p2a: Sinistcha\n|-supereffective|p2a: Sinistcha\n|-damage|p2a: Sinistcha|0 fnt\n|-enditem|p2a: Sinistcha|Leftovers|[from] move: Knock Off|[of] p1a: Leavanny\n|faint|p2a: Sinistcha\n|\n|upkeep\n|\n|t:|1783552160\n|switch|p2a: Glastrier|Glastrier, L86|54/100 par\n|turn|22\n|inactive|Time left: 300 sec this turn | 300 sec total\n|\n|t:|1783552161\n|move|p1a: Leavanny|Bullet Seed|p2a: Glastrier\n|-damage|p2a: Glastrier|47/100 par\n|-damage|p2a: Glastrier|40/100 par\n|-damage|p2a: Glastrier|34/100 par\n|-damage|p2a: Glastrier|26/100 par\n|-damage|p2a: Glastrier|20/100 par\n|-hitcount|p2a: Glastrier|5\n|cant|p2a: Glastrier|par\n|\n|upkeep\n|turn|23\n|inactive|Time left: 300 sec this turn | 300 sec total\n|\n|t:|1783552162\n|switch|p2a: Manaphy|Manaphy, L78|100/100\n|-activate|p2a: Manaphy|move: Sticky Web\n|-unboost|p2a: Manaphy|spe|1\n|move|p1a: Leavanny|Bullet Seed|p2a: Manaphy\n|-supereffective|p2a: Manaphy\n|-damage|p2a: Manaphy|81/100\n|-supereffective|p2a: Manaphy\n|-damage|p2a: Manaphy|59/100\n|-supereffective|p2a: Manaphy\n|-damage|p2a: Manaphy|38/100\n|-supereffective|p2a: Manaphy\n|-damage|p2a: Manaphy|19/100\n|-supereffective|p2a: Manaphy\n|-damage|p2a: Manaphy|0 fnt\n|faint|p2a: Manaphy\n|-hitcount|p2: Manaphy|5\n|\n|upkeep\n|\n|t:|1783552163\n|switch|p2a: Glastrier|Glastrier, L86|20/100 par\n|turn|24\n|inactive|Time left: 300 sec this turn | 300 sec total\n|\n|t:|1783552164\n|move|p1a: Leavanny|Bullet Seed|p2a: Glastrier\n|-damage|p2a: Glastrier|13/100 par\n|-damage|p2a: Glastrier|7/100 par\n|-damage|p2a: Glastrier|0 fnt\n|faint|p2a: Glastrier\n|-hitcount|p2: Glastrier|3\n|\n|win|p0x111826a2", "uploadtime": 1783552164, "views": 0, "rating": 0, "private": 0, "password": null, "_winner": "p0x111826a2", "_our_name": "p0x111826a2"}