{"id": "battle-gen9randombattle-2129", "formatid": "gen9randombattle", "format": "[Gen 9] Random Battle", "players": ["p0x2129a489", "p0y2129a4da"], "log": "|init|battle\n|title|p0x2129a489 vs. p0y2129a4da\n|j|\u2606p0x2129a489\n|j|\u2606p0y2129a4da\n|t:|1783563866\n|gametype|singles\n|player|p1|p0x2129a489|170|\n|player|p2|p0y2129a4da|170|\n|gen|9\n|tier|[Gen 9] Random Battle\n|rule|Species Clause: Limit one of each Pok\u00e9mon\n|rule|HP Percentage Mod: HP is shown in percentages\n|rule|Sleep Clause Mod: Limit one foe put to sleep\n|rule|Illusion Level Mod: Illusion disguises the Pok\u00e9mon's true level\n|\n|t:|1783563866\n|teamsize|p1|6\n|teamsize|p2|6\n|start\n|switch|p1a: Hitmonlee|Hitmonlee, L85, M|100/100\n|switch|p2a: Darkrai|Darkrai, L77|234/234\n|turn|1\n|inactive|Battle timer is ON: inactive players will automatically lose when time's up. (requested by p0y2129a4da)\n|inactive|p0x2129a489 also wants the timer to be on.\n|\n|t:|1783563867\n|move|p2a: Darkrai|Substitute|p2a: Darkrai\n|-start|p2a: Darkrai|Substitute\n|-damage|p2a: Darkrai|176/234\n|move|p1a: Hitmonlee|Close Combat|p2a: Darkrai\n|-supereffective|p2a: Darkrai\n|-end|p2a: Darkrai|Substitute\n|-unboost|p1a: Hitmonlee|def|1\n|-unboost|p1a: Hitmonlee|spd|1\n|-enditem|p1a: Hitmonlee|White Herb\n|-clearnegativeboost|p1a: Hitmonlee|[silent]\n|\n|-heal|p2a: Darkrai|190/234|[from] item: Leftovers\n|upkeep\n|turn|2\n|inactive|Time left: 300 sec this turn | 300 sec total\n|\n|t:|1783563869\n|switch|p2a: Forretress|Forretress, L84, M|263/263\n|move|p1a: Hitmonlee|Swords Dance|p1a: Hitmonlee\n|-boost|p1a: Hitmonlee|atk|2\n|\n|upkeep\n|turn|3\n|inactive|Time left: 300 sec this turn | 300 sec total\n|\n|t:|1783563869\n|move|p1a: Hitmonlee|Knock Off|p2a: Forretress\n|-damage|p2a: Forretress|145/263\n|-enditem|p2a: Forretress|Leftovers|[from] move: Knock Off|[of] p1a: Hitmonlee\n|move|p2a: Forretress|Iron Head|p1a: Hitmonlee\n|-damage|p1a: Hitmonlee|46/100\n|\n|upkeep\n|turn|4\n|inactive|Time left: 300 sec this turn | 300 sec total\n|\n|t:|1783563870\n|move|p1a: Hitmonlee|Close Combat|p2a: Forretress\n|-damage|p2a: Forretress|0 fnt\n|-unboost|p1a: Hitmonlee|def|1\n|-unboost|p1a: Hitmonlee|spd|1\n|faint|p2a: Forretress\n|\n|upkeep\n|inactive|Time left: 300 sec this turn | 300 sec total | 5 sec grace\n|\n|t:|1783563871\n|switch|p2a: Wigglytuff|Wigglytuff, L96, M|424/424\n|turn|5\n|inactive|Time left: 300 sec this turn | 300 sec total\n|\n|t:|1783563872\n|-terastallize|p2a: Wigglytuff|Poison\n|move|p1a: Hitmonlee|Close Combat|p2a: Wigglytuff\n|-resisted|p2a: Wigglytuff\n|-damage|p2a: Wigglytuff|223/424\n|-unboost|p1a: Hitmonlee|def|1\n|-unboost|p1a: Hitmonlee|spd|1\n|move|p2a: Wigglytuff|Fire Blast|p1a: Hitmonlee\n|-damage|p1a: Hitmonlee|0 fnt\n|faint|p1a: Hitmonlee\n|\n|-heal|p2a: Wigglytuff|249/424|[from] item: Leftovers\n|upkeep\n|\n|t:|1783563872\n|switch|p1a: Rhydon|Rhydon, L85, F|100/100\n|turn|6\n|inactive|Time left: 300 sec this turn | 300 sec total\n|\n|t:|1783563873\n|switch|p2a: Rotom|Rotom-Wash, L82|216/216\n|move|p1a: Rhydon|Earthquake|p2a: Rotom\n|-immune|p2a: Rotom|[from] ability: Levitate\n|\n|upkeep\n|turn|7\n|inactive|Time left: 300 sec this turn | 300 sec total\n|\n|t:|1783563874\n|-terastallize|p1a: Rhydon|Dragon\n|move|p2a: Rotom|Hydro Pump|p1a: Rhydon\n|-resisted|p1a: Rhydon\n|-damage|p1a: Rhydon|80/100\n|move|p1a: Rhydon|Swords Dance|p1a: Rhydon\n|-boost|p1a: Rhydon|atk|2\n|\n|upkeep\n|turn|8\n|inactive|Time left: 300 sec this turn | 300 sec total\n|\n|t:|1783563875\n|move|p2a: Rotom|Will-O-Wisp|p1a: Rhydon\n|-status|p1a: Rhydon|brn\n|move|p1a: Rhydon|Stone Edge|p2a: Rotom\n|-damage|p2a: Rotom|94/216\n|\n|-heal|p2a: Rotom|107/216|[from] item: Leftovers\n|-damage|p1a: Rhydon|74/100 brn|[from] brn\n|upkeep\n|turn|9\n|inactive|Time left: 300 sec this turn | 300 sec total\n|\n|t:|1783563876\n|move|p2a: Rotom|Pain Split|p1a: Rhydon\n|-sethp|p1a: Rhydon|54/100 brn|[from] move: Pain Split|[silent]\n|-sethp|p2a: Rotom|170/216|[from] move: Pain Split\n|move|p1a: Rhydon|Stone Edge|p2a: Rotom\n|-damage|p2a: Rotom|59/216\n|\n|-heal|p2a: Rotom|72/216|[from] item: Leftovers\n|-damage|p1a: Rhydon|48/100 brn|[from] brn\n|upkeep\n|turn|10\n|inactive|Time left: 300 sec this turn | 300 sec total\n|\n|t:|1783563877\n|move|p2a: Rotom|Pain Split|p1a: Rhydon\n|-sethp|p1a: Rhydon|36/100 brn|[from] move: Pain Split|[silent]\n|-sethp|p2a: Rotom|111/216|[from] move: Pain Split\n|move|p1a: Rhydon|Stone Edge|p2a: Rotom\n|-damage|p2a: Rotom|0 fnt\n|faint|p2a: Rotom\n|\n|-damage|p1a: Rhydon|30/100 brn|[from] brn\n|upkeep\n|inactive|Time left: 300 sec this turn | 300 sec total | 5 sec grace\n|\n|t:|1783563878\n|switch|p2a: Wigglytuff|Wigglytuff, L96, M, tera:Poison|249/424\n|turn|11\n|inactive|Time left: 300 sec this turn | 300 sec total\n|\n|t:|1783563878\n|move|p2a: Wigglytuff|Alluring Voice|p1a: Rhydon\n|-supereffective|p1a: Rhydon\n|-damage|p1a: Rhydon|0 fnt\n|faint|p1a: Rhydon\n|\n|-heal|p2a: Wigglytuff|275/424|[from] item: Leftovers\n|upkeep\n|\n|t:|1783563879\n|switch|p1a: Crabominable|Crabominable, L90, M|100/100\n|turn|12\n|inactive|Time left: 300 sec this turn | 300 sec total\n|\n|t:|1783563880\n|move|p2a: Wigglytuff|Alluring Voice|p1a: Crabominable\n|-supereffective|p1a: Crabominable\n|-damage|p1a: Crabominable|56/100\n|move|p1a: Crabominable|Earthquake|p2a: Wigglytuff\n|-supereffective|p2a: Wigglytuff\n|-damage|p2a: Wigglytuff|0 fnt\n|faint|p2a: Wigglytuff\n|\n|upkeep\n|inactive|Time left: 300 sec this turn | 300 sec total | 5 sec grace\n|\n|t:|1783563881\n|switch|p2a: Azelf|Azelf, L82|257/257\n|turn|13\n|inactive|Time left: 300 sec this turn | 300 sec total\n|\n|t:|1783563882\n|switch|p1a: Mesprit|Mesprit, L85|100/100\n|move|p2a: Azelf|Psyshock|p1a: Mesprit\n|-resisted|p1a: Mesprit\n|-damage|p1a: Mesprit|81/100\n|-damage|p2a: Azelf|232/257|[from] item: Life Orb\n|\n|upkeep\n|turn|14\n|inactive|Time left: 300 sec this turn | 300 sec total\n|\n|t:|1783563883\n|move|p1a: Mesprit|Ice Beam|p2a: Azelf\n|-damage|p2a: Azelf|151/257\n|move|p2a: Azelf|Nasty Plot|p2a: Azelf\n|-boost|p2a: Azelf|spa|2\n|\n|upkeep\n|turn|15\n|inactive|Time left: 300 sec this turn | 300 sec total\n|\n|t:|1783563885\n|move|p1a: Mesprit|Ice Beam|p2a: Azelf\n|-damage|p2a: Azelf|60/257\n|move|p2a: Azelf|Fire Blast|p1a: Mesprit\n|-damage|p1a: Mesprit|8/100\n|-damage|p2a: Azelf|35/257|[from] item: Life Orb\n|\n|upkeep\n|turn|16\n|inactive|Time left: 300 sec this turn | 300 sec total\n|\n|t:|1783563886\n|move|p1a: Mesprit|Ice Beam|p2a: Azelf\n|-damage|p2a: Azelf|0 fnt\n|faint|p2a: Azelf\n|\n|upkeep\n|inactive|Time left: 300 sec this turn | 300 sec total | 5 sec grace\n|\n|t:|1783563887\n|switch|p2a: Weavile|Weavile, L79, F|240/240\n|turn|17\n|inactive|Time left: 300 sec this turn | 300 sec total\n|\n|t:|1783563888\n|move|p1a: Mesprit|Ice Beam|p2a: Weavile\n|-resisted|p2a: Weavile\n|-damage|p2a: Weavile|200/240\n|move|p2a: Weavile|Swords Dance|p2a: Weavile\n|-boost|p2a: Weavile|atk|2\n|\n|upkeep\n|turn|18\n|inactive|Time left: 300 sec this turn | 300 sec total\n|\n|t:|1783563890\n|move|p1a: Mesprit|Ice Beam|p2a: Weavile\n|-resisted|p2a: Weavile\n|-damage|p2a: Weavile|163/240\n|move|p2a: Weavile|Swords Dance|p2a: Weavile\n|-boost|p2a: Weavile|atk|2\n|\n|upkeep\n|turn|19\n|inactive|Time left: 300 sec this turn | 300 sec total\n|\n|t:|1783563891\n|move|p1a: Mesprit|Ice Beam|p2a: Weavile\n|-resisted|p2a: Weavile\n|-damage|p2a: Weavile|125/240\n|move|p2a: Weavile|Knock Off|p1a: Mesprit\n|-supereffective|p1a: Mesprit\n|-damage|p1a: Mesprit|0 fnt\n|-enditem|p1a: Mesprit|Choice Scarf|[from] move: Knock Off|[of] p2a: Weavile\n|faint|p1a: Mesprit\n|\n|upkeep\n|\n|t:|1783563892\n|switch|p1a: Pikachu|Pikachu-Hoenn, L93, M|100/100\n|turn|20\n|inactive|Time left: 300 sec this turn | 300 sec total\n|\n|t:|1783563893\n|move|p2a: Weavile|Knock Off|p1a: Pikachu\n|-damage|p1a: Pikachu|0 fnt\n|-enditem|p1a: Pikachu|Light Ball|[from] move: Knock Off|[of] p2a: Weavile\n|faint|p1a: Pikachu\n|\n|upkeep\n|\n|t:|1783563894\n|switch|p1a: Tauros|Tauros, L82, M|100/100\n|turn|21\n|inactive|Time left: 300 sec this turn | 300 sec total\n|\n|t:|1783563894\n|move|p2a: Weavile|Low Kick|p1a: Tauros\n|-supereffective|p1a: Tauros\n|-damage|p1a: Tauros|0 fnt\n|faint|p1a: Tauros\n|\n|upkeep\n|\n|t:|1783563895\n|switch|p1a: Crabominable|Crabominable, L90, M|56/100\n|turn|22\n|inactive|Time left: 300 sec this turn | 300 sec total\n|\n|t:|1783563896\n|move|p2a: Weavile|Low Kick|p1a: Crabominable\n|-supereffective|p1a: Crabominable\n|-damage|p1a: Crabominable|0 fnt\n|faint|p1a: Crabominable\n|\n|win|p0y2129a4da", "uploadtime": 1783563896, "views": 0, "rating": 0, "private": 0, "password": null, "_winner": "p0y2129a4da", "_our_name": "p0y2129a4da"}