{"id": "battle-gen9randombattle-1093", "formatid": "gen9randombattle", "format": "[Gen 9] Random Battle", "players": ["p0x109398d1", "p0y1093c8aa"], "log": "|init|battle\n|title|p0x109398d1 vs. p0y1093c8aa\n|j|\u2606p0x109398d1\n|j|\u2606p0y1093c8aa\n|t:|1783552625\n|gametype|singles\n|player|p1|p0x109398d1|266|\n|player|p2|p0y1093c8aa|266|\n|gen|9\n|tier|[Gen 9] Random Battle\n|rule|Species Clause: Limit one of each Pok\u00e9mon\n|rule|HP Percentage Mod: HP is shown in percentages\n|rule|Sleep Clause Mod: Limit one foe put to sleep\n|rule|Illusion Level Mod: Illusion disguises the Pok\u00e9mon's true level\n|\n|t:|1783552625\n|teamsize|p1|6\n|teamsize|p2|6\n|start\n|switch|p1a: Reshiram|Reshiram, L76|277/277\n|switch|p2a: Arboliva|Arboliva, L91, F|100/100\n|-ability|p1a: Reshiram|Turboblaze\n|turn|1\n|inactive|Battle timer is ON: inactive players will automatically lose when time's up. (requested by p0y1093c8aa)\n|inactive|Time left: 300 sec this turn | 300 sec total | 60 sec grace\n|inactive|p0x109398d1 also wants the timer to be on.\n|\n|t:|1783552627\n|move|p1a: Reshiram|Dragon Dance|p1a: Reshiram\n|-boost|p1a: Reshiram|atk|1\n|-boost|p1a: Reshiram|spe|1\n|move|p2a: Arboliva|Hyper Voice|p1a: Reshiram\n|-damage|p1a: Reshiram|157/277\n|\n|upkeep\n|turn|2\n|inactive|Time left: 300 sec this turn | 300 sec total\n|\n|t:|1783552628\n|-terastallize|p1a: Reshiram|Dragon\n|move|p2a: Arboliva|Protect|p2a: Arboliva\n|-singleturn|p2a: Arboliva|Protect\n|move|p1a: Reshiram|Outrage|p2a: Arboliva\n|-activate|p2a: Arboliva|move: Protect\n|\n|upkeep\n|turn|3\n|inactive|Time left: 300 sec this turn | 300 sec total\n|\n|t:|1783552629\n|move|p1a: Reshiram|Outrage|p2a: Arboliva\n|-damage|p2a: Arboliva|29/100\n|-enditem|p2a: Arboliva|Sitrus Berry|[eat]\n|-heal|p2a: Arboliva|54/100|[from] item: Sitrus Berry\n|move|p2a: Arboliva|Hyper Voice|p1a: Reshiram\n|-damage|p1a: Reshiram|36/277\n|\n|-item|p2a: Arboliva|Sitrus Berry|[from] ability: Harvest\n|upkeep\n|turn|4\n|inactive|Time left: 300 sec this turn | 300 sec total\n|\n|t:|1783552631\n|move|p2a: Arboliva|Protect|p2a: Arboliva\n|-singleturn|p2a: Arboliva|Protect\n|move|p1a: Reshiram|Outrage|p2a: Arboliva|[from] lockedmove\n|-activate|p2a: Arboliva|move: Protect\n|-start|p1a: Reshiram|confusion|[fatigue]\n|\n|upkeep\n|turn|5\n|inactive|Time left: 300 sec this turn | 300 sec total\n|\n|t:|1783552632\n|-activate|p1a: Reshiram|confusion\n|move|p1a: Reshiram|Outrage|p2a: Arboliva\n|-damage|p2a: Arboliva|0 fnt\n|faint|p2a: Arboliva\n|\n|upkeep\n|\n|t:|1783552633\n|switch|p2a: Heatran|Heatran, L79, F|100/100\n|-item|p2a: Heatran|Air Balloon\n|turn|6\n|inactive|Time left: 300 sec this turn | 300 sec total\n|\n|t:|1783552634\n|-activate|p1a: Reshiram|confusion\n|move|p1a: Reshiram|Outrage|p2a: Heatran|[from] lockedmove\n|-resisted|p2a: Heatran\n|-damage|p2a: Heatran|61/100\n|-enditem|p2a: Heatran|Air Balloon\n|move|p2a: Heatran|Earth Power|p1a: Reshiram\n|-damage|p1a: Reshiram|0 fnt\n|faint|p1a: Reshiram\n|\n|upkeep\n|inactive|Time left: 300 sec this turn | 300 sec total | 5 sec grace\n|\n|t:|1783552635\n|switch|p1a: Flygon|Flygon, L82, M|265/265\n|turn|7\n|inactive|Time left: 300 sec this turn | 300 sec total\n|\n|t:|1783552636\n|switch|p2a: Milotic|Milotic, L83, M|100/100\n|move|p1a: Flygon|Outrage|p2a: Milotic\n|-damage|p2a: Milotic|52/100\n|\n|-heal|p2a: Milotic|58/100|[from] item: Leftovers\n|upkeep\n|turn|8\n|inactive|Time left: 300 sec this turn | 300 sec total\n|\n|t:|1783552638\n|move|p1a: Flygon|Outrage|p2a: Milotic|[from] lockedmove\n|-damage|p2a: Milotic|11/100\n|-start|p1a: Flygon|confusion|[fatigue]\n|-enditem|p1a: Flygon|Lum Berry|[eat]\n|-end|p1a: Flygon|confusion\n|move|p2a: Milotic|Ice Beam|p1a: Flygon\n|-supereffective|p1a: Flygon\n|-damage|p1a: Flygon|0 fnt\n|faint|p1a: Flygon\n|\n|-heal|p2a: Milotic|17/100|[from] item: Leftovers\n|upkeep\n|inactive|Time left: 300 sec this turn | 300 sec total | 5 sec grace\n|\n|t:|1783552638\n|switch|p1a: Kricketune|Kricketune, L99, M|312/312\n|turn|9\n|inactive|Time left: 300 sec this turn | 300 sec total\n|\n|t:|1783552640\n|switch|p2a: Heatran|Heatran, L79, F|61/100\n|move|p1a: Kricketune|Sticky Web|p2a: Heatran\n|-sidestart|p2: p0y1093c8aa|move: Sticky Web\n|\n|upkeep\n|turn|10\n|inactive|Time left: 300 sec this turn | 300 sec total\n|\n|t:|1783552641\n|switch|p1a: Gastrodon|Gastrodon-East, L86, M|331/331\n|move|p2a: Heatran|Magma Storm|p1a: Gastrodon\n|-resisted|p1a: Gastrodon\n|-damage|p1a: Gastrodon|271/331\n|-activate|p1a: Gastrodon|move: Magma Storm|[of] p2a: Heatran\n|\n|-heal|p1a: Gastrodon|291/331|[from] item: Leftovers\n|-damage|p1a: Gastrodon|250/331|[from] move: Magma Storm|[partiallytrapped]\n|upkeep\n|turn|11\n|inactive|Time left: 300 sec this turn | 300 sec total\n|\n|t:|1783552642\n|move|p2a: Heatran|Earth Power|p1a: Gastrodon\n|-damage|p1a: Gastrodon|177/331\n|move|p1a: Gastrodon|Surf|p2a: Heatran\n|-supereffective|p2a: Heatran\n|-damage|p2a: Heatran|0 fnt\n|faint|p2a: Heatran\n|\n|-heal|p1a: Gastrodon|197/331|[from] item: Leftovers\n|-end|p1a: Gastrodon|Magma Storm|[partiallytrapped]|[silent]\n|upkeep\n|\n|t:|1783552643\n|switch|p2a: Hitmonchan|Hitmonchan, L87, M|100/100\n|-activate|p2a: Hitmonchan|move: Sticky Web\n|-unboost|p2a: Hitmonchan|spe|1\n|turn|12\n|inactive|Time left: 300 sec this turn | 300 sec total\n|\n|t:|1783552645\n|move|p2a: Hitmonchan|Bulk Up|p2a: Hitmonchan\n|-boost|p2a: Hitmonchan|atk|1\n|-boost|p2a: Hitmonchan|def|1\n|move|p1a: Gastrodon|Recover|p1a: Gastrodon\n|-heal|p1a: Gastrodon|331/331\n|\n|upkeep\n|turn|13\n|inactive|Time left: 300 sec this turn | 300 sec total\n|\n|t:|1783552645\n|move|p2a: Hitmonchan|Bulk Up|p2a: Hitmonchan\n|-boost|p2a: Hitmonchan|atk|1\n|-boost|p2a: Hitmonchan|def|1\n|move|p1a: Gastrodon|Stealth Rock|p2a: Hitmonchan\n|-sidestart|p2: p0y1093c8aa|move: Stealth Rock\n|\n|upkeep\n|turn|14\n|inactive|Time left: 300 sec this turn | 300 sec total\n|\n|t:|1783552646\n|move|p2a: Hitmonchan|Drain Punch|p1a: Gastrodon\n|-damage|p1a: Gastrodon|82/331\n|move|p1a: Gastrodon|Recover|p1a: Gastrodon\n|-heal|p1a: Gastrodon|248/331\n|\n|-heal|p1a: Gastrodon|268/331|[from] item: Leftovers\n|upkeep\n|turn|15\n|inactive|Time left: 300 sec this turn | 300 sec total\n|\n|t:|1783552648\n|move|p2a: Hitmonchan|Drain Punch|p1a: Gastrodon\n|-damage|p1a: Gastrodon|3/331\n|move|p1a: Gastrodon|Recover|p1a: Gastrodon\n|-heal|p1a: Gastrodon|169/331\n|\n|-heal|p1a: Gastrodon|189/331|[from] item: Leftovers\n|upkeep\n|turn|16\n|inactive|Time left: 300 sec this turn | 300 sec total\n|\n|t:|1783552649\n|switch|p1a: Kricketune|Kricketune, L99, M|312/312\n|move|p2a: Hitmonchan|Drain Punch|p1a: Kricketune\n|-resisted|p1a: Kricketune\n|-damage|p1a: Kricketune|180/312\n|\n|upkeep\n|turn|17\n|inactive|Time left: 300 sec this turn | 300 sec total\n|\n|t:|1783552650\n|move|p1a: Kricketune|Pounce|p2a: Hitmonchan\n|-resisted|p2a: Hitmonchan\n|-damage|p2a: Hitmonchan|90/100\n|-unboost|p2a: Hitmonchan|spe|1\n|move|p2a: Hitmonchan|Knock Off|p1a: Kricketune\n|-damage|p1a: Kricketune|4/312\n|-enditem|p1a: Kricketune|Heavy-Duty Boots|[from] move: Knock Off|[of] p2a: Hitmonchan\n|\n|-heal|p2a: Hitmonchan|96/100|[from] item: Leftovers\n|upkeep\n|turn|18\n|inactive|Time left: 300 sec this turn | 300 sec total\n|\n|t:|1783552651\n|move|p1a: Kricketune|Pounce|p2a: Hitmonchan\n|-resisted|p2a: Hitmonchan\n|-damage|p2a: Hitmonchan|85/100\n|-unboost|p2a: Hitmonchan|spe|1\n|move|p2a: Hitmonchan|Drain Punch|p1a: Kricketune\n|-resisted|p1a: Kricketune\n|-damage|p1a: Kricketune|0 fnt\n|-heal|p2a: Hitmonchan|86/100|[from] drain|[of] p1a: Kricketune\n|faint|p1a: Kricketune\n|\n|-heal|p2a: Hitmonchan|92/100|[from] item: Leftovers\n|upkeep\n|inactive|Time left: 300 sec this turn | 300 sec total | 5 sec grace\n|\n|t:|1783552652\n|switch|p1a: Gastrodon|Gastrodon-East, L86, M|189/331\n|turn|19\n|inactive|Time left: 300 sec this turn | 300 sec total\n|\n|t:|1783552653\n|move|p1a: Gastrodon|Recover|p1a: Gastrodon\n|-heal|p1a: Gastrodon|331/331\n|move|p2a: Hitmonchan|Drain Punch|p1a: Gastrodon\n|-damage|p1a: Gastrodon|85/331\n|-heal|p2a: Hitmonchan|100/100|[from] drain|[of] p1a: Gastrodon\n|\n|-heal|p1a: Gastrodon|105/331|[from] item: Leftovers\n|upkeep\n|turn|20\n|inactive|Time left: 300 sec this turn | 300 sec total\n|\n|t:|1783552654\n|move|p1a: Gastrodon|Recover|p1a: Gastrodon\n|-heal|p1a: Gastrodon|271/331\n|move|p2a: Hitmonchan|Drain Punch|p1a: Gastrodon\n|-damage|p1a: Gastrodon|3/331\n|\n|-heal|p1a: Gastrodon|23/331|[from] item: Leftovers\n|upkeep\n|turn|21\n|inactive|Time left: 300 sec this turn | 300 sec total\n|\n|t:|1783552655\n|move|p1a: Gastrodon|Earthquake|p2a: Hitmonchan\n|-damage|p2a: Hitmonchan|76/100\n|move|p2a: Hitmonchan|Drain Punch|p1a: Gastrodon\n|-damage|p1a: Gastrodon|0 fnt\n|-heal|p2a: Hitmonchan|82/100|[from] drain|[of] p1a: Gastrodon\n|faint|p1a: Gastrodon\n|\n|-heal|p2a: Hitmonchan|88/100|[from] item: Leftovers\n|upkeep\n|inactive|Time left: 300 sec this turn | 300 sec total | 5 sec grace\n|\n|t:|1783552656\n|switch|p1a: Lilligant|Lilligant-Hisui, L79, F|240/240\n|turn|22\n|inactive|Time left: 300 sec this turn | 300 sec total\n|\n|t:|1783552657\n|move|p1a: Lilligant|Victory Dance|p1a: Lilligant\n|-boost|p1a: Lilligant|atk|1\n|-boost|p1a: Lilligant|def|1\n|-boost|p1a: Lilligant|spe|1\n|move|p2a: Hitmonchan|Drain Punch|p1a: Lilligant\n|-damage|p1a: Lilligant|68/240\n|-heal|p2a: Hitmonchan|100/100|[from] drain|[of] p1a: Lilligant\n|\n|upkeep\n|turn|23\n|inactive|Time left: 300 sec this turn | 300 sec total\n|\n|t:|1783552658\n|move|p1a: Lilligant|Leaf Blade|p2a: Hitmonchan\n|-crit|p2a: Hitmonchan\n|-damage|p2a: Hitmonchan|0 fnt\n|faint|p2a: Hitmonchan\n|\n|upkeep\n|\n|t:|1783552659\n|switch|p2a: Volcarona|Volcarona, L77, F|100/100\n|turn|24\n|inactive|Time left: 300 sec this turn | 300 sec total\n|\n|t:|1783552660\n|move|p1a: Lilligant|Close Combat|p2a: Volcarona|[miss]\n|-miss|p1a: Lilligant|p2a: Volcarona\n|move|p2a: Volcarona|Fiery Dance|p1a: Lilligant\n|-supereffective|p1a: Lilligant\n|-damage|p1a: Lilligant|0 fnt\n|-boost|p2a: Volcarona|spa|1\n|faint|p1a: Lilligant\n|\n|upkeep\n|inactive|Time left: 300 sec this turn | 300 sec total | 5 sec grace\n|\n|t:|1783552661\n|switch|p1a: Terrakion|Terrakion, L79|273/273\n|turn|25\n|inactive|Time left: 300 sec this turn | 300 sec total\n|\n|t:|1783552662\n|-terastallize|p2a: Volcarona|Ground\n|move|p1a: Terrakion|Stone Edge|p2a: Volcarona\n|-resisted|p2a: Volcarona\n|-damage|p2a: Volcarona|55/100\n|move|p2a: Volcarona|Tera Blast|p1a: Terrakion|[anim] Tera Blast Ground\n|-supereffective|p1a: Terrakion\n|-damage|p1a: Terrakion|3/273\n|\n|upkeep\n|turn|26\n|inactive|Time left: 300 sec this turn | 300 sec total\n|\n|t:|1783552663\n|move|p1a: Terrakion|Stone Edge|p2a: Volcarona\n|-resisted|p2a: Volcarona\n|-damage|p2a: Volcarona|8/100\n|move|p2a: Volcarona|Tera Blast|p1a: Terrakion|[anim] Tera Blast Ground\n|-supereffective|p1a: Terrakion\n|-damage|p1a: Terrakion|0 fnt\n|faint|p1a: Terrakion\n|\n|win|p0y1093c8aa", "uploadtime": 1783552663, "views": 0, "rating": 0, "private": 0, "password": null, "_winner": "p0y1093c8aa", "_our_name": "p0x109398d1"}