{"id": "battle-gen9randombattle-1166", "formatid": "gen9randombattle", "format": "[Gen 9] Random Battle", "players": ["p0x1165ed61", "p0y11659614"], "log": "|init|battle\n|title|p0x1165ed61 vs. p0y11659614\n|j|\u2606p0x1165ed61\n|j|\u2606p0y11659614\n|t:|1783553503\n|gametype|singles\n|player|p1|p0x1165ed61|2|\n|player|p2|p0y11659614|169|\n|gen|9\n|tier|[Gen 9] Random Battle\n|rule|Species Clause: Limit one of each Pok\u00e9mon\n|rule|HP Percentage Mod: HP is shown in percentages\n|rule|Sleep Clause Mod: Limit one foe put to sleep\n|rule|Illusion Level Mod: Illusion disguises the Pok\u00e9mon's true level\n|\n|t:|1783553503\n|teamsize|p1|6\n|teamsize|p2|6\n|start\n|switch|p1a: Vikavolt|Vikavolt, L83, M|100/100\n|switch|p2a: Garganacl|Garganacl, L80, M|291/291\n|turn|1\n|inactive|Battle timer is ON: inactive players will automatically lose when time's up. (requested by p0x1165ed61)\n|inactive|Time left: 300 sec this turn | 300 sec total | 60 sec grace\n|inactive|p0y11659614 also wants the timer to be on.\n|\n|t:|1783553505\n|move|p1a: Vikavolt|Sticky Web|p2a: Garganacl\n|-sidestart|p2: p0y11659614|move: Sticky Web\n|move|p2a: Garganacl|Salt Cure|p1a: Vikavolt\n|-supereffective|p1a: Vikavolt\n|-damage|p1a: Vikavolt|70/100\n|-start|p1a: Vikavolt|Salt Cure\n|\n|-damage|p1a: Vikavolt|58/100|[from] Salt Cure\n|upkeep\n|turn|2\n|inactive|Time left: 300 sec this turn | 300 sec total\n|\n|t:|1783553506\n|switch|p1a: Palossand|Palossand, L89, F|100/100\n|move|p2a: Garganacl|Salt Cure|p1a: Palossand\n|-resisted|p1a: Palossand\n|-damage|p1a: Palossand|95/100\n|-start|p1a: Palossand|Salt Cure\n|\n|-heal|p1a: Palossand|100/100|[from] item: Leftovers\n|-damage|p1a: Palossand|88/100|[from] Salt Cure\n|upkeep\n|turn|3\n|inactive|Time left: 300 sec this turn | 300 sec total\n|\n|t:|1783553507\n|move|p1a: Palossand|Stealth Rock|p2a: Garganacl\n|-sidestart|p2: p0y11659614|move: Stealth Rock\n|move|p2a: Garganacl|Recover||[still]\n|-fail|p2a: Garganacl|heal\n|\n|-heal|p1a: Palossand|94/100|[from] item: Leftovers\n|-damage|p1a: Palossand|82/100|[from] Salt Cure\n|upkeep\n|turn|4\n|inactive|Time left: 300 sec this turn | 300 sec total\n|\n|t:|1783553508\n|move|p1a: Palossand|Earth Power|p2a: Garganacl\n|-supereffective|p2a: Garganacl\n|-damage|p2a: Garganacl|61/291\n|move|p2a: Garganacl|Salt Cure|p1a: Palossand\n|-resisted|p1a: Palossand\n|-damage|p1a: Palossand|77/100\n|\n|-heal|p1a: Palossand|83/100|[from] item: Leftovers\n|-heal|p2a: Garganacl|79/291|[from] item: Leftovers\n|-damage|p1a: Palossand|70/100|[from] Salt Cure\n|upkeep\n|turn|5\n|inactive|Time left: 300 sec this turn | 300 sec total\n|\n|t:|1783553510\n|move|p1a: Palossand|Earth Power|p2a: Garganacl\n|-supereffective|p2a: Garganacl\n|-damage|p2a: Garganacl|0 fnt\n|faint|p2a: Garganacl\n|\n|-heal|p1a: Palossand|76/100|[from] item: Leftovers\n|-damage|p1a: Palossand|64/100|[from] Salt Cure\n|upkeep\n|inactive|Time left: 300 sec this turn | 300 sec total | 5 sec grace\n|\n|t:|1783553511\n|switch|p2a: Spectrier|Spectrier, L75|274/274\n|-activate|p2a: Spectrier|move: Sticky Web\n|-unboost|p2a: Spectrier|spe|1\n|-damage|p2a: Spectrier|240/274|[from] Stealth Rock\n|turn|6\n|inactive|Time left: 300 sec this turn | 300 sec total\n|\n|t:|1783553512\n|switch|p1a: Zangoose|Zangoose, L85, F|100/100\n|move|p2a: Spectrier|Shadow Ball|p1a: Zangoose\n|-immune|p1a: Zangoose\n|\n|-heal|p2a: Spectrier|257/274|[from] item: Leftovers\n|-status|p1a: Zangoose|tox|[from] item: Toxic Orb\n|upkeep\n|turn|7\n|inactive|Time left: 300 sec this turn | 300 sec total\n|\n|t:|1783553513\n|move|p1a: Zangoose|Knock Off|p2a: Spectrier\n|-supereffective|p2a: Spectrier\n|-damage|p2a: Spectrier|0 fnt\n|-enditem|p2a: Spectrier|Leftovers|[from] move: Knock Off|[of] p1a: Zangoose\n|faint|p2a: Spectrier\n|\n|-damage|p1a: Zangoose|94/100 tox|[from] psn\n|upkeep\n|inactive|Time left: 300 sec this turn | 300 sec total | 5 sec grace\n|\n|t:|1783553514\n|switch|p2a: Dewgong|Dewgong, L94, F|322/322\n|-activate|p2a: Dewgong|move: Sticky Web\n|-unboost|p2a: Dewgong|spe|1\n|-damage|p2a: Dewgong|242/322|[from] Stealth Rock\n|turn|8\n|inactive|Time left: 300 sec this turn | 300 sec total\n|\n|t:|1783553515\n|move|p1a: Zangoose|Facade|p2a: Dewgong\n|-damage|p2a: Dewgong|8/322\n|move|p2a: Dewgong|Surf|p1a: Zangoose\n|-damage|p1a: Zangoose|46/100 tox\n|\n|-damage|p1a: Zangoose|34/100 tox|[from] psn\n|upkeep\n|turn|9\n|inactive|Time left: 300 sec this turn | 300 sec total\n|\n|t:|1783553517\n|switch|p1a: Eiscue|Eiscue, L88, F|100/100\n|move|p2a: Dewgong|Surf|p1a: Eiscue\n|-damage|p1a: Eiscue|66/100\n|\n|upkeep\n|turn|10\n|inactive|Time left: 300 sec this turn | 300 sec total\n|\n|t:|1783553518\n|move|p1a: Eiscue|Tera Blast|p2a: Dewgong\n|-damage|p2a: Dewgong|0 fnt\n|faint|p2a: Dewgong\n|\n|upkeep\n|inactive|Time left: 300 sec this turn | 300 sec total | 5 sec grace\n|\n|t:|1783553519\n|switch|p2a: Miraidon|Miraidon, L65|238/238\n|-activate|p2a: Miraidon|move: Sticky Web\n|-unboost|p2a: Miraidon|spe|1\n|-damage|p2a: Miraidon|209/238|[from] Stealth Rock\n|-fieldstart|move: Electric Terrain|[from] ability: Hadron Engine|[of] p2a: Miraidon\n|turn|11\n|inactive|Time left: 300 sec this turn | 300 sec total\n|\n|t:|1783553520\n|switch|p1a: Palossand|Palossand, L89, F|64/100\n|move|p2a: Miraidon|Electro Drift|p1a: Palossand\n|-immune|p1a: Palossand\n|\n|-heal|p1a: Palossand|70/100|[from] item: Leftovers\n|upkeep\n|turn|12\n|inactive|Time left: 300 sec this turn | 300 sec total\n|\n|t:|1783553521\n|move|p2a: Miraidon|Calm Mind|p2a: Miraidon\n|-boost|p2a: Miraidon|spa|1\n|-boost|p2a: Miraidon|spd|1\n|move|p1a: Palossand|Earth Power|p2a: Miraidon\n|-supereffective|p2a: Miraidon\n|-damage|p2a: Miraidon|47/238\n|\n|-heal|p1a: Palossand|76/100|[from] item: Leftovers\n|upkeep\n|turn|13\n|inactive|Time left: 300 sec this turn | 300 sec total\n|\n|t:|1783553522\n|move|p2a: Miraidon|Draco Meteor|p1a: Palossand\n|-damage|p1a: Palossand|0 fnt\n|-unboost|p2a: Miraidon|spa|2\n|faint|p1a: Palossand\n|-damage|p2a: Miraidon|24/238|[from] item: Life Orb\n|\n|upkeep\n|\n|t:|1783553523\n|switch|p1a: Braviary|Braviary-Hisui, L85, M|100/100\n|turn|14\n|inactive|Time left: 300 sec this turn | 300 sec total\n|\n|t:|1783553524\n|move|p1a: Braviary|Esper Wing|p2a: Miraidon\n|-crit|p2a: Miraidon\n|-damage|p2a: Miraidon|0 fnt\n|-boost|p1a: Braviary|spe|1\n|faint|p2a: Miraidon\n|\n|upkeep\n|inactive|Time left: 300 sec this turn | 300 sec total | 5 sec grace\n|\n|t:|1783553526\n|switch|p2a: Feraligatr|Feraligatr, L79, M|264/264\n|-activate|p2a: Feraligatr|move: Sticky Web\n|-unboost|p2a: Feraligatr|spe|1\n|-damage|p2a: Feraligatr|231/264|[from] Stealth Rock\n|turn|15\n|inactive|Time left: 300 sec this turn | 300 sec total\n|\n|t:|1783553527\n|move|p1a: Braviary|Esper Wing|p2a: Feraligatr\n|-damage|p2a: Feraligatr|113/264\n|-boost|p1a: Braviary|spe|1\n|move|p2a: Feraligatr|Crunch|p1a: Braviary\n|-supereffective|p1a: Braviary\n|-damage|p1a: Braviary|33/100\n|\n|-fieldend|move: Electric Terrain\n|upkeep\n|turn|16\n|inactive|Time left: 300 sec this turn | 300 sec total\n|\n|t:|1783553528\n|move|p1a: Braviary|Esper Wing|p2a: Feraligatr\n|-damage|p2a: Feraligatr|0 fnt\n|-boost|p1a: Braviary|spe|1\n|faint|p2a: Feraligatr\n|\n|upkeep\n|inactive|Time left: 300 sec this turn | 300 sec total | 5 sec grace\n|\n|t:|1783553529\n|switch|p2a: Clodsire|Clodsire, L81, M|343/343\n|-activate|p2a: Clodsire|move: Sticky Web\n|-unboost|p2a: Clodsire|spe|1\n|-damage|p2a: Clodsire|322/343|[from] Stealth Rock\n|turn|17\n|inactive|Time left: 300 sec this turn | 300 sec total\n|\n|t:|1783553530\n|-terastallize|p2a: Clodsire|Flying\n|move|p1a: Braviary|Esper Wing|p2a: Clodsire\n|-damage|p2a: Clodsire|237/343\n|-boost|p1a: Braviary|spe|1\n|move|p2a: Clodsire|Recover|p2a: Clodsire\n|-heal|p2a: Clodsire|343/343\n|\n|upkeep\n|turn|18\n|inactive|Time left: 300 sec this turn | 300 sec total\n|\n|t:|1783553531\n|move|p1a: Braviary|Calm Mind|p1a: Braviary\n|-boost|p1a: Braviary|spa|1\n|-boost|p1a: Braviary|spd|1\n|move|p2a: Clodsire|Earthquake|p1a: Braviary\n|-immune|p1a: Braviary\n|\n|upkeep\n|turn|19\n|inactive|Time left: 300 sec this turn | 300 sec total\n|\n|t:|1783553532\n|move|p1a: Braviary|Hurricane|p2a: Clodsire|[miss]\n|-miss|p1a: Braviary|p2a: Clodsire\n|move|p2a: Clodsire|Earthquake|p1a: Braviary\n|-immune|p1a: Braviary\n|\n|upkeep\n|turn|20\n|inactive|Time left: 300 sec this turn | 300 sec total\n|\n|t:|1783553532\n|move|p1a: Braviary|Hurricane|p2a: Clodsire\n|-damage|p2a: Clodsire|220/343\n|move|p2a: Clodsire|Toxic Spikes|p1a: Braviary\n|-sidestart|p1: p0x1165ed61|move: Toxic Spikes\n|\n|-heal|p2a: Clodsire|241/343|[from] item: Leftovers\n|upkeep\n|turn|21\n|inactive|Time left: 300 sec this turn | 300 sec total\n|\n|t:|1783553534\n|switch|p1a: Zangoose|Zangoose, L85, F|34/100 tox\n|move|p2a: Clodsire|Gunk Shot|p1a: Zangoose\n|-damage|p1a: Zangoose|0 fnt\n|faint|p1a: Zangoose\n|\n|-heal|p2a: Clodsire|262/343|[from] item: Leftovers\n|upkeep\n|\n|t:|1783553535\n|switch|p1a: Vikavolt|Vikavolt, L83, M|58/100\n|turn|22\n|inactive|Time left: 300 sec this turn | 300 sec total\n|\n|t:|1783553536\n|-terastallize|p1a: Vikavolt|Electric\n|move|p1a: Vikavolt|Thunderbolt|p2a: Clodsire\n|-supereffective|p2a: Clodsire\n|-damage|p2a: Clodsire|0 fnt\n|faint|p2a: Clodsire\n|\n|win|p0x1165ed61", "uploadtime": 1783553536, "views": 0, "rating": 0, "private": 0, "password": null, "_winner": "p0x1165ed61", "_our_name": "p0y11659614"}