{"id": "battle-gen9randombattle-1113", "formatid": "gen9randombattle", "format": "[Gen 9] Random Battle", "players": ["p0x1113c53f", "p0y111333e6"], "log": "|init|battle\n|title|p0x1113c53f vs. p0y111333e6\n|j|\u2606p0x1113c53f\n|j|\u2606p0y111333e6\n|t:|1783552873\n|gametype|singles\n|player|p1|p0x1113c53f|1|\n|player|p2|p0y111333e6|266|\n|gen|9\n|tier|[Gen 9] Random Battle\n|rule|Species Clause: Limit one of each Pok\u00e9mon\n|rule|HP Percentage Mod: HP is shown in percentages\n|rule|Sleep Clause Mod: Limit one foe put to sleep\n|rule|Illusion Level Mod: Illusion disguises the Pok\u00e9mon's true level\n|\n|t:|1783552873\n|teamsize|p1|6\n|teamsize|p2|6\n|start\n|switch|p1a: Malamar|Malamar, L82, M|275/275\n|switch|p2a: Miraidon|Miraidon, L65|100/100\n|-fieldstart|move: Electric Terrain|[from] ability: Hadron Engine|[of] p2a: Miraidon\n|turn|1\n|inactive|Battle timer is ON: inactive players will automatically lose when time's up. (requested by p0y111333e6)\n|inactive|Time left: 300 sec this turn | 300 sec total | 60 sec grace\n|\n|t:|1783552874\n|switch|p1a: Mudsdale|Mudsdale, L83, F|302/302\n|move|p2a: Miraidon|Electro Drift|p1a: Mudsdale\n|-immune|p1a: Mudsdale\n|\n|upkeep\n|turn|2\n|inactive|Time left: 300 sec this turn | 300 sec total\n|inactive|p0x1113c53f also wants the timer to be on.\n|\n|t:|1783552875\n|switch|p2a: Galvantula|Galvantula, L82, M|100/100\n|move|p1a: Mudsdale|Stealth Rock|p2a: Galvantula\n|-sidestart|p2: p0y111333e6|move: Stealth Rock\n|\n|upkeep\n|turn|3\n|inactive|Time left: 300 sec this turn | 300 sec total\n|\n|t:|1783552876\n|move|p2a: Galvantula|Sticky Web|p1a: Mudsdale\n|-sidestart|p1: p0x1113c53f|move: Sticky Web\n|move|p1a: Mudsdale|Earthquake|p2a: Galvantula\n|-damage|p2a: Galvantula|32/100\n|\n|upkeep\n|turn|4\n|inactive|Time left: 300 sec this turn | 300 sec total\n|\n|t:|1783552876\n|move|p2a: Galvantula|Bug Buzz|p1a: Mudsdale\n|-damage|p1a: Mudsdale|208/302\n|-ability|p1a: Mudsdale|Stamina|boost\n|-boost|p1a: Mudsdale|def|1\n|move|p1a: Mudsdale|Earthquake|p2a: Galvantula\n|-damage|p2a: Galvantula|0 fnt\n|faint|p2a: Galvantula\n|\n|-heal|p1a: Mudsdale|226/302|[from] item: Leftovers\n|upkeep\n|\n|t:|1783552877\n|switch|p2a: Greninja|Greninja, L80, M|100/100\n|-damage|p2a: Greninja|88/100|[from] Stealth Rock\n|turn|5\n|inactive|Time left: 300 sec this turn | 300 sec total\n|\n|t:|1783552878\n|-terastallize|p1a: Mudsdale|Steel\n|move|p2a: Greninja|Hydro Pump|p1a: Mudsdale\n|-damage|p1a: Mudsdale|84/302\n|-ability|p1a: Mudsdale|Stamina|boost\n|-boost|p1a: Mudsdale|def|1\n|-damage|p2a: Greninja|79/100|[from] item: Life Orb\n|move|p1a: Mudsdale|Earthquake|p2a: Greninja\n|-damage|p2a: Greninja|14/100\n|\n|-heal|p1a: Mudsdale|102/302|[from] item: Leftovers\n|-fieldend|move: Electric Terrain\n|upkeep\n|turn|6\n|inactive|Time left: 300 sec this turn | 300 sec total\n|\n|t:|1783552879\n|move|p2a: Greninja|Hydro Pump|p1a: Mudsdale\n|-damage|p1a: Mudsdale|0 fnt\n|faint|p1a: Mudsdale\n|-ability|p2a: Greninja|Battle Bond|boost\n|-boost|p2a: Greninja|atk|1\n|-boost|p2a: Greninja|spa|1\n|-boost|p2a: Greninja|spe|1\n|-activate|p2a: Greninja|ability: Battle Bond\n|-damage|p2a: Greninja|4/100|[from] item: Life Orb\n|\n|upkeep\n|inactive|Time left: 300 sec this turn | 300 sec total | 5 sec grace\n|\n|t:|1783552879\n|switch|p1a: Rotom|Rotom-Frost, L87|229/229\n|turn|7\n|inactive|Time left: 300 sec this turn | 300 sec total\n|\n|t:|1783552880\n|switch|p1a: Azumarill|Azumarill, L82, F|298/298\n|-activate|p1a: Azumarill|move: Sticky Web\n|-unboost|p1a: Azumarill|spe|1\n|move|p2a: Greninja|Hydro Pump|p1a: Azumarill\n|-resisted|p1a: Azumarill\n|-damage|p1a: Azumarill|168/298\n|-damage|p2a: Greninja|0 fnt|[from] item: Life Orb\n|faint|p2a: Greninja\n|\n|upkeep\n|\n|t:|1783552881\n|switch|p2a: Miraidon|Miraidon, L65|100/100\n|-damage|p2a: Miraidon|88/100|[from] Stealth Rock\n|-fieldstart|move: Electric Terrain|[from] ability: Hadron Engine|[of] p2a: Miraidon\n|turn|8\n|inactive|Time left: 300 sec this turn | 300 sec total\n|\n|t:|1783552882\n|move|p1a: Azumarill|Aqua Jet|p2a: Miraidon\n|-resisted|p2a: Miraidon\n|-damage|p2a: Miraidon|71/100\n|move|p2a: Miraidon|Electro Drift|p1a: Azumarill\n|-supereffective|p1a: Azumarill\n|-damage|p1a: Azumarill|0 fnt\n|faint|p1a: Azumarill\n|\n|upkeep\n|inactive|Time left: 300 sec this turn | 300 sec total | 5 sec grace\n|\n|t:|1783552883\n|switch|p1a: Malamar|Malamar, L82, M|275/275\n|-activate|p1a: Malamar|move: Sticky Web\n|-boost|p1a: Malamar|spe|1\n|turn|9\n|inactive|Time left: 300 sec this turn | 300 sec total\n|\n|t:|1783552884\n|move|p1a: Malamar|Knock Off|p2a: Miraidon\n|-damage|p2a: Miraidon|23/100\n|-enditem|p2a: Miraidon|Choice Specs|[from] move: Knock Off|[of] p1a: Malamar\n|move|p2a: Miraidon|Electro Drift|p1a: Malamar\n|-damage|p1a: Malamar|118/275\n|\n|-heal|p1a: Malamar|135/275|[from] item: Leftovers\n|upkeep\n|turn|10\n|inactive|Time left: 300 sec this turn | 300 sec total\n|\n|t:|1783552885\n|switch|p2a: Skeledirge|Skeledirge, L79, F|100/100\n|move|p1a: Malamar|Superpower|p2a: Skeledirge\n|-immune|p2a: Skeledirge\n|\n|-heal|p1a: Malamar|152/275|[from] item: Leftovers\n|upkeep\n|turn|11\n|inactive|Time left: 300 sec this turn | 300 sec total\n|\n|t:|1783552886\n|-terastallize|p2a: Skeledirge|Water\n|move|p1a: Malamar|Knock Off|p2a: Skeledirge\n|-damage|p2a: Skeledirge|68/100\n|-enditem|p2a: Skeledirge|Heavy-Duty Boots|[from] move: Knock Off|[of] p1a: Malamar\n|move|p2a: Skeledirge|Torch Song|p1a: Malamar\n|-damage|p1a: Malamar|55/275\n|-boost|p2a: Skeledirge|spa|1\n|\n|-heal|p1a: Malamar|72/275|[from] item: Leftovers\n|upkeep\n|turn|12\n|inactive|Time left: 300 sec this turn | 300 sec total\n|\n|t:|1783552887\n|move|p1a: Malamar|Superpower|p2a: Skeledirge\n|-damage|p2a: Skeledirge|43/100\n|-boost|p1a: Malamar|atk|1\n|-boost|p1a: Malamar|def|1\n|move|p2a: Skeledirge|Slack Off|p2a: Skeledirge\n|-heal|p2a: Skeledirge|93/100\n|\n|-heal|p1a: Malamar|89/275|[from] item: Leftovers\n|-fieldend|move: Electric Terrain\n|upkeep\n|turn|13\n|inactive|Time left: 300 sec this turn | 300 sec total\n|\n|t:|1783552888\n|move|p1a: Malamar|Superpower|p2a: Skeledirge\n|-damage|p2a: Skeledirge|67/100\n|-boost|p1a: Malamar|atk|1\n|-boost|p1a: Malamar|def|1\n|move|p2a: Skeledirge|Torch Song|p1a: Malamar\n|-damage|p1a: Malamar|0 fnt\n|-boost|p2a: Skeledirge|spa|1\n|faint|p1a: Malamar\n|\n|upkeep\n|inactive|Time left: 300 sec this turn | 300 sec total | 5 sec grace\n|\n|t:|1783552889\n|switch|p1a: Rotom|Rotom-Frost, L87|229/229\n|turn|14\n|inactive|Time left: 300 sec this turn | 300 sec total\n|\n|t:|1783552890\n|switch|p2a: Cryogonal|Cryogonal, L89|100/100\n|move|p1a: Rotom|Thunderbolt|p2a: Cryogonal\n|-damage|p2a: Cryogonal|74/100\n|\n|upkeep\n|turn|15\n|inactive|Time left: 300 sec this turn | 300 sec total\n|\n|t:|1783552892\n|move|p2a: Cryogonal|Rapid Spin|p1a: Rotom\n|-damage|p1a: Rotom|209/229\n|-boost|p2a: Cryogonal|spe|1\n|-sideend|p2: p0y111333e6|Stealth Rock|[from] move: Rapid Spin|[of] p2a: Cryogonal\n|move|p1a: Rotom|Thunderbolt|p2a: Cryogonal\n|-damage|p2a: Cryogonal|49/100\n|-status|p2a: Cryogonal|par\n|\n|upkeep\n|turn|16\n|inactive|Time left: 300 sec this turn | 300 sec total\n|\n|t:|1783552893\n|move|p1a: Rotom|Thunderbolt|p2a: Cryogonal\n|-damage|p2a: Cryogonal|22/100 par\n|move|p2a: Cryogonal|Recover|p2a: Cryogonal\n|-heal|p2a: Cryogonal|72/100 par\n|\n|upkeep\n|turn|17\n|inactive|Time left: 300 sec this turn | 300 sec total\n|\n|t:|1783552894\n|move|p1a: Rotom|Thunderbolt|p2a: Cryogonal\n|-crit|p2a: Cryogonal\n|-damage|p2a: Cryogonal|31/100 par\n|move|p2a: Cryogonal|Ice Beam|p1a: Rotom\n|-resisted|p1a: Rotom\n|-damage|p1a: Rotom|167/229\n|\n|upkeep\n|turn|18\n|inactive|Time left: 300 sec this turn | 300 sec total\n|\n|t:|1783552895\n|move|p1a: Rotom|Thunderbolt|p2a: Cryogonal\n|-damage|p2a: Cryogonal|6/100 par\n|move|p2a: Cryogonal|Recover|p2a: Cryogonal\n|-heal|p2a: Cryogonal|56/100 par\n|\n|upkeep\n|turn|19\n|inactive|Time left: 300 sec this turn | 300 sec total\n|\n|t:|1783552897\n|move|p1a: Rotom|Thunderbolt|p2a: Cryogonal\n|-damage|p2a: Cryogonal|33/100 par\n|move|p2a: Cryogonal|Recover|p2a: Cryogonal\n|-heal|p2a: Cryogonal|83/100 par\n|\n|upkeep\n|turn|20\n|inactive|Time left: 300 sec this turn | 300 sec total\n|\n|t:|1783552898\n|move|p1a: Rotom|Thunderbolt|p2a: Cryogonal\n|-damage|p2a: Cryogonal|58/100 par\n|cant|p2a: Cryogonal|par\n|\n|upkeep\n|turn|21\n|inactive|Time left: 300 sec this turn | 300 sec total\n|\n|t:|1783552899\n|move|p1a: Rotom|Thunderbolt|p2a: Cryogonal\n|-damage|p2a: Cryogonal|33/100 par\n|move|p2a: Cryogonal|Recover|p2a: Cryogonal\n|-heal|p2a: Cryogonal|83/100 par\n|\n|upkeep\n|turn|22\n|inactive|Time left: 300 sec this turn | 300 sec total\n|\n|t:|1783552900\n|move|p1a: Rotom|Thunderbolt|p2a: Cryogonal\n|-damage|p2a: Cryogonal|57/100 par\n|move|p2a: Cryogonal|Tera Blast|p1a: Rotom\n|-damage|p1a: Rotom|114/229\n|\n|upkeep\n|turn|23\n|inactive|Time left: 300 sec this turn | 300 sec total\n|\n|t:|1783552901\n|move|p1a: Rotom|Thunderbolt|p2a: Cryogonal\n|-damage|p2a: Cryogonal|30/100 par\n|move|p2a: Cryogonal|Ice Beam|p1a: Rotom\n|-resisted|p1a: Rotom\n|-damage|p1a: Rotom|66/229\n|\n|upkeep\n|turn|24\n|inactive|Time left: 300 sec this turn | 300 sec total\n|\n|t:|1783552902\n|move|p1a: Rotom|Volt Switch|p2a: Cryogonal\n|-damage|p2a: Cryogonal|10/100 par\n|inactive|Time left: 300 sec this turn | 300 sec total | 5 sec grace\n|\n|t:|1783552903\n|switch|p1a: Ribombee|Ribombee, L83, M|235/235|[from] Volt Switch\n|move|p2a: Cryogonal|Recover|p2a: Cryogonal\n|-heal|p2a: Cryogonal|60/100 par\n|\n|upkeep\n|turn|25\n|inactive|Time left: 300 sec this turn | 300 sec total\n|\n|t:|1783552904\n|switch|p2a: Zacian|Zacian-Crowned, L64|100/100\n|-ability|p2a: Zacian|Intrepid Sword|boost\n|-boost|p2a: Zacian|atk|1\n|move|p1a: Ribombee|Moonblast|p2a: Zacian\n|-resisted|p2a: Zacian\n|-damage|p2a: Zacian|79/100\n|\n|upkeep\n|turn|26\n|inactive|Time left: 300 sec this turn | 300 sec total\n|\n|t:|1783552905\n|switch|p1a: Bellibolt|Bellibolt, L84, M|320/320\n|-activate|p1a: Bellibolt|move: Sticky Web\n|-unboost|p1a: Bellibolt|spe|1\n|move|p2a: Zacian|Behemoth Blade|p1a: Bellibolt\n|-resisted|p1a: Bellibolt\n|-damage|p1a: Bellibolt|261/320\n|-start|p1a: Bellibolt|Charge|Behemoth Blade|[from] ability: Electromorphosis\n|\n|-heal|p1a: Bellibolt|281/320|[from] item: Leftovers\n|upkeep\n|turn|27\n|inactive|Time left: 300 sec this turn | 300 sec total\n|\n|t:|1783552906\n|switch|p2a: Cryogonal|Cryogonal, L89|60/100 par\n|move|p1a: Bellibolt|Thunderbolt|p2a: Cryogonal\n|-damage|p2a: Cryogonal|17/100 par\n|-end|p1a: Bellibolt|Charge|[silent]\n|\n|-heal|p1a: Bellibolt|301/320|[from] item: Leftovers\n|upkeep\n|turn|28\n|inactive|Time left: 300 sec this turn | 300 sec total\n|\n|t:|1783552907\n|move|p2a: Cryogonal|Recover|p2a: Cryogonal\n|-heal|p2a: Cryogonal|67/100 par\n|move|p1a: Bellibolt|Thunderbolt|p2a: Cryogonal\n|-damage|p2a: Cryogonal|42/100 par\n|\n|-heal|p1a: Bellibolt|320/320|[from] item: Leftovers\n|upkeep\n|turn|29\n|inactive|Time left: 300 sec this turn | 300 sec total\n|\n|t:|1783552909\n|move|p2a: Cryogonal|Recover|p2a: Cryogonal\n|-heal|p2a: Cryogonal|92/100 par\n|move|p1a: Bellibolt|Volt Switch|p2a: Cryogonal\n|-damage|p2a: Cryogonal|74/100 par\n|inactive|Time left: 300 sec this turn | 300 sec total | 5 sec grace\n|\n|t:|1783552910\n|switch|p1a: Ribombee|Ribombee, L83, M|235/235|[from] Volt Switch\n|\n|upkeep\n|turn|30\n|inactive|Time left: 300 sec this turn | 300 sec total\n|\n|t:|1783552911\n|move|p1a: Ribombee|Sticky Web|p2a: Cryogonal\n|-sidestart|p2: p0y111333e6|move: Sticky Web\n|move|p2a: Cryogonal|Ice Beam|p1a: Ribombee\n|-damage|p1a: Ribombee|111/235\n|\n|upkeep\n|turn|31\n|inactive|Time left: 300 sec this turn | 300 sec total\n|\n|t:|1783552912\n|move|p1a: Ribombee|Moonblast|p2a: Cryogonal\n|-damage|p2a: Cryogonal|51/100 par\n|-unboost|p2a: Cryogonal|spa|1\n|cant|p2a: Cryogonal|par\n|\n|upkeep\n|turn|32\n|inactive|Time left: 300 sec this turn | 300 sec total\n|\n|t:|1783552913\n|move|p1a: Ribombee|Moonblast|p2a: Cryogonal\n|-damage|p2a: Cryogonal|26/100 par\n|move|p2a: Cryogonal|Rapid Spin|p1a: Ribombee\n|-damage|p1a: Ribombee|78/235\n|-boost|p2a: Cryogonal|spe|1\n|-sideend|p2: p0y111333e6|Sticky Web|[from] move: Rapid Spin|[of] p2a: Cryogonal\n|\n|upkeep\n|turn|33\n|inactive|Time left: 300 sec this turn | 300 sec total\n|\n|t:|1783552914\n|move|p1a: Ribombee|Sticky Web|p2a: Cryogonal\n|-sidestart|p2: p0y111333e6|move: Sticky Web\n|move|p2a: Cryogonal|Recover|p2a: Cryogonal\n|-heal|p2a: Cryogonal|76/100 par\n|\n|upkeep\n|turn|34\n|inactive|Time left: 300 sec this turn | 300 sec total\n|\n|t:|1783552914\n|move|p1a: Ribombee|Moonblast|p2a: Cryogonal\n|-damage|p2a: Cryogonal|52/100 par\n|move|p2a: Cryogonal|Rapid Spin|p1a: Ribombee\n|-damage|p1a: Ribombee|46/235\n|-boost|p2a: Cryogonal|spe|1\n|-sideend|p2: p0y111333e6|Sticky Web|[from] move: Rapid Spin|[of] p2a: Cryogonal\n|\n|upkeep\n|turn|35\n|inactive|Time left: 300 sec this turn | 300 sec total\n|\n|t:|1783552915\n|move|p1a: Ribombee|Sticky Web|p2a: Cryogonal\n|-sidestart|p2: p0y111333e6|move: Sticky Web\n|cant|p2a: Cryogonal|par\n|\n|upkeep\n|turn|36\n|inactive|Time left: 300 sec this turn | 300 sec total\n|\n|t:|1783552916\n|move|p1a: Ribombee|Moonblast|p2a: Cryogonal\n|-damage|p2a: Cryogonal|30/100 par\n|move|p2a: Cryogonal|Rapid Spin|p1a: Ribombee\n|-damage|p1a: Ribombee|9/235\n|-boost|p2a: Cryogonal|spe|1\n|-sideend|p2: p0y111333e6|Sticky Web|[from] move: Rapid Spin|[of] p2a: Cryogonal\n|\n|upkeep\n|turn|37\n|inactive|Time left: 300 sec this turn | 300 sec total\n|\n|t:|1783552917\n|switch|p1a: Bellibolt|Bellibolt, L84, M|320/320\n|-activate|p1a: Bellibolt|move: Sticky Web\n|-unboost|p1a: Bellibolt|spe|1\n|move|p2a: Cryogonal|Ice Beam|p1a: Bellibolt\n|-damage|p1a: Bellibolt|244/320\n|-start|p1a: Bellibolt|Charge|Ice Beam|[from] ability: Electromorphosis\n|\n|-heal|p1a: Bellibolt|264/320|[from] item: Leftovers\n|upkeep\n|turn|38\n|inactive|Time left: 300 sec this turn | 300 sec total\n|\n|t:|1783552918\n|move|p2a: Cryogonal|Ice Beam|p1a: Bellibolt\n|-damage|p1a: Bellibolt|192/320\n|-start|p1a: Bellibolt|Charge|Ice Beam|[from] ability: Electromorphosis\n|move|p1a: Bellibolt|Thunderbolt|p2a: Cryogonal\n|-damage|p2a: Cryogonal|0 fnt\n|faint|p2a: Cryogonal\n|-end|p1a: Bellibolt|Charge|[silent]\n|\n|-heal|p1a: Bellibolt|212/320|[from] item: Leftovers\n|upkeep\n|\n|t:|1783552919\n|switch|p2a: Zacian|Zacian-Crowned, L64|79/100\n|turn|39\n|inactive|Time left: 300 sec this turn | 300 sec total\n|\n|t:|1783552920\n|switch|p2a: Miraidon|Miraidon, L65|23/100\n|-fieldstart|move: Electric Terrain|[from] ability: Hadron Engine|[of] p2a: Miraidon\n|move|p1a: Bellibolt|Thunderbolt|p2a: Miraidon\n|-resisted|p2a: Miraidon\n|-damage|p2a: Miraidon|8/100\n|\n|-heal|p1a: Bellibolt|232/320|[from] item: Leftovers\n|upkeep\n|turn|40\n|inactive|Time left: 300 sec this turn | 300 sec total\n|\n|t:|1783552921\n|move|p2a: Miraidon|Draco Meteor|p1a: Bellibolt\n|-damage|p1a: Bellibolt|85/320\n|-unboost|p2a: Miraidon|spa|2\n|-start|p1a: Bellibolt|Charge|Draco Meteor|[from] ability: Electromorphosis\n|move|p1a: Bellibolt|Slack Off|p1a: Bellibolt\n|-heal|p1a: Bellibolt|245/320\n|\n|-heal|p1a: Bellibolt|265/320|[from] item: Leftovers\n|upkeep\n|turn|41\n|inactive|Time left: 300 sec this turn | 300 sec total\n|\n|t:|1783552922\n|move|p2a: Miraidon|Overheat|p1a: Bellibolt|[miss]\n|-miss|p2a: Miraidon|p1a: Bellibolt\n|move|p1a: Bellibolt|Thunderbolt|p2a: Miraidon\n|-resisted|p2a: Miraidon\n|-damage|p2a: Miraidon|0 fnt\n|faint|p2a: Miraidon\n|-end|p1a: Bellibolt|Charge|[silent]\n|\n|-heal|p1a: Bellibolt|285/320|[from] item: Leftovers\n|upkeep\n|\n|t:|1783552923\n|switch|p2a: Zacian|Zacian-Crowned, L64|79/100\n|turn|42\n|inactive|Time left: 300 sec this turn | 300 sec total\n|\n|t:|1783552924\n|move|p2a: Zacian|Swords Dance|p2a: Zacian\n|-boost|p2a: Zacian|atk|2\n|move|p1a: Bellibolt|Thunderbolt|p2a: Zacian\n|-damage|p2a: Zacian|16/100\n|\n|-heal|p1a: Bellibolt|305/320|[from] item: Leftovers\n|upkeep\n|turn|43\n|inactive|Time left: 300 sec this turn | 300 sec total\n|\n|t:|1783552925\n|move|p2a: Zacian|Play Rough|p1a: Bellibolt\n|-damage|p1a: Bellibolt|155/320\n|-start|p1a: Bellibolt|Charge|Play Rough|[from] ability: Electromorphosis\n|move|p1a: Bellibolt|Volt Switch|p2a: Zacian\n|-damage|p2a: Zacian|0 fnt\n|faint|p2a: Zacian\n|-end|p1a: Bellibolt|Charge|[silent]\n|inactive|Time left: 300 sec this turn | 300 sec total | 5 sec grace\n|\n|t:|1783552926\n|switch|p1a: Rotom|Rotom-Frost, L87|66/229|[from] Volt Switch\n|\n|-fieldend|move: Electric Terrain\n|upkeep\n|\n|t:|1783552927\n|switch|p2a: Skeledirge|Skeledirge, L79, F, tera:Water|67/100\n|turn|44\n|inactive|Time left: 300 sec this turn | 300 sec total\n|\n|t:|1783552928\n|move|p1a: Rotom|Thunderbolt|p2a: Skeledirge\n|-supereffective|p2a: Skeledirge\n|-damage|p2a: Skeledirge|0 fnt\n|faint|p2a: Skeledirge\n|\n|win|p0x1113c53f", "uploadtime": 1783552928, "views": 0, "rating": 0, "private": 0, "password": null, "_winner": "p0x1113c53f", "_our_name": "p0x1113c53f"}