{"id": "battle-gen9randombattle-595", "formatid": "gen9randombattle", "format": "[Gen 9] Random Battle", "players": ["p0x5959103", "p0y595616f"], "log": "|init|battle\n|title|p0x5959103 vs. p0y595616f\n|j|\u2606p0x5959103\n|j|\u2606p0y595616f\n|t:|1783546727\n|gametype|singles\n|player|p1|p0x5959103|102|\n|player|p2|p0y595616f|266|\n|gen|9\n|tier|[Gen 9] Random Battle\n|rule|Species Clause: Limit one of each Pok\u00e9mon\n|rule|HP Percentage Mod: HP is shown in percentages\n|rule|Sleep Clause Mod: Limit one foe put to sleep\n|rule|Illusion Level Mod: Illusion disguises the Pok\u00e9mon's true level\n|\n|t:|1783546727\n|teamsize|p1|6\n|teamsize|p2|6\n|start\n|switch|p1a: Iron Bundle|Iron Bundle, L78|100/100\n|switch|p2a: Flareon|Flareon, L90, F|263/263\n|turn|1\n|inactive|Battle timer is ON: inactive players will automatically lose when time's up. (requested by p0y595616f)\n|inactive|p0x5959103 also wants the timer to be on.\n|\n|t:|1783546729\n|move|p1a: Iron Bundle|Hydro Pump|p2a: Flareon|[miss]\n|-miss|p1a: Iron Bundle|p2a: Flareon\n|move|p2a: Flareon|Trailblaze|p1a: Iron Bundle\n|-supereffective|p1a: Iron Bundle\n|-crit|p1a: Iron Bundle\n|-damage|p1a: Iron Bundle|34/100\n|-boost|p2a: Flareon|spe|1\n|\n|-status|p2a: Flareon|tox|[from] item: Toxic Orb\n|upkeep\n|turn|2\n|inactive|Time left: 300 sec this turn | 300 sec total\n|\n|t:|1783546730\n|move|p1a: Iron Bundle|Hydro Pump|p2a: Flareon\n|-supereffective|p2a: Flareon\n|-damage|p2a: Flareon|53/263 tox\n|move|p2a: Flareon|Facade|p1a: Iron Bundle\n|-damage|p1a: Iron Bundle|0 fnt\n|faint|p1a: Iron Bundle\n|-end|p1a: Iron Bundle|Quark Drive|[silent]\n|\n|-damage|p2a: Flareon|37/263 tox|[from] psn\n|upkeep\n|\n|t:|1783546731\n|switch|p1a: Sandslash|Sandslash-Alola, L88, F|100/100\n|turn|3\n|inactive|Time left: 300 sec this turn | 300 sec total\n|\n|t:|1783546732\n|switch|p1a: Armarouge|Armarouge, L80, M|100/100\n|move|p2a: Flareon|Flare Blitz|p1a: Armarouge\n|-resisted|p1a: Armarouge\n|-damage|p1a: Armarouge|53/100\n|-ability|p1a: Armarouge|Weak Armor|boost\n|-unboost|p1a: Armarouge|def|1\n|-boost|p1a: Armarouge|spe|2\n|-damage|p2a: Flareon|0 fnt|[from] Recoil\n|faint|p2a: Flareon\n|\n|upkeep\n|inactive|Time left: 300 sec this turn | 300 sec total | 5 sec grace\n|\n|t:|1783546733\n|switch|p2a: Crabominable|Crabominable, L90, M|321/321\n|turn|4\n|inactive|Time left: 300 sec this turn | 300 sec total\n|\n|t:|1783546734\n|move|p1a: Armarouge|Armor Cannon|p2a: Crabominable\n|-supereffective|p2a: Crabominable\n|-damage|p2a: Crabominable|91/321\n|-unboost|p1a: Armarouge|def|1\n|-unboost|p1a: Armarouge|spd|1\n|move|p2a: Crabominable|Knock Off|p1a: Armarouge\n|-supereffective|p1a: Armarouge\n|-damage|p1a: Armarouge|0 fnt\n|-enditem|p1a: Armarouge|Power Herb|[from] move: Knock Off|[of] p2a: Crabominable\n|faint|p1a: Armarouge\n|\n|upkeep\n|\n|t:|1783546736\n|switch|p1a: Trevenant|Trevenant, L89, F|100/100\n|turn|5\n|inactive|Time left: 300 sec this turn | 300 sec total\n|\n|t:|1783546737\n|switch|p2a: Wigglytuff|Wigglytuff, L96, M|424/424\n|move|p1a: Trevenant|Poltergeist|p2a: Wigglytuff\n|-immune|p2a: Wigglytuff\n|\n|upkeep\n|turn|6\n|inactive|Time left: 300 sec this turn | 300 sec total\n|\n|t:|1783546738\n|move|p1a: Trevenant|Wood Hammer|p2a: Wigglytuff\n|-damage|p2a: Wigglytuff|122/424\n|-damage|p1a: Trevenant|67/100|[from] Recoil\n|-damage|p1a: Trevenant|57/100|[from] item: Life Orb\n|move|p2a: Wigglytuff|Dazzling Gleam|p1a: Trevenant\n|-damage|p1a: Trevenant|23/100\n|\n|-heal|p2a: Wigglytuff|148/424|[from] item: Leftovers\n|upkeep\n|turn|7\n|inactive|Time left: 300 sec this turn | 300 sec total\n|\n|t:|1783546739\n|move|p1a: Trevenant|Wood Hammer|p2a: Wigglytuff\n|-damage|p2a: Wigglytuff|0 fnt\n|faint|p2a: Wigglytuff\n|-damage|p1a: Trevenant|7/100|[from] Recoil\n|-damage|p1a: Trevenant|0 fnt|[from] item: Life Orb\n|faint|p1a: Trevenant\n|\n|upkeep\n|inactive|Time left: 300 sec this turn | 300 sec total | 5 sec grace\n|\n|t:|1783546740\n|switch|p1a: Sandslash|Sandslash-Alola, L88, F|100/100\n|switch|p2a: Hitmonchan|Hitmonchan, L87, M|229/229\n|turn|8\n|inactive|Time left: 300 sec this turn | 300 sec total\n|\n|t:|1783546741\n|-terastallize|p1a: Sandslash|Water\n|move|p2a: Hitmonchan|Drain Punch|p1a: Sandslash\n|-damage|p1a: Sandslash|70/100\n|move|p1a: Sandslash|Triple Axel|p2a: Hitmonchan\n|-damage|p2a: Hitmonchan|205/229\n|-damage|p2a: Hitmonchan|151/229\n|-damage|p2a: Hitmonchan|73/229\n|-hitcount|p2a: Hitmonchan|3\n|\n|-heal|p2a: Hitmonchan|87/229|[from] item: Leftovers\n|-heal|p1a: Sandslash|76/100|[from] item: Leftovers\n|upkeep\n|turn|9\n|inactive|Time left: 300 sec this turn | 300 sec total\n|\n|t:|1783546742\n|move|p2a: Hitmonchan|Drain Punch|p1a: Sandslash\n|-damage|p1a: Sandslash|47/100\n|-heal|p2a: Hitmonchan|127/229|[from] drain|[of] p1a: Sandslash\n|move|p1a: Sandslash|Triple Axel|p2a: Hitmonchan\n|-damage|p2a: Hitmonchan|103/229\n|-damage|p2a: Hitmonchan|57/229\n|-damage|p2a: Hitmonchan|0 fnt\n|faint|p2a: Hitmonchan\n|-hitcount|p2: Hitmonchan|3\n|\n|-heal|p1a: Sandslash|54/100|[from] item: Leftovers\n|upkeep\n|inactive|Time left: 300 sec this turn | 300 sec total | 5 sec grace\n|\n|t:|1783546743\n|switch|p2a: Ogerpon|Ogerpon-Hearthflame, L74, F|239/239\n|-ability|p2a: Ogerpon|Mold Breaker\n|turn|10\n|inactive|Time left: 300 sec this turn | 300 sec total\n|\n|t:|1783546744\n|move|p2a: Ogerpon|Swords Dance|p2a: Ogerpon\n|-boost|p2a: Ogerpon|atk|2\n|move|p1a: Sandslash|Triple Axel|p2a: Ogerpon\n|-damage|p2a: Ogerpon|208/239\n|-damage|p2a: Ogerpon|147/239\n|-hitcount|p2a: Ogerpon|2\n|\n|-heal|p1a: Sandslash|60/100|[from] item: Leftovers\n|upkeep\n|turn|11\n|inactive|Time left: 300 sec this turn | 300 sec total\n|\n|t:|1783546745\n|switch|p1a: Scyther|Scyther, L82, M|100/100\n|move|p2a: Ogerpon|Horn Leech|p1a: Scyther\n|-resisted|p1a: Scyther\n|-damage|p1a: Scyther|80/100\n|-heal|p2a: Ogerpon|173/239|[from] drain|[of] p1a: Scyther\n|\n|upkeep\n|turn|12\n|inactive|Time left: 300 sec this turn | 300 sec total\n|\n|t:|1783546746\n|-terastallize|p2a: Ogerpon|Fire\n|detailschange|p2a: Ogerpon|Ogerpon-Hearthflame-Tera, L74, F, tera:Fire\n|-ability|p2a: Ogerpon|Embody Aspect (Hearthflame)|boost\n|-boost|p2a: Ogerpon|atk|1\n|move|p1a: Scyther|Dual Wingbeat|p2a: Ogerpon\n|-damage|p2a: Ogerpon|91/239\n|-damage|p2a: Ogerpon|18/239\n|-hitcount|p2a: Ogerpon|2\n|move|p2a: Ogerpon|Ivy Cudgel|p1a: Scyther|[anim] Ivy Cudgel Fire\n|-supereffective|p1a: Scyther\n|-damage|p1a: Scyther|0 fnt\n|faint|p1a: Scyther\n|\n|upkeep\n|\n|t:|1783546748\n|switch|p1a: Ambipom|Ambipom, L84, M|100/100\n|turn|13\n|inactive|Time left: 300 sec this turn | 300 sec total\n|\n|t:|1783546749\n|move|p1a: Ambipom|Fake Out|p2a: Ogerpon\n|-damage|p2a: Ogerpon|0 fnt\n|faint|p2a: Ogerpon\n|detailschange|p2: Ogerpon|Ogerpon-Hearthflame, L74, F|[silent]\n|\n|upkeep\n|inactive|Time left: 300 sec this turn | 300 sec total | 5 sec grace\n|\n|t:|1783546750\n|switch|p2a: Noivern|Noivern, L82, M|274/274\n|turn|14\n|inactive|Time left: 300 sec this turn | 300 sec total\n|\n|t:|1783546751\n|move|p2a: Noivern|Hurricane|p1a: Ambipom\n|-damage|p1a: Ambipom|50/100\n|-start|p1a: Ambipom|confusion\n|-activate|p1a: Ambipom|confusion\n|move|p1a: Ambipom|Knock Off|p2a: Noivern\n|-damage|p2a: Noivern|192/274\n|-enditem|p2a: Noivern|Heavy-Duty Boots|[from] move: Knock Off|[of] p1a: Ambipom\n|\n|upkeep\n|turn|15\n|inactive|Time left: 300 sec this turn | 300 sec total\n|\n|t:|1783546752\n|switch|p1a: Sandslash|Sandslash-Alola, L88, F, tera:Water|60/100\n|move|p2a: Noivern|Flamethrower|p1a: Sandslash\n|-resisted|p1a: Sandslash\n|-damage|p1a: Sandslash|48/100\n|-status|p1a: Sandslash|brn\n|\n|-heal|p1a: Sandslash|54/100 brn|[from] item: Leftovers\n|-damage|p1a: Sandslash|48/100 brn|[from] brn\n|upkeep\n|turn|16\n|inactive|Time left: 300 sec this turn | 300 sec total\n|\n|t:|1783546753\n|move|p2a: Noivern|Draco Meteor|p1a: Sandslash\n|-damage|p1a: Sandslash|0 fnt\n|-unboost|p2a: Noivern|spa|2\n|faint|p1a: Sandslash\n|\n|upkeep\n|\n|t:|1783546754\n|switch|p1a: Ambipom|Ambipom, L84, M|50/100\n|turn|17\n|inactive|Time left: 300 sec this turn | 300 sec total\n|\n|t:|1783546755\n|switch|p2a: Crabominable|Crabominable, L90, M|91/321\n|move|p1a: Ambipom|Fake Out|p2a: Crabominable\n|-damage|p2a: Crabominable|16/321\n|\n|upkeep\n|turn|18\n|inactive|Time left: 300 sec this turn | 300 sec total\n|\n|t:|1783546756\n|move|p1a: Ambipom|Knock Off|p2a: Crabominable\n|-resisted|p2a: Crabominable\n|-damage|p2a: Crabominable|0 fnt\n|-enditem|p2a: Crabominable|Assault Vest|[from] move: Knock Off|[of] p1a: Ambipom\n|faint|p2a: Crabominable\n|\n|upkeep\n|inactive|Time left: 300 sec this turn | 300 sec total | 5 sec grace\n|\n|t:|1783546757\n|switch|p2a: Noivern|Noivern, L82, M|192/274\n|turn|19\n|inactive|Time left: 300 sec this turn | 300 sec total\n|\n|t:|1783546758\n|move|p2a: Noivern|Draco Meteor|p1a: Ambipom\n|-damage|p1a: Ambipom|0 fnt\n|-unboost|p2a: Noivern|spa|2\n|faint|p1a: Ambipom\n|\n|win|p0y595616f", "uploadtime": 1783546758, "views": 0, "rating": 0, "private": 0, "password": null, "_winner": "p0y595616f", "_our_name": "p0y595616f"}