{"id": "battle-gen9randombattle-2247", "formatid": "gen9randombattle", "format": "[Gen 9] Random Battle", "players": ["p0x224788a5", "p0y224781c2"], "log": "|init|battle\n|title|p0x224788a5 vs. p0y224781c2\n|j|\u2606p0x224788a5\n|j|\u2606p0y224781c2\n|t:|1783566054\n|gametype|singles\n|player|p1|p0x224788a5|265|\n|player|p2|p0y224781c2|266|\n|gen|9\n|tier|[Gen 9] Random Battle\n|rule|Species Clause: Limit one of each Pok\u00e9mon\n|rule|HP Percentage Mod: HP is shown in percentages\n|rule|Sleep Clause Mod: Limit one foe put to sleep\n|rule|Illusion Level Mod: Illusion disguises the Pok\u00e9mon's true level\n|\n|t:|1783566054\n|teamsize|p1|6\n|teamsize|p2|6\n|start\n|switch|p1a: Chimecho|Chimecho, L93, F|290/290\n|switch|p2a: Arceus|Arceus-Fire, L72|100/100\n|turn|1\n|inactive|Battle timer is ON: inactive players will automatically lose when time's up. (requested by p0x224788a5)\n|inactive|p0y224781c2 also wants the timer to be on.\n|\n|t:|1783566055\n|move|p2a: Arceus|Calm Mind|p2a: Arceus\n|-boost|p2a: Arceus|spa|1\n|-boost|p2a: Arceus|spd|1\n|move|p1a: Chimecho|Cosmic Power|p1a: Chimecho\n|-boost|p1a: Chimecho|def|1\n|-boost|p1a: Chimecho|spd|1\n|\n|upkeep\n|turn|2\n|inactive|Time left: 300 sec this turn | 300 sec total\n|\n|t:|1783566056\n|move|p2a: Arceus|Calm Mind|p2a: Arceus\n|-boost|p2a: Arceus|spa|1\n|-boost|p2a: Arceus|spd|1\n|move|p1a: Chimecho|Cosmic Power|p1a: Chimecho\n|-boost|p1a: Chimecho|def|1\n|-boost|p1a: Chimecho|spd|1\n|\n|upkeep\n|turn|3\n|inactive|Time left: 300 sec this turn | 300 sec total\n|\n|t:|1783566057\n|move|p2a: Arceus|Calm Mind|p2a: Arceus\n|-boost|p2a: Arceus|spa|1\n|-boost|p2a: Arceus|spd|1\n|move|p1a: Chimecho|Cosmic Power|p1a: Chimecho\n|-boost|p1a: Chimecho|def|1\n|-boost|p1a: Chimecho|spd|1\n|\n|upkeep\n|turn|4\n|inactive|Time left: 300 sec this turn | 300 sec total\n|\n|t:|1783566058\n|move|p2a: Arceus|Judgment|p1a: Chimecho\n|-damage|p1a: Chimecho|190/290\n|move|p1a: Chimecho|Cosmic Power|p1a: Chimecho\n|-boost|p1a: Chimecho|def|1\n|-boost|p1a: Chimecho|spd|1\n|\n|-heal|p1a: Chimecho|208/290|[from] item: Leftovers\n|upkeep\n|turn|5\n|inactive|Time left: 300 sec this turn | 300 sec total\n|\n|t:|1783566059\n|move|p2a: Arceus|Judgment|p1a: Chimecho\n|-damage|p1a: Chimecho|127/290\n|move|p1a: Chimecho|Recover|p1a: Chimecho\n|-heal|p1a: Chimecho|272/290\n|\n|-heal|p1a: Chimecho|290/290|[from] item: Leftovers\n|upkeep\n|turn|6\n|inactive|Time left: 300 sec this turn | 300 sec total\n|\n|t:|1783566060\n|move|p2a: Arceus|Judgment|p1a: Chimecho\n|-damage|p1a: Chimecho|200/290\n|move|p1a: Chimecho|Stored Power|p2a: Arceus\n|-damage|p2a: Arceus|71/100\n|\n|-heal|p1a: Chimecho|218/290|[from] item: Leftovers\n|upkeep\n|turn|7\n|inactive|Time left: 300 sec this turn | 300 sec total\n|\n|t:|1783566062\n|move|p2a: Arceus|Judgment|p1a: Chimecho\n|-damage|p1a: Chimecho|134/290\n|move|p1a: Chimecho|Stored Power|p2a: Arceus\n|-damage|p2a: Arceus|40/100\n|\n|-heal|p1a: Chimecho|152/290|[from] item: Leftovers\n|upkeep\n|turn|8\n|inactive|Time left: 300 sec this turn | 300 sec total\n|\n|t:|1783566063\n|move|p2a: Arceus|Recover|p2a: Arceus\n|-heal|p2a: Arceus|91/100\n|move|p1a: Chimecho|Stored Power|p2a: Arceus\n|-damage|p2a: Arceus|63/100\n|\n|-heal|p1a: Chimecho|170/290|[from] item: Leftovers\n|upkeep\n|turn|9\n|inactive|Time left: 300 sec this turn | 300 sec total\n|\n|t:|1783566064\n|move|p2a: Arceus|Judgment|p1a: Chimecho\n|-damage|p1a: Chimecho|94/290\n|move|p1a: Chimecho|Recover|p1a: Chimecho\n|-heal|p1a: Chimecho|239/290\n|\n|-heal|p1a: Chimecho|257/290|[from] item: Leftovers\n|upkeep\n|turn|10\n|inactive|Time left: 300 sec this turn | 300 sec total\n|\n|t:|1783566065\n|move|p2a: Arceus|Judgment|p1a: Chimecho\n|-damage|p1a: Chimecho|176/290\n|move|p1a: Chimecho|Stored Power|p2a: Arceus\n|-damage|p2a: Arceus|35/100\n|\n|-heal|p1a: Chimecho|194/290|[from] item: Leftovers\n|upkeep\n|turn|11\n|inactive|Time left: 300 sec this turn | 300 sec total\n|\n|t:|1783566066\n|move|p2a: Arceus|Recover|p2a: Arceus\n|-heal|p2a: Arceus|85/100\n|move|p1a: Chimecho|Stored Power|p2a: Arceus\n|-damage|p2a: Arceus|57/100\n|\n|-heal|p1a: Chimecho|212/290|[from] item: Leftovers\n|upkeep\n|turn|12\n|inactive|Time left: 300 sec this turn | 300 sec total\n|\n|t:|1783566067\n|move|p2a: Arceus|Recover|p2a: Arceus\n|-heal|p2a: Arceus|100/100\n|move|p1a: Chimecho|Stored Power|p2a: Arceus\n|-damage|p2a: Arceus|69/100\n|\n|-heal|p1a: Chimecho|230/290|[from] item: Leftovers\n|upkeep\n|turn|13\n|inactive|Time left: 300 sec this turn | 300 sec total\n|\n|t:|1783566068\n|move|p2a: Arceus|Judgment|p1a: Chimecho\n|-damage|p1a: Chimecho|148/290\n|move|p1a: Chimecho|Stored Power|p2a: Arceus\n|-damage|p2a: Arceus|41/100\n|\n|-heal|p1a: Chimecho|166/290|[from] item: Leftovers\n|upkeep\n|turn|14\n|inactive|Time left: 300 sec this turn | 300 sec total\n|\n|t:|1783566070\n|move|p2a: Arceus|Recover|p2a: Arceus\n|-heal|p2a: Arceus|92/100\n|move|p1a: Chimecho|Stored Power|p2a: Arceus\n|-damage|p2a: Arceus|64/100\n|\n|-heal|p1a: Chimecho|184/290|[from] item: Leftovers\n|upkeep\n|turn|15\n|inactive|Time left: 300 sec this turn | 300 sec total\n|\n|t:|1783566071\n|move|p2a: Arceus|Judgment|p1a: Chimecho\n|-damage|p1a: Chimecho|106/290\n|move|p1a: Chimecho|Stored Power|p2a: Arceus\n|-damage|p2a: Arceus|35/100\n|\n|-heal|p1a: Chimecho|124/290|[from] item: Leftovers\n|upkeep\n|turn|16\n|inactive|Time left: 300 sec this turn | 300 sec total\n|\n|t:|1783566072\n|move|p2a: Arceus|Recover|p2a: Arceus\n|-heal|p2a: Arceus|85/100\n|move|p1a: Chimecho|Recover|p1a: Chimecho\n|-heal|p1a: Chimecho|269/290\n|\n|-heal|p1a: Chimecho|287/290|[from] item: Leftovers\n|upkeep\n|turn|17\n|inactive|Time left: 300 sec this turn | 300 sec total\n|\n|t:|1783566073\n|move|p2a: Arceus|Judgment|p1a: Chimecho\n|-damage|p1a: Chimecho|202/290\n|move|p1a: Chimecho|Stored Power|p2a: Arceus\n|-crit|p2a: Arceus\n|-damage|p2a: Arceus|0 fnt\n|faint|p2a: Arceus\n|\n|-heal|p1a: Chimecho|220/290|[from] item: Leftovers\n|upkeep\n|\n|t:|1783566074\n|switch|p2a: Wigglytuff|Wigglytuff, L96, F|100/100\n|turn|18\n|inactive|Time left: 300 sec this turn | 300 sec total\n|\n|t:|1783566075\n|move|p1a: Chimecho|Stored Power|p2a: Wigglytuff\n|-damage|p2a: Wigglytuff|31/100\n|move|p2a: Wigglytuff|Thunder Wave|p1a: Chimecho\n|-status|p1a: Chimecho|par\n|\n|-heal|p2a: Wigglytuff|37/100|[from] item: Leftovers\n|-heal|p1a: Chimecho|238/290 par|[from] item: Leftovers\n|upkeep\n|turn|19\n|inactive|Time left: 300 sec this turn | 300 sec total\n|\n|t:|1783566076\n|move|p2a: Wigglytuff|Knock Off|p1a: Chimecho\n|-supereffective|p1a: Chimecho\n|-damage|p1a: Chimecho|192/290 par\n|-enditem|p1a: Chimecho|Leftovers|[from] move: Knock Off|[of] p2a: Wigglytuff\n|move|p1a: Chimecho|Stored Power|p2a: Wigglytuff\n|-damage|p2a: Wigglytuff|0 fnt\n|faint|p2a: Wigglytuff\n|\n|upkeep\n|\n|t:|1783566077\n|switch|p2a: Tropius|Tropius, L91, M|100/100\n|turn|20\n|inactive|Time left: 300 sec this turn | 300 sec total\n|\n|t:|1783566078\n|move|p2a: Tropius|Dragon Dance|p2a: Tropius\n|-boost|p2a: Tropius|atk|1\n|-boost|p2a: Tropius|spe|1\n|move|p1a: Chimecho|Stored Power|p2a: Tropius\n|-damage|p2a: Tropius|39/100\n|-enditem|p2a: Tropius|Sitrus Berry|[eat]\n|-heal|p2a: Tropius|64/100|[from] item: Sitrus Berry\n|\n|-item|p2a: Tropius|Sitrus Berry|[from] ability: Harvest\n|upkeep\n|turn|21\n|inactive|Time left: 300 sec this turn | 300 sec total\n|\n|t:|1783566079\n|move|p2a: Tropius|Dragon Dance|p2a: Tropius\n|-boost|p2a: Tropius|atk|1\n|-boost|p2a: Tropius|spe|1\n|move|p1a: Chimecho|Stored Power|p2a: Tropius\n|-damage|p2a: Tropius|0 fnt\n|faint|p2a: Tropius\n|\n|upkeep\n|\n|t:|1783566081\n|switch|p2a: Golem|Golem, L87, M|100/100\n|turn|22\n|inactive|Time left: 300 sec this turn | 300 sec total\n|\n|t:|1783566082\n|move|p2a: Golem|Stone Edge|p1a: Chimecho\n|-damage|p1a: Chimecho|152/290 par\n|move|p1a: Chimecho|Stored Power|p2a: Golem\n|-damage|p2a: Golem|8/100\n|\n|upkeep\n|turn|23\n|inactive|Time left: 300 sec this turn | 300 sec total\n|\n|t:|1783566083\n|move|p2a: Golem|Stone Edge|p1a: Chimecho\n|-crit|p1a: Chimecho\n|-damage|p1a: Chimecho|0 fnt\n|faint|p1a: Chimecho\n|\n|upkeep\n|inactive|Time left: 300 sec this turn | 300 sec total | 5 sec grace\n|\n|t:|1783566084\n|switch|p1a: Stantler|Stantler, L92, F|284/284\n|-ability|p1a: Stantler|Intimidate|boost\n|-unboost|p2a: Golem|atk|1\n|turn|24\n|inactive|Time left: 300 sec this turn | 300 sec total\n|\n|t:|1783566085\n|move|p1a: Stantler|Calm Mind|p1a: Stantler\n|-boost|p1a: Stantler|spa|1\n|-boost|p1a: Stantler|spd|1\n|move|p2a: Golem|Earthquake|p1a: Stantler\n|-damage|p1a: Stantler|208/284\n|\n|upkeep\n|turn|25\n|inactive|Time left: 300 sec this turn | 300 sec total\n|\n|t:|1783566086\n|move|p1a: Stantler|Tera Blast|p2a: Golem\n|-resisted|p2a: Golem\n|-damage|p2a: Golem|0 fnt\n|faint|p2a: Golem\n|\n|upkeep\n|\n|t:|1783566088\n|switch|p2a: Victreebel|Victreebel, L90, M|100/100\n|turn|26\n|inactive|Time left: 300 sec this turn | 300 sec total\n|\n|t:|1783566089\n|move|p1a: Stantler|Tera Blast|p2a: Victreebel\n|-damage|p2a: Victreebel|49/100\n|move|p2a: Victreebel|Power Whip|p1a: Stantler\n|-damage|p1a: Stantler|39/284\n|-damage|p2a: Victreebel|39/100|[from] item: Life Orb\n|\n|upkeep\n|turn|27\n|inactive|Time left: 300 sec this turn | 300 sec total\n|\n|t:|1783566090\n|move|p2a: Victreebel|Sucker Punch|p1a: Stantler\n|-damage|p1a: Stantler|0 fnt\n|faint|p1a: Stantler\n|-damage|p2a: Victreebel|29/100|[from] item: Life Orb\n|\n|upkeep\n|inactive|Time left: 300 sec this turn | 300 sec total | 5 sec grace\n|\n|t:|1783566091\n|switch|p1a: Sandy Shocks|Sandy Shocks, L80|267/267\n|turn|28\n|inactive|Time left: 300 sec this turn | 300 sec total\n|\n|t:|1783566092\n|move|p1a: Sandy Shocks|Earth Power|p2a: Victreebel\n|-damage|p2a: Victreebel|0 fnt\n|faint|p2a: Victreebel\n|\n|upkeep\n|\n|t:|1783566093\n|switch|p2a: Swalot|Swalot, L90, M|100/100\n|turn|29\n|inactive|Time left: 300 sec this turn | 300 sec total\n|\n|t:|1783566094\n|-end|p1a: Sandy Shocks|Protosynthesis|[silent]\n|switch|p1a: Groudon|Groudon, L72|263/263\n|-weather|SunnyDay|[from] ability: Drought|[of] p1a: Groudon\n|-terastallize|p2a: Swalot|Ground\n|move|p2a: Swalot|Earthquake|p1a: Groudon\n|-damage|p1a: Groudon|178/263\n|\n|-weather|SunnyDay|[upkeep]\n|-heal|p1a: Groudon|194/263|[from] item: Leftovers\n|upkeep\n|turn|30\n|inactive|Time left: 300 sec this turn | 300 sec total\n|\n|t:|1783566095\n|move|p2a: Swalot|Protect|p2a: Swalot\n|-singleturn|p2a: Swalot|Protect\n|move|p1a: Groudon|Swords Dance|p1a: Groudon\n|-boost|p1a: Groudon|atk|2\n|\n|-weather|SunnyDay|[upkeep]\n|-heal|p1a: Groudon|210/263|[from] item: Leftovers\n|upkeep\n|turn|31\n|inactive|Time left: 300 sec this turn | 300 sec total\n|\n|t:|1783566096\n|-terastallize|p1a: Groudon|Fire\n|move|p2a: Swalot|Protect||[still]\n|-fail|p2a: Swalot\n|move|p1a: Groudon|Heat Crash|p2a: Swalot\n|-damage|p2a: Swalot|0 fnt\n|faint|p2a: Swalot\n|\n|win|p0x224788a5", "uploadtime": 1783566096, "views": 0, "rating": 0, "private": 0, "password": null, "_winner": "p0x224788a5", "_our_name": "p0x224788a5"}