{"id": "battle-gen9randombattle-1060", "formatid": "gen9randombattle", "format": "[Gen 9] Random Battle", "players": ["p0x1060cb2b", "p0y106089ad"], "log": "|init|battle\n|title|p0x1060cb2b vs. p0y106089ad\n|j|\u2606p0x1060cb2b\n|j|\u2606p0y106089ad\n|t:|1783551463\n|gametype|singles\n|player|p1|p0x1060cb2b|265|\n|player|p2|p0y106089ad|170|\n|gen|9\n|tier|[Gen 9] Random Battle\n|rule|Species Clause: Limit one of each Pok\u00e9mon\n|rule|HP Percentage Mod: HP is shown in percentages\n|rule|Sleep Clause Mod: Limit one foe put to sleep\n|rule|Illusion Level Mod: Illusion disguises the Pok\u00e9mon's true level\n|\n|t:|1783551463\n|teamsize|p1|6\n|teamsize|p2|6\n|start\n|switch|p1a: Scream Tail|Scream Tail, L84|100/100\n|switch|p2a: Volcarona|Volcarona, L77, F|257/257\n|turn|1\n|inactive|Battle timer is ON: inactive players will automatically lose when time's up. (requested by p0y106089ad)\n|\n|t:|1783551464\n|-end|p1a: Scream Tail|Protosynthesis|[silent]\n|switch|p1a: Houndoom|Houndoom, L87, F|100/100\n|move|p2a: Volcarona|Quiver Dance|p2a: Volcarona\n|-boost|p2a: Volcarona|spa|1\n|-boost|p2a: Volcarona|spd|1\n|-boost|p2a: Volcarona|spe|1\n|\n|upkeep\n|turn|2\n|inactive|Time left: 300 sec this turn | 300 sec total\n|inactive|p0x1060cb2b also wants the timer to be on.\n|\n|t:|1783551465\n|move|p2a: Volcarona|Bug Buzz|p1a: Houndoom\n|-damage|p1a: Houndoom|39/100\n|move|p1a: Houndoom|Dark Pulse|p2a: Volcarona\n|-damage|p2a: Volcarona|196/257\n|\n|upkeep\n|turn|3\n|inactive|Time left: 300 sec this turn | 300 sec total\n|\n|t:|1783551466\n|move|p2a: Volcarona|Quiver Dance|p2a: Volcarona\n|-boost|p2a: Volcarona|spa|1\n|-boost|p2a: Volcarona|spd|1\n|-boost|p2a: Volcarona|spe|1\n|move|p1a: Houndoom|Fire Blast|p2a: Volcarona\n|-damage|p2a: Volcarona|133/257\n|\n|upkeep\n|turn|4\n|inactive|Time left: 300 sec this turn | 300 sec total\n|\n|t:|1783551467\n|move|p1a: Houndoom|Sucker Punch|p2a: Volcarona\n|-damage|p2a: Volcarona|33/257\n|move|p2a: Volcarona|Bug Buzz|p1a: Houndoom\n|-damage|p1a: Houndoom|0 fnt\n|faint|p1a: Houndoom\n|\n|upkeep\n|\n|t:|1783551468\n|switch|p1a: Slowbro|Slowbro, L85, F|100/100\n|turn|5\n|inactive|Time left: 300 sec this turn | 300 sec total\n|\n|t:|1783551469\n|-terastallize|p1a: Slowbro|Fighting\n|move|p2a: Volcarona|Bug Buzz|p1a: Slowbro\n|-resisted|p1a: Slowbro\n|-damage|p1a: Slowbro|45/100\n|move|p1a: Slowbro|Scald|p2a: Volcarona\n|-supereffective|p2a: Volcarona\n|-damage|p2a: Volcarona|0 fnt\n|faint|p2a: Volcarona\n|\n|-heal|p1a: Slowbro|51/100|[from] item: Leftovers\n|upkeep\n|inactive|Time left: 300 sec this turn | 300 sec total | 5 sec grace\n|\n|t:|1783551470\n|switch|p2a: Lapras|Lapras, L87, F|367/367\n|turn|6\n|inactive|Time left: 300 sec this turn | 300 sec total\n|\n|t:|1783551471\n|switch|p1a: Glastrier|Glastrier, L86|100/100\n|move|p2a: Lapras|Ice Beam|p1a: Glastrier\n|-resisted|p1a: Glastrier\n|-damage|p1a: Glastrier|83/100\n|\n|upkeep\n|turn|7\n|inactive|Time left: 300 sec this turn | 300 sec total\n|\n|t:|1783551472\n|move|p2a: Lapras|Ice Beam|p1a: Glastrier\n|-resisted|p1a: Glastrier\n|-damage|p1a: Glastrier|66/100\n|move|p1a: Glastrier|Close Combat|p2a: Lapras\n|-supereffective|p2a: Lapras\n|-damage|p2a: Lapras|0 fnt\n|-unboost|p1a: Glastrier|def|1\n|-unboost|p1a: Glastrier|spd|1\n|faint|p2a: Lapras\n|-ability|p1a: Glastrier|Chilling Neigh|boost\n|-boost|p1a: Glastrier|atk|1\n|\n|upkeep\n|inactive|Time left: 300 sec this turn | 300 sec total | 5 sec grace\n|\n|t:|1783551474\n|switch|p2a: Ogerpon|Ogerpon-Cornerstone, L76, F|247/247\n|turn|8\n|inactive|Time left: 300 sec this turn | 300 sec total\n|\n|t:|1783551475\n|switch|p1a: Slowbro|Slowbro, L85, F, tera:Fighting|85/100\n|move|p2a: Ogerpon|Ivy Cudgel|p1a: Slowbro|[anim] Ivy Cudgel Rock\n|-resisted|p1a: Slowbro\n|-damage|p1a: Slowbro|66/100\n|\n|-heal|p1a: Slowbro|72/100|[from] item: Leftovers\n|upkeep\n|turn|9\n|inactive|Time left: 300 sec this turn | 300 sec total\n|\n|t:|1783551476\n|move|p2a: Ogerpon|Swords Dance|p2a: Ogerpon\n|-boost|p2a: Ogerpon|atk|2\n|move|p1a: Slowbro|Body Press|p2a: Ogerpon\n|-supereffective|p2a: Ogerpon\n|-damage|p2a: Ogerpon|11/247\n|\n|-heal|p1a: Slowbro|78/100|[from] item: Leftovers\n|upkeep\n|turn|10\n|inactive|Time left: 300 sec this turn | 300 sec total\n|\n|t:|1783551477\n|move|p2a: Ogerpon|Power Whip|p1a: Slowbro\n|-damage|p1a: Slowbro|0 fnt\n|faint|p1a: Slowbro\n|\n|upkeep\n|\n|t:|1783551478\n|switch|p1a: Scream Tail|Scream Tail, L84|100/100\n|turn|11\n|inactive|Time left: 300 sec this turn | 300 sec total\n|\n|t:|1783551479\n|switch|p2a: Gogoat|Gogoat, L88, F|360/360\n|move|p1a: Scream Tail|Dazzling Gleam|p2a: Gogoat\n|-damage|p2a: Gogoat|294/360\n|\n|-heal|p2a: Gogoat|316/360|[from] item: Leftovers\n|upkeep\n|turn|12\n|inactive|Time left: 300 sec this turn | 300 sec total\n|\n|t:|1783551480\n|-end|p1a: Scream Tail|Protosynthesis|[silent]\n|switch|p1a: Spidops|Spidops, L96, F|100/100\n|move|p2a: Gogoat|Bulk Up|p2a: Gogoat\n|-boost|p2a: Gogoat|atk|1\n|-boost|p2a: Gogoat|def|1\n|\n|-heal|p2a: Gogoat|338/360|[from] item: Leftovers\n|upkeep\n|turn|13\n|inactive|Time left: 300 sec this turn | 300 sec total\n|\n|t:|1783551482\n|move|p2a: Gogoat|Bulk Up|p2a: Gogoat\n|-boost|p2a: Gogoat|atk|1\n|-boost|p2a: Gogoat|def|1\n|move|p1a: Spidops|Sticky Web|p2a: Gogoat\n|-sidestart|p2: p0y106089ad|move: Sticky Web\n|\n|-heal|p2a: Gogoat|360/360|[from] item: Leftovers\n|upkeep\n|turn|14\n|inactive|Time left: 300 sec this turn | 300 sec total\n|\n|t:|1783551483\n|move|p2a: Gogoat|Horn Leech|p1a: Spidops\n|-resisted|p1a: Spidops\n|-damage|p1a: Spidops|74/100\n|move|p1a: Spidops|Circle Throw|p2a: Gogoat\n|-damage|p2a: Gogoat|330/360\n|drag|p2a: Ogerpon|Ogerpon-Cornerstone, L76, F|11/247\n|-activate|p2a: Ogerpon|move: Sticky Web\n|-unboost|p2a: Ogerpon|spe|1\n|\n|upkeep\n|turn|15\n|inactive|Time left: 300 sec this turn | 300 sec total\n|\n|t:|1783551484\n|switch|p1a: Scream Tail|Scream Tail, L84|100/100\n|move|p2a: Ogerpon|Ivy Cudgel|p1a: Scream Tail|[anim] Ivy Cudgel Rock\n|-damage|p1a: Scream Tail|65/100\n|\n|-heal|p1a: Scream Tail|71/100|[from] item: Leftovers\n|upkeep\n|turn|16\n|inactive|Time left: 300 sec this turn | 300 sec total\n|\n|t:|1783551485\n|move|p1a: Scream Tail|Dazzling Gleam|p2a: Ogerpon\n|-damage|p2a: Ogerpon|0 fnt\n|faint|p2a: Ogerpon\n|\n|-heal|p1a: Scream Tail|77/100|[from] item: Leftovers\n|upkeep\n|inactive|Time left: 300 sec this turn | 300 sec total | 5 sec grace\n|\n|t:|1783551486\n|switch|p2a: Gogoat|Gogoat, L88, F|330/360\n|-activate|p2a: Gogoat|move: Sticky Web\n|-unboost|p2a: Gogoat|spe|1\n|turn|17\n|inactive|Time left: 300 sec this turn | 300 sec total\n|\n|t:|1783551487\n|move|p1a: Scream Tail|Wish|p1a: Scream Tail\n|move|p2a: Gogoat|Bulk Up|p2a: Gogoat\n|-boost|p2a: Gogoat|atk|1\n|-boost|p2a: Gogoat|def|1\n|\n|-heal|p1a: Scream Tail|83/100|[from] item: Leftovers\n|-heal|p2a: Gogoat|352/360|[from] item: Leftovers\n|upkeep\n|turn|18\n|inactive|Time left: 300 sec this turn | 300 sec total\n|\n|t:|1783551488\n|-end|p1a: Scream Tail|Protosynthesis|[silent]\n|switch|p1a: Glastrier|Glastrier, L86|66/100\n|move|p2a: Gogoat|Bulk Up|p2a: Gogoat\n|-boost|p2a: Gogoat|atk|1\n|-boost|p2a: Gogoat|def|1\n|\n|-heal|p1a: Glastrier|100/100|[from] move: Wish|[wisher] Scream Tail\n|-heal|p2a: Gogoat|360/360|[from] item: Leftovers\n|upkeep\n|turn|19\n|inactive|Time left: 300 sec this turn | 300 sec total\n|\n|t:|1783551489\n|move|p2a: Gogoat|Horn Leech|p1a: Glastrier\n|-damage|p1a: Glastrier|60/100\n|move|p1a: Glastrier|Icicle Crash|p2a: Gogoat\n|-supereffective|p2a: Gogoat\n|-damage|p2a: Gogoat|112/360\n|\n|-heal|p2a: Gogoat|134/360|[from] item: Leftovers\n|upkeep\n|turn|20\n|inactive|Time left: 300 sec this turn | 300 sec total\n|\n|t:|1783551491\n|move|p2a: Gogoat|Horn Leech|p1a: Glastrier\n|-damage|p1a: Glastrier|18/100\n|-heal|p2a: Gogoat|199/360|[from] drain|[of] p1a: Glastrier\n|move|p1a: Glastrier|Icicle Crash|p2a: Gogoat\n|-supereffective|p2a: Gogoat\n|-damage|p2a: Gogoat|0 fnt\n|faint|p2a: Gogoat\n|-ability|p1a: Glastrier|Chilling Neigh|boost\n|-boost|p1a: Glastrier|atk|1\n|\n|upkeep\n|inactive|Time left: 300 sec this turn | 300 sec total | 5 sec grace\n|\n|t:|1783551492\n|switch|p2a: Eelektross|Eelektross, L87, F|290/290\n|turn|21\n|inactive|Time left: 300 sec this turn | 300 sec total\n|\n|t:|1783551493\n|switch|p1a: Vileplume|Vileplume, L85, M|100/100\n|move|p2a: Eelektross|Discharge|p1a: Vileplume\n|-resisted|p1a: Vileplume\n|-damage|p1a: Vileplume|84/100\n|\n|-heal|p1a: Vileplume|90/100|[from] item: Leftovers\n|upkeep\n|turn|22\n|inactive|Time left: 300 sec this turn | 300 sec total\n|\n|t:|1783551494\n|move|p2a: Eelektross|Discharge|p1a: Vileplume\n|-resisted|p1a: Vileplume\n|-damage|p1a: Vileplume|70/100\n|move|p1a: Vileplume|Strength Sap|p2a: Eelektross\n|-unboost|p2a: Eelektross|atk|1\n|-heal|p1a: Vileplume|100/100\n|\n|upkeep\n|turn|23\n|inactive|Time left: 300 sec this turn | 300 sec total\n|\n|t:|1783551495\n|move|p2a: Eelektross|Flamethrower|p1a: Vileplume\n|-supereffective|p1a: Vileplume\n|-damage|p1a: Vileplume|49/100\n|-status|p1a: Vileplume|brn\n|move|p1a: Vileplume|Giga Drain|p2a: Eelektross\n|-damage|p2a: Eelektross|226/290\n|-heal|p1a: Vileplume|61/100 brn|[from] drain|[of] p2a: Eelektross\n|\n|-heal|p1a: Vileplume|67/100 brn|[from] item: Leftovers\n|-damage|p1a: Vileplume|61/100 brn|[from] brn\n|upkeep\n|turn|24\n|inactive|Time left: 300 sec this turn | 300 sec total\n|\n|t:|1783551496\n|move|p2a: Eelektross|Flamethrower|p1a: Vileplume\n|-supereffective|p1a: Vileplume\n|-damage|p1a: Vileplume|11/100 brn\n|move|p1a: Vileplume|Strength Sap|p2a: Eelektross\n|-unboost|p2a: Eelektross|atk|1\n|-heal|p1a: Vileplume|73/100 brn\n|\n|-heal|p1a: Vileplume|79/100 brn|[from] item: Leftovers\n|-damage|p1a: Vileplume|73/100 brn|[from] brn\n|upkeep\n|turn|25\n|inactive|Time left: 300 sec this turn | 300 sec total\n|\n|t:|1783551497\n|move|p2a: Eelektross|Flamethrower|p1a: Vileplume\n|-supereffective|p1a: Vileplume\n|-damage|p1a: Vileplume|22/100 brn\n|move|p1a: Vileplume|Strength Sap|p2a: Eelektross\n|-unboost|p2a: Eelektross|atk|1\n|-heal|p1a: Vileplume|69/100 brn\n|\n|-heal|p1a: Vileplume|75/100 brn|[from] item: Leftovers\n|-damage|p1a: Vileplume|69/100 brn|[from] brn\n|upkeep\n|turn|26\n|inactive|Time left: 300 sec this turn | 300 sec total\n|\n|t:|1783551498\n|move|p2a: Eelektross|Flamethrower|p1a: Vileplume\n|-supereffective|p1a: Vileplume\n|-damage|p1a: Vileplume|21/100 brn\n|move|p1a: Vileplume|Strength Sap|p2a: Eelektross\n|-unboost|p2a: Eelektross|atk|1\n|-heal|p1a: Vileplume|59/100 brn\n|\n|-heal|p1a: Vileplume|65/100 brn|[from] item: Leftovers\n|-damage|p1a: Vileplume|59/100 brn|[from] brn\n|upkeep\n|turn|27\n|inactive|Time left: 300 sec this turn | 300 sec total\n|\n|t:|1783551499\n|move|p2a: Eelektross|Flamethrower|p1a: Vileplume\n|-supereffective|p1a: Vileplume\n|-damage|p1a: Vileplume|8/100 brn\n|move|p1a: Vileplume|Strength Sap|p2a: Eelektross\n|-unboost|p2a: Eelektross|atk|1\n|-heal|p1a: Vileplume|40/100 brn\n|\n|-heal|p1a: Vileplume|46/100 brn|[from] item: Leftovers\n|-damage|p1a: Vileplume|40/100 brn|[from] brn\n|upkeep\n|turn|28\n|inactive|Time left: 300 sec this turn | 300 sec total\n|\n|t:|1783551500\n|switch|p1a: Scream Tail|Scream Tail, L84|83/100\n|move|p2a: Eelektross|Flamethrower|p1a: Scream Tail\n|-damage|p1a: Scream Tail|66/100\n|\n|-heal|p1a: Scream Tail|72/100|[from] item: Leftovers\n|upkeep\n|turn|29\n|inactive|Time left: 300 sec this turn | 300 sec total\n|\n|t:|1783551501\n|move|p1a: Scream Tail|Protect|p1a: Scream Tail\n|-singleturn|p1a: Scream Tail|Protect\n|move|p2a: Eelektross|U-turn|p1a: Scream Tail\n|-activate|p1a: Scream Tail|move: Protect\n|\n|-heal|p1a: Scream Tail|78/100|[from] item: Leftovers\n|upkeep\n|turn|30\n|inactive|Time left: 300 sec this turn | 300 sec total\n|\n|t:|1783551502\n|move|p1a: Scream Tail|Wish|p1a: Scream Tail\n|move|p2a: Eelektross|U-turn|p1a: Scream Tail\n|-damage|p1a: Scream Tail|73/100\n|inactive|Time left: 300 sec this turn | 300 sec total | 5 sec grace\n|\n|t:|1783551503\n|switch|p2a: Kingdra|Kingdra, L84, M|263/263|[from] U-turn\n|-activate|p2a: Kingdra|move: Sticky Web\n|-unboost|p2a: Kingdra|spe|1\n|\n|-heal|p1a: Scream Tail|79/100|[from] item: Leftovers\n|upkeep\n|turn|31\n|inactive|Time left: 300 sec this turn | 300 sec total\n|\n|t:|1783551504\n|switch|p2a: Eelektross|Eelektross, L87, F|226/290\n|move|p1a: Scream Tail|Dazzling Gleam|p2a: Eelektross\n|-damage|p2a: Eelektross|183/290\n|\n|-heal|p1a: Scream Tail|100/100|[from] move: Wish|[wisher] Scream Tail\n|upkeep\n|turn|32\n|inactive|Time left: 300 sec this turn | 300 sec total\n|\n|t:|1783551505\n|move|p1a: Scream Tail|Dazzling Gleam|p2a: Eelektross\n|-damage|p2a: Eelektross|135/290\n|move|p2a: Eelektross|Discharge|p1a: Scream Tail\n|-damage|p1a: Scream Tail|77/100\n|\n|-heal|p1a: Scream Tail|83/100|[from] item: Leftovers\n|upkeep\n|turn|33\n|inactive|Time left: 300 sec this turn | 300 sec total\n|\n|t:|1783551506\n|move|p1a: Scream Tail|Wish|p1a: Scream Tail\n|move|p2a: Eelektross|Discharge|p1a: Scream Tail\n|-damage|p1a: Scream Tail|58/100\n|\n|-heal|p1a: Scream Tail|64/100|[from] item: Leftovers\n|upkeep\n|turn|34\n|inactive|Time left: 300 sec this turn | 300 sec total\n|\n|t:|1783551507\n|move|p1a: Scream Tail|Dazzling Gleam|p2a: Eelektross\n|-damage|p2a: Eelektross|93/290\n|move|p2a: Eelektross|Discharge|p1a: Scream Tail\n|-damage|p1a: Scream Tail|40/100\n|\n|-heal|p1a: Scream Tail|90/100|[from] move: Wish|[wisher] Scream Tail\n|-heal|p1a: Scream Tail|96/100|[from] item: Leftovers\n|upkeep\n|turn|35\n|inactive|Time left: 300 sec this turn | 300 sec total\n|\n|t:|1783551509\n|move|p1a: Scream Tail|Wish|p1a: Scream Tail\n|move|p2a: Eelektross|Discharge|p1a: Scream Tail\n|-damage|p1a: Scream Tail|72/100\n|\n|-heal|p1a: Scream Tail|78/100|[from] item: Leftovers\n|upkeep\n|turn|36\n|inactive|Time left: 300 sec this turn | 300 sec total\n|\n|t:|1783551510\n|move|p1a: Scream Tail|Dazzling Gleam|p2a: Eelektross\n|-damage|p2a: Eelektross|48/290\n|move|p2a: Eelektross|Flamethrower|p1a: Scream Tail\n|-damage|p1a: Scream Tail|62/100\n|\n|-heal|p1a: Scream Tail|100/100|[from] move: Wish|[wisher] Scream Tail\n|upkeep\n|turn|37\n|inactive|Time left: 300 sec this turn | 300 sec total\n|\n|t:|1783551511\n|move|p1a: Scream Tail|Dazzling Gleam|p2a: Eelektross\n|-damage|p2a: Eelektross|3/290\n|move|p2a: Eelektross|Discharge|p1a: Scream Tail\n|-damage|p1a: Scream Tail|76/100\n|\n|-heal|p1a: Scream Tail|82/100|[from] item: Leftovers\n|upkeep\n|turn|38\n|inactive|Time left: 300 sec this turn | 300 sec total\n|\n|t:|1783551512\n|move|p1a: Scream Tail|Dazzling Gleam|p2a: Eelektross\n|-damage|p2a: Eelektross|0 fnt\n|faint|p2a: Eelektross\n|\n|-heal|p1a: Scream Tail|88/100|[from] item: Leftovers\n|upkeep\n|inactive|Time left: 300 sec this turn | 300 sec total | 5 sec grace\n|\n|t:|1783551513\n|switch|p2a: Kingdra|Kingdra, L84, M|263/263\n|-activate|p2a: Kingdra|move: Sticky Web\n|-unboost|p2a: Kingdra|spe|1\n|turn|39\n|inactive|Time left: 300 sec this turn | 300 sec total\n|\n|t:|1783551514\n|move|p1a: Scream Tail|Dazzling Gleam|p2a: Kingdra\n|-supereffective|p2a: Kingdra\n|-damage|p2a: Kingdra|149/263\n|move|p2a: Kingdra|Hurricane|p1a: Scream Tail\n|-damage|p1a: Scream Tail|64/100\n|-damage|p2a: Kingdra|123/263|[from] item: Life Orb\n|\n|-heal|p1a: Scream Tail|70/100|[from] item: Leftovers\n|upkeep\n|turn|40\n|inactive|Time left: 300 sec this turn | 300 sec total\n|\n|t:|1783551515\n|-terastallize|p2a: Kingdra|Water\n|move|p1a: Scream Tail|Dazzling Gleam|p2a: Kingdra\n|-damage|p2a: Kingdra|68/263\n|move|p2a: Kingdra|Rain Dance|p2a: Kingdra\n|-weather|RainDance\n|\n|-weather|RainDance|[upkeep]\n|-heal|p1a: Scream Tail|77/100|[from] item: Leftovers\n|upkeep\n|turn|41\n|inactive|Time left: 300 sec this turn | 300 sec total\n|\n|t:|1783551516\n|move|p2a: Kingdra|Rain Dance||[still]\n|-fail|p2a: Kingdra\n|move|p1a: Scream Tail|Dazzling Gleam|p2a: Kingdra\n|-damage|p2a: Kingdra|8/263\n|\n|-weather|RainDance|[upkeep]\n|-heal|p1a: Scream Tail|83/100|[from] item: Leftovers\n|upkeep\n|turn|42\n|inactive|Time left: 300 sec this turn | 300 sec total\n|\n|t:|1783551517\n|-end|p1a: Scream Tail|Protosynthesis|[silent]\n|switch|p1a: Glastrier|Glastrier, L86|18/100\n|move|p2a: Kingdra|Rain Dance||[still]\n|-fail|p2a: Kingdra\n|\n|-weather|RainDance|[upkeep]\n|upkeep\n|turn|43\n|inactive|Time left: 300 sec this turn | 300 sec total\n|\n|t:|1783551518\n|move|p2a: Kingdra|Rain Dance||[still]\n|-fail|p2a: Kingdra\n|move|p1a: Glastrier|Heavy Slam|p2a: Kingdra\n|-resisted|p2a: Kingdra\n|-damage|p2a: Kingdra|0 fnt\n|faint|p2a: Kingdra\n|\n|win|p0x1060cb2b", "uploadtime": 1783551518, "views": 0, "rating": 0, "private": 0, "password": null, "_winner": "p0x1060cb2b", "_our_name": "p0y106089ad"}