{"id": "battle-gen9randombattle-1000", "formatid": "gen9randombattle", "format": "[Gen 9] Random Battle", "players": ["p0x1000bcbb", "p0y1000483a"], "log": "|init|battle\n|title|p0x1000bcbb vs. p0y1000483a\n|j|\u2606p0x1000bcbb\n|j|\u2606p0y1000483a\n|t:|1783551499\n|gametype|singles\n|player|p1|p0x1000bcbb|266|\n|player|p2|p0y1000483a|2|\n|gen|9\n|tier|[Gen 9] Random Battle\n|rule|Species Clause: Limit one of each Pok\u00e9mon\n|rule|HP Percentage Mod: HP is shown in percentages\n|rule|Sleep Clause Mod: Limit one foe put to sleep\n|rule|Illusion Level Mod: Illusion disguises the Pok\u00e9mon's true level\n|\n|t:|1783551499\n|teamsize|p1|6\n|teamsize|p2|6\n|start\n|switch|p1a: Swanna|Swanna, L89, M|278/278\n|switch|p2a: Vikavolt|Vikavolt, L83, M|100/100\n|turn|1\n|inactive|Battle timer is ON: inactive players will automatically lose when time's up. (requested by p0y1000483a)\n|inactive|Time left: 300 sec this turn | 300 sec total | 60 sec grace\n|inactive|p0x1000bcbb also wants the timer to be on.\n|\n|t:|1783551501\n|move|p1a: Swanna|Hydro Pump|p2a: Vikavolt\n|-damage|p2a: Vikavolt|48/100\n|move|p2a: Vikavolt|Thunderbolt|p1a: Swanna\n|-supereffective|p1a: Swanna\n|-damage|p1a: Swanna|0 fnt\n|faint|p1a: Swanna\n|\n|upkeep\n|inactive|Time left: 300 sec this turn | 300 sec total | 65 sec grace\n|\n|t:|1783551502\n|switch|p1a: Gumshoos|Gumshoos, L95, F|321/321\n|turn|2\n|inactive|Time left: 300 sec this turn | 300 sec total\n|\n|t:|1783551503\n|move|p1a: Gumshoos|Knock Off|p2a: Vikavolt\n|-damage|p2a: Vikavolt|0 fnt\n|-enditem|p2a: Vikavolt|Heavy-Duty Boots|[from] move: Knock Off|[of] p1a: Gumshoos\n|faint|p2a: Vikavolt\n|\n|upkeep\n|\n|t:|1783551504\n|switch|p2a: Crawdaunt|Crawdaunt, L84, M|100/100\n|turn|3\n|inactive|Time left: 300 sec this turn | 300 sec total\n|\n|t:|1783551505\n|move|p2a: Crawdaunt|Knock Off|p1a: Gumshoos\n|-damage|p1a: Gumshoos|82/321\n|-enditem|p1a: Gumshoos|Choice Band|[from] move: Knock Off|[of] p2a: Crawdaunt\n|-damage|p2a: Crawdaunt|91/100|[from] item: Life Orb\n|move|p1a: Gumshoos|Knock Off|p2a: Crawdaunt\n|-resisted|p2a: Crawdaunt\n|-damage|p2a: Crawdaunt|72/100\n|-enditem|p2a: Crawdaunt|Life Orb|[from] move: Knock Off|[of] p1a: Gumshoos\n|\n|upkeep\n|turn|4\n|inactive|Time left: 300 sec this turn | 300 sec total\n|\n|t:|1783551506\n|move|p2a: Crawdaunt|Knock Off|p1a: Gumshoos\n|-damage|p1a: Gumshoos|0 fnt\n|faint|p1a: Gumshoos\n|\n|upkeep\n|inactive|Time left: 300 sec this turn | 300 sec total | 5 sec grace\n|\n|t:|1783551507\n|switch|p1a: Clawitzer|Clawitzer, L87, M|265/265\n|turn|5\n|inactive|Time left: 300 sec this turn | 300 sec total\n|\n|t:|1783551509\n|switch|p2a: Comfey|Comfey, L85, M|100/100\n|-terastallize|p1a: Clawitzer|Dragon\n|move|p1a: Clawitzer|Dragon Pulse|p2a: Comfey\n|-immune|p2a: Comfey\n|\n|upkeep\n|turn|6\n|inactive|Time left: 300 sec this turn | 300 sec total\n|\n|t:|1783551510\n|move|p2a: Comfey|Calm Mind|p2a: Comfey\n|-boost|p2a: Comfey|spa|1\n|-boost|p2a: Comfey|spd|1\n|move|p1a: Clawitzer|Water Pulse|p2a: Comfey\n|-damage|p2a: Comfey|68/100\n|-start|p2a: Comfey|confusion\n|\n|-heal|p2a: Comfey|75/100|[from] item: Leftovers\n|upkeep\n|turn|7\n|inactive|Time left: 300 sec this turn | 300 sec total\n|\n|t:|1783551511\n|-activate|p2a: Comfey|confusion\n|-damage|p2a: Comfey|69/100|[from] confusion\n|move|p1a: Clawitzer|Water Pulse|p2a: Comfey\n|-damage|p2a: Comfey|40/100\n|\n|-heal|p2a: Comfey|47/100|[from] item: Leftovers\n|upkeep\n|turn|8\n|inactive|Time left: 300 sec this turn | 300 sec total\n|\n|t:|1783551512\n|-activate|p2a: Comfey|confusion\n|move|p2a: Comfey|Draining Kiss|p1a: Clawitzer\n|-supereffective|p1a: Clawitzer\n|-damage|p1a: Clawitzer|167/265\n|-heal|p2a: Comfey|80/100|[from] drain|[of] p1a: Clawitzer\n|move|p1a: Clawitzer|Water Pulse|p2a: Comfey\n|-damage|p2a: Comfey|49/100\n|\n|-heal|p2a: Comfey|55/100|[from] item: Leftovers\n|upkeep\n|turn|9\n|inactive|Time left: 300 sec this turn | 300 sec total\n|\n|t:|1783551514\n|-activate|p2a: Comfey|confusion\n|-damage|p2a: Comfey|48/100|[from] confusion\n|move|p1a: Clawitzer|Water Pulse|p2a: Comfey\n|-damage|p2a: Comfey|18/100\n|\n|-heal|p2a: Comfey|24/100|[from] item: Leftovers\n|upkeep\n|turn|10\n|inactive|Time left: 300 sec this turn | 300 sec total\n|\n|t:|1783551515\n|-end|p2a: Comfey|confusion\n|move|p2a: Comfey|Draining Kiss|p1a: Clawitzer\n|-supereffective|p1a: Clawitzer\n|-damage|p1a: Clawitzer|69/265\n|-heal|p2a: Comfey|57/100|[from] drain|[of] p1a: Clawitzer\n|move|p1a: Clawitzer|Water Pulse|p2a: Comfey\n|-damage|p2a: Comfey|26/100\n|\n|-heal|p2a: Comfey|32/100|[from] item: Leftovers\n|upkeep\n|turn|11\n|inactive|Time left: 300 sec this turn | 300 sec total\n|\n|t:|1783551516\n|switch|p1a: Reshiram|Reshiram, L76|277/277\n|-ability|p1a: Reshiram|Turboblaze\n|move|p2a: Comfey|Draining Kiss|p1a: Reshiram\n|-damage|p1a: Reshiram|211/277\n|-heal|p2a: Comfey|55/100|[from] drain|[of] p1a: Reshiram\n|\n|-heal|p2a: Comfey|61/100|[from] item: Leftovers\n|upkeep\n|turn|12\n|inactive|Time left: 300 sec this turn | 300 sec total\n|\n|t:|1783551517\n|move|p2a: Comfey|Draining Kiss|p1a: Reshiram\n|-damage|p1a: Reshiram|151/277\n|-heal|p2a: Comfey|81/100|[from] drain|[of] p1a: Reshiram\n|move|p1a: Reshiram|Dragon Dance|p1a: Reshiram\n|-boost|p1a: Reshiram|atk|1\n|-boost|p1a: Reshiram|spe|1\n|\n|-heal|p2a: Comfey|87/100|[from] item: Leftovers\n|upkeep\n|turn|13\n|inactive|Time left: 300 sec this turn | 300 sec total\n|\n|t:|1783551518\n|move|p2a: Comfey|Draining Kiss|p1a: Reshiram\n|-damage|p1a: Reshiram|90/277\n|-heal|p2a: Comfey|100/100|[from] drain|[of] p1a: Reshiram\n|move|p1a: Reshiram|Dragon Dance|p1a: Reshiram\n|-boost|p1a: Reshiram|atk|1\n|-boost|p1a: Reshiram|spe|1\n|\n|upkeep\n|turn|14\n|inactive|Time left: 300 sec this turn | 300 sec total\n|\n|t:|1783551519\n|move|p2a: Comfey|Draining Kiss|p1a: Reshiram\n|-damage|p1a: Reshiram|29/277\n|move|p1a: Reshiram|Flare Blitz|p2a: Comfey\n|-damage|p2a: Comfey|0 fnt\n|faint|p2a: Comfey\n|-damage|p1a: Reshiram|0 fnt|[from] Recoil\n|faint|p1a: Reshiram\n|\n|upkeep\n|inactive|Time left: 300 sec this turn | 300 sec total | 5 sec grace\n|\n|t:|1783551520\n|switch|p2a: Excadrill|Excadrill, L79, M|100/100\n|switch|p1a: Wyrdeer|Wyrdeer, L87, M|321/321\n|-ability|p2a: Excadrill|Mold Breaker\n|-ability|p1a: Wyrdeer|Intimidate|boost\n|-unboost|p2a: Excadrill|atk|1\n|turn|15\n|inactive|Time left: 300 sec this turn | 300 sec total\n|\n|t:|1783551521\n|switch|p2a: Klawf|Klawf, L90, F|100/100\n|move|p1a: Wyrdeer|Earthquake|p2a: Klawf\n|-supereffective|p2a: Klawf\n|-damage|p2a: Klawf|53/100\n|\n|upkeep\n|turn|16\n|inactive|Time left: 300 sec this turn | 300 sec total\n|\n|t:|1783551522\n|move|p2a: Klawf|Swords Dance|p2a: Klawf\n|-boost|p2a: Klawf|atk|2\n|move|p1a: Wyrdeer|Earthquake|p2a: Klawf\n|-supereffective|p2a: Klawf\n|-damage|p2a: Klawf|6/100\n|-ability|p2a: Klawf|Anger Shell|boost\n|-boost|p2a: Klawf|atk|1\n|-boost|p2a: Klawf|spa|1\n|-boost|p2a: Klawf|spe|1\n|-unboost|p2a: Klawf|def|1\n|-unboost|p2a: Klawf|spd|1\n|\n|upkeep\n|turn|17\n|inactive|Time left: 300 sec this turn | 300 sec total\n|\n|t:|1783551523\n|switch|p1a: Clawitzer|Clawitzer, L87, M, tera:Dragon|69/265\n|move|p2a: Klawf|Knock Off|p1a: Clawitzer\n|-damage|p1a: Clawitzer|0 fnt\n|-enditem|p1a: Clawitzer|Assault Vest|[from] move: Knock Off|[of] p2a: Klawf\n|faint|p1a: Clawitzer\n|\n|upkeep\n|inactive|Time left: 300 sec this turn | 300 sec total | 5 sec grace\n|\n|t:|1783551524\n|switch|p1a: Wyrdeer|Wyrdeer, L87, M|321/321\n|-ability|p1a: Wyrdeer|Intimidate|boost\n|-unboost|p2a: Klawf|atk|1\n|turn|18\n|inactive|Time left: 300 sec this turn | 300 sec total\n|\n|t:|1783551525\n|switch|p1a: Volbeat|Volbeat, L90, M|263/263\n|move|p2a: Klawf|Knock Off|p1a: Volbeat\n|-damage|p1a: Volbeat|80/263\n|-enditem|p1a: Volbeat|Heavy-Duty Boots|[from] move: Knock Off|[of] p2a: Klawf\n|\n|upkeep\n|turn|19\n|inactive|Time left: 300 sec this turn | 300 sec total\n|\n|t:|1783551526\n|-terastallize|p2a: Klawf|Dark\n|move|p1a: Volbeat|Thunder Wave|p2a: Klawf\n|-hint|Since gen 7, Dark is immune to Prankster moves.\n|-immune|p2a: Klawf\n|move|p2a: Klawf|Knock Off|p1a: Volbeat\n|-damage|p1a: Volbeat|0 fnt\n|faint|p1a: Volbeat\n|\n|upkeep\n|inactive|Time left: 300 sec this turn | 300 sec total | 5 sec grace\n|\n|t:|1783551527\n|switch|p1a: Wyrdeer|Wyrdeer, L87, M|321/321\n|-ability|p1a: Wyrdeer|Intimidate|boost\n|-unboost|p2a: Klawf|atk|1\n|turn|20\n|inactive|Time left: 300 sec this turn | 300 sec total\n|\n|t:|1783551528\n|move|p2a: Klawf|Knock Off|p1a: Wyrdeer\n|-supereffective|p1a: Wyrdeer\n|-damage|p1a: Wyrdeer|0 fnt\n|-enditem|p1a: Wyrdeer|Leftovers|[from] move: Knock Off|[of] p2a: Klawf\n|faint|p1a: Wyrdeer\n|\n|win|p0y1000483a", "uploadtime": 1783551528, "views": 0, "rating": 0, "private": 0, "password": null, "_winner": "p0y1000483a", "_our_name": "p0x1000bcbb"}