{"id": "battle-gen9randombattle-2987", "formatid": "gen9randombattle", "format": "[Gen 9] Random Battle", "players": ["p0x29878662", "p0y2987e9aa"], "log": "|init|battle\n|title|p0x29878662 vs. p0y2987e9aa\n|j|\u2606p0x29878662\n|j|\u2606p0y2987e9aa\n|t:|1783574385\n|gametype|singles\n|player|p1|p0x29878662|266|\n|player|p2|p0y2987e9aa|2|\n|gen|9\n|tier|[Gen 9] Random Battle\n|rule|Species Clause: Limit one of each Pok\u00e9mon\n|rule|HP Percentage Mod: HP is shown in percentages\n|rule|Sleep Clause Mod: Limit one foe put to sleep\n|rule|Illusion Level Mod: Illusion disguises the Pok\u00e9mon's true level\n|\n|t:|1783574385\n|teamsize|p1|6\n|teamsize|p2|6\n|start\n|switch|p1a: Koraidon|Koraidon, L64|235/235\n|switch|p2a: Oranguru|Oranguru, L92, M|100/100\n|-weather|SunnyDay|[from] ability: Orichalcum Pulse|[of] p1a: Koraidon\n|-activate|p1a: Koraidon|Orichalcum Pulse|[source]\n|turn|1\n|inactive|Battle timer is ON: inactive players will automatically lose when time's up. (requested by p0y2987e9aa)\n|inactive|Time left: 300 sec this turn | 300 sec total | 60 sec grace\n|inactive|p0x29878662 also wants the timer to be on.\n|\n|t:|1783574387\n|move|p1a: Koraidon|Outrage|p2a: Oranguru\n|-damage|p2a: Oranguru|40/100\n|move|p2a: Oranguru|Psyshock|p1a: Koraidon\n|-supereffective|p1a: Koraidon\n|-damage|p1a: Koraidon|0 fnt\n|faint|p1a: Koraidon\n|-damage|p2a: Oranguru|30/100|[from] item: Life Orb\n|\n|-weather|SunnyDay|[upkeep]\n|upkeep\n|inactive|Time left: 300 sec this turn | 300 sec total | 65 sec grace\n|\n|t:|1783574388\n|switch|p1a: Lycanroc|Lycanroc-Midnight, L89, F|296/296\n|turn|2\n|inactive|Time left: 300 sec this turn | 300 sec total\n|\n|t:|1783574389\n|move|p1a: Lycanroc|Stone Edge|p2a: Oranguru\n|-damage|p2a: Oranguru|0 fnt\n|faint|p2a: Oranguru\n|\n|-weather|SunnyDay|[upkeep]\n|upkeep\n|\n|t:|1783574389\n|switch|p2a: Sceptile|Sceptile, L87, F|100/100\n|turn|3\n|inactive|Time left: 300 sec this turn | 300 sec total\n|\n|t:|1783574391\n|move|p2a: Sceptile|Leaf Storm|p1a: Lycanroc\n|-supereffective|p1a: Lycanroc\n|-damage|p1a: Lycanroc|0 fnt\n|-unboost|p2a: Sceptile|spa|2\n|faint|p1a: Lycanroc\n|-damage|p2a: Sceptile|91/100|[from] item: Life Orb\n|\n|-weather|SunnyDay|[upkeep]\n|upkeep\n|inactive|Time left: 300 sec this turn | 300 sec total | 5 sec grace\n|\n|t:|1783574391\n|switch|p1a: Scovillain|Scovillain, L91, F|266/266\n|turn|4\n|inactive|Time left: 300 sec this turn | 300 sec total\n|\n|t:|1783574392\n|switch|p2a: Blissey|Blissey, L85, F|100/100\n|move|p1a: Scovillain|Flamethrower|p2a: Blissey\n|-damage|p2a: Blissey|76/100\n|\n|-weather|SunnyDay|[upkeep]\n|-heal|p2a: Blissey|82/100|[from] item: Leftovers\n|upkeep\n|turn|5\n|inactive|Time left: 300 sec this turn | 300 sec total\n|\n|t:|1783574393\n|move|p1a: Scovillain|Leech Seed|p2a: Blissey\n|-start|p2a: Blissey|move: Leech Seed\n|move|p2a: Blissey|Thunder Wave|p1a: Scovillain\n|-status|p1a: Scovillain|par\n|\n|-weather|none\n|-heal|p2a: Blissey|88/100|[from] item: Leftovers\n|-damage|p2a: Blissey|76/100|[from] Leech Seed|[of] p1a: Scovillain\n|upkeep\n|turn|6\n|inactive|Time left: 300 sec this turn | 300 sec total\n|\n|t:|1783574394\n|switch|p2a: Armarouge|Armarouge, L80, M|100/100\n|move|p1a: Scovillain|Flamethrower|p2a: Armarouge\n|-resisted|p2a: Armarouge\n|-damage|p2a: Armarouge|74/100\n|\n|upkeep\n|turn|7\n|inactive|Time left: 300 sec this turn | 300 sec total\n|\n|t:|1783574395\n|switch|p1a: Ting-Lu|Ting-Lu, L78|370/370\n|-ability|p1a: Ting-Lu|Vessel of Ruin\n|move|p2a: Armarouge|Meteor Beam||[still]\n|-prepare|p2a: Armarouge|Meteor Beam\n|-boost|p2a: Armarouge|spa|1\n|-enditem|p2a: Armarouge|Power Herb\n|-anim|p2a: Armarouge|Meteor Beam|p1a: Ting-Lu\n|-resisted|p1a: Ting-Lu\n|-damage|p1a: Ting-Lu|303/370\n|\n|-heal|p1a: Ting-Lu|326/370|[from] item: Leftovers\n|upkeep\n|turn|8\n|inactive|Time left: 300 sec this turn | 300 sec total\n|\n|t:|1783574397\n|move|p2a: Armarouge|Armor Cannon|p1a: Ting-Lu\n|-damage|p1a: Ting-Lu|128/370\n|-unboost|p2a: Armarouge|def|1\n|-unboost|p2a: Armarouge|spd|1\n|move|p1a: Ting-Lu|Earthquake|p2a: Armarouge\n|-supereffective|p2a: Armarouge\n|-damage|p2a: Armarouge|0 fnt\n|faint|p2a: Armarouge\n|\n|-heal|p1a: Ting-Lu|151/370|[from] item: Leftovers\n|upkeep\n|\n|t:|1783574398\n|switch|p2a: Galvantula|Galvantula, L82, M|100/100\n|turn|9\n|inactive|Time left: 300 sec this turn | 300 sec total\n|\n|t:|1783574399\n|move|p2a: Galvantula|Bug Buzz|p1a: Ting-Lu\n|-supereffective|p1a: Ting-Lu\n|-damage|p1a: Ting-Lu|0 fnt\n|faint|p1a: Ting-Lu\n|\n|upkeep\n|inactive|Time left: 300 sec this turn | 300 sec total | 5 sec grace\n|\n|t:|1783574399\n|switch|p1a: Scovillain|Scovillain, L91, F|266/266 par\n|turn|10\n|inactive|Time left: 300 sec this turn | 300 sec total\n|\n|t:|1783574400\n|switch|p2a: Blissey|Blissey, L85, F|76/100\n|move|p1a: Scovillain|Flamethrower|p2a: Blissey\n|-damage|p2a: Blissey|61/100\n|\n|-heal|p2a: Blissey|67/100|[from] item: Leftovers\n|upkeep\n|turn|11\n|inactive|Time left: 300 sec this turn | 300 sec total\n|\n|t:|1783574401\n|move|p2a: Blissey|Soft-Boiled|p2a: Blissey\n|-heal|p2a: Blissey|100/100\n|move|p1a: Scovillain|Leech Seed|p2a: Blissey\n|-start|p2a: Blissey|move: Leech Seed\n|\n|-damage|p2a: Blissey|88/100|[from] Leech Seed|[of] p1a: Scovillain\n|upkeep\n|turn|12\n|inactive|Time left: 300 sec this turn | 300 sec total\n|\n|t:|1783574402\n|switch|p2a: Magcargo|Magcargo, L95, M|100/100\n|move|p1a: Scovillain|Flamethrower|p2a: Magcargo\n|-resisted|p2a: Magcargo\n|-damage|p2a: Magcargo|90/100\n|\n|upkeep\n|turn|13\n|inactive|Time left: 300 sec this turn | 300 sec total\n|\n|t:|1783574403\n|move|p2a: Magcargo|Lava Plume|p1a: Scovillain\n|-damage|p1a: Scovillain|157/266 par\n|move|p1a: Scovillain|Substitute|p1a: Scovillain\n|-start|p1a: Scovillain|Substitute\n|-damage|p1a: Scovillain|91/266 par\n|\n|-heal|p1a: Scovillain|107/266 par|[from] item: Leftovers\n|upkeep\n|turn|14\n|inactive|Time left: 300 sec this turn | 300 sec total\n|\n|t:|1783574404\n|move|p2a: Magcargo|Lava Plume|p1a: Scovillain\n|-end|p1a: Scovillain|Substitute\n|move|p1a: Scovillain|Leech Seed|p2a: Magcargo\n|-start|p2a: Magcargo|move: Leech Seed\n|\n|-heal|p1a: Scovillain|123/266 par|[from] item: Leftovers\n|-damage|p2a: Magcargo|78/100|[from] Leech Seed|[of] p1a: Scovillain\n|-heal|p1a: Scovillain|156/266 par|[silent]\n|upkeep\n|turn|15\n|inactive|Time left: 300 sec this turn | 300 sec total\n|\n|t:|1783574405\n|switch|p2a: Blissey|Blissey, L85, F|88/100\n|move|p1a: Scovillain|Flamethrower|p2a: Blissey\n|-damage|p2a: Blissey|73/100\n|\n|-heal|p2a: Blissey|80/100|[from] item: Leftovers\n|-heal|p1a: Scovillain|172/266 par|[from] item: Leftovers\n|upkeep\n|turn|16\n|inactive|Time left: 300 sec this turn | 300 sec total\n|\n|t:|1783574406\n|move|p2a: Blissey|Seismic Toss|p1a: Scovillain\n|-damage|p1a: Scovillain|87/266 par\n|move|p1a: Scovillain|Leech Seed|p2a: Blissey|[miss]\n|-miss|p1a: Scovillain|p2a: Blissey\n|\n|-heal|p2a: Blissey|86/100|[from] item: Leftovers\n|-heal|p1a: Scovillain|103/266 par|[from] item: Leftovers\n|upkeep\n|turn|17\n|inactive|Time left: 300 sec this turn | 300 sec total\n|\n|t:|1783574407\n|move|p2a: Blissey|Seismic Toss|p1a: Scovillain\n|-damage|p1a: Scovillain|18/266 par\n|move|p1a: Scovillain|Leech Seed|p2a: Blissey\n|-start|p2a: Blissey|move: Leech Seed\n|\n|-heal|p2a: Blissey|92/100|[from] item: Leftovers\n|-heal|p1a: Scovillain|34/266 par|[from] item: Leftovers\n|-damage|p2a: Blissey|79/100|[from] Leech Seed|[of] p1a: Scovillain\n|-heal|p1a: Scovillain|105/266 par|[silent]\n|upkeep\n|turn|18\n|inactive|Time left: 300 sec this turn | 300 sec total\n|\n|t:|1783574408\n|switch|p2a: Magcargo|Magcargo, L95, M|78/100\n|move|p1a: Scovillain|Leech Seed|p2a: Magcargo\n|-start|p2a: Magcargo|move: Leech Seed\n|\n|-heal|p1a: Scovillain|121/266 par|[from] item: Leftovers\n|-damage|p2a: Magcargo|65/100|[from] Leech Seed|[of] p1a: Scovillain\n|-heal|p1a: Scovillain|154/266 par|[silent]\n|upkeep\n|turn|19\n|inactive|Time left: 300 sec this turn | 300 sec total\n|\n|t:|1783574410\n|switch|p1a: Slowbro|Slowbro-Galar, L87, F|307/307\n|move|p2a: Magcargo|Lava Plume|p1a: Slowbro\n|-damage|p1a: Slowbro|193/307\n|\n|-heal|p1a: Slowbro|212/307|[from] item: Leftovers\n|-damage|p2a: Magcargo|53/100|[from] Leech Seed|[of] p1a: Slowbro\n|-heal|p1a: Slowbro|245/307|[silent]\n|upkeep\n|turn|20\n|inactive|Time left: 300 sec this turn | 300 sec total\n|\n|t:|1783574411\n|switch|p2a: Blissey|Blissey, L85, F|79/100\n|move|p1a: Slowbro|Psychic|p2a: Blissey\n|-damage|p2a: Blissey|68/100\n|-unboost|p2a: Blissey|spd|1\n|\n|-heal|p2a: Blissey|74/100|[from] item: Leftovers\n|-heal|p1a: Slowbro|264/307|[from] item: Leftovers\n|upkeep\n|turn|21\n|inactive|Time left: 300 sec this turn | 300 sec total\n|\n|t:|1783574412\n|move|p2a: Blissey|Thunder Wave|p1a: Slowbro\n|-status|p1a: Slowbro|par\n|cant|p1a: Slowbro|par\n|\n|-heal|p2a: Blissey|80/100|[from] item: Leftovers\n|-heal|p1a: Slowbro|283/307 par|[from] item: Leftovers\n|upkeep\n|turn|22\n|inactive|Time left: 300 sec this turn | 300 sec total\n|\n|t:|1783574413\n|move|p2a: Blissey|Soft-Boiled|p2a: Blissey\n|-heal|p2a: Blissey|100/100\n|cant|p1a: Slowbro|par\n|\n|-heal|p1a: Slowbro|302/307 par|[from] item: Leftovers\n|upkeep\n|turn|23\n|inactive|Time left: 300 sec this turn | 300 sec total\n|\n|t:|1783574414\n|move|p2a: Blissey|Seismic Toss|p1a: Slowbro\n|-damage|p1a: Slowbro|217/307 par\n|cant|p1a: Slowbro|par\n|\n|-heal|p1a: Slowbro|236/307 par|[from] item: Leftovers\n|upkeep\n|turn|24\n|inactive|Time left: 300 sec this turn | 300 sec total\n|\n|t:|1783574415\n|move|p2a: Blissey|Seismic Toss|p1a: Slowbro\n|-damage|p1a: Slowbro|151/307 par\n|move|p1a: Slowbro|Shell Side Arm|p2a: Blissey|[anim] Shell Side Arm Physical\n|-damage|p2a: Blissey|50/100\n|-hint|Physical Shell Side Arm\n|\n|-heal|p2a: Blissey|56/100|[from] item: Leftovers\n|-heal|p1a: Slowbro|170/307 par|[from] item: Leftovers\n|upkeep\n|turn|25\n|inactive|Time left: 300 sec this turn | 300 sec total\n|\n|t:|1783574416\n|move|p2a: Blissey|Soft-Boiled|p2a: Blissey\n|-heal|p2a: Blissey|100/100\n|cant|p1a: Slowbro|par\n|\n|-heal|p1a: Slowbro|189/307 par|[from] item: Leftovers\n|upkeep\n|turn|26\n|inactive|Time left: 300 sec this turn | 300 sec total\n|\n|t:|1783574417\n|move|p2a: Blissey|Seismic Toss|p1a: Slowbro\n|-damage|p1a: Slowbro|104/307 par\n|move|p1a: Slowbro|Psychic|p2a: Blissey\n|-damage|p2a: Blissey|81/100\n|\n|-heal|p2a: Blissey|87/100|[from] item: Leftovers\n|-heal|p1a: Slowbro|123/307 par|[from] item: Leftovers\n|upkeep\n|turn|27\n|inactive|Time left: 300 sec this turn | 300 sec total\n|\n|t:|1783574418\n|move|p2a: Blissey|Seismic Toss|p1a: Slowbro\n|-damage|p1a: Slowbro|38/307 par\n|move|p1a: Slowbro|Slack Off|p1a: Slowbro\n|-heal|p1a: Slowbro|192/307 par\n|\n|-heal|p2a: Blissey|93/100|[from] item: Leftovers\n|-heal|p1a: Slowbro|211/307 par|[from] item: Leftovers\n|upkeep\n|turn|28\n|inactive|Time left: 300 sec this turn | 300 sec total\n|\n|t:|1783574419\n|move|p2a: Blissey|Seismic Toss|p1a: Slowbro\n|-damage|p1a: Slowbro|126/307 par\n|move|p1a: Slowbro|Psychic|p2a: Blissey\n|-damage|p2a: Blissey|72/100\n|\n|-heal|p2a: Blissey|78/100|[from] item: Leftovers\n|-heal|p1a: Slowbro|145/307 par|[from] item: Leftovers\n|upkeep\n|turn|29\n|inactive|Time left: 300 sec this turn | 300 sec total\n|\n|t:|1783574421\n|move|p2a: Blissey|Seismic Toss|p1a: Slowbro\n|-damage|p1a: Slowbro|60/307 par\n|cant|p1a: Slowbro|par\n|\n|-heal|p2a: Blissey|85/100|[from] item: Leftovers\n|-heal|p1a: Slowbro|79/307 par|[from] item: Leftovers\n|upkeep\n|turn|30\n|inactive|Time left: 300 sec this turn | 300 sec total\n|\n|t:|1783574422\n|switch|p1a: Sableye|Sableye, L88, F|231/231\n|move|p2a: Blissey|Seismic Toss|p1a: Sableye\n|-immune|p1a: Sableye\n|\n|-heal|p2a: Blissey|91/100|[from] item: Leftovers\n|upkeep\n|turn|31\n|inactive|Time left: 300 sec this turn | 300 sec total\n|\n|t:|1783574423\n|switch|p2a: Magcargo|Magcargo, L95, M|53/100\n|move|p1a: Sableye|Knock Off|p2a: Magcargo\n|-damage|p2a: Magcargo|28/100\n|-enditem|p2a: Magcargo|Heavy-Duty Boots|[from] move: Knock Off|[of] p1a: Sableye\n|\n|upkeep\n|turn|32\n|inactive|Time left: 300 sec this turn | 300 sec total\n|\n|t:|1783574424\n|switch|p1a: Slowbro|Slowbro-Galar, L87, F|181/307 par\n|move|p2a: Magcargo|Lava Plume|p1a: Slowbro\n|-damage|p1a: Slowbro|63/307 par\n|\n|-heal|p1a: Slowbro|82/307 par|[from] item: Leftovers\n|upkeep\n|turn|33\n|inactive|Time left: 300 sec this turn | 300 sec total\n|\n|t:|1783574425\n|switch|p1a: Scovillain|Scovillain, L91, F|154/266 par\n|move|p2a: Magcargo|Lava Plume|p1a: Scovillain\n|-damage|p1a: Scovillain|31/266 par\n|\n|-heal|p1a: Scovillain|47/266 par|[from] item: Leftovers\n|upkeep\n|turn|34\n|inactive|Time left: 300 sec this turn | 300 sec total\n|\n|t:|1783574426\n|move|p2a: Magcargo|Lava Plume|p1a: Scovillain\n|-damage|p1a: Scovillain|0 fnt\n|faint|p1a: Scovillain\n|\n|upkeep\n|inactive|Time left: 300 sec this turn | 300 sec total | 5 sec grace\n|\n|t:|1783574427\n|switch|p1a: Slowbro|Slowbro-Galar, L87, F|184/307 par\n|turn|35\n|inactive|Time left: 300 sec this turn | 300 sec total\n|\n|t:|1783574428\n|move|p2a: Magcargo|Recover|p2a: Magcargo\n|-heal|p2a: Magcargo|78/100\n|move|p1a: Slowbro|Psychic|p2a: Magcargo\n|-damage|p2a: Magcargo|42/100\n|\n|-heal|p1a: Slowbro|203/307 par|[from] item: Leftovers\n|upkeep\n|turn|36\n|inactive|Time left: 300 sec this turn | 300 sec total\n|\n|t:|1783574429\n|move|p2a: Magcargo|Recover|p2a: Magcargo\n|-heal|p2a: Magcargo|92/100\n|move|p1a: Slowbro|Slack Off|p1a: Slowbro\n|-heal|p1a: Slowbro|307/307 par\n|\n|upkeep\n|turn|37\n|inactive|Time left: 300 sec this turn | 300 sec total\n|\n|t:|1783574429\n|switch|p2a: Blissey|Blissey, L85, F|91/100\n|move|p1a: Slowbro|Shell Side Arm|p2a: Blissey|[anim] Shell Side Arm Physical\n|-damage|p2a: Blissey|34/100\n|-hint|Physical Shell Side Arm\n|-status|p2a: Blissey|psn\n|\n|-heal|p2a: Blissey|40/100 psn|[from] item: Leftovers\n|-damage|p2a: Blissey|28/100 psn|[from] psn\n|upkeep\n|turn|38\n|inactive|Time left: 300 sec this turn | 300 sec total\n|\n|t:|1783574430\n|move|p2a: Blissey|Soft-Boiled|p2a: Blissey\n|-heal|p2a: Blissey|78/100 psn\n|cant|p1a: Slowbro|par\n|\n|-heal|p2a: Blissey|84/100 psn|[from] item: Leftovers\n|-damage|p2a: Blissey|71/100 psn|[from] psn\n|upkeep\n|turn|39\n|inactive|Time left: 300 sec this turn | 300 sec total\n|\n|t:|1783574431\n|move|p2a: Blissey|Heal Bell|p2a: Blissey\n|-activate|p2a: Blissey|move: Heal Bell\n|-curestatus|p2a: Blissey|psn|[msg]\n|cant|p1a: Slowbro|par\n|\n|-heal|p2a: Blissey|78/100|[from] item: Leftovers\n|upkeep\n|turn|40\n|inactive|Time left: 300 sec this turn | 300 sec total\n|\n|t:|1783574431\n|move|p2a: Blissey|Soft-Boiled|p2a: Blissey\n|-heal|p2a: Blissey|100/100\n|cant|p1a: Slowbro|par\n|\n|upkeep\n|turn|41\n|inactive|Time left: 300 sec this turn | 300 sec total\n|\n|t:|1783574432\n|move|p2a: Blissey|Seismic Toss|p1a: Slowbro\n|-damage|p1a: Slowbro|222/307 par\n|cant|p1a: Slowbro|par\n|\n|-heal|p1a: Slowbro|241/307 par|[from] item: Leftovers\n|upkeep\n|turn|42\n|inactive|Time left: 300 sec this turn | 300 sec total\n|\n|t:|1783574433\n|move|p2a: Blissey|Seismic Toss|p1a: Slowbro\n|-damage|p1a: Slowbro|156/307 par\n|move|p1a: Slowbro|Psychic|p2a: Blissey\n|-damage|p2a: Blissey|88/100\n|\n|-heal|p2a: Blissey|95/100|[from] item: Leftovers\n|-heal|p1a: Slowbro|175/307 par|[from] item: Leftovers\n|upkeep\n|turn|43\n|inactive|Time left: 300 sec this turn | 300 sec total\n|\n|t:|1783574433\n|move|p2a: Blissey|Seismic Toss|p1a: Slowbro\n|-damage|p1a: Slowbro|90/307 par\n|move|p1a: Slowbro|Slack Off|p1a: Slowbro\n|-heal|p1a: Slowbro|244/307 par\n|\n|-heal|p2a: Blissey|100/100|[from] item: Leftovers\n|-heal|p1a: Slowbro|263/307 par|[from] item: Leftovers\n|upkeep\n|turn|44\n|inactive|Time left: 300 sec this turn | 300 sec total\n|\n|t:|1783574434\n|move|p2a: Blissey|Seismic Toss|p1a: Slowbro\n|-damage|p1a: Slowbro|178/307 par\n|move|p1a: Slowbro|Shell Side Arm|p2a: Blissey|[anim] Shell Side Arm Physical\n|-damage|p2a: Blissey|44/100\n|-hint|Physical Shell Side Arm\n|\n|-heal|p2a: Blissey|50/100|[from] item: Leftovers\n|-heal|p1a: Slowbro|197/307 par|[from] item: Leftovers\n|upkeep\n|turn|45\n|inactive|Time left: 300 sec this turn | 300 sec total\n|\n|t:|1783574435\n|switch|p1a: Sableye|Sableye, L88, F|231/231\n|move|p2a: Blissey|Soft-Boiled|p2a: Blissey\n|-heal|p2a: Blissey|100/100\n|\n|upkeep\n|turn|46\n|inactive|Time left: 300 sec this turn | 300 sec total\n|\n|t:|1783574436\n|switch|p2a: Magcargo|Magcargo, L95, M|92/100\n|move|p1a: Sableye|Knock Off|p2a: Magcargo\n|-damage|p2a: Magcargo|75/100\n|\n|upkeep\n|turn|47\n|inactive|Time left: 300 sec this turn | 300 sec total\n|\n|t:|1783574437\n|switch|p1a: Slowbro|Slowbro-Galar, L87, F|299/307 par\n|move|p2a: Magcargo|Lava Plume|p1a: Slowbro\n|-damage|p1a: Slowbro|190/307 par\n|\n|-heal|p1a: Slowbro|209/307 par|[from] item: Leftovers\n|upkeep\n|turn|48\n|inactive|Time left: 300 sec this turn | 300 sec total\n|\n|t:|1783574437\n|move|p2a: Magcargo|Lava Plume|p1a: Slowbro\n|-damage|p1a: Slowbro|91/307 par\n|move|p1a: Slowbro|Slack Off|p1a: Slowbro\n|-heal|p1a: Slowbro|245/307 par\n|\n|-heal|p1a: Slowbro|264/307 par|[from] item: Leftovers\n|upkeep\n|turn|49\n|inactive|Time left: 300 sec this turn | 300 sec total\n|\n|t:|1783574438\n|move|p2a: Magcargo|Recover|p2a: Magcargo\n|-heal|p2a: Magcargo|100/100\n|move|p1a: Slowbro|Psychic|p2a: Magcargo\n|-damage|p2a: Magcargo|64/100\n|\n|-heal|p1a: Slowbro|283/307 par|[from] item: Leftovers\n|upkeep\n|turn|50\n|inactive|Time left: 300 sec this turn | 300 sec total\n|\n|t:|1783574439\n|move|p2a: Magcargo|Lava Plume|p1a: Slowbro\n|-damage|p1a: Slowbro|174/307 par\n|move|p1a: Slowbro|Shell Side Arm|p2a: Magcargo|[anim] Shell Side Arm Special\n|-resisted|p2a: Magcargo\n|-damage|p2a: Magcargo|45/100\n|-hint|Special Shell Side Arm\n|\n|-heal|p1a: Slowbro|193/307 par|[from] item: Leftovers\n|upkeep\n|turn|51\n|inactive|Time left: 300 sec this turn | 300 sec total\n|\n|t:|1783574440\n|move|p2a: Magcargo|Recover|p2a: Magcargo\n|-heal|p2a: Magcargo|95/100\n|move|p1a: Slowbro|Slack Off|p1a: Slowbro\n|-heal|p1a: Slowbro|307/307 par\n|\n|upkeep\n|turn|52\n|inactive|Time left: 300 sec this turn | 300 sec total\n|\n|t:|1783574441\n|switch|p2a: Blissey|Blissey, L85, F|100/100\n|move|p1a: Slowbro|Shell Side Arm|p2a: Blissey|[anim] Shell Side Arm Physical\n|-damage|p2a: Blissey|43/100\n|-hint|Physical Shell Side Arm\n|\n|-heal|p2a: Blissey|49/100|[from] item: Leftovers\n|upkeep\n|turn|53\n|inactive|Time left: 300 sec this turn | 300 sec total\n|\n|t:|1783574442\n|move|p2a: Blissey|Soft-Boiled|p2a: Blissey\n|-heal|p2a: Blissey|99/100\n|move|p1a: Slowbro|Shell Side Arm|p2a: Blissey|[anim] Shell Side Arm Physical\n|-damage|p2a: Blissey|50/100\n|-hint|Physical Shell Side Arm\n|\n|-heal|p2a: Blissey|56/100|[from] item: Leftovers\n|upkeep\n|turn|54\n|inactive|Time left: 300 sec this turn | 300 sec total\n|\n|t:|1783574443\n|move|p2a: Blissey|Soft-Boiled|p2a: Blissey\n|-heal|p2a: Blissey|100/100\n|move|p1a: Slowbro|Thunder Wave|p2a: Blissey\n|-status|p2a: Blissey|par\n|\n|upkeep\n|turn|55\n|inactive|Time left: 300 sec this turn | 300 sec total\n|\n|t:|1783574444\n|move|p2a: Blissey|Heal Bell|p2a: Blissey\n|-activate|p2a: Blissey|move: Heal Bell\n|-curestatus|p2a: Blissey|par|[msg]\n|move|p1a: Slowbro|Shell Side Arm|p2a: Blissey|[anim] Shell Side Arm Physical\n|-damage|p2a: Blissey|51/100\n|-hint|Physical Shell Side Arm\n|\n|-heal|p2a: Blissey|57/100|[from] item: Leftovers\n|upkeep\n|turn|56\n|inactive|Time left: 300 sec this turn | 300 sec total\n|\n|t:|1783574445\n|move|p2a: Blissey|Seismic Toss|p1a: Slowbro\n|-damage|p1a: Slowbro|222/307 par\n|move|p1a: Slowbro|Shell Side Arm|p2a: Blissey|[anim] Shell Side Arm Physical\n|-damage|p2a: Blissey|5/100\n|-hint|Physical Shell Side Arm\n|-status|p2a: Blissey|psn\n|\n|-heal|p2a: Blissey|11/100 psn|[from] item: Leftovers\n|-heal|p1a: Slowbro|241/307 par|[from] item: Leftovers\n|-damage|p2a: Blissey|0 fnt|[from] psn\n|faint|p2a: Blissey\n|upkeep\n|\n|t:|1783574446\n|switch|p2a: Galvantula|Galvantula, L82, M|100/100\n|turn|57\n|inactive|Time left: 300 sec this turn | 300 sec total\n|\n|t:|1783574447\n|move|p2a: Galvantula|Bug Buzz|p1a: Slowbro\n|-damage|p1a: Slowbro|135/307 par\n|move|p1a: Slowbro|Shell Side Arm|p2a: Galvantula|[anim] Shell Side Arm Special\n|-damage|p2a: Galvantula|44/100\n|-hint|Special Shell Side Arm\n|-status|p2a: Galvantula|psn\n|\n|-heal|p1a: Slowbro|154/307 par|[from] item: Leftovers\n|-damage|p2a: Galvantula|31/100 psn|[from] psn\n|upkeep\n|turn|58\n|inactive|Time left: 300 sec this turn | 300 sec total\n|\n|t:|1783574448\n|-terastallize|p2a: Galvantula|Electric\n|move|p2a: Galvantula|Thunder|p1a: Slowbro\n|-damage|p1a: Slowbro|0 fnt\n|faint|p1a: Slowbro\n|\n|-damage|p2a: Galvantula|19/100 psn|[from] psn\n|upkeep\n|inactive|Time left: 300 sec this turn | 300 sec total | 5 sec grace\n|\n|t:|1783574449\n|switch|p1a: Sableye|Sableye, L88, F|231/231\n|turn|59\n|inactive|Time left: 300 sec this turn | 300 sec total\n|\n|t:|1783574450\n|move|p2a: Galvantula|Thunder|p1a: Sableye\n|-damage|p1a: Sableye|43/231\n|move|p1a: Sableye|Knock Off|p2a: Galvantula\n|-damage|p2a: Galvantula|0 fnt\n|-enditem|p2a: Galvantula|Heavy-Duty Boots|[from] move: Knock Off|[of] p1a: Sableye\n|faint|p2a: Galvantula\n|\n|-heal|p1a: Sableye|57/231|[from] item: Leftovers\n|upkeep\n|\n|t:|1783574451\n|switch|p2a: Sceptile|Sceptile, L87, F|91/100\n|turn|60\n|inactive|Time left: 300 sec this turn | 300 sec total\n|\n|t:|1783574452\n|move|p1a: Sableye|Recover|p1a: Sableye\n|-heal|p1a: Sableye|173/231\n|move|p2a: Sceptile|Earthquake|p1a: Sableye\n|-damage|p1a: Sableye|85/231\n|-damage|p2a: Sceptile|81/100|[from] item: Life Orb\n|\n|-heal|p1a: Sableye|99/231|[from] item: Leftovers\n|upkeep\n|turn|61\n|inactive|Time left: 300 sec this turn | 300 sec total\n|\n|t:|1783574452\n|-terastallize|p1a: Sableye|Poison\n|move|p1a: Sableye|Recover|p1a: Sableye\n|-heal|p1a: Sableye|215/231\n|move|p2a: Sceptile|Leaf Storm|p1a: Sableye\n|-resisted|p1a: Sableye\n|-damage|p1a: Sableye|86/231\n|-unboost|p2a: Sceptile|spa|2\n|-damage|p2a: Sceptile|71/100|[from] item: Life Orb\n|\n|-heal|p1a: Sableye|100/231|[from] item: Leftovers\n|upkeep\n|turn|62\n|inactive|Time left: 300 sec this turn | 300 sec total\n|\n|t:|1783574454\n|move|p1a: Sableye|Encore|p2a: Sceptile\n|-start|p2a: Sceptile|Encore\n|move|p2a: Sceptile|Leaf Storm|p1a: Sableye\n|-resisted|p1a: Sableye\n|-damage|p1a: Sableye|38/231\n|-unboost|p2a: Sceptile|spa|2\n|-damage|p2a: Sceptile|61/100|[from] item: Life Orb\n|\n|-heal|p1a: Sableye|52/231|[from] item: Leftovers\n|upkeep\n|turn|63\n|inactive|Time left: 300 sec this turn | 300 sec total\n|\n|t:|1783574455\n|switch|p2a: Magcargo|Magcargo, L95, M|95/100\n|move|p1a: Sableye|Recover|p1a: Sableye\n|-heal|p1a: Sableye|168/231\n|\n|-heal|p1a: Sableye|182/231|[from] item: Leftovers\n|upkeep\n|turn|64\n|inactive|Time left: 300 sec this turn | 300 sec total\n|\n|t:|1783574456\n|move|p1a: Sableye|Thunder Wave|p2a: Magcargo\n|-status|p2a: Magcargo|par\n|move|p2a: Magcargo|Lava Plume|p1a: Sableye\n|-damage|p1a: Sableye|49/231\n|\n|-heal|p1a: Sableye|63/231|[from] item: Leftovers\n|upkeep\n|turn|65\n|inactive|Time left: 300 sec this turn | 300 sec total\n|\n|t:|1783574457\n|switch|p2a: Sceptile|Sceptile, L87, F|61/100\n|move|p1a: Sableye|Recover|p1a: Sableye\n|-heal|p1a: Sableye|179/231\n|\n|-heal|p1a: Sableye|193/231|[from] item: Leftovers\n|upkeep\n|turn|66\n|inactive|Time left: 300 sec this turn | 300 sec total\n|\n|t:|1783574458\n|move|p1a: Sableye|Thunder Wave|p2a: Sceptile\n|-status|p2a: Sceptile|par\n|cant|p2a: Sceptile|par\n|\n|-heal|p1a: Sableye|207/231|[from] item: Leftovers\n|upkeep\n|turn|67\n|inactive|Time left: 300 sec this turn | 300 sec total\n|\n|t:|1783574459\n|switch|p2a: Magcargo|Magcargo, L95, M|95/100 par\n|move|p1a: Sableye|Knock Off|p2a: Magcargo\n|-damage|p2a: Magcargo|79/100 par\n|\n|-heal|p1a: Sableye|221/231|[from] item: Leftovers\n|upkeep\n|turn|68\n|inactive|Time left: 300 sec this turn | 300 sec total\n|\n|t:|1783574460\n|move|p1a: Sableye|Recover|p1a: Sableye\n|-heal|p1a: Sableye|231/231\n|cant|p2a: Magcargo|par\n|\n|upkeep\n|turn|69\n|inactive|Time left: 300 sec this turn | 300 sec total\n|\n|t:|1783574461\n|move|p1a: Sableye|Knock Off|p2a: Magcargo\n|-damage|p2a: Magcargo|62/100 par\n|-status|p1a: Sableye|brn|[from] ability: Flame Body|[of] p2a: Magcargo\n|move|p2a: Magcargo|Lava Plume|p1a: Sableye\n|-damage|p1a: Sableye|105/231 brn\n|\n|-heal|p1a: Sableye|119/231 brn|[from] item: Leftovers\n|-damage|p1a: Sableye|105/231 brn|[from] brn\n|upkeep\n|turn|70\n|inactive|Time left: 300 sec this turn | 300 sec total\n|\n|t:|1783574462\n|move|p1a: Sableye|Recover|p1a: Sableye\n|-heal|p1a: Sableye|221/231 brn\n|cant|p2a: Magcargo|par\n|\n|-heal|p1a: Sableye|231/231 brn|[from] item: Leftovers\n|-damage|p1a: Sableye|217/231 brn|[from] brn\n|upkeep\n|turn|71\n|inactive|Time left: 300 sec this turn | 300 sec total\n|\n|t:|1783574463\n|move|p1a: Sableye|Knock Off|p2a: Magcargo\n|-damage|p2a: Magcargo|54/100 par\n|move|p2a: Magcargo|Lava Plume|p1a: Sableye\n|-damage|p1a: Sableye|100/231 brn\n|\n|-heal|p1a: Sableye|114/231 brn|[from] item: Leftovers\n|-damage|p1a: Sableye|100/231 brn|[from] brn\n|upkeep\n|turn|72\n|inactive|Time left: 300 sec this turn | 300 sec total\n|\n|t:|1783574464\n|move|p1a: Sableye|Recover|p1a: Sableye\n|-heal|p1a: Sableye|216/231 brn\n|move|p2a: Magcargo|Lava Plume|p1a: Sableye\n|-damage|p1a: Sableye|90/231 brn\n|\n|-heal|p1a: Sableye|104/231 brn|[from] item: Leftovers\n|-damage|p1a: Sableye|90/231 brn|[from] brn\n|upkeep\n|turn|73\n|inactive|Time left: 300 sec this turn | 300 sec total\n|\n|t:|1783574465\n|move|p1a: Sableye|Recover|p1a: Sableye\n|-heal|p1a: Sableye|206/231 brn\n|move|p2a: Magcargo|Lava Plume|p1a: Sableye\n|-damage|p1a: Sableye|82/231 brn\n|\n|-heal|p1a: Sableye|96/231 brn|[from] item: Leftovers\n|-damage|p1a: Sableye|82/231 brn|[from] brn\n|upkeep\n|turn|74\n|inactive|Time left: 300 sec this turn | 300 sec total\n|\n|t:|1783574466\n|move|p1a: Sableye|Knock Off|p2a: Magcargo\n|-damage|p2a: Magcargo|46/100 par\n|cant|p2a: Magcargo|par\n|\n|-heal|p1a: Sableye|96/231 brn|[from] item: Leftovers\n|-damage|p1a: Sableye|82/231 brn|[from] brn\n|upkeep\n|turn|75\n|inactive|Time left: 300 sec this turn | 300 sec total\n|\n|t:|1783574467\n|move|p1a: Sableye|Knock Off|p2a: Magcargo\n|-damage|p2a: Magcargo|37/100 par\n|cant|p2a: Magcargo|par\n|\n|-heal|p1a: Sableye|96/231 brn|[from] item: Leftovers\n|-damage|p1a: Sableye|82/231 brn|[from] brn\n|upkeep\n|turn|76\n|inactive|Time left: 300 sec this turn | 300 sec total\n|\n|t:|1783574468\n|move|p1a: Sableye|Thunder Wave|p2a: Magcargo\n|-fail|p2a: Magcargo|par\n|cant|p2a: Magcargo|par\n|\n|-heal|p1a: Sableye|96/231 brn|[from] item: Leftovers\n|-damage|p1a: Sableye|82/231 brn|[from] brn\n|upkeep\n|turn|77\n|inactive|Time left: 300 sec this turn | 300 sec total\n|\n|t:|1783574469\n|move|p1a: Sableye|Thunder Wave|p2a: Magcargo\n|-fail|p2a: Magcargo|par\n|move|p2a: Magcargo|Lava Plume|p1a: Sableye\n|-damage|p1a: Sableye|0 fnt\n|faint|p1a: Sableye\n|\n|win|p0y2987e9aa", "uploadtime": 1783574469, "views": 0, "rating": 0, "private": 0, "password": null, "_winner": "p0y2987e9aa", "_our_name": "p0x29878662"}