{"id": "battle-gen9randombattle-1326", "formatid": "gen9randombattle", "format": "[Gen 9] Random Battle", "players": ["p0x132651eb", "p0y132665cd"], "log": "|init|battle\n|title|p0x132651eb vs. p0y132665cd\n|j|\u2606p0x132651eb\n|j|\u2606p0y132665cd\n|t:|1783554518\n|gametype|singles\n|player|p1|p0x132651eb|265|\n|player|p2|p0y132665cd|170|\n|gen|9\n|tier|[Gen 9] Random Battle\n|rule|Species Clause: Limit one of each Pok\u00e9mon\n|rule|HP Percentage Mod: HP is shown in percentages\n|rule|Sleep Clause Mod: Limit one foe put to sleep\n|rule|Illusion Level Mod: Illusion disguises the Pok\u00e9mon's true level\n|\n|t:|1783554518\n|teamsize|p1|6\n|teamsize|p2|6\n|start\n|switch|p1a: Braviary|Braviary, L85, M|100/100\n|switch|p2a: Okidogi|Okidogi, L77, M|262/262\n|turn|1\n|inactive|Battle timer is ON: inactive players will automatically lose when time's up. (requested by p0x132651eb)\n|inactive|Time left: 300 sec this turn | 300 sec total | 60 sec grace\n|inactive|p0y132665cd also wants the timer to be on.\n|\n|t:|1783554519\n|switch|p2a: Electivire|Electivire, L84, M|263/263\n|move|p1a: Braviary|Brave Bird|p2a: Electivire\n|-resisted|p2a: Electivire\n|-damage|p2a: Electivire|173/263\n|-damage|p1a: Braviary|91/100|[from] Recoil\n|\n|upkeep\n|turn|2\n|inactive|Time left: 300 sec this turn | 300 sec total\n|\n|t:|1783554521\n|move|p2a: Electivire|Supercell Slam|p1a: Braviary\n|-supereffective|p1a: Braviary\n|-damage|p1a: Braviary|0 fnt\n|faint|p1a: Braviary\n|-damage|p2a: Electivire|147/263|[from] item: Life Orb\n|\n|upkeep\n|\n|t:|1783554522\n|switch|p1a: Rillaboom|Rillaboom, L79, M|100/100\n|-fieldstart|move: Grassy Terrain|[from] ability: Grassy Surge|[of] p1a: Rillaboom\n|turn|3\n|inactive|Time left: 300 sec this turn | 300 sec total\n|\n|t:|1783554523\n|switch|p2a: Yanmega|Yanmega, L82, F|275/275\n|move|p1a: Rillaboom|Wood Hammer|p2a: Yanmega\n|-resisted|p2a: Yanmega\n|-damage|p2a: Yanmega|201/275\n|-damage|p1a: Rillaboom|92/100|[from] Recoil\n|\n|-heal|p1a: Rillaboom|98/100|[from] Grassy Terrain\n|upkeep\n|turn|4\n|inactive|Time left: 300 sec this turn | 300 sec total\n|\n|t:|1783554524\n|switch|p1a: Suicune|Suicune, L82|100/100\n|-ability|p1a: Suicune|Pressure\n|move|p2a: Yanmega|Air Slash|p1a: Suicune\n|-damage|p1a: Suicune|77/100\n|\n|-heal|p1a: Suicune|83/100|[from] Grassy Terrain\n|-heal|p1a: Suicune|89/100|[from] item: Leftovers\n|-ability|p2a: Yanmega|Speed Boost|boost\n|-boost|p2a: Yanmega|spe|1\n|upkeep\n|turn|5\n|inactive|Time left: 300 sec this turn | 300 sec total\n|\n|t:|1783554526\n|move|p2a: Yanmega|Air Slash|p1a: Suicune\n|-damage|p1a: Suicune|67/100\n|move|p1a: Suicune|Scald|p2a: Yanmega\n|-damage|p2a: Yanmega|90/275\n|-status|p2a: Yanmega|brn\n|\n|-heal|p1a: Suicune|73/100|[from] Grassy Terrain\n|-heal|p1a: Suicune|79/100|[from] item: Leftovers\n|-damage|p2a: Yanmega|73/275 brn|[from] brn\n|-ability|p2a: Yanmega|Speed Boost|boost\n|-boost|p2a: Yanmega|spe|1\n|upkeep\n|turn|6\n|inactive|Time left: 300 sec this turn | 300 sec total\n|\n|t:|1783554527\n|move|p2a: Yanmega|Protect|p2a: Yanmega\n|-singleturn|p2a: Yanmega|Protect\n|move|p1a: Suicune|Scald|p2a: Yanmega\n|-activate|p2a: Yanmega|move: Protect\n|\n|-heal|p1a: Suicune|85/100|[from] Grassy Terrain\n|-heal|p1a: Suicune|91/100|[from] item: Leftovers\n|-damage|p2a: Yanmega|56/275 brn|[from] brn\n|-ability|p2a: Yanmega|Speed Boost|boost\n|-boost|p2a: Yanmega|spe|1\n|upkeep\n|turn|7\n|inactive|Time left: 300 sec this turn | 300 sec total\n|\n|t:|1783554528\n|move|p2a: Yanmega|Air Slash|p1a: Suicune\n|-damage|p1a: Suicune|66/100\n|move|p1a: Suicune|Scald|p2a: Yanmega\n|-damage|p2a: Yanmega|0 fnt\n|faint|p2a: Yanmega\n|\n|-heal|p1a: Suicune|72/100|[from] Grassy Terrain\n|-heal|p1a: Suicune|78/100|[from] item: Leftovers\n|-fieldend|move: Grassy Terrain\n|upkeep\n|inactive|Time left: 300 sec this turn | 300 sec total | 5 sec grace\n|\n|t:|1783554529\n|switch|p2a: Electivire|Electivire, L84, M|147/263\n|turn|8\n|inactive|Time left: 300 sec this turn | 300 sec total\n|\n|t:|1783554530\n|move|p1a: Suicune|Protect|p1a: Suicune\n|-singleturn|p1a: Suicune|Protect\n|move|p2a: Electivire|Supercell Slam|p1a: Suicune\n|-activate|p1a: Suicune|move: Protect\n|-damage|p2a: Electivire|16/263|[from] supercellslam\n|\n|-heal|p1a: Suicune|84/100|[from] item: Leftovers\n|upkeep\n|turn|9\n|inactive|Time left: 300 sec this turn | 300 sec total\n|\n|t:|1783554531\n|switch|p1a: Rillaboom|Rillaboom, L79, M|98/100\n|-fieldstart|move: Grassy Terrain|[from] ability: Grassy Surge|[of] p1a: Rillaboom\n|move|p2a: Electivire|Supercell Slam|p1a: Rillaboom\n|-resisted|p1a: Rillaboom\n|-damage|p1a: Rillaboom|69/100\n|-damage|p2a: Electivire|0 fnt|[from] item: Life Orb\n|faint|p2a: Electivire\n|\n|-heal|p1a: Rillaboom|75/100|[from] Grassy Terrain\n|upkeep\n|inactive|Time left: 300 sec this turn | 300 sec total | 5 sec grace\n|\n|t:|1783554531\n|switch|p2a: Okidogi|Okidogi, L77, M|262/262\n|turn|10\n|inactive|Time left: 300 sec this turn | 300 sec total\n|\n|t:|1783554532\n|move|p1a: Rillaboom|High Horsepower|p2a: Okidogi\n|-supereffective|p2a: Okidogi\n|-damage|p2a: Okidogi|62/262\n|move|p2a: Okidogi|Gunk Shot|p1a: Rillaboom|[miss]\n|-miss|p2a: Okidogi|p1a: Rillaboom\n|\n|-heal|p1a: Rillaboom|81/100|[from] Grassy Terrain\n|-heal|p2a: Okidogi|78/262|[from] Grassy Terrain\n|upkeep\n|turn|11\n|inactive|Time left: 300 sec this turn | 300 sec total\n|\n|t:|1783554533\n|switch|p2a: Mesprit|Mesprit, L85|275/275\n|move|p1a: Rillaboom|High Horsepower|p2a: Mesprit\n|-immune|p2a: Mesprit|[from] ability: Levitate\n|\n|-heal|p1a: Rillaboom|87/100|[from] Grassy Terrain\n|upkeep\n|turn|12\n|inactive|Time left: 300 sec this turn | 300 sec total\n|\n|t:|1783554534\n|switch|p1a: Suicune|Suicune, L82|84/100\n|-ability|p1a: Suicune|Pressure\n|move|p2a: Mesprit|Psychic|p1a: Suicune\n|-damage|p1a: Suicune|53/100\n|\n|-heal|p1a: Suicune|59/100|[from] Grassy Terrain\n|-heal|p1a: Suicune|65/100|[from] item: Leftovers\n|upkeep\n|turn|13\n|inactive|Time left: 300 sec this turn | 300 sec total\n|\n|t:|1783554535\n|move|p2a: Mesprit|Psychic|p1a: Suicune\n|-damage|p1a: Suicune|36/100\n|-unboost|p1a: Suicune|spd|1\n|move|p1a: Suicune|Calm Mind|p1a: Suicune\n|-boost|p1a: Suicune|spa|1\n|-boost|p1a: Suicune|spd|1\n|\n|-heal|p1a: Suicune|42/100|[from] Grassy Terrain\n|-heal|p1a: Suicune|48/100|[from] item: Leftovers\n|-fieldend|move: Grassy Terrain\n|upkeep\n|turn|14\n|inactive|Time left: 300 sec this turn | 300 sec total\n|\n|t:|1783554536\n|move|p2a: Mesprit|Psychic|p1a: Suicune\n|-damage|p1a: Suicune|21/100\n|move|p1a: Suicune|Scald|p2a: Mesprit\n|-damage|p2a: Mesprit|182/275\n|\n|-heal|p1a: Suicune|27/100|[from] item: Leftovers\n|upkeep\n|turn|15\n|inactive|Time left: 300 sec this turn | 300 sec total\n|\n|t:|1783554537\n|move|p1a: Suicune|Protect|p1a: Suicune\n|-singleturn|p1a: Suicune|Protect\n|move|p2a: Mesprit|Psychic|p1a: Suicune\n|-activate|p1a: Suicune|move: Protect\n|\n|-heal|p1a: Suicune|33/100|[from] item: Leftovers\n|upkeep\n|turn|16\n|inactive|Time left: 300 sec this turn | 300 sec total\n|\n|t:|1783554538\n|move|p2a: Mesprit|Psychic|p1a: Suicune\n|-damage|p1a: Suicune|3/100\n|move|p1a: Suicune|Scald|p2a: Mesprit\n|-damage|p2a: Mesprit|83/275\n|\n|-heal|p1a: Suicune|9/100|[from] item: Leftovers\n|upkeep\n|turn|17\n|inactive|Time left: 300 sec this turn | 300 sec total\n|\n|t:|1783554539\n|switch|p1a: Mesprit|Mesprit, L85|100/100\n|move|p2a: Mesprit|Psychic|p1a: Mesprit\n|-resisted|p1a: Mesprit\n|-damage|p1a: Mesprit|85/100\n|\n|-heal|p1a: Mesprit|91/100|[from] item: Leftovers\n|upkeep\n|turn|18\n|inactive|Time left: 300 sec this turn | 300 sec total\n|\n|t:|1783554541\n|switch|p2a: Urshifu|Urshifu, L74, M|270/270\n|move|p1a: Mesprit|Stealth Rock|p2a: Urshifu\n|-sidestart|p2: p0y132665cd|move: Stealth Rock\n|\n|-heal|p1a: Mesprit|98/100|[from] item: Leftovers\n|upkeep\n|turn|19\n|inactive|Time left: 300 sec this turn | 300 sec total\n|\n|t:|1783554542\n|-terastallize|p1a: Mesprit|Fighting\n|move|p2a: Urshifu|Wicked Blow|p1a: Mesprit\n|-resisted|p1a: Mesprit\n|-crit|p1a: Mesprit\n|-damage|p1a: Mesprit|72/100\n|move|p1a: Mesprit|Drain Punch|p2a: Urshifu\n|-supereffective|p2a: Urshifu\n|-damage|p2a: Urshifu|88/270\n|-heal|p1a: Mesprit|100/100|[from] drain|[of] p2a: Urshifu\n|\n|upkeep\n|turn|20\n|inactive|Time left: 300 sec this turn | 300 sec total\n|\n|t:|1783554544\n|move|p2a: Urshifu|Wicked Blow|p1a: Mesprit\n|-resisted|p1a: Mesprit\n|-crit|p1a: Mesprit\n|-damage|p1a: Mesprit|70/100\n|move|p1a: Mesprit|Drain Punch|p2a: Urshifu\n|-supereffective|p2a: Urshifu\n|-damage|p2a: Urshifu|0 fnt\n|-heal|p1a: Mesprit|86/100|[from] drain|[of] p2a: Urshifu\n|faint|p2a: Urshifu\n|\n|-heal|p1a: Mesprit|92/100|[from] item: Leftovers\n|upkeep\n|inactive|Time left: 300 sec this turn | 300 sec total | 5 sec grace\n|\n|t:|1783554545\n|switch|p2a: Mesprit|Mesprit, L85|83/275\n|-damage|p2a: Mesprit|49/275|[from] Stealth Rock\n|turn|21\n|inactive|Time left: 300 sec this turn | 300 sec total\n|\n|t:|1783554546\n|move|p2a: Mesprit|Psychic|p1a: Mesprit\n|-supereffective|p1a: Mesprit\n|-damage|p1a: Mesprit|25/100\n|move|p1a: Mesprit|U-turn|p2a: Mesprit\n|-supereffective|p2a: Mesprit\n|-damage|p2a: Mesprit|0 fnt\n|faint|p2a: Mesprit\n|\n|t:|1783554548\n|switch|p1a: Rillaboom|Rillaboom, L79, M|87/100|[from] U-turn\n|-fieldstart|move: Grassy Terrain|[from] ability: Grassy Surge|[of] p1a: Rillaboom\n|\n|-heal|p1a: Rillaboom|94/100|[from] Grassy Terrain\n|upkeep\n|inactive|Time left: 300 sec this turn | 300 sec total | 10 sec grace\n|\n|t:|1783554549\n|switch|p2a: Glaceon|Glaceon, L94, M|275/275\n|turn|22\n|inactive|Time left: 300 sec this turn | 300 sec total\n|\n|t:|1783554550\n|move|p1a: Rillaboom|Wood Hammer|p2a: Glaceon\n|-damage|p2a: Glaceon|68/275\n|-damage|p1a: Rillaboom|70/100|[from] Recoil\n|move|p2a: Glaceon|Freeze-Dry|p1a: Rillaboom\n|-supereffective|p1a: Rillaboom\n|-damage|p1a: Rillaboom|0 fnt\n|faint|p1a: Rillaboom\n|\n|-heal|p2a: Glaceon|85/275|[from] Grassy Terrain\n|upkeep\n|\n|t:|1783554550\n|switch|p1a: Mesprit|Mesprit, L85, tera:Fighting|25/100\n|turn|23\n|inactive|Time left: 300 sec this turn | 300 sec total\n|\n|t:|1783554551\n|move|p2a: Glaceon|Protect|p2a: Glaceon\n|-singleturn|p2a: Glaceon|Protect\n|move|p1a: Mesprit|Drain Punch|p2a: Glaceon\n|-activate|p2a: Glaceon|move: Protect\n|\n|-heal|p1a: Mesprit|31/100|[from] item: Leftovers\n|-heal|p2a: Glaceon|102/275|[from] Grassy Terrain\n|upkeep\n|turn|24\n|inactive|Time left: 300 sec this turn | 300 sec total\n|\n|t:|1783554552\n|-terastallize|p2a: Glaceon|Ground\n|move|p1a: Mesprit|Drain Punch|p2a: Glaceon\n|-damage|p2a: Glaceon|39/275\n|-heal|p1a: Mesprit|43/100|[from] drain|[of] p2a: Glaceon\n|move|p2a: Glaceon|Freeze-Dry|p1a: Mesprit\n|-damage|p1a: Mesprit|7/100\n|\n|-heal|p1a: Mesprit|14/100|[from] item: Leftovers\n|-heal|p2a: Glaceon|56/275|[from] Grassy Terrain\n|upkeep\n|turn|25\n|inactive|Time left: 300 sec this turn | 300 sec total\n|\n|t:|1783554554\n|move|p2a: Glaceon|Protect|p2a: Glaceon\n|-singleturn|p2a: Glaceon|Protect\n|move|p1a: Mesprit|Psychic Noise|p2a: Glaceon\n|-activate|p2a: Glaceon|move: Protect\n|\n|-heal|p1a: Mesprit|20/100|[from] item: Leftovers\n|-heal|p2a: Glaceon|73/275|[from] Grassy Terrain\n|-fieldend|move: Grassy Terrain\n|upkeep\n|turn|26\n|inactive|Time left: 300 sec this turn | 300 sec total\n|\n|t:|1783554555\n|move|p1a: Mesprit|Psychic Noise|p2a: Glaceon\n|-damage|p2a: Glaceon|3/275\n|-start|p2a: Glaceon|move: Heal Block\n|move|p2a: Glaceon|Freeze-Dry|p1a: Mesprit\n|-damage|p1a: Mesprit|0 fnt\n|faint|p1a: Mesprit\n|\n|upkeep\n|\n|t:|1783554556\n|switch|p1a: Latias|Latias, L79, F|100/100\n|turn|27\n|inactive|Time left: 300 sec this turn | 300 sec total\n|\n|t:|1783554557\n|move|p2a: Glaceon|Protect|p2a: Glaceon\n|-singleturn|p2a: Glaceon|Protect\n|move|p1a: Latias|Psyshock|p2a: Glaceon\n|-activate|p2a: Glaceon|move: Protect\n|\n|-end|p2a: Glaceon|move: Heal Block\n|upkeep\n|turn|28\n|inactive|Time left: 300 sec this turn | 300 sec total\n|\n|t:|1783554558\n|move|p2a: Glaceon|Protect||[still]\n|-fail|p2a: Glaceon\n|move|p1a: Latias|Psyshock|p2a: Glaceon\n|-damage|p2a: Glaceon|0 fnt\n|faint|p2a: Glaceon\n|\n|upkeep\n|inactive|Time left: 300 sec this turn | 300 sec total | 5 sec grace\n|\n|t:|1783554559\n|switch|p2a: Okidogi|Okidogi, L77, M|78/262\n|-damage|p2a: Okidogi|62/262|[from] Stealth Rock\n|turn|29\n|inactive|Time left: 300 sec this turn | 300 sec total\n|\n|t:|1783554560\n|move|p1a: Latias|Psyshock|p2a: Okidogi\n|-supereffective|p2a: Okidogi\n|-damage|p2a: Okidogi|0 fnt\n|faint|p2a: Okidogi\n|\n|win|p0x132651eb", "uploadtime": 1783554560, "views": 0, "rating": 0, "private": 0, "password": null, "_winner": "p0x132651eb", "_our_name": "p0y132665cd"}