{"id": "battle-gen9randombattle-2651", "formatid": "gen9randombattle", "format": "[Gen 9] Random Battle", "players": ["p0x265125ae", "p0y26513be8"], "log": "|init|battle\n|title|p0x265125ae vs. p0y26513be8\n|j|\u2606p0x265125ae\n|j|\u2606p0y26513be8\n|t:|1783570596\n|gametype|singles\n|player|p1|p0x265125ae|2|\n|player|p2|p0y26513be8|266|\n|gen|9\n|tier|[Gen 9] Random Battle\n|rule|Species Clause: Limit one of each Pok\u00e9mon\n|rule|HP Percentage Mod: HP is shown in percentages\n|rule|Sleep Clause Mod: Limit one foe put to sleep\n|rule|Illusion Level Mod: Illusion disguises the Pok\u00e9mon's true level\n|\n|t:|1783570596\n|teamsize|p1|6\n|teamsize|p2|6\n|start\n|switch|p1a: Thundurus|Thundurus, L80, M|258/258\n|switch|p2a: Qwilfish|Qwilfish-Hisui, L83, F|100/100\n|-ability|p2a: Qwilfish|Intimidate|boost\n|-unboost|p1a: Thundurus|atk|1\n|-ability|p1a: Thundurus|Defiant|boost\n|-boost|p1a: Thundurus|atk|2\n|turn|1\n|inactive|Battle timer is ON: inactive players will automatically lose when time's up. (requested by p0x265125ae)\n|inactive|p0y26513be8 also wants the timer to be on.\n|\n|t:|1783570598\n|move|p1a: Thundurus|Thunderbolt|p2a: Qwilfish\n|-damage|p2a: Qwilfish|55/100\n|move|p2a: Qwilfish|Gunk Shot|p1a: Thundurus\n|-damage|p1a: Thundurus|114/258\n|\n|upkeep\n|turn|2\n|inactive|Time left: 300 sec this turn | 300 sec total\n|\n|t:|1783570600\n|move|p1a: Thundurus|Thunderbolt|p2a: Qwilfish\n|-damage|p2a: Qwilfish|15/100\n|move|p2a: Qwilfish|Gunk Shot|p1a: Thundurus\n|-damage|p1a: Thundurus|0 fnt\n|faint|p1a: Thundurus\n|\n|upkeep\n|inactive|Time left: 300 sec this turn | 300 sec total | 5 sec grace\n|\n|t:|1783570601\n|switch|p1a: Diancie|Diancie, L82|216/216\n|turn|3\n|inactive|Time left: 300 sec this turn | 300 sec total\n|\n|t:|1783570602\n|switch|p2a: Toedscruel|Toedscruel, L87, F|100/100\n|move|p1a: Diancie|Diamond Storm|p2a: Toedscruel|[miss]\n|-miss|p1a: Diancie|p2a: Toedscruel\n|\n|upkeep\n|turn|4\n|inactive|Time left: 300 sec this turn | 300 sec total\n|\n|t:|1783570604\n|move|p2a: Toedscruel|Earth Power|p1a: Diancie\n|-supereffective|p1a: Diancie\n|-damage|p1a: Diancie|100/216\n|move|p1a: Diancie|Diamond Storm|p2a: Toedscruel\n|-resisted|p2a: Toedscruel\n|-damage|p2a: Toedscruel|77/100\n|\n|-heal|p2a: Toedscruel|83/100|[from] item: Leftovers\n|-heal|p1a: Diancie|113/216|[from] item: Leftovers\n|upkeep\n|turn|5\n|inactive|Time left: 300 sec this turn | 300 sec total\n|\n|t:|1783570605\n|switch|p1a: Appletun|Appletun, L92, M|352/352\n|move|p2a: Toedscruel|Earth Power|p1a: Appletun\n|-resisted|p1a: Appletun\n|-damage|p1a: Appletun|312/352\n|-unboost|p1a: Appletun|spd|1\n|\n|-heal|p2a: Toedscruel|89/100|[from] item: Leftovers\n|-heal|p1a: Appletun|334/352|[from] item: Leftovers\n|upkeep\n|turn|6\n|inactive|Time left: 300 sec this turn | 300 sec total\n|\n|t:|1783570606\n|move|p2a: Toedscruel|Earth Power|p1a: Appletun\n|-resisted|p1a: Appletun\n|-crit|p1a: Appletun\n|-damage|p1a: Appletun|230/352\n|move|p1a: Appletun|Apple Acid|p2a: Toedscruel\n|-crit|p2a: Toedscruel\n|-damage|p2a: Toedscruel|47/100\n|-unboost|p2a: Toedscruel|spd|1\n|\n|-heal|p2a: Toedscruel|53/100|[from] item: Leftovers\n|-heal|p1a: Appletun|252/352|[from] item: Leftovers\n|upkeep\n|turn|7\n|inactive|Time left: 300 sec this turn | 300 sec total\n|\n|t:|1783570607\n|move|p2a: Toedscruel|Earth Power|p1a: Appletun\n|-resisted|p1a: Appletun\n|-damage|p1a: Appletun|191/352\n|move|p1a: Appletun|Apple Acid|p2a: Toedscruel\n|-damage|p2a: Toedscruel|12/100\n|-unboost|p2a: Toedscruel|spd|1\n|\n|-heal|p2a: Toedscruel|18/100|[from] item: Leftovers\n|-heal|p1a: Appletun|213/352|[from] item: Leftovers\n|upkeep\n|turn|8\n|inactive|Time left: 300 sec this turn | 300 sec total\n|\n|t:|1783570608\n|move|p2a: Toedscruel|Knock Off|p1a: Appletun\n|-damage|p1a: Appletun|159/352\n|-enditem|p1a: Appletun|Leftovers|[from] move: Knock Off|[of] p2a: Toedscruel\n|move|p1a: Appletun|Apple Acid|p2a: Toedscruel\n|-damage|p2a: Toedscruel|0 fnt\n|faint|p2a: Toedscruel\n|\n|upkeep\n|\n|t:|1783570609\n|switch|p2a: Articuno|Articuno, L86|100/100\n|-ability|p2a: Articuno|Pressure\n|turn|9\n|inactive|Time left: 300 sec this turn | 300 sec total\n|\n|t:|1783570610\n|switch|p1a: Avalugg|Avalugg, L88, M|310/310\n|move|p2a: Articuno|Freeze-Dry|p1a: Avalugg\n|-resisted|p1a: Avalugg\n|-damage|p1a: Avalugg|248/310\n|\n|upkeep\n|turn|10\n|inactive|Time left: 300 sec this turn | 300 sec total\n|\n|t:|1783570611\n|move|p2a: Articuno|Freeze-Dry|p1a: Avalugg\n|-resisted|p1a: Avalugg\n|-damage|p1a: Avalugg|194/310\n|move|p1a: Avalugg|Rapid Spin|p2a: Articuno\n|-damage|p2a: Articuno|88/100\n|-boost|p1a: Avalugg|spe|1\n|\n|upkeep\n|turn|11\n|inactive|Time left: 300 sec this turn | 300 sec total\n|\n|t:|1783570612\n|move|p2a: Articuno|Brave Bird|p1a: Avalugg\n|-damage|p1a: Avalugg|134/310\n|-damage|p2a: Articuno|81/100|[from] Recoil\n|move|p1a: Avalugg|Avalanche|p2a: Articuno\n|-crit|p2a: Articuno\n|-damage|p2a: Articuno|12/100\n|\n|upkeep\n|turn|12\n|inactive|Time left: 300 sec this turn | 300 sec total\n|\n|t:|1783570613\n|move|p2a: Articuno|Roost|p2a: Articuno\n|-heal|p2a: Articuno|62/100\n|-singleturn|p2a: Articuno|move: Roost\n|move|p1a: Avalugg|Recover|p1a: Avalugg\n|-heal|p1a: Avalugg|289/310\n|\n|upkeep\n|turn|13\n|inactive|Time left: 300 sec this turn | 300 sec total\n|\n|t:|1783570614\n|move|p2a: Articuno|Roost|p2a: Articuno\n|-heal|p2a: Articuno|100/100\n|-singleturn|p2a: Articuno|move: Roost\n|move|p1a: Avalugg|Body Press|p2a: Articuno\n|-supereffective|p2a: Articuno\n|-damage|p2a: Articuno|34/100\n|\n|upkeep\n|turn|14\n|inactive|Time left: 300 sec this turn | 300 sec total\n|\n|t:|1783570614\n|move|p2a: Articuno|Roost|p2a: Articuno\n|-heal|p2a: Articuno|84/100\n|-singleturn|p2a: Articuno|move: Roost\n|move|p1a: Avalugg|Body Press|p2a: Articuno\n|-supereffective|p2a: Articuno\n|-damage|p2a: Articuno|18/100\n|\n|upkeep\n|turn|15\n|inactive|Time left: 300 sec this turn | 300 sec total\n|\n|t:|1783570615\n|move|p2a: Articuno|Roost|p2a: Articuno\n|-heal|p2a: Articuno|68/100\n|-singleturn|p2a: Articuno|move: Roost\n|move|p1a: Avalugg|Body Press|p2a: Articuno\n|-supereffective|p2a: Articuno\n|-damage|p2a: Articuno|8/100\n|\n|upkeep\n|turn|16\n|inactive|Time left: 300 sec this turn | 300 sec total\n|\n|t:|1783570616\n|move|p2a: Articuno|Roost|p2a: Articuno\n|-heal|p2a: Articuno|58/100\n|-singleturn|p2a: Articuno|move: Roost\n|move|p1a: Avalugg|Body Press|p2a: Articuno\n|-supereffective|p2a: Articuno\n|-damage|p2a: Articuno|0 fnt\n|faint|p2a: Articuno\n|\n|upkeep\n|\n|t:|1783570617\n|switch|p2a: Tentacruel|Tentacruel, L84, M|100/100\n|turn|17\n|inactive|Time left: 300 sec this turn | 300 sec total\n|\n|t:|1783570618\n|move|p2a: Tentacruel|Sludge Bomb|p1a: Avalugg\n|-damage|p1a: Avalugg|171/310\n|move|p1a: Avalugg|Avalanche|p2a: Tentacruel\n|-resisted|p2a: Tentacruel\n|-damage|p2a: Tentacruel|61/100\n|\n|-heal|p2a: Tentacruel|67/100|[from] item: Leftovers\n|upkeep\n|turn|18\n|inactive|Time left: 300 sec this turn | 300 sec total\n|\n|t:|1783570619\n|move|p2a: Tentacruel|Sludge Bomb|p1a: Avalugg\n|-damage|p1a: Avalugg|50/310\n|move|p1a: Avalugg|Recover|p1a: Avalugg\n|-heal|p1a: Avalugg|205/310\n|\n|-heal|p2a: Tentacruel|74/100|[from] item: Leftovers\n|upkeep\n|turn|19\n|inactive|Time left: 300 sec this turn | 300 sec total\n|\n|t:|1783570620\n|move|p2a: Tentacruel|Sludge Bomb|p1a: Avalugg\n|-damage|p1a: Avalugg|91/310\n|-status|p1a: Avalugg|psn\n|move|p1a: Avalugg|Recover|p1a: Avalugg\n|-heal|p1a: Avalugg|246/310 psn\n|\n|-heal|p2a: Tentacruel|80/100|[from] item: Leftovers\n|-damage|p1a: Avalugg|208/310 psn|[from] psn\n|upkeep\n|turn|20\n|inactive|Time left: 300 sec this turn | 300 sec total\n|\n|t:|1783570621\n|move|p2a: Tentacruel|Surf|p1a: Avalugg\n|-damage|p1a: Avalugg|87/310 psn\n|move|p1a: Avalugg|Recover|p1a: Avalugg\n|-heal|p1a: Avalugg|242/310 psn\n|\n|-heal|p2a: Tentacruel|86/100|[from] item: Leftovers\n|-damage|p1a: Avalugg|204/310 psn|[from] psn\n|upkeep\n|turn|21\n|inactive|Time left: 300 sec this turn | 300 sec total\n|\n|t:|1783570622\n|move|p2a: Tentacruel|Sludge Bomb|p1a: Avalugg\n|-damage|p1a: Avalugg|83/310 psn\n|move|p1a: Avalugg|Recover|p1a: Avalugg\n|-heal|p1a: Avalugg|238/310 psn\n|\n|-heal|p2a: Tentacruel|92/100|[from] item: Leftovers\n|-damage|p1a: Avalugg|200/310 psn|[from] psn\n|upkeep\n|turn|22\n|inactive|Time left: 300 sec this turn | 300 sec total\n|\n|t:|1783570623\n|move|p2a: Tentacruel|Sludge Bomb|p1a: Avalugg\n|-damage|p1a: Avalugg|83/310 psn\n|move|p1a: Avalugg|Recover|p1a: Avalugg\n|-heal|p1a: Avalugg|238/310 psn\n|\n|-heal|p2a: Tentacruel|99/100|[from] item: Leftovers\n|-damage|p1a: Avalugg|200/310 psn|[from] psn\n|upkeep\n|turn|23\n|inactive|Time left: 300 sec this turn | 300 sec total\n|\n|t:|1783570624\n|move|p2a: Tentacruel|Sludge Bomb|p1a: Avalugg\n|-damage|p1a: Avalugg|76/310 psn\n|move|p1a: Avalugg|Recover|p1a: Avalugg\n|-heal|p1a: Avalugg|231/310 psn\n|\n|-heal|p2a: Tentacruel|100/100|[from] item: Leftovers\n|-damage|p1a: Avalugg|193/310 psn|[from] psn\n|upkeep\n|turn|24\n|inactive|Time left: 300 sec this turn | 300 sec total\n|\n|t:|1783570625\n|move|p2a: Tentacruel|Sludge Bomb|p1a: Avalugg\n|-damage|p1a: Avalugg|78/310 psn\n|move|p1a: Avalugg|Recover|p1a: Avalugg\n|-heal|p1a: Avalugg|233/310 psn\n|\n|-damage|p1a: Avalugg|195/310 psn|[from] psn\n|upkeep\n|turn|25\n|inactive|Time left: 300 sec this turn | 300 sec total\n|\n|t:|1783570626\n|switch|p1a: Qwilfish|Qwilfish, L86, M|252/252\n|-ability|p1a: Qwilfish|Intimidate|boost\n|-unboost|p2a: Tentacruel|atk|1\n|move|p2a: Tentacruel|Sludge Bomb|p1a: Qwilfish\n|-resisted|p1a: Qwilfish\n|-damage|p1a: Qwilfish|197/252\n|\n|upkeep\n|turn|26\n|inactive|Time left: 300 sec this turn | 300 sec total\n|\n|t:|1783570627\n|move|p2a: Tentacruel|Sludge Bomb|p1a: Qwilfish\n|-resisted|p1a: Qwilfish\n|-crit|p1a: Qwilfish\n|-damage|p1a: Qwilfish|111/252\n|move|p1a: Qwilfish|Flip Turn|p2a: Tentacruel\n|-resisted|p2a: Tentacruel\n|-damage|p2a: Tentacruel|86/100\n|inactive|Time left: 300 sec this turn | 300 sec total | 5 sec grace\n|\n|t:|1783570629\n|switch|p1a: Diancie|Diancie, L82|113/216|[from] Flip Turn\n|\n|-heal|p2a: Tentacruel|92/100|[from] item: Leftovers\n|-heal|p1a: Diancie|126/216|[from] item: Leftovers\n|upkeep\n|turn|27\n|inactive|Time left: 300 sec this turn | 300 sec total\n|\n|t:|1783570629\n|move|p2a: Tentacruel|Surf|p1a: Diancie\n|-supereffective|p1a: Diancie\n|-damage|p1a: Diancie|4/216\n|move|p1a: Diancie|Diamond Storm|p2a: Tentacruel\n|-damage|p2a: Tentacruel|41/100\n|-boost|p1a: Diancie|def|2\n|\n|-heal|p2a: Tentacruel|48/100|[from] item: Leftovers\n|-heal|p1a: Diancie|17/216|[from] item: Leftovers\n|upkeep\n|turn|28\n|inactive|Time left: 300 sec this turn | 300 sec total\n|\n|t:|1783570631\n|move|p2a: Tentacruel|Sludge Bomb|p1a: Diancie\n|-damage|p1a: Diancie|0 fnt\n|faint|p1a: Diancie\n|\n|-heal|p2a: Tentacruel|54/100|[from] item: Leftovers\n|upkeep\n|inactive|Time left: 300 sec this turn | 300 sec total | 5 sec grace\n|\n|t:|1783570632\n|switch|p1a: Appletun|Appletun, L92, M|159/352\n|turn|29\n|inactive|Time left: 300 sec this turn | 300 sec total\n|\n|t:|1783570633\n|move|p2a: Tentacruel|Sludge Bomb|p1a: Appletun\n|-supereffective|p1a: Appletun\n|-damage|p1a: Appletun|0 fnt\n|faint|p1a: Appletun\n|\n|-heal|p2a: Tentacruel|60/100|[from] item: Leftovers\n|upkeep\n|inactive|Time left: 300 sec this turn | 300 sec total | 5 sec grace\n|\n|t:|1783570634\n|switch|p1a: Qwilfish|Qwilfish, L86, M|111/252\n|-ability|p1a: Qwilfish|Intimidate|boost\n|-unboost|p2a: Tentacruel|atk|1\n|turn|30\n|inactive|Time left: 300 sec this turn | 300 sec total\n|\n|t:|1783570635\n|switch|p2a: Qwilfish|Qwilfish-Hisui, L83, F|15/100\n|-ability|p2a: Qwilfish|Intimidate|boost\n|-unboost|p1a: Qwilfish|atk|1\n|move|p1a: Qwilfish|Gunk Shot|p2a: Qwilfish\n|-resisted|p2a: Qwilfish\n|-damage|p2a: Qwilfish|2/100\n|\n|upkeep\n|turn|31\n|inactive|Time left: 300 sec this turn | 300 sec total\n|\n|t:|1783570636\n|switch|p2a: Tentacruel|Tentacruel, L84, M|60/100\n|move|p1a: Qwilfish|Flip Turn|p2a: Tentacruel\n|-resisted|p2a: Tentacruel\n|-damage|p2a: Tentacruel|50/100\n|inactive|Time left: 300 sec this turn | 300 sec total | 5 sec grace\n|\n|t:|1783570637\n|switch|p1a: Urshifu|Urshifu, L74, F|270/270|[from] Flip Turn\n|\n|-heal|p2a: Tentacruel|56/100|[from] item: Leftovers\n|upkeep\n|turn|32\n|inactive|Time left: 300 sec this turn | 300 sec total\n|\n|t:|1783570638\n|move|p2a: Tentacruel|Sludge Bomb|p1a: Urshifu\n|-damage|p1a: Urshifu|155/270\n|move|p1a: Urshifu|Wicked Blow|p2a: Tentacruel\n|-crit|p2a: Tentacruel\n|-damage|p2a: Tentacruel|0 fnt\n|faint|p2a: Tentacruel\n|-damage|p1a: Urshifu|128/270|[from] item: Life Orb\n|\n|upkeep\n|\n|t:|1783570639\n|switch|p2a: Sandy Shocks|Sandy Shocks, L80|100/100\n|turn|33\n|inactive|Time left: 300 sec this turn | 300 sec total\n|\n|t:|1783570640\n|move|p2a: Sandy Shocks|Earth Power|p1a: Urshifu\n|-damage|p1a: Urshifu|0 fnt\n|faint|p1a: Urshifu\n|\n|upkeep\n|inactive|Time left: 300 sec this turn | 300 sec total | 5 sec grace\n|\n|t:|1783570641\n|switch|p1a: Qwilfish|Qwilfish, L86, M|111/252\n|-ability|p1a: Qwilfish|Intimidate|boost\n|-unboost|p2a: Sandy Shocks|atk|1\n|turn|34\n|inactive|Time left: 300 sec this turn | 300 sec total\n|\n|t:|1783570642\n|-terastallize|p1a: Qwilfish|Grass\n|move|p2a: Sandy Shocks|Earth Power|p1a: Qwilfish\n|-resisted|p1a: Qwilfish\n|-damage|p1a: Qwilfish|33/252\n|move|p1a: Qwilfish|Pain Split|p2a: Sandy Shocks\n|-sethp|p2a: Sandy Shocks|57/100|[from] move: Pain Split|[silent]\n|-sethp|p1a: Qwilfish|150/252|[from] move: Pain Split\n|\n|-heal|p2a: Sandy Shocks|63/100|[from] item: Leftovers\n|upkeep\n|turn|35\n|inactive|Time left: 300 sec this turn | 300 sec total\n|\n|t:|1783570643\n|move|p2a: Sandy Shocks|Earth Power|p1a: Qwilfish\n|-resisted|p1a: Qwilfish\n|-damage|p1a: Qwilfish|80/252\n|move|p1a: Qwilfish|Flip Turn|p2a: Sandy Shocks\n|-supereffective|p2a: Sandy Shocks\n|-damage|p2a: Sandy Shocks|15/100\n|inactive|Time left: 300 sec this turn | 300 sec total | 5 sec grace\n|\n|t:|1783570644\n|switch|p1a: Avalugg|Avalugg, L88, M|195/310 psn|[from] Flip Turn\n|\n|-heal|p2a: Sandy Shocks|21/100|[from] item: Leftovers\n|-damage|p1a: Avalugg|157/310 psn|[from] psn\n|upkeep\n|turn|36\n|inactive|Time left: 300 sec this turn | 300 sec total\n|\n|t:|1783570645\n|move|p2a: Sandy Shocks|Earth Power|p1a: Avalugg\n|-damage|p1a: Avalugg|7/310 psn\n|move|p1a: Avalugg|Avalanche|p2a: Sandy Shocks\n|-supereffective|p2a: Sandy Shocks\n|-damage|p2a: Sandy Shocks|0 fnt\n|faint|p2a: Sandy Shocks\n|-end|p2a: Sandy Shocks|Protosynthesis|[silent]\n|\n|-damage|p1a: Avalugg|0 fnt|[from] psn\n|faint|p1a: Avalugg\n|upkeep\n|inactive|Time left: 300 sec this turn | 300 sec total | 5 sec grace\n|\n|t:|1783570646\n|switch|p2a: Phione|Phione, L91|100/100\n|switch|p1a: Qwilfish|Qwilfish, L86, M, tera:Grass|80/252\n|-ability|p1a: Qwilfish|Intimidate|boost\n|-unboost|p2a: Phione|atk|1\n|turn|37\n|inactive|Time left: 300 sec this turn | 300 sec total\n|\n|t:|1783570646\n|move|p2a: Phione|Scald|p1a: Qwilfish\n|-resisted|p1a: Qwilfish\n|-damage|p1a: Qwilfish|26/252\n|-status|p1a: Qwilfish|brn\n|move|p1a: Qwilfish|Pain Split|p2a: Phione\n|-sethp|p2a: Phione|55/100|[from] move: Pain Split|[silent]\n|-sethp|p1a: Qwilfish|159/252 brn|[from] move: Pain Split\n|\n|-heal|p2a: Phione|61/100|[from] item: Leftovers\n|-damage|p1a: Qwilfish|144/252 brn|[from] brn\n|upkeep\n|turn|38\n|inactive|Time left: 300 sec this turn | 300 sec total\n|\n|t:|1783570647\n|move|p2a: Phione|Scald|p1a: Qwilfish\n|-resisted|p1a: Qwilfish\n|-damage|p1a: Qwilfish|81/252 brn\n|move|p1a: Qwilfish|Toxic Spikes|p2a: Phione\n|-sidestart|p2: p0y26513be8|move: Toxic Spikes\n|\n|-heal|p2a: Phione|67/100|[from] item: Leftovers\n|-damage|p1a: Qwilfish|66/252 brn|[from] brn\n|upkeep\n|turn|39\n|inactive|Time left: 300 sec this turn | 300 sec total\n|\n|t:|1783570648\n|-terastallize|p2a: Phione|Dragon\n|move|p2a: Phione|Scald|p1a: Qwilfish\n|-resisted|p1a: Qwilfish\n|-damage|p1a: Qwilfish|7/252 brn\n|move|p1a: Qwilfish|Pain Split|p2a: Phione\n|-sethp|p2a: Phione|35/100|[from] move: Pain Split|[silent]\n|-sethp|p1a: Qwilfish|101/252 brn|[from] move: Pain Split\n|\n|-heal|p2a: Phione|41/100|[from] item: Leftovers\n|-damage|p1a: Qwilfish|86/252 brn|[from] brn\n|upkeep\n|turn|40\n|inactive|Time left: 300 sec this turn | 300 sec total\n|\n|t:|1783570649\n|move|p2a: Phione|Scald|p1a: Qwilfish\n|-resisted|p1a: Qwilfish\n|-damage|p1a: Qwilfish|32/252 brn\n|move|p1a: Qwilfish|Pain Split|p2a: Phione\n|-sethp|p2a: Phione|26/100|[from] move: Pain Split|[silent]\n|-sethp|p1a: Qwilfish|75/252 brn|[from] move: Pain Split\n|\n|-heal|p2a: Phione|32/100|[from] item: Leftovers\n|-damage|p1a: Qwilfish|60/252 brn|[from] brn\n|upkeep\n|turn|41\n|inactive|Time left: 300 sec this turn | 300 sec total\n|\n|t:|1783570650\n|move|p2a: Phione|Scald|p1a: Qwilfish\n|-resisted|p1a: Qwilfish\n|-damage|p1a: Qwilfish|0 fnt\n|faint|p1a: Qwilfish\n|\n|win|p0y26513be8", "uploadtime": 1783570650, "views": 0, "rating": 0, "private": 0, "password": null, "_winner": "p0y26513be8", "_our_name": "p0x265125ae"}