{"id": "battle-gen9randombattle-1871", "formatid": "gen9randombattle", "format": "[Gen 9] Random Battle", "players": ["p0x187159ae", "p0y18714fb6"], "log": "|init|battle\n|title|p0x187159ae vs. p0y18714fb6\n|j|\u2606p0x187159ae\n|j|\u2606p0y18714fb6\n|t:|1783561664\n|gametype|singles\n|player|p1|p0x187159ae|265|\n|player|p2|p0y18714fb6|1|\n|gen|9\n|tier|[Gen 9] Random Battle\n|rule|Species Clause: Limit one of each Pok\u00e9mon\n|rule|HP Percentage Mod: HP is shown in percentages\n|rule|Sleep Clause Mod: Limit one foe put to sleep\n|rule|Illusion Level Mod: Illusion disguises the Pok\u00e9mon's true level\n|\n|t:|1783561664\n|teamsize|p1|6\n|teamsize|p2|6\n|start\n|switch|p1a: Iron Thorns|Iron Thorns, L83|302/302\n|switch|p2a: Tinkaton|Tinkaton, L82, F|100/100\n|-ability|p2a: Tinkaton|Mold Breaker\n|turn|1\n|inactive|Battle timer is ON: inactive players will automatically lose when time's up. (requested by p0x187159ae)\n|inactive|p0y18714fb6 also wants the timer to be on.\n|\n|t:|1783561665\n|move|p2a: Tinkaton|Swords Dance|p2a: Tinkaton\n|-boost|p2a: Tinkaton|atk|2\n|move|p1a: Iron Thorns|Stone Edge|p2a: Tinkaton\n|-resisted|p2a: Tinkaton\n|-damage|p2a: Tinkaton|73/100\n|\n|-heal|p2a: Tinkaton|80/100|[from] item: Leftovers\n|upkeep\n|turn|2\n|inactive|Time left: 300 sec this turn | 300 sec total\n|\n|t:|1783561666\n|-end|p1a: Iron Thorns|Quark Drive|[silent]\n|switch|p1a: Skarmory|Skarmory, L80, M|235/235\n|move|p2a: Tinkaton|Gigaton Hammer|p1a: Skarmory\n|-resisted|p1a: Skarmory\n|-damage|p1a: Skarmory|145/235\n|\n|-heal|p2a: Tinkaton|86/100|[from] item: Leftovers\n|-heal|p1a: Skarmory|159/235|[from] item: Leftovers\n|upkeep\n|turn|3\n|inactive|Time left: 300 sec this turn | 300 sec total\n|\n|t:|1783561667\n|move|p2a: Tinkaton|Play Rough|p1a: Skarmory\n|-resisted|p1a: Skarmory\n|-damage|p1a: Skarmory|103/235\n|move|p1a: Skarmory|Iron Defense|p1a: Skarmory\n|-boost|p1a: Skarmory|def|2\n|\n|-heal|p2a: Tinkaton|92/100|[from] item: Leftovers\n|-heal|p1a: Skarmory|117/235|[from] item: Leftovers\n|upkeep\n|turn|4\n|inactive|Time left: 300 sec this turn | 300 sec total\n|\n|t:|1783561668\n|move|p2a: Tinkaton|Play Rough|p1a: Skarmory\n|-resisted|p1a: Skarmory\n|-damage|p1a: Skarmory|89/235\n|move|p1a: Skarmory|Roost|p1a: Skarmory\n|-heal|p1a: Skarmory|207/235\n|-singleturn|p1a: Skarmory|move: Roost\n|\n|-heal|p2a: Tinkaton|98/100|[from] item: Leftovers\n|-heal|p1a: Skarmory|221/235|[from] item: Leftovers\n|upkeep\n|turn|5\n|inactive|Time left: 300 sec this turn | 300 sec total\n|\n|t:|1783561669\n|move|p2a: Tinkaton|Play Rough|p1a: Skarmory\n|-resisted|p1a: Skarmory\n|-damage|p1a: Skarmory|194/235\n|move|p1a: Skarmory|Body Press|p2a: Tinkaton\n|-damage|p2a: Tinkaton|39/100\n|\n|-heal|p2a: Tinkaton|45/100|[from] item: Leftovers\n|-heal|p1a: Skarmory|208/235|[from] item: Leftovers\n|upkeep\n|turn|6\n|inactive|Time left: 300 sec this turn | 300 sec total\n|\n|t:|1783561670\n|move|p2a: Tinkaton|Protect|p2a: Tinkaton\n|-singleturn|p2a: Tinkaton|Protect\n|move|p1a: Skarmory|Body Press|p2a: Tinkaton\n|-activate|p2a: Tinkaton|move: Protect\n|\n|-heal|p2a: Tinkaton|52/100|[from] item: Leftovers\n|-heal|p1a: Skarmory|222/235|[from] item: Leftovers\n|upkeep\n|turn|7\n|inactive|Time left: 300 sec this turn | 300 sec total\n|\n|t:|1783561671\n|switch|p2a: Banette|Banette, L93, M|100/100\n|move|p1a: Skarmory|Body Press|p2a: Banette\n|-immune|p2a: Banette\n|\n|-heal|p1a: Skarmory|235/235|[from] item: Leftovers\n|upkeep\n|turn|8\n|inactive|Time left: 300 sec this turn | 300 sec total\n|\n|t:|1783561672\n|move|p2a: Banette|Swords Dance|p2a: Banette\n|-boost|p2a: Banette|atk|2\n|move|p1a: Skarmory|Brave Bird|p2a: Banette\n|-damage|p2a: Banette|55/100\n|-start|p1a: Skarmory|Disable|Brave Bird|[from] ability: Cursed Body|[of] p2a: Banette\n|-damage|p1a: Skarmory|194/235|[from] Recoil\n|\n|-heal|p1a: Skarmory|208/235|[from] item: Leftovers\n|upkeep\n|turn|9\n|inactive|Time left: 300 sec this turn | 300 sec total\n|\n|t:|1783561674\n|move|p2a: Banette|Swords Dance|p2a: Banette\n|-boost|p2a: Banette|atk|2\n|move|p1a: Skarmory|Roost|p1a: Skarmory\n|-heal|p1a: Skarmory|235/235\n|-singleturn|p1a: Skarmory|move: Roost\n|\n|upkeep\n|turn|10\n|inactive|Time left: 300 sec this turn | 300 sec total\n|\n|t:|1783561675\n|move|p2a: Banette|Poltergeist|p1a: Skarmory|[miss]\n|-miss|p2a: Banette|p1a: Skarmory\n|move|p1a: Skarmory|Roost||[still]\n|-fail|p1a: Skarmory|heal\n|\n|upkeep\n|turn|11\n|inactive|Time left: 300 sec this turn | 300 sec total\n|\n|t:|1783561676\n|move|p2a: Banette|Poltergeist|p1a: Skarmory\n|-activate|p1a: Skarmory|move: Poltergeist|Leftovers\n|-ability|p1a: Skarmory|Sturdy\n|-damage|p1a: Skarmory|1/235\n|-damage|p2a: Banette|45/100|[from] item: Life Orb\n|move|p1a: Skarmory|Roost|p1a: Skarmory\n|-heal|p1a: Skarmory|119/235\n|-singleturn|p1a: Skarmory|move: Roost\n|\n|-heal|p1a: Skarmory|133/235|[from] item: Leftovers\n|-end|p1a: Skarmory|Disable\n|upkeep\n|turn|12\n|inactive|Time left: 300 sec this turn | 300 sec total\n|\n|t:|1783561677\n|move|p2a: Banette|Poltergeist|p1a: Skarmory\n|-activate|p1a: Skarmory|move: Poltergeist|Leftovers\n|-damage|p1a: Skarmory|0 fnt\n|faint|p1a: Skarmory\n|-damage|p2a: Banette|35/100|[from] item: Life Orb\n|\n|upkeep\n|inactive|Time left: 300 sec this turn | 300 sec total | 5 sec grace\n|\n|t:|1783561678\n|switch|p1a: Crawdaunt|Crawdaunt, L84, F|243/243\n|turn|13\n|inactive|Time left: 300 sec this turn | 300 sec total\n|\n|t:|1783561679\n|move|p1a: Crawdaunt|Aqua Jet|p2a: Banette\n|-damage|p2a: Banette|0 fnt\n|-start|p1a: Crawdaunt|Disable|Aqua Jet|[from] ability: Cursed Body|[of] p2a: Banette\n|faint|p2a: Banette\n|-damage|p1a: Crawdaunt|219/243|[from] item: Life Orb\n|\n|upkeep\n|\n|t:|1783561680\n|switch|p2a: Flapple|Flapple, L88, M|100/100\n|turn|14\n|inactive|Time left: 300 sec this turn | 300 sec total\n|\n|t:|1783561681\n|switch|p1a: Carbink|Carbink, L90|236/236\n|move|p2a: Flapple|Outrage|p1a: Carbink\n|-immune|p1a: Carbink\n|\n|upkeep\n|turn|15\n|inactive|Time left: 300 sec this turn | 300 sec total\n|\n|t:|1783561682\n|move|p2a: Flapple|Grav Apple|p1a: Carbink\n|-supereffective|p1a: Carbink\n|-damage|p1a: Carbink|36/236\n|-unboost|p1a: Carbink|def|1\n|move|p1a: Carbink|Moonblast|p2a: Flapple\n|-supereffective|p2a: Flapple\n|-damage|p2a: Flapple|32/100\n|\n|-heal|p1a: Carbink|50/236|[from] item: Leftovers\n|upkeep\n|turn|16\n|inactive|Time left: 300 sec this turn | 300 sec total\n|\n|t:|1783561683\n|switch|p1a: Haxorus|Haxorus, L77, F|244/244\n|-ability|p1a: Haxorus|Mold Breaker\n|move|p2a: Flapple|Grav Apple|p1a: Haxorus\n|-resisted|p1a: Haxorus\n|-damage|p1a: Haxorus|167/244\n|-unboost|p1a: Haxorus|def|1\n|\n|upkeep\n|turn|17\n|inactive|Time left: 300 sec this turn | 300 sec total\n|\n|t:|1783561684\n|move|p1a: Haxorus|Scale Shot|p2a: Flapple\n|-supereffective|p2a: Flapple\n|-damage|p2a: Flapple|7/100\n|-supereffective|p2a: Flapple\n|-damage|p2a: Flapple|0 fnt\n|faint|p2a: Flapple\n|-hitcount|p2: Flapple|2\n|-unboost|p1a: Haxorus|def|1\n|-boost|p1a: Haxorus|spe|1\n|\n|upkeep\n|\n|t:|1783561685\n|switch|p2a: Tinkaton|Tinkaton, L82, F|52/100\n|-ability|p2a: Tinkaton|Mold Breaker\n|turn|18\n|inactive|Time left: 300 sec this turn | 300 sec total\n|\n|t:|1783561686\n|move|p1a: Haxorus|Earthquake|p2a: Tinkaton\n|-supereffective|p2a: Tinkaton\n|-damage|p2a: Tinkaton|0 fnt\n|faint|p2a: Tinkaton\n|\n|upkeep\n|\n|t:|1783561687\n|switch|p2a: Klawf|Klawf, L90, F|100/100\n|turn|19\n|inactive|Time left: 300 sec this turn | 300 sec total\n|\n|t:|1783561688\n|move|p1a: Haxorus|Iron Head|p2a: Klawf\n|-supereffective|p2a: Klawf\n|-damage|p2a: Klawf|65/100\n|move|p2a: Klawf|Stone Edge|p1a: Haxorus\n|-damage|p1a: Haxorus|0 fnt\n|faint|p1a: Haxorus\n|-damage|p2a: Klawf|55/100|[from] item: Life Orb\n|\n|upkeep\n|inactive|Time left: 300 sec this turn | 300 sec total | 5 sec grace\n|\n|t:|1783561689\n|switch|p1a: Crawdaunt|Crawdaunt, L84, F|219/243\n|turn|20\n|inactive|Time left: 300 sec this turn | 300 sec total\n|\n|t:|1783561690\n|move|p2a: Klawf|Stone Edge|p1a: Crawdaunt\n|-damage|p1a: Crawdaunt|46/243\n|-damage|p2a: Klawf|45/100|[from] item: Life Orb\n|move|p1a: Crawdaunt|Dragon Dance|p1a: Crawdaunt\n|-boost|p1a: Crawdaunt|atk|1\n|-boost|p1a: Crawdaunt|spe|1\n|\n|upkeep\n|turn|21\n|inactive|Time left: 300 sec this turn | 300 sec total\n|\n|t:|1783561691\n|move|p1a: Crawdaunt|Knock Off|p2a: Klawf\n|-damage|p2a: Klawf|0 fnt\n|-enditem|p2a: Klawf|Life Orb|[from] move: Knock Off|[of] p1a: Crawdaunt\n|faint|p2a: Klawf\n|-damage|p1a: Crawdaunt|22/243|[from] item: Life Orb\n|\n|upkeep\n|\n|t:|1783561692\n|switch|p2a: Deoxys|Deoxys-Attack, L72|100/100\n|-ability|p2a: Deoxys|Pressure\n|turn|22\n|inactive|Time left: 300 sec this turn | 300 sec total\n|\n|t:|1783561693\n|switch|p2a: Gouging Fire|Gouging Fire, L74|100/100\n|move|p1a: Crawdaunt|Aqua Jet|p2a: Gouging Fire\n|-damage|p2a: Gouging Fire|55/100\n|-damage|p1a: Crawdaunt|0 fnt|[from] item: Life Orb\n|faint|p1a: Crawdaunt\n|\n|upkeep\n|inactive|Time left: 300 sec this turn | 300 sec total | 5 sec grace\n|\n|t:|1783561694\n|switch|p1a: Iron Thorns|Iron Thorns, L83|302/302\n|turn|23\n|inactive|Time left: 300 sec this turn | 300 sec total\n|\n|t:|1783561695\n|-terastallize|p2a: Gouging Fire|Fairy\n|move|p2a: Gouging Fire|Morning Sun|p2a: Gouging Fire\n|-heal|p2a: Gouging Fire|100/100\n|move|p1a: Iron Thorns|Stone Edge|p2a: Gouging Fire|[miss]\n|-miss|p1a: Iron Thorns|p2a: Gouging Fire\n|\n|upkeep\n|turn|24\n|inactive|Time left: 300 sec this turn | 300 sec total\n|\n|t:|1783561696\n|move|p2a: Gouging Fire|Dragon Dance|p2a: Gouging Fire\n|-boost|p2a: Gouging Fire|atk|1\n|-boost|p2a: Gouging Fire|spe|1\n|move|p1a: Iron Thorns|Stone Edge|p2a: Gouging Fire\n|-crit|p2a: Gouging Fire\n|-damage|p2a: Gouging Fire|34/100\n|\n|upkeep\n|turn|25\n|inactive|Time left: 300 sec this turn | 300 sec total\n|\n|t:|1783561697\n|move|p2a: Gouging Fire|Morning Sun|p2a: Gouging Fire\n|-heal|p2a: Gouging Fire|84/100\n|move|p1a: Iron Thorns|Stone Edge|p2a: Gouging Fire|[miss]\n|-miss|p1a: Iron Thorns|p2a: Gouging Fire\n|\n|upkeep\n|turn|26\n|inactive|Time left: 300 sec this turn | 300 sec total\n|\n|t:|1783561698\n|move|p2a: Gouging Fire|Dragon Dance|p2a: Gouging Fire\n|-boost|p2a: Gouging Fire|atk|1\n|-boost|p2a: Gouging Fire|spe|1\n|move|p1a: Iron Thorns|Stone Edge|p2a: Gouging Fire|[miss]\n|-miss|p1a: Iron Thorns|p2a: Gouging Fire\n|\n|upkeep\n|turn|27\n|inactive|Time left: 300 sec this turn | 300 sec total\n|\n|t:|1783561699\n|move|p2a: Gouging Fire|Outrage|p1a: Iron Thorns\n|-damage|p1a: Iron Thorns|98/302\n|move|p1a: Iron Thorns|Stone Edge|p2a: Gouging Fire|[miss]\n|-miss|p1a: Iron Thorns|p2a: Gouging Fire\n|\n|upkeep\n|turn|28\n|inactive|Time left: 300 sec this turn | 300 sec total\n|\n|t:|1783561700\n|-end|p1a: Iron Thorns|Quark Drive|[silent]\n|switch|p1a: Carbink|Carbink, L90|50/236\n|move|p2a: Gouging Fire|Outrage|p1a: Carbink|[from] lockedmove\n|-immune|p1a: Carbink\n|-start|p2a: Gouging Fire|confusion|[fatigue]\n|\n|-heal|p1a: Carbink|64/236|[from] item: Leftovers\n|upkeep\n|turn|29\n|inactive|Time left: 300 sec this turn | 300 sec total\n|\n|t:|1783561701\n|-activate|p2a: Gouging Fire|confusion\n|move|p2a: Gouging Fire|Heat Crash|p1a: Carbink\n|-resisted|p1a: Carbink\n|-damage|p1a: Carbink|0 fnt\n|faint|p1a: Carbink\n|\n|upkeep\n|inactive|Time left: 300 sec this turn | 300 sec total | 5 sec grace\n|\n|t:|1783561702\n|switch|p1a: Chimecho|Chimecho, L93, M|290/290\n|turn|30\n|inactive|Time left: 300 sec this turn | 300 sec total\n|\n|t:|1783561703\n|-activate|p2a: Gouging Fire|confusion\n|-damage|p2a: Gouging Fire|69/100|[from] confusion\n|move|p1a: Chimecho|Psychic Noise|p2a: Gouging Fire\n|-damage|p2a: Gouging Fire|32/100\n|-start|p2a: Gouging Fire|move: Heal Block\n|\n|upkeep\n|turn|31\n|inactive|Time left: 300 sec this turn | 300 sec total\n|\n|t:|1783561705\n|-activate|p2a: Gouging Fire|confusion\n|-damage|p2a: Gouging Fire|15/100|[from] confusion\n|move|p1a: Chimecho|Psychic Noise|p2a: Gouging Fire\n|-damage|p2a: Gouging Fire|0 fnt\n|faint|p2a: Gouging Fire\n|-end|p2a: Gouging Fire|Protosynthesis|[silent]\n|\n|upkeep\n|\n|t:|1783561705\n|switch|p2a: Deoxys|Deoxys-Attack, L72|100/100\n|-ability|p2a: Deoxys|Pressure\n|turn|32\n|inactive|Time left: 300 sec this turn | 300 sec total\n|\n|t:|1783561706\n|-terastallize|p1a: Chimecho|Electric\n|move|p2a: Deoxys|Ice Beam|p1a: Chimecho\n|-damage|p1a: Chimecho|204/290\n|-damage|p2a: Deoxys|91/100|[from] item: Life Orb\n|move|p1a: Chimecho|Knock Off|p2a: Deoxys\n|-supereffective|p2a: Deoxys\n|-damage|p2a: Deoxys|0 fnt\n|-enditem|p2a: Deoxys|Life Orb|[from] move: Knock Off|[of] p1a: Chimecho\n|faint|p2a: Deoxys\n|\n|win|p0x187159ae", "uploadtime": 1783561706, "views": 0, "rating": 0, "private": 0, "password": null, "_winner": "p0x187159ae", "_our_name": "p0x187159ae"}