{"id": "battle-gen9randombattle-970", "formatid": "gen9randombattle", "format": "[Gen 9] Random Battle", "players": ["p0x9706098", "p0y970cf97"], "log": "|init|battle\n|title|p0x9706098 vs. p0y970cf97\n|j|\u2606p0x9706098\n|j|\u2606p0y970cf97\n|t:|1783551144\n|gametype|singles\n|player|p1|p0x9706098|169|\n|player|p2|p0y970cf97|101|\n|gen|9\n|tier|[Gen 9] Random Battle\n|rule|Species Clause: Limit one of each Pok\u00e9mon\n|rule|HP Percentage Mod: HP is shown in percentages\n|rule|Sleep Clause Mod: Limit one foe put to sleep\n|rule|Illusion Level Mod: Illusion disguises the Pok\u00e9mon's true level\n|\n|t:|1783551144\n|teamsize|p1|6\n|teamsize|p2|6\n|start\n|switch|p1a: Pelipper|Pelipper, L86, F|100/100\n|switch|p2a: Reuniclus|Reuniclus, L88, F|337/337\n|-weather|RainDance|[from] ability: Drizzle|[of] p1a: Pelipper\n|turn|1\n|inactive|Battle timer is ON: inactive players will automatically lose when time's up. (requested by p0x9706098)\n|inactive|Time left: 300 sec this turn | 300 sec total | 60 sec grace\n|\n|t:|1783551145\n|move|p1a: Pelipper|Hydro Pump|p2a: Reuniclus\n|-damage|p2a: Reuniclus|172/337\n|move|p2a: Reuniclus|Psyshock|p1a: Pelipper\n|-damage|p1a: Pelipper|41/100\n|\n|-weather|RainDance|[upkeep]\n|upkeep\n|turn|2\n|inactive|Time left: 300 sec this turn | 300 sec total\n|inactive|p0y970cf97 also wants the timer to be on.\n|\n|t:|1783551146\n|switch|p2a: Blissey|Blissey, L85, F|572/572\n|move|p1a: Pelipper|Hydro Pump|p2a: Blissey\n|-damage|p2a: Blissey|440/572\n|\n|-weather|RainDance|[upkeep]\n|-heal|p2a: Blissey|475/572|[from] item: Leftovers\n|upkeep\n|turn|3\n|inactive|Time left: 300 sec this turn | 300 sec total\n|\n|t:|1783551148\n|move|p1a: Pelipper|Roost|p1a: Pelipper\n|-heal|p1a: Pelipper|91/100\n|-singleturn|p1a: Pelipper|move: Roost\n|move|p2a: Blissey|Stealth Rock|p1a: Pelipper\n|-sidestart|p1: p0x9706098|move: Stealth Rock\n|\n|-weather|RainDance|[upkeep]\n|-heal|p2a: Blissey|510/572|[from] item: Leftovers\n|upkeep\n|turn|4\n|inactive|Time left: 300 sec this turn | 300 sec total\n|\n|t:|1783551148\n|move|p1a: Pelipper|Hurricane|p2a: Blissey\n|-damage|p2a: Blissey|429/572\n|move|p2a: Blissey|Seismic Toss|p1a: Pelipper\n|-damage|p1a: Pelipper|56/100\n|\n|-weather|RainDance|[upkeep]\n|-heal|p2a: Blissey|464/572|[from] item: Leftovers\n|upkeep\n|turn|5\n|inactive|Time left: 300 sec this turn | 300 sec total\n|\n|t:|1783551149\n|move|p1a: Pelipper|Roost|p1a: Pelipper\n|-heal|p1a: Pelipper|100/100\n|-singleturn|p1a: Pelipper|move: Roost\n|move|p2a: Blissey|Seismic Toss|p1a: Pelipper\n|-damage|p1a: Pelipper|66/100\n|\n|-weather|none\n|-heal|p2a: Blissey|499/572|[from] item: Leftovers\n|upkeep\n|turn|6\n|inactive|Time left: 300 sec this turn | 300 sec total\n|\n|t:|1783551150\n|move|p1a: Pelipper|Roost|p1a: Pelipper\n|-heal|p1a: Pelipper|100/100\n|-singleturn|p1a: Pelipper|move: Roost\n|move|p2a: Blissey|Seismic Toss|p1a: Pelipper\n|-damage|p1a: Pelipper|66/100\n|\n|-heal|p2a: Blissey|534/572|[from] item: Leftovers\n|upkeep\n|turn|7\n|inactive|Time left: 300 sec this turn | 300 sec total\n|\n|t:|1783551151\n|move|p1a: Pelipper|Roost|p1a: Pelipper\n|-heal|p1a: Pelipper|100/100\n|-singleturn|p1a: Pelipper|move: Roost\n|move|p2a: Blissey|Seismic Toss|p1a: Pelipper\n|-damage|p1a: Pelipper|66/100\n|\n|-heal|p2a: Blissey|569/572|[from] item: Leftovers\n|upkeep\n|turn|8\n|inactive|Time left: 300 sec this turn | 300 sec total\n|\n|t:|1783551152\n|move|p1a: Pelipper|Roost|p1a: Pelipper\n|-heal|p1a: Pelipper|100/100\n|-singleturn|p1a: Pelipper|move: Roost\n|move|p2a: Blissey|Seismic Toss|p1a: Pelipper\n|-damage|p1a: Pelipper|66/100\n|\n|-heal|p2a: Blissey|572/572|[from] item: Leftovers\n|upkeep\n|turn|9\n|inactive|Time left: 300 sec this turn | 300 sec total\n|\n|t:|1783551153\n|move|p1a: Pelipper|Roost|p1a: Pelipper\n|-heal|p1a: Pelipper|100/100\n|-singleturn|p1a: Pelipper|move: Roost\n|move|p2a: Blissey|Seismic Toss|p1a: Pelipper\n|-damage|p1a: Pelipper|66/100\n|\n|upkeep\n|turn|10\n|inactive|Time left: 300 sec this turn | 300 sec total\n|\n|t:|1783551154\n|move|p1a: Pelipper|Roost|p1a: Pelipper\n|-heal|p1a: Pelipper|100/100\n|-singleturn|p1a: Pelipper|move: Roost\n|move|p2a: Blissey|Seismic Toss|p1a: Pelipper\n|-damage|p1a: Pelipper|66/100\n|\n|upkeep\n|turn|11\n|inactive|Time left: 300 sec this turn | 300 sec total\n|\n|t:|1783551155\n|move|p1a: Pelipper|Roost|p1a: Pelipper\n|-heal|p1a: Pelipper|100/100\n|-singleturn|p1a: Pelipper|move: Roost\n|move|p2a: Blissey|Seismic Toss|p1a: Pelipper\n|-damage|p1a: Pelipper|66/100\n|\n|upkeep\n|turn|12\n|inactive|Time left: 300 sec this turn | 300 sec total\n|\n|t:|1783551156\n|move|p1a: Pelipper|Hurricane|p2a: Blissey|[miss]\n|-miss|p1a: Pelipper|p2a: Blissey\n|move|p2a: Blissey|Seismic Toss|p1a: Pelipper\n|-damage|p1a: Pelipper|31/100\n|\n|upkeep\n|turn|13\n|inactive|Time left: 300 sec this turn | 300 sec total\n|\n|t:|1783551157\n|switch|p1a: Crabominable|Crabominable, L90, M|100/100\n|-damage|p1a: Crabominable|88/100|[from] Stealth Rock\n|move|p2a: Blissey|Seismic Toss|p1a: Crabominable\n|-damage|p1a: Crabominable|62/100\n|\n|upkeep\n|turn|14\n|inactive|Time left: 300 sec this turn | 300 sec total\n|\n|t:|1783551158\n|switch|p2a: Slowbro|Slowbro, L85, M|300/300\n|move|p1a: Crabominable|Drain Punch|p2a: Slowbro\n|-resisted|p2a: Slowbro\n|-damage|p2a: Slowbro|241/300\n|-heal|p1a: Crabominable|71/100|[from] drain|[of] p2a: Slowbro\n|-damage|p1a: Crabominable|54/100|[from] item: Rocky Helmet|[of] p2a: Slowbro\n|\n|upkeep\n|turn|15\n|inactive|Time left: 300 sec this turn | 300 sec total\n|\n|t:|1783551159\n|move|p1a: Crabominable|Knock Off|p2a: Slowbro\n|-supereffective|p2a: Slowbro\n|-damage|p2a: Slowbro|71/300\n|-damage|p1a: Crabominable|38/100|[from] item: Rocky Helmet|[of] p2a: Slowbro\n|-enditem|p2a: Slowbro|Rocky Helmet|[from] move: Knock Off|[of] p1a: Crabominable\n|move|p2a: Slowbro|Psychic Noise|p1a: Crabominable\n|-supereffective|p1a: Crabominable\n|-damage|p1a: Crabominable|0 fnt\n|faint|p1a: Crabominable\n|\n|upkeep\n|\n|t:|1783551160\n|switch|p1a: Oricorio|Oricorio-Sensu, L85, M|100/100\n|turn|16\n|inactive|Time left: 300 sec this turn | 300 sec total\n|\n|t:|1783551161\n|switch|p2a: Blissey|Blissey, L85, F|572/572\n|move|p1a: Oricorio|Quiver Dance|p1a: Oricorio\n|-boost|p1a: Oricorio|spa|1\n|-boost|p1a: Oricorio|spd|1\n|-boost|p1a: Oricorio|spe|1\n|\n|upkeep\n|turn|17\n|inactive|Time left: 300 sec this turn | 300 sec total\n|\n|t:|1783551162\n|move|p1a: Oricorio|Quiver Dance|p1a: Oricorio\n|-boost|p1a: Oricorio|spa|1\n|-boost|p1a: Oricorio|spd|1\n|-boost|p1a: Oricorio|spe|1\n|move|p2a: Blissey|Thunder Wave|p1a: Oricorio\n|-status|p1a: Oricorio|par\n|\n|upkeep\n|turn|18\n|inactive|Time left: 300 sec this turn | 300 sec total\n|\n|t:|1783551163\n|switch|p2a: Reuniclus|Reuniclus, L88, F|172/337\n|move|p1a: Oricorio|Quiver Dance|p1a: Oricorio\n|-boost|p1a: Oricorio|spa|1\n|-boost|p1a: Oricorio|spd|1\n|-boost|p1a: Oricorio|spe|1\n|\n|upkeep\n|turn|19\n|inactive|Time left: 300 sec this turn | 300 sec total\n|\n|t:|1783551164\n|cant|p1a: Oricorio|par\n|move|p2a: Reuniclus|Psyshock|p1a: Oricorio\n|-damage|p1a: Oricorio|39/100 par\n|\n|upkeep\n|turn|20\n|inactive|Time left: 300 sec this turn | 300 sec total\n|\n|t:|1783551165\n|move|p1a: Oricorio|Revelation Dance|p2a: Reuniclus\n|-supereffective|p2a: Reuniclus\n|-damage|p2a: Reuniclus|0 fnt\n|faint|p2a: Reuniclus\n|\n|upkeep\n|inactive|Time left: 300 sec this turn | 300 sec total | 5 sec grace\n|\n|t:|1783551166\n|switch|p2a: Ariados|Ariados, L95, M|287/287\n|turn|21\n|inactive|Time left: 300 sec this turn | 300 sec total\n|\n|t:|1783551168\n|cant|p1a: Oricorio|par\n|move|p2a: Ariados|Knock Off|p1a: Oricorio\n|-supereffective|p1a: Oricorio\n|-damage|p1a: Oricorio|0 fnt\n|-enditem|p1a: Oricorio|Heavy-Duty Boots|[from] move: Knock Off|[of] p2a: Ariados\n|faint|p1a: Oricorio\n|\n|upkeep\n|\n|t:|1783551169\n|switch|p1a: Pelipper|Pelipper, L86, F|31/100\n|-weather|RainDance|[from] ability: Drizzle|[of] p1a: Pelipper\n|turn|22\n|inactive|Time left: 300 sec this turn | 300 sec total\n|\n|t:|1783551170\n|move|p1a: Pelipper|Hurricane|p2a: Ariados\n|-supereffective|p2a: Ariados\n|-damage|p2a: Ariados|27/287\n|move|p2a: Ariados|Poison Jab|p1a: Pelipper\n|-damage|p1a: Pelipper|0 fnt\n|faint|p1a: Pelipper\n|\n|-weather|RainDance|[upkeep]\n|upkeep\n|\n|t:|1783551171\n|switch|p1a: Pachirisu|Pachirisu, L96, M|100/100\n|-damage|p1a: Pachirisu|88/100|[from] Stealth Rock\n|turn|23\n|inactive|Time left: 300 sec this turn | 300 sec total\n|\n|t:|1783551172\n|switch|p2a: Blissey|Blissey, L85, F|572/572\n|move|p1a: Pachirisu|Thunderbolt|p2a: Blissey\n|-damage|p2a: Blissey|517/572\n|\n|-weather|RainDance|[upkeep]\n|-heal|p2a: Blissey|552/572|[from] item: Leftovers\n|upkeep\n|turn|24\n|inactive|Time left: 300 sec this turn | 300 sec total\n|\n|t:|1783551173\n|move|p1a: Pachirisu|Super Fang|p2a: Blissey\n|-damage|p2a: Blissey|276/572\n|move|p2a: Blissey|Seismic Toss|p1a: Pachirisu\n|-damage|p1a: Pachirisu|57/100\n|\n|-weather|RainDance|[upkeep]\n|-heal|p2a: Blissey|311/572|[from] item: Leftovers\n|upkeep\n|turn|25\n|inactive|Time left: 300 sec this turn | 300 sec total\n|\n|t:|1783551174\n|move|p1a: Pachirisu|Nuzzle|p2a: Blissey\n|-damage|p2a: Blissey|263/572\n|-status|p2a: Blissey|par\n|move|p2a: Blissey|Soft-Boiled|p2a: Blissey\n|-heal|p2a: Blissey|549/572 par\n|\n|-weather|RainDance|[upkeep]\n|-heal|p2a: Blissey|572/572 par|[from] item: Leftovers\n|upkeep\n|turn|26\n|inactive|Time left: 300 sec this turn | 300 sec total\n|\n|t:|1783551175\n|move|p1a: Pachirisu|Super Fang|p2a: Blissey\n|-damage|p2a: Blissey|286/572 par\n|move|p2a: Blissey|Seismic Toss|p1a: Pachirisu\n|-damage|p1a: Pachirisu|26/100\n|\n|-weather|none\n|-heal|p2a: Blissey|321/572 par|[from] item: Leftovers\n|upkeep\n|turn|27\n|inactive|Time left: 300 sec this turn | 300 sec total\n|\n|t:|1783551176\n|move|p1a: Pachirisu|Thunderbolt|p2a: Blissey\n|-damage|p2a: Blissey|270/572 par\n|move|p2a: Blissey|Soft-Boiled|p2a: Blissey\n|-heal|p2a: Blissey|556/572 par\n|\n|-heal|p2a: Blissey|572/572 par|[from] item: Leftovers\n|upkeep\n|turn|28\n|inactive|Time left: 300 sec this turn | 300 sec total\n|\n|t:|1783551178\n|move|p1a: Pachirisu|Super Fang|p2a: Blissey\n|-damage|p2a: Blissey|286/572 par\n|cant|p2a: Blissey|par\n|\n|-heal|p2a: Blissey|321/572 par|[from] item: Leftovers\n|upkeep\n|turn|29\n|inactive|Time left: 300 sec this turn | 300 sec total\n|\n|t:|1783551179\n|move|p1a: Pachirisu|Super Fang|p2a: Blissey\n|-damage|p2a: Blissey|161/572 par\n|cant|p2a: Blissey|par\n|\n|-heal|p2a: Blissey|196/572 par|[from] item: Leftovers\n|upkeep\n|turn|30\n|inactive|Time left: 300 sec this turn | 300 sec total\n|\n|t:|1783551180\n|move|p1a: Pachirisu|U-turn|p2a: Blissey\n|-damage|p2a: Blissey|75/572 par\n|\n|t:|1783551181\n|switch|p1a: Iron Hands|Iron Hands, L79|100/100|[from] U-turn\n|-damage|p1a: Iron Hands|94/100|[from] Stealth Rock\n|move|p2a: Blissey|Soft-Boiled|p2a: Blissey\n|-heal|p2a: Blissey|361/572 par\n|\n|-heal|p2a: Blissey|396/572 par|[from] item: Leftovers\n|upkeep\n|turn|31\n|inactive|Time left: 300 sec this turn | 300 sec total\n|\n|t:|1783551182\n|-curestatus|p2a: Blissey|par|[from] ability: Natural Cure|[silent]\n|switch|p2a: Leafeon|Leafeon, L88, F|258/258\n|move|p1a: Iron Hands|Wild Charge|p2a: Leafeon\n|-resisted|p2a: Leafeon\n|-damage|p2a: Leafeon|222/258\n|-damage|p1a: Iron Hands|92/100|[from] Recoil\n|\n|upkeep\n|turn|32\n|inactive|Time left: 300 sec this turn | 300 sec total\n|\n|t:|1783551183\n|move|p2a: Leafeon|Swords Dance|p2a: Leafeon\n|-boost|p2a: Leafeon|atk|2\n|move|p1a: Iron Hands|Heavy Slam|p2a: Leafeon\n|-damage|p2a: Leafeon|153/258\n|\n|upkeep\n|turn|33\n|inactive|Time left: 300 sec this turn | 300 sec total\n|\n|t:|1783551184\n|move|p2a: Leafeon|Leaf Blade|p1a: Iron Hands\n|-damage|p1a: Iron Hands|20/100\n|-damage|p2a: Leafeon|128/258|[from] item: Life Orb\n|move|p1a: Iron Hands|Close Combat|p2a: Leafeon\n|-damage|p2a: Leafeon|22/258\n|-unboost|p1a: Iron Hands|def|1\n|-unboost|p1a: Iron Hands|spd|1\n|\n|upkeep\n|turn|34\n|inactive|Time left: 300 sec this turn | 300 sec total\n|\n|t:|1783551186\n|move|p2a: Leafeon|Leaf Blade|p1a: Iron Hands\n|-damage|p1a: Iron Hands|0 fnt\n|faint|p1a: Iron Hands\n|-end|p1a: Iron Hands|Quark Drive|[silent]\n|-damage|p2a: Leafeon|0 fnt|[from] item: Life Orb\n|faint|p2a: Leafeon\n|\n|upkeep\n|inactive|Time left: 300 sec this turn | 300 sec total | 5 sec grace\n|\n|t:|1783551186\n|switch|p2a: Yanmega|Yanmega, L82, F|275/275\n|switch|p1a: Pachirisu|Pachirisu, L96, M|26/100\n|-damage|p1a: Pachirisu|13/100|[from] Stealth Rock\n|turn|35\n|inactive|Time left: 300 sec this turn | 300 sec total\n|\n|t:|1783551188\n|move|p2a: Yanmega|Protect|p2a: Yanmega\n|-singleturn|p2a: Yanmega|Protect\n|move|p1a: Pachirisu|Thunderbolt|p2a: Yanmega\n|-activate|p2a: Yanmega|move: Protect\n|\n|-ability|p2a: Yanmega|Speed Boost|boost\n|-boost|p2a: Yanmega|spe|1\n|upkeep\n|turn|36\n|inactive|Time left: 300 sec this turn | 300 sec total\n|\n|t:|1783551189\n|switch|p1a: Regigigas|Regigigas, L84|100/100\n|-damage|p1a: Regigigas|88/100|[from] Stealth Rock\n|-start|p1a: Regigigas|ability: Slow Start\n|move|p2a: Yanmega|Tera Blast|p1a: Regigigas\n|-damage|p1a: Regigigas|73/100\n|\n|-heal|p1a: Regigigas|79/100|[from] item: Leftovers\n|-ability|p2a: Yanmega|Speed Boost|boost\n|-boost|p2a: Yanmega|spe|1\n|upkeep\n|turn|37\n|inactive|Time left: 300 sec this turn | 300 sec total\n|\n|t:|1783551190\n|move|p2a: Yanmega|Air Slash|p1a: Regigigas\n|-damage|p1a: Regigigas|57/100\n|move|p1a: Regigigas|Body Slam|p2a: Yanmega\n|-damage|p2a: Yanmega|206/275\n|\n|-heal|p1a: Regigigas|63/100|[from] item: Leftovers\n|-ability|p2a: Yanmega|Speed Boost|boost\n|-boost|p2a: Yanmega|spe|1\n|upkeep\n|turn|38\n|inactive|Time left: 300 sec this turn | 300 sec total\n|\n|t:|1783551191\n|move|p2a: Yanmega|Air Slash|p1a: Regigigas\n|-damage|p1a: Regigigas|39/100\n|cant|p1a: Regigigas|flinch\n|\n|-heal|p1a: Regigigas|45/100|[from] item: Leftovers\n|-ability|p2a: Yanmega|Speed Boost|boost\n|-boost|p2a: Yanmega|spe|1\n|upkeep\n|turn|39\n|inactive|Time left: 300 sec this turn | 300 sec total\n|\n|t:|1783551192\n|move|p2a: Yanmega|Air Slash|p1a: Regigigas\n|-damage|p1a: Regigigas|22/100\n|cant|p1a: Regigigas|flinch\n|\n|-heal|p1a: Regigigas|28/100|[from] item: Leftovers\n|-ability|p2a: Yanmega|Speed Boost|boost\n|-boost|p2a: Yanmega|spe|1\n|upkeep\n|turn|40\n|inactive|Time left: 300 sec this turn | 300 sec total\n|\n|t:|1783551193\n|-terastallize|p1a: Regigigas|Ghost\n|move|p2a: Yanmega|Bug Buzz|p1a: Regigigas\n|-resisted|p1a: Regigigas\n|-damage|p1a: Regigigas|13/100\n|move|p1a: Regigigas|Rest|p1a: Regigigas\n|-status|p1a: Regigigas|slp|[from] move: Rest\n|-heal|p1a: Regigigas|100/100 slp|[silent]\n|\n|-ability|p2a: Yanmega|Speed Boost|boost\n|-boost|p2a: Yanmega|spe|1\n|upkeep\n|turn|41\n|inactive|Time left: 300 sec this turn | 300 sec total\n|\n|t:|1783551194\n|move|p2a: Yanmega|Air Slash|p1a: Regigigas\n|-damage|p1a: Regigigas|78/100 slp\n|cant|p1a: Regigigas|slp\n|move|p1a: Regigigas|Sleep Talk|p1a: Regigigas\n|move|p1a: Regigigas|Rest||[from] move: Sleep Talk|[still]\n|-fail|p1a: Regigigas\n|\n|-heal|p1a: Regigigas|84/100 slp|[from] item: Leftovers\n|-end|p1a: Regigigas|Slow Start\n|upkeep\n|turn|42\n|inactive|Time left: 300 sec this turn | 300 sec total\n|\n|t:|1783551195\n|move|p2a: Yanmega|Air Slash|p1a: Regigigas\n|-damage|p1a: Regigigas|63/100 slp\n|cant|p1a: Regigigas|slp\n|move|p1a: Regigigas|Sleep Talk|p1a: Regigigas\n|move|p1a: Regigigas|Knock Off|p2a: Yanmega|[from] move: Sleep Talk\n|-crit|p2a: Yanmega\n|-damage|p2a: Yanmega|57/275\n|-enditem|p2a: Yanmega|Heavy-Duty Boots|[from] move: Knock Off|[of] p1a: Regigigas\n|\n|-heal|p1a: Regigigas|69/100 slp|[from] item: Leftovers\n|upkeep\n|turn|43\n|inactive|Time left: 300 sec this turn | 300 sec total\n|\n|t:|1783551196\n|move|p2a: Yanmega|Air Slash|p1a: Regigigas\n|-damage|p1a: Regigigas|45/100 slp\n|-curestatus|p1a: Regigigas|slp|[msg]\n|move|p1a: Regigigas|Body Slam|p2a: Yanmega\n|-damage|p2a: Yanmega|0 fnt\n|faint|p2a: Yanmega\n|\n|-heal|p1a: Regigigas|51/100|[from] item: Leftovers\n|upkeep\n|inactive|Time left: 300 sec this turn | 300 sec total | 5 sec grace\n|\n|t:|1783551197\n|switch|p2a: Slowbro|Slowbro, L85, M|171/300\n|turn|44\n|inactive|Time left: 300 sec this turn | 300 sec total\n|\n|t:|1783551198\n|move|p1a: Regigigas|Body Slam|p2a: Slowbro\n|-damage|p2a: Slowbro|56/300\n|-status|p2a: Slowbro|par\n|move|p2a: Slowbro|Slack Off|p2a: Slowbro\n|-heal|p2a: Slowbro|206/300 par\n|\n|-heal|p1a: Regigigas|58/100|[from] item: Leftovers\n|upkeep\n|turn|45\n|inactive|Time left: 300 sec this turn | 300 sec total\n|\n|t:|1783551199\n|move|p1a: Regigigas|Body Slam|p2a: Slowbro\n|-damage|p2a: Slowbro|103/300 par\n|cant|p2a: Slowbro|par\n|\n|-heal|p1a: Regigigas|64/100|[from] item: Leftovers\n|upkeep\n|turn|46\n|inactive|Time left: 300 sec this turn | 300 sec total\n|\n|t:|1783551201\n|switch|p2a: Ariados|Ariados, L95, M|27/287\n|move|p1a: Regigigas|Body Slam|p2a: Ariados\n|-damage|p2a: Ariados|0 fnt\n|faint|p2a: Ariados\n|\n|-heal|p1a: Regigigas|70/100|[from] item: Leftovers\n|upkeep\n|inactive|Time left: 300 sec this turn | 300 sec total | 5 sec grace\n|\n|t:|1783551202\n|switch|p2a: Slowbro|Slowbro, L85, M|203/300 par\n|turn|47\n|inactive|Time left: 300 sec this turn | 300 sec total\n|\n|t:|1783551202\n|move|p1a: Regigigas|Body Slam|p2a: Slowbro\n|-damage|p2a: Slowbro|97/300 par\n|cant|p2a: Slowbro|par\n|\n|-heal|p1a: Regigigas|76/100|[from] item: Leftovers\n|upkeep\n|turn|48\n|inactive|Time left: 300 sec this turn | 300 sec total\n|\n|t:|1783551203\n|switch|p2a: Blissey|Blissey, L85, F|396/572\n|move|p1a: Regigigas|Body Slam|p2a: Blissey\n|-damage|p2a: Blissey|0 fnt\n|faint|p2a: Blissey\n|\n|-heal|p1a: Regigigas|82/100|[from] item: Leftovers\n|upkeep\n|inactive|Time left: 300 sec this turn | 300 sec total | 5 sec grace\n|\n|t:|1783551204\n|switch|p2a: Slowbro|Slowbro, L85, M|197/300 par\n|turn|49\n|inactive|Time left: 300 sec this turn | 300 sec total\n|\n|t:|1783551205\n|move|p1a: Regigigas|Body Slam|p2a: Slowbro\n|-damage|p2a: Slowbro|94/300 par\n|cant|p2a: Slowbro|par\n|\n|-heal|p1a: Regigigas|89/100|[from] item: Leftovers\n|upkeep\n|turn|50\n|inactive|Time left: 300 sec this turn | 300 sec total\n|\n|t:|1783551206\n|move|p1a: Regigigas|Body Slam|p2a: Slowbro\n|-damage|p2a: Slowbro|0 fnt\n|faint|p2a: Slowbro\n|\n|win|p0x9706098", "uploadtime": 1783551206, "views": 0, "rating": 0, "private": 0, "password": null, "_winner": "p0x9706098", "_our_name": "p0y970cf97"}