{"id": "battle-gen9randombattle-2201", "formatid": "gen9randombattle", "format": "[Gen 9] Random Battle", "players": ["p0x22010a2b", "p0y220193f1"], "log": "|init|battle\n|title|p0x22010a2b vs. p0y220193f1\n|j|\u2606p0x22010a2b\n|j|\u2606p0y220193f1\n|t:|1783565510\n|gametype|singles\n|player|p1|p0x22010a2b|1|\n|player|p2|p0y220193f1|266|\n|gen|9\n|tier|[Gen 9] Random Battle\n|rule|Species Clause: Limit one of each Pok\u00e9mon\n|rule|HP Percentage Mod: HP is shown in percentages\n|rule|Sleep Clause Mod: Limit one foe put to sleep\n|rule|Illusion Level Mod: Illusion disguises the Pok\u00e9mon's true level\n|\n|t:|1783565510\n|teamsize|p1|6\n|teamsize|p2|6\n|start\n|switch|p1a: Arceus|Arceus-Ghost, L69|280/280\n|switch|p2a: Wyrdeer|Wyrdeer, L87, F|100/100\n|-ability|p2a: Wyrdeer|Intimidate|boost\n|-unboost|p1a: Arceus|atk|1\n|turn|1\n|inactive|Battle timer is ON: inactive players will automatically lose when time's up. (requested by p0y220193f1)\n|inactive|Time left: 300 sec this turn | 300 sec total | 60 sec grace\n|inactive|p0x22010a2b also wants the timer to be on.\n|\n|t:|1783565511\n|move|p1a: Arceus|Calm Mind|p1a: Arceus\n|-boost|p1a: Arceus|spa|1\n|-boost|p1a: Arceus|spd|1\n|move|p2a: Wyrdeer|Earthquake|p1a: Arceus\n|-damage|p1a: Arceus|207/280\n|\n|upkeep\n|turn|2\n|inactive|Time left: 300 sec this turn | 300 sec total\n|\n|t:|1783565512\n|move|p1a: Arceus|Calm Mind|p1a: Arceus\n|-boost|p1a: Arceus|spa|1\n|-boost|p1a: Arceus|spd|1\n|move|p2a: Wyrdeer|Earthquake|p1a: Arceus\n|-damage|p1a: Arceus|134/280\n|\n|upkeep\n|turn|3\n|inactive|Time left: 300 sec this turn | 300 sec total\n|\n|t:|1783565513\n|move|p1a: Arceus|Recover|p1a: Arceus\n|-heal|p1a: Arceus|274/280\n|move|p2a: Wyrdeer|Earthquake|p1a: Arceus\n|-damage|p1a: Arceus|199/280\n|\n|upkeep\n|turn|4\n|inactive|Time left: 300 sec this turn | 300 sec total\n|\n|t:|1783565514\n|move|p1a: Arceus|Recover|p1a: Arceus\n|-heal|p1a: Arceus|280/280\n|move|p2a: Wyrdeer|Thunder Wave|p1a: Arceus\n|-status|p1a: Arceus|par\n|\n|upkeep\n|turn|5\n|inactive|Time left: 300 sec this turn | 300 sec total\n|\n|t:|1783565515\n|move|p2a: Wyrdeer|Earthquake|p1a: Arceus\n|-damage|p1a: Arceus|204/280 par\n|move|p1a: Arceus|Judgment|p2a: Wyrdeer\n|-immune|p2a: Wyrdeer\n|\n|upkeep\n|turn|6\n|inactive|Time left: 300 sec this turn | 300 sec total\n|\n|t:|1783565517\n|move|p2a: Wyrdeer|Psychic Noise|p1a: Arceus\n|-damage|p1a: Arceus|164/280 par\n|-start|p1a: Arceus|move: Heal Block\n|cant|p1a: Arceus|par\n|\n|upkeep\n|turn|7\n|inactive|Time left: 300 sec this turn | 300 sec total\n|\n|t:|1783565518\n|move|p2a: Wyrdeer|Earthquake|p1a: Arceus\n|-damage|p1a: Arceus|83/280 par\n|move|p1a: Arceus|Focus Blast|p2a: Wyrdeer\n|-damage|p2a: Wyrdeer|53/100\n|\n|-heal|p2a: Wyrdeer|60/100|[from] item: Leftovers\n|-end|p1a: Arceus|move: Heal Block\n|upkeep\n|turn|8\n|inactive|Time left: 300 sec this turn | 300 sec total\n|\n|t:|1783565518\n|move|p2a: Wyrdeer|Psychic Noise|p1a: Arceus\n|-damage|p1a: Arceus|37/280 par\n|-start|p1a: Arceus|move: Heal Block\n|cant|p1a: Arceus|move: Heal Block|Recover\n|\n|-heal|p2a: Wyrdeer|66/100|[from] item: Leftovers\n|upkeep\n|turn|9\n|inactive|Time left: 300 sec this turn | 300 sec total\n|\n|t:|1783565519\n|move|p2a: Wyrdeer|Psychic Noise|p1a: Arceus\n|-damage|p1a: Arceus|0 fnt\n|faint|p1a: Arceus\n|\n|-heal|p2a: Wyrdeer|72/100|[from] item: Leftovers\n|upkeep\n|inactive|Time left: 300 sec this turn | 300 sec total | 5 sec grace\n|\n|t:|1783565520\n|switch|p1a: Bruxish|Bruxish, L85, F|254/254\n|turn|10\n|inactive|Time left: 300 sec this turn | 300 sec total\n|\n|t:|1783565521\n|move|p1a: Bruxish|Crunch|p2a: Wyrdeer\n|-supereffective|p2a: Wyrdeer\n|-damage|p2a: Wyrdeer|0 fnt\n|faint|p2a: Wyrdeer\n|\n|upkeep\n|\n|t:|1783565522\n|switch|p2a: Flapple|Flapple, L88, F|100/100\n|turn|11\n|inactive|Time left: 300 sec this turn | 300 sec total\n|\n|t:|1783565523\n|move|p1a: Bruxish|Crunch|p2a: Flapple\n|-damage|p2a: Flapple|47/100\n|move|p2a: Flapple|Outrage|p1a: Bruxish|[miss]\n|-miss|p2a: Flapple|p1a: Bruxish\n|\n|upkeep\n|turn|12\n|inactive|Time left: 300 sec this turn | 300 sec total\n|\n|t:|1783565524\n|move|p1a: Bruxish|Crunch|p2a: Flapple\n|-damage|p2a: Flapple|0 fnt\n|faint|p2a: Flapple\n|\n|upkeep\n|\n|t:|1783565525\n|switch|p2a: Pecharunt|Pecharunt, L77|100/100\n|turn|13\n|inactive|Time left: 300 sec this turn | 300 sec total\n|\n|t:|1783565526\n|-terastallize|p2a: Pecharunt|Dark\n|move|p1a: Bruxish|Crunch|p2a: Pecharunt\n|-resisted|p2a: Pecharunt\n|-damage|p2a: Pecharunt|82/100\n|move|p2a: Pecharunt|Malignant Chain|p1a: Bruxish\n|-damage|p1a: Bruxish|164/254\n|\n|-heal|p2a: Pecharunt|88/100|[from] item: Leftovers\n|upkeep\n|turn|14\n|inactive|Time left: 300 sec this turn | 300 sec total\n|\n|t:|1783565527\n|switch|p1a: Flareon|Flareon, L90, M|263/263\n|move|p2a: Pecharunt|Malignant Chain|p1a: Flareon\n|-damage|p1a: Flareon|197/263\n|-status|p1a: Flareon|tox\n|-start|p1a: Flareon|confusion|[from] ability: Poison Puppeteer|[of] p2a: Pecharunt\n|\n|-heal|p2a: Pecharunt|94/100|[from] item: Leftovers\n|-damage|p1a: Flareon|181/263 tox|[from] psn\n|upkeep\n|turn|15\n|inactive|Time left: 300 sec this turn | 300 sec total\n|\n|t:|1783565528\n|switch|p1a: Scizor|Scizor, L79, M|240/240\n|move|p2a: Pecharunt|Malignant Chain|p1a: Scizor\n|-immune|p1a: Scizor\n|\n|-heal|p2a: Pecharunt|100/100|[from] item: Leftovers\n|upkeep\n|turn|16\n|inactive|Time left: 300 sec this turn | 300 sec total\n|\n|t:|1783565529\n|move|p2a: Pecharunt|Shadow Ball|p1a: Scizor\n|-damage|p1a: Scizor|162/240\n|move|p1a: Scizor|U-turn|p2a: Pecharunt\n|-supereffective|p2a: Pecharunt\n|-damage|p2a: Pecharunt|33/100\n|inactive|Time left: 300 sec this turn | 300 sec total | 5 sec grace\n|\n|t:|1783565530\n|switch|p1a: Bruxish|Bruxish, L85, F|164/254|[from] U-turn\n|\n|-heal|p2a: Pecharunt|39/100|[from] item: Leftovers\n|upkeep\n|turn|17\n|inactive|Time left: 300 sec this turn | 300 sec total\n|\n|t:|1783565531\n|move|p1a: Bruxish|Wave Crash|p2a: Pecharunt\n|-damage|p2a: Pecharunt|0 fnt\n|faint|p2a: Pecharunt\n|-damage|p1a: Bruxish|130/254|[from] Recoil\n|\n|upkeep\n|\n|t:|1783565532\n|switch|p2a: Mew|Mew, L82|100/100\n|turn|18\n|inactive|Time left: 300 sec this turn | 300 sec total\n|\n|t:|1783565533\n|move|p2a: Mew|Swords Dance|p2a: Mew\n|-boost|p2a: Mew|atk|2\n|move|p1a: Bruxish|Wave Crash|p2a: Mew\n|-damage|p2a: Mew|34/100\n|-damage|p1a: Bruxish|64/254|[from] Recoil\n|\n|upkeep\n|turn|19\n|inactive|Time left: 300 sec this turn | 300 sec total\n|\n|t:|1783565534\n|switch|p1a: Scizor|Scizor, L79, M|162/240\n|move|p2a: Mew|Close Combat|p1a: Scizor\n|-damage|p1a: Scizor|0 fnt\n|-unboost|p2a: Mew|def|1\n|-unboost|p2a: Mew|spd|1\n|faint|p1a: Scizor\n|-damage|p2a: Mew|24/100|[from] item: Life Orb\n|\n|upkeep\n|inactive|Time left: 300 sec this turn | 300 sec total | 5 sec grace\n|\n|t:|1783565536\n|switch|p1a: Flareon|Flareon, L90, M|181/263 tox\n|turn|20\n|inactive|Time left: 300 sec this turn | 300 sec total\n|\n|t:|1783565537\n|move|p1a: Flareon|Quick Attack|p2a: Mew\n|-crit|p2a: Mew\n|-damage|p2a: Mew|0 fnt\n|faint|p2a: Mew\n|\n|-damage|p1a: Flareon|165/263 tox|[from] psn\n|upkeep\n|\n|t:|1783565538\n|switch|p2a: Duraludon|Duraludon, L82, F|100/100\n|turn|21\n|inactive|Time left: 300 sec this turn | 300 sec total\n|\n|t:|1783565539\n|move|p2a: Duraludon|Body Press|p1a: Flareon\n|-damage|p1a: Flareon|87/263 tox\n|move|p1a: Flareon|Flare Blitz|p2a: Duraludon\n|-crit|p2a: Duraludon\n|-damage|p2a: Duraludon|0 fnt\n|faint|p2a: Duraludon\n|-damage|p1a: Flareon|5/263 tox|[from] Recoil\n|\n|-damage|p1a: Flareon|0 fnt|[from] psn\n|faint|p1a: Flareon\n|upkeep\n|inactive|Time left: 300 sec this turn | 300 sec total | 5 sec grace\n|\n|t:|1783565540\n|switch|p2a: Swalot|Swalot, L90, F|100/100\n|switch|p1a: Bruxish|Bruxish, L85, F|64/254\n|turn|22\n|inactive|Time left: 300 sec this turn | 300 sec total\n|\n|t:|1783565540\n|move|p1a: Bruxish|Psychic Fangs|p2a: Swalot\n|-supereffective|p2a: Swalot\n|-damage|p2a: Swalot|0 fnt\n|faint|p2a: Swalot\n|\n|win|p0x22010a2b", "uploadtime": 1783565540, "views": 0, "rating": 0, "private": 0, "password": null, "_winner": "p0x22010a2b", "_our_name": "p0x22010a2b"}