{"id": "battle-gen9randombattle-945", "formatid": "gen9randombattle", "format": "[Gen 9] Random Battle", "players": ["p0x94598c2", "p0y945c2c5"], "log": "|init|battle\n|title|p0x94598c2 vs. p0y945c2c5\n|j|\u2606p0x94598c2\n|j|\u2606p0y945c2c5\n|t:|1783550112\n|gametype|singles\n|player|p1|p0x94598c2|2|\n|player|p2|p0y945c2c5|102|\n|gen|9\n|tier|[Gen 9] Random Battle\n|rule|Species Clause: Limit one of each Pok\u00e9mon\n|rule|HP Percentage Mod: HP is shown in percentages\n|rule|Sleep Clause Mod: Limit one foe put to sleep\n|rule|Illusion Level Mod: Illusion disguises the Pok\u00e9mon's true level\n|\n|t:|1783550112\n|teamsize|p1|6\n|teamsize|p2|6\n|start\n|switch|p1a: Flutter Mane|Flutter Mane, L74|100/100\n|switch|p2a: Bombirdier|Bombirdier, L85, M|258/258\n|turn|1\n|inactive|Battle timer is ON: inactive players will automatically lose when time's up. (requested by p0x94598c2)\n|inactive|Time left: 300 sec this turn | 300 sec total | 60 sec grace\n|\n|t:|1783550114\n|-terastallize|p2a: Bombirdier|Rock\n|move|p1a: Flutter Mane|Moonblast|p2a: Bombirdier\n|-damage|p2a: Bombirdier|125/258\n|-damage|p1a: Flutter Mane|91/100|[from] item: Life Orb\n|move|p2a: Bombirdier|Stone Edge|p1a: Flutter Mane\n|-crit|p1a: Flutter Mane\n|-damage|p1a: Flutter Mane|0 fnt\n|faint|p1a: Flutter Mane\n|-end|p1a: Flutter Mane|Protosynthesis|[silent]\n|\n|upkeep\n|inactive|p0y945c2c5 also wants the timer to be on.\n|\n|t:|1783550115\n|switch|p1a: Eelektross|Eelektross, L87, M|100/100\n|turn|2\n|inactive|Time left: 300 sec this turn | 300 sec total\n|\n|t:|1783550116\n|move|p2a: Bombirdier|Stone Edge|p1a: Eelektross\n|-damage|p1a: Eelektross|6/100\n|move|p1a: Eelektross|Drain Punch|p2a: Bombirdier\n|-supereffective|p2a: Bombirdier\n|-damage|p2a: Bombirdier|0 fnt\n|-heal|p1a: Eelektross|28/100|[from] drain|[of] p2a: Bombirdier\n|faint|p2a: Bombirdier\n|\n|-heal|p1a: Eelektross|34/100|[from] item: Leftovers\n|upkeep\n|inactive|Time left: 300 sec this turn | 300 sec total | 5 sec grace\n|\n|t:|1783550117\n|switch|p2a: Zarude|Zarude, L77|288/288\n|turn|3\n|inactive|Time left: 300 sec this turn | 300 sec total\n|\n|t:|1783550119\n|-terastallize|p1a: Eelektross|Fighting\n|move|p2a: Zarude|Power Whip|p1a: Eelektross\n|-damage|p1a: Eelektross|0 fnt\n|faint|p1a: Eelektross\n|\n|upkeep\n|\n|t:|1783550120\n|switch|p1a: Camerupt|Camerupt, L91, F|100/100\n|turn|4\n|inactive|Time left: 300 sec this turn | 300 sec total\n|\n|t:|1783550121\n|switch|p2a: Empoleon|Empoleon, L84, F|278/278\n|move|p1a: Camerupt|Overheat|p2a: Empoleon\n|-damage|p2a: Empoleon|121/278\n|-unboost|p1a: Camerupt|spa|2\n|\n|-heal|p2a: Empoleon|138/278|[from] item: Leftovers\n|upkeep\n|turn|5\n|inactive|Time left: 300 sec this turn | 300 sec total\n|\n|t:|1783550122\n|switch|p1a: Palafin|Palafin, L77, M|100/100\n|move|p2a: Empoleon|Surf|p1a: Palafin\n|-resisted|p1a: Palafin\n|-damage|p1a: Palafin|75/100\n|\n|-heal|p1a: Palafin|81/100|[from] item: Leftovers\n|-heal|p2a: Empoleon|155/278|[from] item: Leftovers\n|upkeep\n|turn|6\n|inactive|Time left: 300 sec this turn | 300 sec total\n|\n|t:|1783550123\n|move|p1a: Palafin|Bulk Up|p1a: Palafin\n|-boost|p1a: Palafin|atk|1\n|-boost|p1a: Palafin|def|1\n|move|p2a: Empoleon|Knock Off|p1a: Palafin\n|-damage|p1a: Palafin|61/100\n|-enditem|p1a: Palafin|Leftovers|[from] move: Knock Off|[of] p2a: Empoleon\n|\n|-heal|p2a: Empoleon|172/278|[from] item: Leftovers\n|upkeep\n|turn|7\n|inactive|Time left: 300 sec this turn | 300 sec total\n|\n|t:|1783550124\n|move|p1a: Palafin|Drain Punch|p2a: Empoleon\n|-supereffective|p2a: Empoleon\n|-damage|p2a: Empoleon|72/278\n|-heal|p1a: Palafin|78/100|[from] drain|[of] p2a: Empoleon\n|move|p2a: Empoleon|Surf|p1a: Palafin\n|-resisted|p1a: Palafin\n|-damage|p1a: Palafin|52/100\n|\n|-heal|p2a: Empoleon|89/278|[from] item: Leftovers\n|upkeep\n|turn|8\n|inactive|Time left: 300 sec this turn | 300 sec total\n|\n|t:|1783550125\n|switch|p2a: Misdreavus|Misdreavus, L90, M|254/254\n|move|p1a: Palafin|Drain Punch|p2a: Misdreavus\n|-immune|p2a: Misdreavus\n|\n|upkeep\n|turn|9\n|inactive|Time left: 300 sec this turn | 300 sec total\n|\n|t:|1783550125\n|move|p2a: Misdreavus|Shadow Ball|p1a: Palafin\n|-damage|p1a: Palafin|12/100\n|move|p1a: Palafin|Ice Punch|p2a: Misdreavus\n|-damage|p2a: Misdreavus|215/254\n|\n|upkeep\n|turn|10\n|inactive|Time left: 300 sec this turn | 300 sec total\n|\n|t:|1783550126\n|detailschange|p1a: Palafin|Palafin-Hero, L77, M\n|switch|p1a: Camerupt|Camerupt, L91, F|100/100\n|move|p2a: Misdreavus|Calm Mind|p2a: Misdreavus\n|-boost|p2a: Misdreavus|spa|1\n|-boost|p2a: Misdreavus|spd|1\n|\n|upkeep\n|turn|11\n|inactive|Time left: 300 sec this turn | 300 sec total\n|\n|t:|1783550127\n|move|p2a: Misdreavus|Shadow Ball|p1a: Camerupt\n|-damage|p1a: Camerupt|53/100\n|move|p1a: Camerupt|Stealth Rock|p2a: Misdreavus\n|-sidestart|p2: p0y945c2c5|move: Stealth Rock\n|\n|-heal|p1a: Camerupt|59/100|[from] item: Leftovers\n|upkeep\n|turn|12\n|inactive|Time left: 300 sec this turn | 300 sec total\n|\n|t:|1783550128\n|move|p2a: Misdreavus|Shadow Ball|p1a: Camerupt\n|-damage|p1a: Camerupt|11/100\n|move|p1a: Camerupt|Will-O-Wisp|p2a: Misdreavus\n|-status|p2a: Misdreavus|brn\n|\n|-heal|p1a: Camerupt|18/100|[from] item: Leftovers\n|-damage|p2a: Misdreavus|200/254 brn|[from] brn\n|upkeep\n|turn|13\n|inactive|Time left: 300 sec this turn | 300 sec total\n|\n|t:|1783550129\n|switch|p1a: Dewgong|Dewgong, L94, M|100/100\n|move|p2a: Misdreavus|Shadow Ball|p1a: Dewgong\n|-crit|p1a: Dewgong\n|-damage|p1a: Dewgong|44/100\n|\n|-damage|p2a: Misdreavus|185/254 brn|[from] brn\n|upkeep\n|turn|14\n|inactive|Time left: 300 sec this turn | 300 sec total\n|\n|t:|1783550130\n|move|p2a: Misdreavus|Will-O-Wisp|p1a: Dewgong\n|-status|p1a: Dewgong|brn\n|move|p1a: Dewgong|Encore|p2a: Misdreavus\n|-start|p2a: Misdreavus|Encore\n|\n|-damage|p2a: Misdreavus|170/254 brn|[from] brn\n|-damage|p1a: Dewgong|38/100 brn|[from] brn\n|upkeep\n|turn|15\n|inactive|Time left: 300 sec this turn | 300 sec total\n|\n|t:|1783550131\n|switch|p2a: Empoleon|Empoleon, L84, F|89/278\n|-damage|p2a: Empoleon|72/278|[from] Stealth Rock\n|switch|p1a: Palafin|Palafin-Hero, L77, M|12/100\n|-activate|p1a: Palafin|ability: Zero to Hero\n|\n|-heal|p2a: Empoleon|89/278|[from] item: Leftovers\n|upkeep\n|turn|16\n|inactive|Time left: 300 sec this turn | 300 sec total\n|\n|t:|1783550132\n|switch|p2a: Meowstic|Meowstic-F, L89, F|277/277\n|-damage|p2a: Meowstic|243/277|[from] Stealth Rock\n|move|p1a: Palafin|Drain Punch|p2a: Meowstic\n|-resisted|p2a: Meowstic\n|-damage|p2a: Meowstic|205/277\n|-heal|p1a: Palafin|19/100|[from] drain|[of] p2a: Meowstic\n|\n|upkeep\n|turn|17\n|inactive|Time left: 300 sec this turn | 300 sec total\n|\n|t:|1783550133\n|move|p1a: Palafin|Jet Punch|p2a: Meowstic\n|-damage|p2a: Meowstic|124/277\n|move|p2a: Meowstic|Nasty Plot|p2a: Meowstic\n|-boost|p2a: Meowstic|spa|2\n|\n|upkeep\n|turn|18\n|inactive|Time left: 300 sec this turn | 300 sec total\n|\n|t:|1783550134\n|move|p1a: Palafin|Jet Punch|p2a: Meowstic\n|-damage|p2a: Meowstic|36/277\n|move|p2a: Meowstic|Dark Pulse|p1a: Palafin\n|-damage|p1a: Palafin|0 fnt\n|faint|p1a: Palafin\n|-damage|p2a: Meowstic|9/277|[from] item: Life Orb\n|\n|upkeep\n|\n|t:|1783550135\n|switch|p1a: Dewgong|Dewgong, L94, M|38/100 brn\n|turn|19\n|inactive|Time left: 300 sec this turn | 300 sec total\n|\n|t:|1783550136\n|switch|p2a: Empoleon|Empoleon, L84, F|89/278\n|-damage|p2a: Empoleon|72/278|[from] Stealth Rock\n|move|p1a: Dewgong|Ice Beam|p2a: Empoleon\n|-resisted|p2a: Empoleon\n|-damage|p2a: Empoleon|51/278\n|\n|-heal|p2a: Empoleon|68/278|[from] item: Leftovers\n|-damage|p1a: Dewgong|32/100 brn|[from] brn\n|upkeep\n|turn|20\n|inactive|Time left: 300 sec this turn | 300 sec total\n|\n|t:|1783550137\n|move|p1a: Dewgong|Ice Beam|p2a: Empoleon\n|-resisted|p2a: Empoleon\n|-damage|p2a: Empoleon|49/278\n|move|p2a: Empoleon|Roost|p2a: Empoleon\n|-heal|p2a: Empoleon|188/278\n|-singleturn|p2a: Empoleon|move: Roost\n|\n|-heal|p2a: Empoleon|205/278|[from] item: Leftovers\n|-damage|p1a: Dewgong|26/100 brn|[from] brn\n|upkeep\n|turn|21\n|inactive|Time left: 300 sec this turn | 300 sec total\n|\n|t:|1783550138\n|move|p1a: Dewgong|Encore|p2a: Empoleon\n|-start|p2a: Empoleon|Encore\n|move|p2a: Empoleon|Roost|p2a: Empoleon\n|-heal|p2a: Empoleon|278/278\n|-singleturn|p2a: Empoleon|move: Roost\n|\n|-damage|p1a: Dewgong|19/100 brn|[from] brn\n|upkeep\n|turn|22\n|inactive|Time left: 300 sec this turn | 300 sec total\n|\n|t:|1783550139\n|switch|p2a: Rotom|Rotom-Frost, L87|229/229\n|move|p1a: Dewgong|Ice Beam|p2a: Rotom\n|-resisted|p2a: Rotom\n|-damage|p2a: Rotom|193/229\n|\n|-damage|p1a: Dewgong|13/100 brn|[from] brn\n|upkeep\n|turn|23\n|inactive|Time left: 300 sec this turn | 300 sec total\n|\n|t:|1783550141\n|move|p2a: Rotom|Thunderbolt|p1a: Dewgong\n|-supereffective|p1a: Dewgong\n|-damage|p1a: Dewgong|0 fnt\n|faint|p1a: Dewgong\n|\n|upkeep\n|\n|t:|1783550142\n|switch|p1a: Camerupt|Camerupt, L91, F|18/100\n|turn|24\n|inactive|Time left: 300 sec this turn | 300 sec total\n|\n|t:|1783550143\n|move|p2a: Rotom|Blizzard|p1a: Camerupt\n|-damage|p1a: Camerupt|0 fnt\n|faint|p1a: Camerupt\n|\n|upkeep\n|\n|t:|1783550144\n|switch|p1a: Drifblim|Drifblim, L86, M|100/100\n|turn|25\n|inactive|Time left: 300 sec this turn | 300 sec total\n|\n|t:|1783550145\n|move|p2a: Rotom|Thunderbolt|p1a: Drifblim\n|-supereffective|p1a: Drifblim\n|-damage|p1a: Drifblim|31/100\n|move|p1a: Drifblim|Shadow Ball|p2a: Rotom\n|-damage|p2a: Rotom|126/229\n|\n|upkeep\n|turn|26\n|inactive|Time left: 300 sec this turn | 300 sec total\n|\n|t:|1783550146\n|move|p2a: Rotom|Thunderbolt|p1a: Drifblim\n|-supereffective|p1a: Drifblim\n|-damage|p1a: Drifblim|0 fnt\n|faint|p1a: Drifblim\n|\n|win|p0y945c2c5", "uploadtime": 1783550146, "views": 0, "rating": 0, "private": 0, "password": null, "_winner": "p0y945c2c5", "_our_name": "p0y945c2c5"}