{"id": "battle-gen9randombattle-826", "formatid": "gen9randombattle", "format": "[Gen 9] Random Battle", "players": ["p0x8262897", "p0y82639a7"], "log": "|init|battle\n|title|p0x8262897 vs. p0y82639a7\n|j|\u2606p0x8262897\n|j|\u2606p0y82639a7\n|t:|1783549481\n|gametype|singles\n|player|p1|p0x8262897|2|\n|player|p2|p0y82639a7|170|\n|gen|9\n|tier|[Gen 9] Random Battle\n|rule|Species Clause: Limit one of each Pok\u00e9mon\n|rule|HP Percentage Mod: HP is shown in percentages\n|rule|Sleep Clause Mod: Limit one foe put to sleep\n|rule|Illusion Level Mod: Illusion disguises the Pok\u00e9mon's true level\n|\n|t:|1783549481\n|teamsize|p1|6\n|teamsize|p2|6\n|start\n|switch|p1a: Piloswine|Piloswine, L85, F|309/309\n|switch|p2a: Ambipom|Ambipom, L84, F|100/100\n|turn|1\n|inactive|Battle timer is ON: inactive players will automatically lose when time's up. (requested by p0x8262897)\n|inactive|p0y82639a7 also wants the timer to be on.\n|\n|t:|1783549483\n|move|p2a: Ambipom|Fake Out|p1a: Piloswine\n|-damage|p1a: Piloswine|252/309\n|cant|p1a: Piloswine|flinch\n|\n|upkeep\n|turn|2\n|inactive|Time left: 300 sec this turn | 300 sec total\n|\n|t:|1783549484\n|move|p2a: Ambipom|Double-Edge|p1a: Piloswine\n|-damage|p1a: Piloswine|137/309\n|-damage|p2a: Ambipom|86/100|[from] Recoil\n|move|p1a: Piloswine|Earthquake|p2a: Ambipom\n|-damage|p2a: Ambipom|32/100\n|\n|upkeep\n|turn|3\n|inactive|Time left: 300 sec this turn | 300 sec total\n|\n|t:|1783549485\n|move|p2a: Ambipom|Double-Edge|p1a: Piloswine\n|-damage|p1a: Piloswine|31/309\n|-damage|p2a: Ambipom|19/100|[from] Recoil\n|move|p1a: Piloswine|Icicle Crash|p2a: Ambipom\n|-damage|p2a: Ambipom|0 fnt\n|faint|p2a: Ambipom\n|\n|upkeep\n|\n|t:|1783549486\n|switch|p2a: Bruxish|Bruxish, L85, F|100/100\n|turn|4\n|inactive|Time left: 300 sec this turn | 300 sec total\n|\n|t:|1783549488\n|move|p2a: Bruxish|Swords Dance|p2a: Bruxish\n|-boost|p2a: Bruxish|atk|2\n|move|p1a: Piloswine|Icicle Crash|p2a: Bruxish\n|-resisted|p2a: Bruxish\n|-damage|p2a: Bruxish|80/100\n|\n|upkeep\n|turn|5\n|inactive|Time left: 300 sec this turn | 300 sec total\n|\n|t:|1783549489\n|move|p1a: Piloswine|Ice Shard|p2a: Bruxish\n|-resisted|p2a: Bruxish\n|-damage|p2a: Bruxish|70/100\n|move|p2a: Bruxish|Psychic Fangs|p1a: Piloswine\n|-damage|p1a: Piloswine|0 fnt\n|faint|p1a: Piloswine\n|-damage|p2a: Bruxish|60/100|[from] item: Life Orb\n|\n|upkeep\n|inactive|Time left: 300 sec this turn | 300 sec total | 5 sec grace\n|\n|t:|1783549490\n|switch|p1a: Noivern|Noivern, L82, M|274/274\n|turn|6\n|inactive|Time left: 300 sec this turn | 300 sec total\n|\n|t:|1783549491\n|move|p1a: Noivern|Draco Meteor|p2a: Bruxish\n|-damage|p2a: Bruxish|0 fnt\n|-unboost|p1a: Noivern|spa|2\n|faint|p2a: Bruxish\n|\n|upkeep\n|\n|t:|1783549492\n|switch|p2a: Ceruledge|Ceruledge, L78, M|100/100\n|turn|7\n|inactive|Time left: 300 sec this turn | 300 sec total\n|\n|t:|1783549493\n|switch|p1a: Cloyster|Cloyster, L80, M|211/211\n|move|p2a: Ceruledge|Swords Dance|p2a: Ceruledge\n|-boost|p2a: Ceruledge|atk|2\n|\n|upkeep\n|turn|8\n|inactive|Time left: 300 sec this turn | 300 sec total\n|\n|t:|1783549494\n|-terastallize|p1a: Cloyster|Ground\n|move|p2a: Ceruledge|Close Combat|p1a: Cloyster\n|-damage|p1a: Cloyster|103/211\n|-unboost|p2a: Ceruledge|def|1\n|-unboost|p2a: Ceruledge|spd|1\n|move|p1a: Cloyster|Shell Smash|p1a: Cloyster\n|-unboost|p1a: Cloyster|def|1\n|-unboost|p1a: Cloyster|spd|1\n|-boost|p1a: Cloyster|atk|2\n|-boost|p1a: Cloyster|spa|2\n|-boost|p1a: Cloyster|spe|2\n|-enditem|p1a: Cloyster|White Herb\n|-clearnegativeboost|p1a: Cloyster|[silent]\n|\n|upkeep\n|turn|9\n|inactive|Time left: 300 sec this turn | 300 sec total\n|\n|t:|1783549495\n|move|p1a: Cloyster|Drill Run|p2a: Ceruledge\n|-supereffective|p2a: Ceruledge\n|-crit|p2a: Ceruledge\n|-damage|p2a: Ceruledge|0 fnt\n|faint|p2a: Ceruledge\n|\n|upkeep\n|\n|t:|1783549496\n|switch|p2a: Avalugg|Avalugg-Hisui, L90, M|100/100\n|turn|10\n|inactive|Time left: 300 sec this turn | 300 sec total\n|\n|t:|1783549497\n|move|p1a: Cloyster|Rock Blast|p2a: Avalugg\n|-supereffective|p2a: Avalugg\n|-damage|p2a: Avalugg|89/100\n|-supereffective|p2a: Avalugg\n|-damage|p2a: Avalugg|79/100\n|-supereffective|p2a: Avalugg\n|-damage|p2a: Avalugg|68/100\n|-supereffective|p2a: Avalugg\n|-damage|p2a: Avalugg|58/100\n|-supereffective|p2a: Avalugg\n|-damage|p2a: Avalugg|48/100\n|-hitcount|p2a: Avalugg|5\n|move|p2a: Avalugg|Avalanche|p1a: Cloyster\n|-supereffective|p1a: Cloyster\n|-damage|p1a: Cloyster|0 fnt\n|faint|p1a: Cloyster\n|\n|upkeep\n|inactive|Time left: 300 sec this turn | 300 sec total | 5 sec grace\n|\n|t:|1783549498\n|switch|p1a: Dialga|Dialga-Origin, L73|266/266\n|-ability|p1a: Dialga|Pressure\n|turn|11\n|inactive|Time left: 300 sec this turn | 300 sec total\n|\n|t:|1783549499\n|move|p1a: Dialga|Flash Cannon|p2a: Avalugg\n|-supereffective|p2a: Avalugg\n|-damage|p2a: Avalugg|0 fnt\n|faint|p2a: Avalugg\n|\n|upkeep\n|\n|t:|1783549500\n|switch|p2a: Urshifu|Urshifu, L74, M|100/100\n|turn|12\n|inactive|Time left: 300 sec this turn | 300 sec total\n|\n|t:|1783549501\n|switch|p1a: Zapdos|Zapdos, L78|268/268\n|move|p2a: Urshifu|Wicked Blow|p1a: Zapdos\n|-crit|p1a: Zapdos\n|-damage|p1a: Zapdos|78/268\n|\n|upkeep\n|turn|13\n|inactive|Time left: 300 sec this turn | 300 sec total\n|\n|t:|1783549502\n|move|p1a: Zapdos|Hurricane|p2a: Urshifu\n|-supereffective|p2a: Urshifu\n|-damage|p2a: Urshifu|0 fnt\n|faint|p2a: Urshifu\n|\n|upkeep\n|\n|t:|1783549503\n|switch|p2a: Exeggutor|Exeggutor-Alola, L89, F|100/100\n|turn|14\n|inactive|Time left: 300 sec this turn | 300 sec total\n|\n|t:|1783549504\n|-terastallize|p2a: Exeggutor|Fire\n|move|p1a: Zapdos|Roost|p1a: Zapdos\n|-heal|p1a: Zapdos|212/268\n|-singleturn|p1a: Zapdos|move: Roost\n|move|p2a: Exeggutor|Calm Mind|p2a: Exeggutor\n|-boost|p2a: Exeggutor|spa|1\n|-boost|p2a: Exeggutor|spd|1\n|\n|upkeep\n|turn|15\n|inactive|Time left: 300 sec this turn | 300 sec total\n|\n|t:|1783549505\n|move|p1a: Zapdos|Hurricane|p2a: Exeggutor|[miss]\n|-miss|p1a: Zapdos|p2a: Exeggutor\n|move|p2a: Exeggutor|Flamethrower|p1a: Zapdos\n|-damage|p1a: Zapdos|0 fnt\n|faint|p1a: Zapdos\n|\n|upkeep\n|inactive|Time left: 300 sec this turn | 300 sec total | 5 sec grace\n|\n|t:|1783549506\n|switch|p1a: Pincurchin|Pincurchin, M|258/258\n|-fieldstart|move: Electric Terrain|[from] ability: Electric Surge|[of] p1a: Pincurchin\n|turn|16\n|inactive|Time left: 300 sec this turn | 300 sec total\n|\n|t:|1783549507\n|move|p2a: Exeggutor|Dragon Pulse|p1a: Pincurchin\n|-damage|p1a: Pincurchin|107/258\n|move|p1a: Pincurchin|Recover|p1a: Pincurchin\n|-heal|p1a: Pincurchin|236/258\n|\n|-heal|p1a: Pincurchin|252/258|[from] item: Leftovers\n|upkeep\n|turn|17\n|inactive|Time left: 300 sec this turn | 300 sec total\n|\n|t:|1783549508\n|move|p2a: Exeggutor|Dragon Pulse|p1a: Pincurchin\n|-damage|p1a: Pincurchin|90/258\n|move|p1a: Pincurchin|Recover|p1a: Pincurchin\n|-heal|p1a: Pincurchin|219/258\n|\n|-heal|p1a: Pincurchin|235/258|[from] item: Leftovers\n|upkeep\n|turn|18\n|inactive|Time left: 300 sec this turn | 300 sec total\n|\n|t:|1783549509\n|move|p2a: Exeggutor|Dragon Pulse|p1a: Pincurchin\n|-crit|p1a: Pincurchin\n|-damage|p1a: Pincurchin|0 fnt\n|faint|p1a: Pincurchin\n|\n|upkeep\n|inactive|Time left: 300 sec this turn | 300 sec total | 5 sec grace\n|\n|t:|1783549510\n|switch|p1a: Dialga|Dialga-Origin, L73|266/266\n|-ability|p1a: Dialga|Pressure\n|turn|19\n|inactive|Time left: 300 sec this turn | 300 sec total\n|\n|t:|1783549511\n|move|p1a: Dialga|Thunder Wave|p2a: Exeggutor\n|-status|p2a: Exeggutor|par\n|move|p2a: Exeggutor|Dragon Pulse|p1a: Dialga\n|-crit|p1a: Dialga\n|-damage|p1a: Dialga|29/266\n|\n|upkeep\n|turn|20\n|inactive|Time left: 300 sec this turn | 300 sec total\n|\n|t:|1783549512\n|move|p1a: Dialga|Draco Meteor|p2a: Exeggutor\n|-damage|p2a: Exeggutor|57/100 par\n|-unboost|p1a: Dialga|spa|2\n|move|p2a: Exeggutor|Dragon Pulse|p1a: Dialga\n|-damage|p1a: Dialga|0 fnt\n|faint|p1a: Dialga\n|\n|-fieldend|move: Electric Terrain\n|upkeep\n|inactive|Time left: 300 sec this turn | 300 sec total | 5 sec grace\n|\n|t:|1783549513\n|switch|p1a: Noivern|Noivern, L82, M|274/274\n|turn|21\n|inactive|Time left: 300 sec this turn | 300 sec total\n|\n|t:|1783549514\n|move|p1a: Noivern|Hurricane|p2a: Exeggutor\n|-damage|p2a: Exeggutor|34/100 par\n|-enditem|p2a: Exeggutor|Sitrus Berry|[eat]\n|-heal|p2a: Exeggutor|59/100 par|[from] item: Sitrus Berry\n|cant|p2a: Exeggutor|par\n|\n|upkeep\n|turn|22\n|inactive|Time left: 300 sec this turn | 300 sec total\n|\n|t:|1783549515\n|move|p1a: Noivern|Hurricane|p2a: Exeggutor\n|-damage|p2a: Exeggutor|36/100 par\n|-start|p2a: Exeggutor|confusion\n|-activate|p2a: Exeggutor|confusion\n|move|p2a: Exeggutor|Dragon Pulse|p1a: Noivern\n|-supereffective|p1a: Noivern\n|-damage|p1a: Noivern|0 fnt\n|faint|p1a: Noivern\n|\n|win|p0y82639a7", "uploadtime": 1783549515, "views": 0, "rating": 0, "private": 0, "password": null, "_winner": "p0y82639a7", "_our_name": "p0x8262897"}