{"id": "battle-gen9randombattle-2902", "formatid": "gen9randombattle", "format": "[Gen 9] Random Battle", "players": ["p0x29028bb4", "p0y2902ead4"], "log": "|init|battle\n|title|p0x29028bb4 vs. p0y2902ead4\n|j|\u2606p0x29028bb4\n|j|\u2606p0y2902ead4\n|t:|1783573419\n|gametype|singles\n|player|p1|p0x29028bb4|1|\n|player|p2|p0y2902ead4|1|\n|gen|9\n|tier|[Gen 9] Random Battle\n|rule|Species Clause: Limit one of each Pok\u00e9mon\n|rule|HP Percentage Mod: HP is shown in percentages\n|rule|Sleep Clause Mod: Limit one foe put to sleep\n|rule|Illusion Level Mod: Illusion disguises the Pok\u00e9mon's true level\n|\n|t:|1783573419\n|teamsize|p1|6\n|teamsize|p2|6\n|start\n|switch|p1a: Okidogi|Okidogi, L77, M|262/262\n|switch|p2a: Vikavolt|Vikavolt, L83, F|100/100\n|turn|1\n|inactive|Battle timer is ON: inactive players will automatically lose when time's up. (requested by p0y2902ead4)\n|inactive|Time left: 300 sec this turn | 300 sec total | 60 sec grace\n|inactive|p0x29028bb4 also wants the timer to be on.\n|\n|t:|1783573421\n|switch|p1a: Hariyama|Hariyama, L87, M|392/392\n|move|p2a: Vikavolt|Sticky Web|p1a: Hariyama\n|-sidestart|p1: p0x29028bb4|move: Sticky Web\n|\n|-status|p1a: Hariyama|brn|[from] item: Flame Orb\n|upkeep\n|turn|2\n|inactive|Time left: 300 sec this turn | 300 sec total\n|\n|t:|1783573422\n|switch|p2a: Tauros|Tauros-Paldea-Aqua, L81, M|100/100\n|-ability|p2a: Tauros|Intimidate|boost\n|-unboost|p1a: Hariyama|atk|1\n|move|p1a: Hariyama|Facade|p2a: Tauros\n|-damage|p2a: Tauros|57/100\n|\n|-damage|p1a: Hariyama|368/392 brn|[from] brn\n|upkeep\n|turn|3\n|inactive|Time left: 300 sec this turn | 300 sec total\n|\n|t:|1783573423\n|move|p2a: Tauros|Bulk Up|p2a: Tauros\n|-boost|p2a: Tauros|atk|1\n|-boost|p2a: Tauros|def|1\n|move|p1a: Hariyama|Facade|p2a: Tauros\n|-damage|p2a: Tauros|28/100\n|\n|-damage|p1a: Hariyama|344/392 brn|[from] brn\n|upkeep\n|turn|4\n|inactive|Time left: 300 sec this turn | 300 sec total\n|\n|t:|1783573424\n|switch|p1a: Okidogi|Okidogi, L77, M|262/262\n|-activate|p1a: Okidogi|move: Sticky Web\n|-unboost|p1a: Okidogi|spe|1\n|move|p2a: Tauros|Close Combat|p1a: Okidogi\n|-resisted|p1a: Okidogi\n|-damage|p1a: Okidogi|141/262\n|-unboost|p2a: Tauros|def|1\n|-unboost|p2a: Tauros|spd|1\n|-damage|p2a: Tauros|19/100|[from] item: Life Orb\n|\n|-heal|p1a: Okidogi|157/262|[from] item: Leftovers\n|upkeep\n|turn|5\n|inactive|Time left: 300 sec this turn | 300 sec total\n|\n|t:|1783573426\n|move|p2a: Tauros|Liquidation|p1a: Okidogi\n|-damage|p1a: Okidogi|0 fnt\n|faint|p1a: Okidogi\n|-damage|p2a: Tauros|9/100|[from] item: Life Orb\n|\n|upkeep\n|inactive|Time left: 300 sec this turn | 300 sec total | 5 sec grace\n|\n|t:|1783573427\n|switch|p1a: Talonflame|Talonflame, L83, M|265/265\n|turn|6\n|inactive|Time left: 300 sec this turn | 300 sec total\n|\n|t:|1783573428\n|move|p1a: Talonflame|Flare Blitz|p2a: Tauros\n|-resisted|p2a: Tauros\n|-damage|p2a: Tauros|0 fnt\n|faint|p2a: Tauros\n|-damage|p1a: Talonflame|258/265|[from] Recoil\n|\n|upkeep\n|\n|t:|1783573428\n|switch|p2a: Samurott|Samurott-Hisui, L77, M|100/100\n|turn|7\n|inactive|Time left: 300 sec this turn | 300 sec total\n|\n|t:|1783573429\n|move|p1a: Talonflame|Swords Dance|p1a: Talonflame\n|-boost|p1a: Talonflame|atk|2\n|move|p2a: Samurott|Razor Shell|p1a: Talonflame|[miss]\n|-miss|p2a: Samurott|p1a: Talonflame\n|\n|upkeep\n|turn|8\n|inactive|Time left: 300 sec this turn | 300 sec total\n|\n|t:|1783573430\n|move|p1a: Talonflame|Brave Bird|p2a: Samurott\n|-damage|p2a: Samurott|0 fnt\n|faint|p2a: Samurott\n|-damage|p1a: Talonflame|171/265|[from] Recoil\n|\n|upkeep\n|\n|t:|1783573431\n|switch|p2a: Cresselia|Cresselia, L80, F|100/100\n|turn|9\n|inactive|Time left: 300 sec this turn | 300 sec total\n|\n|t:|1783573432\n|move|p1a: Talonflame|Flare Blitz|p2a: Cresselia\n|-damage|p2a: Cresselia|40/100\n|-damage|p1a: Talonflame|107/265|[from] Recoil\n|move|p2a: Cresselia|Psyshock|p1a: Talonflame\n|-damage|p1a: Talonflame|32/265\n|\n|-heal|p2a: Cresselia|46/100|[from] item: Leftovers\n|upkeep\n|turn|10\n|inactive|Time left: 300 sec this turn | 300 sec total\n|\n|t:|1783573433\n|move|p1a: Talonflame|Flare Blitz|p2a: Cresselia\n|-damage|p2a: Cresselia|0 fnt\n|faint|p2a: Cresselia\n|-damage|p1a: Talonflame|0 fnt|[from] Recoil\n|faint|p1a: Talonflame\n|\n|upkeep\n|inactive|Time left: 300 sec this turn | 300 sec total | 5 sec grace\n|\n|t:|1783573434\n|switch|p1a: Pelipper|Pelipper, L86, M|243/243\n|switch|p2a: Glastrier|Glastrier, L86|100/100\n|-weather|RainDance|[from] ability: Drizzle|[of] p1a: Pelipper\n|turn|11\n|inactive|Time left: 300 sec this turn | 300 sec total\n|\n|t:|1783573435\n|move|p1a: Pelipper|Hurricane|p2a: Glastrier\n|-damage|p2a: Glastrier|69/100\n|move|p2a: Glastrier|Icicle Crash|p1a: Pelipper\n|-damage|p1a: Pelipper|134/243\n|\n|-weather|RainDance|[upkeep]\n|upkeep\n|turn|12\n|inactive|Time left: 300 sec this turn | 300 sec total\n|\n|t:|1783573436\n|move|p1a: Pelipper|Surf|p2a: Glastrier\n|-damage|p2a: Glastrier|34/100\n|move|p2a: Glastrier|Icicle Crash|p1a: Pelipper\n|-damage|p1a: Pelipper|17/243\n|\n|-weather|RainDance|[upkeep]\n|upkeep\n|turn|13\n|inactive|Time left: 300 sec this turn | 300 sec total\n|\n|t:|1783573437\n|move|p1a: Pelipper|Surf|p2a: Glastrier\n|-damage|p2a: Glastrier|0 fnt\n|faint|p2a: Glastrier\n|\n|-weather|RainDance|[upkeep]\n|upkeep\n|\n|t:|1783573438\n|switch|p2a: Magearna|Magearna, L77|100/100\n|turn|14\n|inactive|Time left: 300 sec this turn | 300 sec total\n|\n|t:|1783573439\n|move|p1a: Pelipper|Surf|p2a: Magearna\n|-damage|p2a: Magearna|48/100\n|move|p2a: Magearna|Shift Gear|p2a: Magearna\n|-boost|p2a: Magearna|spe|2\n|-boost|p2a: Magearna|atk|1\n|\n|-weather|RainDance|[upkeep]\n|upkeep\n|turn|15\n|inactive|Time left: 300 sec this turn | 300 sec total\n|\n|t:|1783573440\n|switch|p1a: Mudsdale|Mudsdale, L83, F|302/302\n|-activate|p1a: Mudsdale|move: Sticky Web\n|-unboost|p1a: Mudsdale|spe|1\n|move|p2a: Magearna|Iron Head|p1a: Mudsdale\n|-damage|p1a: Mudsdale|212/302\n|-ability|p1a: Mudsdale|Stamina|boost\n|-boost|p1a: Mudsdale|def|1\n|\n|-weather|none\n|-heal|p1a: Mudsdale|230/302|[from] item: Leftovers\n|upkeep\n|turn|16\n|inactive|Time left: 300 sec this turn | 300 sec total\n|\n|t:|1783573442\n|move|p2a: Magearna|Iron Head|p1a: Mudsdale\n|-damage|p1a: Mudsdale|169/302\n|-ability|p1a: Mudsdale|Stamina|boost\n|-boost|p1a: Mudsdale|def|1\n|cant|p1a: Mudsdale|flinch\n|\n|-heal|p1a: Mudsdale|187/302|[from] item: Leftovers\n|upkeep\n|turn|17\n|inactive|Time left: 300 sec this turn | 300 sec total\n|\n|t:|1783573443\n|switch|p2a: Vikavolt|Vikavolt, L83, F|100/100\n|move|p1a: Mudsdale|Earthquake|p2a: Vikavolt\n|-immune|p2a: Vikavolt|[from] ability: Levitate\n|\n|-heal|p1a: Mudsdale|205/302|[from] item: Leftovers\n|upkeep\n|turn|18\n|inactive|Time left: 300 sec this turn | 300 sec total\n|\n|t:|1783573443\n|move|p2a: Vikavolt|Energy Ball|p1a: Mudsdale\n|-supereffective|p1a: Mudsdale\n|-damage|p1a: Mudsdale|25/302\n|-ability|p1a: Mudsdale|Stamina|boost\n|-boost|p1a: Mudsdale|def|1\n|move|p1a: Mudsdale|Stone Edge|p2a: Vikavolt\n|-supereffective|p2a: Vikavolt\n|-crit|p2a: Vikavolt\n|-damage|p2a: Vikavolt|0 fnt\n|faint|p2a: Vikavolt\n|\n|-heal|p1a: Mudsdale|43/302|[from] item: Leftovers\n|upkeep\n|\n|t:|1783573444\n|switch|p2a: Magearna|Magearna, L77|48/100\n|turn|19\n|inactive|Time left: 300 sec this turn | 300 sec total\n|\n|t:|1783573445\n|-terastallize|p2a: Magearna|Ground\n|-terastallize|p1a: Mudsdale|Steel\n|move|p2a: Magearna|Iron Head|p1a: Mudsdale\n|-resisted|p1a: Mudsdale\n|-damage|p1a: Mudsdale|28/302\n|-ability|p1a: Mudsdale|Stamina|boost\n|-boost|p1a: Mudsdale|def|1\n|move|p1a: Mudsdale|Heavy Slam|p2a: Magearna\n|-damage|p2a: Magearna|0 fnt\n|faint|p2a: Magearna\n|\n|win|p0x29028bb4", "uploadtime": 1783573445, "views": 0, "rating": 0, "private": 0, "password": null, "_winner": "p0x29028bb4", "_our_name": "p0x29028bb4"}