{"id": "battle-gen9randombattle-2871", "formatid": "gen9randombattle", "format": "[Gen 9] Random Battle", "players": ["p0x2871a4d8", "p0y287126fe"], "log": "|init|battle\n|title|p0x2871a4d8 vs. p0y287126fe\n|j|\u2606p0x2871a4d8\n|j|\u2606p0y287126fe\n|t:|1783572108\n|gametype|singles\n|player|p1|p0x2871a4d8|265|\n|player|p2|p0y287126fe|265|\n|gen|9\n|tier|[Gen 9] Random Battle\n|rule|Species Clause: Limit one of each Pok\u00e9mon\n|rule|HP Percentage Mod: HP is shown in percentages\n|rule|Sleep Clause Mod: Limit one foe put to sleep\n|rule|Illusion Level Mod: Illusion disguises the Pok\u00e9mon's true level\n|\n|t:|1783572109\n|teamsize|p1|6\n|teamsize|p2|6\n|start\n|switch|p1a: Brute Bonnet|Brute Bonnet, L80|100/100\n|switch|p2a: Gastrodon|Gastrodon, L86, M|331/331\n|turn|1\n|inactive|Battle timer is ON: inactive players will automatically lose when time's up. (requested by p0x2871a4d8)\n|inactive|Time left: 300 sec this turn | 300 sec total | 60 sec grace\n|\n|t:|1783572110\n|switch|p2a: Vespiquen|Vespiquen, L99, F|299/299\n|-ability|p2a: Vespiquen|Pressure\n|move|p1a: Brute Bonnet|Spore|p2a: Vespiquen\n|-status|p2a: Vespiquen|slp|[from] move: Spore\n|\n|upkeep\n|turn|2\n|inactive|Time left: 300 sec this turn | 300 sec total\n|inactive|p0y287126fe also wants the timer to be on.\n|\n|t:|1783572112\n|switch|p2a: Porygon2|Porygon2, L81|270/270\n|-ability|p2a: Porygon2|Download|boost\n|-boost|p2a: Porygon2|spa|1\n|move|p1a: Brute Bonnet|Crunch|p2a: Porygon2\n|-damage|p2a: Porygon2|206/270\n|-unboost|p2a: Porygon2|def|1\n|\n|upkeep\n|turn|3\n|inactive|Time left: 300 sec this turn | 300 sec total\n|\n|t:|1783572113\n|move|p2a: Porygon2|Tera Blast|p1a: Brute Bonnet\n|-damage|p1a: Brute Bonnet|62/100\n|move|p1a: Brute Bonnet|Crunch|p2a: Porygon2\n|-damage|p2a: Porygon2|110/270\n|\n|-heal|p1a: Brute Bonnet|68/100|[from] item: Leftovers\n|upkeep\n|turn|4\n|inactive|Time left: 300 sec this turn | 300 sec total\n|\n|t:|1783572114\n|move|p2a: Porygon2|Recover|p2a: Porygon2\n|-heal|p2a: Porygon2|245/270\n|move|p1a: Brute Bonnet|Close Combat|p2a: Porygon2\n|-supereffective|p2a: Porygon2\n|-crit|p2a: Porygon2\n|-damage|p2a: Porygon2|0 fnt\n|-unboost|p1a: Brute Bonnet|def|1\n|-unboost|p1a: Brute Bonnet|spd|1\n|faint|p2a: Porygon2\n|\n|-heal|p1a: Brute Bonnet|74/100|[from] item: Leftovers\n|upkeep\n|inactive|Time left: 300 sec this turn | 300 sec total | 5 sec grace\n|\n|t:|1783572115\n|switch|p2a: Arboliva|Arboliva, L91, M|290/290\n|turn|5\n|inactive|Time left: 300 sec this turn | 300 sec total\n|\n|t:|1783572116\n|-end|p1a: Brute Bonnet|Protosynthesis|[silent]\n|switch|p1a: Stantler|Stantler, L92, F|100/100\n|-ability|p1a: Stantler|Intimidate|boost\n|-unboost|p2a: Arboliva|atk|1\n|move|p2a: Arboliva|Hyper Voice|p1a: Stantler\n|-damage|p1a: Stantler|62/100\n|\n|upkeep\n|turn|6\n|inactive|Time left: 300 sec this turn | 300 sec total\n|\n|t:|1783572117\n|move|p1a: Stantler|Calm Mind|p1a: Stantler\n|-boost|p1a: Stantler|spa|1\n|-boost|p1a: Stantler|spd|1\n|move|p2a: Arboliva|Hyper Voice|p1a: Stantler\n|-damage|p1a: Stantler|37/100\n|\n|upkeep\n|turn|7\n|inactive|Time left: 300 sec this turn | 300 sec total\n|\n|t:|1783572118\n|move|p1a: Stantler|Calm Mind|p1a: Stantler\n|-boost|p1a: Stantler|spa|1\n|-boost|p1a: Stantler|spd|1\n|move|p2a: Arboliva|Hyper Voice|p1a: Stantler\n|-damage|p1a: Stantler|18/100\n|\n|upkeep\n|turn|8\n|inactive|Time left: 300 sec this turn | 300 sec total\n|\n|t:|1783572119\n|move|p1a: Stantler|Tera Blast|p2a: Arboliva\n|-damage|p2a: Arboliva|158/290\n|-fieldstart|move: Grassy Terrain|[from] ability: Seed Sower|[of] p2a: Arboliva\n|move|p2a: Arboliva|Hyper Voice|p1a: Stantler\n|-damage|p1a: Stantler|0 fnt\n|faint|p1a: Stantler\n|\n|-heal|p2a: Arboliva|176/290|[from] Grassy Terrain\n|-heal|p2a: Arboliva|194/290|[from] item: Leftovers\n|upkeep\n|\n|t:|1783572120\n|switch|p1a: Dragalge|Dragalge, L88, M|100/100\n|turn|9\n|inactive|Time left: 300 sec this turn | 300 sec total\n|\n|t:|1783572121\n|switch|p2a: Gastrodon|Gastrodon, L86, M|331/331\n|move|p1a: Dragalge|Draco Meteor|p2a: Gastrodon\n|-damage|p2a: Gastrodon|41/331\n|-unboost|p1a: Dragalge|spa|2\n|\n|-heal|p2a: Gastrodon|61/331|[from] Grassy Terrain\n|-heal|p2a: Gastrodon|81/331|[from] item: Leftovers\n|upkeep\n|turn|10\n|inactive|Time left: 300 sec this turn | 300 sec total\n|\n|t:|1783572122\n|move|p1a: Dragalge|Draco Meteor|p2a: Gastrodon\n|-crit|p2a: Gastrodon\n|-damage|p2a: Gastrodon|0 fnt\n|-unboost|p1a: Dragalge|spa|2\n|faint|p2a: Gastrodon\n|\n|upkeep\n|inactive|Time left: 300 sec this turn | 300 sec total | 5 sec grace\n|\n|t:|1783572123\n|switch|p2a: Arboliva|Arboliva, L91, M|194/290\n|turn|11\n|inactive|Time left: 300 sec this turn | 300 sec total\n|\n|t:|1783572124\n|switch|p1a: Brute Bonnet|Brute Bonnet, L80|74/100\n|move|p2a: Arboliva|Hyper Voice|p1a: Brute Bonnet\n|-damage|p1a: Brute Bonnet|35/100\n|\n|-heal|p1a: Brute Bonnet|41/100|[from] Grassy Terrain\n|-heal|p1a: Brute Bonnet|47/100|[from] item: Leftovers\n|-heal|p2a: Arboliva|212/290|[from] Grassy Terrain\n|-heal|p2a: Arboliva|230/290|[from] item: Leftovers\n|upkeep\n|turn|12\n|inactive|Time left: 300 sec this turn | 300 sec total\n|\n|t:|1783572124\n|-terastallize|p1a: Brute Bonnet|Fighting\n|move|p1a: Brute Bonnet|Close Combat|p2a: Arboliva\n|-supereffective|p2a: Arboliva\n|-damage|p2a: Arboliva|0 fnt\n|-unboost|p1a: Brute Bonnet|def|1\n|-unboost|p1a: Brute Bonnet|spd|1\n|faint|p2a: Arboliva\n|\n|-heal|p1a: Brute Bonnet|54/100|[from] Grassy Terrain\n|-heal|p1a: Brute Bonnet|60/100|[from] item: Leftovers\n|-fieldend|move: Grassy Terrain\n|upkeep\n|inactive|Time left: 300 sec this turn | 300 sec total | 5 sec grace\n|\n|t:|1783572125\n|switch|p2a: Sylveon|Sylveon, L85, M|300/300\n|turn|13\n|inactive|Time left: 300 sec this turn | 300 sec total\n|\n|t:|1783572126\n|-end|p1a: Brute Bonnet|Protosynthesis|[silent]\n|switch|p1a: Oricorio|Oricorio, L84, F|100/100\n|move|p2a: Sylveon|Calm Mind|p2a: Sylveon\n|-boost|p2a: Sylveon|spa|1\n|-boost|p2a: Sylveon|spd|1\n|\n|upkeep\n|turn|14\n|inactive|Time left: 300 sec this turn | 300 sec total\n|\n|t:|1783572127\n|move|p1a: Oricorio|Quiver Dance|p1a: Oricorio\n|-boost|p1a: Oricorio|spa|1\n|-boost|p1a: Oricorio|spd|1\n|-boost|p1a: Oricorio|spe|1\n|move|p2a: Sylveon|Calm Mind|p2a: Sylveon\n|-boost|p2a: Sylveon|spa|1\n|-boost|p2a: Sylveon|spd|1\n|\n|upkeep\n|turn|15\n|inactive|Time left: 300 sec this turn | 300 sec total\n|\n|t:|1783572127\n|move|p1a: Oricorio|Quiver Dance|p1a: Oricorio\n|-boost|p1a: Oricorio|spa|1\n|-boost|p1a: Oricorio|spd|1\n|-boost|p1a: Oricorio|spe|1\n|move|p2a: Sylveon|Hyper Voice|p1a: Oricorio\n|-resisted|p1a: Oricorio\n|-damage|p1a: Oricorio|73/100\n|\n|upkeep\n|turn|16\n|inactive|Time left: 300 sec this turn | 300 sec total\n|\n|t:|1783572128\n|move|p1a: Oricorio|Quiver Dance|p1a: Oricorio\n|-boost|p1a: Oricorio|spa|1\n|-boost|p1a: Oricorio|spd|1\n|-boost|p1a: Oricorio|spe|1\n|move|p2a: Sylveon|Calm Mind|p2a: Sylveon\n|-boost|p2a: Sylveon|spa|1\n|-boost|p2a: Sylveon|spd|1\n|\n|upkeep\n|turn|17\n|inactive|Time left: 300 sec this turn | 300 sec total\n|\n|t:|1783572129\n|move|p1a: Oricorio|Quiver Dance|p1a: Oricorio\n|-boost|p1a: Oricorio|spa|1\n|-boost|p1a: Oricorio|spd|1\n|-boost|p1a: Oricorio|spe|1\n|move|p2a: Sylveon|Hyper Voice|p1a: Oricorio\n|-resisted|p1a: Oricorio\n|-damage|p1a: Oricorio|48/100\n|\n|upkeep\n|turn|18\n|inactive|Time left: 300 sec this turn | 300 sec total\n|\n|t:|1783572130\n|move|p1a: Oricorio|Roost|p1a: Oricorio\n|-heal|p1a: Oricorio|98/100\n|-singleturn|p1a: Oricorio|move: Roost\n|move|p2a: Sylveon|Hyper Voice|p1a: Oricorio\n|-resisted|p1a: Oricorio\n|-damage|p1a: Oricorio|72/100\n|\n|upkeep\n|turn|19\n|inactive|Time left: 300 sec this turn | 300 sec total\n|\n|t:|1783572131\n|move|p1a: Oricorio|Hurricane|p2a: Sylveon\n|-damage|p2a: Sylveon|198/300\n|move|p2a: Sylveon|Hyper Voice|p1a: Oricorio\n|-resisted|p1a: Oricorio\n|-damage|p1a: Oricorio|47/100\n|\n|-heal|p2a: Sylveon|216/300|[from] item: Leftovers\n|upkeep\n|turn|20\n|inactive|Time left: 300 sec this turn | 300 sec total\n|\n|t:|1783572132\n|move|p1a: Oricorio|Roost|p1a: Oricorio\n|-heal|p1a: Oricorio|97/100\n|-singleturn|p1a: Oricorio|move: Roost\n|move|p2a: Sylveon|Hyper Voice|p1a: Oricorio\n|-resisted|p1a: Oricorio\n|-damage|p1a: Oricorio|74/100\n|\n|-heal|p2a: Sylveon|234/300|[from] item: Leftovers\n|upkeep\n|turn|21\n|inactive|Time left: 300 sec this turn | 300 sec total\n|\n|t:|1783572133\n|move|p1a: Oricorio|Hurricane|p2a: Sylveon|[miss]\n|-miss|p1a: Oricorio|p2a: Sylveon\n|move|p2a: Sylveon|Calm Mind|p2a: Sylveon\n|-boost|p2a: Sylveon|spa|1\n|-boost|p2a: Sylveon|spd|1\n|\n|-heal|p2a: Sylveon|252/300|[from] item: Leftovers\n|upkeep\n|turn|22\n|inactive|Time left: 300 sec this turn | 300 sec total\n|\n|t:|1783572134\n|move|p1a: Oricorio|Revelation Dance|p2a: Sylveon\n|-damage|p2a: Sylveon|185/300\n|move|p2a: Sylveon|Hyper Voice|p1a: Oricorio\n|-resisted|p1a: Oricorio\n|-damage|p1a: Oricorio|45/100\n|\n|-heal|p2a: Sylveon|203/300|[from] item: Leftovers\n|upkeep\n|turn|23\n|inactive|Time left: 300 sec this turn | 300 sec total\n|\n|t:|1783572135\n|move|p1a: Oricorio|Roost|p1a: Oricorio\n|-heal|p1a: Oricorio|95/100\n|-singleturn|p1a: Oricorio|move: Roost\n|move|p2a: Sylveon|Hyper Voice|p1a: Oricorio\n|-resisted|p1a: Oricorio\n|-damage|p1a: Oricorio|64/100\n|\n|-heal|p2a: Sylveon|221/300|[from] item: Leftovers\n|upkeep\n|turn|24\n|inactive|Time left: 300 sec this turn | 300 sec total\n|\n|t:|1783572136\n|move|p1a: Oricorio|Roost|p1a: Oricorio\n|-heal|p1a: Oricorio|100/100\n|-singleturn|p1a: Oricorio|move: Roost\n|move|p2a: Sylveon|Hyper Voice|p1a: Oricorio\n|-resisted|p1a: Oricorio\n|-damage|p1a: Oricorio|73/100\n|\n|-heal|p2a: Sylveon|239/300|[from] item: Leftovers\n|upkeep\n|turn|25\n|inactive|Time left: 300 sec this turn | 300 sec total\n|\n|t:|1783572137\n|move|p1a: Oricorio|Revelation Dance|p2a: Sylveon\n|-damage|p2a: Sylveon|164/300\n|move|p2a: Sylveon|Hyper Voice|p1a: Oricorio\n|-resisted|p1a: Oricorio\n|-damage|p1a: Oricorio|44/100\n|\n|-heal|p2a: Sylveon|182/300|[from] item: Leftovers\n|upkeep\n|turn|26\n|inactive|Time left: 300 sec this turn | 300 sec total\n|\n|t:|1783572138\n|move|p1a: Oricorio|Roost|p1a: Oricorio\n|-heal|p1a: Oricorio|94/100\n|-singleturn|p1a: Oricorio|move: Roost\n|move|p2a: Sylveon|Hyper Voice|p1a: Oricorio\n|-resisted|p1a: Oricorio\n|-damage|p1a: Oricorio|67/100\n|\n|-heal|p2a: Sylveon|200/300|[from] item: Leftovers\n|upkeep\n|turn|27\n|inactive|Time left: 300 sec this turn | 300 sec total\n|\n|t:|1783572139\n|move|p1a: Oricorio|Revelation Dance|p2a: Sylveon\n|-damage|p2a: Sylveon|127/300\n|move|p2a: Sylveon|Hyper Voice|p1a: Oricorio\n|-resisted|p1a: Oricorio\n|-damage|p1a: Oricorio|39/100\n|\n|-heal|p2a: Sylveon|145/300|[from] item: Leftovers\n|upkeep\n|turn|28\n|inactive|Time left: 300 sec this turn | 300 sec total\n|\n|t:|1783572139\n|move|p1a: Oricorio|Roost|p1a: Oricorio\n|-heal|p1a: Oricorio|89/100\n|-singleturn|p1a: Oricorio|move: Roost\n|move|p2a: Sylveon|Hyper Voice|p1a: Oricorio\n|-resisted|p1a: Oricorio\n|-damage|p1a: Oricorio|62/100\n|\n|-heal|p2a: Sylveon|163/300|[from] item: Leftovers\n|upkeep\n|turn|29\n|inactive|Time left: 300 sec this turn | 300 sec total\n|\n|t:|1783572140\n|move|p1a: Oricorio|Revelation Dance|p2a: Sylveon\n|-damage|p2a: Sylveon|90/300\n|move|p2a: Sylveon|Wish|p2a: Sylveon\n|\n|-heal|p2a: Sylveon|108/300|[from] item: Leftovers\n|upkeep\n|turn|30\n|inactive|Time left: 300 sec this turn | 300 sec total\n|\n|t:|1783572141\n|move|p1a: Oricorio|Revelation Dance|p2a: Sylveon\n|-damage|p2a: Sylveon|41/300\n|move|p2a: Sylveon|Hyper Voice|p1a: Oricorio\n|-resisted|p1a: Oricorio\n|-damage|p1a: Oricorio|30/100\n|\n|-heal|p2a: Sylveon|191/300|[from] move: Wish|[wisher] Sylveon\n|-heal|p2a: Sylveon|209/300|[from] item: Leftovers\n|upkeep\n|turn|31\n|inactive|Time left: 300 sec this turn | 300 sec total\n|\n|t:|1783572142\n|move|p1a: Oricorio|Roost|p1a: Oricorio\n|-heal|p1a: Oricorio|80/100\n|-singleturn|p1a: Oricorio|move: Roost\n|move|p2a: Sylveon|Hyper Voice|p1a: Oricorio\n|-resisted|p1a: Oricorio\n|-damage|p1a: Oricorio|52/100\n|\n|-heal|p2a: Sylveon|227/300|[from] item: Leftovers\n|upkeep\n|turn|32\n|inactive|Time left: 300 sec this turn | 300 sec total\n|\n|t:|1783572143\n|move|p1a: Oricorio|Roost|p1a: Oricorio\n|-heal|p1a: Oricorio|100/100\n|-singleturn|p1a: Oricorio|move: Roost\n|move|p2a: Sylveon|Hyper Voice|p1a: Oricorio\n|-resisted|p1a: Oricorio\n|-damage|p1a: Oricorio|69/100\n|\n|-heal|p2a: Sylveon|245/300|[from] item: Leftovers\n|upkeep\n|turn|33\n|inactive|Time left: 300 sec this turn | 300 sec total\n|\n|t:|1783572144\n|move|p1a: Oricorio|Revelation Dance|p2a: Sylveon\n|-crit|p2a: Sylveon\n|-damage|p2a: Sylveon|0 fnt\n|faint|p2a: Sylveon\n|\n|upkeep\n|inactive|Time left: 300 sec this turn | 300 sec total | 5 sec grace\n|\n|t:|1783572145\n|switch|p2a: Eelektross|Eelektross, L87, F|290/290\n|turn|34\n|inactive|Time left: 300 sec this turn | 300 sec total\n|\n|t:|1783572146\n|move|p1a: Oricorio|Revelation Dance|p2a: Eelektross\n|-damage|p2a: Eelektross|107/290\n|move|p2a: Eelektross|Dragon Tail|p1a: Oricorio\n|-crit|p1a: Oricorio\n|-damage|p1a: Oricorio|34/100\n|drag|p1a: Palafin|Palafin, L77, M|100/100\n|\n|upkeep\n|turn|35\n|inactive|Time left: 300 sec this turn | 300 sec total\n|\n|t:|1783572147\n|move|p1a: Palafin|Wave Crash|p2a: Eelektross\n|-damage|p2a: Eelektross|0 fnt\n|faint|p2a: Eelektross\n|-damage|p1a: Palafin|88/100|[from] Recoil\n|\n|upkeep\n|inactive|Time left: 300 sec this turn | 300 sec total | 5 sec grace\n|\n|t:|1783572148\n|switch|p2a: Vespiquen|Vespiquen, L99, F|299/299 slp\n|-ability|p2a: Vespiquen|Pressure\n|turn|36\n|inactive|Time left: 300 sec this turn | 300 sec total\n|\n|t:|1783572149\n|detailschange|p1a: Palafin|Palafin-Hero, L77, M\n|switch|p1a: Oricorio|Oricorio, L84, F|34/100\n|cant|p2a: Vespiquen|slp\n|\n|upkeep\n|turn|37\n|inactive|Time left: 300 sec this turn | 300 sec total\n|\n|t:|1783572150\n|move|p1a: Oricorio|Revelation Dance|p2a: Vespiquen\n|-supereffective|p2a: Vespiquen\n|-damage|p2a: Vespiquen|153/299 slp\n|-curestatus|p2a: Vespiquen|slp|[msg]\n|move|p2a: Vespiquen|Air Slash|p1a: Oricorio\n|-damage|p1a: Oricorio|0 fnt\n|faint|p1a: Oricorio\n|\n|upkeep\n|\n|t:|1783572151\n|switch|p1a: Palafin|Palafin-Hero, L77, M|88/100\n|-activate|p1a: Palafin|ability: Zero to Hero\n|turn|38\n|inactive|Time left: 300 sec this turn | 300 sec total\n|\n|t:|1783572152\n|move|p1a: Palafin|Wave Crash|p2a: Vespiquen\n|-damage|p2a: Vespiquen|0 fnt\n|faint|p2a: Vespiquen\n|-damage|p1a: Palafin|70/100|[from] Recoil\n|\n|win|p0x2871a4d8", "uploadtime": 1783572152, "views": 0, "rating": 0, "private": 0, "password": null, "_winner": "p0x2871a4d8", "_our_name": "p0y287126fe"}