{"id": "battle-gen9randombattle-2541", "formatid": "gen9randombattle", "format": "[Gen 9] Random Battle", "players": ["p0x25413083", "p0y2541e1cc"], "log": "|init|battle\n|title|p0x25413083 vs. p0y2541e1cc\n|j|\u2606p0x25413083\n|j|\u2606p0y2541e1cc\n|t:|1783569396\n|gametype|singles\n|player|p1|p0x25413083|2|\n|player|p2|p0y2541e1cc|102|\n|gen|9\n|tier|[Gen 9] Random Battle\n|rule|Species Clause: Limit one of each Pok\u00e9mon\n|rule|HP Percentage Mod: HP is shown in percentages\n|rule|Sleep Clause Mod: Limit one foe put to sleep\n|rule|Illusion Level Mod: Illusion disguises the Pok\u00e9mon's true level\n|\n|t:|1783569396\n|teamsize|p1|6\n|teamsize|p2|6\n|start\n|switch|p1a: Phione|Phione, L91|100/100\n|switch|p2a: Lumineon|Lumineon, L93, F|279/279\n|turn|1\n|inactive|Battle timer is ON: inactive players will automatically lose when time's up. (requested by p0y2541e1cc)\n|inactive|p0x25413083 also wants the timer to be on.\n|\n|t:|1783569398\n|move|p2a: Lumineon|U-turn|p1a: Phione\n|-damage|p1a: Phione|84/100\n|inactive|Time left: 300 sec this turn | 300 sec total | 65 sec grace\n|\n|t:|1783569399\n|switch|p2a: Crabominable|Crabominable, L90, M|321/321|[from] U-turn\n|move|p1a: Phione|Grass Knot|p2a: Crabominable\n|-damage|p2a: Crabominable|240/321\n|\n|-heal|p1a: Phione|91/100|[from] item: Leftovers\n|upkeep\n|turn|2\n|inactive|Time left: 300 sec this turn | 300 sec total\n|\n|t:|1783569400\n|move|p1a: Phione|Scald|p2a: Crabominable\n|-damage|p2a: Crabominable|141/321\n|move|p2a: Crabominable|Drain Punch|p1a: Phione\n|-damage|p1a: Phione|17/100\n|-heal|p2a: Crabominable|249/321|[from] drain|[of] p1a: Phione\n|\n|-heal|p1a: Phione|23/100|[from] item: Leftovers\n|upkeep\n|turn|3\n|inactive|Time left: 300 sec this turn | 300 sec total\n|\n|t:|1783569401\n|move|p1a: Phione|Scald|p2a: Crabominable\n|-damage|p2a: Crabominable|158/321\n|-status|p2a: Crabominable|brn\n|move|p2a: Crabominable|Drain Punch|p1a: Phione\n|-damage|p1a: Phione|0 fnt\n|-heal|p2a: Crabominable|191/321 brn|[from] drain|[of] p1a: Phione\n|faint|p1a: Phione\n|\n|-damage|p2a: Crabominable|171/321 brn|[from] brn\n|upkeep\n|\n|t:|1783569402\n|switch|p1a: Golurk|Golurk, L87|100/100\n|turn|4\n|inactive|Time left: 300 sec this turn | 300 sec total\n|\n|t:|1783569403\n|move|p1a: Golurk|Poltergeist|p2a: Crabominable\n|-activate|p2a: Crabominable|move: Poltergeist|Choice Band\n|-damage|p2a: Crabominable|0 fnt\n|faint|p2a: Crabominable\n|-damage|p1a: Golurk|91/100|[from] item: Life Orb\n|\n|upkeep\n|inactive|Time left: 300 sec this turn | 300 sec total | 5 sec grace\n|\n|t:|1783569404\n|switch|p2a: Tsareena|Tsareena, L87, F|267/267\n|turn|5\n|inactive|Time left: 300 sec this turn | 300 sec total\n|\n|t:|1783569405\n|switch|p1a: Scizor|Scizor, L79, F|100/100\n|move|p2a: Tsareena|Power Whip|p1a: Scizor|[miss]\n|-miss|p2a: Tsareena|p1a: Scizor\n|\n|upkeep\n|turn|6\n|inactive|Time left: 300 sec this turn | 300 sec total\n|\n|t:|1783569406\n|move|p2a: Tsareena|Power Whip|p1a: Scizor\n|-resisted|p1a: Scizor\n|-damage|p1a: Scizor|85/100\n|move|p1a: Scizor|U-turn|p2a: Tsareena\n|-supereffective|p2a: Tsareena\n|-damage|p2a: Tsareena|57/267\n|\n|t:|1783569407\n|switch|p1a: Lilligant|Lilligant-Hisui, L79, F|100/100|[from] U-turn\n|\n|upkeep\n|turn|7\n|inactive|Time left: 300 sec this turn | 300 sec total\n|\n|t:|1783569408\n|move|p2a: Tsareena|Power Whip|p1a: Lilligant\n|-resisted|p1a: Lilligant\n|-damage|p1a: Lilligant|58/100\n|move|p1a: Lilligant|Victory Dance|p1a: Lilligant\n|-boost|p1a: Lilligant|atk|1\n|-boost|p1a: Lilligant|def|1\n|-boost|p1a: Lilligant|spe|1\n|\n|upkeep\n|turn|8\n|inactive|Time left: 300 sec this turn | 300 sec total\n|\n|t:|1783569409\n|move|p1a: Lilligant|Leaf Blade|p2a: Tsareena\n|-resisted|p2a: Tsareena\n|-damage|p2a: Tsareena|0 fnt\n|faint|p2a: Tsareena\n|\n|upkeep\n|inactive|Time left: 300 sec this turn | 300 sec total | 5 sec grace\n|\n|t:|1783569410\n|switch|p2a: Piloswine|Piloswine, L85, F|309/309\n|turn|9\n|inactive|Time left: 300 sec this turn | 300 sec total\n|\n|t:|1783569411\n|-terastallize|p2a: Piloswine|Dragon\n|move|p1a: Lilligant|Sleep Powder|p2a: Piloswine\n|-status|p2a: Piloswine|slp|[from] move: Sleep Powder\n|cant|p2a: Piloswine|slp\n|\n|upkeep\n|turn|10\n|inactive|Time left: 300 sec this turn | 300 sec total\n|\n|t:|1783569412\n|move|p1a: Lilligant|Victory Dance|p1a: Lilligant\n|-boost|p1a: Lilligant|atk|1\n|-boost|p1a: Lilligant|def|1\n|-boost|p1a: Lilligant|spe|1\n|cant|p2a: Piloswine|slp\n|\n|upkeep\n|turn|11\n|inactive|Time left: 300 sec this turn | 300 sec total\n|\n|t:|1783569413\n|-terastallize|p1a: Lilligant|Fighting\n|move|p1a: Lilligant|Close Combat|p2a: Piloswine\n|-damage|p2a: Piloswine|1/309 slp\n|-unboost|p1a: Lilligant|def|1\n|-unboost|p1a: Lilligant|spd|1\n|-curestatus|p2a: Piloswine|slp|[msg]\n|move|p2a: Piloswine|Roar|p1a: Lilligant\n|drag|p1a: Golurk|Golurk, L87|91/100\n|\n|upkeep\n|turn|12\n|inactive|Time left: 300 sec this turn | 300 sec total\n|\n|t:|1783569414\n|move|p2a: Piloswine|Ice Shard|p1a: Golurk\n|-supereffective|p1a: Golurk\n|-damage|p1a: Golurk|58/100\n|move|p1a: Golurk|Earthquake|p2a: Piloswine\n|-damage|p2a: Piloswine|0 fnt\n|faint|p2a: Piloswine\n|-damage|p1a: Golurk|48/100|[from] item: Life Orb\n|\n|upkeep\n|inactive|Time left: 300 sec this turn | 300 sec total | 5 sec grace\n|\n|t:|1783569415\n|switch|p2a: Braviary|Braviary, L85, M|309/309\n|turn|13\n|inactive|Time left: 300 sec this turn | 300 sec total\n|\n|t:|1783569416\n|move|p2a: Braviary|Bulk Up|p2a: Braviary\n|-boost|p2a: Braviary|atk|1\n|-boost|p2a: Braviary|def|1\n|move|p1a: Golurk|Stone Edge|p2a: Braviary\n|-supereffective|p2a: Braviary\n|-damage|p2a: Braviary|119/309\n|-damage|p1a: Golurk|38/100|[from] item: Life Orb\n|\n|upkeep\n|turn|14\n|inactive|Time left: 300 sec this turn | 300 sec total\n|\n|t:|1783569417\n|move|p2a: Braviary|Roost|p2a: Braviary\n|-heal|p2a: Braviary|274/309\n|-singleturn|p2a: Braviary|move: Roost\n|move|p1a: Golurk|Stone Edge|p2a: Braviary\n|-damage|p2a: Braviary|179/309\n|-damage|p1a: Golurk|28/100|[from] item: Life Orb\n|\n|upkeep\n|turn|15\n|inactive|Time left: 300 sec this turn | 300 sec total\n|\n|t:|1783569418\n|move|p2a: Braviary|Brave Bird|p1a: Golurk\n|-damage|p1a: Golurk|0 fnt\n|faint|p1a: Golurk\n|-damage|p2a: Braviary|152/309|[from] Recoil\n|\n|upkeep\n|\n|t:|1783569419\n|switch|p1a: Lilligant|Lilligant-Hisui, L79, F, tera:Fighting|58/100\n|turn|16\n|inactive|Time left: 300 sec this turn | 300 sec total\n|\n|t:|1783569419\n|move|p1a: Lilligant|Close Combat|p2a: Braviary|[miss]\n|-miss|p1a: Lilligant|p2a: Braviary\n|move|p2a: Braviary|Roost|p2a: Braviary\n|-heal|p2a: Braviary|307/309\n|-singleturn|p2a: Braviary|move: Roost\n|\n|upkeep\n|turn|17\n|inactive|Time left: 300 sec this turn | 300 sec total\n|\n|t:|1783569420\n|move|p1a: Lilligant|Sleep Powder|p2a: Braviary\n|-status|p2a: Braviary|slp|[from] move: Sleep Powder\n|cant|p2a: Braviary|slp\n|\n|upkeep\n|turn|18\n|inactive|Time left: 300 sec this turn | 300 sec total\n|\n|t:|1783569421\n|move|p1a: Lilligant|Close Combat|p2a: Braviary\n|-damage|p2a: Braviary|129/309 slp\n|-unboost|p1a: Lilligant|def|1\n|-unboost|p1a: Lilligant|spd|1\n|cant|p2a: Braviary|slp\n|\n|upkeep\n|turn|19\n|inactive|Time left: 300 sec this turn | 300 sec total\n|\n|t:|1783569422\n|move|p1a: Lilligant|Close Combat|p2a: Braviary\n|-damage|p2a: Braviary|0 fnt\n|-unboost|p1a: Lilligant|def|1\n|-unboost|p1a: Lilligant|spd|1\n|faint|p2a: Braviary\n|\n|upkeep\n|inactive|Time left: 300 sec this turn | 300 sec total | 5 sec grace\n|\n|t:|1783569423\n|switch|p2a: Lumineon|Lumineon, L93, F|279/279\n|turn|20\n|inactive|Time left: 300 sec this turn | 300 sec total\n|\n|t:|1783569424\n|switch|p1a: Scizor|Scizor, L79, F|85/100\n|move|p2a: Lumineon|Hydro Pump|p1a: Scizor|[miss]\n|-miss|p2a: Lumineon|p1a: Scizor\n|\n|upkeep\n|turn|21\n|inactive|Time left: 300 sec this turn | 300 sec total\n|\n|t:|1783569425\n|move|p2a: Lumineon|Hydro Pump|p1a: Scizor\n|-damage|p1a: Scizor|35/100\n|move|p1a: Scizor|U-turn|p2a: Lumineon\n|-damage|p2a: Lumineon|159/279\n|\n|t:|1783569426\n|switch|p1a: Lilligant|Lilligant-Hisui, L79, F, tera:Fighting|58/100|[from] U-turn\n|\n|upkeep\n|turn|22\n|inactive|Time left: 300 sec this turn | 300 sec total\n|\n|t:|1783569427\n|move|p2a: Lumineon|Hydro Pump|p1a: Lilligant|[miss]\n|-miss|p2a: Lumineon|p1a: Lilligant\n|move|p1a: Lilligant|Close Combat|p2a: Lumineon\n|-damage|p2a: Lumineon|0 fnt\n|-unboost|p1a: Lilligant|def|1\n|-unboost|p1a: Lilligant|spd|1\n|faint|p2a: Lumineon\n|\n|upkeep\n|inactive|Time left: 300 sec this turn | 300 sec total | 5 sec grace\n|\n|t:|1783569428\n|switch|p2a: Noctowl|Noctowl, L95, F|344/344\n|turn|23\n|inactive|Time left: 300 sec this turn | 300 sec total\n|\n|t:|1783569429\n|switch|p1a: Pawmot|Pawmot, L80, M|100/100\n|move|p2a: Noctowl|Roost||[still]\n|-fail|p2a: Noctowl|heal\n|\n|upkeep\n|turn|24\n|inactive|Time left: 300 sec this turn | 300 sec total\n|\n|t:|1783569430\n|move|p1a: Pawmot|Double Shock|p2a: Noctowl\n|-supereffective|p2a: Noctowl\n|-damage|p2a: Noctowl|0 fnt\n|-start|p1a: Pawmot|typechange|???/Fighting|[from] move: Double Shock\n|faint|p2a: Noctowl\n|-damage|p1a: Pawmot|91/100|[from] item: Life Orb\n|\n|win|p0x25413083", "uploadtime": 1783569430, "views": 0, "rating": 0, "private": 0, "password": null, "_winner": "p0x25413083", "_our_name": "p0y2541e1cc"}