{"id": "battle-gen9randombattle-1460", "formatid": "gen9randombattle", "format": "[Gen 9] Random Battle", "players": ["p0x14602f33", "p0y14604168"], "log": "|init|battle\n|title|p0x14602f33 vs. p0y14604168\n|j|\u2606p0x14602f33\n|j|\u2606p0y14604168\n|t:|1783556071\n|gametype|singles\n|player|p1|p0x14602f33|170|\n|player|p2|p0y14604168|169|\n|gen|9\n|tier|[Gen 9] Random Battle\n|rule|Species Clause: Limit one of each Pok\u00e9mon\n|rule|HP Percentage Mod: HP is shown in percentages\n|rule|Sleep Clause Mod: Limit one foe put to sleep\n|rule|Illusion Level Mod: Illusion disguises the Pok\u00e9mon's true level\n|\n|t:|1783556071\n|teamsize|p1|6\n|teamsize|p2|6\n|start\n|switch|p1a: Scrafty|Scrafty, L83, M|244/244\n|switch|p2a: Terrakion|Terrakion, L79|100/100\n|-ability|p1a: Scrafty|Intimidate|boost\n|-unboost|p2a: Terrakion|atk|1\n|turn|1\n|inactive|Battle timer is ON: inactive players will automatically lose when time's up. (requested by p0y14604168)\n|inactive|Time left: 300 sec this turn | 300 sec total | 60 sec grace\n|\n|t:|1783556073\n|move|p2a: Terrakion|Close Combat|p1a: Scrafty\n|-supereffective|p1a: Scrafty\n|-damage|p1a: Scrafty|8/244\n|-unboost|p2a: Terrakion|def|1\n|-unboost|p2a: Terrakion|spd|1\n|move|p1a: Scrafty|Dragon Dance|p1a: Scrafty\n|-boost|p1a: Scrafty|atk|1\n|-boost|p1a: Scrafty|spe|1\n|\n|-heal|p1a: Scrafty|23/244|[from] item: Leftovers\n|upkeep\n|turn|2\n|inactive|Time left: 300 sec this turn | 300 sec total\n|inactive|p0x14602f33 also wants the timer to be on.\n|\n|t:|1783556074\n|-terastallize|p2a: Terrakion|Fighting\n|move|p2a: Terrakion|Close Combat|p1a: Scrafty\n|-supereffective|p1a: Scrafty\n|-damage|p1a: Scrafty|0 fnt\n|-unboost|p2a: Terrakion|def|1\n|-unboost|p2a: Terrakion|spd|1\n|faint|p1a: Scrafty\n|\n|upkeep\n|inactive|Time left: 300 sec this turn | 300 sec total | 5 sec grace\n|\n|t:|1783556075\n|switch|p1a: Mewtwo|Mewtwo, L72|272/272\n|-ability|p1a: Mewtwo|Pressure\n|turn|3\n|inactive|Time left: 300 sec this turn | 300 sec total\n|\n|t:|1783556076\n|move|p1a: Mewtwo|Nasty Plot|p1a: Mewtwo\n|-boost|p1a: Mewtwo|spa|2\n|move|p2a: Terrakion|Close Combat|p1a: Mewtwo\n|-resisted|p1a: Mewtwo\n|-damage|p1a: Mewtwo|166/272\n|-unboost|p2a: Terrakion|def|1\n|-unboost|p2a: Terrakion|spd|1\n|\n|upkeep\n|turn|4\n|inactive|Time left: 300 sec this turn | 300 sec total\n|\n|t:|1783556078\n|switch|p2a: Corviknight|Corviknight, L80, M|100/100\n|move|p1a: Mewtwo|Psystrike|p2a: Corviknight\n|-resisted|p2a: Corviknight\n|-damage|p2a: Corviknight|54/100\n|-damage|p1a: Mewtwo|139/272|[from] item: Life Orb\n|\n|-heal|p2a: Corviknight|61/100|[from] item: Leftovers\n|upkeep\n|turn|5\n|inactive|Time left: 300 sec this turn | 300 sec total\n|\n|t:|1783556079\n|move|p1a: Mewtwo|Fire Blast|p2a: Corviknight\n|-supereffective|p2a: Corviknight\n|-damage|p2a: Corviknight|0 fnt\n|faint|p2a: Corviknight\n|-damage|p1a: Mewtwo|112/272|[from] item: Life Orb\n|\n|upkeep\n|\n|t:|1783556080\n|switch|p2a: Cobalion|Cobalion, L80|100/100\n|turn|6\n|inactive|Time left: 300 sec this turn | 300 sec total\n|\n|t:|1783556080\n|move|p1a: Mewtwo|Fire Blast|p2a: Cobalion\n|-supereffective|p2a: Cobalion\n|-damage|p2a: Cobalion|0 fnt\n|faint|p2a: Cobalion\n|-damage|p1a: Mewtwo|85/272|[from] item: Life Orb\n|\n|upkeep\n|\n|t:|1783556081\n|switch|p2a: Gogoat|Gogoat, L88, F|100/100\n|turn|7\n|inactive|Time left: 300 sec this turn | 300 sec total\n|\n|t:|1783556082\n|move|p1a: Mewtwo|Psystrike|p2a: Gogoat\n|-damage|p2a: Gogoat|4/100\n|-damage|p1a: Mewtwo|58/272|[from] item: Life Orb\n|move|p2a: Gogoat|Horn Leech|p1a: Mewtwo\n|-damage|p1a: Mewtwo|0 fnt\n|-heal|p2a: Gogoat|12/100|[from] drain|[of] p1a: Mewtwo\n|faint|p1a: Mewtwo\n|\n|-heal|p2a: Gogoat|18/100|[from] item: Leftovers\n|upkeep\n|inactive|Time left: 300 sec this turn | 300 sec total | 5 sec grace\n|\n|t:|1783556083\n|switch|p1a: Porygon-Z|Porygon-Z, L83|277/277\n|turn|8\n|inactive|Time left: 300 sec this turn | 300 sec total\n|\n|t:|1783556084\n|move|p1a: Porygon-Z|Tera Blast|p2a: Gogoat\n|-damage|p2a: Gogoat|0 fnt\n|faint|p2a: Gogoat\n|-damage|p1a: Porygon-Z|250/277|[from] item: Life Orb\n|\n|upkeep\n|\n|t:|1783556085\n|switch|p2a: Terrakion|Terrakion, L79, tera:Fighting|100/100\n|turn|9\n|inactive|Time left: 300 sec this turn | 300 sec total\n|\n|t:|1783556086\n|switch|p1a: Slowking|Slowking, L88, M|310/310\n|move|p2a: Terrakion|Close Combat|p1a: Slowking\n|-resisted|p1a: Slowking\n|-damage|p1a: Slowking|159/310\n|-unboost|p2a: Terrakion|def|1\n|-unboost|p2a: Terrakion|spd|1\n|\n|upkeep\n|turn|10\n|inactive|Time left: 300 sec this turn | 300 sec total\n|\n|t:|1783556087\n|move|p2a: Terrakion|Close Combat|p1a: Slowking\n|-resisted|p1a: Slowking\n|-damage|p1a: Slowking|13/310\n|-unboost|p2a: Terrakion|def|1\n|-unboost|p2a: Terrakion|spd|1\n|move|p1a: Slowking|Scald|p2a: Terrakion\n|-damage|p2a: Terrakion|29/100\n|\n|upkeep\n|turn|11\n|inactive|Time left: 300 sec this turn | 300 sec total\n|\n|t:|1783556088\n|switch|p1a: Arbok|Arbok, L87, F|246/246\n|-ability|p1a: Arbok|Intimidate|boost\n|-unboost|p2a: Terrakion|atk|1\n|move|p2a: Terrakion|Close Combat|p1a: Arbok\n|-resisted|p1a: Arbok\n|-damage|p1a: Arbok|138/246\n|-unboost|p2a: Terrakion|def|1\n|-unboost|p2a: Terrakion|spd|1\n|\n|upkeep\n|turn|12\n|inactive|Time left: 300 sec this turn | 300 sec total\n|\n|t:|1783556089\n|move|p2a: Terrakion|Close Combat|p1a: Arbok\n|-resisted|p1a: Arbok\n|-damage|p1a: Arbok|38/246\n|-unboost|p2a: Terrakion|def|1\n|-unboost|p2a: Terrakion|spd|1\n|move|p1a: Arbok|Gunk Shot|p2a: Terrakion\n|-damage|p2a: Terrakion|0 fnt\n|faint|p2a: Terrakion\n|-damage|p1a: Arbok|14/246|[from] item: Life Orb\n|\n|upkeep\n|\n|t:|1783556090\n|switch|p2a: Blissey|Blissey, L85, F|100/100\n|turn|13\n|inactive|Time left: 300 sec this turn | 300 sec total\n|\n|t:|1783556091\n|move|p1a: Arbok|Gunk Shot|p2a: Blissey\n|-damage|p2a: Blissey|19/100\n|-damage|p1a: Arbok|0 fnt|[from] item: Life Orb\n|faint|p1a: Arbok\n|move|p2a: Blissey|Soft-Boiled|p2a: Blissey\n|-heal|p2a: Blissey|69/100\n|\n|-heal|p2a: Blissey|75/100|[from] item: Leftovers\n|upkeep\n|inactive|Time left: 300 sec this turn | 300 sec total | 5 sec grace\n|\n|t:|1783556092\n|switch|p1a: Infernape|Infernape, L82, M|259/259\n|turn|14\n|inactive|Time left: 300 sec this turn | 300 sec total\n|\n|t:|1783556093\n|switch|p2a: Primarina|Primarina, L83, M|100/100\n|move|p1a: Infernape|Close Combat|p2a: Primarina\n|-resisted|p2a: Primarina\n|-damage|p2a: Primarina|68/100\n|-unboost|p1a: Infernape|def|1\n|-unboost|p1a: Infernape|spd|1\n|-damage|p1a: Infernape|234/259|[from] item: Life Orb\n|\n|-heal|p2a: Primarina|74/100|[from] item: Leftovers\n|upkeep\n|turn|15\n|inactive|Time left: 300 sec this turn | 300 sec total\n|\n|t:|1783556094\n|switch|p1a: Slowking|Slowking, L88, M|116/310\n|move|p2a: Primarina|Draining Kiss|p1a: Slowking\n|-damage|p1a: Slowking|64/310\n|-heal|p2a: Primarina|89/100|[from] drain|[of] p1a: Slowking\n|\n|-heal|p2a: Primarina|95/100|[from] item: Leftovers\n|upkeep\n|turn|16\n|inactive|Time left: 300 sec this turn | 300 sec total\n|\n|t:|1783556095\n|move|p2a: Primarina|Calm Mind|p2a: Primarina\n|-boost|p2a: Primarina|spa|1\n|-boost|p2a: Primarina|spd|1\n|move|p1a: Slowking|Slack Off|p1a: Slowking\n|-heal|p1a: Slowking|219/310\n|\n|-heal|p2a: Primarina|100/100|[from] item: Leftovers\n|upkeep\n|turn|17\n|inactive|Time left: 300 sec this turn | 300 sec total\n|\n|t:|1783556096\n|move|p2a: Primarina|Calm Mind|p2a: Primarina\n|-boost|p2a: Primarina|spa|1\n|-boost|p2a: Primarina|spd|1\n|move|p1a: Slowking|Psyshock|p2a: Primarina\n|-damage|p2a: Primarina|58/100\n|\n|-heal|p2a: Primarina|64/100|[from] item: Leftovers\n|upkeep\n|turn|18\n|inactive|Time left: 300 sec this turn | 300 sec total\n|\n|t:|1783556097\n|move|p2a: Primarina|Draining Kiss|p1a: Slowking\n|-damage|p1a: Slowking|114/310\n|-heal|p2a: Primarina|93/100|[from] drain|[of] p1a: Slowking\n|move|p1a: Slowking|Psyshock|p2a: Primarina\n|-damage|p2a: Primarina|54/100\n|\n|-heal|p2a: Primarina|60/100|[from] item: Leftovers\n|upkeep\n|turn|19\n|inactive|Time left: 300 sec this turn | 300 sec total\n|\n|t:|1783556098\n|move|p2a: Primarina|Draining Kiss|p1a: Slowking\n|-damage|p1a: Slowking|14/310\n|-heal|p2a: Primarina|88/100|[from] drain|[of] p1a: Slowking\n|move|p1a: Slowking|Slack Off|p1a: Slowking\n|-heal|p1a: Slowking|169/310\n|\n|-heal|p2a: Primarina|94/100|[from] item: Leftovers\n|upkeep\n|turn|20\n|inactive|Time left: 300 sec this turn | 300 sec total\n|\n|t:|1783556099\n|move|p2a: Primarina|Sparkling Aria|p1a: Slowking\n|-resisted|p1a: Slowking\n|-damage|p1a: Slowking|76/310\n|move|p1a: Slowking|Slack Off|p1a: Slowking\n|-heal|p1a: Slowking|231/310\n|\n|-heal|p2a: Primarina|99/100|[from] item: Leftovers\n|upkeep\n|turn|21\n|inactive|Time left: 300 sec this turn | 300 sec total\n|\n|t:|1783556100\n|move|p2a: Primarina|Calm Mind|p2a: Primarina\n|-boost|p2a: Primarina|spa|1\n|-boost|p2a: Primarina|spd|1\n|move|p1a: Slowking|Slack Off|p1a: Slowking\n|-heal|p1a: Slowking|310/310\n|\n|-heal|p2a: Primarina|100/100|[from] item: Leftovers\n|upkeep\n|turn|22\n|inactive|Time left: 300 sec this turn | 300 sec total\n|\n|t:|1783556101\n|move|p2a: Primarina|Calm Mind|p2a: Primarina\n|-boost|p2a: Primarina|spa|1\n|-boost|p2a: Primarina|spd|1\n|move|p1a: Slowking|Psyshock|p2a: Primarina\n|-damage|p2a: Primarina|59/100\n|\n|-heal|p2a: Primarina|65/100|[from] item: Leftovers\n|upkeep\n|turn|23\n|inactive|Time left: 300 sec this turn | 300 sec total\n|\n|t:|1783556102\n|move|p2a: Primarina|Draining Kiss|p1a: Slowking\n|-damage|p1a: Slowking|154/310\n|-heal|p2a: Primarina|100/100|[from] drain|[of] p1a: Slowking\n|move|p1a: Slowking|Slack Off|p1a: Slowking\n|-heal|p1a: Slowking|309/310\n|\n|upkeep\n|turn|24\n|inactive|Time left: 300 sec this turn | 300 sec total\n|\n|t:|1783556104\n|move|p2a: Primarina|Draining Kiss|p1a: Slowking\n|-damage|p1a: Slowking|161/310\n|move|p1a: Slowking|Slack Off|p1a: Slowking\n|-heal|p1a: Slowking|310/310\n|\n|upkeep\n|turn|25\n|inactive|Time left: 300 sec this turn | 300 sec total\n|\n|t:|1783556105\n|move|p2a: Primarina|Draining Kiss|p1a: Slowking\n|-damage|p1a: Slowking|156/310\n|move|p1a: Slowking|Slack Off|p1a: Slowking\n|-heal|p1a: Slowking|310/310\n|\n|upkeep\n|turn|26\n|inactive|Time left: 300 sec this turn | 300 sec total\n|\n|t:|1783556106\n|move|p2a: Primarina|Draining Kiss|p1a: Slowking\n|-damage|p1a: Slowking|148/310\n|move|p1a: Slowking|Slack Off|p1a: Slowking\n|-heal|p1a: Slowking|303/310\n|\n|upkeep\n|turn|27\n|inactive|Time left: 300 sec this turn | 300 sec total\n|\n|t:|1783556107\n|move|p2a: Primarina|Draining Kiss|p1a: Slowking\n|-damage|p1a: Slowking|135/310\n|move|p1a: Slowking|Psyshock|p2a: Primarina\n|-damage|p2a: Primarina|62/100\n|\n|-heal|p2a: Primarina|68/100|[from] item: Leftovers\n|upkeep\n|turn|28\n|inactive|Time left: 300 sec this turn | 300 sec total\n|\n|t:|1783556108\n|switch|p1a: Infernape|Infernape, L82, M|234/259\n|move|p2a: Primarina|Draining Kiss|p1a: Infernape\n|-damage|p1a: Infernape|3/259\n|-heal|p2a: Primarina|100/100|[from] drain|[of] p1a: Infernape\n|\n|upkeep\n|turn|29\n|inactive|Time left: 300 sec this turn | 300 sec total\n|\n|t:|1783556109\n|move|p1a: Infernape|Stone Edge|p2a: Primarina\n|-damage|p2a: Primarina|63/100\n|-damage|p1a: Infernape|0 fnt|[from] item: Life Orb\n|faint|p1a: Infernape\n|move|p2a: Primarina|Draining Kiss|p1: Infernape|[notarget]\n|-fail|p2a: Primarina\n|\n|-heal|p2a: Primarina|69/100|[from] item: Leftovers\n|upkeep\n|inactive|Time left: 300 sec this turn | 300 sec total | 5 sec grace\n|\n|t:|1783556110\n|switch|p1a: Slowking|Slowking, L88, M|238/310\n|turn|30\n|inactive|Time left: 300 sec this turn | 300 sec total\n|\n|t:|1783556111\n|move|p2a: Primarina|Draining Kiss|p1a: Slowking\n|-damage|p1a: Slowking|94/310\n|-heal|p2a: Primarina|100/100|[from] drain|[of] p1a: Slowking\n|move|p1a: Slowking|Psyshock|p2a: Primarina\n|-damage|p2a: Primarina|57/100\n|\n|-heal|p2a: Primarina|63/100|[from] item: Leftovers\n|upkeep\n|turn|31\n|inactive|Time left: 300 sec this turn | 300 sec total\n|\n|t:|1783556112\n|switch|p1a: Porygon-Z|Porygon-Z, L83|250/277\n|move|p2a: Primarina|Sparkling Aria|p1a: Porygon-Z\n|-damage|p1a: Porygon-Z|0 fnt\n|faint|p1a: Porygon-Z\n|\n|-heal|p2a: Primarina|69/100|[from] item: Leftovers\n|upkeep\n|inactive|Time left: 300 sec this turn | 300 sec total | 5 sec grace\n|\n|t:|1783556113\n|switch|p1a: Slowking|Slowking, L88, M|197/310\n|turn|32\n|inactive|Time left: 300 sec this turn | 300 sec total\n|\n|t:|1783556115\n|move|p2a: Primarina|Draining Kiss|p1a: Slowking\n|-damage|p1a: Slowking|32/310\n|-heal|p2a: Primarina|100/100|[from] drain|[of] p1a: Slowking\n|move|p1a: Slowking|Scald|p2a: Primarina\n|-resisted|p2a: Primarina\n|-damage|p2a: Primarina|95/100\n|\n|-heal|p2a: Primarina|100/100|[from] item: Leftovers\n|upkeep\n|turn|33\n|inactive|Time left: 300 sec this turn | 300 sec total\n|\n|t:|1783556116\n|move|p2a: Primarina|Draining Kiss|p1a: Slowking\n|-damage|p1a: Slowking|0 fnt\n|faint|p1a: Slowking\n|\n|win|p0y14604168", "uploadtime": 1783556116, "views": 0, "rating": 0, "private": 0, "password": null, "_winner": "p0y14604168", "_our_name": "p0x14602f33"}