{"id": "battle-gen9randombattle-1802", "formatid": "gen9randombattle", "format": "[Gen 9] Random Battle", "players": ["p0x1802d3e3", "p0y18024346"], "log": "|init|battle\n|title|p0x1802d3e3 vs. p0y18024346\n|j|\u2606p0x1802d3e3\n|j|\u2606p0y18024346\n|t:|1783560111\n|gametype|singles\n|player|p1|p0x1802d3e3|266|\n|player|p2|p0y18024346|1|\n|gen|9\n|tier|[Gen 9] Random Battle\n|rule|Species Clause: Limit one of each Pok\u00e9mon\n|rule|HP Percentage Mod: HP is shown in percentages\n|rule|Sleep Clause Mod: Limit one foe put to sleep\n|rule|Illusion Level Mod: Illusion disguises the Pok\u00e9mon's true level\n|\n|t:|1783560111\n|teamsize|p1|6\n|teamsize|p2|6\n|start\n|switch|p1a: Shiftry|Shiftry, L89, F|100/100\n|switch|p2a: Raging Bolt|Raging Bolt, L78|323/323\n|turn|1\n|inactive|Battle timer is ON: inactive players will automatically lose when time's up. (requested by p0y18024346)\n|inactive|p0x1802d3e3 also wants the timer to be on.\n|\n|t:|1783560113\n|-end|p2a: Raging Bolt|Protosynthesis|[silent]\n|switch|p2a: Qwilfish|Qwilfish-Hisui, L83, M|244/244\n|-ability|p2a: Qwilfish|Intimidate|boost\n|-unboost|p1a: Shiftry|atk|1\n|move|p1a: Shiftry|Knock Off|p2a: Qwilfish\n|-resisted|p2a: Qwilfish\n|-crit|p2a: Qwilfish\n|-damage|p2a: Qwilfish|166/244\n|-enditem|p2a: Qwilfish|Eviolite|[from] move: Knock Off|[of] p1a: Shiftry\n|-damage|p1a: Shiftry|91/100|[from] item: Life Orb\n|\n|upkeep\n|turn|2\n|inactive|Time left: 300 sec this turn | 300 sec total\n|\n|t:|1783560114\n|switch|p1a: Rhydon|Rhydon, L85, M|100/100\n|move|p2a: Qwilfish|Gunk Shot|p1a: Rhydon\n|-resisted|p1a: Rhydon\n|-damage|p1a: Rhydon|95/100\n|\n|upkeep\n|turn|3\n|inactive|Time left: 300 sec this turn | 300 sec total\n|\n|t:|1783560116\n|switch|p2a: Abomasnow|Abomasnow, L84, F|287/287\n|-weather|Snowscape|[from] ability: Snow Warning|[of] p2a: Abomasnow\n|move|p1a: Rhydon|Earthquake|p2a: Abomasnow\n|-resisted|p2a: Abomasnow\n|-damage|p2a: Abomasnow|233/287\n|\n|-weather|Snowscape|[upkeep]\n|upkeep\n|turn|4\n|inactive|Time left: 300 sec this turn | 300 sec total\n|\n|t:|1783560117\n|move|p2a: Abomasnow|Aurora Veil|p2a: Abomasnow\n|-sidestart|p2: p0y18024346|move: Aurora Veil\n|move|p1a: Rhydon|Stealth Rock|p2a: Abomasnow\n|-sidestart|p2: p0y18024346|move: Stealth Rock\n|\n|-weather|Snowscape|[upkeep]\n|upkeep\n|turn|5\n|inactive|Time left: 300 sec this turn | 300 sec total\n|\n|t:|1783560118\n|move|p2a: Abomasnow|Blizzard|p1a: Rhydon\n|-supereffective|p1a: Rhydon\n|-damage|p1a: Rhydon|16/100\n|move|p1a: Rhydon|Stone Edge|p2a: Abomasnow\n|-supereffective|p2a: Abomasnow\n|-damage|p2a: Abomasnow|130/287\n|\n|-weather|Snowscape|[upkeep]\n|upkeep\n|turn|6\n|inactive|Time left: 300 sec this turn | 300 sec total\n|\n|t:|1783560120\n|switch|p1a: Blissey|Blissey, L85, F|100/100\n|move|p2a: Abomasnow|Blizzard|p1a: Blissey\n|-damage|p1a: Blissey|86/100\n|\n|-weather|Snowscape|[upkeep]\n|-heal|p1a: Blissey|92/100|[from] item: Leftovers\n|upkeep\n|turn|7\n|inactive|Time left: 300 sec this turn | 300 sec total\n|\n|t:|1783560121\n|move|p2a: Abomasnow|Wood Hammer|p1a: Blissey\n|-damage|p1a: Blissey|24/100\n|-damage|p2a: Abomasnow|1/287|[from] Recoil\n|move|p1a: Blissey|Seismic Toss|p2a: Abomasnow\n|-damage|p2a: Abomasnow|0 fnt\n|faint|p2a: Abomasnow\n|\n|-weather|none\n|-heal|p1a: Blissey|30/100|[from] item: Leftovers\n|upkeep\n|inactive|Time left: 300 sec this turn | 300 sec total | 5 sec grace\n|\n|t:|1783560122\n|switch|p2a: Blastoise|Blastoise, L80, F|258/258\n|-damage|p2a: Blastoise|226/258|[from] Stealth Rock\n|turn|8\n|inactive|Time left: 300 sec this turn | 300 sec total\n|\n|t:|1783560123\n|switch|p1a: Regieleki|Regieleki, L79|100/100\n|move|p2a: Blastoise|Shell Smash|p2a: Blastoise\n|-unboost|p2a: Blastoise|def|1\n|-unboost|p2a: Blastoise|spd|1\n|-boost|p2a: Blastoise|atk|2\n|-boost|p2a: Blastoise|spa|2\n|-boost|p2a: Blastoise|spe|2\n|-enditem|p2a: Blastoise|White Herb\n|-clearnegativeboost|p2a: Blastoise|[silent]\n|\n|upkeep\n|turn|9\n|inactive|Time left: 300 sec this turn | 300 sec total\n|\n|t:|1783560124\n|move|p1a: Regieleki|Volt Switch|p2a: Blastoise\n|-supereffective|p2a: Blastoise\n|-damage|p2a: Blastoise|133/258\n|\n|t:|1783560125\n|switch|p1a: Blissey|Blissey, L85, F|30/100|[from] Volt Switch\n|move|p2a: Blastoise|Shell Smash|p2a: Blastoise\n|-unboost|p2a: Blastoise|def|1\n|-unboost|p2a: Blastoise|spd|1\n|-boost|p2a: Blastoise|atk|2\n|-boost|p2a: Blastoise|spa|2\n|-boost|p2a: Blastoise|spe|2\n|\n|-heal|p1a: Blissey|37/100|[from] item: Leftovers\n|upkeep\n|turn|10\n|inactive|Time left: 300 sec this turn | 300 sec total\n|\n|t:|1783560126\n|move|p2a: Blastoise|Hydro Pump|p1a: Blissey\n|-damage|p1a: Blissey|4/100\n|move|p1a: Blissey|Thunder Wave|p2a: Blastoise\n|-status|p2a: Blastoise|par\n|\n|-heal|p1a: Blissey|10/100|[from] item: Leftovers\n|upkeep\n|turn|11\n|inactive|Time left: 300 sec this turn | 300 sec total\n|\n|t:|1783560127\n|move|p2a: Blastoise|Hydro Pump|p1a: Blissey\n|-damage|p1a: Blissey|0 fnt\n|faint|p1a: Blissey\n|\n|-sideend|p2: p0y18024346|move: Aurora Veil\n|upkeep\n|\n|t:|1783560128\n|switch|p1a: Indeedee|Indeedee-F, L90, F|100/100\n|-fieldstart|move: Psychic Terrain|[from] ability: Psychic Surge|[of] p1a: Indeedee\n|turn|12\n|inactive|Time left: 300 sec this turn | 300 sec total\n|\n|t:|1783560129\n|move|p1a: Indeedee|Psyshock|p2a: Blastoise\n|-damage|p2a: Blastoise|0 fnt\n|faint|p2a: Blastoise\n|\n|upkeep\n|inactive|Time left: 300 sec this turn | 300 sec total | 5 sec grace\n|\n|t:|1783560130\n|switch|p2a: Qwilfish|Qwilfish-Hisui, L83, M|166/244\n|-damage|p2a: Qwilfish|136/244|[from] Stealth Rock\n|-ability|p2a: Qwilfish|Intimidate|boost\n|-unboost|p1a: Indeedee|atk|1\n|turn|13\n|inactive|Time left: 300 sec this turn | 300 sec total\n|\n|t:|1783560131\n|switch|p1a: Rhydon|Rhydon, L85, M|16/100\n|move|p2a: Qwilfish|Crunch|p1a: Rhydon\n|-damage|p1a: Rhydon|3/100\n|-unboost|p1a: Rhydon|def|1\n|\n|upkeep\n|turn|14\n|inactive|Time left: 300 sec this turn | 300 sec total\n|\n|t:|1783560131\n|move|p2a: Qwilfish|Crunch|p1a: Rhydon\n|-damage|p1a: Rhydon|0 fnt\n|faint|p1a: Rhydon\n|\n|upkeep\n|\n|t:|1783560132\n|switch|p1a: Regieleki|Regieleki, L79|100/100\n|turn|15\n|inactive|Time left: 300 sec this turn | 300 sec total\n|\n|t:|1783560133\n|switch|p2a: Raging Bolt|Raging Bolt, L78|323/323\n|-damage|p2a: Raging Bolt|283/323|[from] Stealth Rock\n|move|p1a: Regieleki|Thunderbolt|p2a: Raging Bolt\n|-resisted|p2a: Raging Bolt\n|-damage|p2a: Raging Bolt|261/323\n|\n|upkeep\n|turn|16\n|inactive|Time left: 300 sec this turn | 300 sec total\n|\n|t:|1783560134\n|switch|p1a: Shiftry|Shiftry, L89, F|91/100\n|move|p2a: Raging Bolt|Thunderbolt|p1a: Shiftry\n|-resisted|p1a: Shiftry\n|-damage|p1a: Shiftry|68/100\n|\n|-fieldend|move: Psychic Terrain\n|upkeep\n|turn|17\n|inactive|Time left: 300 sec this turn | 300 sec total\n|\n|t:|1783560134\n|move|p1a: Shiftry|Knock Off|p2a: Raging Bolt\n|-damage|p2a: Raging Bolt|105/323\n|-enditem|p2a: Raging Bolt|Assault Vest|[from] move: Knock Off|[of] p1a: Shiftry\n|-damage|p1a: Shiftry|59/100|[from] item: Life Orb\n|move|p2a: Raging Bolt|Draco Meteor|p1a: Shiftry\n|-damage|p1a: Shiftry|0 fnt\n|-unboost|p2a: Raging Bolt|spa|2\n|faint|p1a: Shiftry\n|\n|upkeep\n|\n|t:|1783560135\n|switch|p1a: Azelf|Azelf, L82|100/100\n|turn|18\n|inactive|Time left: 300 sec this turn | 300 sec total\n|\n|t:|1783560136\n|move|p1a: Azelf|Dazzling Gleam|p2a: Raging Bolt\n|-supereffective|p2a: Raging Bolt\n|-damage|p2a: Raging Bolt|0 fnt\n|faint|p2a: Raging Bolt\n|-end|p2a: Raging Bolt|Protosynthesis|[silent]\n|\n|upkeep\n|inactive|Time left: 300 sec this turn | 300 sec total | 5 sec grace\n|\n|t:|1783560136\n|switch|p2a: Braviary|Braviary-Hisui, L85, M|326/326\n|-damage|p2a: Braviary|245/326|[from] Stealth Rock\n|turn|19\n|inactive|Time left: 300 sec this turn | 300 sec total\n|\n|t:|1783560137\n|move|p1a: Azelf|Dazzling Gleam|p2a: Braviary\n|-damage|p2a: Braviary|128/326\n|move|p2a: Braviary|Hurricane|p1a: Azelf\n|-damage|p1a: Azelf|0 fnt\n|faint|p1a: Azelf\n|\n|upkeep\n|\n|t:|1783560138\n|switch|p1a: Regieleki|Regieleki, L79|100/100\n|turn|20\n|inactive|Time left: 300 sec this turn | 300 sec total\n|\n|t:|1783560139\n|switch|p2a: Miraidon|Miraidon, L65|238/238\n|-damage|p2a: Miraidon|209/238|[from] Stealth Rock\n|-fieldstart|move: Electric Terrain|[from] ability: Hadron Engine|[of] p2a: Miraidon\n|move|p1a: Regieleki|Thunderbolt|p2a: Miraidon\n|-resisted|p2a: Miraidon\n|-damage|p2a: Miraidon|162/238\n|\n|upkeep\n|turn|21\n|inactive|Time left: 300 sec this turn | 300 sec total\n|\n|t:|1783560140\n|move|p1a: Regieleki|Volt Switch|p2a: Miraidon\n|-resisted|p2a: Miraidon\n|-damage|p2a: Miraidon|130/238\n|\n|t:|1783560141\n|switch|p1a: Indeedee|Indeedee-F, L90, F|100/100|[from] Volt Switch\n|-fieldstart|move: Psychic Terrain|[from] ability: Psychic Surge|[of] p1a: Indeedee\n|move|p2a: Miraidon|Draco Meteor|p1a: Indeedee\n|-damage|p1a: Indeedee|60/100\n|-unboost|p2a: Miraidon|spa|2\n|-damage|p2a: Miraidon|107/238|[from] item: Life Orb\n|\n|upkeep\n|turn|22\n|inactive|Time left: 300 sec this turn | 300 sec total\n|\n|t:|1783560142\n|switch|p2a: Braviary|Braviary-Hisui, L85, M|128/326\n|-damage|p2a: Braviary|47/326|[from] Stealth Rock\n|move|p1a: Indeedee|Hyper Voice|p2a: Braviary\n|-damage|p2a: Braviary|0 fnt\n|faint|p2a: Braviary\n|\n|upkeep\n|inactive|Time left: 300 sec this turn | 300 sec total | 5 sec grace\n|\n|t:|1783560143\n|switch|p2a: Qwilfish|Qwilfish-Hisui, L83, M|136/244\n|-damage|p2a: Qwilfish|106/244|[from] Stealth Rock\n|-ability|p2a: Qwilfish|Intimidate|boost\n|-unboost|p1a: Indeedee|atk|1\n|turn|23\n|inactive|Time left: 300 sec this turn | 300 sec total\n|\n|t:|1783560144\n|-terastallize|p2a: Qwilfish|Flying\n|move|p1a: Indeedee|Hyper Voice|p2a: Qwilfish\n|-damage|p2a: Qwilfish|0 fnt\n|faint|p2a: Qwilfish\n|\n|upkeep\n|inactive|Time left: 300 sec this turn | 300 sec total | 5 sec grace\n|\n|t:|1783560145\n|switch|p2a: Miraidon|Miraidon, L65|107/238\n|-damage|p2a: Miraidon|78/238|[from] Stealth Rock\n|-fieldstart|move: Electric Terrain|[from] ability: Hadron Engine|[of] p2a: Miraidon\n|turn|24\n|inactive|Time left: 300 sec this turn | 300 sec total\n|\n|t:|1783560146\n|-terastallize|p1a: Indeedee|Psychic\n|move|p1a: Indeedee|Hyper Voice|p2a: Miraidon\n|-damage|p2a: Miraidon|0 fnt\n|faint|p2a: Miraidon\n|\n|win|p0x1802d3e3", "uploadtime": 1783560146, "views": 0, "rating": 0, "private": 0, "password": null, "_winner": "p0x1802d3e3", "_our_name": "p0y18024346"}