{"id": "battle-gen9randombattle-164", "formatid": "gen9randombattle", "format": "[Gen 9] Random Battle", "players": ["p0x1648322", "p0y1640915"], "log": "|init|battle\n|title|p0x1648322 vs. p0y1640915\n|j|\u2606p0x1648322\n|j|\u2606p0y1640915\n|t:|1783535644\n|gametype|singles\n|player|p1|p0x1648322|2|\n|player|p2|p0y1640915|170|\n|gen|9\n|tier|[Gen 9] Random Battle\n|rule|Species Clause: Limit one of each Pok\u00e9mon\n|rule|HP Percentage Mod: HP is shown in percentages\n|rule|Sleep Clause Mod: Limit one foe put to sleep\n|rule|Illusion Level Mod: Illusion disguises the Pok\u00e9mon's true level\n|\n|t:|1783535644\n|teamsize|p1|6\n|teamsize|p2|6\n|start\n|switch|p1a: Conkeldurr|Conkeldurr, L80, M|100/100\n|switch|p2a: Palafin|Palafin, L77, M|281/281\n|turn|1\n|inactive|Battle timer is ON: inactive players will automatically lose when time's up. (requested by p0x1648322)\n|inactive|Time left: 300 sec this turn | 300 sec total | 60 sec grace\n|inactive|p0y1640915 also wants the timer to be on.\n|\n|t:|1783535645\n|detailschange|p2a: Palafin|Palafin-Hero, L77, M\n|switch|p2a: Ribombee|Ribombee, L83, F|235/235\n|move|p1a: Conkeldurr|Knock Off|p2a: Ribombee\n|-resisted|p2a: Ribombee\n|-damage|p2a: Ribombee|176/235\n|-enditem|p2a: Ribombee|Heavy-Duty Boots|[from] move: Knock Off|[of] p1a: Conkeldurr\n|\n|-status|p1a: Conkeldurr|brn|[from] item: Flame Orb\n|upkeep\n|turn|2\n|inactive|Time left: 300 sec this turn | 300 sec total\n|\n|t:|1783535646\n|move|p2a: Ribombee|Sticky Web|p1a: Conkeldurr\n|-sidestart|p1: p0x1648322|move: Sticky Web\n|move|p1a: Conkeldurr|Facade|p2a: Ribombee\n|-damage|p2a: Ribombee|0 fnt\n|faint|p2a: Ribombee\n|\n|-damage|p1a: Conkeldurr|94/100 brn|[from] brn\n|upkeep\n|inactive|Time left: 300 sec this turn | 300 sec total | 5 sec grace\n|\n|t:|1783535647\n|switch|p2a: Kilowattrel|Kilowattrel, L83, M|252/252\n|turn|3\n|inactive|Time left: 300 sec this turn | 300 sec total\n|\n|t:|1783535648\n|-terastallize|p1a: Conkeldurr|Normal\n|move|p2a: Kilowattrel|Hurricane|p1a: Conkeldurr|[miss]\n|-miss|p2a: Kilowattrel|p1a: Conkeldurr\n|move|p1a: Conkeldurr|Facade|p2a: Kilowattrel\n|-damage|p2a: Kilowattrel|0 fnt\n|faint|p2a: Kilowattrel\n|\n|-damage|p1a: Conkeldurr|88/100 brn|[from] brn\n|upkeep\n|inactive|Time left: 300 sec this turn | 300 sec total | 5 sec grace\n|\n|t:|1783535649\n|switch|p2a: Palafin|Palafin-Hero, L77, M|281/281\n|-activate|p2a: Palafin|ability: Zero to Hero\n|turn|4\n|inactive|Time left: 300 sec this turn | 300 sec total\n|\n|t:|1783535650\n|move|p2a: Palafin|Close Combat|p1a: Conkeldurr\n|-supereffective|p1a: Conkeldurr\n|-damage|p1a: Conkeldurr|0 fnt\n|-unboost|p2a: Palafin|def|1\n|-unboost|p2a: Palafin|spd|1\n|faint|p1a: Conkeldurr\n|\n|upkeep\n|\n|t:|1783535651\n|switch|p1a: Armarouge|Armarouge, L80, M|100/100\n|-activate|p1a: Armarouge|move: Sticky Web\n|-unboost|p1a: Armarouge|spe|1\n|turn|5\n|inactive|Time left: 300 sec this turn | 300 sec total\n|\n|t:|1783535652\n|switch|p2a: Drednaw|Drednaw, L81, F|278/278\n|move|p1a: Armarouge|Armor Cannon|p2a: Drednaw\n|-resisted|p2a: Drednaw\n|-damage|p2a: Drednaw|216/278\n|-unboost|p1a: Armarouge|def|1\n|-unboost|p1a: Armarouge|spd|1\n|\n|upkeep\n|turn|6\n|inactive|Time left: 300 sec this turn | 300 sec total\n|\n|t:|1783535653\n|switch|p1a: Kommo-o|Kommo-o, L77, F|100/100\n|-activate|p1a: Kommo-o|move: Sticky Web\n|-unboost|p1a: Kommo-o|spe|1\n|move|p2a: Drednaw|Shell Smash|p2a: Drednaw\n|-unboost|p2a: Drednaw|def|1\n|-unboost|p2a: Drednaw|spd|1\n|-boost|p2a: Drednaw|atk|2\n|-boost|p2a: Drednaw|spa|2\n|-boost|p2a: Drednaw|spe|2\n|-enditem|p2a: Drednaw|White Herb\n|-clearnegativeboost|p2a: Drednaw|[silent]\n|\n|upkeep\n|turn|7\n|inactive|Time left: 300 sec this turn | 300 sec total\n|\n|t:|1783535654\n|move|p2a: Drednaw|Stone Edge|p1a: Kommo-o|[miss]\n|-miss|p2a: Drednaw|p1a: Kommo-o\n|move|p1a: Kommo-o|Drain Punch|p2a: Drednaw\n|-supereffective|p2a: Drednaw\n|-damage|p2a: Drednaw|76/278\n|\n|upkeep\n|turn|8\n|inactive|Time left: 300 sec this turn | 300 sec total\n|\n|t:|1783535655\n|move|p2a: Drednaw|Liquidation|p1a: Kommo-o\n|-resisted|p1a: Kommo-o\n|-damage|p1a: Kommo-o|65/100\n|-unboost|p1a: Kommo-o|def|1\n|move|p1a: Kommo-o|Clanging Scales|p2a: Drednaw\n|-damage|p2a: Drednaw|0 fnt\n|faint|p2a: Drednaw\n|-unboost|p1a: Kommo-o|def|1\n|-enditem|p1a: Kommo-o|Throat Spray\n|-boost|p1a: Kommo-o|spa|1|[from] item: Throat Spray\n|\n|upkeep\n|inactive|Time left: 300 sec this turn | 300 sec total | 5 sec grace\n|\n|t:|1783535656\n|switch|p2a: Palafin|Palafin-Hero, L77, M|281/281\n|turn|9\n|inactive|Time left: 300 sec this turn | 300 sec total\n|\n|t:|1783535657\n|move|p2a: Palafin|Wave Crash|p1a: Kommo-o\n|-resisted|p1a: Kommo-o\n|-damage|p1a: Kommo-o|0 fnt\n|faint|p1a: Kommo-o\n|-damage|p2a: Palafin|230/281|[from] Recoil\n|\n|upkeep\n|\n|t:|1783535658\n|switch|p1a: Cyclizar|Cyclizar, L84, F|100/100\n|turn|10\n|inactive|Time left: 300 sec this turn | 300 sec total\n|\n|t:|1783535659\n|move|p1a: Cyclizar|Rapid Spin|p2a: Palafin\n|-damage|p2a: Palafin|179/281\n|-boost|p1a: Cyclizar|spe|1\n|-sideend|p1: p0x1648322|Sticky Web|[from] move: Rapid Spin|[of] p1a: Cyclizar\n|move|p2a: Palafin|Wave Crash|p1a: Cyclizar\n|-resisted|p1a: Cyclizar\n|-damage|p1a: Cyclizar|46/100\n|-damage|p2a: Palafin|133/281|[from] Recoil\n|\n|upkeep\n|turn|11\n|inactive|Time left: 300 sec this turn | 300 sec total\n|\n|t:|1783535660\n|move|p1a: Cyclizar|Draco Meteor|p2a: Palafin\n|-damage|p2a: Palafin|0 fnt\n|-unboost|p1a: Cyclizar|spa|2\n|faint|p2a: Palafin\n|\n|upkeep\n|inactive|Time left: 300 sec this turn | 300 sec total | 5 sec grace\n|\n|t:|1783535661\n|switch|p2a: Oricorio|Oricorio-Pom-Pom, L82, M|257/257\n|turn|12\n|inactive|Time left: 300 sec this turn | 300 sec total\n|\n|t:|1783535663\n|switch|p1a: Maushold|Maushold, L76|100/100\n|move|p2a: Oricorio|Quiver Dance|p2a: Oricorio\n|-boost|p2a: Oricorio|spa|1\n|-boost|p2a: Oricorio|spd|1\n|-boost|p2a: Oricorio|spe|1\n|\n|upkeep\n|turn|13\n|inactive|Time left: 300 sec this turn | 300 sec total\n|\n|t:|1783535664\n|move|p2a: Oricorio|Revelation Dance|p1a: Maushold\n|-damage|p1a: Maushold|31/100\n|move|p1a: Maushold|Population Bomb|p2a: Oricorio\n|-damage|p2a: Oricorio|229/257\n|-damage|p2a: Oricorio|204/257\n|-damage|p2a: Oricorio|177/257\n|-damage|p2a: Oricorio|152/257\n|-damage|p2a: Oricorio|125/257\n|-damage|p2a: Oricorio|100/257\n|-damage|p2a: Oricorio|72/257\n|-damage|p2a: Oricorio|44/257\n|-damage|p2a: Oricorio|16/257\n|-damage|p2a: Oricorio|0 fnt\n|faint|p2a: Oricorio\n|-hitcount|p2: Oricorio|10\n|\n|upkeep\n|inactive|Time left: 300 sec this turn | 300 sec total | 5 sec grace\n|\n|t:|1783535665\n|switch|p2a: Houndstone|Houndstone, L86, F|264/264\n|turn|14\n|inactive|Time left: 300 sec this turn | 300 sec total\n|\n|t:|1783535666\n|move|p1a: Maushold|Tidy Up|p1a: Maushold\n|-boost|p1a: Maushold|atk|1\n|-boost|p1a: Maushold|spe|1\n|move|p2a: Houndstone|Poltergeist|p1a: Maushold\n|-immune|p1a: Maushold\n|\n|upkeep\n|turn|15\n|inactive|Time left: 300 sec this turn | 300 sec total\n|\n|t:|1783535667\n|switch|p1a: Armarouge|Armarouge, L80, M|100/100\n|move|p2a: Houndstone|Poltergeist|p1a: Armarouge\n|-activate|p1a: Armarouge|move: Poltergeist|Choice Specs\n|-supereffective|p1a: Armarouge\n|-damage|p1a: Armarouge|15/100\n|-ability|p1a: Armarouge|Weak Armor|boost\n|-unboost|p1a: Armarouge|def|1\n|-boost|p1a: Armarouge|spe|2\n|\n|upkeep\n|turn|16\n|inactive|Time left: 300 sec this turn | 300 sec total\n|\n|t:|1783535668\n|move|p1a: Armarouge|Armor Cannon|p2a: Houndstone\n|-damage|p2a: Houndstone|0 fnt\n|-unboost|p1a: Armarouge|def|1\n|-unboost|p1a: Armarouge|spd|1\n|faint|p2a: Houndstone\n|\n|win|p0x1648322", "uploadtime": 1783535668, "views": 0, "rating": 0, "private": 0, "password": null, "_winner": "p0x1648322", "_our_name": "p0y1640915"}