{"id": "battle-gen9randombattle-2875", "formatid": "gen9randombattle", "format": "[Gen 9] Random Battle", "players": ["p0x2875d9fc", "p0y28758add"], "log": "|init|battle\n|title|p0x2875d9fc vs. p0y28758add\n|j|\u2606p0x2875d9fc\n|j|\u2606p0y28758add\n|t:|1783572161\n|gametype|singles\n|player|p1|p0x2875d9fc|102|\n|player|p2|p0y28758add|101|\n|gen|9\n|tier|[Gen 9] Random Battle\n|rule|Species Clause: Limit one of each Pok\u00e9mon\n|rule|HP Percentage Mod: HP is shown in percentages\n|rule|Sleep Clause Mod: Limit one foe put to sleep\n|rule|Illusion Level Mod: Illusion disguises the Pok\u00e9mon's true level\n|\n|t:|1783572161\n|teamsize|p1|6\n|teamsize|p2|6\n|start\n|switch|p1a: Zarude|Zarude, L77|288/288\n|switch|p2a: Milotic|Milotic, L83, F|100/100\n|turn|1\n|inactive|Battle timer is ON: inactive players will automatically lose when time's up. (requested by p0y28758add)\n|inactive|Time left: 300 sec this turn | 300 sec total | 60 sec grace\n|inactive|p0x2875d9fc also wants the timer to be on.\n|\n|t:|1783572162\n|switch|p2a: Fezandipiti|Fezandipiti, L82, M|100/100\n|move|p1a: Zarude|Power Whip|p2a: Fezandipiti\n|-resisted|p2a: Fezandipiti\n|-damage|p2a: Fezandipiti|66/100\n|\n|-heal|p2a: Fezandipiti|72/100|[from] item: Leftovers\n|upkeep\n|turn|2\n|inactive|Time left: 300 sec this turn | 300 sec total\n|\n|t:|1783572164\n|move|p2a: Fezandipiti|Gunk Shot|p1a: Zarude|[miss]\n|-miss|p2a: Fezandipiti|p1a: Zarude\n|move|p1a: Zarude|Power Whip|p2a: Fezandipiti\n|-resisted|p2a: Fezandipiti\n|-damage|p2a: Fezandipiti|35/100\n|\n|-heal|p2a: Fezandipiti|42/100|[from] item: Leftovers\n|upkeep\n|turn|3\n|inactive|Time left: 300 sec this turn | 300 sec total\n|\n|t:|1783572165\n|move|p2a: Fezandipiti|Roost|p2a: Fezandipiti\n|-heal|p2a: Fezandipiti|92/100\n|-singleturn|p2a: Fezandipiti|move: Roost\n|move|p1a: Zarude|Power Whip|p2a: Fezandipiti\n|-resisted|p2a: Fezandipiti\n|-damage|p2a: Fezandipiti|56/100\n|\n|-heal|p2a: Fezandipiti|62/100|[from] item: Leftovers\n|upkeep\n|turn|4\n|inactive|Time left: 300 sec this turn | 300 sec total\n|\n|t:|1783572166\n|move|p2a: Fezandipiti|Gunk Shot|p1a: Zarude\n|-supereffective|p1a: Zarude\n|-damage|p1a: Zarude|76/288\n|-status|p1a: Zarude|tox|[from] ability: Toxic Chain|[of] p2a: Fezandipiti\n|move|p1a: Zarude|Power Whip|p2a: Fezandipiti\n|-resisted|p2a: Fezandipiti\n|-damage|p2a: Fezandipiti|27/100\n|\n|-heal|p2a: Fezandipiti|33/100|[from] item: Leftovers\n|-damage|p1a: Zarude|58/288 tox|[from] psn\n|upkeep\n|turn|5\n|inactive|Time left: 300 sec this turn | 300 sec total\n|\n|t:|1783572167\n|move|p2a: Fezandipiti|Roost|p2a: Fezandipiti\n|-heal|p2a: Fezandipiti|83/100\n|-singleturn|p2a: Fezandipiti|move: Roost\n|move|p1a: Zarude|Power Whip|p2a: Fezandipiti\n|-resisted|p2a: Fezandipiti\n|-damage|p2a: Fezandipiti|48/100\n|\n|-heal|p2a: Fezandipiti|54/100|[from] item: Leftovers\n|-damage|p1a: Zarude|22/288 tox|[from] psn\n|upkeep\n|turn|6\n|inactive|Time left: 300 sec this turn | 300 sec total\n|\n|t:|1783572168\n|switch|p1a: Dusknoir|Dusknoir, L89, F|225/225\n|-item|p2a: Fezandipiti|Leftovers|[from] ability: Frisk|[of] p1a: Dusknoir\n|move|p2a: Fezandipiti|Gunk Shot|p1a: Dusknoir|[miss]\n|-miss|p2a: Fezandipiti|p1a: Dusknoir\n|\n|-heal|p2a: Fezandipiti|60/100|[from] item: Leftovers\n|upkeep\n|turn|7\n|inactive|Time left: 300 sec this turn | 300 sec total\n|\n|t:|1783572169\n|move|p2a: Fezandipiti|Moonblast|p1a: Dusknoir\n|-damage|p1a: Dusknoir|177/225\n|-unboost|p1a: Dusknoir|spa|1\n|move|p1a: Dusknoir|Earthquake|p2a: Fezandipiti\n|-supereffective|p2a: Fezandipiti\n|-damage|p2a: Fezandipiti|0 fnt\n|faint|p2a: Fezandipiti\n|\n|-heal|p1a: Dusknoir|191/225|[from] item: Leftovers\n|upkeep\n|\n|t:|1783572169\n|switch|p2a: Galvantula|Galvantula, L82, F|100/100\n|turn|8\n|inactive|Time left: 300 sec this turn | 300 sec total\n|\n|t:|1783572171\n|move|p2a: Galvantula|Sticky Web|p1a: Dusknoir\n|-sidestart|p1: p0x2875d9fc|move: Sticky Web\n|move|p1a: Dusknoir|Poltergeist|p2a: Galvantula\n|-activate|p2a: Galvantula|move: Poltergeist|Heavy-Duty Boots\n|-damage|p2a: Galvantula|29/100\n|\n|-heal|p1a: Dusknoir|205/225|[from] item: Leftovers\n|upkeep\n|turn|9\n|inactive|Time left: 300 sec this turn | 300 sec total\n|\n|t:|1783572172\n|switch|p2a: Wyrdeer|Wyrdeer, L87, M|100/100\n|-ability|p2a: Wyrdeer|Intimidate|boost\n|-unboost|p1a: Dusknoir|atk|1\n|move|p1a: Dusknoir|Earthquake|p2a: Wyrdeer\n|-damage|p2a: Wyrdeer|81/100\n|\n|-heal|p1a: Dusknoir|219/225|[from] item: Leftovers\n|upkeep\n|turn|10\n|inactive|Time left: 300 sec this turn | 300 sec total\n|\n|t:|1783572172\n|switch|p1a: Zarude|Zarude, L77|22/288 tox\n|-activate|p1a: Zarude|move: Sticky Web\n|-unboost|p1a: Zarude|spe|1\n|move|p2a: Wyrdeer|Megahorn|p1a: Zarude\n|-supereffective|p1a: Zarude\n|-damage|p1a: Zarude|0 fnt\n|faint|p1a: Zarude\n|\n|upkeep\n|inactive|Time left: 300 sec this turn | 300 sec total | 5 sec grace\n|\n|t:|1783572173\n|switch|p1a: Cetitan|Cetitan, L82, M|413/413\n|-activate|p1a: Cetitan|move: Sticky Web\n|-unboost|p1a: Cetitan|spe|1\n|turn|11\n|inactive|Time left: 300 sec this turn | 300 sec total\n|\n|t:|1783572175\n|move|p2a: Wyrdeer|Psychic Noise|p1a: Cetitan\n|-damage|p1a: Cetitan|286/413\n|-start|p1a: Cetitan|move: Heal Block\n|move|p1a: Cetitan|Icicle Crash|p2a: Wyrdeer\n|-damage|p2a: Wyrdeer|24/100\n|\n|upkeep\n|turn|12\n|inactive|Time left: 300 sec this turn | 300 sec total\n|\n|t:|1783572176\n|switch|p2a: Alomomola|Alomomola, L87, F|100/100\n|move|p1a: Cetitan|Liquidation|p2a: Alomomola\n|-resisted|p2a: Alomomola\n|-damage|p2a: Alomomola|87/100\n|\n|-end|p1a: Cetitan|move: Heal Block\n|upkeep\n|turn|13\n|inactive|Time left: 300 sec this turn | 300 sec total\n|\n|t:|1783572177\n|switch|p1a: Kilowattrel|Kilowattrel, L83, F|252/252\n|move|p2a: Alomomola|Wish|p2a: Alomomola\n|\n|upkeep\n|turn|14\n|inactive|Time left: 300 sec this turn | 300 sec total\n|\n|t:|1783572177\n|move|p1a: Kilowattrel|Thunderbolt|p2a: Alomomola\n|-supereffective|p2a: Alomomola\n|-damage|p2a: Alomomola|18/100\n|move|p2a: Alomomola|Flip Turn|p1a: Kilowattrel\n|-damage|p1a: Kilowattrel|179/252\n|\n|t:|1783572178\n|switch|p2a: Wyrdeer|Wyrdeer, L87, M|24/100|[from] Flip Turn\n|-ability|p2a: Wyrdeer|Intimidate|boost\n|-unboost|p1a: Kilowattrel|atk|1\n|\n|-heal|p2a: Wyrdeer|90/100|[from] move: Wish|[wisher] Alomomola\n|upkeep\n|turn|15\n|inactive|Time left: 300 sec this turn | 300 sec total\n|\n|t:|1783572179\n|switch|p1a: Dusknoir|Dusknoir, L89, F|219/225\n|-activate|p1a: Dusknoir|move: Sticky Web\n|-unboost|p1a: Dusknoir|spe|1\n|-item|p2a: Wyrdeer|Assault Vest|[from] ability: Frisk|[of] p1a: Dusknoir\n|move|p2a: Wyrdeer|Body Slam|p1a: Dusknoir\n|-immune|p1a: Dusknoir\n|\n|-heal|p1a: Dusknoir|225/225|[from] item: Leftovers\n|upkeep\n|turn|16\n|inactive|Time left: 300 sec this turn | 300 sec total\n|\n|t:|1783572180\n|move|p2a: Wyrdeer|Psychic Noise|p1a: Dusknoir\n|-damage|p1a: Dusknoir|164/225\n|-start|p1a: Dusknoir|move: Heal Block\n|move|p1a: Dusknoir|Earthquake|p2a: Wyrdeer\n|-damage|p2a: Wyrdeer|62/100\n|\n|upkeep\n|turn|17\n|inactive|Time left: 300 sec this turn | 300 sec total\n|\n|t:|1783572181\n|move|p2a: Wyrdeer|Earthquake|p1a: Dusknoir\n|-damage|p1a: Dusknoir|111/225\n|move|p1a: Dusknoir|Earthquake|p2a: Wyrdeer\n|-damage|p2a: Wyrdeer|34/100\n|\n|-end|p1a: Dusknoir|move: Heal Block\n|upkeep\n|turn|18\n|inactive|Time left: 300 sec this turn | 300 sec total\n|\n|t:|1783572182\n|move|p2a: Wyrdeer|Psychic Noise|p1a: Dusknoir\n|-damage|p1a: Dusknoir|50/225\n|-start|p1a: Dusknoir|move: Heal Block\n|move|p1a: Dusknoir|Earthquake|p2a: Wyrdeer\n|-damage|p2a: Wyrdeer|4/100\n|\n|upkeep\n|turn|19\n|inactive|Time left: 300 sec this turn | 300 sec total\n|\n|t:|1783572183\n|switch|p1a: Kilowattrel|Kilowattrel, L83, F|179/252\n|move|p2a: Wyrdeer|Psychic Noise|p1a: Kilowattrel\n|-damage|p1a: Kilowattrel|53/252\n|-start|p1a: Kilowattrel|move: Heal Block\n|\n|upkeep\n|turn|20\n|inactive|Time left: 300 sec this turn | 300 sec total\n|\n|t:|1783572184\n|switch|p2a: Beartic|Beartic, L91, F|100/100\n|move|p1a: Kilowattrel|Hurricane|p2a: Beartic\n|-damage|p2a: Beartic|61/100\n|\n|-end|p1a: Kilowattrel|move: Heal Block\n|upkeep\n|turn|21\n|inactive|Time left: 300 sec this turn | 300 sec total\n|\n|t:|1783572185\n|move|p1a: Kilowattrel|Hurricane|p2a: Beartic\n|-damage|p2a: Beartic|21/100\n|-start|p2a: Beartic|confusion\n|-activate|p2a: Beartic|confusion\n|-damage|p2a: Beartic|7/100|[from] confusion\n|\n|upkeep\n|turn|22\n|inactive|Time left: 300 sec this turn | 300 sec total\n|\n|t:|1783572185\n|switch|p2a: Wyrdeer|Wyrdeer, L87, M|4/100\n|-ability|p2a: Wyrdeer|Intimidate|boost\n|-unboost|p1a: Kilowattrel|atk|1\n|move|p1a: Kilowattrel|Thunderbolt|p2a: Wyrdeer\n|-damage|p2a: Wyrdeer|0 fnt\n|faint|p2a: Wyrdeer\n|\n|upkeep\n|\n|t:|1783572186\n|switch|p2a: Milotic|Milotic, L83, F|100/100\n|turn|23\n|inactive|Time left: 300 sec this turn | 300 sec total\n|\n|t:|1783572187\n|move|p1a: Kilowattrel|Roost|p1a: Kilowattrel\n|-heal|p1a: Kilowattrel|179/252\n|-singleturn|p1a: Kilowattrel|move: Roost\n|move|p2a: Milotic|Scald|p1a: Kilowattrel\n|-damage|p1a: Kilowattrel|56/252\n|\n|upkeep\n|turn|24\n|inactive|Time left: 300 sec this turn | 300 sec total\n|\n|t:|1783572188\n|move|p1a: Kilowattrel|Roost|p1a: Kilowattrel\n|-heal|p1a: Kilowattrel|182/252\n|-singleturn|p1a: Kilowattrel|move: Roost\n|move|p2a: Milotic|Scald|p1a: Kilowattrel\n|-damage|p1a: Kilowattrel|67/252\n|-status|p1a: Kilowattrel|brn\n|\n|-damage|p1a: Kilowattrel|52/252 brn|[from] brn\n|upkeep\n|turn|25\n|inactive|Time left: 300 sec this turn | 300 sec total\n|\n|t:|1783572189\n|move|p1a: Kilowattrel|Roost|p1a: Kilowattrel\n|-heal|p1a: Kilowattrel|178/252 brn\n|-singleturn|p1a: Kilowattrel|move: Roost\n|move|p2a: Milotic|Scald|p1a: Kilowattrel\n|-damage|p1a: Kilowattrel|63/252 brn\n|\n|-damage|p1a: Kilowattrel|48/252 brn|[from] brn\n|upkeep\n|turn|26\n|inactive|Time left: 300 sec this turn | 300 sec total\n|\n|t:|1783572190\n|move|p1a: Kilowattrel|Roost|p1a: Kilowattrel\n|-heal|p1a: Kilowattrel|174/252 brn\n|-singleturn|p1a: Kilowattrel|move: Roost\n|move|p2a: Milotic|Scald|p1a: Kilowattrel\n|-damage|p1a: Kilowattrel|62/252 brn\n|\n|-damage|p1a: Kilowattrel|47/252 brn|[from] brn\n|upkeep\n|turn|27\n|inactive|Time left: 300 sec this turn | 300 sec total\n|\n|t:|1783572191\n|move|p1a: Kilowattrel|Roost|p1a: Kilowattrel\n|-heal|p1a: Kilowattrel|173/252 brn\n|-singleturn|p1a: Kilowattrel|move: Roost\n|move|p2a: Milotic|Scald|p1a: Kilowattrel\n|-damage|p1a: Kilowattrel|49/252 brn\n|\n|-damage|p1a: Kilowattrel|34/252 brn|[from] brn\n|upkeep\n|turn|28\n|inactive|Time left: 300 sec this turn | 300 sec total\n|\n|t:|1783572192\n|move|p1a: Kilowattrel|Roost|p1a: Kilowattrel\n|-heal|p1a: Kilowattrel|160/252 brn\n|-singleturn|p1a: Kilowattrel|move: Roost\n|move|p2a: Milotic|Scald|p1a: Kilowattrel\n|-damage|p1a: Kilowattrel|52/252 brn\n|\n|-damage|p1a: Kilowattrel|37/252 brn|[from] brn\n|upkeep\n|turn|29\n|inactive|Time left: 300 sec this turn | 300 sec total\n|\n|t:|1783572193\n|move|p1a: Kilowattrel|Roost|p1a: Kilowattrel\n|-heal|p1a: Kilowattrel|163/252 brn\n|-singleturn|p1a: Kilowattrel|move: Roost\n|move|p2a: Milotic|Scald|p1a: Kilowattrel\n|-damage|p1a: Kilowattrel|54/252 brn\n|\n|-damage|p1a: Kilowattrel|39/252 brn|[from] brn\n|upkeep\n|turn|30\n|inactive|Time left: 300 sec this turn | 300 sec total\n|\n|t:|1783572194\n|move|p1a: Kilowattrel|Roost|p1a: Kilowattrel\n|-heal|p1a: Kilowattrel|165/252 brn\n|-singleturn|p1a: Kilowattrel|move: Roost\n|move|p2a: Milotic|Scald|p1a: Kilowattrel\n|-damage|p1a: Kilowattrel|59/252 brn\n|\n|-damage|p1a: Kilowattrel|44/252 brn|[from] brn\n|upkeep\n|turn|31\n|inactive|Time left: 300 sec this turn | 300 sec total\n|\n|t:|1783572195\n|move|p1a: Kilowattrel|Thunderbolt|p2a: Milotic\n|-supereffective|p2a: Milotic\n|-damage|p2a: Milotic|49/100\n|move|p2a: Milotic|Scald|p1a: Kilowattrel\n|-damage|p1a: Kilowattrel|0 fnt\n|faint|p1a: Kilowattrel\n|\n|-heal|p2a: Milotic|55/100|[from] item: Leftovers\n|upkeep\n|inactive|Time left: 300 sec this turn | 300 sec total | 5 sec grace\n|\n|t:|1783572196\n|switch|p1a: Indeedee|Indeedee-F, L90, F|272/272\n|-activate|p1a: Indeedee|move: Sticky Web\n|-unboost|p1a: Indeedee|spe|1\n|-fieldstart|move: Psychic Terrain|[from] ability: Psychic Surge|[of] p1a: Indeedee\n|turn|32\n|inactive|Time left: 300 sec this turn | 300 sec total\n|\n|t:|1783572197\n|move|p2a: Milotic|Recover|p2a: Milotic\n|-heal|p2a: Milotic|100/100\n|move|p1a: Indeedee|Psychic|p2a: Milotic\n|-damage|p2a: Milotic|45/100\n|\n|-heal|p2a: Milotic|51/100|[from] item: Leftovers\n|upkeep\n|turn|33\n|inactive|Time left: 300 sec this turn | 300 sec total\n|\n|t:|1783572198\n|move|p2a: Milotic|Recover|p2a: Milotic\n|-heal|p2a: Milotic|100/100\n|move|p1a: Indeedee|Psychic|p2a: Milotic\n|-damage|p2a: Milotic|48/100\n|\n|-heal|p2a: Milotic|54/100|[from] item: Leftovers\n|upkeep\n|turn|34\n|inactive|Time left: 300 sec this turn | 300 sec total\n|\n|t:|1783572199\n|move|p2a: Milotic|Recover|p2a: Milotic\n|-heal|p2a: Milotic|100/100\n|move|p1a: Indeedee|Psychic|p2a: Milotic\n|-damage|p2a: Milotic|42/100\n|\n|-heal|p2a: Milotic|48/100|[from] item: Leftovers\n|upkeep\n|turn|35\n|inactive|Time left: 300 sec this turn | 300 sec total\n|\n|t:|1783572200\n|move|p2a: Milotic|Recover|p2a: Milotic\n|-heal|p2a: Milotic|98/100\n|move|p1a: Indeedee|Psychic|p2a: Milotic\n|-damage|p2a: Milotic|43/100\n|\n|-heal|p2a: Milotic|49/100|[from] item: Leftovers\n|upkeep\n|turn|36\n|inactive|Time left: 300 sec this turn | 300 sec total\n|\n|t:|1783572201\n|move|p2a: Milotic|Recover|p2a: Milotic\n|-heal|p2a: Milotic|99/100\n|move|p1a: Indeedee|Psychic|p2a: Milotic\n|-damage|p2a: Milotic|39/100\n|\n|-heal|p2a: Milotic|45/100|[from] item: Leftovers\n|-fieldend|move: Psychic Terrain\n|upkeep\n|turn|37\n|inactive|Time left: 300 sec this turn | 300 sec total\n|\n|t:|1783572202\n|move|p2a: Milotic|Recover|p2a: Milotic\n|-heal|p2a: Milotic|95/100\n|move|p1a: Indeedee|Psychic|p2a: Milotic\n|-crit|p2a: Milotic\n|-damage|p2a: Milotic|31/100\n|\n|-heal|p2a: Milotic|37/100|[from] item: Leftovers\n|upkeep\n|turn|38\n|inactive|Time left: 300 sec this turn | 300 sec total\n|\n|t:|1783572203\n|move|p2a: Milotic|Recover|p2a: Milotic\n|-heal|p2a: Milotic|87/100\n|move|p1a: Indeedee|Psychic|p2a: Milotic\n|-damage|p2a: Milotic|42/100\n|\n|-heal|p2a: Milotic|48/100|[from] item: Leftovers\n|upkeep\n|turn|39\n|inactive|Time left: 300 sec this turn | 300 sec total\n|\n|t:|1783572204\n|move|p2a: Milotic|Scald|p1a: Indeedee\n|-damage|p1a: Indeedee|203/272\n|move|p1a: Indeedee|Psychic|p2a: Milotic\n|-damage|p2a: Milotic|8/100\n|\n|-heal|p2a: Milotic|14/100|[from] item: Leftovers\n|upkeep\n|turn|40\n|inactive|Time left: 300 sec this turn | 300 sec total\n|\n|t:|1783572205\n|move|p2a: Milotic|Recover|p2a: Milotic\n|-heal|p2a: Milotic|64/100\n|move|p1a: Indeedee|Psychic|p2a: Milotic\n|-damage|p2a: Milotic|23/100\n|\n|-heal|p2a: Milotic|29/100|[from] item: Leftovers\n|upkeep\n|turn|41\n|inactive|Time left: 300 sec this turn | 300 sec total\n|\n|t:|1783572206\n|move|p2a: Milotic|Ice Beam|p1a: Indeedee\n|-damage|p1a: Indeedee|154/272\n|move|p1a: Indeedee|Psychic|p2a: Milotic\n|-damage|p2a: Milotic|0 fnt\n|faint|p2a: Milotic\n|\n|upkeep\n|\n|t:|1783572207\n|switch|p2a: Beartic|Beartic, L91, F|7/100\n|turn|42\n|inactive|Time left: 300 sec this turn | 300 sec total\n|\n|t:|1783572208\n|switch|p1a: Dusknoir|Dusknoir, L89, F|50/225\n|-activate|p1a: Dusknoir|move: Sticky Web\n|-unboost|p1a: Dusknoir|spe|1\n|-item|p2a: Beartic|Heavy-Duty Boots|[from] ability: Frisk|[of] p1a: Dusknoir\n|move|p2a: Beartic|Icicle Crash|p1a: Dusknoir\n|-damage|p1a: Dusknoir|0 fnt\n|faint|p1a: Dusknoir\n|\n|upkeep\n|inactive|Time left: 300 sec this turn | 300 sec total | 5 sec grace\n|\n|t:|1783572209\n|switch|p1a: Cetitan|Cetitan, L82, M|286/413\n|-activate|p1a: Cetitan|move: Sticky Web\n|-unboost|p1a: Cetitan|spe|1\n|turn|43\n|inactive|Time left: 300 sec this turn | 300 sec total\n|\n|t:|1783572210\n|switch|p2a: Alomomola|Alomomola, L87, F|51/100\n|move|p1a: Cetitan|Ice Shard|p2a: Alomomola\n|-resisted|p2a: Alomomola\n|-damage|p2a: Alomomola|44/100\n|-damage|p1a: Cetitan|245/413|[from] item: Life Orb\n|\n|upkeep\n|turn|44\n|inactive|Time left: 300 sec this turn | 300 sec total\n|\n|t:|1783572211\n|move|p2a: Alomomola|Wish|p2a: Alomomola\n|move|p1a: Cetitan|Icicle Crash|p2a: Alomomola\n|-resisted|p2a: Alomomola\n|-damage|p2a: Alomomola|24/100\n|\n|upkeep\n|turn|45\n|inactive|Time left: 300 sec this turn | 300 sec total\n|\n|t:|1783572212\n|move|p2a: Alomomola|Scald|p1a: Cetitan\n|-damage|p1a: Cetitan|173/413\n|move|p1a: Cetitan|Superpower|p2a: Alomomola\n|-damage|p2a: Alomomola|0 fnt\n|-unboost|p1a: Cetitan|atk|1\n|-unboost|p1a: Cetitan|def|1\n|faint|p2a: Alomomola\n|-damage|p1a: Cetitan|132/413|[from] item: Life Orb\n|\n|upkeep\n|\n|t:|1783572213\n|switch|p2a: Beartic|Beartic, L91, F|7/100\n|turn|46\n|inactive|Time left: 300 sec this turn | 300 sec total\n|\n|t:|1783572214\n|move|p2a: Beartic|Earthquake|p1a: Cetitan\n|-damage|p1a: Cetitan|0 fnt\n|faint|p1a: Cetitan\n|\n|upkeep\n|inactive|Time left: 300 sec this turn | 300 sec total | 5 sec grace\n|\n|t:|1783572215\n|switch|p1a: Duraludon|Duraludon, L82, M|249/249\n|-activate|p1a: Duraludon|move: Sticky Web\n|-unboost|p1a: Duraludon|spe|1\n|turn|47\n|inactive|Time left: 300 sec this turn | 300 sec total\n|\n|t:|1783572216\n|move|p2a: Beartic|Icicle Crash|p1a: Duraludon\n|-damage|p1a: Duraludon|168/249\n|move|p1a: Duraludon|Body Press|p2a: Beartic\n|-supereffective|p2a: Beartic\n|-damage|p2a: Beartic|0 fnt\n|faint|p2a: Beartic\n|\n|upkeep\n|\n|t:|1783572217\n|switch|p2a: Galvantula|Galvantula, L82, F|29/100\n|turn|48\n|inactive|Time left: 300 sec this turn | 300 sec total\n|\n|t:|1783572218\n|move|p2a: Galvantula|Thunder|p1a: Duraludon\n|-resisted|p1a: Duraludon\n|-damage|p1a: Duraludon|117/249\n|move|p1a: Duraludon|Draco Meteor|p2a: Galvantula\n|-damage|p2a: Galvantula|0 fnt\n|-unboost|p1a: Duraludon|spa|2\n|faint|p2a: Galvantula\n|\n|win|p0x2875d9fc", "uploadtime": 1783572218, "views": 0, "rating": 0, "private": 0, "password": null, "_winner": "p0x2875d9fc", "_our_name": "p0x2875d9fc"}