{"id": "battle-gen9randombattle-129", "formatid": "gen9randombattle", "format": "[Gen 9] Random Battle", "players": ["p0x129e82b", "p0y129f162"], "log": "|init|battle\n|title|p0x129e82b vs. p0y129f162\n|j|\u2606p0x129e82b\n|j|\u2606p0y129f162\n|t:|1783534756\n|gametype|singles\n|player|p1|p0x129e82b|265|\n|player|p2|p0y129f162|101|\n|gen|9\n|tier|[Gen 9] Random Battle\n|rule|Species Clause: Limit one of each Pok\u00e9mon\n|rule|HP Percentage Mod: HP is shown in percentages\n|rule|Sleep Clause Mod: Limit one foe put to sleep\n|rule|Illusion Level Mod: Illusion disguises the Pok\u00e9mon's true level\n|\n|t:|1783534756\n|teamsize|p1|6\n|teamsize|p2|6\n|start\n|switch|p1a: Scovillain|Scovillain, L91, M|266/266\n|switch|p2a: Toucannon|Toucannon, L88, F|100/100\n|turn|1\n|inactive|Battle timer is ON: inactive players will automatically lose when time's up. (requested by p0x129e82b)\n|inactive|p0y129f162 also wants the timer to be on.\n|\n|t:|1783534758\n|switch|p1a: Zacian|Zacian-Crowned, L64|225/225\n|-ability|p1a: Zacian|Intrepid Sword|boost\n|-boost|p1a: Zacian|atk|1\n|-singleturn|p2a: Toucannon|move: Beak Blast\n|move|p2a: Toucannon|Beak Blast|p1a: Zacian\n|-resisted|p1a: Zacian\n|-crit|p1a: Zacian\n|-damage|p1a: Zacian|114/225\n|\n|upkeep\n|turn|2\n|inactive|Time left: 300 sec this turn | 300 sec total\n|\n|t:|1783534759\n|move|p1a: Zacian|Behemoth Blade|p2a: Toucannon\n|-damage|p2a: Toucannon|50/100\n|move|p2a: Toucannon|Boomburst|p1a: Zacian\n|-resisted|p1a: Zacian\n|-damage|p1a: Zacian|41/225\n|\n|upkeep\n|turn|3\n|inactive|Time left: 300 sec this turn | 300 sec total\n|\n|t:|1783534760\n|switch|p2a: Entei|Entei, L78|100/100\n|move|p1a: Zacian|Behemoth Blade|p2a: Entei\n|-resisted|p2a: Entei\n|-damage|p2a: Entei|78/100\n|\n|upkeep\n|turn|4\n|inactive|Time left: 300 sec this turn | 300 sec total\n|\n|t:|1783534761\n|move|p1a: Zacian|Behemoth Blade|p2a: Entei\n|-resisted|p2a: Entei\n|-damage|p2a: Entei|56/100\n|move|p2a: Entei|Sacred Fire|p1a: Zacian\n|-supereffective|p1a: Zacian\n|-damage|p1a: Zacian|0 fnt\n|faint|p1a: Zacian\n|\n|upkeep\n|inactive|Time left: 300 sec this turn | 300 sec total | 5 sec grace\n|\n|t:|1783534762\n|switch|p1a: Dodrio|Dodrio, L85, F|241/241\n|turn|5\n|inactive|Time left: 300 sec this turn | 300 sec total\n|\n|t:|1783534763\n|move|p1a: Dodrio|Brave Bird|p2a: Entei\n|-damage|p2a: Entei|0 fnt\n|faint|p2a: Entei\n|-damage|p1a: Dodrio|185/241|[from] Recoil\n|\n|upkeep\n|\n|t:|1783534764\n|switch|p2a: Iron Crown|Iron Crown, L78|100/100\n|turn|6\n|inactive|Time left: 300 sec this turn | 300 sec total\n|\n|t:|1783534765\n|switch|p1a: Grumpig|Grumpig, L92, M|297/297\n|move|p2a: Iron Crown|Calm Mind|p2a: Iron Crown\n|-boost|p2a: Iron Crown|spa|1\n|-boost|p2a: Iron Crown|spd|1\n|\n|upkeep\n|turn|7\n|inactive|Time left: 300 sec this turn | 300 sec total\n|\n|t:|1783534766\n|move|p1a: Grumpig|Nasty Plot|p1a: Grumpig\n|-boost|p1a: Grumpig|spa|2\n|move|p2a: Iron Crown|Calm Mind|p2a: Iron Crown\n|-boost|p2a: Iron Crown|spa|1\n|-boost|p2a: Iron Crown|spd|1\n|\n|upkeep\n|turn|8\n|inactive|Time left: 300 sec this turn | 300 sec total\n|\n|t:|1783534767\n|move|p1a: Grumpig|Earth Power|p2a: Iron Crown\n|-supereffective|p2a: Iron Crown\n|-damage|p2a: Iron Crown|53/100\n|move|p2a: Iron Crown|Tachyon Cutter|p1a: Grumpig\n|-damage|p1a: Grumpig|207/297\n|-damage|p1a: Grumpig|128/297\n|-hitcount|p1a: Grumpig|2\n|\n|-heal|p1a: Grumpig|146/297|[from] item: Leftovers\n|-heal|p2a: Iron Crown|59/100|[from] item: Leftovers\n|upkeep\n|turn|9\n|inactive|Time left: 300 sec this turn | 300 sec total\n|\n|t:|1783534768\n|move|p1a: Grumpig|Earth Power|p2a: Iron Crown\n|-supereffective|p2a: Iron Crown\n|-crit|p2a: Iron Crown\n|-damage|p2a: Iron Crown|0 fnt\n|faint|p2a: Iron Crown\n|-end|p2a: Iron Crown|Quark Drive|[silent]\n|\n|-heal|p1a: Grumpig|164/297|[from] item: Leftovers\n|upkeep\n|\n|t:|1783534769\n|switch|p2a: Rillaboom|Rillaboom, L79, F|100/100\n|-fieldstart|move: Grassy Terrain|[from] ability: Grassy Surge|[of] p2a: Rillaboom\n|turn|10\n|inactive|Time left: 300 sec this turn | 300 sec total\n|\n|t:|1783534770\n|move|p1a: Grumpig|Psychic|p2a: Rillaboom\n|-damage|p2a: Rillaboom|4/100\n|move|p2a: Rillaboom|Wood Hammer|p1a: Grumpig\n|-damage|p1a: Grumpig|0 fnt\n|faint|p1a: Grumpig\n|-damage|p2a: Rillaboom|0 fnt|[from] Recoil\n|faint|p2a: Rillaboom\n|\n|upkeep\n|inactive|Time left: 300 sec this turn | 300 sec total | 5 sec grace\n|\n|t:|1783534772\n|switch|p1a: Dodrio|Dodrio, L85, F|185/241\n|switch|p2a: Misdreavus|Misdreavus, L90, F|100/100\n|turn|11\n|inactive|Time left: 300 sec this turn | 300 sec total\n|\n|t:|1783534773\n|move|p1a: Dodrio|Brave Bird|p2a: Misdreavus\n|-damage|p2a: Misdreavus|25/100\n|-damage|p1a: Dodrio|122/241|[from] Recoil\n|move|p2a: Misdreavus|Will-O-Wisp|p1a: Dodrio\n|-status|p1a: Dodrio|brn\n|\n|-damage|p1a: Dodrio|107/241 brn|[from] brn\n|upkeep\n|turn|12\n|inactive|Time left: 300 sec this turn | 300 sec total\n|\n|t:|1783534774\n|switch|p2a: Feraligatr|Feraligatr, L79, F|100/100\n|move|p1a: Dodrio|Brave Bird|p2a: Feraligatr\n|-damage|p2a: Feraligatr|59/100\n|-damage|p1a: Dodrio|71/241 brn|[from] Recoil\n|\n|-heal|p2a: Feraligatr|65/100|[from] Grassy Terrain\n|-damage|p1a: Dodrio|56/241 brn|[from] brn\n|upkeep\n|turn|13\n|inactive|Time left: 300 sec this turn | 300 sec total\n|\n|t:|1783534775\n|move|p1a: Dodrio|Brave Bird|p2a: Feraligatr\n|-damage|p2a: Feraligatr|22/100\n|-damage|p1a: Dodrio|19/241 brn|[from] Recoil\n|move|p2a: Feraligatr|Dragon Dance|p2a: Feraligatr\n|-boost|p2a: Feraligatr|atk|1\n|-boost|p2a: Feraligatr|spe|1\n|\n|-heal|p2a: Feraligatr|28/100|[from] Grassy Terrain\n|-damage|p1a: Dodrio|4/241 brn|[from] brn\n|upkeep\n|turn|14\n|inactive|Time left: 300 sec this turn | 300 sec total\n|\n|t:|1783534776\n|move|p2a: Feraligatr|Ice Punch|p1a: Dodrio\n|-supereffective|p1a: Dodrio\n|-damage|p1a: Dodrio|0 fnt\n|faint|p1a: Dodrio\n|\n|-heal|p2a: Feraligatr|34/100|[from] Grassy Terrain\n|-fieldend|move: Grassy Terrain\n|upkeep\n|inactive|Time left: 300 sec this turn | 300 sec total | 5 sec grace\n|\n|t:|1783534777\n|switch|p1a: Gyarados|Gyarados, L79, F|280/280\n|-ability|p1a: Gyarados|Intimidate|boost\n|-unboost|p2a: Feraligatr|atk|1\n|turn|15\n|inactive|Time left: 300 sec this turn | 300 sec total\n|\n|t:|1783534778\n|move|p2a: Feraligatr|Dragon Dance|p2a: Feraligatr\n|-boost|p2a: Feraligatr|atk|1\n|-boost|p2a: Feraligatr|spe|1\n|move|p1a: Gyarados|Dragon Dance|p1a: Gyarados\n|-boost|p1a: Gyarados|atk|1\n|-boost|p1a: Gyarados|spe|1\n|\n|upkeep\n|turn|16\n|inactive|Time left: 300 sec this turn | 300 sec total\n|\n|t:|1783534779\n|move|p2a: Feraligatr|Liquidation|p1a: Gyarados\n|-resisted|p1a: Gyarados\n|-damage|p1a: Gyarados|146/280\n|move|p1a: Gyarados|Earthquake|p2a: Feraligatr\n|-damage|p2a: Feraligatr|0 fnt\n|faint|p2a: Feraligatr\n|\n|upkeep\n|\n|t:|1783534779\n|switch|p2a: Toucannon|Toucannon, L88, F|50/100\n|turn|17\n|inactive|Time left: 300 sec this turn | 300 sec total\n|\n|t:|1783534780\n|-singleturn|p2a: Toucannon|move: Beak Blast\n|move|p1a: Gyarados|Waterfall|p2a: Toucannon\n|-damage|p2a: Toucannon|2/100\n|-status|p1a: Gyarados|brn\n|move|p2a: Toucannon|Beak Blast|p1a: Gyarados\n|-damage|p1a: Gyarados|1/280 brn\n|\n|-damage|p1a: Gyarados|0 fnt|[from] brn\n|faint|p1a: Gyarados\n|upkeep\n|inactive|Time left: 300 sec this turn | 300 sec total | 5 sec grace\n|\n|t:|1783534781\n|switch|p1a: Mienshao|Mienshao, L83, F|244/244\n|turn|18\n|inactive|Time left: 300 sec this turn | 300 sec total\n|\n|t:|1783534782\n|-terastallize|p1a: Mienshao|Dark\n|move|p1a: Mienshao|Knock Off|p2a: Toucannon\n|-damage|p2a: Toucannon|0 fnt\n|-enditem|p2a: Toucannon|Heavy-Duty Boots|[from] move: Knock Off|[of] p1a: Mienshao\n|faint|p2a: Toucannon\n|-damage|p1a: Mienshao|220/244|[from] item: Life Orb\n|\n|upkeep\n|\n|t:|1783534782\n|switch|p2a: Misdreavus|Misdreavus, L90, F|25/100\n|turn|19\n|inactive|Time left: 300 sec this turn | 300 sec total\n|\n|t:|1783534783\n|move|p1a: Mienshao|Knock Off|p2a: Misdreavus\n|-supereffective|p2a: Misdreavus\n|-crit|p2a: Misdreavus\n|-damage|p2a: Misdreavus|0 fnt\n|-enditem|p2a: Misdreavus|Eviolite|[from] move: Knock Off|[of] p1a: Mienshao\n|faint|p2a: Misdreavus\n|-damage|p1a: Mienshao|196/244|[from] item: Life Orb\n|\n|win|p0x129e82b", "uploadtime": 1783534783, "views": 0, "rating": 0, "private": 0, "password": null, "_winner": "p0x129e82b", "_our_name": "p0x129e82b"}