{"id": "battle-gen9randombattle-2785", "formatid": "gen9randombattle", "format": "[Gen 9] Random Battle", "players": ["p0x2785f2af", "p0y27854c7d"], "log": "|init|battle\n|title|p0x2785f2af vs. p0y27854c7d\n|j|\u2606p0x2785f2af\n|j|\u2606p0y27854c7d\n|t:|1783572084\n|gametype|singles\n|player|p1|p0x2785f2af|101|\n|player|p2|p0y27854c7d|101|\n|gen|9\n|tier|[Gen 9] Random Battle\n|rule|Species Clause: Limit one of each Pok\u00e9mon\n|rule|HP Percentage Mod: HP is shown in percentages\n|rule|Sleep Clause Mod: Limit one foe put to sleep\n|rule|Illusion Level Mod: Illusion disguises the Pok\u00e9mon's true level\n|\n|t:|1783572084\n|teamsize|p1|6\n|teamsize|p2|6\n|start\n|switch|p1a: Braviary|Braviary-Hisui, L85, M|326/326\n|switch|p2a: Hippowdon|Hippowdon, L82, F|100/100\n|-weather|Sandstorm|[from] ability: Sand Stream|[of] p2a: Hippowdon\n|turn|1\n|inactive|Battle timer is ON: inactive players will automatically lose when time's up. (requested by p0x2785f2af)\n|inactive|p0y27854c7d also wants the timer to be on.\n|\n|t:|1783572085\n|move|p1a: Braviary|Psychic|p2a: Hippowdon\n|-damage|p2a: Hippowdon|35/100\n|move|p2a: Hippowdon|Stealth Rock|p1a: Braviary\n|-sidestart|p1: p0x2785f2af|move: Stealth Rock\n|\n|-weather|Sandstorm|[upkeep]\n|-damage|p1a: Braviary|306/326|[from] Sandstorm\n|upkeep\n|turn|2\n|inactive|Time left: 300 sec this turn | 300 sec total\n|\n|t:|1783572086\n|switch|p2a: Grumpig|Grumpig, L92, F|100/100\n|move|p1a: Braviary|Psychic|p2a: Grumpig\n|-resisted|p2a: Grumpig\n|-damage|p2a: Grumpig|77/100\n|\n|-weather|Sandstorm|[upkeep]\n|-damage|p2a: Grumpig|71/100|[from] Sandstorm\n|-damage|p1a: Braviary|286/326|[from] Sandstorm\n|-heal|p2a: Grumpig|77/100|[from] item: Leftovers\n|upkeep\n|turn|3\n|inactive|Time left: 300 sec this turn | 300 sec total\n|\n|t:|1783572087\n|move|p2a: Grumpig|Nasty Plot|p2a: Grumpig\n|-boost|p2a: Grumpig|spa|2\n|move|p1a: Braviary|Hurricane|p2a: Grumpig|[miss]\n|-miss|p1a: Braviary|p2a: Grumpig\n|\n|-weather|Sandstorm|[upkeep]\n|-damage|p2a: Grumpig|71/100|[from] Sandstorm\n|-damage|p1a: Braviary|266/326|[from] Sandstorm\n|-heal|p2a: Grumpig|77/100|[from] item: Leftovers\n|upkeep\n|turn|4\n|inactive|Time left: 300 sec this turn | 300 sec total\n|\n|t:|1783572088\n|move|p2a: Grumpig|Shadow Ball|p1a: Braviary\n|-supereffective|p1a: Braviary\n|-damage|p1a: Braviary|0 fnt\n|faint|p1a: Braviary\n|\n|-weather|Sandstorm|[upkeep]\n|-damage|p2a: Grumpig|71/100|[from] Sandstorm\n|-heal|p2a: Grumpig|77/100|[from] item: Leftovers\n|upkeep\n|inactive|Time left: 300 sec this turn | 300 sec total | 5 sec grace\n|\n|t:|1783572088\n|switch|p1a: Tauros|Tauros-Paldea-Aqua, L81, M|254/254\n|-damage|p1a: Tauros|239/254|[from] Stealth Rock\n|-ability|p1a: Tauros|Intimidate|boost\n|-unboost|p2a: Grumpig|atk|1\n|turn|5\n|inactive|Time left: 300 sec this turn | 300 sec total\n|\n|t:|1783572089\n|-terastallize|p1a: Tauros|Water\n|move|p1a: Tauros|Wave Crash|p2a: Grumpig\n|-damage|p2a: Grumpig|0 fnt\n|faint|p2a: Grumpig\n|-damage|p1a: Tauros|164/254|[from] Recoil\n|\n|-weather|none\n|upkeep\n|\n|t:|1783572090\n|switch|p2a: Hippowdon|Hippowdon, L82, F|35/100\n|-weather|Sandstorm|[from] ability: Sand Stream|[of] p2a: Hippowdon\n|turn|6\n|inactive|Time left: 300 sec this turn | 300 sec total\n|\n|t:|1783572091\n|move|p1a: Tauros|Wave Crash|p2a: Hippowdon\n|-supereffective|p2a: Hippowdon\n|-damage|p2a: Hippowdon|0 fnt\n|-damage|p1a: Tauros|122/254|[from] item: Rocky Helmet|[of] p2a: Hippowdon\n|faint|p2a: Hippowdon\n|-damage|p1a: Tauros|87/254|[from] Recoil\n|\n|-weather|Sandstorm|[upkeep]\n|-damage|p1a: Tauros|72/254|[from] Sandstorm\n|upkeep\n|\n|t:|1783572092\n|switch|p2a: Spectrier|Spectrier, L75|100/100\n|turn|7\n|inactive|Time left: 300 sec this turn | 300 sec total\n|\n|t:|1783572093\n|switch|p1a: Carbink|Carbink, L90|236/236\n|-damage|p1a: Carbink|207/236|[from] Stealth Rock\n|move|p2a: Spectrier|Shadow Ball|p1a: Carbink\n|-damage|p1a: Carbink|156/236\n|-damage|p2a: Spectrier|91/100|[from] item: Life Orb\n|\n|-weather|Sandstorm|[upkeep]\n|-damage|p2a: Spectrier|84/100|[from] Sandstorm\n|upkeep\n|turn|8\n|inactive|Time left: 300 sec this turn | 300 sec total\n|\n|t:|1783572094\n|move|p2a: Spectrier|Nasty Plot|p2a: Spectrier\n|-boost|p2a: Spectrier|spa|2\n|move|p1a: Carbink|Moonblast|p2a: Spectrier\n|-damage|p2a: Spectrier|51/100\n|-unboost|p2a: Spectrier|spa|1\n|\n|-weather|Sandstorm|[upkeep]\n|-damage|p2a: Spectrier|45/100|[from] Sandstorm\n|upkeep\n|turn|9\n|inactive|Time left: 300 sec this turn | 300 sec total\n|\n|t:|1783572095\n|move|p2a: Spectrier|Nasty Plot|p2a: Spectrier\n|-boost|p2a: Spectrier|spa|2\n|move|p1a: Carbink|Moonblast|p2a: Spectrier\n|-damage|p2a: Spectrier|11/100\n|\n|-weather|Sandstorm|[upkeep]\n|-damage|p2a: Spectrier|5/100|[from] Sandstorm\n|upkeep\n|turn|10\n|inactive|Time left: 300 sec this turn | 300 sec total\n|\n|t:|1783572096\n|move|p2a: Spectrier|Draining Kiss|p1a: Carbink\n|-damage|p1a: Carbink|101/236\n|-heal|p2a: Spectrier|20/100|[from] drain|[of] p1a: Carbink\n|-damage|p2a: Spectrier|10/100|[from] item: Life Orb\n|move|p1a: Carbink|Rest|p1a: Carbink\n|-status|p1a: Carbink|slp|[from] move: Rest\n|-heal|p1a: Carbink|236/236 slp|[silent]\n|-enditem|p1a: Carbink|Chesto Berry|[eat]\n|-curestatus|p1a: Carbink|slp|[msg]\n|\n|-weather|none\n|upkeep\n|turn|11\n|inactive|Time left: 300 sec this turn | 300 sec total\n|\n|t:|1783572097\n|-terastallize|p2a: Spectrier|Fairy\n|move|p2a: Spectrier|Draining Kiss|p1a: Carbink\n|-damage|p1a: Carbink|92/236\n|-heal|p2a: Spectrier|49/100|[from] drain|[of] p1a: Carbink\n|-damage|p2a: Spectrier|40/100|[from] item: Life Orb\n|move|p1a: Carbink|Moonblast|p2a: Spectrier\n|-damage|p2a: Spectrier|10/100\n|\n|upkeep\n|turn|12\n|inactive|Time left: 300 sec this turn | 300 sec total\n|\n|t:|1783572098\n|move|p2a: Spectrier|Draining Kiss|p1a: Carbink\n|-damage|p1a: Carbink|0 fnt\n|-heal|p2a: Spectrier|35/100|[from] drain|[of] p1a: Carbink\n|faint|p1a: Carbink\n|-ability|p2a: Spectrier|Grim Neigh|boost\n|-boost|p2a: Spectrier|spa|1\n|-damage|p2a: Spectrier|25/100|[from] item: Life Orb\n|\n|upkeep\n|inactive|Time left: 300 sec this turn | 300 sec total | 5 sec grace\n|\n|t:|1783572099\n|switch|p1a: Tauros|Tauros-Paldea-Aqua, L81, M, tera:Water|72/254\n|-damage|p1a: Tauros|41/254|[from] Stealth Rock\n|-ability|p1a: Tauros|Intimidate|boost\n|-unboost|p2a: Spectrier|atk|1\n|turn|13\n|inactive|Time left: 300 sec this turn | 300 sec total\n|\n|t:|1783572100\n|move|p1a: Tauros|Aqua Jet|p2a: Spectrier\n|-damage|p2a: Spectrier|0 fnt\n|faint|p2a: Spectrier\n|\n|upkeep\n|\n|t:|1783572101\n|switch|p2a: Squawkabilly|Squawkabilly, L85, M|100/100\n|turn|14\n|inactive|Time left: 300 sec this turn | 300 sec total\n|\n|t:|1783572102\n|switch|p1a: Registeel|Registeel, L81|262/262\n|-damage|p1a: Registeel|246/262|[from] Stealth Rock\n|move|p2a: Squawkabilly|Protect||[still]\n|-fail|p2a: Squawkabilly\n|\n|-status|p2a: Squawkabilly|brn|[from] item: Flame Orb\n|upkeep\n|turn|15\n|inactive|Time left: 300 sec this turn | 300 sec total\n|\n|t:|1783572103\n|switch|p2a: Garganacl|Garganacl, L80, M|100/100\n|move|p1a: Registeel|Iron Defense|p1a: Registeel\n|-boost|p1a: Registeel|def|2\n|\n|upkeep\n|turn|16\n|inactive|Time left: 300 sec this turn | 300 sec total\n|\n|t:|1783572104\n|move|p1a: Registeel|Body Press|p2a: Garganacl\n|-supereffective|p2a: Garganacl\n|-damage|p2a: Garganacl|25/100\n|move|p2a: Garganacl|Salt Cure|p1a: Registeel\n|-resisted|p1a: Registeel\n|-damage|p1a: Registeel|240/262\n|-start|p1a: Registeel|Salt Cure\n|\n|-heal|p2a: Garganacl|31/100|[from] item: Leftovers\n|-damage|p1a: Registeel|175/262|[from] Salt Cure\n|upkeep\n|turn|17\n|inactive|Time left: 300 sec this turn | 300 sec total\n|\n|t:|1783572105\n|switch|p2a: Sylveon|Sylveon, L85, M|100/100\n|move|p1a: Registeel|Iron Head|p2a: Sylveon\n|-supereffective|p2a: Sylveon\n|-damage|p2a: Sylveon|46/100\n|\n|-heal|p2a: Sylveon|52/100|[from] item: Leftovers\n|-damage|p1a: Registeel|110/262|[from] Salt Cure\n|upkeep\n|turn|18\n|inactive|Time left: 300 sec this turn | 300 sec total\n|\n|t:|1783572106\n|move|p2a: Sylveon|Protect|p2a: Sylveon\n|-singleturn|p2a: Sylveon|Protect\n|move|p1a: Registeel|Iron Head|p2a: Sylveon\n|-activate|p2a: Sylveon|move: Protect\n|\n|-heal|p2a: Sylveon|58/100|[from] item: Leftovers\n|-damage|p1a: Registeel|45/262|[from] Salt Cure\n|upkeep\n|turn|19\n|inactive|Time left: 300 sec this turn | 300 sec total\n|\n|t:|1783572107\n|move|p2a: Sylveon|Wish|p2a: Sylveon\n|move|p1a: Registeel|Rest|p1a: Registeel\n|-status|p1a: Registeel|slp|[from] move: Rest\n|-heal|p1a: Registeel|262/262 slp|[silent]\n|-enditem|p1a: Registeel|Chesto Berry|[eat]\n|-curestatus|p1a: Registeel|slp|[msg]\n|\n|-heal|p2a: Sylveon|64/100|[from] item: Leftovers\n|-damage|p1a: Registeel|197/262|[from] Salt Cure\n|upkeep\n|turn|20\n|inactive|Time left: 300 sec this turn | 300 sec total\n|\n|t:|1783572108\n|switch|p1a: Tauros|Tauros-Paldea-Aqua, L81, M, tera:Water|41/254\n|-damage|p1a: Tauros|10/254|[from] Stealth Rock\n|-ability|p1a: Tauros|Intimidate|boost\n|-unboost|p2a: Sylveon|atk|1\n|move|p2a: Sylveon|Hyper Voice|p1a: Tauros\n|-damage|p1a: Tauros|0 fnt\n|faint|p1a: Tauros\n|\n|-heal|p2a: Sylveon|100/100|[from] move: Wish|[wisher] Sylveon\n|upkeep\n|inactive|Time left: 300 sec this turn | 300 sec total | 5 sec grace\n|\n|t:|1783572109\n|switch|p1a: Registeel|Registeel, L81|197/262\n|-damage|p1a: Registeel|181/262|[from] Stealth Rock\n|turn|21\n|inactive|Time left: 300 sec this turn | 300 sec total\n|\n|t:|1783572110\n|move|p2a: Sylveon|Calm Mind|p2a: Sylveon\n|-boost|p2a: Sylveon|spa|1\n|-boost|p2a: Sylveon|spd|1\n|move|p1a: Registeel|Iron Head|p2a: Sylveon\n|-supereffective|p2a: Sylveon\n|-damage|p2a: Sylveon|50/100\n|\n|-heal|p2a: Sylveon|56/100|[from] item: Leftovers\n|upkeep\n|turn|22\n|inactive|Time left: 300 sec this turn | 300 sec total\n|\n|t:|1783572111\n|move|p2a: Sylveon|Protect|p2a: Sylveon\n|-singleturn|p2a: Sylveon|Protect\n|move|p1a: Registeel|Iron Head|p2a: Sylveon\n|-activate|p2a: Sylveon|move: Protect\n|\n|-heal|p2a: Sylveon|62/100|[from] item: Leftovers\n|upkeep\n|turn|23\n|inactive|Time left: 300 sec this turn | 300 sec total\n|\n|t:|1783572112\n|move|p2a: Sylveon|Wish|p2a: Sylveon\n|move|p1a: Registeel|Iron Head|p2a: Sylveon\n|-supereffective|p2a: Sylveon\n|-damage|p2a: Sylveon|10/100\n|\n|-heal|p2a: Sylveon|16/100|[from] item: Leftovers\n|upkeep\n|turn|24\n|inactive|Time left: 300 sec this turn | 300 sec total\n|\n|t:|1783572113\n|move|p2a: Sylveon|Protect|p2a: Sylveon\n|-singleturn|p2a: Sylveon|Protect\n|move|p1a: Registeel|Iron Head|p2a: Sylveon\n|-activate|p2a: Sylveon|move: Protect\n|\n|-heal|p2a: Sylveon|66/100|[from] move: Wish|[wisher] Sylveon\n|-heal|p2a: Sylveon|72/100|[from] item: Leftovers\n|upkeep\n|turn|25\n|inactive|Time left: 300 sec this turn | 300 sec total\n|\n|t:|1783572114\n|move|p2a: Sylveon|Wish|p2a: Sylveon\n|move|p1a: Registeel|Iron Head|p2a: Sylveon\n|-supereffective|p2a: Sylveon\n|-crit|p2a: Sylveon\n|-damage|p2a: Sylveon|0 fnt\n|faint|p2a: Sylveon\n|\n|upkeep\n|\n|t:|1783572115\n|switch|p2a: Squawkabilly|Squawkabilly, L85, M|100/100 brn\n|turn|26\n|inactive|Time left: 300 sec this turn | 300 sec total\n|\n|t:|1783572116\n|move|p2a: Squawkabilly|Facade|p1a: Registeel\n|-resisted|p1a: Registeel\n|-damage|p1a: Registeel|110/262\n|move|p1a: Registeel|Iron Defense|p1a: Registeel\n|-boost|p1a: Registeel|def|2\n|\n|-damage|p2a: Squawkabilly|94/100 brn|[from] brn\n|upkeep\n|turn|27\n|inactive|Time left: 300 sec this turn | 300 sec total\n|\n|t:|1783572117\n|move|p2a: Squawkabilly|Protect|p2a: Squawkabilly\n|-singleturn|p2a: Squawkabilly|Protect\n|move|p1a: Registeel|Body Press|p2a: Squawkabilly\n|-activate|p2a: Squawkabilly|move: Protect\n|\n|-damage|p2a: Squawkabilly|88/100 brn|[from] brn\n|upkeep\n|turn|28\n|inactive|Time left: 300 sec this turn | 300 sec total\n|\n|t:|1783572118\n|move|p2a: Squawkabilly|Facade|p1a: Registeel\n|-resisted|p1a: Registeel\n|-damage|p1a: Registeel|71/262\n|move|p1a: Registeel|Body Press|p2a: Squawkabilly\n|-damage|p2a: Squawkabilly|12/100 brn\n|\n|-damage|p2a: Squawkabilly|6/100 brn|[from] brn\n|upkeep\n|turn|29\n|inactive|Time left: 300 sec this turn | 300 sec total\n|\n|t:|1783572119\n|move|p2a: Squawkabilly|Facade|p1a: Registeel\n|-resisted|p1a: Registeel\n|-damage|p1a: Registeel|33/262\n|move|p1a: Registeel|Body Press|p2a: Squawkabilly\n|-crit|p2a: Squawkabilly\n|-damage|p2a: Squawkabilly|0 fnt\n|faint|p2a: Squawkabilly\n|\n|upkeep\n|\n|t:|1783572119\n|switch|p2a: Garganacl|Garganacl, L80, M|31/100\n|turn|30\n|inactive|Time left: 300 sec this turn | 300 sec total\n|\n|t:|1783572120\n|move|p1a: Registeel|Iron Head|p2a: Garganacl\n|-supereffective|p2a: Garganacl\n|-damage|p2a: Garganacl|0 fnt\n|faint|p2a: Garganacl\n|\n|win|p0x2785f2af", "uploadtime": 1783572120, "views": 0, "rating": 0, "private": 0, "password": null, "_winner": "p0x2785f2af", "_our_name": "p0x2785f2af"}