{"id": "battle-gen9randombattle-1371", "formatid": "gen9randombattle", "format": "[Gen 9] Random Battle", "players": ["p0x1371dce2", "p0y13714f66"], "log": "|init|battle\n|title|p0x1371dce2 vs. p0y13714f66\n|j|\u2606p0x1371dce2\n|j|\u2606p0y13714f66\n|t:|1783555924\n|gametype|singles\n|player|p1|p0x1371dce2|1|\n|player|p2|p0y13714f66|102|\n|gen|9\n|tier|[Gen 9] Random Battle\n|rule|Species Clause: Limit one of each Pok\u00e9mon\n|rule|HP Percentage Mod: HP is shown in percentages\n|rule|Sleep Clause Mod: Limit one foe put to sleep\n|rule|Illusion Level Mod: Illusion disguises the Pok\u00e9mon's true level\n|\n|t:|1783555924\n|teamsize|p1|6\n|teamsize|p2|6\n|start\n|switch|p1a: Rotom|Rotom, L88|100/100\n|switch|p2a: Ogerpon|Ogerpon, L80, F|259/259\n|turn|1\n|inactive|Battle timer is ON: inactive players will automatically lose when time's up. (requested by p0x1371dce2)\n|inactive|Time left: 300 sec this turn | 300 sec total | 60 sec grace\n|\n|t:|1783555925\n|move|p2a: Ogerpon|Ivy Cudgel|p1a: Rotom\n|-damage|p1a: Rotom|46/100\n|move|p1a: Rotom|Will-O-Wisp|p2a: Ogerpon\n|-status|p2a: Ogerpon|brn\n|\n|-damage|p2a: Ogerpon|243/259 brn|[from] brn\n|upkeep\n|turn|2\n|inactive|Time left: 300 sec this turn | 300 sec total\n|inactive|p0y13714f66 also wants the timer to be on.\n|\n|t:|1783555926\n|switch|p2a: Porygon2|Porygon2, L81|270/270\n|-ability|p2a: Porygon2|Download|boost\n|-boost|p2a: Porygon2|spa|1\n|switch|p1a: Hariyama|Hariyama, L87, F|100/100\n|\n|upkeep\n|turn|3\n|inactive|Time left: 300 sec this turn | 300 sec total\n|\n|t:|1783555927\n|move|p2a: Porygon2|Discharge|p1a: Hariyama\n|-damage|p1a: Hariyama|82/100\n|move|p1a: Hariyama|Close Combat|p2a: Porygon2\n|-supereffective|p2a: Porygon2\n|-damage|p2a: Porygon2|60/270\n|-unboost|p1a: Hariyama|def|1\n|-unboost|p1a: Hariyama|spd|1\n|\n|upkeep\n|turn|4\n|inactive|Time left: 300 sec this turn | 300 sec total\n|\n|t:|1783555928\n|move|p2a: Porygon2|Recover|p2a: Porygon2\n|-heal|p2a: Porygon2|195/270\n|move|p1a: Hariyama|Close Combat|p2a: Porygon2\n|-supereffective|p2a: Porygon2\n|-damage|p2a: Porygon2|0 fnt\n|-unboost|p1a: Hariyama|def|1\n|-unboost|p1a: Hariyama|spd|1\n|faint|p2a: Porygon2\n|\n|upkeep\n|inactive|Time left: 300 sec this turn | 300 sec total | 5 sec grace\n|\n|t:|1783555929\n|switch|p2a: Spidops|Spidops, L96, M|271/271\n|turn|5\n|inactive|Time left: 300 sec this turn | 300 sec total\n|\n|t:|1783555931\n|switch|p1a: Qwilfish|Qwilfish-Hisui, L83, F|100/100\n|-ability|p1a: Qwilfish|Intimidate|boost\n|-unboost|p2a: Spidops|atk|1\n|move|p2a: Spidops|Sticky Web|p1a: Qwilfish\n|-sidestart|p1: p0x1371dce2|move: Sticky Web\n|\n|upkeep\n|turn|6\n|inactive|Time left: 300 sec this turn | 300 sec total\n|\n|t:|1783555932\n|switch|p2a: Arbok|Arbok, L87, M|246/246\n|-ability|p2a: Arbok|Intimidate|boost\n|-unboost|p1a: Qwilfish|atk|1\n|move|p1a: Qwilfish|Crunch|p2a: Arbok\n|-damage|p2a: Arbok|186/246\n|\n|upkeep\n|turn|7\n|inactive|Time left: 300 sec this turn | 300 sec total\n|\n|t:|1783555933\n|move|p1a: Qwilfish|Gunk Shot|p2a: Arbok|[miss]\n|-miss|p1a: Qwilfish|p2a: Arbok\n|move|p2a: Arbok|Knock Off|p1a: Qwilfish\n|-resisted|p1a: Qwilfish\n|-damage|p1a: Qwilfish|87/100\n|-enditem|p1a: Qwilfish|Eviolite|[from] move: Knock Off|[of] p2a: Arbok\n|-damage|p2a: Arbok|162/246|[from] item: Life Orb\n|\n|upkeep\n|turn|8\n|inactive|Time left: 300 sec this turn | 300 sec total\n|\n|t:|1783555934\n|move|p2a: Arbok|Glare|p1a: Qwilfish\n|-status|p1a: Qwilfish|par\n|move|p1a: Qwilfish|Gunk Shot|p2a: Arbok\n|-resisted|p2a: Arbok\n|-damage|p2a: Arbok|115/246\n|\n|upkeep\n|turn|9\n|inactive|Time left: 300 sec this turn | 300 sec total\n|\n|t:|1783555936\n|move|p2a: Arbok|Gunk Shot|p1a: Qwilfish\n|-resisted|p1a: Qwilfish\n|-damage|p1a: Qwilfish|48/100 par\n|-damage|p2a: Arbok|91/246|[from] item: Life Orb\n|move|p1a: Qwilfish|Toxic Spikes|p2a: Arbok\n|-sidestart|p2: p0y13714f66|move: Toxic Spikes\n|\n|upkeep\n|turn|10\n|inactive|Time left: 300 sec this turn | 300 sec total\n|\n|t:|1783555937\n|move|p2a: Arbok|Gunk Shot|p1a: Qwilfish\n|-resisted|p1a: Qwilfish\n|-damage|p1a: Qwilfish|9/100 par\n|-damage|p2a: Arbok|67/246|[from] item: Life Orb\n|move|p1a: Qwilfish|Spikes|p2a: Arbok\n|-sidestart|p2: p0y13714f66|Spikes\n|\n|upkeep\n|turn|11\n|inactive|Time left: 300 sec this turn | 300 sec total\n|\n|t:|1783555938\n|move|p2a: Arbok|Knock Off|p1a: Qwilfish\n|-resisted|p1a: Qwilfish\n|-damage|p1a: Qwilfish|0 fnt\n|faint|p1a: Qwilfish\n|-damage|p2a: Arbok|43/246|[from] item: Life Orb\n|\n|upkeep\n|\n|t:|1783555939\n|switch|p1a: Mismagius|Mismagius, L86, F|100/100\n|turn|12\n|inactive|Time left: 300 sec this turn | 300 sec total\n|\n|t:|1783555940\n|move|p1a: Mismagius|Shadow Ball|p2a: Arbok\n|-damage|p2a: Arbok|0 fnt\n|faint|p2a: Arbok\n|\n|upkeep\n|inactive|Time left: 300 sec this turn | 300 sec total | 5 sec grace\n|\n|t:|1783555941\n|switch|p2a: Spidops|Spidops, L96, M|271/271\n|turn|13\n|inactive|Time left: 300 sec this turn | 300 sec total\n|\n|t:|1783555942\n|move|p1a: Mismagius|Substitute|p1a: Mismagius\n|-start|p1a: Mismagius|Substitute\n|-damage|p1a: Mismagius|76/100\n|move|p2a: Spidops|Knock Off|p1a: Mismagius\n|-supereffective|p1a: Mismagius\n|-end|p1a: Mismagius|Substitute\n|\n|-heal|p1a: Mismagius|82/100|[from] item: Leftovers\n|upkeep\n|turn|14\n|inactive|Time left: 300 sec this turn | 300 sec total\n|\n|t:|1783555943\n|move|p1a: Mismagius|Substitute|p1a: Mismagius\n|-start|p1a: Mismagius|Substitute\n|-damage|p1a: Mismagius|57/100\n|move|p2a: Spidops|Knock Off|p1a: Mismagius\n|-supereffective|p1a: Mismagius\n|-end|p1a: Mismagius|Substitute\n|\n|-heal|p1a: Mismagius|63/100|[from] item: Leftovers\n|upkeep\n|turn|15\n|inactive|Time left: 300 sec this turn | 300 sec total\n|\n|t:|1783555944\n|move|p1a: Mismagius|Substitute|p1a: Mismagius\n|-start|p1a: Mismagius|Substitute\n|-damage|p1a: Mismagius|39/100\n|move|p2a: Spidops|Knock Off|p1a: Mismagius\n|-supereffective|p1a: Mismagius\n|-end|p1a: Mismagius|Substitute\n|\n|-heal|p1a: Mismagius|45/100|[from] item: Leftovers\n|upkeep\n|turn|16\n|inactive|Time left: 300 sec this turn | 300 sec total\n|\n|t:|1783555945\n|move|p1a: Mismagius|Substitute|p1a: Mismagius\n|-start|p1a: Mismagius|Substitute\n|-damage|p1a: Mismagius|20/100\n|move|p2a: Spidops|Knock Off|p1a: Mismagius\n|-supereffective|p1a: Mismagius\n|-end|p1a: Mismagius|Substitute\n|\n|-heal|p1a: Mismagius|26/100|[from] item: Leftovers\n|upkeep\n|turn|17\n|inactive|Time left: 300 sec this turn | 300 sec total\n|\n|t:|1783555946\n|move|p1a: Mismagius|Shadow Ball|p2a: Spidops\n|-damage|p2a: Spidops|180/271\n|move|p2a: Spidops|Knock Off|p1a: Mismagius\n|-supereffective|p1a: Mismagius\n|-damage|p1a: Mismagius|0 fnt\n|-enditem|p1a: Mismagius|Leftovers|[from] move: Knock Off|[of] p2a: Spidops\n|faint|p1a: Mismagius\n|\n|upkeep\n|\n|t:|1783555947\n|switch|p1a: Hariyama|Hariyama, L87, F|82/100\n|-activate|p1a: Hariyama|move: Sticky Web\n|-unboost|p1a: Hariyama|spe|1\n|turn|18\n|inactive|Time left: 300 sec this turn | 300 sec total\n|\n|t:|1783555948\n|move|p2a: Spidops|Knock Off|p1a: Hariyama\n|-resisted|p1a: Hariyama\n|-damage|p1a: Hariyama|69/100\n|-enditem|p1a: Hariyama|Assault Vest|[from] move: Knock Off|[of] p2a: Spidops\n|move|p1a: Hariyama|Knock Off|p2a: Spidops\n|-damage|p2a: Spidops|108/271\n|-enditem|p2a: Spidops|Heavy-Duty Boots|[from] move: Knock Off|[of] p1a: Hariyama\n|\n|upkeep\n|turn|19\n|inactive|Time left: 300 sec this turn | 300 sec total\n|\n|t:|1783555949\n|move|p2a: Spidops|Knock Off|p1a: Hariyama\n|-resisted|p1a: Hariyama\n|-damage|p1a: Hariyama|61/100\n|move|p1a: Hariyama|Stone Edge|p2a: Spidops|[miss]\n|-miss|p1a: Hariyama|p2a: Spidops\n|\n|upkeep\n|turn|20\n|inactive|Time left: 300 sec this turn | 300 sec total\n|\n|t:|1783555950\n|move|p2a: Spidops|Knock Off|p1a: Hariyama\n|-resisted|p1a: Hariyama\n|-damage|p1a: Hariyama|53/100\n|move|p1a: Hariyama|Stone Edge|p2a: Spidops\n|-supereffective|p2a: Spidops\n|-damage|p2a: Spidops|0 fnt\n|faint|p2a: Spidops\n|\n|upkeep\n|inactive|Time left: 300 sec this turn | 300 sec total | 5 sec grace\n|\n|t:|1783555951\n|switch|p2a: Poliwrath|Poliwrath, L88, M|302/302\n|-status|p2a: Poliwrath|psn\n|-damage|p2a: Poliwrath|265/302 psn|[from] Spikes\n|turn|21\n|inactive|Time left: 300 sec this turn | 300 sec total\n|\n|t:|1783555952\n|move|p2a: Poliwrath|Bulk Up|p2a: Poliwrath\n|-boost|p2a: Poliwrath|atk|1\n|-boost|p2a: Poliwrath|def|1\n|move|p1a: Hariyama|Close Combat|p2a: Poliwrath\n|-crit|p2a: Poliwrath\n|-damage|p2a: Poliwrath|40/302 psn\n|-unboost|p1a: Hariyama|def|1\n|-unboost|p1a: Hariyama|spd|1\n|\n|-heal|p2a: Poliwrath|58/302 psn|[from] item: Leftovers\n|-damage|p2a: Poliwrath|21/302 psn|[from] psn\n|upkeep\n|turn|22\n|inactive|Time left: 300 sec this turn | 300 sec total\n|\n|t:|1783555954\n|switch|p1a: Rotom|Rotom, L88|46/100\n|move|p2a: Poliwrath|Drain Punch|p1a: Rotom\n|-immune|p1a: Rotom\n|\n|-heal|p2a: Poliwrath|39/302 psn|[from] item: Leftovers\n|-damage|p2a: Poliwrath|2/302 psn|[from] psn\n|upkeep\n|turn|23\n|inactive|Time left: 300 sec this turn | 300 sec total\n|\n|t:|1783555954\n|move|p1a: Rotom|Volt Switch|p2a: Poliwrath\n|-supereffective|p2a: Poliwrath\n|-damage|p2a: Poliwrath|0 fnt\n|faint|p2a: Poliwrath\n|-damage|p1a: Rotom|36/100|[from] item: Life Orb\n|\n|t:|1783555956\n|switch|p1a: Hariyama|Hariyama, L87, F|53/100|[from] Volt Switch\n|-activate|p1a: Hariyama|move: Sticky Web\n|-unboost|p1a: Hariyama|spe|1\n|\n|upkeep\n|inactive|Time left: 300 sec this turn | 300 sec total | 10 sec grace\n|\n|t:|1783555957\n|switch|p2a: Regirock|Regirock, L83|268/268\n|-status|p2a: Regirock|psn\n|-damage|p2a: Regirock|235/268 psn|[from] Spikes\n|turn|24\n|inactive|Time left: 300 sec this turn | 300 sec total\n|\n|t:|1783555958\n|move|p2a: Regirock|Iron Defense|p2a: Regirock\n|-boost|p2a: Regirock|def|2\n|move|p1a: Hariyama|Knock Off|p2a: Regirock\n|-damage|p2a: Regirock|213/268 psn\n|-enditem|p2a: Regirock|Leftovers|[from] move: Knock Off|[of] p1a: Hariyama\n|\n|-damage|p2a: Regirock|180/268 psn|[from] psn\n|upkeep\n|turn|25\n|inactive|Time left: 300 sec this turn | 300 sec total\n|\n|t:|1783555959\n|switch|p1a: Rotom|Rotom, L88|36/100\n|move|p2a: Regirock|Body Press|p1a: Rotom\n|-immune|p1a: Rotom\n|\n|-damage|p2a: Regirock|147/268 psn|[from] psn\n|upkeep\n|turn|26\n|inactive|Time left: 300 sec this turn | 300 sec total\n|\n|t:|1783555960\n|switch|p2a: Ogerpon|Ogerpon, L80, F|243/259 brn\n|-damage|p2a: Ogerpon|211/259 brn|[from] Spikes\n|move|p1a: Rotom|Thunderbolt|p2a: Ogerpon\n|-resisted|p2a: Ogerpon\n|-damage|p2a: Ogerpon|142/259 brn\n|-damage|p1a: Rotom|26/100|[from] item: Life Orb\n|\n|-heal|p2a: Ogerpon|158/259 brn|[from] item: Leftovers\n|-damage|p2a: Ogerpon|142/259 brn|[from] brn\n|upkeep\n|turn|27\n|inactive|Time left: 300 sec this turn | 300 sec total\n|\n|t:|1783555961\n|switch|p1a: Hariyama|Hariyama, L87, F|53/100\n|-activate|p1a: Hariyama|move: Sticky Web\n|-unboost|p1a: Hariyama|spe|1\n|move|p2a: Ogerpon|Synthesis|p2a: Ogerpon\n|-heal|p2a: Ogerpon|259/259 brn\n|\n|-damage|p2a: Ogerpon|243/259 brn|[from] brn\n|upkeep\n|turn|28\n|inactive|Time left: 300 sec this turn | 300 sec total\n|\n|t:|1783555962\n|move|p2a: Ogerpon|Ivy Cudgel|p1a: Hariyama\n|-damage|p1a: Hariyama|35/100\n|move|p1a: Hariyama|Close Combat|p2a: Ogerpon\n|-damage|p2a: Ogerpon|83/259 brn\n|-unboost|p1a: Hariyama|def|1\n|-unboost|p1a: Hariyama|spd|1\n|\n|-heal|p2a: Ogerpon|99/259 brn|[from] item: Leftovers\n|-damage|p2a: Ogerpon|83/259 brn|[from] brn\n|upkeep\n|turn|29\n|inactive|Time left: 300 sec this turn | 300 sec total\n|\n|t:|1783555964\n|move|p2a: Ogerpon|Synthesis|p2a: Ogerpon\n|-heal|p2a: Ogerpon|212/259 brn\n|move|p1a: Hariyama|Close Combat|p2a: Ogerpon\n|-damage|p2a: Ogerpon|38/259 brn\n|-unboost|p1a: Hariyama|def|1\n|-unboost|p1a: Hariyama|spd|1\n|\n|-heal|p2a: Ogerpon|54/259 brn|[from] item: Leftovers\n|-damage|p2a: Ogerpon|38/259 brn|[from] brn\n|upkeep\n|turn|30\n|inactive|Time left: 300 sec this turn | 300 sec total\n|\n|t:|1783555965\n|switch|p1a: Empoleon|Empoleon, L84, M|100/100\n|-activate|p1a: Empoleon|move: Sticky Web\n|-unboost|p1a: Empoleon|spe|1\n|-ability|p1a: Empoleon|Competitive|boost\n|-boost|p1a: Empoleon|spa|2\n|move|p2a: Ogerpon|Synthesis|p2a: Ogerpon\n|-heal|p2a: Ogerpon|167/259 brn\n|\n|-heal|p2a: Ogerpon|183/259 brn|[from] item: Leftovers\n|-damage|p2a: Ogerpon|167/259 brn|[from] brn\n|upkeep\n|turn|31\n|inactive|Time left: 300 sec this turn | 300 sec total\n|\n|t:|1783555966\n|move|p2a: Ogerpon|Synthesis|p2a: Ogerpon\n|-heal|p2a: Ogerpon|259/259 brn\n|move|p1a: Empoleon|Surf|p2a: Ogerpon\n|-resisted|p2a: Ogerpon\n|-damage|p2a: Ogerpon|151/259 brn\n|\n|-heal|p2a: Ogerpon|167/259 brn|[from] item: Leftovers\n|-damage|p2a: Ogerpon|151/259 brn|[from] brn\n|upkeep\n|turn|32\n|inactive|Time left: 300 sec this turn | 300 sec total\n|\n|t:|1783555967\n|move|p2a: Ogerpon|Synthesis|p2a: Ogerpon\n|-heal|p2a: Ogerpon|259/259 brn\n|move|p1a: Empoleon|Surf|p2a: Ogerpon\n|-resisted|p2a: Ogerpon\n|-damage|p2a: Ogerpon|151/259 brn\n|\n|-heal|p2a: Ogerpon|167/259 brn|[from] item: Leftovers\n|-damage|p2a: Ogerpon|151/259 brn|[from] brn\n|upkeep\n|turn|33\n|inactive|Time left: 300 sec this turn | 300 sec total\n|\n|t:|1783555968\n|move|p2a: Ogerpon|Encore|p1a: Empoleon\n|-start|p1a: Empoleon|Encore\n|move|p1a: Empoleon|Surf|p2a: Ogerpon\n|-resisted|p2a: Ogerpon\n|-damage|p2a: Ogerpon|41/259 brn\n|\n|-heal|p2a: Ogerpon|57/259 brn|[from] item: Leftovers\n|-damage|p2a: Ogerpon|41/259 brn|[from] brn\n|upkeep\n|turn|34\n|inactive|Time left: 300 sec this turn | 300 sec total\n|\n|t:|1783555969\n|move|p2a: Ogerpon|Synthesis|p2a: Ogerpon\n|-heal|p2a: Ogerpon|170/259 brn\n|move|p1a: Empoleon|Surf|p2a: Ogerpon\n|-resisted|p2a: Ogerpon\n|-damage|p2a: Ogerpon|62/259 brn\n|\n|-heal|p2a: Ogerpon|78/259 brn|[from] item: Leftovers\n|-damage|p2a: Ogerpon|62/259 brn|[from] brn\n|upkeep\n|turn|35\n|inactive|Time left: 300 sec this turn | 300 sec total\n|\n|t:|1783555970\n|move|p2a: Ogerpon|Synthesis|p2a: Ogerpon\n|-heal|p2a: Ogerpon|191/259 brn\n|move|p1a: Empoleon|Surf|p2a: Ogerpon\n|-resisted|p2a: Ogerpon\n|-damage|p2a: Ogerpon|83/259 brn\n|\n|-heal|p2a: Ogerpon|99/259 brn|[from] item: Leftovers\n|-damage|p2a: Ogerpon|83/259 brn|[from] brn\n|-end|p1a: Empoleon|Encore\n|upkeep\n|turn|36\n|inactive|Time left: 300 sec this turn | 300 sec total\n|\n|t:|1783555971\n|move|p2a: Ogerpon|Synthesis|p2a: Ogerpon\n|-heal|p2a: Ogerpon|212/259 brn\n|move|p1a: Empoleon|Surf|p2a: Ogerpon\n|-resisted|p2a: Ogerpon\n|-damage|p2a: Ogerpon|111/259 brn\n|\n|-heal|p2a: Ogerpon|127/259 brn|[from] item: Leftovers\n|-damage|p2a: Ogerpon|111/259 brn|[from] brn\n|upkeep\n|turn|37\n|inactive|Time left: 300 sec this turn | 300 sec total\n|\n|t:|1783555972\n|-terastallize|p1a: Empoleon|Flying\n|move|p2a: Ogerpon|Ivy Cudgel|p1a: Empoleon\n|-resisted|p1a: Empoleon\n|-crit|p1a: Empoleon\n|-damage|p1a: Empoleon|84/100\n|move|p1a: Empoleon|Surf|p2a: Ogerpon\n|-resisted|p2a: Ogerpon\n|-damage|p2a: Ogerpon|8/259 brn\n|\n|-heal|p2a: Ogerpon|24/259 brn|[from] item: Leftovers\n|-heal|p1a: Empoleon|90/100|[from] item: Leftovers\n|-damage|p2a: Ogerpon|8/259 brn|[from] brn\n|upkeep\n|turn|38\n|inactive|Time left: 300 sec this turn | 300 sec total\n|\n|t:|1783555973\n|move|p2a: Ogerpon|Spikes|p1a: Empoleon\n|-sidestart|p1: p0x1371dce2|Spikes\n|move|p1a: Empoleon|Surf|p2a: Ogerpon\n|-resisted|p2a: Ogerpon\n|-damage|p2a: Ogerpon|0 fnt\n|faint|p2a: Ogerpon\n|\n|-heal|p1a: Empoleon|96/100|[from] item: Leftovers\n|upkeep\n|inactive|Time left: 300 sec this turn | 300 sec total | 5 sec grace\n|\n|t:|1783555974\n|switch|p2a: Regirock|Regirock, L83|147/268 psn\n|-damage|p2a: Regirock|114/268 psn|[from] Spikes\n|turn|39\n|inactive|Time left: 300 sec this turn | 300 sec total\n|\n|t:|1783555975\n|-terastallize|p2a: Regirock|Fighting\n|move|p2a: Regirock|Thunder Wave|p1a: Empoleon\n|-status|p1a: Empoleon|par\n|move|p1a: Empoleon|Surf|p2a: Regirock\n|-damage|p2a: Regirock|0 fnt\n|faint|p2a: Regirock\n|\n|win|p0x1371dce2", "uploadtime": 1783555975, "views": 0, "rating": 0, "private": 0, "password": null, "_winner": "p0x1371dce2", "_our_name": "p0y13714f66"}