{"id": "battle-gen9randombattle-2164", "formatid": "gen9randombattle", "format": "[Gen 9] Random Battle", "players": ["p0x2164554f", "p0y2164b212"], "log": "|init|battle\n|title|p0x2164554f vs. p0y2164b212\n|j|\u2606p0x2164554f\n|j|\u2606p0y2164b212\n|t:|1783565056\n|gametype|singles\n|player|p1|p0x2164554f|266|\n|player|p2|p0y2164b212|169|\n|gen|9\n|tier|[Gen 9] Random Battle\n|rule|Species Clause: Limit one of each Pok\u00e9mon\n|rule|HP Percentage Mod: HP is shown in percentages\n|rule|Sleep Clause Mod: Limit one foe put to sleep\n|rule|Illusion Level Mod: Illusion disguises the Pok\u00e9mon's true level\n|\n|t:|1783565056\n|teamsize|p1|6\n|teamsize|p2|6\n|start\n|switch|p1a: Swalot|Swalot, L90, M|326/326\n|switch|p2a: Glaceon|Glaceon, L94, M|100/100\n|turn|1\n|inactive|Battle timer is ON: inactive players will automatically lose when time's up. (requested by p0x2164554f)\n|inactive|p0y2164b212 also wants the timer to be on.\n|\n|t:|1783565058\n|move|p2a: Glaceon|Freeze-Dry|p1a: Swalot\n|-damage|p1a: Swalot|218/326\n|move|p1a: Swalot|Toxic|p2a: Glaceon\n|-status|p2a: Glaceon|tox\n|\n|-heal|p1a: Swalot|238/326|[from] item: Leftovers\n|-damage|p2a: Glaceon|94/100 tox|[from] psn\n|upkeep\n|turn|2\n|inactive|Time left: 300 sec this turn | 300 sec total\n|\n|t:|1783565059\n|switch|p1a: Crabominable|Crabominable, L90, M|321/321\n|move|p2a: Glaceon|Freeze-Dry|p1a: Crabominable\n|-resisted|p1a: Crabominable\n|-damage|p1a: Crabominable|273/321\n|\n|-damage|p2a: Glaceon|82/100 tox|[from] psn\n|upkeep\n|turn|3\n|inactive|Time left: 300 sec this turn | 300 sec total\n|\n|t:|1783565060\n|move|p2a: Glaceon|Wish|p2a: Glaceon\n|move|p1a: Crabominable|Drain Punch|p2a: Glaceon\n|-supereffective|p2a: Glaceon\n|-damage|p2a: Glaceon|0 fnt\n|-heal|p1a: Crabominable|321/321|[from] drain|[of] p2a: Glaceon\n|faint|p2a: Glaceon\n|\n|upkeep\n|\n|t:|1783565061\n|switch|p2a: Flamigo|Flamigo, L82, M|100/100\n|turn|4\n|inactive|Time left: 300 sec this turn | 300 sec total\n|\n|t:|1783565062\n|switch|p1a: Gliscor|Gliscor, L76, M|239/239\n|move|p2a: Flamigo|Brave Bird|p1a: Gliscor\n|-damage|p1a: Gliscor|78/239\n|-damage|p2a: Flamigo|81/100|[from] Recoil\n|-damage|p2a: Flamigo|71/100|[from] item: Life Orb\n|\n|-heal|p2a: Flamigo|100/100|[from] move: Wish|[wisher] Glaceon\n|-status|p1a: Gliscor|tox|[from] item: Toxic Orb\n|upkeep\n|turn|5\n|inactive|Time left: 300 sec this turn | 300 sec total\n|\n|t:|1783565063\n|move|p2a: Flamigo|Swords Dance|p2a: Flamigo\n|-boost|p2a: Flamigo|atk|2\n|move|p1a: Gliscor|Toxic|p2a: Flamigo\n|-status|p2a: Flamigo|tox\n|\n|-damage|p2a: Flamigo|95/100 tox|[from] psn\n|-heal|p1a: Gliscor|107/239 tox|[from] ability: Poison Heal\n|upkeep\n|turn|6\n|inactive|Time left: 300 sec this turn | 300 sec total\n|\n|t:|1783565065\n|move|p1a: Gliscor|Protect|p1a: Gliscor\n|-singleturn|p1a: Gliscor|Protect\n|move|p2a: Flamigo|Close Combat|p1a: Gliscor\n|-activate|p1a: Gliscor|move: Protect\n|\n|-damage|p2a: Flamigo|83/100 tox|[from] psn\n|-heal|p1a: Gliscor|136/239 tox|[from] ability: Poison Heal\n|upkeep\n|turn|7\n|inactive|Time left: 300 sec this turn | 300 sec total\n|\n|t:|1783565066\n|switch|p1a: Swalot|Swalot, L90, M|238/326\n|move|p2a: Flamigo|Close Combat|p1a: Swalot\n|-resisted|p1a: Swalot\n|-damage|p1a: Swalot|76/326\n|-unboost|p2a: Flamigo|def|1\n|-unboost|p2a: Flamigo|spd|1\n|-damage|p2a: Flamigo|73/100 tox|[from] item: Life Orb\n|\n|-heal|p1a: Swalot|96/326|[from] item: Leftovers\n|-damage|p2a: Flamigo|55/100 tox|[from] psn\n|upkeep\n|turn|8\n|inactive|Time left: 300 sec this turn | 300 sec total\n|\n|t:|1783565067\n|move|p1a: Swalot|Protect|p1a: Swalot\n|-singleturn|p1a: Swalot|Protect\n|move|p2a: Flamigo|Close Combat|p1a: Swalot\n|-activate|p1a: Swalot|move: Protect\n|\n|-heal|p1a: Swalot|116/326|[from] item: Leftovers\n|-damage|p2a: Flamigo|31/100 tox|[from] psn\n|upkeep\n|turn|9\n|inactive|Time left: 300 sec this turn | 300 sec total\n|\n|t:|1783565068\n|move|p1a: Swalot|Protect|p1a: Swalot\n|-singleturn|p1a: Swalot|Protect\n|move|p2a: Flamigo|Brave Bird|p1a: Swalot\n|-activate|p1a: Swalot|move: Protect\n|\n|-heal|p1a: Swalot|136/326|[from] item: Leftovers\n|-damage|p2a: Flamigo|2/100 tox|[from] psn\n|upkeep\n|turn|10\n|inactive|Time left: 300 sec this turn | 300 sec total\n|\n|t:|1783565069\n|move|p1a: Swalot|Protect||[still]\n|-fail|p1a: Swalot\n|move|p2a: Flamigo|Brave Bird|p1a: Swalot\n|-damage|p1a: Swalot|0 fnt\n|faint|p1a: Swalot\n|-damage|p2a: Flamigo|0 fnt|[from] Recoil\n|faint|p2a: Flamigo\n|\n|upkeep\n|inactive|Time left: 300 sec this turn | 300 sec total | 5 sec grace\n|\n|t:|1783565070\n|switch|p2a: Groudon|Groudon, L72|100/100\n|switch|p1a: Ting-Lu|Ting-Lu, L78|370/370\n|-weather|SunnyDay|[from] ability: Drought|[of] p2a: Groudon\n|-ability|p1a: Ting-Lu|Vessel of Ruin\n|turn|11\n|inactive|Time left: 300 sec this turn | 300 sec total\n|\n|t:|1783565071\n|move|p2a: Groudon|Will-O-Wisp|p1a: Ting-Lu\n|-status|p1a: Ting-Lu|brn\n|move|p1a: Ting-Lu|Stealth Rock|p2a: Groudon\n|-sidestart|p2: p0y2164b212|move: Stealth Rock\n|\n|-weather|SunnyDay|[upkeep]\n|-damage|p1a: Ting-Lu|347/370 brn|[from] brn\n|upkeep\n|turn|12\n|inactive|Time left: 300 sec this turn | 300 sec total\n|\n|t:|1783565072\n|move|p2a: Groudon|Heat Crash|p1a: Ting-Lu\n|-damage|p1a: Ting-Lu|308/370 brn\n|move|p1a: Ting-Lu|Spikes|p2a: Groudon\n|-sidestart|p2: p0y2164b212|Spikes\n|\n|-weather|SunnyDay|[upkeep]\n|-heal|p1a: Ting-Lu|331/370 brn|[from] item: Leftovers\n|-damage|p1a: Ting-Lu|308/370 brn|[from] brn\n|upkeep\n|turn|13\n|inactive|Time left: 300 sec this turn | 300 sec total\n|\n|t:|1783565073\n|move|p2a: Groudon|Heat Crash|p1a: Ting-Lu\n|-damage|p1a: Ting-Lu|273/370 brn\n|move|p1a: Ting-Lu|Spikes|p2a: Groudon\n|-sidestart|p2: p0y2164b212|Spikes\n|\n|-weather|SunnyDay|[upkeep]\n|-heal|p1a: Ting-Lu|296/370 brn|[from] item: Leftovers\n|-damage|p1a: Ting-Lu|273/370 brn|[from] brn\n|upkeep\n|turn|14\n|inactive|Time left: 300 sec this turn | 300 sec total\n|\n|t:|1783565074\n|move|p2a: Groudon|Heat Crash|p1a: Ting-Lu\n|-crit|p1a: Ting-Lu\n|-damage|p1a: Ting-Lu|219/370 brn\n|move|p1a: Ting-Lu|Spikes|p2a: Groudon\n|-sidestart|p2: p0y2164b212|Spikes\n|\n|-weather|SunnyDay|[upkeep]\n|-heal|p1a: Ting-Lu|242/370 brn|[from] item: Leftovers\n|-damage|p1a: Ting-Lu|219/370 brn|[from] brn\n|upkeep\n|turn|15\n|inactive|Time left: 300 sec this turn | 300 sec total\n|\n|t:|1783565075\n|switch|p1a: Gliscor|Gliscor, L76, M|136/239 tox\n|move|p2a: Groudon|Spikes|p1a: Gliscor\n|-sidestart|p1: p0x2164554f|Spikes\n|\n|-weather|none\n|-heal|p1a: Gliscor|165/239 tox|[from] ability: Poison Heal\n|upkeep\n|turn|16\n|inactive|Time left: 300 sec this turn | 300 sec total\n|\n|t:|1783565076\n|move|p1a: Gliscor|Toxic|p2a: Groudon\n|-status|p2a: Groudon|tox\n|move|p2a: Groudon|Spikes|p1a: Gliscor\n|-sidestart|p1: p0x2164554f|Spikes\n|\n|-heal|p1a: Gliscor|194/239 tox|[from] ability: Poison Heal\n|-damage|p2a: Groudon|94/100 tox|[from] psn\n|upkeep\n|turn|17\n|inactive|Time left: 300 sec this turn | 300 sec total\n|\n|t:|1783565077\n|move|p1a: Gliscor|Earthquake|p2a: Groudon\n|-damage|p2a: Groudon|67/100 tox\n|move|p2a: Groudon|Spikes|p1a: Gliscor\n|-sidestart|p1: p0x2164554f|Spikes\n|\n|-heal|p2a: Groudon|73/100 tox|[from] item: Leftovers\n|-heal|p1a: Gliscor|223/239 tox|[from] ability: Poison Heal\n|-damage|p2a: Groudon|61/100 tox|[from] psn\n|upkeep\n|turn|18\n|inactive|Time left: 300 sec this turn | 300 sec total\n|\n|t:|1783565078\n|switch|p2a: Frosmoth|Frosmoth, L82, F|100/100\n|move|p1a: Gliscor|Earthquake|p2a: Frosmoth\n|-resisted|p2a: Frosmoth\n|-damage|p2a: Frosmoth|77/100\n|\n|-heal|p1a: Gliscor|239/239 tox|[from] ability: Poison Heal\n|upkeep\n|turn|19\n|inactive|Time left: 300 sec this turn | 300 sec total\n|\n|t:|1783565079\n|switch|p1a: Crabominable|Crabominable, L90, M|321/321\n|-damage|p1a: Crabominable|241/321|[from] Spikes\n|move|p2a: Frosmoth|Quiver Dance|p2a: Frosmoth\n|-boost|p2a: Frosmoth|spa|1\n|-boost|p2a: Frosmoth|spd|1\n|-boost|p2a: Frosmoth|spe|1\n|\n|upkeep\n|turn|20\n|inactive|Time left: 300 sec this turn | 300 sec total\n|\n|t:|1783565080\n|move|p2a: Frosmoth|Hurricane|p1a: Crabominable\n|-supereffective|p1a: Crabominable\n|-damage|p1a: Crabominable|43/321\n|move|p1a: Crabominable|Drain Punch|p2a: Frosmoth\n|-damage|p2a: Frosmoth|0 fnt\n|-heal|p1a: Crabominable|138/321|[from] drain|[of] p2a: Frosmoth\n|faint|p2a: Frosmoth\n|\n|upkeep\n|\n|t:|1783565082\n|switch|p2a: Coalossal|Coalossal, L89, M|100/100\n|turn|21\n|inactive|Time left: 300 sec this turn | 300 sec total\n|\n|t:|1783565082\n|-terastallize|p2a: Coalossal|Grass\n|move|p1a: Crabominable|Earthquake|p2a: Coalossal\n|-resisted|p2a: Coalossal\n|-damage|p2a: Coalossal|88/100\n|move|p2a: Coalossal|Rapid Spin|p1a: Crabominable\n|-damage|p1a: Crabominable|99/321\n|-boost|p2a: Coalossal|spe|1\n|-sideend|p2: p0y2164b212|Spikes|[from] move: Rapid Spin|[of] p2a: Coalossal\n|-sideend|p2: p0y2164b212|Stealth Rock|[from] move: Rapid Spin|[of] p2a: Coalossal\n|\n|upkeep\n|turn|22\n|inactive|Time left: 300 sec this turn | 300 sec total\n|\n|t:|1783565083\n|move|p2a: Coalossal|Flamethrower|p1a: Crabominable\n|-supereffective|p1a: Crabominable\n|-damage|p1a: Crabominable|0 fnt\n|faint|p1a: Crabominable\n|\n|upkeep\n|inactive|Time left: 300 sec this turn | 300 sec total | 5 sec grace\n|\n|t:|1783565084\n|switch|p1a: Gengar|Gengar, L81, F|230/230\n|-damage|p1a: Gengar|173/230|[from] Spikes\n|turn|23\n|inactive|Time left: 300 sec this turn | 300 sec total\n|\n|t:|1783565085\n|move|p1a: Gengar|Sludge Wave|p2a: Coalossal\n|-supereffective|p2a: Coalossal\n|-damage|p2a: Coalossal|0 fnt\n|faint|p2a: Coalossal\n|\n|upkeep\n|\n|t:|1783565086\n|switch|p2a: Groudon|Groudon, L72|61/100 tox\n|-weather|SunnyDay|[from] ability: Drought|[of] p2a: Groudon\n|turn|24\n|inactive|Time left: 300 sec this turn | 300 sec total\n|\n|t:|1783565087\n|switch|p1a: Gliscor|Gliscor, L76, M|239/239 tox\n|move|p2a: Groudon|Heat Crash|p1a: Gliscor\n|-damage|p1a: Gliscor|121/239 tox\n|\n|-weather|SunnyDay|[upkeep]\n|-heal|p2a: Groudon|67/100 tox|[from] item: Leftovers\n|-heal|p1a: Gliscor|150/239 tox|[from] ability: Poison Heal\n|-damage|p2a: Groudon|61/100 tox|[from] psn\n|upkeep\n|turn|25\n|inactive|Time left: 300 sec this turn | 300 sec total\n|\n|t:|1783565088\n|move|p1a: Gliscor|Protect|p1a: Gliscor\n|-singleturn|p1a: Gliscor|Protect\n|move|p2a: Groudon|Heat Crash|p1a: Gliscor\n|-activate|p1a: Gliscor|move: Protect\n|\n|-weather|SunnyDay|[upkeep]\n|-heal|p2a: Groudon|67/100 tox|[from] item: Leftovers\n|-heal|p1a: Gliscor|179/239 tox|[from] ability: Poison Heal\n|-damage|p2a: Groudon|54/100 tox|[from] psn\n|upkeep\n|turn|26\n|inactive|Time left: 300 sec this turn | 300 sec total\n|\n|t:|1783565088\n|move|p1a: Gliscor|Earthquake|p2a: Groudon\n|-damage|p2a: Groudon|30/100 tox\n|move|p2a: Groudon|Heat Crash|p1a: Gliscor\n|-damage|p1a: Gliscor|72/239 tox\n|\n|-weather|SunnyDay|[upkeep]\n|-heal|p2a: Groudon|36/100 tox|[from] item: Leftovers\n|-heal|p1a: Gliscor|101/239 tox|[from] ability: Poison Heal\n|-damage|p2a: Groudon|18/100 tox|[from] psn\n|upkeep\n|turn|27\n|inactive|Time left: 300 sec this turn | 300 sec total\n|\n|t:|1783565089\n|move|p1a: Gliscor|Earthquake|p2a: Groudon\n|-damage|p2a: Groudon|0 fnt\n|faint|p2a: Groudon\n|\n|-weather|SunnyDay|[upkeep]\n|-heal|p1a: Gliscor|130/239 tox|[from] ability: Poison Heal\n|upkeep\n|\n|t:|1783565090\n|switch|p2a: Tauros|Tauros-Paldea-Blaze, L81, M|100/100\n|turn|28\n|inactive|Time left: 300 sec this turn | 300 sec total\n|\n|t:|1783565091\n|move|p2a: Tauros|Bulk Up|p2a: Tauros\n|-boost|p2a: Tauros|atk|1\n|-boost|p2a: Tauros|def|1\n|move|p1a: Gliscor|Earthquake|p2a: Tauros\n|-supereffective|p2a: Tauros\n|-damage|p2a: Tauros|62/100\n|\n|-weather|none\n|-heal|p1a: Gliscor|159/239 tox|[from] ability: Poison Heal\n|upkeep\n|turn|29\n|inactive|Time left: 300 sec this turn | 300 sec total\n|\n|t:|1783565092\n|move|p2a: Tauros|Substitute|p2a: Tauros\n|-start|p2a: Tauros|Substitute\n|-damage|p2a: Tauros|37/100\n|-enditem|p2a: Tauros|Sitrus Berry|[eat]\n|-heal|p2a: Tauros|62/100|[from] item: Sitrus Berry\n|move|p1a: Gliscor|Earthquake|p2a: Tauros\n|-supereffective|p2a: Tauros\n|-end|p2a: Tauros|Substitute\n|\n|-heal|p1a: Gliscor|188/239 tox|[from] ability: Poison Heal\n|upkeep\n|turn|30\n|inactive|Time left: 300 sec this turn | 300 sec total\n|\n|t:|1783565093\n|move|p2a: Tauros|Substitute|p2a: Tauros\n|-start|p2a: Tauros|Substitute\n|-damage|p2a: Tauros|37/100\n|move|p1a: Gliscor|Earthquake|p2a: Tauros\n|-supereffective|p2a: Tauros\n|-end|p2a: Tauros|Substitute\n|\n|-heal|p1a: Gliscor|217/239 tox|[from] ability: Poison Heal\n|-activate|p2a: Tauros|ability: Cud Chew\n|-enditem|p2a: Tauros|Sitrus Berry|[eat]\n|-heal|p2a: Tauros|62/100|[from] item: Sitrus Berry\n|upkeep\n|turn|31\n|inactive|Time left: 300 sec this turn | 300 sec total\n|\n|t:|1783565094\n|move|p2a: Tauros|Substitute|p2a: Tauros\n|-start|p2a: Tauros|Substitute\n|-damage|p2a: Tauros|37/100\n|move|p1a: Gliscor|Earthquake|p2a: Tauros\n|-supereffective|p2a: Tauros\n|-end|p2a: Tauros|Substitute\n|\n|-heal|p1a: Gliscor|239/239 tox|[from] ability: Poison Heal\n|upkeep\n|turn|32\n|inactive|Time left: 300 sec this turn | 300 sec total\n|\n|t:|1783565095\n|-terastallize|p1a: Gliscor|Water\n|move|p2a: Tauros|Bulk Up|p2a: Tauros\n|-boost|p2a: Tauros|atk|1\n|-boost|p2a: Tauros|def|1\n|move|p1a: Gliscor|Earthquake|p2a: Tauros\n|-supereffective|p2a: Tauros\n|-damage|p2a: Tauros|5/100\n|\n|upkeep\n|turn|33\n|inactive|Time left: 300 sec this turn | 300 sec total\n|\n|t:|1783565096\n|move|p2a: Tauros|Close Combat|p1a: Gliscor\n|-damage|p1a: Gliscor|5/239 tox\n|-unboost|p2a: Tauros|def|1\n|-unboost|p2a: Tauros|spd|1\n|move|p1a: Gliscor|Earthquake|p2a: Tauros\n|-supereffective|p2a: Tauros\n|-damage|p2a: Tauros|0 fnt\n|faint|p2a: Tauros\n|\n|win|p0x2164554f", "uploadtime": 1783565096, "views": 0, "rating": 0, "private": 0, "password": null, "_winner": "p0x2164554f", "_our_name": "p0x2164554f"}