{"id": "battle-gen9randombattle-1168", "formatid": "gen9randombattle", "format": "[Gen 9] Random Battle", "players": ["p0x11688616", "p0y11681008"], "log": "|init|battle\n|title|p0x11688616 vs. p0y11681008\n|j|\u2606p0x11688616\n|j|\u2606p0y11681008\n|t:|1783553544\n|gametype|singles\n|player|p1|p0x11688616|170|\n|player|p2|p0y11681008|169|\n|gen|9\n|tier|[Gen 9] Random Battle\n|rule|Species Clause: Limit one of each Pok\u00e9mon\n|rule|HP Percentage Mod: HP is shown in percentages\n|rule|Sleep Clause Mod: Limit one foe put to sleep\n|rule|Illusion Level Mod: Illusion disguises the Pok\u00e9mon's true level\n|\n|t:|1783553544\n|teamsize|p1|6\n|teamsize|p2|6\n|start\n|switch|p1a: Feraligatr|Feraligatr, L79, M|100/100\n|switch|p2a: Palossand|Palossand, L89, M|296/296\n|turn|1\n|inactive|Battle timer is ON: inactive players will automatically lose when time's up. (requested by p0y11681008)\n|\n|t:|1783553546\n|move|p1a: Feraligatr|Dragon Dance|p1a: Feraligatr\n|-boost|p1a: Feraligatr|atk|1\n|-boost|p1a: Feraligatr|spe|1\n|move|p2a: Palossand|Sludge Bomb|p1a: Feraligatr\n|-crit|p1a: Feraligatr\n|-damage|p1a: Feraligatr|58/100\n|\n|upkeep\n|turn|2\n|inactive|Time left: 300 sec this turn | 300 sec total\n|inactive|p0x11688616 also wants the timer to be on.\n|\n|t:|1783553547\n|-terastallize|p2a: Palossand|Poison\n|move|p1a: Feraligatr|Liquidation|p2a: Palossand\n|-crit|p2a: Palossand\n|-damage|p2a: Palossand|62/296\n|-ability|p2a: Palossand|Water Compaction|boost\n|-boost|p2a: Palossand|def|2\n|move|p2a: Palossand|Sludge Bomb|p1a: Feraligatr\n|-damage|p1a: Feraligatr|8/100\n|\n|-heal|p2a: Palossand|80/296|[from] item: Leftovers\n|upkeep\n|turn|3\n|inactive|Time left: 300 sec this turn | 300 sec total\n|\n|t:|1783553548\n|move|p1a: Feraligatr|Liquidation|p2a: Palossand\n|-damage|p2a: Palossand|2/296\n|-ability|p2a: Palossand|Water Compaction|boost\n|-boost|p2a: Palossand|def|2\n|move|p2a: Palossand|Shore Up|p2a: Palossand\n|-heal|p2a: Palossand|150/296\n|\n|-heal|p2a: Palossand|168/296|[from] item: Leftovers\n|upkeep\n|turn|4\n|inactive|Time left: 300 sec this turn | 300 sec total\n|\n|t:|1783553549\n|switch|p1a: Mudsdale|Mudsdale, L83, M|100/100\n|move|p2a: Palossand|Shore Up|p2a: Palossand\n|-heal|p2a: Palossand|296/296\n|\n|upkeep\n|turn|5\n|inactive|Time left: 300 sec this turn | 300 sec total\n|\n|t:|1783553550\n|move|p2a: Palossand|Earth Power|p1a: Mudsdale\n|-damage|p1a: Mudsdale|65/100\n|-ability|p1a: Mudsdale|Stamina|boost\n|-boost|p1a: Mudsdale|def|1\n|move|p1a: Mudsdale|Stealth Rock|p2a: Palossand\n|-sidestart|p2: p0y11681008|move: Stealth Rock\n|\n|-heal|p1a: Mudsdale|71/100|[from] item: Leftovers\n|upkeep\n|turn|6\n|inactive|Time left: 300 sec this turn | 300 sec total\n|\n|t:|1783553551\n|move|p2a: Palossand|Earth Power|p1a: Mudsdale\n|-damage|p1a: Mudsdale|35/100\n|-ability|p1a: Mudsdale|Stamina|boost\n|-boost|p1a: Mudsdale|def|1\n|move|p1a: Mudsdale|Earthquake|p2a: Palossand\n|-supereffective|p2a: Palossand\n|-damage|p2a: Palossand|222/296\n|\n|-heal|p2a: Palossand|240/296|[from] item: Leftovers\n|-heal|p1a: Mudsdale|41/100|[from] item: Leftovers\n|upkeep\n|turn|7\n|inactive|Time left: 300 sec this turn | 300 sec total\n|\n|t:|1783553552\n|move|p2a: Palossand|Earth Power|p1a: Mudsdale\n|-damage|p1a: Mudsdale|2/100\n|-ability|p1a: Mudsdale|Stamina|boost\n|-boost|p1a: Mudsdale|def|1\n|move|p1a: Mudsdale|Earthquake|p2a: Palossand\n|-supereffective|p2a: Palossand\n|-damage|p2a: Palossand|172/296\n|\n|-heal|p2a: Palossand|190/296|[from] item: Leftovers\n|-heal|p1a: Mudsdale|8/100|[from] item: Leftovers\n|upkeep\n|turn|8\n|inactive|Time left: 300 sec this turn | 300 sec total\n|\n|t:|1783553553\n|switch|p1a: Feraligatr|Feraligatr, L79, M|8/100\n|move|p2a: Palossand|Earth Power|p1a: Feraligatr\n|-damage|p1a: Feraligatr|0 fnt\n|faint|p1a: Feraligatr\n|\n|-heal|p2a: Palossand|208/296|[from] item: Leftovers\n|upkeep\n|\n|t:|1783553554\n|switch|p1a: Registeel|Registeel, L81|100/100\n|turn|9\n|inactive|Time left: 300 sec this turn | 300 sec total\n|\n|t:|1783553555\n|move|p1a: Registeel|Thunder Wave|p2a: Palossand\n|-status|p2a: Palossand|par\n|move|p2a: Palossand|Earth Power|p1a: Registeel\n|-supereffective|p1a: Registeel\n|-damage|p1a: Registeel|46/100\n|\n|-heal|p1a: Registeel|52/100|[from] item: Leftovers\n|-heal|p2a: Palossand|226/296 par|[from] item: Leftovers\n|upkeep\n|turn|10\n|inactive|Time left: 300 sec this turn | 300 sec total\n|\n|t:|1783553556\n|move|p1a: Registeel|Iron Head|p2a: Palossand\n|-damage|p2a: Palossand|207/296 par\n|move|p2a: Palossand|Earth Power|p1a: Registeel\n|-supereffective|p1a: Registeel\n|-crit|p1a: Registeel\n|-damage|p1a: Registeel|0 fnt\n|faint|p1a: Registeel\n|\n|-heal|p2a: Palossand|225/296 par|[from] item: Leftovers\n|upkeep\n|\n|t:|1783553557\n|switch|p1a: Haxorus|Haxorus, L77, M|100/100\n|-ability|p1a: Haxorus|Mold Breaker\n|turn|11\n|inactive|Time left: 300 sec this turn | 300 sec total\n|\n|t:|1783553559\n|move|p1a: Haxorus|Dragon Dance|p1a: Haxorus\n|-boost|p1a: Haxorus|atk|1\n|-boost|p1a: Haxorus|spe|1\n|move|p2a: Palossand|Earth Power|p1a: Haxorus\n|-damage|p1a: Haxorus|42/100\n|\n|-heal|p2a: Palossand|243/296 par|[from] item: Leftovers\n|upkeep\n|turn|12\n|inactive|Time left: 300 sec this turn | 300 sec total\n|\n|t:|1783553560\n|move|p1a: Haxorus|Iron Head|p2a: Palossand\n|-damage|p2a: Palossand|216/296 par\n|cant|p2a: Palossand|flinch\n|\n|-heal|p2a: Palossand|234/296 par|[from] item: Leftovers\n|upkeep\n|turn|13\n|inactive|Time left: 300 sec this turn | 300 sec total\n|\n|t:|1783553561\n|move|p1a: Haxorus|Iron Head|p2a: Palossand\n|-damage|p2a: Palossand|209/296 par\n|move|p2a: Palossand|Earth Power|p1a: Haxorus\n|-damage|p1a: Haxorus|0 fnt\n|faint|p1a: Haxorus\n|\n|-heal|p2a: Palossand|227/296 par|[from] item: Leftovers\n|upkeep\n|\n|t:|1783553562\n|switch|p1a: Mudsdale|Mudsdale, L83, M|8/100\n|turn|14\n|inactive|Time left: 300 sec this turn | 300 sec total\n|\n|t:|1783553563\n|move|p1a: Mudsdale|Earthquake|p2a: Palossand\n|-supereffective|p2a: Palossand\n|-damage|p2a: Palossand|161/296 par\n|move|p2a: Palossand|Earth Power|p1a: Mudsdale\n|-damage|p1a: Mudsdale|0 fnt\n|faint|p1a: Mudsdale\n|\n|-heal|p2a: Palossand|179/296 par|[from] item: Leftovers\n|upkeep\n|\n|t:|1783553564\n|switch|p1a: Flapple|Flapple, L88, M|100/100\n|turn|15\n|inactive|Time left: 300 sec this turn | 300 sec total\n|\n|t:|1783553565\n|switch|p1a: Dugtrio|Dugtrio-Alola, L84, F|100/100\n|cant|p2a: Palossand|par\n|\n|-heal|p2a: Palossand|197/296 par|[from] item: Leftovers\n|upkeep\n|turn|16\n|inactive|Time left: 300 sec this turn | 300 sec total\n|\n|t:|1783553566\n|switch|p1a: Flapple|Flapple, L88, M|100/100\n|move|p2a: Palossand|Earth Power|p1a: Flapple\n|-resisted|p1a: Flapple\n|-damage|p1a: Flapple|77/100\n|\n|-heal|p2a: Palossand|215/296 par|[from] item: Leftovers\n|upkeep\n|turn|17\n|inactive|Time left: 300 sec this turn | 300 sec total\n|\n|t:|1783553568\n|switch|p1a: Dugtrio|Dugtrio-Alola, L84, F|100/100\n|move|p2a: Palossand|Sludge Bomb|p1a: Dugtrio\n|-immune|p1a: Dugtrio\n|\n|-heal|p2a: Palossand|233/296 par|[from] item: Leftovers\n|upkeep\n|turn|18\n|inactive|Time left: 300 sec this turn | 300 sec total\n|\n|t:|1783553569\n|switch|p1a: Flapple|Flapple, L88, M|77/100\n|cant|p2a: Palossand|par\n|\n|-heal|p2a: Palossand|251/296 par|[from] item: Leftovers\n|upkeep\n|turn|19\n|inactive|Time left: 300 sec this turn | 300 sec total\n|\n|t:|1783553570\n|move|p1a: Flapple|Dragon Dance|p1a: Flapple\n|-boost|p1a: Flapple|atk|1\n|-boost|p1a: Flapple|spe|1\n|move|p2a: Palossand|Sludge Bomb|p1a: Flapple\n|-supereffective|p1a: Flapple\n|-damage|p1a: Flapple|0 fnt\n|faint|p1a: Flapple\n|\n|-heal|p2a: Palossand|269/296 par|[from] item: Leftovers\n|upkeep\n|\n|t:|1783553571\n|switch|p1a: Dugtrio|Dugtrio-Alola, L84, F|100/100\n|turn|20\n|inactive|Time left: 300 sec this turn | 300 sec total\n|\n|t:|1783553572\n|move|p1a: Dugtrio|Iron Head|p2a: Palossand\n|-damage|p2a: Palossand|237/296 par\n|-damage|p1a: Dugtrio|91/100|[from] item: Life Orb\n|move|p2a: Palossand|Earth Power|p1a: Dugtrio\n|-supereffective|p1a: Dugtrio\n|-damage|p1a: Dugtrio|0 fnt\n|faint|p1a: Dugtrio\n|\n|win|p0y11681008", "uploadtime": 1783553572, "views": 0, "rating": 0, "private": 0, "password": null, "_winner": "p0y11681008", "_our_name": "p0y11681008"}