{"id": "battle-gen9randombattle-830", "formatid": "gen9randombattle", "format": "[Gen 9] Random Battle", "players": ["p0x830dd99", "p0y83016ed"], "log": "|init|battle\n|title|p0x830dd99 vs. p0y83016ed\n|j|\u2606p0x830dd99\n|j|\u2606p0y83016ed\n|t:|1783548761\n|gametype|singles\n|player|p1|p0x830dd99|101|\n|player|p2|p0y83016ed|170|\n|gen|9\n|tier|[Gen 9] Random Battle\n|rule|Species Clause: Limit one of each Pok\u00e9mon\n|rule|HP Percentage Mod: HP is shown in percentages\n|rule|Sleep Clause Mod: Limit one foe put to sleep\n|rule|Illusion Level Mod: Illusion disguises the Pok\u00e9mon's true level\n|\n|t:|1783548761\n|teamsize|p1|6\n|teamsize|p2|6\n|start\n|switch|p1a: Piloswine|Piloswine, L85, F|100/100\n|switch|p2a: Rotom|Rotom-Frost, L87|229/229\n|turn|1\n|inactive|Battle timer is ON: inactive players will automatically lose when time's up. (requested by p0x830dd99)\n|inactive|Time left: 300 sec this turn | 300 sec total | 60 sec grace\n|inactive|p0y83016ed also wants the timer to be on.\n|\n|t:|1783548763\n|move|p2a: Rotom|Will-O-Wisp|p1a: Piloswine|[miss]\n|-miss|p2a: Rotom|p1a: Piloswine\n|move|p1a: Piloswine|Stealth Rock|p2a: Rotom\n|-sidestart|p2: p0y83016ed|move: Stealth Rock\n|\n|upkeep\n|turn|2\n|inactive|Time left: 300 sec this turn | 300 sec total\n|\n|t:|1783548764\n|switch|p1a: Alcremie|Alcremie-Ruby-Swirl, L90, F|100/100\n|move|p2a: Rotom|Will-O-Wisp|p1a: Alcremie\n|-status|p1a: Alcremie|brn\n|\n|-damage|p1a: Alcremie|94/100 brn|[from] brn\n|upkeep\n|turn|3\n|inactive|Time left: 300 sec this turn | 300 sec total\n|\n|t:|1783548765\n|move|p2a: Rotom|Volt Switch|p1a: Alcremie\n|-damage|p1a: Alcremie|72/100 brn\n|inactive|Time left: 300 sec this turn | 300 sec total | 5 sec grace\n|\n|t:|1783548766\n|switch|p2a: Glimmora|Glimmora, L75, F|248/248|[from] Volt Switch\n|move|p1a: Alcremie|Alluring Voice|p2a: Glimmora\n|-resisted|p2a: Glimmora\n|-damage|p2a: Glimmora|185/248\n|\n|-heal|p1a: Alcremie|78/100 brn|[from] item: Leftovers\n|-damage|p1a: Alcremie|72/100 brn|[from] brn\n|upkeep\n|turn|4\n|inactive|Time left: 300 sec this turn | 300 sec total\n|\n|t:|1783548768\n|move|p2a: Glimmora|Stealth Rock|p1a: Alcremie\n|-sidestart|p1: p0x830dd99|move: Stealth Rock\n|move|p1a: Alcremie|Alluring Voice|p2a: Glimmora\n|-resisted|p2a: Glimmora\n|-damage|p2a: Glimmora|122/248\n|\n|-heal|p1a: Alcremie|78/100 brn|[from] item: Leftovers\n|-damage|p1a: Alcremie|72/100 brn|[from] brn\n|upkeep\n|turn|5\n|inactive|Time left: 300 sec this turn | 300 sec total\n|\n|t:|1783548769\n|move|p2a: Glimmora|Mortal Spin|p1a: Alcremie\n|-supereffective|p1a: Alcremie\n|-damage|p1a: Alcremie|57/100 brn\n|-sideend|p2: p0y83016ed|Stealth Rock|[from] move: Mortal Spin|[of] p2a: Glimmora\n|move|p1a: Alcremie|Recover|p1a: Alcremie\n|-heal|p1a: Alcremie|100/100 brn\n|\n|-damage|p1a: Alcremie|94/100 brn|[from] brn\n|upkeep\n|turn|6\n|inactive|Time left: 300 sec this turn | 300 sec total\n|\n|t:|1783548770\n|move|p2a: Glimmora|Sludge Wave|p1a: Alcremie\n|-supereffective|p1a: Alcremie\n|-crit|p1a: Alcremie\n|-damage|p1a: Alcremie|3/100 brn\n|move|p1a: Alcremie|Alluring Voice|p2a: Glimmora\n|-resisted|p2a: Glimmora\n|-damage|p2a: Glimmora|56/248\n|\n|-heal|p1a: Alcremie|9/100 brn|[from] item: Leftovers\n|-damage|p1a: Alcremie|3/100 brn|[from] brn\n|upkeep\n|turn|7\n|inactive|Time left: 300 sec this turn | 300 sec total\n|\n|t:|1783548771\n|move|p2a: Glimmora|Mortal Spin|p1a: Alcremie\n|-supereffective|p1a: Alcremie\n|-damage|p1a: Alcremie|0 fnt\n|faint|p1a: Alcremie\n|\n|upkeep\n|\n|t:|1783548772\n|switch|p1a: Ribombee|Ribombee, L83, F|100/100\n|turn|8\n|inactive|Time left: 300 sec this turn | 300 sec total\n|\n|t:|1783548773\n|move|p1a: Ribombee|Moonblast|p2a: Glimmora\n|-resisted|p2a: Glimmora\n|-damage|p2a: Glimmora|0 fnt\n|faint|p2a: Glimmora\n|\n|upkeep\n|inactive|Time left: 300 sec this turn | 300 sec total | 5 sec grace\n|\n|t:|1783548774\n|switch|p2a: Clawitzer|Clawitzer, L87, M|265/265\n|turn|9\n|inactive|Time left: 300 sec this turn | 300 sec total\n|\n|t:|1783548775\n|move|p1a: Ribombee|Sticky Web|p2a: Clawitzer\n|-sidestart|p2: p0y83016ed|move: Sticky Web\n|move|p2a: Clawitzer|Water Pulse|p1a: Ribombee\n|-damage|p1a: Ribombee|5/100\n|\n|upkeep\n|turn|10\n|inactive|Time left: 300 sec this turn | 300 sec total\n|\n|t:|1783548776\n|move|p1a: Ribombee|Moonblast|p2a: Clawitzer\n|-damage|p2a: Clawitzer|169/265\n|move|p2a: Clawitzer|Water Pulse|p1a: Ribombee\n|-damage|p1a: Ribombee|0 fnt\n|faint|p1a: Ribombee\n|\n|upkeep\n|\n|t:|1783548777\n|switch|p1a: Exeggutor|Exeggutor-Alola, L89, M|100/100\n|-damage|p1a: Exeggutor|88/100|[from] Stealth Rock\n|turn|11\n|inactive|Time left: 300 sec this turn | 300 sec total\n|\n|t:|1783548778\n|move|p2a: Clawitzer|Water Pulse|p1a: Exeggutor\n|-resisted|p1a: Exeggutor\n|-damage|p1a: Exeggutor|72/100\n|move|p1a: Exeggutor|Wood Hammer|p2a: Clawitzer\n|-supereffective|p2a: Clawitzer\n|-damage|p2a: Clawitzer|0 fnt\n|faint|p2a: Clawitzer\n|-damage|p1a: Exeggutor|55/100|[from] Recoil\n|\n|upkeep\n|inactive|Time left: 300 sec this turn | 300 sec total | 5 sec grace\n|\n|t:|1783548779\n|switch|p2a: Rotom|Rotom-Frost, L87|229/229\n|turn|12\n|inactive|Time left: 300 sec this turn | 300 sec total\n|\n|t:|1783548780\n|-terastallize|p1a: Exeggutor|Fire\n|move|p2a: Rotom|Blizzard|p1a: Exeggutor\n|-resisted|p1a: Exeggutor\n|-damage|p1a: Exeggutor|33/100\n|-status|p1a: Exeggutor|frz\n|-enditem|p1a: Exeggutor|Sitrus Berry|[eat]\n|-heal|p1a: Exeggutor|58/100 frz|[from] item: Sitrus Berry\n|cant|p1a: Exeggutor|frz\n|\n|upkeep\n|turn|13\n|inactive|Time left: 300 sec this turn | 300 sec total\n|\n|t:|1783548782\n|move|p2a: Rotom|Thunderbolt|p1a: Exeggutor\n|-damage|p1a: Exeggutor|19/100 frz\n|-curestatus|p1a: Exeggutor|frz|[msg]\n|move|p1a: Exeggutor|Flamethrower|p2a: Rotom\n|-supereffective|p2a: Rotom\n|-damage|p2a: Rotom|5/229\n|\n|-item|p1a: Exeggutor|Sitrus Berry|[from] ability: Harvest\n|upkeep\n|-enditem|p1a: Exeggutor|Sitrus Berry|[eat]\n|-heal|p1a: Exeggutor|44/100|[from] item: Sitrus Berry\n|turn|14\n|inactive|Time left: 300 sec this turn | 300 sec total\n|\n|t:|1783548783\n|move|p2a: Rotom|Thunderbolt|p1a: Exeggutor\n|-damage|p1a: Exeggutor|7/100\n|-status|p1a: Exeggutor|par\n|move|p1a: Exeggutor|Wood Hammer|p2a: Rotom\n|-damage|p2a: Rotom|0 fnt\n|faint|p2a: Rotom\n|-damage|p1a: Exeggutor|6/100 par|[from] Recoil\n|\n|upkeep\n|inactive|Time left: 300 sec this turn | 300 sec total | 5 sec grace\n|\n|t:|1783548784\n|switch|p2a: Stantler|Stantler, L92, M|284/284\n|-activate|p2a: Stantler|move: Sticky Web\n|-unboost|p2a: Stantler|spe|1\n|-ability|p2a: Stantler|Intimidate|boost\n|-unboost|p1a: Exeggutor|atk|1\n|turn|15\n|inactive|Time left: 300 sec this turn | 300 sec total\n|\n|t:|1783548785\n|move|p2a: Stantler|Earthquake|p1a: Exeggutor\n|-supereffective|p1a: Exeggutor\n|-damage|p1a: Exeggutor|0 fnt\n|faint|p1a: Exeggutor\n|\n|upkeep\n|\n|t:|1783548786\n|switch|p1a: Suicune|Suicune, L82|100/100\n|-damage|p1a: Suicune|88/100|[from] Stealth Rock\n|-ability|p1a: Suicune|Pressure\n|turn|16\n|inactive|Time left: 300 sec this turn | 300 sec total\n|\n|t:|1783548787\n|move|p1a: Suicune|Calm Mind|p1a: Suicune\n|-boost|p1a: Suicune|spa|1\n|-boost|p1a: Suicune|spd|1\n|move|p2a: Stantler|Body Slam|p1a: Suicune\n|-damage|p1a: Suicune|56/100\n|\n|-heal|p1a: Suicune|62/100|[from] item: Leftovers\n|upkeep\n|turn|17\n|inactive|Time left: 300 sec this turn | 300 sec total\n|\n|t:|1783548788\n|move|p1a: Suicune|Scald|p2a: Stantler\n|-damage|p2a: Stantler|205/284\n|move|p2a: Stantler|Body Slam|p1a: Suicune\n|-damage|p1a: Suicune|31/100\n|\n|-heal|p1a: Suicune|37/100|[from] item: Leftovers\n|upkeep\n|turn|18\n|inactive|Time left: 300 sec this turn | 300 sec total\n|\n|t:|1783548789\n|move|p1a: Suicune|Scald|p2a: Stantler\n|-damage|p2a: Stantler|124/284\n|move|p2a: Stantler|Body Slam|p1a: Suicune\n|-damage|p1a: Suicune|8/100\n|-status|p1a: Suicune|par\n|\n|-heal|p1a: Suicune|14/100 par|[from] item: Leftovers\n|upkeep\n|turn|19\n|inactive|Time left: 300 sec this turn | 300 sec total\n|\n|t:|1783548790\n|move|p2a: Stantler|Body Slam|p1a: Suicune\n|-damage|p1a: Suicune|0 fnt\n|faint|p1a: Suicune\n|\n|upkeep\n|\n|t:|1783548791\n|switch|p1a: Overqwil|Overqwil, L82, F|100/100\n|-damage|p1a: Overqwil|88/100|[from] Stealth Rock\n|-ability|p1a: Overqwil|Intimidate|boost\n|-unboost|p2a: Stantler|atk|1\n|turn|20\n|inactive|Time left: 300 sec this turn | 300 sec total\n|\n|t:|1783548792\n|move|p1a: Overqwil|Swords Dance|p1a: Overqwil\n|-boost|p1a: Overqwil|atk|2\n|move|p2a: Stantler|Body Slam|p1a: Overqwil\n|-damage|p1a: Overqwil|61/100\n|\n|upkeep\n|turn|21\n|inactive|Time left: 300 sec this turn | 300 sec total\n|\n|t:|1783548793\n|move|p1a: Overqwil|Crunch|p2a: Stantler\n|-damage|p2a: Stantler|0 fnt\n|faint|p2a: Stantler\n|\n|upkeep\n|inactive|Time left: 300 sec this turn | 300 sec total | 5 sec grace\n|\n|t:|1783548794\n|switch|p2a: Electivire|Electivire, L84, F|263/263\n|-activate|p2a: Electivire|move: Sticky Web\n|-unboost|p2a: Electivire|spe|1\n|turn|22\n|inactive|Time left: 300 sec this turn | 300 sec total\n|\n|t:|1783548795\n|move|p1a: Overqwil|Gunk Shot|p2a: Electivire\n|-damage|p2a: Electivire|0 fnt\n|faint|p2a: Electivire\n|\n|upkeep\n|inactive|Time left: 300 sec this turn | 300 sec total | 5 sec grace\n|\n|t:|1783548796\n|switch|p2a: Trevenant|Trevenant, L89, F|296/296\n|-activate|p2a: Trevenant|move: Sticky Web\n|-unboost|p2a: Trevenant|spe|1\n|turn|23\n|inactive|Time left: 300 sec this turn | 300 sec total\n|\n|t:|1783548796\n|move|p2a: Trevenant|Protect|p2a: Trevenant\n|-singleturn|p2a: Trevenant|Protect\n|move|p1a: Overqwil|Gunk Shot|p2a: Trevenant\n|-activate|p2a: Trevenant|move: Protect\n|\n|upkeep\n|turn|24\n|inactive|Time left: 300 sec this turn | 300 sec total\n|\n|t:|1783548797\n|-terastallize|p2a: Trevenant|Dark\n|move|p1a: Overqwil|Gunk Shot|p2a: Trevenant\n|-damage|p2a: Trevenant|0 fnt\n|faint|p2a: Trevenant\n|\n|win|p0x830dd99", "uploadtime": 1783548797, "views": 0, "rating": 0, "private": 0, "password": null, "_winner": "p0x830dd99", "_our_name": "p0y83016ed"}