{"id": "battle-gen9randombattle-160", "formatid": "gen9randombattle", "format": "[Gen 9] Random Battle", "players": ["p0x1601451", "p0y16077f4"], "log": "|init|battle\n|title|p0x1601451 vs. p0y16077f4\n|j|\u2606p0x1601451\n|j|\u2606p0y16077f4\n|t:|1783541419\n|gametype|singles\n|player|p1|p0x1601451|102|\n|player|p2|p0y16077f4|2|\n|gen|9\n|tier|[Gen 9] Random Battle\n|rule|Species Clause: Limit one of each Pok\u00e9mon\n|rule|HP Percentage Mod: HP is shown in percentages\n|rule|Sleep Clause Mod: Limit one foe put to sleep\n|rule|Illusion Level Mod: Illusion disguises the Pok\u00e9mon's true level\n|\n|t:|1783541419\n|teamsize|p1|6\n|teamsize|p2|6\n|start\n|switch|p1a: Toedscruel|Toedscruel, L87, M|100/100\n|switch|p2a: Metagross|Metagross, L79|256/256\n|turn|1\n|inactive|Battle timer is ON: inactive players will automatically lose when time's up. (requested by p0x1601451)\n|inactive|Time left: 300 sec this turn | 300 sec total | 60 sec grace\n|inactive|p0y16077f4 also wants the timer to be on.\n|\n|t:|1783541421\n|switch|p2a: Vikavolt|Vikavolt, L83, F|263/263\n|move|p1a: Toedscruel|Earth Power|p2a: Vikavolt\n|-immune|p2a: Vikavolt|[from] ability: Levitate\n|\n|upkeep\n|turn|2\n|inactive|Time left: 300 sec this turn | 300 sec total\n|\n|t:|1783541421\n|switch|p1a: Flareon|Flareon, L90, M|100/100\n|move|p2a: Vikavolt|Sticky Web|p1a: Flareon\n|-sidestart|p1: p0x1601451|move: Sticky Web\n|\n|-status|p1a: Flareon|tox|[from] item: Toxic Orb\n|upkeep\n|turn|3\n|inactive|Time left: 300 sec this turn | 300 sec total\n|\n|t:|1783541422\n|move|p1a: Flareon|Flare Blitz|p2a: Vikavolt\n|-supereffective|p2a: Vikavolt\n|-damage|p2a: Vikavolt|0 fnt\n|faint|p2a: Vikavolt\n|-damage|p1a: Flareon|67/100 tox|[from] Recoil\n|\n|-damage|p1a: Flareon|61/100 tox|[from] psn\n|upkeep\n|inactive|Time left: 300 sec this turn | 300 sec total | 5 sec grace\n|\n|t:|1783541423\n|switch|p2a: Munkidori|Munkidori, L79, M|269/269\n|turn|4\n|inactive|Time left: 300 sec this turn | 300 sec total\n|\n|t:|1783541424\n|move|p2a: Munkidori|Fake Out|p1a: Flareon\n|-damage|p1a: Flareon|51/100 tox\n|cant|p1a: Flareon|flinch\n|\n|-damage|p1a: Flareon|39/100 tox|[from] psn\n|upkeep\n|turn|5\n|inactive|Time left: 300 sec this turn | 300 sec total\n|\n|t:|1783541425\n|move|p2a: Munkidori|Sludge Wave|p1a: Flareon\n|-damage|p1a: Flareon|6/100 tox\n|move|p1a: Flareon|Flare Blitz|p2a: Munkidori\n|-damage|p2a: Munkidori|0 fnt\n|faint|p2a: Munkidori\n|-damage|p1a: Flareon|0 fnt|[from] Recoil\n|faint|p1a: Flareon\n|\n|upkeep\n|inactive|Time left: 300 sec this turn | 300 sec total | 5 sec grace\n|\n|t:|1783541425\n|switch|p2a: Polteageist|Polteageist, L78|222/222\n|switch|p1a: Toedscruel|Toedscruel, L87, M|100/100\n|-activate|p1a: Toedscruel|move: Sticky Web\n|-unboost|p1a: Toedscruel|spe|1\n|turn|6\n|inactive|Time left: 300 sec this turn | 300 sec total\n|\n|t:|1783541426\n|switch|p1a: Crawdaunt|Crawdaunt, L84, F|100/100\n|-activate|p1a: Crawdaunt|move: Sticky Web\n|-unboost|p1a: Crawdaunt|spe|1\n|move|p2a: Polteageist|Shell Smash|p2a: Polteageist\n|-unboost|p2a: Polteageist|def|1\n|-unboost|p2a: Polteageist|spd|1\n|-boost|p2a: Polteageist|atk|2\n|-boost|p2a: Polteageist|spa|2\n|-boost|p2a: Polteageist|spe|2\n|-enditem|p2a: Polteageist|White Herb\n|-clearnegativeboost|p2a: Polteageist|[silent]\n|\n|upkeep\n|turn|7\n|inactive|Time left: 300 sec this turn | 300 sec total\n|\n|t:|1783541428\n|-terastallize|p2a: Polteageist|Fighting\n|move|p2a: Polteageist|Tera Blast|p1a: Crawdaunt|[anim] Tera Blast Fighting\n|-supereffective|p1a: Crawdaunt\n|-damage|p1a: Crawdaunt|0 fnt\n|faint|p1a: Crawdaunt\n|\n|upkeep\n|\n|t:|1783541429\n|switch|p1a: Toedscruel|Toedscruel, L87, M|100/100\n|-activate|p1a: Toedscruel|move: Sticky Web\n|-unboost|p1a: Toedscruel|spe|1\n|turn|8\n|inactive|Time left: 300 sec this turn | 300 sec total\n|\n|t:|1783541429\n|move|p2a: Polteageist|Tera Blast|p1a: Toedscruel|[anim] Tera Blast Fighting\n|-damage|p1a: Toedscruel|53/100\n|move|p1a: Toedscruel|Rapid Spin|p2a: Polteageist\n|-damage|p2a: Polteageist|180/222\n|-boost|p1a: Toedscruel|spe|1\n|-start|p1a: Toedscruel|Disable|Rapid Spin|[from] ability: Cursed Body|[of] p2a: Polteageist\n|-sideend|p1: p0x1601451|Sticky Web|[from] move: Rapid Spin|[of] p1a: Toedscruel\n|\n|-heal|p1a: Toedscruel|59/100|[from] item: Leftovers\n|upkeep\n|turn|9\n|inactive|Time left: 300 sec this turn | 300 sec total\n|\n|t:|1783541430\n|move|p2a: Polteageist|Shadow Ball|p1a: Toedscruel\n|-damage|p1a: Toedscruel|5/100\n|move|p1a: Toedscruel|Earth Power|p2a: Polteageist\n|-damage|p2a: Polteageist|98/222\n|\n|-heal|p1a: Toedscruel|11/100|[from] item: Leftovers\n|upkeep\n|turn|10\n|inactive|Time left: 300 sec this turn | 300 sec total\n|\n|t:|1783541432\n|move|p2a: Polteageist|Strength Sap|p1a: Toedscruel\n|-unboost|p1a: Toedscruel|atk|1\n|-heal|p2a: Polteageist|222/222\n|move|p1a: Toedscruel|Earth Power|p2a: Polteageist\n|-damage|p2a: Polteageist|146/222\n|-unboost|p2a: Polteageist|spd|1\n|\n|-heal|p1a: Toedscruel|17/100|[from] item: Leftovers\n|upkeep\n|turn|11\n|inactive|Time left: 300 sec this turn | 300 sec total\n|\n|t:|1783541433\n|move|p2a: Polteageist|Shadow Ball|p1a: Toedscruel\n|-damage|p1a: Toedscruel|0 fnt\n|faint|p1a: Toedscruel\n|\n|upkeep\n|\n|t:|1783541434\n|switch|p1a: Rotom|Rotom-Fan, L86|100/100\n|turn|12\n|inactive|Time left: 300 sec this turn | 300 sec total\n|\n|t:|1783541435\n|move|p2a: Polteageist|Shadow Ball|p1a: Rotom\n|-damage|p1a: Rotom|29/100\n|move|p1a: Rotom|Air Slash|p2a: Polteageist\n|-supereffective|p2a: Polteageist\n|-damage|p2a: Polteageist|0 fnt\n|-start|p1a: Rotom|Disable|Air Slash|[from] ability: Cursed Body|[of] p2a: Polteageist\n|faint|p2a: Polteageist\n|\n|upkeep\n|inactive|Time left: 300 sec this turn | 300 sec total | 5 sec grace\n|\n|t:|1783541436\n|switch|p2a: Metagross|Metagross, L79|256/256\n|turn|13\n|inactive|Time left: 300 sec this turn | 300 sec total\n|\n|t:|1783541437\n|move|p1a: Rotom|Will-O-Wisp|p2a: Metagross\n|-status|p2a: Metagross|brn\n|move|p2a: Metagross|Psychic Fangs|p1a: Rotom\n|-crit|p1a: Rotom\n|-damage|p1a: Rotom|0 fnt\n|faint|p1a: Rotom\n|\n|-damage|p2a: Metagross|240/256 brn|[from] brn\n|upkeep\n|\n|t:|1783541438\n|switch|p1a: Manaphy|Manaphy, L78|100/100\n|turn|14\n|inactive|Time left: 300 sec this turn | 300 sec total\n|\n|t:|1783541439\n|switch|p2a: Sableye|Sableye, L88, M|231/231\n|move|p1a: Manaphy|Tail Glow|p1a: Manaphy\n|-boost|p1a: Manaphy|spa|3\n|\n|upkeep\n|turn|15\n|inactive|Time left: 300 sec this turn | 300 sec total\n|\n|t:|1783541440\n|move|p2a: Sableye|Encore|p1a: Manaphy\n|-start|p1a: Manaphy|Encore\n|move|p1a: Manaphy|Tail Glow|p1a: Manaphy\n|-boost|p1a: Manaphy|spa|3\n|\n|upkeep\n|turn|16\n|inactive|Time left: 300 sec this turn | 300 sec total\n|\n|t:|1783541441\n|move|p1a: Manaphy|Tail Glow|p1a: Manaphy\n|-boost|p1a: Manaphy|spa|0\n|move|p2a: Sableye|Knock Off|p1a: Manaphy\n|-damage|p1a: Manaphy|71/100\n|-enditem|p1a: Manaphy|Leftovers|[from] move: Knock Off|[of] p2a: Sableye\n|\n|upkeep\n|turn|17\n|inactive|Time left: 300 sec this turn | 300 sec total\n|\n|t:|1783541442\n|move|p1a: Manaphy|Tail Glow|p1a: Manaphy\n|-boost|p1a: Manaphy|spa|0\n|move|p2a: Sableye|Knock Off|p1a: Manaphy\n|-damage|p1a: Manaphy|49/100\n|\n|-end|p1a: Manaphy|Encore\n|upkeep\n|turn|18\n|inactive|Time left: 300 sec this turn | 300 sec total\n|\n|t:|1783541443\n|move|p2a: Sableye|Encore|p1a: Manaphy\n|-start|p1a: Manaphy|Encore\n|move|p1a: Manaphy|Tail Glow|p1a: Manaphy\n|-boost|p1a: Manaphy|spa|0\n|\n|upkeep\n|turn|19\n|inactive|Time left: 300 sec this turn | 300 sec total\n|\n|t:|1783541444\n|move|p1a: Manaphy|Tail Glow|p1a: Manaphy\n|-boost|p1a: Manaphy|spa|0\n|move|p2a: Sableye|Knock Off|p1a: Manaphy\n|-damage|p1a: Manaphy|29/100\n|\n|upkeep\n|turn|20\n|inactive|Time left: 300 sec this turn | 300 sec total\n|\n|t:|1783541444\n|move|p1a: Manaphy|Tail Glow|p1a: Manaphy\n|-boost|p1a: Manaphy|spa|0\n|move|p2a: Sableye|Knock Off|p1a: Manaphy\n|-damage|p1a: Manaphy|5/100\n|\n|-end|p1a: Manaphy|Encore\n|upkeep\n|turn|21\n|inactive|Time left: 300 sec this turn | 300 sec total\n|\n|t:|1783541446\n|move|p2a: Sableye|Encore|p1a: Manaphy\n|-start|p1a: Manaphy|Encore\n|move|p1a: Manaphy|Tail Glow|p1a: Manaphy\n|-boost|p1a: Manaphy|spa|0\n|\n|upkeep\n|turn|22\n|inactive|Time left: 300 sec this turn | 300 sec total\n|\n|t:|1783541447\n|move|p1a: Manaphy|Tail Glow|p1a: Manaphy\n|-boost|p1a: Manaphy|spa|0\n|move|p2a: Sableye|Knock Off|p1a: Manaphy\n|-crit|p1a: Manaphy\n|-damage|p1a: Manaphy|0 fnt\n|faint|p1a: Manaphy\n|\n|upkeep\n|\n|t:|1783541448\n|switch|p1a: Duraludon|Duraludon, L82, M|100/100\n|turn|23\n|inactive|Time left: 300 sec this turn | 300 sec total\n|\n|t:|1783541449\n|switch|p2a: Vespiquen|Vespiquen, L99, F|299/299\n|-ability|p2a: Vespiquen|Pressure\n|move|p1a: Duraludon|Flash Cannon|p2a: Vespiquen\n|-damage|p2a: Vespiquen|224/299\n|\n|upkeep\n|turn|24\n|inactive|Time left: 300 sec this turn | 300 sec total\n|\n|t:|1783541450\n|move|p1a: Duraludon|Stealth Rock|p2a: Vespiquen\n|-sidestart|p2: p0y16077f4|move: Stealth Rock\n|move|p2a: Vespiquen|Roost|p2a: Vespiquen\n|-heal|p2a: Vespiquen|299/299\n|-singleturn|p2a: Vespiquen|move: Roost\n|\n|upkeep\n|turn|25\n|inactive|Time left: 300 sec this turn | 300 sec total\n|\n|t:|1783541451\n|move|p1a: Duraludon|Flash Cannon|p2a: Vespiquen\n|-damage|p2a: Vespiquen|224/299\n|move|p2a: Vespiquen|Hurricane|p1a: Duraludon|[miss]\n|-miss|p2a: Vespiquen|p1a: Duraludon\n|\n|upkeep\n|turn|26\n|inactive|Time left: 300 sec this turn | 300 sec total\n|\n|t:|1783541452\n|move|p1a: Duraludon|Flash Cannon|p2a: Vespiquen\n|-damage|p2a: Vespiquen|148/299\n|move|p2a: Vespiquen|Roost|p2a: Vespiquen\n|-heal|p2a: Vespiquen|298/299\n|-singleturn|p2a: Vespiquen|move: Roost\n|\n|upkeep\n|turn|27\n|inactive|Time left: 300 sec this turn | 300 sec total\n|\n|t:|1783541453\n|move|p1a: Duraludon|Flash Cannon|p2a: Vespiquen\n|-damage|p2a: Vespiquen|223/299\n|move|p2a: Vespiquen|Hurricane|p1a: Duraludon\n|-resisted|p1a: Duraludon\n|-damage|p1a: Duraludon|71/100\n|-start|p1a: Duraludon|confusion\n|\n|upkeep\n|turn|28\n|inactive|Time left: 300 sec this turn | 300 sec total\n|\n|t:|1783541454\n|-activate|p1a: Duraludon|confusion\n|-damage|p1a: Duraludon|63/100|[from] confusion\n|move|p2a: Vespiquen|Roost|p2a: Vespiquen\n|-heal|p2a: Vespiquen|299/299\n|-singleturn|p2a: Vespiquen|move: Roost\n|\n|upkeep\n|turn|29\n|inactive|Time left: 300 sec this turn | 300 sec total\n|\n|t:|1783541454\n|-activate|p1a: Duraludon|confusion\n|-damage|p1a: Duraludon|56/100|[from] confusion\n|move|p2a: Vespiquen|Hurricane|p1a: Duraludon\n|-resisted|p1a: Duraludon\n|-damage|p1a: Duraludon|25/100\n|\n|upkeep\n|turn|30\n|inactive|Time left: 300 sec this turn | 300 sec total\n|\n|t:|1783541455\n|-activate|p1a: Duraludon|confusion\n|move|p1a: Duraludon|Stealth Rock||[still]\n|-fail|p1a: Duraludon\n|move|p2a: Vespiquen|Hurricane|p1a: Duraludon\n|-resisted|p1a: Duraludon\n|-damage|p1a: Duraludon|0 fnt\n|faint|p1a: Duraludon\n|\n|win|p0y16077f4", "uploadtime": 1783541455, "views": 0, "rating": 0, "private": 0, "password": null, "_winner": "p0y16077f4", "_our_name": "p0y16077f4"}