{"id": "battle-gen9randombattle-2216", "formatid": "gen9randombattle", "format": "[Gen 9] Random Battle", "players": ["p0x2216b90f", "p0y221604b7"], "log": "|init|battle\n|title|p0x2216b90f vs. p0y221604b7\n|j|\u2606p0x2216b90f\n|j|\u2606p0y221604b7\n|t:|1783564744\n|gametype|singles\n|player|p1|p0x2216b90f|170|\n|player|p2|p0y221604b7|265|\n|gen|9\n|tier|[Gen 9] Random Battle\n|rule|Species Clause: Limit one of each Pok\u00e9mon\n|rule|HP Percentage Mod: HP is shown in percentages\n|rule|Sleep Clause Mod: Limit one foe put to sleep\n|rule|Illusion Level Mod: Illusion disguises the Pok\u00e9mon's true level\n|\n|t:|1783564744\n|teamsize|p1|6\n|teamsize|p2|6\n|start\n|switch|p1a: Dialga|Dialga-Origin, L73|266/266\n|switch|p2a: Annihilape|Annihilape, L76, M|100/100\n|-ability|p1a: Dialga|Pressure\n|turn|1\n|inactive|Battle timer is ON: inactive players will automatically lose when time's up. (requested by p0y221604b7)\n|inactive|Time left: 300 sec this turn | 300 sec total | 60 sec grace\n|\n|t:|1783564745\n|move|p2a: Annihilape|Bulk Up|p2a: Annihilape\n|-boost|p2a: Annihilape|atk|1\n|-boost|p2a: Annihilape|def|1\n|move|p1a: Dialga|Stealth Rock|p2a: Annihilape\n|-sidestart|p2: p0y221604b7|move: Stealth Rock\n|\n|upkeep\n|turn|2\n|inactive|Time left: 300 sec this turn | 300 sec total\n|inactive|p0x2216b90f also wants the timer to be on.\n|\n|t:|1783564746\n|switch|p1a: Lilligant|Lilligant, L86, F|261/261\n|move|p2a: Annihilape|Drain Punch|p1a: Lilligant\n|-damage|p1a: Lilligant|134/261\n|\n|upkeep\n|turn|3\n|inactive|Time left: 300 sec this turn | 300 sec total\n|\n|t:|1783564747\n|move|p1a: Lilligant|Sleep Powder|p2a: Annihilape\n|-status|p2a: Annihilape|slp|[from] move: Sleep Powder\n|cant|p2a: Annihilape|slp\n|\n|upkeep\n|turn|4\n|inactive|Time left: 300 sec this turn | 300 sec total\n|\n|t:|1783564748\n|move|p1a: Lilligant|Petal Dance|p2a: Annihilape\n|-damage|p2a: Annihilape|31/100 slp\n|-damage|p1a: Lilligant|108/261|[from] item: Life Orb\n|cant|p2a: Annihilape|slp\n|\n|-heal|p2a: Annihilape|37/100 slp|[from] item: Leftovers\n|upkeep\n|turn|5\n|inactive|Time left: 300 sec this turn | 300 sec total\n|\n|t:|1783564749\n|switch|p2a: Yanmega|Yanmega, L82, M|100/100\n|-damage|p2a: Yanmega|51/100|[from] Stealth Rock\n|move|p1a: Lilligant|Petal Dance|p2a: Yanmega|[from] lockedmove\n|-resisted|p2a: Yanmega\n|-damage|p2a: Yanmega|27/100\n|-damage|p1a: Lilligant|82/261|[from] item: Life Orb\n|\n|upkeep\n|turn|6\n|inactive|Time left: 300 sec this turn | 300 sec total\n|\n|t:|1783564750\n|move|p1a: Lilligant|Petal Dance|p2a: Yanmega|[from] lockedmove\n|-resisted|p2a: Yanmega\n|-damage|p2a: Yanmega|2/100\n|-damage|p1a: Lilligant|56/261|[from] item: Life Orb\n|move|p2a: Yanmega|Giga Drain|p1a: Lilligant\n|-resisted|p1a: Lilligant\n|-damage|p1a: Lilligant|0 fnt\n|-heal|p2a: Yanmega|12/100|[from] drain|[of] p1a: Lilligant\n|faint|p1a: Lilligant\n|\n|upkeep\n|inactive|Time left: 300 sec this turn | 300 sec total | 5 sec grace\n|\n|t:|1783564751\n|switch|p1a: Iron Jugulis|Iron Jugulis, L77|271/271\n|turn|7\n|inactive|Time left: 300 sec this turn | 300 sec total\n|\n|t:|1783564752\n|switch|p2a: Mudsdale|Mudsdale, L83, M|100/100\n|-damage|p2a: Mudsdale|95/100|[from] Stealth Rock\n|move|p1a: Iron Jugulis|Meteor Beam||[still]\n|-prepare|p1a: Iron Jugulis|Meteor Beam\n|-boost|p1a: Iron Jugulis|spa|1\n|-enditem|p1a: Iron Jugulis|Power Herb\n|-anim|p1a: Iron Jugulis|Meteor Beam|p2a: Mudsdale\n|-resisted|p2a: Mudsdale\n|-damage|p2a: Mudsdale|73/100\n|-ability|p2a: Mudsdale|Stamina|boost\n|-boost|p2a: Mudsdale|def|1\n|\n|-heal|p2a: Mudsdale|79/100|[from] item: Leftovers\n|upkeep\n|turn|8\n|inactive|Time left: 300 sec this turn | 300 sec total\n|\n|t:|1783564753\n|move|p1a: Iron Jugulis|Dark Pulse|p2a: Mudsdale\n|-damage|p2a: Mudsdale|36/100\n|-ability|p2a: Mudsdale|Stamina|boost\n|-boost|p2a: Mudsdale|def|1\n|cant|p2a: Mudsdale|flinch\n|\n|-heal|p2a: Mudsdale|42/100|[from] item: Leftovers\n|upkeep\n|turn|9\n|inactive|Time left: 300 sec this turn | 300 sec total\n|\n|t:|1783564754\n|move|p1a: Iron Jugulis|Dark Pulse|p2a: Mudsdale\n|-damage|p2a: Mudsdale|0 fnt\n|faint|p2a: Mudsdale\n|\n|upkeep\n|\n|t:|1783564755\n|switch|p2a: Glimmora|Glimmora, L75, M|100/100\n|-damage|p2a: Glimmora|88/100|[from] Stealth Rock\n|turn|10\n|inactive|Time left: 300 sec this turn | 300 sec total\n|\n|t:|1783564756\n|-terastallize|p2a: Glimmora|Ground\n|move|p1a: Iron Jugulis|Earth Power|p2a: Glimmora\n|-damage|p2a: Glimmora|59/100\n|move|p2a: Glimmora|Mortal Spin|p1a: Iron Jugulis\n|-crit|p1a: Iron Jugulis\n|-damage|p1a: Iron Jugulis|243/271\n|-status|p1a: Iron Jugulis|psn\n|-sideend|p2: p0y221604b7|Stealth Rock|[from] move: Mortal Spin|[of] p2a: Glimmora\n|\n|-damage|p1a: Iron Jugulis|210/271 psn|[from] psn\n|upkeep\n|turn|11\n|inactive|Time left: 300 sec this turn | 300 sec total\n|\n|t:|1783564757\n|move|p1a: Iron Jugulis|Dark Pulse|p2a: Glimmora\n|-damage|p2a: Glimmora|15/100\n|cant|p2a: Glimmora|flinch\n|\n|-damage|p1a: Iron Jugulis|177/271 psn|[from] psn\n|upkeep\n|turn|12\n|inactive|Time left: 300 sec this turn | 300 sec total\n|\n|t:|1783564758\n|move|p1a: Iron Jugulis|Dark Pulse|p2a: Glimmora\n|-damage|p2a: Glimmora|0 fnt\n|faint|p2a: Glimmora\n|\n|-damage|p1a: Iron Jugulis|144/271 psn|[from] psn\n|upkeep\n|\n|t:|1783564759\n|switch|p2a: Garganacl|Garganacl, L80, F|100/100\n|turn|13\n|inactive|Time left: 300 sec this turn | 300 sec total\n|\n|t:|1783564760\n|move|p1a: Iron Jugulis|Dark Pulse|p2a: Garganacl\n|-crit|p2a: Garganacl\n|-damage|p2a: Garganacl|38/100\n|cant|p2a: Garganacl|flinch\n|\n|-heal|p2a: Garganacl|44/100|[from] item: Leftovers\n|-damage|p1a: Iron Jugulis|111/271 psn|[from] psn\n|upkeep\n|turn|14\n|inactive|Time left: 300 sec this turn | 300 sec total\n|\n|t:|1783564761\n|move|p1a: Iron Jugulis|Dark Pulse|p2a: Garganacl\n|-damage|p2a: Garganacl|0 fnt\n|faint|p2a: Garganacl\n|\n|-damage|p1a: Iron Jugulis|78/271 psn|[from] psn\n|upkeep\n|\n|t:|1783564762\n|switch|p2a: Yanmega|Yanmega, L82, M|12/100\n|turn|15\n|inactive|Time left: 300 sec this turn | 300 sec total\n|\n|t:|1783564763\n|move|p1a: Iron Jugulis|Dark Pulse|p2a: Yanmega\n|-damage|p2a: Yanmega|0 fnt\n|faint|p2a: Yanmega\n|\n|-damage|p1a: Iron Jugulis|45/271 psn|[from] psn\n|upkeep\n|\n|t:|1783564764\n|switch|p2a: Gurdurr|Gurdurr, L85, M|100/100\n|turn|16\n|inactive|Time left: 300 sec this turn | 300 sec total\n|\n|t:|1783564765\n|move|p2a: Gurdurr|Mach Punch|p1a: Iron Jugulis\n|-damage|p1a: Iron Jugulis|0 fnt\n|faint|p1a: Iron Jugulis\n|-end|p1a: Iron Jugulis|Quark Drive|[silent]\n|\n|upkeep\n|inactive|Time left: 300 sec this turn | 300 sec total | 5 sec grace\n|\n|t:|1783564766\n|switch|p1a: Stantler|Stantler, L92, M|284/284\n|-ability|p1a: Stantler|Intimidate|boost\n|-unboost|p2a: Gurdurr|atk|1\n|turn|17\n|inactive|Time left: 300 sec this turn | 300 sec total\n|\n|t:|1783564766\n|switch|p1a: Latias|Latias, L79, F|256/256\n|move|p2a: Gurdurr|Bulk Up|p2a: Gurdurr\n|-boost|p2a: Gurdurr|atk|1\n|-boost|p2a: Gurdurr|def|1\n|\n|upkeep\n|turn|18\n|inactive|Time left: 300 sec this turn | 300 sec total\n|\n|t:|1783564767\n|move|p1a: Latias|Calm Mind|p1a: Latias\n|-boost|p1a: Latias|spa|1\n|-boost|p1a: Latias|spd|1\n|move|p2a: Gurdurr|Bulk Up|p2a: Gurdurr\n|-boost|p2a: Gurdurr|atk|1\n|-boost|p2a: Gurdurr|def|1\n|\n|upkeep\n|turn|19\n|inactive|Time left: 300 sec this turn | 300 sec total\n|\n|t:|1783564768\n|move|p1a: Latias|Draco Meteor|p2a: Gurdurr\n|-damage|p2a: Gurdurr|10/100\n|-unboost|p1a: Latias|spa|2\n|move|p2a: Gurdurr|Knock Off|p1a: Latias\n|-supereffective|p1a: Latias\n|-damage|p1a: Latias|30/256\n|-enditem|p1a: Latias|Soul Dew|[from] move: Knock Off|[of] p2a: Gurdurr\n|\n|upkeep\n|turn|20\n|inactive|Time left: 300 sec this turn | 300 sec total\n|\n|t:|1783564769\n|move|p2a: Gurdurr|Mach Punch|p1a: Latias\n|-resisted|p1a: Latias\n|-damage|p1a: Latias|0 fnt\n|faint|p1a: Latias\n|\n|upkeep\n|inactive|Time left: 300 sec this turn | 300 sec total | 5 sec grace\n|\n|t:|1783564770\n|switch|p1a: Crabominable|Crabominable, L90, F|321/321\n|turn|21\n|inactive|Time left: 300 sec this turn | 300 sec total\n|\n|t:|1783564771\n|-terastallize|p1a: Crabominable|Fighting\n|move|p2a: Gurdurr|Mach Punch|p1a: Crabominable\n|-damage|p1a: Crabominable|252/321\n|move|p1a: Crabominable|Earthquake|p2a: Gurdurr\n|-damage|p2a: Gurdurr|0 fnt\n|faint|p2a: Gurdurr\n|\n|upkeep\n|\n|t:|1783564772\n|switch|p2a: Annihilape|Annihilape, L76, M|37/100 slp\n|turn|22\n|inactive|Time left: 300 sec this turn | 300 sec total\n|\n|t:|1783564772\n|-curestatus|p2a: Annihilape|slp|[msg]\n|move|p2a: Annihilape|Bulk Up|p2a: Annihilape\n|-boost|p2a: Annihilape|atk|1\n|-boost|p2a: Annihilape|def|1\n|move|p1a: Crabominable|Earthquake|p2a: Annihilape\n|-damage|p2a: Annihilape|0 fnt\n|faint|p2a: Annihilape\n|\n|win|p0x2216b90f", "uploadtime": 1783564772, "views": 0, "rating": 0, "private": 0, "password": null, "_winner": "p0x2216b90f", "_our_name": "p0x2216b90f"}