{"id": "battle-gen9randombattle-1234", "formatid": "gen9randombattle", "format": "[Gen 9] Random Battle", "players": ["p0x1234b7d6", "p0y1234fcb8"], "log": "|init|battle\n|title|p0x1234b7d6 vs. p0y1234fcb8\n|j|\u2606p0x1234b7d6\n|j|\u2606p0y1234fcb8\n|t:|1783553413\n|gametype|singles\n|player|p1|p0x1234b7d6|266|\n|player|p2|p0y1234fcb8|1|\n|gen|9\n|tier|[Gen 9] Random Battle\n|rule|Species Clause: Limit one of each Pok\u00e9mon\n|rule|HP Percentage Mod: HP is shown in percentages\n|rule|Sleep Clause Mod: Limit one foe put to sleep\n|rule|Illusion Level Mod: Illusion disguises the Pok\u00e9mon's true level\n|\n|t:|1783553413\n|teamsize|p1|6\n|teamsize|p2|6\n|start\n|switch|p1a: Raikou|Raikou, L81|278/278\n|switch|p2a: Dragonite|Dragonite, L74, F|100/100\n|-ability|p1a: Raikou|Pressure\n|turn|1\n|inactive|Battle timer is ON: inactive players will automatically lose when time's up. (requested by p0y1234fcb8)\n|inactive|Time left: 300 sec this turn | 300 sec total | 60 sec grace\n|inactive|p0x1234b7d6 also wants the timer to be on.\n|\n|t:|1783553415\n|move|p1a: Raikou|Scald|p2a: Dragonite\n|-resisted|p2a: Dragonite\n|-crit|p2a: Dragonite\n|-damage|p2a: Dragonite|92/100\n|move|p2a: Dragonite|Outrage|p1a: Raikou\n|-damage|p1a: Raikou|121/278\n|\n|-heal|p1a: Raikou|138/278|[from] item: Leftovers\n|upkeep\n|turn|2\n|inactive|Time left: 300 sec this turn | 300 sec total\n|\n|t:|1783553416\n|switch|p1a: Glastrier|Glastrier, L86|311/311\n|move|p2a: Dragonite|Outrage|p1a: Glastrier|[from] lockedmove\n|-damage|p1a: Glastrier|215/311\n|\n|upkeep\n|turn|3\n|inactive|Time left: 300 sec this turn | 300 sec total\n|\n|t:|1783553418\n|move|p2a: Dragonite|Outrage|p1a: Glastrier|[from] lockedmove\n|-damage|p1a: Glastrier|125/311\n|-start|p2a: Dragonite|confusion|[fatigue]\n|move|p1a: Glastrier|Icicle Crash|p2a: Dragonite\n|-supereffective|p2a: Dragonite\n|-damage|p2a: Dragonite|0 fnt\n|faint|p2a: Dragonite\n|-ability|p1a: Glastrier|Chilling Neigh|boost\n|-boost|p1a: Glastrier|atk|1\n|\n|upkeep\n|\n|t:|1783553419\n|switch|p2a: Gholdengo|Gholdengo, L77|100/100\n|turn|4\n|inactive|Time left: 300 sec this turn | 300 sec total\n|\n|t:|1783553420\n|move|p2a: Gholdengo|Focus Blast|p1a: Glastrier\n|-supereffective|p1a: Glastrier\n|-damage|p1a: Glastrier|0 fnt\n|faint|p1a: Glastrier\n|\n|upkeep\n|inactive|Time left: 300 sec this turn | 300 sec total | 5 sec grace\n|\n|t:|1783553421\n|switch|p1a: Trevenant|Trevenant, L89, M|296/296\n|turn|5\n|inactive|Time left: 300 sec this turn | 300 sec total\n|\n|t:|1783553422\n|move|p2a: Gholdengo|Shadow Ball|p1a: Trevenant\n|-supereffective|p1a: Trevenant\n|-damage|p1a: Trevenant|114/296\n|-enditem|p1a: Trevenant|Sitrus Berry|[eat]\n|-heal|p1a: Trevenant|188/296|[from] item: Sitrus Berry\n|move|p1a: Trevenant|Poltergeist|p2a: Gholdengo\n|-activate|p2a: Gholdengo|move: Poltergeist|Leftovers\n|-supereffective|p2a: Gholdengo\n|-damage|p2a: Gholdengo|0 fnt\n|faint|p2a: Gholdengo\n|\n|-item|p1a: Trevenant|Sitrus Berry|[from] ability: Harvest\n|upkeep\n|\n|t:|1783553423\n|switch|p2a: Stonjourner|Stonjourner, L91, F|100/100\n|turn|6\n|inactive|Time left: 300 sec this turn | 300 sec total\n|\n|t:|1783553424\n|switch|p1a: Raikou|Raikou, L81|138/278\n|-ability|p1a: Raikou|Pressure\n|move|p2a: Stonjourner|Stone Edge|p1a: Raikou|[miss]\n|-miss|p2a: Stonjourner|p1a: Raikou\n|\n|-heal|p1a: Raikou|155/278|[from] item: Leftovers\n|upkeep\n|turn|7\n|inactive|Time left: 300 sec this turn | 300 sec total\n|\n|t:|1783553425\n|move|p1a: Raikou|Scald|p2a: Stonjourner\n|-supereffective|p2a: Stonjourner\n|-damage|p2a: Stonjourner|13/100\n|move|p2a: Stonjourner|Earthquake|p1a: Raikou\n|-supereffective|p1a: Raikou\n|-damage|p1a: Raikou|0 fnt\n|faint|p1a: Raikou\n|-damage|p2a: Stonjourner|3/100|[from] item: Life Orb\n|\n|upkeep\n|inactive|Time left: 300 sec this turn | 300 sec total | 5 sec grace\n|\n|t:|1783553426\n|switch|p1a: Greninja|Greninja, L80, M|246/246\n|turn|8\n|inactive|Time left: 300 sec this turn | 300 sec total\n|\n|t:|1783553427\n|move|p1a: Greninja|Hydro Pump|p2a: Stonjourner\n|-supereffective|p2a: Stonjourner\n|-damage|p2a: Stonjourner|0 fnt\n|faint|p2a: Stonjourner\n|-ability|p1a: Greninja|Battle Bond|boost\n|-boost|p1a: Greninja|atk|1\n|-boost|p1a: Greninja|spa|1\n|-boost|p1a: Greninja|spe|1\n|-activate|p1a: Greninja|ability: Battle Bond\n|-damage|p1a: Greninja|222/246|[from] item: Life Orb\n|\n|upkeep\n|\n|t:|1783553429\n|switch|p2a: Arboliva|Arboliva, L91, M|100/100\n|turn|9\n|inactive|Time left: 300 sec this turn | 300 sec total\n|\n|t:|1783553430\n|-terastallize|p2a: Arboliva|Poison\n|move|p1a: Greninja|Gunk Shot|p2a: Arboliva\n|-resisted|p2a: Arboliva\n|-damage|p2a: Arboliva|78/100\n|-damage|p1a: Greninja|198/246|[from] item: Life Orb\n|move|p2a: Arboliva|Hyper Voice|p1a: Greninja\n|-damage|p1a: Greninja|29/246\n|\n|upkeep\n|turn|10\n|inactive|Time left: 300 sec this turn | 300 sec total\n|\n|t:|1783553431\n|move|p1a: Greninja|Dark Pulse|p2a: Arboliva\n|-damage|p2a: Arboliva|36/100\n|-enditem|p2a: Arboliva|Sitrus Berry|[eat]\n|-heal|p2a: Arboliva|61/100|[from] item: Sitrus Berry\n|-damage|p1a: Greninja|5/246|[from] item: Life Orb\n|cant|p2a: Arboliva|flinch\n|\n|-item|p2a: Arboliva|Sitrus Berry|[from] ability: Harvest\n|upkeep\n|turn|11\n|inactive|Time left: 300 sec this turn | 300 sec total\n|\n|t:|1783553432\n|move|p1a: Greninja|Hydro Pump|p2a: Arboliva|[miss]\n|-miss|p1a: Greninja|p2a: Arboliva\n|move|p2a: Arboliva|Substitute|p2a: Arboliva\n|-start|p2a: Arboliva|Substitute\n|-damage|p2a: Arboliva|36/100\n|-enditem|p2a: Arboliva|Sitrus Berry|[eat]\n|-heal|p2a: Arboliva|61/100|[from] item: Sitrus Berry\n|\n|-item|p2a: Arboliva|Sitrus Berry|[from] ability: Harvest\n|upkeep\n|turn|12\n|inactive|Time left: 300 sec this turn | 300 sec total\n|\n|t:|1783553433\n|move|p1a: Greninja|Dark Pulse|p2a: Arboliva\n|-end|p2a: Arboliva|Substitute\n|-damage|p1a: Greninja|0 fnt|[from] item: Life Orb\n|faint|p1a: Greninja\n|move|p2a: Arboliva|Hyper Voice|p1: Greninja|[notarget]\n|-fail|p2a: Arboliva\n|\n|upkeep\n|inactive|Time left: 300 sec this turn | 300 sec total | 5 sec grace\n|\n|t:|1783553434\n|switch|p1a: Espeon|Espeon, L84, F|246/246\n|turn|13\n|inactive|Time left: 300 sec this turn | 300 sec total\n|\n|t:|1783553435\n|move|p1a: Espeon|Psychic|p2a: Arboliva\n|-supereffective|p2a: Arboliva\n|-damage|p2a: Arboliva|0 fnt\n|faint|p2a: Arboliva\n|-damage|p1a: Espeon|222/246|[from] item: Life Orb\n|\n|upkeep\n|\n|t:|1783553436\n|switch|p2a: Ho-Oh|Ho-Oh, L71|100/100\n|turn|14\n|inactive|Time left: 300 sec this turn | 300 sec total\n|\n|t:|1783553437\n|move|p1a: Espeon|Psychic|p2a: Ho-Oh\n|-damage|p2a: Ho-Oh|60/100\n|-damage|p1a: Espeon|198/246|[from] item: Life Orb\n|move|p2a: Ho-Oh|Sacred Fire|p1a: Espeon\n|-damage|p1a: Espeon|66/246\n|\n|upkeep\n|turn|15\n|inactive|Time left: 300 sec this turn | 300 sec total\n|\n|t:|1783553439\n|move|p1a: Espeon|Psychic|p2a: Ho-Oh\n|-damage|p2a: Ho-Oh|14/100\n|-damage|p1a: Espeon|42/246|[from] item: Life Orb\n|move|p2a: Ho-Oh|Sacred Fire|p1a: Espeon\n|-damage|p1a: Espeon|0 fnt\n|faint|p1a: Espeon\n|\n|upkeep\n|inactive|Time left: 300 sec this turn | 300 sec total | 5 sec grace\n|\n|t:|1783553440\n|switch|p1a: Latias|Latias, L79, F|256/256\n|turn|16\n|inactive|Time left: 300 sec this turn | 300 sec total\n|\n|t:|1783553441\n|switch|p2a: Feraligatr|Feraligatr, L79, M|100/100\n|move|p1a: Latias|Psyshock|p2a: Feraligatr\n|-damage|p2a: Feraligatr|65/100\n|\n|upkeep\n|turn|17\n|inactive|Time left: 300 sec this turn | 300 sec total\n|\n|t:|1783553442\n|move|p1a: Latias|Draco Meteor|p2a: Feraligatr\n|-damage|p2a: Feraligatr|0 fnt\n|-unboost|p1a: Latias|spa|2\n|faint|p2a: Feraligatr\n|\n|upkeep\n|\n|t:|1783553443\n|switch|p2a: Ho-Oh|Ho-Oh, L71|48/100\n|turn|18\n|inactive|Time left: 300 sec this turn | 300 sec total\n|\n|t:|1783553444\n|move|p1a: Latias|Calm Mind|p1a: Latias\n|-boost|p1a: Latias|spa|1\n|-boost|p1a: Latias|spd|1\n|move|p2a: Ho-Oh|Recover|p2a: Ho-Oh\n|-heal|p2a: Ho-Oh|98/100\n|\n|upkeep\n|turn|19\n|inactive|Time left: 300 sec this turn | 300 sec total\n|\n|t:|1783553445\n|move|p1a: Latias|Calm Mind|p1a: Latias\n|-boost|p1a: Latias|spa|1\n|-boost|p1a: Latias|spd|1\n|move|p2a: Ho-Oh|Sacred Fire|p1a: Latias\n|-resisted|p1a: Latias\n|-damage|p1a: Latias|210/256\n|\n|upkeep\n|turn|20\n|inactive|Time left: 300 sec this turn | 300 sec total\n|\n|t:|1783553446\n|move|p1a: Latias|Calm Mind|p1a: Latias\n|-boost|p1a: Latias|spa|1\n|-boost|p1a: Latias|spd|1\n|move|p2a: Ho-Oh|Sacred Fire|p1a: Latias\n|-resisted|p1a: Latias\n|-damage|p1a: Latias|156/256\n|-status|p1a: Latias|brn\n|\n|-damage|p1a: Latias|140/256 brn|[from] brn\n|upkeep\n|turn|21\n|inactive|Time left: 300 sec this turn | 300 sec total\n|\n|t:|1783553447\n|move|p1a: Latias|Calm Mind|p1a: Latias\n|-boost|p1a: Latias|spa|1\n|-boost|p1a: Latias|spd|1\n|move|p2a: Ho-Oh|Sacred Fire|p1a: Latias|[miss]\n|-miss|p2a: Ho-Oh|p1a: Latias\n|\n|-damage|p1a: Latias|124/256 brn|[from] brn\n|upkeep\n|turn|22\n|inactive|Time left: 300 sec this turn | 300 sec total\n|\n|t:|1783553448\n|move|p1a: Latias|Psyshock|p2a: Ho-Oh\n|-damage|p2a: Ho-Oh|10/100\n|move|p2a: Ho-Oh|Sacred Fire|p1a: Latias\n|-resisted|p1a: Latias\n|-damage|p1a: Latias|70/256 brn\n|\n|-damage|p1a: Latias|54/256 brn|[from] brn\n|upkeep\n|turn|23\n|inactive|Time left: 300 sec this turn | 300 sec total\n|\n|t:|1783553448\n|-terastallize|p1a: Latias|Steel\n|move|p1a: Latias|Psyshock|p2a: Ho-Oh\n|-damage|p2a: Ho-Oh|0 fnt\n|faint|p2a: Ho-Oh\n|\n|win|p0x1234b7d6", "uploadtime": 1783553448, "views": 0, "rating": 0, "private": 0, "password": null, "_winner": "p0x1234b7d6", "_our_name": "p0x1234b7d6"}