{"id": "battle-gen9randombattle-2633", "formatid": "gen9randombattle", "format": "[Gen 9] Random Battle", "players": ["p0x26335f3e", "p0y26333e23"], "log": "|init|battle\n|title|p0x26335f3e vs. p0y26333e23\n|j|\u2606p0x26335f3e\n|j|\u2606p0y26333e23\n|t:|1783569400\n|gametype|singles\n|player|p1|p0x26335f3e|102|\n|player|p2|p0y26333e23|266|\n|gen|9\n|tier|[Gen 9] Random Battle\n|rule|Species Clause: Limit one of each Pok\u00e9mon\n|rule|HP Percentage Mod: HP is shown in percentages\n|rule|Sleep Clause Mod: Limit one foe put to sleep\n|rule|Illusion Level Mod: Illusion disguises the Pok\u00e9mon's true level\n|\n|t:|1783569400\n|teamsize|p1|6\n|teamsize|p2|6\n|start\n|switch|p1a: Toxtricity|Toxtricity, L82, F|257/257\n|switch|p2a: Maushold|Maushold, L76|100/100\n|turn|1\n|inactive|Battle timer is ON: inactive players will automatically lose when time's up. (requested by p0x26335f3e)\n|inactive|p0y26333e23 also wants the timer to be on.\n|\n|t:|1783569402\n|move|p2a: Maushold|Population Bomb|p1a: Toxtricity\n|-damage|p1a: Toxtricity|232/257\n|-damage|p1a: Toxtricity|205/257\n|-crit|p1a: Toxtricity\n|-damage|p1a: Toxtricity|165/257\n|-damage|p1a: Toxtricity|138/257\n|-damage|p1a: Toxtricity|111/257\n|-damage|p1a: Toxtricity|84/257\n|-damage|p1a: Toxtricity|57/257\n|-crit|p1a: Toxtricity\n|-damage|p1a: Toxtricity|18/257\n|-damage|p1a: Toxtricity|0 fnt\n|faint|p1a: Toxtricity\n|-hitcount|p1: Toxtricity|9\n|\n|upkeep\n|inactive|Time left: 300 sec this turn | 300 sec total | 65 sec grace\n|\n|t:|1783569403\n|switch|p1a: Leavanny|Leavanny, L86, M|269/269\n|turn|2\n|inactive|Time left: 300 sec this turn | 300 sec total\n|\n|t:|1783569404\n|move|p2a: Maushold|Population Bomb|p1a: Leavanny\n|-crit|p1a: Leavanny\n|-damage|p1a: Leavanny|232/269\n|-damage|p1a: Leavanny|210/269\n|-damage|p1a: Leavanny|185/269\n|-crit|p1a: Leavanny\n|-damage|p1a: Leavanny|149/269\n|-damage|p1a: Leavanny|125/269\n|-damage|p1a: Leavanny|101/269\n|-damage|p1a: Leavanny|79/269\n|-damage|p1a: Leavanny|54/269\n|-damage|p1a: Leavanny|32/269\n|-damage|p1a: Leavanny|8/269\n|-hitcount|p1a: Leavanny|10\n|move|p1a: Leavanny|Sticky Web|p2a: Maushold\n|-sidestart|p2: p0y26333e23|move: Sticky Web\n|\n|upkeep\n|turn|3\n|inactive|Time left: 300 sec this turn | 300 sec total\n|\n|t:|1783569405\n|move|p2a: Maushold|Tidy Up|p2a: Maushold\n|-sideend|p2: p0y26333e23|Sticky Web\n|-activate|p2a: Maushold|move: Tidy Up\n|-boost|p2a: Maushold|atk|1\n|-boost|p2a: Maushold|spe|1\n|move|p1a: Leavanny|Bullet Seed|p2a: Maushold\n|-damage|p2a: Maushold|85/100\n|-damage|p2a: Maushold|69/100\n|-damage|p2a: Maushold|53/100\n|-damage|p2a: Maushold|37/100\n|-damage|p2a: Maushold|20/100\n|-hitcount|p2a: Maushold|5\n|\n|upkeep\n|turn|4\n|inactive|Time left: 300 sec this turn | 300 sec total\n|\n|t:|1783569406\n|switch|p1a: Hippowdon|Hippowdon, L82, F|311/311\n|-weather|Sandstorm|[from] ability: Sand Stream|[of] p1a: Hippowdon\n|move|p2a: Maushold|Bite|p1a: Hippowdon\n|-damage|p1a: Hippowdon|259/311\n|\n|-weather|Sandstorm|[upkeep]\n|-damage|p2a: Maushold|14/100|[from] Sandstorm\n|-heal|p1a: Hippowdon|278/311|[from] item: Leftovers\n|upkeep\n|turn|5\n|inactive|Time left: 300 sec this turn | 300 sec total\n|\n|t:|1783569407\n|move|p2a: Maushold|Population Bomb|p1a: Hippowdon\n|-damage|p1a: Hippowdon|251/311\n|-damage|p1a: Hippowdon|226/311\n|-damage|p1a: Hippowdon|199/311\n|-damage|p1a: Hippowdon|172/311\n|-damage|p1a: Hippowdon|145/311\n|-damage|p1a: Hippowdon|117/311\n|-damage|p1a: Hippowdon|89/311\n|-damage|p1a: Hippowdon|61/311\n|-damage|p1a: Hippowdon|34/311\n|-damage|p1a: Hippowdon|9/311\n|-hitcount|p1a: Hippowdon|10\n|move|p1a: Hippowdon|Earthquake|p2a: Maushold\n|-damage|p2a: Maushold|0 fnt\n|faint|p2a: Maushold\n|\n|-weather|Sandstorm|[upkeep]\n|-heal|p1a: Hippowdon|28/311|[from] item: Leftovers\n|upkeep\n|\n|t:|1783569408\n|switch|p2a: Floatzel|Floatzel, L86, F|100/100\n|turn|6\n|inactive|Time left: 300 sec this turn | 300 sec total\n|\n|t:|1783569409\n|move|p2a: Floatzel|Wave Crash|p1a: Hippowdon\n|-supereffective|p1a: Hippowdon\n|-damage|p1a: Hippowdon|0 fnt\n|faint|p1a: Hippowdon\n|-damage|p2a: Floatzel|97/100|[from] Recoil\n|\n|-weather|Sandstorm|[upkeep]\n|-damage|p2a: Floatzel|91/100|[from] Sandstorm\n|upkeep\n|inactive|Time left: 300 sec this turn | 300 sec total | 5 sec grace\n|\n|t:|1783569410\n|switch|p1a: Jirachi|Jirachi, L80|291/291\n|turn|7\n|inactive|Time left: 300 sec this turn | 300 sec total\n|\n|t:|1783569411\n|move|p2a: Floatzel|Wave Crash|p1a: Jirachi\n|-damage|p1a: Jirachi|80/291\n|-damage|p2a: Floatzel|67/100|[from] Recoil\n|move|p1a: Jirachi|Wish|p1a: Jirachi\n|\n|-weather|Sandstorm|[upkeep]\n|-damage|p2a: Floatzel|61/100|[from] Sandstorm\n|-heal|p1a: Jirachi|98/291|[from] item: Leftovers\n|upkeep\n|turn|8\n|inactive|Time left: 300 sec this turn | 300 sec total\n|\n|t:|1783569412\n|move|p1a: Jirachi|Protect|p1a: Jirachi\n|-singleturn|p1a: Jirachi|Protect\n|move|p2a: Floatzel|Wave Crash|p1a: Jirachi\n|-activate|p1a: Jirachi|move: Protect\n|\n|-weather|none\n|-heal|p1a: Jirachi|243/291|[from] move: Wish|[wisher] Jirachi\n|-heal|p1a: Jirachi|261/291|[from] item: Leftovers\n|upkeep\n|turn|9\n|inactive|Time left: 300 sec this turn | 300 sec total\n|\n|t:|1783569413\n|move|p2a: Floatzel|Wave Crash|p1a: Jirachi\n|-damage|p1a: Jirachi|74/291\n|-damage|p2a: Floatzel|39/100|[from] Recoil\n|move|p1a: Jirachi|U-turn|p2a: Floatzel\n|-damage|p2a: Floatzel|17/100\n|inactive|Time left: 300 sec this turn | 300 sec total | 5 sec grace\n|\n|t:|1783569414\n|switch|p1a: Froslass|Froslass, L87, F|263/263|[from] U-turn\n|\n|upkeep\n|turn|10\n|inactive|Time left: 300 sec this turn | 300 sec total\n|\n|t:|1783569415\n|move|p2a: Floatzel|Wave Crash|p1a: Froslass\n|-damage|p1a: Froslass|41/263\n|-damage|p2a: Floatzel|0 fnt|[from] Recoil\n|faint|p2a: Floatzel\n|move|p1a: Froslass|Spikes|p2: Floatzel\n|-sidestart|p2: p0y26333e23|Spikes\n|\n|upkeep\n|\n|t:|1783569416\n|switch|p2a: Avalugg|Avalugg, L88, M|100/100\n|turn|11\n|inactive|Time left: 300 sec this turn | 300 sec total\n|\n|t:|1783569417\n|move|p1a: Froslass|Destiny Bond|p1a: Froslass\n|-singlemove|p1a: Froslass|Destiny Bond\n|move|p2a: Avalugg|Body Press|p1a: Froslass\n|-immune|p1a: Froslass\n|\n|upkeep\n|turn|12\n|inactive|Time left: 300 sec this turn | 300 sec total\n|\n|t:|1783569418\n|move|p1a: Froslass|Poltergeist|p2a: Avalugg\n|-activate|p2a: Avalugg|move: Poltergeist|Heavy-Duty Boots\n|-damage|p2a: Avalugg|81/100\n|move|p2a: Avalugg|Avalanche|p1a: Froslass\n|-resisted|p1a: Froslass\n|-damage|p1a: Froslass|0 fnt\n|faint|p1a: Froslass\n|\n|upkeep\n|inactive|Time left: 300 sec this turn | 300 sec total | 5 sec grace\n|\n|t:|1783569419\n|switch|p1a: Thundurus|Thundurus-Therian, L80, M|258/258\n|turn|13\n|inactive|Time left: 300 sec this turn | 300 sec total\n|\n|t:|1783569419\n|move|p1a: Thundurus|Thunderbolt|p2a: Avalugg\n|-damage|p2a: Avalugg|0 fnt\n|faint|p2a: Avalugg\n|\n|upkeep\n|\n|t:|1783569420\n|switch|p2a: Tropius|Tropius, L91, F|100/100\n|turn|14\n|inactive|Time left: 300 sec this turn | 300 sec total\n|\n|t:|1783569421\n|move|p1a: Thundurus|Thunderbolt|p2a: Tropius\n|-damage|p2a: Tropius|49/100\n|-enditem|p2a: Tropius|Sitrus Berry|[eat]\n|-heal|p2a: Tropius|74/100|[from] item: Sitrus Berry\n|move|p2a: Tropius|Dragon Dance|p2a: Tropius\n|-boost|p2a: Tropius|atk|1\n|-boost|p2a: Tropius|spe|1\n|\n|upkeep\n|turn|15\n|inactive|Time left: 300 sec this turn | 300 sec total\n|\n|t:|1783569422\n|-terastallize|p2a: Tropius|Ground\n|move|p2a: Tropius|Dragon Dance|p2a: Tropius\n|-boost|p2a: Tropius|atk|1\n|-boost|p2a: Tropius|spe|1\n|move|p1a: Thundurus|Thunderbolt|p2a: Tropius\n|-immune|p2a: Tropius\n|\n|upkeep\n|turn|16\n|inactive|Time left: 300 sec this turn | 300 sec total\n|\n|t:|1783569423\n|switch|p1a: Leavanny|Leavanny, L86, M|8/269\n|move|p2a: Tropius|Dual Wingbeat|p1a: Leavanny\n|-supereffective|p1a: Leavanny\n|-damage|p1a: Leavanny|0 fnt\n|faint|p1a: Leavanny\n|-hitcount|p1: Leavanny|1\n|\n|-item|p2a: Tropius|Sitrus Berry|[from] ability: Harvest\n|upkeep\n|inactive|Time left: 300 sec this turn | 300 sec total | 5 sec grace\n|\n|t:|1783569423\n|switch|p1a: Thundurus|Thundurus-Therian, L80, M|258/258\n|turn|17\n|inactive|Time left: 300 sec this turn | 300 sec total\n|\n|t:|1783569424\n|move|p2a: Tropius|Dual Wingbeat|p1a: Thundurus\n|-resisted|p1a: Thundurus\n|-crit|p1a: Thundurus\n|-damage|p1a: Thundurus|184/258\n|-resisted|p1a: Thundurus\n|-damage|p1a: Thundurus|139/258\n|-hitcount|p1a: Thundurus|2\n|move|p1a: Thundurus|Grass Knot|p2a: Tropius\n|-supereffective|p2a: Tropius\n|-damage|p2a: Tropius|0 fnt\n|faint|p2a: Tropius\n|\n|upkeep\n|\n|t:|1783569425\n|switch|p2a: Scovillain|Scovillain, L91, F|100/100\n|turn|18\n|inactive|Time left: 300 sec this turn | 300 sec total\n|\n|t:|1783569425\n|move|p1a: Thundurus|Grass Knot|p2a: Scovillain\n|-resisted|p2a: Scovillain\n|-damage|p2a: Scovillain|95/100\n|move|p2a: Scovillain|Fire Blast|p1a: Thundurus\n|-damage|p1a: Thundurus|0 fnt\n|faint|p1a: Thundurus\n|\n|upkeep\n|inactive|Time left: 300 sec this turn | 300 sec total | 5 sec grace\n|\n|t:|1783569426\n|switch|p1a: Jirachi|Jirachi, L80|74/291\n|turn|19\n|inactive|Time left: 300 sec this turn | 300 sec total\n|\n|t:|1783569427\n|move|p1a: Jirachi|Protect|p1a: Jirachi\n|-singleturn|p1a: Jirachi|Protect\n|move|p2a: Scovillain|Stomping Tantrum|p1a: Jirachi\n|-activate|p1a: Jirachi|move: Protect\n|\n|-heal|p1a: Jirachi|92/291|[from] item: Leftovers\n|upkeep\n|turn|20\n|inactive|Time left: 300 sec this turn | 300 sec total\n|\n|t:|1783569428\n|move|p1a: Jirachi|Iron Head|p2a: Scovillain\n|-resisted|p2a: Scovillain\n|-damage|p2a: Scovillain|78/100\n|move|p2a: Scovillain|Stomping Tantrum|p1a: Jirachi\n|-supereffective|p1a: Jirachi\n|-damage|p1a: Jirachi|0 fnt\n|faint|p1a: Jirachi\n|\n|win|p0y26333e23", "uploadtime": 1783569428, "views": 0, "rating": 0, "private": 0, "password": null, "_winner": "p0y26333e23", "_our_name": "p0x26335f3e"}