{"id": "battle-gen9randombattle-145", "formatid": "gen9randombattle", "format": "[Gen 9] Random Battle", "players": ["p0x145904e", "p0y1451c8d"], "log": "|init|battle\n|title|p0x145904e vs. p0y1451c8d\n|j|\u2606p0x145904e\n|j|\u2606p0y1451c8d\n|t:|1783535423\n|gametype|singles\n|player|p1|p0x145904e|170|\n|player|p2|p0y1451c8d|266|\n|gen|9\n|tier|[Gen 9] Random Battle\n|rule|Species Clause: Limit one of each Pok\u00e9mon\n|rule|HP Percentage Mod: HP is shown in percentages\n|rule|Sleep Clause Mod: Limit one foe put to sleep\n|rule|Illusion Level Mod: Illusion disguises the Pok\u00e9mon's true level\n|\n|t:|1783535423\n|teamsize|p1|6\n|teamsize|p2|6\n|start\n|switch|p1a: Scizor|Scizor, L79, M|100/100\n|switch|p2a: Oricorio|Oricorio-Sensu, L85, M|266/266\n|turn|1\n|inactive|Battle timer is ON: inactive players will automatically lose when time's up. (requested by p0x145904e)\n|inactive|Time left: 300 sec this turn | 300 sec total | 60 sec grace\n|inactive|p0y1451c8d also wants the timer to be on.\n|\n|t:|1783535424\n|move|p2a: Oricorio|Quiver Dance|p2a: Oricorio\n|-boost|p2a: Oricorio|spa|1\n|-boost|p2a: Oricorio|spd|1\n|-boost|p2a: Oricorio|spe|1\n|move|p1a: Scizor|U-turn|p2a: Oricorio\n|-resisted|p2a: Oricorio\n|-damage|p2a: Oricorio|242/266\n|\n|t:|1783535425\n|switch|p1a: Gliscor|Gliscor, L76, F|100/100|[from] U-turn\n|\n|-status|p1a: Gliscor|tox|[from] item: Toxic Orb\n|upkeep\n|turn|2\n|inactive|Time left: 300 sec this turn | 300 sec total\n|\n|t:|1783535426\n|move|p2a: Oricorio|Quiver Dance|p2a: Oricorio\n|-boost|p2a: Oricorio|spa|1\n|-boost|p2a: Oricorio|spd|1\n|-boost|p2a: Oricorio|spe|1\n|move|p1a: Gliscor|Knock Off|p2a: Oricorio\n|-supereffective|p2a: Oricorio\n|-crit|p2a: Oricorio\n|-damage|p2a: Oricorio|46/266\n|-enditem|p2a: Oricorio|Heavy-Duty Boots|[from] move: Knock Off|[of] p1a: Gliscor\n|\n|upkeep\n|turn|3\n|inactive|Time left: 300 sec this turn | 300 sec total\n|\n|t:|1783535427\n|move|p2a: Oricorio|Roost|p2a: Oricorio\n|-heal|p2a: Oricorio|179/266\n|-singleturn|p2a: Oricorio|move: Roost\n|move|p1a: Gliscor|Toxic|p2a: Oricorio\n|-status|p2a: Oricorio|tox\n|\n|-damage|p2a: Oricorio|163/266 tox|[from] psn\n|upkeep\n|turn|4\n|inactive|Time left: 300 sec this turn | 300 sec total\n|\n|t:|1783535428\n|move|p1a: Gliscor|Protect|p1a: Gliscor\n|-singleturn|p1a: Gliscor|Protect\n|move|p2a: Oricorio|Hurricane|p1a: Gliscor\n|-activate|p1a: Gliscor|move: Protect\n|\n|-damage|p2a: Oricorio|131/266 tox|[from] psn\n|upkeep\n|turn|5\n|inactive|Time left: 300 sec this turn | 300 sec total\n|\n|t:|1783535429\n|move|p2a: Oricorio|Revelation Dance|p1a: Gliscor\n|-damage|p1a: Gliscor|4/100 tox\n|move|p1a: Gliscor|Knock Off|p2a: Oricorio\n|-supereffective|p2a: Oricorio\n|-damage|p2a: Oricorio|39/266 tox\n|\n|-damage|p2a: Oricorio|0 fnt|[from] psn\n|faint|p2a: Oricorio\n|-heal|p1a: Gliscor|16/100 tox|[from] ability: Poison Heal\n|upkeep\n|inactive|Time left: 300 sec this turn | 300 sec total | 5 sec grace\n|\n|t:|1783535430\n|switch|p2a: Cloyster|Cloyster, L80, F|211/211\n|turn|6\n|inactive|Time left: 300 sec this turn | 300 sec total\n|\n|t:|1783535431\n|switch|p1a: Rillaboom|Rillaboom, L79, M|100/100\n|-fieldstart|move: Grassy Terrain|[from] ability: Grassy Surge|[of] p1a: Rillaboom\n|move|p2a: Cloyster|Shell Smash|p2a: Cloyster\n|-unboost|p2a: Cloyster|def|1\n|-unboost|p2a: Cloyster|spd|1\n|-boost|p2a: Cloyster|atk|2\n|-boost|p2a: Cloyster|spa|2\n|-boost|p2a: Cloyster|spe|2\n|-enditem|p2a: Cloyster|White Herb\n|-clearnegativeboost|p2a: Cloyster|[silent]\n|\n|upkeep\n|turn|7\n|inactive|Time left: 300 sec this turn | 300 sec total\n|\n|t:|1783535432\n|move|p1a: Rillaboom|Grassy Glide|p2a: Cloyster\n|-supereffective|p2a: Cloyster\n|-damage|p2a: Cloyster|84/211\n|-damage|p1a: Rillaboom|91/100|[from] item: Life Orb\n|move|p2a: Cloyster|Icicle Spear|p1a: Rillaboom\n|-supereffective|p1a: Rillaboom\n|-damage|p1a: Rillaboom|57/100\n|-supereffective|p1a: Rillaboom\n|-damage|p1a: Rillaboom|19/100\n|-supereffective|p1a: Rillaboom\n|-damage|p1a: Rillaboom|0 fnt\n|faint|p1a: Rillaboom\n|-hitcount|p1: Rillaboom|3\n|\n|-heal|p2a: Cloyster|97/211|[from] Grassy Terrain\n|upkeep\n|\n|t:|1783535432\n|switch|p1a: Sudowoodo|Sudowoodo, L94, M|100/100\n|turn|8\n|inactive|Time left: 300 sec this turn | 300 sec total\n|\n|t:|1783535433\n|move|p2a: Cloyster|Hydro Pump|p1a: Sudowoodo|[miss]\n|-miss|p2a: Cloyster|p1a: Sudowoodo\n|move|p1a: Sudowoodo|Wood Hammer|p2a: Cloyster\n|-supereffective|p2a: Cloyster\n|-damage|p2a: Cloyster|0 fnt\n|faint|p2a: Cloyster\n|\n|upkeep\n|inactive|Time left: 300 sec this turn | 300 sec total | 5 sec grace\n|\n|t:|1783535434\n|switch|p2a: Mesprit|Mesprit, L85|275/275\n|turn|9\n|inactive|Time left: 300 sec this turn | 300 sec total\n|\n|t:|1783535435\n|move|p2a: Mesprit|Stealth Rock|p1a: Sudowoodo\n|-sidestart|p1: p0x145904e|move: Stealth Rock\n|move|p1a: Sudowoodo|Head Smash|p2a: Mesprit\n|-damage|p2a: Mesprit|112/275\n|\n|-heal|p2a: Mesprit|129/275|[from] item: Leftovers\n|upkeep\n|turn|10\n|inactive|Time left: 300 sec this turn | 300 sec total\n|\n|t:|1783535436\n|-terastallize|p2a: Mesprit|Fighting\n|move|p2a: Mesprit|Drain Punch|p1a: Sudowoodo\n|-supereffective|p1a: Sudowoodo\n|-crit|p1a: Sudowoodo\n|-damage|p1a: Sudowoodo|33/100\n|-heal|p2a: Mesprit|225/275|[from] drain|[of] p1a: Sudowoodo\n|move|p1a: Sudowoodo|Head Smash|p2a: Mesprit\n|-resisted|p2a: Mesprit\n|-damage|p2a: Mesprit|145/275\n|\n|-heal|p2a: Mesprit|162/275|[from] item: Leftovers\n|-heal|p1a: Sudowoodo|39/100|[from] Grassy Terrain\n|-heal|p1a: Sudowoodo|45/100|[from] item: Leftovers\n|-fieldend|move: Grassy Terrain\n|upkeep\n|turn|11\n|inactive|Time left: 300 sec this turn | 300 sec total\n|\n|t:|1783535438\n|switch|p1a: Meowstic|Meowstic-F, L89, F|100/100\n|-damage|p1a: Meowstic|88/100|[from] Stealth Rock\n|move|p2a: Mesprit|Drain Punch|p1a: Meowstic\n|-resisted|p1a: Meowstic\n|-damage|p1a: Meowstic|71/100\n|-heal|p2a: Mesprit|186/275|[from] drain|[of] p1a: Meowstic\n|\n|-heal|p2a: Mesprit|203/275|[from] item: Leftovers\n|upkeep\n|turn|12\n|inactive|Time left: 300 sec this turn | 300 sec total\n|\n|t:|1783535439\n|switch|p2a: Grimmsnarl|Grimmsnarl, L83, M|293/293\n|move|p1a: Meowstic|Psychic|p2a: Grimmsnarl\n|-immune|p2a: Grimmsnarl\n|\n|upkeep\n|turn|13\n|inactive|Time left: 300 sec this turn | 300 sec total\n|\n|t:|1783535440\n|move|p1a: Meowstic|Nasty Plot|p1a: Meowstic\n|-boost|p1a: Meowstic|spa|2\n|move|p2a: Grimmsnarl|Spirit Break|p1a: Meowstic\n|-damage|p1a: Meowstic|38/100\n|-unboost|p1a: Meowstic|spa|1\n|-ability|p1a: Meowstic|Competitive|boost\n|-boost|p1a: Meowstic|spa|2\n|\n|upkeep\n|turn|14\n|inactive|Time left: 300 sec this turn | 300 sec total\n|\n|t:|1783535441\n|move|p2a: Grimmsnarl|Sucker Punch|p1a: Meowstic\n|-supereffective|p1a: Meowstic\n|-damage|p1a: Meowstic|0 fnt\n|faint|p1a: Meowstic\n|\n|upkeep\n|\n|t:|1783535442\n|switch|p1a: Sudowoodo|Sudowoodo, L94, M|45/100\n|-damage|p1a: Sudowoodo|33/100|[from] Stealth Rock\n|turn|15\n|inactive|Time left: 300 sec this turn | 300 sec total\n|\n|t:|1783535443\n|move|p2a: Grimmsnarl|Parting Shot|p1a: Sudowoodo\n|-unboost|p1a: Sudowoodo|atk|1\n|-unboost|p1a: Sudowoodo|spa|1\n|inactive|Time left: 300 sec this turn | 300 sec total | 5 sec grace\n|\n|t:|1783535444\n|switch|p2a: Mesprit|Mesprit, L85, tera:Fighting|203/275|[from] Parting Shot\n|move|p1a: Sudowoodo|Head Smash|p2a: Mesprit\n|-resisted|p2a: Mesprit\n|-damage|p2a: Mesprit|144/275\n|\n|-heal|p2a: Mesprit|161/275|[from] item: Leftovers\n|-heal|p1a: Sudowoodo|39/100|[from] item: Leftovers\n|upkeep\n|turn|16\n|inactive|Time left: 300 sec this turn | 300 sec total\n|\n|t:|1783535445\n|switch|p1a: Scizor|Scizor, L79, M|100/100\n|-damage|p1a: Scizor|88/100|[from] Stealth Rock\n|move|p2a: Mesprit|Drain Punch|p1a: Scizor\n|-damage|p1a: Scizor|54/100\n|-heal|p2a: Mesprit|202/275|[from] drain|[of] p1a: Scizor\n|\n|-heal|p2a: Mesprit|219/275|[from] item: Leftovers\n|-heal|p1a: Scizor|60/100|[from] item: Leftovers\n|upkeep\n|turn|17\n|inactive|Time left: 300 sec this turn | 300 sec total\n|\n|t:|1783535447\n|move|p2a: Mesprit|Drain Punch|p1a: Scizor\n|-damage|p1a: Scizor|23/100\n|-heal|p2a: Mesprit|264/275|[from] drain|[of] p1a: Scizor\n|move|p1a: Scizor|Defog|p2a: Mesprit\n|-unboost|p2a: Mesprit|evasion|1\n|-sideend|p1: p0x145904e|Stealth Rock|[from] move: Defog|[of] p1a: Scizor\n|\n|-heal|p2a: Mesprit|275/275|[from] item: Leftovers\n|-heal|p1a: Scizor|29/100|[from] item: Leftovers\n|upkeep\n|turn|18\n|inactive|Time left: 300 sec this turn | 300 sec total\n|\n|t:|1783535448\n|switch|p1a: Gliscor|Gliscor, L76, F|16/100 tox\n|move|p2a: Mesprit|Drain Punch|p1a: Gliscor\n|-resisted|p1a: Gliscor\n|-damage|p1a: Gliscor|0 fnt\n|faint|p1a: Gliscor\n|\n|upkeep\n|\n|t:|1783535449\n|switch|p1a: Scizor|Scizor, L79, M|29/100\n|turn|19\n|inactive|Time left: 300 sec this turn | 300 sec total\n|\n|t:|1783535450\n|move|p2a: Mesprit|Drain Punch|p1a: Scizor\n|-damage|p1a: Scizor|0 fnt\n|faint|p1a: Scizor\n|\n|upkeep\n|\n|t:|1783535451\n|switch|p1a: Iron Bundle|Iron Bundle, L78|100/100\n|turn|20\n|inactive|Time left: 300 sec this turn | 300 sec total\n|\n|t:|1783535452\n|move|p1a: Iron Bundle|Freeze-Dry|p2a: Mesprit\n|-damage|p2a: Mesprit|211/275\n|move|p2a: Mesprit|Drain Punch|p1a: Iron Bundle\n|-supereffective|p1a: Iron Bundle\n|-damage|p1a: Iron Bundle|27/100\n|-heal|p2a: Mesprit|275/275|[from] drain|[of] p1a: Iron Bundle\n|\n|upkeep\n|turn|21\n|inactive|Time left: 300 sec this turn | 300 sec total\n|\n|t:|1783535454\n|move|p1a: Iron Bundle|Freeze-Dry|p2a: Mesprit\n|-damage|p2a: Mesprit|209/275\n|move|p2a: Mesprit|Drain Punch|p1a: Iron Bundle\n|-supereffective|p1a: Iron Bundle\n|-damage|p1a: Iron Bundle|0 fnt\n|-heal|p2a: Mesprit|238/275|[from] drain|[of] p1a: Iron Bundle\n|faint|p1a: Iron Bundle\n|-end|p1a: Iron Bundle|Quark Drive|[silent]\n|\n|-heal|p2a: Mesprit|255/275|[from] item: Leftovers\n|upkeep\n|\n|t:|1783535455\n|switch|p1a: Sudowoodo|Sudowoodo, L94, M|39/100\n|turn|22\n|inactive|Time left: 300 sec this turn | 300 sec total\n|\n|t:|1783535456\n|move|p2a: Mesprit|Ice Beam|p1a: Sudowoodo\n|-damage|p1a: Sudowoodo|9/100\n|move|p1a: Sudowoodo|Head Smash|p2a: Mesprit\n|-resisted|p2a: Mesprit\n|-damage|p2a: Mesprit|162/275\n|\n|-heal|p2a: Mesprit|179/275|[from] item: Leftovers\n|-heal|p1a: Sudowoodo|15/100|[from] item: Leftovers\n|upkeep\n|turn|23\n|inactive|Time left: 300 sec this turn | 300 sec total\n|\n|t:|1783535458\n|move|p2a: Mesprit|Drain Punch|p1a: Sudowoodo\n|-supereffective|p1a: Sudowoodo\n|-damage|p1a: Sudowoodo|0 fnt\n|-heal|p2a: Mesprit|200/275|[from] drain|[of] p1a: Sudowoodo\n|faint|p1a: Sudowoodo\n|\n|win|p0y1451c8d", "uploadtime": 1783535458, "views": 0, "rating": 0, "private": 0, "password": null, "_winner": "p0y1451c8d", "_our_name": "p0y1451c8d"}