{"id": "battle-gen9randombattle-2655", "formatid": "gen9randombattle", "format": "[Gen 9] Random Battle", "players": ["p0x26556f60", "p0y265581cd"], "log": "|init|battle\n|title|p0x26556f60 vs. p0y265581cd\n|j|\u2606p0x26556f60\n|j|\u2606p0y265581cd\n|t:|1783569625\n|gametype|singles\n|player|p1|p0x26556f60|1|\n|player|p2|p0y265581cd|101|\n|gen|9\n|tier|[Gen 9] Random Battle\n|rule|Species Clause: Limit one of each Pok\u00e9mon\n|rule|HP Percentage Mod: HP is shown in percentages\n|rule|Sleep Clause Mod: Limit one foe put to sleep\n|rule|Illusion Level Mod: Illusion disguises the Pok\u00e9mon's true level\n|\n|t:|1783569625\n|teamsize|p1|6\n|teamsize|p2|6\n|start\n|switch|p1a: Lurantis|Lurantis, L87, F|264/264\n|switch|p2a: Conkeldurr|Conkeldurr, L80, F|100/100\n|turn|1\n|inactive|Battle timer is ON: inactive players will automatically lose when time's up. (requested by p0x26556f60)\n|\n|t:|1783569626\n|move|p1a: Lurantis|Superpower|p2a: Conkeldurr\n|-damage|p2a: Conkeldurr|69/100\n|-boost|p1a: Lurantis|atk|1\n|-boost|p1a: Lurantis|def|1\n|move|p2a: Conkeldurr|Knock Off|p1a: Lurantis\n|-damage|p1a: Lurantis|210/264\n|-enditem|p1a: Lurantis|Leftovers|[from] move: Knock Off|[of] p2a: Conkeldurr\n|\n|-status|p2a: Conkeldurr|brn|[from] item: Flame Orb\n|upkeep\n|turn|2\n|inactive|Time left: 300 sec this turn | 300 sec total\n|inactive|p0y265581cd also wants the timer to be on.\n|\n|t:|1783569627\n|move|p1a: Lurantis|Superpower|p2a: Conkeldurr\n|-damage|p2a: Conkeldurr|19/100 brn\n|-boost|p1a: Lurantis|atk|1\n|-boost|p1a: Lurantis|def|1\n|move|p2a: Conkeldurr|Facade|p1a: Lurantis\n|-damage|p1a: Lurantis|130/264\n|\n|-damage|p2a: Conkeldurr|13/100 brn|[from] brn\n|upkeep\n|turn|3\n|inactive|Time left: 300 sec this turn | 300 sec total\n|\n|t:|1783569628\n|switch|p2a: Infernape|Infernape, L82, F|100/100\n|move|p1a: Lurantis|Superpower|p2a: Infernape\n|-damage|p2a: Infernape|19/100\n|-boost|p1a: Lurantis|atk|1\n|-boost|p1a: Lurantis|def|1\n|\n|upkeep\n|turn|4\n|inactive|Time left: 300 sec this turn | 300 sec total\n|\n|t:|1783569630\n|-terastallize|p1a: Lurantis|Fighting\n|move|p2a: Infernape|Overheat|p1a: Lurantis\n|-damage|p1a: Lurantis|0 fnt\n|-unboost|p2a: Infernape|spa|2\n|faint|p1a: Lurantis\n|-damage|p2a: Infernape|9/100|[from] item: Life Orb\n|\n|upkeep\n|inactive|Time left: 300 sec this turn | 300 sec total | 5 sec grace\n|\n|t:|1783569631\n|switch|p1a: Great Tusk|Great Tusk, L77|304/304\n|turn|5\n|inactive|Time left: 300 sec this turn | 300 sec total\n|\n|t:|1783569632\n|switch|p2a: Gothitelle|Gothitelle, L90, F|100/100\n|move|p1a: Great Tusk|Stealth Rock|p2a: Gothitelle\n|-sidestart|p2: p0y265581cd|move: Stealth Rock\n|\n|upkeep\n|turn|6\n|inactive|Time left: 300 sec this turn | 300 sec total\n|\n|t:|1783569633\n|move|p2a: Gothitelle|Psychic|p1a: Great Tusk\n|-supereffective|p1a: Great Tusk\n|-damage|p1a: Great Tusk|0 fnt\n|faint|p1a: Great Tusk\n|-end|p1a: Great Tusk|Protosynthesis|[silent]\n|\n|upkeep\n|inactive|Time left: 300 sec this turn | 300 sec total | 5 sec grace\n|\n|t:|1783569634\n|switch|p1a: Arboliva|Arboliva, L91, F|290/290\n|turn|7\n|inactive|Time left: 300 sec this turn | 300 sec total\n|\n|t:|1783569635\n|switch|p2a: Infernape|Infernape, L82, F|9/100\n|-damage|p2a: Infernape|0 fnt|[from] Stealth Rock\n|faint|p2a: Infernape\n|move|p1a: Arboliva|Energy Ball|p2: Infernape|[notarget]\n|-fail|p1a: Arboliva\n|\n|upkeep\n|\n|t:|1783569636\n|switch|p2a: Regirock|Regirock, L83|100/100\n|-damage|p2a: Regirock|88/100|[from] Stealth Rock\n|turn|8\n|inactive|Time left: 300 sec this turn | 300 sec total\n|\n|t:|1783569637\n|-terastallize|p2a: Regirock|Fighting\n|move|p2a: Regirock|Body Press|p1a: Arboliva\n|-supereffective|p1a: Arboliva\n|-damage|p1a: Arboliva|26/290\n|-fieldstart|move: Grassy Terrain|[from] ability: Seed Sower|[of] p1a: Arboliva\n|move|p1a: Arboliva|Energy Ball|p2a: Regirock\n|-damage|p2a: Regirock|32/100\n|\n|-heal|p2a: Regirock|38/100|[from] Grassy Terrain\n|-heal|p2a: Regirock|44/100|[from] item: Leftovers\n|-heal|p1a: Arboliva|44/290|[from] Grassy Terrain\n|-heal|p1a: Arboliva|62/290|[from] item: Leftovers\n|upkeep\n|turn|9\n|inactive|Time left: 300 sec this turn | 300 sec total\n|\n|t:|1783569639\n|switch|p1a: Florges|Florges-White, L85, F|271/271\n|move|p2a: Regirock|Body Press|p1a: Florges\n|-resisted|p1a: Florges\n|-damage|p1a: Florges|181/271\n|\n|-heal|p1a: Florges|197/271|[from] Grassy Terrain\n|-heal|p1a: Florges|213/271|[from] item: Leftovers\n|-heal|p2a: Regirock|50/100|[from] Grassy Terrain\n|-heal|p2a: Regirock|56/100|[from] item: Leftovers\n|upkeep\n|turn|10\n|inactive|Time left: 300 sec this turn | 300 sec total\n|\n|t:|1783569640\n|switch|p2a: Quagsire|Quagsire, L84, F|100/100\n|-damage|p2a: Quagsire|94/100|[from] Stealth Rock\n|move|p1a: Florges|Moonblast|p2a: Quagsire\n|-damage|p2a: Quagsire|42/100\n|-unboost|p2a: Quagsire|spa|1\n|\n|-heal|p1a: Florges|229/271|[from] Grassy Terrain\n|-heal|p1a: Florges|245/271|[from] item: Leftovers\n|-heal|p2a: Quagsire|48/100|[from] Grassy Terrain\n|-heal|p2a: Quagsire|54/100|[from] item: Leftovers\n|upkeep\n|turn|11\n|inactive|Time left: 300 sec this turn | 300 sec total\n|\n|t:|1783569641\n|move|p1a: Florges|Moonblast|p2a: Quagsire\n|-damage|p2a: Quagsire|7/100\n|move|p2a: Quagsire|Recover|p2a: Quagsire\n|-heal|p2a: Quagsire|57/100\n|\n|-heal|p1a: Florges|261/271|[from] Grassy Terrain\n|-heal|p1a: Florges|271/271|[from] item: Leftovers\n|-heal|p2a: Quagsire|63/100|[from] Grassy Terrain\n|-heal|p2a: Quagsire|70/100|[from] item: Leftovers\n|upkeep\n|turn|12\n|inactive|Time left: 300 sec this turn | 300 sec total\n|\n|t:|1783569642\n|move|p1a: Florges|Moonblast|p2a: Quagsire\n|-damage|p2a: Quagsire|22/100\n|move|p2a: Quagsire|Recover|p2a: Quagsire\n|-heal|p2a: Quagsire|72/100\n|\n|-heal|p2a: Quagsire|78/100|[from] Grassy Terrain\n|-heal|p2a: Quagsire|84/100|[from] item: Leftovers\n|-fieldend|move: Grassy Terrain\n|upkeep\n|turn|13\n|inactive|Time left: 300 sec this turn | 300 sec total\n|\n|t:|1783569643\n|move|p1a: Florges|Moonblast|p2a: Quagsire\n|-damage|p2a: Quagsire|37/100\n|move|p2a: Quagsire|Toxic|p1a: Florges\n|-status|p1a: Florges|tox\n|\n|-heal|p2a: Quagsire|43/100|[from] item: Leftovers\n|-damage|p1a: Florges|255/271 tox|[from] psn\n|upkeep\n|turn|14\n|inactive|Time left: 300 sec this turn | 300 sec total\n|\n|t:|1783569644\n|move|p1a: Florges|Moonblast|p2a: Quagsire\n|-damage|p2a: Quagsire|0 fnt\n|faint|p2a: Quagsire\n|\n|-heal|p1a: Florges|271/271 tox|[from] item: Leftovers\n|-damage|p1a: Florges|239/271 tox|[from] psn\n|upkeep\n|\n|t:|1783569645\n|switch|p2a: Regirock|Regirock, L83, tera:Fighting|56/100\n|-damage|p2a: Regirock|50/100|[from] Stealth Rock\n|turn|15\n|inactive|Time left: 300 sec this turn | 300 sec total\n|\n|t:|1783569646\n|switch|p2a: Gothitelle|Gothitelle, L90, F|100/100\n|-damage|p2a: Gothitelle|88/100|[from] Stealth Rock\n|move|p1a: Florges|Moonblast|p2a: Gothitelle\n|-damage|p2a: Gothitelle|52/100\n|-unboost|p2a: Gothitelle|spa|1\n|\n|-heal|p1a: Florges|255/271 tox|[from] item: Leftovers\n|-damage|p1a: Florges|207/271 tox|[from] psn\n|upkeep\n|turn|16\n|inactive|Time left: 300 sec this turn | 300 sec total\n|\n|t:|1783569647\n|move|p2a: Gothitelle|Psychic|p1a: Florges\n|-damage|p1a: Florges|158/271 tox\n|move|p1a: Florges|Moonblast|p2a: Gothitelle\n|-damage|p2a: Gothitelle|20/100\n|\n|-heal|p1a: Florges|174/271 tox|[from] item: Leftovers\n|-damage|p1a: Florges|110/271 tox|[from] psn\n|upkeep\n|turn|17\n|inactive|Time left: 300 sec this turn | 300 sec total\n|\n|t:|1783569647\n|move|p2a: Gothitelle|Psychic|p1a: Florges\n|-damage|p1a: Florges|65/271 tox\n|-unboost|p1a: Florges|spd|1\n|move|p1a: Florges|Synthesis|p1a: Florges\n|-heal|p1a: Florges|200/271 tox\n|\n|-heal|p1a: Florges|216/271 tox|[from] item: Leftovers\n|-damage|p1a: Florges|136/271 tox|[from] psn\n|upkeep\n|turn|18\n|inactive|Time left: 300 sec this turn | 300 sec total\n|\n|t:|1783569648\n|move|p2a: Gothitelle|Psychic|p1a: Florges\n|-damage|p1a: Florges|64/271 tox\n|move|p1a: Florges|Moonblast|p2a: Gothitelle\n|-damage|p2a: Gothitelle|0 fnt\n|faint|p2a: Gothitelle\n|\n|-heal|p1a: Florges|80/271 tox|[from] item: Leftovers\n|-damage|p1a: Florges|0 fnt|[from] psn\n|faint|p1a: Florges\n|upkeep\n|inactive|Time left: 300 sec this turn | 300 sec total | 5 sec grace\n|\n|t:|1783569649\n|switch|p1a: Grumpig|Grumpig, L92, F|297/297\n|switch|p2a: Regirock|Regirock, L83, tera:Fighting|50/100\n|-damage|p2a: Regirock|44/100|[from] Stealth Rock\n|turn|19\n|inactive|Time left: 300 sec this turn | 300 sec total\n|\n|t:|1783569650\n|move|p1a: Grumpig|Psyshock|p2a: Regirock\n|-supereffective|p2a: Regirock\n|-damage|p2a: Regirock|8/100\n|move|p2a: Regirock|Thunder Wave|p1a: Grumpig\n|-status|p1a: Grumpig|par\n|\n|-heal|p2a: Regirock|14/100|[from] item: Leftovers\n|upkeep\n|turn|20\n|inactive|Time left: 300 sec this turn | 300 sec total\n|\n|t:|1783569651\n|move|p1a: Grumpig|Psyshock|p2a: Regirock\n|-supereffective|p2a: Regirock\n|-damage|p2a: Regirock|0 fnt\n|faint|p2a: Regirock\n|\n|upkeep\n|\n|t:|1783569652\n|switch|p2a: Samurott|Samurott-Hisui, L77, F|100/100\n|-damage|p2a: Samurott|88/100|[from] Stealth Rock\n|turn|21\n|inactive|Time left: 300 sec this turn | 300 sec total\n|\n|t:|1783569653\n|switch|p1a: Arboliva|Arboliva, L91, F|62/290\n|move|p2a: Samurott|Swords Dance|p2a: Samurott\n|-boost|p2a: Samurott|atk|2\n|\n|-heal|p1a: Arboliva|80/290|[from] item: Leftovers\n|upkeep\n|turn|22\n|inactive|Time left: 300 sec this turn | 300 sec total\n|\n|t:|1783569654\n|move|p2a: Samurott|Sacred Sword|p1a: Arboliva\n|-supereffective|p1a: Arboliva\n|-damage|p1a: Arboliva|0 fnt\n|-fieldstart|move: Grassy Terrain|[from] ability: Seed Sower|[of] p1a: Arboliva\n|faint|p1a: Arboliva\n|-damage|p2a: Samurott|78/100|[from] item: Life Orb\n|\n|-heal|p2a: Samurott|84/100|[from] Grassy Terrain\n|upkeep\n|inactive|Time left: 300 sec this turn | 300 sec total | 5 sec grace\n|\n|t:|1783569655\n|switch|p1a: Probopass|Probopass, L91, M|257/257\n|turn|23\n|inactive|Time left: 300 sec this turn | 300 sec total\n|\n|t:|1783569656\n|move|p2a: Samurott|Razor Shell|p1a: Probopass\n|-supereffective|p1a: Probopass\n|-damage|p1a: Probopass|0 fnt\n|faint|p1a: Probopass\n|-damage|p2a: Samurott|74/100|[from] item: Life Orb\n|\n|-heal|p2a: Samurott|80/100|[from] Grassy Terrain\n|upkeep\n|inactive|Time left: 300 sec this turn | 300 sec total | 5 sec grace\n|\n|t:|1783569657\n|switch|p1a: Grumpig|Grumpig, L92, F|297/297 par\n|turn|24\n|inactive|Time left: 300 sec this turn | 300 sec total\n|\n|t:|1783569658\n|move|p2a: Samurott|Razor Shell|p1a: Grumpig\n|-damage|p1a: Grumpig|5/297 par\n|-damage|p2a: Samurott|71/100|[from] item: Life Orb\n|move|p1a: Grumpig|Focus Blast|p2a: Samurott\n|-supereffective|p2a: Samurott\n|-damage|p2a: Samurott|0 fnt\n|faint|p2a: Samurott\n|\n|-heal|p1a: Grumpig|23/297 par|[from] Grassy Terrain\n|upkeep\n|\n|t:|1783569659\n|switch|p2a: Conkeldurr|Conkeldurr, L80, F|13/100 brn\n|-damage|p2a: Conkeldurr|7/100 brn|[from] Stealth Rock\n|turn|25\n|inactive|Time left: 300 sec this turn | 300 sec total\n|\n|t:|1783569660\n|move|p2a: Conkeldurr|Mach Punch|p1a: Grumpig\n|-resisted|p1a: Grumpig\n|-damage|p1a: Grumpig|0 fnt\n|faint|p1a: Grumpig\n|\n|win|p0y265581cd", "uploadtime": 1783569660, "views": 0, "rating": 0, "private": 0, "password": null, "_winner": "p0y265581cd", "_our_name": "p0x26556f60"}