{"id": "battle-gen9randombattle-1695", "formatid": "gen9randombattle", "format": "[Gen 9] Random Battle", "players": ["p0x1695abca", "p0y169512f0"], "log": "|init|battle\n|title|p0x1695abca vs. p0y169512f0\n|j|\u2606p0x1695abca\n|j|\u2606p0y169512f0\n|t:|1783559636\n|gametype|singles\n|player|p1|p0x1695abca|102|\n|player|p2|p0y169512f0|170|\n|gen|9\n|tier|[Gen 9] Random Battle\n|rule|Species Clause: Limit one of each Pok\u00e9mon\n|rule|HP Percentage Mod: HP is shown in percentages\n|rule|Sleep Clause Mod: Limit one foe put to sleep\n|rule|Illusion Level Mod: Illusion disguises the Pok\u00e9mon's true level\n|\n|t:|1783559636\n|teamsize|p1|6\n|teamsize|p2|6\n|start\n|switch|p1a: Victreebel|Victreebel, L90, M|100/100\n|switch|p2a: Bronzong|Bronzong, L88|261/261\n|turn|1\n|inactive|Battle timer is ON: inactive players will automatically lose when time's up. (requested by p0x1695abca)\n|inactive|Time left: 300 sec this turn | 300 sec total | 60 sec grace\n|inactive|p0y169512f0 also wants the timer to be on.\n|\n|t:|1783559637\n|move|p1a: Victreebel|Swords Dance|p1a: Victreebel\n|-boost|p1a: Victreebel|atk|2\n|move|p2a: Bronzong|Psychic Noise|p1a: Victreebel\n|-supereffective|p1a: Victreebel\n|-damage|p1a: Victreebel|46/100\n|-start|p1a: Victreebel|move: Heal Block\n|\n|upkeep\n|turn|2\n|inactive|Time left: 300 sec this turn | 300 sec total\n|\n|t:|1783559639\n|move|p1a: Victreebel|Power Whip|p2a: Bronzong\n|-resisted|p2a: Bronzong\n|-damage|p2a: Bronzong|99/261\n|-damage|p1a: Victreebel|36/100|[from] item: Life Orb\n|move|p2a: Bronzong|Psychic Noise|p1a: Victreebel\n|-supereffective|p1a: Victreebel\n|-damage|p1a: Victreebel|0 fnt\n|faint|p1a: Victreebel\n|\n|-heal|p2a: Bronzong|115/261|[from] item: Leftovers\n|upkeep\n|\n|t:|1783559640\n|switch|p1a: Magmortar|Magmortar, L88, M|100/100\n|turn|3\n|inactive|Time left: 300 sec this turn | 300 sec total\n|\n|t:|1783559641\n|switch|p2a: Snorlax|Snorlax, L82, F|397/397\n|move|p1a: Magmortar|Fire Blast|p2a: Snorlax\n|-damage|p2a: Snorlax|324/397\n|\n|upkeep\n|turn|4\n|inactive|Time left: 300 sec this turn | 300 sec total\n|\n|t:|1783559642\n|move|p1a: Magmortar|Fire Blast|p2a: Snorlax\n|-damage|p2a: Snorlax|251/397\n|move|p2a: Snorlax|Earthquake|p1a: Magmortar\n|-supereffective|p1a: Magmortar\n|-damage|p1a: Magmortar|33/100\n|\n|upkeep\n|turn|5\n|inactive|Time left: 300 sec this turn | 300 sec total\n|\n|t:|1783559644\n|move|p1a: Magmortar|Focus Blast|p2a: Snorlax\n|-supereffective|p2a: Snorlax\n|-damage|p2a: Snorlax|57/397\n|move|p2a: Snorlax|Body Slam|p1a: Magmortar\n|-damage|p1a: Magmortar|0 fnt\n|faint|p1a: Magmortar\n|\n|upkeep\n|\n|t:|1783559645\n|switch|p1a: Manaphy|Manaphy, L78|100/100\n|turn|6\n|inactive|Time left: 300 sec this turn | 300 sec total\n|\n|t:|1783559646\n|move|p1a: Manaphy|Tail Glow|p1a: Manaphy\n|-boost|p1a: Manaphy|spa|3\n|move|p2a: Snorlax|Rest|p2a: Snorlax\n|-status|p2a: Snorlax|slp|[from] move: Rest\n|-heal|p2a: Snorlax|397/397 slp|[silent]\n|-enditem|p2a: Snorlax|Chesto Berry|[eat]\n|-curestatus|p2a: Snorlax|slp|[msg]\n|\n|upkeep\n|turn|7\n|inactive|Time left: 300 sec this turn | 300 sec total\n|\n|t:|1783559647\n|move|p1a: Manaphy|Surf|p2a: Snorlax\n|-damage|p2a: Snorlax|204/397\n|move|p2a: Snorlax|Body Slam|p1a: Manaphy\n|-damage|p1a: Manaphy|71/100\n|-status|p1a: Manaphy|par\n|\n|-heal|p1a: Manaphy|77/100 par|[from] item: Leftovers\n|upkeep\n|turn|8\n|inactive|Time left: 300 sec this turn | 300 sec total\n|\n|t:|1783559648\n|cant|p1a: Manaphy|par\n|move|p2a: Snorlax|Body Slam|p1a: Manaphy\n|-damage|p1a: Manaphy|42/100 par\n|\n|-heal|p1a: Manaphy|48/100 par|[from] item: Leftovers\n|upkeep\n|turn|9\n|inactive|Time left: 300 sec this turn | 300 sec total\n|\n|t:|1783559649\n|move|p1a: Manaphy|Surf|p2a: Snorlax\n|-damage|p2a: Snorlax|6/397\n|move|p2a: Snorlax|Body Slam|p1a: Manaphy\n|-damage|p1a: Manaphy|17/100 par\n|\n|-heal|p1a: Manaphy|23/100 par|[from] item: Leftovers\n|upkeep\n|turn|10\n|inactive|Time left: 300 sec this turn | 300 sec total\n|\n|t:|1783559650\n|move|p1a: Manaphy|Surf|p2a: Snorlax\n|-damage|p2a: Snorlax|0 fnt\n|faint|p2a: Snorlax\n|\n|-heal|p1a: Manaphy|29/100 par|[from] item: Leftovers\n|upkeep\n|inactive|Time left: 300 sec this turn | 300 sec total | 5 sec grace\n|\n|t:|1783559651\n|switch|p2a: Hitmonlee|Hitmonlee, L85, M|224/224\n|turn|11\n|inactive|Time left: 300 sec this turn | 300 sec total\n|\n|t:|1783559653\n|move|p2a: Hitmonlee|Close Combat|p1a: Manaphy\n|-damage|p1a: Manaphy|0 fnt\n|-unboost|p2a: Hitmonlee|def|1\n|-unboost|p2a: Hitmonlee|spd|1\n|faint|p1a: Manaphy\n|-enditem|p2a: Hitmonlee|White Herb\n|-clearnegativeboost|p2a: Hitmonlee|[silent]\n|\n|upkeep\n|\n|t:|1783559653\n|switch|p1a: Slowbro|Slowbro-Galar, L87, F|100/100\n|turn|12\n|inactive|Time left: 300 sec this turn | 300 sec total\n|\n|t:|1783559654\n|move|p2a: Hitmonlee|Knock Off|p1a: Slowbro\n|-supereffective|p1a: Slowbro\n|-damage|p1a: Slowbro|54/100\n|-enditem|p1a: Slowbro|Assault Vest|[from] move: Knock Off|[of] p2a: Hitmonlee\n|move|p1a: Slowbro|Psychic|p2a: Hitmonlee\n|-supereffective|p2a: Hitmonlee\n|-crit|p2a: Hitmonlee\n|-damage|p2a: Hitmonlee|0 fnt\n|faint|p2a: Hitmonlee\n|\n|upkeep\n|inactive|Time left: 300 sec this turn | 300 sec total | 5 sec grace\n|\n|t:|1783559655\n|switch|p2a: Oricorio|Oricorio-Pa'u, L87, F|272/272\n|turn|13\n|inactive|Time left: 300 sec this turn | 300 sec total\n|\n|t:|1783559656\n|switch|p1a: Regice|Regice, L88|100/100\n|move|p2a: Oricorio|Quiver Dance|p2a: Oricorio\n|-boost|p2a: Oricorio|spa|1\n|-boost|p2a: Oricorio|spd|1\n|-boost|p2a: Oricorio|spe|1\n|\n|upkeep\n|turn|14\n|inactive|Time left: 300 sec this turn | 300 sec total\n|\n|t:|1783559657\n|move|p2a: Oricorio|Quiver Dance|p2a: Oricorio\n|-boost|p2a: Oricorio|spa|1\n|-boost|p2a: Oricorio|spd|1\n|-boost|p2a: Oricorio|spe|1\n|move|p1a: Regice|Ice Beam|p2a: Oricorio\n|-supereffective|p2a: Oricorio\n|-damage|p2a: Oricorio|140/272\n|\n|upkeep\n|turn|15\n|inactive|Time left: 300 sec this turn | 300 sec total\n|\n|t:|1783559658\n|move|p2a: Oricorio|Roost|p2a: Oricorio\n|-heal|p2a: Oricorio|272/272\n|-singleturn|p2a: Oricorio|move: Roost\n|move|p1a: Regice|Ice Beam|p2a: Oricorio\n|-damage|p2a: Oricorio|206/272\n|\n|upkeep\n|turn|16\n|inactive|Time left: 300 sec this turn | 300 sec total\n|\n|t:|1783559659\n|move|p2a: Oricorio|Quiver Dance|p2a: Oricorio\n|-boost|p2a: Oricorio|spa|1\n|-boost|p2a: Oricorio|spd|1\n|-boost|p2a: Oricorio|spe|1\n|move|p1a: Regice|Ice Beam|p2a: Oricorio\n|-supereffective|p2a: Oricorio\n|-damage|p2a: Oricorio|104/272\n|\n|upkeep\n|turn|17\n|inactive|Time left: 300 sec this turn | 300 sec total\n|\n|t:|1783559659\n|move|p2a: Oricorio|Roost|p2a: Oricorio\n|-heal|p2a: Oricorio|240/272\n|-singleturn|p2a: Oricorio|move: Roost\n|move|p1a: Regice|Ice Beam|p2a: Oricorio\n|-damage|p2a: Oricorio|189/272\n|\n|upkeep\n|turn|18\n|inactive|Time left: 300 sec this turn | 300 sec total\n|\n|t:|1783559660\n|move|p2a: Oricorio|Quiver Dance|p2a: Oricorio\n|-boost|p2a: Oricorio|spa|1\n|-boost|p2a: Oricorio|spd|1\n|-boost|p2a: Oricorio|spe|1\n|move|p1a: Regice|Ice Beam|p2a: Oricorio\n|-supereffective|p2a: Oricorio\n|-damage|p2a: Oricorio|111/272\n|\n|upkeep\n|turn|19\n|inactive|Time left: 300 sec this turn | 300 sec total\n|\n|t:|1783559661\n|move|p2a: Oricorio|Roost|p2a: Oricorio\n|-heal|p2a: Oricorio|247/272\n|-singleturn|p2a: Oricorio|move: Roost\n|move|p1a: Regice|Ice Beam|p2a: Oricorio\n|-damage|p2a: Oricorio|202/272\n|\n|upkeep\n|turn|20\n|inactive|Time left: 300 sec this turn | 300 sec total\n|\n|t:|1783559662\n|move|p2a: Oricorio|Revelation Dance|p1a: Regice\n|-damage|p1a: Regice|45/100\n|move|p1a: Regice|Ice Beam|p2a: Oricorio\n|-supereffective|p2a: Oricorio\n|-damage|p2a: Oricorio|116/272\n|\n|upkeep\n|turn|21\n|inactive|Time left: 300 sec this turn | 300 sec total\n|\n|t:|1783559663\n|move|p2a: Oricorio|Revelation Dance|p1a: Regice\n|-damage|p1a: Regice|0 fnt\n|faint|p1a: Regice\n|\n|upkeep\n|\n|t:|1783559664\n|switch|p1a: Klawf|Klawf, L90, M|100/100\n|turn|22\n|inactive|Time left: 300 sec this turn | 300 sec total\n|\n|t:|1783559665\n|-terastallize|p1a: Klawf|Rock\n|move|p2a: Oricorio|Revelation Dance|p1a: Klawf\n|-damage|p1a: Klawf|0 fnt\n|faint|p1a: Klawf\n|\n|upkeep\n|\n|t:|1783559666\n|switch|p1a: Slowbro|Slowbro-Galar, L87, F|87/100\n|turn|23\n|inactive|Time left: 300 sec this turn | 300 sec total\n|\n|t:|1783559667\n|move|p2a: Oricorio|Revelation Dance|p1a: Slowbro\n|-damage|p1a: Slowbro|0 fnt\n|faint|p1a: Slowbro\n|\n|win|p0y169512f0", "uploadtime": 1783559667, "views": 0, "rating": 0, "private": 0, "password": null, "_winner": "p0y169512f0", "_our_name": "p0y169512f0"}