{"id": "battle-gen9randombattle-2610", "formatid": "gen9randombattle", "format": "[Gen 9] Random Battle", "players": ["p0x2610e5b1", "p0y26103493"], "log": "|init|battle\n|title|p0x2610e5b1 vs. p0y26103493\n|j|\u2606p0x2610e5b1\n|j|\u2606p0y26103493\n|t:|1783570143\n|gametype|singles\n|player|p1|p0x2610e5b1|169|\n|player|p2|p0y26103493|101|\n|gen|9\n|tier|[Gen 9] Random Battle\n|rule|Species Clause: Limit one of each Pok\u00e9mon\n|rule|HP Percentage Mod: HP is shown in percentages\n|rule|Sleep Clause Mod: Limit one foe put to sleep\n|rule|Illusion Level Mod: Illusion disguises the Pok\u00e9mon's true level\n|\n|t:|1783570143\n|teamsize|p1|6\n|teamsize|p2|6\n|start\n|switch|p1a: Ludicolo|Ludicolo, L90, F|290/290\n|switch|p2a: Leafeon|Leafeon, L88, F|100/100\n|turn|1\n|inactive|Battle timer is ON: inactive players will automatically lose when time's up. (requested by p0x2610e5b1)\n|inactive|p0y26103493 also wants the timer to be on.\n|\n|t:|1783570144\n|move|p2a: Leafeon|Swords Dance|p2a: Leafeon\n|-boost|p2a: Leafeon|atk|2\n|move|p1a: Ludicolo|Ice Beam|p2a: Leafeon\n|-supereffective|p2a: Leafeon\n|-damage|p2a: Leafeon|0 fnt\n|faint|p2a: Leafeon\n|\n|upkeep\n|\n|t:|1783570144\n|switch|p2a: Rotom|Rotom-Wash, L82|100/100\n|turn|2\n|inactive|Time left: 300 sec this turn | 300 sec total\n|\n|t:|1783570145\n|move|p2a: Rotom|Discharge|p1a: Ludicolo\n|-damage|p1a: Ludicolo|220/290\n|move|p1a: Ludicolo|Ice Beam|p2a: Rotom\n|-resisted|p2a: Rotom\n|-damage|p2a: Rotom|81/100\n|\n|-heal|p2a: Rotom|87/100|[from] item: Leftovers\n|upkeep\n|turn|3\n|inactive|Time left: 300 sec this turn | 300 sec total\n|\n|t:|1783570146\n|move|p2a: Rotom|Discharge|p1a: Ludicolo\n|-damage|p1a: Ludicolo|147/290\n|-status|p1a: Ludicolo|par\n|move|p1a: Ludicolo|Ice Beam|p2a: Rotom\n|-resisted|p2a: Rotom\n|-damage|p2a: Rotom|66/100\n|\n|-heal|p2a: Rotom|72/100|[from] item: Leftovers\n|upkeep\n|turn|4\n|inactive|Time left: 300 sec this turn | 300 sec total\n|\n|t:|1783570147\n|move|p2a: Rotom|Discharge|p1a: Ludicolo\n|-damage|p1a: Ludicolo|77/290 par\n|move|p1a: Ludicolo|Ice Beam|p2a: Rotom\n|-resisted|p2a: Rotom\n|-damage|p2a: Rotom|53/100\n|\n|-heal|p2a: Rotom|59/100|[from] item: Leftovers\n|upkeep\n|turn|5\n|inactive|Time left: 300 sec this turn | 300 sec total\n|\n|t:|1783570148\n|move|p2a: Rotom|Hydro Pump|p1a: Ludicolo\n|-resisted|p1a: Ludicolo\n|-damage|p1a: Ludicolo|52/290 par\n|move|p1a: Ludicolo|Ice Beam|p2a: Rotom\n|-resisted|p2a: Rotom\n|-damage|p2a: Rotom|38/100\n|\n|-heal|p2a: Rotom|44/100|[from] item: Leftovers\n|upkeep\n|turn|6\n|inactive|Time left: 300 sec this turn | 300 sec total\n|\n|t:|1783570149\n|move|p2a: Rotom|Discharge|p1a: Ludicolo\n|-damage|p1a: Ludicolo|0 fnt\n|faint|p1a: Ludicolo\n|\n|-heal|p2a: Rotom|50/100|[from] item: Leftovers\n|upkeep\n|inactive|Time left: 300 sec this turn | 300 sec total | 5 sec grace\n|\n|t:|1783570150\n|switch|p1a: Miraidon|Miraidon, L65|238/238\n|-fieldstart|move: Electric Terrain|[from] ability: Hadron Engine|[of] p1a: Miraidon\n|turn|7\n|inactive|Time left: 300 sec this turn | 300 sec total\n|\n|t:|1783570151\n|switch|p2a: Wigglytuff|Wigglytuff, L96, F|100/100\n|move|p1a: Miraidon|Electro Drift|p2a: Wigglytuff\n|-damage|p2a: Wigglytuff|38/100\n|-damage|p1a: Miraidon|215/238|[from] item: Life Orb\n|\n|-heal|p2a: Wigglytuff|44/100|[from] item: Leftovers\n|upkeep\n|turn|8\n|inactive|Time left: 300 sec this turn | 300 sec total\n|\n|t:|1783570152\n|move|p2a: Wigglytuff|Protect|p2a: Wigglytuff\n|-singleturn|p2a: Wigglytuff|Protect\n|move|p1a: Miraidon|Electro Drift|p2a: Wigglytuff\n|-activate|p2a: Wigglytuff|move: Protect\n|\n|-heal|p2a: Wigglytuff|50/100|[from] item: Leftovers\n|upkeep\n|turn|9\n|inactive|Time left: 300 sec this turn | 300 sec total\n|\n|t:|1783570153\n|switch|p2a: Dialga|Dialga, L73|100/100\n|-ability|p2a: Dialga|Pressure\n|move|p1a: Miraidon|Electro Drift|p2a: Dialga\n|-resisted|p2a: Dialga\n|-damage|p2a: Dialga|64/100\n|-damage|p1a: Miraidon|192/238|[from] item: Life Orb\n|\n|-heal|p2a: Dialga|70/100|[from] item: Leftovers\n|upkeep\n|turn|10\n|inactive|Time left: 300 sec this turn | 300 sec total\n|\n|t:|1783570154\n|move|p1a: Miraidon|Draco Meteor|p2a: Dialga\n|-damage|p2a: Dialga|0 fnt\n|-unboost|p1a: Miraidon|spa|2\n|faint|p2a: Dialga\n|-damage|p1a: Miraidon|169/238|[from] item: Life Orb\n|\n|upkeep\n|\n|t:|1783570155\n|switch|p2a: Wigglytuff|Wigglytuff, L96, F|50/100\n|turn|11\n|inactive|Time left: 300 sec this turn | 300 sec total\n|\n|t:|1783570156\n|switch|p1a: Pincurchin|Pincurchin, M|258/258\n|move|p2a: Wigglytuff|Alluring Voice|p1a: Pincurchin\n|-damage|p1a: Pincurchin|170/258\n|\n|-heal|p2a: Wigglytuff|56/100|[from] item: Leftovers\n|-heal|p1a: Pincurchin|186/258|[from] item: Leftovers\n|-fieldend|move: Electric Terrain\n|upkeep\n|turn|12\n|inactive|Time left: 300 sec this turn | 300 sec total\n|\n|t:|1783570157\n|move|p2a: Wigglytuff|Wish|p2a: Wigglytuff\n|move|p1a: Pincurchin|Zing Zap|p2a: Wigglytuff\n|-damage|p2a: Wigglytuff|17/100\n|\n|-heal|p2a: Wigglytuff|23/100|[from] item: Leftovers\n|-heal|p1a: Pincurchin|202/258|[from] item: Leftovers\n|upkeep\n|turn|13\n|inactive|Time left: 300 sec this turn | 300 sec total\n|\n|t:|1783570158\n|move|p2a: Wigglytuff|Protect|p2a: Wigglytuff\n|-singleturn|p2a: Wigglytuff|Protect\n|move|p1a: Pincurchin|Zing Zap|p2a: Wigglytuff\n|-activate|p2a: Wigglytuff|move: Protect\n|\n|-heal|p2a: Wigglytuff|73/100|[from] move: Wish|[wisher] Wigglytuff\n|-heal|p2a: Wigglytuff|79/100|[from] item: Leftovers\n|-heal|p1a: Pincurchin|218/258|[from] item: Leftovers\n|upkeep\n|turn|14\n|inactive|Time left: 300 sec this turn | 300 sec total\n|\n|t:|1783570159\n|move|p2a: Wigglytuff|Alluring Voice|p1a: Pincurchin\n|-damage|p1a: Pincurchin|134/258\n|move|p1a: Pincurchin|Zing Zap|p2a: Wigglytuff\n|-damage|p2a: Wigglytuff|42/100\n|\n|-heal|p2a: Wigglytuff|48/100|[from] item: Leftovers\n|-heal|p1a: Pincurchin|150/258|[from] item: Leftovers\n|upkeep\n|turn|15\n|inactive|Time left: 300 sec this turn | 300 sec total\n|\n|t:|1783570160\n|move|p2a: Wigglytuff|Alluring Voice|p1a: Pincurchin\n|-damage|p1a: Pincurchin|59/258\n|move|p1a: Pincurchin|Zing Zap|p2a: Wigglytuff\n|-damage|p2a: Wigglytuff|8/100\n|\n|-heal|p2a: Wigglytuff|14/100|[from] item: Leftovers\n|-heal|p1a: Pincurchin|75/258|[from] item: Leftovers\n|upkeep\n|turn|16\n|inactive|Time left: 300 sec this turn | 300 sec total\n|\n|t:|1783570161\n|switch|p1a: Magcargo|Magcargo, L95, F|268/268\n|move|p2a: Wigglytuff|Alluring Voice|p1a: Magcargo\n|-resisted|p1a: Magcargo\n|-damage|p1a: Magcargo|222/268\n|\n|-heal|p2a: Wigglytuff|21/100|[from] item: Leftovers\n|upkeep\n|turn|17\n|inactive|Time left: 300 sec this turn | 300 sec total\n|\n|t:|1783570162\n|move|p2a: Wigglytuff|Wish|p2a: Wigglytuff\n|move|p1a: Magcargo|Power Gem|p2a: Wigglytuff\n|-damage|p2a: Wigglytuff|0 fnt\n|faint|p2a: Wigglytuff\n|\n|upkeep\n|\n|t:|1783570163\n|switch|p2a: Rotom|Rotom-Wash, L82|50/100\n|turn|18\n|inactive|Time left: 300 sec this turn | 300 sec total\n|\n|t:|1783570164\n|switch|p1a: Miraidon|Miraidon, L65|169/238\n|-fieldstart|move: Electric Terrain|[from] ability: Hadron Engine|[of] p1a: Miraidon\n|move|p2a: Rotom|Discharge|p1a: Miraidon\n|-resisted|p1a: Miraidon\n|-damage|p1a: Miraidon|148/238\n|\n|-heal|p2a: Rotom|100/100|[from] move: Wish|[wisher] Wigglytuff\n|upkeep\n|turn|19\n|inactive|Time left: 300 sec this turn | 300 sec total\n|\n|t:|1783570165\n|move|p1a: Miraidon|Calm Mind|p1a: Miraidon\n|-boost|p1a: Miraidon|spa|1\n|-boost|p1a: Miraidon|spd|1\n|move|p2a: Rotom|Hydro Pump|p1a: Miraidon|[miss]\n|-miss|p2a: Rotom|p1a: Miraidon\n|\n|upkeep\n|turn|20\n|inactive|Time left: 300 sec this turn | 300 sec total\n|\n|t:|1783570166\n|move|p1a: Miraidon|Electro Drift|p2a: Rotom\n|-damage|p2a: Rotom|0 fnt\n|faint|p2a: Rotom\n|-damage|p1a: Miraidon|125/238|[from] item: Life Orb\n|\n|upkeep\n|\n|t:|1783570167\n|switch|p2a: Floatzel|Floatzel, L86, M|100/100\n|turn|21\n|inactive|Time left: 300 sec this turn | 300 sec total\n|\n|t:|1783570168\n|-terastallize|p1a: Miraidon|Electric\n|move|p2a: Floatzel|Ice Spinner|p1a: Miraidon\n|-damage|p1a: Miraidon|51/238\n|-fieldend|move: Electric Terrain\n|move|p1a: Miraidon|Electro Drift|p2a: Floatzel\n|-supereffective|p2a: Floatzel\n|-damage|p2a: Floatzel|0 fnt\n|faint|p2a: Floatzel\n|-damage|p1a: Miraidon|28/238|[from] item: Life Orb\n|\n|upkeep\n|\n|t:|1783570169\n|switch|p2a: Klefki|Klefki, L84, M|100/100\n|turn|22\n|inactive|Time left: 300 sec this turn | 300 sec total\n|\n|t:|1783570170\n|move|p1a: Miraidon|Electro Drift|p2a: Klefki\n|-damage|p2a: Klefki|11/100\n|-damage|p1a: Miraidon|5/238|[from] item: Life Orb\n|move|p2a: Klefki|Play Rough|p1a: Miraidon|[miss]\n|-miss|p2a: Klefki|p1a: Miraidon\n|\n|-heal|p2a: Klefki|17/100|[from] item: Leftovers\n|upkeep\n|turn|23\n|inactive|Time left: 300 sec this turn | 300 sec total\n|\n|t:|1783570171\n|-terastallize|p2a: Klefki|Water\n|move|p1a: Miraidon|Electro Drift|p2a: Klefki\n|-supereffective|p2a: Klefki\n|-damage|p2a: Klefki|0 fnt\n|faint|p2a: Klefki\n|-damage|p1a: Miraidon|0 fnt|[from] item: Life Orb\n|faint|p1a: Miraidon\n|\n|win|p0x2610e5b1", "uploadtime": 1783570171, "views": 0, "rating": 0, "private": 0, "password": null, "_winner": "p0x2610e5b1", "_our_name": "p0x2610e5b1"}