{"id": "battle-gen9randombattle-683", "formatid": "gen9randombattle", "format": "[Gen 9] Random Battle", "players": ["p0x6837507", "p0y683fed0"], "log": "|init|battle\n|title|p0x6837507 vs. p0y683fed0\n|j|\u2606p0x6837507\n|j|\u2606p0y683fed0\n|t:|1783547754\n|gametype|singles\n|player|p1|p0x6837507|266|\n|player|p2|p0y683fed0|1|\n|gen|9\n|tier|[Gen 9] Random Battle\n|rule|Species Clause: Limit one of each Pok\u00e9mon\n|rule|HP Percentage Mod: HP is shown in percentages\n|rule|Sleep Clause Mod: Limit one foe put to sleep\n|rule|Illusion Level Mod: Illusion disguises the Pok\u00e9mon's true level\n|\n|t:|1783547754\n|teamsize|p1|6\n|teamsize|p2|6\n|start\n|switch|p1a: Yanmega|Yanmega, L82, M|100/100\n|switch|p2a: Torkoal|Torkoal, L88, F|266/266\n|-weather|SunnyDay|[from] ability: Drought|[of] p2a: Torkoal\n|turn|1\n|inactive|Battle timer is ON: inactive players will automatically lose when time's up. (requested by p0y683fed0)\n|inactive|p0x6837507 also wants the timer to be on.\n|\n|t:|1783547755\n|move|p1a: Yanmega|Protect|p1a: Yanmega\n|-singleturn|p1a: Yanmega|Protect\n|move|p2a: Torkoal|Lava Plume|p1a: Yanmega\n|-activate|p1a: Yanmega|move: Protect\n|\n|-weather|SunnyDay|[upkeep]\n|-ability|p1a: Yanmega|Speed Boost|boost\n|-boost|p1a: Yanmega|spe|1\n|upkeep\n|turn|2\n|inactive|Time left: 300 sec this turn | 300 sec total\n|\n|t:|1783547756\n|-terastallize|p1a: Yanmega|Ground\n|move|p1a: Yanmega|Tera Blast|p2a: Torkoal|[anim] Tera Blast Ground\n|-supereffective|p2a: Torkoal\n|-damage|p2a: Torkoal|60/266\n|move|p2a: Torkoal|Lava Plume|p1a: Yanmega\n|-damage|p1a: Yanmega|39/100\n|\n|-weather|SunnyDay|[upkeep]\n|-ability|p1a: Yanmega|Speed Boost|boost\n|-boost|p1a: Yanmega|spe|1\n|upkeep\n|turn|3\n|inactive|Time left: 300 sec this turn | 300 sec total\n|\n|t:|1783547757\n|switch|p2a: Pelipper|Pelipper, L86, F|243/243\n|-weather|RainDance|[from] ability: Drizzle|[of] p2a: Pelipper\n|move|p1a: Yanmega|Air Slash|p2a: Pelipper\n|-damage|p2a: Pelipper|137/243\n|\n|-weather|RainDance|[upkeep]\n|-ability|p1a: Yanmega|Speed Boost|boost\n|-boost|p1a: Yanmega|spe|1\n|upkeep\n|turn|4\n|inactive|Time left: 300 sec this turn | 300 sec total\n|\n|t:|1783547758\n|move|p1a: Yanmega|Air Slash|p2a: Pelipper\n|-damage|p2a: Pelipper|37/243\n|move|p2a: Pelipper|Hurricane|p1a: Yanmega\n|-damage|p1a: Yanmega|0 fnt\n|faint|p1a: Yanmega\n|\n|-weather|RainDance|[upkeep]\n|upkeep\n|\n|t:|1783547759\n|switch|p1a: Roaring Moon|Roaring Moon, L72|100/100\n|-enditem|p1a: Roaring Moon|Booster Energy\n|-activate|p1a: Roaring Moon|ability: Protosynthesis|[fromitem]\n|-start|p1a: Roaring Moon|protosynthesisatk\n|turn|5\n|inactive|Time left: 300 sec this turn | 300 sec total\n|\n|t:|1783547760\n|switch|p2a: Blaziken|Blaziken, L76, F|247/247\n|move|p1a: Roaring Moon|Outrage|p2a: Blaziken\n|-damage|p2a: Blaziken|24/247\n|\n|-weather|RainDance|[upkeep]\n|upkeep\n|turn|6\n|inactive|Time left: 300 sec this turn | 300 sec total\n|\n|t:|1783547761\n|move|p1a: Roaring Moon|Outrage|p2a: Blaziken|[from] lockedmove\n|-damage|p2a: Blaziken|0 fnt\n|faint|p2a: Blaziken\n|\n|-weather|RainDance|[upkeep]\n|upkeep\n|inactive|Time left: 300 sec this turn | 300 sec total | 5 sec grace\n|\n|t:|1783547762\n|switch|p2a: Moltres|Moltres-Galar, L79|271/271\n|turn|7\n|inactive|Time left: 300 sec this turn | 300 sec total\n|\n|t:|1783547763\n|move|p1a: Roaring Moon|Outrage|p2a: Moltres|[from] lockedmove\n|-damage|p2a: Moltres|102/271\n|-ability|p2a: Moltres|Berserk|boost\n|-boost|p2a: Moltres|spa|1\n|-start|p1a: Roaring Moon|confusion|[fatigue]\n|move|p2a: Moltres|Hurricane|p1a: Roaring Moon\n|-damage|p1a: Roaring Moon|37/100\n|\n|-weather|none\n|upkeep\n|turn|8\n|inactive|Time left: 300 sec this turn | 300 sec total\n|\n|t:|1783547764\n|-terastallize|p2a: Moltres|Steel\n|-activate|p1a: Roaring Moon|confusion\n|-damage|p1a: Roaring Moon|22/100|[from] confusion\n|move|p2a: Moltres|Rest|p2a: Moltres\n|-status|p2a: Moltres|slp|[from] move: Rest\n|-heal|p2a: Moltres|271/271 slp|[silent]\n|-enditem|p2a: Moltres|Chesto Berry|[eat]\n|-curestatus|p2a: Moltres|slp|[msg]\n|\n|upkeep\n|turn|9\n|inactive|Time left: 300 sec this turn | 300 sec total\n|\n|t:|1783547765\n|-activate|p1a: Roaring Moon|confusion\n|move|p1a: Roaring Moon|Knock Off|p2a: Moltres\n|-damage|p2a: Moltres|180/271\n|move|p2a: Moltres|Hurricane|p1a: Roaring Moon|[miss]\n|-miss|p2a: Moltres|p1a: Roaring Moon\n|\n|upkeep\n|turn|10\n|inactive|Time left: 300 sec this turn | 300 sec total\n|\n|t:|1783547766\n|-activate|p1a: Roaring Moon|confusion\n|move|p1a: Roaring Moon|Outrage|p2a: Moltres\n|-resisted|p2a: Moltres\n|-damage|p2a: Moltres|99/271\n|-ability|p2a: Moltres|Berserk|boost\n|-boost|p2a: Moltres|spa|1\n|move|p2a: Moltres|Fiery Wrath|p1a: Roaring Moon\n|-resisted|p1a: Roaring Moon\n|-damage|p1a: Roaring Moon|0 fnt\n|faint|p1a: Roaring Moon\n|-end|p1a: Roaring Moon|Protosynthesis|[silent]\n|\n|upkeep\n|\n|t:|1783547767\n|switch|p1a: Zebstrika|Zebstrika, L87, F|100/100\n|turn|11\n|inactive|Time left: 300 sec this turn | 300 sec total\n|\n|t:|1783547768\n|switch|p2a: Exeggutor|Exeggutor, L89, M|312/312\n|move|p1a: Zebstrika|High Horsepower|p2a: Exeggutor\n|-resisted|p2a: Exeggutor\n|-damage|p2a: Exeggutor|267/312\n|-damage|p1a: Zebstrika|91/100|[from] item: Life Orb\n|\n|upkeep\n|turn|12\n|inactive|Time left: 300 sec this turn | 300 sec total\n|\n|t:|1783547770\n|move|p1a: Zebstrika|Overheat|p2a: Exeggutor|[miss]\n|-miss|p1a: Zebstrika|p2a: Exeggutor\n|move|p2a: Exeggutor|Psychic Noise|p1a: Zebstrika\n|-crit|p1a: Zebstrika\n|-damage|p1a: Zebstrika|13/100\n|-start|p1a: Zebstrika|move: Heal Block\n|\n|upkeep\n|turn|13\n|inactive|Time left: 300 sec this turn | 300 sec total\n|\n|t:|1783547771\n|move|p1a: Zebstrika|Overheat|p2a: Exeggutor\n|-supereffective|p2a: Exeggutor\n|-damage|p2a: Exeggutor|20/312\n|-unboost|p1a: Zebstrika|spa|2\n|-enditem|p2a: Exeggutor|Sitrus Berry|[eat]\n|-heal|p2a: Exeggutor|98/312|[from] item: Sitrus Berry\n|-damage|p1a: Zebstrika|3/100|[from] item: Life Orb\n|move|p2a: Exeggutor|Psychic Noise|p1a: Zebstrika\n|-damage|p1a: Zebstrika|0 fnt\n|faint|p1a: Zebstrika\n|\n|upkeep\n|\n|t:|1783547772\n|switch|p1a: Sceptile|Sceptile, L87, M|100/100\n|turn|14\n|inactive|Time left: 300 sec this turn | 300 sec total\n|\n|t:|1783547773\n|move|p1a: Sceptile|Swords Dance|p1a: Sceptile\n|-boost|p1a: Sceptile|atk|2\n|move|p2a: Exeggutor|Psychic Noise|p1a: Sceptile\n|-damage|p1a: Sceptile|62/100\n|-start|p1a: Sceptile|move: Heal Block\n|\n|-item|p2a: Exeggutor|Sitrus Berry|[from] ability: Harvest\n|upkeep\n|-enditem|p2a: Exeggutor|Sitrus Berry|[eat]\n|-heal|p2a: Exeggutor|176/312|[from] item: Sitrus Berry\n|turn|15\n|inactive|Time left: 300 sec this turn | 300 sec total\n|\n|t:|1783547774\n|move|p1a: Sceptile|Rock Slide|p2a: Exeggutor\n|-damage|p2a: Exeggutor|40/312\n|-damage|p1a: Sceptile|52/100|[from] item: Life Orb\n|move|p2a: Exeggutor|Psychic Noise|p1a: Sceptile\n|-damage|p1a: Sceptile|12/100\n|\n|-end|p1a: Sceptile|move: Heal Block\n|upkeep\n|turn|16\n|inactive|Time left: 300 sec this turn | 300 sec total\n|\n|t:|1783547775\n|move|p1a: Sceptile|Leaf Blade|p2a: Exeggutor\n|-resisted|p2a: Exeggutor\n|-crit|p2a: Exeggutor\n|-damage|p2a: Exeggutor|0 fnt\n|faint|p2a: Exeggutor\n|-damage|p1a: Sceptile|2/100|[from] item: Life Orb\n|\n|upkeep\n|inactive|Time left: 300 sec this turn | 300 sec total | 5 sec grace\n|\n|t:|1783547776\n|switch|p2a: Pelipper|Pelipper, L86, F|37/243\n|-weather|RainDance|[from] ability: Drizzle|[of] p2a: Pelipper\n|turn|17\n|inactive|Time left: 300 sec this turn | 300 sec total\n|\n|t:|1783547777\n|move|p1a: Sceptile|Leaf Blade|p2a: Pelipper\n|-damage|p2a: Pelipper|0 fnt\n|faint|p2a: Pelipper\n|-damage|p1a: Sceptile|0 fnt|[from] item: Life Orb\n|faint|p1a: Sceptile\n|\n|-weather|RainDance|[upkeep]\n|upkeep\n|inactive|Time left: 300 sec this turn | 300 sec total | 5 sec grace\n|\n|t:|1783547778\n|switch|p1a: Dugtrio|Dugtrio-Alola, L84, F|100/100\n|switch|p2a: Munkidori|Munkidori, L79, M|269/269\n|turn|18\n|inactive|Time left: 300 sec this turn | 300 sec total\n|\n|t:|1783547779\n|switch|p2a: Torkoal|Torkoal, L88, F|60/266\n|-weather|SunnyDay|[from] ability: Drought|[of] p2a: Torkoal\n|move|p1a: Dugtrio|Earthquake|p2a: Torkoal\n|-supereffective|p2a: Torkoal\n|-damage|p2a: Torkoal|0 fnt\n|faint|p2a: Torkoal\n|-damage|p1a: Dugtrio|91/100|[from] item: Life Orb\n|\n|-weather|SunnyDay|[upkeep]\n|upkeep\n|inactive|Time left: 300 sec this turn | 300 sec total | 5 sec grace\n|\n|t:|1783547780\n|switch|p2a: Moltres|Moltres-Galar, L79, tera:Steel|99/271\n|turn|19\n|inactive|Time left: 300 sec this turn | 300 sec total\n|\n|t:|1783547781\n|move|p1a: Dugtrio|Earthquake|p2a: Moltres\n|-supereffective|p2a: Moltres\n|-damage|p2a: Moltres|0 fnt\n|faint|p2a: Moltres\n|-damage|p1a: Dugtrio|81/100|[from] item: Life Orb\n|\n|-weather|SunnyDay|[upkeep]\n|upkeep\n|inactive|Time left: 300 sec this turn | 300 sec total | 5 sec grace\n|\n|t:|1783547782\n|switch|p2a: Munkidori|Munkidori, L79, M|269/269\n|turn|20\n|inactive|Time left: 300 sec this turn | 300 sec total\n|\n|t:|1783547783\n|move|p1a: Dugtrio|Earthquake|p2a: Munkidori\n|-supereffective|p2a: Munkidori\n|-damage|p2a: Munkidori|0 fnt\n|faint|p2a: Munkidori\n|-damage|p1a: Dugtrio|71/100|[from] item: Life Orb\n|\n|win|p0x6837507", "uploadtime": 1783547783, "views": 0, "rating": 0, "private": 0, "password": null, "_winner": "p0x6837507", "_our_name": "p0y683fed0"}