{"id": "battle-gen9randombattle-190", "formatid": "gen9randombattle", "format": "[Gen 9] Random Battle", "players": ["p0x1903138", "p0y190de1e"], "log": "|init|battle\n|title|p0x1903138 vs. p0y190de1e\n|j|\u2606p0x1903138\n|j|\u2606p0y190de1e\n|t:|1783541308\n|gametype|singles\n|player|p1|p0x1903138|101|\n|player|p2|p0y190de1e|102|\n|gen|9\n|tier|[Gen 9] Random Battle\n|rule|Species Clause: Limit one of each Pok\u00e9mon\n|rule|HP Percentage Mod: HP is shown in percentages\n|rule|Sleep Clause Mod: Limit one foe put to sleep\n|rule|Illusion Level Mod: Illusion disguises the Pok\u00e9mon's true level\n|\n|t:|1783541308\n|teamsize|p1|6\n|teamsize|p2|6\n|start\n|switch|p1a: Pachirisu|Pachirisu, L96, M|271/271\n|switch|p2a: Zangoose|Zangoose, L85, M|100/100\n|turn|1\n|inactive|Battle timer is ON: inactive players will automatically lose when time's up. (requested by p0y190de1e)\n|inactive|Time left: 300 sec this turn | 300 sec total | 60 sec grace\n|inactive|p0x1903138 also wants the timer to be on.\n|\n|t:|1783541310\n|move|p1a: Pachirisu|U-turn|p2a: Zangoose\n|-damage|p2a: Zangoose|81/100\n|inactive|Time left: 300 sec this turn | 300 sec total | 65 sec grace\n|\n|t:|1783541311\n|switch|p1a: Slaking|Slaking, L84, F|389/389|[from] U-turn\n|move|p2a: Zangoose|Knock Off|p1a: Slaking\n|-damage|p1a: Slaking|315/389\n|-enditem|p1a: Slaking|Choice Scarf|[from] move: Knock Off|[of] p2a: Zangoose\n|\n|-status|p2a: Zangoose|tox|[from] item: Toxic Orb\n|upkeep\n|turn|2\n|inactive|Time left: 300 sec this turn | 300 sec total\n|\n|t:|1783541313\n|switch|p2a: Lapras|Lapras, L87, F|100/100\n|move|p1a: Slaking|Giga Impact|p2a: Lapras|[miss]\n|-miss|p1a: Slaking|p2a: Lapras\n|\n|upkeep\n|turn|3\n|inactive|Time left: 300 sec this turn | 300 sec total\n|\n|t:|1783541313\n|switch|p1a: Meganium|Meganium, L90, F|290/290\n|move|p2a: Lapras|Ice Beam|p1a: Meganium\n|-supereffective|p1a: Meganium\n|-damage|p1a: Meganium|66/290\n|\n|-heal|p1a: Meganium|84/290|[from] item: Leftovers\n|upkeep\n|turn|4\n|inactive|Time left: 300 sec this turn | 300 sec total\n|\n|t:|1783541314\n|move|p1a: Meganium|Energy Ball|p2a: Lapras\n|-supereffective|p2a: Lapras\n|-damage|p2a: Lapras|21/100\n|move|p2a: Lapras|Ice Beam|p1a: Meganium\n|-supereffective|p1a: Meganium\n|-damage|p1a: Meganium|0 fnt\n|faint|p1a: Meganium\n|\n|upkeep\n|inactive|Time left: 300 sec this turn | 300 sec total | 5 sec grace\n|\n|t:|1783541315\n|switch|p1a: Blaziken|Blaziken, L76, F|247/247\n|turn|5\n|inactive|Time left: 300 sec this turn | 300 sec total\n|\n|t:|1783541316\n|switch|p2a: Gliscor|Gliscor, L76, F|100/100\n|move|p1a: Blaziken|Swords Dance|p1a: Blaziken\n|-boost|p1a: Blaziken|atk|2\n|\n|-status|p2a: Gliscor|tox|[from] item: Toxic Orb\n|-ability|p1a: Blaziken|Speed Boost|boost\n|-boost|p1a: Blaziken|spe|1\n|upkeep\n|turn|6\n|inactive|Time left: 300 sec this turn | 300 sec total\n|\n|t:|1783541318\n|-terastallize|p2a: Gliscor|Water\n|move|p1a: Blaziken|Flare Blitz|p2a: Gliscor\n|-resisted|p2a: Gliscor\n|-damage|p2a: Gliscor|47/100 tox\n|-damage|p1a: Blaziken|204/247|[from] Recoil\n|-damage|p1a: Blaziken|180/247|[from] item: Life Orb\n|move|p2a: Gliscor|Earthquake|p1a: Blaziken\n|-supereffective|p1a: Blaziken\n|-damage|p1a: Blaziken|0 fnt\n|faint|p1a: Blaziken\n|\n|-heal|p2a: Gliscor|59/100 tox|[from] ability: Poison Heal\n|upkeep\n|inactive|Time left: 300 sec this turn | 300 sec total | 5 sec grace\n|\n|t:|1783541318\n|switch|p1a: Spectrier|Spectrier, L75|274/274\n|turn|7\n|inactive|Time left: 300 sec this turn | 300 sec total\n|\n|t:|1783541319\n|move|p1a: Spectrier|Nasty Plot|p1a: Spectrier\n|-boost|p1a: Spectrier|spa|2\n|move|p2a: Gliscor|Knock Off|p1a: Spectrier\n|-supereffective|p1a: Spectrier\n|-damage|p1a: Spectrier|112/274\n|-enditem|p1a: Spectrier|Life Orb|[from] move: Knock Off|[of] p2a: Gliscor\n|\n|-heal|p2a: Gliscor|71/100 tox|[from] ability: Poison Heal\n|upkeep\n|turn|8\n|inactive|Time left: 300 sec this turn | 300 sec total\n|\n|t:|1783541321\n|switch|p2a: Dunsparce|Dunsparce, L86, M|100/100\n|move|p1a: Spectrier|Shadow Ball|p2a: Dunsparce\n|-immune|p2a: Dunsparce\n|\n|upkeep\n|turn|9\n|inactive|Time left: 300 sec this turn | 300 sec total\n|\n|t:|1783541322\n|move|p1a: Spectrier|Dark Pulse|p2a: Dunsparce\n|-damage|p2a: Dunsparce|67/100\n|move|p2a: Dunsparce|Earthquake|p1a: Spectrier\n|-damage|p1a: Spectrier|28/274\n|\n|upkeep\n|turn|10\n|inactive|Time left: 300 sec this turn | 300 sec total\n|\n|t:|1783541323\n|move|p1a: Spectrier|Dark Pulse|p2a: Dunsparce\n|-damage|p2a: Dunsparce|37/100\n|move|p2a: Dunsparce|Earthquake|p1a: Spectrier\n|-damage|p1a: Spectrier|0 fnt\n|faint|p1a: Spectrier\n|\n|upkeep\n|inactive|Time left: 300 sec this turn | 300 sec total | 5 sec grace\n|\n|t:|1783541324\n|switch|p1a: Slaking|Slaking, L84, F|315/389\n|turn|11\n|inactive|Time left: 300 sec this turn | 300 sec total\n|\n|t:|1783541325\n|move|p1a: Slaking|Giga Impact|p2a: Dunsparce|[miss]\n|-miss|p1a: Slaking|p2a: Dunsparce\n|move|p2a: Dunsparce|Body Slam|p1a: Slaking\n|-damage|p1a: Slaking|249/389\n|\n|upkeep\n|turn|12\n|inactive|Time left: 300 sec this turn | 300 sec total\n|\n|t:|1783541326\n|cant|p1a: Slaking|ability: Truant\n|move|p2a: Dunsparce|Roost|p2a: Dunsparce\n|-heal|p2a: Dunsparce|87/100\n|-singleturn|p2a: Dunsparce|move: Roost\n|\n|upkeep\n|turn|13\n|inactive|Time left: 300 sec this turn | 300 sec total\n|\n|t:|1783541327\n|move|p1a: Slaking|Giga Impact|p2a: Dunsparce\n|-crit|p2a: Dunsparce\n|-damage|p2a: Dunsparce|0 fnt\n|-mustrecharge|p1a: Slaking\n|faint|p2a: Dunsparce\n|\n|upkeep\n|\n|t:|1783541328\n|switch|p2a: Lapras|Lapras, L87, F|21/100\n|turn|14\n|inactive|Time left: 300 sec this turn | 300 sec total\n|\n|t:|1783541329\n|cant|p1a: Slaking|recharge\n|move|p2a: Lapras|Hydro Pump|p1a: Slaking\n|-damage|p1a: Slaking|44/389\n|\n|upkeep\n|turn|15\n|inactive|Time left: 300 sec this turn | 300 sec total\n|\n|t:|1783541330\n|move|p1a: Slaking|Giga Impact|p2a: Lapras\n|-damage|p2a: Lapras|0 fnt\n|-mustrecharge|p1a: Slaking\n|faint|p2a: Lapras\n|\n|upkeep\n|\n|t:|1783541331\n|switch|p2a: Zangoose|Zangoose, L85, M|81/100 tox\n|turn|16\n|inactive|Time left: 300 sec this turn | 300 sec total\n|\n|t:|1783541332\n|cant|p1a: Slaking|recharge\n|move|p2a: Zangoose|Knock Off|p1a: Slaking\n|-damage|p1a: Slaking|0 fnt\n|faint|p1a: Slaking\n|\n|-damage|p2a: Zangoose|75/100 tox|[from] psn\n|upkeep\n|inactive|Time left: 300 sec this turn | 300 sec total | 5 sec grace\n|\n|t:|1783541333\n|switch|p1a: Garganacl|Garganacl, L80, F|291/291\n|turn|17\n|inactive|Time left: 300 sec this turn | 300 sec total\n|\n|t:|1783541334\n|switch|p2a: Malamar|Malamar, L82, M|100/100\n|move|p1a: Garganacl|Salt Cure|p2a: Malamar\n|-damage|p2a: Malamar|85/100\n|-start|p2a: Malamar|Salt Cure\n|\n|-damage|p2a: Malamar|73/100|[from] Salt Cure\n|upkeep\n|turn|18\n|inactive|Time left: 300 sec this turn | 300 sec total\n|\n|t:|1783541335\n|-terastallize|p1a: Garganacl|Ghost\n|move|p2a: Malamar|Superpower|p1a: Garganacl\n|-immune|p1a: Garganacl\n|move|p1a: Garganacl|Stealth Rock|p2a: Malamar\n|-sidestart|p2: p0y190de1e|move: Stealth Rock\n|\n|-damage|p2a: Malamar|60/100|[from] Salt Cure\n|upkeep\n|turn|19\n|inactive|Time left: 300 sec this turn | 300 sec total\n|\n|t:|1783541336\n|move|p2a: Malamar|Knock Off|p1a: Garganacl\n|-supereffective|p1a: Garganacl\n|-damage|p1a: Garganacl|139/291\n|-enditem|p1a: Garganacl|Leftovers|[from] move: Knock Off|[of] p2a: Malamar\n|move|p1a: Garganacl|Salt Cure|p2a: Malamar\n|-damage|p2a: Malamar|45/100\n|\n|-damage|p2a: Malamar|33/100|[from] Salt Cure\n|upkeep\n|turn|20\n|inactive|Time left: 300 sec this turn | 300 sec total\n|\n|t:|1783541338\n|move|p2a: Malamar|Rest|p2a: Malamar\n|-status|p2a: Malamar|slp|[from] move: Rest\n|-heal|p2a: Malamar|100/100 slp|[silent]\n|-enditem|p2a: Malamar|Chesto Berry|[eat]\n|-curestatus|p2a: Malamar|slp|[msg]\n|move|p1a: Garganacl|Recover|p1a: Garganacl\n|-heal|p1a: Garganacl|285/291\n|\n|-damage|p2a: Malamar|88/100|[from] Salt Cure\n|upkeep\n|turn|21\n|inactive|Time left: 300 sec this turn | 300 sec total\n|\n|t:|1783541339\n|move|p2a: Malamar|Knock Off|p1a: Garganacl\n|-supereffective|p1a: Garganacl\n|-damage|p1a: Garganacl|195/291\n|move|p1a: Garganacl|Body Press|p2a: Malamar\n|-damage|p2a: Malamar|64/100\n|\n|-damage|p2a: Malamar|52/100|[from] Salt Cure\n|upkeep\n|turn|22\n|inactive|Time left: 300 sec this turn | 300 sec total\n|\n|t:|1783541340\n|move|p2a: Malamar|Knock Off|p1a: Garganacl\n|-supereffective|p1a: Garganacl\n|-crit|p1a: Garganacl\n|-damage|p1a: Garganacl|43/291\n|move|p1a: Garganacl|Recover|p1a: Garganacl\n|-heal|p1a: Garganacl|189/291\n|\n|-damage|p2a: Malamar|40/100|[from] Salt Cure\n|upkeep\n|turn|23\n|inactive|Time left: 300 sec this turn | 300 sec total\n|\n|t:|1783541341\n|move|p2a: Malamar|Knock Off|p1a: Garganacl\n|-supereffective|p1a: Garganacl\n|-damage|p1a: Garganacl|97/291\n|move|p1a: Garganacl|Recover|p1a: Garganacl\n|-heal|p1a: Garganacl|243/291\n|\n|-damage|p2a: Malamar|27/100|[from] Salt Cure\n|upkeep\n|turn|24\n|inactive|Time left: 300 sec this turn | 300 sec total\n|\n|t:|1783541342\n|move|p2a: Malamar|Rest|p2a: Malamar\n|-status|p2a: Malamar|slp|[from] move: Rest\n|-heal|p2a: Malamar|100/100 slp|[silent]\n|move|p1a: Garganacl|Salt Cure|p2a: Malamar\n|-damage|p2a: Malamar|86/100 slp\n|\n|-damage|p2a: Malamar|74/100 slp|[from] Salt Cure\n|upkeep\n|turn|25\n|inactive|Time left: 300 sec this turn | 300 sec total\n|\n|t:|1783541343\n|cant|p2a: Malamar|slp\n|move|p1a: Garganacl|Salt Cure|p2a: Malamar\n|-damage|p2a: Malamar|59/100 slp\n|\n|-damage|p2a: Malamar|47/100 slp|[from] Salt Cure\n|upkeep\n|turn|26\n|inactive|Time left: 300 sec this turn | 300 sec total\n|\n|t:|1783541344\n|cant|p2a: Malamar|slp\n|move|p1a: Garganacl|Salt Cure|p2a: Malamar\n|-damage|p2a: Malamar|32/100 slp\n|\n|-damage|p2a: Malamar|20/100 slp|[from] Salt Cure\n|upkeep\n|turn|27\n|inactive|Time left: 300 sec this turn | 300 sec total\n|\n|t:|1783541345\n|-curestatus|p2a: Malamar|slp|[msg]\n|move|p2a: Malamar|Rest|p2a: Malamar\n|-status|p2a: Malamar|slp|[from] move: Rest\n|-heal|p2a: Malamar|100/100 slp|[silent]\n|move|p1a: Garganacl|Body Press|p2a: Malamar\n|-damage|p2a: Malamar|75/100 slp\n|\n|-damage|p2a: Malamar|62/100 slp|[from] Salt Cure\n|upkeep\n|turn|28\n|inactive|Time left: 300 sec this turn | 300 sec total\n|\n|t:|1783541346\n|cant|p2a: Malamar|slp\n|move|p1a: Garganacl|Salt Cure|p2a: Malamar\n|-damage|p2a: Malamar|48/100 slp\n|\n|-damage|p2a: Malamar|36/100 slp|[from] Salt Cure\n|upkeep\n|turn|29\n|inactive|Time left: 300 sec this turn | 300 sec total\n|\n|t:|1783541347\n|switch|p2a: Gliscor|Gliscor, L76, F, tera:Water|71/100 tox\n|-damage|p2a: Gliscor|59/100 tox|[from] Stealth Rock\n|move|p1a: Garganacl|Body Press|p2a: Gliscor\n|-damage|p2a: Gliscor|36/100 tox\n|\n|-heal|p2a: Gliscor|48/100 tox|[from] ability: Poison Heal\n|upkeep\n|turn|30\n|inactive|Time left: 300 sec this turn | 300 sec total\n|\n|t:|1783541348\n|move|p2a: Gliscor|Protect|p2a: Gliscor\n|-singleturn|p2a: Gliscor|Protect\n|move|p1a: Garganacl|Salt Cure|p2a: Gliscor\n|-activate|p2a: Gliscor|move: Protect\n|\n|-heal|p2a: Gliscor|60/100 tox|[from] ability: Poison Heal\n|upkeep\n|turn|31\n|inactive|Time left: 300 sec this turn | 300 sec total\n|\n|t:|1783541349\n|switch|p2a: Malamar|Malamar, L82, M|36/100 slp\n|-damage|p2a: Malamar|23/100 slp|[from] Stealth Rock\n|move|p1a: Garganacl|Salt Cure|p2a: Malamar\n|-damage|p2a: Malamar|7/100 slp\n|-start|p2a: Malamar|Salt Cure\n|\n|-damage|p2a: Malamar|0 fnt|[from] Salt Cure\n|faint|p2a: Malamar\n|upkeep\n|\n|t:|1783541350\n|switch|p2a: Haxorus|Haxorus, L77, M|100/100\n|-damage|p2a: Haxorus|88/100|[from] Stealth Rock\n|-ability|p2a: Haxorus|Mold Breaker\n|turn|32\n|inactive|Time left: 300 sec this turn | 300 sec total\n|\n|t:|1783541351\n|move|p2a: Haxorus|Swords Dance|p2a: Haxorus\n|-boost|p2a: Haxorus|atk|2\n|move|p1a: Garganacl|Salt Cure|p2a: Haxorus\n|-damage|p2a: Haxorus|71/100\n|-start|p2a: Haxorus|Salt Cure\n|\n|-damage|p2a: Haxorus|59/100|[from] Salt Cure\n|upkeep\n|turn|33\n|inactive|Time left: 300 sec this turn | 300 sec total\n|\n|t:|1783541353\n|move|p2a: Haxorus|Swords Dance|p2a: Haxorus\n|-boost|p2a: Haxorus|atk|2\n|move|p1a: Garganacl|Body Press|p2a: Haxorus\n|-damage|p2a: Haxorus|32/100\n|\n|-damage|p2a: Haxorus|20/100|[from] Salt Cure\n|upkeep\n|turn|34\n|inactive|Time left: 300 sec this turn | 300 sec total\n|\n|t:|1783541354\n|switch|p1a: Pachirisu|Pachirisu, L96, M|271/271\n|move|p2a: Haxorus|Scale Shot|p1a: Pachirisu\n|-damage|p1a: Pachirisu|181/271\n|-damage|p1a: Pachirisu|91/271\n|-damage|p1a: Pachirisu|0 fnt\n|faint|p1a: Pachirisu\n|-hitcount|p1: Pachirisu|3\n|-unboost|p2a: Haxorus|def|1\n|-boost|p2a: Haxorus|spe|1\n|\n|-damage|p2a: Haxorus|7/100|[from] Salt Cure\n|upkeep\n|inactive|Time left: 300 sec this turn | 300 sec total | 5 sec grace\n|\n|t:|1783541355\n|switch|p1a: Garganacl|Garganacl, L80, F, tera:Ghost|243/291\n|turn|35\n|inactive|Time left: 300 sec this turn | 300 sec total\n|\n|t:|1783541356\n|move|p2a: Haxorus|Scale Shot|p1a: Garganacl\n|-damage|p1a: Garganacl|173/291\n|-damage|p1a: Garganacl|100/291\n|-damage|p1a: Garganacl|31/291\n|-damage|p1a: Garganacl|0 fnt\n|faint|p1a: Garganacl\n|-hitcount|p1: Garganacl|4\n|\n|win|p0y190de1e", "uploadtime": 1783541356, "views": 0, "rating": 0, "private": 0, "password": null, "_winner": "p0y190de1e", "_our_name": "p0x1903138"}