{"id": "battle-gen9randombattle-2493", "formatid": "gen9randombattle", "format": "[Gen 9] Random Battle", "players": ["p0x249364c7", "p0y2493706f"], "log": "|init|battle\n|title|p0x249364c7 vs. p0y2493706f\n|j|\u2606p0x249364c7\n|j|\u2606p0y2493706f\n|t:|1783568905\n|gametype|singles\n|player|p1|p0x249364c7|2|\n|player|p2|p0y2493706f|102|\n|gen|9\n|tier|[Gen 9] Random Battle\n|rule|Species Clause: Limit one of each Pok\u00e9mon\n|rule|HP Percentage Mod: HP is shown in percentages\n|rule|Sleep Clause Mod: Limit one foe put to sleep\n|rule|Illusion Level Mod: Illusion disguises the Pok\u00e9mon's true level\n|\n|t:|1783568905\n|teamsize|p1|6\n|teamsize|p2|6\n|start\n|switch|p1a: Latios|Latios, L78, M|100/100\n|switch|p2a: Noivern|Noivern, L82, M|274/274\n|turn|1\n|inactive|Battle timer is ON: inactive players will automatically lose when time's up. (requested by p0x249364c7)\n|inactive|Time left: 300 sec this turn | 300 sec total | 60 sec grace\n|\n|t:|1783568907\n|move|p2a: Noivern|Hurricane|p1a: Latios\n|-damage|p1a: Latios|63/100\n|move|p1a: Latios|Psyshock|p2a: Noivern\n|-damage|p2a: Noivern|153/274\n|\n|upkeep\n|turn|2\n|inactive|Time left: 300 sec this turn | 300 sec total\n|inactive|p0y2493706f also wants the timer to be on.\n|\n|t:|1783568908\n|move|p2a: Noivern|Draco Meteor|p1a: Latios\n|-supereffective|p1a: Latios\n|-damage|p1a: Latios|0 fnt\n|-unboost|p2a: Noivern|spa|2\n|faint|p1a: Latios\n|\n|upkeep\n|\n|t:|1783568909\n|switch|p1a: Furret|Furret, L94, M|100/100\n|-item|p2a: Noivern|Heavy-Duty Boots|[from] ability: Frisk|[of] p1a: Furret\n|turn|3\n|inactive|Time left: 300 sec this turn | 300 sec total\n|\n|t:|1783568910\n|switch|p2a: Glimmora|Glimmora, L75, M|248/248\n|move|p1a: Furret|Tidy Up|p1a: Furret\n|-boost|p1a: Furret|atk|1\n|-boost|p1a: Furret|spe|1\n|\n|upkeep\n|turn|4\n|inactive|Time left: 300 sec this turn | 300 sec total\n|\n|t:|1783568911\n|move|p1a: Furret|Knock Off|p2a: Glimmora\n|-damage|p2a: Glimmora|88/248\n|-activate|p2a: Glimmora|ability: Toxic Debris\n|-sidestart|p1: p0x249364c7|move: Toxic Spikes\n|-enditem|p2a: Glimmora|Power Herb|[from] move: Knock Off|[of] p1a: Furret\n|-damage|p1a: Furret|91/100|[from] item: Life Orb\n|move|p2a: Glimmora|Meteor Beam||[still]\n|-prepare|p2a: Glimmora|Meteor Beam\n|-boost|p2a: Glimmora|spa|1\n|\n|upkeep\n|turn|5\n|inactive|Time left: 300 sec this turn | 300 sec total\n|\n|t:|1783568912\n|move|p1a: Furret|Knock Off|p2a: Glimmora\n|-damage|p2a: Glimmora|0 fnt\n|-activate|p2a: Glimmora|ability: Toxic Debris\n|-sidestart|p1: p0x249364c7|move: Toxic Spikes\n|faint|p2a: Glimmora\n|-damage|p1a: Furret|81/100|[from] item: Life Orb\n|\n|upkeep\n|inactive|Time left: 300 sec this turn | 300 sec total | 5 sec grace\n|\n|t:|1783568913\n|switch|p2a: Lanturn|Lanturn, L89, M|367/367\n|turn|6\n|inactive|Time left: 300 sec this turn | 300 sec total\n|\n|t:|1783568913\n|move|p1a: Furret|Knock Off|p2a: Lanturn\n|-damage|p2a: Lanturn|177/367\n|-enditem|p2a: Lanturn|Leftovers|[from] move: Knock Off|[of] p1a: Furret\n|-damage|p1a: Furret|71/100|[from] item: Life Orb\n|move|p2a: Lanturn|Thunderbolt|p1a: Furret\n|-damage|p1a: Furret|32/100\n|\n|upkeep\n|turn|7\n|inactive|Time left: 300 sec this turn | 300 sec total\n|\n|t:|1783568914\n|move|p1a: Furret|Double-Edge|p2a: Lanturn\n|-damage|p2a: Lanturn|0 fnt\n|faint|p2a: Lanturn\n|-damage|p1a: Furret|14/100|[from] Recoil\n|-damage|p1a: Furret|4/100|[from] item: Life Orb\n|\n|upkeep\n|inactive|Time left: 300 sec this turn | 300 sec total | 5 sec grace\n|\n|t:|1783568914\n|switch|p2a: Leavanny|Leavanny, L86, M|269/269\n|turn|8\n|inactive|Time left: 300 sec this turn | 300 sec total\n|\n|t:|1783568915\n|move|p1a: Furret|Double-Edge|p2a: Leavanny\n|-damage|p2a: Leavanny|0 fnt\n|faint|p2a: Leavanny\n|-damage|p1a: Furret|0 fnt|[from] Recoil\n|faint|p1a: Furret\n|\n|upkeep\n|inactive|Time left: 300 sec this turn | 300 sec total | 5 sec grace\n|\n|t:|1783568916\n|switch|p1a: Charizard|Charizard, L85, F|100/100\n|switch|p2a: Sandy Shocks|Sandy Shocks, L80|267/267\n|turn|9\n|inactive|Time left: 300 sec this turn | 300 sec total\n|\n|t:|1783568917\n|move|p1a: Charizard|Flamethrower|p2a: Sandy Shocks\n|-damage|p2a: Sandy Shocks|149/267\n|move|p2a: Sandy Shocks|Thunderbolt|p1a: Charizard\n|-supereffective|p1a: Charizard\n|-damage|p1a: Charizard|16/100\n|\n|-heal|p2a: Sandy Shocks|165/267|[from] item: Leftovers\n|upkeep\n|turn|10\n|inactive|Time left: 300 sec this turn | 300 sec total\n|\n|t:|1783568917\n|-end|p2a: Sandy Shocks|Protosynthesis|[silent]\n|switch|p2a: Noivern|Noivern, L82, M|153/274\n|move|p1a: Charizard|Flamethrower|p2a: Noivern\n|-resisted|p2a: Noivern\n|-damage|p2a: Noivern|58/274\n|\n|upkeep\n|turn|11\n|inactive|Time left: 300 sec this turn | 300 sec total\n|\n|t:|1783568918\n|move|p2a: Noivern|Roost|p2a: Noivern\n|-heal|p2a: Noivern|195/274\n|-singleturn|p2a: Noivern|move: Roost\n|move|p1a: Charizard|Flamethrower|p2a: Noivern\n|-resisted|p2a: Noivern\n|-damage|p2a: Noivern|111/274\n|\n|upkeep\n|turn|12\n|inactive|Time left: 300 sec this turn | 300 sec total\n|\n|t:|1783568919\n|switch|p1a: Toucannon|Toucannon, L88, M|100/100\n|move|p2a: Noivern|Roost|p2a: Noivern\n|-heal|p2a: Noivern|248/274\n|-singleturn|p2a: Noivern|move: Roost\n|\n|upkeep\n|turn|13\n|inactive|Time left: 300 sec this turn | 300 sec total\n|\n|t:|1783568919\n|move|p2a: Noivern|Hurricane|p1a: Toucannon\n|-damage|p1a: Toucannon|58/100\n|move|p1a: Toucannon|Boomburst|p2a: Noivern\n|-damage|p2a: Noivern|94/274\n|\n|upkeep\n|turn|14\n|inactive|Time left: 300 sec this turn | 300 sec total\n|\n|t:|1783568920\n|move|p2a: Noivern|Roost|p2a: Noivern\n|-heal|p2a: Noivern|231/274\n|-singleturn|p2a: Noivern|move: Roost\n|move|p1a: Toucannon|Roost|p1a: Toucannon\n|-heal|p1a: Toucannon|100/100\n|-singleturn|p1a: Toucannon|move: Roost\n|\n|upkeep\n|turn|15\n|inactive|Time left: 300 sec this turn | 300 sec total\n|\n|t:|1783568921\n|move|p2a: Noivern|Hurricane|p1a: Toucannon\n|-damage|p1a: Toucannon|56/100\n|move|p1a: Toucannon|Boomburst|p2a: Noivern\n|-damage|p2a: Noivern|87/274\n|\n|upkeep\n|turn|16\n|inactive|Time left: 300 sec this turn | 300 sec total\n|\n|t:|1783568922\n|move|p2a: Noivern|Roost|p2a: Noivern\n|-heal|p2a: Noivern|224/274\n|-singleturn|p2a: Noivern|move: Roost\n|move|p1a: Toucannon|Roost|p1a: Toucannon\n|-heal|p1a: Toucannon|100/100\n|-singleturn|p1a: Toucannon|move: Roost\n|\n|upkeep\n|turn|17\n|inactive|Time left: 300 sec this turn | 300 sec total\n|\n|t:|1783568923\n|move|p2a: Noivern|Hurricane|p1a: Toucannon\n|-damage|p1a: Toucannon|62/100\n|-start|p1a: Toucannon|confusion\n|-activate|p1a: Toucannon|confusion\n|move|p1a: Toucannon|Boomburst|p2a: Noivern\n|-damage|p2a: Noivern|68/274\n|\n|upkeep\n|turn|18\n|inactive|Time left: 300 sec this turn | 300 sec total\n|\n|t:|1783568924\n|move|p2a: Noivern|Roost|p2a: Noivern\n|-heal|p2a: Noivern|205/274\n|-singleturn|p2a: Noivern|move: Roost\n|-activate|p1a: Toucannon|confusion\n|move|p1a: Toucannon|Knock Off|p2a: Noivern\n|-damage|p2a: Noivern|109/274\n|-enditem|p2a: Noivern|Heavy-Duty Boots|[from] move: Knock Off|[of] p1a: Toucannon\n|\n|upkeep\n|turn|19\n|inactive|Time left: 300 sec this turn | 300 sec total\n|\n|t:|1783568925\n|-singleturn|p1a: Toucannon|move: Beak Blast\n|move|p2a: Noivern|Roost|p2a: Noivern\n|-heal|p2a: Noivern|246/274\n|-singleturn|p2a: Noivern|move: Roost\n|-activate|p1a: Toucannon|confusion\n|move|p1a: Toucannon|Beak Blast|p2a: Noivern\n|-damage|p2a: Noivern|92/274\n|\n|upkeep\n|turn|20\n|inactive|Time left: 300 sec this turn | 300 sec total\n|\n|t:|1783568926\n|-singleturn|p1a: Toucannon|move: Beak Blast\n|move|p2a: Noivern|Roost|p2a: Noivern\n|-heal|p2a: Noivern|229/274\n|-singleturn|p2a: Noivern|move: Roost\n|-end|p1a: Toucannon|confusion\n|move|p1a: Toucannon|Beak Blast|p2a: Noivern\n|-damage|p2a: Noivern|73/274\n|\n|upkeep\n|turn|21\n|inactive|Time left: 300 sec this turn | 300 sec total\n|\n|t:|1783568927\n|move|p2a: Noivern|Hurricane|p1a: Toucannon\n|-damage|p1a: Toucannon|20/100\n|move|p1a: Toucannon|Roost|p1a: Toucannon\n|-heal|p1a: Toucannon|70/100\n|-singleturn|p1a: Toucannon|move: Roost\n|\n|upkeep\n|turn|22\n|inactive|Time left: 300 sec this turn | 300 sec total\n|\n|t:|1783568928\n|move|p2a: Noivern|Roost|p2a: Noivern\n|-heal|p2a: Noivern|210/274\n|-singleturn|p2a: Noivern|move: Roost\n|move|p1a: Toucannon|Boomburst|p2a: Noivern\n|-damage|p2a: Noivern|59/274\n|\n|upkeep\n|turn|23\n|inactive|Time left: 300 sec this turn | 300 sec total\n|\n|t:|1783568929\n|move|p2a: Noivern|Hurricane|p1a: Toucannon\n|-damage|p1a: Toucannon|30/100\n|move|p1a: Toucannon|Roost|p1a: Toucannon\n|-heal|p1a: Toucannon|80/100\n|-singleturn|p1a: Toucannon|move: Roost\n|\n|upkeep\n|turn|24\n|inactive|Time left: 300 sec this turn | 300 sec total\n|\n|t:|1783568930\n|move|p2a: Noivern|Hurricane|p1a: Toucannon\n|-damage|p1a: Toucannon|42/100\n|-start|p1a: Toucannon|confusion\n|-activate|p1a: Toucannon|confusion\n|move|p1a: Toucannon|Roost|p1a: Toucannon\n|-heal|p1a: Toucannon|92/100\n|-singleturn|p1a: Toucannon|move: Roost\n|\n|upkeep\n|turn|25\n|inactive|Time left: 300 sec this turn | 300 sec total\n|\n|t:|1783568931\n|move|p2a: Noivern|Hurricane|p1a: Toucannon\n|-damage|p1a: Toucannon|52/100\n|-end|p1a: Toucannon|confusion\n|move|p1a: Toucannon|Knock Off|p2a: Noivern\n|-damage|p2a: Noivern|0 fnt\n|faint|p2a: Noivern\n|\n|upkeep\n|inactive|Time left: 300 sec this turn | 300 sec total | 5 sec grace\n|\n|t:|1783568932\n|switch|p2a: Sandy Shocks|Sandy Shocks, L80|165/267\n|turn|26\n|inactive|Time left: 300 sec this turn | 300 sec total\n|\n|t:|1783568933\n|switch|p1a: Reshiram|Reshiram, L76|100/100\n|-ability|p1a: Reshiram|Turboblaze\n|move|p2a: Sandy Shocks|Thunderbolt|p1a: Reshiram\n|-resisted|p1a: Reshiram\n|-damage|p1a: Reshiram|85/100\n|\n|-heal|p2a: Sandy Shocks|181/267|[from] item: Leftovers\n|upkeep\n|turn|27\n|inactive|Time left: 300 sec this turn | 300 sec total\n|\n|t:|1783568934\n|move|p2a: Sandy Shocks|Earth Power|p1a: Reshiram\n|-supereffective|p1a: Reshiram\n|-damage|p1a: Reshiram|18/100\n|move|p1a: Reshiram|Blue Flare|p2a: Sandy Shocks\n|-damage|p2a: Sandy Shocks|4/267\n|\n|-heal|p2a: Sandy Shocks|20/267|[from] item: Leftovers\n|upkeep\n|turn|28\n|inactive|Time left: 300 sec this turn | 300 sec total\n|\n|t:|1783568936\n|move|p2a: Sandy Shocks|Earth Power|p1a: Reshiram\n|-supereffective|p1a: Reshiram\n|-damage|p1a: Reshiram|0 fnt\n|faint|p1a: Reshiram\n|\n|-heal|p2a: Sandy Shocks|36/267|[from] item: Leftovers\n|upkeep\n|\n|t:|1783568937\n|switch|p1a: Charizard|Charizard, L85, F|16/100\n|turn|29\n|inactive|Time left: 300 sec this turn | 300 sec total\n|\n|t:|1783568938\n|-end|p2a: Sandy Shocks|Protosynthesis|[silent]\n|switch|p2a: Blissey|Blissey, L85, F|572/572\n|move|p1a: Charizard|Flamethrower|p2a: Blissey\n|-damage|p2a: Blissey|451/572\n|\n|-heal|p2a: Blissey|486/572|[from] item: Leftovers\n|upkeep\n|turn|30\n|inactive|Time left: 300 sec this turn | 300 sec total\n|\n|t:|1783568939\n|switch|p1a: Toucannon|Toucannon, L88, M|52/100\n|move|p2a: Blissey|Seismic Toss|p1a: Toucannon\n|-damage|p1a: Toucannon|22/100\n|\n|-heal|p2a: Blissey|521/572|[from] item: Leftovers\n|upkeep\n|turn|31\n|inactive|Time left: 300 sec this turn | 300 sec total\n|\n|t:|1783568939\n|move|p1a: Toucannon|Roost|p1a: Toucannon\n|-heal|p1a: Toucannon|72/100\n|-singleturn|p1a: Toucannon|move: Roost\n|move|p2a: Blissey|Seismic Toss|p1a: Toucannon\n|-damage|p1a: Toucannon|42/100\n|\n|-heal|p2a: Blissey|556/572|[from] item: Leftovers\n|upkeep\n|turn|32\n|inactive|Time left: 300 sec this turn | 300 sec total\n|\n|t:|1783568940\n|-singleturn|p1a: Toucannon|move: Beak Blast\n|move|p2a: Blissey|Seismic Toss|p1a: Toucannon\n|-damage|p1a: Toucannon|12/100\n|-status|p2a: Blissey|brn\n|move|p1a: Toucannon|Beak Blast|p2a: Blissey\n|-damage|p2a: Blissey|160/572 brn\n|\n|-heal|p2a: Blissey|195/572 brn|[from] item: Leftovers\n|-damage|p2a: Blissey|160/572 brn|[from] brn\n|upkeep\n|turn|33\n|inactive|Time left: 300 sec this turn | 300 sec total\n|\n|t:|1783568941\n|move|p1a: Toucannon|Knock Off|p2a: Blissey\n|-damage|p2a: Blissey|0 fnt\n|-enditem|p2a: Blissey|Leftovers|[from] move: Knock Off|[of] p1a: Toucannon\n|faint|p2a: Blissey\n|\n|upkeep\n|inactive|Time left: 300 sec this turn | 300 sec total | 5 sec grace\n|\n|t:|1783568942\n|switch|p2a: Sandy Shocks|Sandy Shocks, L80|36/267\n|turn|34\n|inactive|Time left: 300 sec this turn | 300 sec total\n|\n|t:|1783568943\n|move|p2a: Sandy Shocks|Thunderbolt|p1a: Toucannon\n|-supereffective|p1a: Toucannon\n|-damage|p1a: Toucannon|0 fnt\n|faint|p1a: Toucannon\n|\n|-heal|p2a: Sandy Shocks|52/267|[from] item: Leftovers\n|upkeep\n|\n|t:|1783568944\n|switch|p1a: Floatzel|Floatzel, L86, F|100/100\n|-status|p1a: Floatzel|tox\n|turn|35\n|inactive|Time left: 300 sec this turn | 300 sec total\n|\n|t:|1783568945\n|-terastallize|p2a: Sandy Shocks|Electric\n|move|p1a: Floatzel|Wave Crash|p2a: Sandy Shocks\n|-damage|p2a: Sandy Shocks|0 fnt\n|faint|p2a: Sandy Shocks\n|-end|p2a: Sandy Shocks|Protosynthesis|[silent]\n|-damage|p1a: Floatzel|95/100 tox|[from] Recoil\n|\n|win|p0x249364c7", "uploadtime": 1783568945, "views": 0, "rating": 0, "private": 0, "password": null, "_winner": "p0x249364c7", "_our_name": "p0y2493706f"}