{"id": "battle-gen9randombattle-506", "formatid": "gen9randombattle", "format": "[Gen 9] Random Battle", "players": ["p0x5067f32", "p0y50697ca"], "log": "|init|battle\n|title|p0x5067f32 vs. p0y50697ca\n|j|\u2606p0x5067f32\n|j|\u2606p0y50697ca\n|t:|1783544920\n|gametype|singles\n|player|p1|p0x5067f32|101|\n|player|p2|p0y50697ca|266|\n|gen|9\n|tier|[Gen 9] Random Battle\n|rule|Species Clause: Limit one of each Pok\u00e9mon\n|rule|HP Percentage Mod: HP is shown in percentages\n|rule|Sleep Clause Mod: Limit one foe put to sleep\n|rule|Illusion Level Mod: Illusion disguises the Pok\u00e9mon's true level\n|\n|t:|1783544920\n|teamsize|p1|6\n|teamsize|p2|6\n|start\n|switch|p1a: Swanna|Swanna, L89, M|100/100\n|switch|p2a: Clodsire|Clodsire, L81, F|343/343\n|turn|1\n|inactive|Battle timer is ON: inactive players will automatically lose when time's up. (requested by p0y50697ca)\n|inactive|p0x5067f32 also wants the timer to be on.\n|\n|t:|1783544922\n|switch|p1a: Spidops|Spidops, L96, M|100/100\n|move|p2a: Clodsire|Gunk Shot|p1a: Spidops|[miss]\n|-miss|p2a: Clodsire|p1a: Spidops\n|\n|upkeep\n|turn|2\n|inactive|Time left: 300 sec this turn | 300 sec total\n|\n|t:|1783544922\n|move|p1a: Spidops|Sticky Web|p2a: Clodsire\n|-sidestart|p2: p0y50697ca|move: Sticky Web\n|move|p2a: Clodsire|Stealth Rock|p1a: Spidops\n|-sidestart|p1: p0x5067f32|move: Stealth Rock\n|\n|upkeep\n|turn|3\n|inactive|Time left: 300 sec this turn | 300 sec total\n|\n|t:|1783544923\n|move|p1a: Spidops|Knock Off|p2a: Clodsire\n|-damage|p2a: Clodsire|243/343\n|-enditem|p2a: Clodsire|Leftovers|[from] move: Knock Off|[of] p1a: Spidops\n|move|p2a: Clodsire|Gunk Shot|p1a: Spidops\n|-damage|p1a: Spidops|69/100\n|\n|upkeep\n|turn|4\n|inactive|Time left: 300 sec this turn | 300 sec total\n|\n|t:|1783544924\n|move|p1a: Spidops|Toxic Spikes|p2a: Clodsire\n|-sidestart|p2: p0y50697ca|move: Toxic Spikes\n|move|p2a: Clodsire|Recover|p2a: Clodsire\n|-heal|p2a: Clodsire|343/343\n|\n|upkeep\n|turn|5\n|inactive|Time left: 300 sec this turn | 300 sec total\n|\n|t:|1783544925\n|move|p1a: Spidops|Knock Off|p2a: Clodsire\n|-damage|p2a: Clodsire|274/343\n|move|p2a: Clodsire|Gunk Shot|p1a: Spidops|[miss]\n|-miss|p2a: Clodsire|p1a: Spidops\n|\n|upkeep\n|turn|6\n|inactive|Time left: 300 sec this turn | 300 sec total\n|\n|t:|1783544925\n|move|p2a: Clodsire|Gunk Shot|p1a: Spidops\n|-crit|p1a: Spidops\n|-damage|p1a: Spidops|25/100\n|-status|p1a: Spidops|psn\n|move|p1a: Spidops|Circle Throw|p2a: Clodsire|[miss]\n|-miss|p1a: Spidops|p2a: Clodsire\n|\n|-damage|p1a: Spidops|13/100 psn|[from] psn\n|upkeep\n|turn|7\n|inactive|Time left: 300 sec this turn | 300 sec total\n|\n|t:|1783544926\n|switch|p1a: Rhydon|Rhydon, L85, F|100/100\n|-damage|p1a: Rhydon|95/100|[from] Stealth Rock\n|move|p2a: Clodsire|Earthquake|p1a: Rhydon\n|-supereffective|p1a: Rhydon\n|-damage|p1a: Rhydon|68/100\n|\n|upkeep\n|turn|8\n|inactive|Time left: 300 sec this turn | 300 sec total\n|\n|t:|1783544927\n|switch|p2a: Iron Treads|Iron Treads, L77|265/265\n|-activate|p2a: Iron Treads|move: Sticky Web\n|-unboost|p2a: Iron Treads|spe|1\n|move|p1a: Rhydon|Earthquake|p2a: Iron Treads\n|-supereffective|p2a: Iron Treads\n|-damage|p2a: Iron Treads|35/265\n|\n|upkeep\n|turn|9\n|inactive|Time left: 300 sec this turn | 300 sec total\n|\n|t:|1783544928\n|move|p2a: Iron Treads|Rapid Spin|p1a: Rhydon\n|-resisted|p1a: Rhydon\n|-damage|p1a: Rhydon|65/100\n|-boost|p2a: Iron Treads|spe|1\n|-sideend|p2: p0y50697ca|Toxic Spikes|[from] move: Rapid Spin|[of] p2a: Iron Treads\n|-sideend|p2: p0y50697ca|Sticky Web|[from] move: Rapid Spin|[of] p2a: Iron Treads\n|move|p1a: Rhydon|Stealth Rock|p2a: Iron Treads\n|-sidestart|p2: p0y50697ca|move: Stealth Rock\n|\n|upkeep\n|turn|10\n|inactive|Time left: 300 sec this turn | 300 sec total\n|\n|t:|1783544929\n|move|p2a: Iron Treads|Rapid Spin|p1a: Rhydon\n|-resisted|p1a: Rhydon\n|-damage|p1a: Rhydon|62/100\n|-boost|p2a: Iron Treads|spe|1\n|-sideend|p2: p0y50697ca|Stealth Rock|[from] move: Rapid Spin|[of] p2a: Iron Treads\n|move|p1a: Rhydon|Earthquake|p2a: Iron Treads\n|-supereffective|p2a: Iron Treads\n|-damage|p2a: Iron Treads|0 fnt\n|faint|p2a: Iron Treads\n|-end|p2a: Iron Treads|Quark Drive|[silent]\n|\n|upkeep\n|inactive|Time left: 300 sec this turn | 300 sec total | 5 sec grace\n|\n|t:|1783544930\n|switch|p2a: Pelipper|Pelipper, L86, M|243/243\n|-weather|RainDance|[from] ability: Drizzle|[of] p2a: Pelipper\n|turn|11\n|inactive|Time left: 300 sec this turn | 300 sec total\n|\n|t:|1783544930\n|-terastallize|p1a: Rhydon|Water\n|move|p2a: Pelipper|Hydro Pump|p1a: Rhydon\n|-resisted|p1a: Rhydon\n|-damage|p1a: Rhydon|32/100\n|move|p1a: Rhydon|Stone Edge|p2a: Pelipper|[miss]\n|-miss|p1a: Rhydon|p2a: Pelipper\n|\n|-weather|RainDance|[upkeep]\n|upkeep\n|turn|12\n|inactive|Time left: 300 sec this turn | 300 sec total\n|\n|t:|1783544931\n|move|p2a: Pelipper|Hurricane|p1a: Rhydon\n|-damage|p1a: Rhydon|0 fnt\n|faint|p1a: Rhydon\n|\n|-weather|RainDance|[upkeep]\n|upkeep\n|\n|t:|1783544932\n|switch|p1a: Swalot|Swalot, L90, M|100/100\n|-damage|p1a: Swalot|88/100|[from] Stealth Rock\n|turn|13\n|inactive|Time left: 300 sec this turn | 300 sec total\n|\n|t:|1783544933\n|move|p2a: Pelipper|Hurricane|p1a: Swalot\n|-damage|p1a: Swalot|53/100\n|move|p1a: Swalot|Sludge Bomb|p2a: Pelipper\n|-damage|p2a: Pelipper|134/243\n|-status|p2a: Pelipper|psn\n|\n|-weather|RainDance|[upkeep]\n|-heal|p1a: Swalot|59/100|[from] item: Leftovers\n|-damage|p2a: Pelipper|104/243 psn|[from] psn\n|upkeep\n|turn|14\n|inactive|Time left: 300 sec this turn | 300 sec total\n|\n|t:|1783544935\n|move|p2a: Pelipper|Roost|p2a: Pelipper\n|-heal|p2a: Pelipper|226/243 psn\n|-singleturn|p2a: Pelipper|move: Roost\n|move|p1a: Swalot|Sludge Bomb|p2a: Pelipper\n|-damage|p2a: Pelipper|121/243 psn\n|\n|-weather|RainDance|[upkeep]\n|-heal|p1a: Swalot|65/100|[from] item: Leftovers\n|-damage|p2a: Pelipper|91/243 psn|[from] psn\n|upkeep\n|turn|15\n|inactive|Time left: 300 sec this turn | 300 sec total\n|\n|t:|1783544936\n|move|p2a: Pelipper|Roost|p2a: Pelipper\n|-heal|p2a: Pelipper|213/243 psn\n|-singleturn|p2a: Pelipper|move: Roost\n|move|p1a: Swalot|Sludge Bomb|p2a: Pelipper\n|-damage|p2a: Pelipper|101/243 psn\n|\n|-weather|none\n|-heal|p1a: Swalot|71/100|[from] item: Leftovers\n|-damage|p2a: Pelipper|71/243 psn|[from] psn\n|upkeep\n|turn|16\n|inactive|Time left: 300 sec this turn | 300 sec total\n|\n|t:|1783544937\n|move|p2a: Pelipper|Roost|p2a: Pelipper\n|-heal|p2a: Pelipper|193/243 psn\n|-singleturn|p2a: Pelipper|move: Roost\n|move|p1a: Swalot|Sludge Bomb|p2a: Pelipper\n|-damage|p2a: Pelipper|94/243 psn\n|\n|-heal|p1a: Swalot|77/100|[from] item: Leftovers\n|-damage|p2a: Pelipper|64/243 psn|[from] psn\n|upkeep\n|turn|17\n|inactive|Time left: 300 sec this turn | 300 sec total\n|\n|t:|1783544938\n|move|p2a: Pelipper|Hurricane|p1a: Swalot\n|-damage|p1a: Swalot|39/100\n|move|p1a: Swalot|Sludge Bomb|p2a: Pelipper\n|-damage|p2a: Pelipper|0 fnt\n|faint|p2a: Pelipper\n|\n|-heal|p1a: Swalot|45/100|[from] item: Leftovers\n|upkeep\n|inactive|Time left: 300 sec this turn | 300 sec total | 5 sec grace\n|\n|t:|1783544939\n|switch|p2a: Haxorus|Haxorus, L77, F|244/244\n|-ability|p2a: Haxorus|Mold Breaker\n|turn|18\n|inactive|Time left: 300 sec this turn | 300 sec total\n|\n|t:|1783544940\n|move|p2a: Haxorus|Outrage|p1a: Swalot\n|-damage|p1a: Swalot|0 fnt\n|faint|p1a: Swalot\n|\n|upkeep\n|\n|t:|1783544941\n|switch|p1a: Vileplume|Vileplume, L85, M|100/100\n|-damage|p1a: Vileplume|88/100|[from] Stealth Rock\n|turn|19\n|inactive|Time left: 300 sec this turn | 300 sec total\n|\n|t:|1783544942\n|move|p2a: Haxorus|Outrage|p1a: Vileplume|[from] lockedmove\n|-damage|p1a: Vileplume|33/100\n|-start|p2a: Haxorus|confusion|[fatigue]\n|-enditem|p2a: Haxorus|Lum Berry|[eat]\n|-end|p2a: Haxorus|confusion\n|move|p1a: Vileplume|Strength Sap|p2a: Haxorus\n|-unboost|p2a: Haxorus|atk|1\n|-heal|p1a: Vileplume|100/100\n|\n|upkeep\n|turn|20\n|inactive|Time left: 300 sec this turn | 300 sec total\n|\n|t:|1783544943\n|move|p2a: Haxorus|Dragon Dance|p2a: Haxorus\n|-boost|p2a: Haxorus|atk|1\n|-boost|p2a: Haxorus|spe|1\n|move|p1a: Vileplume|Strength Sap|p2a: Haxorus\n|-unboost|p2a: Haxorus|atk|1\n|\n|upkeep\n|turn|21\n|inactive|Time left: 300 sec this turn | 300 sec total\n|\n|t:|1783544944\n|move|p2a: Haxorus|Dragon Dance|p2a: Haxorus\n|-boost|p2a: Haxorus|atk|1\n|-boost|p2a: Haxorus|spe|1\n|move|p1a: Vileplume|Strength Sap|p2a: Haxorus\n|-unboost|p2a: Haxorus|atk|1\n|\n|upkeep\n|turn|22\n|inactive|Time left: 300 sec this turn | 300 sec total\n|\n|t:|1783544946\n|move|p2a: Haxorus|Dragon Dance|p2a: Haxorus\n|-boost|p2a: Haxorus|atk|1\n|-boost|p2a: Haxorus|spe|1\n|move|p1a: Vileplume|Sludge Bomb|p2a: Haxorus\n|-damage|p2a: Haxorus|106/244\n|\n|upkeep\n|turn|23\n|inactive|Time left: 300 sec this turn | 300 sec total\n|\n|t:|1783544947\n|-terastallize|p2a: Haxorus|Steel\n|move|p2a: Haxorus|Outrage|p1a: Vileplume\n|-damage|p1a: Vileplume|45/100\n|move|p1a: Vileplume|Strength Sap|p2a: Haxorus\n|-unboost|p2a: Haxorus|atk|1\n|-heal|p1a: Vileplume|100/100\n|\n|upkeep\n|turn|24\n|inactive|Time left: 300 sec this turn | 300 sec total\n|\n|t:|1783544948\n|move|p2a: Haxorus|Outrage|p1a: Vileplume|[from] lockedmove\n|-damage|p1a: Vileplume|64/100\n|move|p1a: Vileplume|Strength Sap|p2a: Haxorus\n|-unboost|p2a: Haxorus|atk|1\n|-heal|p1a: Vileplume|100/100\n|\n|upkeep\n|turn|25\n|inactive|Time left: 300 sec this turn | 300 sec total\n|\n|t:|1783544949\n|move|p2a: Haxorus|Outrage|p1a: Vileplume|[from] lockedmove\n|-damage|p1a: Vileplume|70/100\n|-start|p2a: Haxorus|confusion|[fatigue]\n|move|p1a: Vileplume|Giga Drain|p2a: Haxorus\n|-resisted|p2a: Haxorus\n|-damage|p2a: Haxorus|52/244\n|-heal|p1a: Vileplume|80/100|[from] drain|[of] p2a: Haxorus\n|\n|-heal|p1a: Vileplume|86/100|[from] item: Leftovers\n|upkeep\n|turn|26\n|inactive|Time left: 300 sec this turn | 300 sec total\n|\n|t:|1783544950\n|-activate|p2a: Haxorus|confusion\n|move|p2a: Haxorus|Iron Head|p1a: Vileplume\n|-damage|p1a: Vileplume|66/100\n|move|p1a: Vileplume|Giga Drain|p2a: Haxorus\n|-resisted|p2a: Haxorus\n|-crit|p2a: Haxorus\n|-damage|p2a: Haxorus|0 fnt\n|-heal|p1a: Vileplume|75/100|[from] drain|[of] p2a: Haxorus\n|faint|p2a: Haxorus\n|\n|-heal|p1a: Vileplume|81/100|[from] item: Leftovers\n|upkeep\n|inactive|Time left: 300 sec this turn | 300 sec total | 5 sec grace\n|\n|t:|1783544951\n|switch|p2a: Toxtricity|Toxtricity, L82, M|257/257\n|turn|27\n|inactive|Time left: 300 sec this turn | 300 sec total\n|\n|t:|1783544952\n|move|p2a: Toxtricity|Boomburst|p1a: Vileplume\n|-damage|p1a: Vileplume|32/100\n|move|p1a: Vileplume|Sleep Powder|p2a: Toxtricity\n|-status|p2a: Toxtricity|slp|[from] move: Sleep Powder\n|\n|-heal|p1a: Vileplume|38/100|[from] item: Leftovers\n|upkeep\n|turn|28\n|inactive|Time left: 300 sec this turn | 300 sec total\n|\n|t:|1783544953\n|cant|p2a: Toxtricity|slp\n|move|p1a: Vileplume|Strength Sap|p2a: Toxtricity\n|-unboost|p2a: Toxtricity|atk|1\n|-heal|p1a: Vileplume|99/100\n|\n|-heal|p1a: Vileplume|100/100|[from] item: Leftovers\n|upkeep\n|turn|29\n|inactive|Time left: 300 sec this turn | 300 sec total\n|\n|t:|1783544954\n|-curestatus|p2a: Toxtricity|slp|[msg]\n|move|p2a: Toxtricity|Boomburst|p1a: Vileplume\n|-damage|p1a: Vileplume|50/100\n|move|p1a: Vileplume|Strength Sap|p2a: Toxtricity\n|-unboost|p2a: Toxtricity|atk|1\n|-heal|p1a: Vileplume|92/100\n|\n|-heal|p1a: Vileplume|98/100|[from] item: Leftovers\n|upkeep\n|turn|30\n|inactive|Time left: 300 sec this turn | 300 sec total\n|\n|t:|1783544955\n|move|p2a: Toxtricity|Boomburst|p1a: Vileplume\n|-crit|p1a: Vileplume\n|-damage|p1a: Vileplume|22/100\n|move|p1a: Vileplume|Sleep Powder|p2a: Toxtricity\n|-status|p2a: Toxtricity|slp|[from] move: Sleep Powder\n|\n|-heal|p1a: Vileplume|28/100|[from] item: Leftovers\n|upkeep\n|turn|31\n|inactive|Time left: 300 sec this turn | 300 sec total\n|\n|t:|1783544956\n|cant|p2a: Toxtricity|slp\n|move|p1a: Vileplume|Strength Sap|p2a: Toxtricity\n|-unboost|p2a: Toxtricity|atk|1\n|-heal|p1a: Vileplume|58/100\n|\n|-heal|p1a: Vileplume|64/100|[from] item: Leftovers\n|upkeep\n|turn|32\n|inactive|Time left: 300 sec this turn | 300 sec total\n|\n|t:|1783544957\n|cant|p2a: Toxtricity|slp\n|move|p1a: Vileplume|Strength Sap|p2a: Toxtricity\n|-unboost|p2a: Toxtricity|atk|1\n|-heal|p1a: Vileplume|89/100\n|\n|-heal|p1a: Vileplume|95/100|[from] item: Leftovers\n|upkeep\n|turn|33\n|inactive|Time left: 300 sec this turn | 300 sec total\n|\n|t:|1783544958\n|cant|p2a: Toxtricity|slp\n|move|p1a: Vileplume|Giga Drain|p2a: Toxtricity\n|-resisted|p2a: Toxtricity\n|-damage|p2a: Toxtricity|206/257 slp\n|-heal|p1a: Vileplume|100/100|[from] drain|[of] p2a: Toxtricity\n|\n|upkeep\n|turn|34\n|inactive|Time left: 300 sec this turn | 300 sec total\n|\n|t:|1783544959\n|-curestatus|p2a: Toxtricity|slp|[msg]\n|move|p2a: Toxtricity|Boomburst|p1a: Vileplume\n|-damage|p1a: Vileplume|53/100\n|move|p1a: Vileplume|Giga Drain|p2a: Toxtricity\n|-resisted|p2a: Toxtricity\n|-damage|p2a: Toxtricity|146/257\n|-heal|p1a: Vileplume|64/100|[from] drain|[of] p2a: Toxtricity\n|\n|-heal|p1a: Vileplume|70/100|[from] item: Leftovers\n|upkeep\n|turn|35\n|inactive|Time left: 300 sec this turn | 300 sec total\n|\n|t:|1783544960\n|move|p2a: Toxtricity|Boomburst|p1a: Vileplume\n|-damage|p1a: Vileplume|22/100\n|move|p1a: Vileplume|Sleep Powder|p2a: Toxtricity\n|-status|p2a: Toxtricity|slp|[from] move: Sleep Powder\n|\n|-heal|p1a: Vileplume|28/100|[from] item: Leftovers\n|upkeep\n|turn|36\n|inactive|Time left: 300 sec this turn | 300 sec total\n|\n|t:|1783544961\n|cant|p2a: Toxtricity|slp\n|move|p1a: Vileplume|Strength Sap|p2a: Toxtricity\n|-unboost|p2a: Toxtricity|atk|1\n|-heal|p1a: Vileplume|48/100\n|\n|-heal|p1a: Vileplume|54/100|[from] item: Leftovers\n|upkeep\n|turn|37\n|inactive|Time left: 300 sec this turn | 300 sec total\n|\n|t:|1783544962\n|cant|p2a: Toxtricity|slp\n|move|p1a: Vileplume|Strength Sap|p2a: Toxtricity\n|-unboost|p2a: Toxtricity|atk|1\n|-heal|p1a: Vileplume|72/100\n|\n|-heal|p1a: Vileplume|78/100|[from] item: Leftovers\n|upkeep\n|turn|38\n|inactive|Time left: 300 sec this turn | 300 sec total\n|\n|t:|1783544963\n|cant|p2a: Toxtricity|slp\n|move|p1a: Vileplume|Sludge Bomb|p2a: Toxtricity\n|-resisted|p2a: Toxtricity\n|-damage|p2a: Toxtricity|74/257 slp\n|\n|-heal|p1a: Vileplume|84/100|[from] item: Leftovers\n|upkeep\n|turn|39\n|inactive|Time left: 300 sec this turn | 300 sec total\n|\n|t:|1783544964\n|-curestatus|p2a: Toxtricity|slp|[msg]\n|move|p2a: Toxtricity|Boomburst|p1a: Vileplume\n|-crit|p1a: Vileplume\n|-damage|p1a: Vileplume|2/100\n|move|p1a: Vileplume|Sleep Powder|p2a: Toxtricity\n|-status|p2a: Toxtricity|slp|[from] move: Sleep Powder\n|\n|-heal|p1a: Vileplume|8/100|[from] item: Leftovers\n|upkeep\n|turn|40\n|inactive|Time left: 300 sec this turn | 300 sec total\n|\n|t:|1783544964\n|cant|p2a: Toxtricity|slp\n|move|p1a: Vileplume|Giga Drain|p2a: Toxtricity\n|-resisted|p2a: Toxtricity\n|-damage|p2a: Toxtricity|15/257 slp\n|-heal|p1a: Vileplume|20/100|[from] drain|[of] p2a: Toxtricity\n|\n|-heal|p1a: Vileplume|26/100|[from] item: Leftovers\n|upkeep\n|turn|41\n|inactive|Time left: 300 sec this turn | 300 sec total\n|\n|t:|1783544965\n|cant|p2a: Toxtricity|slp\n|move|p1a: Vileplume|Giga Drain|p2a: Toxtricity\n|-resisted|p2a: Toxtricity\n|-damage|p2a: Toxtricity|0 fnt\n|-heal|p1a: Vileplume|29/100|[from] drain|[of] p2a: Toxtricity\n|faint|p2a: Toxtricity\n|\n|-heal|p1a: Vileplume|35/100|[from] item: Leftovers\n|upkeep\n|inactive|Time left: 300 sec this turn | 300 sec total | 5 sec grace\n|\n|t:|1783544966\n|switch|p2a: Sceptile|Sceptile, L87, F|264/264\n|turn|42\n|inactive|Time left: 300 sec this turn | 300 sec total\n|\n|t:|1783544967\n|move|p2a: Sceptile|Substitute|p2a: Sceptile\n|-start|p2a: Sceptile|Substitute\n|-damage|p2a: Sceptile|198/264\n|move|p1a: Vileplume|Strength Sap||[still]\n|-fail|p1a: Vileplume\n|\n|-heal|p2a: Sceptile|214/264|[from] item: Leftovers\n|-heal|p1a: Vileplume|41/100|[from] item: Leftovers\n|upkeep\n|turn|43\n|inactive|Time left: 300 sec this turn | 300 sec total\n|\n|t:|1783544968\n|move|p2a: Sceptile|Giga Drain|p1a: Vileplume\n|-resisted|p1a: Vileplume\n|-damage|p1a: Vileplume|32/100\n|-heal|p2a: Sceptile|225/264|[from] drain|[of] p1a: Vileplume\n|move|p1a: Vileplume|Strength Sap||[still]\n|-fail|p1a: Vileplume\n|\n|-heal|p2a: Sceptile|241/264|[from] item: Leftovers\n|-heal|p1a: Vileplume|38/100|[from] item: Leftovers\n|upkeep\n|turn|44\n|inactive|Time left: 300 sec this turn | 300 sec total\n|\n|t:|1783544969\n|move|p2a: Sceptile|Focus Blast|p1a: Vileplume|[miss]\n|-miss|p2a: Sceptile|p1a: Vileplume\n|move|p1a: Vileplume|Strength Sap||[still]\n|-fail|p1a: Vileplume\n|\n|-heal|p2a: Sceptile|257/264|[from] item: Leftovers\n|-heal|p1a: Vileplume|44/100|[from] item: Leftovers\n|upkeep\n|turn|45\n|inactive|Time left: 300 sec this turn | 300 sec total\n|\n|t:|1783544970\n|move|p2a: Sceptile|Focus Blast|p1a: Vileplume\n|-resisted|p1a: Vileplume\n|-damage|p1a: Vileplume|28/100\n|move|p1a: Vileplume|Sludge Bomb|p2a: Sceptile\n|-supereffective|p2a: Sceptile\n|-end|p2a: Sceptile|Substitute\n|\n|-heal|p2a: Sceptile|264/264|[from] item: Leftovers\n|-heal|p1a: Vileplume|34/100|[from] item: Leftovers\n|upkeep\n|turn|46\n|inactive|Time left: 300 sec this turn | 300 sec total\n|\n|t:|1783544971\n|move|p2a: Sceptile|Substitute|p2a: Sceptile\n|-start|p2a: Sceptile|Substitute\n|-damage|p2a: Sceptile|198/264\n|move|p1a: Vileplume|Strength Sap||[still]\n|-fail|p1a: Vileplume\n|\n|-heal|p2a: Sceptile|214/264|[from] item: Leftovers\n|-heal|p1a: Vileplume|40/100|[from] item: Leftovers\n|upkeep\n|turn|47\n|inactive|Time left: 300 sec this turn | 300 sec total\n|\n|t:|1783544972\n|move|p2a: Sceptile|Giga Drain|p1a: Vileplume\n|-resisted|p1a: Vileplume\n|-damage|p1a: Vileplume|31/100\n|-heal|p2a: Sceptile|226/264|[from] drain|[of] p1a: Vileplume\n|move|p1a: Vileplume|Sludge Bomb|p2a: Sceptile\n|-supereffective|p2a: Sceptile\n|-end|p2a: Sceptile|Substitute\n|\n|-heal|p2a: Sceptile|242/264|[from] item: Leftovers\n|-heal|p1a: Vileplume|37/100|[from] item: Leftovers\n|upkeep\n|turn|48\n|inactive|Time left: 300 sec this turn | 300 sec total\n|\n|t:|1783544973\n|move|p2a: Sceptile|Substitute|p2a: Sceptile\n|-start|p2a: Sceptile|Substitute\n|-damage|p2a: Sceptile|176/264\n|move|p1a: Vileplume|Strength Sap||[still]\n|-fail|p1a: Vileplume\n|\n|-heal|p2a: Sceptile|192/264|[from] item: Leftovers\n|-heal|p1a: Vileplume|43/100|[from] item: Leftovers\n|upkeep\n|turn|49\n|inactive|Time left: 300 sec this turn | 300 sec total\n|\n|t:|1783544975\n|move|p2a: Sceptile|Giga Drain|p1a: Vileplume\n|-resisted|p1a: Vileplume\n|-damage|p1a: Vileplume|34/100\n|-heal|p2a: Sceptile|203/264|[from] drain|[of] p1a: Vileplume\n|move|p1a: Vileplume|Sludge Bomb|p2a: Sceptile\n|-supereffective|p2a: Sceptile\n|-end|p2a: Sceptile|Substitute\n|\n|-heal|p2a: Sceptile|219/264|[from] item: Leftovers\n|-heal|p1a: Vileplume|40/100|[from] item: Leftovers\n|upkeep\n|turn|50\n|inactive|Time left: 300 sec this turn | 300 sec total\n|\n|t:|1783544976\n|switch|p2a: Clodsire|Clodsire, L81, F|274/343\n|move|p1a: Vileplume|Sludge Bomb|p2a: Clodsire\n|-resisted|p2a: Clodsire\n|-damage|p2a: Clodsire|247/343\n|\n|-heal|p1a: Vileplume|46/100|[from] item: Leftovers\n|upkeep\n|turn|51\n|inactive|Time left: 300 sec this turn | 300 sec total\n|\n|t:|1783544977\n|move|p1a: Vileplume|Sleep Powder|p2a: Clodsire|[miss]\n|-miss|p1a: Vileplume|p2a: Clodsire\n|move|p2a: Clodsire|Recover|p2a: Clodsire\n|-heal|p2a: Clodsire|343/343\n|\n|-heal|p1a: Vileplume|52/100|[from] item: Leftovers\n|upkeep\n|turn|52\n|inactive|Time left: 300 sec this turn | 300 sec total\n|\n|t:|1783544978\n|move|p1a: Vileplume|Giga Drain|p2a: Clodsire\n|-damage|p2a: Clodsire|256/343\n|-heal|p1a: Vileplume|69/100|[from] drain|[of] p2a: Clodsire\n|move|p2a: Clodsire|Gunk Shot|p1a: Vileplume\n|-damage|p1a: Vileplume|29/100\n|\n|-heal|p1a: Vileplume|35/100|[from] item: Leftovers\n|upkeep\n|turn|53\n|inactive|Time left: 300 sec this turn | 300 sec total\n|\n|t:|1783544980\n|move|p1a: Vileplume|Sleep Powder|p2a: Clodsire|[miss]\n|-miss|p1a: Vileplume|p2a: Clodsire\n|move|p2a: Clodsire|Gunk Shot|p1a: Vileplume\n|-damage|p1a: Vileplume|0 fnt\n|faint|p1a: Vileplume\n|\n|upkeep\n|\n|t:|1783544981\n|switch|p1a: Swanna|Swanna, L89, M|100/100\n|turn|54\n|inactive|Time left: 300 sec this turn | 300 sec total\n|\n|t:|1783544982\n|move|p1a: Swanna|Hydro Pump|p2a: Clodsire\n|-supereffective|p2a: Clodsire\n|-damage|p2a: Clodsire|16/343\n|move|p2a: Clodsire|Gunk Shot|p1a: Swanna\n|-damage|p1a: Swanna|61/100\n|-status|p1a: Swanna|psn\n|\n|-damage|p1a: Swanna|48/100 psn|[from] psn\n|upkeep\n|turn|55\n|inactive|Time left: 300 sec this turn | 300 sec total\n|\n|t:|1783544983\n|move|p1a: Swanna|Brave Bird|p2a: Clodsire\n|-damage|p2a: Clodsire|0 fnt\n|faint|p2a: Clodsire\n|-damage|p1a: Swanna|47/100 psn|[from] Recoil\n|\n|-damage|p1a: Swanna|34/100 psn|[from] psn\n|upkeep\n|inactive|Time left: 300 sec this turn | 300 sec total | 5 sec grace\n|\n|t:|1783544984\n|switch|p2a: Sceptile|Sceptile, L87, F|219/264\n|turn|56\n|inactive|Time left: 300 sec this turn | 300 sec total\n|\n|t:|1783544985\n|switch|p1a: Ogerpon|Ogerpon, L80, F|100/100\n|-damage|p1a: Ogerpon|88/100|[from] Stealth Rock\n|move|p2a: Sceptile|Giga Drain|p1a: Ogerpon\n|-resisted|p1a: Ogerpon\n|-damage|p1a: Ogerpon|71/100\n|-heal|p2a: Sceptile|242/264|[from] drain|[of] p1a: Ogerpon\n|\n|-heal|p2a: Sceptile|258/264|[from] item: Leftovers\n|upkeep\n|turn|57\n|inactive|Time left: 300 sec this turn | 300 sec total\n|\n|t:|1783544986\n|move|p2a: Sceptile|Focus Blast|p1a: Ogerpon|[miss]\n|-miss|p2a: Sceptile|p1a: Ogerpon\n|move|p1a: Ogerpon|Knock Off|p2a: Sceptile\n|-damage|p2a: Sceptile|138/264\n|-enditem|p2a: Sceptile|Leftovers|[from] move: Knock Off|[of] p1a: Ogerpon\n|-damage|p1a: Ogerpon|61/100|[from] item: Life Orb\n|\n|upkeep\n|turn|58\n|inactive|Time left: 300 sec this turn | 300 sec total\n|\n|t:|1783544987\n|move|p2a: Sceptile|Giga Drain|p1a: Ogerpon\n|-resisted|p1a: Ogerpon\n|-damage|p1a: Ogerpon|43/100\n|-heal|p2a: Sceptile|161/264|[from] drain|[of] p1a: Ogerpon\n|move|p1a: Ogerpon|Superpower|p2a: Sceptile\n|-damage|p2a: Sceptile|14/264\n|-unboost|p1a: Ogerpon|atk|1\n|-unboost|p1a: Ogerpon|def|1\n|-damage|p1a: Ogerpon|34/100|[from] item: Life Orb\n|\n|upkeep\n|turn|59\n|inactive|Time left: 300 sec this turn | 300 sec total\n|\n|t:|1783544988\n|move|p2a: Sceptile|Focus Blast|p1a: Ogerpon\n|-damage|p1a: Ogerpon|0 fnt\n|faint|p1a: Ogerpon\n|\n|upkeep\n|\n|t:|1783544989\n|switch|p1a: Spidops|Spidops, L96, M|13/100 psn\n|turn|60\n|inactive|Time left: 300 sec this turn | 300 sec total\n|\n|t:|1783544990\n|move|p2a: Sceptile|Giga Drain|p1a: Spidops\n|-resisted|p1a: Spidops\n|-damage|p1a: Spidops|0 fnt\n|-heal|p2a: Sceptile|31/264|[from] drain|[of] p1a: Spidops\n|faint|p1a: Spidops\n|\n|upkeep\n|\n|t:|1783544991\n|switch|p1a: Swanna|Swanna, L89, M|34/100 psn\n|turn|61\n|inactive|Time left: 300 sec this turn | 300 sec total\n|\n|t:|1783544992\n|move|p2a: Sceptile|Giga Drain|p1a: Swanna\n|-damage|p1a: Swanna|0 fnt\n|-heal|p2a: Sceptile|78/264|[from] drain|[of] p1a: Swanna\n|faint|p1a: Swanna\n|\n|win|p0y50697ca", "uploadtime": 1783544992, "views": 0, "rating": 0, "private": 0, "password": null, "_winner": "p0y50697ca", "_our_name": "p0y50697ca"}