{"id": "battle-gen9randombattle-1799", "formatid": "gen9randombattle", "format": "[Gen 9] Random Battle", "players": ["p0x1799eff3", "p0y1799ee75"], "log": "|init|battle\n|title|p0x1799eff3 vs. p0y1799ee75\n|j|\u2606p0x1799eff3\n|j|\u2606p0y1799ee75\n|t:|1783560070\n|gametype|singles\n|player|p1|p0x1799eff3|101|\n|player|p2|p0y1799ee75|265|\n|gen|9\n|tier|[Gen 9] Random Battle\n|rule|Species Clause: Limit one of each Pok\u00e9mon\n|rule|HP Percentage Mod: HP is shown in percentages\n|rule|Sleep Clause Mod: Limit one foe put to sleep\n|rule|Illusion Level Mod: Illusion disguises the Pok\u00e9mon's true level\n|\n|t:|1783560070\n|teamsize|p1|6\n|teamsize|p2|6\n|start\n|switch|p1a: Raging Bolt|Raging Bolt, L78|323/323\n|switch|p2a: Sableye|Sableye, L88, F|100/100\n|turn|1\n|inactive|Battle timer is ON: inactive players will automatically lose when time's up. (requested by p0y1799ee75)\n|inactive|Time left: 300 sec this turn | 300 sec total | 60 sec grace\n|inactive|p0x1799eff3 also wants the timer to be on.\n|\n|t:|1783560071\n|switch|p2a: Necrozma|Necrozma-Dawn-Wings, L76|100/100\n|move|p1a: Raging Bolt|Calm Mind|p1a: Raging Bolt\n|-boost|p1a: Raging Bolt|spa|1\n|-boost|p1a: Raging Bolt|spd|1\n|\n|upkeep\n|turn|2\n|inactive|Time left: 300 sec this turn | 300 sec total\n|\n|t:|1783560073\n|move|p1a: Raging Bolt|Thunderbolt|p2a: Necrozma\n|-damage|p2a: Necrozma|50/100\n|move|p2a: Necrozma|Calm Mind|p2a: Necrozma\n|-boost|p2a: Necrozma|spa|1\n|-boost|p2a: Necrozma|spd|1\n|\n|-heal|p2a: Necrozma|57/100|[from] item: Leftovers\n|upkeep\n|turn|3\n|inactive|Time left: 300 sec this turn | 300 sec total\n|\n|t:|1783560074\n|move|p1a: Raging Bolt|Thunderbolt|p2a: Necrozma\n|-damage|p2a: Necrozma|23/100\n|-status|p2a: Necrozma|par\n|move|p2a: Necrozma|Moonlight|p2a: Necrozma\n|-heal|p2a: Necrozma|73/100 par\n|\n|-heal|p2a: Necrozma|79/100 par|[from] item: Leftovers\n|upkeep\n|turn|4\n|inactive|Time left: 300 sec this turn | 300 sec total\n|\n|t:|1783560075\n|move|p1a: Raging Bolt|Calm Mind|p1a: Raging Bolt\n|-boost|p1a: Raging Bolt|spa|1\n|-boost|p1a: Raging Bolt|spd|1\n|move|p2a: Necrozma|Calm Mind|p2a: Necrozma\n|-boost|p2a: Necrozma|spa|1\n|-boost|p2a: Necrozma|spd|1\n|\n|-heal|p2a: Necrozma|85/100 par|[from] item: Leftovers\n|upkeep\n|turn|5\n|inactive|Time left: 300 sec this turn | 300 sec total\n|\n|t:|1783560077\n|move|p1a: Raging Bolt|Calm Mind|p1a: Raging Bolt\n|-boost|p1a: Raging Bolt|spa|1\n|-boost|p1a: Raging Bolt|spd|1\n|cant|p2a: Necrozma|par\n|\n|-heal|p2a: Necrozma|91/100 par|[from] item: Leftovers\n|upkeep\n|turn|6\n|inactive|Time left: 300 sec this turn | 300 sec total\n|\n|t:|1783560078\n|move|p1a: Raging Bolt|Thunderbolt|p2a: Necrozma\n|-damage|p2a: Necrozma|48/100 par\n|move|p2a: Necrozma|Calm Mind|p2a: Necrozma\n|-boost|p2a: Necrozma|spa|1\n|-boost|p2a: Necrozma|spd|1\n|\n|-heal|p2a: Necrozma|55/100 par|[from] item: Leftovers\n|upkeep\n|turn|7\n|inactive|Time left: 300 sec this turn | 300 sec total\n|\n|t:|1783560079\n|move|p1a: Raging Bolt|Thunderbolt|p2a: Necrozma\n|-damage|p2a: Necrozma|21/100 par\n|move|p2a: Necrozma|Moonlight|p2a: Necrozma\n|-heal|p2a: Necrozma|71/100 par\n|\n|-heal|p2a: Necrozma|78/100 par|[from] item: Leftovers\n|upkeep\n|turn|8\n|inactive|Time left: 300 sec this turn | 300 sec total\n|\n|t:|1783560080\n|move|p1a: Raging Bolt|Thunderbolt|p2a: Necrozma\n|-damage|p2a: Necrozma|46/100 par\n|move|p2a: Necrozma|Moongeist Beam|p1a: Raging Bolt\n|-damage|p1a: Raging Bolt|182/323\n|\n|-heal|p1a: Raging Bolt|202/323|[from] item: Leftovers\n|-heal|p2a: Necrozma|53/100 par|[from] item: Leftovers\n|upkeep\n|turn|9\n|inactive|Time left: 300 sec this turn | 300 sec total\n|\n|t:|1783560081\n|move|p1a: Raging Bolt|Thunderbolt|p2a: Necrozma\n|-damage|p2a: Necrozma|22/100 par\n|move|p2a: Necrozma|Moonlight|p2a: Necrozma\n|-heal|p2a: Necrozma|72/100 par\n|\n|-heal|p1a: Raging Bolt|222/323|[from] item: Leftovers\n|-heal|p2a: Necrozma|78/100 par|[from] item: Leftovers\n|upkeep\n|turn|10\n|inactive|Time left: 300 sec this turn | 300 sec total\n|\n|t:|1783560082\n|-terastallize|p1a: Raging Bolt|Electric\n|move|p1a: Raging Bolt|Thunderbolt|p2a: Necrozma\n|-damage|p2a: Necrozma|32/100 par\n|cant|p2a: Necrozma|par\n|\n|-heal|p1a: Raging Bolt|242/323|[from] item: Leftovers\n|-heal|p2a: Necrozma|39/100 par|[from] item: Leftovers\n|upkeep\n|turn|11\n|inactive|Time left: 300 sec this turn | 300 sec total\n|\n|t:|1783560083\n|move|p1a: Raging Bolt|Thunderbolt|p2a: Necrozma\n|-damage|p2a: Necrozma|0 fnt\n|faint|p2a: Necrozma\n|\n|-heal|p1a: Raging Bolt|262/323|[from] item: Leftovers\n|upkeep\n|\n|t:|1783560084\n|switch|p2a: Wo-Chien|Wo-Chien, L83|100/100\n|-ability|p2a: Wo-Chien|Tablets of Ruin\n|turn|12\n|inactive|Time left: 300 sec this turn | 300 sec total\n|\n|t:|1783560085\n|move|p2a: Wo-Chien|Ruination|p1a: Raging Bolt|[miss]\n|-miss|p2a: Wo-Chien|p1a: Raging Bolt\n|move|p1a: Raging Bolt|Draco Meteor|p2a: Wo-Chien\n|-damage|p2a: Wo-Chien|0 fnt\n|-unboost|p1a: Raging Bolt|spa|2\n|faint|p2a: Wo-Chien\n|\n|-heal|p1a: Raging Bolt|282/323|[from] item: Leftovers\n|upkeep\n|\n|t:|1783560086\n|switch|p2a: Tropius|Tropius, L91, M|100/100\n|turn|13\n|inactive|Time left: 300 sec this turn | 300 sec total\n|\n|t:|1783560087\n|move|p1a: Raging Bolt|Thunderbolt|p2a: Tropius\n|-damage|p2a: Tropius|42/100\n|-enditem|p2a: Tropius|Sitrus Berry|[eat]\n|-heal|p2a: Tropius|67/100|[from] item: Sitrus Berry\n|move|p2a: Tropius|Leech Seed|p1a: Raging Bolt\n|-start|p1a: Raging Bolt|move: Leech Seed\n|\n|-heal|p1a: Raging Bolt|302/323|[from] item: Leftovers\n|-damage|p1a: Raging Bolt|262/323|[from] Leech Seed|[of] p2a: Tropius\n|-heal|p2a: Tropius|79/100|[silent]\n|-item|p2a: Tropius|Sitrus Berry|[from] ability: Harvest\n|upkeep\n|turn|14\n|inactive|Time left: 300 sec this turn | 300 sec total\n|\n|t:|1783560088\n|move|p2a: Tropius|Protect|p2a: Tropius\n|-singleturn|p2a: Tropius|Protect\n|move|p1a: Raging Bolt|Thunderbolt|p2a: Tropius\n|-activate|p2a: Tropius|move: Protect\n|\n|-heal|p1a: Raging Bolt|282/323|[from] item: Leftovers\n|-damage|p1a: Raging Bolt|242/323|[from] Leech Seed|[of] p2a: Tropius\n|-heal|p2a: Tropius|91/100|[silent]\n|upkeep\n|turn|15\n|inactive|Time left: 300 sec this turn | 300 sec total\n|\n|t:|1783560089\n|switch|p2a: Electivire|Electivire, L84, M|100/100\n|move|p1a: Raging Bolt|Thunderbolt|p2a: Electivire\n|-ability|p2a: Electivire|Motor Drive|boost\n|-boost|p2a: Electivire|spe|1\n|\n|-heal|p1a: Raging Bolt|262/323|[from] item: Leftovers\n|-damage|p1a: Raging Bolt|222/323|[from] Leech Seed|[of] p2a: Electivire\n|upkeep\n|turn|16\n|inactive|Time left: 300 sec this turn | 300 sec total\n|\n|t:|1783560090\n|-end|p1a: Raging Bolt|Protosynthesis|[silent]\n|switch|p1a: Gastrodon|Gastrodon, L86, M|331/331\n|move|p2a: Electivire|Knock Off|p1a: Gastrodon\n|-damage|p1a: Gastrodon|204/331\n|-enditem|p1a: Gastrodon|Leftovers|[from] move: Knock Off|[of] p2a: Electivire\n|-damage|p2a: Electivire|91/100|[from] item: Life Orb\n|\n|upkeep\n|turn|17\n|inactive|Time left: 300 sec this turn | 300 sec total\n|\n|t:|1783560091\n|switch|p2a: Tropius|Tropius, L91, M|91/100\n|move|p1a: Gastrodon|Earthquake|p2a: Tropius\n|-immune|p2a: Tropius\n|\n|upkeep\n|turn|18\n|inactive|Time left: 300 sec this turn | 300 sec total\n|\n|t:|1783560092\n|move|p2a: Tropius|Air Slash|p1a: Gastrodon\n|-damage|p1a: Gastrodon|122/331\n|move|p1a: Gastrodon|Recover|p1a: Gastrodon\n|-heal|p1a: Gastrodon|288/331\n|\n|upkeep\n|turn|19\n|inactive|Time left: 300 sec this turn | 300 sec total\n|\n|t:|1783560093\n|move|p2a: Tropius|Leech Seed|p1a: Gastrodon\n|-start|p1a: Gastrodon|move: Leech Seed\n|move|p1a: Gastrodon|Ice Beam|p2a: Tropius\n|-supereffective|p2a: Tropius\n|-damage|p2a: Tropius|18/100\n|-enditem|p2a: Tropius|Sitrus Berry|[eat]\n|-heal|p2a: Tropius|43/100|[from] item: Sitrus Berry\n|\n|-damage|p1a: Gastrodon|247/331|[from] Leech Seed|[of] p2a: Tropius\n|-heal|p2a: Tropius|56/100|[silent]\n|upkeep\n|turn|20\n|inactive|Time left: 300 sec this turn | 300 sec total\n|\n|t:|1783560095\n|move|p2a: Tropius|Leech Seed||[still]\n|-fail|p2a: Tropius\n|move|p1a: Gastrodon|Ice Beam|p2a: Tropius\n|-supereffective|p2a: Tropius\n|-damage|p2a: Tropius|0 fnt\n|faint|p2a: Tropius\n|\n|upkeep\n|\n|t:|1783560095\n|switch|p2a: Sableye|Sableye, L88, F|100/100\n|turn|21\n|inactive|Time left: 300 sec this turn | 300 sec total\n|\n|t:|1783560097\n|move|p2a: Sableye|Knock Off|p1a: Gastrodon\n|-damage|p1a: Gastrodon|178/331\n|move|p1a: Gastrodon|Earthquake|p2a: Sableye\n|-damage|p2a: Sableye|57/100\n|\n|-heal|p2a: Sableye|63/100|[from] item: Leftovers\n|-damage|p1a: Gastrodon|137/331|[from] Leech Seed|[of] p2a: Sableye\n|-heal|p2a: Sableye|81/100|[silent]\n|upkeep\n|turn|22\n|inactive|Time left: 300 sec this turn | 300 sec total\n|\n|t:|1783560098\n|move|p2a: Sableye|Knock Off|p1a: Gastrodon\n|-crit|p1a: Gastrodon\n|-damage|p1a: Gastrodon|31/331\n|move|p1a: Gastrodon|Recover|p1a: Gastrodon\n|-heal|p1a: Gastrodon|197/331\n|\n|-heal|p2a: Sableye|87/100|[from] item: Leftovers\n|-damage|p1a: Gastrodon|156/331|[from] Leech Seed|[of] p2a: Sableye\n|-heal|p2a: Sableye|100/100|[silent]\n|upkeep\n|turn|23\n|inactive|Time left: 300 sec this turn | 300 sec total\n|\n|t:|1783560099\n|move|p2a: Sableye|Knock Off|p1a: Gastrodon\n|-damage|p1a: Gastrodon|78/331\n|move|p1a: Gastrodon|Recover|p1a: Gastrodon\n|-heal|p1a: Gastrodon|244/331\n|\n|-damage|p1a: Gastrodon|203/331|[from] Leech Seed|[of] p2a: Sableye\n|upkeep\n|turn|24\n|inactive|Time left: 300 sec this turn | 300 sec total\n|\n|t:|1783560100\n|move|p2a: Sableye|Knock Off|p1a: Gastrodon\n|-damage|p1a: Gastrodon|128/331\n|move|p1a: Gastrodon|Earthquake|p2a: Sableye\n|-damage|p2a: Sableye|57/100\n|\n|-heal|p2a: Sableye|63/100|[from] item: Leftovers\n|-damage|p1a: Gastrodon|87/331|[from] Leech Seed|[of] p2a: Sableye\n|-heal|p2a: Sableye|81/100|[silent]\n|upkeep\n|turn|25\n|inactive|Time left: 300 sec this turn | 300 sec total\n|\n|t:|1783560101\n|move|p2a: Sableye|Knock Off|p1a: Gastrodon\n|-damage|p1a: Gastrodon|18/331\n|move|p1a: Gastrodon|Recover|p1a: Gastrodon\n|-heal|p1a: Gastrodon|184/331\n|\n|-heal|p2a: Sableye|87/100|[from] item: Leftovers\n|-damage|p1a: Gastrodon|143/331|[from] Leech Seed|[of] p2a: Sableye\n|-heal|p2a: Sableye|100/100|[silent]\n|upkeep\n|turn|26\n|inactive|Time left: 300 sec this turn | 300 sec total\n|\n|t:|1783560103\n|move|p2a: Sableye|Knock Off|p1a: Gastrodon\n|-damage|p1a: Gastrodon|70/331\n|move|p1a: Gastrodon|Recover|p1a: Gastrodon\n|-heal|p1a: Gastrodon|236/331\n|\n|-damage|p1a: Gastrodon|195/331|[from] Leech Seed|[of] p2a: Sableye\n|upkeep\n|turn|27\n|inactive|Time left: 300 sec this turn | 300 sec total\n|\n|t:|1783560104\n|switch|p1a: Regidrago|Regidrago, L77|435/435\n|move|p2a: Sableye|Knock Off|p1a: Regidrago\n|-damage|p1a: Regidrago|288/435\n|-enditem|p1a: Regidrago|Choice Scarf|[from] move: Knock Off|[of] p2a: Sableye\n|\n|upkeep\n|turn|28\n|inactive|Time left: 300 sec this turn | 300 sec total\n|\n|t:|1783560105\n|move|p2a: Sableye|Thunder Wave|p1a: Regidrago\n|-status|p1a: Regidrago|par\n|cant|p1a: Regidrago|par\n|\n|upkeep\n|turn|29\n|inactive|Time left: 300 sec this turn | 300 sec total\n|\n|t:|1783560106\n|move|p2a: Sableye|Knock Off|p1a: Regidrago\n|-damage|p1a: Regidrago|183/435 par\n|move|p1a: Regidrago|Outrage|p2a: Sableye\n|-damage|p2a: Sableye|18/100\n|\n|-heal|p2a: Sableye|24/100|[from] item: Leftovers\n|upkeep\n|turn|30\n|inactive|Time left: 300 sec this turn | 300 sec total\n|\n|t:|1783560107\n|move|p2a: Sableye|Knock Off|p1a: Regidrago\n|-damage|p1a: Regidrago|86/435 par\n|cant|p1a: Regidrago|par\n|\n|-heal|p2a: Sableye|30/100|[from] item: Leftovers\n|-start|p1a: Regidrago|confusion|[fatigue]\n|upkeep\n|turn|31\n|inactive|Time left: 300 sec this turn | 300 sec total\n|\n|t:|1783560107\n|switch|p1a: Gastrodon|Gastrodon, L86, M|195/331\n|move|p2a: Sableye|Recover|p2a: Sableye\n|-heal|p2a: Sableye|81/100\n|\n|-heal|p2a: Sableye|87/100|[from] item: Leftovers\n|upkeep\n|turn|32\n|inactive|Time left: 300 sec this turn | 300 sec total\n|\n|t:|1783560108\n|move|p2a: Sableye|Knock Off|p1a: Gastrodon\n|-damage|p1a: Gastrodon|122/331\n|move|p1a: Gastrodon|Earthquake|p2a: Sableye\n|-damage|p2a: Sableye|37/100\n|\n|-heal|p2a: Sableye|43/100|[from] item: Leftovers\n|upkeep\n|turn|33\n|inactive|Time left: 300 sec this turn | 300 sec total\n|\n|t:|1783560109\n|move|p2a: Sableye|Recover|p2a: Sableye\n|-heal|p2a: Sableye|93/100\n|move|p1a: Gastrodon|Earthquake|p2a: Sableye\n|-damage|p2a: Sableye|45/100\n|\n|-heal|p2a: Sableye|51/100|[from] item: Leftovers\n|upkeep\n|turn|34\n|inactive|Time left: 300 sec this turn | 300 sec total\n|\n|t:|1783560110\n|move|p2a: Sableye|Recover|p2a: Sableye\n|-heal|p2a: Sableye|100/100\n|move|p1a: Gastrodon|Recover|p1a: Gastrodon\n|-heal|p1a: Gastrodon|288/331\n|\n|upkeep\n|turn|35\n|inactive|Time left: 300 sec this turn | 300 sec total\n|\n|t:|1783560111\n|move|p2a: Sableye|Encore|p1a: Gastrodon\n|-start|p1a: Gastrodon|Encore\n|move|p1a: Gastrodon|Recover|p1a: Gastrodon\n|-heal|p1a: Gastrodon|331/331\n|\n|upkeep\n|turn|36\n|inactive|Time left: 300 sec this turn | 300 sec total\n|\n|t:|1783560112\n|switch|p1a: Raging Bolt|Raging Bolt, L78, tera:Electric|222/323\n|move|p2a: Sableye|Knock Off|p1a: Raging Bolt\n|-damage|p1a: Raging Bolt|122/323\n|-enditem|p1a: Raging Bolt|Leftovers|[from] move: Knock Off|[of] p2a: Sableye\n|\n|upkeep\n|turn|37\n|inactive|Time left: 300 sec this turn | 300 sec total\n|\n|t:|1783560114\n|switch|p2a: Electivire|Electivire, L84, M|91/100\n|move|p1a: Raging Bolt|Draco Meteor|p2a: Electivire\n|-damage|p2a: Electivire|26/100\n|-unboost|p1a: Raging Bolt|spa|2\n|\n|upkeep\n|turn|38\n|inactive|Time left: 300 sec this turn | 300 sec total\n|\n|t:|1783560115\n|-end|p1a: Raging Bolt|Protosynthesis|[silent]\n|switch|p1a: Gastrodon|Gastrodon, L86, M|331/331\n|move|p2a: Electivire|Supercell Slam|p1a: Gastrodon\n|-immune|p1a: Gastrodon\n|-damage|p2a: Electivire|0 fnt|[from] supercellslam\n|faint|p2a: Electivire\n|\n|upkeep\n|\n|t:|1783560116\n|switch|p2a: Sableye|Sableye, L88, F|100/100\n|turn|39\n|inactive|Time left: 300 sec this turn | 300 sec total\n|\n|t:|1783560117\n|move|p2a: Sableye|Knock Off|p1a: Gastrodon\n|-damage|p1a: Gastrodon|255/331\n|move|p1a: Gastrodon|Earthquake|p2a: Sableye\n|-damage|p2a: Sableye|51/100\n|\n|-heal|p2a: Sableye|57/100|[from] item: Leftovers\n|upkeep\n|turn|40\n|inactive|Time left: 300 sec this turn | 300 sec total\n|\n|t:|1783560118\n|move|p2a: Sableye|Recover|p2a: Sableye\n|-heal|p2a: Sableye|100/100\n|move|p1a: Gastrodon|Surf|p2a: Sableye\n|-damage|p2a: Sableye|49/100\n|\n|-heal|p2a: Sableye|55/100|[from] item: Leftovers\n|upkeep\n|turn|41\n|inactive|Time left: 300 sec this turn | 300 sec total\n|\n|t:|1783560119\n|move|p2a: Sableye|Recover|p2a: Sableye\n|-heal|p2a: Sableye|100/100\n|move|p1a: Gastrodon|Earthquake|p2a: Sableye\n|-damage|p2a: Sableye|57/100\n|\n|-heal|p2a: Sableye|63/100|[from] item: Leftovers\n|upkeep\n|turn|42\n|inactive|Time left: 300 sec this turn | 300 sec total\n|\n|t:|1783560120\n|move|p2a: Sableye|Recover|p2a: Sableye\n|-heal|p2a: Sableye|100/100\n|move|p1a: Gastrodon|Surf|p2a: Sableye\n|-damage|p2a: Sableye|53/100\n|\n|-heal|p2a: Sableye|59/100|[from] item: Leftovers\n|upkeep\n|turn|43\n|inactive|Time left: 300 sec this turn | 300 sec total\n|\n|t:|1783560122\n|move|p2a: Sableye|Recover|p2a: Sableye\n|-heal|p2a: Sableye|100/100\n|move|p1a: Gastrodon|Earthquake|p2a: Sableye\n|-damage|p2a: Sableye|55/100\n|\n|-heal|p2a: Sableye|61/100|[from] item: Leftovers\n|upkeep\n|turn|44\n|inactive|Time left: 300 sec this turn | 300 sec total\n|\n|t:|1783560123\n|move|p2a: Sableye|Recover|p2a: Sableye\n|-heal|p2a: Sableye|100/100\n|move|p1a: Gastrodon|Surf|p2a: Sableye\n|-damage|p2a: Sableye|49/100\n|\n|-heal|p2a: Sableye|55/100|[from] item: Leftovers\n|upkeep\n|turn|45\n|inactive|Time left: 300 sec this turn | 300 sec total\n|\n|t:|1783560124\n|move|p2a: Sableye|Knock Off|p1a: Gastrodon\n|-damage|p1a: Gastrodon|186/331\n|move|p1a: Gastrodon|Surf|p2a: Sableye\n|-damage|p2a: Sableye|5/100\n|\n|-heal|p2a: Sableye|11/100|[from] item: Leftovers\n|upkeep\n|turn|46\n|inactive|Time left: 300 sec this turn | 300 sec total\n|\n|t:|1783560125\n|move|p2a: Sableye|Knock Off|p1a: Gastrodon\n|-damage|p1a: Gastrodon|114/331\n|move|p1a: Gastrodon|Recover|p1a: Gastrodon\n|-heal|p1a: Gastrodon|280/331\n|\n|-heal|p2a: Sableye|17/100|[from] item: Leftovers\n|upkeep\n|turn|47\n|inactive|Time left: 300 sec this turn | 300 sec total\n|\n|t:|1783560126\n|move|p2a: Sableye|Encore||[still]\n|-fail|p2a: Sableye\n|move|p1a: Gastrodon|Surf|p2a: Sableye\n|-damage|p2a: Sableye|0 fnt\n|faint|p2a: Sableye\n|\n|upkeep\n|\n|t:|1783560127\n|switch|p2a: Pikachu|Pikachu-Sinnoh, L93, M|100/100\n|turn|48\n|inactive|Time left: 300 sec this turn | 300 sec total\n|\n|t:|1783560128\n|-terastallize|p2a: Pikachu|Water\n|move|p2a: Pikachu|Play Rough|p1a: Gastrodon\n|-damage|p1a: Gastrodon|150/331\n|move|p1a: Gastrodon|Earthquake|p2a: Pikachu\n|-damage|p2a: Pikachu|31/100\n|\n|upkeep\n|turn|49\n|inactive|Time left: 300 sec this turn | 300 sec total\n|\n|t:|1783560129\n|move|p2a: Pikachu|Play Rough|p1a: Gastrodon\n|-damage|p1a: Gastrodon|33/331\n|move|p1a: Gastrodon|Earthquake|p2a: Pikachu\n|-damage|p2a: Pikachu|0 fnt\n|faint|p2a: Pikachu\n|\n|win|p0x1799eff3", "uploadtime": 1783560129, "views": 0, "rating": 0, "private": 0, "password": null, "_winner": "p0x1799eff3", "_our_name": "p0x1799eff3"}