{"id": "battle-gen9randombattle-495", "formatid": "gen9randombattle", "format": "[Gen 9] Random Battle", "players": ["p0x4955b92", "p0y495f60a"], "log": "|init|battle\n|title|p0x4955b92 vs. p0y495f60a\n|j|\u2606p0x4955b92\n|j|\u2606p0y495f60a\n|t:|1783544790\n|gametype|singles\n|player|p1|p0x4955b92|1|\n|player|p2|p0y495f60a|266|\n|gen|9\n|tier|[Gen 9] Random Battle\n|rule|Species Clause: Limit one of each Pok\u00e9mon\n|rule|HP Percentage Mod: HP is shown in percentages\n|rule|Sleep Clause Mod: Limit one foe put to sleep\n|rule|Illusion Level Mod: Illusion disguises the Pok\u00e9mon's true level\n|\n|t:|1783544790\n|teamsize|p1|6\n|teamsize|p2|6\n|start\n|switch|p1a: Pelipper|Pelipper, L86, F|243/243\n|switch|p2a: Quaquaval|Quaquaval, L79, M|100/100\n|-weather|RainDance|[from] ability: Drizzle|[of] p1a: Pelipper\n|turn|1\n|inactive|Battle timer is ON: inactive players will automatically lose when time's up. (requested by p0y495f60a)\n|inactive|Time left: 300 sec this turn | 300 sec total | 60 sec grace\n|inactive|p0x4955b92 also wants the timer to be on.\n|\n|t:|1783544792\n|move|p2a: Quaquaval|Aqua Step|p1a: Pelipper\n|-resisted|p1a: Pelipper\n|-damage|p1a: Pelipper|148/243\n|-boost|p2a: Quaquaval|spe|1\n|move|p1a: Pelipper|Hurricane|p2a: Quaquaval\n|-supereffective|p2a: Quaquaval\n|-damage|p2a: Quaquaval|0 fnt\n|faint|p2a: Quaquaval\n|\n|-weather|RainDance|[upkeep]\n|upkeep\n|\n|t:|1783544793\n|switch|p2a: Hydreigon|Hydreigon, L79, M|100/100\n|turn|2\n|inactive|Time left: 300 sec this turn | 300 sec total\n|\n|t:|1783544795\n|move|p2a: Hydreigon|Dark Pulse|p1a: Pelipper\n|-damage|p1a: Pelipper|0 fnt\n|faint|p1a: Pelipper\n|\n|-weather|RainDance|[upkeep]\n|upkeep\n|inactive|Time left: 300 sec this turn | 300 sec total | 5 sec grace\n|\n|t:|1783544796\n|switch|p1a: Iron Valiant|Iron Valiant, L78|244/244\n|turn|3\n|inactive|Time left: 300 sec this turn | 300 sec total\n|\n|t:|1783544797\n|switch|p2a: Rabsca|Rabsca, L91, F|100/100\n|move|p1a: Iron Valiant|Moonblast|p2a: Rabsca\n|-damage|p2a: Rabsca|59/100\n|-damage|p1a: Iron Valiant|220/244|[from] item: Life Orb\n|\n|-weather|RainDance|[upkeep]\n|upkeep\n|turn|4\n|inactive|Time left: 300 sec this turn | 300 sec total\n|\n|t:|1783544799\n|move|p1a: Iron Valiant|Knock Off|p2a: Rabsca\n|-supereffective|p2a: Rabsca\n|-damage|p2a: Rabsca|0 fnt\n|-enditem|p2a: Rabsca|Heavy-Duty Boots|[from] move: Knock Off|[of] p1a: Iron Valiant\n|faint|p2a: Rabsca\n|-damage|p1a: Iron Valiant|196/244|[from] item: Life Orb\n|\n|-weather|RainDance|[upkeep]\n|upkeep\n|\n|t:|1783544799\n|switch|p2a: Spiritomb|Spiritomb, L89, M|100/100\n|turn|5\n|inactive|Time left: 300 sec this turn | 300 sec total\n|\n|t:|1783544800\n|move|p1a: Iron Valiant|Moonblast|p2a: Spiritomb\n|-supereffective|p2a: Spiritomb\n|-crit|p2a: Spiritomb\n|-damage|p2a: Spiritomb|0 fnt\n|faint|p2a: Spiritomb\n|-damage|p1a: Iron Valiant|172/244|[from] item: Life Orb\n|\n|-weather|none\n|upkeep\n|\n|t:|1783544801\n|switch|p2a: Leafeon|Leafeon, L88, M|100/100\n|turn|6\n|inactive|Time left: 300 sec this turn | 300 sec total\n|\n|t:|1783544801\n|move|p1a: Iron Valiant|Moonblast|p2a: Leafeon\n|-damage|p2a: Leafeon|33/100\n|-unboost|p2a: Leafeon|spa|1\n|-damage|p1a: Iron Valiant|148/244|[from] item: Life Orb\n|move|p2a: Leafeon|Leaf Blade|p1a: Iron Valiant\n|-damage|p1a: Iron Valiant|15/244\n|\n|-heal|p2a: Leafeon|39/100|[from] item: Leftovers\n|upkeep\n|turn|7\n|inactive|Time left: 300 sec this turn | 300 sec total\n|\n|t:|1783544802\n|move|p1a: Iron Valiant|Moonblast|p2a: Leafeon\n|-damage|p2a: Leafeon|0 fnt\n|faint|p2a: Leafeon\n|-damage|p1a: Iron Valiant|0 fnt|[from] item: Life Orb\n|faint|p1a: Iron Valiant\n|-end|p1a: Iron Valiant|Quark Drive|[silent]\n|\n|upkeep\n|inactive|Time left: 300 sec this turn | 300 sec total | 5 sec grace\n|\n|t:|1783544803\n|switch|p1a: Whimsicott|Whimsicott, L84, F|238/238\n|switch|p2a: Hydreigon|Hydreigon, L79, M|100/100\n|turn|8\n|inactive|Time left: 300 sec this turn | 300 sec total\n|\n|t:|1783544804\n|-terastallize|p2a: Hydreigon|Dragon\n|move|p1a: Whimsicott|Moonblast|p2a: Hydreigon\n|-supereffective|p2a: Hydreigon\n|-damage|p2a: Hydreigon|39/100\n|move|p2a: Hydreigon|Fire Blast|p1a: Whimsicott\n|-supereffective|p1a: Whimsicott\n|-damage|p1a: Whimsicott|0 fnt\n|faint|p1a: Whimsicott\n|\n|upkeep\n|inactive|Time left: 300 sec this turn | 300 sec total | 5 sec grace\n|\n|t:|1783544805\n|switch|p1a: Grafaiai|Grafaiai, L86, M|249/249\n|turn|9\n|inactive|Time left: 300 sec this turn | 300 sec total\n|\n|t:|1783544806\n|move|p1a: Grafaiai|Gunk Shot|p2a: Hydreigon\n|-crit|p2a: Hydreigon\n|-damage|p2a: Hydreigon|0 fnt\n|faint|p2a: Hydreigon\n|-damage|p1a: Grafaiai|225/249|[from] item: Life Orb\n|\n|upkeep\n|\n|t:|1783544806\n|switch|p2a: Lycanroc|Lycanroc-Dusk, L81, M|100/100\n|turn|10\n|inactive|Time left: 300 sec this turn | 300 sec total\n|\n|t:|1783544807\n|-terastallize|p1a: Grafaiai|Dark\n|move|p1a: Grafaiai|Low Kick|p2a: Lycanroc\n|-supereffective|p2a: Lycanroc\n|-damage|p2a: Lycanroc|41/100\n|-status|p2a: Lycanroc|psn|[from] ability: Poison Touch|[of] p1a: Grafaiai\n|-damage|p1a: Grafaiai|201/249|[from] item: Life Orb\n|move|p2a: Lycanroc|Swords Dance|p2a: Lycanroc\n|-boost|p2a: Lycanroc|atk|2\n|\n|-damage|p2a: Lycanroc|29/100 psn|[from] psn\n|upkeep\n|turn|11\n|inactive|Time left: 300 sec this turn | 300 sec total\n|\n|t:|1783544808\n|move|p1a: Grafaiai|Low Kick|p2a: Lycanroc\n|-supereffective|p2a: Lycanroc\n|-damage|p2a: Lycanroc|0 fnt\n|faint|p2a: Lycanroc\n|-damage|p1a: Grafaiai|177/249|[from] item: Life Orb\n|\n|win|p0x4955b92", "uploadtime": 1783544808, "views": 0, "rating": 0, "private": 0, "password": null, "_winner": "p0x4955b92", "_our_name": "p0x4955b92"}