{"id": "battle-gen9randombattle-1113", "formatid": "gen9randombattle", "format": "[Gen 9] Random Battle", "players": ["p0x111338da", "p0y11132a69"], "log": "|init|battle\n|title|p0x111338da vs. p0y11132a69\n|j|\u2606p0x111338da\n|j|\u2606p0y11132a69\n|t:|1783552056\n|gametype|singles\n|player|p1|p0x111338da|2|\n|player|p2|p0y11132a69|265|\n|gen|9\n|tier|[Gen 9] Random Battle\n|rule|Species Clause: Limit one of each Pok\u00e9mon\n|rule|HP Percentage Mod: HP is shown in percentages\n|rule|Sleep Clause Mod: Limit one foe put to sleep\n|rule|Illusion Level Mod: Illusion disguises the Pok\u00e9mon's true level\n|\n|t:|1783552056\n|teamsize|p1|6\n|teamsize|p2|6\n|start\n|switch|p1a: Meowscarada|Meowscarada, L78, F|100/100\n|switch|p2a: Charizard|Charizard, L85, F|271/271\n|turn|1\n|inactive|Battle timer is ON: inactive players will automatically lose when time's up. (requested by p0y11132a69)\n|\n|t:|1783552058\n|move|p1a: Meowscarada|Triple Axel|p2a: Charizard\n|-start|p1a: Meowscarada|typechange|Ice|[from] ability: Protean\n|-damage|p2a: Charizard|238/271\n|-hitcount|p2a: Charizard|1\n|move|p2a: Charizard|Flamethrower|p1a: Meowscarada\n|-supereffective|p1a: Meowscarada\n|-damage|p1a: Meowscarada|0 fnt\n|faint|p1a: Meowscarada\n|\n|upkeep\n|inactive|p0x111338da also wants the timer to be on.\n|\n|t:|1783552059\n|switch|p1a: Snorlax|Snorlax, L82, M|100/100\n|turn|2\n|inactive|Time left: 300 sec this turn | 300 sec total\n|\n|t:|1783552060\n|move|p2a: Charizard|Hurricane|p1a: Snorlax\n|-damage|p1a: Snorlax|72/100\n|move|p1a: Snorlax|Body Slam|p2a: Charizard\n|-damage|p2a: Charizard|133/271\n|-status|p2a: Charizard|par\n|\n|-heal|p1a: Snorlax|78/100|[from] item: Leftovers\n|upkeep\n|turn|3\n|inactive|Time left: 300 sec this turn | 300 sec total\n|\n|t:|1783552061\n|move|p2a: Charizard|Will-O-Wisp|p1a: Snorlax\n|-status|p1a: Snorlax|brn\n|move|p1a: Snorlax|Body Slam|p2a: Charizard\n|-damage|p2a: Charizard|83/271 par\n|\n|-heal|p1a: Snorlax|84/100 brn|[from] item: Leftovers\n|-damage|p1a: Snorlax|78/100 brn|[from] brn\n|upkeep\n|turn|4\n|inactive|Time left: 300 sec this turn | 300 sec total\n|\n|t:|1783552063\n|move|p2a: Charizard|Flamethrower|p1a: Snorlax\n|-damage|p1a: Snorlax|60/100 brn\n|move|p1a: Snorlax|Body Slam|p2a: Charizard\n|-damage|p2a: Charizard|28/271 par\n|\n|-heal|p1a: Snorlax|66/100 brn|[from] item: Leftovers\n|-damage|p1a: Snorlax|60/100 brn|[from] brn\n|upkeep\n|turn|5\n|inactive|Time left: 300 sec this turn | 300 sec total\n|\n|t:|1783552064\n|switch|p2a: Kommo-o|Kommo-o, L77, M|242/242\n|move|p1a: Snorlax|Rest|p1a: Snorlax\n|-status|p1a: Snorlax|slp|[from] move: Rest\n|-heal|p1a: Snorlax|100/100 slp|[silent]\n|\n|upkeep\n|turn|6\n|inactive|Time left: 300 sec this turn | 300 sec total\n|\n|t:|1783552065\n|switch|p1a: Metagross|Metagross, L79|100/100\n|move|p2a: Kommo-o|Clangorous Soul|p2a: Kommo-o\n|-boost|p2a: Kommo-o|atk|1\n|-boost|p2a: Kommo-o|def|1\n|-boost|p2a: Kommo-o|spa|1\n|-boost|p2a: Kommo-o|spd|1\n|-boost|p2a: Kommo-o|spe|1\n|-damage|p2a: Kommo-o|163/242\n|-enditem|p2a: Kommo-o|Throat Spray\n|-boost|p2a: Kommo-o|spa|1|[from] item: Throat Spray\n|\n|upkeep\n|turn|7\n|inactive|Time left: 300 sec this turn | 300 sec total\n|\n|t:|1783552066\n|move|p2a: Kommo-o|Drain Punch|p1a: Metagross\n|-damage|p1a: Metagross|64/100\n|-heal|p2a: Kommo-o|210/242|[from] drain|[of] p1a: Metagross\n|move|p1a: Metagross|Psychic Fangs|p2a: Kommo-o\n|-supereffective|p2a: Kommo-o\n|-damage|p2a: Kommo-o|94/242\n|\n|upkeep\n|turn|8\n|inactive|Time left: 300 sec this turn | 300 sec total\n|\n|t:|1783552067\n|move|p2a: Kommo-o|Drain Punch|p1a: Metagross\n|-damage|p1a: Metagross|31/100\n|-heal|p2a: Kommo-o|137/242|[from] drain|[of] p1a: Metagross\n|move|p1a: Metagross|Psychic Fangs|p2a: Kommo-o\n|-supereffective|p2a: Kommo-o\n|-damage|p2a: Kommo-o|21/242\n|\n|upkeep\n|turn|9\n|inactive|Time left: 300 sec this turn | 300 sec total\n|\n|t:|1783552068\n|move|p2a: Kommo-o|Drain Punch|p1a: Metagross\n|-damage|p1a: Metagross|0 fnt\n|-heal|p2a: Kommo-o|60/242|[from] drain|[of] p1a: Metagross\n|faint|p1a: Metagross\n|\n|upkeep\n|\n|t:|1783552069\n|switch|p1a: Luvdisc|Luvdisc, F|100/100\n|turn|10\n|inactive|Time left: 300 sec this turn | 300 sec total\n|\n|t:|1783552070\n|-terastallize|p1a: Luvdisc|Ghost\n|move|p2a: Kommo-o|Clanging Scales|p1a: Luvdisc\n|-damage|p1a: Luvdisc|17/100\n|-unboost|p2a: Kommo-o|def|1\n|move|p1a: Luvdisc|Whirlpool|p2a: Kommo-o\n|-resisted|p2a: Kommo-o\n|-damage|p2a: Kommo-o|51/242\n|-activate|p2a: Kommo-o|move: Whirlpool|[of] p1a: Luvdisc\n|\n|-damage|p2a: Kommo-o|21/242|[from] move: Whirlpool|[partiallytrapped]\n|upkeep\n|turn|11\n|inactive|Time left: 300 sec this turn | 300 sec total\n|\n|t:|1783552071\n|move|p2a: Kommo-o|Clanging Scales|p1a: Luvdisc\n|-damage|p1a: Luvdisc|0 fnt\n|faint|p1a: Luvdisc\n|-unboost|p2a: Kommo-o|def|1\n|\n|-end|p2a: Kommo-o|Whirlpool|[partiallytrapped]|[silent]\n|upkeep\n|\n|t:|1783552072\n|switch|p1a: Camerupt|Camerupt, L91, F|100/100\n|turn|12\n|inactive|Time left: 300 sec this turn | 300 sec total\n|\n|t:|1783552073\n|move|p2a: Kommo-o|Clanging Scales|p1a: Camerupt\n|-damage|p1a: Camerupt|29/100\n|-unboost|p2a: Kommo-o|def|1\n|move|p1a: Camerupt|Earthquake|p2a: Kommo-o\n|-damage|p2a: Kommo-o|0 fnt\n|faint|p2a: Kommo-o\n|\n|-heal|p1a: Camerupt|35/100|[from] item: Leftovers\n|upkeep\n|inactive|Time left: 300 sec this turn | 300 sec total | 5 sec grace\n|\n|t:|1783552074\n|switch|p2a: Basculin|Basculin, L86, F|261/261\n|turn|13\n|inactive|Time left: 300 sec this turn | 300 sec total\n|\n|t:|1783552075\n|switch|p1a: Snorlax|Snorlax, L82, M|100/100 slp\n|move|p2a: Basculin|Wave Crash|p1a: Snorlax\n|-damage|p1a: Snorlax|21/100 slp\n|-damage|p2a: Basculin|157/261|[from] Recoil\n|\n|-heal|p1a: Snorlax|27/100 slp|[from] item: Leftovers\n|upkeep\n|turn|14\n|inactive|Time left: 300 sec this turn | 300 sec total\n|\n|t:|1783552076\n|move|p2a: Basculin|Wave Crash|p1a: Snorlax\n|-damage|p1a: Snorlax|0 fnt\n|faint|p1a: Snorlax\n|-damage|p2a: Basculin|122/261|[from] Recoil\n|\n|upkeep\n|\n|t:|1783552077\n|switch|p1a: Tauros|Tauros, L82, M|100/100\n|turn|15\n|inactive|Time left: 300 sec this turn | 300 sec total\n|\n|t:|1783552078\n|switch|p2a: Skarmory|Skarmory, L80, F|235/235\n|move|p1a: Tauros|Body Slam|p2a: Skarmory\n|-resisted|p2a: Skarmory\n|-damage|p2a: Skarmory|183/235\n|\n|-heal|p2a: Skarmory|197/235|[from] item: Leftovers\n|upkeep\n|turn|16\n|inactive|Time left: 300 sec this turn | 300 sec total\n|\n|t:|1783552079\n|move|p1a: Tauros|Throat Chop|p2a: Skarmory\n|-damage|p2a: Skarmory|127/235\n|move|p2a: Skarmory|Body Press|p1a: Tauros\n|-supereffective|p1a: Tauros\n|-crit|p1a: Tauros\n|-damage|p1a: Tauros|20/100\n|\n|-heal|p2a: Skarmory|141/235|[from] item: Leftovers\n|upkeep\n|turn|17\n|inactive|Time left: 300 sec this turn | 300 sec total\n|\n|t:|1783552080\n|move|p1a: Tauros|Throat Chop|p2a: Skarmory\n|-damage|p2a: Skarmory|75/235\n|move|p2a: Skarmory|Brave Bird|p1a: Tauros\n|-damage|p1a: Tauros|0 fnt\n|faint|p1a: Tauros\n|-damage|p2a: Skarmory|58/235|[from] Recoil\n|\n|-heal|p2a: Skarmory|72/235|[from] item: Leftovers\n|upkeep\n|\n|t:|1783552081\n|switch|p1a: Camerupt|Camerupt, L91, F|35/100\n|turn|18\n|inactive|Time left: 300 sec this turn | 300 sec total\n|\n|t:|1783552082\n|-terastallize|p2a: Skarmory|Dragon\n|move|p2a: Skarmory|Brave Bird|p1a: Camerupt\n|-damage|p1a: Camerupt|0 fnt\n|faint|p1a: Camerupt\n|-damage|p2a: Skarmory|40/235|[from] Recoil\n|\n|win|p0y11132a69", "uploadtime": 1783552082, "views": 0, "rating": 0, "private": 0, "password": null, "_winner": "p0y11132a69", "_our_name": "p0y11132a69"}