{"id": "battle-gen9randombattle-85", "formatid": "gen9randombattle", "format": "[Gen 9] Random Battle", "players": ["p0x085f62f", "p0y0853a5f"], "log": "|init|battle\n|title|p0x085f62f vs. p0y0853a5f\n|j|\u2606p0x085f62f\n|j|\u2606p0y0853a5f\n|t:|1783540463\n|gametype|singles\n|player|p1|p0x085f62f|2|\n|player|p2|p0y0853a5f|169|\n|gen|9\n|tier|[Gen 9] Random Battle\n|rule|Species Clause: Limit one of each Pok\u00e9mon\n|rule|HP Percentage Mod: HP is shown in percentages\n|rule|Sleep Clause Mod: Limit one foe put to sleep\n|rule|Illusion Level Mod: Illusion disguises the Pok\u00e9mon's true level\n|\n|t:|1783540463\n|teamsize|p1|6\n|teamsize|p2|6\n|start\n|switch|p1a: Spidops|Spidops, L96, M|100/100\n|switch|p2a: Scovillain|Scovillain, L91, F|266/266\n|turn|1\n|inactive|Battle timer is ON: inactive players will automatically lose when time's up. (requested by p0y0853a5f)\n|inactive|p0x085f62f also wants the timer to be on.\n|\n|t:|1783540465\n|move|p2a: Scovillain|Flamethrower|p1a: Spidops\n|-supereffective|p1a: Spidops\n|-damage|p1a: Spidops|21/100\n|move|p1a: Spidops|Sticky Web|p2a: Scovillain\n|-sidestart|p2: p0y0853a5f|move: Sticky Web\n|\n|upkeep\n|turn|2\n|inactive|Time left: 300 sec this turn | 300 sec total\n|\n|t:|1783540466\n|switch|p1a: Tatsugiri|Tatsugiri, L87, F|100/100\n|move|p2a: Scovillain|Flamethrower|p1a: Tatsugiri\n|-resisted|p1a: Tatsugiri\n|-damage|p1a: Tatsugiri|90/100\n|\n|upkeep\n|turn|3\n|inactive|Time left: 300 sec this turn | 300 sec total\n|\n|t:|1783540467\n|move|p1a: Tatsugiri|Nasty Plot|p1a: Tatsugiri\n|-boost|p1a: Tatsugiri|spa|2\n|move|p2a: Scovillain|Leech Seed|p1a: Tatsugiri\n|-start|p1a: Tatsugiri|move: Leech Seed\n|\n|-damage|p1a: Tatsugiri|78/100|[from] Leech Seed|[of] p2a: Scovillain\n|upkeep\n|turn|4\n|inactive|Time left: 300 sec this turn | 300 sec total\n|\n|t:|1783540468\n|move|p2a: Scovillain|Protect|p2a: Scovillain\n|-singleturn|p2a: Scovillain|Protect\n|move|p1a: Tatsugiri|Hydro Pump|p2a: Scovillain\n|-activate|p2a: Scovillain|move: Protect\n|\n|-damage|p1a: Tatsugiri|65/100|[from] Leech Seed|[of] p2a: Scovillain\n|upkeep\n|turn|5\n|inactive|Time left: 300 sec this turn | 300 sec total\n|\n|t:|1783540469\n|switch|p2a: Sylveon|Sylveon, L85, M|300/300\n|-activate|p2a: Sylveon|move: Sticky Web\n|-unboost|p2a: Sylveon|spe|1\n|move|p1a: Tatsugiri|Hydro Pump|p2a: Sylveon\n|-damage|p2a: Sylveon|90/300\n|\n|-heal|p2a: Sylveon|108/300|[from] item: Leftovers\n|-damage|p1a: Tatsugiri|53/100|[from] Leech Seed|[of] p2a: Sylveon\n|-heal|p2a: Sylveon|140/300|[silent]\n|upkeep\n|turn|6\n|inactive|Time left: 300 sec this turn | 300 sec total\n|\n|t:|1783540470\n|move|p1a: Tatsugiri|Hydro Pump|p2a: Sylveon|[miss]\n|-miss|p1a: Tatsugiri|p2a: Sylveon\n|move|p2a: Sylveon|Hyper Voice|p1a: Tatsugiri\n|-supereffective|p1a: Tatsugiri\n|-damage|p1a: Tatsugiri|0 fnt\n|faint|p1a: Tatsugiri\n|\n|-heal|p2a: Sylveon|158/300|[from] item: Leftovers\n|upkeep\n|\n|t:|1783540471\n|switch|p1a: Wyrdeer|Wyrdeer, L87, F|100/100\n|-ability|p1a: Wyrdeer|Intimidate|boost\n|-unboost|p2a: Sylveon|atk|1\n|turn|7\n|inactive|Time left: 300 sec this turn | 300 sec total\n|\n|t:|1783540472\n|move|p1a: Wyrdeer|Earthquake|p2a: Sylveon\n|-damage|p2a: Sylveon|57/300\n|move|p2a: Sylveon|Hyper Voice|p1a: Wyrdeer\n|-damage|p1a: Wyrdeer|56/100\n|\n|-heal|p1a: Wyrdeer|62/100|[from] item: Leftovers\n|-heal|p2a: Sylveon|75/300|[from] item: Leftovers\n|upkeep\n|turn|8\n|inactive|Time left: 300 sec this turn | 300 sec total\n|\n|t:|1783540473\n|switch|p2a: Tyranitar|Tyranitar, L78, M|284/284\n|-activate|p2a: Tyranitar|move: Sticky Web\n|-unboost|p2a: Tyranitar|spe|1\n|-weather|Sandstorm|[from] ability: Sand Stream|[of] p2a: Tyranitar\n|move|p1a: Wyrdeer|Earthquake|p2a: Tyranitar\n|-supereffective|p2a: Tyranitar\n|-damage|p2a: Tyranitar|140/284\n|-enditem|p2a: Tyranitar|Weakness Policy\n|-boost|p2a: Tyranitar|atk|2|[from] item: Weakness Policy\n|-boost|p2a: Tyranitar|spa|2|[from] item: Weakness Policy\n|\n|-weather|Sandstorm|[upkeep]\n|-damage|p1a: Wyrdeer|56/100|[from] Sandstorm\n|-heal|p1a: Wyrdeer|62/100|[from] item: Leftovers\n|upkeep\n|turn|9\n|inactive|Time left: 300 sec this turn | 300 sec total\n|\n|t:|1783540475\n|-terastallize|p1a: Wyrdeer|Ground\n|move|p1a: Wyrdeer|Earthquake|p2a: Tyranitar\n|-supereffective|p2a: Tyranitar\n|-crit|p2a: Tyranitar\n|-damage|p2a: Tyranitar|0 fnt\n|faint|p2a: Tyranitar\n|\n|-weather|Sandstorm|[upkeep]\n|-heal|p1a: Wyrdeer|69/100|[from] item: Leftovers\n|upkeep\n|inactive|Time left: 300 sec this turn | 300 sec total | 5 sec grace\n|\n|t:|1783540476\n|switch|p2a: Staraptor|Staraptor, L79, M|263/263\n|turn|10\n|inactive|Time left: 300 sec this turn | 300 sec total\n|\n|t:|1783540477\n|switch|p1a: Raging Bolt|Raging Bolt, L78|100/100\n|move|p2a: Staraptor|Brave Bird|p1a: Raging Bolt\n|-resisted|p1a: Raging Bolt\n|-damage|p1a: Raging Bolt|61/100\n|-damage|p2a: Staraptor|220/263|[from] Recoil\n|\n|-weather|Sandstorm|[upkeep]\n|-damage|p2a: Staraptor|204/263|[from] Sandstorm\n|-damage|p1a: Raging Bolt|54/100|[from] Sandstorm\n|upkeep\n|turn|11\n|inactive|Time left: 300 sec this turn | 300 sec total\n|\n|t:|1783540478\n|switch|p2a: Quagsire|Quagsire, L84, F|297/297\n|-activate|p2a: Quagsire|move: Sticky Web\n|-unboost|p2a: Quagsire|spe|1\n|move|p1a: Raging Bolt|Discharge|p2a: Quagsire\n|-immune|p2a: Quagsire\n|\n|-weather|Sandstorm|[upkeep]\n|-damage|p1a: Raging Bolt|48/100|[from] Sandstorm\n|upkeep\n|turn|12\n|inactive|Time left: 300 sec this turn | 300 sec total\n|\n|t:|1783540479\n|-end|p1a: Raging Bolt|Protosynthesis|[silent]\n|switch|p1a: Wyrdeer|Wyrdeer, L87, F, tera:Ground|69/100\n|-ability|p1a: Wyrdeer|Intimidate|boost\n|-unboost|p2a: Quagsire|atk|1\n|move|p2a: Quagsire|Earthquake|p1a: Wyrdeer\n|-crit|p1a: Wyrdeer\n|-damage|p1a: Wyrdeer|22/100\n|\n|-weather|none\n|-heal|p1a: Wyrdeer|28/100|[from] item: Leftovers\n|upkeep\n|turn|13\n|inactive|Time left: 300 sec this turn | 300 sec total\n|\n|t:|1783540480\n|move|p1a: Wyrdeer|Psychic Noise|p2a: Quagsire\n|-damage|p2a: Quagsire|188/297\n|-start|p2a: Quagsire|move: Heal Block\n|move|p2a: Quagsire|Toxic|p1a: Wyrdeer\n|-status|p1a: Wyrdeer|tox\n|\n|-heal|p1a: Wyrdeer|34/100 tox|[from] item: Leftovers\n|-damage|p1a: Wyrdeer|28/100 tox|[from] psn\n|upkeep\n|turn|14\n|inactive|Time left: 300 sec this turn | 300 sec total\n|\n|t:|1783540481\n|move|p1a: Wyrdeer|Psychic Noise|p2a: Quagsire\n|-damage|p2a: Quagsire|76/297\n|move|p2a: Quagsire|Spikes|p1a: Wyrdeer\n|-sidestart|p1: p0x085f62f|Spikes\n|\n|-heal|p1a: Wyrdeer|34/100 tox|[from] item: Leftovers\n|-damage|p1a: Wyrdeer|22/100 tox|[from] psn\n|-end|p2a: Quagsire|move: Heal Block\n|upkeep\n|turn|15\n|inactive|Time left: 300 sec this turn | 300 sec total\n|\n|t:|1783540482\n|switch|p2a: Staraptor|Staraptor, L79, M|204/263\n|move|p1a: Wyrdeer|Psychic Noise|p2a: Staraptor\n|-damage|p2a: Staraptor|77/263\n|-start|p2a: Staraptor|move: Heal Block\n|\n|-heal|p1a: Wyrdeer|28/100 tox|[from] item: Leftovers\n|-damage|p1a: Wyrdeer|10/100 tox|[from] psn\n|upkeep\n|turn|16\n|inactive|Time left: 300 sec this turn | 300 sec total\n|\n|t:|1783540483\n|move|p2a: Staraptor|U-turn|p1a: Wyrdeer\n|-damage|p1a: Wyrdeer|0 fnt\n|faint|p1a: Wyrdeer\n|inactive|Time left: 300 sec this turn | 300 sec total | 5 sec grace\n|\n|t:|1783540484\n|switch|p2a: Blaziken|Blaziken, L76, M|247/247|[from] U-turn\n|-activate|p2a: Blaziken|move: Sticky Web\n|-unboost|p2a: Blaziken|spe|1\n|\n|upkeep\n|\n|t:|1783540485\n|switch|p1a: Florges|Florges-White, L85, F|100/100\n|-damage|p1a: Florges|88/100|[from] Spikes\n|turn|17\n|inactive|Time left: 300 sec this turn | 300 sec total\n|\n|t:|1783540486\n|move|p1a: Florges|Moonblast|p2a: Blaziken\n|-damage|p2a: Blaziken|82/247\n|-unboost|p2a: Blaziken|spa|1\n|move|p2a: Blaziken|Flare Blitz|p1a: Florges\n|-damage|p1a: Florges|13/100\n|-damage|p2a: Blaziken|15/247|[from] Recoil\n|-damage|p2a: Blaziken|0 fnt|[from] item: Life Orb\n|faint|p2a: Blaziken\n|\n|-heal|p1a: Florges|19/100|[from] item: Leftovers\n|upkeep\n|inactive|Time left: 300 sec this turn | 300 sec total | 5 sec grace\n|\n|t:|1783540487\n|switch|p2a: Staraptor|Staraptor, L79, M|77/263\n|turn|18\n|inactive|Time left: 300 sec this turn | 300 sec total\n|\n|t:|1783540488\n|move|p1a: Florges|Protect|p1a: Florges\n|-singleturn|p1a: Florges|Protect\n|move|p2a: Staraptor|Brave Bird|p1a: Florges\n|-activate|p1a: Florges|move: Protect\n|\n|-heal|p1a: Florges|25/100|[from] item: Leftovers\n|upkeep\n|turn|19\n|inactive|Time left: 300 sec this turn | 300 sec total\n|\n|t:|1783540489\n|switch|p1a: Quagsire|Quagsire, L84, M|100/100\n|-damage|p1a: Quagsire|88/100|[from] Spikes\n|move|p2a: Staraptor|Brave Bird|p1a: Quagsire\n|-damage|p1a: Quagsire|12/100\n|-damage|p2a: Staraptor|3/263|[from] Recoil\n|\n|-heal|p1a: Quagsire|18/100|[from] item: Leftovers\n|upkeep\n|turn|20\n|inactive|Time left: 300 sec this turn | 300 sec total\n|\n|t:|1783540490\n|move|p2a: Staraptor|Brave Bird|p1a: Quagsire\n|-crit|p1a: Quagsire\n|-damage|p1a: Quagsire|0 fnt\n|faint|p1a: Quagsire\n|-damage|p2a: Staraptor|0 fnt|[from] Recoil\n|faint|p2a: Staraptor\n|\n|upkeep\n|inactive|Time left: 300 sec this turn | 300 sec total | 5 sec grace\n|\n|t:|1783540491\n|switch|p2a: Sylveon|Sylveon, L85, M|75/300\n|switch|p1a: Florges|Florges-White, L85, F|25/100\n|-damage|p1a: Florges|13/100|[from] Spikes\n|-activate|p2a: Sylveon|move: Sticky Web\n|-unboost|p2a: Sylveon|spe|1\n|turn|21\n|inactive|Time left: 300 sec this turn | 300 sec total\n|\n|t:|1783540492\n|-terastallize|p2a: Sylveon|Steel\n|move|p1a: Florges|Moonblast|p2a: Sylveon\n|-resisted|p2a: Sylveon\n|-damage|p2a: Sylveon|34/300\n|move|p2a: Sylveon|Hyper Voice|p1a: Florges\n|-damage|p1a: Florges|0 fnt\n|faint|p1a: Florges\n|\n|-heal|p2a: Sylveon|52/300|[from] item: Leftovers\n|upkeep\n|\n|t:|1783540493\n|switch|p1a: Raging Bolt|Raging Bolt, L78|48/100\n|-damage|p1a: Raging Bolt|36/100|[from] Spikes\n|turn|22\n|inactive|Time left: 300 sec this turn | 300 sec total\n|\n|t:|1783540494\n|switch|p2a: Quagsire|Quagsire, L84, F|76/297\n|-activate|p2a: Quagsire|move: Sticky Web\n|-unboost|p2a: Quagsire|spe|1\n|move|p1a: Raging Bolt|Volt Switch|p2a: Quagsire\n|-immune|p2a: Quagsire\n|\n|-heal|p2a: Quagsire|94/297|[from] item: Leftovers\n|upkeep\n|turn|23\n|inactive|Time left: 300 sec this turn | 300 sec total\n|\n|t:|1783540495\n|move|p1a: Raging Bolt|Draco Meteor|p2a: Quagsire|[miss]\n|-miss|p1a: Raging Bolt|p2a: Quagsire\n|move|p2a: Quagsire|Earthquake|p1a: Raging Bolt\n|-supereffective|p1a: Raging Bolt\n|-damage|p1a: Raging Bolt|0 fnt\n|faint|p1a: Raging Bolt\n|-end|p1a: Raging Bolt|Protosynthesis|[silent]\n|\n|-heal|p2a: Quagsire|112/297|[from] item: Leftovers\n|upkeep\n|\n|t:|1783540496\n|switch|p1a: Spidops|Spidops, L96, M|21/100\n|turn|24\n|inactive|Time left: 300 sec this turn | 300 sec total\n|\n|t:|1783540497\n|move|p1a: Spidops|U-turn|p2a: Quagsire\n|-damage|p2a: Quagsire|30/297\n|move|p2a: Quagsire|Toxic|p1a: Spidops\n|-status|p1a: Spidops|tox\n|\n|-heal|p2a: Quagsire|48/297|[from] item: Leftovers\n|-damage|p1a: Spidops|15/100 tox|[from] psn\n|upkeep\n|turn|25\n|inactive|Time left: 300 sec this turn | 300 sec total\n|\n|t:|1783540498\n|move|p1a: Spidops|Toxic Spikes|p2a: Quagsire\n|-sidestart|p2: p0y0853a5f|move: Toxic Spikes\n|move|p2a: Quagsire|Spikes|p1a: Spidops\n|-sidestart|p1: p0x085f62f|Spikes\n|\n|-heal|p2a: Quagsire|66/297|[from] item: Leftovers\n|-damage|p1a: Spidops|3/100 tox|[from] psn\n|upkeep\n|turn|26\n|inactive|Time left: 300 sec this turn | 300 sec total\n|\n|t:|1783540499\n|switch|p2a: Scovillain|Scovillain, L91, F|266/266\n|-activate|p2a: Scovillain|move: Sticky Web\n|-unboost|p2a: Scovillain|spe|1\n|-status|p2a: Scovillain|psn\n|move|p1a: Spidops|Toxic Spikes|p2a: Scovillain\n|-sidestart|p2: p0y0853a5f|move: Toxic Spikes\n|\n|-damage|p2a: Scovillain|233/266 psn|[from] psn\n|-damage|p1a: Spidops|0 fnt|[from] psn\n|faint|p1a: Spidops\n|\n|win|p0y0853a5f", "uploadtime": 1783540499, "views": 0, "rating": 0, "private": 0, "password": null, "_winner": "p0y0853a5f", "_our_name": "p0y0853a5f"}