{"id": "battle-gen9randombattle-116", "formatid": "gen9randombattle", "format": "[Gen 9] Random Battle", "players": ["p0x1167da7", "p0y116b46e"], "log": "|init|battle\n|title|p0x1167da7 vs. p0y116b46e\n|j|\u2606p0x1167da7\n|j|\u2606p0y116b46e\n|t:|1783540832\n|gametype|singles\n|player|p1|p0x1167da7|265|\n|player|p2|p0y116b46e|101|\n|gen|9\n|tier|[Gen 9] Random Battle\n|rule|Species Clause: Limit one of each Pok\u00e9mon\n|rule|HP Percentage Mod: HP is shown in percentages\n|rule|Sleep Clause Mod: Limit one foe put to sleep\n|rule|Illusion Level Mod: Illusion disguises the Pok\u00e9mon's true level\n|\n|t:|1783540832\n|teamsize|p1|6\n|teamsize|p2|6\n|start\n|switch|p1a: Palafin|Palafin, L77, M|100/100\n|switch|p2a: Toucannon|Toucannon, L88, M|284/284\n|turn|1\n|inactive|Battle timer is ON: inactive players will automatically lose when time's up. (requested by p0x1167da7)\n|inactive|Time left: 300 sec this turn | 300 sec total | 60 sec grace\n|inactive|p0y116b46e also wants the timer to be on.\n|\n|t:|1783540833\n|-singleturn|p2a: Toucannon|move: Beak Blast\n|move|p1a: Palafin|Flip Turn|p2a: Toucannon\n|-damage|p2a: Toucannon|217/284\n|-status|p1a: Palafin|brn\n|\n|t:|1783540834\n|detailschange|p1a: Palafin|Palafin-Hero, L77, M\n|switch|p1a: Dedenne|Dedenne, L88, F|100/100|[from] Flip Turn\n|move|p2a: Toucannon|Beak Blast|p1a: Dedenne\n|-resisted|p1a: Dedenne\n|-damage|p1a: Dedenne|68/100\n|\n|upkeep\n|turn|2\n|inactive|Time left: 300 sec this turn | 300 sec total\n|\n|t:|1783540836\n|-singleturn|p2a: Toucannon|move: Beak Blast\n|move|p1a: Dedenne|Thunderbolt|p2a: Toucannon\n|-supereffective|p2a: Toucannon\n|-damage|p2a: Toucannon|35/284\n|-status|p2a: Toucannon|par\n|move|p2a: Toucannon|Beak Blast|p1a: Dedenne\n|-resisted|p1a: Dedenne\n|-damage|p1a: Dedenne|34/100\n|-enditem|p1a: Dedenne|Sitrus Berry|[eat]\n|-heal|p1a: Dedenne|59/100|[from] item: Sitrus Berry\n|-heal|p1a: Dedenne|92/100|[from] ability: Cheek Pouch\n|\n|upkeep\n|turn|3\n|inactive|Time left: 300 sec this turn | 300 sec total\n|\n|t:|1783540837\n|move|p1a: Dedenne|Thunderbolt|p2a: Toucannon\n|-supereffective|p2a: Toucannon\n|-damage|p2a: Toucannon|0 fnt\n|faint|p2a: Toucannon\n|\n|upkeep\n|inactive|Time left: 300 sec this turn | 300 sec total | 5 sec grace\n|\n|t:|1783540838\n|switch|p2a: Gogoat|Gogoat, L88, F|360/360\n|turn|4\n|inactive|Time left: 300 sec this turn | 300 sec total\n|\n|t:|1783540839\n|move|p1a: Dedenne|U-turn|p2a: Gogoat\n|-supereffective|p2a: Gogoat\n|-damage|p2a: Gogoat|268/360\n|\n|t:|1783540840\n|switch|p1a: Torkoal|Torkoal, L88, M|100/100|[from] U-turn\n|-weather|SunnyDay|[from] ability: Drought|[of] p1a: Torkoal\n|move|p2a: Gogoat|Bulk Up|p2a: Gogoat\n|-boost|p2a: Gogoat|atk|1\n|-boost|p2a: Gogoat|def|1\n|\n|-weather|SunnyDay|[upkeep]\n|-heal|p2a: Gogoat|290/360|[from] item: Leftovers\n|upkeep\n|turn|5\n|inactive|Time left: 300 sec this turn | 300 sec total\n|\n|t:|1783540841\n|move|p2a: Gogoat|Earthquake|p1a: Torkoal\n|-supereffective|p1a: Torkoal\n|-damage|p1a: Torkoal|37/100\n|move|p1a: Torkoal|Lava Plume|p2a: Gogoat\n|-supereffective|p2a: Gogoat\n|-damage|p2a: Gogoat|48/360\n|\n|-weather|SunnyDay|[upkeep]\n|-heal|p2a: Gogoat|70/360|[from] item: Leftovers\n|upkeep\n|turn|6\n|inactive|Time left: 300 sec this turn | 300 sec total\n|\n|t:|1783540843\n|-terastallize|p1a: Torkoal|Grass\n|move|p2a: Gogoat|Earthquake|p1a: Torkoal\n|-resisted|p1a: Torkoal\n|-damage|p1a: Torkoal|20/100\n|move|p1a: Torkoal|Lava Plume|p2a: Gogoat\n|-supereffective|p2a: Gogoat\n|-damage|p2a: Gogoat|0 fnt\n|faint|p2a: Gogoat\n|\n|-weather|SunnyDay|[upkeep]\n|upkeep\n|inactive|Time left: 300 sec this turn | 300 sec total | 5 sec grace\n|\n|t:|1783540844\n|switch|p2a: Miraidon|Miraidon, L65|238/238\n|-fieldstart|move: Electric Terrain|[from] ability: Hadron Engine|[of] p2a: Miraidon\n|turn|7\n|inactive|Time left: 300 sec this turn | 300 sec total\n|\n|t:|1783540845\n|switch|p1a: Palafin|Palafin-Hero, L77, M|100/100 brn\n|-activate|p1a: Palafin|ability: Zero to Hero\n|move|p2a: Miraidon|Calm Mind|p2a: Miraidon\n|-boost|p2a: Miraidon|spa|1\n|-boost|p2a: Miraidon|spd|1\n|\n|-weather|SunnyDay|[upkeep]\n|-damage|p1a: Palafin|94/100 brn|[from] brn\n|upkeep\n|turn|8\n|inactive|Time left: 300 sec this turn | 300 sec total\n|\n|t:|1783540846\n|move|p2a: Miraidon|Calm Mind|p2a: Miraidon\n|-boost|p2a: Miraidon|spa|1\n|-boost|p2a: Miraidon|spd|1\n|move|p1a: Palafin|Close Combat|p2a: Miraidon\n|-damage|p2a: Miraidon|144/238\n|-unboost|p1a: Palafin|def|1\n|-unboost|p1a: Palafin|spd|1\n|\n|-weather|none\n|-damage|p1a: Palafin|88/100 brn|[from] brn\n|upkeep\n|turn|9\n|inactive|Time left: 300 sec this turn | 300 sec total\n|\n|t:|1783540847\n|move|p2a: Miraidon|Electro Drift|p1a: Palafin\n|-supereffective|p1a: Palafin\n|-damage|p1a: Palafin|0 fnt\n|faint|p1a: Palafin\n|-damage|p2a: Miraidon|121/238|[from] item: Life Orb\n|\n|upkeep\n|\n|t:|1783540848\n|switch|p1a: Dedenne|Dedenne, L88, F|92/100\n|turn|10\n|inactive|Time left: 300 sec this turn | 300 sec total\n|\n|t:|1783540849\n|-terastallize|p2a: Miraidon|Electric\n|move|p1a: Dedenne|Dazzling Gleam|p2a: Miraidon\n|-damage|p2a: Miraidon|75/238\n|move|p2a: Miraidon|Electro Drift|p1a: Dedenne\n|-resisted|p1a: Dedenne\n|-damage|p1a: Dedenne|0 fnt\n|faint|p1a: Dedenne\n|-damage|p2a: Miraidon|52/238|[from] item: Life Orb\n|\n|upkeep\n|\n|t:|1783540849\n|switch|p1a: Sceptile|Sceptile, L87, F|100/100\n|turn|11\n|inactive|Time left: 300 sec this turn | 300 sec total\n|\n|t:|1783540850\n|move|p1a: Sceptile|Substitute|p1a: Sceptile\n|-start|p1a: Sceptile|Substitute\n|-damage|p1a: Sceptile|75/100\n|move|p2a: Miraidon|Electro Drift|p1a: Sceptile\n|-resisted|p1a: Sceptile\n|-end|p1a: Sceptile|Substitute\n|-damage|p2a: Miraidon|29/238|[from] item: Life Orb\n|\n|-heal|p1a: Sceptile|82/100|[from] item: Leftovers\n|-fieldend|move: Electric Terrain\n|upkeep\n|turn|12\n|inactive|Time left: 300 sec this turn | 300 sec total\n|\n|t:|1783540851\n|switch|p2a: Iron Moth|Iron Moth, L78|253/253\n|move|p1a: Sceptile|Giga Drain|p2a: Iron Moth\n|-resisted|p2a: Iron Moth\n|-damage|p2a: Iron Moth|232/253\n|-heal|p1a: Sceptile|86/100|[from] drain|[of] p2a: Iron Moth\n|\n|-heal|p1a: Sceptile|92/100|[from] item: Leftovers\n|upkeep\n|turn|13\n|inactive|Time left: 300 sec this turn | 300 sec total\n|\n|t:|1783540852\n|switch|p1a: Roaring Moon|Roaring Moon, L72|100/100\n|move|p2a: Iron Moth|Sludge Wave|p1a: Roaring Moon\n|-crit|p1a: Roaring Moon\n|-damage|p1a: Roaring Moon|36/100\n|\n|upkeep\n|turn|14\n|inactive|Time left: 300 sec this turn | 300 sec total\n|\n|t:|1783540853\n|-end|p1a: Roaring Moon|Protosynthesis|[silent]\n|switch|p1a: Ursaring|Ursaring, L84, F|100/100\n|move|p2a: Iron Moth|Sludge Wave|p1a: Ursaring\n|-damage|p1a: Ursaring|70/100\n|\n|upkeep\n|turn|15\n|inactive|Time left: 300 sec this turn | 300 sec total\n|\n|t:|1783540854\n|-end|p2a: Iron Moth|Quark Drive|[silent]\n|switch|p2a: Hariyama|Hariyama, L87, M|392/392\n|move|p1a: Ursaring|Body Slam|p2a: Hariyama\n|-damage|p2a: Hariyama|259/392\n|-status|p2a: Hariyama|par\n|\n|upkeep\n|turn|16\n|inactive|Time left: 300 sec this turn | 300 sec total\n|\n|t:|1783540855\n|move|p1a: Ursaring|Body Slam|p2a: Hariyama\n|-damage|p2a: Hariyama|108/392 par\n|move|p2a: Hariyama|Close Combat|p1a: Ursaring\n|-supereffective|p1a: Ursaring\n|-damage|p1a: Ursaring|0 fnt\n|-unboost|p2a: Hariyama|def|1\n|-unboost|p2a: Hariyama|spd|1\n|faint|p1a: Ursaring\n|\n|upkeep\n|\n|t:|1783540856\n|switch|p1a: Roaring Moon|Roaring Moon, L72|36/100\n|turn|17\n|inactive|Time left: 300 sec this turn | 300 sec total\n|\n|t:|1783540857\n|move|p1a: Roaring Moon|Outrage|p2a: Hariyama\n|-damage|p2a: Hariyama|0 fnt\n|faint|p2a: Hariyama\n|\n|upkeep\n|inactive|Time left: 300 sec this turn | 300 sec total | 5 sec grace\n|\n|t:|1783540858\n|switch|p2a: Iron Moth|Iron Moth, L78|232/253\n|turn|18\n|inactive|Time left: 300 sec this turn | 300 sec total\n|\n|t:|1783540859\n|move|p2a: Iron Moth|Sludge Wave|p1a: Roaring Moon\n|-crit|p1a: Roaring Moon\n|-damage|p1a: Roaring Moon|0 fnt\n|faint|p1a: Roaring Moon\n|-end|p1a: Roaring Moon|Protosynthesis|[silent]\n|\n|upkeep\n|\n|t:|1783540860\n|switch|p1a: Sceptile|Sceptile, L87, F|92/100\n|turn|19\n|inactive|Time left: 300 sec this turn | 300 sec total\n|\n|t:|1783540861\n|move|p1a: Sceptile|Substitute|p1a: Sceptile\n|-start|p1a: Sceptile|Substitute\n|-damage|p1a: Sceptile|67/100\n|move|p2a: Iron Moth|Sludge Wave|p1a: Sceptile\n|-supereffective|p1a: Sceptile\n|-end|p1a: Sceptile|Substitute\n|\n|-heal|p1a: Sceptile|73/100|[from] item: Leftovers\n|upkeep\n|turn|20\n|inactive|Time left: 300 sec this turn | 300 sec total\n|\n|t:|1783540862\n|move|p1a: Sceptile|Substitute|p1a: Sceptile\n|-start|p1a: Sceptile|Substitute\n|-damage|p1a: Sceptile|48/100\n|move|p2a: Iron Moth|Sludge Wave|p1a: Sceptile\n|-supereffective|p1a: Sceptile\n|-end|p1a: Sceptile|Substitute\n|\n|-heal|p1a: Sceptile|54/100|[from] item: Leftovers\n|upkeep\n|turn|21\n|inactive|Time left: 300 sec this turn | 300 sec total\n|\n|t:|1783540863\n|move|p1a: Sceptile|Substitute|p1a: Sceptile\n|-start|p1a: Sceptile|Substitute\n|-damage|p1a: Sceptile|29/100\n|move|p2a: Iron Moth|Sludge Wave|p1a: Sceptile\n|-supereffective|p1a: Sceptile\n|-end|p1a: Sceptile|Substitute\n|\n|-heal|p1a: Sceptile|35/100|[from] item: Leftovers\n|upkeep\n|turn|22\n|inactive|Time left: 300 sec this turn | 300 sec total\n|\n|t:|1783540864\n|move|p1a: Sceptile|Substitute|p1a: Sceptile\n|-start|p1a: Sceptile|Substitute\n|-damage|p1a: Sceptile|10/100\n|move|p2a: Iron Moth|Sludge Wave|p1a: Sceptile\n|-supereffective|p1a: Sceptile\n|-end|p1a: Sceptile|Substitute\n|\n|-heal|p1a: Sceptile|16/100|[from] item: Leftovers\n|upkeep\n|turn|23\n|inactive|Time left: 300 sec this turn | 300 sec total\n|\n|t:|1783540865\n|move|p1a: Sceptile|Focus Blast|p2a: Iron Moth\n|-resisted|p2a: Iron Moth\n|-damage|p2a: Iron Moth|188/253\n|move|p2a: Iron Moth|Sludge Wave|p1a: Sceptile\n|-supereffective|p1a: Sceptile\n|-damage|p1a: Sceptile|0 fnt\n|faint|p1a: Sceptile\n|\n|upkeep\n|\n|t:|1783540866\n|switch|p1a: Torkoal|Torkoal, L88, M, tera:Grass|20/100\n|-weather|SunnyDay|[from] ability: Drought|[of] p1a: Torkoal\n|turn|24\n|inactive|Time left: 300 sec this turn | 300 sec total\n|\n|t:|1783540867\n|move|p2a: Iron Moth|Sludge Wave|p1a: Torkoal\n|-supereffective|p1a: Torkoal\n|-damage|p1a: Torkoal|0 fnt\n|faint|p1a: Torkoal\n|\n|win|p0y116b46e", "uploadtime": 1783540867, "views": 0, "rating": 0, "private": 0, "password": null, "_winner": "p0y116b46e", "_our_name": "p0y116b46e"}