{"id": "battle-gen9randombattle-1806", "formatid": "gen9randombattle", "format": "[Gen 9] Random Battle", "players": ["p0x1807982e", "p0y18075ca0"], "log": "|init|battle\n|title|p0x1807982e vs. p0y18075ca0\n|j|\u2606p0x1807982e\n|j|\u2606p0y18075ca0\n|t:|1783560937\n|gametype|singles\n|player|p1|p0x1807982e|265|\n|player|p2|p0y18075ca0|1|\n|gen|9\n|tier|[Gen 9] Random Battle\n|rule|Species Clause: Limit one of each Pok\u00e9mon\n|rule|HP Percentage Mod: HP is shown in percentages\n|rule|Sleep Clause Mod: Limit one foe put to sleep\n|rule|Illusion Level Mod: Illusion disguises the Pok\u00e9mon's true level\n|\n|t:|1783560937\n|teamsize|p1|6\n|teamsize|p2|6\n|start\n|switch|p1a: Shaymin|Shaymin-Sky, L73|266/266\n|switch|p2a: Toxicroak|Toxicroak, L84, F|100/100\n|turn|1\n|inactive|Battle timer is ON: inactive players will automatically lose when time's up. (requested by p0x1807982e)\n|inactive|p0y18075ca0 also wants the timer to be on.\n|\n|t:|1783560938\n|move|p1a: Shaymin|Air Slash|p2a: Toxicroak\n|-supereffective|p2a: Toxicroak\n|-damage|p2a: Toxicroak|35/100\n|move|p2a: Toxicroak|Gunk Shot|p1a: Shaymin\n|-supereffective|p1a: Shaymin\n|-damage|p1a: Shaymin|0 fnt\n|faint|p1a: Shaymin\n|\n|upkeep\n|inactive|Time left: 300 sec this turn | 300 sec total | 65 sec grace\n|\n|t:|1783560939\n|switch|p1a: Espathra|Espathra, L80, M|283/283\n|turn|2\n|inactive|Time left: 300 sec this turn | 300 sec total\n|\n|t:|1783560941\n|move|p1a: Espathra|Stored Power|p2a: Toxicroak\n|-supereffective|p2a: Toxicroak\n|-damage|p2a: Toxicroak|0 fnt\n|faint|p2a: Toxicroak\n|\n|-ability|p1a: Espathra|Speed Boost|boost\n|-boost|p1a: Espathra|spe|1\n|upkeep\n|\n|t:|1783560942\n|switch|p2a: Vikavolt|Vikavolt, L83, M|100/100\n|turn|3\n|inactive|Time left: 300 sec this turn | 300 sec total\n|\n|t:|1783560943\n|-terastallize|p1a: Espathra|Fairy\n|move|p1a: Espathra|Calm Mind|p1a: Espathra\n|-boost|p1a: Espathra|spa|1\n|-boost|p1a: Espathra|spd|1\n|move|p2a: Vikavolt|Bug Buzz|p1a: Espathra\n|-resisted|p1a: Espathra\n|-damage|p1a: Espathra|226/283\n|\n|-heal|p1a: Espathra|243/283|[from] item: Leftovers\n|-ability|p1a: Espathra|Speed Boost|boost\n|-boost|p1a: Espathra|spe|1\n|upkeep\n|turn|4\n|inactive|Time left: 300 sec this turn | 300 sec total\n|\n|t:|1783560944\n|move|p1a: Espathra|Calm Mind|p1a: Espathra\n|-boost|p1a: Espathra|spa|1\n|-boost|p1a: Espathra|spd|1\n|move|p2a: Vikavolt|Sticky Web|p1a: Espathra\n|-sidestart|p1: p0x1807982e|move: Sticky Web\n|\n|-heal|p1a: Espathra|260/283|[from] item: Leftovers\n|-ability|p1a: Espathra|Speed Boost|boost\n|-boost|p1a: Espathra|spe|1\n|upkeep\n|turn|5\n|inactive|Time left: 300 sec this turn | 300 sec total\n|\n|t:|1783560945\n|switch|p2a: Sylveon|Sylveon, L85, F|100/100\n|move|p1a: Espathra|Stored Power|p2a: Sylveon\n|-damage|p2a: Sylveon|27/100\n|\n|-heal|p1a: Espathra|277/283|[from] item: Leftovers\n|-heal|p2a: Sylveon|33/100|[from] item: Leftovers\n|-ability|p1a: Espathra|Speed Boost|boost\n|-boost|p1a: Espathra|spe|1\n|upkeep\n|turn|6\n|inactive|Time left: 300 sec this turn | 300 sec total\n|\n|t:|1783560946\n|move|p2a: Sylveon|Protect|p2a: Sylveon\n|-singleturn|p2a: Sylveon|Protect\n|move|p1a: Espathra|Stored Power|p2a: Sylveon\n|-activate|p2a: Sylveon|move: Protect\n|\n|-heal|p1a: Espathra|283/283|[from] item: Leftovers\n|-heal|p2a: Sylveon|39/100|[from] item: Leftovers\n|-ability|p1a: Espathra|Speed Boost|boost\n|-boost|p1a: Espathra|spe|1\n|upkeep\n|turn|7\n|inactive|Time left: 300 sec this turn | 300 sec total\n|\n|t:|1783560947\n|move|p2a: Sylveon|Protect||[still]\n|-fail|p2a: Sylveon\n|move|p1a: Espathra|Stored Power|p2a: Sylveon\n|-damage|p2a: Sylveon|0 fnt\n|faint|p2a: Sylveon\n|\n|-ability|p1a: Espathra|Speed Boost|boost\n|-boost|p1a: Espathra|spe|1\n|upkeep\n|\n|t:|1783560948\n|switch|p2a: Tornadus|Tornadus, L82, M|100/100\n|turn|8\n|inactive|Time left: 300 sec this turn | 300 sec total\n|\n|t:|1783560949\n|move|p2a: Tornadus|Nasty Plot|p2a: Tornadus\n|-boost|p2a: Tornadus|spa|2\n|move|p1a: Espathra|Stored Power|p2a: Tornadus\n|-damage|p2a: Tornadus|0 fnt\n|faint|p2a: Tornadus\n|\n|upkeep\n|\n|t:|1783560950\n|switch|p2a: Kyogre|Kyogre, L71|100/100\n|-weather|RainDance|[from] ability: Drizzle|[of] p2a: Kyogre\n|turn|9\n|inactive|Time left: 300 sec this turn | 300 sec total\n|\n|t:|1783560951\n|move|p1a: Espathra|Stored Power|p2a: Kyogre\n|-damage|p2a: Kyogre|0 fnt\n|faint|p2a: Kyogre\n|\n|-weather|RainDance|[upkeep]\n|upkeep\n|\n|t:|1783560952\n|switch|p2a: Vikavolt|Vikavolt, L83, M|100/100\n|turn|10\n|inactive|Time left: 300 sec this turn | 300 sec total\n|\n|t:|1783560953\n|move|p1a: Espathra|Stored Power|p2a: Vikavolt\n|-damage|p2a: Vikavolt|0 fnt\n|faint|p2a: Vikavolt\n|\n|-weather|RainDance|[upkeep]\n|upkeep\n|\n|t:|1783560954\n|switch|p2a: Cinccino|Cinccino, L83, F|100/100\n|turn|11\n|inactive|Time left: 300 sec this turn | 300 sec total\n|\n|t:|1783560955\n|-terastallize|p2a: Cinccino|Ice\n|move|p1a: Espathra|Stored Power|p2a: Cinccino\n|-damage|p2a: Cinccino|0 fnt\n|faint|p2a: Cinccino\n|\n|win|p0x1807982e", "uploadtime": 1783560955, "views": 0, "rating": 0, "private": 0, "password": null, "_winner": "p0x1807982e", "_our_name": "p0x1807982e"}