{"id": "battle-gen9randombattle-961", "formatid": "gen9randombattle", "format": "[Gen 9] Random Battle", "players": ["p0x961e934", "p0y96171c4"], "log": "|init|battle\n|title|p0x961e934 vs. p0y96171c4\n|j|\u2606p0x961e934\n|j|\u2606p0y96171c4\n|t:|1783551013\n|gametype|singles\n|player|p1|p0x961e934|2|\n|player|p2|p0y96171c4|101|\n|gen|9\n|tier|[Gen 9] Random Battle\n|rule|Species Clause: Limit one of each Pok\u00e9mon\n|rule|HP Percentage Mod: HP is shown in percentages\n|rule|Sleep Clause Mod: Limit one foe put to sleep\n|rule|Illusion Level Mod: Illusion disguises the Pok\u00e9mon's true level\n|\n|t:|1783551013\n|teamsize|p1|6\n|teamsize|p2|6\n|start\n|switch|p1a: Glaceon|Glaceon, L94, M|275/275\n|switch|p2a: Arceus|Arceus-Dark, L71|100/100\n|turn|1\n|inactive|Battle timer is ON: inactive players will automatically lose when time's up. (requested by p0y96171c4)\n|inactive|Time left: 300 sec this turn | 300 sec total | 60 sec grace\n|inactive|p0x961e934 also wants the timer to be on.\n|\n|t:|1783551015\n|move|p2a: Arceus|Calm Mind|p2a: Arceus\n|-boost|p2a: Arceus|spa|1\n|-boost|p2a: Arceus|spd|1\n|move|p1a: Glaceon|Calm Mind|p1a: Glaceon\n|-boost|p1a: Glaceon|spa|1\n|-boost|p1a: Glaceon|spd|1\n|\n|upkeep\n|turn|2\n|inactive|Time left: 300 sec this turn | 300 sec total\n|\n|t:|1783551016\n|move|p2a: Arceus|Calm Mind|p2a: Arceus\n|-boost|p2a: Arceus|spa|1\n|-boost|p2a: Arceus|spd|1\n|move|p1a: Glaceon|Calm Mind|p1a: Glaceon\n|-boost|p1a: Glaceon|spa|1\n|-boost|p1a: Glaceon|spd|1\n|\n|upkeep\n|turn|3\n|inactive|Time left: 300 sec this turn | 300 sec total\n|\n|t:|1783551018\n|move|p2a: Arceus|Judgment|p1a: Glaceon\n|-damage|p1a: Glaceon|190/275\n|move|p1a: Glaceon|Freeze-Dry|p2a: Arceus\n|-damage|p2a: Arceus|65/100\n|\n|upkeep\n|turn|4\n|inactive|Time left: 300 sec this turn | 300 sec total\n|\n|t:|1783551019\n|move|p2a: Arceus|Calm Mind|p2a: Arceus\n|-boost|p2a: Arceus|spa|1\n|-boost|p2a: Arceus|spd|1\n|move|p1a: Glaceon|Freeze-Dry|p2a: Arceus\n|-damage|p2a: Arceus|37/100\n|\n|upkeep\n|turn|5\n|inactive|Time left: 300 sec this turn | 300 sec total\n|\n|t:|1783551020\n|move|p2a: Arceus|Judgment|p1a: Glaceon\n|-damage|p1a: Glaceon|75/275\n|move|p1a: Glaceon|Freeze-Dry|p2a: Arceus\n|-damage|p2a: Arceus|5/100\n|\n|upkeep\n|turn|6\n|inactive|Time left: 300 sec this turn | 300 sec total\n|\n|t:|1783551021\n|move|p2a: Arceus|Judgment|p1a: Glaceon\n|-damage|p1a: Glaceon|0 fnt\n|faint|p1a: Glaceon\n|\n|upkeep\n|inactive|Time left: 300 sec this turn | 300 sec total | 5 sec grace\n|\n|t:|1783551022\n|switch|p1a: Dachsbun|Dachsbun, L92, M|254/254\n|turn|7\n|inactive|Time left: 300 sec this turn | 300 sec total\n|\n|t:|1783551023\n|move|p1a: Dachsbun|Body Press|p2a: Arceus\n|-supereffective|p2a: Arceus\n|-damage|p2a: Arceus|0 fnt\n|faint|p2a: Arceus\n|\n|upkeep\n|\n|t:|1783551024\n|switch|p2a: Fezandipiti|Fezandipiti, L82, M|100/100\n|turn|8\n|inactive|Time left: 300 sec this turn | 300 sec total\n|\n|t:|1783551026\n|move|p1a: Dachsbun|Wish|p1a: Dachsbun\n|move|p2a: Fezandipiti|Swords Dance|p2a: Fezandipiti\n|-boost|p2a: Fezandipiti|atk|2\n|\n|upkeep\n|turn|9\n|inactive|Time left: 300 sec this turn | 300 sec total\n|\n|t:|1783551027\n|switch|p1a: Basculegion|Basculegion-F, L83, F|335/335\n|move|p2a: Fezandipiti|Gunk Shot|p1a: Basculegion\n|-resisted|p1a: Basculegion\n|-damage|p1a: Basculegion|184/335\n|\n|-heal|p1a: Basculegion|311/335|[from] move: Wish|[wisher] Dachsbun\n|upkeep\n|turn|10\n|inactive|Time left: 300 sec this turn | 300 sec total\n|\n|t:|1783551028\n|move|p2a: Fezandipiti|Play Rough|p1a: Basculegion\n|-damage|p1a: Basculegion|82/335\n|move|p1a: Basculegion|Wave Crash|p2a: Fezandipiti\n|-crit|p2a: Fezandipiti\n|-damage|p2a: Fezandipiti|3/100\n|-damage|p1a: Basculegion|0 fnt|[from] Recoil\n|faint|p1a: Basculegion\n|\n|-heal|p2a: Fezandipiti|9/100|[from] item: Leftovers\n|upkeep\n|inactive|Time left: 300 sec this turn | 300 sec total | 5 sec grace\n|\n|t:|1783551029\n|switch|p1a: Dachsbun|Dachsbun, L92, M|254/254\n|turn|11\n|inactive|Time left: 300 sec this turn | 300 sec total\n|\n|t:|1783551030\n|move|p1a: Dachsbun|Play Rough|p2a: Fezandipiti\n|-resisted|p2a: Fezandipiti\n|-damage|p2a: Fezandipiti|0 fnt\n|faint|p2a: Fezandipiti\n|\n|upkeep\n|\n|t:|1783551031\n|switch|p2a: Leafeon|Leafeon, L88, M|100/100\n|turn|12\n|inactive|Time left: 300 sec this turn | 300 sec total\n|\n|t:|1783551033\n|move|p1a: Dachsbun|Body Press|p2a: Leafeon\n|-damage|p2a: Leafeon|80/100\n|move|p2a: Leafeon|Swords Dance|p2a: Leafeon\n|-boost|p2a: Leafeon|atk|2\n|\n|upkeep\n|turn|13\n|inactive|Time left: 300 sec this turn | 300 sec total\n|\n|t:|1783551034\n|move|p1a: Dachsbun|Play Rough|p2a: Leafeon\n|-damage|p2a: Leafeon|52/100\n|-unboost|p2a: Leafeon|atk|1\n|move|p2a: Leafeon|Leaf Blade|p1a: Dachsbun\n|-damage|p1a: Dachsbun|90/254\n|-damage|p2a: Leafeon|42/100|[from] item: Life Orb\n|\n|-heal|p1a: Dachsbun|105/254|[from] item: Leftovers\n|upkeep\n|turn|14\n|inactive|Time left: 300 sec this turn | 300 sec total\n|\n|t:|1783551035\n|move|p1a: Dachsbun|Body Press|p2a: Leafeon\n|-damage|p2a: Leafeon|21/100\n|move|p2a: Leafeon|Synthesis|p2a: Leafeon\n|-heal|p2a: Leafeon|71/100\n|\n|-heal|p1a: Dachsbun|120/254|[from] item: Leftovers\n|upkeep\n|turn|15\n|inactive|Time left: 300 sec this turn | 300 sec total\n|\n|t:|1783551036\n|move|p1a: Dachsbun|Play Rough|p2a: Leafeon\n|-damage|p2a: Leafeon|45/100\n|move|p2a: Leafeon|Leaf Blade|p1a: Dachsbun\n|-damage|p1a: Dachsbun|0 fnt\n|faint|p1a: Dachsbun\n|-damage|p2a: Leafeon|35/100|[from] item: Life Orb\n|\n|upkeep\n|inactive|Time left: 300 sec this turn | 300 sec total | 5 sec grace\n|\n|t:|1783551037\n|switch|p1a: Gouging Fire|Gouging Fire, L74|277/277\n|turn|16\n|inactive|Time left: 300 sec this turn | 300 sec total\n|\n|t:|1783551038\n|move|p2a: Leafeon|Synthesis|p2a: Leafeon\n|-heal|p2a: Leafeon|85/100\n|move|p1a: Gouging Fire|Dragon Dance|p1a: Gouging Fire\n|-boost|p1a: Gouging Fire|atk|1\n|-boost|p1a: Gouging Fire|spe|1\n|\n|upkeep\n|turn|17\n|inactive|Time left: 300 sec this turn | 300 sec total\n|\n|t:|1783551039\n|-terastallize|p2a: Leafeon|Normal\n|move|p1a: Gouging Fire|Outrage|p2a: Leafeon\n|-damage|p2a: Leafeon|35/100\n|move|p2a: Leafeon|Synthesis|p2a: Leafeon\n|-heal|p2a: Leafeon|85/100\n|\n|upkeep\n|turn|18\n|inactive|Time left: 300 sec this turn | 300 sec total\n|\n|t:|1783551040\n|move|p1a: Gouging Fire|Outrage|p2a: Leafeon|[from] lockedmove\n|-damage|p2a: Leafeon|35/100\n|-start|p1a: Gouging Fire|confusion|[fatigue]\n|move|p2a: Leafeon|Synthesis|p2a: Leafeon\n|-heal|p2a: Leafeon|85/100\n|\n|upkeep\n|turn|19\n|inactive|Time left: 300 sec this turn | 300 sec total\n|\n|t:|1783551041\n|-activate|p1a: Gouging Fire|confusion\n|move|p1a: Gouging Fire|Outrage|p2a: Leafeon\n|-damage|p2a: Leafeon|36/100\n|move|p2a: Leafeon|Double-Edge|p1a: Gouging Fire\n|-damage|p1a: Gouging Fire|11/277\n|-damage|p2a: Leafeon|2/100|[from] Recoil\n|-damage|p2a: Leafeon|0 fnt|[from] item: Life Orb\n|faint|p2a: Leafeon\n|\n|upkeep\n|\n|t:|1783551042\n|switch|p2a: Iron Thorns|Iron Thorns, L83|100/100\n|-enditem|p2a: Iron Thorns|Booster Energy\n|-activate|p2a: Iron Thorns|ability: Quark Drive|[fromitem]\n|-start|p2a: Iron Thorns|quarkdriveatk\n|turn|20\n|inactive|Time left: 300 sec this turn | 300 sec total\n|\n|t:|1783551043\n|-end|p1a: Gouging Fire|confusion\n|move|p1a: Gouging Fire|Outrage|p2a: Iron Thorns|[from] lockedmove\n|-damage|p2a: Iron Thorns|51/100\n|-start|p1a: Gouging Fire|confusion|[fatigue]\n|move|p2a: Iron Thorns|Wild Charge|p1a: Gouging Fire\n|-resisted|p1a: Gouging Fire\n|-damage|p1a: Gouging Fire|0 fnt\n|faint|p1a: Gouging Fire\n|-end|p1a: Gouging Fire|Protosynthesis|[silent]\n|-damage|p2a: Iron Thorns|50/100|[from] Recoil\n|\n|upkeep\n|inactive|Time left: 300 sec this turn | 300 sec total | 5 sec grace\n|\n|t:|1783551044\n|switch|p1a: Spidops|Spidops, L96, F|271/271\n|turn|21\n|inactive|Time left: 300 sec this turn | 300 sec total\n|\n|t:|1783551045\n|-terastallize|p1a: Spidops|Ghost\n|move|p2a: Iron Thorns|Stone Edge|p1a: Spidops\n|-damage|p1a: Spidops|135/271\n|move|p1a: Spidops|Sticky Web|p2a: Iron Thorns\n|-sidestart|p2: p0y96171c4|move: Sticky Web\n|\n|upkeep\n|turn|22\n|inactive|Time left: 300 sec this turn | 300 sec total\n|\n|t:|1783551047\n|switch|p1a: Ditto|Ditto, L87|225/225\n|-transform|p1a: Ditto|p2a: Iron Thorns|[from] ability: Imposter\n|move|p2a: Iron Thorns|Stone Edge|p1a: Ditto\n|-damage|p1a: Ditto|81/225\n|\n|upkeep\n|turn|23\n|inactive|Time left: 300 sec this turn | 300 sec total\n|\n|t:|1783551048\n|-end|p1a: Ditto|Quark Drive|[silent]\n|switch|p1a: Spidops|Spidops, L96, F, tera:Ghost|135/271\n|move|p2a: Iron Thorns|Stone Edge|p1a: Spidops|[miss]\n|-miss|p2a: Iron Thorns|p1a: Spidops\n|\n|upkeep\n|turn|24\n|inactive|Time left: 300 sec this turn | 300 sec total\n|\n|t:|1783551048\n|move|p2a: Iron Thorns|Stone Edge|p1a: Spidops\n|-damage|p1a: Spidops|0 fnt\n|faint|p1a: Spidops\n|\n|upkeep\n|inactive|Time left: 300 sec this turn | 300 sec total | 5 sec grace\n|\n|t:|1783551049\n|switch|p1a: Ditto|Ditto, L87|81/225\n|-transform|p1a: Ditto|p2a: Iron Thorns|[from] ability: Imposter\n|turn|25\n|inactive|Time left: 300 sec this turn | 300 sec total\n|\n|t:|1783551050\n|move|p1a: Ditto|Ice Punch|p2a: Iron Thorns\n|-damage|p2a: Iron Thorns|30/100\n|move|p2a: Iron Thorns|Stone Edge|p1a: Ditto\n|-damage|p1a: Ditto|0 fnt\n|faint|p1a: Ditto\n|-end|p1a: Ditto|Quark Drive|[silent]\n|\n|win|p0y96171c4", "uploadtime": 1783551050, "views": 0, "rating": 0, "private": 0, "password": null, "_winner": "p0y96171c4", "_our_name": "p0x961e934"}