{"id": "battle-gen9randombattle-82", "formatid": "gen9randombattle", "format": "[Gen 9] Random Battle", "players": ["p0x082c0a6", "p0y082b01a"], "log": "|init|battle\n|title|p0x082c0a6 vs. p0y082b01a\n|j|\u2606p0x082c0a6\n|j|\u2606p0y082b01a\n|t:|1783540427\n|gametype|singles\n|player|p1|p0x082c0a6|266|\n|player|p2|p0y082b01a|101|\n|gen|9\n|tier|[Gen 9] Random Battle\n|rule|Species Clause: Limit one of each Pok\u00e9mon\n|rule|HP Percentage Mod: HP is shown in percentages\n|rule|Sleep Clause Mod: Limit one foe put to sleep\n|rule|Illusion Level Mod: Illusion disguises the Pok\u00e9mon's true level\n|\n|t:|1783540427\n|teamsize|p1|6\n|teamsize|p2|6\n|start\n|switch|p1a: Volbeat|Volbeat, L90, M|100/100\n|switch|p2a: Lapras|Lapras, L87, M|367/367\n|turn|1\n|inactive|Battle timer is ON: inactive players will automatically lose when time's up. (requested by p0y082b01a)\n|\n|t:|1783540429\n|move|p1a: Volbeat|U-turn|p2a: Lapras\n|-damage|p2a: Lapras|292/367\n|inactive|p0x082c0a6 also wants the timer to be on.\n|\n|t:|1783540430\n|switch|p1a: Houndstone|Houndstone, L86, F|100/100|[from] U-turn\n|move|p2a: Lapras|Dragon Dance|p2a: Lapras\n|-boost|p2a: Lapras|atk|1\n|-boost|p2a: Lapras|spe|1\n|\n|upkeep\n|turn|2\n|inactive|Time left: 300 sec this turn | 300 sec total\n|\n|t:|1783540432\n|move|p2a: Lapras|Icicle Spear|p1a: Houndstone\n|-damage|p1a: Houndstone|87/100\n|-damage|p1a: Houndstone|74/100\n|-damage|p1a: Houndstone|60/100\n|-damage|p1a: Houndstone|47/100\n|-hitcount|p1a: Houndstone|4\n|move|p1a: Houndstone|Poltergeist|p2a: Lapras\n|-activate|p2a: Lapras|move: Poltergeist|Loaded Dice\n|-damage|p2a: Lapras|100/367\n|\n|upkeep\n|turn|3\n|inactive|Time left: 300 sec this turn | 300 sec total\n|\n|t:|1783540433\n|move|p2a: Lapras|Icicle Spear|p1a: Houndstone\n|-damage|p1a: Houndstone|34/100\n|-damage|p1a: Houndstone|22/100\n|-damage|p1a: Houndstone|8/100\n|-damage|p1a: Houndstone|0 fnt\n|faint|p1a: Houndstone\n|-hitcount|p1: Houndstone|4\n|\n|upkeep\n|\n|t:|1783540434\n|switch|p1a: Magcargo|Magcargo, L95, M|100/100\n|turn|4\n|inactive|Time left: 300 sec this turn | 300 sec total\n|\n|t:|1783540435\n|-terastallize|p1a: Magcargo|Grass\n|move|p2a: Lapras|Waterfall|p1a: Magcargo\n|-resisted|p1a: Magcargo\n|-damage|p1a: Magcargo|85/100\n|-ability|p1a: Magcargo|Weak Armor|boost\n|-unboost|p1a: Magcargo|def|1\n|-boost|p1a: Magcargo|spe|2\n|move|p1a: Magcargo|Shell Smash|p1a: Magcargo\n|-unboost|p1a: Magcargo|def|1\n|-unboost|p1a: Magcargo|spd|1\n|-boost|p1a: Magcargo|atk|2\n|-boost|p1a: Magcargo|spa|2\n|-boost|p1a: Magcargo|spe|2\n|\n|upkeep\n|turn|5\n|inactive|Time left: 300 sec this turn | 300 sec total\n|\n|t:|1783540436\n|switch|p2a: Araquanid|Araquanid, L82, M|246/246\n|move|p1a: Magcargo|Earth Power|p2a: Araquanid\n|-resisted|p2a: Araquanid\n|-damage|p2a: Araquanid|192/246\n|\n|upkeep\n|turn|6\n|inactive|Time left: 300 sec this turn | 300 sec total\n|\n|t:|1783540437\n|-terastallize|p2a: Araquanid|Ground\n|move|p1a: Magcargo|Power Gem|p2a: Araquanid\n|-resisted|p2a: Araquanid\n|-damage|p2a: Araquanid|115/246\n|move|p2a: Araquanid|Leech Life|p1a: Magcargo\n|-supereffective|p1a: Magcargo\n|-damage|p1a: Magcargo|20/100\n|-heal|p2a: Araquanid|202/246|[from] drain|[of] p1a: Magcargo\n|-ability|p1a: Magcargo|Weak Armor|boost\n|-unboost|p1a: Magcargo|def|1\n|-boost|p1a: Magcargo|spe|2\n|\n|upkeep\n|turn|7\n|inactive|Time left: 300 sec this turn | 300 sec total\n|\n|t:|1783540438\n|move|p1a: Magcargo|Earth Power|p2a: Araquanid\n|-damage|p2a: Araquanid|92/246\n|-unboost|p2a: Araquanid|spd|1\n|move|p2a: Araquanid|Leech Life|p1a: Magcargo\n|-supereffective|p1a: Magcargo\n|-damage|p1a: Magcargo|0 fnt\n|-heal|p2a: Araquanid|118/246|[from] drain|[of] p1a: Magcargo\n|faint|p1a: Magcargo\n|\n|upkeep\n|\n|t:|1783540439\n|switch|p1a: Seviper|Seviper, L93, F|100/100\n|turn|8\n|inactive|Time left: 300 sec this turn | 300 sec total\n|\n|t:|1783540440\n|move|p1a: Seviper|Swords Dance|p1a: Seviper\n|-boost|p1a: Seviper|atk|2\n|move|p2a: Araquanid|Sticky Web|p1a: Seviper\n|-sidestart|p1: p0x082c0a6|move: Sticky Web\n|\n|upkeep\n|turn|9\n|inactive|Time left: 300 sec this turn | 300 sec total\n|\n|t:|1783540441\n|switch|p2a: Granbull|Granbull, L88, M|302/302\n|-ability|p2a: Granbull|Intimidate|boost\n|-unboost|p1a: Seviper|atk|1\n|move|p1a: Seviper|Trailblaze|p2a: Granbull\n|-damage|p2a: Granbull|231/302\n|-boost|p1a: Seviper|spe|1\n|\n|-heal|p2a: Granbull|249/302|[from] item: Leftovers\n|upkeep\n|turn|10\n|inactive|Time left: 300 sec this turn | 300 sec total\n|\n|t:|1783540443\n|switch|p2a: Kingambit|Kingambit, L74, M|270/270\n|move|p1a: Seviper|Gunk Shot|p2a: Kingambit\n|-immune|p2a: Kingambit\n|\n|upkeep\n|turn|11\n|inactive|Time left: 300 sec this turn | 300 sec total\n|\n|t:|1783540444\n|-end|p2a: Kingambit|fallenundefined|[silent]\n|switch|p2a: Granbull|Granbull, L88, M|249/302\n|-ability|p2a: Granbull|Intimidate|boost\n|-unboost|p1a: Seviper|atk|1\n|move|p1a: Seviper|Earthquake|p2a: Granbull\n|-damage|p2a: Granbull|151/302\n|\n|-heal|p2a: Granbull|169/302|[from] item: Leftovers\n|upkeep\n|turn|12\n|inactive|Time left: 300 sec this turn | 300 sec total\n|\n|t:|1783540445\n|switch|p2a: Kingambit|Kingambit, L74, M|270/270\n|move|p1a: Seviper|Gunk Shot|p2a: Kingambit\n|-immune|p2a: Kingambit\n|\n|upkeep\n|turn|13\n|inactive|Time left: 300 sec this turn | 300 sec total\n|\n|t:|1783540445\n|-end|p2a: Kingambit|fallenundefined|[silent]\n|switch|p2a: Granbull|Granbull, L88, M|169/302\n|-ability|p2a: Granbull|Intimidate|boost\n|-unboost|p1a: Seviper|atk|1\n|move|p1a: Seviper|Swords Dance|p1a: Seviper\n|-boost|p1a: Seviper|atk|2\n|\n|-heal|p2a: Granbull|187/302|[from] item: Leftovers\n|upkeep\n|turn|14\n|inactive|Time left: 300 sec this turn | 300 sec total\n|\n|t:|1783540446\n|switch|p2a: Kingambit|Kingambit, L74, M|270/270\n|move|p1a: Seviper|Gunk Shot|p2a: Kingambit\n|-immune|p2a: Kingambit\n|\n|upkeep\n|turn|15\n|inactive|Time left: 300 sec this turn | 300 sec total\n|\n|t:|1783540447\n|-end|p2a: Kingambit|fallenundefined|[silent]\n|switch|p2a: Granbull|Granbull, L88, M|187/302\n|-ability|p2a: Granbull|Intimidate|boost\n|-unboost|p1a: Seviper|atk|1\n|move|p1a: Seviper|Swords Dance|p1a: Seviper\n|-boost|p1a: Seviper|atk|2\n|\n|-heal|p2a: Granbull|205/302|[from] item: Leftovers\n|upkeep\n|turn|16\n|inactive|Time left: 300 sec this turn | 300 sec total\n|\n|t:|1783540448\n|move|p1a: Seviper|Gunk Shot|p2a: Granbull\n|-supereffective|p2a: Granbull\n|-damage|p2a: Granbull|0 fnt\n|faint|p2a: Granbull\n|\n|upkeep\n|inactive|Time left: 300 sec this turn | 300 sec total | 5 sec grace\n|\n|t:|1783540450\n|switch|p2a: Araquanid|Araquanid, L82, M, tera:Ground|118/246\n|turn|17\n|inactive|Time left: 300 sec this turn | 300 sec total\n|\n|t:|1783540450\n|switch|p2a: Lapras|Lapras, L87, M|100/367\n|move|p1a: Seviper|Earthquake|p2a: Lapras\n|-damage|p2a: Lapras|0 fnt\n|faint|p2a: Lapras\n|\n|upkeep\n|inactive|Time left: 300 sec this turn | 300 sec total | 5 sec grace\n|\n|t:|1783540451\n|switch|p2a: Araquanid|Araquanid, L82, M, tera:Ground|118/246\n|turn|18\n|inactive|Time left: 300 sec this turn | 300 sec total\n|\n|t:|1783540452\n|move|p1a: Seviper|Earthquake|p2a: Araquanid\n|-damage|p2a: Araquanid|0 fnt\n|faint|p2a: Araquanid\n|\n|upkeep\n|inactive|Time left: 300 sec this turn | 300 sec total | 5 sec grace\n|\n|t:|1783540454\n|switch|p2a: Dedenne|Dedenne, L88, M|219/219\n|turn|19\n|inactive|Time left: 300 sec this turn | 300 sec total\n|\n|t:|1783540455\n|switch|p2a: Dedenne|Dedenne, L88, M|261/261\n|move|p1a: Seviper|Earthquake|p2a: Dedenne\n|-supereffective|p2a: Dedenne\n|-damage|p2a: Dedenne|0 fnt\n|faint|p2a: Dedenne\n|\n|upkeep\n|inactive|Time left: 300 sec this turn | 300 sec total | 5 sec grace\n|\n|t:|1783540456\n|switch|p2a: Kingambit|Kingambit, L74, M|219/219\n|turn|20\n|inactive|Time left: 300 sec this turn | 300 sec total\n|\n|t:|1783540457\n|move|p1a: Seviper|Earthquake|p2a: Kingambit\n|-damage|p2a: Kingambit|0 fnt\n|replace|p2a: Zoroark|Zoroark-Hisui, L80, M\n|-end|p2a: Zoroark|Illusion\n|-hint|Illusion Level Mod is active, so this Pok\u00e9mon's true level was hidden.\n|faint|p2a: Zoroark\n|\n|upkeep\n|inactive|Time left: 300 sec this turn | 300 sec total | 5 sec grace\n|\n|t:|1783540458\n|switch|p2a: Kingambit|Kingambit, L74, M|270/270\n|-activate|p2a: Kingambit|ability: Supreme Overlord\n|-start|p2a: Kingambit|fallen5|[silent]\n|turn|21\n|inactive|Time left: 300 sec this turn | 300 sec total\n|\n|t:|1783540459\n|move|p1a: Seviper|Earthquake|p2a: Kingambit\n|-supereffective|p2a: Kingambit\n|-damage|p2a: Kingambit|0 fnt\n|faint|p2a: Kingambit\n|-end|p2a: Kingambit|fallen5|[silent]\n|\n|win|p0x082c0a6", "uploadtime": 1783540459, "views": 0, "rating": 0, "private": 0, "password": null, "_winner": "p0x082c0a6", "_our_name": "p0y082b01a"}