{"id": "battle-gen9randombattle-2942", "formatid": "gen9randombattle", "format": "[Gen 9] Random Battle", "players": ["p0x29429268", "p0y29421974"], "log": "|init|battle\n|title|p0x29429268 vs. p0y29421974\n|j|\u2606p0x29429268\n|j|\u2606p0y29421974\n|t:|1783573866\n|gametype|singles\n|player|p1|p0x29429268|102|\n|player|p2|p0y29421974|102|\n|gen|9\n|tier|[Gen 9] Random Battle\n|rule|Species Clause: Limit one of each Pok\u00e9mon\n|rule|HP Percentage Mod: HP is shown in percentages\n|rule|Sleep Clause Mod: Limit one foe put to sleep\n|rule|Illusion Level Mod: Illusion disguises the Pok\u00e9mon's true level\n|\n|t:|1783573866\n|teamsize|p1|6\n|teamsize|p2|6\n|start\n|switch|p1a: Reuniclus|Reuniclus, L88, M|100/100\n|switch|p2a: Cinderace|Cinderace, L77, F|249/249\n|turn|1\n|inactive|Battle timer is ON: inactive players will automatically lose when time's up. (requested by p0y29421974)\n|inactive|p0x29429268 also wants the timer to be on.\n|\n|t:|1783573867\n|move|p2a: Cinderace|U-turn|p1a: Reuniclus\n|-start|p2a: Cinderace|typechange|Bug|[from] ability: Libero\n|-supereffective|p1a: Reuniclus\n|-damage|p1a: Reuniclus|52/100\n|inactive|Time left: 300 sec this turn | 300 sec total | 65 sec grace\n|\n|t:|1783573868\n|switch|p2a: Heatran|Heatran, L79, F|273/273|[from] U-turn\n|-item|p2a: Heatran|Air Balloon\n|move|p1a: Reuniclus|Psyshock|p2a: Heatran\n|-resisted|p2a: Heatran\n|-damage|p2a: Heatran|204/273\n|-enditem|p2a: Heatran|Air Balloon\n|\n|upkeep\n|turn|2\n|inactive|Time left: 300 sec this turn | 300 sec total\n|\n|t:|1783573869\n|move|p2a: Heatran|Magma Storm|p1a: Reuniclus|[miss]\n|-miss|p2a: Heatran|p1a: Reuniclus\n|move|p1a: Reuniclus|Focus Blast|p2a: Heatran|[miss]\n|-miss|p1a: Reuniclus|p2a: Heatran\n|\n|upkeep\n|turn|3\n|inactive|Time left: 300 sec this turn | 300 sec total\n|\n|t:|1783573870\n|move|p2a: Heatran|Magma Storm|p1a: Reuniclus\n|-damage|p1a: Reuniclus|19/100\n|-activate|p1a: Reuniclus|move: Magma Storm|[of] p2a: Heatran\n|move|p1a: Reuniclus|Focus Blast|p2a: Heatran\n|-supereffective|p2a: Heatran\n|-damage|p2a: Heatran|0 fnt\n|faint|p2a: Heatran\n|\n|-end|p1a: Reuniclus|Magma Storm|[partiallytrapped]|[silent]\n|upkeep\n|inactive|Time left: 300 sec this turn | 300 sec total | 5 sec grace\n|\n|t:|1783573871\n|switch|p2a: Conkeldurr|Conkeldurr, L80, F|299/299\n|turn|4\n|inactive|Time left: 300 sec this turn | 300 sec total\n|\n|t:|1783573872\n|move|p2a: Conkeldurr|Knock Off|p1a: Reuniclus\n|-supereffective|p1a: Reuniclus\n|-damage|p1a: Reuniclus|0 fnt\n|-enditem|p1a: Reuniclus|Life Orb|[from] move: Knock Off|[of] p2a: Conkeldurr\n|faint|p1a: Reuniclus\n|\n|-status|p2a: Conkeldurr|brn|[from] item: Flame Orb\n|upkeep\n|\n|t:|1783573873\n|switch|p1a: Mew|Mew, L82|100/100\n|turn|5\n|inactive|Time left: 300 sec this turn | 300 sec total\n|\n|t:|1783573874\n|move|p1a: Mew|Psychic Fangs|p2a: Conkeldurr\n|-supereffective|p2a: Conkeldurr\n|-damage|p2a: Conkeldurr|78/299 brn\n|-damage|p1a: Mew|91/100|[from] item: Life Orb\n|move|p2a: Conkeldurr|Knock Off|p1a: Mew\n|-supereffective|p1a: Mew\n|-crit|p1a: Mew\n|-damage|p1a: Mew|0 fnt\n|-enditem|p1a: Mew|Life Orb|[from] move: Knock Off|[of] p2a: Conkeldurr\n|faint|p1a: Mew\n|\n|-damage|p2a: Conkeldurr|60/299 brn|[from] brn\n|upkeep\n|\n|t:|1783573875\n|switch|p1a: Iron Moth|Iron Moth, L78|100/100\n|turn|6\n|inactive|Time left: 300 sec this turn | 300 sec total\n|\n|t:|1783573877\n|switch|p2a: Appletun|Appletun, L92, M|352/352\n|move|p1a: Iron Moth|Sludge Wave|p2a: Appletun\n|-supereffective|p2a: Appletun\n|-damage|p2a: Appletun|134/352\n|\n|-heal|p2a: Appletun|156/352|[from] item: Leftovers\n|upkeep\n|turn|7\n|inactive|Time left: 300 sec this turn | 300 sec total\n|\n|t:|1783573878\n|-terastallize|p2a: Appletun|Steel\n|move|p1a: Iron Moth|Sludge Wave|p2a: Appletun\n|-immune|p2a: Appletun\n|move|p2a: Appletun|Recover|p2a: Appletun\n|-heal|p2a: Appletun|332/352\n|\n|-heal|p2a: Appletun|352/352|[from] item: Leftovers\n|upkeep\n|turn|8\n|inactive|Time left: 300 sec this turn | 300 sec total\n|\n|t:|1783573879\n|move|p1a: Iron Moth|Fire Blast|p2a: Appletun|[miss]\n|-miss|p1a: Iron Moth|p2a: Appletun\n|move|p2a: Appletun|Dragon Pulse|p1a: Iron Moth\n|-damage|p1a: Iron Moth|63/100\n|\n|upkeep\n|turn|9\n|inactive|Time left: 300 sec this turn | 300 sec total\n|\n|t:|1783573880\n|move|p1a: Iron Moth|Morning Sun|p1a: Iron Moth\n|-heal|p1a: Iron Moth|100/100\n|move|p2a: Appletun|Dragon Pulse|p1a: Iron Moth\n|-damage|p1a: Iron Moth|63/100\n|\n|upkeep\n|turn|10\n|inactive|Time left: 300 sec this turn | 300 sec total\n|\n|t:|1783573881\n|move|p1a: Iron Moth|Fire Blast|p2a: Appletun\n|-supereffective|p2a: Appletun\n|-damage|p2a: Appletun|220/352\n|move|p2a: Appletun|Dragon Pulse|p1a: Iron Moth\n|-damage|p1a: Iron Moth|27/100\n|\n|-heal|p2a: Appletun|242/352|[from] item: Leftovers\n|upkeep\n|turn|11\n|inactive|Time left: 300 sec this turn | 300 sec total\n|\n|t:|1783573882\n|move|p1a: Iron Moth|Morning Sun|p1a: Iron Moth\n|-heal|p1a: Iron Moth|76/100\n|move|p2a: Appletun|Dragon Pulse|p1a: Iron Moth\n|-damage|p1a: Iron Moth|34/100\n|\n|-heal|p2a: Appletun|264/352|[from] item: Leftovers\n|upkeep\n|turn|12\n|inactive|Time left: 300 sec this turn | 300 sec total\n|\n|t:|1783573883\n|move|p1a: Iron Moth|Morning Sun|p1a: Iron Moth\n|-heal|p1a: Iron Moth|84/100\n|move|p2a: Appletun|Dragon Pulse|p1a: Iron Moth\n|-damage|p1a: Iron Moth|47/100\n|\n|-heal|p2a: Appletun|286/352|[from] item: Leftovers\n|upkeep\n|turn|13\n|inactive|Time left: 300 sec this turn | 300 sec total\n|\n|t:|1783573884\n|move|p1a: Iron Moth|Morning Sun|p1a: Iron Moth\n|-heal|p1a: Iron Moth|97/100\n|move|p2a: Appletun|Dragon Pulse|p1a: Iron Moth\n|-damage|p1a: Iron Moth|56/100\n|\n|-heal|p2a: Appletun|308/352|[from] item: Leftovers\n|upkeep\n|turn|14\n|inactive|Time left: 300 sec this turn | 300 sec total\n|\n|t:|1783573885\n|move|p1a: Iron Moth|Morning Sun|p1a: Iron Moth\n|-heal|p1a: Iron Moth|100/100\n|move|p2a: Appletun|Dragon Pulse|p1a: Iron Moth\n|-damage|p1a: Iron Moth|61/100\n|\n|-heal|p2a: Appletun|330/352|[from] item: Leftovers\n|upkeep\n|turn|15\n|inactive|Time left: 300 sec this turn | 300 sec total\n|\n|t:|1783573886\n|move|p1a: Iron Moth|Fire Blast|p2a: Appletun\n|-supereffective|p2a: Appletun\n|-damage|p2a: Appletun|202/352\n|move|p2a: Appletun|Dragon Pulse|p1a: Iron Moth\n|-damage|p1a: Iron Moth|24/100\n|\n|-heal|p2a: Appletun|224/352|[from] item: Leftovers\n|upkeep\n|turn|16\n|inactive|Time left: 300 sec this turn | 300 sec total\n|\n|t:|1783573887\n|move|p1a: Iron Moth|Morning Sun|p1a: Iron Moth\n|-heal|p1a: Iron Moth|74/100\n|move|p2a: Appletun|Dragon Pulse|p1a: Iron Moth\n|-damage|p1a: Iron Moth|36/100\n|\n|-heal|p2a: Appletun|246/352|[from] item: Leftovers\n|upkeep\n|turn|17\n|inactive|Time left: 300 sec this turn | 300 sec total\n|\n|t:|1783573888\n|move|p1a: Iron Moth|Morning Sun|p1a: Iron Moth\n|-heal|p1a: Iron Moth|86/100\n|move|p2a: Appletun|Dragon Pulse|p1a: Iron Moth\n|-damage|p1a: Iron Moth|46/100\n|\n|-heal|p2a: Appletun|268/352|[from] item: Leftovers\n|upkeep\n|turn|18\n|inactive|Time left: 300 sec this turn | 300 sec total\n|\n|t:|1783573889\n|move|p1a: Iron Moth|Morning Sun|p1a: Iron Moth\n|-heal|p1a: Iron Moth|96/100\n|move|p2a: Appletun|Dragon Pulse|p1a: Iron Moth\n|-damage|p1a: Iron Moth|60/100\n|\n|-heal|p2a: Appletun|290/352|[from] item: Leftovers\n|upkeep\n|turn|19\n|inactive|Time left: 300 sec this turn | 300 sec total\n|\n|t:|1783573890\n|move|p1a: Iron Moth|Fire Blast|p2a: Appletun\n|-supereffective|p2a: Appletun\n|-damage|p2a: Appletun|156/352\n|move|p2a: Appletun|Dragon Pulse|p1a: Iron Moth\n|-damage|p1a: Iron Moth|22/100\n|\n|-heal|p2a: Appletun|178/352|[from] item: Leftovers\n|upkeep\n|turn|20\n|inactive|Time left: 300 sec this turn | 300 sec total\n|\n|t:|1783573891\n|-terastallize|p1a: Iron Moth|Fire\n|move|p1a: Iron Moth|Fire Blast|p2a: Appletun|[miss]\n|-miss|p1a: Iron Moth|p2a: Appletun\n|move|p2a: Appletun|Recover|p2a: Appletun\n|-heal|p2a: Appletun|352/352\n|\n|upkeep\n|turn|21\n|inactive|Time left: 300 sec this turn | 300 sec total\n|\n|t:|1783573892\n|move|p1a: Iron Moth|Fire Blast|p2a: Appletun\n|-supereffective|p2a: Appletun\n|-damage|p2a: Appletun|164/352\n|-status|p2a: Appletun|brn\n|move|p2a: Appletun|Dragon Pulse|p1a: Iron Moth\n|-damage|p1a: Iron Moth|0 fnt\n|faint|p1a: Iron Moth\n|-end|p1a: Iron Moth|Quark Drive|[silent]\n|\n|-heal|p2a: Appletun|186/352 brn|[from] item: Leftovers\n|-damage|p2a: Appletun|164/352 brn|[from] brn\n|upkeep\n|\n|t:|1783573893\n|switch|p1a: Weavile|Weavile, L79, M|100/100\n|turn|22\n|inactive|Time left: 300 sec this turn | 300 sec total\n|\n|t:|1783573894\n|move|p1a: Weavile|Knock Off|p2a: Appletun\n|-damage|p2a: Appletun|2/352 brn\n|-enditem|p2a: Appletun|Leftovers|[from] move: Knock Off|[of] p1a: Weavile\n|move|p2a: Appletun|Recover|p2a: Appletun\n|-heal|p2a: Appletun|178/352 brn\n|\n|-damage|p2a: Appletun|156/352 brn|[from] brn\n|upkeep\n|turn|23\n|inactive|Time left: 300 sec this turn | 300 sec total\n|\n|t:|1783573895\n|move|p1a: Weavile|Knock Off|p2a: Appletun\n|-damage|p2a: Appletun|48/352 brn\n|move|p2a: Appletun|Recover|p2a: Appletun\n|-heal|p2a: Appletun|224/352 brn\n|\n|-damage|p2a: Appletun|202/352 brn|[from] brn\n|upkeep\n|turn|24\n|inactive|Time left: 300 sec this turn | 300 sec total\n|\n|t:|1783573896\n|move|p1a: Weavile|Knock Off|p2a: Appletun\n|-damage|p2a: Appletun|103/352 brn\n|move|p2a: Appletun|Recover|p2a: Appletun\n|-heal|p2a: Appletun|279/352 brn\n|\n|-damage|p2a: Appletun|257/352 brn|[from] brn\n|upkeep\n|turn|25\n|inactive|Time left: 300 sec this turn | 300 sec total\n|\n|t:|1783573897\n|move|p1a: Weavile|Knock Off|p2a: Appletun\n|-damage|p2a: Appletun|155/352 brn\n|move|p2a: Appletun|Apple Acid|p1a: Weavile\n|-damage|p1a: Weavile|56/100\n|-unboost|p1a: Weavile|spd|1\n|\n|-damage|p2a: Appletun|133/352 brn|[from] brn\n|upkeep\n|turn|26\n|inactive|Time left: 300 sec this turn | 300 sec total\n|\n|t:|1783573898\n|move|p1a: Weavile|Knock Off|p2a: Appletun\n|-damage|p2a: Appletun|21/352 brn\n|move|p2a: Appletun|Recover|p2a: Appletun\n|-heal|p2a: Appletun|197/352 brn\n|\n|-damage|p2a: Appletun|175/352 brn|[from] brn\n|upkeep\n|turn|27\n|inactive|Time left: 300 sec this turn | 300 sec total\n|\n|t:|1783573899\n|move|p1a: Weavile|Knock Off|p2a: Appletun\n|-damage|p2a: Appletun|69/352 brn\n|move|p2a: Appletun|Apple Acid|p1a: Weavile\n|-damage|p1a: Weavile|0 fnt\n|faint|p1a: Weavile\n|\n|-damage|p2a: Appletun|47/352 brn|[from] brn\n|upkeep\n|\n|t:|1783573900\n|switch|p1a: Dondozo|Dondozo, L78, F|100/100\n|turn|28\n|inactive|Time left: 300 sec this turn | 300 sec total\n|\n|t:|1783573901\n|move|p2a: Appletun|Recover|p2a: Appletun\n|-heal|p2a: Appletun|223/352 brn\n|move|p1a: Dondozo|Wave Crash|p2a: Appletun\n|-damage|p2a: Appletun|118/352 brn\n|-damage|p1a: Dondozo|91/100|[from] Recoil\n|\n|-heal|p1a: Dondozo|97/100|[from] item: Leftovers\n|-damage|p2a: Appletun|96/352 brn|[from] brn\n|upkeep\n|turn|29\n|inactive|Time left: 300 sec this turn | 300 sec total\n|\n|t:|1783573902\n|move|p2a: Appletun|Apple Acid|p1a: Dondozo\n|-supereffective|p1a: Dondozo\n|-damage|p1a: Dondozo|15/100\n|-unboost|p1a: Dondozo|spd|1\n|move|p1a: Dondozo|Wave Crash|p2a: Appletun\n|-damage|p2a: Appletun|0 fnt\n|faint|p2a: Appletun\n|-damage|p1a: Dondozo|6/100|[from] Recoil\n|\n|-heal|p1a: Dondozo|12/100|[from] item: Leftovers\n|upkeep\n|inactive|Time left: 300 sec this turn | 300 sec total | 5 sec grace\n|\n|t:|1783573903\n|switch|p2a: Swanna|Swanna, L89, M|278/278\n|turn|30\n|inactive|Time left: 300 sec this turn | 300 sec total\n|\n|t:|1783573904\n|switch|p1a: Quagsire|Quagsire, L84, M|100/100\n|move|p2a: Swanna|Knock Off|p1a: Quagsire\n|-damage|p1a: Quagsire|76/100\n|-enditem|p1a: Quagsire|Leftovers|[from] move: Knock Off|[of] p2a: Swanna\n|\n|upkeep\n|turn|31\n|inactive|Time left: 300 sec this turn | 300 sec total\n|\n|t:|1783573904\n|switch|p2a: Decidueye|Decidueye, L88, M|281/281\n|move|p1a: Quagsire|Recover|p1a: Quagsire\n|-heal|p1a: Quagsire|100/100\n|\n|upkeep\n|turn|32\n|inactive|Time left: 300 sec this turn | 300 sec total\n|\n|t:|1783573905\n|switch|p1a: Dondozo|Dondozo, L78, F|12/100\n|move|p2a: Decidueye|Leaf Storm|p1a: Dondozo\n|-supereffective|p1a: Dondozo\n|-damage|p1a: Dondozo|0 fnt\n|-unboost|p2a: Decidueye|spa|2\n|faint|p1a: Dondozo\n|\n|upkeep\n|\n|t:|1783573906\n|switch|p1a: Quagsire|Quagsire, L84, M|100/100\n|turn|33\n|inactive|Time left: 300 sec this turn | 300 sec total\n|\n|t:|1783573907\n|move|p2a: Decidueye|Leaf Storm|p1a: Quagsire\n|-supereffective|p1a: Quagsire\n|-damage|p1a: Quagsire|0 fnt\n|-unboost|p2a: Decidueye|spa|2\n|faint|p1a: Quagsire\n|\n|win|p0y29421974", "uploadtime": 1783573907, "views": 0, "rating": 0, "private": 0, "password": null, "_winner": "p0y29421974", "_our_name": "p0y29421974"}