{"id": "battle-gen9randombattle-723", "formatid": "gen9randombattle", "format": "[Gen 9] Random Battle", "players": ["p0x723aa04", "p0y723d611"], "log": "|init|battle\n|title|p0x723aa04 vs. p0y723d611\n|j|\u2606p0x723aa04\n|j|\u2606p0y723d611\n|t:|1783548214\n|gametype|singles\n|player|p1|p0x723aa04|266|\n|player|p2|p0y723d611|101|\n|gen|9\n|tier|[Gen 9] Random Battle\n|rule|Species Clause: Limit one of each Pok\u00e9mon\n|rule|HP Percentage Mod: HP is shown in percentages\n|rule|Sleep Clause Mod: Limit one foe put to sleep\n|rule|Illusion Level Mod: Illusion disguises the Pok\u00e9mon's true level\n|\n|t:|1783548214\n|teamsize|p1|6\n|teamsize|p2|6\n|start\n|switch|p1a: Abomasnow|Abomasnow, L84, M|100/100\n|switch|p2a: Leavanny|Leavanny, L86, F|269/269\n|-weather|Snowscape|[from] ability: Snow Warning|[of] p1a: Abomasnow\n|turn|1\n|inactive|Battle timer is ON: inactive players will automatically lose when time's up. (requested by p0x723aa04)\n|inactive|Time left: 300 sec this turn | 300 sec total | 60 sec grace\n|inactive|p0y723d611 also wants the timer to be on.\n|\n|t:|1783548215\n|move|p2a: Leavanny|Sticky Web|p1a: Abomasnow\n|-sidestart|p1: p0x723aa04|move: Sticky Web\n|move|p1a: Abomasnow|Aurora Veil|p1a: Abomasnow\n|-sidestart|p1: p0x723aa04|move: Aurora Veil\n|\n|-weather|Snowscape|[upkeep]\n|upkeep\n|turn|2\n|inactive|Time left: 300 sec this turn | 300 sec total\n|\n|t:|1783548217\n|switch|p2a: Baxcalibur|Baxcalibur, L75, M|296/296\n|move|p1a: Abomasnow|Blizzard|p2a: Baxcalibur\n|-damage|p2a: Baxcalibur|170/296\n|\n|-weather|Snowscape|[upkeep]\n|upkeep\n|turn|3\n|inactive|Time left: 300 sec this turn | 300 sec total\n|\n|t:|1783548218\n|move|p2a: Baxcalibur|Dragon Dance|p2a: Baxcalibur\n|-boost|p2a: Baxcalibur|atk|1\n|-boost|p2a: Baxcalibur|spe|1\n|move|p1a: Abomasnow|Blizzard|p2a: Baxcalibur\n|-damage|p2a: Baxcalibur|35/296\n|\n|-weather|Snowscape|[upkeep]\n|upkeep\n|turn|4\n|inactive|Time left: 300 sec this turn | 300 sec total\n|\n|t:|1783548219\n|move|p2a: Baxcalibur|Glaive Rush|p1a: Abomasnow\n|-damage|p1a: Abomasnow|73/100\n|-singlemove|p2a: Baxcalibur|Glaive Rush|[silent]\n|move|p1a: Abomasnow|Earthquake|p2a: Baxcalibur\n|-damage|p2a: Baxcalibur|0 fnt\n|faint|p2a: Baxcalibur\n|\n|-weather|Snowscape|[upkeep]\n|upkeep\n|inactive|Time left: 300 sec this turn | 300 sec total | 5 sec grace\n|\n|t:|1783548220\n|switch|p2a: Mabosstiff|Mabosstiff, L86, F|278/278\n|turn|5\n|inactive|Time left: 300 sec this turn | 300 sec total\n|\n|t:|1783548222\n|move|p2a: Mabosstiff|Crunch|p1a: Abomasnow\n|-damage|p1a: Abomasnow|61/100\n|move|p1a: Abomasnow|Blizzard|p2a: Mabosstiff\n|-damage|p2a: Mabosstiff|149/278\n|\n|-weather|none\n|upkeep\n|turn|6\n|inactive|Time left: 300 sec this turn | 300 sec total\n|\n|t:|1783548223\n|move|p2a: Mabosstiff|Crunch|p1a: Abomasnow\n|-damage|p1a: Abomasnow|40/100\n|move|p1a: Abomasnow|Blizzard|p2a: Mabosstiff|[miss]\n|-miss|p1a: Abomasnow|p2a: Mabosstiff\n|\n|upkeep\n|turn|7\n|inactive|Time left: 300 sec this turn | 300 sec total\n|\n|t:|1783548224\n|move|p2a: Mabosstiff|Crunch|p1a: Abomasnow\n|-damage|p1a: Abomasnow|20/100\n|move|p1a: Abomasnow|Blizzard|p2a: Mabosstiff\n|-damage|p2a: Mabosstiff|10/278\n|\n|upkeep\n|turn|8\n|inactive|Time left: 300 sec this turn | 300 sec total\n|\n|t:|1783548225\n|move|p1a: Abomasnow|Ice Shard|p2a: Mabosstiff\n|-damage|p2a: Mabosstiff|0 fnt\n|faint|p2a: Mabosstiff\n|\n|-sideend|p1: p0x723aa04|move: Aurora Veil\n|upkeep\n|inactive|Time left: 300 sec this turn | 300 sec total | 5 sec grace\n|\n|t:|1783548225\n|switch|p2a: Barraskewda|Barraskewda, L81, F|231/231\n|turn|9\n|inactive|Time left: 300 sec this turn | 300 sec total\n|\n|t:|1783548226\n|switch|p1a: Qwilfish|Qwilfish-Hisui, L83, F|100/100\n|-activate|p1a: Qwilfish|move: Sticky Web\n|-unboost|p1a: Qwilfish|spe|1\n|-ability|p1a: Qwilfish|Intimidate|boost\n|-unboost|p2a: Barraskewda|atk|1\n|move|p2a: Barraskewda|Waterfall|p1a: Qwilfish\n|-damage|p1a: Qwilfish|72/100\n|\n|upkeep\n|turn|10\n|inactive|Time left: 300 sec this turn | 300 sec total\n|\n|t:|1783548228\n|move|p2a: Barraskewda|Waterfall|p1a: Qwilfish\n|-damage|p1a: Qwilfish|45/100\n|move|p1a: Qwilfish|Gunk Shot|p2a: Barraskewda\n|-damage|p2a: Barraskewda|78/231\n|-status|p2a: Barraskewda|psn\n|\n|-damage|p2a: Barraskewda|50/231 psn|[from] psn\n|upkeep\n|turn|11\n|inactive|Time left: 300 sec this turn | 300 sec total\n|\n|t:|1783548229\n|move|p2a: Barraskewda|Waterfall|p1a: Qwilfish\n|-damage|p1a: Qwilfish|18/100\n|move|p1a: Qwilfish|Gunk Shot|p2a: Barraskewda\n|-damage|p2a: Barraskewda|0 fnt\n|faint|p2a: Barraskewda\n|\n|upkeep\n|inactive|Time left: 300 sec this turn | 300 sec total | 5 sec grace\n|\n|t:|1783548230\n|switch|p2a: Regieleki|Regieleki, L79|256/256\n|turn|12\n|inactive|Time left: 300 sec this turn | 300 sec total\n|\n|t:|1783548231\n|switch|p1a: Minun|Minun, L95, M|100/100\n|-activate|p1a: Minun|move: Sticky Web\n|-unboost|p1a: Minun|spe|1\n|move|p2a: Regieleki|Thunderbolt|p1a: Minun\n|-immune|p1a: Minun|[from] ability: Volt Absorb\n|\n|upkeep\n|turn|13\n|inactive|Time left: 300 sec this turn | 300 sec total\n|\n|t:|1783548232\n|move|p2a: Regieleki|Rapid Spin|p1a: Minun\n|-damage|p1a: Minun|86/100\n|-boost|p2a: Regieleki|spe|1\n|move|p1a: Minun|Nasty Plot|p1a: Minun\n|-boost|p1a: Minun|spa|2\n|\n|upkeep\n|turn|14\n|inactive|Time left: 300 sec this turn | 300 sec total\n|\n|t:|1783548233\n|switch|p2a: Leavanny|Leavanny, L86, F|269/269\n|move|p1a: Minun|Alluring Voice|p2a: Leavanny\n|-damage|p2a: Leavanny|104/269\n|-damage|p1a: Minun|76/100|[from] item: Life Orb\n|\n|upkeep\n|turn|15\n|inactive|Time left: 300 sec this turn | 300 sec total\n|\n|t:|1783548234\n|move|p2a: Leavanny|Bullet Seed|p1a: Minun\n|-damage|p1a: Minun|62/100\n|-damage|p1a: Minun|48/100\n|-damage|p1a: Minun|34/100\n|-damage|p1a: Minun|19/100\n|-hitcount|p1a: Minun|4\n|move|p1a: Minun|Alluring Voice|p2a: Leavanny\n|-damage|p2a: Leavanny|0 fnt\n|faint|p2a: Leavanny\n|-damage|p1a: Minun|9/100|[from] item: Life Orb\n|\n|upkeep\n|inactive|Time left: 300 sec this turn | 300 sec total | 5 sec grace\n|\n|t:|1783548236\n|switch|p2a: Regieleki|Regieleki, L79|256/256\n|turn|16\n|inactive|Time left: 300 sec this turn | 300 sec total\n|\n|t:|1783548237\n|move|p2a: Regieleki|Rapid Spin|p1a: Minun\n|-damage|p1a: Minun|0 fnt\n|-boost|p2a: Regieleki|spe|1\n|faint|p1a: Minun\n|\n|upkeep\n|\n|t:|1783548238\n|switch|p1a: Victreebel|Victreebel, L90, M|100/100\n|-activate|p1a: Victreebel|move: Sticky Web\n|-unboost|p1a: Victreebel|spe|1\n|turn|17\n|inactive|Time left: 300 sec this turn | 300 sec total\n|\n|t:|1783548238\n|move|p2a: Regieleki|Volt Switch|p1a: Victreebel\n|-resisted|p1a: Victreebel\n|-damage|p1a: Victreebel|80/100\n|inactive|Time left: 300 sec this turn | 300 sec total | 5 sec grace\n|\n|t:|1783548240\n|switch|p2a: Tropius|Tropius, L91, M|328/328|[from] Volt Switch\n|move|p1a: Victreebel|Poison Jab|p2a: Tropius\n|-supereffective|p2a: Tropius\n|-crit|p2a: Tropius\n|-damage|p2a: Tropius|0 fnt\n|faint|p2a: Tropius\n|-damage|p1a: Victreebel|70/100|[from] item: Life Orb\n|\n|upkeep\n|inactive|Time left: 300 sec this turn | 300 sec total | 10 sec grace\n|\n|t:|1783548240\n|switch|p2a: Regieleki|Regieleki, L79|256/256\n|turn|18\n|inactive|Time left: 300 sec this turn | 300 sec total\n|\n|t:|1783548241\n|move|p2a: Regieleki|Thunderbolt|p1a: Victreebel\n|-resisted|p1a: Victreebel\n|-damage|p1a: Victreebel|45/100\n|move|p1a: Victreebel|Power Whip|p2a: Regieleki\n|-damage|p2a: Regieleki|0 fnt\n|faint|p2a: Regieleki\n|-damage|p1a: Victreebel|35/100|[from] item: Life Orb\n|\n|win|p0x723aa04", "uploadtime": 1783548241, "views": 0, "rating": 0, "private": 0, "password": null, "_winner": "p0x723aa04", "_our_name": "p0y723d611"}