{"id": "battle-gen9randombattle-1878", "formatid": "gen9randombattle", "format": "[Gen 9] Random Battle", "players": ["p0x18783dee", "p0y18784a51"], "log": "|init|battle\n|title|p0x18783dee vs. p0y18784a51\n|j|\u2606p0x18783dee\n|j|\u2606p0y18784a51\n|t:|1783560990\n|gametype|singles\n|player|p1|p0x18783dee|265|\n|player|p2|p0y18784a51|265|\n|gen|9\n|tier|[Gen 9] Random Battle\n|rule|Species Clause: Limit one of each Pok\u00e9mon\n|rule|HP Percentage Mod: HP is shown in percentages\n|rule|Sleep Clause Mod: Limit one foe put to sleep\n|rule|Illusion Level Mod: Illusion disguises the Pok\u00e9mon's true level\n|\n|t:|1783560990\n|teamsize|p1|6\n|teamsize|p2|6\n|start\n|switch|p1a: Swanna|Swanna, L89, M|100/100\n|switch|p2a: Cloyster|Cloyster, L80, F|211/211\n|turn|1\n|inactive|Battle timer is ON: inactive players will automatically lose when time's up. (requested by p0y18784a51)\n|inactive|p0x18783dee also wants the timer to be on.\n|\n|t:|1783560992\n|switch|p1a: Conkeldurr|Conkeldurr, L80, M|100/100\n|move|p2a: Cloyster|Shell Smash|p2a: Cloyster\n|-unboost|p2a: Cloyster|def|1\n|-unboost|p2a: Cloyster|spd|1\n|-boost|p2a: Cloyster|atk|2\n|-boost|p2a: Cloyster|spa|2\n|-boost|p2a: Cloyster|spe|2\n|-enditem|p2a: Cloyster|White Herb\n|-clearnegativeboost|p2a: Cloyster|[silent]\n|\n|-status|p1a: Conkeldurr|brn|[from] item: Flame Orb\n|upkeep\n|turn|2\n|inactive|Time left: 300 sec this turn | 300 sec total\n|\n|t:|1783560992\n|-terastallize|p2a: Cloyster|Ice\n|move|p2a: Cloyster|Icicle Spear|p1a: Conkeldurr\n|-damage|p1a: Conkeldurr|77/100 brn\n|-damage|p1a: Conkeldurr|56/100 brn\n|-damage|p1a: Conkeldurr|36/100 brn\n|-damage|p1a: Conkeldurr|16/100 brn\n|-damage|p1a: Conkeldurr|0 fnt\n|faint|p1a: Conkeldurr\n|-hitcount|p1: Conkeldurr|5\n|\n|upkeep\n|\n|t:|1783560993\n|switch|p1a: Delphox|Delphox, L84, F|100/100\n|turn|3\n|inactive|Time left: 300 sec this turn | 300 sec total\n|\n|t:|1783560995\n|move|p1a: Delphox|Fire Blast|p2a: Cloyster\n|-supereffective|p2a: Cloyster\n|-damage|p2a: Cloyster|0 fnt\n|faint|p2a: Cloyster\n|\n|upkeep\n|inactive|Time left: 300 sec this turn | 300 sec total | 5 sec grace\n|\n|t:|1783560996\n|switch|p2a: Mabosstiff|Mabosstiff, L86, F|278/278\n|turn|4\n|inactive|Time left: 300 sec this turn | 300 sec total\n|\n|t:|1783560997\n|move|p1a: Delphox|Fire Blast|p2a: Mabosstiff\n|-damage|p2a: Mabosstiff|116/278\n|move|p2a: Mabosstiff|Crunch|p1a: Delphox\n|-supereffective|p1a: Delphox\n|-damage|p1a: Delphox|0 fnt\n|faint|p1a: Delphox\n|\n|upkeep\n|\n|t:|1783560998\n|switch|p1a: Iron Jugulis|Iron Jugulis, L77|100/100\n|turn|5\n|inactive|Time left: 300 sec this turn | 300 sec total\n|\n|t:|1783560998\n|switch|p2a: Tentacruel|Tentacruel, L84, M|272/272\n|move|p1a: Iron Jugulis|Hurricane|p2a: Tentacruel\n|-damage|p2a: Tentacruel|128/272\n|\n|-heal|p2a: Tentacruel|145/272|[from] item: Leftovers\n|upkeep\n|turn|6\n|inactive|Time left: 300 sec this turn | 300 sec total\n|\n|t:|1783560999\n|move|p2a: Tentacruel|Surf|p1a: Iron Jugulis\n|-damage|p1a: Iron Jugulis|62/100\n|move|p1a: Iron Jugulis|Hurricane|p2a: Tentacruel\n|-damage|p2a: Tentacruel|0 fnt\n|faint|p2a: Tentacruel\n|\n|upkeep\n|inactive|Time left: 300 sec this turn | 300 sec total | 5 sec grace\n|\n|t:|1783561000\n|switch|p2a: Rayquaza|Rayquaza, L72|270/270\n|-ability|p2a: Rayquaza|Air Lock\n|turn|7\n|inactive|Time left: 300 sec this turn | 300 sec total\n|\n|t:|1783561001\n|move|p1a: Iron Jugulis|Hurricane|p2a: Rayquaza\n|-damage|p2a: Rayquaza|81/270\n|move|p2a: Rayquaza|Dragon Ascent|p1a: Iron Jugulis\n|-damage|p1a: Iron Jugulis|0 fnt\n|-unboost|p2a: Rayquaza|def|1\n|-unboost|p2a: Rayquaza|spd|1\n|faint|p1a: Iron Jugulis\n|-end|p1a: Iron Jugulis|Quark Drive|[silent]\n|\n|upkeep\n|\n|t:|1783561002\n|switch|p1a: Swanna|Swanna, L89, M|100/100\n|turn|8\n|inactive|Time left: 300 sec this turn | 300 sec total\n|\n|t:|1783561003\n|move|p1a: Swanna|Hydro Pump|p2a: Rayquaza\n|-resisted|p2a: Rayquaza\n|-damage|p2a: Rayquaza|0 fnt\n|faint|p2a: Rayquaza\n|\n|upkeep\n|inactive|Time left: 300 sec this turn | 300 sec total | 5 sec grace\n|\n|t:|1783561004\n|switch|p2a: Ho-Oh|Ho-Oh, L71|268/268\n|turn|9\n|inactive|Time left: 300 sec this turn | 300 sec total\n|\n|t:|1783561005\n|move|p1a: Swanna|Hydro Pump|p2a: Ho-Oh\n|-supereffective|p2a: Ho-Oh\n|-damage|p2a: Ho-Oh|88/268\n|move|p2a: Ho-Oh|Recover|p2a: Ho-Oh\n|-heal|p2a: Ho-Oh|222/268\n|\n|upkeep\n|turn|10\n|inactive|Time left: 300 sec this turn | 300 sec total\n|\n|t:|1783561006\n|move|p1a: Swanna|Hydro Pump|p2a: Ho-Oh\n|-supereffective|p2a: Ho-Oh\n|-damage|p2a: Ho-Oh|48/268\n|move|p2a: Ho-Oh|Recover|p2a: Ho-Oh\n|-heal|p2a: Ho-Oh|182/268\n|\n|upkeep\n|turn|11\n|inactive|Time left: 300 sec this turn | 300 sec total\n|\n|t:|1783561007\n|switch|p2a: Annihilape|Annihilape, L76, M|292/292\n|move|p1a: Swanna|Hydro Pump|p2a: Annihilape\n|-damage|p2a: Annihilape|153/292\n|\n|upkeep\n|turn|12\n|inactive|Time left: 300 sec this turn | 300 sec total\n|\n|t:|1783561008\n|switch|p2a: Ho-Oh|Ho-Oh, L71|268/268\n|move|p1a: Swanna|Brave Bird|p2a: Ho-Oh\n|-damage|p2a: Ho-Oh|123/268\n|-damage|p1a: Swanna|83/100|[from] Recoil\n|\n|upkeep\n|turn|13\n|inactive|Time left: 300 sec this turn | 300 sec total\n|\n|t:|1783561008\n|switch|p2a: Annihilape|Annihilape, L76, M|153/292\n|move|p1a: Swanna|Brave Bird|p2a: Annihilape\n|-supereffective|p2a: Annihilape\n|-damage|p2a: Annihilape|0 fnt\n|faint|p2a: Annihilape\n|-damage|p1a: Swanna|65/100|[from] Recoil\n|\n|upkeep\n|inactive|Time left: 300 sec this turn | 300 sec total | 5 sec grace\n|\n|t:|1783561009\n|switch|p2a: Ho-Oh|Ho-Oh, L71|212/268\n|turn|14\n|inactive|Time left: 300 sec this turn | 300 sec total\n|\n|t:|1783561010\n|move|p1a: Swanna|Hydro Pump|p2a: Ho-Oh\n|-supereffective|p2a: Ho-Oh\n|-damage|p2a: Ho-Oh|32/268\n|move|p2a: Ho-Oh|Recover|p2a: Ho-Oh\n|-heal|p2a: Ho-Oh|166/268\n|\n|upkeep\n|turn|15\n|inactive|Time left: 300 sec this turn | 300 sec total\n|\n|t:|1783561011\n|switch|p2a: Mabosstiff|Mabosstiff, L86, F|116/278\n|move|p1a: Swanna|Hydro Pump|p2a: Mabosstiff\n|-damage|p2a: Mabosstiff|0 fnt\n|faint|p2a: Mabosstiff\n|\n|upkeep\n|inactive|Time left: 300 sec this turn | 300 sec total | 5 sec grace\n|\n|t:|1783561012\n|switch|p2a: Ho-Oh|Ho-Oh, L71|255/268\n|turn|16\n|inactive|Time left: 300 sec this turn | 300 sec total\n|\n|t:|1783561013\n|switch|p1a: Sceptile|Sceptile, L87, F|100/100\n|move|p2a: Ho-Oh|Recover|p2a: Ho-Oh\n|-heal|p2a: Ho-Oh|268/268\n|\n|upkeep\n|turn|17\n|inactive|Time left: 300 sec this turn | 300 sec total\n|\n|t:|1783561013\n|-terastallize|p1a: Sceptile|Rock\n|move|p1a: Sceptile|Rock Slide|p2a: Ho-Oh\n|-supereffective|p2a: Ho-Oh\n|-damage|p2a: Ho-Oh|0 fnt\n|faint|p2a: Ho-Oh\n|-damage|p1a: Sceptile|91/100|[from] item: Life Orb\n|\n|win|p0x18783dee", "uploadtime": 1783561013, "views": 0, "rating": 0, "private": 0, "password": null, "_winner": "p0x18783dee", "_our_name": "p0y18784a51"}