{"id": "battle-gen9randombattle-1171", "formatid": "gen9randombattle", "format": "[Gen 9] Random Battle", "players": ["p0x11718eb9", "p0y1171541e"], "log": "|init|battle\n|title|p0x11718eb9 vs. p0y1171541e\n|j|\u2606p0x11718eb9\n|j|\u2606p0y1171541e\n|t:|1783553580\n|gametype|singles\n|player|p1|p0x11718eb9|1|\n|player|p2|p0y1171541e|101|\n|gen|9\n|tier|[Gen 9] Random Battle\n|rule|Species Clause: Limit one of each Pok\u00e9mon\n|rule|HP Percentage Mod: HP is shown in percentages\n|rule|Sleep Clause Mod: Limit one foe put to sleep\n|rule|Illusion Level Mod: Illusion disguises the Pok\u00e9mon's true level\n|\n|t:|1783553580\n|teamsize|p1|6\n|teamsize|p2|6\n|start\n|switch|p1a: Cramorant|Cramorant, L86, M|100/100\n|switch|p2a: Regieleki|Regieleki, L79|256/256\n|turn|1\n|inactive|Battle timer is ON: inactive players will automatically lose when time's up. (requested by p0y1171541e)\n|inactive|p0x11718eb9 also wants the timer to be on.\n|\n|t:|1783553581\n|switch|p1a: Whiscash|Whiscash, L88, F|100/100\n|move|p2a: Regieleki|Volt Switch|p1a: Whiscash\n|-immune|p1a: Whiscash\n|\n|upkeep\n|turn|2\n|inactive|Time left: 300 sec this turn | 300 sec total\n|\n|t:|1783553582\n|switch|p2a: Lilligant|Lilligant, L86, F|261/261\n|move|p1a: Whiscash|Dragon Dance|p1a: Whiscash\n|-boost|p1a: Whiscash|atk|1\n|-boost|p1a: Whiscash|spe|1\n|\n|upkeep\n|turn|3\n|inactive|Time left: 300 sec this turn | 300 sec total\n|\n|t:|1783553583\n|-terastallize|p1a: Whiscash|Steel\n|move|p1a: Whiscash|Earthquake|p2a: Lilligant\n|-resisted|p2a: Lilligant\n|-damage|p2a: Lilligant|148/261\n|-damage|p1a: Whiscash|91/100|[from] item: Life Orb\n|move|p2a: Lilligant|Petal Dance|p1a: Whiscash\n|-resisted|p1a: Whiscash\n|-damage|p1a: Whiscash|61/100\n|-damage|p2a: Lilligant|122/261|[from] item: Life Orb\n|\n|upkeep\n|turn|4\n|inactive|Time left: 300 sec this turn | 300 sec total\n|\n|t:|1783553584\n|switch|p1a: Goodra|Goodra, L85, F|100/100\n|move|p2a: Lilligant|Petal Dance|p1a: Goodra|[from] lockedmove\n|-ability|p1a: Goodra|Sap Sipper|boost\n|-boost|p1a: Goodra|atk|1\n|\n|upkeep\n|turn|5\n|inactive|Time left: 300 sec this turn | 300 sec total\n|\n|t:|1783553585\n|move|p2a: Lilligant|Quiver Dance|p2a: Lilligant\n|-boost|p2a: Lilligant|spa|1\n|-boost|p2a: Lilligant|spd|1\n|-boost|p2a: Lilligant|spe|1\n|move|p1a: Goodra|Fire Blast|p2a: Lilligant\n|-supereffective|p2a: Lilligant\n|-damage|p2a: Lilligant|0 fnt\n|faint|p2a: Lilligant\n|\n|upkeep\n|inactive|Time left: 300 sec this turn | 300 sec total | 5 sec grace\n|\n|t:|1783553586\n|switch|p2a: Mightyena|Mightyena, L96, F|290/290\n|-ability|p2a: Mightyena|Intimidate|boost\n|-unboost|p1a: Goodra|atk|1\n|turn|6\n|inactive|Time left: 300 sec this turn | 300 sec total\n|\n|t:|1783553588\n|switch|p1a: Whiscash|Whiscash, L88, F, tera:Steel|61/100\n|move|p2a: Mightyena|Super Fang|p1a: Whiscash\n|-damage|p1a: Whiscash|31/100\n|\n|upkeep\n|turn|7\n|inactive|Time left: 300 sec this turn | 300 sec total\n|\n|t:|1783553589\n|switch|p1a: Piloswine|Piloswine, L85, F|100/100\n|move|p2a: Mightyena|Crunch|p1a: Piloswine\n|-damage|p1a: Piloswine|79/100\n|\n|upkeep\n|turn|8\n|inactive|Time left: 300 sec this turn | 300 sec total\n|\n|t:|1783553590\n|move|p2a: Mightyena|Super Fang|p1a: Piloswine\n|-damage|p1a: Piloswine|40/100\n|move|p1a: Piloswine|Earthquake|p2a: Mightyena\n|-damage|p2a: Mightyena|167/290\n|\n|upkeep\n|turn|9\n|inactive|Time left: 300 sec this turn | 300 sec total\n|\n|t:|1783553591\n|move|p2a: Mightyena|Crunch|p1a: Piloswine\n|-crit|p1a: Piloswine\n|-damage|p1a: Piloswine|5/100\n|move|p1a: Piloswine|Earthquake|p2a: Mightyena\n|-damage|p2a: Mightyena|47/290\n|\n|upkeep\n|turn|10\n|inactive|Time left: 300 sec this turn | 300 sec total\n|\n|t:|1783553592\n|switch|p1a: Iron Moth|Iron Moth, L78|100/100\n|move|p2a: Mightyena|Crunch|p1a: Iron Moth\n|-damage|p1a: Iron Moth|40/100\n|\n|upkeep\n|turn|11\n|inactive|Time left: 300 sec this turn | 300 sec total\n|\n|t:|1783553593\n|move|p2a: Mightyena|Sucker Punch|p1a: Iron Moth\n|-damage|p1a: Iron Moth|0 fnt\n|faint|p1a: Iron Moth\n|-end|p1a: Iron Moth|Quark Drive|[silent]\n|\n|upkeep\n|\n|t:|1783553594\n|switch|p1a: Cramorant|Cramorant, L86, M|100/100\n|turn|12\n|inactive|Time left: 300 sec this turn | 300 sec total\n|\n|t:|1783553595\n|move|p2a: Mightyena|Sucker Punch|p1a: Cramorant\n|-damage|p1a: Cramorant|53/100\n|move|p1a: Cramorant|Surf|p2a: Mightyena\n|-formechange|p1a: Cramorant|Cramorant-Gulping|\n|-damage|p2a: Mightyena|0 fnt\n|faint|p2a: Mightyena\n|\n|upkeep\n|inactive|Time left: 300 sec this turn | 300 sec total | 5 sec grace\n|\n|t:|1783553596\n|switch|p2a: Regieleki|Regieleki, L79|256/256\n|turn|13\n|inactive|Time left: 300 sec this turn | 300 sec total\n|\n|t:|1783553597\n|switch|p1a: Goodra|Goodra, L85, F|100/100\n|move|p2a: Regieleki|Volt Switch|p1a: Goodra\n|-resisted|p1a: Goodra\n|-damage|p1a: Goodra|93/100\n|inactive|Time left: 300 sec this turn | 300 sec total | 5 sec grace\n|\n|t:|1783553599\n|switch|p2a: Floatzel|Floatzel, L86, M|286/286|[from] Volt Switch\n|\n|upkeep\n|turn|14\n|inactive|Time left: 300 sec this turn | 300 sec total\n|\n|t:|1783553600\n|move|p2a: Floatzel|Ice Spinner|p1a: Goodra\n|-supereffective|p1a: Goodra\n|-damage|p1a: Goodra|21/100\n|move|p1a: Goodra|Power Whip|p2a: Floatzel\n|-supereffective|p2a: Floatzel\n|-damage|p2a: Floatzel|42/286\n|\n|upkeep\n|turn|15\n|inactive|Time left: 300 sec this turn | 300 sec total\n|\n|t:|1783553601\n|switch|p1a: Gothitelle|Gothitelle, L90, M|100/100\n|move|p2a: Floatzel|Ice Spinner|p1a: Gothitelle\n|-damage|p1a: Gothitelle|71/100\n|\n|-heal|p1a: Gothitelle|77/100|[from] item: Leftovers\n|upkeep\n|turn|16\n|inactive|Time left: 300 sec this turn | 300 sec total\n|\n|t:|1783553602\n|move|p2a: Floatzel|Ice Spinner|p1a: Gothitelle\n|-damage|p1a: Gothitelle|46/100\n|move|p1a: Gothitelle|Dark Pulse|p2a: Floatzel\n|-damage|p2a: Floatzel|0 fnt\n|faint|p2a: Floatzel\n|\n|-heal|p1a: Gothitelle|53/100|[from] item: Leftovers\n|upkeep\n|inactive|Time left: 300 sec this turn | 300 sec total | 5 sec grace\n|\n|t:|1783553603\n|switch|p2a: Sandaconda|Sandaconda, L84, M|258/258\n|turn|17\n|inactive|Time left: 300 sec this turn | 300 sec total\n|\n|t:|1783553604\n|move|p1a: Gothitelle|Psychic Noise|p2a: Sandaconda\n|-damage|p2a: Sandaconda|153/258\n|-start|p2a: Sandaconda|move: Heal Block\n|move|p2a: Sandaconda|Earthquake|p1a: Gothitelle\n|-damage|p1a: Gothitelle|17/100\n|\n|-heal|p1a: Gothitelle|24/100|[from] item: Leftovers\n|upkeep\n|turn|18\n|inactive|Time left: 300 sec this turn | 300 sec total\n|\n|t:|1783553605\n|move|p1a: Gothitelle|Psychic Noise|p2a: Sandaconda\n|-crit|p2a: Sandaconda\n|-damage|p2a: Sandaconda|2/258\n|move|p2a: Sandaconda|Earthquake|p1a: Gothitelle\n|-damage|p1a: Gothitelle|0 fnt\n|faint|p1a: Gothitelle\n|\n|-end|p2a: Sandaconda|move: Heal Block\n|upkeep\n|\n|t:|1783553606\n|switch|p1a: Cramorant|Cramorant, L86, M|53/100\n|turn|19\n|inactive|Time left: 300 sec this turn | 300 sec total\n|\n|t:|1783553608\n|switch|p2a: Regieleki|Regieleki, L79|256/256\n|move|p1a: Cramorant|Surf|p2a: Regieleki\n|-formechange|p1a: Cramorant|Cramorant-Gulping|\n|-damage|p2a: Regieleki|106/256\n|\n|upkeep\n|turn|20\n|inactive|Time left: 300 sec this turn | 300 sec total\n|\n|t:|1783553609\n|switch|p1a: Piloswine|Piloswine, L85, F|5/100\n|move|p2a: Regieleki|Volt Switch|p1a: Piloswine\n|-immune|p1a: Piloswine\n|\n|upkeep\n|turn|21\n|inactive|Time left: 300 sec this turn | 300 sec total\n|\n|t:|1783553610\n|move|p2a: Regieleki|Rapid Spin|p1a: Piloswine\n|-damage|p1a: Piloswine|0 fnt\n|-boost|p2a: Regieleki|spe|1\n|faint|p1a: Piloswine\n|\n|upkeep\n|\n|t:|1783553611\n|switch|p1a: Goodra|Goodra, L85, F|21/100\n|turn|22\n|inactive|Time left: 300 sec this turn | 300 sec total\n|\n|t:|1783553612\n|switch|p1a: Whiscash|Whiscash, L88, F, tera:Steel|31/100\n|-terastallize|p2a: Regieleki|Ice\n|move|p2a: Regieleki|Tera Blast|p1a: Whiscash|[anim] Tera Blast Ice\n|-resisted|p1a: Whiscash\n|-damage|p1a: Whiscash|17/100\n|\n|upkeep\n|turn|23\n|inactive|Time left: 300 sec this turn | 300 sec total\n|\n|t:|1783553613\n|switch|p1a: Goodra|Goodra, L85, F|21/100\n|move|p2a: Regieleki|Thunderbolt|p1a: Goodra\n|-resisted|p1a: Goodra\n|-damage|p1a: Goodra|12/100\n|\n|upkeep\n|turn|24\n|inactive|Time left: 300 sec this turn | 300 sec total\n|\n|t:|1783553615\n|switch|p1a: Whiscash|Whiscash, L88, F, tera:Steel|17/100\n|move|p2a: Regieleki|Tera Blast|p1a: Whiscash|[anim] Tera Blast Ice\n|-resisted|p1a: Whiscash\n|-damage|p1a: Whiscash|3/100\n|\n|upkeep\n|turn|25\n|inactive|Time left: 300 sec this turn | 300 sec total\n|\n|t:|1783553616\n|move|p2a: Regieleki|Rapid Spin|p1a: Whiscash\n|-resisted|p1a: Whiscash\n|-damage|p1a: Whiscash|0 fnt\n|-boost|p2a: Regieleki|spe|1\n|faint|p1a: Whiscash\n|\n|upkeep\n|\n|t:|1783553616\n|switch|p1a: Cramorant|Cramorant, L86, M|53/100\n|turn|26\n|inactive|Time left: 300 sec this turn | 300 sec total\n|\n|t:|1783553617\n|switch|p1a: Goodra|Goodra, L85, F|12/100\n|move|p2a: Regieleki|Thunderbolt|p1a: Goodra\n|-resisted|p1a: Goodra\n|-damage|p1a: Goodra|2/100\n|-status|p1a: Goodra|par\n|\n|upkeep\n|turn|27\n|inactive|Time left: 300 sec this turn | 300 sec total\n|\n|t:|1783553618\n|switch|p1a: Cramorant|Cramorant, L86, M|53/100\n|move|p2a: Regieleki|Thunderbolt|p1a: Cramorant\n|-supereffective|p1a: Cramorant\n|-crit|p1a: Cramorant\n|-damage|p1a: Cramorant|0 fnt\n|faint|p1a: Cramorant\n|\n|upkeep\n|\n|t:|1783553619\n|switch|p1a: Goodra|Goodra, L85, F|2/100 par\n|turn|28\n|inactive|Time left: 300 sec this turn | 300 sec total\n|\n|t:|1783553620\n|move|p2a: Regieleki|Tera Blast|p1a: Goodra|[anim] Tera Blast Ice\n|-supereffective|p1a: Goodra\n|-damage|p1a: Goodra|0 fnt\n|faint|p1a: Goodra\n|\n|win|p0y1171541e", "uploadtime": 1783553620, "views": 0, "rating": 0, "private": 0, "password": null, "_winner": "p0y1171541e", "_our_name": "p0y1171541e"}