{"id": "battle-gen9randombattle-2602", "formatid": "gen9randombattle", "format": "[Gen 9] Random Battle", "players": ["p0x2602613e", "p0y260241c1"], "log": "|init|battle\n|title|p0x2602613e vs. p0y260241c1\n|j|\u2606p0x2602613e\n|j|\u2606p0y260241c1\n|t:|1783570044\n|gametype|singles\n|player|p1|p0x2602613e|169|\n|player|p2|p0y260241c1|169|\n|gen|9\n|tier|[Gen 9] Random Battle\n|rule|Species Clause: Limit one of each Pok\u00e9mon\n|rule|HP Percentage Mod: HP is shown in percentages\n|rule|Sleep Clause Mod: Limit one foe put to sleep\n|rule|Illusion Level Mod: Illusion disguises the Pok\u00e9mon's true level\n|\n|t:|1783570044\n|teamsize|p1|6\n|teamsize|p2|6\n|start\n|switch|p1a: Espeon|Espeon, L84, M|246/246\n|switch|p2a: Copperajah|Copperajah, L86, F|100/100\n|turn|1\n|inactive|Battle timer is ON: inactive players will automatically lose when time's up. (requested by p0y260241c1)\n|inactive|Time left: 300 sec this turn | 300 sec total | 60 sec grace\n|inactive|p0x2602613e also wants the timer to be on.\n|\n|t:|1783570045\n|switch|p1a: Scrafty|Scrafty, L83, F|244/244\n|-ability|p1a: Scrafty|Intimidate|boost\n|-unboost|p2a: Copperajah|atk|1\n|move|p2a: Copperajah|Heavy Slam|p1a: Scrafty\n|-damage|p1a: Scrafty|96/244\n|\n|-heal|p1a: Scrafty|111/244|[from] item: Leftovers\n|upkeep\n|turn|2\n|inactive|Time left: 300 sec this turn | 300 sec total\n|\n|t:|1783570046\n|move|p1a: Scrafty|Drain Punch|p2a: Copperajah\n|-supereffective|p2a: Copperajah\n|-damage|p2a: Copperajah|54/100\n|-heal|p1a: Scrafty|193/244|[from] drain|[of] p2a: Copperajah\n|move|p2a: Copperajah|Heavy Slam|p1a: Scrafty\n|-damage|p1a: Scrafty|60/244\n|\n|-heal|p1a: Scrafty|75/244|[from] item: Leftovers\n|upkeep\n|turn|3\n|inactive|Time left: 300 sec this turn | 300 sec total\n|\n|t:|1783570047\n|move|p1a: Scrafty|Drain Punch|p2a: Copperajah\n|-supereffective|p2a: Copperajah\n|-damage|p2a: Copperajah|8/100\n|-heal|p1a: Scrafty|154/244|[from] drain|[of] p2a: Copperajah\n|move|p2a: Copperajah|Heavy Slam|p1a: Scrafty\n|-damage|p1a: Scrafty|24/244\n|\n|-heal|p1a: Scrafty|39/244|[from] item: Leftovers\n|upkeep\n|turn|4\n|inactive|Time left: 300 sec this turn | 300 sec total\n|\n|t:|1783570049\n|switch|p2a: Ariados|Ariados, L95, F|100/100\n|move|p1a: Scrafty|Knock Off|p2a: Ariados\n|-damage|p2a: Ariados|66/100\n|-enditem|p2a: Ariados|Heavy-Duty Boots|[from] move: Knock Off|[of] p1a: Scrafty\n|\n|-heal|p1a: Scrafty|54/244|[from] item: Leftovers\n|upkeep\n|turn|5\n|inactive|Time left: 300 sec this turn | 300 sec total\n|\n|t:|1783570050\n|switch|p1a: Espeon|Espeon, L84, M|246/246\n|move|p2a: Ariados|Sticky Web|p1a: Espeon\n|move|p1a: Espeon|Sticky Web|p2a: Ariados|[from] ability: Magic Bounce\n|-sidestart|p2: p0y260241c1|move: Sticky Web\n|\n|upkeep\n|turn|6\n|inactive|Time left: 300 sec this turn | 300 sec total\n|\n|t:|1783570051\n|move|p1a: Espeon|Psyshock|p2a: Ariados\n|-supereffective|p2a: Ariados\n|-damage|p2a: Ariados|0 fnt\n|faint|p2a: Ariados\n|-damage|p1a: Espeon|222/246|[from] item: Life Orb\n|\n|upkeep\n|\n|t:|1783570052\n|switch|p2a: Sandslash|Sandslash-Alola, L88, M|100/100\n|-activate|p2a: Sandslash|move: Sticky Web\n|-unboost|p2a: Sandslash|spe|1\n|turn|7\n|inactive|Time left: 300 sec this turn | 300 sec total\n|\n|t:|1783570053\n|switch|p1a: Scrafty|Scrafty, L83, F|54/244\n|-ability|p1a: Scrafty|Intimidate|boost\n|-unboost|p2a: Sandslash|atk|1\n|move|p2a: Sandslash|Rapid Spin|p1a: Scrafty\n|-damage|p1a: Scrafty|31/244\n|-boost|p2a: Sandslash|spe|1\n|-sideend|p2: p0y260241c1|Sticky Web|[from] move: Rapid Spin|[of] p2a: Sandslash\n|\n|-heal|p1a: Scrafty|46/244|[from] item: Leftovers\n|upkeep\n|turn|8\n|inactive|Time left: 300 sec this turn | 300 sec total\n|\n|t:|1783570054\n|switch|p1a: Chesnaught|Chesnaught, L84, F|285/285\n|move|p2a: Sandslash|Iron Head|p1a: Chesnaught\n|-crit|p1a: Chesnaught\n|-damage|p1a: Chesnaught|183/285\n|-damage|p2a: Sandslash|84/100|[from] item: Rocky Helmet|[of] p1a: Chesnaught\n|\n|upkeep\n|turn|9\n|inactive|Time left: 300 sec this turn | 300 sec total\n|\n|t:|1783570056\n|switch|p2a: Toxapex|Toxapex, L82, F|100/100\n|move|p1a: Chesnaught|Body Press|p2a: Toxapex\n|-resisted|p2a: Toxapex\n|-damage|p2a: Toxapex|86/100\n|\n|-heal|p2a: Toxapex|92/100|[from] item: Leftovers\n|upkeep\n|turn|10\n|inactive|Time left: 300 sec this turn | 300 sec total\n|\n|t:|1783570057\n|move|p1a: Chesnaught|Synthesis|p1a: Chesnaught\n|-heal|p1a: Chesnaught|285/285\n|move|p2a: Toxapex|Toxic Spikes|p1a: Chesnaught\n|-sidestart|p1: p0x2602613e|move: Toxic Spikes\n|\n|-heal|p2a: Toxapex|98/100|[from] item: Leftovers\n|upkeep\n|turn|11\n|inactive|Time left: 300 sec this turn | 300 sec total\n|\n|t:|1783570057\n|move|p1a: Chesnaught|Knock Off|p2a: Toxapex\n|-damage|p2a: Toxapex|74/100\n|-enditem|p2a: Toxapex|Leftovers|[from] move: Knock Off|[of] p1a: Chesnaught\n|move|p2a: Toxapex|Toxic Spikes|p1a: Chesnaught\n|-sidestart|p1: p0x2602613e|move: Toxic Spikes\n|\n|upkeep\n|turn|12\n|inactive|Time left: 300 sec this turn | 300 sec total\n|\n|t:|1783570059\n|switch|p1a: Vileplume|Vileplume, L85, M|266/266\n|-sideend|p1: p0x2602613e|move: Toxic Spikes|[of] p1a: Vileplume\n|move|p2a: Toxapex|Recover|p2a: Toxapex\n|-heal|p2a: Toxapex|100/100\n|\n|upkeep\n|turn|13\n|inactive|Time left: 300 sec this turn | 300 sec total\n|\n|t:|1783570059\n|move|p1a: Vileplume|Leech Seed|p2a: Toxapex\n|-start|p2a: Toxapex|move: Leech Seed\n|move|p2a: Toxapex|Toxic Spikes|p1a: Vileplume\n|-sidestart|p1: p0x2602613e|move: Toxic Spikes\n|\n|-damage|p2a: Toxapex|88/100|[from] Leech Seed|[of] p1a: Vileplume\n|upkeep\n|turn|14\n|inactive|Time left: 300 sec this turn | 300 sec total\n|\n|t:|1783570060\n|switch|p2a: Sandslash|Sandslash-Alola, L88, M|84/100\n|move|p1a: Vileplume|Giga Drain|p2a: Sandslash\n|-resisted|p2a: Sandslash\n|-damage|p2a: Sandslash|71/100\n|\n|upkeep\n|turn|15\n|inactive|Time left: 300 sec this turn | 300 sec total\n|\n|t:|1783570061\n|move|p2a: Sandslash|Triple Axel|p1a: Vileplume\n|-supereffective|p1a: Vileplume\n|-damage|p1a: Vileplume|218/266\n|-status|p2a: Sandslash|par|[from] ability: Effect Spore|[of] p1a: Vileplume\n|-supereffective|p1a: Vileplume\n|-damage|p1a: Vileplume|110/266\n|-supereffective|p1a: Vileplume\n|-damage|p1a: Vileplume|0 fnt\n|faint|p1a: Vileplume\n|-hitcount|p1: Vileplume|3\n|\n|upkeep\n|inactive|Time left: 300 sec this turn | 300 sec total | 5 sec grace\n|\n|t:|1783570062\n|switch|p1a: Clefable|Clefable, L83, M|293/293\n|-status|p1a: Clefable|psn\n|turn|16\n|inactive|Time left: 300 sec this turn | 300 sec total\n|\n|t:|1783570063\n|move|p1a: Clefable|Fire Blast|p2a: Sandslash|[miss]\n|-miss|p1a: Clefable|p2a: Sandslash\n|move|p2a: Sandslash|Iron Head|p1a: Clefable\n|-supereffective|p1a: Clefable\n|-damage|p1a: Clefable|89/293 psn\n|\n|upkeep\n|turn|17\n|inactive|Time left: 300 sec this turn | 300 sec total\n|\n|t:|1783570065\n|move|p1a: Clefable|Fire Blast|p2a: Sandslash|[miss]\n|-miss|p1a: Clefable|p2a: Sandslash\n|move|p2a: Sandslash|Iron Head|p1a: Clefable\n|-supereffective|p1a: Clefable\n|-damage|p1a: Clefable|0 fnt\n|faint|p1a: Clefable\n|\n|upkeep\n|inactive|Time left: 300 sec this turn | 300 sec total | 5 sec grace\n|\n|t:|1783570066\n|switch|p1a: Scrafty|Scrafty, L83, F|46/244\n|-status|p1a: Scrafty|psn\n|-ability|p1a: Scrafty|Intimidate|boost\n|-unboost|p2a: Sandslash|atk|1\n|turn|18\n|inactive|Time left: 300 sec this turn | 300 sec total\n|\n|t:|1783570067\n|switch|p2a: Toxapex|Toxapex, L82, F|100/100\n|move|p1a: Scrafty|Drain Punch|p2a: Toxapex\n|-resisted|p2a: Toxapex\n|-damage|p2a: Toxapex|89/100\n|-heal|p1a: Scrafty|59/244 psn|[from] drain|[of] p2a: Toxapex\n|\n|-heal|p1a: Scrafty|74/244 psn|[from] item: Leftovers\n|-damage|p1a: Scrafty|44/244 psn|[from] psn\n|upkeep\n|turn|19\n|inactive|Time left: 300 sec this turn | 300 sec total\n|\n|t:|1783570068\n|move|p1a: Scrafty|Drain Punch|p2a: Toxapex\n|-resisted|p2a: Toxapex\n|-damage|p2a: Toxapex|78/100\n|-heal|p1a: Scrafty|56/244 psn|[from] drain|[of] p2a: Toxapex\n|move|p2a: Toxapex|Liquidation|p1a: Scrafty\n|-damage|p1a: Scrafty|7/244 psn\n|\n|-heal|p1a: Scrafty|22/244 psn|[from] item: Leftovers\n|-damage|p1a: Scrafty|0 fnt|[from] psn\n|faint|p1a: Scrafty\n|upkeep\n|inactive|Time left: 300 sec this turn | 300 sec total | 5 sec grace\n|\n|t:|1783570069\n|switch|p1a: Chesnaught|Chesnaught, L84, F|285/285\n|-status|p1a: Chesnaught|psn\n|turn|20\n|inactive|Time left: 300 sec this turn | 300 sec total\n|\n|t:|1783570070\n|move|p1a: Chesnaught|Wood Hammer|p2a: Toxapex\n|-damage|p2a: Toxapex|35/100\n|-damage|p1a: Chesnaught|254/285 psn|[from] Recoil\n|move|p2a: Toxapex|Recover|p2a: Toxapex\n|-heal|p2a: Toxapex|85/100\n|\n|-damage|p1a: Chesnaught|219/285 psn|[from] psn\n|upkeep\n|turn|21\n|inactive|Time left: 300 sec this turn | 300 sec total\n|\n|t:|1783570071\n|move|p1a: Chesnaught|Synthesis|p1a: Chesnaught\n|-heal|p1a: Chesnaught|285/285 psn\n|move|p2a: Toxapex|Toxic Spikes|p1a: Chesnaught\n|-sidestart|p1: p0x2602613e|move: Toxic Spikes\n|\n|-damage|p1a: Chesnaught|250/285 psn|[from] psn\n|upkeep\n|turn|22\n|inactive|Time left: 300 sec this turn | 300 sec total\n|\n|t:|1783570072\n|move|p1a: Chesnaught|Wood Hammer|p2a: Toxapex\n|-damage|p2a: Toxapex|46/100\n|-damage|p1a: Chesnaught|222/285 psn|[from] Recoil\n|move|p2a: Toxapex|Recover|p2a: Toxapex\n|-heal|p2a: Toxapex|96/100\n|\n|-damage|p1a: Chesnaught|187/285 psn|[from] psn\n|upkeep\n|turn|23\n|inactive|Time left: 300 sec this turn | 300 sec total\n|\n|t:|1783570073\n|move|p1a: Chesnaught|Synthesis|p1a: Chesnaught\n|-heal|p1a: Chesnaught|285/285 psn\n|move|p2a: Toxapex|Recover|p2a: Toxapex\n|-heal|p2a: Toxapex|100/100\n|\n|-damage|p1a: Chesnaught|250/285 psn|[from] psn\n|upkeep\n|turn|24\n|inactive|Time left: 300 sec this turn | 300 sec total\n|\n|t:|1783570074\n|move|p1a: Chesnaught|Knock Off|p2a: Toxapex\n|-damage|p2a: Toxapex|85/100\n|move|p2a: Toxapex|Recover|p2a: Toxapex\n|-heal|p2a: Toxapex|100/100\n|\n|-damage|p1a: Chesnaught|215/285 psn|[from] psn\n|upkeep\n|turn|25\n|inactive|Time left: 300 sec this turn | 300 sec total\n|\n|t:|1783570075\n|move|p1a: Chesnaught|Wood Hammer|p2a: Toxapex\n|-damage|p2a: Toxapex|57/100\n|-damage|p1a: Chesnaught|184/285 psn|[from] Recoil\n|move|p2a: Toxapex|Recover|p2a: Toxapex\n|-heal|p2a: Toxapex|100/100\n|\n|-damage|p1a: Chesnaught|149/285 psn|[from] psn\n|upkeep\n|turn|26\n|inactive|Time left: 300 sec this turn | 300 sec total\n|\n|t:|1783570077\n|switch|p2a: Scrafty|Scrafty, L83, F|100/100\n|move|p1a: Chesnaught|Synthesis|p1a: Chesnaught\n|-heal|p1a: Chesnaught|285/285 psn\n|\n|-damage|p1a: Chesnaught|250/285 psn|[from] psn\n|upkeep\n|turn|27\n|inactive|Time left: 300 sec this turn | 300 sec total\n|\n|t:|1783570078\n|move|p1a: Chesnaught|Body Press|p2a: Scrafty\n|-supereffective|p2a: Scrafty\n|-damage|p2a: Scrafty|34/100\n|move|p2a: Scrafty|Bulk Up|p2a: Scrafty\n|-boost|p2a: Scrafty|atk|1\n|-boost|p2a: Scrafty|def|1\n|\n|-heal|p2a: Scrafty|40/100|[from] item: Leftovers\n|-damage|p1a: Chesnaught|215/285 psn|[from] psn\n|upkeep\n|turn|28\n|inactive|Time left: 300 sec this turn | 300 sec total\n|\n|t:|1783570079\n|-terastallize|p2a: Scrafty|Poison\n|move|p1a: Chesnaught|Body Press|p2a: Scrafty\n|-resisted|p2a: Scrafty\n|-damage|p2a: Scrafty|29/100\n|move|p2a: Scrafty|Rest|p2a: Scrafty\n|-status|p2a: Scrafty|slp|[from] move: Rest\n|-heal|p2a: Scrafty|100/100 slp|[silent]\n|\n|-damage|p1a: Chesnaught|180/285 psn|[from] psn\n|upkeep\n|turn|29\n|inactive|Time left: 300 sec this turn | 300 sec total\n|\n|t:|1783570080\n|move|p1a: Chesnaught|Synthesis|p1a: Chesnaught\n|-heal|p1a: Chesnaught|285/285 psn\n|cant|p2a: Scrafty|slp\n|\n|-activate|p2a: Scrafty|ability: Shed Skin\n|-curestatus|p2a: Scrafty|slp|[msg]\n|-damage|p1a: Chesnaught|250/285 psn|[from] psn\n|upkeep\n|turn|30\n|inactive|Time left: 300 sec this turn | 300 sec total\n|\n|t:|1783570081\n|move|p1a: Chesnaught|Knock Off|p2a: Scrafty\n|-damage|p2a: Scrafty|83/100\n|-enditem|p2a: Scrafty|Leftovers|[from] move: Knock Off|[of] p1a: Chesnaught\n|move|p2a: Scrafty|Bulk Up|p2a: Scrafty\n|-boost|p2a: Scrafty|atk|1\n|-boost|p2a: Scrafty|def|1\n|\n|-damage|p1a: Chesnaught|215/285 psn|[from] psn\n|upkeep\n|turn|31\n|inactive|Time left: 300 sec this turn | 300 sec total\n|\n|t:|1783570082\n|move|p1a: Chesnaught|Synthesis|p1a: Chesnaught\n|-heal|p1a: Chesnaught|285/285 psn\n|move|p2a: Scrafty|Knock Off|p1a: Chesnaught\n|-resisted|p1a: Chesnaught\n|-damage|p1a: Chesnaught|207/285 psn\n|-damage|p2a: Scrafty|66/100|[from] item: Rocky Helmet|[of] p1a: Chesnaught\n|-enditem|p1a: Chesnaught|Rocky Helmet|[from] move: Knock Off|[of] p2a: Scrafty\n|\n|-damage|p1a: Chesnaught|172/285 psn|[from] psn\n|upkeep\n|turn|32\n|inactive|Time left: 300 sec this turn | 300 sec total\n|\n|t:|1783570083\n|move|p1a: Chesnaught|Synthesis|p1a: Chesnaught\n|-heal|p1a: Chesnaught|285/285 psn\n|move|p2a: Scrafty|Drain Punch|p1a: Chesnaught\n|-damage|p1a: Chesnaught|173/285 psn\n|-heal|p2a: Scrafty|89/100|[from] drain|[of] p1a: Chesnaught\n|\n|-damage|p1a: Chesnaught|138/285 psn|[from] psn\n|upkeep\n|turn|33\n|inactive|Time left: 300 sec this turn | 300 sec total\n|\n|t:|1783570084\n|move|p1a: Chesnaught|Synthesis|p1a: Chesnaught\n|-heal|p1a: Chesnaught|280/285 psn\n|move|p2a: Scrafty|Drain Punch|p1a: Chesnaught\n|-damage|p1a: Chesnaught|168/285 psn\n|-heal|p2a: Scrafty|100/100|[from] drain|[of] p1a: Chesnaught\n|\n|-damage|p1a: Chesnaught|133/285 psn|[from] psn\n|upkeep\n|turn|34\n|inactive|Time left: 300 sec this turn | 300 sec total\n|\n|t:|1783570086\n|switch|p1a: Luvdisc|Luvdisc, F|247/247\n|move|p2a: Scrafty|Drain Punch|p1a: Luvdisc\n|-damage|p1a: Luvdisc|64/247\n|\n|upkeep\n|turn|35\n|inactive|Time left: 300 sec this turn | 300 sec total\n|\n|t:|1783570087\n|move|p1a: Luvdisc|Endeavor|p2a: Scrafty\n|-damage|p2a: Scrafty|27/100\n|move|p2a: Scrafty|Rest|p2a: Scrafty\n|-status|p2a: Scrafty|slp|[from] move: Rest\n|-heal|p2a: Scrafty|100/100 slp|[silent]\n|\n|-activate|p2a: Scrafty|ability: Shed Skin\n|-curestatus|p2a: Scrafty|slp|[msg]\n|upkeep\n|turn|36\n|inactive|Time left: 300 sec this turn | 300 sec total\n|\n|t:|1783570088\n|move|p1a: Luvdisc|Endeavor|p2a: Scrafty\n|-damage|p2a: Scrafty|27/100\n|move|p2a: Scrafty|Rest|p2a: Scrafty\n|-status|p2a: Scrafty|slp|[from] move: Rest\n|-heal|p2a: Scrafty|100/100 slp|[silent]\n|\n|upkeep\n|turn|37\n|inactive|Time left: 300 sec this turn | 300 sec total\n|\n|t:|1783570089\n|move|p1a: Luvdisc|Endeavor|p2a: Scrafty\n|-damage|p2a: Scrafty|27/100 slp\n|cant|p2a: Scrafty|slp\n|\n|upkeep\n|turn|38\n|inactive|Time left: 300 sec this turn | 300 sec total\n|\n|t:|1783570090\n|move|p1a: Luvdisc|Surf|p2a: Scrafty\n|-damage|p2a: Scrafty|0 fnt\n|faint|p2a: Scrafty\n|\n|upkeep\n|\n|t:|1783570091\n|switch|p2a: Rayquaza|Rayquaza, L72|100/100\n|-ability|p2a: Rayquaza|Air Lock\n|turn|39\n|inactive|Time left: 300 sec this turn | 300 sec total\n|\n|t:|1783570092\n|move|p2a: Rayquaza|Extreme Speed|p1a: Luvdisc\n|-damage|p1a: Luvdisc|0 fnt\n|faint|p1a: Luvdisc\n|\n|upkeep\n|inactive|Time left: 300 sec this turn | 300 sec total | 5 sec grace\n|\n|t:|1783570093\n|switch|p1a: Espeon|Espeon, L84, M|222/246\n|-status|p1a: Espeon|tox\n|turn|40\n|inactive|Time left: 300 sec this turn | 300 sec total\n|\n|t:|1783570094\n|switch|p2a: Sandslash|Sandslash-Alola, L88, M|71/100 par\n|move|p1a: Espeon|Alluring Voice|p2a: Sandslash\n|-resisted|p2a: Sandslash\n|-damage|p2a: Sandslash|58/100 par\n|-damage|p1a: Espeon|198/246 tox|[from] item: Life Orb\n|\n|-damage|p1a: Espeon|183/246 tox|[from] psn\n|upkeep\n|turn|41\n|inactive|Time left: 300 sec this turn | 300 sec total\n|\n|t:|1783570095\n|move|p1a: Espeon|Shadow Ball|p2a: Sandslash\n|-damage|p2a: Sandslash|33/100 par\n|-damage|p1a: Espeon|159/246 tox|[from] item: Life Orb\n|move|p2a: Sandslash|Triple Axel|p1a: Espeon\n|-damage|p1a: Espeon|125/246 tox\n|-damage|p1a: Espeon|61/246 tox\n|-damage|p1a: Espeon|0 fnt\n|faint|p1a: Espeon\n|-hitcount|p1: Espeon|3\n|\n|upkeep\n|inactive|Time left: 300 sec this turn | 300 sec total | 5 sec grace\n|\n|t:|1783570096\n|switch|p1a: Chesnaught|Chesnaught, L84, F|133/285 psn\n|turn|42\n|inactive|Time left: 300 sec this turn | 300 sec total\n|\n|t:|1783570097\n|switch|p2a: Rayquaza|Rayquaza, L72|100/100\n|-ability|p2a: Rayquaza|Air Lock\n|-terastallize|p1a: Chesnaught|Steel\n|move|p1a: Chesnaught|Knock Off|p2a: Rayquaza\n|-damage|p2a: Rayquaza|69/100\n|-enditem|p2a: Rayquaza|Choice Band|[from] move: Knock Off|[of] p1a: Chesnaught\n|\n|-damage|p1a: Chesnaught|98/285 psn|[from] psn\n|upkeep\n|turn|43\n|inactive|Time left: 300 sec this turn | 300 sec total\n|\n|t:|1783570098\n|move|p2a: Rayquaza|Earthquake|p1a: Chesnaught\n|-supereffective|p1a: Chesnaught\n|-damage|p1a: Chesnaught|0 fnt\n|faint|p1a: Chesnaught\n|\n|win|p0y260241c1", "uploadtime": 1783570098, "views": 0, "rating": 0, "private": 0, "password": null, "_winner": "p0y260241c1", "_our_name": "p0x2602613e"}