{"id": "battle-gen9randombattle-64", "formatid": "gen9randombattle", "format": "[Gen 9] Random Battle", "players": ["p0x064be26", "p0y0644d70"], "log": "|init|battle\n|title|p0x064be26 vs. p0y0644d70\n|j|\u2606p0x064be26\n|j|\u2606p0y0644d70\n|t:|1783534508\n|gametype|singles\n|player|p1|p0x064be26|101|\n|player|p2|p0y0644d70|265|\n|gen|9\n|tier|[Gen 9] Random Battle\n|rule|Species Clause: Limit one of each Pok\u00e9mon\n|rule|HP Percentage Mod: HP is shown in percentages\n|rule|Sleep Clause Mod: Limit one foe put to sleep\n|rule|Illusion Level Mod: Illusion disguises the Pok\u00e9mon's true level\n|\n|t:|1783534508\n|teamsize|p1|6\n|teamsize|p2|6\n|start\n|switch|p1a: Chesnaught|Chesnaught, L84, F|285/285\n|switch|p2a: Manaphy|Manaphy, L78|100/100\n|turn|1\n|inactive|Battle timer is ON: inactive players will automatically lose when time's up. (requested by p0x064be26)\n|inactive|p0y0644d70 also wants the timer to be on.\n|\n|t:|1783534509\n|move|p2a: Manaphy|Tail Glow|p2a: Manaphy\n|-boost|p2a: Manaphy|spa|3\n|move|p1a: Chesnaught|Wood Hammer|p2a: Manaphy\n|-supereffective|p2a: Manaphy\n|-crit|p2a: Manaphy\n|-damage|p2a: Manaphy|0 fnt\n|faint|p2a: Manaphy\n|-damage|p1a: Chesnaught|191/285|[from] Recoil\n|\n|upkeep\n|\n|t:|1783534510\n|switch|p2a: Squawkabilly|Squawkabilly-Blue, L85, F|100/100\n|turn|2\n|inactive|Time left: 300 sec this turn | 300 sec total\n|\n|t:|1783534511\n|-terastallize|p1a: Chesnaught|Steel\n|move|p2a: Squawkabilly|Brave Bird|p1a: Chesnaught\n|-resisted|p1a: Chesnaught\n|-damage|p1a: Chesnaught|142/285\n|-damage|p2a: Squawkabilly|84/100|[from] item: Rocky Helmet|[of] p1a: Chesnaught\n|-damage|p2a: Squawkabilly|78/100|[from] Recoil\n|move|p1a: Chesnaught|Body Press|p2a: Squawkabilly\n|-damage|p2a: Squawkabilly|28/100\n|\n|-status|p2a: Squawkabilly|brn|[from] item: Flame Orb\n|upkeep\n|turn|3\n|inactive|Time left: 300 sec this turn | 300 sec total\n|\n|t:|1783534512\n|switch|p2a: Raikou|Raikou, L81|100/100\n|-ability|p2a: Raikou|Pressure\n|move|p1a: Chesnaught|Synthesis|p1a: Chesnaught\n|-heal|p1a: Chesnaught|284/285\n|\n|upkeep\n|turn|4\n|inactive|Time left: 300 sec this turn | 300 sec total\n|\n|t:|1783534513\n|move|p2a: Raikou|Scald|p1a: Chesnaught\n|-damage|p1a: Chesnaught|215/285\n|move|p1a: Chesnaught|Wood Hammer|p2a: Raikou\n|-damage|p2a: Raikou|45/100\n|-damage|p1a: Chesnaught|165/285|[from] Recoil\n|\n|upkeep\n|turn|5\n|inactive|Time left: 300 sec this turn | 300 sec total\n|\n|t:|1783534514\n|move|p2a: Raikou|Thunderbolt|p1a: Chesnaught\n|-damage|p1a: Chesnaught|44/285\n|move|p1a: Chesnaught|Synthesis|p1a: Chesnaught\n|-heal|p1a: Chesnaught|186/285\n|\n|upkeep\n|turn|6\n|inactive|Time left: 300 sec this turn | 300 sec total\n|\n|t:|1783534515\n|move|p2a: Raikou|Thunderbolt|p1a: Chesnaught\n|-damage|p1a: Chesnaught|71/285\n|move|p1a: Chesnaught|Body Press|p2a: Raikou\n|-damage|p2a: Raikou|3/100\n|\n|upkeep\n|turn|7\n|inactive|Time left: 300 sec this turn | 300 sec total\n|\n|t:|1783534516\n|switch|p1a: Ampharos|Ampharos, L88, F|302/302\n|move|p2a: Raikou|Thunderbolt|p1a: Ampharos\n|-resisted|p1a: Ampharos\n|-damage|p1a: Ampharos|270/302\n|\n|upkeep\n|turn|8\n|inactive|Time left: 300 sec this turn | 300 sec total\n|\n|t:|1783534517\n|move|p2a: Raikou|Scald|p1a: Ampharos\n|-damage|p1a: Ampharos|230/302\n|move|p1a: Ampharos|Discharge|p2a: Raikou\n|-resisted|p2a: Raikou\n|-damage|p2a: Raikou|0 fnt\n|faint|p2a: Raikou\n|\n|upkeep\n|\n|t:|1783534518\n|switch|p2a: Leafeon|Leafeon, L88, F|100/100\n|turn|9\n|inactive|Time left: 300 sec this turn | 300 sec total\n|\n|t:|1783534519\n|move|p2a: Leafeon|Swords Dance|p2a: Leafeon\n|-boost|p2a: Leafeon|atk|2\n|move|p1a: Ampharos|Dragon Tail|p2a: Leafeon\n|-damage|p2a: Leafeon|91/100\n|drag|p2a: Greninja|Greninja, L80, M|100/100\n|\n|upkeep\n|turn|10\n|inactive|Time left: 300 sec this turn | 300 sec total\n|\n|t:|1783534520\n|move|p2a: Greninja|Gunk Shot|p1a: Ampharos\n|-start|p2a: Greninja|typechange|Poison|[from] ability: Protean\n|-damage|p1a: Ampharos|88/302\n|-damage|p2a: Greninja|91/100|[from] item: Life Orb\n|move|p1a: Ampharos|Discharge|p2a: Greninja\n|-damage|p2a: Greninja|35/100\n|-status|p2a: Greninja|par\n|\n|upkeep\n|turn|11\n|inactive|Time left: 300 sec this turn | 300 sec total\n|\n|t:|1783534521\n|switch|p2a: Leafeon|Leafeon, L88, F|91/100\n|move|p1a: Ampharos|Volt Switch|p2a: Leafeon\n|-resisted|p2a: Leafeon\n|-damage|p2a: Leafeon|71/100\n|inactive|Time left: 300 sec this turn | 300 sec total | 5 sec grace\n|\n|t:|1783534522\n|switch|p1a: Stonjourner|Stonjourner, L91, F|330/330|[from] Volt Switch\n|\n|-heal|p2a: Leafeon|77/100|[from] item: Leftovers\n|upkeep\n|turn|12\n|inactive|Time left: 300 sec this turn | 300 sec total\n|\n|t:|1783534523\n|move|p2a: Leafeon|Substitute|p2a: Leafeon\n|-start|p2a: Leafeon|Substitute\n|-damage|p2a: Leafeon|52/100\n|move|p1a: Stonjourner|Heat Crash|p2a: Leafeon\n|-supereffective|p2a: Leafeon\n|-end|p2a: Leafeon|Substitute\n|-damage|p1a: Stonjourner|297/330|[from] item: Life Orb\n|\n|-heal|p2a: Leafeon|58/100|[from] item: Leftovers\n|upkeep\n|turn|13\n|inactive|Time left: 300 sec this turn | 300 sec total\n|\n|t:|1783534523\n|-terastallize|p2a: Leafeon|Normal\n|move|p2a: Leafeon|Swords Dance|p2a: Leafeon\n|-boost|p2a: Leafeon|atk|2\n|move|p1a: Stonjourner|Heat Crash|p2a: Leafeon\n|-damage|p2a: Leafeon|15/100\n|-damage|p1a: Stonjourner|264/330|[from] item: Life Orb\n|\n|-heal|p2a: Leafeon|21/100|[from] item: Leftovers\n|upkeep\n|turn|14\n|inactive|Time left: 300 sec this turn | 300 sec total\n|\n|t:|1783534525\n|switch|p1a: Chesnaught|Chesnaught, L84, F, tera:Steel|71/285\n|move|p2a: Leafeon|Leaf Blade|p1a: Chesnaught\n|-resisted|p1a: Chesnaught\n|-damage|p1a: Chesnaught|0 fnt\n|-damage|p2a: Leafeon|4/100|[from] item: Rocky Helmet|[of] p1a: Chesnaught\n|faint|p1a: Chesnaught\n|\n|-heal|p2a: Leafeon|11/100|[from] item: Leftovers\n|upkeep\n|inactive|Time left: 300 sec this turn | 300 sec total | 5 sec grace\n|\n|t:|1783534526\n|switch|p1a: Meganium|Meganium, L90, F|290/290\n|turn|15\n|inactive|Time left: 300 sec this turn | 300 sec total\n|\n|t:|1783534527\n|move|p2a: Leafeon|Double-Edge|p1a: Meganium\n|-damage|p1a: Meganium|16/290\n|-damage|p2a: Leafeon|0 fnt|[from] Recoil\n|faint|p2a: Leafeon\n|move|p1a: Meganium|Knock Off|p2: Leafeon|[notarget]\n|-fail|p1a: Meganium\n|\n|-heal|p1a: Meganium|34/290|[from] item: Leftovers\n|upkeep\n|\n|t:|1783534528\n|switch|p2a: Mabosstiff|Mabosstiff, L86, F|100/100\n|turn|16\n|inactive|Time left: 300 sec this turn | 300 sec total\n|\n|t:|1783534529\n|switch|p1a: Stonjourner|Stonjourner, L91, F|264/330\n|move|p2a: Mabosstiff|Crunch|p1a: Stonjourner\n|-damage|p1a: Stonjourner|120/330\n|\n|upkeep\n|turn|17\n|inactive|Time left: 300 sec this turn | 300 sec total\n|\n|t:|1783534530\n|move|p2a: Mabosstiff|Crunch|p1a: Stonjourner\n|-damage|p1a: Stonjourner|45/330\n|move|p1a: Stonjourner|Stone Edge|p2a: Mabosstiff\n|-damage|p2a: Mabosstiff|29/100\n|-damage|p1a: Stonjourner|12/330|[from] item: Life Orb\n|\n|upkeep\n|turn|18\n|inactive|Time left: 300 sec this turn | 300 sec total\n|\n|t:|1783534531\n|move|p2a: Mabosstiff|Crunch|p1a: Stonjourner\n|-damage|p1a: Stonjourner|0 fnt\n|faint|p1a: Stonjourner\n|\n|upkeep\n|inactive|Time left: 300 sec this turn | 300 sec total | 5 sec grace\n|\n|t:|1783534532\n|switch|p1a: Quagsire|Quagsire, L84, M|297/297\n|turn|19\n|inactive|Time left: 300 sec this turn | 300 sec total\n|\n|t:|1783534533\n|move|p2a: Mabosstiff|Crunch|p1a: Quagsire\n|-damage|p1a: Quagsire|182/297\n|move|p1a: Quagsire|Earthquake|p2a: Mabosstiff\n|-damage|p2a: Mabosstiff|0 fnt\n|faint|p2a: Mabosstiff\n|\n|-heal|p1a: Quagsire|200/297|[from] item: Leftovers\n|upkeep\n|\n|t:|1783534534\n|switch|p2a: Squawkabilly|Squawkabilly-Blue, L85, F|28/100 brn\n|turn|20\n|inactive|Time left: 300 sec this turn | 300 sec total\n|\n|t:|1783534535\n|switch|p1a: Meganium|Meganium, L90, F|34/290\n|move|p2a: Squawkabilly|Facade|p1a: Meganium\n|-damage|p1a: Meganium|0 fnt\n|faint|p1a: Meganium\n|\n|-damage|p2a: Squawkabilly|22/100 brn|[from] brn\n|upkeep\n|inactive|Time left: 300 sec this turn | 300 sec total | 5 sec grace\n|\n|t:|1783534535\n|switch|p1a: Snorlax|Snorlax, L82, F|397/397\n|turn|21\n|inactive|Time left: 300 sec this turn | 300 sec total\n|\n|t:|1783534536\n|move|p2a: Squawkabilly|Facade|p1a: Snorlax\n|-damage|p1a: Snorlax|108/397\n|move|p1a: Snorlax|Body Slam|p2a: Squawkabilly\n|-damage|p2a: Squawkabilly|0 fnt\n|faint|p2a: Squawkabilly\n|\n|-heal|p1a: Snorlax|132/397|[from] item: Leftovers\n|upkeep\n|\n|t:|1783534537\n|switch|p2a: Greninja|Greninja, L80, M|35/100 par\n|turn|22\n|inactive|Time left: 300 sec this turn | 300 sec total\n|\n|t:|1783534538\n|cant|p2a: Greninja|par\n|move|p1a: Snorlax|Body Slam|p2a: Greninja\n|-damage|p2a: Greninja|0 fnt\n|faint|p2a: Greninja\n|\n|win|p0x064be26", "uploadtime": 1783534538, "views": 0, "rating": 0, "private": 0, "password": null, "_winner": "p0x064be26", "_our_name": "p0x064be26"}