{"id": "battle-gen9randombattle-1270", "formatid": "gen9randombattle", "format": "[Gen 9] Random Battle", "players": ["p0x12705e2e", "p0y12705e08"], "log": "|init|battle\n|title|p0x12705e2e vs. p0y12705e08\n|j|\u2606p0x12705e2e\n|j|\u2606p0y12705e08\n|t:|1783553846\n|gametype|singles\n|player|p1|p0x12705e2e|265|\n|player|p2|p0y12705e08|101|\n|gen|9\n|tier|[Gen 9] Random Battle\n|rule|Species Clause: Limit one of each Pok\u00e9mon\n|rule|HP Percentage Mod: HP is shown in percentages\n|rule|Sleep Clause Mod: Limit one foe put to sleep\n|rule|Illusion Level Mod: Illusion disguises the Pok\u00e9mon's true level\n|\n|t:|1783553846\n|teamsize|p1|6\n|teamsize|p2|6\n|start\n|switch|p1a: Manaphy|Manaphy, L78|284/284\n|switch|p2a: Slither Wing|Slither Wing, L81|100/100\n|turn|1\n|inactive|Battle timer is ON: inactive players will automatically lose when time's up. (requested by p0y12705e08)\n|inactive|Time left: 300 sec this turn | 300 sec total | 60 sec grace\n|inactive|p0x12705e2e also wants the timer to be on.\n|\n|t:|1783553848\n|move|p1a: Manaphy|Tail Glow|p1a: Manaphy\n|-boost|p1a: Manaphy|spa|3\n|move|p2a: Slither Wing|U-turn|p1a: Manaphy\n|-damage|p1a: Manaphy|190/284\n|\n|t:|1783553849\n|-end|p2a: Slither Wing|Protosynthesis|[silent]\n|switch|p2a: Delibird|Delibird, M|100/100|[from] U-turn\n|\n|-heal|p1a: Manaphy|207/284|[from] item: Leftovers\n|upkeep\n|turn|2\n|inactive|Time left: 300 sec this turn | 300 sec total\n|\n|t:|1783553851\n|move|p2a: Delibird|Freeze-Dry|p1a: Manaphy\n|-supereffective|p1a: Manaphy\n|-damage|p1a: Manaphy|67/284\n|move|p1a: Manaphy|Hydro Pump|p2a: Delibird|[miss]\n|-miss|p1a: Manaphy|p2a: Delibird\n|\n|-heal|p1a: Manaphy|84/284|[from] item: Leftovers\n|upkeep\n|turn|3\n|inactive|Time left: 300 sec this turn | 300 sec total\n|\n|t:|1783553852\n|move|p2a: Delibird|Freeze-Dry|p1a: Manaphy\n|-supereffective|p1a: Manaphy\n|-damage|p1a: Manaphy|0 fnt\n|faint|p1a: Manaphy\n|\n|upkeep\n|inactive|Time left: 300 sec this turn | 300 sec total | 5 sec grace\n|\n|t:|1783553853\n|switch|p1a: Pecharunt|Pecharunt, L77|262/262\n|turn|4\n|inactive|Time left: 300 sec this turn | 300 sec total\n|\n|t:|1783553854\n|move|p2a: Delibird|Freeze-Dry|p1a: Pecharunt\n|-damage|p1a: Pecharunt|181/262\n|move|p1a: Pecharunt|Malignant Chain|p2a: Delibird\n|-crit|p2a: Delibird\n|-damage|p2a: Delibird|36/100\n|-status|p2a: Delibird|tox\n|-start|p2a: Delibird|confusion|[from] ability: Poison Puppeteer|[of] p1a: Pecharunt\n|\n|-heal|p1a: Pecharunt|197/262|[from] item: Leftovers\n|-damage|p2a: Delibird|30/100 tox|[from] psn\n|upkeep\n|turn|5\n|inactive|Time left: 300 sec this turn | 300 sec total\n|\n|t:|1783553855\n|switch|p2a: Beartic|Beartic, L91, M|100/100\n|move|p1a: Pecharunt|Malignant Chain|p2a: Beartic\n|-damage|p2a: Beartic|75/100\n|-status|p2a: Beartic|tox\n|-start|p2a: Beartic|confusion|[from] ability: Poison Puppeteer|[of] p1a: Pecharunt\n|\n|-heal|p1a: Pecharunt|213/262|[from] item: Leftovers\n|-damage|p2a: Beartic|69/100 tox|[from] psn\n|upkeep\n|turn|6\n|inactive|Time left: 300 sec this turn | 300 sec total\n|\n|t:|1783553856\n|switch|p2a: Greedent|Greedent, L86, M|100/100\n|move|p1a: Pecharunt|Malignant Chain|p2a: Greedent\n|-damage|p2a: Greedent|75/100\n|\n|-heal|p1a: Pecharunt|229/262|[from] item: Leftovers\n|upkeep\n|turn|7\n|inactive|Time left: 300 sec this turn | 300 sec total\n|\n|t:|1783553857\n|move|p1a: Pecharunt|Parting Shot|p2a: Greedent\n|-unboost|p2a: Greedent|atk|1\n|-unboost|p2a: Greedent|spa|1\n|inactive|Time left: 300 sec this turn | 300 sec total | 5 sec grace\n|\n|t:|1783553858\n|switch|p1a: Leafeon|Leafeon, L88, F|258/258|[from] Parting Shot\n|move|p2a: Greedent|Swords Dance|p2a: Greedent\n|-boost|p2a: Greedent|atk|2\n|\n|upkeep\n|turn|8\n|inactive|Time left: 300 sec this turn | 300 sec total\n|\n|t:|1783553859\n|move|p1a: Leafeon|Swords Dance|p1a: Leafeon\n|-boost|p1a: Leafeon|atk|2\n|move|p2a: Greedent|Double-Edge|p1a: Leafeon\n|-damage|p1a: Leafeon|110/258\n|-damage|p2a: Greedent|61/100|[from] Recoil\n|\n|-heal|p1a: Leafeon|126/258|[from] item: Leftovers\n|upkeep\n|turn|9\n|inactive|Time left: 300 sec this turn | 300 sec total\n|\n|t:|1783553860\n|move|p1a: Leafeon|Leaf Blade|p2a: Greedent\n|-damage|p2a: Greedent|0 fnt\n|faint|p2a: Greedent\n|\n|-heal|p1a: Leafeon|142/258|[from] item: Leftovers\n|upkeep\n|\n|t:|1783553861\n|switch|p2a: Slither Wing|Slither Wing, L81|100/100\n|turn|10\n|inactive|Time left: 300 sec this turn | 300 sec total\n|\n|t:|1783553862\n|move|p1a: Leafeon|Leaf Blade|p2a: Slither Wing\n|-resisted|p2a: Slither Wing\n|-damage|p2a: Slither Wing|55/100\n|move|p2a: Slither Wing|U-turn|p1a: Leafeon\n|-supereffective|p1a: Leafeon\n|-damage|p1a: Leafeon|26/258\n|\n|t:|1783553864\n|-end|p2a: Slither Wing|Protosynthesis|[silent]\n|switch|p2a: Basculin|Basculin, L86, F|100/100|[from] U-turn\n|\n|-heal|p1a: Leafeon|42/258|[from] item: Leftovers\n|upkeep\n|turn|11\n|inactive|Time left: 300 sec this turn | 300 sec total\n|\n|t:|1783553865\n|switch|p1a: Pecharunt|Pecharunt, L77|229/262\n|move|p2a: Basculin|Wave Crash|p1a: Pecharunt\n|-damage|p1a: Pecharunt|47/262\n|-damage|p2a: Basculin|78/100|[from] Recoil\n|\n|-heal|p1a: Pecharunt|63/262|[from] item: Leftovers\n|upkeep\n|turn|12\n|inactive|Time left: 300 sec this turn | 300 sec total\n|\n|t:|1783553866\n|switch|p1a: Swanna|Swanna, L89, M|278/278\n|move|p2a: Basculin|Wave Crash|p1a: Swanna\n|-resisted|p1a: Swanna\n|-damage|p1a: Swanna|134/278\n|-damage|p2a: Basculin|59/100|[from] Recoil\n|\n|upkeep\n|turn|13\n|inactive|Time left: 300 sec this turn | 300 sec total\n|\n|t:|1783553867\n|switch|p2a: Veluza|Veluza, L85, F|100/100\n|move|p1a: Swanna|Brave Bird|p2a: Veluza\n|-damage|p2a: Veluza|49/100\n|-enditem|p2a: Veluza|Sitrus Berry|[eat]\n|-heal|p2a: Veluza|74/100|[from] item: Sitrus Berry\n|-damage|p1a: Swanna|84/278|[from] Recoil\n|\n|upkeep\n|turn|14\n|inactive|Time left: 300 sec this turn | 300 sec total\n|\n|t:|1783553868\n|move|p1a: Swanna|Brave Bird|p2a: Veluza\n|-damage|p2a: Veluza|26/100\n|-damage|p1a: Swanna|37/278|[from] Recoil\n|move|p2a: Veluza|Psycho Cut|p1a: Swanna\n|-damage|p1a: Swanna|0 fnt\n|faint|p1a: Swanna\n|\n|upkeep\n|inactive|Time left: 300 sec this turn | 300 sec total | 5 sec grace\n|\n|t:|1783553869\n|switch|p1a: Pecharunt|Pecharunt, L77|63/262\n|turn|15\n|inactive|Time left: 300 sec this turn | 300 sec total\n|\n|t:|1783553870\n|move|p1a: Pecharunt|Recover|p1a: Pecharunt\n|-heal|p1a: Pecharunt|194/262\n|move|p2a: Veluza|Psycho Cut|p1a: Pecharunt\n|-supereffective|p1a: Pecharunt\n|-damage|p1a: Pecharunt|44/262\n|\n|-heal|p1a: Pecharunt|60/262|[from] item: Leftovers\n|upkeep\n|turn|16\n|inactive|Time left: 300 sec this turn | 300 sec total\n|\n|t:|1783553871\n|move|p1a: Pecharunt|Recover|p1a: Pecharunt\n|-heal|p1a: Pecharunt|191/262\n|move|p2a: Veluza|Psycho Cut|p1a: Pecharunt\n|-supereffective|p1a: Pecharunt\n|-damage|p1a: Pecharunt|21/262\n|\n|-heal|p1a: Pecharunt|37/262|[from] item: Leftovers\n|upkeep\n|turn|17\n|inactive|Time left: 300 sec this turn | 300 sec total\n|\n|t:|1783553873\n|move|p1a: Pecharunt|Malignant Chain|p2a: Veluza\n|-crit|p2a: Veluza\n|-damage|p2a: Veluza|0 fnt\n|faint|p2a: Veluza\n|\n|-heal|p1a: Pecharunt|53/262|[from] item: Leftovers\n|upkeep\n|\n|t:|1783553874\n|switch|p2a: Basculin|Basculin, L86, F|59/100\n|turn|18\n|inactive|Time left: 300 sec this turn | 300 sec total\n|\n|t:|1783553875\n|move|p2a: Basculin|Wave Crash|p1a: Pecharunt\n|-damage|p1a: Pecharunt|0 fnt\n|faint|p1a: Pecharunt\n|-damage|p2a: Basculin|53/100|[from] Recoil\n|\n|upkeep\n|inactive|Time left: 300 sec this turn | 300 sec total | 5 sec grace\n|\n|t:|1783553876\n|switch|p1a: Coalossal|Coalossal, L89, M|341/341\n|turn|19\n|inactive|Time left: 300 sec this turn | 300 sec total\n|\n|t:|1783553877\n|-terastallize|p1a: Coalossal|Grass\n|move|p2a: Basculin|Wave Crash|p1a: Coalossal\n|-resisted|p1a: Coalossal\n|-damage|p1a: Coalossal|248/341\n|-damage|p2a: Basculin|41/100|[from] Recoil\n|move|p1a: Coalossal|Rapid Spin|p2a: Basculin\n|-damage|p2a: Basculin|25/100\n|-boost|p1a: Coalossal|spe|1\n|\n|upkeep\n|turn|20\n|inactive|Time left: 300 sec this turn | 300 sec total\n|\n|t:|1783553878\n|move|p2a: Basculin|Wave Crash|p1a: Coalossal\n|-resisted|p1a: Coalossal\n|-damage|p1a: Coalossal|153/341\n|-damage|p2a: Basculin|13/100|[from] Recoil\n|move|p1a: Coalossal|Rapid Spin|p2a: Basculin\n|-damage|p2a: Basculin|0 fnt\n|-boost|p1a: Coalossal|spe|1\n|faint|p2a: Basculin\n|\n|upkeep\n|\n|t:|1783553879\n|switch|p2a: Beartic|Beartic, L91, M|69/100 tox\n|turn|21\n|inactive|Time left: 300 sec this turn | 300 sec total\n|\n|t:|1783553879\n|-terastallize|p2a: Beartic|Fighting\n|move|p1a: Coalossal|Overheat|p2a: Beartic\n|-damage|p2a: Beartic|27/100 tox\n|-unboost|p1a: Coalossal|spa|2\n|move|p2a: Beartic|Icicle Crash|p1a: Coalossal\n|-supereffective|p1a: Coalossal\n|-damage|p1a: Coalossal|0 fnt\n|faint|p1a: Coalossal\n|\n|-damage|p2a: Beartic|20/100 tox|[from] psn\n|upkeep\n|inactive|Time left: 300 sec this turn | 300 sec total | 5 sec grace\n|\n|t:|1783553880\n|switch|p1a: Leafeon|Leafeon, L88, F|42/258\n|turn|22\n|inactive|Time left: 300 sec this turn | 300 sec total\n|\n|t:|1783553881\n|switch|p1a: Medicham|Medicham, L86, F|243/243\n|move|p2a: Beartic|Close Combat|p1a: Medicham\n|-resisted|p1a: Medicham\n|-damage|p1a: Medicham|134/243\n|-unboost|p2a: Beartic|def|1\n|-unboost|p2a: Beartic|spd|1\n|\n|-damage|p2a: Beartic|8/100 tox|[from] psn\n|upkeep\n|turn|23\n|inactive|Time left: 300 sec this turn | 300 sec total\n|\n|t:|1783553882\n|move|p1a: Medicham|Close Combat|p2a: Beartic\n|-damage|p2a: Beartic|0 fnt\n|-unboost|p1a: Medicham|def|1\n|-unboost|p1a: Medicham|spd|1\n|faint|p2a: Beartic\n|\n|upkeep\n|\n|t:|1783553883\n|switch|p2a: Delibird|Delibird, M|30/100 tox\n|turn|24\n|inactive|Time left: 300 sec this turn | 300 sec total\n|\n|t:|1783553884\n|move|p2a: Delibird|Brave Bird|p1a: Medicham\n|-supereffective|p1a: Medicham\n|-damage|p1a: Medicham|0 fnt\n|faint|p1a: Medicham\n|-damage|p2a: Delibird|12/100 tox|[from] Recoil\n|\n|-damage|p2a: Delibird|6/100 tox|[from] psn\n|upkeep\n|inactive|Time left: 300 sec this turn | 300 sec total | 5 sec grace\n|\n|t:|1783553885\n|switch|p1a: Leafeon|Leafeon, L88, F|42/258\n|turn|25\n|inactive|Time left: 300 sec this turn | 300 sec total\n|\n|t:|1783553886\n|move|p1a: Leafeon|Leaf Blade|p2a: Delibird\n|-resisted|p2a: Delibird\n|-damage|p2a: Delibird|0 fnt\n|faint|p2a: Delibird\n|\n|-heal|p1a: Leafeon|58/258|[from] item: Leftovers\n|upkeep\n|\n|t:|1783553886\n|switch|p2a: Slither Wing|Slither Wing, L81|55/100\n|turn|26\n|inactive|Time left: 300 sec this turn | 300 sec total\n|\n|t:|1783553887\n|move|p1a: Leafeon|Leaf Blade|p2a: Slither Wing\n|-resisted|p2a: Slither Wing\n|-damage|p2a: Slither Wing|32/100\n|move|p2a: Slither Wing|U-turn|p1a: Leafeon\n|-supereffective|p1a: Leafeon\n|-damage|p1a: Leafeon|0 fnt\n|faint|p1a: Leafeon\n|\n|win|p0y12705e08", "uploadtime": 1783553887, "views": 0, "rating": 0, "private": 0, "password": null, "_winner": "p0y12705e08", "_our_name": "p0x12705e2e"}