{"id": "battle-gen9randombattle-1895", "formatid": "gen9randombattle", "format": "[Gen 9] Random Battle", "players": ["p0x18951abe", "p0y1895bb1c"], "log": "|init|battle\n|title|p0x18951abe vs. p0y1895bb1c\n|j|\u2606p0x18951abe\n|j|\u2606p0y1895bb1c\n|t:|1783561164\n|gametype|singles\n|player|p1|p0x18951abe|266|\n|player|p2|p0y1895bb1c|1|\n|gen|9\n|tier|[Gen 9] Random Battle\n|rule|Species Clause: Limit one of each Pok\u00e9mon\n|rule|HP Percentage Mod: HP is shown in percentages\n|rule|Sleep Clause Mod: Limit one foe put to sleep\n|rule|Illusion Level Mod: Illusion disguises the Pok\u00e9mon's true level\n|\n|t:|1783561164\n|teamsize|p1|6\n|teamsize|p2|6\n|start\n|switch|p1a: Lugia|Lugia, L73|275/275\n|switch|p2a: Tauros|Tauros-Paldea-Blaze, L81, M|100/100\n|turn|1\n|inactive|Battle timer is ON: inactive players will automatically lose when time's up. (requested by p0y1895bb1c)\n|inactive|Time left: 300 sec this turn | 300 sec total | 60 sec grace\n|inactive|p0x18951abe also wants the timer to be on.\n|\n|t:|1783561165\n|switch|p2a: Rhyperior|Rhyperior, L82, F|100/100\n|move|p1a: Lugia|Calm Mind|p1a: Lugia\n|-boost|p1a: Lugia|spa|1\n|-boost|p1a: Lugia|spd|1\n|\n|upkeep\n|turn|2\n|inactive|Time left: 300 sec this turn | 300 sec total\n|\n|t:|1783561166\n|move|p1a: Lugia|Aeroblast|p2a: Rhyperior\n|-resisted|p2a: Rhyperior\n|-damage|p2a: Rhyperior|74/100\n|move|p2a: Rhyperior|Stone Edge|p1a: Lugia\n|-supereffective|p1a: Lugia\n|-damage|p1a: Lugia|151/275\n|\n|upkeep\n|turn|3\n|inactive|Time left: 300 sec this turn | 300 sec total\n|\n|t:|1783561167\n|move|p1a: Lugia|Recover|p1a: Lugia\n|-heal|p1a: Lugia|275/275\n|move|p2a: Rhyperior|Stone Edge|p1a: Lugia\n|-supereffective|p1a: Lugia\n|-damage|p1a: Lugia|154/275\n|\n|upkeep\n|turn|4\n|inactive|Time left: 300 sec this turn | 300 sec total\n|\n|t:|1783561168\n|move|p1a: Lugia|Recover|p1a: Lugia\n|-heal|p1a: Lugia|275/275\n|move|p2a: Rhyperior|Stone Edge|p1a: Lugia\n|-supereffective|p1a: Lugia\n|-damage|p1a: Lugia|166/275\n|\n|upkeep\n|turn|5\n|inactive|Time left: 300 sec this turn | 300 sec total\n|\n|t:|1783561169\n|move|p1a: Lugia|Recover|p1a: Lugia\n|-heal|p1a: Lugia|275/275\n|move|p2a: Rhyperior|Stone Edge|p1a: Lugia\n|-supereffective|p1a: Lugia\n|-damage|p1a: Lugia|169/275\n|\n|upkeep\n|turn|6\n|inactive|Time left: 300 sec this turn | 300 sec total\n|\n|t:|1783561170\n|move|p1a: Lugia|Recover|p1a: Lugia\n|-heal|p1a: Lugia|275/275\n|move|p2a: Rhyperior|Stone Edge|p1a: Lugia|[miss]\n|-miss|p2a: Rhyperior|p1a: Lugia\n|\n|upkeep\n|turn|7\n|inactive|Time left: 300 sec this turn | 300 sec total\n|\n|t:|1783561171\n|move|p1a: Lugia|Psychic Noise|p2a: Rhyperior\n|-damage|p2a: Rhyperior|37/100\n|-start|p2a: Rhyperior|move: Heal Block\n|move|p2a: Rhyperior|Stone Edge|p1a: Lugia\n|-supereffective|p1a: Lugia\n|-damage|p1a: Lugia|155/275\n|\n|upkeep\n|turn|8\n|inactive|Time left: 300 sec this turn | 300 sec total\n|\n|t:|1783561172\n|move|p1a: Lugia|Recover|p1a: Lugia\n|-heal|p1a: Lugia|275/275\n|move|p2a: Rhyperior|Stone Edge|p1a: Lugia\n|-supereffective|p1a: Lugia\n|-damage|p1a: Lugia|164/275\n|\n|-end|p2a: Rhyperior|move: Heal Block\n|upkeep\n|turn|9\n|inactive|Time left: 300 sec this turn | 300 sec total\n|\n|t:|1783561173\n|switch|p2a: Dusknoir|Dusknoir, L89, F|100/100\n|-item|p1a: Lugia|Heavy-Duty Boots|[from] ability: Frisk|[of] p2a: Dusknoir\n|move|p1a: Lugia|Psychic Noise|p2a: Dusknoir\n|-damage|p2a: Dusknoir|75/100\n|-start|p2a: Dusknoir|move: Heal Block\n|\n|upkeep\n|turn|10\n|inactive|Time left: 300 sec this turn | 300 sec total\n|\n|t:|1783561174\n|move|p1a: Lugia|Recover|p1a: Lugia\n|-heal|p1a: Lugia|275/275\n|move|p2a: Dusknoir|Poltergeist|p1a: Lugia\n|-activate|p1a: Lugia|move: Poltergeist|Heavy-Duty Boots\n|-supereffective|p1a: Lugia\n|-damage|p1a: Lugia|157/275\n|\n|-end|p2a: Dusknoir|move: Heal Block\n|upkeep\n|turn|11\n|inactive|Time left: 300 sec this turn | 300 sec total\n|\n|t:|1783561175\n|move|p1a: Lugia|Recover|p1a: Lugia\n|-heal|p1a: Lugia|275/275\n|move|p2a: Dusknoir|Poltergeist|p1a: Lugia\n|-activate|p1a: Lugia|move: Poltergeist|Heavy-Duty Boots\n|-supereffective|p1a: Lugia\n|-damage|p1a: Lugia|163/275\n|\n|-heal|p2a: Dusknoir|81/100|[from] item: Leftovers\n|upkeep\n|turn|12\n|inactive|Time left: 300 sec this turn | 300 sec total\n|\n|t:|1783561177\n|move|p1a: Lugia|Recover|p1a: Lugia\n|-heal|p1a: Lugia|275/275\n|move|p2a: Dusknoir|Poltergeist|p1a: Lugia\n|-activate|p1a: Lugia|move: Poltergeist|Heavy-Duty Boots\n|-supereffective|p1a: Lugia\n|-damage|p1a: Lugia|166/275\n|\n|-heal|p2a: Dusknoir|88/100|[from] item: Leftovers\n|upkeep\n|turn|13\n|inactive|Time left: 300 sec this turn | 300 sec total\n|\n|t:|1783561178\n|switch|p1a: Necrozma|Necrozma-Dusk-Mane, L69|248/248\n|move|p2a: Dusknoir|Poltergeist|p1a: Necrozma|[miss]\n|-miss|p2a: Dusknoir|p1a: Necrozma\n|\n|-heal|p2a: Dusknoir|94/100|[from] item: Leftovers\n|upkeep\n|turn|14\n|inactive|Time left: 300 sec this turn | 300 sec total\n|\n|t:|1783561179\n|-singleturn|p2a: Dusknoir|move: Focus Punch\n|move|p1a: Necrozma|Dragon Dance|p1a: Necrozma\n|-boost|p1a: Necrozma|atk|1\n|-boost|p1a: Necrozma|spe|1\n|move|p2a: Dusknoir|Focus Punch|p1a: Necrozma\n|-damage|p1a: Necrozma|134/248\n|\n|-heal|p2a: Dusknoir|99/100|[from] item: Leftovers\n|upkeep\n|turn|15\n|inactive|Time left: 300 sec this turn | 300 sec total\n|\n|t:|1783561180\n|move|p1a: Necrozma|Morning Sun|p1a: Necrozma\n|-heal|p1a: Necrozma|248/248\n|move|p2a: Dusknoir|Poltergeist|p1a: Necrozma\n|-activate|p1a: Necrozma|move: Poltergeist|Weakness Policy\n|-supereffective|p1a: Necrozma\n|-damage|p1a: Necrozma|68/248\n|-enditem|p1a: Necrozma|Weakness Policy\n|-boost|p1a: Necrozma|atk|2|[from] item: Weakness Policy\n|-boost|p1a: Necrozma|spa|2|[from] item: Weakness Policy\n|\n|-heal|p2a: Dusknoir|100/100|[from] item: Leftovers\n|upkeep\n|turn|16\n|inactive|Time left: 300 sec this turn | 300 sec total\n|\n|t:|1783561181\n|switch|p2a: Rhyperior|Rhyperior, L82, F|37/100\n|move|p1a: Necrozma|Sunsteel Strike|p2a: Rhyperior\n|-supereffective|p2a: Rhyperior\n|-damage|p2a: Rhyperior|0 fnt\n|faint|p2a: Rhyperior\n|\n|upkeep\n|\n|t:|1783561182\n|switch|p2a: Tauros|Tauros-Paldea-Blaze, L81, M|100/100\n|turn|17\n|inactive|Time left: 300 sec this turn | 300 sec total\n|\n|t:|1783561183\n|-terastallize|p2a: Tauros|Water\n|move|p1a: Necrozma|Morning Sun|p1a: Necrozma\n|-heal|p1a: Necrozma|192/248\n|move|p2a: Tauros|Raging Bull|p1a: Necrozma\n|-supereffective|p1a: Necrozma\n|-damage|p1a: Necrozma|69/248\n|\n|upkeep\n|turn|18\n|inactive|Time left: 300 sec this turn | 300 sec total\n|\n|t:|1783561184\n|move|p1a: Necrozma|Morning Sun|p1a: Necrozma\n|-heal|p1a: Necrozma|193/248\n|move|p2a: Tauros|Raging Bull|p1a: Necrozma\n|-supereffective|p1a: Necrozma\n|-damage|p1a: Necrozma|61/248\n|\n|upkeep\n|turn|19\n|inactive|Time left: 300 sec this turn | 300 sec total\n|\n|t:|1783561185\n|move|p1a: Necrozma|Morning Sun|p1a: Necrozma\n|-heal|p1a: Necrozma|185/248\n|move|p2a: Tauros|Raging Bull|p1a: Necrozma\n|-supereffective|p1a: Necrozma\n|-damage|p1a: Necrozma|55/248\n|\n|upkeep\n|turn|20\n|inactive|Time left: 300 sec this turn | 300 sec total\n|\n|t:|1783561187\n|move|p1a: Necrozma|Morning Sun|p1a: Necrozma\n|-heal|p1a: Necrozma|179/248\n|move|p2a: Tauros|Raging Bull|p1a: Necrozma\n|-supereffective|p1a: Necrozma\n|-damage|p1a: Necrozma|40/248\n|\n|upkeep\n|turn|21\n|inactive|Time left: 300 sec this turn | 300 sec total\n|\n|t:|1783561188\n|move|p1a: Necrozma|Morning Sun|p1a: Necrozma\n|-heal|p1a: Necrozma|164/248\n|move|p2a: Tauros|Raging Bull|p1a: Necrozma\n|-supereffective|p1a: Necrozma\n|-damage|p1a: Necrozma|25/248\n|\n|upkeep\n|turn|22\n|inactive|Time left: 300 sec this turn | 300 sec total\n|\n|t:|1783561189\n|move|p1a: Necrozma|Morning Sun|p1a: Necrozma\n|-heal|p1a: Necrozma|149/248\n|move|p2a: Tauros|Raging Bull|p1a: Necrozma\n|-supereffective|p1a: Necrozma\n|-damage|p1a: Necrozma|14/248\n|\n|upkeep\n|turn|23\n|inactive|Time left: 300 sec this turn | 300 sec total\n|\n|t:|1783561190\n|move|p1a: Necrozma|Morning Sun|p1a: Necrozma\n|-heal|p1a: Necrozma|138/248\n|move|p2a: Tauros|Raging Bull|p1a: Necrozma\n|-supereffective|p1a: Necrozma\n|-damage|p1a: Necrozma|8/248\n|\n|upkeep\n|turn|24\n|inactive|Time left: 300 sec this turn | 300 sec total\n|\n|t:|1783561191\n|move|p1a: Necrozma|Sunsteel Strike|p2a: Tauros\n|-resisted|p2a: Tauros\n|-damage|p2a: Tauros|50/100\n|-enditem|p2a: Tauros|Sitrus Berry|[eat]\n|-heal|p2a: Tauros|75/100|[from] item: Sitrus Berry\n|move|p2a: Tauros|Raging Bull|p1a: Necrozma\n|-supereffective|p1a: Necrozma\n|-damage|p1a: Necrozma|0 fnt\n|faint|p1a: Necrozma\n|\n|upkeep\n|inactive|Time left: 300 sec this turn | 300 sec total | 5 sec grace\n|\n|t:|1783561192\n|switch|p1a: Lugia|Lugia, L73|166/275\n|turn|25\n|inactive|Time left: 300 sec this turn | 300 sec total\n|\n|t:|1783561193\n|move|p2a: Tauros|Raging Bull|p1a: Lugia\n|-damage|p1a: Lugia|85/275\n|move|p1a: Lugia|Calm Mind|p1a: Lugia\n|-boost|p1a: Lugia|spa|1\n|-boost|p1a: Lugia|spd|1\n|\n|-activate|p2a: Tauros|ability: Cud Chew\n|-enditem|p2a: Tauros|Sitrus Berry|[eat]\n|-heal|p2a: Tauros|99/100|[from] item: Sitrus Berry\n|upkeep\n|turn|26\n|inactive|Time left: 300 sec this turn | 300 sec total\n|\n|t:|1783561194\n|move|p2a: Tauros|Raging Bull|p1a: Lugia\n|-damage|p1a: Lugia|0 fnt\n|faint|p1a: Lugia\n|\n|upkeep\n|inactive|Time left: 300 sec this turn | 300 sec total | 5 sec grace\n|\n|t:|1783561195\n|switch|p1a: Gurdurr|Gurdurr, L85, F|283/283\n|turn|27\n|inactive|Time left: 300 sec this turn | 300 sec total\n|\n|t:|1783561196\n|move|p2a: Tauros|Bulk Up|p2a: Tauros\n|-boost|p2a: Tauros|atk|1\n|-boost|p2a: Tauros|def|1\n|move|p1a: Gurdurr|Bulk Up|p1a: Gurdurr\n|-boost|p1a: Gurdurr|atk|1\n|-boost|p1a: Gurdurr|def|1\n|\n|upkeep\n|turn|28\n|inactive|Time left: 300 sec this turn | 300 sec total\n|\n|t:|1783561197\n|move|p2a: Tauros|Bulk Up|p2a: Tauros\n|-boost|p2a: Tauros|atk|1\n|-boost|p2a: Tauros|def|1\n|move|p1a: Gurdurr|Bulk Up|p1a: Gurdurr\n|-boost|p1a: Gurdurr|atk|1\n|-boost|p1a: Gurdurr|def|1\n|\n|upkeep\n|turn|29\n|inactive|Time left: 300 sec this turn | 300 sec total\n|\n|t:|1783561198\n|move|p2a: Tauros|Bulk Up|p2a: Tauros\n|-boost|p2a: Tauros|atk|1\n|-boost|p2a: Tauros|def|1\n|move|p1a: Gurdurr|Drain Punch|p2a: Tauros\n|-damage|p2a: Tauros|75/100\n|\n|upkeep\n|turn|30\n|inactive|Time left: 300 sec this turn | 300 sec total\n|\n|t:|1783561199\n|move|p2a: Tauros|Raging Bull|p1a: Gurdurr\n|-damage|p1a: Gurdurr|201/283\n|move|p1a: Gurdurr|Drain Punch|p2a: Tauros\n|-damage|p2a: Tauros|47/100\n|-heal|p1a: Gurdurr|236/283|[from] drain|[of] p2a: Tauros\n|\n|upkeep\n|turn|31\n|inactive|Time left: 300 sec this turn | 300 sec total\n|\n|t:|1783561200\n|move|p2a: Tauros|Raging Bull|p1a: Gurdurr\n|-damage|p1a: Gurdurr|158/283\n|move|p1a: Gurdurr|Drain Punch|p2a: Tauros\n|-damage|p2a: Tauros|24/100\n|-heal|p1a: Gurdurr|187/283|[from] drain|[of] p2a: Tauros\n|\n|upkeep\n|turn|32\n|inactive|Time left: 300 sec this turn | 300 sec total\n|\n|t:|1783561201\n|move|p2a: Tauros|Close Combat|p1a: Gurdurr\n|-damage|p1a: Gurdurr|72/283\n|-unboost|p2a: Tauros|def|1\n|-unboost|p2a: Tauros|spd|1\n|move|p1a: Gurdurr|Drain Punch|p2a: Tauros\n|-damage|p2a: Tauros|0 fnt\n|-heal|p1a: Gurdurr|102/283|[from] drain|[of] p2a: Tauros\n|faint|p2a: Tauros\n|\n|upkeep\n|\n|t:|1783561202\n|switch|p2a: Pecharunt|Pecharunt, L77|100/100\n|turn|33\n|inactive|Time left: 300 sec this turn | 300 sec total\n|\n|t:|1783561203\n|move|p2a: Pecharunt|Shadow Ball|p1a: Gurdurr\n|-damage|p1a: Gurdurr|33/283\n|-unboost|p1a: Gurdurr|spd|1\n|move|p1a: Gurdurr|Knock Off|p2a: Pecharunt\n|-supereffective|p2a: Pecharunt\n|-damage|p2a: Pecharunt|29/100\n|-damage|p1a: Gurdurr|0 fnt|[from] item: Rocky Helmet|[of] p2a: Pecharunt\n|faint|p1a: Gurdurr\n|\n|upkeep\n|inactive|Time left: 300 sec this turn | 300 sec total | 5 sec grace\n|\n|t:|1783561204\n|switch|p1a: Mamoswine|Mamoswine, L81, M|311/311\n|turn|34\n|inactive|Time left: 300 sec this turn | 300 sec total\n|\n|t:|1783561205\n|move|p2a: Pecharunt|Parting Shot|p1a: Mamoswine\n|-unboost|p1a: Mamoswine|atk|1\n|-unboost|p1a: Mamoswine|spa|1\n|\n|t:|1783561205\n|switch|p2a: Dusknoir|Dusknoir, L89, F|100/100|[from] Parting Shot\n|-item|p1a: Mamoswine|Choice Band|[from] ability: Frisk|[of] p2a: Dusknoir\n|move|p1a: Mamoswine|Icicle Crash|p2a: Dusknoir\n|-damage|p2a: Dusknoir|70/100\n|\n|-heal|p2a: Dusknoir|76/100|[from] item: Leftovers\n|upkeep\n|turn|35\n|inactive|Time left: 300 sec this turn | 300 sec total\n|\n|t:|1783561206\n|move|p1a: Mamoswine|Icicle Crash|p2a: Dusknoir\n|-damage|p2a: Dusknoir|47/100\n|move|p2a: Dusknoir|Poltergeist|p1a: Mamoswine|[miss]\n|-miss|p2a: Dusknoir|p1a: Mamoswine\n|\n|-heal|p2a: Dusknoir|53/100|[from] item: Leftovers\n|upkeep\n|turn|36\n|inactive|Time left: 300 sec this turn | 300 sec total\n|\n|t:|1783561207\n|move|p1a: Mamoswine|Icicle Crash|p2a: Dusknoir\n|-damage|p2a: Dusknoir|22/100\n|move|p2a: Dusknoir|Pain Split|p1a: Mamoswine\n|-sethp|p1a: Mamoswine|180/311|[from] move: Pain Split|[silent]\n|-sethp|p2a: Dusknoir|80/100|[from] move: Pain Split\n|\n|-heal|p2a: Dusknoir|87/100|[from] item: Leftovers\n|upkeep\n|turn|37\n|inactive|Time left: 300 sec this turn | 300 sec total\n|\n|t:|1783561208\n|move|p1a: Mamoswine|Icicle Crash|p2a: Dusknoir\n|-crit|p2a: Dusknoir\n|-damage|p2a: Dusknoir|13/100\n|cant|p2a: Dusknoir|flinch\n|\n|-heal|p2a: Dusknoir|19/100|[from] item: Leftovers\n|upkeep\n|turn|38\n|inactive|Time left: 300 sec this turn | 300 sec total\n|\n|t:|1783561208\n|move|p1a: Mamoswine|Icicle Crash|p2a: Dusknoir\n|-damage|p2a: Dusknoir|0 fnt\n|faint|p2a: Dusknoir\n|\n|upkeep\n|\n|t:|1783561209\n|switch|p2a: Pecharunt|Pecharunt, L77|29/100\n|turn|39\n|inactive|Time left: 300 sec this turn | 300 sec total\n|\n|t:|1783561210\n|move|p2a: Pecharunt|Recover|p2a: Pecharunt\n|-heal|p2a: Pecharunt|79/100\n|move|p1a: Mamoswine|Icicle Crash|p2a: Pecharunt\n|-damage|p2a: Pecharunt|51/100\n|\n|upkeep\n|turn|40\n|inactive|Time left: 300 sec this turn | 300 sec total\n|\n|t:|1783561211\n|move|p2a: Pecharunt|Recover|p2a: Pecharunt\n|-heal|p2a: Pecharunt|100/100\n|move|p1a: Mamoswine|Icicle Crash|p2a: Pecharunt\n|-damage|p2a: Pecharunt|74/100\n|\n|upkeep\n|turn|41\n|inactive|Time left: 300 sec this turn | 300 sec total\n|\n|t:|1783561212\n|move|p2a: Pecharunt|Malignant Chain|p1a: Mamoswine\n|-resisted|p1a: Mamoswine\n|-damage|p1a: Mamoswine|126/311\n|move|p1a: Mamoswine|Icicle Crash|p2a: Pecharunt|[miss]\n|-miss|p1a: Mamoswine|p2a: Pecharunt\n|\n|upkeep\n|turn|42\n|inactive|Time left: 300 sec this turn | 300 sec total\n|\n|t:|1783561212\n|move|p2a: Pecharunt|Malignant Chain|p1a: Mamoswine\n|-resisted|p1a: Mamoswine\n|-damage|p1a: Mamoswine|65/311\n|-status|p1a: Mamoswine|tox\n|-start|p1a: Mamoswine|confusion|[from] ability: Poison Puppeteer|[of] p2a: Pecharunt\n|-activate|p1a: Mamoswine|confusion\n|-damage|p1a: Mamoswine|39/311 tox|[from] confusion\n|\n|-damage|p1a: Mamoswine|20/311 tox|[from] psn\n|upkeep\n|turn|43\n|inactive|Time left: 300 sec this turn | 300 sec total\n|\n|t:|1783561213\n|move|p2a: Pecharunt|Recover|p2a: Pecharunt\n|-heal|p2a: Pecharunt|100/100\n|-activate|p1a: Mamoswine|confusion\n|move|p1a: Mamoswine|Icicle Crash|p2a: Pecharunt\n|-damage|p2a: Pecharunt|75/100\n|\n|-damage|p1a: Mamoswine|0 fnt|[from] psn\n|faint|p1a: Mamoswine\n|upkeep\n|inactive|Time left: 300 sec this turn | 300 sec total | 5 sec grace\n|\n|t:|1783561214\n|switch|p1a: Kyurem|Kyurem-Black, L71|295/295\n|-ability|p1a: Kyurem|Teravolt\n|turn|44\n|inactive|Time left: 300 sec this turn | 300 sec total\n|\n|t:|1783561215\n|move|p2a: Pecharunt|Malignant Chain|p1a: Kyurem\n|-damage|p1a: Kyurem|204/295\n|-status|p1a: Kyurem|tox\n|-start|p1a: Kyurem|confusion|[from] ability: Poison Puppeteer|[of] p2a: Pecharunt\n|-activate|p1a: Kyurem|confusion\n|move|p1a: Kyurem|Dragon Dance|p1a: Kyurem\n|-boost|p1a: Kyurem|atk|1\n|-boost|p1a: Kyurem|spe|1\n|\n|-damage|p1a: Kyurem|186/295 tox|[from] psn\n|upkeep\n|turn|45\n|inactive|Time left: 300 sec this turn | 300 sec total\n|\n|t:|1783561216\n|-terastallize|p1a: Kyurem|Ground\n|-activate|p1a: Kyurem|confusion\n|-damage|p1a: Kyurem|137/295 tox|[from] confusion\n|move|p2a: Pecharunt|Recover|p2a: Pecharunt\n|-heal|p2a: Pecharunt|100/100\n|\n|-damage|p1a: Kyurem|101/295 tox|[from] psn\n|upkeep\n|turn|46\n|inactive|Time left: 300 sec this turn | 300 sec total\n|\n|t:|1783561217\n|-activate|p1a: Kyurem|confusion\n|-damage|p1a: Kyurem|52/295 tox|[from] confusion\n|move|p2a: Pecharunt|Parting Shot|p1a: Kyurem\n|-unboost|p1a: Kyurem|atk|1\n|-unboost|p1a: Kyurem|spa|1\n|\n|t:|1783561217\n|switch|p2a: Glalie|Glalie, L96, F|100/100|[from] Parting Shot\n|\n|-damage|p1a: Kyurem|0 fnt|[from] psn\n|faint|p1a: Kyurem\n|upkeep\n|inactive|Time left: 300 sec this turn | 300 sec total | 10 sec grace\n|\n|t:|1783561218\n|switch|p1a: Camerupt|Camerupt, L91, F|275/275\n|turn|47\n|inactive|Time left: 300 sec this turn | 300 sec total\n|\n|t:|1783561219\n|move|p2a: Glalie|Earthquake|p1a: Camerupt\n|-supereffective|p1a: Camerupt\n|-damage|p1a: Camerupt|140/275\n|move|p1a: Camerupt|Will-O-Wisp|p2a: Glalie|[miss]\n|-miss|p1a: Camerupt|p2a: Glalie\n|\n|-heal|p1a: Camerupt|157/275|[from] item: Leftovers\n|upkeep\n|turn|48\n|inactive|Time left: 300 sec this turn | 300 sec total\n|\n|t:|1783561220\n|move|p2a: Glalie|Earthquake|p1a: Camerupt\n|-supereffective|p1a: Camerupt\n|-damage|p1a: Camerupt|22/275\n|move|p1a: Camerupt|Overheat|p2a: Glalie|[miss]\n|-miss|p1a: Camerupt|p2a: Glalie\n|\n|-heal|p1a: Camerupt|39/275|[from] item: Leftovers\n|upkeep\n|turn|49\n|inactive|Time left: 300 sec this turn | 300 sec total\n|\n|t:|1783561221\n|move|p2a: Glalie|Earthquake|p1a: Camerupt\n|-supereffective|p1a: Camerupt\n|-damage|p1a: Camerupt|0 fnt\n|faint|p1a: Camerupt\n|\n|win|p0y1895bb1c", "uploadtime": 1783561221, "views": 0, "rating": 0, "private": 0, "password": null, "_winner": "p0y1895bb1c", "_our_name": "p0x18951abe"}