{"id": "battle-gen9randombattle-1931", "formatid": "gen9randombattle", "format": "[Gen 9] Random Battle", "players": ["p0x1931cd22", "p0y1931e29b"], "log": "|init|battle\n|title|p0x1931cd22 vs. p0y1931e29b\n|j|\u2606p0x1931cd22\n|j|\u2606p0y1931e29b\n|t:|1783561606\n|gametype|singles\n|player|p1|p0x1931cd22|170|\n|player|p2|p0y1931e29b|265|\n|gen|9\n|tier|[Gen 9] Random Battle\n|rule|Species Clause: Limit one of each Pok\u00e9mon\n|rule|HP Percentage Mod: HP is shown in percentages\n|rule|Sleep Clause Mod: Limit one foe put to sleep\n|rule|Illusion Level Mod: Illusion disguises the Pok\u00e9mon's true level\n|\n|t:|1783561606\n|teamsize|p1|6\n|teamsize|p2|6\n|start\n|switch|p1a: Flygon|Flygon, L82, F|265/265\n|switch|p2a: Muk|Muk, L86, M|100/100\n|turn|1\n|inactive|Battle timer is ON: inactive players will automatically lose when time's up. (requested by p0x1931cd22)\n|inactive|p0y1931e29b also wants the timer to be on.\n|\n|t:|1783561608\n|move|p1a: Flygon|Earthquake|p2a: Muk\n|-supereffective|p2a: Muk\n|-damage|p2a: Muk|28/100\n|move|p2a: Muk|Knock Off|p1a: Flygon\n|-damage|p1a: Flygon|185/265\n|-enditem|p1a: Flygon|Lum Berry|[from] move: Knock Off|[of] p2a: Muk\n|\n|-heal|p2a: Muk|34/100|[from] item: Leftovers\n|upkeep\n|turn|2\n|inactive|Time left: 300 sec this turn | 300 sec total\n|\n|t:|1783561609\n|switch|p2a: Cresselia|Cresselia, L80, F|100/100\n|move|p1a: Flygon|Outrage|p2a: Cresselia\n|-damage|p2a: Cresselia|69/100\n|\n|-heal|p2a: Cresselia|75/100|[from] item: Leftovers\n|upkeep\n|turn|3\n|inactive|Time left: 300 sec this turn | 300 sec total\n|\n|t:|1783561611\n|move|p1a: Flygon|Outrage|p2a: Cresselia|[from] lockedmove\n|-damage|p2a: Cresselia|39/100\n|move|p2a: Cresselia|Moonlight|p2a: Cresselia\n|-heal|p2a: Cresselia|88/100\n|\n|-heal|p2a: Cresselia|95/100|[from] item: Leftovers\n|upkeep\n|turn|4\n|inactive|Time left: 300 sec this turn | 300 sec total\n|\n|t:|1783561612\n|move|p1a: Flygon|Outrage|p2a: Cresselia|[from] lockedmove\n|-damage|p2a: Cresselia|62/100\n|-start|p1a: Flygon|confusion|[fatigue]\n|move|p2a: Cresselia|Moonblast|p1a: Flygon\n|-supereffective|p1a: Flygon\n|-damage|p1a: Flygon|65/265\n|-unboost|p1a: Flygon|spa|1\n|\n|-heal|p2a: Cresselia|68/100|[from] item: Leftovers\n|upkeep\n|turn|5\n|inactive|Time left: 300 sec this turn | 300 sec total\n|\n|t:|1783561613\n|switch|p1a: Bronzong|Bronzong, L88|261/261\n|move|p2a: Cresselia|Calm Mind|p2a: Cresselia\n|-boost|p2a: Cresselia|spa|1\n|-boost|p2a: Cresselia|spd|1\n|\n|-heal|p2a: Cresselia|74/100|[from] item: Leftovers\n|upkeep\n|turn|6\n|inactive|Time left: 300 sec this turn | 300 sec total\n|\n|t:|1783561614\n|move|p2a: Cresselia|Calm Mind|p2a: Cresselia\n|-boost|p2a: Cresselia|spa|1\n|-boost|p2a: Cresselia|spd|1\n|move|p1a: Bronzong|Stealth Rock|p2a: Cresselia\n|-sidestart|p2: p0y1931e29b|move: Stealth Rock\n|\n|-heal|p2a: Cresselia|80/100|[from] item: Leftovers\n|upkeep\n|turn|7\n|inactive|Time left: 300 sec this turn | 300 sec total\n|\n|t:|1783561615\n|move|p2a: Cresselia|Calm Mind|p2a: Cresselia\n|-boost|p2a: Cresselia|spa|1\n|-boost|p2a: Cresselia|spd|1\n|move|p1a: Bronzong|Hypnosis|p2a: Cresselia|[miss]\n|-miss|p1a: Bronzong|p2a: Cresselia\n|\n|-heal|p2a: Cresselia|87/100|[from] item: Leftovers\n|upkeep\n|turn|8\n|inactive|Time left: 300 sec this turn | 300 sec total\n|\n|t:|1783561616\n|move|p2a: Cresselia|Moonblast|p1a: Bronzong\n|-resisted|p1a: Bronzong\n|-damage|p1a: Bronzong|213/261\n|-unboost|p1a: Bronzong|spa|1\n|move|p1a: Bronzong|Hypnosis|p2a: Cresselia\n|-status|p2a: Cresselia|slp|[from] move: Hypnosis\n|\n|-heal|p2a: Cresselia|93/100 slp|[from] item: Leftovers\n|-heal|p1a: Bronzong|229/261|[from] item: Leftovers\n|upkeep\n|turn|9\n|inactive|Time left: 300 sec this turn | 300 sec total\n|\n|t:|1783561617\n|switch|p1a: Flygon|Flygon, L82, F|65/265\n|cant|p2a: Cresselia|slp\n|\n|-heal|p2a: Cresselia|99/100 slp|[from] item: Leftovers\n|upkeep\n|turn|10\n|inactive|Time left: 300 sec this turn | 300 sec total\n|\n|t:|1783561618\n|move|p1a: Flygon|Dragon Dance|p1a: Flygon\n|-boost|p1a: Flygon|atk|1\n|-boost|p1a: Flygon|spe|1\n|-curestatus|p2a: Cresselia|slp|[msg]\n|move|p2a: Cresselia|Psyshock|p1a: Flygon\n|-damage|p1a: Flygon|0 fnt\n|faint|p1a: Flygon\n|\n|-heal|p2a: Cresselia|100/100|[from] item: Leftovers\n|upkeep\n|inactive|Time left: 300 sec this turn | 300 sec total | 5 sec grace\n|\n|t:|1783561619\n|switch|p1a: Bronzong|Bronzong, L88|229/261\n|turn|11\n|inactive|Time left: 300 sec this turn | 300 sec total\n|\n|t:|1783561620\n|move|p2a: Cresselia|Moonblast|p1a: Bronzong\n|-resisted|p1a: Bronzong\n|-damage|p1a: Bronzong|177/261\n|move|p1a: Bronzong|Hypnosis|p2a: Cresselia\n|-status|p2a: Cresselia|slp|[from] move: Hypnosis\n|\n|-heal|p1a: Bronzong|193/261|[from] item: Leftovers\n|upkeep\n|turn|12\n|inactive|Time left: 300 sec this turn | 300 sec total\n|\n|t:|1783561621\n|cant|p2a: Cresselia|slp\n|move|p1a: Bronzong|Psychic Noise|p2a: Cresselia\n|-resisted|p2a: Cresselia\n|-damage|p2a: Cresselia|97/100 slp\n|-start|p2a: Cresselia|move: Heal Block\n|\n|-heal|p1a: Bronzong|209/261|[from] item: Leftovers\n|upkeep\n|turn|13\n|inactive|Time left: 300 sec this turn | 300 sec total\n|\n|t:|1783561622\n|cant|p2a: Cresselia|slp\n|move|p1a: Bronzong|Hypnosis|p2a: Cresselia\n|-fail|p2a: Cresselia|slp\n|\n|-heal|p1a: Bronzong|225/261|[from] item: Leftovers\n|-end|p2a: Cresselia|move: Heal Block\n|upkeep\n|turn|14\n|inactive|Time left: 300 sec this turn | 300 sec total\n|\n|t:|1783561623\n|-curestatus|p2a: Cresselia|slp|[msg]\n|move|p2a: Cresselia|Psyshock|p1a: Bronzong\n|-resisted|p1a: Bronzong\n|-damage|p1a: Bronzong|193/261\n|move|p1a: Bronzong|Iron Head|p2a: Cresselia\n|-damage|p2a: Cresselia|74/100\n|\n|-heal|p2a: Cresselia|80/100|[from] item: Leftovers\n|-heal|p1a: Bronzong|209/261|[from] item: Leftovers\n|upkeep\n|turn|15\n|inactive|Time left: 300 sec this turn | 300 sec total\n|\n|t:|1783561624\n|move|p2a: Cresselia|Psyshock|p1a: Bronzong\n|-resisted|p1a: Bronzong\n|-damage|p1a: Bronzong|180/261\n|move|p1a: Bronzong|Hypnosis|p2a: Cresselia\n|-status|p2a: Cresselia|slp|[from] move: Hypnosis\n|\n|-heal|p2a: Cresselia|87/100 slp|[from] item: Leftovers\n|-heal|p1a: Bronzong|196/261|[from] item: Leftovers\n|upkeep\n|turn|16\n|inactive|Time left: 300 sec this turn | 300 sec total\n|\n|t:|1783561625\n|cant|p2a: Cresselia|slp\n|move|p1a: Bronzong|Iron Head|p2a: Cresselia\n|-damage|p2a: Cresselia|62/100 slp\n|\n|-heal|p2a: Cresselia|68/100 slp|[from] item: Leftovers\n|-heal|p1a: Bronzong|212/261|[from] item: Leftovers\n|upkeep\n|turn|17\n|inactive|Time left: 300 sec this turn | 300 sec total\n|\n|t:|1783561626\n|cant|p2a: Cresselia|slp\n|move|p1a: Bronzong|Iron Head|p2a: Cresselia\n|-damage|p2a: Cresselia|43/100 slp\n|\n|-heal|p2a: Cresselia|49/100 slp|[from] item: Leftovers\n|-heal|p1a: Bronzong|228/261|[from] item: Leftovers\n|upkeep\n|turn|18\n|inactive|Time left: 300 sec this turn | 300 sec total\n|\n|t:|1783561627\n|-curestatus|p2a: Cresselia|slp|[msg]\n|move|p2a: Cresselia|Moonlight|p2a: Cresselia\n|-heal|p2a: Cresselia|99/100\n|move|p1a: Bronzong|Iron Head|p2a: Cresselia\n|-damage|p2a: Cresselia|74/100\n|\n|-heal|p2a: Cresselia|81/100|[from] item: Leftovers\n|-heal|p1a: Bronzong|244/261|[from] item: Leftovers\n|upkeep\n|turn|19\n|inactive|Time left: 300 sec this turn | 300 sec total\n|\n|t:|1783561628\n|move|p2a: Cresselia|Moonblast|p1a: Bronzong\n|-resisted|p1a: Bronzong\n|-damage|p1a: Bronzong|195/261\n|move|p1a: Bronzong|Hypnosis|p2a: Cresselia|[miss]\n|-miss|p1a: Bronzong|p2a: Cresselia\n|\n|-heal|p2a: Cresselia|87/100|[from] item: Leftovers\n|-heal|p1a: Bronzong|211/261|[from] item: Leftovers\n|upkeep\n|turn|20\n|inactive|Time left: 300 sec this turn | 300 sec total\n|\n|t:|1783561628\n|move|p2a: Cresselia|Moonblast|p1a: Bronzong\n|-resisted|p1a: Bronzong\n|-damage|p1a: Bronzong|161/261\n|move|p1a: Bronzong|Hypnosis|p2a: Cresselia\n|-status|p2a: Cresselia|slp|[from] move: Hypnosis\n|\n|-heal|p2a: Cresselia|93/100 slp|[from] item: Leftovers\n|-heal|p1a: Bronzong|177/261|[from] item: Leftovers\n|upkeep\n|turn|21\n|inactive|Time left: 300 sec this turn | 300 sec total\n|\n|t:|1783561629\n|cant|p2a: Cresselia|slp\n|move|p1a: Bronzong|Iron Head|p2a: Cresselia\n|-damage|p2a: Cresselia|70/100 slp\n|\n|-heal|p2a: Cresselia|76/100 slp|[from] item: Leftovers\n|-heal|p1a: Bronzong|193/261|[from] item: Leftovers\n|upkeep\n|turn|22\n|inactive|Time left: 300 sec this turn | 300 sec total\n|\n|t:|1783561630\n|cant|p2a: Cresselia|slp\n|move|p1a: Bronzong|Iron Head|p2a: Cresselia\n|-damage|p2a: Cresselia|51/100 slp\n|\n|-heal|p2a: Cresselia|57/100 slp|[from] item: Leftovers\n|-heal|p1a: Bronzong|209/261|[from] item: Leftovers\n|upkeep\n|turn|23\n|inactive|Time left: 300 sec this turn | 300 sec total\n|\n|t:|1783561631\n|-curestatus|p2a: Cresselia|slp|[msg]\n|move|p2a: Cresselia|Moonblast|p1a: Bronzong\n|-resisted|p1a: Bronzong\n|-damage|p1a: Bronzong|158/261\n|move|p1a: Bronzong|Iron Head|p2a: Cresselia\n|-damage|p2a: Cresselia|34/100\n|\n|-heal|p2a: Cresselia|40/100|[from] item: Leftovers\n|-heal|p1a: Bronzong|174/261|[from] item: Leftovers\n|upkeep\n|turn|24\n|inactive|Time left: 300 sec this turn | 300 sec total\n|\n|t:|1783561632\n|move|p2a: Cresselia|Moonlight|p2a: Cresselia\n|-heal|p2a: Cresselia|90/100\n|move|p1a: Bronzong|Iron Head|p2a: Cresselia\n|-damage|p2a: Cresselia|66/100\n|\n|-heal|p2a: Cresselia|73/100|[from] item: Leftovers\n|-heal|p1a: Bronzong|190/261|[from] item: Leftovers\n|upkeep\n|turn|25\n|inactive|Time left: 300 sec this turn | 300 sec total\n|\n|t:|1783561633\n|move|p2a: Cresselia|Psyshock|p1a: Bronzong\n|-resisted|p1a: Bronzong\n|-damage|p1a: Bronzong|161/261\n|move|p1a: Bronzong|Hypnosis|p2a: Cresselia|[miss]\n|-miss|p1a: Bronzong|p2a: Cresselia\n|\n|-heal|p2a: Cresselia|79/100|[from] item: Leftovers\n|-heal|p1a: Bronzong|177/261|[from] item: Leftovers\n|upkeep\n|turn|26\n|inactive|Time left: 300 sec this turn | 300 sec total\n|\n|t:|1783561634\n|move|p2a: Cresselia|Moonblast|p1a: Bronzong\n|-resisted|p1a: Bronzong\n|-damage|p1a: Bronzong|131/261\n|-unboost|p1a: Bronzong|spa|1\n|move|p1a: Bronzong|Hypnosis|p2a: Cresselia\n|-status|p2a: Cresselia|slp|[from] move: Hypnosis\n|\n|-heal|p2a: Cresselia|85/100 slp|[from] item: Leftovers\n|-heal|p1a: Bronzong|147/261|[from] item: Leftovers\n|upkeep\n|turn|27\n|inactive|Time left: 300 sec this turn | 300 sec total\n|\n|t:|1783561635\n|switch|p1a: Alcremie|Alcremie-Ruby-Cream, L90, F|263/263\n|cant|p2a: Cresselia|slp\n|\n|-heal|p2a: Cresselia|91/100 slp|[from] item: Leftovers\n|upkeep\n|turn|28\n|inactive|Time left: 300 sec this turn | 300 sec total\n|\n|t:|1783561636\n|-curestatus|p2a: Cresselia|slp|[msg]\n|move|p2a: Cresselia|Psyshock|p1a: Alcremie\n|-damage|p1a: Alcremie|89/263\n|move|p1a: Alcremie|Calm Mind|p1a: Alcremie\n|-boost|p1a: Alcremie|spa|1\n|-boost|p1a: Alcremie|spd|1\n|\n|-heal|p2a: Cresselia|97/100|[from] item: Leftovers\n|-heal|p1a: Alcremie|105/263|[from] item: Leftovers\n|upkeep\n|turn|29\n|inactive|Time left: 300 sec this turn | 300 sec total\n|\n|t:|1783561637\n|switch|p1a: Bronzong|Bronzong, L88|147/261\n|move|p2a: Cresselia|Psyshock|p1a: Bronzong\n|-resisted|p1a: Bronzong\n|-damage|p1a: Bronzong|116/261\n|\n|-heal|p2a: Cresselia|100/100|[from] item: Leftovers\n|-heal|p1a: Bronzong|132/261|[from] item: Leftovers\n|upkeep\n|turn|30\n|inactive|Time left: 300 sec this turn | 300 sec total\n|\n|t:|1783561638\n|move|p2a: Cresselia|Psyshock|p1a: Bronzong\n|-resisted|p1a: Bronzong\n|-damage|p1a: Bronzong|104/261\n|move|p1a: Bronzong|Hypnosis|p2a: Cresselia\n|-status|p2a: Cresselia|slp|[from] move: Hypnosis\n|\n|-heal|p1a: Bronzong|120/261|[from] item: Leftovers\n|upkeep\n|turn|31\n|inactive|Time left: 300 sec this turn | 300 sec total\n|\n|t:|1783561639\n|cant|p2a: Cresselia|slp\n|move|p1a: Bronzong|Hypnosis|p2a: Cresselia|[miss]\n|-miss|p1a: Bronzong|p2a: Cresselia\n|\n|-heal|p1a: Bronzong|136/261|[from] item: Leftovers\n|upkeep\n|turn|32\n|inactive|Time left: 300 sec this turn | 300 sec total\n|\n|t:|1783561639\n|cant|p2a: Cresselia|slp\n|move|p1a: Bronzong|Hypnosis|p2a: Cresselia|[miss]\n|-miss|p1a: Bronzong|p2a: Cresselia\n|\n|-heal|p1a: Bronzong|152/261|[from] item: Leftovers\n|upkeep\n|turn|33\n|inactive|Time left: 300 sec this turn | 300 sec total\n|\n|t:|1783561640\n|-curestatus|p2a: Cresselia|slp|[msg]\n|move|p2a: Cresselia|Moonblast|p1a: Bronzong\n|-resisted|p1a: Bronzong\n|-damage|p1a: Bronzong|100/261\n|move|p1a: Bronzong|Iron Head|p2a: Cresselia\n|-damage|p2a: Cresselia|75/100\n|\n|-heal|p2a: Cresselia|81/100|[from] item: Leftovers\n|-heal|p1a: Bronzong|116/261|[from] item: Leftovers\n|upkeep\n|turn|34\n|inactive|Time left: 300 sec this turn | 300 sec total\n|\n|t:|1783561641\n|move|p2a: Cresselia|Psyshock|p1a: Bronzong\n|-resisted|p1a: Bronzong\n|-crit|p1a: Bronzong\n|-damage|p1a: Bronzong|66/261\n|move|p1a: Bronzong|Hypnosis|p2a: Cresselia\n|-status|p2a: Cresselia|slp|[from] move: Hypnosis\n|\n|-heal|p2a: Cresselia|87/100 slp|[from] item: Leftovers\n|-heal|p1a: Bronzong|82/261|[from] item: Leftovers\n|upkeep\n|turn|35\n|inactive|Time left: 300 sec this turn | 300 sec total\n|\n|t:|1783561642\n|cant|p2a: Cresselia|slp\n|move|p1a: Bronzong|Iron Head|p2a: Cresselia\n|-damage|p2a: Cresselia|63/100 slp\n|\n|-heal|p2a: Cresselia|69/100 slp|[from] item: Leftovers\n|-heal|p1a: Bronzong|98/261|[from] item: Leftovers\n|upkeep\n|turn|36\n|inactive|Time left: 300 sec this turn | 300 sec total\n|\n|t:|1783561643\n|cant|p2a: Cresselia|slp\n|move|p1a: Bronzong|Iron Head|p2a: Cresselia\n|-damage|p2a: Cresselia|46/100 slp\n|\n|-heal|p2a: Cresselia|52/100 slp|[from] item: Leftovers\n|-heal|p1a: Bronzong|114/261|[from] item: Leftovers\n|upkeep\n|turn|37\n|inactive|Time left: 300 sec this turn | 300 sec total\n|\n|t:|1783561645\n|-curestatus|p2a: Cresselia|slp|[msg]\n|move|p2a: Cresselia|Moonlight|p2a: Cresselia\n|-heal|p2a: Cresselia|100/100\n|move|p1a: Bronzong|Iron Head|p2a: Cresselia\n|-damage|p2a: Cresselia|75/100\n|\n|-heal|p2a: Cresselia|82/100|[from] item: Leftovers\n|-heal|p1a: Bronzong|130/261|[from] item: Leftovers\n|upkeep\n|turn|38\n|inactive|Time left: 300 sec this turn | 300 sec total\n|\n|t:|1783561646\n|move|p2a: Cresselia|Moonblast|p1a: Bronzong\n|-resisted|p1a: Bronzong\n|-damage|p1a: Bronzong|80/261\n|move|p1a: Bronzong|Hypnosis|p2a: Cresselia|[miss]\n|-miss|p1a: Bronzong|p2a: Cresselia\n|\n|-heal|p2a: Cresselia|88/100|[from] item: Leftovers\n|-heal|p1a: Bronzong|96/261|[from] item: Leftovers\n|upkeep\n|turn|39\n|inactive|Time left: 300 sec this turn | 300 sec total\n|\n|t:|1783561647\n|move|p2a: Cresselia|Psyshock|p1a: Bronzong\n|-resisted|p1a: Bronzong\n|-damage|p1a: Bronzong|64/261\n|move|p1a: Bronzong|Hypnosis|p2a: Cresselia|[miss]\n|-miss|p1a: Bronzong|p2a: Cresselia\n|\n|-heal|p2a: Cresselia|94/100|[from] item: Leftovers\n|-heal|p1a: Bronzong|80/261|[from] item: Leftovers\n|upkeep\n|turn|40\n|inactive|Time left: 300 sec this turn | 300 sec total\n|\n|t:|1783561648\n|move|p2a: Cresselia|Moonblast|p1a: Bronzong\n|-resisted|p1a: Bronzong\n|-damage|p1a: Bronzong|33/261\n|move|p1a: Bronzong|Hypnosis|p2a: Cresselia\n|-status|p2a: Cresselia|slp|[from] move: Hypnosis\n|\n|-heal|p2a: Cresselia|99/100 slp|[from] item: Leftovers\n|-heal|p1a: Bronzong|49/261|[from] item: Leftovers\n|upkeep\n|turn|41\n|inactive|Time left: 300 sec this turn | 300 sec total\n|\n|t:|1783561649\n|cant|p2a: Cresselia|slp\n|move|p1a: Bronzong|Iron Head|p2a: Cresselia\n|-damage|p2a: Cresselia|78/100 slp\n|\n|-heal|p2a: Cresselia|84/100 slp|[from] item: Leftovers\n|-heal|p1a: Bronzong|65/261|[from] item: Leftovers\n|upkeep\n|turn|42\n|inactive|Time left: 300 sec this turn | 300 sec total\n|\n|t:|1783561650\n|-curestatus|p2a: Cresselia|slp|[msg]\n|move|p2a: Cresselia|Psyshock|p1a: Bronzong\n|-resisted|p1a: Bronzong\n|-damage|p1a: Bronzong|36/261\n|move|p1a: Bronzong|Iron Head|p2a: Cresselia\n|-damage|p2a: Cresselia|60/100\n|\n|-heal|p2a: Cresselia|66/100|[from] item: Leftovers\n|-heal|p1a: Bronzong|52/261|[from] item: Leftovers\n|upkeep\n|turn|43\n|inactive|Time left: 300 sec this turn | 300 sec total\n|\n|t:|1783561651\n|move|p2a: Cresselia|Moonblast|p1a: Bronzong\n|-resisted|p1a: Bronzong\n|-damage|p1a: Bronzong|3/261\n|move|p1a: Bronzong|Hypnosis|p2a: Cresselia|[miss]\n|-miss|p1a: Bronzong|p2a: Cresselia\n|\n|-heal|p2a: Cresselia|72/100|[from] item: Leftovers\n|-heal|p1a: Bronzong|19/261|[from] item: Leftovers\n|upkeep\n|turn|44\n|inactive|Time left: 300 sec this turn | 300 sec total\n|\n|t:|1783561652\n|move|p2a: Cresselia|Psyshock|p1a: Bronzong\n|-resisted|p1a: Bronzong\n|-damage|p1a: Bronzong|0 fnt\n|faint|p1a: Bronzong\n|\n|-heal|p2a: Cresselia|79/100|[from] item: Leftovers\n|upkeep\n|inactive|Time left: 300 sec this turn | 300 sec total | 5 sec grace\n|\n|t:|1783561653\n|switch|p1a: Alcremie|Alcremie-Ruby-Cream, L90, F|105/263\n|turn|45\n|inactive|Time left: 300 sec this turn | 300 sec total\n|\n|t:|1783561655\n|move|p2a: Cresselia|Psyshock|p1a: Alcremie\n|-damage|p1a: Alcremie|0 fnt\n|faint|p1a: Alcremie\n|\n|-heal|p2a: Cresselia|85/100|[from] item: Leftovers\n|upkeep\n|inactive|Time left: 300 sec this turn | 300 sec total | 5 sec grace\n|\n|t:|1783561656\n|switch|p1a: Ampharos|Ampharos, L88, M|302/302\n|turn|46\n|inactive|Time left: 300 sec this turn | 300 sec total\n|\n|t:|1783561657\n|move|p2a: Cresselia|Psyshock|p1a: Ampharos\n|-damage|p1a: Ampharos|139/302\n|move|p1a: Ampharos|Agility|p1a: Ampharos\n|-boost|p1a: Ampharos|spe|2\n|\n|-heal|p2a: Cresselia|91/100|[from] item: Leftovers\n|upkeep\n|turn|47\n|inactive|Time left: 300 sec this turn | 300 sec total\n|\n|t:|1783561658\n|move|p1a: Ampharos|Thunderbolt|p2a: Cresselia\n|-damage|p2a: Cresselia|74/100\n|-damage|p1a: Ampharos|109/302|[from] item: Life Orb\n|move|p2a: Cresselia|Psyshock|p1a: Ampharos\n|-damage|p1a: Ampharos|0 fnt\n|faint|p1a: Ampharos\n|\n|-heal|p2a: Cresselia|80/100|[from] item: Leftovers\n|upkeep\n|inactive|Time left: 300 sec this turn | 300 sec total | 5 sec grace\n|\n|t:|1783561659\n|switch|p1a: Flutter Mane|Flutter Mane, L74|203/203\n|turn|48\n|inactive|Time left: 300 sec this turn | 300 sec total\n|\n|t:|1783561660\n|move|p1a: Flutter Mane|Mystical Fire|p2a: Cresselia\n|-crit|p2a: Cresselia\n|-damage|p2a: Cresselia|49/100\n|-unboost|p2a: Cresselia|spa|1\n|move|p2a: Cresselia|Psyshock|p1a: Flutter Mane\n|-damage|p1a: Flutter Mane|0 fnt\n|faint|p1a: Flutter Mane\n|-end|p1a: Flutter Mane|Protosynthesis|[silent]\n|\n|-heal|p2a: Cresselia|55/100|[from] item: Leftovers\n|upkeep\n|inactive|Time left: 300 sec this turn | 300 sec total | 5 sec grace\n|\n|t:|1783561661\n|switch|p1a: Dragapult|Dragapult, L77, F|262/262\n|turn|49\n|inactive|Time left: 300 sec this turn | 300 sec total\n|\n|t:|1783561661\n|-terastallize|p1a: Dragapult|Fairy\n|move|p1a: Dragapult|U-turn|p2a: Cresselia\n|-supereffective|p2a: Cresselia\n|-damage|p2a: Cresselia|30/100\n|move|p2a: Cresselia|Moonblast|p1a: Dragapult\n|-damage|p1a: Dragapult|133/262\n|-unboost|p1a: Dragapult|spa|1\n|\n|-heal|p2a: Cresselia|36/100|[from] item: Leftovers\n|upkeep\n|turn|50\n|inactive|Time left: 300 sec this turn | 300 sec total\n|\n|t:|1783561662\n|-terastallize|p2a: Cresselia|Poison\n|move|p1a: Dragapult|Hex|p2a: Cresselia\n|-damage|p2a: Cresselia|32/100\n|move|p2a: Cresselia|Psyshock|p1a: Dragapult\n|-damage|p1a: Dragapult|0 fnt\n|faint|p1a: Dragapult\n|\n|win|p0y1931e29b", "uploadtime": 1783561662, "views": 0, "rating": 0, "private": 0, "password": null, "_winner": "p0y1931e29b", "_our_name": "p0x1931cd22"}