{"id": "battle-gen9randombattle-1598", "formatid": "gen9randombattle", "format": "[Gen 9] Random Battle", "players": ["p0x1598fc61", "p0y159874bb"], "log": "|init|battle\n|title|p0x1598fc61 vs. p0y159874bb\n|j|\u2606p0x1598fc61\n|j|\u2606p0y159874bb\n|t:|1783558501\n|gametype|singles\n|player|p1|p0x1598fc61|1|\n|player|p2|p0y159874bb|101|\n|gen|9\n|tier|[Gen 9] Random Battle\n|rule|Species Clause: Limit one of each Pok\u00e9mon\n|rule|HP Percentage Mod: HP is shown in percentages\n|rule|Sleep Clause Mod: Limit one foe put to sleep\n|rule|Illusion Level Mod: Illusion disguises the Pok\u00e9mon's true level\n|\n|t:|1783558501\n|teamsize|p1|6\n|teamsize|p2|6\n|start\n|switch|p1a: Bellibolt|Bellibolt, L84, M|100/100\n|switch|p2a: Regigigas|Regigigas, L84|322/322\n|-start|p2a: Regigigas|ability: Slow Start\n|turn|1\n|inactive|Battle timer is ON: inactive players will automatically lose when time's up. (requested by p0x1598fc61)\n|inactive|Time left: 300 sec this turn | 300 sec total | 60 sec grace\n|inactive|p0y159874bb also wants the timer to be on.\n|\n|t:|1783558502\n|move|p1a: Bellibolt|Thunderbolt|p2a: Regigigas\n|-damage|p2a: Regigigas|240/322\n|move|p2a: Regigigas|Knock Off|p1a: Bellibolt\n|-damage|p1a: Bellibolt|85/100\n|-start|p1a: Bellibolt|Charge|Knock Off|[from] ability: Electromorphosis\n|-enditem|p1a: Bellibolt|Leftovers|[from] move: Knock Off|[of] p2a: Regigigas\n|\n|-heal|p2a: Regigigas|260/322|[from] item: Leftovers\n|upkeep\n|turn|2\n|inactive|Time left: 300 sec this turn | 300 sec total\n|\n|t:|1783558503\n|switch|p2a: Mudsdale|Mudsdale, L83, F|302/302\n|move|p1a: Bellibolt|Thunderbolt|p2a: Mudsdale\n|-immune|p2a: Mudsdale\n|-end|p1a: Bellibolt|Charge|[silent]\n|\n|upkeep\n|turn|3\n|inactive|Time left: 300 sec this turn | 300 sec total\n|\n|t:|1783558504\n|switch|p1a: Meganium|Meganium, L90, F|100/100\n|move|p2a: Mudsdale|Earthquake|p1a: Meganium\n|-resisted|p1a: Meganium\n|-damage|p1a: Meganium|83/100\n|\n|-heal|p1a: Meganium|89/100|[from] item: Leftovers\n|upkeep\n|turn|4\n|inactive|Time left: 300 sec this turn | 300 sec total\n|\n|t:|1783558505\n|move|p1a: Meganium|Energy Ball|p2a: Mudsdale\n|-supereffective|p2a: Mudsdale\n|-damage|p2a: Mudsdale|108/302\n|-ability|p2a: Mudsdale|Stamina|boost\n|-boost|p2a: Mudsdale|def|1\n|move|p2a: Mudsdale|Stealth Rock|p1a: Meganium\n|-sidestart|p1: p0x1598fc61|move: Stealth Rock\n|\n|-heal|p1a: Meganium|95/100|[from] item: Leftovers\n|-heal|p2a: Mudsdale|126/302|[from] item: Leftovers\n|upkeep\n|turn|5\n|inactive|Time left: 300 sec this turn | 300 sec total\n|\n|t:|1783558506\n|switch|p2a: Girafarig|Girafarig, L89, F|269/269\n|move|p1a: Meganium|Energy Ball|p2a: Girafarig\n|-ability|p2a: Girafarig|Sap Sipper|boost\n|-boost|p2a: Girafarig|atk|1\n|\n|-heal|p1a: Meganium|100/100|[from] item: Leftovers\n|upkeep\n|turn|6\n|inactive|Time left: 300 sec this turn | 300 sec total\n|\n|t:|1783558506\n|move|p2a: Girafarig|Nasty Plot|p2a: Girafarig\n|-boost|p2a: Girafarig|spa|2\n|move|p1a: Meganium|Knock Off|p2a: Girafarig\n|-supereffective|p2a: Girafarig\n|-damage|p2a: Girafarig|155/269\n|-enditem|p2a: Girafarig|Eviolite|[from] move: Knock Off|[of] p1a: Meganium\n|\n|upkeep\n|turn|7\n|inactive|Time left: 300 sec this turn | 300 sec total\n|\n|t:|1783558507\n|move|p2a: Girafarig|Hyper Voice|p1a: Meganium\n|-damage|p1a: Meganium|47/100\n|move|p1a: Meganium|Knock Off|p2a: Girafarig\n|-supereffective|p2a: Girafarig\n|-damage|p2a: Girafarig|51/269\n|\n|-heal|p1a: Meganium|53/100|[from] item: Leftovers\n|upkeep\n|turn|8\n|inactive|Time left: 300 sec this turn | 300 sec total\n|\n|t:|1783558509\n|-terastallize|p1a: Meganium|Steel\n|move|p2a: Girafarig|Hyper Voice|p1a: Meganium\n|-resisted|p1a: Meganium\n|-damage|p1a: Meganium|25/100\n|move|p1a: Meganium|Knock Off|p2a: Girafarig\n|-supereffective|p2a: Girafarig\n|-damage|p2a: Girafarig|0 fnt\n|faint|p2a: Girafarig\n|\n|-heal|p1a: Meganium|31/100|[from] item: Leftovers\n|upkeep\n|inactive|Time left: 300 sec this turn | 300 sec total | 5 sec grace\n|\n|t:|1783558510\n|switch|p2a: Iron Jugulis|Iron Jugulis, L77|271/271\n|turn|9\n|inactive|Time left: 300 sec this turn | 300 sec total\n|\n|t:|1783558511\n|move|p2a: Iron Jugulis|Dark Pulse|p1a: Meganium\n|-damage|p1a: Meganium|0 fnt\n|faint|p1a: Meganium\n|\n|upkeep\n|\n|t:|1783558512\n|switch|p1a: Bellibolt|Bellibolt, L84, M|85/100\n|-damage|p1a: Bellibolt|72/100|[from] Stealth Rock\n|turn|10\n|inactive|Time left: 300 sec this turn | 300 sec total\n|\n|t:|1783558513\n|move|p2a: Iron Jugulis|Dark Pulse|p1a: Bellibolt\n|-damage|p1a: Bellibolt|33/100\n|-start|p1a: Bellibolt|Charge|Dark Pulse|[from] ability: Electromorphosis\n|move|p1a: Bellibolt|Slack Off|p1a: Bellibolt\n|-heal|p1a: Bellibolt|83/100\n|\n|upkeep\n|turn|11\n|inactive|Time left: 300 sec this turn | 300 sec total\n|\n|t:|1783558514\n|-end|p2a: Iron Jugulis|Quark Drive|[silent]\n|switch|p2a: Mudsdale|Mudsdale, L83, F|126/302\n|move|p1a: Bellibolt|Thunderbolt|p2a: Mudsdale\n|-immune|p2a: Mudsdale\n|-end|p1a: Bellibolt|Charge|[silent]\n|\n|-heal|p2a: Mudsdale|144/302|[from] item: Leftovers\n|upkeep\n|turn|12\n|inactive|Time left: 300 sec this turn | 300 sec total\n|\n|t:|1783558515\n|move|p1a: Bellibolt|Muddy Water|p2a: Mudsdale\n|-supereffective|p2a: Mudsdale\n|-damage|p2a: Mudsdale|8/302\n|-ability|p2a: Mudsdale|Stamina|boost\n|-boost|p2a: Mudsdale|def|1\n|move|p2a: Mudsdale|Earthquake|p1a: Bellibolt\n|-supereffective|p1a: Bellibolt\n|-damage|p1a: Bellibolt|6/100\n|-start|p1a: Bellibolt|Charge|Earthquake|[from] ability: Electromorphosis\n|\n|-heal|p2a: Mudsdale|26/302|[from] item: Leftovers\n|upkeep\n|turn|13\n|inactive|Time left: 300 sec this turn | 300 sec total\n|\n|t:|1783558516\n|move|p1a: Bellibolt|Muddy Water|p2a: Mudsdale\n|-supereffective|p2a: Mudsdale\n|-damage|p2a: Mudsdale|0 fnt\n|faint|p2a: Mudsdale\n|\n|upkeep\n|inactive|Time left: 300 sec this turn | 300 sec total | 5 sec grace\n|\n|t:|1783558517\n|switch|p2a: Iron Jugulis|Iron Jugulis, L77|271/271\n|turn|14\n|inactive|Time left: 300 sec this turn | 300 sec total\n|\n|t:|1783558518\n|move|p2a: Iron Jugulis|Dark Pulse|p1a: Bellibolt\n|-damage|p1a: Bellibolt|0 fnt\n|faint|p1a: Bellibolt\n|\n|upkeep\n|\n|t:|1783558519\n|switch|p1a: Frosmoth|Frosmoth, L82, M|100/100\n|turn|15\n|inactive|Time left: 300 sec this turn | 300 sec total\n|\n|t:|1783558520\n|-end|p2a: Iron Jugulis|Quark Drive|[silent]\n|switch|p2a: Dialga|Dialga-Origin, L73|266/266\n|-ability|p2a: Dialga|Pressure\n|move|p1a: Frosmoth|Ice Beam|p2a: Dialga\n|-damage|p2a: Dialga|170/266\n|\n|upkeep\n|turn|16\n|inactive|Time left: 300 sec this turn | 300 sec total\n|\n|t:|1783558521\n|move|p2a: Dialga|Heavy Slam|p1a: Frosmoth\n|-supereffective|p1a: Frosmoth\n|-damage|p1a: Frosmoth|0 fnt\n|faint|p1a: Frosmoth\n|\n|upkeep\n|\n|t:|1783558522\n|switch|p1a: Flamigo|Flamigo, L82, M|100/100\n|-damage|p1a: Flamigo|88/100|[from] Stealth Rock\n|turn|17\n|inactive|Time left: 300 sec this turn | 300 sec total\n|\n|t:|1783558523\n|switch|p2a: Iron Jugulis|Iron Jugulis, L77|271/271\n|move|p1a: Flamigo|Close Combat|p2a: Iron Jugulis\n|-damage|p2a: Iron Jugulis|60/271\n|-unboost|p1a: Flamigo|def|1\n|-unboost|p1a: Flamigo|spd|1\n|\n|upkeep\n|turn|18\n|inactive|Time left: 300 sec this turn | 300 sec total\n|\n|t:|1783558524\n|move|p2a: Iron Jugulis|Hurricane|p1a: Flamigo\n|-supereffective|p1a: Flamigo\n|-damage|p1a: Flamigo|0 fnt\n|faint|p1a: Flamigo\n|\n|upkeep\n|\n|t:|1783558525\n|switch|p1a: Typhlosion|Typhlosion, L84, F|100/100\n|-damage|p1a: Typhlosion|76/100|[from] Stealth Rock\n|turn|19\n|inactive|Time left: 300 sec this turn | 300 sec total\n|\n|t:|1783558526\n|-end|p2a: Iron Jugulis|Quark Drive|[silent]\n|switch|p2a: Regigigas|Regigigas, L84|260/322\n|-start|p2a: Regigigas|ability: Slow Start\n|move|p1a: Typhlosion|Eruption|p2a: Regigigas\n|-damage|p2a: Regigigas|146/322\n|\n|-heal|p2a: Regigigas|166/322|[from] item: Leftovers\n|upkeep\n|turn|20\n|inactive|Time left: 300 sec this turn | 300 sec total\n|\n|t:|1783558527\n|move|p2a: Regigigas|Protect|p2a: Regigigas\n|-singleturn|p2a: Regigigas|Protect\n|move|p1a: Typhlosion|Eruption|p2a: Regigigas\n|-activate|p2a: Regigigas|move: Protect\n|\n|-heal|p2a: Regigigas|186/322|[from] item: Leftovers\n|upkeep\n|turn|21\n|inactive|Time left: 300 sec this turn | 300 sec total\n|\n|t:|1783558528\n|move|p1a: Typhlosion|Eruption|p2a: Regigigas\n|-damage|p2a: Regigigas|80/322\n|move|p2a: Regigigas|Body Slam|p1a: Typhlosion\n|-damage|p1a: Typhlosion|50/100\n|\n|-heal|p2a: Regigigas|100/322|[from] item: Leftovers\n|upkeep\n|turn|22\n|inactive|Time left: 300 sec this turn | 300 sec total\n|\n|t:|1783558530\n|move|p2a: Regigigas|Protect|p2a: Regigigas\n|-singleturn|p2a: Regigigas|Protect\n|move|p1a: Typhlosion|Eruption|p2a: Regigigas\n|-activate|p2a: Regigigas|move: Protect\n|\n|-heal|p2a: Regigigas|120/322|[from] item: Leftovers\n|upkeep\n|turn|23\n|inactive|Time left: 300 sec this turn | 300 sec total\n|\n|t:|1783558531\n|move|p1a: Typhlosion|Eruption|p2a: Regigigas\n|-damage|p2a: Regigigas|54/322\n|move|p2a: Regigigas|Body Slam|p1a: Typhlosion\n|-damage|p1a: Typhlosion|24/100\n|\n|-heal|p2a: Regigigas|74/322|[from] item: Leftovers\n|upkeep\n|turn|24\n|inactive|Time left: 300 sec this turn | 300 sec total\n|\n|t:|1783558532\n|switch|p2a: Dialga|Dialga-Origin, L73|170/266\n|-ability|p2a: Dialga|Pressure\n|move|p1a: Typhlosion|Eruption|p2a: Dialga\n|-damage|p2a: Dialga|133/266\n|\n|upkeep\n|turn|25\n|inactive|Time left: 300 sec this turn | 300 sec total\n|\n|t:|1783558532\n|switch|p2a: Meowscarada|Meowscarada, L78, M|247/247\n|move|p1a: Typhlosion|Eruption|p2a: Meowscarada\n|-supereffective|p2a: Meowscarada\n|-damage|p2a: Meowscarada|139/247\n|\n|upkeep\n|turn|26\n|inactive|Time left: 300 sec this turn | 300 sec total\n|\n|t:|1783558533\n|-terastallize|p2a: Meowscarada|Dark\n|-activate|p1a: Typhlosion|move: Struggle\n|move|p1a: Typhlosion|Struggle|p2a: Meowscarada\n|-damage|p2a: Meowscarada|109/247\n|-damage|p1a: Typhlosion|0 fnt|[from] recoil\n|faint|p1a: Typhlosion\n|move|p2a: Meowscarada|Flower Trick|p1: Typhlosion|[notarget]\n|-fail|p2a: Meowscarada\n|\n|upkeep\n|\n|t:|1783558534\n|switch|p1a: Cramorant|Cramorant, L86, F|100/100\n|turn|27\n|inactive|Time left: 300 sec this turn | 300 sec total\n|\n|t:|1783558535\n|move|p2a: Meowscarada|Knock Off|p1a: Cramorant\n|-damage|p1a: Cramorant|36/100\n|-enditem|p1a: Cramorant|Heavy-Duty Boots|[from] move: Knock Off|[of] p2a: Meowscarada\n|move|p1a: Cramorant|Roost|p1a: Cramorant\n|-heal|p1a: Cramorant|86/100\n|-singleturn|p1a: Cramorant|move: Roost\n|\n|upkeep\n|turn|28\n|inactive|Time left: 300 sec this turn | 300 sec total\n|\n|t:|1783558536\n|move|p2a: Meowscarada|Flower Trick|p1a: Cramorant\n|-crit|p1a: Cramorant\n|-damage|p1a: Cramorant|30/100\n|move|p1a: Cramorant|Roost|p1a: Cramorant\n|-heal|p1a: Cramorant|80/100\n|-singleturn|p1a: Cramorant|move: Roost\n|\n|upkeep\n|turn|29\n|inactive|Time left: 300 sec this turn | 300 sec total\n|\n|t:|1783558537\n|move|p2a: Meowscarada|Flower Trick|p1a: Cramorant\n|-crit|p1a: Cramorant\n|-damage|p1a: Cramorant|25/100\n|move|p1a: Cramorant|Roost|p1a: Cramorant\n|-heal|p1a: Cramorant|76/100\n|-singleturn|p1a: Cramorant|move: Roost\n|\n|upkeep\n|turn|30\n|inactive|Time left: 300 sec this turn | 300 sec total\n|\n|t:|1783558538\n|move|p2a: Meowscarada|Flower Trick|p1a: Cramorant\n|-crit|p1a: Cramorant\n|-damage|p1a: Cramorant|17/100\n|move|p1a: Cramorant|Roost|p1a: Cramorant\n|-heal|p1a: Cramorant|67/100\n|-singleturn|p1a: Cramorant|move: Roost\n|\n|upkeep\n|turn|31\n|inactive|Time left: 300 sec this turn | 300 sec total\n|\n|t:|1783558539\n|move|p2a: Meowscarada|Flower Trick|p1a: Cramorant\n|-crit|p1a: Cramorant\n|-damage|p1a: Cramorant|14/100\n|move|p1a: Cramorant|Roost|p1a: Cramorant\n|-heal|p1a: Cramorant|64/100\n|-singleturn|p1a: Cramorant|move: Roost\n|\n|upkeep\n|turn|32\n|inactive|Time left: 300 sec this turn | 300 sec total\n|\n|t:|1783558540\n|move|p2a: Meowscarada|Flower Trick|p1a: Cramorant\n|-crit|p1a: Cramorant\n|-damage|p1a: Cramorant|11/100\n|move|p1a: Cramorant|Roost|p1a: Cramorant\n|-heal|p1a: Cramorant|61/100\n|-singleturn|p1a: Cramorant|move: Roost\n|\n|upkeep\n|turn|33\n|inactive|Time left: 300 sec this turn | 300 sec total\n|\n|t:|1783558541\n|move|p2a: Meowscarada|Flower Trick|p1a: Cramorant\n|-crit|p1a: Cramorant\n|-damage|p1a: Cramorant|0 fnt\n|faint|p1a: Cramorant\n|\n|win|p0y159874bb", "uploadtime": 1783558541, "views": 0, "rating": 0, "private": 0, "password": null, "_winner": "p0y159874bb", "_our_name": "p0y159874bb"}