{"id": "battle-gen9randombattle-902", "formatid": "gen9randombattle", "format": "[Gen 9] Random Battle", "players": ["p0x902c3ba", "p0y9020e50"], "log": "|init|battle\n|title|p0x902c3ba vs. p0y9020e50\n|j|\u2606p0x902c3ba\n|j|\u2606p0y9020e50\n|t:|1783549601\n|gametype|singles\n|player|p1|p0x902c3ba|265|\n|player|p2|p0y9020e50|265|\n|gen|9\n|tier|[Gen 9] Random Battle\n|rule|Species Clause: Limit one of each Pok\u00e9mon\n|rule|HP Percentage Mod: HP is shown in percentages\n|rule|Sleep Clause Mod: Limit one foe put to sleep\n|rule|Illusion Level Mod: Illusion disguises the Pok\u00e9mon's true level\n|\n|t:|1783549601\n|teamsize|p1|6\n|teamsize|p2|6\n|start\n|switch|p1a: Manaphy|Manaphy, L78|100/100\n|switch|p2a: Indeedee|Indeedee-F, L90, F|272/272\n|-fieldstart|move: Psychic Terrain|[from] ability: Psychic Surge|[of] p2a: Indeedee\n|turn|1\n|inactive|Battle timer is ON: inactive players will automatically lose when time's up. (requested by p0x902c3ba)\n|inactive|Time left: 300 sec this turn | 300 sec total | 60 sec grace\n|inactive|p0y9020e50 also wants the timer to be on.\n|\n|t:|1783549603\n|move|p2a: Indeedee|Calm Mind|p2a: Indeedee\n|-boost|p2a: Indeedee|spa|1\n|-boost|p2a: Indeedee|spd|1\n|move|p1a: Manaphy|Tail Glow|p1a: Manaphy\n|-boost|p1a: Manaphy|spa|3\n|\n|upkeep\n|turn|2\n|inactive|Time left: 300 sec this turn | 300 sec total\n|\n|t:|1783549604\n|move|p2a: Indeedee|Psyshock|p1a: Manaphy\n|-damage|p1a: Manaphy|11/100\n|-damage|p2a: Indeedee|245/272|[from] item: Life Orb\n|move|p1a: Manaphy|Surf|p2a: Indeedee\n|-damage|p2a: Indeedee|137/272\n|\n|-heal|p1a: Manaphy|17/100|[from] item: Leftovers\n|upkeep\n|turn|3\n|inactive|Time left: 300 sec this turn | 300 sec total\n|\n|t:|1783549605\n|move|p2a: Indeedee|Hyper Voice|p1a: Manaphy\n|-damage|p1a: Manaphy|0 fnt\n|faint|p1a: Manaphy\n|-damage|p2a: Indeedee|110/272|[from] item: Life Orb\n|\n|upkeep\n|\n|t:|1783549606\n|switch|p1a: Zebstrika|Zebstrika, L87, M|100/100\n|turn|4\n|inactive|Time left: 300 sec this turn | 300 sec total\n|\n|t:|1783549608\n|move|p1a: Zebstrika|Supercell Slam|p2a: Indeedee\n|-damage|p2a: Indeedee|0 fnt\n|faint|p2a: Indeedee\n|-damage|p1a: Zebstrika|91/100|[from] item: Life Orb\n|\n|upkeep\n|inactive|Time left: 300 sec this turn | 300 sec total | 5 sec grace\n|\n|t:|1783549609\n|switch|p2a: Gardevoir|Gardevoir, L83, M|249/249\n|-ability|p2a: Gardevoir|Sap Sipper|Trace|[from] ability: Trace|[of] p1a: Zebstrika\n|turn|5\n|inactive|Time left: 300 sec this turn | 300 sec total\n|\n|t:|1783549610\n|move|p2a: Gardevoir|Moonblast|p1a: Zebstrika\n|-damage|p1a: Zebstrika|34/100\n|move|p1a: Zebstrika|Supercell Slam|p2a: Gardevoir\n|-damage|p2a: Gardevoir|53/249\n|-damage|p1a: Zebstrika|24/100|[from] item: Life Orb\n|\n|-fieldend|move: Psychic Terrain\n|upkeep\n|turn|6\n|inactive|Time left: 300 sec this turn | 300 sec total\n|\n|t:|1783549611\n|move|p2a: Gardevoir|Moonblast|p1a: Zebstrika\n|-damage|p1a: Zebstrika|0 fnt\n|faint|p1a: Zebstrika\n|\n|upkeep\n|\n|t:|1783549613\n|switch|p1a: Gouging Fire|Gouging Fire, L74|100/100\n|turn|7\n|inactive|Time left: 300 sec this turn | 300 sec total\n|\n|t:|1783549614\n|move|p2a: Gardevoir|Moonblast|p1a: Gouging Fire\n|-damage|p1a: Gouging Fire|51/100\n|-unboost|p1a: Gouging Fire|spa|1\n|move|p1a: Gouging Fire|Heat Crash|p2a: Gardevoir\n|-crit|p2a: Gardevoir\n|-damage|p2a: Gardevoir|0 fnt\n|faint|p2a: Gardevoir\n|\n|upkeep\n|inactive|Time left: 300 sec this turn | 300 sec total | 5 sec grace\n|\n|t:|1783549615\n|switch|p2a: Regirock|Regirock, L83|268/268\n|turn|8\n|inactive|Time left: 300 sec this turn | 300 sec total\n|\n|t:|1783549616\n|move|p1a: Gouging Fire|Morning Sun|p1a: Gouging Fire\n|-heal|p1a: Gouging Fire|100/100\n|move|p2a: Regirock|Stone Edge|p1a: Gouging Fire\n|-supereffective|p1a: Gouging Fire\n|-crit|p1a: Gouging Fire\n|-damage|p1a: Gouging Fire|0 fnt\n|faint|p1a: Gouging Fire\n|-end|p1a: Gouging Fire|Protosynthesis|[silent]\n|\n|upkeep\n|\n|t:|1783549617\n|switch|p1a: Quaquaval|Quaquaval, L79, F|100/100\n|turn|9\n|inactive|Time left: 300 sec this turn | 300 sec total\n|\n|t:|1783549618\n|-terastallize|p2a: Regirock|Fighting\n|move|p1a: Quaquaval|Swords Dance|p1a: Quaquaval\n|-boost|p1a: Quaquaval|atk|2\n|move|p2a: Regirock|Body Press|p1a: Quaquaval\n|-crit|p1a: Quaquaval\n|-damage|p1a: Quaquaval|6/100\n|\n|-heal|p1a: Quaquaval|12/100|[from] item: Leftovers\n|upkeep\n|turn|10\n|inactive|Time left: 300 sec this turn | 300 sec total\n|\n|t:|1783549619\n|move|p1a: Quaquaval|Aqua Step|p2a: Regirock\n|-crit|p2a: Regirock\n|-damage|p2a: Regirock|126/268\n|-boost|p1a: Quaquaval|spe|1\n|move|p2a: Regirock|Body Press|p1a: Quaquaval\n|-damage|p1a: Quaquaval|0 fnt\n|faint|p1a: Quaquaval\n|\n|upkeep\n|\n|t:|1783549621\n|switch|p1a: Iron Jugulis|Iron Jugulis, L77|100/100\n|turn|11\n|inactive|Time left: 300 sec this turn | 300 sec total\n|\n|t:|1783549622\n|move|p1a: Iron Jugulis|Hurricane|p2a: Regirock\n|-supereffective|p2a: Regirock\n|-damage|p2a: Regirock|0 fnt\n|faint|p2a: Regirock\n|\n|upkeep\n|inactive|Time left: 300 sec this turn | 300 sec total | 5 sec grace\n|\n|t:|1783549623\n|switch|p2a: Bisharp|Bisharp, L79, M|232/232\n|turn|12\n|inactive|Time left: 300 sec this turn | 300 sec total\n|\n|t:|1783549624\n|move|p1a: Iron Jugulis|Meteor Beam||[still]\n|-prepare|p1a: Iron Jugulis|Meteor Beam\n|-boost|p1a: Iron Jugulis|spa|1\n|-enditem|p1a: Iron Jugulis|Power Herb\n|-anim|p1a: Iron Jugulis|Meteor Beam|p2a: Bisharp\n|-resisted|p2a: Bisharp\n|-damage|p2a: Bisharp|178/232\n|move|p2a: Bisharp|Iron Head|p1a: Iron Jugulis\n|-damage|p1a: Iron Jugulis|60/100\n|\n|upkeep\n|turn|13\n|inactive|Time left: 300 sec this turn | 300 sec total\n|\n|t:|1783549625\n|move|p1a: Iron Jugulis|Earth Power|p2a: Bisharp\n|-supereffective|p2a: Bisharp\n|-damage|p2a: Bisharp|28/232\n|move|p2a: Bisharp|Iron Head|p1a: Iron Jugulis\n|-damage|p1a: Iron Jugulis|24/100\n|\n|upkeep\n|turn|14\n|inactive|Time left: 300 sec this turn | 300 sec total\n|\n|t:|1783549626\n|move|p1a: Iron Jugulis|Earth Power|p2a: Bisharp\n|-supereffective|p2a: Bisharp\n|-damage|p2a: Bisharp|0 fnt\n|faint|p2a: Bisharp\n|\n|upkeep\n|inactive|Time left: 300 sec this turn | 300 sec total | 5 sec grace\n|\n|t:|1783549627\n|switch|p2a: Scovillain|Scovillain, L91, M|266/266\n|turn|15\n|inactive|Time left: 300 sec this turn | 300 sec total\n|\n|t:|1783549628\n|move|p2a: Scovillain|Flamethrower|p1a: Iron Jugulis\n|-damage|p1a: Iron Jugulis|0 fnt\n|faint|p1a: Iron Jugulis\n|-end|p1a: Iron Jugulis|Quark Drive|[silent]\n|\n|upkeep\n|\n|t:|1783549629\n|switch|p1a: Darkrai|Darkrai, L77|100/100\n|turn|16\n|inactive|Time left: 300 sec this turn | 300 sec total\n|\n|t:|1783549630\n|-terastallize|p1a: Darkrai|Poison\n|move|p2a: Scovillain|Flamethrower|p1a: Darkrai\n|-damage|p1a: Darkrai|47/100\n|move|p1a: Darkrai|Sludge Bomb|p2a: Scovillain\n|-supereffective|p2a: Scovillain\n|-damage|p2a: Scovillain|0 fnt\n|faint|p2a: Scovillain\n|-damage|p1a: Darkrai|37/100|[from] item: Life Orb\n|\n|upkeep\n|inactive|Time left: 300 sec this turn | 300 sec total | 5 sec grace\n|\n|t:|1783549631\n|switch|p2a: Dragapult|Dragapult, L77, F|262/262\n|turn|17\n|inactive|Time left: 300 sec this turn | 300 sec total\n|\n|t:|1783549632\n|move|p2a: Dragapult|Dragon Darts|p1a: Darkrai\n|-damage|p1a: Darkrai|8/100\n|-anim|p2a: Dragapult|Dragon Darts|p1a: Darkrai\n|-damage|p1a: Darkrai|0 fnt\n|faint|p1a: Darkrai\n|-damage|p2a: Dragapult|236/262|[from] item: Life Orb\n|\n|win|p0y9020e50", "uploadtime": 1783549632, "views": 0, "rating": 0, "private": 0, "password": null, "_winner": "p0y9020e50", "_our_name": "p0y9020e50"}