{"id": "battle-gen9randombattle-2051", "formatid": "gen9randombattle", "format": "[Gen 9] Random Battle", "players": ["p0x2051452c", "p0y2051ef12"], "log": "|init|battle\n|title|p0x2051452c vs. p0y2051ef12\n|j|\u2606p0x2051452c\n|j|\u2606p0y2051ef12\n|t:|1783562986\n|gametype|singles\n|player|p1|p0x2051452c|102|\n|player|p2|p0y2051ef12|1|\n|gen|9\n|tier|[Gen 9] Random Battle\n|rule|Species Clause: Limit one of each Pok\u00e9mon\n|rule|HP Percentage Mod: HP is shown in percentages\n|rule|Sleep Clause Mod: Limit one foe put to sleep\n|rule|Illusion Level Mod: Illusion disguises the Pok\u00e9mon's true level\n|\n|t:|1783562987\n|teamsize|p1|6\n|teamsize|p2|6\n|start\n|switch|p1a: Chesnaught|Chesnaught, L84, F|285/285\n|switch|p2a: Brambleghast|Brambleghast, L88, M|100/100\n|turn|1\n|inactive|Battle timer is ON: inactive players will automatically lose when time's up. (requested by p0x2051452c)\n|\n|t:|1783562988\n|move|p2a: Brambleghast|Poltergeist|p1a: Chesnaught\n|-activate|p1a: Chesnaught|move: Poltergeist|Leftovers\n|-damage|p1a: Chesnaught|173/285\n|move|p1a: Chesnaught|Trailblaze|p2a: Brambleghast\n|-resisted|p2a: Brambleghast\n|-damage|p2a: Brambleghast|86/100\n|-boost|p1a: Chesnaught|spe|1\n|\n|-heal|p1a: Chesnaught|190/285|[from] item: Leftovers\n|-heal|p2a: Brambleghast|93/100|[from] item: Leftovers\n|upkeep\n|turn|2\n|inactive|Time left: 300 sec this turn | 300 sec total\n|inactive|p0y2051ef12 also wants the timer to be on.\n|\n|t:|1783562989\n|move|p1a: Chesnaught|Iron Defense|p1a: Chesnaught\n|-boost|p1a: Chesnaught|def|2\n|move|p2a: Brambleghast|Poltergeist|p1a: Chesnaught\n|-activate|p1a: Chesnaught|move: Poltergeist|Leftovers\n|-damage|p1a: Chesnaught|133/285\n|\n|-heal|p1a: Chesnaught|150/285|[from] item: Leftovers\n|-heal|p2a: Brambleghast|99/100|[from] item: Leftovers\n|upkeep\n|turn|3\n|inactive|Time left: 300 sec this turn | 300 sec total\n|\n|t:|1783562991\n|switch|p2a: Spidops|Spidops, L96, F|100/100\n|move|p1a: Chesnaught|Synthesis|p1a: Chesnaught\n|-heal|p1a: Chesnaught|285/285\n|\n|upkeep\n|turn|4\n|inactive|Time left: 300 sec this turn | 300 sec total\n|\n|t:|1783562992\n|move|p1a: Chesnaught|Trailblaze|p2a: Spidops\n|-resisted|p2a: Spidops\n|-damage|p2a: Spidops|92/100\n|-boost|p1a: Chesnaught|spe|1\n|move|p2a: Spidops|Sticky Web|p1a: Chesnaught\n|-sidestart|p1: p0x2051452c|move: Sticky Web\n|\n|upkeep\n|turn|5\n|inactive|Time left: 300 sec this turn | 300 sec total\n|\n|t:|1783562993\n|move|p1a: Chesnaught|Body Press|p2a: Spidops\n|-resisted|p2a: Spidops\n|-damage|p2a: Spidops|61/100\n|move|p2a: Spidops|Circle Throw|p1a: Chesnaught\n|-damage|p1a: Chesnaught|265/285\n|drag|p1a: Regigigas|Regigigas, L84|322/322\n|-activate|p1a: Regigigas|move: Sticky Web\n|-unboost|p1a: Regigigas|spe|1\n|-start|p1a: Regigigas|ability: Slow Start\n|\n|upkeep\n|turn|6\n|inactive|Time left: 300 sec this turn | 300 sec total\n|\n|t:|1783562994\n|move|p2a: Spidops|Knock Off|p1a: Regigigas\n|-damage|p1a: Regigigas|253/322\n|-enditem|p1a: Regigigas|Leftovers|[from] move: Knock Off|[of] p2a: Spidops\n|move|p1a: Regigigas|Knock Off|p2a: Spidops\n|-damage|p2a: Spidops|45/100\n|-enditem|p2a: Spidops|Heavy-Duty Boots|[from] move: Knock Off|[of] p1a: Regigigas\n|\n|upkeep\n|turn|7\n|inactive|Time left: 300 sec this turn | 300 sec total\n|\n|t:|1783562995\n|switch|p1a: Hitmontop|Hitmontop, L88, M|231/231\n|-activate|p1a: Hitmontop|move: Sticky Web\n|-unboost|p1a: Hitmontop|spe|1\n|move|p2a: Spidops|Toxic Spikes|p1a: Hitmontop\n|-sidestart|p1: p0x2051452c|move: Toxic Spikes\n|\n|upkeep\n|turn|8\n|inactive|Time left: 300 sec this turn | 300 sec total\n|\n|t:|1783562996\n|-terastallize|p2a: Spidops|Ghost\n|move|p2a: Spidops|Toxic Spikes|p1a: Hitmontop\n|-sidestart|p1: p0x2051452c|move: Toxic Spikes\n|move|p1a: Hitmontop|Rapid Spin|p2a: Spidops\n|-immune|p2a: Spidops\n|\n|upkeep\n|turn|9\n|inactive|Time left: 300 sec this turn | 300 sec total\n|\n|t:|1783562997\n|move|p1a: Hitmontop|Triple Axel|p2a: Spidops\n|-damage|p2a: Spidops|37/100\n|-damage|p2a: Spidops|23/100\n|-damage|p2a: Spidops|0 fnt\n|faint|p2a: Spidops\n|-hitcount|p2: Spidops|3\n|\n|upkeep\n|\n|t:|1783562998\n|switch|p2a: Illumise|Illumise, L91, F|100/100\n|turn|10\n|inactive|Time left: 300 sec this turn | 300 sec total\n|\n|t:|1783562999\n|switch|p2a: Brambleghast|Brambleghast, L88, M|99/100\n|move|p1a: Hitmontop|Triple Axel|p2a: Brambleghast\n|-supereffective|p2a: Brambleghast\n|-damage|p2a: Brambleghast|76/100\n|-supereffective|p2a: Brambleghast\n|-damage|p2a: Brambleghast|35/100\n|-supereffective|p2a: Brambleghast\n|-damage|p2a: Brambleghast|0 fnt\n|faint|p2a: Brambleghast\n|-hitcount|p2: Brambleghast|3\n|\n|upkeep\n|\n|t:|1783563000\n|switch|p2a: Illumise|Illumise, L91, F|100/100\n|turn|11\n|inactive|Time left: 300 sec this turn | 300 sec total\n|\n|t:|1783563000\n|move|p2a: Illumise|Encore|p1a: Hitmontop\n|-start|p1a: Hitmontop|Encore\n|move|p1a: Hitmontop|Triple Axel|p2a: Illumise\n|-damage|p2a: Illumise|90/100\n|-damage|p2a: Illumise|71/100\n|-hitcount|p2a: Illumise|2\n|\n|upkeep\n|turn|12\n|inactive|Time left: 300 sec this turn | 300 sec total\n|\n|t:|1783563001\n|switch|p2a: Pyroar|Pyroar, L88, M|100/100\n|-ability|p2a: Pyroar|Unnerve\n|move|p1a: Hitmontop|Triple Axel|p2a: Pyroar\n|-resisted|p2a: Pyroar\n|-damage|p2a: Pyroar|96/100\n|-resisted|p2a: Pyroar\n|-damage|p2a: Pyroar|88/100\n|-resisted|p2a: Pyroar\n|-damage|p2a: Pyroar|74/100\n|-hitcount|p2a: Pyroar|3\n|\n|upkeep\n|turn|13\n|inactive|Time left: 300 sec this turn | 300 sec total\n|\n|t:|1783563002\n|move|p2a: Pyroar|Fire Blast|p1a: Hitmontop|[miss]\n|-miss|p2a: Pyroar|p1a: Hitmontop\n|move|p1a: Hitmontop|Triple Axel|p2a: Pyroar\n|-resisted|p2a: Pyroar\n|-damage|p2a: Pyroar|70/100\n|-resisted|p2a: Pyroar\n|-damage|p2a: Pyroar|62/100\n|-resisted|p2a: Pyroar\n|-damage|p2a: Pyroar|49/100\n|-hitcount|p2a: Pyroar|3\n|\n|-end|p1a: Hitmontop|Encore\n|upkeep\n|turn|14\n|inactive|Time left: 300 sec this turn | 300 sec total\n|\n|t:|1783563002\n|move|p2a: Pyroar|Fire Blast|p1a: Hitmontop\n|-damage|p1a: Hitmontop|126/231\n|move|p1a: Hitmontop|Rapid Spin|p2a: Pyroar\n|-damage|p2a: Pyroar|26/100\n|-boost|p1a: Hitmontop|spe|1\n|-sideend|p1: p0x2051452c|Toxic Spikes|[from] move: Rapid Spin|[of] p1a: Hitmontop\n|-sideend|p1: p0x2051452c|Sticky Web|[from] move: Rapid Spin|[of] p1a: Hitmontop\n|\n|-heal|p1a: Hitmontop|140/231|[from] item: Leftovers\n|upkeep\n|turn|15\n|inactive|Time left: 300 sec this turn | 300 sec total\n|\n|t:|1783563003\n|move|p2a: Pyroar|Will-O-Wisp|p1a: Hitmontop|[miss]\n|-miss|p2a: Pyroar|p1a: Hitmontop\n|move|p1a: Hitmontop|Rapid Spin|p2a: Pyroar\n|-damage|p2a: Pyroar|3/100\n|-boost|p1a: Hitmontop|spe|1\n|\n|-heal|p1a: Hitmontop|154/231|[from] item: Leftovers\n|upkeep\n|turn|16\n|inactive|Time left: 300 sec this turn | 300 sec total\n|\n|t:|1783563004\n|switch|p2a: Illumise|Illumise, L91, F|71/100\n|move|p1a: Hitmontop|Triple Axel|p2a: Illumise\n|-damage|p2a: Illumise|62/100\n|-damage|p2a: Illumise|43/100\n|-damage|p2a: Illumise|18/100\n|-hitcount|p2a: Illumise|3\n|\n|-heal|p1a: Hitmontop|168/231|[from] item: Leftovers\n|upkeep\n|turn|17\n|inactive|Time left: 300 sec this turn | 300 sec total\n|\n|t:|1783563005\n|move|p2a: Illumise|Roost|p2a: Illumise\n|-heal|p2a: Illumise|68/100\n|-singleturn|p2a: Illumise|move: Roost\n|move|p1a: Hitmontop|Triple Axel|p2a: Illumise\n|-damage|p2a: Illumise|60/100\n|-crit|p2a: Illumise\n|-damage|p2a: Illumise|31/100\n|-damage|p2a: Illumise|4/100\n|-hitcount|p2a: Illumise|3\n|\n|-heal|p1a: Hitmontop|182/231|[from] item: Leftovers\n|upkeep\n|turn|18\n|inactive|Time left: 300 sec this turn | 300 sec total\n|\n|t:|1783563005\n|move|p2a: Illumise|Thunder Wave|p1a: Hitmontop\n|-status|p1a: Hitmontop|par\n|move|p1a: Hitmontop|Triple Axel|p2a: Illumise\n|-damage|p2a: Illumise|0 fnt\n|faint|p2a: Illumise\n|-hitcount|p2: Illumise|1\n|\n|-heal|p1a: Hitmontop|196/231 par|[from] item: Leftovers\n|upkeep\n|\n|t:|1783563006\n|switch|p2a: Pyroar|Pyroar, L88, M|3/100\n|-ability|p2a: Pyroar|Unnerve\n|turn|19\n|inactive|Time left: 300 sec this turn | 300 sec total\n|\n|t:|1783563007\n|move|p2a: Pyroar|Fire Blast|p1a: Hitmontop\n|-damage|p1a: Hitmontop|90/231 par\n|move|p1a: Hitmontop|Rapid Spin|p2a: Pyroar\n|-damage|p2a: Pyroar|0 fnt\n|-boost|p1a: Hitmontop|spe|1\n|faint|p2a: Pyroar\n|\n|-heal|p1a: Hitmontop|104/231 par|[from] item: Leftovers\n|upkeep\n|\n|t:|1783563008\n|switch|p2a: Minun|Minun, L95, F|100/100\n|turn|20\n|inactive|Time left: 300 sec this turn | 300 sec total\n|\n|t:|1783563009\n|move|p2a: Minun|Thunderbolt|p1a: Hitmontop\n|-damage|p1a: Hitmontop|0 fnt\n|faint|p1a: Hitmontop\n|-damage|p2a: Minun|91/100|[from] item: Life Orb\n|\n|upkeep\n|inactive|Time left: 300 sec this turn | 300 sec total | 5 sec grace\n|\n|t:|1783563009\n|switch|p1a: Iron Crown|Iron Crown, L78|268/268\n|turn|21\n|inactive|Time left: 300 sec this turn | 300 sec total\n|\n|t:|1783563011\n|move|p2a: Minun|Nasty Plot|p2a: Minun\n|-boost|p2a: Minun|spa|2\n|move|p1a: Iron Crown|Psyshock|p2a: Minun\n|-damage|p2a: Minun|50/100\n|\n|upkeep\n|turn|22\n|inactive|Time left: 300 sec this turn | 300 sec total\n|\n|t:|1783563012\n|move|p2a: Minun|Thunderbolt|p1a: Iron Crown\n|-damage|p1a: Iron Crown|13/268\n|-damage|p2a: Minun|41/100|[from] item: Life Orb\n|move|p1a: Iron Crown|Psyshock|p2a: Minun\n|-damage|p2a: Minun|0 fnt\n|faint|p2a: Minun\n|\n|-heal|p1a: Iron Crown|29/268|[from] item: Leftovers\n|upkeep\n|\n|t:|1783563013\n|switch|p2a: Ursaring|Ursaring, L84, M|100/100\n|turn|23\n|inactive|Time left: 300 sec this turn | 300 sec total\n|\n|t:|1783563014\n|move|p1a: Iron Crown|Focus Blast|p2a: Ursaring\n|-supereffective|p2a: Ursaring\n|-damage|p2a: Ursaring|57/100\n|move|p2a: Ursaring|Earthquake|p1a: Iron Crown\n|-supereffective|p1a: Iron Crown\n|-damage|p1a: Iron Crown|0 fnt\n|faint|p1a: Iron Crown\n|-end|p1a: Iron Crown|Quark Drive|[silent]\n|\n|upkeep\n|inactive|Time left: 300 sec this turn | 300 sec total | 5 sec grace\n|\n|t:|1783563015\n|switch|p1a: Chesnaught|Chesnaught, L84, F|265/285\n|turn|24\n|inactive|Time left: 300 sec this turn | 300 sec total\n|\n|t:|1783563016\n|move|p1a: Chesnaught|Iron Defense|p1a: Chesnaught\n|-boost|p1a: Chesnaught|def|2\n|move|p2a: Ursaring|Body Slam|p1a: Chesnaught\n|-crit|p1a: Chesnaught\n|-damage|p1a: Chesnaught|139/285\n|\n|-heal|p1a: Chesnaught|156/285|[from] item: Leftovers\n|upkeep\n|turn|25\n|inactive|Time left: 300 sec this turn | 300 sec total\n|\n|t:|1783563017\n|-terastallize|p1a: Chesnaught|Steel\n|move|p1a: Chesnaught|Body Press|p2a: Ursaring\n|-supereffective|p2a: Ursaring\n|-damage|p2a: Ursaring|0 fnt\n|faint|p2a: Ursaring\n|\n|win|p0x2051452c", "uploadtime": 1783563017, "views": 0, "rating": 0, "private": 0, "password": null, "_winner": "p0x2051452c", "_our_name": "p0x2051452c"}