{"id": "battle-gen9randombattle-222", "formatid": "gen9randombattle", "format": "[Gen 9] Random Battle", "players": ["p0x22201b0", "p0y222d9af"], "log": "|init|battle\n|title|p0x22201b0 vs. p0y222d9af\n|j|\u2606p0x22201b0\n|j|\u2606p0y222d9af\n|t:|1783535824\n|gametype|singles\n|player|p1|p0x22201b0|2|\n|player|p2|p0y222d9af|102|\n|gen|9\n|tier|[Gen 9] Random Battle\n|rule|Species Clause: Limit one of each Pok\u00e9mon\n|rule|HP Percentage Mod: HP is shown in percentages\n|rule|Sleep Clause Mod: Limit one foe put to sleep\n|rule|Illusion Level Mod: Illusion disguises the Pok\u00e9mon's true level\n|\n|t:|1783535824\n|teamsize|p1|6\n|teamsize|p2|6\n|start\n|switch|p1a: Forretress|Forretress, L84, M|263/263\n|switch|p2a: Zebstrika|Zebstrika, L87, F|100/100\n|turn|1\n|inactive|Battle timer is ON: inactive players will automatically lose when time's up. (requested by p0y222d9af)\n|inactive|Time left: 300 sec this turn | 300 sec total | 60 sec grace\n|inactive|p0x22201b0 also wants the timer to be on.\n|\n|t:|1783535826\n|move|p2a: Zebstrika|Supercell Slam|p1a: Forretress\n|-damage|p1a: Forretress|168/263\n|-damage|p2a: Zebstrika|91/100|[from] item: Life Orb\n|move|p1a: Forretress|Spikes|p2a: Zebstrika\n|-sidestart|p2: p0y222d9af|Spikes\n|\n|-heal|p1a: Forretress|184/263|[from] item: Leftovers\n|upkeep\n|turn|2\n|inactive|Time left: 300 sec this turn | 300 sec total\n|\n|t:|1783535827\n|move|p2a: Zebstrika|Volt Switch|p1a: Forretress\n|-damage|p1a: Forretress|67/263\n|-damage|p2a: Zebstrika|81/100|[from] item: Life Orb\n|\n|t:|1783535828\n|switch|p2a: Volcanion|Volcanion, L79|100/100|[from] Volt Switch\n|move|p1a: Forretress|Spikes|p2a: Volcanion\n|-sidestart|p2: p0y222d9af|Spikes\n|\n|-heal|p1a: Forretress|83/263|[from] item: Leftovers\n|upkeep\n|turn|3\n|inactive|Time left: 300 sec this turn | 300 sec total\n|\n|t:|1783535829\n|switch|p1a: Altaria|Altaria, L89, F|278/278\n|move|p2a: Volcanion|Steam Eruption|p1a: Altaria\n|-resisted|p1a: Altaria\n|-damage|p1a: Altaria|228/278\n|\n|upkeep\n|turn|4\n|inactive|Time left: 300 sec this turn | 300 sec total\n|\n|t:|1783535830\n|move|p1a: Altaria|Earthquake|p2a: Volcanion\n|-supereffective|p2a: Volcanion\n|-damage|p2a: Volcanion|58/100\n|move|p2a: Volcanion|Steam Eruption|p1a: Altaria\n|-resisted|p1a: Altaria\n|-damage|p1a: Altaria|176/278\n|\n|upkeep\n|turn|5\n|inactive|Time left: 300 sec this turn | 300 sec total\n|\n|t:|1783535831\n|move|p1a: Altaria|Brave Bird|p2a: Volcanion\n|-damage|p2a: Volcanion|21/100\n|-damage|p1a: Altaria|145/278|[from] Recoil\n|move|p2a: Volcanion|Steam Eruption|p1a: Altaria|[miss]\n|-miss|p2a: Volcanion|p1a: Altaria\n|\n|upkeep\n|turn|6\n|inactive|Time left: 300 sec this turn | 300 sec total\n|\n|t:|1783535833\n|switch|p2a: Latios|Latios, L78, M|100/100\n|move|p1a: Altaria|Earthquake|p2a: Latios\n|-immune|p2a: Latios|[from] ability: Levitate\n|\n|upkeep\n|turn|7\n|inactive|Time left: 300 sec this turn | 300 sec total\n|\n|t:|1783535834\n|switch|p1a: Iron Crown|Iron Crown, L78|268/268\n|move|p2a: Latios|Luster Purge|p1a: Iron Crown\n|-resisted|p1a: Iron Crown\n|-crit|p1a: Iron Crown\n|-damage|p1a: Iron Crown|224/268\n|\n|-heal|p1a: Iron Crown|240/268|[from] item: Leftovers\n|upkeep\n|turn|8\n|inactive|Time left: 300 sec this turn | 300 sec total\n|\n|t:|1783535835\n|move|p2a: Latios|Luster Purge|p1a: Iron Crown\n|-resisted|p1a: Iron Crown\n|-damage|p1a: Iron Crown|211/268\n|-unboost|p1a: Iron Crown|spd|1\n|move|p1a: Iron Crown|Calm Mind|p1a: Iron Crown\n|-boost|p1a: Iron Crown|spa|1\n|-boost|p1a: Iron Crown|spd|1\n|\n|-heal|p1a: Iron Crown|227/268|[from] item: Leftovers\n|upkeep\n|turn|9\n|inactive|Time left: 300 sec this turn | 300 sec total\n|\n|t:|1783535836\n|move|p2a: Latios|Luster Purge|p1a: Iron Crown\n|-resisted|p1a: Iron Crown\n|-damage|p1a: Iron Crown|196/268\n|-unboost|p1a: Iron Crown|spd|1\n|move|p1a: Iron Crown|Tachyon Cutter|p2a: Latios\n|-damage|p2a: Latios|70/100\n|-damage|p2a: Latios|38/100\n|-hitcount|p2a: Latios|2\n|\n|-heal|p1a: Iron Crown|212/268|[from] item: Leftovers\n|upkeep\n|turn|10\n|inactive|Time left: 300 sec this turn | 300 sec total\n|\n|t:|1783535837\n|move|p2a: Latios|Recover|p2a: Latios\n|-heal|p2a: Latios|88/100\n|move|p1a: Iron Crown|Tachyon Cutter|p2a: Latios\n|-damage|p2a: Latios|61/100\n|-damage|p2a: Latios|33/100\n|-hitcount|p2a: Latios|2\n|\n|-heal|p1a: Iron Crown|228/268|[from] item: Leftovers\n|upkeep\n|turn|11\n|inactive|Time left: 300 sec this turn | 300 sec total\n|\n|t:|1783535839\n|move|p2a: Latios|Recover|p2a: Latios\n|-heal|p2a: Latios|83/100\n|move|p1a: Iron Crown|Tachyon Cutter|p2a: Latios\n|-damage|p2a: Latios|55/100\n|-damage|p2a: Latios|26/100\n|-hitcount|p2a: Latios|2\n|\n|-heal|p1a: Iron Crown|244/268|[from] item: Leftovers\n|upkeep\n|turn|12\n|inactive|Time left: 300 sec this turn | 300 sec total\n|\n|t:|1783535840\n|move|p2a: Latios|Recover|p2a: Latios\n|-heal|p2a: Latios|76/100\n|move|p1a: Iron Crown|Tachyon Cutter|p2a: Latios\n|-damage|p2a: Latios|45/100\n|-damage|p2a: Latios|18/100\n|-hitcount|p2a: Latios|2\n|\n|-heal|p1a: Iron Crown|260/268|[from] item: Leftovers\n|upkeep\n|turn|13\n|inactive|Time left: 300 sec this turn | 300 sec total\n|\n|t:|1783535840\n|move|p2a: Latios|Recover|p2a: Latios\n|-heal|p2a: Latios|68/100\n|move|p1a: Iron Crown|Tachyon Cutter|p2a: Latios\n|-damage|p2a: Latios|40/100\n|-damage|p2a: Latios|10/100\n|-hitcount|p2a: Latios|2\n|\n|-heal|p1a: Iron Crown|268/268|[from] item: Leftovers\n|upkeep\n|turn|14\n|inactive|Time left: 300 sec this turn | 300 sec total\n|\n|t:|1783535841\n|move|p2a: Latios|Draco Meteor|p1a: Iron Crown\n|-resisted|p1a: Iron Crown\n|-damage|p1a: Iron Crown|134/268\n|-unboost|p2a: Latios|spa|2\n|move|p1a: Iron Crown|Calm Mind|p1a: Iron Crown\n|-boost|p1a: Iron Crown|spa|1\n|-boost|p1a: Iron Crown|spd|1\n|\n|-heal|p1a: Iron Crown|150/268|[from] item: Leftovers\n|upkeep\n|turn|15\n|inactive|Time left: 300 sec this turn | 300 sec total\n|\n|t:|1783535842\n|move|p2a: Latios|Aura Sphere|p1a: Iron Crown\n|-damage|p1a: Iron Crown|121/268\n|move|p1a: Iron Crown|Calm Mind|p1a: Iron Crown\n|-boost|p1a: Iron Crown|spa|1\n|-boost|p1a: Iron Crown|spd|1\n|\n|-heal|p1a: Iron Crown|137/268|[from] item: Leftovers\n|upkeep\n|turn|16\n|inactive|Time left: 300 sec this turn | 300 sec total\n|\n|t:|1783535843\n|move|p2a: Latios|Draco Meteor|p1a: Iron Crown\n|-resisted|p1a: Iron Crown\n|-damage|p1a: Iron Crown|109/268\n|-unboost|p2a: Latios|spa|2\n|move|p1a: Iron Crown|Tachyon Cutter|p2a: Latios\n|-damage|p2a: Latios|0 fnt\n|faint|p2a: Latios\n|-hitcount|p2: Latios|1\n|\n|-heal|p1a: Iron Crown|125/268|[from] item: Leftovers\n|upkeep\n|\n|t:|1783535844\n|switch|p2a: Roaring Moon|Roaring Moon, L72|100/100\n|-damage|p2a: Roaring Moon|84/100|[from] Spikes\n|turn|17\n|inactive|Time left: 300 sec this turn | 300 sec total\n|\n|t:|1783535845\n|-end|p1a: Iron Crown|Quark Drive|[silent]\n|switch|p1a: Great Tusk|Great Tusk, L77|304/304\n|move|p2a: Roaring Moon|Knock Off|p1a: Great Tusk\n|-resisted|p1a: Great Tusk\n|-damage|p1a: Great Tusk|241/304\n|-enditem|p1a: Great Tusk|Choice Scarf|[from] move: Knock Off|[of] p2a: Roaring Moon\n|\n|upkeep\n|turn|18\n|inactive|Time left: 300 sec this turn | 300 sec total\n|\n|t:|1783535846\n|move|p2a: Roaring Moon|Knock Off|p1a: Great Tusk\n|-resisted|p1a: Great Tusk\n|-damage|p1a: Great Tusk|199/304\n|move|p1a: Great Tusk|Close Combat|p2a: Roaring Moon\n|-supereffective|p2a: Roaring Moon\n|-crit|p2a: Roaring Moon\n|-damage|p2a: Roaring Moon|0 fnt\n|-unboost|p1a: Great Tusk|def|1\n|-unboost|p1a: Great Tusk|spd|1\n|faint|p2a: Roaring Moon\n|-end|p2a: Roaring Moon|Protosynthesis|[silent]\n|\n|upkeep\n|\n|t:|1783535847\n|switch|p2a: Shaymin|Shaymin-Sky, L73|100/100\n|turn|19\n|inactive|Time left: 300 sec this turn | 300 sec total\n|\n|t:|1783535848\n|-end|p1a: Great Tusk|Protosynthesis|[silent]\n|switch|p1a: Flutter Mane|Flutter Mane, L74|203/203\n|move|p2a: Shaymin|Air Slash|p1a: Flutter Mane\n|-damage|p1a: Flutter Mane|113/203\n|\n|upkeep\n|turn|20\n|inactive|Time left: 300 sec this turn | 300 sec total\n|\n|t:|1783535849\n|move|p1a: Flutter Mane|Mystical Fire|p2a: Shaymin\n|-supereffective|p2a: Shaymin\n|-damage|p2a: Shaymin|34/100\n|-unboost|p2a: Shaymin|spa|1\n|-damage|p1a: Flutter Mane|93/203|[from] item: Life Orb\n|move|p2a: Shaymin|Air Slash|p1a: Flutter Mane\n|-damage|p1a: Flutter Mane|35/203\n|\n|upkeep\n|turn|21\n|inactive|Time left: 300 sec this turn | 300 sec total\n|\n|t:|1783535850\n|move|p1a: Flutter Mane|Shadow Ball|p2a: Shaymin\n|-damage|p2a: Shaymin|0 fnt\n|faint|p2a: Shaymin\n|-damage|p1a: Flutter Mane|15/203|[from] item: Life Orb\n|\n|upkeep\n|\n|t:|1783535852\n|switch|p2a: Volcanion|Volcanion, L79|21/100\n|turn|22\n|inactive|Time left: 300 sec this turn | 300 sec total\n|\n|t:|1783535853\n|move|p1a: Flutter Mane|Moonblast|p2a: Volcanion\n|-resisted|p2a: Volcanion\n|-damage|p2a: Volcanion|0 fnt\n|faint|p2a: Volcanion\n|-damage|p1a: Flutter Mane|0 fnt|[from] item: Life Orb\n|faint|p1a: Flutter Mane\n|-end|p1a: Flutter Mane|Protosynthesis|[silent]\n|\n|upkeep\n|inactive|Time left: 300 sec this turn | 300 sec total | 5 sec grace\n|\n|t:|1783535854\n|switch|p1a: Great Tusk|Great Tusk, L77|199/304\n|switch|p2a: Phione|Phione, L91|100/100\n|-damage|p2a: Phione|84/100|[from] Spikes\n|turn|23\n|inactive|Time left: 300 sec this turn | 300 sec total\n|\n|t:|1783535855\n|-end|p1a: Great Tusk|Protosynthesis|[silent]\n|switch|p1a: Iron Crown|Iron Crown, L78|125/268\n|move|p2a: Phione|Scald|p1a: Iron Crown\n|-damage|p1a: Iron Crown|44/268\n|\n|-heal|p1a: Iron Crown|60/268|[from] item: Leftovers\n|-heal|p2a: Phione|90/100|[from] item: Leftovers\n|upkeep\n|turn|24\n|inactive|Time left: 300 sec this turn | 300 sec total\n|\n|t:|1783535856\n|-end|p1a: Iron Crown|Quark Drive|[silent]\n|switch|p1a: Altaria|Altaria, L89, F|145/278\n|move|p2a: Phione|Scald|p1a: Altaria\n|-resisted|p1a: Altaria\n|-damage|p1a: Altaria|111/278\n|\n|-heal|p2a: Phione|96/100|[from] item: Leftovers\n|upkeep\n|turn|25\n|inactive|Time left: 300 sec this turn | 300 sec total\n|\n|t:|1783535857\n|move|p2a: Phione|Scald|p1a: Altaria\n|-resisted|p1a: Altaria\n|-damage|p1a: Altaria|78/278\n|-status|p1a: Altaria|brn\n|move|p1a: Altaria|Roost|p1a: Altaria\n|-heal|p1a: Altaria|217/278 brn\n|-singleturn|p1a: Altaria|move: Roost\n|\n|-heal|p2a: Phione|100/100|[from] item: Leftovers\n|-damage|p1a: Altaria|200/278 brn|[from] brn\n|upkeep\n|turn|26\n|inactive|Time left: 300 sec this turn | 300 sec total\n|\n|t:|1783535858\n|-curestatus|p1a: Altaria|brn|[from] ability: Natural Cure|[silent]\n|switch|p1a: Clodsire|Clodsire, L81, F|343/343\n|move|p2a: Phione|Scald|p1a: Clodsire\n|-supereffective|p1a: Clodsire\n|-damage|p1a: Clodsire|185/343\n|-status|p1a: Clodsire|brn\n|\n|-heal|p1a: Clodsire|206/343 brn|[from] item: Leftovers\n|-damage|p1a: Clodsire|185/343 brn|[from] brn\n|upkeep\n|turn|27\n|inactive|Time left: 300 sec this turn | 300 sec total\n|\n|t:|1783535859\n|move|p2a: Phione|Scald|p1a: Clodsire\n|-supereffective|p1a: Clodsire\n|-damage|p1a: Clodsire|21/343 brn\n|move|p1a: Clodsire|Recover|p1a: Clodsire\n|-heal|p1a: Clodsire|193/343 brn\n|\n|-heal|p1a: Clodsire|214/343 brn|[from] item: Leftovers\n|-damage|p1a: Clodsire|193/343 brn|[from] brn\n|upkeep\n|turn|28\n|inactive|Time left: 300 sec this turn | 300 sec total\n|\n|t:|1783535861\n|move|p2a: Phione|Scald|p1a: Clodsire\n|-supereffective|p1a: Clodsire\n|-damage|p1a: Clodsire|31/343 brn\n|move|p1a: Clodsire|Recover|p1a: Clodsire\n|-heal|p1a: Clodsire|203/343 brn\n|\n|-heal|p1a: Clodsire|224/343 brn|[from] item: Leftovers\n|-damage|p1a: Clodsire|203/343 brn|[from] brn\n|upkeep\n|turn|29\n|inactive|Time left: 300 sec this turn | 300 sec total\n|\n|t:|1783535862\n|move|p2a: Phione|Scald|p1a: Clodsire\n|-supereffective|p1a: Clodsire\n|-damage|p1a: Clodsire|41/343 brn\n|move|p1a: Clodsire|Recover|p1a: Clodsire\n|-heal|p1a: Clodsire|213/343 brn\n|\n|-heal|p1a: Clodsire|234/343 brn|[from] item: Leftovers\n|-damage|p1a: Clodsire|213/343 brn|[from] brn\n|upkeep\n|turn|30\n|inactive|Time left: 300 sec this turn | 300 sec total\n|\n|t:|1783535863\n|move|p2a: Phione|Scald|p1a: Clodsire\n|-supereffective|p1a: Clodsire\n|-damage|p1a: Clodsire|45/343 brn\n|move|p1a: Clodsire|Recover|p1a: Clodsire\n|-heal|p1a: Clodsire|217/343 brn\n|\n|-heal|p1a: Clodsire|238/343 brn|[from] item: Leftovers\n|-damage|p1a: Clodsire|217/343 brn|[from] brn\n|upkeep\n|turn|31\n|inactive|Time left: 300 sec this turn | 300 sec total\n|\n|t:|1783535864\n|move|p2a: Phione|Scald|p1a: Clodsire\n|-supereffective|p1a: Clodsire\n|-damage|p1a: Clodsire|67/343 brn\n|move|p1a: Clodsire|Recover|p1a: Clodsire\n|-heal|p1a: Clodsire|239/343 brn\n|\n|-heal|p1a: Clodsire|260/343 brn|[from] item: Leftovers\n|-damage|p1a: Clodsire|239/343 brn|[from] brn\n|upkeep\n|turn|32\n|inactive|Time left: 300 sec this turn | 300 sec total\n|\n|t:|1783535865\n|move|p2a: Phione|Scald|p1a: Clodsire\n|-supereffective|p1a: Clodsire\n|-damage|p1a: Clodsire|89/343 brn\n|move|p1a: Clodsire|Recover|p1a: Clodsire\n|-heal|p1a: Clodsire|261/343 brn\n|\n|-heal|p1a: Clodsire|282/343 brn|[from] item: Leftovers\n|-damage|p1a: Clodsire|261/343 brn|[from] brn\n|upkeep\n|turn|33\n|inactive|Time left: 300 sec this turn | 300 sec total\n|\n|t:|1783535866\n|move|p2a: Phione|Scald|p1a: Clodsire\n|-supereffective|p1a: Clodsire\n|-damage|p1a: Clodsire|91/343 brn\n|move|p1a: Clodsire|Recover|p1a: Clodsire\n|-heal|p1a: Clodsire|263/343 brn\n|\n|-heal|p1a: Clodsire|284/343 brn|[from] item: Leftovers\n|-damage|p1a: Clodsire|263/343 brn|[from] brn\n|upkeep\n|turn|34\n|inactive|Time left: 300 sec this turn | 300 sec total\n|\n|t:|1783535868\n|move|p2a: Phione|Scald|p1a: Clodsire\n|-supereffective|p1a: Clodsire\n|-damage|p1a: Clodsire|93/343 brn\n|move|p1a: Clodsire|Recover|p1a: Clodsire\n|-heal|p1a: Clodsire|265/343 brn\n|\n|-heal|p1a: Clodsire|286/343 brn|[from] item: Leftovers\n|-damage|p1a: Clodsire|265/343 brn|[from] brn\n|upkeep\n|turn|35\n|inactive|Time left: 300 sec this turn | 300 sec total\n|\n|t:|1783535869\n|move|p2a: Phione|Scald|p1a: Clodsire\n|-supereffective|p1a: Clodsire\n|-damage|p1a: Clodsire|115/343 brn\n|move|p1a: Clodsire|Toxic|p2a: Phione\n|-status|p2a: Phione|tox\n|\n|-heal|p1a: Clodsire|136/343 brn|[from] item: Leftovers\n|-damage|p2a: Phione|94/100 tox|[from] psn\n|-damage|p1a: Clodsire|115/343 brn|[from] brn\n|upkeep\n|turn|36\n|inactive|Time left: 300 sec this turn | 300 sec total\n|\n|t:|1783535870\n|switch|p1a: Altaria|Altaria, L89, F|200/278\n|move|p2a: Phione|Scald|p1a: Altaria\n|-resisted|p1a: Altaria\n|-damage|p1a: Altaria|161/278\n|-status|p1a: Altaria|brn\n|\n|-heal|p2a: Phione|100/100 tox|[from] item: Leftovers\n|-damage|p2a: Phione|88/100 tox|[from] psn\n|-damage|p1a: Altaria|144/278 brn|[from] brn\n|upkeep\n|turn|37\n|inactive|Time left: 300 sec this turn | 300 sec total\n|\n|t:|1783535871\n|move|p2a: Phione|Rest|p2a: Phione\n|-status|p2a: Phione|slp|[from] move: Rest\n|-heal|p2a: Phione|100/100 slp|[silent]\n|move|p1a: Altaria|Roost|p1a: Altaria\n|-heal|p1a: Altaria|278/278 brn\n|-singleturn|p1a: Altaria|move: Roost\n|\n|-damage|p1a: Altaria|261/278 brn|[from] brn\n|upkeep\n|turn|38\n|inactive|Time left: 300 sec this turn | 300 sec total\n|\n|t:|1783535872\n|-curestatus|p1a: Altaria|brn|[from] ability: Natural Cure|[silent]\n|switch|p1a: Clodsire|Clodsire, L81, F|115/343 brn\n|cant|p2a: Phione|slp\n|move|p2a: Phione|Sleep Talk|p2a: Phione\n|move|p2a: Phione|Scald|p1a: Clodsire|[from] move: Sleep Talk\n|-supereffective|p1a: Clodsire\n|-damage|p1a: Clodsire|0 fnt\n|faint|p1a: Clodsire\n|\n|upkeep\n|inactive|Time left: 300 sec this turn | 300 sec total | 5 sec grace\n|\n|t:|1783535873\n|switch|p1a: Iron Crown|Iron Crown, L78|60/268\n|turn|39\n|inactive|Time left: 300 sec this turn | 300 sec total\n|\n|t:|1783535874\n|move|p1a: Iron Crown|Calm Mind|p1a: Iron Crown\n|-boost|p1a: Iron Crown|spa|1\n|-boost|p1a: Iron Crown|spd|1\n|cant|p2a: Phione|slp\n|move|p2a: Phione|Sleep Talk|p2a: Phione\n|move|p2a: Phione|Rest||[from] move: Sleep Talk|[still]\n|-fail|p2a: Phione\n|\n|-heal|p1a: Iron Crown|76/268|[from] item: Leftovers\n|upkeep\n|turn|40\n|inactive|Time left: 300 sec this turn | 300 sec total\n|\n|t:|1783535875\n|move|p1a: Iron Crown|Calm Mind|p1a: Iron Crown\n|-boost|p1a: Iron Crown|spa|1\n|-boost|p1a: Iron Crown|spd|1\n|-curestatus|p2a: Phione|slp|[msg]\n|move|p2a: Phione|Scald|p1a: Iron Crown\n|-damage|p1a: Iron Crown|37/268\n|\n|-heal|p1a: Iron Crown|53/268|[from] item: Leftovers\n|upkeep\n|turn|41\n|inactive|Time left: 300 sec this turn | 300 sec total\n|\n|t:|1783535876\n|move|p1a: Iron Crown|Calm Mind|p1a: Iron Crown\n|-boost|p1a: Iron Crown|spa|1\n|-boost|p1a: Iron Crown|spd|1\n|move|p2a: Phione|Scald|p1a: Iron Crown\n|-damage|p1a: Iron Crown|22/268\n|-status|p1a: Iron Crown|brn\n|\n|-heal|p1a: Iron Crown|38/268 brn|[from] item: Leftovers\n|-damage|p1a: Iron Crown|22/268 brn|[from] brn\n|upkeep\n|turn|42\n|inactive|Time left: 300 sec this turn | 300 sec total\n|\n|t:|1783535877\n|move|p1a: Iron Crown|Psyshock|p2a: Phione\n|-damage|p2a: Phione|31/100\n|move|p2a: Phione|Scald|p1a: Iron Crown\n|-damage|p1a: Iron Crown|0 fnt\n|faint|p1a: Iron Crown\n|-end|p1a: Iron Crown|Quark Drive|[silent]\n|\n|-heal|p2a: Phione|37/100|[from] item: Leftovers\n|upkeep\n|inactive|Time left: 300 sec this turn | 300 sec total | 5 sec grace\n|\n|t:|1783535878\n|switch|p1a: Altaria|Altaria, L89, F|261/278\n|turn|43\n|inactive|Time left: 300 sec this turn | 300 sec total\n|\n|t:|1783535879\n|move|p2a: Phione|Rest|p2a: Phione\n|-status|p2a: Phione|slp|[from] move: Rest\n|-heal|p2a: Phione|100/100 slp|[silent]\n|move|p1a: Altaria|Brave Bird|p2a: Phione\n|-damage|p2a: Phione|66/100 slp\n|-damage|p1a: Altaria|227/278|[from] Recoil\n|\n|-heal|p2a: Phione|72/100 slp|[from] item: Leftovers\n|upkeep\n|turn|44\n|inactive|Time left: 300 sec this turn | 300 sec total\n|\n|t:|1783535880\n|cant|p2a: Phione|slp\n|move|p2a: Phione|Sleep Talk|p2a: Phione\n|move|p2a: Phione|Scald|p1a: Altaria|[from] move: Sleep Talk\n|-resisted|p1a: Altaria\n|-damage|p1a: Altaria|188/278\n|-status|p1a: Altaria|brn\n|move|p1a: Altaria|Earthquake|p2a: Phione\n|-damage|p2a: Phione|62/100 slp\n|\n|-heal|p2a: Phione|68/100 slp|[from] item: Leftovers\n|-damage|p1a: Altaria|171/278 brn|[from] brn\n|upkeep\n|turn|45\n|inactive|Time left: 300 sec this turn | 300 sec total\n|\n|t:|1783535881\n|cant|p2a: Phione|slp\n|move|p2a: Phione|Sleep Talk|p2a: Phione\n|move|p2a: Phione|Rest||[from] move: Sleep Talk|[still]\n|-fail|p2a: Phione\n|move|p1a: Altaria|Roost|p1a: Altaria\n|-heal|p1a: Altaria|278/278 brn\n|-singleturn|p1a: Altaria|move: Roost\n|\n|-heal|p2a: Phione|74/100 slp|[from] item: Leftovers\n|-damage|p1a: Altaria|261/278 brn|[from] brn\n|upkeep\n|turn|46\n|inactive|Time left: 300 sec this turn | 300 sec total\n|\n|t:|1783535882\n|-curestatus|p1a: Altaria|brn|[from] ability: Natural Cure|[silent]\n|switch|p1a: Forretress|Forretress, L84, M|83/263\n|-curestatus|p2a: Phione|slp|[msg]\n|move|p2a: Phione|Scald|p1a: Forretress\n|-damage|p1a: Forretress|0 fnt\n|faint|p1a: Forretress\n|\n|-heal|p2a: Phione|80/100|[from] item: Leftovers\n|upkeep\n|inactive|Time left: 300 sec this turn | 300 sec total | 5 sec grace\n|\n|t:|1783535884\n|switch|p1a: Altaria|Altaria, L89, F|261/278\n|turn|47\n|inactive|Time left: 300 sec this turn | 300 sec total\n|\n|t:|1783535885\n|move|p2a: Phione|Scald|p1a: Altaria\n|-resisted|p1a: Altaria\n|-damage|p1a: Altaria|222/278\n|-status|p1a: Altaria|brn\n|move|p1a: Altaria|Earthquake|p2a: Phione\n|-damage|p2a: Phione|70/100\n|\n|-heal|p2a: Phione|76/100|[from] item: Leftovers\n|-damage|p1a: Altaria|205/278 brn|[from] brn\n|upkeep\n|turn|48\n|inactive|Time left: 300 sec this turn | 300 sec total\n|\n|t:|1783535886\n|move|p2a: Phione|Scald|p1a: Altaria\n|-resisted|p1a: Altaria\n|-damage|p1a: Altaria|169/278 brn\n|move|p1a: Altaria|Roost|p1a: Altaria\n|-heal|p1a: Altaria|278/278 brn\n|-singleturn|p1a: Altaria|move: Roost\n|\n|-heal|p2a: Phione|82/100|[from] item: Leftovers\n|-damage|p1a: Altaria|261/278 brn|[from] brn\n|upkeep\n|turn|49\n|inactive|Time left: 300 sec this turn | 300 sec total\n|\n|t:|1783535887\n|move|p2a: Phione|Scald|p1a: Altaria\n|-resisted|p1a: Altaria\n|-damage|p1a: Altaria|228/278 brn\n|move|p1a: Altaria|Roost|p1a: Altaria\n|-heal|p1a: Altaria|278/278 brn\n|-singleturn|p1a: Altaria|move: Roost\n|\n|-heal|p2a: Phione|88/100|[from] item: Leftovers\n|-damage|p1a: Altaria|261/278 brn|[from] brn\n|upkeep\n|turn|50\n|inactive|Time left: 300 sec this turn | 300 sec total\n|\n|t:|1783535888\n|move|p2a: Phione|Scald|p1a: Altaria\n|-resisted|p1a: Altaria\n|-damage|p1a: Altaria|225/278 brn\n|move|p1a: Altaria|Roost|p1a: Altaria\n|-heal|p1a: Altaria|278/278 brn\n|-singleturn|p1a: Altaria|move: Roost\n|\n|-heal|p2a: Phione|94/100|[from] item: Leftovers\n|-damage|p1a: Altaria|261/278 brn|[from] brn\n|upkeep\n|turn|51\n|inactive|Time left: 300 sec this turn | 300 sec total\n|\n|t:|1783535889\n|move|p2a: Phione|Scald|p1a: Altaria\n|-resisted|p1a: Altaria\n|-damage|p1a: Altaria|226/278 brn\n|move|p1a: Altaria|Brave Bird|p2a: Phione\n|-damage|p2a: Phione|77/100\n|-damage|p1a: Altaria|209/278 brn|[from] Recoil\n|\n|-heal|p2a: Phione|83/100|[from] item: Leftovers\n|-damage|p1a: Altaria|192/278 brn|[from] brn\n|upkeep\n|turn|52\n|inactive|Time left: 300 sec this turn | 300 sec total\n|\n|t:|1783535890\n|move|p2a: Phione|Sleep Talk||[still]\n|-fail|p2a: Phione\n|move|p1a: Altaria|Roost|p1a: Altaria\n|-heal|p1a: Altaria|278/278 brn\n|-singleturn|p1a: Altaria|move: Roost\n|\n|-heal|p2a: Phione|89/100|[from] item: Leftovers\n|-damage|p1a: Altaria|261/278 brn|[from] brn\n|upkeep\n|turn|53\n|inactive|Time left: 300 sec this turn | 300 sec total\n|\n|t:|1783535891\n|move|p2a: Phione|Take Heart|p2a: Phione\n|-boost|p2a: Phione|spa|1\n|-boost|p2a: Phione|spd|1\n|move|p1a: Altaria|Roost|p1a: Altaria\n|-heal|p1a: Altaria|278/278 brn\n|-singleturn|p1a: Altaria|move: Roost\n|\n|-heal|p2a: Phione|95/100|[from] item: Leftovers\n|-damage|p1a: Altaria|261/278 brn|[from] brn\n|upkeep\n|turn|54\n|inactive|Time left: 300 sec this turn | 300 sec total\n|\n|t:|1783535892\n|move|p2a: Phione|Sleep Talk||[still]\n|-fail|p2a: Phione\n|move|p1a: Altaria|Haze|p1a: Altaria\n|-clearallboost\n|\n|-heal|p2a: Phione|100/100|[from] item: Leftovers\n|-damage|p1a: Altaria|244/278 brn|[from] brn\n|upkeep\n|turn|55\n|inactive|Time left: 300 sec this turn | 300 sec total\n|\n|t:|1783535893\n|-curestatus|p1a: Altaria|brn|[from] ability: Natural Cure|[silent]\n|switch|p1a: Great Tusk|Great Tusk, L77|199/304\n|move|p2a: Phione|Scald|p1a: Great Tusk\n|-supereffective|p1a: Great Tusk\n|-damage|p1a: Great Tusk|0 fnt\n|faint|p1a: Great Tusk\n|-end|p1a: Great Tusk|Protosynthesis|[silent]\n|\n|upkeep\n|inactive|Time left: 300 sec this turn | 300 sec total | 5 sec grace\n|\n|t:|1783535894\n|switch|p1a: Altaria|Altaria, L89, F|244/278\n|turn|56\n|inactive|Time left: 300 sec this turn | 300 sec total\n|\n|t:|1783535895\n|move|p2a: Phione|Take Heart|p2a: Phione\n|-boost|p2a: Phione|spa|1\n|-boost|p2a: Phione|spd|1\n|move|p1a: Altaria|Earthquake|p2a: Phione\n|-damage|p2a: Phione|81/100\n|\n|-heal|p2a: Phione|88/100|[from] item: Leftovers\n|upkeep\n|turn|57\n|inactive|Time left: 300 sec this turn | 300 sec total\n|\n|t:|1783535896\n|move|p2a: Phione|Take Heart|p2a: Phione\n|-boost|p2a: Phione|spa|1\n|-boost|p2a: Phione|spd|1\n|move|p1a: Altaria|Earthquake|p2a: Phione\n|-damage|p2a: Phione|68/100\n|\n|-heal|p2a: Phione|75/100|[from] item: Leftovers\n|upkeep\n|turn|58\n|inactive|Time left: 300 sec this turn | 300 sec total\n|\n|t:|1783535897\n|move|p2a: Phione|Rest|p2a: Phione\n|-status|p2a: Phione|slp|[from] move: Rest\n|-heal|p2a: Phione|100/100 slp|[silent]\n|move|p1a: Altaria|Haze|p1a: Altaria\n|-clearallboost\n|\n|upkeep\n|turn|59\n|inactive|Time left: 300 sec this turn | 300 sec total\n|\n|t:|1783535897\n|cant|p2a: Phione|slp\n|move|p2a: Phione|Sleep Talk|p2a: Phione\n|move|p2a: Phione|Rest||[from] move: Sleep Talk|[still]\n|-fail|p2a: Phione\n|move|p1a: Altaria|Earthquake|p2a: Phione\n|-damage|p2a: Phione|79/100 slp\n|\n|-heal|p2a: Phione|85/100 slp|[from] item: Leftovers\n|upkeep\n|turn|60\n|inactive|Time left: 300 sec this turn | 300 sec total\n|\n|t:|1783535898\n|cant|p2a: Phione|slp\n|move|p2a: Phione|Sleep Talk|p2a: Phione\n|move|p2a: Phione|Rest||[from] move: Sleep Talk|[still]\n|-fail|p2a: Phione\n|move|p1a: Altaria|Earthquake|p2a: Phione\n|-damage|p2a: Phione|65/100 slp\n|\n|-heal|p2a: Phione|71/100 slp|[from] item: Leftovers\n|upkeep\n|turn|61\n|inactive|Time left: 300 sec this turn | 300 sec total\n|\n|t:|1783535899\n|-curestatus|p2a: Phione|slp|[msg]\n|move|p2a: Phione|Take Heart|p2a: Phione\n|-boost|p2a: Phione|spa|1\n|-boost|p2a: Phione|spd|1\n|move|p1a: Altaria|Earthquake|p2a: Phione\n|-damage|p2a: Phione|50/100\n|\n|-heal|p2a: Phione|56/100|[from] item: Leftovers\n|upkeep\n|turn|62\n|inactive|Time left: 300 sec this turn | 300 sec total\n|\n|t:|1783535901\n|move|p2a: Phione|Rest|p2a: Phione\n|-status|p2a: Phione|slp|[from] move: Rest\n|-heal|p2a: Phione|100/100 slp|[silent]\n|move|p1a: Altaria|Brave Bird|p2a: Phione\n|-damage|p2a: Phione|63/100 slp\n|-damage|p1a: Altaria|207/278|[from] Recoil\n|\n|-heal|p2a: Phione|69/100 slp|[from] item: Leftovers\n|upkeep\n|turn|63\n|inactive|Time left: 300 sec this turn | 300 sec total\n|\n|t:|1783535902\n|cant|p2a: Phione|slp\n|move|p2a: Phione|Sleep Talk|p2a: Phione\n|move|p2a: Phione|Take Heart|p2a: Phione|[from] move: Sleep Talk\n|-boost|p2a: Phione|spa|1\n|-boost|p2a: Phione|spd|1\n|-curestatus|p2a: Phione|slp|[msg]\n|move|p1a: Altaria|Earthquake|p2a: Phione\n|-damage|p2a: Phione|50/100\n|\n|-heal|p2a: Phione|56/100|[from] item: Leftovers\n|upkeep\n|turn|64\n|inactive|Time left: 300 sec this turn | 300 sec total\n|\n|t:|1783535903\n|move|p2a: Phione|Rest|p2a: Phione\n|-status|p2a: Phione|slp|[from] move: Rest\n|-heal|p2a: Phione|100/100 slp|[silent]\n|move|p1a: Altaria|Earthquake|p2a: Phione\n|-damage|p2a: Phione|79/100 slp\n|\n|-heal|p2a: Phione|85/100 slp|[from] item: Leftovers\n|upkeep\n|turn|65\n|inactive|Time left: 300 sec this turn | 300 sec total\n|\n|t:|1783535904\n|cant|p2a: Phione|slp\n|move|p2a: Phione|Sleep Talk|p2a: Phione\n|move|p2a: Phione|Rest||[from] move: Sleep Talk|[still]\n|-fail|p2a: Phione\n|move|p1a: Altaria|Haze|p1a: Altaria\n|-clearallboost\n|\n|-heal|p2a: Phione|91/100 slp|[from] item: Leftovers\n|upkeep\n|turn|66\n|inactive|Time left: 300 sec this turn | 300 sec total\n|\n|t:|1783535905\n|cant|p2a: Phione|slp\n|move|p2a: Phione|Sleep Talk|p2a: Phione\n|move|p2a: Phione|Scald|p1a: Altaria|[from] move: Sleep Talk\n|-resisted|p1a: Altaria\n|-damage|p1a: Altaria|174/278\n|-status|p1a: Altaria|brn\n|move|p1a: Altaria|Earthquake|p2a: Phione\n|-damage|p2a: Phione|81/100 slp\n|\n|-heal|p2a: Phione|88/100 slp|[from] item: Leftovers\n|-damage|p1a: Altaria|157/278 brn|[from] brn\n|upkeep\n|turn|67\n|inactive|Time left: 300 sec this turn | 300 sec total\n|\n|t:|1783535906\n|switch|p2a: Zebstrika|Zebstrika, L87, F|81/100\n|-damage|p2a: Zebstrika|64/100|[from] Spikes\n|move|p1a: Altaria|Brave Bird|p2a: Zebstrika\n|-resisted|p2a: Zebstrika\n|-damage|p2a: Zebstrika|52/100\n|-damage|p1a: Altaria|146/278 brn|[from] Recoil\n|\n|-damage|p1a: Altaria|129/278 brn|[from] brn\n|upkeep\n|turn|68\n|inactive|Time left: 300 sec this turn | 300 sec total\n|\n|t:|1783535907\n|-terastallize|p2a: Zebstrika|Ground\n|move|p2a: Zebstrika|Supercell Slam|p1a: Altaria\n|-damage|p1a: Altaria|0 fnt\n|faint|p1a: Altaria\n|-damage|p2a: Zebstrika|42/100|[from] item: Life Orb\n|\n|win|p0y222d9af", "uploadtime": 1783535907, "views": 0, "rating": 0, "private": 0, "password": null, "_winner": "p0y222d9af", "_our_name": "p0x22201b0"}