{"id": "battle-gen9randombattle-1815", "formatid": "gen9randombattle", "format": "[Gen 9] Random Battle", "players": ["p0x1815e7a7", "p0y1815da32"], "log": "|init|battle\n|title|p0x1815e7a7 vs. p0y1815da32\n|j|\u2606p0x1815e7a7\n|j|\u2606p0y1815da32\n|t:|1783561022\n|gametype|singles\n|player|p1|p0x1815e7a7|101|\n|player|p2|p0y1815da32|265|\n|gen|9\n|tier|[Gen 9] Random Battle\n|rule|Species Clause: Limit one of each Pok\u00e9mon\n|rule|HP Percentage Mod: HP is shown in percentages\n|rule|Sleep Clause Mod: Limit one foe put to sleep\n|rule|Illusion Level Mod: Illusion disguises the Pok\u00e9mon's true level\n|\n|t:|1783561022\n|teamsize|p1|6\n|teamsize|p2|6\n|start\n|switch|p1a: Eternatus|Eternatus, L69|308/308\n|switch|p2a: Moltres|Moltres, L81|100/100\n|-ability|p1a: Eternatus|Pressure\n|turn|1\n|inactive|Battle timer is ON: inactive players will automatically lose when time's up. (requested by p0y1815da32)\n|inactive|Time left: 300 sec this turn | 300 sec total | 60 sec grace\n|inactive|p0x1815e7a7 also wants the timer to be on.\n|\n|t:|1783561024\n|switch|p2a: Clodsire|Clodsire, L81, M|100/100\n|move|p1a: Eternatus|Meteor Beam||[still]\n|-prepare|p1a: Eternatus|Meteor Beam\n|-boost|p1a: Eternatus|spa|1\n|-enditem|p1a: Eternatus|Power Herb\n|-anim|p1a: Eternatus|Meteor Beam|p2a: Clodsire\n|-resisted|p2a: Clodsire\n|-damage|p2a: Clodsire|83/100\n|\n|-heal|p2a: Clodsire|89/100|[from] item: Leftovers\n|upkeep\n|turn|2\n|inactive|Time left: 300 sec this turn | 300 sec total\n|\n|t:|1783561025\n|move|p1a: Eternatus|Meteor Beam||[still]\n|-prepare|p1a: Eternatus|Meteor Beam\n|-boost|p1a: Eternatus|spa|1\n|move|p2a: Clodsire|Earthquake|p1a: Eternatus\n|-supereffective|p1a: Eternatus\n|-damage|p1a: Eternatus|108/308\n|\n|-heal|p2a: Clodsire|96/100|[from] item: Leftovers\n|upkeep\n|turn|3\n|inactive|Time left: 300 sec this turn | 300 sec total\n|\n|t:|1783561026\n|move|p1a: Eternatus|Meteor Beam|p2a: Clodsire|[from] lockedmove\n|-resisted|p2a: Clodsire\n|-damage|p2a: Clodsire|75/100\n|move|p2a: Clodsire|Earthquake|p1a: Eternatus\n|-supereffective|p1a: Eternatus\n|-damage|p1a: Eternatus|0 fnt\n|faint|p1a: Eternatus\n|\n|-heal|p2a: Clodsire|82/100|[from] item: Leftovers\n|upkeep\n|inactive|Time left: 300 sec this turn | 300 sec total | 5 sec grace\n|\n|t:|1783561028\n|switch|p1a: Charizard|Charizard, L85, M|271/271\n|turn|4\n|inactive|Time left: 300 sec this turn | 300 sec total\n|\n|t:|1783561029\n|move|p1a: Charizard|Swords Dance|p1a: Charizard\n|-boost|p1a: Charizard|atk|2\n|move|p2a: Clodsire|Recover|p2a: Clodsire\n|-heal|p2a: Clodsire|100/100\n|\n|upkeep\n|turn|5\n|inactive|Time left: 300 sec this turn | 300 sec total\n|\n|t:|1783561030\n|move|p1a: Charizard|Outrage|p2a: Clodsire\n|-damage|p2a: Clodsire|40/100\n|move|p2a: Clodsire|Recover|p2a: Clodsire\n|-heal|p2a: Clodsire|91/100\n|\n|-heal|p2a: Clodsire|97/100|[from] item: Leftovers\n|upkeep\n|turn|6\n|inactive|Time left: 300 sec this turn | 300 sec total\n|\n|t:|1783561031\n|move|p1a: Charizard|Outrage|p2a: Clodsire|[from] lockedmove\n|-damage|p2a: Clodsire|33/100\n|move|p2a: Clodsire|Recover|p2a: Clodsire\n|-heal|p2a: Clodsire|83/100\n|\n|-heal|p2a: Clodsire|89/100|[from] item: Leftovers\n|upkeep\n|turn|7\n|inactive|Time left: 300 sec this turn | 300 sec total\n|\n|t:|1783561032\n|move|p1a: Charizard|Outrage|p2a: Clodsire|[from] lockedmove\n|-damage|p2a: Clodsire|29/100\n|-start|p1a: Charizard|confusion|[fatigue]\n|move|p2a: Clodsire|Recover|p2a: Clodsire\n|-heal|p2a: Clodsire|80/100\n|\n|-heal|p2a: Clodsire|86/100|[from] item: Leftovers\n|upkeep\n|turn|8\n|inactive|Time left: 300 sec this turn | 300 sec total\n|\n|t:|1783561033\n|-activate|p1a: Charizard|confusion\n|move|p1a: Charizard|Flare Blitz|p2a: Clodsire\n|-damage|p2a: Clodsire|0 fnt\n|faint|p2a: Clodsire\n|-damage|p1a: Charizard|175/271|[from] Recoil\n|\n|upkeep\n|\n|t:|1783561035\n|switch|p2a: Dewgong|Dewgong, L94, F|100/100\n|turn|9\n|inactive|Time left: 300 sec this turn | 300 sec total\n|\n|t:|1783561036\n|-activate|p1a: Charizard|confusion\n|move|p1a: Charizard|Outrage|p2a: Dewgong\n|-damage|p2a: Dewgong|50/100\n|move|p2a: Dewgong|Surf|p1a: Charizard\n|-supereffective|p1a: Charizard\n|-damage|p1a: Charizard|0 fnt\n|faint|p1a: Charizard\n|\n|upkeep\n|inactive|Time left: 300 sec this turn | 300 sec total | 5 sec grace\n|\n|t:|1783561037\n|switch|p1a: Scrafty|Scrafty, L83, M|244/244\n|turn|10\n|inactive|Time left: 300 sec this turn | 300 sec total\n|\n|t:|1783561038\n|switch|p2a: Lurantis|Lurantis, L87, F|100/100\n|move|p1a: Scrafty|Bulk Up|p1a: Scrafty\n|-boost|p1a: Scrafty|atk|1\n|-boost|p1a: Scrafty|def|1\n|\n|upkeep\n|turn|11\n|inactive|Time left: 300 sec this turn | 300 sec total\n|\n|t:|1783561039\n|move|p1a: Scrafty|Knock Off|p2a: Lurantis\n|-damage|p2a: Lurantis|44/100\n|-enditem|p2a: Lurantis|Leftovers|[from] move: Knock Off|[of] p1a: Scrafty\n|move|p2a: Lurantis|Superpower|p1a: Scrafty\n|-supereffective|p1a: Scrafty\n|-damage|p1a: Scrafty|138/244\n|-boost|p2a: Lurantis|atk|1\n|-boost|p2a: Lurantis|def|1\n|\n|-heal|p1a: Scrafty|153/244|[from] item: Leftovers\n|upkeep\n|turn|12\n|inactive|Time left: 300 sec this turn | 300 sec total\n|\n|t:|1783561040\n|-terastallize|p1a: Scrafty|Poison\n|move|p1a: Scrafty|Drain Punch|p2a: Lurantis\n|-damage|p2a: Lurantis|17/100\n|-heal|p1a: Scrafty|189/244|[from] drain|[of] p2a: Lurantis\n|move|p2a: Lurantis|Synthesis|p2a: Lurantis\n|-heal|p2a: Lurantis|67/100\n|\n|-heal|p1a: Scrafty|204/244|[from] item: Leftovers\n|upkeep\n|turn|13\n|inactive|Time left: 300 sec this turn | 300 sec total\n|\n|t:|1783561041\n|move|p1a: Scrafty|Bulk Up|p1a: Scrafty\n|-boost|p1a: Scrafty|atk|1\n|-boost|p1a: Scrafty|def|1\n|move|p2a: Lurantis|Superpower|p1a: Scrafty\n|-resisted|p1a: Scrafty\n|-damage|p1a: Scrafty|175/244\n|-boost|p2a: Lurantis|atk|1\n|-boost|p2a: Lurantis|def|1\n|\n|-heal|p1a: Scrafty|190/244|[from] item: Leftovers\n|upkeep\n|turn|14\n|inactive|Time left: 300 sec this turn | 300 sec total\n|\n|t:|1783561042\n|move|p1a: Scrafty|Drain Punch|p2a: Lurantis\n|-damage|p2a: Lurantis|40/100\n|-heal|p1a: Scrafty|226/244|[from] drain|[of] p2a: Lurantis\n|move|p2a: Lurantis|Leaf Storm|p1a: Scrafty\n|-resisted|p1a: Scrafty\n|-damage|p1a: Scrafty|173/244\n|-boost|p2a: Lurantis|spa|2\n|\n|-heal|p1a: Scrafty|188/244|[from] item: Leftovers\n|upkeep\n|turn|15\n|inactive|Time left: 300 sec this turn | 300 sec total\n|\n|t:|1783561043\n|move|p1a: Scrafty|Drain Punch|p2a: Lurantis\n|-damage|p2a: Lurantis|13/100\n|-heal|p1a: Scrafty|224/244|[from] drain|[of] p2a: Lurantis\n|move|p2a: Lurantis|Synthesis|p2a: Lurantis\n|-heal|p2a: Lurantis|63/100\n|\n|-heal|p1a: Scrafty|239/244|[from] item: Leftovers\n|upkeep\n|turn|16\n|inactive|Time left: 300 sec this turn | 300 sec total\n|\n|t:|1783561044\n|move|p1a: Scrafty|Drain Punch|p2a: Lurantis\n|-damage|p2a: Lurantis|35/100\n|-heal|p1a: Scrafty|244/244|[from] drain|[of] p2a: Lurantis\n|move|p2a: Lurantis|Leaf Storm|p1a: Scrafty\n|-resisted|p1a: Scrafty\n|-damage|p1a: Scrafty|136/244\n|-boost|p2a: Lurantis|spa|2\n|\n|-heal|p1a: Scrafty|151/244|[from] item: Leftovers\n|upkeep\n|turn|17\n|inactive|Time left: 300 sec this turn | 300 sec total\n|\n|t:|1783561045\n|move|p1a: Scrafty|Drain Punch|p2a: Lurantis\n|-damage|p2a: Lurantis|10/100\n|-heal|p1a: Scrafty|184/244|[from] drain|[of] p2a: Lurantis\n|move|p2a: Lurantis|Synthesis|p2a: Lurantis\n|-heal|p2a: Lurantis|60/100\n|\n|-heal|p1a: Scrafty|199/244|[from] item: Leftovers\n|upkeep\n|turn|18\n|inactive|Time left: 300 sec this turn | 300 sec total\n|\n|t:|1783561046\n|move|p1a: Scrafty|Drain Punch|p2a: Lurantis\n|-damage|p2a: Lurantis|34/100\n|-heal|p1a: Scrafty|234/244|[from] drain|[of] p2a: Lurantis\n|move|p2a: Lurantis|Synthesis|p2a: Lurantis\n|-heal|p2a: Lurantis|84/100\n|\n|-heal|p1a: Scrafty|244/244|[from] item: Leftovers\n|upkeep\n|turn|19\n|inactive|Time left: 300 sec this turn | 300 sec total\n|\n|t:|1783561047\n|move|p1a: Scrafty|Bulk Up|p1a: Scrafty\n|-boost|p1a: Scrafty|atk|1\n|-boost|p1a: Scrafty|def|1\n|move|p2a: Lurantis|Leaf Storm|p1a: Scrafty\n|-resisted|p1a: Scrafty\n|-damage|p1a: Scrafty|90/244\n|-boost|p2a: Lurantis|spa|2\n|\n|-heal|p1a: Scrafty|105/244|[from] item: Leftovers\n|upkeep\n|turn|20\n|inactive|Time left: 300 sec this turn | 300 sec total\n|\n|t:|1783561048\n|move|p1a: Scrafty|Rest|p1a: Scrafty\n|-status|p1a: Scrafty|slp|[from] move: Rest\n|-heal|p1a: Scrafty|244/244 slp|[silent]\n|move|p2a: Lurantis|Leaf Storm|p1a: Scrafty|[miss]\n|-miss|p2a: Lurantis|p1a: Scrafty\n|\n|-activate|p1a: Scrafty|ability: Shed Skin\n|-curestatus|p1a: Scrafty|slp|[msg]\n|upkeep\n|turn|21\n|inactive|Time left: 300 sec this turn | 300 sec total\n|\n|t:|1783561049\n|move|p1a: Scrafty|Drain Punch|p2a: Lurantis\n|-damage|p2a: Lurantis|52/100\n|move|p2a: Lurantis|Leaf Storm|p1a: Scrafty\n|-resisted|p1a: Scrafty\n|-damage|p1a: Scrafty|28/244\n|\n|-heal|p1a: Scrafty|43/244|[from] item: Leftovers\n|upkeep\n|turn|22\n|inactive|Time left: 300 sec this turn | 300 sec total\n|\n|t:|1783561050\n|move|p1a: Scrafty|Drain Punch|p2a: Lurantis\n|-damage|p2a: Lurantis|17/100\n|-heal|p1a: Scrafty|90/244|[from] drain|[of] p2a: Lurantis\n|move|p2a: Lurantis|Synthesis|p2a: Lurantis\n|-heal|p2a: Lurantis|67/100\n|\n|-heal|p1a: Scrafty|105/244|[from] item: Leftovers\n|upkeep\n|turn|23\n|inactive|Time left: 300 sec this turn | 300 sec total\n|\n|t:|1783561050\n|move|p1a: Scrafty|Rest|p1a: Scrafty\n|-status|p1a: Scrafty|slp|[from] move: Rest\n|-heal|p1a: Scrafty|244/244 slp|[silent]\n|move|p2a: Lurantis|Synthesis|p2a: Lurantis\n|-heal|p2a: Lurantis|100/100\n|\n|-activate|p1a: Scrafty|ability: Shed Skin\n|-curestatus|p1a: Scrafty|slp|[msg]\n|upkeep\n|turn|24\n|inactive|Time left: 300 sec this turn | 300 sec total\n|\n|t:|1783561051\n|move|p1a: Scrafty|Drain Punch|p2a: Lurantis\n|-damage|p2a: Lurantis|65/100\n|move|p2a: Lurantis|Leaf Storm|p1a: Scrafty\n|-resisted|p1a: Scrafty\n|-damage|p1a: Scrafty|43/244\n|\n|-heal|p1a: Scrafty|58/244|[from] item: Leftovers\n|upkeep\n|turn|25\n|inactive|Time left: 300 sec this turn | 300 sec total\n|\n|t:|1783561053\n|move|p1a: Scrafty|Rest|p1a: Scrafty\n|-status|p1a: Scrafty|slp|[from] move: Rest\n|-heal|p1a: Scrafty|244/244 slp|[silent]\n|move|p2a: Lurantis|Synthesis|p2a: Lurantis\n|-heal|p2a: Lurantis|100/100\n|\n|upkeep\n|turn|26\n|inactive|Time left: 300 sec this turn | 300 sec total\n|\n|t:|1783561053\n|cant|p1a: Scrafty|slp\n|move|p2a: Lurantis|Leaf Storm|p1a: Scrafty|[miss]\n|-miss|p2a: Lurantis|p1a: Scrafty\n|\n|-activate|p1a: Scrafty|ability: Shed Skin\n|-curestatus|p1a: Scrafty|slp|[msg]\n|upkeep\n|turn|27\n|inactive|Time left: 300 sec this turn | 300 sec total\n|\n|t:|1783561054\n|move|p1a: Scrafty|Drain Punch|p2a: Lurantis\n|-damage|p2a: Lurantis|66/100\n|move|p2a: Lurantis|Superpower|p1a: Scrafty\n|-resisted|p1a: Scrafty\n|-damage|p1a: Scrafty|215/244\n|-boost|p2a: Lurantis|atk|1\n|-boost|p2a: Lurantis|def|1\n|\n|-heal|p1a: Scrafty|230/244|[from] item: Leftovers\n|upkeep\n|turn|28\n|inactive|Time left: 300 sec this turn | 300 sec total\n|\n|t:|1783561055\n|move|p1a: Scrafty|Drain Punch|p2a: Lurantis\n|-damage|p2a: Lurantis|38/100\n|-heal|p1a: Scrafty|244/244|[from] drain|[of] p2a: Lurantis\n|move|p2a: Lurantis|Synthesis|p2a: Lurantis\n|-heal|p2a: Lurantis|88/100\n|\n|upkeep\n|turn|29\n|inactive|Time left: 300 sec this turn | 300 sec total\n|\n|t:|1783561057\n|move|p1a: Scrafty|Bulk Up|p1a: Scrafty\n|-boost|p1a: Scrafty|atk|1\n|-boost|p1a: Scrafty|def|1\n|move|p2a: Lurantis|Superpower|p1a: Scrafty\n|-resisted|p1a: Scrafty\n|-damage|p1a: Scrafty|211/244\n|-boost|p2a: Lurantis|atk|1\n|-boost|p2a: Lurantis|def|1\n|\n|-heal|p1a: Scrafty|226/244|[from] item: Leftovers\n|upkeep\n|turn|30\n|inactive|Time left: 300 sec this turn | 300 sec total\n|\n|t:|1783561058\n|move|p1a: Scrafty|Drain Punch|p2a: Lurantis\n|-damage|p2a: Lurantis|62/100\n|-heal|p1a: Scrafty|244/244|[from] drain|[of] p2a: Lurantis\n|move|p2a: Lurantis|Knock Off|p1a: Scrafty\n|-damage|p1a: Scrafty|179/244\n|-enditem|p1a: Scrafty|Leftovers|[from] move: Knock Off|[of] p2a: Lurantis\n|\n|upkeep\n|turn|31\n|inactive|Time left: 300 sec this turn | 300 sec total\n|\n|t:|1783561059\n|move|p1a: Scrafty|Drain Punch|p2a: Lurantis\n|-damage|p2a: Lurantis|34/100\n|-heal|p1a: Scrafty|216/244|[from] drain|[of] p2a: Lurantis\n|move|p2a: Lurantis|Superpower|p1a: Scrafty\n|-resisted|p1a: Scrafty\n|-damage|p1a: Scrafty|180/244\n|-boost|p2a: Lurantis|atk|1\n|-boost|p2a: Lurantis|def|1\n|\n|upkeep\n|turn|32\n|inactive|Time left: 300 sec this turn | 300 sec total\n|\n|t:|1783561060\n|move|p1a: Scrafty|Drain Punch|p2a: Lurantis\n|-damage|p2a: Lurantis|10/100\n|-heal|p1a: Scrafty|212/244|[from] drain|[of] p2a: Lurantis\n|move|p2a: Lurantis|Leaf Storm|p1a: Scrafty\n|-resisted|p1a: Scrafty\n|-damage|p1a: Scrafty|16/244\n|\n|upkeep\n|turn|33\n|inactive|Time left: 300 sec this turn | 300 sec total\n|\n|t:|1783561061\n|move|p1a: Scrafty|Drain Punch|p2a: Lurantis\n|-damage|p2a: Lurantis|0 fnt\n|-heal|p1a: Scrafty|29/244|[from] drain|[of] p2a: Lurantis\n|faint|p2a: Lurantis\n|\n|upkeep\n|\n|t:|1783561062\n|switch|p2a: Girafarig|Girafarig, L89, F|100/100\n|turn|34\n|inactive|Time left: 300 sec this turn | 300 sec total\n|\n|t:|1783561063\n|move|p2a: Girafarig|Psyshock|p1a: Scrafty\n|-supereffective|p1a: Scrafty\n|-damage|p1a: Scrafty|0 fnt\n|faint|p1a: Scrafty\n|\n|upkeep\n|inactive|Time left: 300 sec this turn | 300 sec total | 5 sec grace\n|\n|t:|1783561064\n|switch|p1a: Chansey|Chansey, L85, F|564/564\n|turn|35\n|inactive|Time left: 300 sec this turn | 300 sec total\n|\n|t:|1783561065\n|move|p2a: Girafarig|Nasty Plot|p2a: Girafarig\n|-boost|p2a: Girafarig|spa|2\n|move|p1a: Chansey|Thunder Wave|p2a: Girafarig\n|-status|p2a: Girafarig|par\n|\n|upkeep\n|turn|36\n|inactive|Time left: 300 sec this turn | 300 sec total\n|\n|t:|1783561066\n|move|p1a: Chansey|Seismic Toss|p2a: Girafarig\n|-damage|p2a: Girafarig|69/100 par\n|move|p2a: Girafarig|Psyshock|p1a: Chansey\n|-damage|p1a: Chansey|144/564\n|\n|upkeep\n|turn|37\n|inactive|Time left: 300 sec this turn | 300 sec total\n|\n|t:|1783561067\n|move|p1a: Chansey|Seismic Toss|p2a: Girafarig\n|-damage|p2a: Girafarig|37/100 par\n|cant|p2a: Girafarig|par\n|\n|upkeep\n|turn|38\n|inactive|Time left: 300 sec this turn | 300 sec total\n|\n|t:|1783561068\n|move|p1a: Chansey|Seismic Toss|p2a: Girafarig\n|-damage|p2a: Girafarig|6/100 par\n|move|p2a: Girafarig|Psyshock|p1a: Chansey\n|-damage|p1a: Chansey|0 fnt\n|faint|p1a: Chansey\n|\n|upkeep\n|inactive|Time left: 300 sec this turn | 300 sec total | 5 sec grace\n|\n|t:|1783561069\n|switch|p1a: Plusle|Plusle, L95, M|268/268\n|turn|39\n|inactive|Time left: 300 sec this turn | 300 sec total\n|\n|t:|1783561070\n|switch|p2a: Flareon|Flareon, L90, F|100/100\n|move|p1a: Plusle|Thunderbolt|p2a: Flareon\n|-damage|p2a: Flareon|59/100\n|-damage|p1a: Plusle|242/268|[from] item: Life Orb\n|\n|-status|p2a: Flareon|tox|[from] item: Toxic Orb\n|upkeep\n|turn|40\n|inactive|Time left: 300 sec this turn | 300 sec total\n|\n|t:|1783561071\n|move|p1a: Plusle|Thunderbolt|p2a: Flareon\n|-damage|p2a: Flareon|13/100 tox\n|-damage|p1a: Plusle|216/268|[from] item: Life Orb\n|move|p2a: Flareon|Facade|p1a: Plusle\n|-damage|p1a: Plusle|0 fnt\n|faint|p1a: Plusle\n|\n|-damage|p2a: Flareon|7/100 tox|[from] psn\n|upkeep\n|inactive|Time left: 300 sec this turn | 300 sec total | 5 sec grace\n|\n|t:|1783561072\n|switch|p1a: Whimsicott|Whimsicott, L84, F|238/238\n|turn|41\n|inactive|Time left: 300 sec this turn | 300 sec total\n|\n|t:|1783561073\n|switch|p2a: Moltres|Moltres, L81|100/100\n|move|p1a: Whimsicott|Moonblast|p2a: Moltres\n|-resisted|p2a: Moltres\n|-damage|p2a: Moltres|84/100\n|-unboost|p2a: Moltres|spa|1\n|\n|upkeep\n|turn|42\n|inactive|Time left: 300 sec this turn | 300 sec total\n|\n|t:|1783561074\n|move|p1a: Whimsicott|Substitute|p1a: Whimsicott\n|-start|p1a: Whimsicott|Substitute\n|-damage|p1a: Whimsicott|179/238\n|move|p2a: Moltres|Brave Bird|p1a: Whimsicott\n|-supereffective|p1a: Whimsicott\n|-end|p1a: Whimsicott|Substitute\n|-damage|p2a: Moltres|77/100|[from] Recoil|[of] p1a: Whimsicott\n|\n|-heal|p1a: Whimsicott|193/238|[from] item: Leftovers\n|upkeep\n|turn|43\n|inactive|Time left: 300 sec this turn | 300 sec total\n|\n|t:|1783561075\n|move|p1a: Whimsicott|Substitute|p1a: Whimsicott\n|-start|p1a: Whimsicott|Substitute\n|-damage|p1a: Whimsicott|134/238\n|move|p2a: Moltres|Brave Bird|p1a: Whimsicott\n|-supereffective|p1a: Whimsicott\n|-end|p1a: Whimsicott|Substitute\n|-damage|p2a: Moltres|70/100|[from] Recoil|[of] p1a: Whimsicott\n|\n|-heal|p1a: Whimsicott|148/238|[from] item: Leftovers\n|upkeep\n|turn|44\n|inactive|Time left: 300 sec this turn | 300 sec total\n|\n|t:|1783561076\n|move|p1a: Whimsicott|Substitute|p1a: Whimsicott\n|-start|p1a: Whimsicott|Substitute\n|-damage|p1a: Whimsicott|89/238\n|move|p2a: Moltres|Brave Bird|p1a: Whimsicott\n|-supereffective|p1a: Whimsicott\n|-end|p1a: Whimsicott|Substitute\n|-damage|p2a: Moltres|63/100|[from] Recoil|[of] p1a: Whimsicott\n|\n|-heal|p1a: Whimsicott|103/238|[from] item: Leftovers\n|upkeep\n|turn|45\n|inactive|Time left: 300 sec this turn | 300 sec total\n|\n|t:|1783561076\n|move|p1a: Whimsicott|Substitute|p1a: Whimsicott\n|-start|p1a: Whimsicott|Substitute\n|-damage|p1a: Whimsicott|44/238\n|move|p2a: Moltres|Brave Bird|p1a: Whimsicott\n|-supereffective|p1a: Whimsicott\n|-end|p1a: Whimsicott|Substitute\n|-damage|p2a: Moltres|57/100|[from] Recoil|[of] p1a: Whimsicott\n|\n|-heal|p1a: Whimsicott|58/238|[from] item: Leftovers\n|upkeep\n|turn|46\n|inactive|Time left: 300 sec this turn | 300 sec total\n|\n|t:|1783561077\n|move|p1a: Whimsicott|Leech Seed|p2a: Moltres|[miss]\n|-miss|p1a: Whimsicott|p2a: Moltres\n|move|p2a: Moltres|Brave Bird|p1a: Whimsicott\n|-supereffective|p1a: Whimsicott\n|-damage|p1a: Whimsicott|0 fnt\n|faint|p1a: Whimsicott\n|-damage|p2a: Moltres|50/100|[from] Recoil\n|\n|win|p0y1815da32", "uploadtime": 1783561077, "views": 0, "rating": 0, "private": 0, "password": null, "_winner": "p0y1815da32", "_our_name": "p0x1815e7a7"}