{"id": "battle-gen9randombattle-1514", "formatid": "gen9randombattle", "format": "[Gen 9] Random Battle", "players": ["p0x1514aa1a", "p0y15140428"], "log": "|init|battle\n|title|p0x1514aa1a vs. p0y15140428\n|j|\u2606p0x1514aa1a\n|j|\u2606p0y15140428\n|t:|1783556682\n|gametype|singles\n|player|p1|p0x1514aa1a|1|\n|player|p2|p0y15140428|169|\n|gen|9\n|tier|[Gen 9] Random Battle\n|rule|Species Clause: Limit one of each Pok\u00e9mon\n|rule|HP Percentage Mod: HP is shown in percentages\n|rule|Sleep Clause Mod: Limit one foe put to sleep\n|rule|Illusion Level Mod: Illusion disguises the Pok\u00e9mon's true level\n|\n|t:|1783556682\n|teamsize|p1|6\n|teamsize|p2|6\n|start\n|switch|p1a: Politoed|Politoed, L88, M|302/302\n|switch|p2a: Hydreigon|Hydreigon, L79, F|100/100\n|-weather|RainDance|[from] ability: Drizzle|[of] p1a: Politoed\n|turn|1\n|inactive|Battle timer is ON: inactive players will automatically lose when time's up. (requested by p0x1514aa1a)\n|inactive|p0y15140428 also wants the timer to be on.\n|\n|t:|1783556684\n|move|p2a: Hydreigon|Dark Pulse|p1a: Politoed\n|-damage|p1a: Politoed|181/302\n|move|p1a: Politoed|Surf|p2a: Hydreigon\n|-resisted|p2a: Hydreigon\n|-damage|p2a: Hydreigon|70/100\n|\n|-weather|RainDance|[upkeep]\n|upkeep\n|turn|2\n|inactive|Time left: 300 sec this turn | 300 sec total\n|\n|t:|1783556685\n|move|p2a: Hydreigon|Dark Pulse|p1a: Politoed\n|-damage|p1a: Politoed|69/302\n|move|p1a: Politoed|Rest|p1a: Politoed\n|-status|p1a: Politoed|slp|[from] move: Rest\n|-heal|p1a: Politoed|302/302 slp|[silent]\n|-enditem|p1a: Politoed|Chesto Berry|[eat]\n|-curestatus|p1a: Politoed|slp|[msg]\n|\n|-weather|RainDance|[upkeep]\n|upkeep\n|turn|3\n|inactive|Time left: 300 sec this turn | 300 sec total\n|\n|t:|1783556687\n|move|p2a: Hydreigon|Dark Pulse|p1a: Politoed\n|-damage|p1a: Politoed|187/302\n|move|p1a: Politoed|Ice Beam|p2a: Hydreigon\n|-supereffective|p2a: Hydreigon\n|-damage|p2a: Hydreigon|23/100\n|\n|-weather|RainDance|[upkeep]\n|upkeep\n|turn|4\n|inactive|Time left: 300 sec this turn | 300 sec total\n|\n|t:|1783556688\n|move|p2a: Hydreigon|Dark Pulse|p1a: Politoed\n|-damage|p1a: Politoed|78/302\n|move|p1a: Politoed|Surf|p2a: Hydreigon\n|-resisted|p2a: Hydreigon\n|-damage|p2a: Hydreigon|0 fnt\n|faint|p2a: Hydreigon\n|\n|-weather|RainDance|[upkeep]\n|upkeep\n|\n|t:|1783556689\n|switch|p2a: Gouging Fire|Gouging Fire, L74|100/100\n|turn|5\n|inactive|Time left: 300 sec this turn | 300 sec total\n|\n|t:|1783556691\n|switch|p1a: Sandaconda|Sandaconda, L84, F|258/258\n|move|p2a: Gouging Fire|Dragon Dance|p2a: Gouging Fire\n|-boost|p2a: Gouging Fire|atk|1\n|-boost|p2a: Gouging Fire|spe|1\n|\n|-weather|none\n|upkeep\n|turn|6\n|inactive|Time left: 300 sec this turn | 300 sec total\n|\n|t:|1783556692\n|-terastallize|p2a: Gouging Fire|Ground\n|move|p2a: Gouging Fire|Outrage|p1a: Sandaconda\n|-damage|p1a: Sandaconda|138/258\n|move|p1a: Sandaconda|Earthquake|p2a: Gouging Fire\n|-damage|p2a: Gouging Fire|63/100\n|\n|-heal|p1a: Sandaconda|154/258|[from] item: Leftovers\n|upkeep\n|turn|7\n|inactive|Time left: 300 sec this turn | 300 sec total\n|\n|t:|1783556693\n|switch|p1a: Electrode|Electrode-Hisui, L87|246/246\n|move|p2a: Gouging Fire|Outrage|p1a: Electrode|[from] lockedmove\n|-damage|p1a: Electrode|38/246\n|\n|upkeep\n|turn|8\n|inactive|Time left: 300 sec this turn | 300 sec total\n|\n|t:|1783556694\n|move|p1a: Electrode|Giga Drain|p2a: Gouging Fire\n|-supereffective|p2a: Gouging Fire\n|-damage|p2a: Gouging Fire|0 fnt\n|-heal|p1a: Electrode|124/246|[from] drain|[of] p2a: Gouging Fire\n|faint|p2a: Gouging Fire\n|-end|p2a: Gouging Fire|Protosynthesis|[silent]\n|-damage|p1a: Electrode|100/246|[from] item: Life Orb\n|\n|upkeep\n|\n|t:|1783556695\n|switch|p2a: Bronzong|Bronzong, L88|100/100\n|turn|9\n|inactive|Time left: 300 sec this turn | 300 sec total\n|\n|t:|1783556696\n|move|p1a: Electrode|Volt Switch|p2a: Bronzong\n|-damage|p2a: Bronzong|73/100\n|-damage|p1a: Electrode|76/246|[from] item: Life Orb\n|inactive|Time left: 300 sec this turn | 300 sec total | 5 sec grace\n|\n|t:|1783556697\n|switch|p1a: Sandaconda|Sandaconda, L84, F|154/258|[from] Volt Switch\n|move|p2a: Bronzong|Psychic|p1a: Sandaconda\n|-damage|p1a: Sandaconda|45/258\n|\n|-heal|p1a: Sandaconda|61/258|[from] item: Leftovers\n|-heal|p2a: Bronzong|79/100|[from] item: Leftovers\n|upkeep\n|turn|10\n|inactive|Time left: 300 sec this turn | 300 sec total\n|\n|t:|1783556698\n|move|p1a: Sandaconda|Rest|p1a: Sandaconda\n|-status|p1a: Sandaconda|slp|[from] move: Rest\n|-heal|p1a: Sandaconda|258/258 slp|[silent]\n|move|p2a: Bronzong|Psychic|p1a: Sandaconda\n|-damage|p1a: Sandaconda|149/258 slp\n|\n|-heal|p1a: Sandaconda|165/258 slp|[from] item: Leftovers\n|-heal|p2a: Bronzong|86/100|[from] item: Leftovers\n|upkeep\n|turn|11\n|inactive|Time left: 300 sec this turn | 300 sec total\n|\n|t:|1783556699\n|cant|p1a: Sandaconda|slp\n|move|p2a: Bronzong|Psychic|p1a: Sandaconda\n|-damage|p1a: Sandaconda|50/258 slp\n|\n|-activate|p1a: Sandaconda|ability: Shed Skin\n|-curestatus|p1a: Sandaconda|slp|[msg]\n|-heal|p1a: Sandaconda|66/258|[from] item: Leftovers\n|-heal|p2a: Bronzong|92/100|[from] item: Leftovers\n|upkeep\n|turn|12\n|inactive|Time left: 300 sec this turn | 300 sec total\n|\n|t:|1783556700\n|move|p1a: Sandaconda|Rest|p1a: Sandaconda\n|-status|p1a: Sandaconda|slp|[from] move: Rest\n|-heal|p1a: Sandaconda|258/258 slp|[silent]\n|move|p2a: Bronzong|Psychic|p1a: Sandaconda\n|-damage|p1a: Sandaconda|155/258 slp\n|-unboost|p1a: Sandaconda|spd|1\n|\n|-heal|p1a: Sandaconda|171/258 slp|[from] item: Leftovers\n|-heal|p2a: Bronzong|98/100|[from] item: Leftovers\n|upkeep\n|turn|13\n|inactive|Time left: 300 sec this turn | 300 sec total\n|\n|t:|1783556701\n|cant|p1a: Sandaconda|slp\n|move|p2a: Bronzong|Psychic|p1a: Sandaconda\n|-damage|p1a: Sandaconda|17/258 slp\n|\n|-activate|p1a: Sandaconda|ability: Shed Skin\n|-curestatus|p1a: Sandaconda|slp|[msg]\n|-heal|p1a: Sandaconda|33/258|[from] item: Leftovers\n|-heal|p2a: Bronzong|100/100|[from] item: Leftovers\n|upkeep\n|turn|14\n|inactive|Time left: 300 sec this turn | 300 sec total\n|\n|t:|1783556702\n|move|p1a: Sandaconda|Rest|p1a: Sandaconda\n|-status|p1a: Sandaconda|slp|[from] move: Rest\n|-heal|p1a: Sandaconda|258/258 slp|[silent]\n|move|p2a: Bronzong|Psychic|p1a: Sandaconda\n|-damage|p1a: Sandaconda|104/258 slp\n|\n|-heal|p1a: Sandaconda|120/258 slp|[from] item: Leftovers\n|upkeep\n|turn|15\n|inactive|Time left: 300 sec this turn | 300 sec total\n|\n|t:|1783556703\n|switch|p1a: Politoed|Politoed, L88, M|78/302\n|-weather|RainDance|[from] ability: Drizzle|[of] p1a: Politoed\n|move|p2a: Bronzong|Psychic|p1a: Politoed\n|-damage|p1a: Politoed|0 fnt\n|faint|p1a: Politoed\n|\n|-weather|RainDance|[upkeep]\n|upkeep\n|inactive|Time left: 300 sec this turn | 300 sec total | 5 sec grace\n|\n|t:|1783556704\n|switch|p1a: Sandaconda|Sandaconda, L84, F|120/258 slp\n|turn|16\n|inactive|Time left: 300 sec this turn | 300 sec total\n|\n|t:|1783556705\n|cant|p1a: Sandaconda|slp\n|move|p2a: Bronzong|Psychic|p1a: Sandaconda\n|-damage|p1a: Sandaconda|20/258 slp\n|\n|-weather|RainDance|[upkeep]\n|-heal|p1a: Sandaconda|36/258 slp|[from] item: Leftovers\n|upkeep\n|turn|17\n|inactive|Time left: 300 sec this turn | 300 sec total\n|\n|t:|1783556706\n|cant|p1a: Sandaconda|slp\n|move|p2a: Bronzong|Psychic|p1a: Sandaconda\n|-damage|p1a: Sandaconda|0 fnt\n|faint|p1a: Sandaconda\n|\n|-weather|RainDance|[upkeep]\n|upkeep\n|inactive|Time left: 300 sec this turn | 300 sec total | 5 sec grace\n|\n|t:|1783556707\n|switch|p1a: Deoxys|Deoxys-Speed, L82|216/216\n|-ability|p1a: Deoxys|Pressure\n|turn|18\n|inactive|Time left: 300 sec this turn | 300 sec total\n|\n|t:|1783556708\n|move|p1a: Deoxys|Knock Off|p2a: Bronzong\n|-supereffective|p2a: Bronzong\n|-damage|p2a: Bronzong|50/100\n|-enditem|p2a: Bronzong|Leftovers|[from] move: Knock Off|[of] p1a: Deoxys\n|-damage|p1a: Deoxys|195/216|[from] item: Life Orb\n|move|p2a: Bronzong|Iron Head|p1a: Deoxys\n|-damage|p1a: Deoxys|110/216\n|\n|-weather|RainDance|[upkeep]\n|upkeep\n|turn|19\n|inactive|Time left: 300 sec this turn | 300 sec total\n|\n|t:|1783556709\n|move|p1a: Deoxys|Knock Off|p2a: Bronzong\n|-supereffective|p2a: Bronzong\n|-damage|p2a: Bronzong|16/100\n|-damage|p1a: Deoxys|89/216|[from] item: Life Orb\n|move|p2a: Bronzong|Iron Head|p1a: Deoxys\n|-damage|p1a: Deoxys|0 fnt\n|faint|p1a: Deoxys\n|\n|-weather|none\n|upkeep\n|inactive|Time left: 300 sec this turn | 300 sec total | 5 sec grace\n|\n|t:|1783556710\n|switch|p1a: Iron Moth|Iron Moth, L78|253/253\n|turn|20\n|inactive|Time left: 300 sec this turn | 300 sec total\n|\n|t:|1783556711\n|switch|p2a: Ho-Oh|Ho-Oh, L71|100/100\n|move|p1a: Iron Moth|Fiery Dance|p2a: Ho-Oh\n|-resisted|p2a: Ho-Oh\n|-damage|p2a: Ho-Oh|87/100\n|-boost|p1a: Iron Moth|spa|1\n|\n|upkeep\n|turn|21\n|inactive|Time left: 300 sec this turn | 300 sec total\n|\n|t:|1783556712\n|-terastallize|p1a: Iron Moth|Grass\n|move|p1a: Iron Moth|Sludge Wave|p2a: Ho-Oh\n|-damage|p2a: Ho-Oh|39/100\n|move|p2a: Ho-Oh|Earthquake|p1a: Iron Moth\n|-resisted|p1a: Iron Moth\n|-damage|p1a: Iron Moth|205/253\n|\n|upkeep\n|turn|22\n|inactive|Time left: 300 sec this turn | 300 sec total\n|\n|t:|1783556713\n|switch|p2a: Bronzong|Bronzong, L88|16/100\n|move|p1a: Iron Moth|Sludge Wave|p2a: Bronzong\n|-immune|p2a: Bronzong\n|\n|upkeep\n|turn|23\n|inactive|Time left: 300 sec this turn | 300 sec total\n|\n|t:|1783556714\n|move|p1a: Iron Moth|Fiery Dance|p2a: Bronzong\n|-supereffective|p2a: Bronzong\n|-damage|p2a: Bronzong|0 fnt\n|faint|p2a: Bronzong\n|\n|upkeep\n|\n|t:|1783556715\n|switch|p2a: Ho-Oh|Ho-Oh, L71|72/100\n|turn|24\n|inactive|Time left: 300 sec this turn | 300 sec total\n|\n|t:|1783556716\n|move|p1a: Iron Moth|Sludge Wave|p2a: Ho-Oh\n|-damage|p2a: Ho-Oh|18/100\n|-status|p2a: Ho-Oh|psn\n|move|p2a: Ho-Oh|Sacred Fire|p1a: Iron Moth\n|-supereffective|p1a: Iron Moth\n|-damage|p1a: Iron Moth|0 fnt\n|faint|p1a: Iron Moth\n|-end|p1a: Iron Moth|Quark Drive|[silent]\n|\n|-damage|p2a: Ho-Oh|6/100 psn|[from] psn\n|upkeep\n|inactive|Time left: 300 sec this turn | 300 sec total | 5 sec grace\n|\n|t:|1783556717\n|switch|p1a: Regieleki|Regieleki, L79|256/256\n|turn|25\n|inactive|Time left: 300 sec this turn | 300 sec total\n|\n|t:|1783556718\n|switch|p2a: Dusknoir|Dusknoir, L89, F|100/100\n|-item|p1a: Regieleki|Magnet|[from] ability: Frisk|[of] p2a: Dusknoir\n|move|p1a: Regieleki|Thunderbolt|p2a: Dusknoir\n|-damage|p2a: Dusknoir|62/100\n|\n|-heal|p2a: Dusknoir|68/100|[from] item: Leftovers\n|upkeep\n|turn|26\n|inactive|Time left: 300 sec this turn | 300 sec total\n|\n|t:|1783556719\n|move|p1a: Regieleki|Thunderbolt|p2a: Dusknoir\n|-damage|p2a: Dusknoir|30/100\n|move|p2a: Dusknoir|Poltergeist|p1a: Regieleki\n|-activate|p1a: Regieleki|move: Poltergeist|Magnet\n|-damage|p1a: Regieleki|36/256\n|\n|-heal|p2a: Dusknoir|36/100|[from] item: Leftovers\n|upkeep\n|turn|27\n|inactive|Time left: 300 sec this turn | 300 sec total\n|\n|t:|1783556721\n|-singleturn|p2a: Dusknoir|move: Focus Punch\n|move|p1a: Regieleki|Thunderbolt|p2a: Dusknoir\n|-damage|p2a: Dusknoir|0 fnt\n|faint|p2a: Dusknoir\n|\n|upkeep\n|\n|t:|1783556721\n|switch|p2a: Deoxys|Deoxys-Defense, L84|100/100\n|-ability|p2a: Deoxys|Pressure\n|turn|28\n|inactive|Time left: 300 sec this turn | 300 sec total\n|\n|t:|1783556722\n|move|p1a: Regieleki|Thunderbolt|p2a: Deoxys\n|-damage|p2a: Deoxys|59/100\n|move|p2a: Deoxys|Night Shade|p1a: Regieleki\n|-damage|p1a: Regieleki|0 fnt\n|faint|p1a: Regieleki\n|\n|-heal|p2a: Deoxys|65/100|[from] item: Leftovers\n|upkeep\n|inactive|Time left: 300 sec this turn | 300 sec total | 5 sec grace\n|\n|t:|1783556724\n|switch|p1a: Electrode|Electrode-Hisui, L87|76/246\n|turn|29\n|inactive|Time left: 300 sec this turn | 300 sec total\n|\n|t:|1783556725\n|move|p1a: Electrode|Thunderbolt|p2a: Deoxys\n|-damage|p2a: Deoxys|34/100\n|-damage|p1a: Electrode|52/246|[from] item: Life Orb\n|move|p2a: Deoxys|Night Shade|p1a: Electrode\n|-damage|p1a: Electrode|0 fnt\n|faint|p1a: Electrode\n|\n|win|p0y15140428", "uploadtime": 1783556725, "views": 0, "rating": 0, "private": 0, "password": null, "_winner": "p0y15140428", "_our_name": "p0x1514aa1a"}