{"id": "battle-gen9randombattle-1550", "formatid": "gen9randombattle", "format": "[Gen 9] Random Battle", "players": ["p0x1550d6fe", "p0y15506071"], "log": "|init|battle\n|title|p0x1550d6fe vs. p0y15506071\n|j|\u2606p0x1550d6fe\n|j|\u2606p0y15506071\n|t:|1783557114\n|gametype|singles\n|player|p1|p0x1550d6fe|169|\n|player|p2|p0y15506071|1|\n|gen|9\n|tier|[Gen 9] Random Battle\n|rule|Species Clause: Limit one of each Pok\u00e9mon\n|rule|HP Percentage Mod: HP is shown in percentages\n|rule|Sleep Clause Mod: Limit one foe put to sleep\n|rule|Illusion Level Mod: Illusion disguises the Pok\u00e9mon's true level\n|\n|t:|1783557114\n|teamsize|p1|6\n|teamsize|p2|6\n|start\n|switch|p1a: Weezing|Weezing, L88, M|100/100\n|switch|p2a: Chimecho|Chimecho, L93, F|290/290\n|turn|1\n|inactive|Battle timer is ON: inactive players will automatically lose when time's up. (requested by p0x1550d6fe)\n|inactive|Time left: 300 sec this turn | 300 sec total | 60 sec grace\n|inactive|p0y15506071 also wants the timer to be on.\n|\n|t:|1783557116\n|switch|p1a: Incineroar|Incineroar, L82, M|100/100\n|-ability|p1a: Incineroar|Intimidate|boost\n|-unboost|p2a: Chimecho|atk|1\n|move|p2a: Chimecho|Calm Mind|p2a: Chimecho\n|-boost|p2a: Chimecho|spa|1\n|-boost|p2a: Chimecho|spd|1\n|\n|upkeep\n|turn|2\n|inactive|Time left: 300 sec this turn | 300 sec total\n|\n|t:|1783557117\n|move|p2a: Chimecho|Calm Mind|p2a: Chimecho\n|-boost|p2a: Chimecho|spa|1\n|-boost|p2a: Chimecho|spd|1\n|move|p1a: Incineroar|Knock Off|p2a: Chimecho\n|-supereffective|p2a: Chimecho\n|-damage|p2a: Chimecho|72/290\n|-enditem|p2a: Chimecho|Leftovers|[from] move: Knock Off|[of] p1a: Incineroar\n|\n|upkeep\n|turn|3\n|inactive|Time left: 300 sec this turn | 300 sec total\n|\n|t:|1783557118\n|move|p2a: Chimecho|Recover|p2a: Chimecho\n|-heal|p2a: Chimecho|217/290\n|move|p1a: Incineroar|Knock Off|p2a: Chimecho\n|-supereffective|p2a: Chimecho\n|-damage|p2a: Chimecho|71/290\n|\n|upkeep\n|turn|4\n|inactive|Time left: 300 sec this turn | 300 sec total\n|\n|t:|1783557119\n|move|p2a: Chimecho|Recover|p2a: Chimecho\n|-heal|p2a: Chimecho|216/290\n|move|p1a: Incineroar|Knock Off|p2a: Chimecho\n|-supereffective|p2a: Chimecho\n|-damage|p2a: Chimecho|70/290\n|\n|upkeep\n|turn|5\n|inactive|Time left: 300 sec this turn | 300 sec total\n|\n|t:|1783557120\n|move|p2a: Chimecho|Recover|p2a: Chimecho\n|-heal|p2a: Chimecho|215/290\n|move|p1a: Incineroar|Flare Blitz|p2a: Chimecho\n|-damage|p2a: Chimecho|89/290\n|-damage|p1a: Incineroar|86/100|[from] Recoil\n|\n|upkeep\n|turn|6\n|inactive|Time left: 300 sec this turn | 300 sec total\n|\n|t:|1783557121\n|move|p2a: Chimecho|Recover|p2a: Chimecho\n|-heal|p2a: Chimecho|234/290\n|move|p1a: Incineroar|Knock Off|p2a: Chimecho\n|-supereffective|p2a: Chimecho\n|-damage|p2a: Chimecho|90/290\n|\n|upkeep\n|turn|7\n|inactive|Time left: 300 sec this turn | 300 sec total\n|\n|t:|1783557122\n|move|p2a: Chimecho|Recover|p2a: Chimecho\n|-heal|p2a: Chimecho|235/290\n|move|p1a: Incineroar|Flare Blitz|p2a: Chimecho\n|-damage|p2a: Chimecho|109/290\n|-damage|p1a: Incineroar|72/100|[from] Recoil\n|\n|upkeep\n|turn|8\n|inactive|Time left: 300 sec this turn | 300 sec total\n|\n|t:|1783557123\n|move|p2a: Chimecho|Recover|p2a: Chimecho\n|-heal|p2a: Chimecho|254/290\n|move|p1a: Incineroar|Knock Off|p2a: Chimecho\n|-supereffective|p2a: Chimecho\n|-damage|p2a: Chimecho|104/290\n|\n|upkeep\n|turn|9\n|inactive|Time left: 300 sec this turn | 300 sec total\n|\n|t:|1783557124\n|move|p2a: Chimecho|Recover|p2a: Chimecho\n|-heal|p2a: Chimecho|249/290\n|move|p1a: Incineroar|Flare Blitz|p2a: Chimecho\n|-crit|p2a: Chimecho\n|-damage|p2a: Chimecho|44/290\n|-damage|p1a: Incineroar|48/100|[from] Recoil\n|\n|upkeep\n|turn|10\n|inactive|Time left: 300 sec this turn | 300 sec total\n|\n|t:|1783557126\n|move|p2a: Chimecho|Dazzling Gleam|p1a: Incineroar\n|-damage|p1a: Incineroar|0 fnt\n|faint|p1a: Incineroar\n|\n|upkeep\n|\n|t:|1783557127\n|switch|p1a: Floatzel|Floatzel, L86, M|100/100\n|turn|11\n|inactive|Time left: 300 sec this turn | 300 sec total\n|\n|t:|1783557128\n|switch|p2a: Dewgong|Dewgong, L94, M|322/322\n|move|p1a: Floatzel|Wave Crash|p2a: Dewgong\n|-resisted|p2a: Dewgong\n|-damage|p2a: Dewgong|249/322\n|-damage|p1a: Floatzel|92/100|[from] Recoil\n|\n|-heal|p1a: Floatzel|98/100|[from] item: Leftovers\n|upkeep\n|turn|12\n|inactive|Time left: 300 sec this turn | 300 sec total\n|\n|t:|1783557130\n|move|p1a: Floatzel|Bulk Up|p1a: Floatzel\n|-boost|p1a: Floatzel|atk|1\n|-boost|p1a: Floatzel|def|1\n|move|p2a: Dewgong|Knock Off|p1a: Floatzel\n|-damage|p1a: Floatzel|76/100\n|-enditem|p1a: Floatzel|Leftovers|[from] move: Knock Off|[of] p2a: Dewgong\n|\n|upkeep\n|turn|13\n|inactive|Time left: 300 sec this turn | 300 sec total\n|\n|t:|1783557131\n|move|p1a: Floatzel|Bulk Up|p1a: Floatzel\n|-boost|p1a: Floatzel|atk|1\n|-boost|p1a: Floatzel|def|1\n|move|p2a: Dewgong|Ice Beam|p1a: Floatzel\n|-resisted|p1a: Floatzel\n|-damage|p1a: Floatzel|53/100\n|\n|upkeep\n|turn|14\n|inactive|Time left: 300 sec this turn | 300 sec total\n|\n|t:|1783557132\n|move|p1a: Floatzel|Wave Crash|p2a: Dewgong\n|-resisted|p2a: Dewgong\n|-damage|p2a: Dewgong|107/322\n|-damage|p1a: Floatzel|36/100|[from] Recoil\n|move|p2a: Dewgong|Hydro Pump|p1a: Floatzel\n|-resisted|p1a: Floatzel\n|-damage|p1a: Floatzel|8/100\n|\n|upkeep\n|turn|15\n|inactive|Time left: 300 sec this turn | 300 sec total\n|\n|t:|1783557133\n|move|p1a: Floatzel|Wave Crash|p2a: Dewgong\n|-resisted|p2a: Dewgong\n|-damage|p2a: Dewgong|0 fnt\n|faint|p2a: Dewgong\n|-damage|p1a: Floatzel|0 fnt|[from] Recoil\n|faint|p1a: Floatzel\n|\n|upkeep\n|inactive|Time left: 300 sec this turn | 300 sec total | 5 sec grace\n|\n|t:|1783557134\n|switch|p1a: Azelf|Azelf, L82|100/100\n|switch|p2a: Tyranitar|Tyranitar, L78, F|284/284\n|-weather|Sandstorm|[from] ability: Sand Stream|[of] p2a: Tyranitar\n|turn|16\n|inactive|Time left: 300 sec this turn | 300 sec total\n|\n|t:|1783557135\n|switch|p1a: Rhydon|Rhydon, L85, M|100/100\n|move|p2a: Tyranitar|Knock Off|p1a: Rhydon\n|-damage|p1a: Rhydon|83/100\n|-enditem|p1a: Rhydon|Eviolite|[from] move: Knock Off|[of] p2a: Tyranitar\n|\n|-weather|Sandstorm|[upkeep]\n|upkeep\n|turn|17\n|inactive|Time left: 300 sec this turn | 300 sec total\n|\n|t:|1783557136\n|switch|p2a: Chimecho|Chimecho, L93, F|44/290\n|move|p1a: Rhydon|Swords Dance|p1a: Rhydon\n|-boost|p1a: Rhydon|atk|2\n|\n|-weather|Sandstorm|[upkeep]\n|-damage|p2a: Chimecho|26/290|[from] Sandstorm\n|upkeep\n|turn|18\n|inactive|Time left: 300 sec this turn | 300 sec total\n|\n|t:|1783557137\n|move|p2a: Chimecho|Psychic Noise|p1a: Rhydon\n|-crit|p1a: Rhydon\n|-damage|p1a: Rhydon|36/100\n|-start|p1a: Rhydon|move: Heal Block\n|move|p1a: Rhydon|Megahorn|p2a: Chimecho|[miss]\n|-miss|p1a: Rhydon|p2a: Chimecho\n|\n|-weather|Sandstorm|[upkeep]\n|-damage|p2a: Chimecho|8/290|[from] Sandstorm\n|upkeep\n|turn|19\n|inactive|Time left: 300 sec this turn | 300 sec total\n|\n|t:|1783557138\n|move|p2a: Chimecho|Psychic Noise|p1a: Rhydon\n|-damage|p1a: Rhydon|6/100\n|move|p1a: Rhydon|Swords Dance|p1a: Rhydon\n|-boost|p1a: Rhydon|atk|2\n|\n|-weather|Sandstorm|[upkeep]\n|-damage|p2a: Chimecho|0 fnt|[from] Sandstorm\n|faint|p2a: Chimecho\n|-end|p1a: Rhydon|move: Heal Block\n|upkeep\n|inactive|Time left: 300 sec this turn | 300 sec total | 5 sec grace\n|\n|t:|1783557139\n|switch|p2a: Tyranitar|Tyranitar, L78, F|284/284\n|turn|20\n|inactive|Time left: 300 sec this turn | 300 sec total\n|\n|t:|1783557140\n|move|p2a: Tyranitar|Knock Off|p1a: Rhydon\n|-damage|p1a: Rhydon|0 fnt\n|faint|p1a: Rhydon\n|\n|-weather|none\n|upkeep\n|\n|t:|1783557141\n|switch|p1a: Clefable|Clefable, L83, F|100/100\n|turn|21\n|inactive|Time left: 300 sec this turn | 300 sec total\n|\n|t:|1783557142\n|move|p1a: Clefable|Calm Mind|p1a: Clefable\n|-boost|p1a: Clefable|spa|1\n|-boost|p1a: Clefable|spd|1\n|move|p2a: Tyranitar|Knock Off|p1a: Clefable\n|-resisted|p1a: Clefable\n|-damage|p1a: Clefable|78/100\n|-enditem|p1a: Clefable|Leftovers|[from] move: Knock Off|[of] p2a: Tyranitar\n|\n|upkeep\n|turn|22\n|inactive|Time left: 300 sec this turn | 300 sec total\n|\n|t:|1783557144\n|-terastallize|p2a: Tyranitar|Rock\n|move|p1a: Clefable|Moonblast|p2a: Tyranitar\n|-damage|p2a: Tyranitar|188/284\n|-unboost|p2a: Tyranitar|spa|1\n|move|p2a: Tyranitar|Stone Edge|p1a: Clefable\n|-damage|p1a: Clefable|17/100\n|\n|upkeep\n|turn|23\n|inactive|Time left: 300 sec this turn | 300 sec total\n|\n|t:|1783557145\n|move|p1a: Clefable|Moonlight|p1a: Clefable\n|-heal|p1a: Clefable|66/100\n|move|p2a: Tyranitar|Stone Edge|p1a: Clefable|[miss]\n|-miss|p2a: Tyranitar|p1a: Clefable\n|\n|upkeep\n|turn|24\n|inactive|Time left: 300 sec this turn | 300 sec total\n|\n|t:|1783557146\n|move|p1a: Clefable|Moonblast|p2a: Tyranitar\n|-damage|p2a: Tyranitar|95/284\n|move|p2a: Tyranitar|Stone Edge|p1a: Clefable|[miss]\n|-miss|p2a: Tyranitar|p1a: Clefable\n|\n|upkeep\n|turn|25\n|inactive|Time left: 300 sec this turn | 300 sec total\n|\n|t:|1783557148\n|move|p1a: Clefable|Moonblast|p2a: Tyranitar\n|-damage|p2a: Tyranitar|8/284\n|move|p2a: Tyranitar|Stone Edge|p1a: Clefable\n|-damage|p1a: Clefable|4/100\n|\n|upkeep\n|turn|26\n|inactive|Time left: 300 sec this turn | 300 sec total\n|\n|t:|1783557149\n|move|p1a: Clefable|Moonlight|p1a: Clefable\n|-heal|p1a: Clefable|54/100\n|move|p2a: Tyranitar|Stone Edge|p1a: Clefable|[miss]\n|-miss|p2a: Tyranitar|p1a: Clefable\n|\n|upkeep\n|turn|27\n|inactive|Time left: 300 sec this turn | 300 sec total\n|\n|t:|1783557150\n|switch|p2a: Toxapex|Toxapex, L82, M|216/216\n|move|p1a: Clefable|Moonblast|p2a: Toxapex\n|-resisted|p2a: Toxapex\n|-damage|p2a: Toxapex|165/216\n|-unboost|p2a: Toxapex|spa|1\n|\n|-heal|p2a: Toxapex|178/216|[from] item: Leftovers\n|upkeep\n|turn|28\n|inactive|Time left: 300 sec this turn | 300 sec total\n|\n|t:|1783557151\n|move|p1a: Clefable|Moonlight|p1a: Clefable\n|-heal|p1a: Clefable|100/100\n|move|p2a: Toxapex|Haze|p2a: Toxapex\n|-clearallboost\n|\n|-heal|p2a: Toxapex|191/216|[from] item: Leftovers\n|upkeep\n|turn|29\n|inactive|Time left: 300 sec this turn | 300 sec total\n|\n|t:|1783557152\n|switch|p1a: Azelf|Azelf, L82|100/100\n|move|p2a: Toxapex|Liquidation|p1a: Azelf\n|-damage|p1a: Azelf|72/100\n|\n|-heal|p2a: Toxapex|204/216|[from] item: Leftovers\n|upkeep\n|turn|30\n|inactive|Time left: 300 sec this turn | 300 sec total\n|\n|t:|1783557153\n|switch|p2a: Chansey|Chansey, L85, F|564/564\n|move|p1a: Azelf|Psychic|p2a: Chansey\n|-crit|p2a: Chansey\n|-damage|p2a: Chansey|431/564\n|-damage|p1a: Azelf|63/100|[from] item: Life Orb\n|\n|upkeep\n|turn|31\n|inactive|Time left: 300 sec this turn | 300 sec total\n|\n|t:|1783557154\n|move|p1a: Azelf|Knock Off|p2a: Chansey\n|-damage|p2a: Chansey|198/564\n|-enditem|p2a: Chansey|Eviolite|[from] move: Knock Off|[of] p1a: Azelf\n|-damage|p1a: Azelf|53/100|[from] item: Life Orb\n|move|p2a: Chansey|Soft-Boiled|p2a: Chansey\n|-heal|p2a: Chansey|480/564\n|\n|upkeep\n|turn|32\n|inactive|Time left: 300 sec this turn | 300 sec total\n|\n|t:|1783557155\n|move|p1a: Azelf|Stealth Rock|p2a: Chansey\n|-sidestart|p2: p0y15506071|move: Stealth Rock\n|move|p2a: Chansey|Seismic Toss|p1a: Azelf\n|-damage|p1a: Azelf|20/100\n|\n|upkeep\n|turn|33\n|inactive|Time left: 300 sec this turn | 300 sec total\n|\n|t:|1783557156\n|switch|p1a: Clefable|Clefable, L83, F|100/100\n|move|p2a: Chansey|Seismic Toss|p1a: Clefable\n|-damage|p1a: Clefable|71/100\n|\n|upkeep\n|turn|34\n|inactive|Time left: 300 sec this turn | 300 sec total\n|\n|t:|1783557157\n|move|p1a: Clefable|Calm Mind|p1a: Clefable\n|-boost|p1a: Clefable|spa|1\n|-boost|p1a: Clefable|spd|1\n|move|p2a: Chansey|Seismic Toss|p1a: Clefable\n|-damage|p1a: Clefable|42/100\n|\n|upkeep\n|turn|35\n|inactive|Time left: 300 sec this turn | 300 sec total\n|\n|t:|1783557158\n|move|p1a: Clefable|Moonlight|p1a: Clefable\n|-heal|p1a: Clefable|92/100\n|move|p2a: Chansey|Seismic Toss|p1a: Clefable\n|-damage|p1a: Clefable|63/100\n|\n|upkeep\n|turn|36\n|inactive|Time left: 300 sec this turn | 300 sec total\n|\n|t:|1783557159\n|switch|p2a: Toxapex|Toxapex, L82, M|216/216\n|-damage|p2a: Toxapex|189/216|[from] Stealth Rock\n|move|p1a: Clefable|Calm Mind|p1a: Clefable\n|-boost|p1a: Clefable|spa|1\n|-boost|p1a: Clefable|spd|1\n|\n|-heal|p2a: Toxapex|202/216|[from] item: Leftovers\n|upkeep\n|turn|37\n|inactive|Time left: 300 sec this turn | 300 sec total\n|\n|t:|1783557160\n|move|p1a: Clefable|Moonlight|p1a: Clefable\n|-heal|p1a: Clefable|100/100\n|move|p2a: Toxapex|Haze|p2a: Toxapex\n|-clearallboost\n|\n|-heal|p2a: Toxapex|215/216|[from] item: Leftovers\n|upkeep\n|turn|38\n|inactive|Time left: 300 sec this turn | 300 sec total\n|\n|t:|1783557161\n|move|p1a: Clefable|Calm Mind|p1a: Clefable\n|-boost|p1a: Clefable|spa|1\n|-boost|p1a: Clefable|spd|1\n|move|p2a: Toxapex|Liquidation|p1a: Clefable\n|-damage|p1a: Clefable|77/100\n|\n|-heal|p2a: Toxapex|216/216|[from] item: Leftovers\n|upkeep\n|turn|39\n|inactive|Time left: 300 sec this turn | 300 sec total\n|\n|t:|1783557162\n|move|p1a: Clefable|Moonlight|p1a: Clefable\n|-heal|p1a: Clefable|100/100\n|move|p2a: Toxapex|Haze|p2a: Toxapex\n|-clearallboost\n|\n|upkeep\n|turn|40\n|inactive|Time left: 300 sec this turn | 300 sec total\n|\n|t:|1783557163\n|move|p1a: Clefable|Calm Mind|p1a: Clefable\n|-boost|p1a: Clefable|spa|1\n|-boost|p1a: Clefable|spd|1\n|move|p2a: Toxapex|Liquidation|p1a: Clefable\n|-damage|p1a: Clefable|77/100\n|\n|upkeep\n|turn|41\n|inactive|Time left: 300 sec this turn | 300 sec total\n|\n|t:|1783557164\n|move|p1a: Clefable|Moonblast|p2a: Toxapex\n|-resisted|p2a: Toxapex\n|-damage|p2a: Toxapex|165/216\n|move|p2a: Toxapex|Haze|p2a: Toxapex\n|-clearallboost\n|\n|-heal|p2a: Toxapex|178/216|[from] item: Leftovers\n|upkeep\n|turn|42\n|inactive|Time left: 300 sec this turn | 300 sec total\n|\n|t:|1783557165\n|move|p1a: Clefable|Calm Mind|p1a: Clefable\n|-boost|p1a: Clefable|spa|1\n|-boost|p1a: Clefable|spd|1\n|move|p2a: Toxapex|Liquidation|p1a: Clefable\n|-damage|p1a: Clefable|52/100\n|\n|-heal|p2a: Toxapex|191/216|[from] item: Leftovers\n|upkeep\n|turn|43\n|inactive|Time left: 300 sec this turn | 300 sec total\n|\n|t:|1783557167\n|move|p1a: Clefable|Moonlight|p1a: Clefable\n|-heal|p1a: Clefable|100/100\n|move|p2a: Toxapex|Haze|p2a: Toxapex\n|-clearallboost\n|\n|-heal|p2a: Toxapex|204/216|[from] item: Leftovers\n|upkeep\n|turn|44\n|inactive|Time left: 300 sec this turn | 300 sec total\n|\n|t:|1783557168\n|move|p1a: Clefable|Calm Mind|p1a: Clefable\n|-boost|p1a: Clefable|spa|1\n|-boost|p1a: Clefable|spd|1\n|move|p2a: Toxapex|Liquidation|p1a: Clefable\n|-damage|p1a: Clefable|77/100\n|\n|-heal|p2a: Toxapex|216/216|[from] item: Leftovers\n|upkeep\n|turn|45\n|inactive|Time left: 300 sec this turn | 300 sec total\n|\n|t:|1783557169\n|move|p1a: Clefable|Moonblast|p2a: Toxapex\n|-resisted|p2a: Toxapex\n|-crit|p2a: Toxapex\n|-damage|p2a: Toxapex|144/216\n|-unboost|p2a: Toxapex|spa|1\n|move|p2a: Toxapex|Haze|p2a: Toxapex\n|-clearallboost\n|\n|-heal|p2a: Toxapex|157/216|[from] item: Leftovers\n|upkeep\n|turn|46\n|inactive|Time left: 300 sec this turn | 300 sec total\n|\n|t:|1783557170\n|move|p1a: Clefable|Calm Mind|p1a: Clefable\n|-boost|p1a: Clefable|spa|1\n|-boost|p1a: Clefable|spd|1\n|move|p2a: Toxapex|Liquidation|p1a: Clefable\n|-damage|p1a: Clefable|51/100\n|-unboost|p1a: Clefable|def|1\n|\n|-heal|p2a: Toxapex|170/216|[from] item: Leftovers\n|upkeep\n|turn|47\n|inactive|Time left: 300 sec this turn | 300 sec total\n|\n|t:|1783557171\n|move|p1a: Clefable|Moonlight|p1a: Clefable\n|-heal|p1a: Clefable|100/100\n|move|p2a: Toxapex|Liquidation|p1a: Clefable\n|-damage|p1a: Clefable|66/100\n|-unboost|p1a: Clefable|def|1\n|\n|-heal|p2a: Toxapex|183/216|[from] item: Leftovers\n|upkeep\n|turn|48\n|inactive|Time left: 300 sec this turn | 300 sec total\n|\n|t:|1783557172\n|move|p1a: Clefable|Moonblast|p2a: Toxapex\n|-resisted|p2a: Toxapex\n|-damage|p2a: Toxapex|131/216\n|move|p2a: Toxapex|Liquidation|p1a: Clefable\n|-damage|p1a: Clefable|18/100\n|-unboost|p1a: Clefable|def|1\n|\n|-heal|p2a: Toxapex|144/216|[from] item: Leftovers\n|upkeep\n|turn|49\n|inactive|Time left: 300 sec this turn | 300 sec total\n|\n|t:|1783557174\n|move|p1a: Clefable|Moonblast|p2a: Toxapex\n|-resisted|p2a: Toxapex\n|-damage|p2a: Toxapex|98/216\n|move|p2a: Toxapex|Liquidation|p1a: Clefable\n|-damage|p1a: Clefable|0 fnt\n|faint|p1a: Clefable\n|\n|-heal|p2a: Toxapex|111/216|[from] item: Leftovers\n|upkeep\n|\n|t:|1783557175\n|switch|p1a: Azelf|Azelf, L82|20/100\n|turn|50\n|inactive|Time left: 300 sec this turn | 300 sec total\n|\n|t:|1783557176\n|switch|p2a: Tyranitar|Tyranitar, L78, F, tera:Rock|8/284\n|-damage|p2a: Tyranitar|0 fnt|[from] Stealth Rock\n|faint|p2a: Tyranitar\n|move|p1a: Azelf|Psychic|p2: Tyranitar|[notarget]\n|-fail|p1a: Azelf\n|\n|upkeep\n|inactive|Time left: 300 sec this turn | 300 sec total | 5 sec grace\n|\n|t:|1783557177\n|switch|p2a: Chansey|Chansey, L85, F|480/564\n|-damage|p2a: Chansey|410/564|[from] Stealth Rock\n|turn|51\n|inactive|Time left: 300 sec this turn | 300 sec total\n|\n|t:|1783557178\n|move|p1a: Azelf|Knock Off|p2a: Chansey\n|-damage|p2a: Chansey|162/564\n|-damage|p1a: Azelf|10/100|[from] item: Life Orb\n|move|p2a: Chansey|Seismic Toss|p1a: Azelf\n|-damage|p1a: Azelf|0 fnt\n|faint|p1a: Azelf\n|\n|upkeep\n|\n|t:|1783557179\n|switch|p1a: Weezing|Weezing, L88, M|100/100\n|turn|52\n|inactive|Time left: 300 sec this turn | 300 sec total\n|\n|t:|1783557180\n|move|p1a: Weezing|Sludge Bomb|p2a: Chansey\n|-damage|p2a: Chansey|77/564\n|move|p2a: Chansey|Soft-Boiled|p2a: Chansey\n|-heal|p2a: Chansey|359/564\n|\n|upkeep\n|turn|53\n|inactive|Time left: 300 sec this turn | 300 sec total\n|\n|t:|1783557181\n|move|p1a: Weezing|Fire Blast|p2a: Chansey\n|-damage|p2a: Chansey|290/564\n|move|p2a: Chansey|Soft-Boiled|p2a: Chansey\n|-heal|p2a: Chansey|564/564\n|\n|upkeep\n|turn|54\n|inactive|Time left: 300 sec this turn | 300 sec total\n|\n|t:|1783557182\n|switch|p2a: Toxapex|Toxapex, L82, M|183/216\n|-damage|p2a: Toxapex|156/216|[from] Stealth Rock\n|move|p1a: Weezing|Pain Split|p2a: Toxapex\n|-sethp|p2a: Toxapex|207/216|[from] move: Pain Split|[silent]\n|-sethp|p1a: Weezing|81/100|[from] move: Pain Split\n|\n|-heal|p1a: Weezing|87/100|[from] item: Leftovers\n|-heal|p2a: Toxapex|216/216|[from] item: Leftovers\n|upkeep\n|turn|55\n|inactive|Time left: 300 sec this turn | 300 sec total\n|\n|t:|1783557184\n|move|p1a: Weezing|Will-O-Wisp|p2a: Toxapex\n|-status|p2a: Toxapex|brn\n|move|p2a: Toxapex|Liquidation|p1a: Weezing\n|-damage|p1a: Weezing|78/100\n|\n|-heal|p1a: Weezing|85/100|[from] item: Leftovers\n|-damage|p2a: Toxapex|203/216 brn|[from] brn\n|upkeep\n|turn|56\n|inactive|Time left: 300 sec this turn | 300 sec total\n|\n|t:|1783557185\n|move|p1a: Weezing|Fire Blast|p2a: Toxapex\n|-resisted|p2a: Toxapex\n|-damage|p2a: Toxapex|174/216 brn\n|move|p2a: Toxapex|Recover|p2a: Toxapex\n|-heal|p2a: Toxapex|216/216 brn\n|\n|-heal|p1a: Weezing|91/100|[from] item: Leftovers\n|-damage|p2a: Toxapex|203/216 brn|[from] brn\n|upkeep\n|turn|57\n|inactive|Time left: 300 sec this turn | 300 sec total\n|\n|t:|1783557186\n|move|p1a: Weezing|Fire Blast|p2a: Toxapex\n|-resisted|p2a: Toxapex\n|-damage|p2a: Toxapex|176/216 brn\n|move|p2a: Toxapex|Liquidation|p1a: Weezing\n|-damage|p1a: Weezing|81/100\n|\n|-heal|p1a: Weezing|87/100|[from] item: Leftovers\n|-heal|p2a: Toxapex|189/216 brn|[from] item: Leftovers\n|-damage|p2a: Toxapex|176/216 brn|[from] brn\n|upkeep\n|turn|58\n|inactive|Time left: 300 sec this turn | 300 sec total\n|\n|t:|1783557187\n|move|p1a: Weezing|Sludge Bomb|p2a: Toxapex\n|-resisted|p2a: Toxapex\n|-damage|p2a: Toxapex|140/216 brn\n|move|p2a: Toxapex|Recover|p2a: Toxapex\n|-heal|p2a: Toxapex|216/216 brn\n|\n|-heal|p1a: Weezing|94/100|[from] item: Leftovers\n|-damage|p2a: Toxapex|203/216 brn|[from] brn\n|upkeep\n|turn|59\n|inactive|Time left: 300 sec this turn | 300 sec total\n|\n|t:|1783557188\n|move|p1a: Weezing|Fire Blast|p2a: Toxapex\n|-resisted|p2a: Toxapex\n|-damage|p2a: Toxapex|175/216 brn\n|move|p2a: Toxapex|Liquidation|p1a: Weezing\n|-damage|p1a: Weezing|84/100\n|\n|-heal|p1a: Weezing|90/100|[from] item: Leftovers\n|-heal|p2a: Toxapex|188/216 brn|[from] item: Leftovers\n|-damage|p2a: Toxapex|175/216 brn|[from] brn\n|upkeep\n|turn|60\n|inactive|Time left: 300 sec this turn | 300 sec total\n|\n|t:|1783557189\n|move|p1a: Weezing|Fire Blast|p2a: Toxapex\n|-resisted|p2a: Toxapex\n|-damage|p2a: Toxapex|147/216 brn\n|move|p2a: Toxapex|Recover|p2a: Toxapex\n|-heal|p2a: Toxapex|216/216 brn\n|\n|-heal|p1a: Weezing|97/100|[from] item: Leftovers\n|-damage|p2a: Toxapex|203/216 brn|[from] brn\n|upkeep\n|turn|61\n|inactive|Time left: 300 sec this turn | 300 sec total\n|\n|t:|1783557191\n|move|p1a: Weezing|Sludge Bomb|p2a: Toxapex\n|-resisted|p2a: Toxapex\n|-damage|p2a: Toxapex|169/216 brn\n|move|p2a: Toxapex|Recover|p2a: Toxapex\n|-heal|p2a: Toxapex|216/216 brn\n|\n|-heal|p1a: Weezing|100/100|[from] item: Leftovers\n|-damage|p2a: Toxapex|203/216 brn|[from] brn\n|upkeep\n|turn|62\n|inactive|Time left: 300 sec this turn | 300 sec total\n|\n|t:|1783557192\n|move|p1a: Weezing|Fire Blast|p2a: Toxapex\n|-resisted|p2a: Toxapex\n|-damage|p2a: Toxapex|175/216 brn\n|move|p2a: Toxapex|Liquidation|p1a: Weezing\n|-damage|p1a: Weezing|92/100\n|\n|-heal|p1a: Weezing|98/100|[from] item: Leftovers\n|-heal|p2a: Toxapex|188/216 brn|[from] item: Leftovers\n|-damage|p2a: Toxapex|175/216 brn|[from] brn\n|upkeep\n|turn|63\n|inactive|Time left: 300 sec this turn | 300 sec total\n|\n|t:|1783557193\n|move|p1a: Weezing|Will-O-Wisp|p2a: Toxapex\n|-fail|p2a: Toxapex|brn\n|move|p2a: Toxapex|Haze|p2a: Toxapex\n|-clearallboost\n|\n|-heal|p1a: Weezing|100/100|[from] item: Leftovers\n|-heal|p2a: Toxapex|188/216 brn|[from] item: Leftovers\n|-damage|p2a: Toxapex|175/216 brn|[from] brn\n|upkeep\n|turn|64\n|inactive|Time left: 300 sec this turn | 300 sec total\n|\n|t:|1783557193\n|move|p1a: Weezing|Sludge Bomb|p2a: Toxapex\n|-resisted|p2a: Toxapex\n|-damage|p2a: Toxapex|142/216 brn\n|move|p2a: Toxapex|Liquidation|p1a: Weezing\n|-damage|p1a: Weezing|91/100\n|\n|-heal|p1a: Weezing|97/100|[from] item: Leftovers\n|-heal|p2a: Toxapex|155/216 brn|[from] item: Leftovers\n|-damage|p2a: Toxapex|142/216 brn|[from] brn\n|upkeep\n|turn|65\n|inactive|Time left: 300 sec this turn | 300 sec total\n|\n|t:|1783557194\n|move|p1a: Weezing|Sludge Bomb|p2a: Toxapex\n|-resisted|p2a: Toxapex\n|-damage|p2a: Toxapex|108/216 brn\n|move|p2a: Toxapex|Recover|p2a: Toxapex\n|-heal|p2a: Toxapex|216/216 brn\n|\n|-heal|p1a: Weezing|100/100|[from] item: Leftovers\n|-damage|p2a: Toxapex|203/216 brn|[from] brn\n|upkeep\n|turn|66\n|inactive|Time left: 300 sec this turn | 300 sec total\n|\n|t:|1783557195\n|move|p1a: Weezing|Sludge Bomb|p2a: Toxapex\n|-resisted|p2a: Toxapex\n|-damage|p2a: Toxapex|172/216 brn\n|move|p2a: Toxapex|Toxic Spikes|p1a: Weezing\n|-sidestart|p1: p0x1550d6fe|move: Toxic Spikes\n|\n|-heal|p2a: Toxapex|185/216 brn|[from] item: Leftovers\n|-damage|p2a: Toxapex|172/216 brn|[from] brn\n|upkeep\n|turn|67\n|inactive|Time left: 300 sec this turn | 300 sec total\n|\n|t:|1783557196\n|move|p1a: Weezing|Fire Blast|p2a: Toxapex\n|-resisted|p2a: Toxapex\n|-damage|p2a: Toxapex|144/216 brn\n|move|p2a: Toxapex|Liquidation|p1a: Weezing\n|-damage|p1a: Weezing|91/100\n|\n|-heal|p1a: Weezing|97/100|[from] item: Leftovers\n|-heal|p2a: Toxapex|157/216 brn|[from] item: Leftovers\n|-damage|p2a: Toxapex|144/216 brn|[from] brn\n|upkeep\n|turn|68\n|inactive|Time left: 300 sec this turn | 300 sec total\n|\n|t:|1783557197\n|move|p1a: Weezing|Sludge Bomb|p2a: Toxapex\n|-resisted|p2a: Toxapex\n|-damage|p2a: Toxapex|108/216 brn\n|move|p2a: Toxapex|Recover|p2a: Toxapex\n|-heal|p2a: Toxapex|216/216 brn\n|\n|-heal|p1a: Weezing|100/100|[from] item: Leftovers\n|-damage|p2a: Toxapex|203/216 brn|[from] brn\n|upkeep\n|turn|69\n|inactive|Time left: 300 sec this turn | 300 sec total\n|\n|t:|1783557197\n|move|p1a: Weezing|Sludge Bomb|p2a: Toxapex\n|-resisted|p2a: Toxapex\n|-damage|p2a: Toxapex|167/216 brn\n|move|p2a: Toxapex|Toxic Spikes|p1a: Weezing\n|-sidestart|p1: p0x1550d6fe|move: Toxic Spikes\n|\n|-heal|p2a: Toxapex|180/216 brn|[from] item: Leftovers\n|-damage|p2a: Toxapex|167/216 brn|[from] brn\n|upkeep\n|turn|70\n|inactive|Time left: 300 sec this turn | 300 sec total\n|\n|t:|1783557198\n|move|p1a: Weezing|Sludge Bomb|p2a: Toxapex\n|-resisted|p2a: Toxapex\n|-damage|p2a: Toxapex|137/216 brn\n|move|p2a: Toxapex|Recover|p2a: Toxapex\n|-heal|p2a: Toxapex|216/216 brn\n|\n|-damage|p2a: Toxapex|203/216 brn|[from] brn\n|upkeep\n|turn|71\n|inactive|Time left: 300 sec this turn | 300 sec total\n|\n|t:|1783557199\n|move|p1a: Weezing|Sludge Bomb|p2a: Toxapex\n|-resisted|p2a: Toxapex\n|-damage|p2a: Toxapex|168/216 brn\n|move|p2a: Toxapex|Liquidation|p1a: Weezing\n|-damage|p1a: Weezing|91/100\n|\n|-heal|p1a: Weezing|97/100|[from] item: Leftovers\n|-heal|p2a: Toxapex|181/216 brn|[from] item: Leftovers\n|-damage|p2a: Toxapex|168/216 brn|[from] brn\n|upkeep\n|turn|72\n|inactive|Time left: 300 sec this turn | 300 sec total\n|\n|t:|1783557199\n|move|p1a: Weezing|Fire Blast|p2a: Toxapex\n|-resisted|p2a: Toxapex\n|-damage|p2a: Toxapex|143/216 brn\n|move|p2a: Toxapex|Haze|p2a: Toxapex\n|-clearallboost\n|\n|-heal|p1a: Weezing|100/100|[from] item: Leftovers\n|-heal|p2a: Toxapex|156/216 brn|[from] item: Leftovers\n|-damage|p2a: Toxapex|143/216 brn|[from] brn\n|upkeep\n|turn|73\n|inactive|Time left: 300 sec this turn | 300 sec total\n|\n|t:|1783557200\n|move|p1a: Weezing|Sludge Bomb|p2a: Toxapex\n|-resisted|p2a: Toxapex\n|-damage|p2a: Toxapex|109/216 brn\n|move|p2a: Toxapex|Recover|p2a: Toxapex\n|-heal|p2a: Toxapex|216/216 brn\n|\n|-damage|p2a: Toxapex|203/216 brn|[from] brn\n|upkeep\n|turn|74\n|inactive|Time left: 300 sec this turn | 300 sec total\n|\n|t:|1783557201\n|move|p1a: Weezing|Sludge Bomb|p2a: Toxapex\n|-resisted|p2a: Toxapex\n|-damage|p2a: Toxapex|170/216 brn\n|move|p2a: Toxapex|Haze|p2a: Toxapex\n|-clearallboost\n|\n|-heal|p2a: Toxapex|183/216 brn|[from] item: Leftovers\n|-damage|p2a: Toxapex|170/216 brn|[from] brn\n|upkeep\n|turn|75\n|inactive|Time left: 300 sec this turn | 300 sec total\n|\n|t:|1783557202\n|move|p1a: Weezing|Sludge Bomb|p2a: Toxapex\n|-resisted|p2a: Toxapex\n|-damage|p2a: Toxapex|136/216 brn\n|move|p2a: Toxapex|Toxic Spikes||[still]\n|-fail|p2a: Toxapex\n|\n|-heal|p2a: Toxapex|149/216 brn|[from] item: Leftovers\n|-damage|p2a: Toxapex|136/216 brn|[from] brn\n|upkeep\n|turn|76\n|inactive|Time left: 300 sec this turn | 300 sec total\n|\n|t:|1783557202\n|move|p1a: Weezing|Sludge Bomb|p2a: Toxapex\n|-resisted|p2a: Toxapex\n|-damage|p2a: Toxapex|103/216 brn\n|move|p2a: Toxapex|Haze|p2a: Toxapex\n|-clearallboost\n|\n|-heal|p2a: Toxapex|116/216 brn|[from] item: Leftovers\n|-damage|p2a: Toxapex|103/216 brn|[from] brn\n|upkeep\n|turn|77\n|inactive|Time left: 300 sec this turn | 300 sec total\n|\n|t:|1783557203\n|move|p1a: Weezing|Sludge Bomb|p2a: Toxapex\n|-resisted|p2a: Toxapex\n|-damage|p2a: Toxapex|70/216 brn\n|move|p2a: Toxapex|Haze|p2a: Toxapex\n|-clearallboost\n|\n|-heal|p2a: Toxapex|83/216 brn|[from] item: Leftovers\n|-damage|p2a: Toxapex|70/216 brn|[from] brn\n|upkeep\n|turn|78\n|inactive|Time left: 300 sec this turn | 300 sec total\n|\n|t:|1783557204\n|move|p1a: Weezing|Will-O-Wisp|p2a: Toxapex\n|-fail|p2a: Toxapex|brn\n|move|p2a: Toxapex|Haze|p2a: Toxapex\n|-clearallboost\n|\n|-heal|p2a: Toxapex|83/216 brn|[from] item: Leftovers\n|-damage|p2a: Toxapex|70/216 brn|[from] brn\n|upkeep\n|turn|79\n|inactive|Time left: 300 sec this turn | 300 sec total\n|\n|t:|1783557205\n|move|p1a: Weezing|Sludge Bomb|p2a: Toxapex\n|-resisted|p2a: Toxapex\n|-damage|p2a: Toxapex|38/216 brn\n|move|p2a: Toxapex|Toxic Spikes||[still]\n|-fail|p2a: Toxapex\n|\n|-heal|p2a: Toxapex|51/216 brn|[from] item: Leftovers\n|-damage|p2a: Toxapex|38/216 brn|[from] brn\n|upkeep\n|turn|80\n|inactive|Time left: 300 sec this turn | 300 sec total\n|\n|t:|1783557206\n|move|p1a: Weezing|Will-O-Wisp|p2a: Toxapex\n|-fail|p2a: Toxapex|brn\n|move|p2a: Toxapex|Haze|p2a: Toxapex\n|-clearallboost\n|\n|-heal|p2a: Toxapex|51/216 brn|[from] item: Leftovers\n|-damage|p2a: Toxapex|38/216 brn|[from] brn\n|upkeep\n|turn|81\n|inactive|Time left: 300 sec this turn | 300 sec total\n|\n|t:|1783557207\n|move|p1a: Weezing|Will-O-Wisp|p2a: Toxapex\n|-fail|p2a: Toxapex|brn\n|move|p2a: Toxapex|Toxic Spikes||[still]\n|-fail|p2a: Toxapex\n|\n|-heal|p2a: Toxapex|51/216 brn|[from] item: Leftovers\n|-damage|p2a: Toxapex|38/216 brn|[from] brn\n|upkeep\n|turn|82\n|inactive|Time left: 300 sec this turn | 300 sec total\n|\n|t:|1783557208\n|move|p1a: Weezing|Will-O-Wisp|p2a: Toxapex\n|-fail|p2a: Toxapex|brn\n|move|p2a: Toxapex|Haze|p2a: Toxapex\n|-clearallboost\n|\n|-heal|p2a: Toxapex|51/216 brn|[from] item: Leftovers\n|-damage|p2a: Toxapex|38/216 brn|[from] brn\n|upkeep\n|turn|83\n|inactive|Time left: 300 sec this turn | 300 sec total\n|\n|t:|1783557209\n|move|p1a: Weezing|Will-O-Wisp|p2a: Toxapex\n|-fail|p2a: Toxapex|brn\n|move|p2a: Toxapex|Toxic Spikes||[still]\n|-fail|p2a: Toxapex\n|\n|-heal|p2a: Toxapex|51/216 brn|[from] item: Leftovers\n|-damage|p2a: Toxapex|38/216 brn|[from] brn\n|upkeep\n|turn|84\n|inactive|Time left: 300 sec this turn | 300 sec total\n|\n|t:|1783557210\n|move|p1a: Weezing|Will-O-Wisp|p2a: Toxapex\n|-fail|p2a: Toxapex|brn\n|move|p2a: Toxapex|Toxic Spikes||[still]\n|-fail|p2a: Toxapex\n|\n|-heal|p2a: Toxapex|51/216 brn|[from] item: Leftovers\n|-damage|p2a: Toxapex|38/216 brn|[from] brn\n|upkeep\n|turn|85\n|inactive|Time left: 300 sec this turn | 300 sec total\n|\n|t:|1783557211\n|move|p1a: Weezing|Will-O-Wisp|p2a: Toxapex\n|-fail|p2a: Toxapex|brn\n|move|p2a: Toxapex|Haze|p2a: Toxapex\n|-clearallboost\n|\n|-heal|p2a: Toxapex|51/216 brn|[from] item: Leftovers\n|-damage|p2a: Toxapex|38/216 brn|[from] brn\n|upkeep\n|turn|86\n|inactive|Time left: 300 sec this turn | 300 sec total\n|\n|t:|1783557212\n|move|p1a: Weezing|Will-O-Wisp|p2a: Toxapex\n|-fail|p2a: Toxapex|brn\n|move|p2a: Toxapex|Toxic Spikes||[still]\n|-fail|p2a: Toxapex\n|\n|-heal|p2a: Toxapex|51/216 brn|[from] item: Leftovers\n|-damage|p2a: Toxapex|38/216 brn|[from] brn\n|upkeep\n|turn|87\n|inactive|Time left: 300 sec this turn | 300 sec total\n|\n|t:|1783557213\n|move|p1a: Weezing|Will-O-Wisp|p2a: Toxapex\n|-fail|p2a: Toxapex|brn\n|move|p2a: Toxapex|Toxic Spikes||[still]\n|-fail|p2a: Toxapex\n|\n|-heal|p2a: Toxapex|51/216 brn|[from] item: Leftovers\n|-damage|p2a: Toxapex|38/216 brn|[from] brn\n|upkeep\n|turn|88\n|inactive|Time left: 300 sec this turn | 300 sec total\n|\n|t:|1783557214\n|move|p1a: Weezing|Will-O-Wisp|p2a: Toxapex\n|-fail|p2a: Toxapex|brn\n|move|p2a: Toxapex|Haze|p2a: Toxapex\n|-clearallboost\n|\n|-heal|p2a: Toxapex|51/216 brn|[from] item: Leftovers\n|-damage|p2a: Toxapex|38/216 brn|[from] brn\n|upkeep\n|turn|89\n|inactive|Time left: 300 sec this turn | 300 sec total\n|\n|t:|1783557215\n|move|p1a: Weezing|Will-O-Wisp|p2a: Toxapex|[miss]\n|-miss|p1a: Weezing|p2a: Toxapex\n|move|p2a: Toxapex|Haze|p2a: Toxapex\n|-clearallboost\n|\n|-heal|p2a: Toxapex|51/216 brn|[from] item: Leftovers\n|-damage|p2a: Toxapex|38/216 brn|[from] brn\n|upkeep\n|turn|90\n|inactive|Time left: 300 sec this turn | 300 sec total\n|\n|t:|1783557216\n|move|p1a: Weezing|Will-O-Wisp|p2a: Toxapex\n|-fail|p2a: Toxapex|brn\n|move|p2a: Toxapex|Toxic Spikes||[still]\n|-fail|p2a: Toxapex\n|\n|-heal|p2a: Toxapex|51/216 brn|[from] item: Leftovers\n|-damage|p2a: Toxapex|38/216 brn|[from] brn\n|upkeep\n|turn|91\n|inactive|Time left: 300 sec this turn | 300 sec total\n|\n|t:|1783557217\n|move|p1a: Weezing|Will-O-Wisp|p2a: Toxapex|[miss]\n|-miss|p1a: Weezing|p2a: Toxapex\n|move|p2a: Toxapex|Haze|p2a: Toxapex\n|-clearallboost\n|\n|-heal|p2a: Toxapex|51/216 brn|[from] item: Leftovers\n|-damage|p2a: Toxapex|38/216 brn|[from] brn\n|upkeep\n|turn|92\n|inactive|Time left: 300 sec this turn | 300 sec total\n|\n|t:|1783557218\n|move|p1a: Weezing|Will-O-Wisp|p2a: Toxapex|[miss]\n|-miss|p1a: Weezing|p2a: Toxapex\n|move|p2a: Toxapex|Haze|p2a: Toxapex\n|-clearallboost\n|\n|-heal|p2a: Toxapex|51/216 brn|[from] item: Leftovers\n|-damage|p2a: Toxapex|38/216 brn|[from] brn\n|upkeep\n|turn|93\n|inactive|Time left: 300 sec this turn | 300 sec total\n|\n|t:|1783557219\n|move|p1a: Weezing|Will-O-Wisp|p2a: Toxapex\n|-fail|p2a: Toxapex|brn\n|move|p2a: Toxapex|Haze|p2a: Toxapex\n|-clearallboost\n|\n|-heal|p2a: Toxapex|51/216 brn|[from] item: Leftovers\n|-damage|p2a: Toxapex|38/216 brn|[from] brn\n|upkeep\n|turn|94\n|inactive|Time left: 300 sec this turn | 300 sec total\n|\n|t:|1783557220\n|move|p1a: Weezing|Will-O-Wisp|p2a: Toxapex\n|-fail|p2a: Toxapex|brn\n|move|p2a: Toxapex|Toxic Spikes||[still]\n|-fail|p2a: Toxapex\n|\n|-heal|p2a: Toxapex|51/216 brn|[from] item: Leftovers\n|-damage|p2a: Toxapex|38/216 brn|[from] brn\n|upkeep\n|turn|95\n|inactive|Time left: 300 sec this turn | 300 sec total\n|\n|t:|1783557221\n|move|p1a: Weezing|Will-O-Wisp|p2a: Toxapex\n|-fail|p2a: Toxapex|brn\n|move|p2a: Toxapex|Haze|p2a: Toxapex\n|-clearallboost\n|\n|-heal|p2a: Toxapex|51/216 brn|[from] item: Leftovers\n|-damage|p2a: Toxapex|38/216 brn|[from] brn\n|upkeep\n|turn|96\n|inactive|Time left: 300 sec this turn | 300 sec total\n|\n|t:|1783557223\n|move|p1a: Weezing|Will-O-Wisp|p2a: Toxapex\n|-fail|p2a: Toxapex|brn\n|move|p2a: Toxapex|Toxic Spikes||[still]\n|-fail|p2a: Toxapex\n|\n|-heal|p2a: Toxapex|51/216 brn|[from] item: Leftovers\n|-damage|p2a: Toxapex|38/216 brn|[from] brn\n|upkeep\n|turn|97\n|inactive|Time left: 300 sec this turn | 300 sec total\n|\n|t:|1783557224\n|move|p1a: Weezing|Will-O-Wisp|p2a: Toxapex\n|-fail|p2a: Toxapex|brn\n|move|p2a: Toxapex|Haze|p2a: Toxapex\n|-clearallboost\n|\n|-heal|p2a: Toxapex|51/216 brn|[from] item: Leftovers\n|-damage|p2a: Toxapex|38/216 brn|[from] brn\n|upkeep\n|turn|98\n|inactive|Time left: 300 sec this turn | 300 sec total\n|\n|t:|1783557225\n|move|p1a: Weezing|Will-O-Wisp|p2a: Toxapex\n|-fail|p2a: Toxapex|brn\n|move|p2a: Toxapex|Toxic Spikes||[still]\n|-fail|p2a: Toxapex\n|\n|-heal|p2a: Toxapex|51/216 brn|[from] item: Leftovers\n|-damage|p2a: Toxapex|38/216 brn|[from] brn\n|upkeep\n|turn|99\n|inactive|Time left: 300 sec this turn | 300 sec total\n|\n|t:|1783557226\n|move|p1a: Weezing|Will-O-Wisp|p2a: Toxapex|[miss]\n|-miss|p1a: Weezing|p2a: Toxapex\n|move|p2a: Toxapex|Haze|p2a: Toxapex\n|-clearallboost\n|\n|-heal|p2a: Toxapex|51/216 brn|[from] item: Leftovers\n|-damage|p2a: Toxapex|38/216 brn|[from] brn\n|upkeep\n|turn|100\n|inactive|Time left: 300 sec this turn | 300 sec total\n|\n|t:|1783557227\n|move|p1a: Weezing|Pain Split|p2a: Toxapex\n|-sethp|p2a: Toxapex|148/216 brn|[from] move: Pain Split|[silent]\n|-sethp|p1a: Weezing|58/100|[from] move: Pain Split\n|move|p2a: Toxapex|Haze|p2a: Toxapex\n|-clearallboost\n|\n|-heal|p1a: Weezing|64/100|[from] item: Leftovers\n|-heal|p2a: Toxapex|161/216 brn|[from] item: Leftovers\n|-damage|p2a: Toxapex|148/216 brn|[from] brn\n|upkeep\n|turn|101\n|inactive|Time left: 300 sec this turn | 300 sec total\n|\n|t:|1783557228\n|move|p1a: Weezing|Pain Split|p2a: Toxapex\n|-sethp|p2a: Toxapex|156/216 brn|[from] move: Pain Split|[silent]\n|-sethp|p1a: Weezing|61/100|[from] move: Pain Split\n|move|p2a: Toxapex|Haze|p2a: Toxapex\n|-clearallboost\n|\n|-heal|p1a: Weezing|67/100|[from] item: Leftovers\n|-heal|p2a: Toxapex|169/216 brn|[from] item: Leftovers\n|-damage|p2a: Toxapex|156/216 brn|[from] brn\n|upkeep\n|turn|102\n|inactive|Time left: 300 sec this turn | 300 sec total\n|\n|t:|1783557229\n|move|p1a: Weezing|Pain Split|p2a: Toxapex\n|-sethp|p2a: Toxapex|164/216 brn|[from] move: Pain Split|[silent]\n|-sethp|p1a: Weezing|64/100|[from] move: Pain Split\n|move|p2a: Toxapex|Toxic Spikes||[still]\n|-fail|p2a: Toxapex\n|\n|-heal|p1a: Weezing|70/100|[from] item: Leftovers\n|-heal|p2a: Toxapex|177/216 brn|[from] item: Leftovers\n|-damage|p2a: Toxapex|164/216 brn|[from] brn\n|upkeep\n|turn|103\n|inactive|Time left: 300 sec this turn | 300 sec total\n|\n|t:|1783557230\n|move|p1a: Weezing|Pain Split|p2a: Toxapex\n|-sethp|p2a: Toxapex|172/216 brn|[from] move: Pain Split|[silent]\n|-sethp|p1a: Weezing|67/100|[from] move: Pain Split\n|move|p2a: Toxapex|Toxic Spikes||[still]\n|-fail|p2a: Toxapex\n|\n|-heal|p1a: Weezing|73/100|[from] item: Leftovers\n|-heal|p2a: Toxapex|185/216 brn|[from] item: Leftovers\n|-damage|p2a: Toxapex|172/216 brn|[from] brn\n|upkeep\n|turn|104\n|inactive|Time left: 300 sec this turn | 300 sec total\n|\n|t:|1783557231\n|move|p1a: Weezing|Pain Split|p2a: Toxapex\n|-sethp|p2a: Toxapex|180/216 brn|[from] move: Pain Split|[silent]\n|-sethp|p1a: Weezing|70/100|[from] move: Pain Split\n|move|p2a: Toxapex|Toxic Spikes||[still]\n|-fail|p2a: Toxapex\n|\n|-heal|p1a: Weezing|76/100|[from] item: Leftovers\n|-heal|p2a: Toxapex|193/216 brn|[from] item: Leftovers\n|-damage|p2a: Toxapex|180/216 brn|[from] brn\n|upkeep\n|turn|105\n|inactive|Time left: 300 sec this turn | 300 sec total\n|\n|t:|1783557232\n|move|p1a: Weezing|Pain Split|p2a: Toxapex\n|-sethp|p2a: Toxapex|188/216 brn|[from] move: Pain Split|[silent]\n|-sethp|p1a: Weezing|73/100|[from] move: Pain Split\n|move|p2a: Toxapex|Haze|p2a: Toxapex\n|-clearallboost\n|\n|-heal|p1a: Weezing|80/100|[from] item: Leftovers\n|-heal|p2a: Toxapex|201/216 brn|[from] item: Leftovers\n|-damage|p2a: Toxapex|188/216 brn|[from] brn\n|upkeep\n|turn|106\n|inactive|Time left: 300 sec this turn | 300 sec total\n|\n|t:|1783557234\n|move|p1a: Weezing|Pain Split|p2a: Toxapex\n|-sethp|p2a: Toxapex|196/216 brn|[from] move: Pain Split|[silent]\n|-sethp|p1a: Weezing|76/100|[from] move: Pain Split\n|move|p2a: Toxapex|Haze|p2a: Toxapex\n|-clearallboost\n|\n|-heal|p1a: Weezing|83/100|[from] item: Leftovers\n|-heal|p2a: Toxapex|209/216 brn|[from] item: Leftovers\n|-damage|p2a: Toxapex|196/216 brn|[from] brn\n|upkeep\n|turn|107\n|inactive|Time left: 300 sec this turn | 300 sec total\n|\n|t:|1783557235\n|move|p1a: Weezing|Will-O-Wisp|p2a: Toxapex\n|-fail|p2a: Toxapex|brn\n|move|p2a: Toxapex|Haze|p2a: Toxapex\n|-clearallboost\n|\n|-heal|p1a: Weezing|89/100|[from] item: Leftovers\n|-heal|p2a: Toxapex|209/216 brn|[from] item: Leftovers\n|-damage|p2a: Toxapex|196/216 brn|[from] brn\n|upkeep\n|turn|108\n|inactive|Time left: 300 sec this turn | 300 sec total\n|\n|t:|1783557236\n|switch|p2a: Annihilape|Annihilape, L76, M|292/292\n|-damage|p2a: Annihilape|274/292|[from] Stealth Rock\n|move|p1a: Weezing|Pain Split|p2a: Annihilape\n|-sethp|p2a: Annihilape|251/292|[from] move: Pain Split|[silent]\n|-sethp|p1a: Weezing|98/100|[from] move: Pain Split\n|\n|-heal|p2a: Annihilape|269/292|[from] item: Leftovers\n|-heal|p1a: Weezing|100/100|[from] item: Leftovers\n|upkeep\n|turn|109\n|inactive|Time left: 300 sec this turn | 300 sec total\n|\n|t:|1783557237\n|move|p2a: Annihilape|Bulk Up|p2a: Annihilape\n|-boost|p2a: Annihilape|atk|1\n|-boost|p2a: Annihilape|def|1\n|move|p1a: Weezing|Pain Split|p2a: Annihilape\n|-sethp|p2a: Annihilape|263/292|[from] move: Pain Split|[silent]\n|-sethp|p1a: Weezing|100/100|[from] move: Pain Split\n|\n|-heal|p2a: Annihilape|281/292|[from] item: Leftovers\n|upkeep\n|turn|110\n|inactive|Time left: 300 sec this turn | 300 sec total\n|\n|t:|1783557238\n|move|p2a: Annihilape|Bulk Up|p2a: Annihilape\n|-boost|p2a: Annihilape|atk|1\n|-boost|p2a: Annihilape|def|1\n|move|p1a: Weezing|Pain Split|p2a: Annihilape\n|-sethp|p2a: Annihilape|269/292|[from] move: Pain Split|[silent]\n|-sethp|p1a: Weezing|100/100|[from] move: Pain Split\n|\n|-heal|p2a: Annihilape|287/292|[from] item: Leftovers\n|upkeep\n|turn|111\n|inactive|Time left: 300 sec this turn | 300 sec total\n|\n|t:|1783557239\n|move|p2a: Annihilape|Bulk Up|p2a: Annihilape\n|-boost|p2a: Annihilape|atk|1\n|-boost|p2a: Annihilape|def|1\n|move|p1a: Weezing|Pain Split|p2a: Annihilape\n|-sethp|p2a: Annihilape|272/292|[from] move: Pain Split|[silent]\n|-sethp|p1a: Weezing|100/100|[from] move: Pain Split\n|\n|-heal|p2a: Annihilape|290/292|[from] item: Leftovers\n|upkeep\n|turn|112\n|inactive|Time left: 300 sec this turn | 300 sec total\n|\n|t:|1783557240\n|move|p2a: Annihilape|Bulk Up|p2a: Annihilape\n|-boost|p2a: Annihilape|atk|1\n|-boost|p2a: Annihilape|def|1\n|move|p1a: Weezing|Pain Split|p2a: Annihilape\n|-sethp|p2a: Annihilape|274/292|[from] move: Pain Split|[silent]\n|-sethp|p1a: Weezing|100/100|[from] move: Pain Split\n|\n|-heal|p2a: Annihilape|292/292|[from] item: Leftovers\n|upkeep\n|turn|113\n|inactive|Time left: 300 sec this turn | 300 sec total\n|\n|t:|1783557241\n|move|p2a: Annihilape|Bulk Up|p2a: Annihilape\n|-boost|p2a: Annihilape|atk|1\n|-boost|p2a: Annihilape|def|1\n|move|p1a: Weezing|Pain Split|p2a: Annihilape\n|-sethp|p2a: Annihilape|275/292|[from] move: Pain Split|[silent]\n|-sethp|p1a: Weezing|100/100|[from] move: Pain Split\n|\n|-heal|p2a: Annihilape|292/292|[from] item: Leftovers\n|upkeep\n|turn|114\n|inactive|Time left: 300 sec this turn | 300 sec total\n|\n|t:|1783557242\n|move|p2a: Annihilape|Rage Fist|p1a: Weezing\n|-damage|p1a: Weezing|45/100\n|move|p1a: Weezing|Pain Split|p2a: Annihilape\n|-sethp|p2a: Annihilape|204/292|[from] move: Pain Split|[silent]\n|-sethp|p1a: Weezing|80/100|[from] move: Pain Split\n|\n|-heal|p2a: Annihilape|222/292|[from] item: Leftovers\n|-heal|p1a: Weezing|86/100|[from] item: Leftovers\n|upkeep\n|turn|115\n|inactive|Time left: 300 sec this turn | 300 sec total\n|\n|t:|1783557243\n|move|p2a: Annihilape|Rage Fist|p1a: Weezing\n|-damage|p1a: Weezing|31/100\n|move|p1a: Weezing|Pain Split|p2a: Annihilape\n|-sethp|p2a: Annihilape|150/292|[from] move: Pain Split|[silent]\n|-sethp|p1a: Weezing|59/100|[from] move: Pain Split\n|\n|-heal|p2a: Annihilape|168/292|[from] item: Leftovers\n|-heal|p1a: Weezing|65/100|[from] item: Leftovers\n|upkeep\n|turn|116\n|inactive|Time left: 300 sec this turn | 300 sec total\n|\n|t:|1783557244\n|move|p2a: Annihilape|Rage Fist|p1a: Weezing\n|-crit|p1a: Weezing\n|-damage|p1a: Weezing|0 fnt\n|faint|p1a: Weezing\n|\n|win|p0y15506071", "uploadtime": 1783557244, "views": 0, "rating": 0, "private": 0, "password": null, "_winner": "p0y15506071", "_our_name": "p0y15506071"}