{"id": "battle-gen9randombattle-2325", "formatid": "gen9randombattle", "format": "[Gen 9] Random Battle", "players": ["p0x2325eee2", "p0y23250f64"], "log": "|init|battle\n|title|p0x2325eee2 vs. p0y23250f64\n|j|\u2606p0x2325eee2\n|j|\u2606p0y23250f64\n|t:|1783565984\n|gametype|singles\n|player|p1|p0x2325eee2|170|\n|player|p2|p0y23250f64|2|\n|gen|9\n|tier|[Gen 9] Random Battle\n|rule|Species Clause: Limit one of each Pok\u00e9mon\n|rule|HP Percentage Mod: HP is shown in percentages\n|rule|Sleep Clause Mod: Limit one foe put to sleep\n|rule|Illusion Level Mod: Illusion disguises the Pok\u00e9mon's true level\n|\n|t:|1783565984\n|teamsize|p1|6\n|teamsize|p2|6\n|start\n|switch|p1a: Munkidori|Munkidori, L79, M|100/100\n|switch|p2a: Talonflame|Talonflame, L83, M|265/265\n|turn|1\n|inactive|Battle timer is ON: inactive players will automatically lose when time's up. (requested by p0y23250f64)\n|inactive|p0x2325eee2 also wants the timer to be on.\n|\n|t:|1783565985\n|move|p2a: Talonflame|Brave Bird|p1a: Munkidori\n|-damage|p1a: Munkidori|47/100\n|-damage|p2a: Talonflame|217/265|[from] Recoil\n|move|p1a: Munkidori|Psyshock|p2a: Talonflame\n|-damage|p2a: Talonflame|69/265\n|-status|p2a: Talonflame|tox|[from] ability: Toxic Chain|[of] p1a: Munkidori\n|-damage|p1a: Munkidori|37/100|[from] item: Life Orb\n|\n|-damage|p2a: Talonflame|53/265 tox|[from] psn\n|upkeep\n|turn|2\n|inactive|Time left: 300 sec this turn | 300 sec total\n|\n|t:|1783565986\n|switch|p1a: Garganacl|Garganacl, L80, F|100/100\n|move|p2a: Talonflame|Flare Blitz|p1a: Garganacl\n|-resisted|p1a: Garganacl\n|-damage|p1a: Garganacl|86/100\n|-damage|p2a: Talonflame|39/265 tox|[from] Recoil\n|\n|-heal|p1a: Garganacl|93/100|[from] item: Leftovers\n|-damage|p2a: Talonflame|7/265 tox|[from] psn\n|upkeep\n|turn|3\n|inactive|Time left: 300 sec this turn | 300 sec total\n|\n|t:|1783565987\n|move|p2a: Talonflame|Brave Bird|p1a: Garganacl\n|-resisted|p1a: Garganacl\n|-damage|p1a: Garganacl|77/100\n|-damage|p2a: Talonflame|0 fnt|[from] Recoil\n|faint|p2a: Talonflame\n|move|p1a: Garganacl|Iron Defense|p1a: Garganacl\n|-boost|p1a: Garganacl|def|2\n|\n|-heal|p1a: Garganacl|83/100|[from] item: Leftovers\n|upkeep\n|inactive|Time left: 300 sec this turn | 300 sec total | 5 sec grace\n|\n|t:|1783565988\n|switch|p2a: Comfey|Comfey, L85, F|225/225\n|turn|4\n|inactive|Time left: 300 sec this turn | 300 sec total\n|\n|t:|1783565989\n|move|p2a: Comfey|Calm Mind|p2a: Comfey\n|-boost|p2a: Comfey|spa|1\n|-boost|p2a: Comfey|spd|1\n|move|p1a: Garganacl|Salt Cure|p2a: Comfey\n|-damage|p2a: Comfey|185/225\n|-start|p2a: Comfey|Salt Cure\n|\n|-heal|p2a: Comfey|199/225|[from] item: Leftovers\n|-heal|p1a: Garganacl|90/100|[from] item: Leftovers\n|-damage|p2a: Comfey|171/225|[from] Salt Cure\n|upkeep\n|turn|5\n|inactive|Time left: 300 sec this turn | 300 sec total\n|\n|t:|1783565990\n|switch|p1a: Gogoat|Gogoat, L88, M|100/100\n|move|p2a: Comfey|Calm Mind|p2a: Comfey\n|-boost|p2a: Comfey|spa|1\n|-boost|p2a: Comfey|spd|1\n|\n|-heal|p2a: Comfey|185/225|[from] item: Leftovers\n|-damage|p2a: Comfey|157/225|[from] Salt Cure\n|upkeep\n|turn|6\n|inactive|Time left: 300 sec this turn | 300 sec total\n|\n|t:|1783565991\n|move|p2a: Comfey|Draining Kiss|p1a: Gogoat\n|-crit|p1a: Gogoat\n|-damage|p1a: Gogoat|59/100\n|-heal|p2a: Comfey|225/225|[from] drain|[of] p1a: Gogoat\n|move|p1a: Gogoat|Horn Leech|p2a: Comfey\n|-damage|p2a: Comfey|134/225\n|-heal|p1a: Gogoat|72/100|[from] drain|[of] p2a: Comfey\n|\n|-heal|p2a: Comfey|148/225|[from] item: Leftovers\n|-heal|p1a: Gogoat|78/100|[from] item: Leftovers\n|-damage|p2a: Comfey|120/225|[from] Salt Cure\n|upkeep\n|turn|7\n|inactive|Time left: 300 sec this turn | 300 sec total\n|\n|t:|1783565992\n|move|p2a: Comfey|Draining Kiss|p1a: Gogoat\n|-damage|p1a: Gogoat|49/100\n|-heal|p2a: Comfey|199/225|[from] drain|[of] p1a: Gogoat\n|move|p1a: Gogoat|Horn Leech|p2a: Comfey\n|-damage|p2a: Comfey|103/225\n|-heal|p1a: Gogoat|62/100|[from] drain|[of] p2a: Comfey\n|\n|-heal|p2a: Comfey|117/225|[from] item: Leftovers\n|-heal|p1a: Gogoat|68/100|[from] item: Leftovers\n|-damage|p2a: Comfey|89/225|[from] Salt Cure\n|upkeep\n|turn|8\n|inactive|Time left: 300 sec this turn | 300 sec total\n|\n|t:|1783565993\n|move|p2a: Comfey|Draining Kiss|p1a: Gogoat\n|-damage|p1a: Gogoat|39/100\n|-heal|p2a: Comfey|168/225|[from] drain|[of] p1a: Gogoat\n|move|p1a: Gogoat|Horn Leech|p2a: Comfey\n|-damage|p2a: Comfey|72/225\n|-heal|p1a: Gogoat|52/100|[from] drain|[of] p2a: Comfey\n|\n|-heal|p2a: Comfey|86/225|[from] item: Leftovers\n|-heal|p1a: Gogoat|58/100|[from] item: Leftovers\n|-damage|p2a: Comfey|58/225|[from] Salt Cure\n|upkeep\n|turn|9\n|inactive|Time left: 300 sec this turn | 300 sec total\n|\n|t:|1783565994\n|move|p2a: Comfey|Draining Kiss|p1a: Gogoat\n|-damage|p1a: Gogoat|29/100\n|-heal|p2a: Comfey|137/225|[from] drain|[of] p1a: Gogoat\n|move|p1a: Gogoat|Horn Leech|p2a: Comfey\n|-damage|p2a: Comfey|52/225\n|-heal|p1a: Gogoat|41/100|[from] drain|[of] p2a: Comfey\n|\n|-heal|p2a: Comfey|66/225|[from] item: Leftovers\n|-heal|p1a: Gogoat|47/100|[from] item: Leftovers\n|-damage|p2a: Comfey|38/225|[from] Salt Cure\n|upkeep\n|turn|10\n|inactive|Time left: 300 sec this turn | 300 sec total\n|\n|t:|1783565995\n|-terastallize|p2a: Comfey|Fairy\n|move|p2a: Comfey|Draining Kiss|p1a: Gogoat\n|-damage|p1a: Gogoat|4/100\n|-heal|p2a: Comfey|155/225|[from] drain|[of] p1a: Gogoat\n|move|p1a: Gogoat|Horn Leech|p2a: Comfey\n|-damage|p2a: Comfey|73/225\n|-heal|p1a: Gogoat|15/100|[from] drain|[of] p2a: Comfey\n|\n|-heal|p2a: Comfey|87/225|[from] item: Leftovers\n|-heal|p1a: Gogoat|21/100|[from] item: Leftovers\n|-damage|p2a: Comfey|59/225|[from] Salt Cure\n|upkeep\n|turn|11\n|inactive|Time left: 300 sec this turn | 300 sec total\n|\n|t:|1783565996\n|switch|p1a: Probopass|Probopass, L91, M|100/100\n|move|p2a: Comfey|Draining Kiss|p1a: Probopass\n|-resisted|p1a: Probopass\n|-damage|p1a: Probopass|83/100\n|-heal|p2a: Comfey|94/225|[from] drain|[of] p1a: Probopass\n|\n|-heal|p2a: Comfey|108/225|[from] item: Leftovers\n|-heal|p1a: Probopass|89/100|[from] item: Leftovers\n|-damage|p2a: Comfey|80/225|[from] Salt Cure\n|upkeep\n|turn|12\n|inactive|Time left: 300 sec this turn | 300 sec total\n|\n|t:|1783565997\n|move|p2a: Comfey|Draining Kiss|p1a: Probopass\n|-resisted|p1a: Probopass\n|-damage|p1a: Probopass|72/100\n|-heal|p2a: Comfey|112/225|[from] drain|[of] p1a: Probopass\n|move|p1a: Probopass|Flash Cannon|p2a: Comfey\n|-supereffective|p2a: Comfey\n|-damage|p2a: Comfey|40/225\n|\n|-heal|p2a: Comfey|54/225|[from] item: Leftovers\n|-heal|p1a: Probopass|78/100|[from] item: Leftovers\n|-damage|p2a: Comfey|26/225|[from] Salt Cure\n|upkeep\n|turn|13\n|inactive|Time left: 300 sec this turn | 300 sec total\n|\n|t:|1783565998\n|move|p2a: Comfey|Draining Kiss|p1a: Probopass\n|-resisted|p1a: Probopass\n|-damage|p1a: Probopass|60/100\n|-heal|p2a: Comfey|62/225|[from] drain|[of] p1a: Probopass\n|move|p1a: Probopass|Body Press|p2a: Comfey\n|-resisted|p2a: Comfey\n|-damage|p2a: Comfey|20/225\n|\n|-heal|p2a: Comfey|34/225|[from] item: Leftovers\n|-heal|p1a: Probopass|66/100|[from] item: Leftovers\n|-damage|p2a: Comfey|6/225|[from] Salt Cure\n|upkeep\n|turn|14\n|inactive|Time left: 300 sec this turn | 300 sec total\n|\n|t:|1783565999\n|move|p2a: Comfey|Draining Kiss|p1a: Probopass\n|-resisted|p1a: Probopass\n|-damage|p1a: Probopass|48/100\n|-heal|p2a: Comfey|40/225|[from] drain|[of] p1a: Probopass\n|move|p1a: Probopass|Flash Cannon|p2a: Comfey\n|-supereffective|p2a: Comfey\n|-damage|p2a: Comfey|0 fnt\n|faint|p2a: Comfey\n|\n|-heal|p1a: Probopass|55/100|[from] item: Leftovers\n|upkeep\n|inactive|Time left: 300 sec this turn | 300 sec total | 5 sec grace\n|\n|t:|1783565999\n|switch|p2a: Houndstone|Houndstone, L86, F|264/264\n|turn|15\n|inactive|Time left: 300 sec this turn | 300 sec total\n|\n|t:|1783566000\n|move|p2a: Houndstone|Body Press|p1a: Probopass\n|-supereffective|p1a: Probopass\n|-damage|p1a: Probopass|0 fnt\n|faint|p1a: Probopass\n|\n|upkeep\n|\n|t:|1783566001\n|switch|p1a: Gogoat|Gogoat, L88, M|21/100\n|turn|16\n|inactive|Time left: 300 sec this turn | 300 sec total\n|\n|t:|1783566002\n|move|p1a: Gogoat|Milk Drink|p1a: Gogoat\n|-heal|p1a: Gogoat|71/100\n|move|p2a: Houndstone|Poltergeist|p1a: Gogoat|[miss]\n|-miss|p2a: Houndstone|p1a: Gogoat\n|\n|-heal|p1a: Gogoat|77/100|[from] item: Leftovers\n|upkeep\n|turn|17\n|inactive|Time left: 300 sec this turn | 300 sec total\n|\n|t:|1783566004\n|move|p1a: Gogoat|Bulk Up|p1a: Gogoat\n|-boost|p1a: Gogoat|atk|1\n|-boost|p1a: Gogoat|def|1\n|move|p2a: Houndstone|Poltergeist|p1a: Gogoat\n|-activate|p1a: Gogoat|move: Poltergeist|Leftovers\n|-damage|p1a: Gogoat|49/100\n|\n|-heal|p1a: Gogoat|55/100|[from] item: Leftovers\n|upkeep\n|turn|18\n|inactive|Time left: 300 sec this turn | 300 sec total\n|\n|t:|1783566005\n|move|p1a: Gogoat|Bulk Up|p1a: Gogoat\n|-boost|p1a: Gogoat|atk|1\n|-boost|p1a: Gogoat|def|1\n|move|p2a: Houndstone|Poltergeist|p1a: Gogoat\n|-activate|p1a: Gogoat|move: Poltergeist|Leftovers\n|-damage|p1a: Gogoat|32/100\n|\n|-heal|p1a: Gogoat|39/100|[from] item: Leftovers\n|upkeep\n|turn|19\n|inactive|Time left: 300 sec this turn | 300 sec total\n|\n|t:|1783566006\n|move|p1a: Gogoat|Milk Drink|p1a: Gogoat\n|-heal|p1a: Gogoat|89/100\n|move|p2a: Houndstone|Poltergeist|p1a: Gogoat|[miss]\n|-miss|p2a: Houndstone|p1a: Gogoat\n|\n|-heal|p1a: Gogoat|95/100|[from] item: Leftovers\n|upkeep\n|turn|20\n|inactive|Time left: 300 sec this turn | 300 sec total\n|\n|t:|1783566007\n|switch|p2a: Cryogonal|Cryogonal, L89|287/287\n|move|p1a: Gogoat|Earthquake|p2a: Cryogonal\n|-immune|p2a: Cryogonal|[from] ability: Levitate\n|\n|-heal|p1a: Gogoat|100/100|[from] item: Leftovers\n|upkeep\n|turn|21\n|inactive|Time left: 300 sec this turn | 300 sec total\n|\n|t:|1783566008\n|move|p2a: Cryogonal|Haze|p2a: Cryogonal\n|-clearallboost\n|move|p1a: Gogoat|Horn Leech|p2a: Cryogonal\n|-damage|p2a: Cryogonal|160/287\n|\n|upkeep\n|turn|22\n|inactive|Time left: 300 sec this turn | 300 sec total\n|\n|t:|1783566009\n|move|p2a: Cryogonal|Recover|p2a: Cryogonal\n|-heal|p2a: Cryogonal|287/287\n|move|p1a: Gogoat|Bulk Up|p1a: Gogoat\n|-boost|p1a: Gogoat|atk|1\n|-boost|p1a: Gogoat|def|1\n|\n|upkeep\n|turn|23\n|inactive|Time left: 300 sec this turn | 300 sec total\n|\n|t:|1783566010\n|move|p2a: Cryogonal|Haze|p2a: Cryogonal\n|-clearallboost\n|move|p1a: Gogoat|Horn Leech|p2a: Cryogonal\n|-damage|p2a: Cryogonal|166/287\n|\n|upkeep\n|turn|24\n|inactive|Time left: 300 sec this turn | 300 sec total\n|\n|t:|1783566011\n|move|p2a: Cryogonal|Recover|p2a: Cryogonal\n|-heal|p2a: Cryogonal|287/287\n|move|p1a: Gogoat|Horn Leech|p2a: Cryogonal\n|-damage|p2a: Cryogonal|166/287\n|\n|upkeep\n|turn|25\n|inactive|Time left: 300 sec this turn | 300 sec total\n|\n|t:|1783566012\n|move|p2a: Cryogonal|Recover|p2a: Cryogonal\n|-heal|p2a: Cryogonal|287/287\n|move|p1a: Gogoat|Bulk Up|p1a: Gogoat\n|-boost|p1a: Gogoat|atk|1\n|-boost|p1a: Gogoat|def|1\n|\n|upkeep\n|turn|26\n|inactive|Time left: 300 sec this turn | 300 sec total\n|\n|t:|1783566013\n|move|p2a: Cryogonal|Haze|p2a: Cryogonal\n|-clearallboost\n|move|p1a: Gogoat|Horn Leech|p2a: Cryogonal\n|-damage|p2a: Cryogonal|158/287\n|\n|upkeep\n|turn|27\n|inactive|Time left: 300 sec this turn | 300 sec total\n|\n|t:|1783566015\n|move|p2a: Cryogonal|Recover|p2a: Cryogonal\n|-heal|p2a: Cryogonal|287/287\n|move|p1a: Gogoat|Bulk Up|p1a: Gogoat\n|-boost|p1a: Gogoat|atk|1\n|-boost|p1a: Gogoat|def|1\n|\n|upkeep\n|turn|28\n|inactive|Time left: 300 sec this turn | 300 sec total\n|\n|t:|1783566016\n|move|p2a: Cryogonal|Haze|p2a: Cryogonal\n|-clearallboost\n|move|p1a: Gogoat|Horn Leech|p2a: Cryogonal\n|-damage|p2a: Cryogonal|170/287\n|\n|upkeep\n|turn|29\n|inactive|Time left: 300 sec this turn | 300 sec total\n|\n|t:|1783566017\n|move|p2a: Cryogonal|Recover|p2a: Cryogonal\n|-heal|p2a: Cryogonal|287/287\n|move|p1a: Gogoat|Bulk Up|p1a: Gogoat\n|-boost|p1a: Gogoat|atk|1\n|-boost|p1a: Gogoat|def|1\n|\n|upkeep\n|turn|30\n|inactive|Time left: 300 sec this turn | 300 sec total\n|\n|t:|1783566018\n|move|p2a: Cryogonal|Haze|p2a: Cryogonal\n|-clearallboost\n|move|p1a: Gogoat|Horn Leech|p2a: Cryogonal\n|-damage|p2a: Cryogonal|167/287\n|\n|upkeep\n|turn|31\n|inactive|Time left: 300 sec this turn | 300 sec total\n|\n|t:|1783566019\n|move|p2a: Cryogonal|Recover|p2a: Cryogonal\n|-heal|p2a: Cryogonal|287/287\n|move|p1a: Gogoat|Bulk Up|p1a: Gogoat\n|-boost|p1a: Gogoat|atk|1\n|-boost|p1a: Gogoat|def|1\n|\n|upkeep\n|turn|32\n|inactive|Time left: 300 sec this turn | 300 sec total\n|\n|t:|1783566020\n|move|p2a: Cryogonal|Haze|p2a: Cryogonal\n|-clearallboost\n|move|p1a: Gogoat|Horn Leech|p2a: Cryogonal\n|-damage|p2a: Cryogonal|172/287\n|\n|upkeep\n|turn|33\n|inactive|Time left: 300 sec this turn | 300 sec total\n|\n|t:|1783566021\n|move|p2a: Cryogonal|Recover|p2a: Cryogonal\n|-heal|p2a: Cryogonal|287/287\n|move|p1a: Gogoat|Bulk Up|p1a: Gogoat\n|-boost|p1a: Gogoat|atk|1\n|-boost|p1a: Gogoat|def|1\n|\n|upkeep\n|turn|34\n|inactive|Time left: 300 sec this turn | 300 sec total\n|\n|t:|1783566022\n|move|p2a: Cryogonal|Haze|p2a: Cryogonal\n|-clearallboost\n|move|p1a: Gogoat|Horn Leech|p2a: Cryogonal\n|-damage|p2a: Cryogonal|170/287\n|\n|upkeep\n|turn|35\n|inactive|Time left: 300 sec this turn | 300 sec total\n|\n|t:|1783566022\n|move|p2a: Cryogonal|Recover|p2a: Cryogonal\n|-heal|p2a: Cryogonal|287/287\n|move|p1a: Gogoat|Horn Leech|p2a: Cryogonal\n|-damage|p2a: Cryogonal|172/287\n|\n|upkeep\n|turn|36\n|inactive|Time left: 300 sec this turn | 300 sec total\n|\n|t:|1783566023\n|move|p2a: Cryogonal|Freeze-Dry|p1a: Gogoat\n|-supereffective|p1a: Gogoat\n|-damage|p1a: Gogoat|55/100\n|-status|p1a: Gogoat|frz\n|cant|p1a: Gogoat|frz\n|\n|-heal|p1a: Gogoat|62/100 frz|[from] item: Leftovers\n|upkeep\n|turn|37\n|inactive|Time left: 300 sec this turn | 300 sec total\n|\n|t:|1783566024\n|switch|p1a: Garganacl|Garganacl, L80, F|90/100\n|move|p2a: Cryogonal|Freeze-Dry|p1a: Garganacl\n|-damage|p1a: Garganacl|61/100\n|\n|-heal|p1a: Garganacl|67/100|[from] item: Leftovers\n|upkeep\n|turn|38\n|inactive|Time left: 300 sec this turn | 300 sec total\n|\n|t:|1783566025\n|switch|p2a: Houndstone|Houndstone, L86, F|264/264\n|move|p1a: Garganacl|Salt Cure|p2a: Houndstone\n|-damage|p2a: Houndstone|227/264\n|-start|p2a: Houndstone|Salt Cure\n|\n|-heal|p2a: Houndstone|243/264|[from] item: Leftovers\n|-heal|p1a: Garganacl|73/100|[from] item: Leftovers\n|-damage|p2a: Houndstone|210/264|[from] Salt Cure\n|upkeep\n|turn|39\n|inactive|Time left: 300 sec this turn | 300 sec total\n|\n|t:|1783566026\n|move|p2a: Houndstone|Body Press|p1a: Garganacl\n|-supereffective|p1a: Garganacl\n|-damage|p1a: Garganacl|41/100\n|move|p1a: Garganacl|Salt Cure|p2a: Houndstone\n|-damage|p2a: Houndstone|173/264\n|\n|-heal|p2a: Houndstone|189/264|[from] item: Leftovers\n|-heal|p1a: Garganacl|48/100|[from] item: Leftovers\n|-damage|p2a: Houndstone|156/264|[from] Salt Cure\n|upkeep\n|turn|40\n|inactive|Time left: 300 sec this turn | 300 sec total\n|\n|t:|1783566027\n|move|p2a: Houndstone|Body Press|p1a: Garganacl\n|-supereffective|p1a: Garganacl\n|-damage|p1a: Garganacl|12/100\n|move|p1a: Garganacl|Recover|p1a: Garganacl\n|-heal|p1a: Garganacl|62/100\n|\n|-heal|p2a: Houndstone|172/264|[from] item: Leftovers\n|-heal|p1a: Garganacl|68/100|[from] item: Leftovers\n|-damage|p2a: Houndstone|139/264|[from] Salt Cure\n|upkeep\n|turn|41\n|inactive|Time left: 300 sec this turn | 300 sec total\n|\n|t:|1783566028\n|move|p2a: Houndstone|Poltergeist|p1a: Garganacl\n|-activate|p1a: Garganacl|move: Poltergeist|Leftovers\n|-damage|p1a: Garganacl|52/100\n|move|p1a: Garganacl|Recover|p1a: Garganacl\n|-heal|p1a: Garganacl|100/100\n|\n|-heal|p2a: Houndstone|155/264|[from] item: Leftovers\n|-damage|p2a: Houndstone|122/264|[from] Salt Cure\n|upkeep\n|turn|42\n|inactive|Time left: 300 sec this turn | 300 sec total\n|\n|t:|1783566029\n|move|p2a: Houndstone|Poltergeist|p1a: Garganacl\n|-activate|p1a: Garganacl|move: Poltergeist|Leftovers\n|-damage|p1a: Garganacl|83/100\n|move|p1a: Garganacl|Iron Defense|p1a: Garganacl\n|-boost|p1a: Garganacl|def|2\n|\n|-heal|p2a: Houndstone|138/264|[from] item: Leftovers\n|-heal|p1a: Garganacl|89/100|[from] item: Leftovers\n|-damage|p2a: Houndstone|105/264|[from] Salt Cure\n|upkeep\n|turn|43\n|inactive|Time left: 300 sec this turn | 300 sec total\n|\n|t:|1783566030\n|move|p2a: Houndstone|Rest|p2a: Houndstone\n|-status|p2a: Houndstone|slp|[from] move: Rest\n|-heal|p2a: Houndstone|264/264 slp|[silent]\n|move|p1a: Garganacl|Salt Cure|p2a: Houndstone\n|-crit|p2a: Houndstone\n|-damage|p2a: Houndstone|212/264 slp\n|\n|-heal|p2a: Houndstone|228/264 slp|[from] item: Leftovers\n|-heal|p1a: Garganacl|95/100|[from] item: Leftovers\n|-damage|p2a: Houndstone|195/264 slp|[from] Salt Cure\n|upkeep\n|turn|44\n|inactive|Time left: 300 sec this turn | 300 sec total\n|\n|t:|1783566031\n|cant|p2a: Houndstone|slp\n|move|p1a: Garganacl|Salt Cure|p2a: Houndstone\n|-damage|p2a: Houndstone|159/264 slp\n|\n|-heal|p2a: Houndstone|175/264 slp|[from] item: Leftovers\n|-heal|p1a: Garganacl|100/100|[from] item: Leftovers\n|-damage|p2a: Houndstone|142/264 slp|[from] Salt Cure\n|upkeep\n|turn|45\n|inactive|Time left: 300 sec this turn | 300 sec total\n|\n|t:|1783566032\n|cant|p2a: Houndstone|slp\n|move|p1a: Garganacl|Salt Cure|p2a: Houndstone\n|-crit|p2a: Houndstone\n|-damage|p2a: Houndstone|91/264 slp\n|\n|-heal|p2a: Houndstone|107/264 slp|[from] item: Leftovers\n|-damage|p2a: Houndstone|74/264 slp|[from] Salt Cure\n|upkeep\n|turn|46\n|inactive|Time left: 300 sec this turn | 300 sec total\n|\n|t:|1783566032\n|-curestatus|p2a: Houndstone|slp|[msg]\n|move|p2a: Houndstone|Rest|p2a: Houndstone\n|-status|p2a: Houndstone|slp|[from] move: Rest\n|-heal|p2a: Houndstone|264/264 slp|[silent]\n|move|p1a: Garganacl|Salt Cure|p2a: Houndstone\n|-damage|p2a: Houndstone|227/264 slp\n|\n|-heal|p2a: Houndstone|243/264 slp|[from] item: Leftovers\n|-damage|p2a: Houndstone|210/264 slp|[from] Salt Cure\n|upkeep\n|turn|47\n|inactive|Time left: 300 sec this turn | 300 sec total\n|\n|t:|1783566033\n|cant|p2a: Houndstone|slp\n|move|p1a: Garganacl|Salt Cure|p2a: Houndstone\n|-damage|p2a: Houndstone|174/264 slp\n|\n|-heal|p2a: Houndstone|190/264 slp|[from] item: Leftovers\n|-damage|p2a: Houndstone|157/264 slp|[from] Salt Cure\n|upkeep\n|turn|48\n|inactive|Time left: 300 sec this turn | 300 sec total\n|\n|t:|1783566034\n|cant|p2a: Houndstone|slp\n|move|p1a: Garganacl|Salt Cure|p2a: Houndstone\n|-damage|p2a: Houndstone|120/264 slp\n|\n|-heal|p2a: Houndstone|136/264 slp|[from] item: Leftovers\n|-damage|p2a: Houndstone|103/264 slp|[from] Salt Cure\n|upkeep\n|turn|49\n|inactive|Time left: 300 sec this turn | 300 sec total\n|\n|t:|1783566035\n|-curestatus|p2a: Houndstone|slp|[msg]\n|move|p2a: Houndstone|Rest|p2a: Houndstone\n|-status|p2a: Houndstone|slp|[from] move: Rest\n|-heal|p2a: Houndstone|264/264 slp|[silent]\n|move|p1a: Garganacl|Iron Defense|p1a: Garganacl\n|-boost|p1a: Garganacl|def|2\n|\n|-damage|p2a: Houndstone|231/264 slp|[from] Salt Cure\n|upkeep\n|turn|50\n|inactive|Time left: 300 sec this turn | 300 sec total\n|\n|t:|1783566036\n|cant|p2a: Houndstone|slp\n|move|p2a: Houndstone|Sleep Talk|p2a: Houndstone\n|move|p2a: Houndstone|Poltergeist|p1a: Garganacl|[from] move: Sleep Talk|[miss]\n|-miss|p2a: Houndstone|p1a: Garganacl\n|move|p1a: Garganacl|Salt Cure|p2a: Houndstone\n|-crit|p2a: Houndstone\n|-damage|p2a: Houndstone|174/264 slp\n|\n|-heal|p2a: Houndstone|190/264 slp|[from] item: Leftovers\n|-damage|p2a: Houndstone|157/264 slp|[from] Salt Cure\n|upkeep\n|turn|51\n|inactive|Time left: 300 sec this turn | 300 sec total\n|\n|t:|1783566037\n|cant|p2a: Houndstone|slp\n|move|p1a: Garganacl|Body Press|p2a: Houndstone\n|-immune|p2a: Houndstone\n|\n|-heal|p2a: Houndstone|173/264 slp|[from] item: Leftovers\n|-damage|p2a: Houndstone|140/264 slp|[from] Salt Cure\n|upkeep\n|turn|52\n|inactive|Time left: 300 sec this turn | 300 sec total\n|\n|t:|1783566038\n|-curestatus|p2a: Houndstone|slp|[msg]\n|move|p2a: Houndstone|Poltergeist|p1a: Garganacl\n|-activate|p1a: Garganacl|move: Poltergeist|Leftovers\n|-damage|p1a: Garganacl|95/100\n|move|p1a: Garganacl|Salt Cure|p2a: Houndstone\n|-damage|p2a: Houndstone|107/264\n|\n|-heal|p2a: Houndstone|123/264|[from] item: Leftovers\n|-heal|p1a: Garganacl|100/100|[from] item: Leftovers\n|-damage|p2a: Houndstone|90/264|[from] Salt Cure\n|upkeep\n|turn|53\n|inactive|Time left: 300 sec this turn | 300 sec total\n|\n|t:|1783566039\n|move|p2a: Houndstone|Rest|p2a: Houndstone\n|-status|p2a: Houndstone|slp|[from] move: Rest\n|-heal|p2a: Houndstone|264/264 slp|[silent]\n|move|p1a: Garganacl|Salt Cure|p2a: Houndstone\n|-damage|p2a: Houndstone|230/264 slp\n|\n|-heal|p2a: Houndstone|246/264 slp|[from] item: Leftovers\n|-damage|p2a: Houndstone|213/264 slp|[from] Salt Cure\n|upkeep\n|turn|54\n|inactive|Time left: 300 sec this turn | 300 sec total\n|\n|t:|1783566040\n|cant|p2a: Houndstone|slp\n|move|p1a: Garganacl|Body Press|p2a: Houndstone\n|-immune|p2a: Houndstone\n|\n|-heal|p2a: Houndstone|229/264 slp|[from] item: Leftovers\n|-damage|p2a: Houndstone|196/264 slp|[from] Salt Cure\n|upkeep\n|turn|55\n|inactive|Time left: 300 sec this turn | 300 sec total\n|\n|t:|1783566041\n|cant|p2a: Houndstone|slp\n|move|p2a: Houndstone|Sleep Talk|p2a: Houndstone\n|move|p2a: Houndstone|Poltergeist|p1a: Garganacl|[from] move: Sleep Talk|[miss]\n|-miss|p2a: Houndstone|p1a: Garganacl\n|move|p1a: Garganacl|Salt Cure|p2a: Houndstone\n|-damage|p2a: Houndstone|160/264 slp\n|\n|-heal|p2a: Houndstone|176/264 slp|[from] item: Leftovers\n|-damage|p2a: Houndstone|143/264 slp|[from] Salt Cure\n|upkeep\n|turn|56\n|inactive|Time left: 300 sec this turn | 300 sec total\n|\n|t:|1783566042\n|-curestatus|p2a: Houndstone|slp|[msg]\n|move|p2a: Houndstone|Poltergeist|p1a: Garganacl|[miss]\n|-miss|p2a: Houndstone|p1a: Garganacl\n|move|p1a: Garganacl|Salt Cure|p2a: Houndstone\n|-damage|p2a: Houndstone|109/264\n|\n|-heal|p2a: Houndstone|125/264|[from] item: Leftovers\n|-damage|p2a: Houndstone|92/264|[from] Salt Cure\n|upkeep\n|turn|57\n|inactive|Time left: 300 sec this turn | 300 sec total\n|\n|t:|1783566043\n|move|p2a: Houndstone|Rest|p2a: Houndstone\n|-status|p2a: Houndstone|slp|[from] move: Rest\n|-heal|p2a: Houndstone|264/264 slp|[silent]\n|move|p1a: Garganacl|Salt Cure|p2a: Houndstone\n|-damage|p2a: Houndstone|224/264 slp\n|\n|-heal|p2a: Houndstone|240/264 slp|[from] item: Leftovers\n|-damage|p2a: Houndstone|207/264 slp|[from] Salt Cure\n|upkeep\n|turn|58\n|inactive|Time left: 300 sec this turn | 300 sec total\n|\n|t:|1783566044\n|cant|p2a: Houndstone|slp\n|move|p2a: Houndstone|Sleep Talk|p2a: Houndstone\n|move|p2a: Houndstone|Poltergeist|p1a: Garganacl|[from] move: Sleep Talk|[miss]\n|-miss|p2a: Houndstone|p1a: Garganacl\n|move|p1a: Garganacl|Salt Cure|p2a: Houndstone\n|-damage|p2a: Houndstone|168/264 slp\n|\n|-heal|p2a: Houndstone|184/264 slp|[from] item: Leftovers\n|-damage|p2a: Houndstone|151/264 slp|[from] Salt Cure\n|upkeep\n|turn|59\n|inactive|Time left: 300 sec this turn | 300 sec total\n|\n|t:|1783566045\n|cant|p2a: Houndstone|slp\n|move|p2a: Houndstone|Sleep Talk|p2a: Houndstone\n|move|p2a: Houndstone|Rest||[from] move: Sleep Talk|[still]\n|-fail|p2a: Houndstone\n|move|p1a: Garganacl|Body Press|p2a: Houndstone\n|-immune|p2a: Houndstone\n|\n|-heal|p2a: Houndstone|167/264 slp|[from] item: Leftovers\n|-damage|p2a: Houndstone|134/264 slp|[from] Salt Cure\n|upkeep\n|turn|60\n|inactive|Time left: 300 sec this turn | 300 sec total\n|\n|t:|1783566046\n|-curestatus|p2a: Houndstone|slp|[msg]\n|move|p2a: Houndstone|Rest|p2a: Houndstone\n|-status|p2a: Houndstone|slp|[from] move: Rest\n|-heal|p2a: Houndstone|264/264 slp|[silent]\n|move|p1a: Garganacl|Body Press|p2a: Houndstone\n|-immune|p2a: Houndstone\n|\n|-damage|p2a: Houndstone|231/264 slp|[from] Salt Cure\n|upkeep\n|turn|61\n|inactive|Time left: 300 sec this turn | 300 sec total\n|\n|t:|1783566047\n|cant|p2a: Houndstone|slp\n|move|p1a: Garganacl|Body Press|p2a: Houndstone\n|-immune|p2a: Houndstone\n|\n|-heal|p2a: Houndstone|247/264 slp|[from] item: Leftovers\n|-damage|p2a: Houndstone|214/264 slp|[from] Salt Cure\n|upkeep\n|turn|62\n|inactive|Time left: 300 sec this turn | 300 sec total\n|\n|t:|1783566048\n|cant|p2a: Houndstone|slp\n|move|p1a: Garganacl|Salt Cure|p2a: Houndstone\n|-damage|p2a: Houndstone|175/264 slp\n|\n|-heal|p2a: Houndstone|191/264 slp|[from] item: Leftovers\n|-damage|p2a: Houndstone|158/264 slp|[from] Salt Cure\n|upkeep\n|turn|63\n|inactive|Time left: 300 sec this turn | 300 sec total\n|\n|t:|1783566050\n|-curestatus|p2a: Houndstone|slp|[msg]\n|move|p2a: Houndstone|Sleep Talk||[still]\n|-fail|p2a: Houndstone\n|move|p1a: Garganacl|Salt Cure|p2a: Houndstone\n|-damage|p2a: Houndstone|122/264\n|\n|-heal|p2a: Houndstone|138/264|[from] item: Leftovers\n|-damage|p2a: Houndstone|105/264|[from] Salt Cure\n|upkeep\n|turn|64\n|inactive|Time left: 300 sec this turn | 300 sec total\n|\n|t:|1783566051\n|move|p2a: Houndstone|Rest|p2a: Houndstone\n|-status|p2a: Houndstone|slp|[from] move: Rest\n|-heal|p2a: Houndstone|264/264 slp|[silent]\n|move|p1a: Garganacl|Salt Cure|p2a: Houndstone\n|-damage|p2a: Houndstone|227/264 slp\n|\n|-heal|p2a: Houndstone|243/264 slp|[from] item: Leftovers\n|-damage|p2a: Houndstone|210/264 slp|[from] Salt Cure\n|upkeep\n|turn|65\n|inactive|Time left: 300 sec this turn | 300 sec total\n|\n|t:|1783566052\n|cant|p2a: Houndstone|slp\n|move|p1a: Garganacl|Body Press|p2a: Houndstone\n|-immune|p2a: Houndstone\n|\n|-heal|p2a: Houndstone|226/264 slp|[from] item: Leftovers\n|-damage|p2a: Houndstone|193/264 slp|[from] Salt Cure\n|upkeep\n|turn|66\n|inactive|Time left: 300 sec this turn | 300 sec total\n|\n|t:|1783566053\n|cant|p2a: Houndstone|slp\n|move|p2a: Houndstone|Sleep Talk|p2a: Houndstone\n|move|p2a: Houndstone|Rest||[from] move: Sleep Talk|[still]\n|-fail|p2a: Houndstone\n|move|p1a: Garganacl|Salt Cure|p2a: Houndstone\n|-damage|p2a: Houndstone|156/264 slp\n|\n|-heal|p2a: Houndstone|172/264 slp|[from] item: Leftovers\n|-damage|p2a: Houndstone|139/264 slp|[from] Salt Cure\n|upkeep\n|turn|67\n|inactive|Time left: 300 sec this turn | 300 sec total\n|\n|t:|1783566054\n|-curestatus|p2a: Houndstone|slp|[msg]\n|move|p2a: Houndstone|Rest|p2a: Houndstone\n|-status|p2a: Houndstone|slp|[from] move: Rest\n|-heal|p2a: Houndstone|264/264 slp|[silent]\n|move|p1a: Garganacl|Salt Cure|p2a: Houndstone\n|-crit|p2a: Houndstone\n|-damage|p2a: Houndstone|207/264 slp\n|\n|-heal|p2a: Houndstone|223/264 slp|[from] item: Leftovers\n|-damage|p2a: Houndstone|190/264 slp|[from] Salt Cure\n|upkeep\n|turn|68\n|inactive|Time left: 300 sec this turn | 300 sec total\n|\n|t:|1783566055\n|cant|p2a: Houndstone|slp\n|move|p1a: Garganacl|Salt Cure|p2a: Houndstone\n|-damage|p2a: Houndstone|154/264 slp\n|\n|-heal|p2a: Houndstone|170/264 slp|[from] item: Leftovers\n|-damage|p2a: Houndstone|137/264 slp|[from] Salt Cure\n|upkeep\n|turn|69\n|inactive|Time left: 300 sec this turn | 300 sec total\n|\n|t:|1783566056\n|cant|p2a: Houndstone|slp\n|move|p1a: Garganacl|Salt Cure|p2a: Houndstone\n|-damage|p2a: Houndstone|103/264 slp\n|\n|-heal|p2a: Houndstone|119/264 slp|[from] item: Leftovers\n|-damage|p2a: Houndstone|86/264 slp|[from] Salt Cure\n|upkeep\n|turn|70\n|inactive|Time left: 300 sec this turn | 300 sec total\n|\n|t:|1783566057\n|-curestatus|p2a: Houndstone|slp|[msg]\n|move|p2a: Houndstone|Body Press|p1a: Garganacl\n|-supereffective|p1a: Garganacl\n|-damage|p1a: Garganacl|89/100\n|move|p1a: Garganacl|Body Press|p2a: Houndstone\n|-immune|p2a: Houndstone\n|\n|-heal|p2a: Houndstone|102/264|[from] item: Leftovers\n|-heal|p1a: Garganacl|95/100|[from] item: Leftovers\n|-damage|p2a: Houndstone|69/264|[from] Salt Cure\n|upkeep\n|turn|71\n|inactive|Time left: 300 sec this turn | 300 sec total\n|\n|t:|1783566058\n|move|p2a: Houndstone|Body Press|p1a: Garganacl\n|-supereffective|p1a: Garganacl\n|-damage|p1a: Garganacl|83/100\n|move|p1a: Garganacl|Body Press|p2a: Houndstone\n|-immune|p2a: Houndstone\n|\n|-heal|p2a: Houndstone|85/264|[from] item: Leftovers\n|-heal|p1a: Garganacl|90/100|[from] item: Leftovers\n|-damage|p2a: Houndstone|52/264|[from] Salt Cure\n|upkeep\n|turn|72\n|inactive|Time left: 300 sec this turn | 300 sec total\n|\n|t:|1783566059\n|switch|p2a: Gothitelle|Gothitelle, L90, F|272/272\n|move|p1a: Garganacl|Salt Cure|p2a: Gothitelle\n|-damage|p2a: Gothitelle|235/272\n|-start|p2a: Gothitelle|Salt Cure\n|\n|-heal|p1a: Garganacl|96/100|[from] item: Leftovers\n|-damage|p2a: Gothitelle|201/272|[from] Salt Cure\n|upkeep\n|turn|73\n|inactive|Time left: 300 sec this turn | 300 sec total\n|\n|t:|1783566060\n|switch|p2a: Houndstone|Houndstone, L86, F|52/264\n|move|p1a: Garganacl|Body Press|p2a: Houndstone\n|-immune|p2a: Houndstone\n|\n|-heal|p2a: Houndstone|68/264|[from] item: Leftovers\n|-heal|p1a: Garganacl|100/100|[from] item: Leftovers\n|upkeep\n|turn|74\n|inactive|Time left: 300 sec this turn | 300 sec total\n|\n|t:|1783566061\n|move|p2a: Houndstone|Body Press|p1a: Garganacl\n|-supereffective|p1a: Garganacl\n|-damage|p1a: Garganacl|89/100\n|move|p1a: Garganacl|Body Press|p2a: Houndstone\n|-immune|p2a: Houndstone\n|\n|-heal|p2a: Houndstone|84/264|[from] item: Leftovers\n|-heal|p1a: Garganacl|95/100|[from] item: Leftovers\n|upkeep\n|turn|75\n|inactive|Time left: 300 sec this turn | 300 sec total\n|\n|t:|1783566062\n|move|p2a: Houndstone|Body Press|p1a: Garganacl\n|-supereffective|p1a: Garganacl\n|-damage|p1a: Garganacl|84/100\n|move|p1a: Garganacl|Body Press|p2a: Houndstone\n|-immune|p2a: Houndstone\n|\n|-heal|p2a: Houndstone|100/264|[from] item: Leftovers\n|-heal|p1a: Garganacl|90/100|[from] item: Leftovers\n|upkeep\n|turn|76\n|inactive|Time left: 300 sec this turn | 300 sec total\n|\n|t:|1783566063\n|move|p2a: Houndstone|Body Press|p1a: Garganacl\n|-supereffective|p1a: Garganacl\n|-damage|p1a: Garganacl|79/100\n|move|p1a: Garganacl|Body Press|p2a: Houndstone\n|-immune|p2a: Houndstone\n|\n|-heal|p2a: Houndstone|116/264|[from] item: Leftovers\n|-heal|p1a: Garganacl|85/100|[from] item: Leftovers\n|upkeep\n|turn|77\n|inactive|Time left: 300 sec this turn | 300 sec total\n|\n|t:|1783566064\n|move|p2a: Houndstone|Body Press|p1a: Garganacl\n|-supereffective|p1a: Garganacl\n|-damage|p1a: Garganacl|74/100\n|move|p1a: Garganacl|Body Press|p2a: Houndstone\n|-immune|p2a: Houndstone\n|\n|-heal|p2a: Houndstone|132/264|[from] item: Leftovers\n|-heal|p1a: Garganacl|81/100|[from] item: Leftovers\n|upkeep\n|turn|78\n|inactive|Time left: 300 sec this turn | 300 sec total\n|\n|t:|1783566065\n|move|p2a: Houndstone|Body Press|p1a: Garganacl\n|-supereffective|p1a: Garganacl\n|-damage|p1a: Garganacl|70/100\n|move|p1a: Garganacl|Body Press|p2a: Houndstone\n|-immune|p2a: Houndstone\n|\n|-heal|p2a: Houndstone|148/264|[from] item: Leftovers\n|-heal|p1a: Garganacl|76/100|[from] item: Leftovers\n|upkeep\n|turn|79\n|inactive|Time left: 300 sec this turn | 300 sec total\n|\n|t:|1783566066\n|move|p2a: Houndstone|Body Press|p1a: Garganacl\n|-supereffective|p1a: Garganacl\n|-damage|p1a: Garganacl|65/100\n|move|p1a: Garganacl|Recover|p1a: Garganacl\n|-heal|p1a: Garganacl|100/100\n|\n|-heal|p2a: Houndstone|164/264|[from] item: Leftovers\n|upkeep\n|turn|80\n|inactive|Time left: 300 sec this turn | 300 sec total\n|\n|t:|1783566067\n|move|p2a: Houndstone|Body Press|p1a: Garganacl\n|-supereffective|p1a: Garganacl\n|-damage|p1a: Garganacl|89/100\n|move|p1a: Garganacl|Iron Defense|p1a: Garganacl\n|-boost|p1a: Garganacl|def|2\n|\n|-heal|p2a: Houndstone|180/264|[from] item: Leftovers\n|-heal|p1a: Garganacl|95/100|[from] item: Leftovers\n|upkeep\n|turn|81\n|inactive|Time left: 300 sec this turn | 300 sec total\n|\n|t:|1783566068\n|move|p2a: Houndstone|Body Press|p1a: Garganacl\n|-supereffective|p1a: Garganacl\n|-damage|p1a: Garganacl|87/100\n|move|p1a: Garganacl|Body Press|p2a: Houndstone\n|-immune|p2a: Houndstone\n|\n|-heal|p2a: Houndstone|196/264|[from] item: Leftovers\n|-heal|p1a: Garganacl|93/100|[from] item: Leftovers\n|upkeep\n|turn|82\n|inactive|Time left: 300 sec this turn | 300 sec total\n|\n|t:|1783566069\n|move|p2a: Houndstone|Body Press|p1a: Garganacl\n|-supereffective|p1a: Garganacl\n|-damage|p1a: Garganacl|84/100\n|move|p1a: Garganacl|Recover|p1a: Garganacl\n|-heal|p1a: Garganacl|100/100\n|\n|-heal|p2a: Houndstone|212/264|[from] item: Leftovers\n|upkeep\n|turn|83\n|inactive|Time left: 300 sec this turn | 300 sec total\n|\n|t:|1783566069\n|move|p2a: Houndstone|Body Press|p1a: Garganacl\n|-supereffective|p1a: Garganacl\n|-damage|p1a: Garganacl|93/100\n|move|p1a: Garganacl|Recover|p1a: Garganacl\n|-heal|p1a: Garganacl|100/100\n|\n|-heal|p2a: Houndstone|228/264|[from] item: Leftovers\n|upkeep\n|turn|84\n|inactive|Time left: 300 sec this turn | 300 sec total\n|\n|t:|1783566070\n|switch|p2a: Froslass|Froslass, L87, F|263/263\n|move|p1a: Garganacl|Recover||[still]\n|-fail|p1a: Garganacl|heal\n|\n|upkeep\n|turn|85\n|inactive|Time left: 300 sec this turn | 300 sec total\n|\n|t:|1783566071\n|move|p2a: Froslass|Triple Axel|p1a: Garganacl\n|-damage|p1a: Garganacl|99/100\n|-damage|p1a: Garganacl|96/100\n|-crit|p1a: Garganacl\n|-damage|p1a: Garganacl|73/100\n|-hitcount|p1a: Garganacl|3\n|move|p1a: Garganacl|Iron Defense|p1a: Garganacl\n|-boost|p1a: Garganacl|def|0\n|\n|-heal|p1a: Garganacl|79/100|[from] item: Leftovers\n|upkeep\n|turn|86\n|inactive|Time left: 300 sec this turn | 300 sec total\n|\n|t:|1783566072\n|move|p2a: Froslass|Taunt|p1a: Garganacl\n|-start|p1a: Garganacl|move: Taunt\n|cant|p1a: Garganacl|move: Taunt|Iron Defense\n|\n|-heal|p1a: Garganacl|85/100|[from] item: Leftovers\n|upkeep\n|turn|87\n|inactive|Time left: 300 sec this turn | 300 sec total\n|\n|t:|1783566073\n|move|p2a: Froslass|Triple Axel|p1a: Garganacl\n|-damage|p1a: Garganacl|84/100\n|-damage|p1a: Garganacl|81/100\n|-damage|p1a: Garganacl|76/100\n|-hitcount|p1a: Garganacl|3\n|move|p1a: Garganacl|Body Press|p2a: Froslass\n|-immune|p2a: Froslass\n|\n|-heal|p1a: Garganacl|83/100|[from] item: Leftovers\n|upkeep\n|turn|88\n|inactive|Time left: 300 sec this turn | 300 sec total\n|\n|t:|1783566074\n|switch|p1a: Oinkologne|Oinkologne, L92, M|100/100\n|move|p2a: Froslass|Triple Axel|p1a: Oinkologne\n|-damage|p1a: Oinkologne|97/100\n|-damage|p1a: Oinkologne|91/100\n|-damage|p1a: Oinkologne|82/100\n|-hitcount|p1a: Oinkologne|3\n|\n|-heal|p1a: Oinkologne|89/100|[from] item: Leftovers\n|upkeep\n|turn|89\n|inactive|Time left: 300 sec this turn | 300 sec total\n|\n|t:|1783566075\n|move|p2a: Froslass|Will-O-Wisp|p1a: Oinkologne\n|-status|p1a: Oinkologne|brn\n|move|p1a: Oinkologne|Lash Out|p2a: Froslass\n|-supereffective|p2a: Froslass\n|-damage|p2a: Froslass|183/263\n|\n|-heal|p1a: Oinkologne|95/100 brn|[from] item: Leftovers\n|-damage|p1a: Oinkologne|89/100 brn|[from] brn\n|upkeep\n|turn|90\n|inactive|Time left: 300 sec this turn | 300 sec total\n|\n|t:|1783566076\n|move|p2a: Froslass|Triple Axel|p1a: Oinkologne\n|-damage|p1a: Oinkologne|85/100 brn\n|-damage|p1a: Oinkologne|80/100 brn\n|-damage|p1a: Oinkologne|71/100 brn\n|-hitcount|p1a: Oinkologne|3\n|move|p1a: Oinkologne|Lash Out|p2a: Froslass\n|-supereffective|p2a: Froslass\n|-damage|p2a: Froslass|103/263\n|\n|-heal|p1a: Oinkologne|77/100 brn|[from] item: Leftovers\n|-damage|p1a: Oinkologne|71/100 brn|[from] brn\n|upkeep\n|turn|91\n|inactive|Time left: 300 sec this turn | 300 sec total\n|\n|t:|1783566077\n|switch|p2a: Houndstone|Houndstone, L86, F|228/264\n|move|p1a: Oinkologne|Lash Out|p2a: Houndstone\n|-supereffective|p2a: Houndstone\n|-damage|p2a: Houndstone|202/264\n|\n|-heal|p1a: Oinkologne|77/100 brn|[from] item: Leftovers\n|-heal|p2a: Houndstone|218/264|[from] item: Leftovers\n|-damage|p1a: Oinkologne|71/100 brn|[from] brn\n|upkeep\n|turn|92\n|inactive|Time left: 300 sec this turn | 300 sec total\n|\n|t:|1783566078\n|move|p1a: Oinkologne|Curse|p1a: Oinkologne\n|-unboost|p1a: Oinkologne|spe|1\n|-boost|p1a: Oinkologne|atk|1\n|-boost|p1a: Oinkologne|def|1\n|move|p2a: Houndstone|Body Press|p1a: Oinkologne\n|-supereffective|p1a: Oinkologne\n|-damage|p1a: Oinkologne|46/100 brn\n|\n|-heal|p2a: Houndstone|234/264|[from] item: Leftovers\n|-heal|p1a: Oinkologne|52/100 brn|[from] item: Leftovers\n|-damage|p1a: Oinkologne|46/100 brn|[from] brn\n|upkeep\n|turn|93\n|inactive|Time left: 300 sec this turn | 300 sec total\n|\n|t:|1783566079\n|move|p2a: Houndstone|Sleep Talk||[still]\n|-fail|p2a: Houndstone\n|move|p1a: Oinkologne|Lash Out|p2a: Houndstone\n|-supereffective|p2a: Houndstone\n|-damage|p2a: Houndstone|192/264\n|\n|-heal|p2a: Houndstone|208/264|[from] item: Leftovers\n|-heal|p1a: Oinkologne|52/100 brn|[from] item: Leftovers\n|-damage|p1a: Oinkologne|46/100 brn|[from] brn\n|upkeep\n|turn|94\n|inactive|Time left: 300 sec this turn | 300 sec total\n|\n|t:|1783566080\n|move|p2a: Houndstone|Sleep Talk||[still]\n|-fail|p2a: Houndstone\n|move|p1a: Oinkologne|Lash Out|p2a: Houndstone\n|-supereffective|p2a: Houndstone\n|-damage|p2a: Houndstone|163/264\n|\n|-heal|p2a: Houndstone|179/264|[from] item: Leftovers\n|-heal|p1a: Oinkologne|52/100 brn|[from] item: Leftovers\n|-damage|p1a: Oinkologne|46/100 brn|[from] brn\n|upkeep\n|turn|95\n|inactive|Time left: 300 sec this turn | 300 sec total\n|\n|t:|1783566080\n|move|p2a: Houndstone|Sleep Talk||[still]\n|-fail|p2a: Houndstone\n|move|p1a: Oinkologne|Lash Out|p2a: Houndstone\n|-supereffective|p2a: Houndstone\n|-damage|p2a: Houndstone|135/264\n|\n|-heal|p2a: Houndstone|151/264|[from] item: Leftovers\n|-heal|p1a: Oinkologne|52/100 brn|[from] item: Leftovers\n|-damage|p1a: Oinkologne|46/100 brn|[from] brn\n|upkeep\n|turn|96\n|inactive|Time left: 300 sec this turn | 300 sec total\n|\n|t:|1783566081\n|move|p2a: Houndstone|Sleep Talk||[still]\n|-fail|p2a: Houndstone\n|move|p1a: Oinkologne|Lash Out|p2a: Houndstone\n|-supereffective|p2a: Houndstone\n|-damage|p2a: Houndstone|107/264\n|\n|-heal|p2a: Houndstone|123/264|[from] item: Leftovers\n|-heal|p1a: Oinkologne|52/100 brn|[from] item: Leftovers\n|-damage|p1a: Oinkologne|46/100 brn|[from] brn\n|upkeep\n|turn|97\n|inactive|Time left: 300 sec this turn | 300 sec total\n|\n|t:|1783566082\n|move|p2a: Houndstone|Sleep Talk||[still]\n|-fail|p2a: Houndstone\n|move|p1a: Oinkologne|Body Slam|p2a: Houndstone\n|-immune|p2a: Houndstone\n|\n|-heal|p2a: Houndstone|139/264|[from] item: Leftovers\n|-heal|p1a: Oinkologne|52/100 brn|[from] item: Leftovers\n|-damage|p1a: Oinkologne|46/100 brn|[from] brn\n|upkeep\n|turn|98\n|inactive|Time left: 300 sec this turn | 300 sec total\n|\n|t:|1783566083\n|move|p2a: Houndstone|Sleep Talk||[still]\n|-fail|p2a: Houndstone\n|move|p1a: Oinkologne|Lash Out|p2a: Houndstone\n|-supereffective|p2a: Houndstone\n|-damage|p2a: Houndstone|98/264\n|\n|-heal|p2a: Houndstone|114/264|[from] item: Leftovers\n|-heal|p1a: Oinkologne|52/100 brn|[from] item: Leftovers\n|-damage|p1a: Oinkologne|46/100 brn|[from] brn\n|upkeep\n|turn|99\n|inactive|Time left: 300 sec this turn | 300 sec total\n|\n|t:|1783566084\n|switch|p2a: Froslass|Froslass, L87, F|103/263\n|move|p1a: Oinkologne|Body Slam|p2a: Froslass\n|-immune|p2a: Froslass\n|\n|-heal|p1a: Oinkologne|52/100 brn|[from] item: Leftovers\n|-damage|p1a: Oinkologne|46/100 brn|[from] brn\n|upkeep\n|turn|100\n|inactive|Time left: 300 sec this turn | 300 sec total\n|\n|t:|1783566085\n|move|p2a: Froslass|Poltergeist|p1a: Oinkologne\n|-immune|p1a: Oinkologne\n|move|p1a: Oinkologne|High Horsepower|p2a: Froslass\n|-damage|p2a: Froslass|36/263\n|\n|-heal|p1a: Oinkologne|52/100 brn|[from] item: Leftovers\n|-damage|p1a: Oinkologne|46/100 brn|[from] brn\n|upkeep\n|turn|101\n|inactive|Time left: 300 sec this turn | 300 sec total\n|\n|t:|1783566086\n|switch|p2a: Houndstone|Houndstone, L86, F|114/264\n|move|p1a: Oinkologne|High Horsepower|p2a: Houndstone\n|-damage|p2a: Houndstone|90/264\n|\n|-heal|p2a: Houndstone|106/264|[from] item: Leftovers\n|-heal|p1a: Oinkologne|52/100 brn|[from] item: Leftovers\n|-damage|p1a: Oinkologne|46/100 brn|[from] brn\n|upkeep\n|turn|102\n|inactive|Time left: 300 sec this turn | 300 sec total\n|\n|t:|1783566087\n|move|p2a: Houndstone|Sleep Talk||[still]\n|-fail|p2a: Houndstone\n|move|p1a: Oinkologne|Body Slam|p2a: Houndstone\n|-immune|p2a: Houndstone\n|\n|-heal|p2a: Houndstone|122/264|[from] item: Leftovers\n|-heal|p1a: Oinkologne|52/100 brn|[from] item: Leftovers\n|-damage|p1a: Oinkologne|46/100 brn|[from] brn\n|upkeep\n|turn|103\n|inactive|Time left: 300 sec this turn | 300 sec total\n|\n|t:|1783566088\n|move|p2a: Houndstone|Sleep Talk||[still]\n|-fail|p2a: Houndstone\n|move|p1a: Oinkologne|Body Slam|p2a: Houndstone\n|-immune|p2a: Houndstone\n|\n|-heal|p2a: Houndstone|138/264|[from] item: Leftovers\n|-heal|p1a: Oinkologne|52/100 brn|[from] item: Leftovers\n|-damage|p1a: Oinkologne|46/100 brn|[from] brn\n|upkeep\n|turn|104\n|inactive|Time left: 300 sec this turn | 300 sec total\n|\n|t:|1783566089\n|move|p2a: Houndstone|Sleep Talk||[still]\n|-fail|p2a: Houndstone\n|move|p1a: Oinkologne|High Horsepower|p2a: Houndstone\n|-damage|p2a: Houndstone|112/264\n|\n|-heal|p2a: Houndstone|128/264|[from] item: Leftovers\n|-heal|p1a: Oinkologne|52/100 brn|[from] item: Leftovers\n|-damage|p1a: Oinkologne|46/100 brn|[from] brn\n|upkeep\n|turn|105\n|inactive|Time left: 300 sec this turn | 300 sec total\n|\n|t:|1783566090\n|move|p2a: Houndstone|Sleep Talk||[still]\n|-fail|p2a: Houndstone\n|move|p1a: Oinkologne|High Horsepower|p2a: Houndstone\n|-damage|p2a: Houndstone|99/264\n|\n|-heal|p2a: Houndstone|115/264|[from] item: Leftovers\n|-heal|p1a: Oinkologne|52/100 brn|[from] item: Leftovers\n|-damage|p1a: Oinkologne|46/100 brn|[from] brn\n|upkeep\n|turn|106\n|inactive|Time left: 300 sec this turn | 300 sec total\n|\n|t:|1783566091\n|-activate|p2a: Houndstone|move: Struggle\n|move|p2a: Houndstone|Struggle|p1a: Oinkologne\n|-damage|p1a: Oinkologne|38/100 brn\n|-damage|p2a: Houndstone|49/264|[from] recoil\n|move|p1a: Oinkologne|Body Slam|p2a: Houndstone\n|-immune|p2a: Houndstone\n|\n|-heal|p2a: Houndstone|65/264|[from] item: Leftovers\n|-heal|p1a: Oinkologne|45/100 brn|[from] item: Leftovers\n|-damage|p1a: Oinkologne|38/100 brn|[from] brn\n|upkeep\n|turn|107\n|inactive|Time left: 300 sec this turn | 300 sec total\n|\n|t:|1783566092\n|-activate|p2a: Houndstone|move: Struggle\n|move|p2a: Houndstone|Struggle|p1a: Oinkologne\n|-damage|p1a: Oinkologne|31/100 brn\n|-damage|p2a: Houndstone|0 fnt|[from] recoil\n|faint|p2a: Houndstone\n|move|p1a: Oinkologne|Body Slam|p2: Houndstone|[notarget]\n|-fail|p1a: Oinkologne\n|\n|-heal|p1a: Oinkologne|37/100 brn|[from] item: Leftovers\n|-damage|p1a: Oinkologne|31/100 brn|[from] brn\n|upkeep\n|inactive|Time left: 300 sec this turn | 300 sec total | 5 sec grace\n|\n|t:|1783566093\n|switch|p2a: Gothitelle|Gothitelle, L90, F|201/272\n|turn|108\n|inactive|Time left: 300 sec this turn | 300 sec total\n|\n|t:|1783566094\n|move|p2a: Gothitelle|Psychic|p1a: Oinkologne\n|-damage|p1a: Oinkologne|0 fnt\n|faint|p1a: Oinkologne\n|\n|upkeep\n|\n|t:|1783566095\n|switch|p1a: Gogoat|Gogoat, L88, M|62/100 frz\n|turn|109\n|inactive|Time left: 300 sec this turn | 300 sec total\n|\n|t:|1783566096\n|move|p2a: Gothitelle|Psychic|p1a: Gogoat\n|-damage|p1a: Gogoat|30/100 frz\n|cant|p1a: Gogoat|frz\n|\n|-heal|p1a: Gogoat|36/100 frz|[from] item: Leftovers\n|upkeep\n|turn|110\n|inactive|Time left: 300 sec this turn | 300 sec total\n|\n|t:|1783566097\n|move|p2a: Gothitelle|Psychic|p1a: Gogoat\n|-damage|p1a: Gogoat|5/100 frz\n|-curestatus|p1a: Gogoat|frz|[msg]\n|move|p1a: Gogoat|Milk Drink|p1a: Gogoat\n|-heal|p1a: Gogoat|55/100\n|\n|-heal|p1a: Gogoat|61/100|[from] item: Leftovers\n|upkeep\n|turn|111\n|inactive|Time left: 300 sec this turn | 300 sec total\n|\n|t:|1783566098\n|move|p2a: Gothitelle|Psychic|p1a: Gogoat\n|-damage|p1a: Gogoat|31/100\n|move|p1a: Gogoat|Milk Drink|p1a: Gogoat\n|-heal|p1a: Gogoat|81/100\n|\n|-heal|p1a: Gogoat|87/100|[from] item: Leftovers\n|upkeep\n|turn|112\n|inactive|Time left: 300 sec this turn | 300 sec total\n|\n|t:|1783566099\n|switch|p2a: Cryogonal|Cryogonal, L89|172/287\n|move|p1a: Gogoat|Horn Leech|p2a: Cryogonal\n|-damage|p2a: Cryogonal|54/287\n|-heal|p1a: Gogoat|100/100|[from] drain|[of] p2a: Cryogonal\n|\n|upkeep\n|turn|113\n|inactive|Time left: 300 sec this turn | 300 sec total\n|\n|t:|1783566100\n|move|p2a: Cryogonal|Freeze-Dry|p1a: Gogoat\n|-supereffective|p1a: Gogoat\n|-damage|p1a: Gogoat|57/100\n|move|p1a: Gogoat|Horn Leech|p2a: Cryogonal\n|-damage|p2a: Cryogonal|0 fnt\n|-heal|p1a: Gogoat|64/100|[from] drain|[of] p2a: Cryogonal\n|faint|p2a: Cryogonal\n|\n|-heal|p1a: Gogoat|70/100|[from] item: Leftovers\n|upkeep\n|inactive|Time left: 300 sec this turn | 300 sec total | 5 sec grace\n|\n|t:|1783566101\n|switch|p2a: Froslass|Froslass, L87, F|36/263\n|turn|114\n|inactive|Time left: 300 sec this turn | 300 sec total\n|\n|t:|1783566102\n|-terastallize|p1a: Gogoat|Water\n|move|p2a: Froslass|Triple Axel|p1a: Gogoat\n|-resisted|p1a: Gogoat\n|-damage|p1a: Gogoat|67/100\n|-resisted|p1a: Gogoat\n|-damage|p1a: Gogoat|60/100\n|-resisted|p1a: Gogoat\n|-damage|p1a: Gogoat|49/100\n|-hitcount|p1a: Gogoat|3\n|move|p1a: Gogoat|Earthquake|p2a: Froslass\n|-damage|p2a: Froslass|0 fnt\n|-start|p1a: Gogoat|Disable|Earthquake|[from] ability: Cursed Body|[of] p2a: Froslass\n|faint|p2a: Froslass\n|\n|-heal|p1a: Gogoat|55/100|[from] item: Leftovers\n|upkeep\n|inactive|Time left: 300 sec this turn | 300 sec total | 5 sec grace\n|\n|t:|1783566103\n|switch|p2a: Gothitelle|Gothitelle, L90, F|201/272\n|turn|115\n|inactive|Time left: 300 sec this turn | 300 sec total\n|\n|t:|1783566104\n|move|p2a: Gothitelle|Psychic|p1a: Gogoat\n|-damage|p1a: Gogoat|25/100\n|move|p1a: Gogoat|Bulk Up|p1a: Gogoat\n|-boost|p1a: Gogoat|atk|1\n|-boost|p1a: Gogoat|def|1\n|\n|-heal|p1a: Gogoat|31/100|[from] item: Leftovers\n|upkeep\n|turn|116\n|inactive|Time left: 300 sec this turn | 300 sec total\n|\n|t:|1783566105\n|move|p2a: Gothitelle|Psychic|p1a: Gogoat\n|-damage|p1a: Gogoat|0 fnt\n|faint|p1a: Gogoat\n|\n|upkeep\n|\n|t:|1783566106\n|switch|p1a: Noivern|Noivern, L82, M|100/100\n|turn|117\n|inactive|Time left: 300 sec this turn | 300 sec total\n|\n|t:|1783566107\n|move|p2a: Gothitelle|Psychic|p1a: Noivern\n|-damage|p1a: Noivern|57/100\n|move|p1a: Noivern|Boomburst|p2a: Gothitelle\n|-damage|p2a: Gothitelle|91/272\n|\n|upkeep\n|turn|118\n|inactive|Time left: 300 sec this turn | 300 sec total\n|\n|t:|1783566108\n|move|p2a: Gothitelle|Psychic|p1a: Noivern\n|-damage|p1a: Noivern|14/100\n|move|p1a: Noivern|Boomburst|p2a: Gothitelle\n|-damage|p2a: Gothitelle|0 fnt\n|faint|p2a: Gothitelle\n|\n|win|p0x2325eee2", "uploadtime": 1783566108, "views": 0, "rating": 0, "private": 0, "password": null, "_winner": "p0x2325eee2", "_our_name": "p0y23250f64"}