{"id": "battle-gen9randombattle-1837", "formatid": "gen9randombattle", "format": "[Gen 9] Random Battle", "players": ["p0x18373b1e", "p0y1837560d"], "log": "|init|battle\n|title|p0x18373b1e vs. p0y1837560d\n|j|\u2606p0x18373b1e\n|j|\u2606p0y1837560d\n|t:|1783560533\n|gametype|singles\n|player|p1|p0x18373b1e|2|\n|player|p2|p0y1837560d|102|\n|gen|9\n|tier|[Gen 9] Random Battle\n|rule|Species Clause: Limit one of each Pok\u00e9mon\n|rule|HP Percentage Mod: HP is shown in percentages\n|rule|Sleep Clause Mod: Limit one foe put to sleep\n|rule|Illusion Level Mod: Illusion disguises the Pok\u00e9mon's true level\n|\n|t:|1783560533\n|teamsize|p1|6\n|teamsize|p2|6\n|start\n|switch|p1a: Chi-Yu|Chi-Yu, L77|100/100\n|switch|p2a: Sandslash|Sandslash-Alola, L88, F|275/275\n|-ability|p1a: Chi-Yu|Beads of Ruin\n|turn|1\n|inactive|Battle timer is ON: inactive players will automatically lose when time's up. (requested by p0y1837560d)\n|inactive|p0x18373b1e also wants the timer to be on.\n|\n|t:|1783560535\n|move|p1a: Chi-Yu|Fire Blast|p2a: Sandslash\n|-supereffective|p2a: Sandslash\n|-damage|p2a: Sandslash|0 fnt\n|faint|p2a: Sandslash\n|\n|upkeep\n|inactive|Time left: 300 sec this turn | 300 sec total | 65 sec grace\n|\n|t:|1783560536\n|switch|p2a: Salamence|Salamence, L77, F|273/273\n|-ability|p2a: Salamence|Intimidate|boost\n|-unboost|p1a: Chi-Yu|atk|1\n|turn|2\n|inactive|Time left: 300 sec this turn | 300 sec total\n|\n|t:|1783560538\n|move|p1a: Chi-Yu|Dark Pulse|p2a: Salamence\n|-damage|p2a: Salamence|132/273\n|move|p2a: Salamence|Outrage|p1a: Chi-Yu\n|-damage|p1a: Chi-Yu|27/100\n|\n|upkeep\n|turn|3\n|inactive|Time left: 300 sec this turn | 300 sec total\n|\n|t:|1783560539\n|move|p1a: Chi-Yu|Dark Pulse|p2a: Salamence\n|-damage|p2a: Salamence|0 fnt\n|faint|p2a: Salamence\n|\n|upkeep\n|inactive|Time left: 300 sec this turn | 300 sec total | 5 sec grace\n|\n|t:|1783560540\n|switch|p2a: Bruxish|Bruxish, L85, M|254/254\n|turn|4\n|inactive|Time left: 300 sec this turn | 300 sec total\n|\n|t:|1783560541\n|move|p2a: Bruxish|Crunch|p1a: Chi-Yu\n|-resisted|p1a: Chi-Yu\n|-damage|p1a: Chi-Yu|0 fnt\n|faint|p1a: Chi-Yu\n|-damage|p2a: Bruxish|229/254|[from] item: Life Orb\n|\n|upkeep\n|\n|t:|1783560542\n|switch|p1a: Beartic|Beartic, L91, F|100/100\n|turn|5\n|inactive|Time left: 300 sec this turn | 300 sec total\n|\n|t:|1783560543\n|move|p2a: Bruxish|Swords Dance|p2a: Bruxish\n|-boost|p2a: Bruxish|atk|2\n|move|p1a: Beartic|Earthquake|p2a: Bruxish\n|-damage|p2a: Bruxish|32/254\n|\n|upkeep\n|turn|6\n|inactive|Time left: 300 sec this turn | 300 sec total\n|\n|t:|1783560544\n|switch|p1a: Slowking|Slowking, L88, F|100/100\n|move|p2a: Bruxish|Psychic Fangs|p1a: Slowking\n|-resisted|p1a: Slowking\n|-damage|p1a: Slowking|34/100\n|-damage|p2a: Bruxish|7/254|[from] item: Life Orb\n|\n|upkeep\n|turn|7\n|inactive|Time left: 300 sec this turn | 300 sec total\n|\n|t:|1783560545\n|move|p2a: Bruxish|Wave Crash|p1a: Slowking\n|-resisted|p1a: Slowking\n|-damage|p1a: Slowking|0 fnt\n|faint|p1a: Slowking\n|-damage|p2a: Bruxish|0 fnt|[from] Recoil\n|faint|p2a: Bruxish\n|\n|upkeep\n|inactive|Time left: 300 sec this turn | 300 sec total | 5 sec grace\n|\n|t:|1783560545\n|switch|p2a: Hypno|Hypno, L95, M|315/315\n|switch|p1a: Beartic|Beartic, L91, F|100/100\n|turn|8\n|inactive|Time left: 300 sec this turn | 300 sec total\n|\n|t:|1783560546\n|move|p2a: Hypno|Focus Blast|p1a: Beartic|[miss]\n|-miss|p2a: Hypno|p1a: Beartic\n|move|p1a: Beartic|Earthquake|p2a: Hypno\n|-damage|p2a: Hypno|156/315\n|\n|-heal|p2a: Hypno|175/315|[from] item: Leftovers\n|upkeep\n|turn|9\n|inactive|Time left: 300 sec this turn | 300 sec total\n|\n|t:|1783560547\n|move|p2a: Hypno|Focus Blast|p1a: Beartic\n|-supereffective|p1a: Beartic\n|-damage|p1a: Beartic|44/100\n|move|p1a: Beartic|Earthquake|p2a: Hypno\n|-damage|p2a: Hypno|11/315\n|\n|-heal|p2a: Hypno|30/315|[from] item: Leftovers\n|upkeep\n|turn|10\n|inactive|Time left: 300 sec this turn | 300 sec total\n|\n|t:|1783560548\n|move|p2a: Hypno|Focus Blast|p1a: Beartic|[miss]\n|-miss|p2a: Hypno|p1a: Beartic\n|move|p1a: Beartic|Earthquake|p2a: Hypno\n|-damage|p2a: Hypno|0 fnt\n|faint|p2a: Hypno\n|\n|upkeep\n|inactive|Time left: 300 sec this turn | 300 sec total | 5 sec grace\n|\n|t:|1783560548\n|switch|p2a: Cacturne|Cacturne, L92, F|278/278\n|turn|11\n|inactive|Time left: 300 sec this turn | 300 sec total\n|\n|t:|1783560549\n|move|p2a: Cacturne|Knock Off|p1a: Beartic\n|-damage|p1a: Beartic|0 fnt\n|-enditem|p1a: Beartic|Choice Band|[from] move: Knock Off|[of] p2a: Cacturne\n|faint|p1a: Beartic\n|-damage|p2a: Cacturne|251/278|[from] item: Life Orb\n|\n|upkeep\n|\n|t:|1783560549\n|switch|p1a: Reshiram|Reshiram, L76|100/100\n|-ability|p1a: Reshiram|Turboblaze\n|turn|12\n|inactive|Time left: 300 sec this turn | 300 sec total\n|\n|t:|1783560550\n|-terastallize|p2a: Cacturne|Poison\n|move|p1a: Reshiram|Blue Flare|p2a: Cacturne\n|-damage|p2a: Cacturne|67/278\n|move|p2a: Cacturne|Knock Off|p1a: Reshiram\n|-damage|p1a: Reshiram|33/100\n|-enditem|p1a: Reshiram|Heavy-Duty Boots|[from] move: Knock Off|[of] p2a: Cacturne\n|-damage|p2a: Cacturne|40/278|[from] item: Life Orb\n|\n|upkeep\n|turn|13\n|inactive|Time left: 300 sec this turn | 300 sec total\n|\n|t:|1783560551\n|switch|p1a: Chansey|Chansey, L85, F|100/100\n|move|p2a: Cacturne|Sucker Punch||[still]\n|-fail|p2a: Cacturne\n|\n|upkeep\n|turn|14\n|inactive|Time left: 300 sec this turn | 300 sec total\n|\n|t:|1783560552\n|move|p2a: Cacturne|Knock Off|p1a: Chansey\n|-damage|p1a: Chansey|24/100\n|-enditem|p1a: Chansey|Eviolite|[from] move: Knock Off|[of] p2a: Cacturne\n|-damage|p2a: Cacturne|13/278|[from] item: Life Orb\n|move|p1a: Chansey|Seismic Toss|p2a: Cacturne\n|-damage|p2a: Cacturne|0 fnt\n|faint|p2a: Cacturne\n|\n|upkeep\n|inactive|Time left: 300 sec this turn | 300 sec total | 5 sec grace\n|\n|t:|1783560553\n|switch|p2a: Tauros|Tauros, L82, M|257/257\n|turn|15\n|inactive|Time left: 300 sec this turn | 300 sec total\n|\n|t:|1783560553\n|move|p2a: Tauros|Throat Chop|p1a: Chansey\n|-damage|p1a: Chansey|0 fnt\n|faint|p1a: Chansey\n|\n|upkeep\n|\n|t:|1783560554\n|switch|p1a: Rotom|Rotom, L88|100/100\n|turn|16\n|inactive|Time left: 300 sec this turn | 300 sec total\n|\n|t:|1783560555\n|move|p1a: Rotom|Thunderbolt|p2a: Tauros\n|-damage|p2a: Tauros|133/257\n|move|p2a: Tauros|Throat Chop|p1a: Rotom\n|-supereffective|p1a: Rotom\n|-damage|p1a: Rotom|16/100\n|\n|upkeep\n|turn|17\n|inactive|Time left: 300 sec this turn | 300 sec total\n|\n|t:|1783560556\n|move|p1a: Rotom|Thunderbolt|p2a: Tauros\n|-damage|p2a: Tauros|16/257\n|move|p2a: Tauros|Close Combat|p1a: Rotom\n|-immune|p1a: Rotom\n|\n|upkeep\n|turn|18\n|inactive|Time left: 300 sec this turn | 300 sec total\n|\n|t:|1783560557\n|move|p1a: Rotom|Thunderbolt|p2a: Tauros\n|-damage|p2a: Tauros|0 fnt\n|faint|p2a: Tauros\n|\n|win|p0x18373b1e", "uploadtime": 1783560557, "views": 0, "rating": 0, "private": 0, "password": null, "_winner": "p0x18373b1e", "_our_name": "p0y1837560d"}