{"id": "battle-gen9randombattle-1619", "formatid": "gen9randombattle", "format": "[Gen 9] Random Battle", "players": ["p0x16194434", "p0y16195d93"], "log": "|init|battle\n|title|p0x16194434 vs. p0y16195d93\n|j|\u2606p0x16194434\n|j|\u2606p0y16195d93\n|t:|1783558733\n|gametype|singles\n|player|p1|p0x16194434|170|\n|player|p2|p0y16195d93|1|\n|gen|9\n|tier|[Gen 9] Random Battle\n|rule|Species Clause: Limit one of each Pok\u00e9mon\n|rule|HP Percentage Mod: HP is shown in percentages\n|rule|Sleep Clause Mod: Limit one foe put to sleep\n|rule|Illusion Level Mod: Illusion disguises the Pok\u00e9mon's true level\n|\n|t:|1783558733\n|teamsize|p1|6\n|teamsize|p2|6\n|start\n|switch|p1a: Armarouge|Armarouge, L80, F|100/100\n|switch|p2a: Sandy Shocks|Sandy Shocks, L80|267/267\n|turn|1\n|inactive|Battle timer is ON: inactive players will automatically lose when time's up. (requested by p0y16195d93)\n|inactive|p0x16194434 also wants the timer to be on.\n|\n|t:|1783558734\n|move|p2a: Sandy Shocks|Earth Power|p1a: Armarouge\n|-supereffective|p1a: Armarouge\n|-damage|p1a: Armarouge|12/100\n|move|p1a: Armarouge|Armor Cannon|p2a: Sandy Shocks\n|-crit|p2a: Sandy Shocks\n|-damage|p2a: Sandy Shocks|0 fnt\n|-unboost|p1a: Armarouge|def|1\n|-unboost|p1a: Armarouge|spd|1\n|faint|p2a: Sandy Shocks\n|-end|p2a: Sandy Shocks|Protosynthesis|[silent]\n|\n|upkeep\n|inactive|Time left: 300 sec this turn | 300 sec total | 65 sec grace\n|\n|t:|1783558735\n|switch|p2a: Pikachu|Pikachu-World, L93, F|216/216\n|turn|2\n|inactive|Time left: 300 sec this turn | 300 sec total\n|\n|t:|1783558737\n|switch|p1a: Crabominable|Crabominable, L90, F|100/100\n|move|p2a: Pikachu|Volt Tackle|p1a: Crabominable\n|-damage|p1a: Crabominable|39/100\n|-status|p1a: Crabominable|par\n|-damage|p2a: Pikachu|150/216|[from] Recoil\n|\n|upkeep\n|turn|3\n|inactive|Time left: 300 sec this turn | 300 sec total\n|\n|t:|1783558738\n|move|p2a: Pikachu|Volt Switch|p1a: Crabominable\n|-damage|p1a: Crabominable|10/100 par\n|inactive|Time left: 300 sec this turn | 300 sec total | 5 sec grace\n|\n|t:|1783558739\n|switch|p2a: Granbull|Granbull, L88, F|302/302|[from] Volt Switch\n|-ability|p2a: Granbull|Intimidate|boost\n|-unboost|p1a: Crabominable|atk|1\n|cant|p1a: Crabominable|par\n|\n|upkeep\n|turn|4\n|inactive|Time left: 300 sec this turn | 300 sec total\n|\n|t:|1783558740\n|move|p2a: Granbull|Play Rough|p1a: Crabominable\n|-supereffective|p1a: Crabominable\n|-damage|p1a: Crabominable|0 fnt\n|faint|p1a: Crabominable\n|\n|upkeep\n|\n|t:|1783558741\n|switch|p1a: Armarouge|Armarouge, L80, F|12/100\n|turn|5\n|inactive|Time left: 300 sec this turn | 300 sec total\n|\n|t:|1783558742\n|move|p1a: Armarouge|Armor Cannon|p2a: Granbull\n|-crit|p2a: Granbull\n|-damage|p2a: Granbull|0 fnt\n|-unboost|p1a: Armarouge|def|1\n|-unboost|p1a: Armarouge|spd|1\n|faint|p2a: Granbull\n|\n|upkeep\n|inactive|Time left: 300 sec this turn | 300 sec total | 5 sec grace\n|\n|t:|1783558743\n|switch|p2a: Pikachu|Pikachu-World, L93, F|150/216\n|turn|6\n|inactive|Time left: 300 sec this turn | 300 sec total\n|\n|t:|1783558744\n|switch|p1a: Raging Bolt|Raging Bolt, L78|100/100\n|-enditem|p1a: Raging Bolt|Booster Energy\n|-activate|p1a: Raging Bolt|ability: Protosynthesis|[fromitem]\n|-start|p1a: Raging Bolt|protosynthesisspa\n|move|p2a: Pikachu|Volt Switch|p1a: Raging Bolt\n|-resisted|p1a: Raging Bolt\n|-damage|p1a: Raging Bolt|92/100\n|inactive|Time left: 300 sec this turn | 300 sec total | 5 sec grace\n|\n|t:|1783558745\n|switch|p2a: Metagross|Metagross, L79|256/256|[from] Volt Switch\n|\n|upkeep\n|turn|7\n|inactive|Time left: 300 sec this turn | 300 sec total\n|\n|t:|1783558746\n|move|p1a: Raging Bolt|Dragon Pulse|p2a: Metagross\n|-resisted|p2a: Metagross\n|-damage|p2a: Metagross|192/256\n|move|p2a: Metagross|Agility|p2a: Metagross\n|-boost|p2a: Metagross|spe|2\n|\n|upkeep\n|turn|8\n|inactive|Time left: 300 sec this turn | 300 sec total\n|\n|t:|1783558747\n|move|p2a: Metagross|Earthquake|p1a: Raging Bolt\n|-supereffective|p1a: Raging Bolt\n|-damage|p1a: Raging Bolt|36/100\n|move|p1a: Raging Bolt|Dragon Pulse|p2a: Metagross\n|-resisted|p2a: Metagross\n|-damage|p2a: Metagross|123/256\n|\n|upkeep\n|turn|9\n|inactive|Time left: 300 sec this turn | 300 sec total\n|\n|t:|1783558748\n|-end|p1a: Raging Bolt|Protosynthesis|[silent]\n|switch|p1a: Beartic|Beartic, L91, M|100/100\n|move|p2a: Metagross|Earthquake|p1a: Beartic\n|-crit|p1a: Beartic\n|-damage|p1a: Beartic|63/100\n|\n|upkeep\n|turn|10\n|inactive|Time left: 300 sec this turn | 300 sec total\n|\n|t:|1783558749\n|move|p2a: Metagross|Psychic Fangs|p1a: Beartic\n|-damage|p1a: Beartic|34/100\n|move|p1a: Beartic|Earthquake|p2a: Metagross\n|-supereffective|p2a: Metagross\n|-damage|p2a: Metagross|0 fnt\n|faint|p2a: Metagross\n|\n|upkeep\n|inactive|Time left: 300 sec this turn | 300 sec total | 5 sec grace\n|\n|t:|1783558750\n|switch|p2a: Pikachu|Pikachu-World, L93, F|150/216\n|turn|11\n|inactive|Time left: 300 sec this turn | 300 sec total\n|\n|t:|1783558751\n|switch|p1a: Raging Bolt|Raging Bolt, L78|36/100\n|move|p2a: Pikachu|Volt Tackle|p1a: Raging Bolt\n|-resisted|p1a: Raging Bolt\n|-damage|p1a: Raging Bolt|18/100\n|-damage|p2a: Pikachu|131/216|[from] Recoil\n|\n|upkeep\n|turn|12\n|inactive|Time left: 300 sec this turn | 300 sec total\n|\n|t:|1783558752\n|move|p2a: Pikachu|Volt Switch|p1a: Raging Bolt\n|-resisted|p1a: Raging Bolt\n|-damage|p1a: Raging Bolt|10/100\n|inactive|Time left: 300 sec this turn | 300 sec total | 5 sec grace\n|\n|t:|1783558753\n|switch|p2a: Snorlax|Snorlax, L82, M|397/397|[from] Volt Switch\n|move|p1a: Raging Bolt|Dragon Pulse|p2a: Snorlax\n|-damage|p2a: Snorlax|309/397\n|\n|-heal|p2a: Snorlax|333/397|[from] item: Leftovers\n|upkeep\n|turn|13\n|inactive|Time left: 300 sec this turn | 300 sec total\n|\n|t:|1783558754\n|move|p1a: Raging Bolt|Thunderbolt|p2a: Snorlax\n|-damage|p2a: Snorlax|237/397\n|move|p2a: Snorlax|Crunch|p1a: Raging Bolt\n|-damage|p1a: Raging Bolt|0 fnt\n|faint|p1a: Raging Bolt\n|-end|p1a: Raging Bolt|Protosynthesis|[silent]\n|\n|-heal|p2a: Snorlax|261/397|[from] item: Leftovers\n|upkeep\n|\n|t:|1783558755\n|switch|p1a: Armarouge|Armarouge, L80, F|12/100\n|turn|14\n|inactive|Time left: 300 sec this turn | 300 sec total\n|\n|t:|1783558756\n|move|p1a: Armarouge|Psyshock|p2a: Snorlax\n|-damage|p2a: Snorlax|68/397\n|move|p2a: Snorlax|Earthquake|p1a: Armarouge\n|-supereffective|p1a: Armarouge\n|-damage|p1a: Armarouge|0 fnt\n|faint|p1a: Armarouge\n|\n|-heal|p2a: Snorlax|92/397|[from] item: Leftovers\n|upkeep\n|\n|t:|1783558757\n|switch|p1a: Beartic|Beartic, L91, M|34/100\n|turn|15\n|inactive|Time left: 300 sec this turn | 300 sec total\n|\n|t:|1783558758\n|move|p1a: Beartic|Earthquake|p2a: Snorlax\n|-damage|p2a: Snorlax|0 fnt\n|faint|p2a: Snorlax\n|\n|upkeep\n|inactive|Time left: 300 sec this turn | 300 sec total | 5 sec grace\n|\n|t:|1783558759\n|switch|p2a: Pikachu|Pikachu-World, L93, F|131/216\n|turn|16\n|inactive|Time left: 300 sec this turn | 300 sec total\n|\n|t:|1783558760\n|switch|p1a: Reshiram|Reshiram, L76|100/100\n|-ability|p1a: Reshiram|Turboblaze\n|-terastallize|p2a: Pikachu|Water\n|move|p2a: Pikachu|Surf|p1a: Reshiram\n|-damage|p1a: Reshiram|51/100\n|\n|upkeep\n|turn|17\n|inactive|Time left: 300 sec this turn | 300 sec total\n|\n|t:|1783558761\n|move|p2a: Pikachu|Surf|p1a: Reshiram\n|-damage|p1a: Reshiram|3/100\n|move|p1a: Reshiram|Draco Meteor|p2a: Pikachu\n|-damage|p2a: Pikachu|0 fnt\n|-unboost|p1a: Reshiram|spa|2\n|faint|p2a: Pikachu\n|\n|upkeep\n|inactive|Time left: 300 sec this turn | 300 sec total | 5 sec grace\n|\n|t:|1783558762\n|switch|p2a: Dunsparce|Dunsparce, L86, F|312/312\n|turn|18\n|inactive|Time left: 300 sec this turn | 300 sec total\n|\n|t:|1783558763\n|move|p1a: Reshiram|Will-O-Wisp|p2a: Dunsparce\n|-status|p2a: Dunsparce|brn\n|move|p2a: Dunsparce|Coil|p2a: Dunsparce\n|-boost|p2a: Dunsparce|atk|1\n|-boost|p2a: Dunsparce|def|1\n|-boost|p2a: Dunsparce|accuracy|1\n|\n|-damage|p2a: Dunsparce|293/312 brn|[from] brn\n|upkeep\n|turn|19\n|inactive|Time left: 300 sec this turn | 300 sec total\n|\n|t:|1783558764\n|switch|p1a: Beartic|Beartic, L91, M|34/100\n|move|p2a: Dunsparce|Coil|p2a: Dunsparce\n|-boost|p2a: Dunsparce|atk|1\n|-boost|p2a: Dunsparce|def|1\n|-boost|p2a: Dunsparce|accuracy|1\n|\n|-damage|p2a: Dunsparce|274/312 brn|[from] brn\n|upkeep\n|turn|20\n|inactive|Time left: 300 sec this turn | 300 sec total\n|\n|t:|1783558765\n|move|p1a: Beartic|Swords Dance|p1a: Beartic\n|-boost|p1a: Beartic|atk|2\n|move|p2a: Dunsparce|Body Slam|p1a: Beartic\n|-damage|p1a: Beartic|11/100\n|-status|p1a: Beartic|par\n|\n|-damage|p2a: Dunsparce|255/312 brn|[from] brn\n|upkeep\n|turn|21\n|inactive|Time left: 300 sec this turn | 300 sec total\n|\n|t:|1783558766\n|move|p1a: Beartic|Aqua Jet|p2a: Dunsparce\n|-damage|p2a: Dunsparce|221/312 brn\n|move|p2a: Dunsparce|Earthquake|p1a: Beartic\n|-damage|p1a: Beartic|0 fnt\n|faint|p1a: Beartic\n|\n|-damage|p2a: Dunsparce|202/312 brn|[from] brn\n|upkeep\n|\n|t:|1783558767\n|switch|p1a: Reshiram|Reshiram, L76|3/100\n|-ability|p1a: Reshiram|Turboblaze\n|turn|22\n|inactive|Time left: 300 sec this turn | 300 sec total\n|\n|t:|1783558768\n|-terastallize|p1a: Reshiram|Fire\n|move|p1a: Reshiram|Blue Flare|p2a: Dunsparce\n|-damage|p2a: Dunsparce|30/312 brn\n|move|p2a: Dunsparce|Roost|p2a: Dunsparce\n|-heal|p2a: Dunsparce|186/312 brn\n|-singleturn|p2a: Dunsparce|move: Roost\n|\n|-damage|p2a: Dunsparce|167/312 brn|[from] brn\n|upkeep\n|turn|23\n|inactive|Time left: 300 sec this turn | 300 sec total\n|\n|t:|1783558769\n|move|p1a: Reshiram|Blue Flare|p2a: Dunsparce\n|-damage|p2a: Dunsparce|0 fnt\n|faint|p2a: Dunsparce\n|\n|win|p0x16194434", "uploadtime": 1783558769, "views": 0, "rating": 0, "private": 0, "password": null, "_winner": "p0x16194434", "_our_name": "p0y16195d93"}