{"id": "battle-gen9randombattle-1066", "formatid": "gen9randombattle", "format": "[Gen 9] Random Battle", "players": ["p0x10669d49", "p0y1066de72"], "log": "|init|battle\n|title|p0x10669d49 vs. p0y1066de72\n|j|\u2606p0x10669d49\n|j|\u2606p0y1066de72\n|t:|1783551536\n|gametype|singles\n|player|p1|p0x10669d49|265|\n|player|p2|p0y1066de72|1|\n|gen|9\n|tier|[Gen 9] Random Battle\n|rule|Species Clause: Limit one of each Pok\u00e9mon\n|rule|HP Percentage Mod: HP is shown in percentages\n|rule|Sleep Clause Mod: Limit one foe put to sleep\n|rule|Illusion Level Mod: Illusion disguises the Pok\u00e9mon's true level\n|\n|t:|1783551536\n|teamsize|p1|6\n|teamsize|p2|6\n|start\n|switch|p1a: Drednaw|Drednaw, L81, F|278/278\n|switch|p2a: Scrafty|Scrafty, L83, M|100/100\n|-ability|p2a: Scrafty|Intimidate|boost\n|-unboost|p1a: Drednaw|atk|1\n|-enditem|p1a: Drednaw|White Herb\n|-clearnegativeboost|p1a: Drednaw|[silent]\n|turn|1\n|inactive|Battle timer is ON: inactive players will automatically lose when time's up. (requested by p0x10669d49)\n|inactive|p0y1066de72 also wants the timer to be on.\n|\n|t:|1783551537\n|move|p1a: Drednaw|Shell Smash|p1a: Drednaw\n|-unboost|p1a: Drednaw|def|1\n|-unboost|p1a: Drednaw|spd|1\n|-boost|p1a: Drednaw|atk|2\n|-boost|p1a: Drednaw|spa|2\n|-boost|p1a: Drednaw|spe|2\n|move|p2a: Scrafty|Drain Punch|p1a: Drednaw\n|-supereffective|p1a: Drednaw\n|-damage|p1a: Drednaw|56/278\n|\n|upkeep\n|turn|2\n|inactive|Time left: 300 sec this turn | 300 sec total\n|\n|t:|1783551539\n|move|p1a: Drednaw|Liquidation|p2a: Scrafty\n|-damage|p2a: Scrafty|35/100\n|move|p2a: Scrafty|Drain Punch|p1a: Drednaw\n|-supereffective|p1a: Drednaw\n|-damage|p1a: Drednaw|0 fnt\n|-heal|p2a: Scrafty|47/100|[from] drain|[of] p1a: Drednaw\n|faint|p1a: Drednaw\n|\n|-heal|p2a: Scrafty|53/100|[from] item: Leftovers\n|upkeep\n|inactive|Time left: 300 sec this turn | 300 sec total | 5 sec grace\n|\n|t:|1783551539\n|switch|p1a: Lurantis|Lurantis, L87, M|264/264\n|turn|3\n|inactive|Time left: 300 sec this turn | 300 sec total\n|\n|t:|1783551541\n|move|p2a: Scrafty|Knock Off|p1a: Lurantis\n|-damage|p1a: Lurantis|177/264\n|-enditem|p1a: Lurantis|Assault Vest|[from] move: Knock Off|[of] p2a: Scrafty\n|move|p1a: Lurantis|Superpower|p2a: Scrafty\n|-supereffective|p2a: Scrafty\n|-damage|p2a: Scrafty|0 fnt\n|-boost|p1a: Lurantis|atk|1\n|-boost|p1a: Lurantis|def|1\n|faint|p2a: Scrafty\n|\n|upkeep\n|\n|t:|1783551542\n|switch|p2a: Rotom|Rotom-Frost, L87|100/100\n|turn|4\n|inactive|Time left: 300 sec this turn | 300 sec total\n|\n|t:|1783551543\n|-terastallize|p1a: Lurantis|Fighting\n|move|p2a: Rotom|Blizzard|p1a: Lurantis\n|-damage|p1a: Lurantis|47/264\n|move|p1a: Lurantis|Superpower|p2a: Rotom\n|-supereffective|p2a: Rotom\n|-damage|p2a: Rotom|0 fnt\n|-boost|p1a: Lurantis|atk|1\n|-boost|p1a: Lurantis|def|1\n|faint|p2a: Rotom\n|\n|upkeep\n|\n|t:|1783551544\n|switch|p2a: Samurott|Samurott, L88, M|100/100\n|turn|5\n|inactive|Time left: 300 sec this turn | 300 sec total\n|\n|t:|1783551545\n|move|p2a: Samurott|Liquidation|p1a: Lurantis\n|-damage|p1a: Lurantis|0 fnt\n|faint|p1a: Lurantis\n|-damage|p2a: Samurott|90/100|[from] item: Life Orb\n|\n|upkeep\n|inactive|Time left: 300 sec this turn | 300 sec total | 5 sec grace\n|\n|t:|1783551547\n|switch|p1a: Vileplume|Vileplume, L85, F|266/266\n|turn|6\n|inactive|Time left: 300 sec this turn | 300 sec total\n|\n|t:|1783551548\n|move|p2a: Samurott|Swords Dance|p2a: Samurott\n|-boost|p2a: Samurott|atk|2\n|move|p1a: Vileplume|Giga Drain|p2a: Samurott\n|-supereffective|p2a: Samurott\n|-damage|p2a: Samurott|29/100\n|\n|upkeep\n|turn|7\n|inactive|Time left: 300 sec this turn | 300 sec total\n|\n|t:|1783551549\n|-terastallize|p2a: Samurott|Dark\n|move|p2a: Samurott|Knock Off|p1a: Vileplume\n|-damage|p1a: Vileplume|0 fnt\n|-status|p2a: Samurott|psn|[from] ability: Effect Spore|[of] p1a: Vileplume\n|-enditem|p1a: Vileplume|Leftovers|[from] move: Knock Off|[of] p2a: Samurott\n|faint|p1a: Vileplume\n|-damage|p2a: Samurott|19/100 psn|[from] item: Life Orb\n|\n|-damage|p2a: Samurott|6/100 psn|[from] psn\n|upkeep\n|inactive|Time left: 300 sec this turn | 300 sec total | 5 sec grace\n|\n|t:|1783551550\n|switch|p1a: Zamazenta|Zamazenta, L71|248/248\n|-ability|p1a: Zamazenta|Dauntless Shield|boost\n|-boost|p1a: Zamazenta|def|1\n|turn|8\n|inactive|Time left: 300 sec this turn | 300 sec total\n|\n|t:|1783551551\n|move|p1a: Zamazenta|Body Press|p2a: Samurott\n|-supereffective|p2a: Samurott\n|-damage|p2a: Samurott|0 fnt\n|faint|p2a: Samurott\n|\n|upkeep\n|\n|t:|1783551553\n|switch|p2a: Tsareena|Tsareena, L87, F|100/100\n|turn|9\n|inactive|Time left: 300 sec this turn | 300 sec total\n|\n|t:|1783551554\n|move|p1a: Zamazenta|Iron Defense|p1a: Zamazenta\n|-boost|p1a: Zamazenta|def|2\n|move|p2a: Tsareena|Knock Off|p1a: Zamazenta\n|-resisted|p1a: Zamazenta\n|-damage|p1a: Zamazenta|230/248\n|-enditem|p1a: Zamazenta|Leftovers|[from] move: Knock Off|[of] p2a: Tsareena\n|\n|upkeep\n|turn|10\n|inactive|Time left: 300 sec this turn | 300 sec total\n|\n|t:|1783551555\n|move|p1a: Zamazenta|Body Press|p2a: Tsareena\n|-damage|p2a: Tsareena|45/100\n|move|p2a: Tsareena|Synthesis|p2a: Tsareena\n|-heal|p2a: Tsareena|95/100\n|\n|upkeep\n|turn|11\n|inactive|Time left: 300 sec this turn | 300 sec total\n|\n|t:|1783551556\n|move|p1a: Zamazenta|Body Press|p2a: Tsareena\n|-damage|p2a: Tsareena|33/100\n|move|p2a: Tsareena|Synthesis|p2a: Tsareena\n|-heal|p2a: Tsareena|83/100\n|\n|upkeep\n|turn|12\n|inactive|Time left: 300 sec this turn | 300 sec total\n|\n|t:|1783551557\n|move|p1a: Zamazenta|Body Press|p2a: Tsareena\n|-damage|p2a: Tsareena|28/100\n|move|p2a: Tsareena|Synthesis|p2a: Tsareena\n|-heal|p2a: Tsareena|78/100\n|\n|upkeep\n|turn|13\n|inactive|Time left: 300 sec this turn | 300 sec total\n|\n|t:|1783551558\n|move|p1a: Zamazenta|Body Press|p2a: Tsareena\n|-damage|p2a: Tsareena|23/100\n|move|p2a: Tsareena|Synthesis|p2a: Tsareena\n|-heal|p2a: Tsareena|72/100\n|\n|upkeep\n|turn|14\n|inactive|Time left: 300 sec this turn | 300 sec total\n|\n|t:|1783551560\n|move|p1a: Zamazenta|Body Press|p2a: Tsareena\n|-damage|p2a: Tsareena|17/100\n|move|p2a: Tsareena|Synthesis|p2a: Tsareena\n|-heal|p2a: Tsareena|67/100\n|\n|upkeep\n|turn|15\n|inactive|Time left: 300 sec this turn | 300 sec total\n|\n|t:|1783551561\n|move|p1a: Zamazenta|Body Press|p2a: Tsareena\n|-damage|p2a: Tsareena|12/100\n|move|p2a: Tsareena|Synthesis|p2a: Tsareena\n|-heal|p2a: Tsareena|62/100\n|\n|upkeep\n|turn|16\n|inactive|Time left: 300 sec this turn | 300 sec total\n|\n|t:|1783551562\n|move|p1a: Zamazenta|Body Press|p2a: Tsareena\n|-damage|p2a: Tsareena|8/100\n|move|p2a: Tsareena|Power Whip|p1a: Zamazenta\n|-damage|p1a: Zamazenta|166/248\n|\n|upkeep\n|turn|17\n|inactive|Time left: 300 sec this turn | 300 sec total\n|\n|t:|1783551563\n|move|p1a: Zamazenta|Body Press|p2a: Tsareena\n|-crit|p2a: Tsareena\n|-damage|p2a: Tsareena|0 fnt\n|faint|p2a: Tsareena\n|\n|upkeep\n|\n|t:|1783551564\n|switch|p2a: Ogerpon|Ogerpon-Cornerstone, L76, F|100/100\n|turn|18\n|inactive|Time left: 300 sec this turn | 300 sec total\n|\n|t:|1783551565\n|move|p1a: Zamazenta|Body Press|p2a: Ogerpon\n|-supereffective|p2a: Ogerpon\n|-ability|p2a: Ogerpon|Sturdy\n|-damage|p2a: Ogerpon|1/100\n|move|p2a: Ogerpon|Power Whip|p1a: Zamazenta|[miss]\n|-miss|p2a: Ogerpon|p1a: Zamazenta\n|\n|upkeep\n|turn|19\n|inactive|Time left: 300 sec this turn | 300 sec total\n|\n|t:|1783551567\n|switch|p2a: Pawmot|Pawmot, L80, F|100/100\n|move|p1a: Zamazenta|Body Press|p2a: Pawmot\n|-damage|p2a: Pawmot|8/100\n|\n|upkeep\n|turn|20\n|inactive|Time left: 300 sec this turn | 300 sec total\n|\n|t:|1783551567\n|move|p1a: Zamazenta|Body Press|p2a: Pawmot\n|-damage|p2a: Pawmot|0 fnt\n|faint|p2a: Pawmot\n|\n|upkeep\n|\n|t:|1783551568\n|switch|p2a: Ogerpon|Ogerpon-Cornerstone, L76, F|1/100\n|turn|21\n|inactive|Time left: 300 sec this turn | 300 sec total\n|\n|t:|1783551569\n|move|p1a: Zamazenta|Iron Head|p2a: Ogerpon\n|-supereffective|p2a: Ogerpon\n|-damage|p2a: Ogerpon|0 fnt\n|faint|p2a: Ogerpon\n|\n|win|p0x10669d49", "uploadtime": 1783551569, "views": 0, "rating": 0, "private": 0, "password": null, "_winner": "p0x10669d49", "_our_name": "p0x10669d49"}