{"id": "battle-gen9randombattle-1991", "formatid": "gen9randombattle", "format": "[Gen 9] Random Battle", "players": ["p0x1991d328", "p0y1991ee91"], "log": "|init|battle\n|title|p0x1991d328 vs. p0y1991ee91\n|j|\u2606p0x1991d328\n|j|\u2606p0y1991ee91\n|t:|1783562291\n|gametype|singles\n|player|p1|p0x1991d328|170|\n|player|p2|p0y1991ee91|265|\n|gen|9\n|tier|[Gen 9] Random Battle\n|rule|Species Clause: Limit one of each Pok\u00e9mon\n|rule|HP Percentage Mod: HP is shown in percentages\n|rule|Sleep Clause Mod: Limit one foe put to sleep\n|rule|Illusion Level Mod: Illusion disguises the Pok\u00e9mon's true level\n|\n|t:|1783562291\n|teamsize|p1|6\n|teamsize|p2|6\n|start\n|switch|p1a: Jolteon|Jolteon, L84, F|100/100\n|switch|p2a: Regieleki|Regieleki, L79|256/256\n|turn|1\n|inactive|Battle timer is ON: inactive players will automatically lose when time's up. (requested by p0x1991d328)\n|inactive|Time left: 300 sec this turn | 300 sec total | 60 sec grace\n|inactive|p0y1991ee91 also wants the timer to be on.\n|\n|t:|1783562292\n|switch|p2a: Houndstone|Houndstone, L86, F|264/264\n|move|p1a: Jolteon|Alluring Voice|p2a: Houndstone\n|-damage|p2a: Houndstone|211/264\n|\n|-heal|p2a: Houndstone|227/264|[from] item: Leftovers\n|upkeep\n|turn|2\n|inactive|Time left: 300 sec this turn | 300 sec total\n|\n|t:|1783562293\n|move|p1a: Jolteon|Thunderbolt|p2a: Houndstone\n|-damage|p2a: Houndstone|137/264\n|move|p2a: Houndstone|Poltergeist|p1a: Jolteon\n|-activate|p1a: Jolteon|move: Poltergeist|Heavy-Duty Boots\n|-damage|p1a: Jolteon|33/100\n|\n|-heal|p2a: Houndstone|153/264|[from] item: Leftovers\n|upkeep\n|turn|3\n|inactive|Time left: 300 sec this turn | 300 sec total\n|\n|t:|1783562294\n|move|p1a: Jolteon|Thunderbolt|p2a: Houndstone\n|-damage|p2a: Houndstone|63/264\n|move|p2a: Houndstone|Poltergeist|p1a: Jolteon\n|-activate|p1a: Jolteon|move: Poltergeist|Heavy-Duty Boots\n|-damage|p1a: Jolteon|0 fnt\n|faint|p1a: Jolteon\n|\n|-heal|p2a: Houndstone|79/264|[from] item: Leftovers\n|upkeep\n|\n|t:|1783562295\n|switch|p1a: Inteleon|Inteleon, L81, F|100/100\n|turn|4\n|inactive|Time left: 300 sec this turn | 300 sec total\n|\n|t:|1783562296\n|move|p1a: Inteleon|Scald|p2a: Houndstone\n|-damage|p2a: Houndstone|0 fnt\n|faint|p2a: Houndstone\n|\n|upkeep\n|inactive|Time left: 300 sec this turn | 300 sec total | 5 sec grace\n|\n|t:|1783562297\n|switch|p2a: Regieleki|Regieleki, L79|256/256\n|turn|5\n|inactive|Time left: 300 sec this turn | 300 sec total\n|\n|t:|1783562298\n|switch|p1a: Chansey|Chansey, L85, F|100/100\n|move|p2a: Regieleki|Volt Switch|p1a: Chansey\n|-damage|p1a: Chansey|89/100\n|inactive|Time left: 300 sec this turn | 300 sec total | 5 sec grace\n|\n|t:|1783562300\n|switch|p2a: Drednaw|Drednaw, L81, M|278/278|[from] Volt Switch\n|\n|upkeep\n|turn|6\n|inactive|Time left: 300 sec this turn | 300 sec total\n|\n|t:|1783562301\n|switch|p1a: Poliwrath|Poliwrath, L88, F|100/100\n|move|p2a: Drednaw|Shell Smash|p2a: Drednaw\n|-unboost|p2a: Drednaw|def|1\n|-unboost|p2a: Drednaw|spd|1\n|-boost|p2a: Drednaw|atk|2\n|-boost|p2a: Drednaw|spa|2\n|-boost|p2a: Drednaw|spe|2\n|-enditem|p2a: Drednaw|White Herb\n|-clearnegativeboost|p2a: Drednaw|[silent]\n|\n|upkeep\n|turn|7\n|inactive|Time left: 300 sec this turn | 300 sec total\n|\n|t:|1783562302\n|-terastallize|p2a: Drednaw|Water\n|move|p2a: Drednaw|Shell Smash|p2a: Drednaw\n|-unboost|p2a: Drednaw|def|1\n|-unboost|p2a: Drednaw|spd|1\n|-boost|p2a: Drednaw|atk|2\n|-boost|p2a: Drednaw|spa|2\n|-boost|p2a: Drednaw|spe|2\n|move|p1a: Poliwrath|Close Combat|p2a: Drednaw\n|-damage|p2a: Drednaw|0 fnt\n|-unboost|p1a: Poliwrath|def|1\n|-unboost|p1a: Poliwrath|spd|1\n|faint|p2a: Drednaw\n|-damage|p1a: Poliwrath|91/100|[from] item: Life Orb\n|\n|upkeep\n|inactive|Time left: 300 sec this turn | 300 sec total | 5 sec grace\n|\n|t:|1783562303\n|switch|p2a: Masquerain|Masquerain, L87, F|264/264\n|-ability|p2a: Masquerain|Intimidate|boost\n|-unboost|p1a: Poliwrath|atk|1\n|turn|8\n|inactive|Time left: 300 sec this turn | 300 sec total\n|\n|t:|1783562304\n|switch|p1a: Oranguru|Oranguru, L92, F|100/100\n|move|p2a: Masquerain|Quiver Dance|p2a: Masquerain\n|-boost|p2a: Masquerain|spa|1\n|-boost|p2a: Masquerain|spd|1\n|-boost|p2a: Masquerain|spe|1\n|\n|upkeep\n|turn|9\n|inactive|Time left: 300 sec this turn | 300 sec total\n|\n|t:|1783562305\n|-terastallize|p1a: Oranguru|Electric\n|move|p2a: Masquerain|Bug Buzz|p1a: Oranguru\n|-damage|p1a: Oranguru|64/100\n|move|p1a: Oranguru|Nasty Plot|p1a: Oranguru\n|-boost|p1a: Oranguru|spa|2\n|\n|upkeep\n|turn|10\n|inactive|Time left: 300 sec this turn | 300 sec total\n|\n|t:|1783562306\n|move|p2a: Masquerain|Bug Buzz|p1a: Oranguru\n|-damage|p1a: Oranguru|27/100\n|move|p1a: Oranguru|Psyshock|p2a: Masquerain\n|-damage|p2a: Masquerain|0 fnt\n|faint|p2a: Masquerain\n|-damage|p1a: Oranguru|17/100|[from] item: Life Orb\n|\n|upkeep\n|inactive|Time left: 300 sec this turn | 300 sec total | 5 sec grace\n|\n|t:|1783562307\n|switch|p2a: Dialga|Dialga, L73|266/266\n|-ability|p2a: Dialga|Pressure\n|turn|11\n|inactive|Time left: 300 sec this turn | 300 sec total\n|\n|t:|1783562308\n|switch|p1a: Poliwrath|Poliwrath, L88, F|91/100\n|move|p2a: Dialga|Heavy Slam|p1a: Poliwrath\n|-resisted|p1a: Poliwrath\n|-damage|p1a: Poliwrath|72/100\n|\n|upkeep\n|turn|12\n|inactive|Time left: 300 sec this turn | 300 sec total\n|\n|t:|1783562309\n|move|p2a: Dialga|Thunder Wave|p1a: Poliwrath\n|-status|p1a: Poliwrath|par\n|move|p1a: Poliwrath|Close Combat|p2a: Dialga\n|-supereffective|p2a: Dialga\n|-damage|p2a: Dialga|0 fnt\n|-unboost|p1a: Poliwrath|def|1\n|-unboost|p1a: Poliwrath|spd|1\n|faint|p2a: Dialga\n|-damage|p1a: Poliwrath|62/100 par|[from] item: Life Orb\n|\n|upkeep\n|inactive|Time left: 300 sec this turn | 300 sec total | 5 sec grace\n|\n|t:|1783562310\n|switch|p2a: Regieleki|Regieleki, L79|256/256\n|turn|13\n|inactive|Time left: 300 sec this turn | 300 sec total\n|\n|t:|1783562311\n|switch|p1a: Chansey|Chansey, L85, F|89/100\n|move|p2a: Regieleki|Thunderbolt|p1a: Chansey\n|-damage|p1a: Chansey|75/100\n|\n|upkeep\n|turn|14\n|inactive|Time left: 300 sec this turn | 300 sec total\n|\n|t:|1783562312\n|move|p2a: Regieleki|Volt Switch|p1a: Chansey\n|-damage|p1a: Chansey|63/100\n|inactive|Time left: 300 sec this turn | 300 sec total | 5 sec grace\n|\n|t:|1783562313\n|switch|p2a: Cloyster|Cloyster, L80, M|211/211|[from] Volt Switch\n|move|p1a: Chansey|Seismic Toss|p2a: Cloyster\n|-damage|p2a: Cloyster|126/211\n|\n|upkeep\n|turn|15\n|inactive|Time left: 300 sec this turn | 300 sec total\n|\n|t:|1783562314\n|switch|p1a: Inteleon|Inteleon, L81, F|100/100\n|move|p2a: Cloyster|Shell Smash|p2a: Cloyster\n|-unboost|p2a: Cloyster|def|1\n|-unboost|p2a: Cloyster|spd|1\n|-boost|p2a: Cloyster|atk|2\n|-boost|p2a: Cloyster|spa|2\n|-boost|p2a: Cloyster|spe|2\n|-enditem|p2a: Cloyster|White Herb\n|-clearnegativeboost|p2a: Cloyster|[silent]\n|\n|upkeep\n|turn|16\n|inactive|Time left: 300 sec this turn | 300 sec total\n|\n|t:|1783562315\n|move|p2a: Cloyster|Icicle Spear|p1a: Inteleon\n|-resisted|p1a: Inteleon\n|-damage|p1a: Inteleon|88/100\n|-resisted|p1a: Inteleon\n|-damage|p1a: Inteleon|76/100\n|-resisted|p1a: Inteleon\n|-damage|p1a: Inteleon|64/100\n|-resisted|p1a: Inteleon\n|-damage|p1a: Inteleon|53/100\n|-resisted|p1a: Inteleon\n|-damage|p1a: Inteleon|40/100\n|-hitcount|p1a: Inteleon|5\n|move|p1a: Inteleon|Hydro Pump|p2a: Cloyster|[miss]\n|-miss|p1a: Inteleon|p2a: Cloyster\n|\n|upkeep\n|turn|17\n|inactive|Time left: 300 sec this turn | 300 sec total\n|\n|t:|1783562315\n|move|p2a: Cloyster|Icicle Spear|p1a: Inteleon\n|-resisted|p1a: Inteleon\n|-damage|p1a: Inteleon|27/100\n|-resisted|p1a: Inteleon\n|-damage|p1a: Inteleon|14/100\n|-resisted|p1a: Inteleon\n|-damage|p1a: Inteleon|0 fnt\n|faint|p1a: Inteleon\n|-hitcount|p1: Inteleon|3\n|\n|upkeep\n|\n|t:|1783562316\n|switch|p1a: Poliwrath|Poliwrath, L88, F|62/100 par\n|turn|18\n|inactive|Time left: 300 sec this turn | 300 sec total\n|\n|t:|1783562317\n|move|p2a: Cloyster|Icicle Spear|p1a: Poliwrath\n|-resisted|p1a: Poliwrath\n|-damage|p1a: Poliwrath|55/100 par\n|-resisted|p1a: Poliwrath\n|-damage|p1a: Poliwrath|49/100 par\n|-resisted|p1a: Poliwrath\n|-damage|p1a: Poliwrath|41/100 par\n|-resisted|p1a: Poliwrath\n|-damage|p1a: Poliwrath|34/100 par\n|-resisted|p1a: Poliwrath\n|-damage|p1a: Poliwrath|26/100 par\n|-hitcount|p1a: Poliwrath|5\n|move|p1a: Poliwrath|Close Combat|p2a: Cloyster\n|-supereffective|p2a: Cloyster\n|-damage|p2a: Cloyster|0 fnt\n|-unboost|p1a: Poliwrath|def|1\n|-unboost|p1a: Poliwrath|spd|1\n|faint|p2a: Cloyster\n|-damage|p1a: Poliwrath|16/100 par|[from] item: Life Orb\n|\n|upkeep\n|inactive|Time left: 300 sec this turn | 300 sec total | 5 sec grace\n|\n|t:|1783562318\n|switch|p2a: Regieleki|Regieleki, L79|256/256\n|turn|19\n|inactive|Time left: 300 sec this turn | 300 sec total\n|\n|t:|1783562319\n|switch|p1a: Chansey|Chansey, L85, F|63/100\n|move|p2a: Regieleki|Rapid Spin|p1a: Chansey\n|-damage|p1a: Chansey|51/100\n|-boost|p2a: Regieleki|spe|1\n|\n|upkeep\n|turn|20\n|inactive|Time left: 300 sec this turn | 300 sec total\n|\n|t:|1783562320\n|move|p2a: Regieleki|Rapid Spin|p1a: Chansey\n|-damage|p1a: Chansey|38/100\n|-boost|p2a: Regieleki|spe|1\n|move|p1a: Chansey|Soft-Boiled|p1a: Chansey\n|-heal|p1a: Chansey|88/100\n|\n|upkeep\n|turn|21\n|inactive|Time left: 300 sec this turn | 300 sec total\n|\n|t:|1783562321\n|move|p2a: Regieleki|Rapid Spin|p1a: Chansey\n|-damage|p1a: Chansey|76/100\n|-boost|p2a: Regieleki|spe|1\n|move|p1a: Chansey|Seismic Toss|p2a: Regieleki\n|-damage|p2a: Regieleki|171/256\n|\n|upkeep\n|turn|22\n|inactive|Time left: 300 sec this turn | 300 sec total\n|\n|t:|1783562322\n|move|p2a: Regieleki|Thunderbolt|p1a: Chansey\n|-damage|p1a: Chansey|62/100\n|move|p1a: Chansey|Seismic Toss|p2a: Regieleki\n|-damage|p2a: Regieleki|86/256\n|\n|upkeep\n|turn|23\n|inactive|Time left: 300 sec this turn | 300 sec total\n|\n|t:|1783562322\n|move|p2a: Regieleki|Thunderbolt|p1a: Chansey\n|-damage|p1a: Chansey|47/100\n|move|p1a: Chansey|Seismic Toss|p2a: Regieleki\n|-damage|p2a: Regieleki|1/256\n|\n|upkeep\n|turn|24\n|inactive|Time left: 300 sec this turn | 300 sec total\n|\n|t:|1783562323\n|move|p2a: Regieleki|Thunderbolt|p1a: Chansey\n|-damage|p1a: Chansey|33/100\n|move|p1a: Chansey|Seismic Toss|p2a: Regieleki\n|-damage|p2a: Regieleki|0 fnt\n|faint|p2a: Regieleki\n|\n|win|p0x1991d328", "uploadtime": 1783562323, "views": 0, "rating": 0, "private": 0, "password": null, "_winner": "p0x1991d328", "_our_name": "p0y1991ee91"}