{"id": "battle-gen9randombattle-1563", "formatid": "gen9randombattle", "format": "[Gen 9] Random Battle", "players": ["p0x15632396", "p0y1563ab92"], "log": "|init|battle\n|title|p0x15632396 vs. p0y1563ab92\n|j|\u2606p0x15632396\n|j|\u2606p0y1563ab92\n|t:|1783558125\n|gametype|singles\n|player|p1|p0x15632396|170|\n|player|p2|p0y1563ab92|169|\n|gen|9\n|tier|[Gen 9] Random Battle\n|rule|Species Clause: Limit one of each Pok\u00e9mon\n|rule|HP Percentage Mod: HP is shown in percentages\n|rule|Sleep Clause Mod: Limit one foe put to sleep\n|rule|Illusion Level Mod: Illusion disguises the Pok\u00e9mon's true level\n|\n|t:|1783558125\n|teamsize|p1|6\n|teamsize|p2|6\n|start\n|switch|p1a: Basculin|Basculin-Blue-Striped, L86, F|261/261\n|switch|p2a: Hawlucha|Hawlucha, L80, F|100/100\n|turn|1\n|inactive|Battle timer is ON: inactive players will automatically lose when time's up. (requested by p0x15632396)\n|inactive|p0y1563ab92 also wants the timer to be on.\n|\n|t:|1783558127\n|move|p2a: Hawlucha|Brave Bird|p1a: Basculin\n|-damage|p1a: Basculin|126/261\n|-damage|p2a: Hawlucha|83/100|[from] Recoil\n|move|p1a: Basculin|Wave Crash|p2a: Hawlucha\n|-damage|p2a: Hawlucha|0 fnt\n|faint|p2a: Hawlucha\n|-damage|p1a: Basculin|56/261|[from] Recoil\n|\n|upkeep\n|\n|t:|1783558127\n|switch|p2a: Hydreigon|Hydreigon, L79, M|100/100\n|turn|2\n|inactive|Time left: 300 sec this turn | 300 sec total\n|\n|t:|1783558129\n|move|p1a: Basculin|Wave Crash|p2a: Hydreigon\n|-resisted|p2a: Hydreigon\n|-damage|p2a: Hydreigon|53/100\n|-damage|p1a: Basculin|13/261|[from] Recoil\n|move|p2a: Hydreigon|Dark Pulse|p1a: Basculin\n|-damage|p1a: Basculin|0 fnt\n|faint|p1a: Basculin\n|\n|upkeep\n|inactive|Time left: 300 sec this turn | 300 sec total | 5 sec grace\n|\n|t:|1783558130\n|switch|p1a: Okidogi|Okidogi, L77, M|262/262\n|turn|3\n|inactive|Time left: 300 sec this turn | 300 sec total\n|\n|t:|1783558131\n|switch|p2a: Politoed|Politoed, L88, F|100/100\n|-weather|RainDance|[from] ability: Drizzle|[of] p2a: Politoed\n|move|p1a: Okidogi|Bulk Up|p1a: Okidogi\n|-boost|p1a: Okidogi|atk|1\n|-boost|p1a: Okidogi|def|1\n|\n|-weather|RainDance|[upkeep]\n|upkeep\n|turn|4\n|inactive|Time left: 300 sec this turn | 300 sec total\n|\n|t:|1783558132\n|switch|p1a: Golduck|Golduck, L90, F|290/290\n|-ability|p1a: Golduck|Cloud Nine\n|move|p2a: Politoed|Weather Ball|p1a: Golduck\n|-damage|p1a: Golduck|236/290\n|\n|-weather|RainDance|[upkeep]\n|-heal|p1a: Golduck|254/290|[from] item: Leftovers\n|upkeep\n|turn|5\n|inactive|Time left: 300 sec this turn | 300 sec total\n|\n|t:|1783558133\n|move|p1a: Golduck|Nasty Plot|p1a: Golduck\n|-boost|p1a: Golduck|spa|2\n|move|p2a: Politoed|Weather Ball|p1a: Golduck\n|-damage|p1a: Golduck|200/290\n|\n|-weather|RainDance|[upkeep]\n|-heal|p1a: Golduck|218/290|[from] item: Leftovers\n|upkeep\n|turn|6\n|inactive|Time left: 300 sec this turn | 300 sec total\n|\n|t:|1783558134\n|move|p1a: Golduck|Grass Knot|p2a: Politoed\n|-supereffective|p2a: Politoed\n|-damage|p2a: Politoed|46/100\n|move|p2a: Politoed|Weather Ball|p1a: Golduck\n|-damage|p1a: Golduck|162/290\n|\n|-weather|RainDance|[upkeep]\n|-heal|p1a: Golduck|180/290|[from] item: Leftovers\n|upkeep\n|turn|7\n|inactive|Time left: 300 sec this turn | 300 sec total\n|\n|t:|1783558135\n|move|p1a: Golduck|Grass Knot|p2a: Politoed\n|-supereffective|p2a: Politoed\n|-damage|p2a: Politoed|0 fnt\n|faint|p2a: Politoed\n|\n|-weather|none\n|-heal|p1a: Golduck|198/290|[from] item: Leftovers\n|upkeep\n|\n|t:|1783558136\n|switch|p2a: Hydreigon|Hydreigon, L79, M|53/100\n|turn|8\n|inactive|Time left: 300 sec this turn | 300 sec total\n|\n|t:|1783558137\n|move|p1a: Golduck|Ice Beam|p2a: Hydreigon\n|-supereffective|p2a: Hydreigon\n|-damage|p2a: Hydreigon|0 fnt\n|faint|p2a: Hydreigon\n|\n|-heal|p1a: Golduck|216/290|[from] item: Leftovers\n|upkeep\n|\n|t:|1783558138\n|switch|p2a: Flygon|Flygon, L82, M|100/100\n|turn|9\n|inactive|Time left: 300 sec this turn | 300 sec total\n|\n|t:|1783558139\n|-terastallize|p2a: Flygon|Steel\n|move|p2a: Flygon|Outrage|p1a: Golduck\n|-damage|p1a: Golduck|93/290\n|move|p1a: Golduck|Hydro Pump|p2a: Flygon|[miss]\n|-miss|p1a: Golduck|p2a: Flygon\n|\n|-heal|p1a: Golduck|111/290|[from] item: Leftovers\n|upkeep\n|turn|10\n|inactive|Time left: 300 sec this turn | 300 sec total\n|\n|t:|1783558140\n|switch|p1a: Great Tusk|Great Tusk, L77|304/304\n|move|p2a: Flygon|Outrage|p1a: Great Tusk|[from] lockedmove\n|-damage|p1a: Great Tusk|213/304\n|-start|p2a: Flygon|confusion|[fatigue]\n|-enditem|p2a: Flygon|Lum Berry|[eat]\n|-end|p2a: Flygon|confusion\n|\n|-heal|p1a: Great Tusk|232/304|[from] item: Leftovers\n|upkeep\n|turn|11\n|inactive|Time left: 300 sec this turn | 300 sec total\n|\n|t:|1783558141\n|move|p2a: Flygon|Outrage|p1a: Great Tusk\n|-damage|p1a: Great Tusk|133/304\n|move|p1a: Great Tusk|Close Combat|p2a: Flygon\n|-supereffective|p2a: Flygon\n|-damage|p2a: Flygon|0 fnt\n|-unboost|p1a: Great Tusk|def|1\n|-unboost|p1a: Great Tusk|spd|1\n|faint|p2a: Flygon\n|\n|-heal|p1a: Great Tusk|152/304|[from] item: Leftovers\n|upkeep\n|\n|t:|1783558142\n|switch|p2a: Lucario|Lucario, L84, F|100/100\n|turn|12\n|inactive|Time left: 300 sec this turn | 300 sec total\n|\n|t:|1783558143\n|-end|p1a: Great Tusk|Protosynthesis|[silent]\n|switch|p1a: Golduck|Golduck, L90, F|111/290\n|-ability|p1a: Golduck|Cloud Nine\n|move|p2a: Lucario|Close Combat|p1a: Golduck\n|-damage|p1a: Golduck|0 fnt\n|-unboost|p2a: Lucario|def|1\n|-unboost|p2a: Lucario|spd|1\n|faint|p1a: Golduck\n|\n|upkeep\n|inactive|Time left: 300 sec this turn | 300 sec total | 5 sec grace\n|\n|t:|1783558144\n|switch|p1a: Okidogi|Okidogi, L77, M|262/262\n|turn|13\n|inactive|Time left: 300 sec this turn | 300 sec total\n|\n|t:|1783558145\n|switch|p2a: Perrserker|Perrserker, L89, F|100/100\n|move|p1a: Okidogi|Bulk Up|p1a: Okidogi\n|-boost|p1a: Okidogi|atk|1\n|-boost|p1a: Okidogi|def|1\n|\n|upkeep\n|turn|14\n|inactive|Time left: 300 sec this turn | 300 sec total\n|\n|t:|1783558146\n|move|p1a: Okidogi|Drain Punch|p2a: Perrserker\n|-supereffective|p2a: Perrserker\n|-damage|p2a: Perrserker|18/100\n|move|p2a: Perrserker|Knock Off|p1a: Okidogi\n|-resisted|p1a: Okidogi\n|-damage|p1a: Okidogi|222/262\n|-enditem|p1a: Okidogi|Leftovers|[from] move: Knock Off|[of] p2a: Perrserker\n|-damage|p2a: Perrserker|8/100|[from] item: Life Orb\n|\n|upkeep\n|turn|15\n|inactive|Time left: 300 sec this turn | 300 sec total\n|\n|t:|1783558147\n|move|p1a: Okidogi|Drain Punch|p2a: Perrserker\n|-supereffective|p2a: Perrserker\n|-damage|p2a: Perrserker|0 fnt\n|-heal|p1a: Okidogi|233/262|[from] drain|[of] p2a: Perrserker\n|faint|p2a: Perrserker\n|\n|upkeep\n|\n|t:|1783558148\n|switch|p2a: Lucario|Lucario, L84, F|100/100\n|turn|16\n|inactive|Time left: 300 sec this turn | 300 sec total\n|\n|t:|1783558149\n|move|p2a: Lucario|Close Combat|p1a: Okidogi\n|-resisted|p1a: Okidogi\n|-damage|p1a: Okidogi|170/262\n|-unboost|p2a: Lucario|def|1\n|-unboost|p2a: Lucario|spd|1\n|move|p1a: Okidogi|Drain Punch|p2a: Lucario\n|-supereffective|p2a: Lucario\n|-damage|p2a: Lucario|0 fnt\n|-heal|p1a: Okidogi|262/262|[from] drain|[of] p2a: Lucario\n|faint|p2a: Lucario\n|\n|win|p0x15632396", "uploadtime": 1783558149, "views": 0, "rating": 0, "private": 0, "password": null, "_winner": "p0x15632396", "_our_name": "p0x15632396"}