{"id": "battle-gen9randombattle-305", "formatid": "gen9randombattle", "format": "[Gen 9] Random Battle", "players": ["p0x3054cd3", "p0y305916f"], "log": "|init|battle\n|title|p0x3054cd3 vs. p0y305916f\n|j|\u2606p0x3054cd3\n|j|\u2606p0y305916f\n|t:|1783543120\n|gametype|singles\n|player|p1|p0x3054cd3|1|\n|player|p2|p0y305916f|102|\n|gen|9\n|tier|[Gen 9] Random Battle\n|rule|Species Clause: Limit one of each Pok\u00e9mon\n|rule|HP Percentage Mod: HP is shown in percentages\n|rule|Sleep Clause Mod: Limit one foe put to sleep\n|rule|Illusion Level Mod: Illusion disguises the Pok\u00e9mon's true level\n|\n|t:|1783543120\n|teamsize|p1|6\n|teamsize|p2|6\n|start\n|switch|p1a: Wugtrio|Wugtrio, L91, F|212/212\n|switch|p2a: Regice|Regice, L88|100/100\n|turn|1\n|inactive|Battle timer is ON: inactive players will automatically lose when time's up. (requested by p0y305916f)\n|inactive|Time left: 300 sec this turn | 300 sec total | 60 sec grace\n|inactive|p0x3054cd3 also wants the timer to be on.\n|\n|t:|1783543122\n|move|p1a: Wugtrio|Liquidation|p2a: Regice\n|-damage|p2a: Regice|53/100\n|move|p2a: Regice|Thunderbolt|p1a: Wugtrio\n|-supereffective|p1a: Wugtrio\n|-damage|p1a: Wugtrio|54/212\n|\n|upkeep\n|turn|2\n|inactive|Time left: 300 sec this turn | 300 sec total\n|\n|t:|1783543123\n|move|p1a: Wugtrio|Liquidation|p2a: Regice\n|-damage|p2a: Regice|4/100\n|move|p2a: Regice|Thunderbolt|p1a: Wugtrio\n|-supereffective|p1a: Wugtrio\n|-damage|p1a: Wugtrio|0 fnt\n|faint|p1a: Wugtrio\n|\n|upkeep\n|inactive|Time left: 300 sec this turn | 300 sec total | 5 sec grace\n|\n|t:|1783543124\n|switch|p1a: Magmortar|Magmortar, L88, F|275/275\n|turn|3\n|inactive|Time left: 300 sec this turn | 300 sec total\n|\n|t:|1783543125\n|move|p1a: Magmortar|Fire Blast|p2a: Regice\n|-supereffective|p2a: Regice\n|-crit|p2a: Regice\n|-damage|p2a: Regice|0 fnt\n|faint|p2a: Regice\n|\n|upkeep\n|\n|t:|1783543126\n|switch|p2a: Hippowdon|Hippowdon, L82, F|100/100\n|-weather|Sandstorm|[from] ability: Sand Stream|[of] p2a: Hippowdon\n|turn|4\n|inactive|Time left: 300 sec this turn | 300 sec total\n|\n|t:|1783543128\n|move|p1a: Magmortar|Fire Blast|p2a: Hippowdon\n|-damage|p2a: Hippowdon|45/100\n|move|p2a: Hippowdon|Earthquake|p1a: Magmortar\n|-supereffective|p1a: Magmortar\n|-damage|p1a: Magmortar|29/275\n|\n|-weather|Sandstorm|[upkeep]\n|-damage|p1a: Magmortar|12/275|[from] Sandstorm\n|-heal|p2a: Hippowdon|51/100|[from] item: Leftovers\n|upkeep\n|turn|5\n|inactive|Time left: 300 sec this turn | 300 sec total\n|\n|t:|1783543129\n|switch|p2a: Poliwrath|Poliwrath, L88, F|100/100\n|move|p1a: Magmortar|Fire Blast|p2a: Poliwrath\n|-resisted|p2a: Poliwrath\n|-damage|p2a: Poliwrath|75/100\n|\n|-weather|Sandstorm|[upkeep]\n|-damage|p1a: Magmortar|0 fnt|[from] Sandstorm\n|-damage|p2a: Poliwrath|69/100|[from] Sandstorm\n|faint|p1a: Magmortar\n|upkeep\n|inactive|Time left: 300 sec this turn | 300 sec total | 5 sec grace\n|\n|t:|1783543130\n|switch|p1a: Lanturn|Lanturn, L89, M|367/367\n|turn|6\n|inactive|Time left: 300 sec this turn | 300 sec total\n|\n|t:|1783543131\n|move|p2a: Poliwrath|Knock Off|p1a: Lanturn\n|-damage|p1a: Lanturn|241/367\n|-enditem|p1a: Lanturn|Heavy-Duty Boots|[from] move: Knock Off|[of] p2a: Poliwrath\n|-damage|p2a: Poliwrath|59/100|[from] item: Life Orb\n|move|p1a: Lanturn|Volt Switch|p2a: Poliwrath\n|-supereffective|p2a: Poliwrath\n|-damage|p2a: Poliwrath|16/100\n|inactive|Time left: 300 sec this turn | 300 sec total | 5 sec grace\n|\n|t:|1783543132\n|switch|p1a: Cinccino|Cinccino, L83, F|260/260|[from] Volt Switch\n|\n|-weather|Sandstorm|[upkeep]\n|-damage|p1a: Cinccino|244/260|[from] Sandstorm\n|-damage|p2a: Poliwrath|10/100|[from] Sandstorm\n|upkeep\n|turn|7\n|inactive|Time left: 300 sec this turn | 300 sec total\n|\n|t:|1783543133\n|switch|p2a: Skarmory|Skarmory, L80, M|100/100\n|move|p1a: Cinccino|Triple Axel|p2a: Skarmory\n|-damage|p2a: Skarmory|95/100\n|-damage|p2a: Skarmory|83/100\n|-damage|p2a: Skarmory|64/100\n|-hitcount|p2a: Skarmory|3\n|\n|-weather|Sandstorm|[upkeep]\n|-damage|p1a: Cinccino|228/260|[from] Sandstorm\n|-heal|p2a: Skarmory|70/100|[from] item: Leftovers\n|upkeep\n|turn|8\n|inactive|Time left: 300 sec this turn | 300 sec total\n|\n|t:|1783543134\n|switch|p1a: Lanturn|Lanturn, L89, M|241/367\n|move|p2a: Skarmory|Body Press|p1a: Lanturn\n|-damage|p1a: Lanturn|148/367\n|\n|-weather|none\n|-heal|p2a: Skarmory|76/100|[from] item: Leftovers\n|upkeep\n|turn|9\n|inactive|Time left: 300 sec this turn | 300 sec total\n|\n|t:|1783543135\n|switch|p2a: Umbreon|Umbreon, L84, F|100/100\n|move|p1a: Lanturn|Scald|p2a: Umbreon\n|-damage|p2a: Umbreon|79/100\n|\n|-heal|p2a: Umbreon|85/100|[from] item: Leftovers\n|upkeep\n|turn|10\n|inactive|Time left: 300 sec this turn | 300 sec total\n|\n|t:|1783543136\n|move|p1a: Lanturn|Scald|p2a: Umbreon\n|-damage|p2a: Umbreon|64/100\n|-status|p2a: Umbreon|brn\n|-activate|p2a: Umbreon|ability: Synchronize\n|-status|p1a: Lanturn|brn\n|move|p2a: Umbreon|Wish|p2a: Umbreon\n|\n|-heal|p2a: Umbreon|71/100 brn|[from] item: Leftovers\n|-damage|p1a: Lanturn|126/367 brn|[from] brn\n|-damage|p2a: Umbreon|64/100 brn|[from] brn\n|upkeep\n|turn|11\n|inactive|Time left: 300 sec this turn | 300 sec total\n|\n|t:|1783543137\n|move|p1a: Lanturn|Scald|p2a: Umbreon\n|-damage|p2a: Umbreon|43/100 brn\n|move|p2a: Umbreon|Toxic||[still]\n|-fail|p2a: Umbreon\n|\n|-heal|p2a: Umbreon|93/100 brn|[from] move: Wish|[wisher] Umbreon\n|-heal|p2a: Umbreon|99/100 brn|[from] item: Leftovers\n|-damage|p1a: Lanturn|104/367 brn|[from] brn\n|-damage|p2a: Umbreon|93/100 brn|[from] brn\n|upkeep\n|turn|12\n|inactive|Time left: 300 sec this turn | 300 sec total\n|\n|t:|1783543138\n|move|p1a: Lanturn|Scald|p2a: Umbreon\n|-damage|p2a: Umbreon|75/100 brn\n|move|p2a: Umbreon|Wish|p2a: Umbreon\n|\n|-heal|p2a: Umbreon|81/100 brn|[from] item: Leftovers\n|-damage|p1a: Lanturn|82/367 brn|[from] brn\n|-damage|p2a: Umbreon|75/100 brn|[from] brn\n|upkeep\n|turn|13\n|inactive|Time left: 300 sec this turn | 300 sec total\n|\n|t:|1783543139\n|move|p1a: Lanturn|Scald|p2a: Umbreon\n|-damage|p2a: Umbreon|55/100 brn\n|move|p2a: Umbreon|Toxic||[still]\n|-fail|p2a: Umbreon\n|\n|-heal|p2a: Umbreon|100/100 brn|[from] move: Wish|[wisher] Umbreon\n|-damage|p1a: Lanturn|60/367 brn|[from] brn\n|-damage|p2a: Umbreon|94/100 brn|[from] brn\n|upkeep\n|turn|14\n|inactive|Time left: 300 sec this turn | 300 sec total\n|\n|t:|1783543140\n|move|p1a: Lanturn|Scald|p2a: Umbreon\n|-damage|p2a: Umbreon|73/100 brn\n|move|p2a: Umbreon|Wish|p2a: Umbreon\n|\n|-heal|p2a: Umbreon|79/100 brn|[from] item: Leftovers\n|-damage|p1a: Lanturn|38/367 brn|[from] brn\n|-damage|p2a: Umbreon|73/100 brn|[from] brn\n|upkeep\n|turn|15\n|inactive|Time left: 300 sec this turn | 300 sec total\n|\n|t:|1783543141\n|move|p1a: Lanturn|Scald|p2a: Umbreon\n|-damage|p2a: Umbreon|53/100 brn\n|move|p2a: Umbreon|Foul Play|p1a: Lanturn\n|-damage|p1a: Lanturn|7/367 brn\n|\n|-heal|p2a: Umbreon|100/100 brn|[from] move: Wish|[wisher] Umbreon\n|-damage|p1a: Lanturn|0 fnt|[from] brn\n|faint|p1a: Lanturn\n|-damage|p2a: Umbreon|94/100 brn|[from] brn\n|upkeep\n|inactive|Time left: 300 sec this turn | 300 sec total | 5 sec grace\n|\n|t:|1783543142\n|switch|p1a: Cinccino|Cinccino, L83, F|228/260\n|turn|16\n|inactive|Time left: 300 sec this turn | 300 sec total\n|\n|t:|1783543143\n|switch|p2a: Skarmory|Skarmory, L80, M|76/100\n|move|p1a: Cinccino|Tidy Up|p1a: Cinccino\n|-boost|p1a: Cinccino|atk|1\n|-boost|p1a: Cinccino|spe|1\n|\n|-heal|p2a: Skarmory|82/100|[from] item: Leftovers\n|upkeep\n|turn|17\n|inactive|Time left: 300 sec this turn | 300 sec total\n|\n|t:|1783543144\n|move|p1a: Cinccino|Triple Axel|p2a: Skarmory\n|-damage|p2a: Skarmory|72/100\n|-damage|p2a: Skarmory|53/100\n|-damage|p2a: Skarmory|24/100\n|-hitcount|p2a: Skarmory|3\n|move|p2a: Skarmory|Iron Defense|p2a: Skarmory\n|-boost|p2a: Skarmory|def|2\n|\n|-heal|p2a: Skarmory|30/100|[from] item: Leftovers\n|upkeep\n|turn|18\n|inactive|Time left: 300 sec this turn | 300 sec total\n|\n|t:|1783543146\n|move|p1a: Cinccino|Triple Axel|p2a: Skarmory\n|-damage|p2a: Skarmory|25/100\n|-damage|p2a: Skarmory|15/100\n|-damage|p2a: Skarmory|0 fnt\n|faint|p2a: Skarmory\n|-hitcount|p2: Skarmory|3\n|\n|upkeep\n|\n|t:|1783543147\n|switch|p2a: Hippowdon|Hippowdon, L82, F|51/100\n|-weather|Sandstorm|[from] ability: Sand Stream|[of] p2a: Hippowdon\n|turn|19\n|inactive|Time left: 300 sec this turn | 300 sec total\n|\n|t:|1783543148\n|-terastallize|p2a: Hippowdon|Steel\n|move|p1a: Cinccino|Bullet Seed|p2a: Hippowdon\n|-resisted|p2a: Hippowdon\n|-damage|p2a: Hippowdon|46/100\n|-resisted|p2a: Hippowdon\n|-damage|p2a: Hippowdon|41/100\n|-resisted|p2a: Hippowdon\n|-damage|p2a: Hippowdon|36/100\n|-resisted|p2a: Hippowdon\n|-damage|p2a: Hippowdon|31/100\n|-hitcount|p2a: Hippowdon|4\n|move|p2a: Hippowdon|Slack Off|p2a: Hippowdon\n|-heal|p2a: Hippowdon|81/100\n|\n|-weather|Sandstorm|[upkeep]\n|-damage|p1a: Cinccino|212/260|[from] Sandstorm\n|-heal|p2a: Hippowdon|87/100|[from] item: Leftovers\n|upkeep\n|turn|20\n|inactive|Time left: 300 sec this turn | 300 sec total\n|\n|t:|1783543149\n|move|p1a: Cinccino|Tail Slap|p2a: Hippowdon\n|-resisted|p2a: Hippowdon\n|-damage|p2a: Hippowdon|80/100\n|-resisted|p2a: Hippowdon\n|-damage|p2a: Hippowdon|73/100\n|-resisted|p2a: Hippowdon\n|-damage|p2a: Hippowdon|66/100\n|-resisted|p2a: Hippowdon\n|-damage|p2a: Hippowdon|59/100\n|-hitcount|p2a: Hippowdon|4\n|move|p2a: Hippowdon|Earthquake|p1a: Cinccino\n|-damage|p1a: Cinccino|62/260\n|\n|-weather|Sandstorm|[upkeep]\n|-damage|p1a: Cinccino|46/260|[from] Sandstorm\n|-heal|p2a: Hippowdon|65/100|[from] item: Leftovers\n|upkeep\n|turn|21\n|inactive|Time left: 300 sec this turn | 300 sec total\n|\n|t:|1783543150\n|move|p1a: Cinccino|Tail Slap|p2a: Hippowdon\n|-resisted|p2a: Hippowdon\n|-crit|p2a: Hippowdon\n|-damage|p2a: Hippowdon|53/100\n|-resisted|p2a: Hippowdon\n|-damage|p2a: Hippowdon|46/100\n|-resisted|p2a: Hippowdon\n|-damage|p2a: Hippowdon|38/100\n|-resisted|p2a: Hippowdon\n|-damage|p2a: Hippowdon|31/100\n|-resisted|p2a: Hippowdon\n|-damage|p2a: Hippowdon|24/100\n|-hitcount|p2a: Hippowdon|5\n|move|p2a: Hippowdon|Earthquake|p1a: Cinccino\n|-damage|p1a: Cinccino|0 fnt\n|faint|p1a: Cinccino\n|\n|-weather|Sandstorm|[upkeep]\n|-heal|p2a: Hippowdon|30/100|[from] item: Leftovers\n|upkeep\n|inactive|Time left: 300 sec this turn | 300 sec total | 5 sec grace\n|\n|t:|1783543151\n|switch|p1a: Houndstone|Houndstone, L86, M|264/264\n|turn|22\n|inactive|Time left: 300 sec this turn | 300 sec total\n|\n|t:|1783543153\n|move|p1a: Houndstone|Poltergeist|p2a: Hippowdon\n|-activate|p2a: Hippowdon|move: Poltergeist|Leftovers\n|-damage|p2a: Hippowdon|0 fnt\n|faint|p2a: Hippowdon\n|\n|-weather|Sandstorm|[upkeep]\n|-damage|p1a: Houndstone|248/264|[from] Sandstorm\n|-heal|p1a: Houndstone|264/264|[from] item: Leftovers\n|upkeep\n|\n|t:|1783543154\n|switch|p2a: Vivillon|Vivillon-Ocean, L83, F|100/100\n|turn|23\n|inactive|Time left: 300 sec this turn | 300 sec total\n|\n|t:|1783543155\n|move|p2a: Vivillon|Sleep Powder|p1a: Houndstone\n|-status|p1a: Houndstone|slp|[from] move: Sleep Powder\n|cant|p1a: Houndstone|slp\n|\n|-weather|none\n|upkeep\n|turn|24\n|inactive|Time left: 300 sec this turn | 300 sec total\n|\n|t:|1783543156\n|move|p2a: Vivillon|Quiver Dance|p2a: Vivillon\n|-boost|p2a: Vivillon|spa|1\n|-boost|p2a: Vivillon|spd|1\n|-boost|p2a: Vivillon|spe|1\n|cant|p1a: Houndstone|slp\n|\n|upkeep\n|turn|25\n|inactive|Time left: 300 sec this turn | 300 sec total\n|\n|t:|1783543157\n|move|p2a: Vivillon|Hurricane|p1a: Houndstone\n|-damage|p1a: Houndstone|104/264 slp\n|-curestatus|p1a: Houndstone|slp|[msg]\n|move|p1a: Houndstone|Poltergeist|p2a: Vivillon\n|-activate|p2a: Vivillon|move: Poltergeist|Heavy-Duty Boots\n|-damage|p2a: Vivillon|36/100\n|\n|-heal|p1a: Houndstone|120/264|[from] item: Leftovers\n|upkeep\n|turn|26\n|inactive|Time left: 300 sec this turn | 300 sec total\n|\n|t:|1783543158\n|move|p2a: Vivillon|Hurricane|p1a: Houndstone\n|-damage|p1a: Houndstone|0 fnt\n|faint|p1a: Houndstone\n|\n|upkeep\n|inactive|Time left: 300 sec this turn | 300 sec total | 5 sec grace\n|\n|t:|1783543159\n|switch|p1a: Qwilfish|Qwilfish-Hisui, L83, M|244/244\n|-ability|p1a: Qwilfish|Intimidate|boost\n|-unboost|p2a: Vivillon|atk|1\n|turn|27\n|inactive|Time left: 300 sec this turn | 300 sec total\n|\n|t:|1783543160\n|move|p2a: Vivillon|Sleep Powder|p1a: Qwilfish\n|-status|p1a: Qwilfish|slp|[from] move: Sleep Powder\n|cant|p1a: Qwilfish|slp\n|\n|upkeep\n|turn|28\n|inactive|Time left: 300 sec this turn | 300 sec total\n|\n|t:|1783543161\n|move|p2a: Vivillon|Hurricane|p1a: Qwilfish\n|-damage|p1a: Qwilfish|99/244 slp\n|-start|p1a: Qwilfish|confusion\n|-curestatus|p1a: Qwilfish|slp|[msg]\n|-activate|p1a: Qwilfish|confusion\n|-damage|p1a: Qwilfish|67/244|[from] confusion\n|\n|upkeep\n|turn|29\n|inactive|Time left: 300 sec this turn | 300 sec total\n|\n|t:|1783543162\n|-terastallize|p1a: Qwilfish|Poison\n|move|p2a: Vivillon|Hurricane|p1a: Qwilfish\n|-damage|p1a: Qwilfish|0 fnt\n|faint|p1a: Qwilfish\n|\n|win|p0y305916f", "uploadtime": 1783543162, "views": 0, "rating": 0, "private": 0, "password": null, "_winner": "p0y305916f", "_our_name": "p0x3054cd3"}