{"id": "battle-gen9randombattle-895", "formatid": "gen9randombattle", "format": "[Gen 9] Random Battle", "players": ["p0x8952ca0", "p0y8955abf"], "log": "|init|battle\n|title|p0x8952ca0 vs. p0y8955abf\n|j|\u2606p0x8952ca0\n|j|\u2606p0y8955abf\n|t:|1783550285\n|gametype|singles\n|player|p1|p0x8952ca0|101|\n|player|p2|p0y8955abf|1|\n|gen|9\n|tier|[Gen 9] Random Battle\n|rule|Species Clause: Limit one of each Pok\u00e9mon\n|rule|HP Percentage Mod: HP is shown in percentages\n|rule|Sleep Clause Mod: Limit one foe put to sleep\n|rule|Illusion Level Mod: Illusion disguises the Pok\u00e9mon's true level\n|\n|t:|1783550285\n|teamsize|p1|6\n|teamsize|p2|6\n|start\n|switch|p1a: Zebstrika|Zebstrika, L87, F|272/272\n|switch|p2a: Iron Jugulis|Iron Jugulis, L77|100/100\n|turn|1\n|inactive|Battle timer is ON: inactive players will automatically lose when time's up. (requested by p0y8955abf)\n|inactive|Time left: 300 sec this turn | 300 sec total | 60 sec grace\n|inactive|p0x8952ca0 also wants the timer to be on.\n|\n|t:|1783550287\n|-terastallize|p2a: Iron Jugulis|Ground\n|move|p1a: Zebstrika|Supercell Slam|p2a: Iron Jugulis\n|-immune|p2a: Iron Jugulis\n|-damage|p1a: Zebstrika|136/272|[from] supercellslam\n|move|p2a: Iron Jugulis|Meteor Beam||[still]\n|-prepare|p2a: Iron Jugulis|Meteor Beam\n|-boost|p2a: Iron Jugulis|spa|1\n|-enditem|p2a: Iron Jugulis|Power Herb\n|-anim|p2a: Iron Jugulis|Meteor Beam|p1a: Zebstrika\n|-damage|p1a: Zebstrika|0 fnt\n|faint|p1a: Zebstrika\n|\n|upkeep\n|inactive|Time left: 300 sec this turn | 300 sec total | 65 sec grace\n|\n|t:|1783550288\n|switch|p1a: Clawitzer|Clawitzer, L87, M|265/265\n|turn|2\n|inactive|Time left: 300 sec this turn | 300 sec total\n|\n|t:|1783550289\n|-end|p2a: Iron Jugulis|Quark Drive|[silent]\n|switch|p2a: Florges|Florges-Orange, L85, F|100/100\n|move|p1a: Clawitzer|Water Pulse|p2a: Florges\n|-damage|p2a: Florges|60/100\n|\n|-heal|p2a: Florges|66/100|[from] item: Leftovers\n|upkeep\n|turn|3\n|inactive|Time left: 300 sec this turn | 300 sec total\n|\n|t:|1783550290\n|move|p2a: Florges|Calm Mind|p2a: Florges\n|-boost|p2a: Florges|spa|1\n|-boost|p2a: Florges|spd|1\n|move|p1a: Clawitzer|Water Pulse|p2a: Florges\n|-damage|p2a: Florges|40/100\n|-start|p2a: Florges|confusion\n|\n|-heal|p2a: Florges|46/100|[from] item: Leftovers\n|upkeep\n|turn|4\n|inactive|Time left: 300 sec this turn | 300 sec total\n|\n|t:|1783550291\n|-activate|p2a: Florges|confusion\n|-damage|p2a: Florges|38/100|[from] confusion\n|move|p1a: Clawitzer|Water Pulse|p2a: Florges\n|-damage|p2a: Florges|10/100\n|\n|-heal|p2a: Florges|16/100|[from] item: Leftovers\n|upkeep\n|turn|5\n|inactive|Time left: 300 sec this turn | 300 sec total\n|\n|t:|1783550292\n|-end|p2a: Florges|confusion\n|move|p2a: Florges|Synthesis|p2a: Florges\n|-heal|p2a: Florges|66/100\n|move|p1a: Clawitzer|Water Pulse|p2a: Florges\n|-damage|p2a: Florges|39/100\n|\n|-heal|p2a: Florges|45/100|[from] item: Leftovers\n|upkeep\n|turn|6\n|inactive|Time left: 300 sec this turn | 300 sec total\n|\n|t:|1783550294\n|move|p2a: Florges|Moonblast|p1a: Clawitzer\n|-damage|p1a: Clawitzer|105/265\n|-unboost|p1a: Clawitzer|spa|1\n|move|p1a: Clawitzer|Water Pulse|p2a: Florges\n|-damage|p2a: Florges|26/100\n|\n|-heal|p2a: Florges|31/100|[from] item: Leftovers\n|upkeep\n|turn|7\n|inactive|Time left: 300 sec this turn | 300 sec total\n|\n|t:|1783550295\n|switch|p1a: Vileplume|Vileplume, L85, F|266/266\n|move|p2a: Florges|Synthesis|p2a: Florges\n|-heal|p2a: Florges|81/100\n|\n|-heal|p2a: Florges|87/100|[from] item: Leftovers\n|upkeep\n|turn|8\n|inactive|Time left: 300 sec this turn | 300 sec total\n|\n|t:|1783550296\n|move|p2a: Florges|Calm Mind|p2a: Florges\n|-boost|p2a: Florges|spa|1\n|-boost|p2a: Florges|spd|1\n|move|p1a: Vileplume|Sleep Powder|p2a: Florges\n|-status|p2a: Florges|slp|[from] move: Sleep Powder\n|\n|-heal|p2a: Florges|93/100 slp|[from] item: Leftovers\n|upkeep\n|turn|9\n|inactive|Time left: 300 sec this turn | 300 sec total\n|\n|t:|1783550297\n|cant|p2a: Florges|slp\n|move|p1a: Vileplume|Sludge Bomb|p2a: Florges\n|-supereffective|p2a: Florges\n|-damage|p2a: Florges|67/100 slp\n|\n|-heal|p2a: Florges|72/100 slp|[from] item: Leftovers\n|upkeep\n|turn|10\n|inactive|Time left: 300 sec this turn | 300 sec total\n|\n|t:|1783550298\n|-curestatus|p2a: Florges|slp|[msg]\n|move|p2a: Florges|Moonblast|p1a: Vileplume\n|-resisted|p1a: Vileplume\n|-damage|p1a: Vileplume|157/266\n|move|p1a: Vileplume|Sludge Bomb|p2a: Florges\n|-supereffective|p2a: Florges\n|-damage|p2a: Florges|47/100\n|\n|-heal|p2a: Florges|53/100|[from] item: Leftovers\n|-heal|p1a: Vileplume|173/266|[from] item: Leftovers\n|upkeep\n|turn|11\n|inactive|Time left: 300 sec this turn | 300 sec total\n|\n|t:|1783550299\n|move|p2a: Florges|Moonblast|p1a: Vileplume\n|-resisted|p1a: Vileplume\n|-damage|p1a: Vileplume|56/266\n|-unboost|p1a: Vileplume|spa|1\n|move|p1a: Vileplume|Strength Sap|p2a: Florges\n|-unboost|p2a: Florges|atk|1\n|-heal|p1a: Vileplume|171/266\n|\n|-heal|p2a: Florges|59/100|[from] item: Leftovers\n|-heal|p1a: Vileplume|187/266|[from] item: Leftovers\n|upkeep\n|turn|12\n|inactive|Time left: 300 sec this turn | 300 sec total\n|\n|t:|1783550300\n|move|p2a: Florges|Moonblast|p1a: Vileplume\n|-resisted|p1a: Vileplume\n|-damage|p1a: Vileplume|84/266\n|move|p1a: Vileplume|Strength Sap|p2a: Florges\n|-unboost|p2a: Florges|atk|1\n|-heal|p1a: Vileplume|160/266\n|\n|-heal|p2a: Florges|65/100|[from] item: Leftovers\n|-heal|p1a: Vileplume|176/266|[from] item: Leftovers\n|upkeep\n|turn|13\n|inactive|Time left: 300 sec this turn | 300 sec total\n|\n|t:|1783550301\n|move|p2a: Florges|Moonblast|p1a: Vileplume\n|-resisted|p1a: Vileplume\n|-damage|p1a: Vileplume|69/266\n|move|p1a: Vileplume|Strength Sap|p2a: Florges\n|-unboost|p2a: Florges|atk|1\n|-heal|p1a: Vileplume|126/266\n|\n|-heal|p2a: Florges|71/100|[from] item: Leftovers\n|-heal|p1a: Vileplume|142/266|[from] item: Leftovers\n|upkeep\n|turn|14\n|inactive|Time left: 300 sec this turn | 300 sec total\n|\n|t:|1783550303\n|move|p2a: Florges|Moonblast|p1a: Vileplume\n|-resisted|p1a: Vileplume\n|-damage|p1a: Vileplume|34/266\n|move|p1a: Vileplume|Strength Sap|p2a: Florges\n|-unboost|p2a: Florges|atk|1\n|-heal|p1a: Vileplume|80/266\n|\n|-heal|p2a: Florges|77/100|[from] item: Leftovers\n|-heal|p1a: Vileplume|96/266|[from] item: Leftovers\n|upkeep\n|turn|15\n|inactive|Time left: 300 sec this turn | 300 sec total\n|\n|t:|1783550304\n|switch|p1a: Toedscruel|Toedscruel, L87, M|281/281\n|move|p2a: Florges|Moonblast|p1a: Toedscruel\n|-damage|p1a: Toedscruel|158/281\n|\n|-heal|p2a: Florges|83/100|[from] item: Leftovers\n|upkeep\n|turn|16\n|inactive|Time left: 300 sec this turn | 300 sec total\n|\n|t:|1783550305\n|move|p1a: Toedscruel|Knock Off|p2a: Florges\n|-resisted|p2a: Florges\n|-damage|p2a: Florges|71/100\n|-enditem|p2a: Florges|Leftovers|[from] move: Knock Off|[of] p1a: Toedscruel\n|move|p2a: Florges|Moonblast|p1a: Toedscruel\n|-damage|p1a: Toedscruel|41/281\n|-unboost|p1a: Toedscruel|spa|1\n|\n|upkeep\n|turn|17\n|inactive|Time left: 300 sec this turn | 300 sec total\n|\n|t:|1783550306\n|move|p1a: Toedscruel|Giga Drain|p2a: Florges\n|-damage|p2a: Florges|65/100\n|-heal|p1a: Toedscruel|49/281|[from] drain|[of] p2a: Florges\n|move|p2a: Florges|Moonblast|p1a: Toedscruel\n|-damage|p1a: Toedscruel|0 fnt\n|faint|p1a: Toedscruel\n|\n|upkeep\n|inactive|Time left: 300 sec this turn | 300 sec total | 5 sec grace\n|\n|t:|1783550306\n|switch|p1a: Vileplume|Vileplume, L85, F|96/266\n|turn|18\n|inactive|Time left: 300 sec this turn | 300 sec total\n|\n|t:|1783550307\n|move|p2a: Florges|Moonblast|p1a: Vileplume\n|-resisted|p1a: Vileplume\n|-damage|p1a: Vileplume|0 fnt\n|faint|p1a: Vileplume\n|\n|upkeep\n|inactive|Time left: 300 sec this turn | 300 sec total | 5 sec grace\n|\n|t:|1783550308\n|switch|p1a: Clawitzer|Clawitzer, L87, M|105/265\n|turn|19\n|inactive|Time left: 300 sec this turn | 300 sec total\n|\n|t:|1783550309\n|move|p2a: Florges|Moonblast|p1a: Clawitzer\n|-damage|p1a: Clawitzer|0 fnt\n|faint|p1a: Clawitzer\n|\n|upkeep\n|inactive|Time left: 300 sec this turn | 300 sec total | 5 sec grace\n|\n|t:|1783550310\n|switch|p1a: Meowstic|Meowstic-F, L89, F|277/277\n|turn|20\n|inactive|Time left: 300 sec this turn | 300 sec total\n|\n|t:|1783550310\n|move|p1a: Meowstic|Nasty Plot|p1a: Meowstic\n|-boost|p1a: Meowstic|spa|2\n|move|p2a: Florges|Moonblast|p1a: Meowstic\n|-damage|p1a: Meowstic|57/277\n|-unboost|p1a: Meowstic|spa|1\n|-ability|p1a: Meowstic|Competitive|boost\n|-boost|p1a: Meowstic|spa|2\n|\n|upkeep\n|turn|21\n|inactive|Time left: 300 sec this turn | 300 sec total\n|\n|t:|1783550311\n|move|p1a: Meowstic|Dark Pulse|p2a: Florges\n|-resisted|p2a: Florges\n|-damage|p2a: Florges|55/100\n|-damage|p1a: Meowstic|30/277|[from] item: Life Orb\n|move|p2a: Florges|Tera Blast|p1a: Meowstic\n|-damage|p1a: Meowstic|0 fnt\n|faint|p1a: Meowstic\n|\n|upkeep\n|inactive|Time left: 300 sec this turn | 300 sec total | 5 sec grace\n|\n|t:|1783550312\n|switch|p1a: Falinks|Falinks, L84|246/246\n|turn|22\n|inactive|Time left: 300 sec this turn | 300 sec total\n|\n|t:|1783550313\n|move|p2a: Florges|Moonblast|p1a: Falinks\n|-supereffective|p1a: Falinks\n|-damage|p1a: Falinks|0 fnt\n|faint|p1a: Falinks\n|\n|win|p0y8955abf", "uploadtime": 1783550313, "views": 0, "rating": 0, "private": 0, "password": null, "_winner": "p0y8955abf", "_our_name": "p0x8952ca0"}