{"id": "battle-gen9randombattle-1554", "formatid": "gen9randombattle", "format": "[Gen 9] Random Battle", "players": ["p0x155494f3", "p0y15543cfe"], "log": "|init|battle\n|title|p0x155494f3 vs. p0y15543cfe\n|j|\u2606p0x155494f3\n|j|\u2606p0y15543cfe\n|t:|1783558040\n|gametype|singles\n|player|p1|p0x155494f3|101|\n|player|p2|p0y15543cfe|266|\n|gen|9\n|tier|[Gen 9] Random Battle\n|rule|Species Clause: Limit one of each Pok\u00e9mon\n|rule|HP Percentage Mod: HP is shown in percentages\n|rule|Sleep Clause Mod: Limit one foe put to sleep\n|rule|Illusion Level Mod: Illusion disguises the Pok\u00e9mon's true level\n|\n|t:|1783558040\n|teamsize|p1|6\n|teamsize|p2|6\n|start\n|switch|p1a: Hydrapple|Hydrapple, L83, F|100/100\n|switch|p2a: Blissey|Blissey, L85, F|572/572\n|turn|1\n|inactive|Battle timer is ON: inactive players will automatically lose when time's up. (requested by p0y15543cfe)\n|inactive|p0x155494f3 also wants the timer to be on.\n|\n|t:|1783558042\n|switch|p1a: Avalugg|Avalugg, L88, F|100/100\n|move|p2a: Blissey|Stealth Rock|p1a: Avalugg\n|-sidestart|p1: p0x155494f3|move: Stealth Rock\n|\n|upkeep\n|turn|2\n|inactive|Time left: 300 sec this turn | 300 sec total\n|\n|t:|1783558043\n|switch|p2a: Iron Crown|Iron Crown, L78|268/268\n|move|p1a: Avalugg|Rapid Spin|p2a: Iron Crown\n|-resisted|p2a: Iron Crown\n|-damage|p2a: Iron Crown|244/268\n|-boost|p1a: Avalugg|spe|1\n|-sideend|p1: p0x155494f3|Stealth Rock|[from] move: Rapid Spin|[of] p1a: Avalugg\n|\n|-heal|p2a: Iron Crown|260/268|[from] item: Leftovers\n|upkeep\n|turn|3\n|inactive|Time left: 300 sec this turn | 300 sec total\n|\n|t:|1783558044\n|switch|p1a: Emboar|Emboar, L84, F|100/100\n|move|p2a: Iron Crown|Tachyon Cutter|p1a: Emboar\n|-resisted|p1a: Emboar\n|-damage|p1a: Emboar|89/100\n|-resisted|p1a: Emboar\n|-damage|p1a: Emboar|78/100\n|-hitcount|p1a: Emboar|2\n|\n|-heal|p2a: Iron Crown|268/268|[from] item: Leftovers\n|upkeep\n|turn|4\n|inactive|Time left: 300 sec this turn | 300 sec total\n|\n|t:|1783558045\n|move|p1a: Emboar|Flare Blitz|p2a: Iron Crown\n|-supereffective|p2a: Iron Crown\n|-damage|p2a: Iron Crown|0 fnt\n|faint|p2a: Iron Crown\n|-end|p2a: Iron Crown|Quark Drive|[silent]\n|-damage|p1a: Emboar|50/100|[from] Recoil\n|\n|upkeep\n|inactive|Time left: 300 sec this turn | 300 sec total | 5 sec grace\n|\n|t:|1783558046\n|switch|p2a: Hydreigon|Hydreigon, L79, F|275/275\n|turn|5\n|inactive|Time left: 300 sec this turn | 300 sec total\n|\n|t:|1783558047\n|move|p1a: Emboar|Flare Blitz|p2a: Hydreigon\n|-resisted|p2a: Hydreigon\n|-damage|p2a: Hydreigon|187/275\n|-damage|p1a: Emboar|41/100|[from] Recoil\n|move|p2a: Hydreigon|Draco Meteor|p1a: Emboar\n|-damage|p1a: Emboar|0 fnt\n|-unboost|p2a: Hydreigon|spa|2\n|faint|p1a: Emboar\n|\n|upkeep\n|\n|t:|1783558048\n|switch|p1a: Scizor|Scizor, L79, M|100/100\n|turn|6\n|inactive|Time left: 300 sec this turn | 300 sec total\n|\n|t:|1783558049\n|switch|p2a: Dusknoir|Dusknoir, L89, M|225/225\n|-item|p1a: Scizor|Choice Band|[from] ability: Frisk|[of] p2a: Dusknoir\n|move|p1a: Scizor|Knock Off|p2a: Dusknoir\n|-supereffective|p2a: Dusknoir\n|-damage|p2a: Dusknoir|63/225\n|-enditem|p2a: Dusknoir|Leftovers|[from] move: Knock Off|[of] p1a: Scizor\n|\n|upkeep\n|turn|7\n|inactive|Time left: 300 sec this turn | 300 sec total\n|\n|t:|1783558050\n|-terastallize|p2a: Dusknoir|Fighting\n|move|p1a: Scizor|Knock Off|p2a: Dusknoir\n|-resisted|p2a: Dusknoir\n|-damage|p2a: Dusknoir|38/225\n|move|p2a: Dusknoir|Pain Split|p1a: Scizor\n|-sethp|p1a: Scizor|58/100|[from] move: Pain Split|[silent]\n|-sethp|p2a: Dusknoir|139/225|[from] move: Pain Split\n|\n|upkeep\n|turn|8\n|inactive|Time left: 300 sec this turn | 300 sec total\n|\n|t:|1783558051\n|move|p1a: Scizor|Knock Off|p2a: Dusknoir\n|-resisted|p2a: Dusknoir\n|-damage|p2a: Dusknoir|113/225\n|move|p2a: Dusknoir|Pain Split|p1a: Scizor\n|-sethp|p1a: Scizor|53/100|[from] move: Pain Split|[silent]\n|-sethp|p2a: Dusknoir|126/225|[from] move: Pain Split\n|\n|upkeep\n|turn|9\n|inactive|Time left: 300 sec this turn | 300 sec total\n|\n|t:|1783558052\n|switch|p1a: Avalugg|Avalugg, L88, F|100/100\n|move|p2a: Dusknoir|Pain Split|p1a: Avalugg\n|-sethp|p1a: Avalugg|71/100|[from] move: Pain Split|[silent]\n|-sethp|p2a: Dusknoir|218/225|[from] move: Pain Split\n|\n|upkeep\n|turn|10\n|inactive|Time left: 300 sec this turn | 300 sec total\n|\n|t:|1783558053\n|switch|p2a: Bellibolt|Bellibolt, L84, F|320/320\n|move|p1a: Avalugg|Rapid Spin|p2a: Bellibolt\n|-damage|p2a: Bellibolt|277/320\n|-boost|p1a: Avalugg|spe|1\n|-start|p2a: Bellibolt|Charge|Rapid Spin|[from] ability: Electromorphosis\n|\n|-heal|p2a: Bellibolt|297/320|[from] item: Leftovers\n|upkeep\n|turn|11\n|inactive|Time left: 300 sec this turn | 300 sec total\n|\n|t:|1783558054\n|switch|p1a: Hydrapple|Hydrapple, L83, F|100/100\n|move|p2a: Bellibolt|Thunderbolt|p1a: Hydrapple\n|-resisted|p1a: Hydrapple\n|-damage|p1a: Hydrapple|88/100\n|-end|p2a: Bellibolt|Charge|[silent]\n|\n|-heal|p2a: Bellibolt|317/320|[from] item: Leftovers\n|upkeep\n|turn|12\n|inactive|Time left: 300 sec this turn | 300 sec total\n|\n|t:|1783558055\n|switch|p2a: Blissey|Blissey, L85, F|572/572\n|move|p1a: Hydrapple|Fickle Beam|p2a: Blissey\n|-damage|p2a: Blissey|503/572\n|\n|-heal|p2a: Blissey|538/572|[from] item: Leftovers\n|upkeep\n|turn|13\n|inactive|Time left: 300 sec this turn | 300 sec total\n|\n|t:|1783558056\n|move|p2a: Blissey|Stealth Rock|p1a: Hydrapple\n|-sidestart|p1: p0x155494f3|move: Stealth Rock\n|move|p1a: Hydrapple|Fickle Beam|p2a: Blissey\n|-damage|p2a: Blissey|474/572\n|\n|-heal|p2a: Blissey|509/572|[from] item: Leftovers\n|upkeep\n|turn|14\n|inactive|Time left: 300 sec this turn | 300 sec total\n|\n|t:|1783558057\n|move|p2a: Blissey|Thunder Wave|p1a: Hydrapple\n|-status|p1a: Hydrapple|par\n|move|p1a: Hydrapple|Fickle Beam|p2a: Blissey\n|-damage|p2a: Blissey|445/572\n|\n|-heal|p2a: Blissey|480/572|[from] item: Leftovers\n|upkeep\n|turn|15\n|inactive|Time left: 300 sec this turn | 300 sec total\n|\n|t:|1783558058\n|move|p2a: Blissey|Seismic Toss|p1a: Hydrapple\n|-damage|p1a: Hydrapple|61/100 par\n|move|p1a: Hydrapple|Fickle Beam|p2a: Blissey\n|-damage|p2a: Blissey|407/572\n|\n|-heal|p2a: Blissey|442/572|[from] item: Leftovers\n|upkeep\n|turn|16\n|inactive|Time left: 300 sec this turn | 300 sec total\n|\n|t:|1783558059\n|switch|p1a: Avalugg|Avalugg, L88, F|71/100\n|move|p2a: Blissey|Seismic Toss|p1a: Avalugg\n|-damage|p1a: Avalugg|43/100\n|\n|-heal|p2a: Blissey|477/572|[from] item: Leftovers\n|upkeep\n|turn|17\n|inactive|Time left: 300 sec this turn | 300 sec total\n|\n|t:|1783558060\n|switch|p2a: Bellibolt|Bellibolt, L84, F|317/320\n|move|p1a: Avalugg|Rapid Spin|p2a: Bellibolt\n|-damage|p2a: Bellibolt|270/320\n|-boost|p1a: Avalugg|spe|1\n|-start|p2a: Bellibolt|Charge|Rapid Spin|[from] ability: Electromorphosis\n|-sideend|p1: p0x155494f3|Stealth Rock|[from] move: Rapid Spin|[of] p1a: Avalugg\n|\n|-heal|p2a: Bellibolt|290/320|[from] item: Leftovers\n|upkeep\n|turn|18\n|inactive|Time left: 300 sec this turn | 300 sec total\n|\n|t:|1783558060\n|switch|p1a: Hydrapple|Hydrapple, L83, F|94/100 par\n|move|p2a: Bellibolt|Thunderbolt|p1a: Hydrapple\n|-resisted|p1a: Hydrapple\n|-damage|p1a: Hydrapple|83/100 par\n|-end|p2a: Bellibolt|Charge|[silent]\n|\n|-heal|p2a: Bellibolt|310/320|[from] item: Leftovers\n|upkeep\n|turn|19\n|inactive|Time left: 300 sec this turn | 300 sec total\n|\n|t:|1783558061\n|move|p2a: Bellibolt|Muddy Water|p1a: Hydrapple\n|-resisted|p1a: Hydrapple\n|-damage|p1a: Hydrapple|79/100 par\n|-unboost|p1a: Hydrapple|accuracy|1\n|move|p1a: Hydrapple|Fickle Beam|p2a: Bellibolt\n|-damage|p2a: Bellibolt|214/320\n|-start|p2a: Bellibolt|Charge|Fickle Beam|[from] ability: Electromorphosis\n|\n|-heal|p2a: Bellibolt|234/320|[from] item: Leftovers\n|upkeep\n|turn|20\n|inactive|Time left: 300 sec this turn | 300 sec total\n|\n|t:|1783558062\n|move|p2a: Bellibolt|Slack Off|p2a: Bellibolt\n|-heal|p2a: Bellibolt|320/320\n|move|p1a: Hydrapple|Fickle Beam|p2a: Bellibolt\n|-damage|p2a: Bellibolt|218/320\n|-start|p2a: Bellibolt|Charge|Fickle Beam|[from] ability: Electromorphosis\n|\n|-heal|p2a: Bellibolt|238/320|[from] item: Leftovers\n|upkeep\n|turn|21\n|inactive|Time left: 300 sec this turn | 300 sec total\n|\n|t:|1783558063\n|move|p2a: Bellibolt|Thunderbolt|p1a: Hydrapple\n|-resisted|p1a: Hydrapple\n|-damage|p1a: Hydrapple|68/100 par\n|-end|p2a: Bellibolt|Charge|[silent]\n|cant|p1a: Hydrapple|par\n|\n|-heal|p2a: Bellibolt|258/320|[from] item: Leftovers\n|upkeep\n|turn|22\n|inactive|Time left: 300 sec this turn | 300 sec total\n|\n|t:|1783558064\n|move|p2a: Bellibolt|Thunderbolt|p1a: Hydrapple\n|-resisted|p1a: Hydrapple\n|-damage|p1a: Hydrapple|62/100 par\n|move|p1a: Hydrapple|Fickle Beam|p2a: Bellibolt|[miss]\n|-miss|p1a: Hydrapple|p2a: Bellibolt\n|\n|-heal|p2a: Bellibolt|278/320|[from] item: Leftovers\n|upkeep\n|turn|23\n|inactive|Time left: 300 sec this turn | 300 sec total\n|\n|t:|1783558065\n|move|p2a: Bellibolt|Thunderbolt|p1a: Hydrapple\n|-resisted|p1a: Hydrapple\n|-damage|p1a: Hydrapple|56/100 par\n|cant|p1a: Hydrapple|par\n|\n|-heal|p2a: Bellibolt|298/320|[from] item: Leftovers\n|upkeep\n|turn|24\n|inactive|Time left: 300 sec this turn | 300 sec total\n|\n|t:|1783558066\n|move|p2a: Bellibolt|Thunderbolt|p1a: Hydrapple\n|-resisted|p1a: Hydrapple\n|-damage|p1a: Hydrapple|50/100 par\n|move|p1a: Hydrapple|Giga Drain|p2a: Bellibolt|[miss]\n|-miss|p1a: Hydrapple|p2a: Bellibolt\n|\n|-heal|p2a: Bellibolt|318/320|[from] item: Leftovers\n|upkeep\n|turn|25\n|inactive|Time left: 300 sec this turn | 300 sec total\n|\n|t:|1783558067\n|move|p2a: Bellibolt|Thunderbolt|p1a: Hydrapple\n|-resisted|p1a: Hydrapple\n|-damage|p1a: Hydrapple|43/100 par\n|move|p1a: Hydrapple|Giga Drain|p2a: Bellibolt\n|-damage|p2a: Bellibolt|221/320\n|-heal|p1a: Hydrapple|59/100 par|[from] drain|[of] p2a: Bellibolt\n|-start|p2a: Bellibolt|Charge|Giga Drain|[from] ability: Electromorphosis\n|\n|-heal|p2a: Bellibolt|241/320|[from] item: Leftovers\n|upkeep\n|turn|26\n|inactive|Time left: 300 sec this turn | 300 sec total\n|\n|t:|1783558068\n|move|p2a: Bellibolt|Thunderbolt|p1a: Hydrapple\n|-resisted|p1a: Hydrapple\n|-crit|p1a: Hydrapple\n|-damage|p1a: Hydrapple|43/100 par\n|-end|p2a: Bellibolt|Charge|[silent]\n|move|p1a: Hydrapple|Earth Power|p2a: Bellibolt\n|-supereffective|p2a: Bellibolt\n|-damage|p2a: Bellibolt|95/320\n|-start|p2a: Bellibolt|Charge|Earth Power|[from] ability: Electromorphosis\n|\n|-heal|p2a: Bellibolt|115/320|[from] item: Leftovers\n|upkeep\n|turn|27\n|inactive|Time left: 300 sec this turn | 300 sec total\n|\n|t:|1783558069\n|move|p2a: Bellibolt|Slack Off|p2a: Bellibolt\n|-heal|p2a: Bellibolt|275/320\n|move|p1a: Hydrapple|Earth Power|p2a: Bellibolt\n|-supereffective|p2a: Bellibolt\n|-damage|p2a: Bellibolt|119/320\n|-unboost|p2a: Bellibolt|spd|1\n|-start|p2a: Bellibolt|Charge|Earth Power|[from] ability: Electromorphosis\n|\n|-heal|p2a: Bellibolt|139/320|[from] item: Leftovers\n|upkeep\n|turn|28\n|inactive|Time left: 300 sec this turn | 300 sec total\n|\n|t:|1783558070\n|move|p2a: Bellibolt|Slack Off|p2a: Bellibolt\n|-heal|p2a: Bellibolt|299/320\n|cant|p1a: Hydrapple|par\n|\n|-heal|p2a: Bellibolt|319/320|[from] item: Leftovers\n|upkeep\n|turn|29\n|inactive|Time left: 300 sec this turn | 300 sec total\n|\n|t:|1783558071\n|move|p2a: Bellibolt|Thunderbolt|p1a: Hydrapple\n|-resisted|p1a: Hydrapple\n|-damage|p1a: Hydrapple|33/100 par\n|-end|p2a: Bellibolt|Charge|[silent]\n|cant|p1a: Hydrapple|par\n|\n|-heal|p2a: Bellibolt|320/320|[from] item: Leftovers\n|upkeep\n|turn|30\n|inactive|Time left: 300 sec this turn | 300 sec total\n|\n|t:|1783558072\n|move|p2a: Bellibolt|Volt Switch|p1a: Hydrapple\n|-resisted|p1a: Hydrapple\n|-damage|p1a: Hydrapple|28/100 par\n|inactive|Time left: 300 sec this turn | 300 sec total | 5 sec grace\n|\n|t:|1783558073\n|switch|p2a: Blissey|Blissey, L85, F|477/572|[from] Volt Switch\n|cant|p1a: Hydrapple|par\n|\n|-heal|p2a: Blissey|512/572|[from] item: Leftovers\n|upkeep\n|turn|31\n|inactive|Time left: 300 sec this turn | 300 sec total\n|\n|t:|1783558074\n|switch|p1a: Scizor|Scizor, L79, M|53/100\n|move|p2a: Blissey|Seismic Toss|p1a: Scizor\n|-damage|p1a: Scizor|18/100\n|\n|-heal|p2a: Blissey|547/572|[from] item: Leftovers\n|upkeep\n|turn|32\n|inactive|Time left: 300 sec this turn | 300 sec total\n|\n|t:|1783558075\n|switch|p2a: Bellibolt|Bellibolt, L84, F|320/320\n|move|p1a: Scizor|Close Combat|p2a: Bellibolt\n|-damage|p2a: Bellibolt|179/320\n|-unboost|p1a: Scizor|def|1\n|-unboost|p1a: Scizor|spd|1\n|-start|p2a: Bellibolt|Charge|Close Combat|[from] ability: Electromorphosis\n|\n|-heal|p2a: Bellibolt|199/320|[from] item: Leftovers\n|upkeep\n|turn|33\n|inactive|Time left: 300 sec this turn | 300 sec total\n|\n|t:|1783558076\n|move|p1a: Scizor|Close Combat|p2a: Bellibolt\n|-damage|p2a: Bellibolt|60/320\n|-unboost|p1a: Scizor|def|1\n|-unboost|p1a: Scizor|spd|1\n|-start|p2a: Bellibolt|Charge|Close Combat|[from] ability: Electromorphosis\n|move|p2a: Bellibolt|Thunderbolt|p1a: Scizor\n|-damage|p1a: Scizor|0 fnt\n|faint|p1a: Scizor\n|-end|p2a: Bellibolt|Charge|[silent]\n|\n|-heal|p2a: Bellibolt|80/320|[from] item: Leftovers\n|upkeep\n|\n|t:|1783558077\n|switch|p1a: Stonjourner|Stonjourner, L91, M|100/100\n|turn|34\n|inactive|Time left: 300 sec this turn | 300 sec total\n|\n|t:|1783558078\n|move|p1a: Stonjourner|Stone Edge|p2a: Bellibolt\n|-crit|p2a: Bellibolt\n|-damage|p2a: Bellibolt|0 fnt\n|faint|p2a: Bellibolt\n|-damage|p1a: Stonjourner|90/100|[from] item: Life Orb\n|\n|upkeep\n|inactive|Time left: 300 sec this turn | 300 sec total | 5 sec grace\n|\n|t:|1783558079\n|switch|p2a: Hydreigon|Hydreigon, L79, F|187/275\n|turn|35\n|inactive|Time left: 300 sec this turn | 300 sec total\n|\n|t:|1783558080\n|switch|p1a: Hydrapple|Hydrapple, L83, F|61/100 par\n|move|p2a: Hydreigon|Dark Pulse|p1a: Hydrapple\n|-damage|p1a: Hydrapple|30/100 par\n|\n|upkeep\n|turn|36\n|inactive|Time left: 300 sec this turn | 300 sec total\n|\n|t:|1783558081\n|switch|p1a: Annihilape|Annihilape, L76, F|100/100\n|move|p2a: Hydreigon|Dark Pulse|p1a: Annihilape\n|-damage|p1a: Annihilape|54/100\n|\n|-heal|p1a: Annihilape|60/100|[from] item: Leftovers\n|upkeep\n|turn|37\n|inactive|Time left: 300 sec this turn | 300 sec total\n|\n|t:|1783558082\n|move|p2a: Hydreigon|Dark Pulse|p1a: Annihilape\n|-damage|p1a: Annihilape|9/100\n|move|p1a: Annihilape|Drain Punch|p2a: Hydreigon\n|-supereffective|p2a: Hydreigon\n|-damage|p2a: Hydreigon|43/275\n|-heal|p1a: Annihilape|34/100|[from] drain|[of] p2a: Hydreigon\n|\n|-heal|p1a: Annihilape|40/100|[from] item: Leftovers\n|upkeep\n|turn|38\n|inactive|Time left: 300 sec this turn | 300 sec total\n|\n|t:|1783558083\n|switch|p1a: Hydrapple|Hydrapple, L83, F|64/100 par\n|move|p2a: Hydreigon|Dark Pulse|p1a: Hydrapple\n|-damage|p1a: Hydrapple|30/100 par\n|\n|upkeep\n|turn|39\n|inactive|Time left: 300 sec this turn | 300 sec total\n|\n|t:|1783558084\n|switch|p1a: Annihilape|Annihilape, L76, F|40/100\n|move|p2a: Hydreigon|Dark Pulse|p1a: Annihilape\n|-damage|p1a: Annihilape|0 fnt\n|faint|p1a: Annihilape\n|\n|upkeep\n|\n|t:|1783558085\n|switch|p1a: Hydrapple|Hydrapple, L83, F|63/100 par\n|turn|40\n|inactive|Time left: 300 sec this turn | 300 sec total\n|\n|t:|1783558086\n|move|p2a: Hydreigon|Dark Pulse|p1a: Hydrapple\n|-damage|p1a: Hydrapple|34/100 par\n|cant|p1a: Hydrapple|par\n|\n|upkeep\n|turn|41\n|inactive|Time left: 300 sec this turn | 300 sec total\n|\n|t:|1783558087\n|move|p2a: Hydreigon|Dark Pulse|p1a: Hydrapple\n|-damage|p1a: Hydrapple|4/100 par\n|cant|p1a: Hydrapple|flinch\n|\n|upkeep\n|turn|42\n|inactive|Time left: 300 sec this turn | 300 sec total\n|\n|t:|1783558088\n|move|p2a: Hydreigon|Dark Pulse|p1a: Hydrapple\n|-damage|p1a: Hydrapple|0 fnt\n|faint|p1a: Hydrapple\n|\n|upkeep\n|\n|t:|1783558088\n|switch|p1a: Avalugg|Avalugg, L88, F|43/100\n|turn|43\n|inactive|Time left: 300 sec this turn | 300 sec total\n|\n|t:|1783558089\n|-terastallize|p1a: Avalugg|Fighting\n|move|p2a: Hydreigon|Dark Pulse|p1a: Avalugg\n|-resisted|p1a: Avalugg\n|-damage|p1a: Avalugg|10/100\n|move|p1a: Avalugg|Recover|p1a: Avalugg\n|-heal|p1a: Avalugg|60/100\n|\n|upkeep\n|turn|44\n|inactive|Time left: 300 sec this turn | 300 sec total\n|\n|t:|1783558090\n|move|p2a: Hydreigon|Dark Pulse|p1a: Avalugg\n|-resisted|p1a: Avalugg\n|-damage|p1a: Avalugg|29/100\n|cant|p1a: Avalugg|flinch\n|\n|upkeep\n|turn|45\n|inactive|Time left: 300 sec this turn | 300 sec total\n|\n|t:|1783558091\n|switch|p1a: Stonjourner|Stonjourner, L91, M|90/100\n|move|p2a: Hydreigon|Dark Pulse|p1a: Stonjourner\n|-damage|p1a: Stonjourner|2/100\n|\n|upkeep\n|turn|46\n|inactive|Time left: 300 sec this turn | 300 sec total\n|\n|t:|1783558092\n|move|p2a: Hydreigon|Dark Pulse|p1a: Stonjourner\n|-damage|p1a: Stonjourner|0 fnt\n|faint|p1a: Stonjourner\n|\n|upkeep\n|\n|t:|1783558092\n|switch|p1a: Avalugg|Avalugg, L88, F, tera:Fighting|29/100\n|turn|47\n|inactive|Time left: 300 sec this turn | 300 sec total\n|\n|t:|1783558093\n|move|p2a: Hydreigon|Dark Pulse|p1a: Avalugg\n|-resisted|p1a: Avalugg\n|-crit|p1a: Avalugg\n|-damage|p1a: Avalugg|0 fnt\n|faint|p1a: Avalugg\n|\n|win|p0y15543cfe", "uploadtime": 1783558093, "views": 0, "rating": 0, "private": 0, "password": null, "_winner": "p0y15543cfe", "_our_name": "p0y15543cfe"}