{"id": "battle-gen9randombattle-190", "formatid": "gen9randombattle", "format": "[Gen 9] Random Battle", "players": ["p0x190303f", "p0y190abb7"], "log": "|init|battle\n|title|p0x190303f vs. p0y190abb7\n|j|\u2606p0x190303f\n|j|\u2606p0y190abb7\n|t:|1783535444\n|gametype|singles\n|player|p1|p0x190303f|101|\n|player|p2|p0y190abb7|2|\n|gen|9\n|tier|[Gen 9] Random Battle\n|rule|Species Clause: Limit one of each Pok\u00e9mon\n|rule|HP Percentage Mod: HP is shown in percentages\n|rule|Sleep Clause Mod: Limit one foe put to sleep\n|rule|Illusion Level Mod: Illusion disguises the Pok\u00e9mon's true level\n|\n|t:|1783535444\n|teamsize|p1|6\n|teamsize|p2|6\n|start\n|switch|p1a: Ceruledge|Ceruledge, L78, F|245/245\n|switch|p2a: Sawsbuck|Sawsbuck-Autumn, L88, F|100/100\n|turn|1\n|inactive|Battle timer is ON: inactive players will automatically lose when time's up. (requested by p0x190303f)\n|inactive|p0y190abb7 also wants the timer to be on.\n|\n|t:|1783535445\n|switch|p2a: Tyranitar|Tyranitar, L78, F|100/100\n|-weather|Sandstorm|[from] ability: Sand Stream|[of] p2a: Tyranitar\n|move|p1a: Ceruledge|Bitter Blade|p2a: Tyranitar\n|-resisted|p2a: Tyranitar\n|-damage|p2a: Tyranitar|84/100\n|\n|-weather|Sandstorm|[upkeep]\n|-damage|p1a: Ceruledge|230/245|[from] Sandstorm\n|upkeep\n|turn|2\n|inactive|Time left: 300 sec this turn | 300 sec total\n|\n|t:|1783535447\n|move|p1a: Ceruledge|Close Combat|p2a: Tyranitar\n|-supereffective|p2a: Tyranitar\n|-damage|p2a: Tyranitar|0 fnt\n|-unboost|p1a: Ceruledge|def|1\n|-unboost|p1a: Ceruledge|spd|1\n|faint|p2a: Tyranitar\n|\n|-weather|Sandstorm|[upkeep]\n|-damage|p1a: Ceruledge|215/245|[from] Sandstorm\n|upkeep\n|\n|t:|1783535448\n|switch|p2a: Sawsbuck|Sawsbuck-Autumn, L88, F|100/100\n|turn|3\n|inactive|Time left: 300 sec this turn | 300 sec total\n|\n|t:|1783535449\n|switch|p1a: Sawsbuck|Sawsbuck-Summer, L88, F|284/284\n|move|p2a: Sawsbuck|High Horsepower|p1a: Sawsbuck\n|-resisted|p1a: Sawsbuck\n|-damage|p1a: Sawsbuck|233/284\n|-damage|p2a: Sawsbuck|91/100|[from] item: Life Orb\n|\n|-weather|Sandstorm|[upkeep]\n|-damage|p2a: Sawsbuck|85/100|[from] Sandstorm\n|-damage|p1a: Sawsbuck|216/284|[from] Sandstorm\n|upkeep\n|turn|4\n|inactive|Time left: 300 sec this turn | 300 sec total\n|\n|t:|1783535450\n|move|p1a: Sawsbuck|Double-Edge|p2a: Sawsbuck\n|-damage|p2a: Sawsbuck|8/100\n|-damage|p1a: Sawsbuck|144/284|[from] Recoil\n|-damage|p1a: Sawsbuck|116/284|[from] item: Life Orb\n|move|p2a: Sawsbuck|Headbutt|p1a: Sawsbuck\n|-damage|p1a: Sawsbuck|2/284\n|-damage|p2a: Sawsbuck|0 fnt|[from] item: Life Orb\n|faint|p2a: Sawsbuck\n|\n|-weather|Sandstorm|[upkeep]\n|-damage|p1a: Sawsbuck|0 fnt|[from] Sandstorm\n|faint|p1a: Sawsbuck\n|upkeep\n|inactive|Time left: 300 sec this turn | 300 sec total | 5 sec grace\n|\n|t:|1783535451\n|switch|p1a: Grimmsnarl|Grimmsnarl, L83, M|293/293\n|switch|p2a: Weezing|Weezing-Galar, L86, M|100/100\n|turn|5\n|inactive|Time left: 300 sec this turn | 300 sec total\n|\n|t:|1783535453\n|move|p1a: Grimmsnarl|Light Screen|p1a: Grimmsnarl\n|-sidestart|p1: p0x190303f|move: Light Screen\n|move|p2a: Weezing|Strange Steam|p1a: Grimmsnarl\n|-supereffective|p1a: Grimmsnarl\n|-damage|p1a: Grimmsnarl|184/293\n|\n|-weather|none\n|upkeep\n|turn|6\n|inactive|Time left: 300 sec this turn | 300 sec total\n|\n|t:|1783535454\n|switch|p1a: Ceruledge|Ceruledge, L78, F|215/245\n|move|p2a: Weezing|Gunk Shot|p1a: Ceruledge\n|-resisted|p1a: Ceruledge\n|-damage|p1a: Ceruledge|139/245\n|-ability|p1a: Ceruledge|Weak Armor|boost\n|-unboost|p1a: Ceruledge|def|1\n|-boost|p1a: Ceruledge|spe|2\n|\n|upkeep\n|turn|7\n|inactive|Time left: 300 sec this turn | 300 sec total\n|\n|t:|1783535455\n|move|p1a: Ceruledge|Swords Dance|p1a: Ceruledge\n|-boost|p1a: Ceruledge|atk|2\n|move|p2a: Weezing|Gunk Shot|p1a: Ceruledge\n|-resisted|p1a: Ceruledge\n|-damage|p1a: Ceruledge|25/245\n|-ability|p1a: Ceruledge|Weak Armor|boost\n|-unboost|p1a: Ceruledge|def|1\n|-boost|p1a: Ceruledge|spe|2\n|\n|upkeep\n|turn|8\n|inactive|Time left: 300 sec this turn | 300 sec total\n|\n|t:|1783535456\n|move|p1a: Ceruledge|Bitter Blade|p2a: Weezing\n|-damage|p2a: Weezing|38/100\n|-heal|p1a: Ceruledge|104/245|[from] drain|[of] p2a: Weezing\n|move|p2a: Weezing|Gunk Shot|p1a: Ceruledge\n|-resisted|p1a: Ceruledge\n|-damage|p1a: Ceruledge|0 fnt\n|faint|p1a: Ceruledge\n|\n|-heal|p2a: Weezing|44/100|[from] item: Leftovers\n|upkeep\n|inactive|Time left: 300 sec this turn | 300 sec total | 5 sec grace\n|\n|t:|1783535457\n|switch|p1a: Magmortar|Magmortar, L88, M|275/275\n|turn|9\n|inactive|Time left: 300 sec this turn | 300 sec total\n|\n|t:|1783535458\n|move|p1a: Magmortar|Fire Blast|p2a: Weezing\n|-damage|p2a: Weezing|0 fnt\n|faint|p2a: Weezing\n|\n|upkeep\n|\n|t:|1783535459\n|switch|p2a: Kingdra|Kingdra, L84, M|100/100\n|turn|10\n|inactive|Time left: 300 sec this turn | 300 sec total\n|\n|t:|1783535460\n|-terastallize|p1a: Magmortar|Fighting\n|move|p1a: Magmortar|Focus Blast|p2a: Kingdra|[miss]\n|-miss|p1a: Magmortar|p2a: Kingdra\n|move|p2a: Kingdra|Wave Crash|p1a: Magmortar\n|-damage|p1a: Magmortar|75/275\n|-damage|p2a: Kingdra|75/100|[from] Recoil\n|-damage|p2a: Kingdra|66/100|[from] item: Life Orb\n|\n|upkeep\n|turn|11\n|inactive|Time left: 300 sec this turn | 300 sec total\n|\n|t:|1783535461\n|move|p1a: Magmortar|Focus Blast|p2a: Kingdra\n|-damage|p2a: Kingdra|1/100\n|move|p2a: Kingdra|Wave Crash|p1a: Magmortar\n|-damage|p1a: Magmortar|0 fnt\n|faint|p1a: Magmortar\n|-damage|p2a: Kingdra|0 fnt|[from] Recoil\n|faint|p2a: Kingdra\n|\n|upkeep\n|inactive|Time left: 300 sec this turn | 300 sec total | 5 sec grace\n|\n|t:|1783535462\n|switch|p1a: Grimmsnarl|Grimmsnarl, L83, M|184/293\n|switch|p2a: Orthworm|Orthworm, L88, M|100/100\n|turn|12\n|inactive|Time left: 300 sec this turn | 300 sec total\n|\n|t:|1783535463\n|move|p1a: Grimmsnarl|Reflect|p1a: Grimmsnarl\n|-sidestart|p1: p0x190303f|Reflect\n|move|p2a: Orthworm|Heavy Slam|p1a: Grimmsnarl\n|-supereffective|p1a: Grimmsnarl\n|-damage|p1a: Grimmsnarl|33/293\n|\n|-sideend|p1: p0x190303f|move: Light Screen\n|upkeep\n|turn|13\n|inactive|Time left: 300 sec this turn | 300 sec total\n|\n|t:|1783535464\n|move|p1a: Grimmsnarl|Light Screen|p1a: Grimmsnarl\n|-sidestart|p1: p0x190303f|move: Light Screen\n|move|p2a: Orthworm|Stealth Rock|p1a: Grimmsnarl\n|-sidestart|p1: p0x190303f|move: Stealth Rock\n|\n|upkeep\n|turn|14\n|inactive|Time left: 300 sec this turn | 300 sec total\n|\n|t:|1783535465\n|switch|p1a: Lanturn|Lanturn, L89, M|367/367\n|move|p2a: Orthworm|Heavy Slam|p1a: Lanturn\n|-resisted|p1a: Lanturn\n|-damage|p1a: Lanturn|346/367\n|\n|upkeep\n|turn|15\n|inactive|Time left: 300 sec this turn | 300 sec total\n|\n|t:|1783535466\n|switch|p2a: Latios|Latios, L78, M|100/100\n|move|p1a: Lanturn|Scald|p2a: Latios\n|-resisted|p2a: Latios\n|-damage|p2a: Latios|86/100\n|-status|p2a: Latios|brn\n|\n|-damage|p2a: Latios|80/100 brn|[from] brn\n|upkeep\n|turn|16\n|inactive|Time left: 300 sec this turn | 300 sec total\n|\n|t:|1783535467\n|move|p2a: Latios|Luster Purge|p1a: Lanturn\n|-damage|p1a: Lanturn|276/367\n|-unboost|p1a: Lanturn|spd|1\n|move|p1a: Lanturn|Scald|p2a: Latios\n|-resisted|p2a: Latios\n|-damage|p2a: Latios|66/100 brn\n|\n|-damage|p2a: Latios|60/100 brn|[from] brn\n|upkeep\n|turn|17\n|inactive|Time left: 300 sec this turn | 300 sec total\n|\n|t:|1783535468\n|switch|p1a: Comfey|Comfey, L85, M|225/225\n|-damage|p1a: Comfey|197/225|[from] Stealth Rock\n|move|p2a: Latios|Recover|p2a: Latios\n|-heal|p2a: Latios|100/100 brn\n|\n|-heal|p1a: Comfey|211/225|[from] item: Leftovers\n|-damage|p2a: Latios|95/100 brn|[from] brn\n|upkeep\n|turn|18\n|inactive|Time left: 300 sec this turn | 300 sec total\n|\n|t:|1783535469\n|switch|p2a: Orthworm|Orthworm, L88, M|100/100\n|move|p1a: Comfey|Calm Mind|p1a: Comfey\n|-boost|p1a: Comfey|spa|1\n|-boost|p1a: Comfey|spd|1\n|\n|-heal|p1a: Comfey|225/225|[from] item: Leftovers\n|upkeep\n|turn|19\n|inactive|Time left: 300 sec this turn | 300 sec total\n|\n|t:|1783535470\n|switch|p1a: Lanturn|Lanturn, L89, M|276/367\n|move|p2a: Orthworm|Heavy Slam|p1a: Lanturn\n|-resisted|p1a: Lanturn\n|-damage|p1a: Lanturn|256/367\n|\n|-sideend|p1: p0x190303f|Reflect\n|upkeep\n|turn|20\n|inactive|Time left: 300 sec this turn | 300 sec total\n|\n|t:|1783535471\n|switch|p2a: Latios|Latios, L78, M|95/100 brn\n|move|p1a: Lanturn|Scald|p2a: Latios\n|-resisted|p2a: Latios\n|-damage|p2a: Latios|82/100 brn\n|\n|-damage|p2a: Latios|76/100 brn|[from] brn\n|-sideend|p1: p0x190303f|move: Light Screen\n|upkeep\n|turn|21\n|inactive|Time left: 300 sec this turn | 300 sec total\n|\n|t:|1783535472\n|switch|p1a: Comfey|Comfey, L85, M|225/225\n|-damage|p1a: Comfey|197/225|[from] Stealth Rock\n|move|p2a: Latios|Luster Purge|p1a: Comfey\n|-damage|p1a: Comfey|83/225\n|\n|-heal|p1a: Comfey|97/225|[from] item: Leftovers\n|-damage|p2a: Latios|70/100 brn|[from] brn\n|upkeep\n|turn|22\n|inactive|Time left: 300 sec this turn | 300 sec total\n|\n|t:|1783535473\n|-terastallize|p2a: Latios|Steel\n|move|p1a: Comfey|Calm Mind|p1a: Comfey\n|-boost|p1a: Comfey|spa|1\n|-boost|p1a: Comfey|spd|1\n|move|p2a: Latios|Luster Purge|p1a: Comfey\n|-damage|p1a: Comfey|21/225\n|\n|-heal|p1a: Comfey|35/225|[from] item: Leftovers\n|-damage|p2a: Latios|64/100 brn|[from] brn\n|upkeep\n|turn|23\n|inactive|Time left: 300 sec this turn | 300 sec total\n|\n|t:|1783535474\n|move|p1a: Comfey|Giga Drain|p2a: Latios\n|-resisted|p2a: Latios\n|-damage|p2a: Latios|51/100 brn\n|-heal|p1a: Comfey|51/225|[from] drain|[of] p2a: Latios\n|move|p2a: Latios|Luster Purge|p1a: Comfey\n|-crit|p1a: Comfey\n|-damage|p1a: Comfey|0 fnt\n|faint|p1a: Comfey\n|\n|-damage|p2a: Latios|46/100 brn|[from] brn\n|upkeep\n|inactive|Time left: 300 sec this turn | 300 sec total | 5 sec grace\n|\n|t:|1783535475\n|switch|p1a: Lanturn|Lanturn, L89, M|256/367\n|turn|24\n|inactive|Time left: 300 sec this turn | 300 sec total\n|\n|t:|1783535476\n|move|p2a: Latios|Luster Purge|p1a: Lanturn\n|-damage|p1a: Lanturn|117/367\n|-unboost|p1a: Lanturn|spd|1\n|move|p1a: Lanturn|Scald|p2a: Latios\n|-damage|p2a: Latios|16/100 brn\n|\n|-damage|p2a: Latios|10/100 brn|[from] brn\n|upkeep\n|turn|25\n|inactive|Time left: 300 sec this turn | 300 sec total\n|\n|t:|1783535477\n|switch|p1a: Grimmsnarl|Grimmsnarl, L83, M|33/293\n|-damage|p1a: Grimmsnarl|0 fnt|[from] Stealth Rock\n|faint|p1a: Grimmsnarl\n|move|p2a: Latios|Luster Purge|p1: Grimmsnarl|[notarget]\n|-fail|p2a: Latios\n|\n|-damage|p2a: Latios|4/100 brn|[from] brn\n|upkeep\n|inactive|Time left: 300 sec this turn | 300 sec total | 5 sec grace\n|\n|t:|1783535478\n|switch|p1a: Lanturn|Lanturn, L89, M|117/367\n|turn|26\n|inactive|Time left: 300 sec this turn | 300 sec total\n|\n|t:|1783535479\n|move|p2a: Latios|Luster Purge|p1a: Lanturn\n|-damage|p1a: Lanturn|0 fnt\n|faint|p1a: Lanturn\n|\n|win|p0y190abb7", "uploadtime": 1783535479, "views": 0, "rating": 0, "private": 0, "password": null, "_winner": "p0y190abb7", "_our_name": "p0x190303f"}