{"id": "battle-gen9randombattle-1343", "formatid": "gen9randombattle", "format": "[Gen 9] Random Battle", "players": ["p0x1343e640", "p0y13432b50"], "log": "|init|battle\n|title|p0x1343e640 vs. p0y13432b50\n|j|\u2606p0x1343e640\n|j|\u2606p0y13432b50\n|t:|1783555606\n|gametype|singles\n|player|p1|p0x1343e640|169|\n|player|p2|p0y13432b50|1|\n|gen|9\n|tier|[Gen 9] Random Battle\n|rule|Species Clause: Limit one of each Pok\u00e9mon\n|rule|HP Percentage Mod: HP is shown in percentages\n|rule|Sleep Clause Mod: Limit one foe put to sleep\n|rule|Illusion Level Mod: Illusion disguises the Pok\u00e9mon's true level\n|\n|t:|1783555606\n|teamsize|p1|6\n|teamsize|p2|6\n|start\n|switch|p1a: Kingambit|Kingambit, L74, M|100/100\n|switch|p2a: Kyogre|Kyogre, L71|259/259\n|-weather|RainDance|[from] ability: Drizzle|[of] p2a: Kyogre\n|turn|1\n|inactive|Battle timer is ON: inactive players will automatically lose when time's up. (requested by p0y13432b50)\n|inactive|p0x1343e640 also wants the timer to be on.\n|\n|t:|1783555608\n|move|p1a: Kingambit|Sucker Punch|p2a: Kyogre\n|-damage|p2a: Kyogre|177/259\n|move|p2a: Kyogre|Water Spout|p1a: Kingambit\n|-damage|p1a: Kingambit|28/100\n|\n|-weather|RainDance|[upkeep]\n|-heal|p1a: Kingambit|34/100|[from] item: Leftovers\n|upkeep\n|turn|2\n|inactive|Time left: 300 sec this turn | 300 sec total\n|\n|t:|1783555609\n|move|p1a: Kingambit|Sucker Punch|p2a: Kyogre\n|-damage|p2a: Kyogre|90/259\n|move|p2a: Kyogre|Water Spout|p1a: Kingambit\n|-damage|p1a: Kingambit|0 fnt\n|faint|p1a: Kingambit\n|-end|p1a: Kingambit|fallenundefined|[silent]\n|\n|-weather|RainDance|[upkeep]\n|upkeep\n|\n|t:|1783555610\n|switch|p1a: Moltres|Moltres-Galar, L79|100/100\n|turn|3\n|inactive|Time left: 300 sec this turn | 300 sec total\n|\n|t:|1783555611\n|move|p2a: Kyogre|Water Spout|p1a: Moltres\n|-damage|p1a: Moltres|76/100\n|move|p1a: Moltres|Nasty Plot|p1a: Moltres\n|-boost|p1a: Moltres|spa|2\n|\n|-weather|RainDance|[upkeep]\n|upkeep\n|turn|4\n|inactive|Time left: 300 sec this turn | 300 sec total\n|\n|t:|1783555612\n|move|p2a: Kyogre|Water Spout|p1a: Moltres\n|-damage|p1a: Moltres|53/100\n|move|p1a: Moltres|Hurricane|p2a: Kyogre\n|-damage|p2a: Kyogre|0 fnt\n|faint|p2a: Kyogre\n|\n|-weather|RainDance|[upkeep]\n|upkeep\n|inactive|Time left: 300 sec this turn | 300 sec total | 5 sec grace\n|\n|t:|1783555613\n|switch|p2a: Raging Bolt|Raging Bolt, L78|323/323\n|-enditem|p2a: Raging Bolt|Booster Energy\n|-activate|p2a: Raging Bolt|ability: Protosynthesis|[fromitem]\n|-start|p2a: Raging Bolt|protosynthesisspa\n|turn|5\n|inactive|Time left: 300 sec this turn | 300 sec total\n|\n|t:|1783555614\n|move|p1a: Moltres|Fiery Wrath|p2a: Raging Bolt\n|-damage|p2a: Raging Bolt|124/323\n|move|p2a: Raging Bolt|Thunderbolt|p1a: Moltres\n|-supereffective|p1a: Moltres\n|-damage|p1a: Moltres|0 fnt\n|faint|p1a: Moltres\n|\n|-weather|none\n|upkeep\n|\n|t:|1783555615\n|switch|p1a: Rhyperior|Rhyperior, L82, F|100/100\n|turn|6\n|inactive|Time left: 300 sec this turn | 300 sec total\n|\n|t:|1783555616\n|move|p2a: Raging Bolt|Dragon Pulse|p1a: Rhyperior\n|-damage|p1a: Rhyperior|46/100\n|move|p1a: Rhyperior|Earthquake|p2a: Raging Bolt\n|-supereffective|p2a: Raging Bolt\n|-damage|p2a: Raging Bolt|0 fnt\n|faint|p2a: Raging Bolt\n|-end|p2a: Raging Bolt|Protosynthesis|[silent]\n|\n|upkeep\n|inactive|Time left: 300 sec this turn | 300 sec total | 5 sec grace\n|\n|t:|1783555617\n|switch|p2a: Porygon-Z|Porygon-Z, L83|277/277\n|-ability|p2a: Porygon-Z|Download|boost\n|-boost|p2a: Porygon-Z|spa|1\n|turn|7\n|inactive|Time left: 300 sec this turn | 300 sec total\n|\n|t:|1783555618\n|switch|p1a: Dialga|Dialga, L73|100/100\n|-ability|p1a: Dialga|Pressure\n|move|p2a: Porygon-Z|Shadow Ball|p1a: Dialga\n|-crit|p1a: Dialga\n|-damage|p1a: Dialga|55/100\n|\n|upkeep\n|turn|8\n|inactive|Time left: 300 sec this turn | 300 sec total\n|\n|t:|1783555619\n|move|p2a: Porygon-Z|Shadow Ball|p1a: Dialga\n|-damage|p1a: Dialga|29/100\n|move|p1a: Dialga|Dragon Tail|p2a: Porygon-Z\n|-damage|p2a: Porygon-Z|205/277\n|drag|p2a: Quagsire|Quagsire, L84, M|297/297\n|\n|upkeep\n|turn|9\n|inactive|Time left: 300 sec this turn | 300 sec total\n|\n|t:|1783555620\n|switch|p1a: Rhyperior|Rhyperior, L82, F|46/100\n|move|p2a: Quagsire|Earthquake|p1a: Rhyperior\n|-supereffective|p1a: Rhyperior\n|-damage|p1a: Rhyperior|12/100\n|-enditem|p1a: Rhyperior|Weakness Policy\n|-boost|p1a: Rhyperior|atk|2|[from] item: Weakness Policy\n|-boost|p1a: Rhyperior|spa|2|[from] item: Weakness Policy\n|\n|upkeep\n|turn|10\n|inactive|Time left: 300 sec this turn | 300 sec total\n|\n|t:|1783555621\n|move|p1a: Rhyperior|Earthquake|p2a: Quagsire\n|-damage|p2a: Quagsire|159/297\n|move|p2a: Quagsire|Earthquake|p1a: Rhyperior\n|-supereffective|p1a: Rhyperior\n|-damage|p1a: Rhyperior|0 fnt\n|faint|p1a: Rhyperior\n|\n|-heal|p2a: Quagsire|177/297|[from] item: Leftovers\n|upkeep\n|\n|t:|1783555622\n|switch|p1a: Arceus|Arceus-Flying, L69|100/100\n|turn|11\n|inactive|Time left: 300 sec this turn | 300 sec total\n|\n|t:|1783555623\n|move|p1a: Arceus|Calm Mind|p1a: Arceus\n|-boost|p1a: Arceus|spa|1\n|-boost|p1a: Arceus|spd|1\n|move|p2a: Quagsire|Toxic|p1a: Arceus\n|-status|p1a: Arceus|tox\n|\n|-heal|p2a: Quagsire|195/297|[from] item: Leftovers\n|-damage|p1a: Arceus|94/100 tox|[from] psn\n|upkeep\n|turn|12\n|inactive|Time left: 300 sec this turn | 300 sec total\n|\n|t:|1783555624\n|move|p1a: Arceus|Judgment|p2a: Quagsire\n|-damage|p2a: Quagsire|69/297\n|move|p2a: Quagsire|Recover|p2a: Quagsire\n|-heal|p2a: Quagsire|218/297\n|\n|-heal|p2a: Quagsire|236/297|[from] item: Leftovers\n|-damage|p1a: Arceus|82/100 tox|[from] psn\n|upkeep\n|turn|13\n|inactive|Time left: 300 sec this turn | 300 sec total\n|\n|t:|1783555625\n|move|p1a: Arceus|Calm Mind|p1a: Arceus\n|-boost|p1a: Arceus|spa|1\n|-boost|p1a: Arceus|spd|1\n|move|p2a: Quagsire|Recover|p2a: Quagsire\n|-heal|p2a: Quagsire|297/297\n|\n|-damage|p1a: Arceus|64/100 tox|[from] psn\n|upkeep\n|turn|14\n|inactive|Time left: 300 sec this turn | 300 sec total\n|\n|t:|1783555626\n|move|p1a: Arceus|Judgment|p2a: Quagsire\n|-damage|p2a: Quagsire|179/297\n|move|p2a: Quagsire|Spikes|p1a: Arceus\n|-sidestart|p1: p0x1343e640|Spikes\n|\n|-heal|p2a: Quagsire|197/297|[from] item: Leftovers\n|-damage|p1a: Arceus|40/100 tox|[from] psn\n|upkeep\n|turn|15\n|inactive|Time left: 300 sec this turn | 300 sec total\n|\n|t:|1783555627\n|move|p1a: Arceus|Recover|p1a: Arceus\n|-heal|p1a: Arceus|90/100 tox\n|move|p2a: Quagsire|Recover|p2a: Quagsire\n|-heal|p2a: Quagsire|297/297\n|\n|-damage|p1a: Arceus|59/100 tox|[from] psn\n|upkeep\n|turn|16\n|inactive|Time left: 300 sec this turn | 300 sec total\n|\n|t:|1783555628\n|move|p1a: Arceus|Recover|p1a: Arceus\n|-heal|p1a: Arceus|100/100 tox\n|move|p2a: Quagsire|Earthquake|p1a: Arceus\n|-immune|p1a: Arceus\n|\n|-damage|p1a: Arceus|64/100 tox|[from] psn\n|upkeep\n|turn|17\n|inactive|Time left: 300 sec this turn | 300 sec total\n|\n|t:|1783555629\n|move|p1a: Arceus|Recover|p1a: Arceus\n|-heal|p1a: Arceus|100/100 tox\n|move|p2a: Quagsire|Spikes|p1a: Arceus\n|-sidestart|p1: p0x1343e640|Spikes\n|\n|-damage|p1a: Arceus|58/100 tox|[from] psn\n|upkeep\n|turn|18\n|inactive|Time left: 300 sec this turn | 300 sec total\n|\n|t:|1783555631\n|move|p1a: Arceus|Judgment|p2a: Quagsire\n|-damage|p2a: Quagsire|170/297\n|move|p2a: Quagsire|Recover|p2a: Quagsire\n|-heal|p2a: Quagsire|297/297\n|\n|-damage|p1a: Arceus|9/100 tox|[from] psn\n|upkeep\n|turn|19\n|inactive|Time left: 300 sec this turn | 300 sec total\n|\n|t:|1783555632\n|move|p1a: Arceus|Judgment|p2a: Quagsire\n|-damage|p2a: Quagsire|165/297\n|move|p2a: Quagsire|Spikes|p1a: Arceus\n|-sidestart|p1: p0x1343e640|Spikes\n|\n|-heal|p2a: Quagsire|183/297|[from] item: Leftovers\n|-damage|p1a: Arceus|0 fnt|[from] psn\n|faint|p1a: Arceus\n|upkeep\n|\n|t:|1783555633\n|switch|p1a: Deoxys|Deoxys-Attack, L72|100/100\n|-damage|p1a: Deoxys|76/100|[from] Spikes\n|-ability|p1a: Deoxys|Pressure\n|turn|20\n|inactive|Time left: 300 sec this turn | 300 sec total\n|\n|t:|1783555634\n|move|p1a: Deoxys|Psycho Boost|p2a: Quagsire|[miss]\n|-miss|p1a: Deoxys|p2a: Quagsire\n|move|p2a: Quagsire|Earthquake|p1a: Deoxys\n|-damage|p1a: Deoxys|0 fnt\n|faint|p1a: Deoxys\n|\n|-heal|p2a: Quagsire|201/297|[from] item: Leftovers\n|upkeep\n|\n|t:|1783555634\n|switch|p1a: Dialga|Dialga, L73|29/100\n|-damage|p1a: Dialga|4/100|[from] Spikes\n|-ability|p1a: Dialga|Pressure\n|turn|21\n|inactive|Time left: 300 sec this turn | 300 sec total\n|\n|t:|1783555635\n|-terastallize|p1a: Dialga|Flying\n|move|p1a: Dialga|Heavy Slam|p2a: Quagsire\n|-resisted|p2a: Quagsire\n|-damage|p2a: Quagsire|137/297\n|move|p2a: Quagsire|Earthquake|p1a: Dialga\n|-immune|p1a: Dialga\n|\n|-heal|p2a: Quagsire|155/297|[from] item: Leftovers\n|upkeep\n|turn|22\n|inactive|Time left: 300 sec this turn | 300 sec total\n|\n|t:|1783555637\n|move|p1a: Dialga|Draco Meteor|p2a: Quagsire\n|-damage|p2a: Quagsire|0 fnt\n|-unboost|p1a: Dialga|spa|2\n|faint|p2a: Quagsire\n|\n|upkeep\n|inactive|Time left: 300 sec this turn | 300 sec total | 5 sec grace\n|\n|t:|1783555638\n|switch|p2a: Porygon-Z|Porygon-Z, L83|205/277\n|-ability|p2a: Porygon-Z|Download|boost\n|-boost|p2a: Porygon-Z|spa|1\n|turn|23\n|inactive|Time left: 300 sec this turn | 300 sec total\n|\n|t:|1783555639\n|move|p2a: Porygon-Z|Shadow Ball|p1a: Dialga\n|-damage|p1a: Dialga|0 fnt\n|faint|p1a: Dialga\n|\n|win|p0y13432b50", "uploadtime": 1783555639, "views": 0, "rating": 0, "private": 0, "password": null, "_winner": "p0y13432b50", "_our_name": "p0y13432b50"}