{"id": "battle-gen9randombattle-674", "formatid": "gen9randombattle", "format": "[Gen 9] Random Battle", "players": ["p0x67430b4", "p0y6741c0b"], "log": "|init|battle\n|title|p0x67430b4 vs. p0y6741c0b\n|j|\u2606p0x67430b4\n|j|\u2606p0y6741c0b\n|t:|1783547652\n|gametype|singles\n|player|p1|p0x67430b4|1|\n|player|p2|p0y6741c0b|102|\n|gen|9\n|tier|[Gen 9] Random Battle\n|rule|Species Clause: Limit one of each Pok\u00e9mon\n|rule|HP Percentage Mod: HP is shown in percentages\n|rule|Sleep Clause Mod: Limit one foe put to sleep\n|rule|Illusion Level Mod: Illusion disguises the Pok\u00e9mon's true level\n|\n|t:|1783547652\n|teamsize|p1|6\n|teamsize|p2|6\n|start\n|switch|p1a: Floatzel|Floatzel, L86, M|286/286\n|switch|p2a: Regidrago|Regidrago, L77|100/100\n|turn|1\n|inactive|Battle timer is ON: inactive players will automatically lose when time's up. (requested by p0x67430b4)\n|inactive|p0y6741c0b also wants the timer to be on.\n|\n|t:|1783547653\n|-terastallize|p2a: Regidrago|Dragon\n|move|p2a: Regidrago|Outrage|p1a: Floatzel\n|-damage|p1a: Floatzel|0 fnt\n|faint|p1a: Floatzel\n|\n|upkeep\n|inactive|Time left: 300 sec this turn | 300 sec total | 65 sec grace\n|\n|t:|1783547654\n|switch|p1a: Beartic|Beartic, L91, F|321/321\n|turn|2\n|inactive|Time left: 300 sec this turn | 300 sec total\n|\n|t:|1783547655\n|move|p2a: Regidrago|Outrage|p1a: Beartic|[from] lockedmove\n|-damage|p1a: Beartic|107/321\n|move|p1a: Beartic|Icicle Crash|p2a: Regidrago\n|-supereffective|p2a: Regidrago\n|-damage|p2a: Regidrago|0 fnt\n|faint|p2a: Regidrago\n|\n|upkeep\n|\n|t:|1783547656\n|switch|p2a: Reshiram|Reshiram, L76|100/100\n|-ability|p2a: Reshiram|Turboblaze\n|turn|3\n|inactive|Time left: 300 sec this turn | 300 sec total\n|\n|t:|1783547657\n|move|p2a: Reshiram|Outrage|p1a: Beartic\n|-damage|p1a: Beartic|0 fnt\n|faint|p1a: Beartic\n|\n|upkeep\n|inactive|Time left: 300 sec this turn | 300 sec total | 5 sec grace\n|\n|t:|1783547658\n|switch|p1a: Polteageist|Polteageist, L78|222/222\n|turn|4\n|inactive|Time left: 300 sec this turn | 300 sec total\n|\n|t:|1783547659\n|move|p2a: Reshiram|Outrage|p1a: Polteageist|[from] lockedmove\n|-damage|p1a: Polteageist|63/222\n|move|p1a: Polteageist|Strength Sap|p2a: Reshiram\n|-unboost|p2a: Reshiram|atk|1\n|-heal|p1a: Polteageist|222/222\n|\n|upkeep\n|turn|5\n|inactive|Time left: 300 sec this turn | 300 sec total\n|\n|t:|1783547660\n|move|p2a: Reshiram|Outrage|p1a: Polteageist|[from] lockedmove\n|-damage|p1a: Polteageist|107/222\n|-start|p2a: Reshiram|confusion|[fatigue]\n|move|p1a: Polteageist|Shell Smash|p1a: Polteageist\n|-unboost|p1a: Polteageist|def|1\n|-unboost|p1a: Polteageist|spd|1\n|-boost|p1a: Polteageist|atk|2\n|-boost|p1a: Polteageist|spa|2\n|-boost|p1a: Polteageist|spe|2\n|-enditem|p1a: Polteageist|White Herb\n|-clearnegativeboost|p1a: Polteageist|[silent]\n|\n|upkeep\n|turn|6\n|inactive|Time left: 300 sec this turn | 300 sec total\n|\n|t:|1783547661\n|move|p1a: Polteageist|Strength Sap|p2a: Reshiram\n|-unboost|p2a: Reshiram|atk|1\n|-heal|p1a: Polteageist|222/222\n|-activate|p2a: Reshiram|confusion\n|-damage|p2a: Reshiram|95/100|[from] confusion\n|\n|upkeep\n|turn|7\n|inactive|Time left: 300 sec this turn | 300 sec total\n|\n|t:|1783547662\n|switch|p2a: Garganacl|Garganacl, L80, F|100/100\n|move|p1a: Polteageist|Shadow Ball|p2a: Garganacl\n|-damage|p2a: Garganacl|64/100\n|\n|-heal|p2a: Garganacl|70/100|[from] item: Leftovers\n|upkeep\n|turn|8\n|inactive|Time left: 300 sec this turn | 300 sec total\n|\n|t:|1783547663\n|move|p1a: Polteageist|Stored Power|p2a: Garganacl\n|-damage|p2a: Garganacl|0 fnt\n|faint|p2a: Garganacl\n|\n|upkeep\n|\n|t:|1783547664\n|switch|p2a: Reshiram|Reshiram, L76|95/100\n|-ability|p2a: Reshiram|Turboblaze\n|turn|9\n|inactive|Time left: 300 sec this turn | 300 sec total\n|\n|t:|1783547666\n|move|p1a: Polteageist|Stored Power|p2a: Reshiram\n|-damage|p2a: Reshiram|30/100\n|move|p2a: Reshiram|Outrage|p1a: Polteageist\n|-damage|p1a: Polteageist|66/222\n|\n|upkeep\n|turn|10\n|inactive|Time left: 300 sec this turn | 300 sec total\n|\n|t:|1783547667\n|move|p1a: Polteageist|Shadow Ball|p2a: Reshiram\n|-damage|p2a: Reshiram|0 fnt\n|faint|p2a: Reshiram\n|\n|upkeep\n|\n|t:|1783547668\n|switch|p2a: Slowking|Slowking-Galar, L85, M|100/100\n|turn|11\n|inactive|Time left: 300 sec this turn | 300 sec total\n|\n|t:|1783547669\n|move|p1a: Polteageist|Strength Sap|p2a: Slowking\n|-unboost|p2a: Slowking|atk|1\n|-heal|p1a: Polteageist|181/222\n|move|p2a: Slowking|Psychic Noise|p1a: Polteageist\n|-damage|p1a: Polteageist|93/222\n|-start|p1a: Polteageist|move: Heal Block\n|\n|upkeep\n|turn|12\n|inactive|Time left: 300 sec this turn | 300 sec total\n|\n|t:|1783547670\n|move|p1a: Polteageist|Shadow Ball|p2a: Slowking\n|-supereffective|p2a: Slowking\n|-damage|p2a: Slowking|30/100\n|move|p2a: Slowking|Sludge Bomb|p1a: Polteageist\n|-resisted|p1a: Polteageist\n|-damage|p1a: Polteageist|42/222\n|\n|-end|p1a: Polteageist|move: Heal Block\n|upkeep\n|turn|13\n|inactive|Time left: 300 sec this turn | 300 sec total\n|\n|t:|1783547671\n|move|p1a: Polteageist|Strength Sap|p2a: Slowking\n|-unboost|p2a: Slowking|atk|1\n|-heal|p1a: Polteageist|118/222\n|move|p2a: Slowking|Surf|p1a: Polteageist\n|-damage|p1a: Polteageist|53/222\n|\n|upkeep\n|turn|14\n|inactive|Time left: 300 sec this turn | 300 sec total\n|\n|t:|1783547672\n|move|p1a: Polteageist|Shadow Ball|p2a: Slowking\n|-supereffective|p2a: Slowking\n|-damage|p2a: Slowking|0 fnt\n|faint|p2a: Slowking\n|\n|upkeep\n|\n|t:|1783547673\n|switch|p2a: Toedscruel|Toedscruel, L87, M|100/100\n|turn|15\n|inactive|Time left: 300 sec this turn | 300 sec total\n|\n|t:|1783547674\n|move|p1a: Polteageist|Strength Sap|p2a: Toedscruel\n|-unboost|p2a: Toedscruel|atk|1\n|-heal|p1a: Polteageist|222/222\n|move|p2a: Toedscruel|Earth Power|p1a: Polteageist\n|-damage|p1a: Polteageist|143/222\n|-start|p2a: Toedscruel|Disable|Earth Power|[from] ability: Cursed Body|[of] p1a: Polteageist\n|\n|upkeep\n|turn|16\n|inactive|Time left: 300 sec this turn | 300 sec total\n|\n|t:|1783547674\n|move|p1a: Polteageist|Shell Smash|p1a: Polteageist\n|-unboost|p1a: Polteageist|def|1\n|-unboost|p1a: Polteageist|spd|1\n|-boost|p1a: Polteageist|atk|2\n|-boost|p1a: Polteageist|spa|2\n|-boost|p1a: Polteageist|spe|2\n|move|p2a: Toedscruel|Toxic|p1a: Polteageist\n|-status|p1a: Polteageist|tox\n|\n|-damage|p1a: Polteageist|130/222 tox|[from] psn\n|upkeep\n|turn|17\n|inactive|Time left: 300 sec this turn | 300 sec total\n|\n|t:|1783547675\n|move|p1a: Polteageist|Stored Power|p2a: Toedscruel\n|-damage|p2a: Toedscruel|0 fnt\n|faint|p2a: Toedscruel\n|\n|-damage|p1a: Polteageist|104/222 tox|[from] psn\n|upkeep\n|\n|t:|1783547676\n|switch|p2a: Yanmega|Yanmega, L82, M|100/100\n|turn|18\n|inactive|Time left: 300 sec this turn | 300 sec total\n|\n|t:|1783547676\n|-terastallize|p1a: Polteageist|Dark\n|move|p1a: Polteageist|Stored Power|p2a: Yanmega\n|-damage|p2a: Yanmega|0 fnt\n|faint|p2a: Yanmega\n|\n|win|p0x67430b4", "uploadtime": 1783547676, "views": 0, "rating": 0, "private": 0, "password": null, "_winner": "p0x67430b4", "_our_name": "p0x67430b4"}