{"id": "battle-gen9randombattle-22", "formatid": "gen9randombattle", "format": "[Gen 9] Random Battle", "players": ["p0x02286dc", "p0y022a948"], "log": "|init|battle\n|title|p0x02286dc vs. p0y022a948\n|j|\u2606p0x02286dc\n|j|\u2606p0y022a948\n|t:|1783534067\n|gametype|singles\n|player|p1|p0x02286dc|170|\n|player|p2|p0y022a948|266|\n|gen|9\n|tier|[Gen 9] Random Battle\n|rule|Species Clause: Limit one of each Pok\u00e9mon\n|rule|HP Percentage Mod: HP is shown in percentages\n|rule|Sleep Clause Mod: Limit one foe put to sleep\n|rule|Illusion Level Mod: Illusion disguises the Pok\u00e9mon's true level\n|\n|t:|1783534067\n|teamsize|p1|6\n|teamsize|p2|6\n|start\n|switch|p1a: Gholdengo|Gholdengo, L77|261/261\n|switch|p2a: Vileplume|Vileplume, L85, F|100/100\n|turn|1\n|inactive|Battle timer is ON: inactive players will automatically lose when time's up. (requested by p0y022a948)\n|inactive|Time left: 300 sec this turn | 300 sec total | 60 sec grace\n|inactive|p0x02286dc also wants the timer to be on.\n|\n|t:|1783534068\n|move|p1a: Gholdengo|Nasty Plot|p1a: Gholdengo\n|-boost|p1a: Gholdengo|spa|2\n|move|p2a: Vileplume|Giga Drain|p1a: Gholdengo\n|-resisted|p1a: Gholdengo\n|-damage|p1a: Gholdengo|216/261\n|\n|-heal|p1a: Gholdengo|232/261|[from] item: Leftovers\n|upkeep\n|turn|2\n|inactive|Time left: 300 sec this turn | 300 sec total\n|\n|t:|1783534069\n|move|p1a: Gholdengo|Make It Rain|p2a: Vileplume\n|-damage|p2a: Vileplume|0 fnt\n|-unboost|p1a: Gholdengo|spa|1\n|faint|p2a: Vileplume\n|\n|-heal|p1a: Gholdengo|248/261|[from] item: Leftovers\n|upkeep\n|\n|t:|1783534070\n|switch|p2a: Talonflame|Talonflame, L83, F|100/100\n|turn|3\n|inactive|Time left: 300 sec this turn | 300 sec total\n|\n|t:|1783534071\n|move|p2a: Talonflame|Overheat|p1a: Gholdengo\n|-supereffective|p1a: Gholdengo\n|-damage|p1a: Gholdengo|0 fnt\n|-unboost|p2a: Talonflame|spa|2\n|faint|p1a: Gholdengo\n|\n|upkeep\n|inactive|Time left: 300 sec this turn | 300 sec total | 5 sec grace\n|\n|t:|1783534072\n|switch|p1a: Gumshoos|Gumshoos, L95, M|321/321\n|turn|4\n|inactive|Time left: 300 sec this turn | 300 sec total\n|\n|t:|1783534073\n|move|p2a: Talonflame|Will-O-Wisp|p1a: Gumshoos|[miss]\n|-miss|p2a: Talonflame|p1a: Gumshoos\n|move|p1a: Gumshoos|Double-Edge|p2a: Talonflame\n|-damage|p2a: Talonflame|0 fnt\n|faint|p2a: Talonflame\n|-damage|p1a: Gumshoos|234/321|[from] Recoil\n|\n|upkeep\n|\n|t:|1783534074\n|switch|p2a: Rillaboom|Rillaboom, L79, M|100/100\n|-fieldstart|move: Grassy Terrain|[from] ability: Grassy Surge|[of] p2a: Rillaboom\n|turn|5\n|inactive|Time left: 300 sec this turn | 300 sec total\n|\n|t:|1783534075\n|move|p2a: Rillaboom|Wood Hammer|p1a: Gumshoos\n|-damage|p1a: Gumshoos|0 fnt\n|faint|p1a: Gumshoos\n|-damage|p2a: Rillaboom|74/100|[from] Recoil\n|-damage|p2a: Rillaboom|64/100|[from] item: Life Orb\n|\n|-heal|p2a: Rillaboom|70/100|[from] Grassy Terrain\n|upkeep\n|inactive|Time left: 300 sec this turn | 300 sec total | 5 sec grace\n|\n|t:|1783534076\n|switch|p1a: Latios|Latios, L78, M|253/253\n|turn|6\n|inactive|Time left: 300 sec this turn | 300 sec total\n|\n|t:|1783534077\n|switch|p2a: Forretress|Forretress, L84, M|100/100\n|move|p1a: Latios|Luster Purge|p2a: Forretress\n|-resisted|p2a: Forretress\n|-damage|p2a: Forretress|57/100\n|-unboost|p2a: Forretress|spd|1\n|\n|-heal|p2a: Forretress|63/100|[from] Grassy Terrain\n|-heal|p2a: Forretress|69/100|[from] item: Leftovers\n|upkeep\n|turn|7\n|inactive|Time left: 300 sec this turn | 300 sec total\n|\n|t:|1783534078\n|switch|p2a: Latias|Latias, L79, F|100/100\n|move|p1a: Latios|Luster Purge|p2a: Latias\n|-resisted|p2a: Latias\n|-damage|p2a: Latias|77/100\n|-unboost|p2a: Latias|spd|1\n|\n|upkeep\n|turn|8\n|inactive|Time left: 300 sec this turn | 300 sec total\n|\n|t:|1783534079\n|switch|p1a: Ceruledge|Ceruledge, L78, F|245/245\n|move|p2a: Latias|Calm Mind|p2a: Latias\n|-boost|p2a: Latias|spa|1\n|-boost|p2a: Latias|spd|1\n|\n|upkeep\n|turn|9\n|inactive|Time left: 300 sec this turn | 300 sec total\n|\n|t:|1783534080\n|move|p2a: Latias|Draco Meteor|p1a: Ceruledge\n|-damage|p1a: Ceruledge|16/245\n|-unboost|p2a: Latias|spa|2\n|move|p1a: Ceruledge|Poltergeist|p2a: Latias\n|-activate|p2a: Latias|move: Poltergeist|Soul Dew\n|-supereffective|p2a: Latias\n|-damage|p2a: Latias|0 fnt\n|faint|p2a: Latias\n|\n|-heal|p1a: Ceruledge|31/245|[from] Grassy Terrain\n|-fieldend|move: Grassy Terrain\n|upkeep\n|\n|t:|1783534081\n|switch|p2a: Rillaboom|Rillaboom, L79, M|70/100\n|-fieldstart|move: Grassy Terrain|[from] ability: Grassy Surge|[of] p2a: Rillaboom\n|turn|10\n|inactive|Time left: 300 sec this turn | 300 sec total\n|\n|t:|1783534082\n|switch|p1a: Bombirdier|Bombirdier, L85, F|258/258\n|move|p2a: Rillaboom|Grassy Glide|p1a: Bombirdier\n|-resisted|p1a: Bombirdier\n|-damage|p1a: Bombirdier|205/258\n|-damage|p2a: Rillaboom|61/100|[from] item: Life Orb\n|\n|-heal|p2a: Rillaboom|67/100|[from] Grassy Terrain\n|upkeep\n|turn|11\n|inactive|Time left: 300 sec this turn | 300 sec total\n|\n|t:|1783534083\n|switch|p2a: Forretress|Forretress, L84, M|69/100\n|move|p1a: Bombirdier|Brave Bird|p2a: Forretress\n|-damage|p2a: Forretress|32/100\n|-damage|p1a: Bombirdier|173/258|[from] Recoil\n|\n|-heal|p2a: Forretress|39/100|[from] Grassy Terrain\n|-heal|p2a: Forretress|45/100|[from] item: Leftovers\n|upkeep\n|turn|12\n|inactive|Time left: 300 sec this turn | 300 sec total\n|\n|t:|1783534084\n|move|p1a: Bombirdier|Knock Off|p2a: Forretress\n|-damage|p2a: Forretress|17/100\n|-enditem|p2a: Forretress|Leftovers|[from] move: Knock Off|[of] p1a: Bombirdier\n|move|p2a: Forretress|Iron Head|p1a: Bombirdier\n|-damage|p1a: Bombirdier|89/258\n|\n|-heal|p2a: Forretress|23/100|[from] Grassy Terrain\n|upkeep\n|turn|13\n|inactive|Time left: 300 sec this turn | 300 sec total\n|\n|t:|1783534085\n|move|p1a: Bombirdier|Brave Bird|p2a: Forretress\n|-damage|p2a: Forretress|0 fnt\n|faint|p2a: Forretress\n|-damage|p1a: Bombirdier|70/258|[from] Recoil\n|\n|upkeep\n|\n|t:|1783534086\n|switch|p2a: Tauros|Tauros, L82, M|100/100\n|turn|14\n|inactive|Time left: 300 sec this turn | 300 sec total\n|\n|t:|1783534087\n|switch|p1a: Ceruledge|Ceruledge, L78, F|31/245\n|move|p2a: Tauros|Body Slam|p1a: Ceruledge\n|-immune|p1a: Ceruledge\n|\n|-heal|p1a: Ceruledge|46/245|[from] Grassy Terrain\n|-fieldend|move: Grassy Terrain\n|upkeep\n|turn|15\n|inactive|Time left: 300 sec this turn | 300 sec total\n|\n|t:|1783534088\n|move|p2a: Tauros|Throat Chop|p1a: Ceruledge\n|-supereffective|p1a: Ceruledge\n|-damage|p1a: Ceruledge|0 fnt\n|faint|p1a: Ceruledge\n|\n|upkeep\n|inactive|Time left: 300 sec this turn | 300 sec total | 5 sec grace\n|\n|t:|1783534089\n|switch|p1a: Latios|Latios, L78, M|253/253\n|turn|16\n|inactive|Time left: 300 sec this turn | 300 sec total\n|\n|t:|1783534090\n|move|p2a: Tauros|Throat Chop|p1a: Latios\n|-supereffective|p1a: Latios\n|-damage|p1a: Latios|22/253\n|move|p1a: Latios|Draco Meteor|p2a: Tauros\n|-damage|p2a: Tauros|0 fnt\n|-unboost|p1a: Latios|spa|2\n|faint|p2a: Tauros\n|\n|upkeep\n|\n|t:|1783534091\n|switch|p2a: Rillaboom|Rillaboom, L79, M|67/100\n|-fieldstart|move: Grassy Terrain|[from] ability: Grassy Surge|[of] p2a: Rillaboom\n|turn|17\n|inactive|Time left: 300 sec this turn | 300 sec total\n|\n|t:|1783534092\n|move|p1a: Latios|Draco Meteor|p2a: Rillaboom|[miss]\n|-miss|p1a: Latios|p2a: Rillaboom\n|move|p2a: Rillaboom|Swords Dance|p2a: Rillaboom\n|-boost|p2a: Rillaboom|atk|2\n|\n|-heal|p2a: Rillaboom|73/100|[from] Grassy Terrain\n|upkeep\n|turn|18\n|inactive|Time left: 300 sec this turn | 300 sec total\n|\n|t:|1783534093\n|switch|p1a: Eelektross|Eelektross, L87, M|290/290\n|move|p2a: Rillaboom|Grassy Glide|p1a: Eelektross\n|-damage|p1a: Eelektross|76/290\n|-damage|p2a: Rillaboom|63/100|[from] item: Life Orb\n|\n|-heal|p2a: Rillaboom|70/100|[from] Grassy Terrain\n|upkeep\n|turn|19\n|inactive|Time left: 300 sec this turn | 300 sec total\n|\n|t:|1783534093\n|move|p2a: Rillaboom|Grassy Glide|p1a: Eelektross\n|-damage|p1a: Eelektross|0 fnt\n|faint|p1a: Eelektross\n|-damage|p2a: Rillaboom|60/100|[from] item: Life Orb\n|\n|-heal|p2a: Rillaboom|66/100|[from] Grassy Terrain\n|upkeep\n|inactive|Time left: 300 sec this turn | 300 sec total | 5 sec grace\n|\n|t:|1783534094\n|switch|p1a: Bombirdier|Bombirdier, L85, F|70/258\n|turn|20\n|inactive|Time left: 300 sec this turn | 300 sec total\n|\n|t:|1783534095\n|-terastallize|p1a: Bombirdier|Dark\n|-terastallize|p2a: Rillaboom|Grass\n|move|p2a: Rillaboom|Grassy Glide|p1a: Bombirdier\n|-damage|p1a: Bombirdier|0 fnt\n|faint|p1a: Bombirdier\n|-damage|p2a: Rillaboom|56/100|[from] item: Life Orb\n|\n|-heal|p2a: Rillaboom|63/100|[from] Grassy Terrain\n|upkeep\n|inactive|Time left: 300 sec this turn | 300 sec total | 5 sec grace\n|\n|t:|1783534096\n|switch|p1a: Latios|Latios, L78, M|22/253\n|turn|21\n|inactive|Time left: 300 sec this turn | 300 sec total\n|\n|t:|1783534097\n|move|p2a: Rillaboom|Grassy Glide|p1a: Latios\n|-resisted|p1a: Latios\n|-damage|p1a: Latios|0 fnt\n|faint|p1a: Latios\n|-damage|p2a: Rillaboom|53/100|[from] item: Life Orb\n|\n|win|p0y022a948", "uploadtime": 1783534097, "views": 0, "rating": 0, "private": 0, "password": null, "_winner": "p0y022a948", "_our_name": "p0x02286dc"}