{"id": "battle-gen9randombattle-1831", "formatid": "gen9randombattle", "format": "[Gen 9] Random Battle", "players": ["p0x18316722", "p0y1831f1de"], "log": "|init|battle\n|title|p0x18316722 vs. p0y1831f1de\n|j|\u2606p0x18316722\n|j|\u2606p0y1831f1de\n|t:|1783560456\n|gametype|singles\n|player|p1|p0x18316722|101|\n|player|p2|p0y1831f1de|101|\n|gen|9\n|tier|[Gen 9] Random Battle\n|rule|Species Clause: Limit one of each Pok\u00e9mon\n|rule|HP Percentage Mod: HP is shown in percentages\n|rule|Sleep Clause Mod: Limit one foe put to sleep\n|rule|Illusion Level Mod: Illusion disguises the Pok\u00e9mon's true level\n|\n|t:|1783560456\n|teamsize|p1|6\n|teamsize|p2|6\n|start\n|switch|p1a: Ambipom|Ambipom, L84, F|263/263\n|switch|p2a: Dragalge|Dragalge, L88, M|100/100\n|turn|1\n|inactive|Battle timer is ON: inactive players will automatically lose when time's up. (requested by p0x18316722)\n|inactive|p0y1831f1de also wants the timer to be on.\n|\n|t:|1783560457\n|move|p1a: Ambipom|Triple Axel|p2a: Dragalge\n|-supereffective|p2a: Dragalge\n|-damage|p2a: Dragalge|78/100\n|-supereffective|p2a: Dragalge\n|-damage|p2a: Dragalge|28/100\n|-supereffective|p2a: Dragalge\n|-damage|p2a: Dragalge|0 fnt\n|faint|p2a: Dragalge\n|-hitcount|p2: Dragalge|3\n|\n|upkeep\n|\n|t:|1783560458\n|switch|p2a: Swalot|Swalot, L90, M|100/100\n|turn|2\n|inactive|Time left: 300 sec this turn | 300 sec total\n|\n|t:|1783560460\n|move|p1a: Ambipom|Triple Axel|p2a: Swalot\n|-damage|p2a: Swalot|90/100\n|-damage|p2a: Swalot|71/100\n|-damage|p2a: Swalot|42/100\n|-hitcount|p2a: Swalot|3\n|move|p2a: Swalot|Knock Off|p1a: Ambipom\n|-damage|p1a: Ambipom|187/263\n|-enditem|p1a: Ambipom|Choice Band|[from] move: Knock Off|[of] p2a: Swalot\n|\n|-heal|p2a: Swalot|48/100|[from] item: Leftovers\n|upkeep\n|turn|3\n|inactive|Time left: 300 sec this turn | 300 sec total\n|\n|t:|1783560461\n|move|p1a: Ambipom|Triple Axel|p2a: Swalot\n|-damage|p2a: Swalot|41/100\n|-damage|p2a: Swalot|27/100\n|-damage|p2a: Swalot|8/100\n|-hitcount|p2a: Swalot|3\n|move|p2a: Swalot|Sludge Bomb|p1a: Ambipom\n|-damage|p1a: Ambipom|84/263\n|-status|p1a: Ambipom|psn\n|\n|-heal|p2a: Swalot|14/100|[from] item: Leftovers\n|-damage|p1a: Ambipom|52/263 psn|[from] psn\n|upkeep\n|turn|4\n|inactive|Time left: 300 sec this turn | 300 sec total\n|\n|t:|1783560462\n|move|p1a: Ambipom|Triple Axel|p2a: Swalot\n|-crit|p2a: Swalot\n|-damage|p2a: Swalot|4/100\n|-damage|p2a: Swalot|0 fnt\n|faint|p2a: Swalot\n|-hitcount|p2: Swalot|2\n|\n|-damage|p1a: Ambipom|20/263 psn|[from] psn\n|upkeep\n|\n|t:|1783560463\n|switch|p2a: Dragapult|Dragapult, L77, F|100/100\n|turn|5\n|inactive|Time left: 300 sec this turn | 300 sec total\n|\n|t:|1783560464\n|move|p2a: Dragapult|Dragon Darts|p1a: Ambipom\n|-damage|p1a: Ambipom|0 fnt\n|faint|p1a: Ambipom\n|-damage|p2a: Dragapult|91/100|[from] item: Life Orb\n|\n|upkeep\n|inactive|Time left: 300 sec this turn | 300 sec total | 5 sec grace\n|\n|t:|1783560465\n|switch|p1a: Revavroom|Revavroom, L79, M|256/256\n|turn|6\n|inactive|Time left: 300 sec this turn | 300 sec total\n|\n|t:|1783560467\n|move|p2a: Dragapult|Fire Blast|p1a: Revavroom|[miss]\n|-miss|p2a: Dragapult|p1a: Revavroom\n|move|p1a: Revavroom|Shift Gear|p1a: Revavroom\n|-boost|p1a: Revavroom|spe|2\n|-boost|p1a: Revavroom|atk|1\n|\n|upkeep\n|turn|7\n|inactive|Time left: 300 sec this turn | 300 sec total\n|\n|t:|1783560468\n|move|p1a: Revavroom|Iron Head|p2a: Dragapult\n|-damage|p2a: Dragapult|16/100\n|-damage|p1a: Revavroom|231/256|[from] item: Life Orb\n|move|p2a: Dragapult|Fire Blast|p1a: Revavroom\n|-supereffective|p1a: Revavroom\n|-damage|p1a: Revavroom|67/256\n|-status|p1a: Revavroom|brn\n|-damage|p2a: Dragapult|6/100|[from] item: Life Orb\n|\n|-damage|p1a: Revavroom|51/256 brn|[from] brn\n|upkeep\n|turn|8\n|inactive|Time left: 300 sec this turn | 300 sec total\n|\n|t:|1783560469\n|switch|p2a: Sandy Shocks|Sandy Shocks, L80|100/100\n|move|p1a: Revavroom|Gunk Shot|p2a: Sandy Shocks\n|-resisted|p2a: Sandy Shocks\n|-damage|p2a: Sandy Shocks|76/100\n|-damage|p1a: Revavroom|26/256 brn|[from] item: Life Orb\n|\n|-damage|p1a: Revavroom|10/256 brn|[from] brn\n|upkeep\n|turn|9\n|inactive|Time left: 300 sec this turn | 300 sec total\n|\n|t:|1783560470\n|move|p1a: Revavroom|Gunk Shot|p2a: Sandy Shocks\n|-resisted|p2a: Sandy Shocks\n|-damage|p2a: Sandy Shocks|54/100\n|-damage|p1a: Revavroom|0 fnt|[from] item: Life Orb\n|faint|p1a: Revavroom\n|move|p2a: Sandy Shocks|Stealth Rock|p1: Revavroom\n|-sidestart|p1: p0x18316722|move: Stealth Rock\n|\n|upkeep\n|inactive|Time left: 300 sec this turn | 300 sec total | 5 sec grace\n|\n|t:|1783560471\n|switch|p1a: Dudunsparce|Dudunsparce, L83, M|343/343\n|-damage|p1a: Dudunsparce|301/343|[from] Stealth Rock\n|turn|10\n|inactive|Time left: 300 sec this turn | 300 sec total\n|\n|t:|1783560473\n|move|p2a: Sandy Shocks|Volt Switch|p1a: Dudunsparce\n|-damage|p1a: Dudunsparce|210/343\n|\n|t:|1783560474\n|-end|p2a: Sandy Shocks|Protosynthesis|[silent]\n|switch|p2a: Gallade|Gallade, L80, M|100/100|[from] Volt Switch\n|move|p1a: Dudunsparce|Earthquake|p2a: Gallade\n|-damage|p2a: Gallade|61/100\n|\n|-heal|p1a: Dudunsparce|231/343|[from] item: Leftovers\n|upkeep\n|turn|11\n|inactive|Time left: 300 sec this turn | 300 sec total\n|\n|t:|1783560475\n|move|p2a: Gallade|Sacred Sword|p1a: Dudunsparce\n|-supereffective|p1a: Dudunsparce\n|-damage|p1a: Dudunsparce|0 fnt\n|faint|p1a: Dudunsparce\n|-damage|p2a: Gallade|51/100|[from] item: Life Orb\n|\n|upkeep\n|inactive|Time left: 300 sec this turn | 300 sec total | 5 sec grace\n|\n|t:|1783560476\n|switch|p1a: Azelf|Azelf, L82|257/257\n|-damage|p1a: Azelf|225/257|[from] Stealth Rock\n|turn|12\n|inactive|Time left: 300 sec this turn | 300 sec total\n|\n|t:|1783560477\n|switch|p2a: Espeon|Espeon, L84, M|100/100\n|move|p1a: Azelf|Dazzling Gleam|p2a: Espeon\n|-damage|p2a: Espeon|67/100\n|-damage|p1a: Azelf|200/257|[from] item: Life Orb\n|\n|upkeep\n|turn|13\n|inactive|Time left: 300 sec this turn | 300 sec total\n|\n|t:|1783560478\n|-terastallize|p1a: Azelf|Fire\n|move|p1a: Azelf|Fire Blast|p2a: Espeon\n|-damage|p2a: Espeon|0 fnt\n|faint|p2a: Espeon\n|-damage|p1a: Azelf|175/257|[from] item: Life Orb\n|\n|upkeep\n|\n|t:|1783560479\n|switch|p2a: Dragapult|Dragapult, L77, F|6/100\n|turn|14\n|inactive|Time left: 300 sec this turn | 300 sec total\n|\n|t:|1783560480\n|move|p2a: Dragapult|Dragon Darts|p1a: Azelf\n|-damage|p1a: Azelf|92/257\n|-anim|p2a: Dragapult|Dragon Darts|p1a: Azelf\n|-damage|p1a: Azelf|10/257\n|-damage|p2a: Dragapult|0 fnt|[from] item: Life Orb\n|faint|p2a: Dragapult\n|move|p1a: Azelf|Nasty Plot|p1a: Azelf\n|-boost|p1a: Azelf|spa|2\n|\n|upkeep\n|\n|t:|1783560481\n|switch|p2a: Gallade|Gallade, L80, M|51/100\n|turn|15\n|inactive|Time left: 300 sec this turn | 300 sec total\n|\n|t:|1783560482\n|move|p1a: Azelf|Dazzling Gleam|p2a: Gallade\n|-supereffective|p2a: Gallade\n|-damage|p2a: Gallade|0 fnt\n|faint|p2a: Gallade\n|-damage|p1a: Azelf|0 fnt|[from] item: Life Orb\n|faint|p1a: Azelf\n|\n|upkeep\n|inactive|Time left: 300 sec this turn | 300 sec total | 5 sec grace\n|\n|t:|1783560483\n|switch|p1a: Empoleon|Empoleon, L84, F|278/278\n|switch|p2a: Sandy Shocks|Sandy Shocks, L80|54/100\n|-damage|p1a: Empoleon|261/278|[from] Stealth Rock\n|turn|16\n|inactive|Time left: 300 sec this turn | 300 sec total\n|\n|t:|1783560484\n|move|p2a: Sandy Shocks|Thunderbolt|p1a: Empoleon\n|-supereffective|p1a: Empoleon\n|-damage|p1a: Empoleon|81/278\n|move|p1a: Empoleon|Surf|p2a: Sandy Shocks\n|-supereffective|p2a: Sandy Shocks\n|-damage|p2a: Sandy Shocks|0 fnt\n|faint|p2a: Sandy Shocks\n|-end|p2a: Sandy Shocks|Protosynthesis|[silent]\n|\n|win|p0x18316722", "uploadtime": 1783560484, "views": 0, "rating": 0, "private": 0, "password": null, "_winner": "p0x18316722", "_our_name": "p0x18316722"}