{"id": "battle-gen9randombattle-2488", "formatid": "gen9randombattle", "format": "[Gen 9] Random Battle", "players": ["p0x2488a56f", "p0y24880149"], "log": "|init|battle\n|title|p0x2488a56f vs. p0y24880149\n|j|\u2606p0x2488a56f\n|j|\u2606p0y24880149\n|t:|1783568847\n|gametype|singles\n|player|p1|p0x2488a56f|1|\n|player|p2|p0y24880149|2|\n|gen|9\n|tier|[Gen 9] Random Battle\n|rule|Species Clause: Limit one of each Pok\u00e9mon\n|rule|HP Percentage Mod: HP is shown in percentages\n|rule|Sleep Clause Mod: Limit one foe put to sleep\n|rule|Illusion Level Mod: Illusion disguises the Pok\u00e9mon's true level\n|\n|t:|1783568847\n|teamsize|p1|6\n|teamsize|p2|6\n|start\n|switch|p1a: Cloyster|Cloyster, L80, F|100/100\n|switch|p2a: Klawf|Klawf, L90, M|272/272\n|turn|1\n|inactive|Battle timer is ON: inactive players will automatically lose when time's up. (requested by p0y24880149)\n|inactive|p0x2488a56f also wants the timer to be on.\n|\n|t:|1783568848\n|move|p2a: Klawf|Stone Edge|p1a: Cloyster\n|-supereffective|p1a: Cloyster\n|-crit|p1a: Cloyster\n|-damage|p1a: Cloyster|0 fnt\n|faint|p1a: Cloyster\n|\n|upkeep\n|\n|t:|1783568849\n|switch|p1a: Ludicolo|Ludicolo, L90, F|100/100\n|turn|2\n|inactive|Time left: 300 sec this turn | 300 sec total\n|\n|t:|1783568850\n|switch|p2a: Tentacruel|Tentacruel, L84, F|272/272\n|move|p1a: Ludicolo|Hydro Pump|p2a: Tentacruel\n|-resisted|p2a: Tentacruel\n|-damage|p2a: Tentacruel|196/272\n|\n|-heal|p2a: Tentacruel|213/272|[from] item: Leftovers\n|upkeep\n|turn|3\n|inactive|Time left: 300 sec this turn | 300 sec total\n|\n|t:|1783568851\n|switch|p1a: Heracross|Heracross, L80, M|100/100\n|move|p2a: Tentacruel|Sludge Bomb|p1a: Heracross\n|-damage|p1a: Heracross|69/100\n|-status|p1a: Heracross|psn\n|\n|-heal|p2a: Tentacruel|230/272|[from] item: Leftovers\n|-damage|p1a: Heracross|57/100 psn|[from] psn\n|upkeep\n|turn|4\n|inactive|Time left: 300 sec this turn | 300 sec total\n|\n|t:|1783568853\n|move|p2a: Tentacruel|Rapid Spin|p1a: Heracross\n|-damage|p1a: Heracross|43/100 psn\n|-boost|p2a: Tentacruel|spe|1\n|move|p1a: Heracross|Facade|p2a: Tentacruel\n|-damage|p2a: Tentacruel|21/272\n|\n|-heal|p2a: Tentacruel|38/272|[from] item: Leftovers\n|-damage|p1a: Heracross|31/100 psn|[from] psn\n|upkeep\n|turn|5\n|inactive|Time left: 300 sec this turn | 300 sec total\n|\n|t:|1783568854\n|switch|p1a: Meganium|Meganium, L90, M|100/100\n|move|p2a: Tentacruel|Surf|p1a: Meganium\n|-resisted|p1a: Meganium\n|-damage|p1a: Meganium|89/100\n|\n|-heal|p2a: Tentacruel|55/272|[from] item: Leftovers\n|-heal|p1a: Meganium|95/100|[from] item: Leftovers\n|upkeep\n|turn|6\n|inactive|Time left: 300 sec this turn | 300 sec total\n|\n|t:|1783568855\n|move|p2a: Tentacruel|Sludge Bomb|p1a: Meganium\n|-supereffective|p1a: Meganium\n|-damage|p1a: Meganium|49/100\n|move|p1a: Meganium|Knock Off|p2a: Tentacruel\n|-damage|p2a: Tentacruel|0 fnt\n|-enditem|p2a: Tentacruel|Leftovers|[from] move: Knock Off|[of] p1a: Meganium\n|faint|p2a: Tentacruel\n|\n|-heal|p1a: Meganium|55/100|[from] item: Leftovers\n|upkeep\n|inactive|Time left: 300 sec this turn | 300 sec total | 5 sec grace\n|\n|t:|1783568856\n|switch|p2a: Honchkrow|Honchkrow, L86, F|312/312\n|turn|7\n|inactive|Time left: 300 sec this turn | 300 sec total\n|\n|t:|1783568858\n|switch|p1a: Entei|Entei, L78|100/100\n|move|p2a: Honchkrow|Brave Bird|p1a: Entei\n|-damage|p1a: Entei|37/100\n|-damage|p2a: Honchkrow|248/312|[from] Recoil\n|\n|upkeep\n|turn|8\n|inactive|Time left: 300 sec this turn | 300 sec total\n|\n|t:|1783568859\n|switch|p2a: Keldeo|Keldeo-Resolute, L79|273/273\n|move|p1a: Entei|Sacred Fire|p2a: Keldeo\n|-resisted|p2a: Keldeo\n|-damage|p2a: Keldeo|189/273\n|\n|upkeep\n|turn|9\n|inactive|Time left: 300 sec this turn | 300 sec total\n|\n|t:|1783568860\n|switch|p1a: Ludicolo|Ludicolo, L90, F|100/100\n|move|p2a: Keldeo|Secret Sword|p1a: Ludicolo\n|-damage|p1a: Ludicolo|55/100\n|-damage|p2a: Keldeo|162/273|[from] item: Life Orb\n|\n|upkeep\n|turn|10\n|inactive|Time left: 300 sec this turn | 300 sec total\n|\n|t:|1783568861\n|-terastallize|p2a: Keldeo|Fighting\n|move|p2a: Keldeo|Secret Sword|p1a: Ludicolo\n|-damage|p1a: Ludicolo|0 fnt\n|faint|p1a: Ludicolo\n|-damage|p2a: Keldeo|135/273|[from] item: Life Orb\n|\n|upkeep\n|\n|t:|1783568862\n|switch|p1a: Meganium|Meganium, L90, M|55/100\n|turn|11\n|inactive|Time left: 300 sec this turn | 300 sec total\n|\n|t:|1783568862\n|move|p2a: Keldeo|Secret Sword|p1a: Meganium\n|-damage|p1a: Meganium|7/100\n|-damage|p2a: Keldeo|108/273|[from] item: Life Orb\n|move|p1a: Meganium|Petal Blizzard|p2a: Keldeo\n|-damage|p2a: Keldeo|0 fnt\n|faint|p2a: Keldeo\n|\n|-heal|p1a: Meganium|13/100|[from] item: Leftovers\n|upkeep\n|inactive|Time left: 300 sec this turn | 300 sec total | 5 sec grace\n|\n|t:|1783568863\n|switch|p2a: Honchkrow|Honchkrow, L86, F|248/312\n|turn|12\n|inactive|Time left: 300 sec this turn | 300 sec total\n|\n|t:|1783568864\n|switch|p1a: Dudunsparce|Dudunsparce-Three-Segment, L83, F|100/100\n|move|p2a: Honchkrow|Brave Bird|p1a: Dudunsparce\n|-damage|p1a: Dudunsparce|53/100\n|-damage|p2a: Honchkrow|195/312|[from] Recoil\n|\n|-heal|p1a: Dudunsparce|59/100|[from] item: Leftovers\n|upkeep\n|turn|13\n|inactive|Time left: 300 sec this turn | 300 sec total\n|\n|t:|1783568866\n|move|p2a: Honchkrow|Brave Bird|p1a: Dudunsparce\n|-damage|p1a: Dudunsparce|7/100\n|-damage|p2a: Honchkrow|136/312|[from] Recoil\n|move|p1a: Dudunsparce|Roost|p1a: Dudunsparce\n|-heal|p1a: Dudunsparce|57/100\n|-singleturn|p1a: Dudunsparce|move: Roost\n|\n|-heal|p1a: Dudunsparce|63/100|[from] item: Leftovers\n|upkeep\n|turn|14\n|inactive|Time left: 300 sec this turn | 300 sec total\n|\n|t:|1783568867\n|move|p2a: Honchkrow|Brave Bird|p1a: Dudunsparce\n|-damage|p1a: Dudunsparce|16/100\n|-damage|p2a: Honchkrow|83/312|[from] Recoil\n|move|p1a: Dudunsparce|Roost|p1a: Dudunsparce\n|-heal|p1a: Dudunsparce|66/100\n|-singleturn|p1a: Dudunsparce|move: Roost\n|\n|-heal|p1a: Dudunsparce|72/100|[from] item: Leftovers\n|upkeep\n|turn|15\n|inactive|Time left: 300 sec this turn | 300 sec total\n|\n|t:|1783568868\n|move|p2a: Honchkrow|Brave Bird|p1a: Dudunsparce\n|-damage|p1a: Dudunsparce|21/100\n|-damage|p2a: Honchkrow|25/312|[from] Recoil\n|move|p1a: Dudunsparce|Roost|p1a: Dudunsparce\n|-heal|p1a: Dudunsparce|71/100\n|-singleturn|p1a: Dudunsparce|move: Roost\n|\n|-heal|p1a: Dudunsparce|77/100|[from] item: Leftovers\n|upkeep\n|turn|16\n|inactive|Time left: 300 sec this turn | 300 sec total\n|\n|t:|1783568869\n|move|p2a: Honchkrow|Brave Bird|p1a: Dudunsparce\n|-damage|p1a: Dudunsparce|25/100\n|-damage|p2a: Honchkrow|0 fnt|[from] Recoil\n|faint|p2a: Honchkrow\n|move|p1a: Dudunsparce|Roost|p1a: Dudunsparce\n|-heal|p1a: Dudunsparce|75/100\n|-singleturn|p1a: Dudunsparce|move: Roost\n|\n|-heal|p1a: Dudunsparce|81/100|[from] item: Leftovers\n|upkeep\n|inactive|Time left: 300 sec this turn | 300 sec total | 5 sec grace\n|\n|t:|1783568870\n|switch|p2a: Klawf|Klawf, L90, M|272/272\n|turn|17\n|inactive|Time left: 300 sec this turn | 300 sec total\n|\n|t:|1783568871\n|move|p2a: Klawf|Swords Dance|p2a: Klawf\n|-boost|p2a: Klawf|atk|2\n|move|p1a: Dudunsparce|Earthquake|p2a: Klawf\n|-supereffective|p2a: Klawf\n|-crit|p2a: Klawf\n|-damage|p2a: Klawf|96/272\n|-ability|p2a: Klawf|Anger Shell|boost\n|-boost|p2a: Klawf|atk|1\n|-boost|p2a: Klawf|spa|1\n|-boost|p2a: Klawf|spe|1\n|-unboost|p2a: Klawf|def|1\n|-unboost|p2a: Klawf|spd|1\n|\n|-heal|p1a: Dudunsparce|87/100|[from] item: Leftovers\n|upkeep\n|turn|18\n|inactive|Time left: 300 sec this turn | 300 sec total\n|\n|t:|1783568872\n|move|p2a: Klawf|Stone Edge|p1a: Dudunsparce\n|-damage|p1a: Dudunsparce|0 fnt\n|faint|p1a: Dudunsparce\n|\n|upkeep\n|\n|t:|1783568873\n|switch|p1a: Heracross|Heracross, L80, M|31/100 psn\n|turn|19\n|inactive|Time left: 300 sec this turn | 300 sec total\n|\n|t:|1783568874\n|switch|p1a: Meganium|Meganium, L90, M|13/100\n|move|p2a: Klawf|Knock Off|p1a: Meganium\n|-damage|p1a: Meganium|0 fnt\n|-enditem|p1a: Meganium|Leftovers|[from] move: Knock Off|[of] p2a: Klawf\n|faint|p1a: Meganium\n|\n|upkeep\n|\n|t:|1783568875\n|switch|p1a: Entei|Entei, L78|37/100\n|turn|20\n|inactive|Time left: 300 sec this turn | 300 sec total\n|\n|t:|1783568876\n|switch|p1a: Heracross|Heracross, L80, M|31/100 psn\n|move|p2a: Klawf|Knock Off|p1a: Heracross\n|-resisted|p1a: Heracross\n|-damage|p1a: Heracross|0 fnt\n|-enditem|p1a: Heracross|Flame Orb|[from] move: Knock Off|[of] p2a: Klawf\n|faint|p1a: Heracross\n|\n|upkeep\n|\n|t:|1783568877\n|switch|p1a: Entei|Entei, L78|37/100\n|turn|21\n|inactive|Time left: 300 sec this turn | 300 sec total\n|\n|t:|1783568878\n|move|p2a: Klawf|Knock Off|p1a: Entei\n|-damage|p1a: Entei|0 fnt\n|-enditem|p1a: Entei|Choice Band|[from] move: Knock Off|[of] p2a: Klawf\n|faint|p1a: Entei\n|\n|win|p0y24880149", "uploadtime": 1783568878, "views": 0, "rating": 0, "private": 0, "password": null, "_winner": "p0y24880149", "_our_name": "p0y24880149"}