{"id": "battle-gen9randombattle-1776", "formatid": "gen9randombattle", "format": "[Gen 9] Random Battle", "players": ["p0x1776599f", "p0y177618a8"], "log": "|init|battle\n|title|p0x1776599f vs. p0y177618a8\n|j|\u2606p0x1776599f\n|j|\u2606p0y177618a8\n|t:|1783559829\n|gametype|singles\n|player|p1|p0x1776599f|1|\n|player|p2|p0y177618a8|266|\n|gen|9\n|tier|[Gen 9] Random Battle\n|rule|Species Clause: Limit one of each Pok\u00e9mon\n|rule|HP Percentage Mod: HP is shown in percentages\n|rule|Sleep Clause Mod: Limit one foe put to sleep\n|rule|Illusion Level Mod: Illusion disguises the Pok\u00e9mon's true level\n|\n|t:|1783559829\n|teamsize|p1|6\n|teamsize|p2|6\n|start\n|switch|p1a: Oranguru|Oranguru, L92, F|315/315\n|switch|p2a: Gholdengo|Gholdengo, L77|100/100\n|turn|1\n|inactive|Battle timer is ON: inactive players will automatically lose when time's up. (requested by p0y177618a8)\n|inactive|Time left: 300 sec this turn | 300 sec total | 60 sec grace\n|inactive|p0x1776599f also wants the timer to be on.\n|\n|t:|1783559831\n|move|p2a: Gholdengo|Thunder Wave|p1a: Oranguru|[miss]\n|-miss|p2a: Gholdengo|p1a: Oranguru\n|move|p1a: Oranguru|Psyshock|p2a: Gholdengo\n|-resisted|p2a: Gholdengo\n|-damage|p2a: Gholdengo|72/100\n|\n|-heal|p2a: Gholdengo|78/100|[from] item: Leftovers\n|upkeep\n|turn|2\n|inactive|Time left: 300 sec this turn | 300 sec total\n|\n|t:|1783559832\n|switch|p2a: Meowscarada|Meowscarada, L78, M|100/100\n|move|p1a: Oranguru|Psyshock|p2a: Meowscarada\n|-immune|p2a: Meowscarada\n|\n|upkeep\n|turn|3\n|inactive|Time left: 300 sec this turn | 300 sec total\n|\n|t:|1783559833\n|switch|p1a: Toxtricity|Toxtricity, L82, F|257/257\n|move|p2a: Meowscarada|Knock Off|p1a: Toxtricity\n|-start|p2a: Meowscarada|typechange|Dark|[from] ability: Protean\n|-crit|p1a: Toxtricity\n|-damage|p1a: Toxtricity|0 fnt\n|-enditem|p1a: Toxtricity|Throat Spray|[from] move: Knock Off|[of] p2a: Meowscarada\n|faint|p1a: Toxtricity\n|\n|upkeep\n|inactive|Time left: 300 sec this turn | 300 sec total | 5 sec grace\n|\n|t:|1783559834\n|switch|p1a: Trevenant|Trevenant, L89, F|296/296\n|turn|4\n|inactive|Time left: 300 sec this turn | 300 sec total\n|\n|t:|1783559835\n|move|p2a: Meowscarada|Knock Off|p1a: Trevenant\n|-supereffective|p1a: Trevenant\n|-damage|p1a: Trevenant|0 fnt\n|-enditem|p1a: Trevenant|Choice Band|[from] move: Knock Off|[of] p2a: Meowscarada\n|faint|p1a: Trevenant\n|\n|upkeep\n|inactive|Time left: 300 sec this turn | 300 sec total | 5 sec grace\n|\n|t:|1783559836\n|switch|p1a: Raikou|Raikou, L81|278/278\n|-ability|p1a: Raikou|Pressure\n|turn|5\n|inactive|Time left: 300 sec this turn | 300 sec total\n|\n|t:|1783559837\n|move|p2a: Meowscarada|Knock Off|p1a: Raikou\n|-damage|p1a: Raikou|95/278\n|-enditem|p1a: Raikou|Leftovers|[from] move: Knock Off|[of] p2a: Meowscarada\n|move|p1a: Raikou|Scald|p2a: Meowscarada\n|-damage|p2a: Meowscarada|69/100\n|\n|upkeep\n|turn|6\n|inactive|Time left: 300 sec this turn | 300 sec total\n|\n|t:|1783559838\n|move|p2a: Meowscarada|Knock Off|p1a: Raikou\n|-damage|p1a: Raikou|0 fnt\n|faint|p1a: Raikou\n|\n|upkeep\n|inactive|Time left: 300 sec this turn | 300 sec total | 5 sec grace\n|\n|t:|1783559839\n|switch|p1a: Espeon|Espeon, L84, F|246/246\n|turn|7\n|inactive|Time left: 300 sec this turn | 300 sec total\n|\n|t:|1783559840\n|-terastallize|p1a: Espeon|Fairy\n|move|p2a: Meowscarada|Knock Off|p1a: Espeon\n|-resisted|p1a: Espeon\n|-damage|p1a: Espeon|157/246\n|-enditem|p1a: Espeon|Life Orb|[from] move: Knock Off|[of] p2a: Meowscarada\n|move|p1a: Espeon|Alluring Voice|p2a: Meowscarada\n|-supereffective|p2a: Meowscarada\n|-damage|p2a: Meowscarada|0 fnt\n|faint|p2a: Meowscarada\n|\n|upkeep\n|\n|t:|1783559841\n|switch|p2a: Necrozma|Necrozma, L80|100/100\n|turn|8\n|inactive|Time left: 300 sec this turn | 300 sec total\n|\n|t:|1783559842\n|move|p1a: Espeon|Alluring Voice|p2a: Necrozma\n|-damage|p2a: Necrozma|64/100\n|move|p2a: Necrozma|Dragon Dance|p2a: Necrozma\n|-boost|p2a: Necrozma|atk|1\n|-boost|p2a: Necrozma|spe|1\n|\n|upkeep\n|turn|9\n|inactive|Time left: 300 sec this turn | 300 sec total\n|\n|t:|1783559843\n|switch|p1a: Oranguru|Oranguru, L92, F|315/315\n|move|p2a: Necrozma|Photon Geyser|p1a: Oranguru\n|-resisted|p1a: Oranguru\n|-crit|p1a: Oranguru\n|-damage|p1a: Oranguru|205/315\n|\n|upkeep\n|turn|10\n|inactive|Time left: 300 sec this turn | 300 sec total\n|\n|t:|1783559844\n|move|p2a: Necrozma|Knock Off|p1a: Oranguru\n|-supereffective|p1a: Oranguru\n|-damage|p1a: Oranguru|9/315\n|-enditem|p1a: Oranguru|Choice Specs|[from] move: Knock Off|[of] p2a: Necrozma\n|move|p1a: Oranguru|Hyper Voice|p2a: Necrozma\n|-damage|p2a: Necrozma|28/100\n|\n|upkeep\n|turn|11\n|inactive|Time left: 300 sec this turn | 300 sec total\n|\n|t:|1783559845\n|move|p2a: Necrozma|Earthquake|p1a: Oranguru\n|-damage|p1a: Oranguru|0 fnt\n|faint|p1a: Oranguru\n|\n|upkeep\n|inactive|Time left: 300 sec this turn | 300 sec total | 5 sec grace\n|\n|t:|1783559846\n|switch|p1a: Terapagos|Terapagos, L77, M|265/265\n|-activate|p1a: Terapagos|ability: Tera Shift\n|detailschange|p1a: Terapagos|Terapagos-Terastal, L77, M\n|-heal|p1a: Terapagos|273/273|[silent]\n|turn|12\n|inactive|Time left: 300 sec this turn | 300 sec total\n|\n|t:|1783559847\n|move|p2a: Necrozma|Photon Geyser|p1a: Terapagos\n|-damage|p1a: Terapagos|138/273\n|move|p1a: Terapagos|Tera Starstorm|p2a: Necrozma\n|-damage|p2a: Necrozma|0 fnt\n|faint|p2a: Necrozma\n|\n|upkeep\n|\n|t:|1783559848\n|switch|p2a: Meloetta|Meloetta, L82|100/100\n|turn|13\n|inactive|Time left: 300 sec this turn | 300 sec total\n|\n|t:|1783559849\n|switch|p1a: Espeon|Espeon, L84, F, tera:Fairy|157/246\n|move|p2a: Meloetta|Calm Mind|p2a: Meloetta\n|-boost|p2a: Meloetta|spa|1\n|-boost|p2a: Meloetta|spd|1\n|\n|upkeep\n|turn|14\n|inactive|Time left: 300 sec this turn | 300 sec total\n|\n|t:|1783559849\n|move|p1a: Espeon|Morning Sun|p1a: Espeon\n|-heal|p1a: Espeon|246/246\n|move|p2a: Meloetta|Psyshock|p1a: Espeon\n|-damage|p1a: Espeon|42/246\n|\n|upkeep\n|turn|15\n|inactive|Time left: 300 sec this turn | 300 sec total\n|\n|t:|1783559851\n|-terastallize|p2a: Meloetta|Normal\n|move|p1a: Espeon|Morning Sun|p1a: Espeon\n|-heal|p1a: Espeon|165/246\n|move|p2a: Meloetta|Hyper Voice|p1a: Espeon\n|-damage|p1a: Espeon|0 fnt\n|faint|p1a: Espeon\n|\n|upkeep\n|inactive|Time left: 300 sec this turn | 300 sec total | 5 sec grace\n|\n|t:|1783559851\n|switch|p1a: Terapagos|Terapagos-Terastal, L77, M|138/273\n|turn|16\n|inactive|Time left: 300 sec this turn | 300 sec total\n|\n|t:|1783559852\n|move|p2a: Meloetta|Hyper Voice|p1a: Terapagos\n|-damage|p1a: Terapagos|0 fnt\n|faint|p1a: Terapagos\n|\n|win|p0y177618a8", "uploadtime": 1783559852, "views": 0, "rating": 0, "private": 0, "password": null, "_winner": "p0y177618a8", "_our_name": "p0x1776599f"}