{"id": "battle-gen9randombattle-2538", "formatid": "gen9randombattle", "format": "[Gen 9] Random Battle", "players": ["p0x253856f9", "p0y2538240b"], "log": "|init|battle\n|title|p0x253856f9 vs. p0y2538240b\n|j|\u2606p0x253856f9\n|j|\u2606p0y2538240b\n|t:|1783569363\n|gametype|singles\n|player|p1|p0x253856f9|170|\n|player|p2|p0y2538240b|170|\n|gen|9\n|tier|[Gen 9] Random Battle\n|rule|Species Clause: Limit one of each Pok\u00e9mon\n|rule|HP Percentage Mod: HP is shown in percentages\n|rule|Sleep Clause Mod: Limit one foe put to sleep\n|rule|Illusion Level Mod: Illusion disguises the Pok\u00e9mon's true level\n|\n|t:|1783569363\n|teamsize|p1|6\n|teamsize|p2|6\n|start\n|switch|p1a: Iron Hands|Iron Hands, L79|100/100\n|switch|p2a: Empoleon|Empoleon, L84, F|278/278\n|turn|1\n|inactive|Battle timer is ON: inactive players will automatically lose when time's up. (requested by p0y2538240b)\n|inactive|p0x253856f9 also wants the timer to be on.\n|\n|t:|1783569365\n|move|p2a: Empoleon|Surf|p1a: Iron Hands\n|-damage|p1a: Iron Hands|64/100\n|move|p1a: Iron Hands|Wild Charge|p2a: Empoleon\n|-supereffective|p2a: Empoleon\n|-damage|p2a: Empoleon|50/278\n|-damage|p1a: Iron Hands|48/100|[from] Recoil\n|\n|-heal|p2a: Empoleon|67/278|[from] item: Leftovers\n|-heal|p1a: Iron Hands|54/100|[from] item: Leftovers\n|upkeep\n|turn|2\n|inactive|Time left: 300 sec this turn | 300 sec total\n|\n|t:|1783569366\n|move|p2a: Empoleon|Surf|p1a: Iron Hands\n|-damage|p1a: Iron Hands|20/100\n|move|p1a: Iron Hands|Drain Punch|p2a: Empoleon\n|-supereffective|p2a: Empoleon\n|-damage|p2a: Empoleon|0 fnt\n|-heal|p1a: Iron Hands|29/100|[from] drain|[of] p2a: Empoleon\n|faint|p2a: Empoleon\n|\n|-heal|p1a: Iron Hands|35/100|[from] item: Leftovers\n|upkeep\n|inactive|Time left: 300 sec this turn | 300 sec total | 5 sec grace\n|\n|t:|1783569367\n|switch|p2a: Polteageist|Polteageist, L78|222/222\n|turn|3\n|inactive|Time left: 300 sec this turn | 300 sec total\n|\n|t:|1783569368\n|move|p2a: Polteageist|Shell Smash|p2a: Polteageist\n|-unboost|p2a: Polteageist|def|1\n|-unboost|p2a: Polteageist|spd|1\n|-boost|p2a: Polteageist|atk|2\n|-boost|p2a: Polteageist|spa|2\n|-boost|p2a: Polteageist|spe|2\n|-enditem|p2a: Polteageist|White Herb\n|-clearnegativeboost|p2a: Polteageist|[silent]\n|move|p1a: Iron Hands|Wild Charge|p2a: Polteageist\n|-damage|p2a: Polteageist|78/222\n|-start|p1a: Iron Hands|Disable|Wild Charge|[from] ability: Cursed Body|[of] p2a: Polteageist\n|-damage|p1a: Iron Hands|25/100|[from] Recoil\n|\n|-heal|p1a: Iron Hands|31/100|[from] item: Leftovers\n|upkeep\n|turn|4\n|inactive|Time left: 300 sec this turn | 300 sec total\n|\n|t:|1783569369\n|-end|p1a: Iron Hands|Quark Drive|[silent]\n|switch|p1a: Milotic|Milotic, L83, M|100/100\n|move|p2a: Polteageist|Strength Sap|p1a: Milotic\n|-unboost|p1a: Milotic|atk|1\n|-ability|p1a: Milotic|Competitive|boost\n|-boost|p1a: Milotic|spa|2\n|-heal|p2a: Polteageist|182/222\n|\n|upkeep\n|turn|5\n|inactive|Time left: 300 sec this turn | 300 sec total\n|\n|t:|1783569370\n|-terastallize|p2a: Polteageist|Psychic\n|move|p2a: Polteageist|Stored Power|p1a: Milotic\n|-damage|p1a: Milotic|12/100\n|move|p1a: Milotic|Scald|p2a: Polteageist\n|-damage|p2a: Polteageist|41/222\n|\n|-heal|p1a: Milotic|19/100|[from] item: Leftovers\n|upkeep\n|turn|6\n|inactive|Time left: 300 sec this turn | 300 sec total\n|\n|t:|1783569371\n|move|p2a: Polteageist|Stored Power|p1a: Milotic\n|-damage|p1a: Milotic|0 fnt\n|faint|p1a: Milotic\n|\n|upkeep\n|\n|t:|1783569372\n|switch|p1a: Azumarill|Azumarill, L82, M|100/100\n|turn|7\n|inactive|Time left: 300 sec this turn | 300 sec total\n|\n|t:|1783569373\n|move|p1a: Azumarill|Aqua Jet|p2a: Polteageist\n|-damage|p2a: Polteageist|0 fnt\n|faint|p2a: Polteageist\n|\n|upkeep\n|inactive|Time left: 300 sec this turn | 300 sec total | 5 sec grace\n|\n|t:|1783569374\n|switch|p2a: Stonjourner|Stonjourner, L91, M|330/330\n|turn|8\n|inactive|Time left: 300 sec this turn | 300 sec total\n|\n|t:|1783569375\n|move|p2a: Stonjourner|Earthquake|p1a: Azumarill\n|-damage|p1a: Azumarill|54/100\n|-damage|p2a: Stonjourner|297/330|[from] item: Life Orb\n|move|p1a: Azumarill|Liquidation|p2a: Stonjourner\n|-supereffective|p2a: Stonjourner\n|-damage|p2a: Stonjourner|147/330\n|\n|upkeep\n|turn|9\n|inactive|Time left: 300 sec this turn | 300 sec total\n|\n|t:|1783569376\n|move|p2a: Stonjourner|Stone Edge|p1a: Azumarill\n|-damage|p1a: Azumarill|0 fnt\n|faint|p1a: Azumarill\n|-damage|p2a: Stonjourner|114/330|[from] item: Life Orb\n|\n|upkeep\n|\n|t:|1783569377\n|switch|p1a: Delphox|Delphox, L84, M|100/100\n|turn|10\n|inactive|Time left: 300 sec this turn | 300 sec total\n|\n|t:|1783569378\n|move|p1a: Delphox|Fire Blast|p2a: Stonjourner\n|-resisted|p2a: Stonjourner\n|-damage|p2a: Stonjourner|0 fnt\n|faint|p2a: Stonjourner\n|\n|upkeep\n|inactive|Time left: 300 sec this turn | 300 sec total | 5 sec grace\n|\n|t:|1783569379\n|switch|p2a: Moltres|Moltres, L81|278/278\n|turn|11\n|inactive|Time left: 300 sec this turn | 300 sec total\n|\n|t:|1783569380\n|move|p1a: Delphox|Fire Blast|p2a: Moltres\n|-resisted|p2a: Moltres\n|-damage|p2a: Moltres|166/278\n|move|p2a: Moltres|Brave Bird|p1a: Delphox\n|-damage|p1a: Delphox|48/100\n|-damage|p2a: Moltres|120/278|[from] Recoil\n|\n|upkeep\n|turn|12\n|inactive|Time left: 300 sec this turn | 300 sec total\n|\n|t:|1783569381\n|move|p1a: Delphox|Fire Blast|p2a: Moltres|[miss]\n|-miss|p1a: Delphox|p2a: Moltres\n|move|p2a: Moltres|Roost|p2a: Moltres\n|-heal|p2a: Moltres|259/278\n|-singleturn|p2a: Moltres|move: Roost\n|\n|upkeep\n|turn|13\n|inactive|Time left: 300 sec this turn | 300 sec total\n|\n|t:|1783569381\n|move|p1a: Delphox|Fire Blast|p2a: Moltres\n|-resisted|p2a: Moltres\n|-damage|p2a: Moltres|148/278\n|move|p2a: Moltres|Brave Bird|p1a: Delphox\n|-damage|p1a: Delphox|0 fnt\n|faint|p1a: Delphox\n|-damage|p2a: Moltres|107/278|[from] Recoil\n|\n|upkeep\n|\n|t:|1783569382\n|switch|p1a: Cyclizar|Cyclizar, L84, F|100/100\n|turn|14\n|inactive|Time left: 300 sec this turn | 300 sec total\n|\n|t:|1783569383\n|move|p1a: Cyclizar|Draco Meteor|p2a: Moltres\n|-damage|p2a: Moltres|0 fnt\n|-unboost|p1a: Cyclizar|spa|2\n|faint|p2a: Moltres\n|\n|upkeep\n|inactive|Time left: 300 sec this turn | 300 sec total | 5 sec grace\n|\n|t:|1783569384\n|switch|p2a: Uxie|Uxie, L83|260/260\n|turn|15\n|inactive|Time left: 300 sec this turn | 300 sec total\n|\n|t:|1783569385\n|move|p1a: Cyclizar|Shed Tail|p1a: Cyclizar\n|-start|p1a: Cyclizar|Substitute|[from] move: Shed Tail\n|-damage|p1a: Cyclizar|50/100\n|\n|t:|1783569386\n|switch|p1a: Kommo-o|Kommo-o, L77, F|100/100|[from] Shed Tail\n|move|p2a: Uxie|Knock Off|p1a: Kommo-o\n|-resisted|p1a: Kommo-o\n|-activate|p1a: Kommo-o|move: Substitute|[damage]\n|\n|upkeep\n|turn|16\n|inactive|Time left: 300 sec this turn | 300 sec total\n|\n|t:|1783569387\n|move|p2a: Uxie|U-turn|p1a: Kommo-o\n|-resisted|p1a: Kommo-o\n|-activate|p1a: Kommo-o|move: Substitute|[damage]\n|inactive|Time left: 300 sec this turn | 300 sec total | 5 sec grace\n|\n|t:|1783569388\n|switch|p2a: Tornadus|Tornadus-Therian, L79, M|254/254|[from] U-turn\n|move|p1a: Kommo-o|Swords Dance|p1a: Kommo-o\n|-boost|p1a: Kommo-o|atk|2\n|\n|upkeep\n|turn|17\n|inactive|Time left: 300 sec this turn | 300 sec total\n|\n|t:|1783569388\n|move|p2a: Tornadus|Bleakwind Storm|p1a: Kommo-o\n|-supereffective|p1a: Kommo-o\n|-end|p1a: Kommo-o|Substitute\n|move|p1a: Kommo-o|Scale Shot|p2a: Tornadus\n|-damage|p2a: Tornadus|196/254\n|-damage|p2a: Tornadus|142/254\n|-damage|p2a: Tornadus|84/254\n|-damage|p2a: Tornadus|24/254\n|-damage|p2a: Tornadus|0 fnt\n|faint|p2a: Tornadus\n|-hitcount|p2: Tornadus|5\n|-unboost|p1a: Kommo-o|def|1\n|-boost|p1a: Kommo-o|spe|1\n|\n|upkeep\n|inactive|Time left: 300 sec this turn | 300 sec total | 5 sec grace\n|\n|t:|1783569389\n|switch|p2a: Uxie|Uxie, L83|260/260\n|turn|18\n|inactive|Time left: 300 sec this turn | 300 sec total\n|\n|t:|1783569390\n|move|p1a: Kommo-o|Scale Shot|p2a: Uxie\n|-damage|p2a: Uxie|221/260\n|-damage|p2a: Uxie|187/260\n|-damage|p2a: Uxie|151/260\n|-damage|p2a: Uxie|111/260\n|-damage|p2a: Uxie|71/260\n|-hitcount|p2a: Uxie|5\n|-unboost|p1a: Kommo-o|def|1\n|-boost|p1a: Kommo-o|spe|1\n|move|p2a: Uxie|Knock Off|p1a: Kommo-o\n|-resisted|p1a: Kommo-o\n|-damage|p1a: Kommo-o|81/100\n|-enditem|p1a: Kommo-o|Loaded Dice|[from] move: Knock Off|[of] p2a: Uxie\n|\n|-heal|p2a: Uxie|87/260|[from] item: Leftovers\n|upkeep\n|turn|19\n|inactive|Time left: 300 sec this turn | 300 sec total\n|\n|t:|1783569391\n|-terastallize|p1a: Kommo-o|Steel\n|move|p1a: Kommo-o|Iron Head|p2a: Uxie\n|-damage|p2a: Uxie|0 fnt\n|faint|p2a: Uxie\n|\n|win|p0x253856f9", "uploadtime": 1783569391, "views": 0, "rating": 0, "private": 0, "password": null, "_winner": "p0x253856f9", "_our_name": "p0y2538240b"}