{"id": "battle-gen9randombattle-1551", "formatid": "gen9randombattle", "format": "[Gen 9] Random Battle", "players": ["p0x1551b833", "p0y15513fd0"], "log": "|init|battle\n|title|p0x1551b833 vs. p0y15513fd0\n|j|\u2606p0x1551b833\n|j|\u2606p0y15513fd0\n|t:|1783558006\n|gametype|singles\n|player|p1|p0x1551b833|169|\n|player|p2|p0y15513fd0|2|\n|gen|9\n|tier|[Gen 9] Random Battle\n|rule|Species Clause: Limit one of each Pok\u00e9mon\n|rule|HP Percentage Mod: HP is shown in percentages\n|rule|Sleep Clause Mod: Limit one foe put to sleep\n|rule|Illusion Level Mod: Illusion disguises the Pok\u00e9mon's true level\n|\n|t:|1783558006\n|teamsize|p1|6\n|teamsize|p2|6\n|start\n|switch|p1a: Iron Crown|Iron Crown, L78|100/100\n|switch|p2a: Darkrai|Darkrai, L77|234/234\n|turn|1\n|inactive|Battle timer is ON: inactive players will automatically lose when time's up. (requested by p0y15513fd0)\n|inactive|p0x1551b833 also wants the timer to be on.\n|\n|t:|1783558008\n|move|p2a: Darkrai|Dark Pulse|p1a: Iron Crown\n|-supereffective|p1a: Iron Crown\n|-damage|p1a: Iron Crown|40/100\n|move|p1a: Iron Crown|Tachyon Cutter|p2a: Darkrai\n|-damage|p2a: Darkrai|171/234\n|-damage|p2a: Darkrai|114/234\n|-hitcount|p2a: Darkrai|2\n|\n|-heal|p2a: Darkrai|128/234|[from] item: Leftovers\n|-heal|p1a: Iron Crown|46/100|[from] item: Leftovers\n|upkeep\n|turn|2\n|inactive|Time left: 300 sec this turn | 300 sec total\n|\n|t:|1783558009\n|move|p2a: Darkrai|Dark Pulse|p1a: Iron Crown\n|-supereffective|p1a: Iron Crown\n|-damage|p1a: Iron Crown|0 fnt\n|faint|p1a: Iron Crown\n|-end|p1a: Iron Crown|Quark Drive|[silent]\n|\n|-heal|p2a: Darkrai|142/234|[from] item: Leftovers\n|upkeep\n|\n|t:|1783558010\n|switch|p1a: Raichu|Raichu, L88, M|100/100\n|turn|3\n|inactive|Time left: 300 sec this turn | 300 sec total\n|\n|t:|1783558011\n|switch|p2a: Heatran|Heatran, L79, F|273/273\n|move|p1a: Raichu|Thunderbolt|p2a: Heatran\n|-damage|p2a: Heatran|185/273\n|\n|upkeep\n|turn|4\n|inactive|Time left: 300 sec this turn | 300 sec total\n|\n|t:|1783558013\n|move|p1a: Raichu|Thunderbolt|p2a: Heatran\n|-crit|p2a: Heatran\n|-damage|p2a: Heatran|40/273\n|move|p2a: Heatran|Earth Power|p1a: Raichu\n|-supereffective|p1a: Raichu\n|-damage|p1a: Raichu|43/100\n|\n|upkeep\n|turn|5\n|inactive|Time left: 300 sec this turn | 300 sec total\n|\n|t:|1783558014\n|move|p1a: Raichu|Thunderbolt|p2a: Heatran\n|-damage|p2a: Heatran|0 fnt\n|faint|p2a: Heatran\n|\n|upkeep\n|inactive|Time left: 300 sec this turn | 300 sec total | 5 sec grace\n|\n|t:|1783558015\n|switch|p2a: Venomoth|Venomoth, L84, M|255/255\n|turn|6\n|inactive|Time left: 300 sec this turn | 300 sec total\n|\n|t:|1783558017\n|move|p1a: Raichu|Thunderbolt|p2a: Venomoth\n|-damage|p2a: Venomoth|98/255\n|move|p2a: Venomoth|Quiver Dance|p2a: Venomoth\n|-boost|p2a: Venomoth|spa|1\n|-boost|p2a: Venomoth|spd|1\n|-boost|p2a: Venomoth|spe|1\n|\n|upkeep\n|turn|7\n|inactive|Time left: 300 sec this turn | 300 sec total\n|\n|t:|1783558018\n|move|p2a: Venomoth|Quiver Dance|p2a: Venomoth\n|-boost|p2a: Venomoth|spa|1\n|-boost|p2a: Venomoth|spd|1\n|-boost|p2a: Venomoth|spe|1\n|move|p1a: Raichu|Thunderbolt|p2a: Venomoth\n|-damage|p2a: Venomoth|16/255\n|\n|upkeep\n|turn|8\n|inactive|Time left: 300 sec this turn | 300 sec total\n|\n|t:|1783558020\n|move|p2a: Venomoth|Sludge Wave|p1a: Raichu\n|-damage|p1a: Raichu|0 fnt\n|faint|p1a: Raichu\n|\n|upkeep\n|\n|t:|1783558021\n|switch|p1a: Wo-Chien|Wo-Chien, L83|100/100\n|-ability|p1a: Wo-Chien|Tablets of Ruin\n|turn|9\n|inactive|Time left: 300 sec this turn | 300 sec total\n|\n|t:|1783558022\n|-terastallize|p1a: Wo-Chien|Poison\n|move|p2a: Venomoth|Bug Buzz|p1a: Wo-Chien\n|-resisted|p1a: Wo-Chien\n|-damage|p1a: Wo-Chien|54/100\n|move|p1a: Wo-Chien|Knock Off|p2a: Venomoth\n|-damage|p2a: Venomoth|0 fnt\n|-enditem|p2a: Venomoth|Heavy-Duty Boots|[from] move: Knock Off|[of] p1a: Wo-Chien\n|faint|p2a: Venomoth\n|\n|-heal|p1a: Wo-Chien|60/100|[from] item: Leftovers\n|upkeep\n|inactive|Time left: 300 sec this turn | 300 sec total | 5 sec grace\n|\n|t:|1783558023\n|switch|p2a: Meowstic|Meowstic, L89, M|277/277\n|turn|10\n|inactive|Time left: 300 sec this turn | 300 sec total\n|\n|t:|1783558023\n|move|p2a: Meowstic|Psychic Noise|p1a: Wo-Chien\n|-supereffective|p1a: Wo-Chien\n|-damage|p1a: Wo-Chien|20/100\n|-start|p1a: Wo-Chien|move: Heal Block\n|move|p1a: Wo-Chien|Knock Off|p2a: Meowstic\n|-supereffective|p2a: Meowstic\n|-damage|p2a: Meowstic|97/277\n|-enditem|p2a: Meowstic|Light Clay|[from] move: Knock Off|[of] p1a: Wo-Chien\n|\n|upkeep\n|turn|11\n|inactive|Time left: 300 sec this turn | 300 sec total\n|\n|t:|1783558024\n|move|p2a: Meowstic|Psychic Noise|p1a: Wo-Chien\n|-supereffective|p1a: Wo-Chien\n|-damage|p1a: Wo-Chien|0 fnt\n|faint|p1a: Wo-Chien\n|\n|upkeep\n|\n|t:|1783558025\n|switch|p1a: Salazzle|Salazzle, L83, F|100/100\n|turn|12\n|inactive|Time left: 300 sec this turn | 300 sec total\n|\n|t:|1783558026\n|move|p2a: Meowstic|Light Screen|p2a: Meowstic\n|-sidestart|p2: p0y15513fd0|move: Light Screen\n|move|p1a: Salazzle|Sludge Wave|p2a: Meowstic\n|-damage|p2a: Meowstic|41/277\n|\n|upkeep\n|turn|13\n|inactive|Time left: 300 sec this turn | 300 sec total\n|\n|t:|1783558027\n|move|p2a: Meowstic|Reflect|p2a: Meowstic\n|-sidestart|p2: p0y15513fd0|Reflect\n|move|p1a: Salazzle|Nasty Plot|p1a: Salazzle\n|-boost|p1a: Salazzle|spa|2\n|\n|upkeep\n|turn|14\n|inactive|Time left: 300 sec this turn | 300 sec total\n|\n|t:|1783558028\n|move|p2a: Meowstic|Thunder Wave|p1a: Salazzle\n|-status|p1a: Salazzle|par\n|move|p1a: Salazzle|Sludge Wave|p2a: Meowstic\n|-damage|p2a: Meowstic|0 fnt\n|faint|p2a: Meowstic\n|\n|upkeep\n|inactive|Time left: 300 sec this turn | 300 sec total | 5 sec grace\n|\n|t:|1783558028\n|switch|p2a: Tauros|Tauros-Paldea-Aqua, L81, M|254/254\n|-ability|p2a: Tauros|Intimidate|boost\n|-unboost|p1a: Salazzle|atk|1\n|turn|15\n|inactive|Time left: 300 sec this turn | 300 sec total\n|\n|t:|1783558029\n|switch|p1a: Flapple|Flapple, L88, F|100/100\n|move|p2a: Tauros|Liquidation|p1a: Flapple\n|-resisted|p1a: Flapple\n|-damage|p1a: Flapple|88/100\n|-damage|p2a: Tauros|229/254|[from] item: Life Orb\n|\n|upkeep\n|turn|16\n|inactive|Time left: 300 sec this turn | 300 sec total\n|\n|t:|1783558030\n|move|p2a: Tauros|Bulk Up|p2a: Tauros\n|-boost|p2a: Tauros|atk|1\n|-boost|p2a: Tauros|def|1\n|move|p1a: Flapple|Grav Apple|p2a: Tauros\n|-supereffective|p2a: Tauros\n|-damage|p2a: Tauros|97/254\n|-unboost|p2a: Tauros|def|1\n|\n|-sideend|p2: p0y15513fd0|move: Light Screen\n|upkeep\n|turn|17\n|inactive|Time left: 300 sec this turn | 300 sec total\n|\n|t:|1783558031\n|switch|p1a: Mesprit|Mesprit, L85|100/100\n|move|p2a: Tauros|Close Combat|p1a: Mesprit\n|-resisted|p1a: Mesprit\n|-damage|p1a: Mesprit|62/100\n|-unboost|p2a: Tauros|def|1\n|-unboost|p2a: Tauros|spd|1\n|-damage|p2a: Tauros|72/254|[from] item: Life Orb\n|\n|-sideend|p2: p0y15513fd0|Reflect\n|upkeep\n|turn|18\n|inactive|Time left: 300 sec this turn | 300 sec total\n|\n|t:|1783558032\n|switch|p1a: Flapple|Flapple, L88, F|88/100\n|-terastallize|p2a: Tauros|Water\n|move|p2a: Tauros|Liquidation|p1a: Flapple\n|-resisted|p1a: Flapple\n|-damage|p1a: Flapple|64/100\n|-damage|p2a: Tauros|47/254|[from] item: Life Orb\n|\n|upkeep\n|turn|19\n|inactive|Time left: 300 sec this turn | 300 sec total\n|\n|t:|1783558033\n|move|p1a: Flapple|Sucker Punch|p2a: Tauros|[miss]\n|-miss|p1a: Flapple|p2a: Tauros\n|move|p2a: Tauros|Close Combat|p1a: Flapple\n|-damage|p1a: Flapple|0 fnt\n|-unboost|p2a: Tauros|def|1\n|-unboost|p2a: Tauros|spd|1\n|faint|p1a: Flapple\n|-damage|p2a: Tauros|22/254|[from] item: Life Orb\n|\n|upkeep\n|\n|t:|1783558034\n|switch|p1a: Mesprit|Mesprit, L85|62/100\n|turn|20\n|inactive|Time left: 300 sec this turn | 300 sec total\n|\n|t:|1783558034\n|move|p2a: Tauros|Liquidation|p1a: Mesprit\n|-damage|p1a: Mesprit|0 fnt\n|faint|p1a: Mesprit\n|-damage|p2a: Tauros|0 fnt|[from] item: Life Orb\n|faint|p2a: Tauros\n|\n|upkeep\n|inactive|Time left: 300 sec this turn | 300 sec total | 5 sec grace\n|\n|t:|1783558035\n|switch|p2a: Mesprit|Mesprit, L85|275/275\n|switch|p1a: Salazzle|Salazzle, L83, F|100/100 par\n|turn|21\n|inactive|Time left: 300 sec this turn | 300 sec total\n|\n|t:|1783558036\n|move|p2a: Mesprit|Psychic Noise|p1a: Salazzle\n|-supereffective|p1a: Salazzle\n|-damage|p1a: Salazzle|2/100 par\n|-start|p1a: Salazzle|move: Heal Block\n|cant|p1a: Salazzle|par\n|\n|upkeep\n|turn|22\n|inactive|Time left: 300 sec this turn | 300 sec total\n|\n|t:|1783558037\n|move|p2a: Mesprit|Psychic Noise|p1a: Salazzle\n|-supereffective|p1a: Salazzle\n|-damage|p1a: Salazzle|0 fnt\n|faint|p1a: Salazzle\n|\n|win|p0y15513fd0", "uploadtime": 1783558037, "views": 0, "rating": 0, "private": 0, "password": null, "_winner": "p0y15513fd0", "_our_name": "p0y15513fd0"}