{"id": "battle-gen9randombattle-208", "formatid": "gen9randombattle", "format": "[Gen 9] Random Battle", "players": ["p0x208be4f", "p0y20805b0"], "log": "|init|battle\n|title|p0x208be4f vs. p0y20805b0\n|j|\u2606p0x208be4f\n|j|\u2606p0y20805b0\n|t:|1783536177\n|gametype|singles\n|player|p1|p0x208be4f|169|\n|player|p2|p0y20805b0|169|\n|gen|9\n|tier|[Gen 9] Random Battle\n|rule|Species Clause: Limit one of each Pok\u00e9mon\n|rule|HP Percentage Mod: HP is shown in percentages\n|rule|Sleep Clause Mod: Limit one foe put to sleep\n|rule|Illusion Level Mod: Illusion disguises the Pok\u00e9mon's true level\n|\n|t:|1783536177\n|teamsize|p1|6\n|teamsize|p2|6\n|start\n|switch|p1a: Dewgong|Dewgong, L94, M|100/100\n|switch|p2a: Bellossom|Bellossom, L84, F|263/263\n|turn|1\n|inactive|Battle timer is ON: inactive players will automatically lose when time's up. (requested by p0y20805b0)\n|inactive|p0x208be4f also wants the timer to be on.\n|\n|t:|1783536179\n|move|p1a: Dewgong|Ice Beam|p2a: Bellossom\n|-supereffective|p2a: Bellossom\n|-damage|p2a: Bellossom|83/263\n|move|p2a: Bellossom|Quiver Dance|p2a: Bellossom\n|-boost|p2a: Bellossom|spa|1\n|-boost|p2a: Bellossom|spd|1\n|-boost|p2a: Bellossom|spe|1\n|\n|-heal|p2a: Bellossom|99/263|[from] item: Leftovers\n|upkeep\n|turn|2\n|inactive|Time left: 300 sec this turn | 300 sec total\n|\n|t:|1783536180\n|move|p2a: Bellossom|Strength Sap|p1a: Dewgong\n|-unboost|p1a: Dewgong|atk|1\n|-heal|p2a: Bellossom|263/263\n|move|p1a: Dewgong|Encore|p2a: Bellossom\n|-start|p2a: Bellossom|Encore\n|\n|upkeep\n|turn|3\n|inactive|Time left: 300 sec this turn | 300 sec total\n|\n|t:|1783536181\n|move|p2a: Bellossom|Strength Sap|p1a: Dewgong\n|-unboost|p1a: Dewgong|atk|1\n|move|p1a: Dewgong|Ice Beam|p2a: Bellossom\n|-supereffective|p2a: Bellossom\n|-damage|p2a: Bellossom|155/263\n|\n|-heal|p2a: Bellossom|171/263|[from] item: Leftovers\n|upkeep\n|turn|4\n|inactive|Time left: 300 sec this turn | 300 sec total\n|\n|t:|1783536182\n|switch|p1a: Lugia|Lugia, L73|100/100\n|move|p2a: Bellossom|Strength Sap|p1a: Lugia\n|-unboost|p1a: Lugia|atk|1\n|-heal|p2a: Bellossom|263/263\n|\n|upkeep\n|turn|5\n|inactive|Time left: 300 sec this turn | 300 sec total\n|\n|t:|1783536184\n|move|p1a: Lugia|Calm Mind|p1a: Lugia\n|-boost|p1a: Lugia|spa|1\n|-boost|p1a: Lugia|spd|1\n|move|p2a: Bellossom|Strength Sap|p1a: Lugia\n|-unboost|p1a: Lugia|atk|1\n|\n|-end|p2a: Bellossom|Encore\n|upkeep\n|turn|6\n|inactive|Time left: 300 sec this turn | 300 sec total\n|\n|t:|1783536185\n|move|p1a: Lugia|Aeroblast|p2a: Bellossom\n|-supereffective|p2a: Bellossom\n|-crit|p2a: Bellossom\n|-damage|p2a: Bellossom|0 fnt\n|faint|p2a: Bellossom\n|\n|upkeep\n|inactive|Time left: 300 sec this turn | 300 sec total | 5 sec grace\n|\n|t:|1783536186\n|switch|p2a: Golurk|Golurk, L87|297/297\n|turn|7\n|inactive|Time left: 300 sec this turn | 300 sec total\n|\n|t:|1783536187\n|move|p1a: Lugia|Aeroblast|p2a: Golurk\n|-damage|p2a: Golurk|185/297\n|move|p2a: Golurk|Poltergeist|p1a: Lugia\n|-activate|p1a: Lugia|move: Poltergeist|Heavy-Duty Boots\n|-supereffective|p1a: Lugia\n|-damage|p1a: Lugia|37/100\n|-damage|p2a: Golurk|156/297|[from] item: Life Orb\n|\n|upkeep\n|turn|8\n|inactive|Time left: 300 sec this turn | 300 sec total\n|\n|t:|1783536188\n|move|p1a: Lugia|Aeroblast|p2a: Golurk\n|-damage|p2a: Golurk|44/297\n|move|p2a: Golurk|Poltergeist|p1a: Lugia\n|-activate|p1a: Lugia|move: Poltergeist|Heavy-Duty Boots\n|-supereffective|p1a: Lugia\n|-damage|p1a: Lugia|0 fnt\n|faint|p1a: Lugia\n|-damage|p2a: Golurk|15/297|[from] item: Life Orb\n|\n|upkeep\n|\n|t:|1783536189\n|switch|p1a: Dewgong|Dewgong, L94, M|100/100\n|turn|9\n|inactive|Time left: 300 sec this turn | 300 sec total\n|\n|t:|1783536190\n|switch|p2a: Oranguru|Oranguru, L92, M|315/315\n|move|p1a: Dewgong|Flip Turn|p2a: Oranguru\n|-damage|p2a: Oranguru|254/315\n|\n|t:|1783536191\n|switch|p1a: Dunsparce|Dunsparce, L86, M|100/100|[from] Flip Turn\n|\n|-heal|p2a: Oranguru|273/315|[from] item: Leftovers\n|upkeep\n|turn|10\n|inactive|Time left: 300 sec this turn | 300 sec total\n|\n|t:|1783536192\n|move|p2a: Oranguru|Nasty Plot|p2a: Oranguru\n|-boost|p2a: Oranguru|spa|2\n|move|p1a: Dunsparce|Body Slam|p2a: Oranguru\n|-damage|p2a: Oranguru|204/315\n|\n|-heal|p2a: Oranguru|223/315|[from] item: Leftovers\n|upkeep\n|turn|11\n|inactive|Time left: 300 sec this turn | 300 sec total\n|\n|t:|1783536193\n|move|p2a: Oranguru|Psychic|p1a: Dunsparce\n|-damage|p1a: Dunsparce|47/100\n|move|p1a: Dunsparce|Body Slam|p2a: Oranguru\n|-damage|p2a: Oranguru|153/315\n|-status|p2a: Oranguru|par\n|\n|-heal|p2a: Oranguru|172/315 par|[from] item: Leftovers\n|upkeep\n|turn|12\n|inactive|Time left: 300 sec this turn | 300 sec total\n|\n|t:|1783536194\n|move|p1a: Dunsparce|Roost|p1a: Dunsparce\n|-heal|p1a: Dunsparce|97/100\n|-singleturn|p1a: Dunsparce|move: Roost\n|move|p2a: Oranguru|Psychic|p1a: Dunsparce\n|-damage|p1a: Dunsparce|41/100\n|-unboost|p1a: Dunsparce|spd|1\n|\n|-heal|p2a: Oranguru|191/315 par|[from] item: Leftovers\n|upkeep\n|turn|13\n|inactive|Time left: 300 sec this turn | 300 sec total\n|\n|t:|1783536195\n|move|p1a: Dunsparce|Roost|p1a: Dunsparce\n|-heal|p1a: Dunsparce|91/100\n|-singleturn|p1a: Dunsparce|move: Roost\n|move|p2a: Oranguru|Psychic|p1a: Dunsparce\n|-damage|p1a: Dunsparce|5/100\n|\n|-heal|p2a: Oranguru|210/315 par|[from] item: Leftovers\n|upkeep\n|turn|14\n|inactive|Time left: 300 sec this turn | 300 sec total\n|\n|t:|1783536196\n|move|p1a: Dunsparce|Body Slam|p2a: Oranguru\n|-damage|p2a: Oranguru|132/315 par\n|move|p2a: Oranguru|Psychic|p1a: Dunsparce\n|-damage|p1a: Dunsparce|0 fnt\n|faint|p1a: Dunsparce\n|\n|-heal|p2a: Oranguru|151/315 par|[from] item: Leftovers\n|upkeep\n|\n|t:|1783536197\n|switch|p1a: Iron Boulder|Iron Boulder, L77|100/100\n|turn|15\n|inactive|Time left: 300 sec this turn | 300 sec total\n|\n|t:|1783536197\n|move|p1a: Iron Boulder|Swords Dance|p1a: Iron Boulder\n|-boost|p1a: Iron Boulder|atk|2\n|move|p2a: Oranguru|Focus Blast|p1a: Iron Boulder|[miss]\n|-miss|p2a: Oranguru|p1a: Iron Boulder\n|\n|-heal|p2a: Oranguru|170/315 par|[from] item: Leftovers\n|upkeep\n|turn|16\n|inactive|Time left: 300 sec this turn | 300 sec total\n|\n|t:|1783536198\n|move|p1a: Iron Boulder|Mighty Cleave|p2a: Oranguru\n|-damage|p2a: Oranguru|0 fnt\n|faint|p2a: Oranguru\n|-damage|p1a: Iron Boulder|91/100|[from] item: Life Orb\n|\n|upkeep\n|inactive|Time left: 300 sec this turn | 300 sec total | 5 sec grace\n|\n|t:|1783536199\n|switch|p2a: Deoxys|Deoxys-Attack, L72|191/191\n|-ability|p2a: Deoxys|Pressure\n|turn|17\n|inactive|Time left: 300 sec this turn | 300 sec total\n|\n|t:|1783536200\n|move|p2a: Deoxys|Knock Off|p1a: Iron Boulder\n|-supereffective|p1a: Iron Boulder\n|-damage|p1a: Iron Boulder|0 fnt\n|-enditem|p1a: Iron Boulder|Life Orb|[from] move: Knock Off|[of] p2a: Deoxys\n|faint|p1a: Iron Boulder\n|-end|p1a: Iron Boulder|Quark Drive|[silent]\n|-damage|p2a: Deoxys|172/191|[from] item: Life Orb\n|\n|upkeep\n|\n|t:|1783536200\n|switch|p1a: Noctowl|Noctowl, L95, F|100/100\n|turn|18\n|inactive|Time left: 300 sec this turn | 300 sec total\n|\n|t:|1783536201\n|switch|p2a: Golurk|Golurk, L87|15/297\n|move|p1a: Noctowl|Hurricane|p2a: Golurk\n|-damage|p2a: Golurk|0 fnt\n|faint|p2a: Golurk\n|\n|upkeep\n|inactive|Time left: 300 sec this turn | 300 sec total | 5 sec grace\n|\n|t:|1783536202\n|switch|p2a: Flamigo|Flamigo, L82, M|269/269\n|turn|19\n|inactive|Time left: 300 sec this turn | 300 sec total\n|\n|t:|1783536203\n|-terastallize|p2a: Flamigo|Fighting\n|move|p2a: Flamigo|Close Combat|p1a: Noctowl\n|-damage|p1a: Noctowl|0 fnt\n|-unboost|p2a: Flamigo|def|1\n|-unboost|p2a: Flamigo|spd|1\n|faint|p1a: Noctowl\n|\n|upkeep\n|\n|t:|1783536204\n|switch|p1a: Regidrago|Regidrago, L77|100/100\n|turn|20\n|inactive|Time left: 300 sec this turn | 300 sec total\n|\n|t:|1783536205\n|move|p2a: Flamigo|Close Combat|p1a: Regidrago\n|-damage|p1a: Regidrago|0 fnt\n|-unboost|p2a: Flamigo|def|1\n|-unboost|p2a: Flamigo|spd|1\n|faint|p1a: Regidrago\n|\n|upkeep\n|\n|t:|1783536206\n|switch|p1a: Dewgong|Dewgong, L94, M|100/100\n|turn|21\n|inactive|Time left: 300 sec this turn | 300 sec total\n|\n|t:|1783536207\n|move|p2a: Flamigo|Close Combat|p1a: Dewgong\n|-supereffective|p1a: Dewgong\n|-damage|p1a: Dewgong|0 fnt\n|-unboost|p2a: Flamigo|def|1\n|-unboost|p2a: Flamigo|spd|1\n|faint|p1a: Dewgong\n|\n|win|p0y20805b0", "uploadtime": 1783536207, "views": 0, "rating": 0, "private": 0, "password": null, "_winner": "p0y20805b0", "_our_name": "p0y20805b0"}