{"id": "battle-gen9randombattle-220", "formatid": "gen9randombattle", "format": "[Gen 9] Random Battle", "players": ["p0x220bbca", "p0y220c574"], "log": "|init|battle\n|title|p0x220bbca vs. p0y220c574\n|j|\u2606p0x220bbca\n|j|\u2606p0y220c574\n|t:|1783535804\n|gametype|singles\n|player|p1|p0x220bbca|169|\n|player|p2|p0y220c574|265|\n|gen|9\n|tier|[Gen 9] Random Battle\n|rule|Species Clause: Limit one of each Pok\u00e9mon\n|rule|HP Percentage Mod: HP is shown in percentages\n|rule|Sleep Clause Mod: Limit one foe put to sleep\n|rule|Illusion Level Mod: Illusion disguises the Pok\u00e9mon's true level\n|\n|t:|1783535804\n|teamsize|p1|6\n|teamsize|p2|6\n|start\n|switch|p1a: Regigigas|Regigigas, L84|100/100\n|switch|p2a: Ho-Oh|Ho-Oh, L71|268/268\n|-start|p1a: Regigigas|ability: Slow Start\n|turn|1\n|inactive|Battle timer is ON: inactive players will automatically lose when time's up. (requested by p0y220c574)\n|inactive|p0x220bbca also wants the timer to be on.\n|\n|t:|1783535806\n|switch|p1a: Bruxish|Bruxish, L85, F|100/100\n|move|p2a: Ho-Oh|Sacred Fire|p1a: Bruxish\n|-resisted|p1a: Bruxish\n|-damage|p1a: Bruxish|77/100\n|\n|upkeep\n|turn|2\n|inactive|Time left: 300 sec this turn | 300 sec total\n|\n|t:|1783535807\n|switch|p2a: Vigoroth|Vigoroth, L85, F|275/275\n|move|p1a: Bruxish|Psychic Fangs|p2a: Vigoroth\n|-damage|p2a: Vigoroth|104/275\n|\n|upkeep\n|turn|3\n|inactive|Time left: 300 sec this turn | 300 sec total\n|\n|t:|1783535808\n|switch|p2a: Excadrill|Excadrill, L79, F|303/303\n|-ability|p2a: Excadrill|Mold Breaker\n|move|p1a: Bruxish|Psychic Fangs|p2a: Excadrill\n|-resisted|p2a: Excadrill\n|-damage|p2a: Excadrill|146/303\n|\n|-heal|p2a: Excadrill|164/303|[from] item: Leftovers\n|upkeep\n|turn|4\n|inactive|Time left: 300 sec this turn | 300 sec total\n|\n|t:|1783535809\n|move|p1a: Bruxish|Psychic Fangs|p2a: Excadrill\n|-resisted|p2a: Excadrill\n|-damage|p2a: Excadrill|14/303\n|move|p2a: Excadrill|Earthquake|p1a: Bruxish\n|-damage|p1a: Bruxish|19/100\n|\n|-heal|p2a: Excadrill|32/303|[from] item: Leftovers\n|upkeep\n|turn|5\n|inactive|Time left: 300 sec this turn | 300 sec total\n|\n|t:|1783535810\n|move|p1a: Bruxish|Psychic Fangs|p2a: Excadrill\n|-resisted|p2a: Excadrill\n|-damage|p2a: Excadrill|0 fnt\n|faint|p2a: Excadrill\n|\n|upkeep\n|inactive|Time left: 300 sec this turn | 300 sec total | 5 sec grace\n|\n|t:|1783535811\n|switch|p2a: Minun|Minun, L95, F|268/268\n|turn|6\n|inactive|Time left: 300 sec this turn | 300 sec total\n|\n|t:|1783535812\n|move|p2a: Minun|Thunderbolt|p1a: Bruxish\n|-supereffective|p1a: Bruxish\n|-damage|p1a: Bruxish|0 fnt\n|faint|p1a: Bruxish\n|-damage|p2a: Minun|242/268|[from] item: Life Orb\n|\n|upkeep\n|\n|t:|1783535813\n|switch|p1a: Tyranitar|Tyranitar, L78, F|100/100\n|-weather|Sandstorm|[from] ability: Sand Stream|[of] p1a: Tyranitar\n|turn|7\n|inactive|Time left: 300 sec this turn | 300 sec total\n|\n|t:|1783535815\n|move|p2a: Minun|Nasty Plot|p2a: Minun\n|-boost|p2a: Minun|spa|2\n|move|p1a: Tyranitar|Knock Off|p2a: Minun\n|-damage|p2a: Minun|88/268\n|-enditem|p2a: Minun|Life Orb|[from] move: Knock Off|[of] p1a: Tyranitar\n|\n|-weather|Sandstorm|[upkeep]\n|-damage|p2a: Minun|72/268|[from] Sandstorm\n|upkeep\n|turn|8\n|inactive|Time left: 300 sec this turn | 300 sec total\n|\n|t:|1783535816\n|-terastallize|p2a: Minun|Grass\n|move|p2a: Minun|Grass Knot|p1a: Tyranitar\n|-supereffective|p1a: Tyranitar\n|-damage|p1a: Tyranitar|0 fnt\n|faint|p1a: Tyranitar\n|\n|-weather|Sandstorm|[upkeep]\n|-damage|p2a: Minun|56/268|[from] Sandstorm\n|upkeep\n|\n|t:|1783535816\n|switch|p1a: Grafaiai|Grafaiai, L86, F|100/100\n|turn|9\n|inactive|Time left: 300 sec this turn | 300 sec total\n|\n|t:|1783535817\n|move|p1a: Grafaiai|Knock Off|p2a: Minun\n|-damage|p2a: Minun|0 fnt\n|faint|p2a: Minun\n|-damage|p1a: Grafaiai|91/100|[from] item: Life Orb\n|\n|-weather|Sandstorm|[upkeep]\n|-damage|p1a: Grafaiai|85/100|[from] Sandstorm\n|upkeep\n|inactive|Time left: 300 sec this turn | 300 sec total | 5 sec grace\n|\n|t:|1783535818\n|switch|p2a: Rayquaza|Rayquaza, L72|270/270\n|-ability|p2a: Rayquaza|Air Lock\n|turn|10\n|inactive|Time left: 300 sec this turn | 300 sec total\n|\n|t:|1783535819\n|move|p1a: Grafaiai|Gunk Shot|p2a: Rayquaza\n|-damage|p2a: Rayquaza|83/270\n|-status|p2a: Rayquaza|psn\n|-damage|p1a: Grafaiai|75/100|[from] item: Life Orb\n|move|p2a: Rayquaza|Scale Shot|p1a: Grafaiai\n|-damage|p1a: Grafaiai|61/100\n|-damage|p1a: Grafaiai|47/100\n|-damage|p1a: Grafaiai|34/100\n|-damage|p1a: Grafaiai|20/100\n|-damage|p1a: Grafaiai|6/100\n|-hitcount|p1a: Grafaiai|5\n|-unboost|p2a: Rayquaza|def|1\n|-boost|p2a: Rayquaza|spe|1\n|\n|-weather|Sandstorm|[upkeep]\n|-damage|p2a: Rayquaza|50/270 psn|[from] psn\n|upkeep\n|turn|11\n|inactive|Time left: 300 sec this turn | 300 sec total\n|\n|t:|1783535819\n|switch|p1a: Swampert|Swampert, L83, M|100/100\n|move|p2a: Rayquaza|Scale Shot|p1a: Swampert\n|-damage|p1a: Swampert|92/100\n|-damage|p1a: Swampert|83/100\n|-damage|p1a: Swampert|74/100\n|-damage|p1a: Swampert|64/100\n|-damage|p1a: Swampert|53/100\n|-hitcount|p1a: Swampert|5\n|-unboost|p2a: Rayquaza|def|1\n|-boost|p2a: Rayquaza|spe|1\n|\n|-weather|none\n|-heal|p1a: Swampert|59/100|[from] item: Leftovers\n|-damage|p2a: Rayquaza|17/270 psn|[from] psn\n|upkeep\n|turn|12\n|inactive|Time left: 300 sec this turn | 300 sec total\n|\n|t:|1783535820\n|move|p2a: Rayquaza|Dragon Ascent|p1a: Swampert\n|-damage|p1a: Swampert|17/100\n|-unboost|p2a: Rayquaza|def|1\n|-unboost|p2a: Rayquaza|spd|1\n|move|p1a: Swampert|Earthquake|p2a: Rayquaza\n|-immune|p2a: Rayquaza\n|\n|-heal|p1a: Swampert|23/100|[from] item: Leftovers\n|-damage|p2a: Rayquaza|0 fnt|[from] psn\n|faint|p2a: Rayquaza\n|upkeep\n|inactive|Time left: 300 sec this turn | 300 sec total | 5 sec grace\n|\n|t:|1783535821\n|switch|p2a: Vigoroth|Vigoroth, L85, F|104/275\n|turn|13\n|inactive|Time left: 300 sec this turn | 300 sec total\n|\n|t:|1783535822\n|move|p2a: Vigoroth|Bulk Up|p2a: Vigoroth\n|-boost|p2a: Vigoroth|atk|1\n|-boost|p2a: Vigoroth|def|1\n|move|p1a: Swampert|Flip Turn|p2a: Vigoroth\n|-damage|p2a: Vigoroth|56/275\n|\n|t:|1783535823\n|switch|p1a: Grafaiai|Grafaiai, L86, F|6/100|[from] Flip Turn\n|\n|upkeep\n|turn|14\n|inactive|Time left: 300 sec this turn | 300 sec total\n|\n|t:|1783535823\n|move|p1a: Grafaiai|Gunk Shot|p2a: Vigoroth\n|-damage|p2a: Vigoroth|0 fnt\n|faint|p2a: Vigoroth\n|-damage|p1a: Grafaiai|0 fnt|[from] item: Life Orb\n|faint|p1a: Grafaiai\n|\n|upkeep\n|inactive|Time left: 300 sec this turn | 300 sec total | 5 sec grace\n|\n|t:|1783535824\n|switch|p1a: Slowbro|Slowbro-Galar, L87, M|100/100\n|switch|p2a: Ho-Oh|Ho-Oh, L71|268/268\n|turn|15\n|inactive|Time left: 300 sec this turn | 300 sec total\n|\n|t:|1783535825\n|move|p2a: Ho-Oh|Sacred Fire|p1a: Slowbro\n|-damage|p1a: Slowbro|73/100\n|move|p1a: Slowbro|Shell Side Arm|p2a: Ho-Oh|[anim] Shell Side Arm Physical\n|-damage|p2a: Ho-Oh|107/268\n|-hint|Physical Shell Side Arm\n|-damage|p1a: Slowbro|63/100|[from] item: Life Orb\n|\n|upkeep\n|turn|16\n|inactive|Time left: 300 sec this turn | 300 sec total\n|\n|t:|1783535826\n|switch|p1a: Swampert|Swampert, L83, M|23/100\n|move|p2a: Ho-Oh|Recover|p2a: Ho-Oh\n|-heal|p2a: Ho-Oh|241/268\n|\n|-heal|p1a: Swampert|29/100|[from] item: Leftovers\n|upkeep\n|turn|17\n|inactive|Time left: 300 sec this turn | 300 sec total\n|\n|t:|1783535827\n|switch|p1a: Regigigas|Regigigas, L84|100/100\n|-start|p1a: Regigigas|ability: Slow Start\n|move|p2a: Ho-Oh|Brave Bird|p1a: Regigigas\n|-damage|p1a: Regigigas|71/100\n|-damage|p2a: Ho-Oh|210/268|[from] Recoil\n|\n|-heal|p1a: Regigigas|78/100|[from] item: Leftovers\n|upkeep\n|turn|18\n|inactive|Time left: 300 sec this turn | 300 sec total\n|\n|t:|1783535828\n|move|p2a: Ho-Oh|Sacred Fire|p1a: Regigigas\n|-crit|p1a: Regigigas\n|-damage|p1a: Regigigas|36/100\n|move|p1a: Regigigas|Body Slam|p2a: Ho-Oh\n|-damage|p2a: Ho-Oh|131/268\n|\n|-heal|p1a: Regigigas|42/100|[from] item: Leftovers\n|upkeep\n|turn|19\n|inactive|Time left: 300 sec this turn | 300 sec total\n|\n|t:|1783535830\n|move|p2a: Ho-Oh|Sacred Fire|p1a: Regigigas\n|-damage|p1a: Regigigas|18/100\n|-status|p1a: Regigigas|brn\n|move|p1a: Regigigas|Body Slam|p2a: Ho-Oh\n|-damage|p2a: Ho-Oh|93/268\n|\n|-heal|p1a: Regigigas|24/100 brn|[from] item: Leftovers\n|-damage|p1a: Regigigas|18/100 brn|[from] brn\n|upkeep\n|turn|20\n|inactive|Time left: 300 sec this turn | 300 sec total\n|\n|t:|1783535831\n|move|p2a: Ho-Oh|Recover|p2a: Ho-Oh\n|-heal|p2a: Ho-Oh|227/268\n|move|p1a: Regigigas|Rest|p1a: Regigigas\n|-status|p1a: Regigigas|slp|[from] move: Rest\n|-heal|p1a: Regigigas|100/100 slp|[silent]\n|\n|upkeep\n|turn|21\n|inactive|Time left: 300 sec this turn | 300 sec total\n|\n|t:|1783535832\n|move|p2a: Ho-Oh|Sacred Fire|p1a: Regigigas\n|-damage|p1a: Regigigas|76/100 slp\n|cant|p1a: Regigigas|slp\n|move|p1a: Regigigas|Sleep Talk|p1a: Regigigas\n|move|p1a: Regigigas|Rest||[from] move: Sleep Talk|[still]\n|-fail|p1a: Regigigas\n|\n|-heal|p1a: Regigigas|82/100 slp|[from] item: Leftovers\n|upkeep\n|turn|22\n|inactive|Time left: 300 sec this turn | 300 sec total\n|\n|t:|1783535833\n|move|p2a: Ho-Oh|Recover|p2a: Ho-Oh\n|-heal|p2a: Ho-Oh|268/268\n|cant|p1a: Regigigas|slp\n|move|p1a: Regigigas|Sleep Talk|p1a: Regigigas\n|move|p1a: Regigigas|Knock Off|p2a: Ho-Oh|[from] move: Sleep Talk\n|-damage|p2a: Ho-Oh|212/268\n|-enditem|p2a: Ho-Oh|Heavy-Duty Boots|[from] move: Knock Off|[of] p1a: Regigigas\n|\n|-heal|p1a: Regigigas|88/100 slp|[from] item: Leftovers\n|-end|p1a: Regigigas|Slow Start\n|upkeep\n|turn|23\n|inactive|Time left: 300 sec this turn | 300 sec total\n|\n|t:|1783535834\n|-curestatus|p1a: Regigigas|slp|[msg]\n|move|p1a: Regigigas|Body Slam|p2a: Ho-Oh\n|-damage|p2a: Ho-Oh|68/268\n|move|p2a: Ho-Oh|Recover|p2a: Ho-Oh\n|-heal|p2a: Ho-Oh|202/268\n|\n|-heal|p1a: Regigigas|95/100|[from] item: Leftovers\n|upkeep\n|turn|24\n|inactive|Time left: 300 sec this turn | 300 sec total\n|\n|t:|1783535835\n|move|p1a: Regigigas|Body Slam|p2a: Ho-Oh\n|-damage|p2a: Ho-Oh|58/268\n|-status|p2a: Ho-Oh|par\n|move|p2a: Ho-Oh|Recover|p2a: Ho-Oh\n|-heal|p2a: Ho-Oh|192/268 par\n|\n|-heal|p1a: Regigigas|100/100|[from] item: Leftovers\n|upkeep\n|turn|25\n|inactive|Time left: 300 sec this turn | 300 sec total\n|\n|t:|1783535836\n|move|p1a: Regigigas|Body Slam|p2a: Ho-Oh\n|-damage|p2a: Ho-Oh|38/268 par\n|cant|p2a: Ho-Oh|par\n|\n|upkeep\n|turn|26\n|inactive|Time left: 300 sec this turn | 300 sec total\n|\n|t:|1783535837\n|switch|p2a: Ditto|Ditto, L87|225/225\n|-transform|p2a: Ditto|p1a: Regigigas|[from] ability: Imposter\n|-start|p2a: Ditto|ability: Slow Start\n|move|p1a: Regigigas|Body Slam|p2a: Ditto\n|-damage|p2a: Ditto|110/225\n|\n|upkeep\n|turn|27\n|inactive|Time left: 300 sec this turn | 300 sec total\n|\n|t:|1783535838\n|move|p1a: Regigigas|Body Slam|p2a: Ditto\n|-damage|p2a: Ditto|0 fnt\n|faint|p2a: Ditto\n|-end|p2a: Ditto|Slow Start|[silent]\n|\n|upkeep\n|inactive|Time left: 300 sec this turn | 300 sec total | 5 sec grace\n|\n|t:|1783535839\n|switch|p2a: Ho-Oh|Ho-Oh, L71|127/268 par\n|turn|28\n|inactive|Time left: 300 sec this turn | 300 sec total\n|\n|t:|1783535840\n|-terastallize|p1a: Regigigas|Ghost\n|move|p1a: Regigigas|Body Slam|p2a: Ho-Oh\n|-damage|p2a: Ho-Oh|0 fnt\n|faint|p2a: Ho-Oh\n|\n|win|p0x220bbca", "uploadtime": 1783535840, "views": 0, "rating": 0, "private": 0, "password": null, "_winner": "p0x220bbca", "_our_name": "p0y220c574"}