{"id": "battle-gen9randombattle-2399", "formatid": "gen9randombattle", "format": "[Gen 9] Random Battle", "players": ["p0x2399de99", "p0y2399de78"], "log": "|init|battle\n|title|p0x2399de99 vs. p0y2399de78\n|j|\u2606p0x2399de99\n|j|\u2606p0y2399de78\n|t:|1783566847\n|gametype|singles\n|player|p1|p0x2399de99|169|\n|player|p2|p0y2399de78|102|\n|gen|9\n|tier|[Gen 9] Random Battle\n|rule|Species Clause: Limit one of each Pok\u00e9mon\n|rule|HP Percentage Mod: HP is shown in percentages\n|rule|Sleep Clause Mod: Limit one foe put to sleep\n|rule|Illusion Level Mod: Illusion disguises the Pok\u00e9mon's true level\n|\n|t:|1783566847\n|teamsize|p1|6\n|teamsize|p2|6\n|start\n|switch|p1a: Masquerain|Masquerain, L87, M|100/100\n|switch|p2a: Hoopa|Hoopa-Unbound, L80|259/259\n|-ability|p1a: Masquerain|Intimidate|boost\n|-unboost|p2a: Hoopa|atk|1\n|turn|1\n|inactive|Battle timer is ON: inactive players will automatically lose when time's up. (requested by p0x2399de99)\n|inactive|Time left: 300 sec this turn | 300 sec total | 60 sec grace\n|inactive|p0y2399de78 also wants the timer to be on.\n|\n|t:|1783566848\n|move|p1a: Masquerain|Sticky Web|p2a: Hoopa\n|-sidestart|p2: p0y2399de78|move: Sticky Web\n|move|p2a: Hoopa|Psychic|p1a: Masquerain\n|-damage|p1a: Masquerain|50/100\n|\n|upkeep\n|turn|2\n|inactive|Time left: 300 sec this turn | 300 sec total\n|\n|t:|1783566849\n|move|p1a: Masquerain|Bug Buzz|p2a: Hoopa\n|-supereffective|p2a: Hoopa\n|-damage|p2a: Hoopa|31/259\n|move|p2a: Hoopa|Psychic|p1a: Masquerain\n|-crit|p1a: Masquerain\n|-damage|p1a: Masquerain|0 fnt\n|faint|p1a: Masquerain\n|\n|upkeep\n|\n|t:|1783566850\n|switch|p1a: Quaquaval|Quaquaval, L79, M|100/100\n|turn|3\n|inactive|Time left: 300 sec this turn | 300 sec total\n|\n|t:|1783566851\n|switch|p2a: Vileplume|Vileplume, L85, M|266/266\n|-activate|p2a: Vileplume|move: Sticky Web\n|-unboost|p2a: Vileplume|spe|1\n|move|p1a: Quaquaval|Aqua Step|p2a: Vileplume\n|-resisted|p2a: Vileplume\n|-damage|p2a: Vileplume|204/266\n|-boost|p1a: Quaquaval|spe|1\n|-damage|p1a: Quaquaval|91/100|[from] item: Life Orb\n|\n|-heal|p2a: Vileplume|220/266|[from] item: Leftovers\n|upkeep\n|turn|4\n|inactive|Time left: 300 sec this turn | 300 sec total\n|\n|t:|1783566852\n|move|p1a: Quaquaval|Swords Dance|p1a: Quaquaval\n|-boost|p1a: Quaquaval|atk|2\n|move|p2a: Vileplume|Giga Drain|p1a: Quaquaval\n|-supereffective|p1a: Quaquaval\n|-damage|p1a: Quaquaval|9/100\n|-heal|p2a: Vileplume|266/266|[from] drain|[of] p1a: Quaquaval\n|\n|upkeep\n|turn|5\n|inactive|Time left: 300 sec this turn | 300 sec total\n|\n|t:|1783566853\n|move|p1a: Quaquaval|Close Combat|p2a: Vileplume\n|-resisted|p2a: Vileplume\n|-damage|p2a: Vileplume|89/266\n|-unboost|p1a: Quaquaval|def|1\n|-unboost|p1a: Quaquaval|spd|1\n|-damage|p1a: Quaquaval|0 fnt|[from] item: Life Orb\n|faint|p1a: Quaquaval\n|move|p2a: Vileplume|Sludge Bomb|p1: Quaquaval|[notarget]\n|-fail|p2a: Vileplume\n|\n|-heal|p2a: Vileplume|105/266|[from] item: Leftovers\n|upkeep\n|\n|t:|1783566854\n|switch|p1a: Cryogonal|Cryogonal, L89|100/100\n|turn|6\n|inactive|Time left: 300 sec this turn | 300 sec total\n|\n|t:|1783566855\n|switch|p2a: Mienshao|Mienshao, L83, M|244/244\n|-activate|p2a: Mienshao|move: Sticky Web\n|-unboost|p2a: Mienshao|spe|1\n|move|p1a: Cryogonal|Ice Beam|p2a: Mienshao\n|-damage|p2a: Mienshao|150/244\n|\n|upkeep\n|turn|7\n|inactive|Time left: 300 sec this turn | 300 sec total\n|\n|t:|1783566856\n|move|p1a: Cryogonal|Ice Beam|p2a: Mienshao\n|-damage|p2a: Mienshao|65/244\n|move|p2a: Mienshao|Close Combat|p1a: Cryogonal\n|-supereffective|p1a: Cryogonal\n|-damage|p1a: Cryogonal|0 fnt\n|-unboost|p2a: Mienshao|def|1\n|-unboost|p2a: Mienshao|spd|1\n|faint|p1a: Cryogonal\n|\n|upkeep\n|\n|t:|1783566857\n|switch|p1a: Tatsugiri|Tatsugiri, L87, M|100/100\n|turn|8\n|inactive|Time left: 300 sec this turn | 300 sec total\n|\n|t:|1783566858\n|switch|p2a: Vileplume|Vileplume, L85, M|105/266\n|-activate|p2a: Vileplume|move: Sticky Web\n|-unboost|p2a: Vileplume|spe|1\n|move|p1a: Tatsugiri|Nasty Plot|p1a: Tatsugiri\n|-boost|p1a: Tatsugiri|spa|2\n|\n|-heal|p2a: Vileplume|121/266|[from] item: Leftovers\n|upkeep\n|turn|9\n|inactive|Time left: 300 sec this turn | 300 sec total\n|\n|t:|1783566859\n|move|p1a: Tatsugiri|Surf|p2a: Vileplume\n|-resisted|p2a: Vileplume\n|-damage|p2a: Vileplume|4/266\n|move|p2a: Vileplume|Strength Sap|p1a: Tatsugiri\n|-unboost|p1a: Tatsugiri|atk|1\n|-heal|p2a: Vileplume|141/266\n|\n|-heal|p2a: Vileplume|157/266|[from] item: Leftovers\n|upkeep\n|turn|10\n|inactive|Time left: 300 sec this turn | 300 sec total\n|\n|t:|1783566860\n|move|p1a: Tatsugiri|Draco Meteor|p2a: Vileplume\n|-damage|p2a: Vileplume|0 fnt\n|-unboost|p1a: Tatsugiri|spa|2\n|faint|p2a: Vileplume\n|\n|upkeep\n|inactive|Time left: 300 sec this turn | 300 sec total | 5 sec grace\n|\n|t:|1783566861\n|switch|p2a: Mienshao|Mienshao, L83, M|146/244\n|-activate|p2a: Mienshao|move: Sticky Web\n|-unboost|p2a: Mienshao|spe|1\n|turn|11\n|inactive|Time left: 300 sec this turn | 300 sec total\n|\n|t:|1783566862\n|move|p1a: Tatsugiri|Nasty Plot|p1a: Tatsugiri\n|-boost|p1a: Tatsugiri|spa|2\n|move|p2a: Mienshao|Close Combat|p1a: Tatsugiri\n|-damage|p1a: Tatsugiri|25/100\n|-unboost|p2a: Mienshao|def|1\n|-unboost|p2a: Mienshao|spd|1\n|\n|upkeep\n|turn|12\n|inactive|Time left: 300 sec this turn | 300 sec total\n|\n|t:|1783566863\n|switch|p2a: Hoopa|Hoopa-Unbound, L80|31/259\n|-activate|p2a: Hoopa|move: Sticky Web\n|-unboost|p2a: Hoopa|spe|1\n|move|p1a: Tatsugiri|Surf|p2a: Hoopa\n|-damage|p2a: Hoopa|0 fnt\n|faint|p2a: Hoopa\n|\n|upkeep\n|inactive|Time left: 300 sec this turn | 300 sec total | 5 sec grace\n|\n|t:|1783566864\n|switch|p2a: Mienshao|Mienshao, L83, M|227/244\n|-activate|p2a: Mienshao|move: Sticky Web\n|-unboost|p2a: Mienshao|spe|1\n|turn|13\n|inactive|Time left: 300 sec this turn | 300 sec total\n|\n|t:|1783566865\n|-terastallize|p1a: Tatsugiri|Water\n|move|p2a: Mienshao|Fake Out|p1a: Tatsugiri\n|-damage|p1a: Tatsugiri|9/100\n|cant|p1a: Tatsugiri|flinch\n|\n|upkeep\n|turn|14\n|inactive|Time left: 300 sec this turn | 300 sec total\n|\n|t:|1783566866\n|switch|p2a: Golduck|Golduck, L90, F|290/290\n|-activate|p2a: Golduck|move: Sticky Web\n|-unboost|p2a: Golduck|spe|1\n|-ability|p2a: Golduck|Cloud Nine\n|move|p1a: Tatsugiri|Surf|p2a: Golduck\n|-resisted|p2a: Golduck\n|-damage|p2a: Golduck|137/290\n|\n|upkeep\n|turn|15\n|inactive|Time left: 300 sec this turn | 300 sec total\n|\n|t:|1783566867\n|move|p1a: Tatsugiri|Surf|p2a: Golduck\n|-resisted|p2a: Golduck\n|-damage|p2a: Golduck|0 fnt\n|faint|p2a: Golduck\n|\n|upkeep\n|inactive|Time left: 300 sec this turn | 300 sec total | 5 sec grace\n|\n|t:|1783566868\n|switch|p2a: Mienshao|Mienshao, L83, M|244/244\n|-activate|p2a: Mienshao|move: Sticky Web\n|-unboost|p2a: Mienshao|spe|1\n|turn|16\n|inactive|Time left: 300 sec this turn | 300 sec total\n|\n|t:|1783566869\n|move|p2a: Mienshao|Fake Out|p1a: Tatsugiri\n|-damage|p1a: Tatsugiri|0 fnt\n|faint|p1a: Tatsugiri\n|\n|upkeep\n|\n|t:|1783566870\n|switch|p1a: Regirock|Regirock, L83|100/100\n|turn|17\n|inactive|Time left: 300 sec this turn | 300 sec total\n|\n|t:|1783566871\n|move|p2a: Mienshao|U-turn|p1a: Regirock\n|-damage|p1a: Regirock|90/100\n|inactive|Time left: 300 sec this turn | 300 sec total | 5 sec grace\n|\n|t:|1783566872\n|switch|p2a: Indeedee|Indeedee, L84, M|238/238|[from] U-turn\n|-activate|p2a: Indeedee|move: Sticky Web\n|-unboost|p2a: Indeedee|spe|1\n|-fieldstart|move: Psychic Terrain|[from] ability: Psychic Surge|[of] p2a: Indeedee\n|move|p1a: Regirock|Iron Defense|p1a: Regirock\n|-boost|p1a: Regirock|def|2\n|\n|upkeep\n|turn|18\n|inactive|Time left: 300 sec this turn | 300 sec total\n|\n|t:|1783566873\n|-terastallize|p2a: Indeedee|Psychic\n|move|p2a: Indeedee|Expanding Force|p1a: Regirock\n|-damage|p1a: Regirock|0 fnt\n|faint|p1a: Regirock\n|-damage|p2a: Indeedee|215/238|[from] item: Life Orb\n|\n|upkeep\n|\n|t:|1783566874\n|switch|p1a: Rabsca|Rabsca, L91, F|100/100\n|turn|19\n|inactive|Time left: 300 sec this turn | 300 sec total\n|\n|t:|1783566875\n|move|p2a: Indeedee|Expanding Force|p1a: Rabsca\n|-resisted|p1a: Rabsca\n|-damage|p1a: Rabsca|54/100\n|-damage|p2a: Indeedee|192/238|[from] item: Life Orb\n|move|p1a: Rabsca|Trick Room|p1a: Rabsca\n|-fieldstart|move: Trick Room|[of] p1a: Rabsca\n|\n|upkeep\n|turn|20\n|inactive|Time left: 300 sec this turn | 300 sec total\n|\n|t:|1783566876\n|move|p1a: Rabsca|Psychic|p2a: Indeedee\n|-resisted|p2a: Indeedee\n|-damage|p2a: Indeedee|118/238\n|move|p2a: Indeedee|Hyper Voice|p1a: Rabsca\n|-damage|p1a: Rabsca|17/100\n|-damage|p2a: Indeedee|95/238|[from] item: Life Orb\n|\n|upkeep\n|turn|21\n|inactive|Time left: 300 sec this turn | 300 sec total\n|\n|t:|1783566877\n|move|p1a: Rabsca|Bug Buzz|p2a: Indeedee\n|-supereffective|p2a: Indeedee\n|-damage|p2a: Indeedee|0 fnt\n|faint|p2a: Indeedee\n|\n|-fieldend|move: Psychic Terrain\n|upkeep\n|inactive|Time left: 300 sec this turn | 300 sec total | 5 sec grace\n|\n|t:|1783566878\n|switch|p2a: Mienshao|Mienshao, L83, M|244/244\n|-activate|p2a: Mienshao|move: Sticky Web\n|-unboost|p2a: Mienshao|spe|1\n|turn|22\n|inactive|Time left: 300 sec this turn | 300 sec total\n|\n|t:|1783566878\n|move|p1a: Rabsca|Psychic|p2a: Mienshao\n|-supereffective|p2a: Mienshao\n|-damage|p2a: Mienshao|10/244\n|move|p2a: Mienshao|U-turn|p1a: Rabsca\n|-supereffective|p1a: Rabsca\n|-damage|p1a: Rabsca|0 fnt\n|faint|p1a: Rabsca\n|\n|win|p0y2399de78", "uploadtime": 1783566878, "views": 0, "rating": 0, "private": 0, "password": null, "_winner": "p0y2399de78", "_our_name": "p0y2399de78"}