{"id": "battle-gen9randombattle-2580", "formatid": "gen9randombattle", "format": "[Gen 9] Random Battle", "players": ["p0x25803a85", "p0y2580bb6a"], "log": "|init|battle\n|title|p0x25803a85 vs. p0y2580bb6a\n|j|\u2606p0x25803a85\n|j|\u2606p0y2580bb6a\n|t:|1783569802\n|gametype|singles\n|player|p1|p0x25803a85|169|\n|player|p2|p0y2580bb6a|2|\n|gen|9\n|tier|[Gen 9] Random Battle\n|rule|Species Clause: Limit one of each Pok\u00e9mon\n|rule|HP Percentage Mod: HP is shown in percentages\n|rule|Sleep Clause Mod: Limit one foe put to sleep\n|rule|Illusion Level Mod: Illusion disguises the Pok\u00e9mon's true level\n|\n|t:|1783569802\n|teamsize|p1|6\n|teamsize|p2|6\n|start\n|switch|p1a: Lurantis|Lurantis, L87, M|264/264\n|switch|p2a: Kyurem|Kyurem-Black, L71|100/100\n|-ability|p2a: Kyurem|Teravolt\n|turn|1\n|inactive|Battle timer is ON: inactive players will automatically lose when time's up. (requested by p0x25803a85)\n|inactive|p0y2580bb6a also wants the timer to be on.\n|\n|t:|1783569804\n|-terastallize|p1a: Lurantis|Fighting\n|move|p2a: Kyurem|Icicle Spear|p1a: Lurantis\n|-damage|p1a: Lurantis|237/264\n|-damage|p1a: Lurantis|206/264\n|-damage|p1a: Lurantis|178/264\n|-damage|p1a: Lurantis|150/264\n|-damage|p1a: Lurantis|120/264\n|-hitcount|p1a: Lurantis|5\n|move|p1a: Lurantis|Superpower|p2a: Kyurem\n|-supereffective|p2a: Kyurem\n|-damage|p2a: Kyurem|0 fnt\n|-boost|p1a: Lurantis|atk|1\n|-boost|p1a: Lurantis|def|1\n|faint|p2a: Kyurem\n|\n|-heal|p1a: Lurantis|136/264|[from] item: Leftovers\n|upkeep\n|\n|t:|1783569805\n|switch|p2a: Gumshoos|Gumshoos, L95, F|100/100\n|turn|2\n|inactive|Time left: 300 sec this turn | 300 sec total\n|\n|t:|1783569806\n|move|p2a: Gumshoos|Double-Edge|p1a: Lurantis\n|-damage|p1a: Lurantis|0 fnt\n|faint|p1a: Lurantis\n|-damage|p2a: Gumshoos|86/100|[from] Recoil\n|\n|upkeep\n|inactive|Time left: 300 sec this turn | 300 sec total | 5 sec grace\n|\n|t:|1783569807\n|switch|p1a: Archaludon|Archaludon, L78, F|268/268\n|turn|3\n|inactive|Time left: 300 sec this turn | 300 sec total\n|\n|t:|1783569808\n|move|p1a: Archaludon|Swords Dance|p1a: Archaludon\n|-boost|p1a: Archaludon|atk|2\n|move|p2a: Gumshoos|Double-Edge|p1a: Archaludon\n|-resisted|p1a: Archaludon\n|-damage|p1a: Archaludon|136/268\n|-ability|p1a: Archaludon|Stamina|boost\n|-boost|p1a: Archaludon|def|1\n|-damage|p2a: Gumshoos|73/100|[from] Recoil\n|\n|upkeep\n|turn|4\n|inactive|Time left: 300 sec this turn | 300 sec total\n|\n|t:|1783569809\n|switch|p2a: Gurdurr|Gurdurr, L85, M|100/100\n|move|p1a: Archaludon|Outrage|p2a: Gurdurr\n|-damage|p2a: Gurdurr|43/100\n|\n|upkeep\n|turn|5\n|inactive|Time left: 300 sec this turn | 300 sec total\n|\n|t:|1783569809\n|-terastallize|p2a: Gurdurr|Steel\n|move|p1a: Archaludon|Outrage|p2a: Gurdurr|[from] lockedmove\n|-resisted|p2a: Gurdurr\n|-damage|p2a: Gurdurr|15/100\n|move|p2a: Gurdurr|Drain Punch|p1a: Archaludon\n|-supereffective|p1a: Archaludon\n|-damage|p1a: Archaludon|44/268\n|-heal|p2a: Gurdurr|32/100|[from] drain|[of] p1a: Archaludon\n|-ability|p1a: Archaludon|Stamina|boost\n|-boost|p1a: Archaludon|def|1\n|\n|upkeep\n|turn|6\n|inactive|Time left: 300 sec this turn | 300 sec total\n|\n|t:|1783569810\n|move|p1a: Archaludon|Outrage|p2a: Gurdurr|[from] lockedmove\n|-resisted|p2a: Gurdurr\n|-damage|p2a: Gurdurr|4/100\n|-start|p1a: Archaludon|confusion|[fatigue]\n|-enditem|p1a: Archaludon|Lum Berry|[eat]\n|-end|p1a: Archaludon|confusion\n|move|p2a: Gurdurr|Drain Punch|p1a: Archaludon\n|-supereffective|p1a: Archaludon\n|-damage|p1a: Archaludon|0 fnt\n|-heal|p2a: Gurdurr|12/100|[from] drain|[of] p1a: Archaludon\n|faint|p1a: Archaludon\n|\n|upkeep\n|inactive|Time left: 300 sec this turn | 300 sec total | 5 sec grace\n|\n|t:|1783569811\n|switch|p1a: Flamigo|Flamigo, L82, F|269/269\n|turn|7\n|inactive|Time left: 300 sec this turn | 300 sec total\n|\n|t:|1783569812\n|move|p2a: Gurdurr|Mach Punch|p1a: Flamigo\n|-resisted|p1a: Flamigo\n|-damage|p1a: Flamigo|242/269\n|move|p1a: Flamigo|Brave Bird|p2a: Gurdurr\n|-resisted|p2a: Gurdurr\n|-damage|p2a: Gurdurr|0 fnt\n|faint|p2a: Gurdurr\n|-damage|p1a: Flamigo|231/269|[from] Recoil\n|\n|upkeep\n|\n|t:|1783569813\n|switch|p2a: Mesprit|Mesprit, L85|100/100\n|turn|8\n|inactive|Time left: 300 sec this turn | 300 sec total\n|\n|t:|1783569814\n|move|p2a: Mesprit|Psychic|p1a: Flamigo\n|-supereffective|p1a: Flamigo\n|-damage|p1a: Flamigo|0 fnt\n|faint|p1a: Flamigo\n|\n|upkeep\n|inactive|Time left: 300 sec this turn | 300 sec total | 5 sec grace\n|\n|t:|1783569815\n|switch|p1a: Reuniclus|Reuniclus, L88, M|337/337\n|turn|9\n|inactive|Time left: 300 sec this turn | 300 sec total\n|\n|t:|1783569815\n|move|p2a: Mesprit|Psychic|p1a: Reuniclus\n|-resisted|p1a: Reuniclus\n|-damage|p1a: Reuniclus|286/337\n|move|p1a: Reuniclus|Focus Blast|p2a: Mesprit\n|-resisted|p2a: Mesprit\n|-damage|p2a: Mesprit|78/100\n|\n|upkeep\n|turn|10\n|inactive|Time left: 300 sec this turn | 300 sec total\n|\n|t:|1783569817\n|move|p2a: Mesprit|Psychic|p1a: Reuniclus\n|-resisted|p1a: Reuniclus\n|-damage|p1a: Reuniclus|230/337\n|move|p1a: Reuniclus|Focus Blast|p2a: Mesprit\n|-resisted|p2a: Mesprit\n|-damage|p2a: Mesprit|55/100\n|\n|upkeep\n|turn|11\n|inactive|Time left: 300 sec this turn | 300 sec total\n|\n|t:|1783569818\n|move|p2a: Mesprit|Psychic|p1a: Reuniclus\n|-resisted|p1a: Reuniclus\n|-damage|p1a: Reuniclus|176/337\n|move|p1a: Reuniclus|Focus Blast|p2a: Mesprit\n|-resisted|p2a: Mesprit\n|-damage|p2a: Mesprit|32/100\n|\n|upkeep\n|turn|12\n|inactive|Time left: 300 sec this turn | 300 sec total\n|\n|t:|1783569820\n|switch|p2a: Gumshoos|Gumshoos, L95, F|73/100\n|move|p1a: Reuniclus|Focus Blast|p2a: Gumshoos|[miss]\n|-miss|p1a: Reuniclus|p2a: Gumshoos\n|\n|upkeep\n|turn|13\n|inactive|Time left: 300 sec this turn | 300 sec total\n|\n|t:|1783569821\n|switch|p1a: Fezandipiti|Fezandipiti, L82, M|278/278\n|move|p2a: Gumshoos|Double-Edge|p1a: Fezandipiti\n|-damage|p1a: Fezandipiti|0 fnt\n|faint|p1a: Fezandipiti\n|-damage|p2a: Gumshoos|44/100|[from] Recoil\n|\n|upkeep\n|inactive|Time left: 300 sec this turn | 300 sec total | 5 sec grace\n|\n|t:|1783569822\n|switch|p1a: Tauros|Tauros, L82, M|257/257\n|turn|14\n|inactive|Time left: 300 sec this turn | 300 sec total\n|\n|t:|1783569823\n|move|p1a: Tauros|Body Slam|p2a: Gumshoos\n|-damage|p2a: Gumshoos|0 fnt\n|faint|p2a: Gumshoos\n|\n|upkeep\n|\n|t:|1783569824\n|switch|p2a: Brute Bonnet|Brute Bonnet, L80|100/100\n|turn|15\n|inactive|Time left: 300 sec this turn | 300 sec total\n|\n|t:|1783569825\n|move|p1a: Tauros|Body Slam|p2a: Brute Bonnet\n|-damage|p2a: Brute Bonnet|57/100\n|move|p2a: Brute Bonnet|Close Combat|p1a: Tauros\n|-supereffective|p1a: Tauros\n|-damage|p1a: Tauros|81/257\n|-unboost|p2a: Brute Bonnet|def|1\n|-unboost|p2a: Brute Bonnet|spd|1\n|\n|-heal|p2a: Brute Bonnet|64/100|[from] item: Leftovers\n|upkeep\n|turn|16\n|inactive|Time left: 300 sec this turn | 300 sec total\n|\n|t:|1783569826\n|move|p2a: Brute Bonnet|Sucker Punch|p1a: Tauros\n|-damage|p1a: Tauros|0 fnt\n|faint|p1a: Tauros\n|\n|-heal|p2a: Brute Bonnet|70/100|[from] item: Leftovers\n|upkeep\n|inactive|Time left: 300 sec this turn | 300 sec total | 5 sec grace\n|\n|t:|1783569827\n|switch|p1a: Reuniclus|Reuniclus, L88, M|176/337\n|turn|17\n|inactive|Time left: 300 sec this turn | 300 sec total\n|\n|t:|1783569828\n|move|p2a: Brute Bonnet|Crunch|p1a: Reuniclus\n|-supereffective|p1a: Reuniclus\n|-damage|p1a: Reuniclus|0 fnt\n|faint|p1a: Reuniclus\n|\n|win|p0y2580bb6a", "uploadtime": 1783569828, "views": 0, "rating": 0, "private": 0, "password": null, "_winner": "p0y2580bb6a", "_our_name": "p0x25803a85"}