{"id": "battle-gen9randombattle-1710", "formatid": "gen9randombattle", "format": "[Gen 9] Random Battle", "players": ["p0x17101d82", "p0y17100823"], "log": "|init|battle\n|title|p0x17101d82 vs. p0y17100823\n|j|\u2606p0x17101d82\n|j|\u2606p0y17100823\n|t:|1783559798\n|gametype|singles\n|player|p1|p0x17101d82|2|\n|player|p2|p0y17100823|2|\n|gen|9\n|tier|[Gen 9] Random Battle\n|rule|Species Clause: Limit one of each Pok\u00e9mon\n|rule|HP Percentage Mod: HP is shown in percentages\n|rule|Sleep Clause Mod: Limit one foe put to sleep\n|rule|Illusion Level Mod: Illusion disguises the Pok\u00e9mon's true level\n|\n|t:|1783559798\n|teamsize|p1|6\n|teamsize|p2|6\n|start\n|switch|p1a: Baxcalibur|Baxcalibur, L75, F|100/100\n|switch|p2a: Glaceon|Glaceon, L94, M|275/275\n|turn|1\n|inactive|Battle timer is ON: inactive players will automatically lose when time's up. (requested by p0x17101d82)\n|inactive|Time left: 300 sec this turn | 300 sec total | 60 sec grace\n|inactive|p0y17100823 also wants the timer to be on.\n|\n|t:|1783559800\n|move|p2a: Glaceon|Freeze-Dry|p1a: Baxcalibur\n|-damage|p1a: Baxcalibur|56/100\n|move|p1a: Baxcalibur|Glaive Rush|p2a: Glaceon\n|-damage|p2a: Glaceon|124/275\n|-singlemove|p1a: Baxcalibur|Glaive Rush|[silent]\n|\n|upkeep\n|turn|2\n|inactive|Time left: 300 sec this turn | 300 sec total\n|\n|t:|1783559801\n|move|p2a: Glaceon|Freeze-Dry|p1a: Baxcalibur\n|-damage|p1a: Baxcalibur|0 fnt\n|faint|p1a: Baxcalibur\n|\n|upkeep\n|\n|t:|1783559802\n|switch|p1a: Gardevoir|Gardevoir, L83, F|100/100\n|-ability|p1a: Gardevoir|Ice Body|Trace|[from] ability: Trace|[of] p2a: Glaceon\n|turn|3\n|inactive|Time left: 300 sec this turn | 300 sec total\n|\n|t:|1783559803\n|move|p1a: Gardevoir|Moonblast|p2a: Glaceon\n|-damage|p2a: Glaceon|0 fnt\n|faint|p2a: Glaceon\n|-damage|p1a: Gardevoir|91/100|[from] item: Life Orb\n|\n|upkeep\n|inactive|Time left: 300 sec this turn | 300 sec total | 5 sec grace\n|\n|t:|1783559804\n|switch|p2a: Houndoom|Houndoom, L87, F|272/272\n|turn|4\n|inactive|Time left: 300 sec this turn | 300 sec total\n|\n|t:|1783559805\n|move|p2a: Houndoom|Nasty Plot|p2a: Houndoom\n|-boost|p2a: Houndoom|spa|2\n|move|p1a: Gardevoir|Focus Blast|p2a: Houndoom|[miss]\n|-miss|p1a: Gardevoir|p2a: Houndoom\n|\n|upkeep\n|turn|5\n|inactive|Time left: 300 sec this turn | 300 sec total\n|\n|t:|1783559806\n|switch|p1a: Rampardos|Rampardos, L90, F|100/100\n|move|p2a: Houndoom|Fire Blast|p1a: Rampardos\n|-resisted|p1a: Rampardos\n|-damage|p1a: Rampardos|44/100\n|-status|p1a: Rampardos|brn\n|\n|-damage|p1a: Rampardos|38/100 brn|[from] brn\n|upkeep\n|turn|6\n|inactive|Time left: 300 sec this turn | 300 sec total\n|\n|t:|1783559808\n|move|p1a: Rampardos|Head Smash|p2a: Houndoom\n|-supereffective|p2a: Houndoom\n|-damage|p2a: Houndoom|0 fnt\n|faint|p2a: Houndoom\n|-damage|p1a: Rampardos|0 fnt|[from] Recoil\n|faint|p1a: Rampardos\n|\n|upkeep\n|inactive|Time left: 300 sec this turn | 300 sec total | 5 sec grace\n|\n|t:|1783559809\n|switch|p2a: Manaphy|Manaphy, L78|284/284\n|switch|p1a: Hitmonlee|Hitmonlee, L85, M|100/100\n|turn|7\n|inactive|Time left: 300 sec this turn | 300 sec total\n|\n|t:|1783559810\n|move|p2a: Manaphy|Tail Glow|p2a: Manaphy\n|-boost|p2a: Manaphy|spa|3\n|move|p1a: Hitmonlee|High Jump Kick|p2a: Manaphy\n|-damage|p2a: Manaphy|0 fnt\n|faint|p2a: Manaphy\n|\n|upkeep\n|inactive|Time left: 300 sec this turn | 300 sec total | 5 sec grace\n|\n|t:|1783559811\n|switch|p2a: Terrakion|Terrakion, L79|273/273\n|turn|8\n|inactive|Time left: 300 sec this turn | 300 sec total\n|\n|t:|1783559812\n|move|p2a: Terrakion|Close Combat|p1a: Hitmonlee\n|-damage|p1a: Hitmonlee|0 fnt\n|-unboost|p2a: Terrakion|def|1\n|-unboost|p2a: Terrakion|spd|1\n|faint|p1a: Hitmonlee\n|\n|upkeep\n|\n|t:|1783559813\n|switch|p1a: Gardevoir|Gardevoir, L83, F|91/100\n|-ability|p1a: Gardevoir|Justified|Trace|[from] ability: Trace|[of] p2a: Terrakion\n|turn|9\n|inactive|Time left: 300 sec this turn | 300 sec total\n|\n|t:|1783559814\n|switch|p2a: Golduck|Golduck, L90, F|290/290\n|-ability|p2a: Golduck|Cloud Nine\n|move|p1a: Gardevoir|Moonblast|p2a: Golduck\n|-damage|p2a: Golduck|134/290\n|-unboost|p2a: Golduck|spa|1\n|-damage|p1a: Gardevoir|81/100|[from] item: Life Orb\n|\n|-heal|p2a: Golduck|152/290|[from] item: Leftovers\n|upkeep\n|turn|10\n|inactive|Time left: 300 sec this turn | 300 sec total\n|\n|t:|1783559815\n|move|p2a: Golduck|Ice Beam|p1a: Gardevoir\n|-damage|p1a: Gardevoir|64/100\n|move|p1a: Gardevoir|Psychic|p2a: Golduck\n|-damage|p2a: Golduck|0 fnt\n|faint|p2a: Golduck\n|-damage|p1a: Gardevoir|55/100|[from] item: Life Orb\n|\n|upkeep\n|inactive|Time left: 300 sec this turn | 300 sec total | 5 sec grace\n|\n|t:|1783559817\n|switch|p2a: Terrakion|Terrakion, L79|273/273\n|turn|11\n|inactive|Time left: 300 sec this turn | 300 sec total\n|\n|t:|1783559818\n|move|p2a: Terrakion|Earthquake|p1a: Gardevoir\n|-damage|p1a: Gardevoir|0 fnt\n|faint|p1a: Gardevoir\n|\n|upkeep\n|\n|t:|1783559819\n|switch|p1a: Grumpig|Grumpig, L92, F|100/100\n|turn|12\n|inactive|Time left: 300 sec this turn | 300 sec total\n|\n|t:|1783559820\n|switch|p2a: Uxie|Uxie, L83|260/260\n|-terastallize|p1a: Grumpig|Psychic\n|move|p1a: Grumpig|Psychic|p2a: Uxie\n|-resisted|p2a: Uxie\n|-damage|p2a: Uxie|205/260\n|\n|-heal|p2a: Uxie|221/260|[from] item: Leftovers\n|upkeep\n|turn|13\n|inactive|Time left: 300 sec this turn | 300 sec total\n|\n|t:|1783559821\n|move|p1a: Grumpig|Psychic|p2a: Uxie\n|-resisted|p2a: Uxie\n|-damage|p2a: Uxie|172/260\n|move|p2a: Uxie|Yawn|p1a: Grumpig\n|-start|p1a: Grumpig|move: Yawn|[of] p2a: Uxie\n|\n|-heal|p2a: Uxie|188/260|[from] item: Leftovers\n|upkeep\n|turn|14\n|inactive|Time left: 300 sec this turn | 300 sec total\n|\n|t:|1783559822\n|switch|p1a: Incineroar|Incineroar, L82, M|100/100\n|-ability|p1a: Incineroar|Intimidate|boost\n|-unboost|p2a: Uxie|atk|1\n|move|p2a: Uxie|U-turn|p1a: Incineroar\n|-damage|p1a: Incineroar|91/100\n|inactive|Time left: 300 sec this turn | 300 sec total | 5 sec grace\n|\n|t:|1783559822\n|switch|p2a: Terrakion|Terrakion, L79|273/273|[from] U-turn\n|\n|upkeep\n|turn|15\n|inactive|Time left: 300 sec this turn | 300 sec total\n|\n|t:|1783559823\n|switch|p1a: Grumpig|Grumpig, L92, F, tera:Psychic|100/100\n|move|p2a: Terrakion|Stone Edge|p1a: Grumpig\n|-damage|p1a: Grumpig|37/100\n|\n|upkeep\n|turn|16\n|inactive|Time left: 300 sec this turn | 300 sec total\n|\n|t:|1783559824\n|switch|p2a: Uxie|Uxie, L83|188/260\n|move|p1a: Grumpig|Psychic|p2a: Uxie\n|-resisted|p2a: Uxie\n|-damage|p2a: Uxie|132/260\n|\n|-heal|p2a: Uxie|148/260|[from] item: Leftovers\n|upkeep\n|turn|17\n|inactive|Time left: 300 sec this turn | 300 sec total\n|\n|t:|1783559824\n|move|p1a: Grumpig|Psychic|p2a: Uxie\n|-resisted|p2a: Uxie\n|-damage|p2a: Uxie|90/260\n|move|p2a: Uxie|Psychic Noise|p1a: Grumpig\n|-resisted|p1a: Grumpig\n|-crit|p1a: Grumpig\n|-damage|p1a: Grumpig|23/100\n|-start|p1a: Grumpig|move: Heal Block\n|\n|-heal|p2a: Uxie|106/260|[from] item: Leftovers\n|upkeep\n|turn|18\n|inactive|Time left: 300 sec this turn | 300 sec total\n|\n|t:|1783559825\n|switch|p1a: Incineroar|Incineroar, L82, M|91/100\n|-ability|p1a: Incineroar|Intimidate|boost\n|-unboost|p2a: Uxie|atk|1\n|move|p2a: Uxie|U-turn|p1a: Incineroar\n|-damage|p1a: Incineroar|83/100\n|inactive|Time left: 300 sec this turn | 300 sec total | 5 sec grace\n|\n|t:|1783559826\n|switch|p2a: Terrakion|Terrakion, L79|273/273|[from] U-turn\n|\n|upkeep\n|turn|19\n|inactive|Time left: 300 sec this turn | 300 sec total\n|\n|t:|1783559827\n|-terastallize|p2a: Terrakion|Fighting\n|move|p2a: Terrakion|Close Combat|p1a: Incineroar\n|-supereffective|p1a: Incineroar\n|-damage|p1a: Incineroar|0 fnt\n|-unboost|p2a: Terrakion|def|1\n|-unboost|p2a: Terrakion|spd|1\n|faint|p1a: Incineroar\n|\n|upkeep\n|\n|t:|1783559827\n|switch|p1a: Grumpig|Grumpig, L92, F, tera:Psychic|23/100\n|turn|20\n|inactive|Time left: 300 sec this turn | 300 sec total\n|\n|t:|1783559828\n|move|p1a: Grumpig|Psychic|p2a: Terrakion\n|-supereffective|p2a: Terrakion\n|-damage|p2a: Terrakion|0 fnt\n|faint|p2a: Terrakion\n|\n|upkeep\n|inactive|Time left: 300 sec this turn | 300 sec total | 5 sec grace\n|\n|t:|1783559828\n|switch|p2a: Uxie|Uxie, L83|106/260\n|turn|21\n|inactive|Time left: 300 sec this turn | 300 sec total\n|\n|t:|1783559829\n|move|p1a: Grumpig|Psychic|p2a: Uxie\n|-resisted|p2a: Uxie\n|-damage|p2a: Uxie|48/260\n|move|p2a: Uxie|U-turn|p1a: Grumpig\n|-supereffective|p1a: Grumpig\n|-damage|p1a: Grumpig|0 fnt\n|faint|p1a: Grumpig\n|\n|win|p0y17100823", "uploadtime": 1783559829, "views": 0, "rating": 0, "private": 0, "password": null, "_winner": "p0y17100823", "_our_name": "p0y17100823"}