{"id": "battle-gen9randombattle-613", "formatid": "gen9randombattle", "format": "[Gen 9] Random Battle", "players": ["p0x6131471", "p0y613cd65"], "log": "|init|battle\n|title|p0x6131471 vs. p0y613cd65\n|j|\u2606p0x6131471\n|j|\u2606p0y613cd65\n|t:|1783546916\n|gametype|singles\n|player|p1|p0x6131471|170|\n|player|p2|p0y613cd65|170|\n|gen|9\n|tier|[Gen 9] Random Battle\n|rule|Species Clause: Limit one of each Pok\u00e9mon\n|rule|HP Percentage Mod: HP is shown in percentages\n|rule|Sleep Clause Mod: Limit one foe put to sleep\n|rule|Illusion Level Mod: Illusion disguises the Pok\u00e9mon's true level\n|\n|t:|1783546916\n|teamsize|p1|6\n|teamsize|p2|6\n|start\n|switch|p1a: Suicune|Suicune, L82|298/298\n|switch|p2a: Noivern|Noivern, L82, F|100/100\n|-ability|p1a: Suicune|Pressure\n|turn|1\n|inactive|Battle timer is ON: inactive players will automatically lose when time's up. (requested by p0x6131471)\n|inactive|p0y613cd65 also wants the timer to be on.\n|\n|t:|1783546917\n|move|p2a: Noivern|Hurricane|p1a: Suicune\n|-damage|p1a: Suicune|205/298\n|-start|p1a: Suicune|confusion\n|-activate|p1a: Suicune|confusion\n|move|p1a: Suicune|Calm Mind|p1a: Suicune\n|-boost|p1a: Suicune|spa|1\n|-boost|p1a: Suicune|spd|1\n|\n|-heal|p1a: Suicune|223/298|[from] item: Leftovers\n|upkeep\n|turn|2\n|inactive|Time left: 300 sec this turn | 300 sec total\n|\n|t:|1783546918\n|switch|p2a: Leavanny|Leavanny, L86, F|100/100\n|-end|p1a: Suicune|confusion\n|move|p1a: Suicune|Scald|p2a: Leavanny\n|-resisted|p2a: Leavanny\n|-damage|p2a: Leavanny|79/100\n|-status|p2a: Leavanny|brn\n|\n|-heal|p1a: Suicune|241/298|[from] item: Leftovers\n|-damage|p2a: Leavanny|73/100 brn|[from] brn\n|upkeep\n|turn|3\n|inactive|Time left: 300 sec this turn | 300 sec total\n|\n|t:|1783546919\n|move|p2a: Leavanny|Sticky Web|p1a: Suicune\n|-sidestart|p1: p0x6131471|move: Sticky Web\n|move|p1a: Suicune|Calm Mind|p1a: Suicune\n|-boost|p1a: Suicune|spa|1\n|-boost|p1a: Suicune|spd|1\n|\n|-heal|p1a: Suicune|259/298|[from] item: Leftovers\n|-damage|p2a: Leavanny|67/100 brn|[from] brn\n|upkeep\n|turn|4\n|inactive|Time left: 300 sec this turn | 300 sec total\n|\n|t:|1783546920\n|move|p2a: Leavanny|Bullet Seed|p1a: Suicune\n|-supereffective|p1a: Suicune\n|-damage|p1a: Suicune|235/298\n|-supereffective|p1a: Suicune\n|-damage|p1a: Suicune|208/298\n|-supereffective|p1a: Suicune\n|-damage|p1a: Suicune|181/298\n|-supereffective|p1a: Suicune\n|-damage|p1a: Suicune|157/298\n|-supereffective|p1a: Suicune\n|-crit|p1a: Suicune\n|-damage|p1a: Suicune|118/298\n|-hitcount|p1a: Suicune|5\n|move|p1a: Suicune|Calm Mind|p1a: Suicune\n|-boost|p1a: Suicune|spa|1\n|-boost|p1a: Suicune|spd|1\n|\n|-heal|p1a: Suicune|136/298|[from] item: Leftovers\n|-damage|p2a: Leavanny|61/100 brn|[from] brn\n|upkeep\n|turn|5\n|inactive|Time left: 300 sec this turn | 300 sec total\n|\n|t:|1783546921\n|move|p2a: Leavanny|Bullet Seed|p1a: Suicune\n|-supereffective|p1a: Suicune\n|-damage|p1a: Suicune|109/298\n|-supereffective|p1a: Suicune\n|-damage|p1a: Suicune|85/298\n|-supereffective|p1a: Suicune\n|-damage|p1a: Suicune|61/298\n|-supereffective|p1a: Suicune\n|-damage|p1a: Suicune|36/298\n|-supereffective|p1a: Suicune\n|-damage|p1a: Suicune|9/298\n|-hitcount|p1a: Suicune|5\n|move|p1a: Suicune|Rest|p1a: Suicune\n|-status|p1a: Suicune|slp|[from] move: Rest\n|-heal|p1a: Suicune|298/298 slp|[silent]\n|\n|-damage|p2a: Leavanny|55/100 brn|[from] brn\n|upkeep\n|turn|6\n|inactive|Time left: 300 sec this turn | 300 sec total\n|\n|t:|1783546923\n|move|p2a: Leavanny|Knock Off|p1a: Suicune\n|-damage|p1a: Suicune|269/298 slp\n|-enditem|p1a: Suicune|Leftovers|[from] move: Knock Off|[of] p2a: Leavanny\n|cant|p1a: Suicune|slp\n|move|p1a: Suicune|Sleep Talk|p1a: Suicune\n|move|p1a: Suicune|Rest||[from] move: Sleep Talk|[still]\n|-fail|p1a: Suicune\n|\n|-damage|p2a: Leavanny|49/100 brn|[from] brn\n|upkeep\n|turn|7\n|inactive|Time left: 300 sec this turn | 300 sec total\n|\n|t:|1783546923\n|move|p2a: Leavanny|Bullet Seed|p1a: Suicune\n|-supereffective|p1a: Suicune\n|-damage|p1a: Suicune|245/298 slp\n|-supereffective|p1a: Suicune\n|-damage|p1a: Suicune|221/298 slp\n|-supereffective|p1a: Suicune\n|-damage|p1a: Suicune|197/298 slp\n|-supereffective|p1a: Suicune\n|-damage|p1a: Suicune|172/298 slp\n|-supereffective|p1a: Suicune\n|-damage|p1a: Suicune|148/298 slp\n|-hitcount|p1a: Suicune|5\n|cant|p1a: Suicune|slp\n|move|p1a: Suicune|Sleep Talk|p1a: Suicune\n|move|p1a: Suicune|Calm Mind|p1a: Suicune|[from] move: Sleep Talk\n|-boost|p1a: Suicune|spa|1\n|-boost|p1a: Suicune|spd|1\n|\n|-damage|p2a: Leavanny|43/100 brn|[from] brn\n|upkeep\n|turn|8\n|inactive|Time left: 300 sec this turn | 300 sec total\n|\n|t:|1783546925\n|move|p2a: Leavanny|Bullet Seed|p1a: Suicune\n|-supereffective|p1a: Suicune\n|-damage|p1a: Suicune|124/298 slp\n|-supereffective|p1a: Suicune\n|-damage|p1a: Suicune|99/298 slp\n|-supereffective|p1a: Suicune\n|-damage|p1a: Suicune|74/298 slp\n|-supereffective|p1a: Suicune\n|-damage|p1a: Suicune|50/298 slp\n|-hitcount|p1a: Suicune|4\n|-curestatus|p1a: Suicune|slp|[msg]\n|move|p1a: Suicune|Rest|p1a: Suicune\n|-status|p1a: Suicune|slp|[from] move: Rest\n|-heal|p1a: Suicune|298/298 slp|[silent]\n|\n|-damage|p2a: Leavanny|37/100 brn|[from] brn\n|upkeep\n|turn|9\n|inactive|Time left: 300 sec this turn | 300 sec total\n|\n|t:|1783546926\n|move|p2a: Leavanny|Bullet Seed|p1a: Suicune\n|-supereffective|p1a: Suicune\n|-damage|p1a: Suicune|273/298 slp\n|-supereffective|p1a: Suicune\n|-damage|p1a: Suicune|248/298 slp\n|-supereffective|p1a: Suicune\n|-damage|p1a: Suicune|223/298 slp\n|-supereffective|p1a: Suicune\n|-damage|p1a: Suicune|196/298 slp\n|-hitcount|p1a: Suicune|4\n|cant|p1a: Suicune|slp\n|move|p1a: Suicune|Sleep Talk|p1a: Suicune\n|move|p1a: Suicune|Rest||[from] move: Sleep Talk|[still]\n|-fail|p1a: Suicune\n|\n|-damage|p2a: Leavanny|31/100 brn|[from] brn\n|upkeep\n|turn|10\n|inactive|Time left: 300 sec this turn | 300 sec total\n|\n|t:|1783546927\n|move|p2a: Leavanny|Bullet Seed|p1a: Suicune\n|-supereffective|p1a: Suicune\n|-damage|p1a: Suicune|172/298 slp\n|-supereffective|p1a: Suicune\n|-damage|p1a: Suicune|145/298 slp\n|-supereffective|p1a: Suicune\n|-damage|p1a: Suicune|120/298 slp\n|-supereffective|p1a: Suicune\n|-damage|p1a: Suicune|95/298 slp\n|-supereffective|p1a: Suicune\n|-damage|p1a: Suicune|68/298 slp\n|-hitcount|p1a: Suicune|5\n|cant|p1a: Suicune|slp\n|move|p1a: Suicune|Sleep Talk|p1a: Suicune\n|move|p1a: Suicune|Scald|p2a: Leavanny|[from] move: Sleep Talk\n|-resisted|p2a: Leavanny\n|-damage|p2a: Leavanny|0 fnt\n|faint|p2a: Leavanny\n|\n|upkeep\n|\n|t:|1783546928\n|switch|p2a: Oranguru|Oranguru, L92, F|100/100\n|turn|11\n|inactive|Time left: 300 sec this turn | 300 sec total\n|\n|t:|1783546929\n|-curestatus|p1a: Suicune|slp|[msg]\n|move|p1a: Suicune|Rest|p1a: Suicune\n|-status|p1a: Suicune|slp|[from] move: Rest\n|-heal|p1a: Suicune|298/298 slp|[silent]\n|move|p2a: Oranguru|Psyshock|p1a: Suicune\n|-damage|p1a: Suicune|183/298 slp\n|\n|upkeep\n|turn|12\n|inactive|Time left: 300 sec this turn | 300 sec total\n|\n|t:|1783546931\n|cant|p1a: Suicune|slp\n|move|p1a: Suicune|Sleep Talk|p1a: Suicune\n|move|p1a: Suicune|Calm Mind|p1a: Suicune|[from] move: Sleep Talk\n|-boost|p1a: Suicune|spa|1\n|-boost|p1a: Suicune|spd|1\n|move|p2a: Oranguru|Psyshock|p1a: Suicune\n|-damage|p1a: Suicune|68/298 slp\n|\n|upkeep\n|turn|13\n|inactive|Time left: 300 sec this turn | 300 sec total\n|\n|t:|1783546932\n|-terastallize|p1a: Suicune|Steel\n|cant|p1a: Suicune|slp\n|move|p1a: Suicune|Sleep Talk|p1a: Suicune\n|move|p1a: Suicune|Rest||[from] move: Sleep Talk|[still]\n|-fail|p1a: Suicune\n|move|p2a: Oranguru|Psyshock|p1a: Suicune\n|-resisted|p1a: Suicune\n|-damage|p1a: Suicune|14/298 slp\n|\n|upkeep\n|turn|14\n|inactive|Time left: 300 sec this turn | 300 sec total\n|\n|t:|1783546933\n|-curestatus|p1a: Suicune|slp|[msg]\n|move|p1a: Suicune|Rest|p1a: Suicune\n|-status|p1a: Suicune|slp|[from] move: Rest\n|-heal|p1a: Suicune|298/298 slp|[silent]\n|move|p2a: Oranguru|Psyshock|p1a: Suicune\n|-resisted|p1a: Suicune\n|-damage|p1a: Suicune|240/298 slp\n|\n|upkeep\n|turn|15\n|inactive|Time left: 300 sec this turn | 300 sec total\n|\n|t:|1783546934\n|cant|p1a: Suicune|slp\n|move|p1a: Suicune|Sleep Talk|p1a: Suicune\n|move|p1a: Suicune|Rest||[from] move: Sleep Talk|[still]\n|-fail|p1a: Suicune\n|move|p2a: Oranguru|Psyshock|p1a: Suicune\n|-resisted|p1a: Suicune\n|-damage|p1a: Suicune|186/298 slp\n|\n|upkeep\n|turn|16\n|inactive|Time left: 300 sec this turn | 300 sec total\n|\n|t:|1783546936\n|cant|p1a: Suicune|slp\n|move|p1a: Suicune|Sleep Talk|p1a: Suicune\n|move|p1a: Suicune|Rest||[from] move: Sleep Talk|[still]\n|-fail|p1a: Suicune\n|move|p2a: Oranguru|Psyshock|p1a: Suicune\n|-resisted|p1a: Suicune\n|-damage|p1a: Suicune|132/298 slp\n|\n|upkeep\n|turn|17\n|inactive|Time left: 300 sec this turn | 300 sec total\n|\n|t:|1783546937\n|-curestatus|p1a: Suicune|slp|[msg]\n|move|p1a: Suicune|Scald|p2a: Oranguru\n|-damage|p2a: Oranguru|38/100\n|move|p2a: Oranguru|Psyshock|p1a: Suicune\n|-resisted|p1a: Suicune\n|-damage|p1a: Suicune|72/298\n|\n|upkeep\n|turn|18\n|inactive|Time left: 300 sec this turn | 300 sec total\n|\n|t:|1783546938\n|move|p1a: Suicune|Scald|p2a: Oranguru\n|-damage|p2a: Oranguru|0 fnt\n|faint|p2a: Oranguru\n|\n|upkeep\n|\n|t:|1783546939\n|switch|p2a: Ho-Oh|Ho-Oh, L71|100/100\n|turn|19\n|inactive|Time left: 300 sec this turn | 300 sec total\n|\n|t:|1783546940\n|-terastallize|p2a: Ho-Oh|Steel\n|move|p1a: Suicune|Scald|p2a: Ho-Oh\n|-damage|p2a: Ho-Oh|27/100\n|move|p2a: Ho-Oh|Sacred Fire|p1a: Suicune\n|-supereffective|p1a: Suicune\n|-damage|p1a: Suicune|0 fnt\n|faint|p1a: Suicune\n|\n|upkeep\n|inactive|Time left: 300 sec this turn | 300 sec total | 5 sec grace\n|\n|t:|1783546941\n|switch|p1a: Minior|Minior-Orange, L79|224/224\n|-formechange|p1a: Minior|Minior-Meteor||[from] ability: Shields Down\n|turn|20\n|inactive|Time left: 300 sec this turn | 300 sec total\n|\n|t:|1783546943\n|switch|p2a: Bisharp|Bisharp, L79, F|100/100\n|move|p1a: Minior|Shell Smash|p1a: Minior\n|-unboost|p1a: Minior|def|1\n|-unboost|p1a: Minior|spd|1\n|-boost|p1a: Minior|atk|2\n|-boost|p1a: Minior|spa|2\n|-boost|p1a: Minior|spe|2\n|-enditem|p1a: Minior|White Herb\n|-clearnegativeboost|p1a: Minior|[silent]\n|\n|upkeep\n|turn|21\n|inactive|Time left: 300 sec this turn | 300 sec total\n|\n|t:|1783546944\n|move|p1a: Minior|Earthquake|p2a: Bisharp\n|-supereffective|p2a: Bisharp\n|-damage|p2a: Bisharp|54/100\n|move|p2a: Bisharp|Iron Head|p1a: Minior\n|-supereffective|p1a: Minior\n|-damage|p1a: Minior|54/224\n|\n|-formechange|p1a: Minior|Minior-Orange||[from] ability: Shields Down\n|upkeep\n|turn|22\n|inactive|Time left: 300 sec this turn | 300 sec total\n|\n|t:|1783546945\n|move|p2a: Bisharp|Sucker Punch||[still]\n|-fail|p2a: Bisharp\n|move|p1a: Minior|Shell Smash|p1a: Minior\n|-unboost|p1a: Minior|def|1\n|-unboost|p1a: Minior|spd|1\n|-boost|p1a: Minior|atk|2\n|-boost|p1a: Minior|spa|2\n|-boost|p1a: Minior|spe|2\n|\n|upkeep\n|turn|23\n|inactive|Time left: 300 sec this turn | 300 sec total\n|\n|t:|1783546946\n|move|p2a: Bisharp|Sucker Punch|p1a: Minior\n|-damage|p1a: Minior|0 fnt\n|faint|p1a: Minior\n|\n|upkeep\n|inactive|Time left: 300 sec this turn | 300 sec total | 5 sec grace\n|\n|t:|1783546947\n|switch|p1a: Noivern|Noivern, L82, M|274/274\n|turn|24\n|inactive|Time left: 300 sec this turn | 300 sec total\n|\n|t:|1783546948\n|switch|p2a: Regirock|Regirock, L83|100/100\n|move|p1a: Noivern|Flamethrower|p2a: Regirock\n|-resisted|p2a: Regirock\n|-damage|p2a: Regirock|84/100\n|\n|upkeep\n|turn|25\n|inactive|Time left: 300 sec this turn | 300 sec total\n|\n|t:|1783546949\n|switch|p1a: Slowking|Slowking, L88, F|310/310\n|-activate|p1a: Slowking|move: Sticky Web\n|-unboost|p1a: Slowking|spe|1\n|move|p2a: Regirock|Stone Edge|p1a: Slowking\n|-crit|p1a: Slowking\n|-damage|p1a: Slowking|151/310\n|\n|-heal|p1a: Slowking|170/310|[from] item: Leftovers\n|upkeep\n|turn|26\n|inactive|Time left: 300 sec this turn | 300 sec total\n|\n|t:|1783546950\n|move|p2a: Regirock|Stone Edge|p1a: Slowking\n|-damage|p1a: Slowking|62/310\n|move|p1a: Slowking|Scald|p2a: Regirock\n|-supereffective|p2a: Regirock\n|-damage|p2a: Regirock|17/100\n|\n|-heal|p1a: Slowking|81/310|[from] item: Leftovers\n|upkeep\n|turn|27\n|inactive|Time left: 300 sec this turn | 300 sec total\n|\n|t:|1783546952\n|move|p2a: Regirock|Rest|p2a: Regirock\n|-status|p2a: Regirock|slp|[from] move: Rest\n|-heal|p2a: Regirock|100/100 slp|[silent]\n|-enditem|p2a: Regirock|Chesto Berry|[eat]\n|-curestatus|p2a: Regirock|slp|[msg]\n|move|p1a: Slowking|Scald|p2a: Regirock\n|-supereffective|p2a: Regirock\n|-damage|p2a: Regirock|33/100\n|\n|-heal|p1a: Slowking|100/310|[from] item: Leftovers\n|upkeep\n|turn|28\n|inactive|Time left: 300 sec this turn | 300 sec total\n|\n|t:|1783546953\n|move|p2a: Regirock|Stone Edge|p1a: Slowking\n|-damage|p1a: Slowking|0 fnt\n|faint|p1a: Slowking\n|\n|upkeep\n|inactive|Time left: 300 sec this turn | 300 sec total | 5 sec grace\n|\n|t:|1783546953\n|switch|p1a: Mienshao|Mienshao, L83, M|243/243\n|-activate|p1a: Mienshao|move: Sticky Web\n|-unboost|p1a: Mienshao|spe|1\n|turn|29\n|inactive|Time left: 300 sec this turn | 300 sec total\n|\n|t:|1783546954\n|move|p1a: Mienshao|High Jump Kick|p2a: Regirock\n|-supereffective|p2a: Regirock\n|-damage|p2a: Regirock|0 fnt\n|faint|p2a: Regirock\n|\n|upkeep\n|\n|t:|1783546955\n|switch|p2a: Ho-Oh|Ho-Oh, L71, tera:Steel|60/100\n|turn|30\n|inactive|Time left: 300 sec this turn | 300 sec total\n|\n|t:|1783546956\n|switch|p1a: Noivern|Noivern, L82, M|274/274\n|move|p2a: Ho-Oh|Brave Bird|p1a: Noivern\n|-damage|p1a: Noivern|139/274\n|-damage|p2a: Ho-Oh|43/100|[from] Recoil\n|\n|upkeep\n|turn|31\n|inactive|Time left: 300 sec this turn | 300 sec total\n|\n|t:|1783546957\n|move|p1a: Noivern|Flamethrower|p2a: Ho-Oh\n|-supereffective|p2a: Ho-Oh\n|-damage|p2a: Ho-Oh|0 fnt\n|faint|p2a: Ho-Oh\n|\n|upkeep\n|\n|t:|1783546958\n|switch|p2a: Bisharp|Bisharp, L79, F|54/100\n|turn|32\n|inactive|Time left: 300 sec this turn | 300 sec total\n|\n|t:|1783546959\n|move|p1a: Noivern|Flamethrower|p2a: Bisharp\n|-supereffective|p2a: Bisharp\n|-damage|p2a: Bisharp|0 fnt\n|faint|p2a: Bisharp\n|\n|upkeep\n|\n|t:|1783546960\n|switch|p2a: Noivern|Noivern, L82, F|100/100\n|turn|33\n|inactive|Time left: 300 sec this turn | 300 sec total\n|\n|t:|1783546960\n|switch|p1a: Mienshao|Mienshao, L83, M|243/243\n|-activate|p1a: Mienshao|move: Sticky Web\n|-unboost|p1a: Mienshao|spe|1\n|move|p2a: Noivern|Hurricane|p1a: Mienshao\n|-supereffective|p1a: Mienshao\n|-damage|p1a: Mienshao|0 fnt\n|faint|p1a: Mienshao\n|\n|upkeep\n|inactive|Time left: 300 sec this turn | 300 sec total | 5 sec grace\n|\n|t:|1783546961\n|switch|p1a: Noivern|Noivern, L82, M|139/274\n|turn|34\n|inactive|Time left: 300 sec this turn | 300 sec total\n|\n|t:|1783546962\n|move|p2a: Noivern|Draco Meteor|p1a: Noivern\n|-supereffective|p1a: Noivern\n|-damage|p1a: Noivern|0 fnt\n|-unboost|p2a: Noivern|spa|2\n|faint|p1a: Noivern\n|\n|upkeep\n|inactive|Time left: 300 sec this turn | 300 sec total | 5 sec grace\n|\n|t:|1783546963\n|switch|p1a: Grafaiai|Grafaiai, L86, F|249/249\n|turn|35\n|inactive|Time left: 300 sec this turn | 300 sec total\n|\n|t:|1783546964\n|move|p2a: Noivern|Hurricane|p1a: Grafaiai\n|-damage|p1a: Grafaiai|182/249\n|-start|p1a: Grafaiai|confusion\n|-activate|p1a: Grafaiai|confusion\n|move|p1a: Grafaiai|Gunk Shot|p2a: Noivern\n|-damage|p2a: Noivern|48/100\n|\n|upkeep\n|turn|36\n|inactive|Time left: 300 sec this turn | 300 sec total\n|\n|t:|1783546966\n|move|p2a: Noivern|Flamethrower|p1a: Grafaiai\n|-crit|p1a: Grafaiai\n|-damage|p1a: Grafaiai|75/249\n|-activate|p1a: Grafaiai|confusion\n|-damage|p1a: Grafaiai|36/249|[from] confusion\n|\n|upkeep\n|turn|37\n|inactive|Time left: 300 sec this turn | 300 sec total\n|\n|t:|1783546966\n|move|p2a: Noivern|Draco Meteor|p1a: Grafaiai\n|-damage|p1a: Grafaiai|0 fnt\n|-unboost|p2a: Noivern|spa|2\n|faint|p1a: Grafaiai\n|\n|win|p0y613cd65", "uploadtime": 1783546966, "views": 0, "rating": 0, "private": 0, "password": null, "_winner": "p0y613cd65", "_our_name": "p0x6131471"}