{"id": "battle-gen9randombattle-471", "formatid": "gen9randombattle", "format": "[Gen 9] Random Battle", "players": ["p0x4717d9f", "p0y471022a"], "log": "|init|battle\n|title|p0x4717d9f vs. p0y471022a\n|j|\u2606p0x4717d9f\n|j|\u2606p0y471022a\n|t:|1783544521\n|gametype|singles\n|player|p1|p0x4717d9f|170|\n|player|p2|p0y471022a|2|\n|gen|9\n|tier|[Gen 9] Random Battle\n|rule|Species Clause: Limit one of each Pok\u00e9mon\n|rule|HP Percentage Mod: HP is shown in percentages\n|rule|Sleep Clause Mod: Limit one foe put to sleep\n|rule|Illusion Level Mod: Illusion disguises the Pok\u00e9mon's true level\n|\n|t:|1783544521\n|teamsize|p1|6\n|teamsize|p2|6\n|start\n|switch|p1a: Uxie|Uxie, L83|100/100\n|switch|p2a: Gengar|Gengar, L81, F|230/230\n|turn|1\n|inactive|Battle timer is ON: inactive players will automatically lose when time's up. (requested by p0y471022a)\n|inactive|p0x4717d9f also wants the timer to be on.\n|\n|t:|1783544523\n|move|p2a: Gengar|Shadow Ball|p1a: Uxie\n|-supereffective|p1a: Uxie\n|-damage|p1a: Uxie|21/100\n|move|p1a: Uxie|Psychic Noise|p2a: Gengar\n|-supereffective|p2a: Gengar\n|-damage|p2a: Gengar|80/230\n|-start|p2a: Gengar|move: Heal Block\n|\n|-heal|p1a: Uxie|27/100|[from] item: Leftovers\n|upkeep\n|turn|2\n|inactive|Time left: 300 sec this turn | 300 sec total\n|\n|t:|1783544525\n|switch|p1a: Iron Hands|Iron Hands, L79|100/100\n|move|p2a: Gengar|Shadow Ball|p1a: Iron Hands\n|-damage|p1a: Iron Hands|47/100\n|\n|-heal|p1a: Iron Hands|53/100|[from] item: Leftovers\n|-end|p2a: Gengar|move: Heal Block\n|upkeep\n|turn|3\n|inactive|Time left: 300 sec this turn | 300 sec total\n|\n|t:|1783544526\n|move|p2a: Gengar|Shadow Ball|p1a: Iron Hands\n|-damage|p1a: Iron Hands|1/100\n|-unboost|p1a: Iron Hands|spd|1\n|move|p1a: Iron Hands|Ice Punch|p2a: Gengar\n|-damage|p2a: Gengar|0 fnt\n|faint|p2a: Gengar\n|\n|-heal|p1a: Iron Hands|7/100|[from] item: Leftovers\n|upkeep\n|inactive|Time left: 300 sec this turn | 300 sec total | 5 sec grace\n|\n|t:|1783544527\n|switch|p2a: Conkeldurr|Conkeldurr, L80, F|299/299\n|turn|4\n|inactive|Time left: 300 sec this turn | 300 sec total\n|\n|t:|1783544528\n|-end|p1a: Iron Hands|Quark Drive|[silent]\n|switch|p1a: Vileplume|Vileplume, L85, F|100/100\n|move|p2a: Conkeldurr|Mach Punch|p1a: Vileplume\n|-resisted|p1a: Vileplume\n|-damage|p1a: Vileplume|90/100\n|\n|-heal|p1a: Vileplume|96/100|[from] item: Leftovers\n|-status|p2a: Conkeldurr|brn|[from] item: Flame Orb\n|upkeep\n|turn|5\n|inactive|Time left: 300 sec this turn | 300 sec total\n|\n|t:|1783544529\n|move|p1a: Vileplume|Sludge Bomb|p2a: Conkeldurr\n|-damage|p2a: Conkeldurr|167/299 brn\n|move|p2a: Conkeldurr|Facade|p1a: Vileplume\n|-damage|p1a: Vileplume|31/100\n|\n|-heal|p1a: Vileplume|37/100|[from] item: Leftovers\n|-damage|p2a: Conkeldurr|149/299 brn|[from] brn\n|upkeep\n|turn|6\n|inactive|Time left: 300 sec this turn | 300 sec total\n|\n|t:|1783544530\n|switch|p2a: Charizard|Charizard, L85, F|271/271\n|move|p1a: Vileplume|Strength Sap|p2a: Charizard\n|-unboost|p2a: Charizard|atk|1\n|-heal|p1a: Vileplume|100/100\n|\n|upkeep\n|turn|7\n|inactive|Time left: 300 sec this turn | 300 sec total\n|\n|t:|1783544531\n|move|p2a: Charizard|Flamethrower|p1a: Vileplume\n|-supereffective|p1a: Vileplume\n|-damage|p1a: Vileplume|25/100\n|move|p1a: Vileplume|Sludge Bomb|p2a: Charizard\n|-damage|p2a: Charizard|165/271\n|\n|-heal|p1a: Vileplume|31/100|[from] item: Leftovers\n|upkeep\n|turn|8\n|inactive|Time left: 300 sec this turn | 300 sec total\n|\n|t:|1783544532\n|switch|p1a: Latios|Latios, L78, M|100/100\n|move|p2a: Charizard|Hurricane|p1a: Latios\n|-damage|p1a: Latios|51/100\n|\n|upkeep\n|turn|9\n|inactive|Time left: 300 sec this turn | 300 sec total\n|\n|t:|1783544532\n|move|p2a: Charizard|Hurricane|p1a: Latios|[miss]\n|-miss|p2a: Charizard|p1a: Latios\n|move|p1a: Latios|Recover|p1a: Latios\n|-heal|p1a: Latios|100/100\n|\n|upkeep\n|turn|10\n|inactive|Time left: 300 sec this turn | 300 sec total\n|\n|t:|1783544533\n|move|p2a: Charizard|Hurricane|p1a: Latios\n|-damage|p1a: Latios|53/100\n|move|p1a: Latios|Calm Mind|p1a: Latios\n|-boost|p1a: Latios|spa|1\n|-boost|p1a: Latios|spd|1\n|\n|upkeep\n|turn|11\n|inactive|Time left: 300 sec this turn | 300 sec total\n|\n|t:|1783544534\n|switch|p2a: Klefki|Klefki, L84, M|233/233\n|move|p1a: Latios|Psyshock|p2a: Klefki\n|-resisted|p2a: Klefki\n|-damage|p2a: Klefki|153/233\n|\n|-heal|p2a: Klefki|167/233|[from] item: Leftovers\n|upkeep\n|turn|12\n|inactive|Time left: 300 sec this turn | 300 sec total\n|\n|t:|1783544535\n|move|p1a: Latios|Recover|p1a: Latios\n|-heal|p1a: Latios|100/100\n|move|p2a: Klefki|Foul Play|p1a: Latios\n|-supereffective|p1a: Latios\n|-damage|p1a: Latios|57/100\n|\n|-heal|p2a: Klefki|181/233|[from] item: Leftovers\n|upkeep\n|turn|13\n|inactive|Time left: 300 sec this turn | 300 sec total\n|\n|t:|1783544536\n|move|p1a: Latios|Recover|p1a: Latios\n|-heal|p1a: Latios|100/100\n|move|p2a: Klefki|Foul Play|p1a: Latios\n|-supereffective|p1a: Latios\n|-damage|p1a: Latios|61/100\n|\n|-heal|p2a: Klefki|195/233|[from] item: Leftovers\n|upkeep\n|turn|14\n|inactive|Time left: 300 sec this turn | 300 sec total\n|\n|t:|1783544536\n|move|p1a: Latios|Recover|p1a: Latios\n|-heal|p1a: Latios|100/100\n|move|p2a: Klefki|Foul Play|p1a: Latios\n|-supereffective|p1a: Latios\n|-damage|p1a: Latios|61/100\n|\n|-heal|p2a: Klefki|209/233|[from] item: Leftovers\n|upkeep\n|turn|15\n|inactive|Time left: 300 sec this turn | 300 sec total\n|\n|t:|1783544537\n|move|p1a: Latios|Recover|p1a: Latios\n|-heal|p1a: Latios|100/100\n|move|p2a: Klefki|Foul Play|p1a: Latios\n|-supereffective|p1a: Latios\n|-damage|p1a: Latios|59/100\n|\n|-heal|p2a: Klefki|223/233|[from] item: Leftovers\n|upkeep\n|turn|16\n|inactive|Time left: 300 sec this turn | 300 sec total\n|\n|t:|1783544538\n|move|p1a: Latios|Recover|p1a: Latios\n|-heal|p1a: Latios|100/100\n|move|p2a: Klefki|Foul Play|p1a: Latios\n|-supereffective|p1a: Latios\n|-damage|p1a: Latios|61/100\n|\n|-heal|p2a: Klefki|233/233|[from] item: Leftovers\n|upkeep\n|turn|17\n|inactive|Time left: 300 sec this turn | 300 sec total\n|\n|t:|1783544539\n|move|p1a: Latios|Recover|p1a: Latios\n|-heal|p1a: Latios|100/100\n|move|p2a: Klefki|Foul Play|p1a: Latios\n|-supereffective|p1a: Latios\n|-damage|p1a: Latios|56/100\n|\n|upkeep\n|turn|18\n|inactive|Time left: 300 sec this turn | 300 sec total\n|\n|t:|1783544540\n|move|p1a: Latios|Recover|p1a: Latios\n|-heal|p1a: Latios|100/100\n|move|p2a: Klefki|Foul Play|p1a: Latios\n|-supereffective|p1a: Latios\n|-damage|p1a: Latios|59/100\n|\n|upkeep\n|turn|19\n|inactive|Time left: 300 sec this turn | 300 sec total\n|\n|t:|1783544541\n|move|p1a: Latios|Calm Mind|p1a: Latios\n|-boost|p1a: Latios|spa|1\n|-boost|p1a: Latios|spd|1\n|move|p2a: Klefki|Foul Play|p1a: Latios\n|-supereffective|p1a: Latios\n|-damage|p1a: Latios|14/100\n|\n|upkeep\n|turn|20\n|inactive|Time left: 300 sec this turn | 300 sec total\n|\n|t:|1783544542\n|move|p1a: Latios|Psyshock|p2a: Klefki\n|-resisted|p2a: Klefki\n|-damage|p2a: Klefki|133/233\n|move|p2a: Klefki|Foul Play|p1a: Latios\n|-supereffective|p1a: Latios\n|-damage|p1a: Latios|0 fnt\n|faint|p1a: Latios\n|\n|-heal|p2a: Klefki|147/233|[from] item: Leftovers\n|upkeep\n|\n|t:|1783544543\n|switch|p1a: Vileplume|Vileplume, L85, F|31/100\n|turn|21\n|inactive|Time left: 300 sec this turn | 300 sec total\n|\n|t:|1783544544\n|move|p2a: Klefki|Thunder Wave|p1a: Vileplume\n|-status|p1a: Vileplume|par\n|move|p1a: Vileplume|Strength Sap|p2a: Klefki\n|-unboost|p2a: Klefki|atk|1\n|-heal|p1a: Vileplume|84/100 par\n|\n|-heal|p2a: Klefki|161/233|[from] item: Leftovers\n|-heal|p1a: Vileplume|90/100 par|[from] item: Leftovers\n|upkeep\n|turn|22\n|inactive|Time left: 300 sec this turn | 300 sec total\n|\n|t:|1783544545\n|move|p2a: Klefki|Spikes|p1a: Vileplume\n|-sidestart|p1: p0x4717d9f|Spikes\n|move|p1a: Vileplume|Giga Drain|p2a: Klefki\n|-resisted|p2a: Klefki\n|-damage|p2a: Klefki|116/233\n|-heal|p1a: Vileplume|98/100 par|[from] drain|[of] p2a: Klefki\n|\n|-heal|p2a: Klefki|130/233|[from] item: Leftovers\n|-heal|p1a: Vileplume|100/100 par|[from] item: Leftovers\n|upkeep\n|turn|23\n|inactive|Time left: 300 sec this turn | 300 sec total\n|\n|t:|1783544546\n|move|p2a: Klefki|Spikes|p1a: Vileplume\n|-sidestart|p1: p0x4717d9f|Spikes\n|move|p1a: Vileplume|Giga Drain|p2a: Klefki\n|-resisted|p2a: Klefki\n|-damage|p2a: Klefki|82/233\n|\n|-heal|p2a: Klefki|96/233|[from] item: Leftovers\n|upkeep\n|turn|24\n|inactive|Time left: 300 sec this turn | 300 sec total\n|\n|t:|1783544547\n|move|p2a: Klefki|Spikes|p1a: Vileplume\n|-sidestart|p1: p0x4717d9f|Spikes\n|move|p1a: Vileplume|Strength Sap|p2a: Klefki\n|-unboost|p2a: Klefki|atk|1\n|\n|-heal|p2a: Klefki|110/233|[from] item: Leftovers\n|upkeep\n|turn|25\n|inactive|Time left: 300 sec this turn | 300 sec total\n|\n|t:|1783544549\n|switch|p2a: Kommo-o|Kommo-o, L77, M|242/242\n|move|p1a: Vileplume|Sludge Bomb|p2a: Kommo-o\n|-damage|p2a: Kommo-o|142/242\n|\n|upkeep\n|turn|26\n|inactive|Time left: 300 sec this turn | 300 sec total\n|\n|t:|1783544550\n|move|p2a: Kommo-o|Swords Dance|p2a: Kommo-o\n|-boost|p2a: Kommo-o|atk|2\n|cant|p1a: Vileplume|par\n|\n|upkeep\n|turn|27\n|inactive|Time left: 300 sec this turn | 300 sec total\n|\n|t:|1783544551\n|move|p2a: Kommo-o|Scale Shot|p1a: Vileplume\n|-damage|p1a: Vileplume|81/100 par\n|-damage|p1a: Vileplume|62/100 par\n|-crit|p1a: Vileplume\n|-damage|p1a: Vileplume|32/100 par\n|-damage|p1a: Vileplume|14/100 par\n|-hitcount|p1a: Vileplume|4\n|-unboost|p2a: Kommo-o|def|1\n|-boost|p2a: Kommo-o|spe|1\n|move|p1a: Vileplume|Strength Sap|p2a: Kommo-o\n|-unboost|p2a: Kommo-o|atk|1\n|-heal|p1a: Vileplume|100/100 par\n|\n|upkeep\n|turn|28\n|inactive|Time left: 300 sec this turn | 300 sec total\n|\n|t:|1783544552\n|move|p2a: Kommo-o|Scale Shot|p1a: Vileplume\n|-damage|p1a: Vileplume|85/100 par\n|-damage|p1a: Vileplume|70/100 par\n|-crit|p1a: Vileplume\n|-damage|p1a: Vileplume|47/100 par\n|-damage|p1a: Vileplume|35/100 par\n|-hitcount|p1a: Vileplume|4\n|-unboost|p2a: Kommo-o|def|1\n|-boost|p2a: Kommo-o|spe|1\n|cant|p1a: Vileplume|par\n|\n|-heal|p1a: Vileplume|41/100 par|[from] item: Leftovers\n|upkeep\n|turn|29\n|inactive|Time left: 300 sec this turn | 300 sec total\n|\n|t:|1783544553\n|move|p2a: Kommo-o|Scale Shot|p1a: Vileplume\n|-damage|p1a: Vileplume|26/100 par\n|-damage|p1a: Vileplume|11/100 par\n|-damage|p1a: Vileplume|0 fnt\n|faint|p1a: Vileplume\n|-hitcount|p1: Vileplume|3\n|-unboost|p2a: Kommo-o|def|1\n|-boost|p2a: Kommo-o|spe|1\n|\n|upkeep\n|\n|t:|1783544554\n|switch|p1a: Duraludon|Duraludon, L82, F|100/100\n|-damage|p1a: Duraludon|76/100|[from] Spikes\n|turn|30\n|inactive|Time left: 300 sec this turn | 300 sec total\n|\n|t:|1783544555\n|-terastallize|p1a: Duraludon|Fighting\n|move|p2a: Kommo-o|Close Combat|p1a: Duraludon\n|-damage|p1a: Duraludon|33/100\n|-unboost|p2a: Kommo-o|def|1\n|-unboost|p2a: Kommo-o|spd|1\n|move|p1a: Duraludon|Body Press|p2a: Kommo-o\n|-damage|p2a: Kommo-o|0 fnt\n|faint|p2a: Kommo-o\n|\n|upkeep\n|inactive|Time left: 300 sec this turn | 300 sec total | 5 sec grace\n|\n|t:|1783544556\n|switch|p2a: Spectrier|Spectrier, L75|274/274\n|turn|31\n|inactive|Time left: 300 sec this turn | 300 sec total\n|\n|t:|1783544557\n|move|p2a: Spectrier|Shadow Ball|p1a: Duraludon\n|-damage|p1a: Duraludon|0 fnt\n|faint|p1a: Duraludon\n|-ability|p2a: Spectrier|Grim Neigh|boost\n|-boost|p2a: Spectrier|spa|1\n|-damage|p2a: Spectrier|247/274|[from] item: Life Orb\n|\n|upkeep\n|\n|t:|1783544558\n|switch|p1a: Uxie|Uxie, L83|27/100\n|turn|32\n|inactive|Time left: 300 sec this turn | 300 sec total\n|\n|t:|1783544559\n|switch|p1a: Iron Hands|Iron Hands, L79|7/100\n|-damage|p1a: Iron Hands|0 fnt|[from] Spikes\n|faint|p1a: Iron Hands\n|-end|p1a: Iron Hands|Quark Drive|[silent]\n|move|p2a: Spectrier|Shadow Ball|p1: Iron Hands|[notarget]\n|-fail|p2a: Spectrier\n|\n|upkeep\n|\n|t:|1783544560\n|switch|p1a: Uxie|Uxie, L83|27/100\n|turn|33\n|inactive|Time left: 300 sec this turn | 300 sec total\n|\n|t:|1783544561\n|switch|p1a: Pecharunt|Pecharunt, L77|100/100\n|-damage|p1a: Pecharunt|76/100|[from] Spikes\n|-terastallize|p2a: Spectrier|Fairy\n|move|p2a: Spectrier|Draining Kiss|p1a: Pecharunt\n|-resisted|p1a: Pecharunt\n|-damage|p1a: Pecharunt|47/100\n|-heal|p2a: Spectrier|274/274|[from] drain|[of] p1a: Pecharunt\n|-damage|p2a: Spectrier|229/274|[from] item: Rocky Helmet|[of] p1a: Pecharunt\n|-damage|p2a: Spectrier|202/274|[from] item: Life Orb\n|\n|upkeep\n|turn|34\n|inactive|Time left: 300 sec this turn | 300 sec total\n|\n|t:|1783544562\n|move|p2a: Spectrier|Shadow Ball|p1a: Pecharunt\n|-supereffective|p1a: Pecharunt\n|-damage|p1a: Pecharunt|0 fnt\n|faint|p1a: Pecharunt\n|-ability|p2a: Spectrier|Grim Neigh|boost\n|-boost|p2a: Spectrier|spa|1\n|-damage|p2a: Spectrier|175/274|[from] item: Life Orb\n|\n|upkeep\n|\n|t:|1783544563\n|switch|p1a: Uxie|Uxie, L83|27/100\n|turn|35\n|inactive|Time left: 300 sec this turn | 300 sec total\n|\n|t:|1783544564\n|move|p2a: Spectrier|Shadow Ball|p1a: Uxie\n|-supereffective|p1a: Uxie\n|-damage|p1a: Uxie|0 fnt\n|faint|p1a: Uxie\n|-damage|p2a: Spectrier|148/274|[from] item: Life Orb\n|\n|win|p0y471022a", "uploadtime": 1783544564, "views": 0, "rating": 0, "private": 0, "password": null, "_winner": "p0y471022a", "_our_name": "p0y471022a"}