{"id": "battle-gen9randombattle-1805", "formatid": "gen9randombattle", "format": "[Gen 9] Random Battle", "players": ["p0x18051cd1", "p0y180540af"], "log": "|init|battle\n|title|p0x18051cd1 vs. p0y180540af\n|j|\u2606p0x18051cd1\n|j|\u2606p0y180540af\n|t:|1783560140\n|gametype|singles\n|player|p1|p0x18051cd1|169|\n|player|p2|p0y180540af|101|\n|gen|9\n|tier|[Gen 9] Random Battle\n|rule|Species Clause: Limit one of each Pok\u00e9mon\n|rule|HP Percentage Mod: HP is shown in percentages\n|rule|Sleep Clause Mod: Limit one foe put to sleep\n|rule|Illusion Level Mod: Illusion disguises the Pok\u00e9mon's true level\n|\n|t:|1783560140\n|teamsize|p1|6\n|teamsize|p2|6\n|start\n|switch|p1a: Terrakion|Terrakion, L79|273/273\n|switch|p2a: Arcanine|Arcanine, L84, F|100/100\n|-ability|p2a: Arcanine|Intimidate|boost\n|-unboost|p1a: Terrakion|atk|1\n|turn|1\n|inactive|Battle timer is ON: inactive players will automatically lose when time's up. (requested by p0x18051cd1)\n|inactive|p0y180540af also wants the timer to be on.\n|\n|t:|1783560142\n|switch|p1a: Espathra|Espathra, L80, M|283/283\n|switch|p2a: Torterra|Torterra, L78, M|100/100\n|\n|upkeep\n|turn|2\n|inactive|Time left: 300 sec this turn | 300 sec total\n|\n|t:|1783560143\n|switch|p1a: Slither Wing|Slither Wing, L81|270/270\n|move|p2a: Torterra|Shell Smash|p2a: Torterra\n|-unboost|p2a: Torterra|def|1\n|-unboost|p2a: Torterra|spd|1\n|-boost|p2a: Torterra|atk|2\n|-boost|p2a: Torterra|spa|2\n|-boost|p2a: Torterra|spe|2\n|\n|upkeep\n|turn|3\n|inactive|Time left: 300 sec this turn | 300 sec total\n|\n|t:|1783560145\n|move|p2a: Torterra|Rock Blast|p1a: Slither Wing\n|-damage|p1a: Slither Wing|230/270\n|-damage|p1a: Slither Wing|191/270\n|-damage|p1a: Slither Wing|150/270\n|-crit|p1a: Slither Wing\n|-damage|p1a: Slither Wing|93/270\n|-damage|p1a: Slither Wing|57/270\n|-hitcount|p1a: Slither Wing|5\n|move|p1a: Slither Wing|Close Combat|p2a: Torterra\n|-damage|p2a: Torterra|0 fnt\n|-unboost|p1a: Slither Wing|def|1\n|-unboost|p1a: Slither Wing|spd|1\n|faint|p2a: Torterra\n|\n|upkeep\n|\n|t:|1783560146\n|switch|p2a: Shiftry|Shiftry, L89, M|100/100\n|turn|4\n|inactive|Time left: 300 sec this turn | 300 sec total\n|\n|t:|1783560147\n|-end|p1a: Slither Wing|Protosynthesis|[silent]\n|switch|p1a: Bombirdier|Bombirdier, L85, F|258/258\n|move|p2a: Shiftry|Leaf Blade|p1a: Bombirdier\n|-resisted|p1a: Bombirdier\n|-damage|p1a: Bombirdier|188/258\n|-damage|p2a: Shiftry|91/100|[from] item: Life Orb\n|\n|upkeep\n|turn|5\n|inactive|Time left: 300 sec this turn | 300 sec total\n|\n|t:|1783560148\n|move|p2a: Shiftry|Knock Off|p1a: Bombirdier\n|-resisted|p1a: Bombirdier\n|-damage|p1a: Bombirdier|111/258\n|-enditem|p1a: Bombirdier|Heavy-Duty Boots|[from] move: Knock Off|[of] p2a: Shiftry\n|-damage|p2a: Shiftry|81/100|[from] item: Life Orb\n|move|p1a: Bombirdier|Brave Bird|p2a: Shiftry\n|-supereffective|p2a: Shiftry\n|-damage|p2a: Shiftry|0 fnt\n|faint|p2a: Shiftry\n|-damage|p1a: Bombirdier|30/258|[from] Recoil\n|\n|upkeep\n|\n|t:|1783560149\n|switch|p2a: Qwilfish|Qwilfish-Hisui, L83, F|100/100\n|-ability|p2a: Qwilfish|Intimidate|boost\n|-unboost|p1a: Bombirdier|atk|1\n|turn|6\n|inactive|Time left: 300 sec this turn | 300 sec total\n|\n|t:|1783560150\n|switch|p1a: Terrakion|Terrakion, L79|273/273\n|move|p2a: Qwilfish|Gunk Shot|p1a: Terrakion|[miss]\n|-miss|p2a: Qwilfish|p1a: Terrakion\n|\n|upkeep\n|turn|7\n|inactive|Time left: 300 sec this turn | 300 sec total\n|\n|t:|1783560151\n|move|p1a: Terrakion|Stone Edge|p2a: Qwilfish\n|-damage|p2a: Qwilfish|51/100\n|move|p2a: Qwilfish|Spikes|p1a: Terrakion\n|-sidestart|p1: p0x18051cd1|Spikes\n|\n|upkeep\n|turn|8\n|inactive|Time left: 300 sec this turn | 300 sec total\n|\n|t:|1783560152\n|move|p1a: Terrakion|Stone Edge|p2a: Qwilfish\n|-crit|p2a: Qwilfish\n|-damage|p2a: Qwilfish|0 fnt\n|faint|p2a: Qwilfish\n|\n|upkeep\n|\n|t:|1783560153\n|switch|p2a: Torkoal|Torkoal, L88, M|100/100\n|-weather|SunnyDay|[from] ability: Drought|[of] p2a: Torkoal\n|turn|9\n|inactive|Time left: 300 sec this turn | 300 sec total\n|\n|t:|1783560154\n|-terastallize|p2a: Torkoal|Dragon\n|move|p1a: Terrakion|Stone Edge|p2a: Torkoal\n|-damage|p2a: Torkoal|54/100\n|move|p2a: Torkoal|Solar Beam||[still]\n|-prepare|p2a: Torkoal|Solar Beam\n|-anim|p2a: Torkoal|Solar Beam|p1a: Terrakion\n|-supereffective|p1a: Terrakion\n|-damage|p1a: Terrakion|81/273\n|\n|-weather|SunnyDay|[upkeep]\n|upkeep\n|turn|10\n|inactive|Time left: 300 sec this turn | 300 sec total\n|\n|t:|1783560155\n|move|p1a: Terrakion|Stone Edge|p2a: Torkoal|[miss]\n|-miss|p1a: Terrakion|p2a: Torkoal\n|move|p2a: Torkoal|Solar Beam||[still]\n|-prepare|p2a: Torkoal|Solar Beam\n|-anim|p2a: Torkoal|Solar Beam|p1a: Terrakion\n|-supereffective|p1a: Terrakion\n|-damage|p1a: Terrakion|0 fnt\n|faint|p1a: Terrakion\n|\n|-weather|SunnyDay|[upkeep]\n|upkeep\n|inactive|Time left: 300 sec this turn | 300 sec total | 5 sec grace\n|\n|t:|1783560155\n|switch|p1a: Slither Wing|Slither Wing, L81|57/270\n|-damage|p1a: Slither Wing|24/270|[from] Spikes\n|-activate|p1a: Slither Wing|ability: Protosynthesis\n|-start|p1a: Slither Wing|protosynthesisatk\n|turn|11\n|inactive|Time left: 300 sec this turn | 300 sec total\n|\n|t:|1783560156\n|switch|p2a: Arcanine|Arcanine, L84, F|100/100\n|-ability|p2a: Arcanine|Intimidate|boost\n|-unboost|p1a: Slither Wing|atk|1\n|move|p1a: Slither Wing|Close Combat|p2a: Arcanine\n|-damage|p2a: Arcanine|21/100\n|-unboost|p1a: Slither Wing|def|1\n|-unboost|p1a: Slither Wing|spd|1\n|\n|-weather|SunnyDay|[upkeep]\n|upkeep\n|turn|12\n|inactive|Time left: 300 sec this turn | 300 sec total\n|\n|t:|1783560158\n|-end|p1a: Slither Wing|Protosynthesis|[silent]\n|switch|p1a: Heatran|Heatran, L79, M|273/273\n|-item|p1a: Heatran|Air Balloon\n|move|p2a: Arcanine|Flare Blitz|p1a: Heatran\n|-start|p1a: Heatran|ability: Flash Fire\n|\n|-weather|SunnyDay|[upkeep]\n|upkeep\n|turn|13\n|inactive|Time left: 300 sec this turn | 300 sec total\n|\n|t:|1783560159\n|move|p2a: Arcanine|Morning Sun|p2a: Arcanine\n|-heal|p2a: Arcanine|88/100\n|move|p1a: Heatran|Earth Power|p2a: Arcanine\n|-supereffective|p2a: Arcanine\n|-damage|p2a: Arcanine|35/100\n|\n|-weather|none\n|upkeep\n|turn|14\n|inactive|Time left: 300 sec this turn | 300 sec total\n|\n|t:|1783560160\n|move|p2a: Arcanine|Morning Sun|p2a: Arcanine\n|-heal|p2a: Arcanine|85/100\n|move|p1a: Heatran|Earth Power|p2a: Arcanine\n|-supereffective|p2a: Arcanine\n|-damage|p2a: Arcanine|35/100\n|-unboost|p2a: Arcanine|spd|1\n|\n|upkeep\n|turn|15\n|inactive|Time left: 300 sec this turn | 300 sec total\n|\n|t:|1783560161\n|move|p2a: Arcanine|Morning Sun|p2a: Arcanine\n|-heal|p2a: Arcanine|85/100\n|move|p1a: Heatran|Earth Power|p2a: Arcanine\n|-supereffective|p2a: Arcanine\n|-damage|p2a: Arcanine|0 fnt\n|faint|p2a: Arcanine\n|\n|upkeep\n|\n|t:|1783560162\n|switch|p2a: Toucannon|Toucannon, L88, F|100/100\n|turn|16\n|inactive|Time left: 300 sec this turn | 300 sec total\n|\n|t:|1783560163\n|move|p1a: Heatran|Magma Storm|p2a: Toucannon\n|-damage|p2a: Toucannon|38/100\n|-activate|p2a: Toucannon|move: Magma Storm|[of] p1a: Heatran\n|move|p2a: Toucannon|Roost|p2a: Toucannon\n|-heal|p2a: Toucannon|88/100\n|-singleturn|p2a: Toucannon|move: Roost\n|\n|-damage|p2a: Toucannon|76/100|[from] move: Magma Storm|[partiallytrapped]\n|upkeep\n|turn|17\n|inactive|Time left: 300 sec this turn | 300 sec total\n|\n|t:|1783560164\n|move|p1a: Heatran|Magma Storm|p2a: Toucannon|[miss]\n|-miss|p1a: Heatran|p2a: Toucannon\n|move|p2a: Toucannon|Roost|p2a: Toucannon\n|-heal|p2a: Toucannon|100/100\n|-singleturn|p2a: Toucannon|move: Roost\n|\n|-damage|p2a: Toucannon|88/100|[from] move: Magma Storm|[partiallytrapped]\n|upkeep\n|turn|18\n|inactive|Time left: 300 sec this turn | 300 sec total\n|\n|t:|1783560165\n|move|p1a: Heatran|Magma Storm|p2a: Toucannon\n|-damage|p2a: Toucannon|15/100\n|move|p2a: Toucannon|Roost|p2a: Toucannon\n|-heal|p2a: Toucannon|65/100\n|-singleturn|p2a: Toucannon|move: Roost\n|\n|-damage|p2a: Toucannon|53/100|[from] move: Magma Storm|[partiallytrapped]\n|upkeep\n|turn|19\n|inactive|Time left: 300 sec this turn | 300 sec total\n|\n|t:|1783560166\n|move|p1a: Heatran|Magma Storm|p2a: Toucannon\n|-damage|p2a: Toucannon|0 fnt\n|faint|p2a: Toucannon\n|\n|upkeep\n|\n|t:|1783560167\n|switch|p2a: Torkoal|Torkoal, L88, M, tera:Dragon|54/100\n|-weather|SunnyDay|[from] ability: Drought|[of] p2a: Torkoal\n|turn|20\n|inactive|Time left: 300 sec this turn | 300 sec total\n|\n|t:|1783560168\n|move|p1a: Heatran|Earth Power|p2a: Torkoal\n|-damage|p2a: Torkoal|24/100\n|move|p2a: Torkoal|Solar Beam||[still]\n|-prepare|p2a: Torkoal|Solar Beam\n|-anim|p2a: Torkoal|Solar Beam|p1a: Heatran\n|-resisted|p1a: Heatran\n|-damage|p1a: Heatran|252/273\n|-enditem|p1a: Heatran|Air Balloon\n|\n|-weather|SunnyDay|[upkeep]\n|upkeep\n|turn|21\n|inactive|Time left: 300 sec this turn | 300 sec total\n|\n|t:|1783560169\n|-terastallize|p1a: Heatran|Grass\n|move|p1a: Heatran|Earth Power|p2a: Torkoal\n|-damage|p2a: Torkoal|0 fnt\n|faint|p2a: Torkoal\n|\n|win|p0x18051cd1", "uploadtime": 1783560169, "views": 0, "rating": 0, "private": 0, "password": null, "_winner": "p0x18051cd1", "_our_name": "p0x18051cd1"}