{"id": "battle-gen9randombattle-2115", "formatid": "gen9randombattle", "format": "[Gen 9] Random Battle", "players": ["p0x21150d81", "p0y21153480"], "log": "|init|battle\n|title|p0x21150d81 vs. p0y21153480\n|j|\u2606p0x21150d81\n|j|\u2606p0y21153480\n|t:|1783563678\n|gametype|singles\n|player|p1|p0x21150d81|1|\n|player|p2|p0y21153480|1|\n|gen|9\n|tier|[Gen 9] Random Battle\n|rule|Species Clause: Limit one of each Pok\u00e9mon\n|rule|HP Percentage Mod: HP is shown in percentages\n|rule|Sleep Clause Mod: Limit one foe put to sleep\n|rule|Illusion Level Mod: Illusion disguises the Pok\u00e9mon's true level\n|\n|t:|1783563679\n|teamsize|p1|6\n|teamsize|p2|6\n|start\n|switch|p1a: Toucannon|Toucannon, L88, F|100/100\n|switch|p2a: Spiritomb|Spiritomb, L89, M|234/234\n|turn|1\n|inactive|Battle timer is ON: inactive players will automatically lose when time's up. (requested by p0y21153480)\n|\n|t:|1783563680\n|switch|p1a: Luxray|Luxray, L88, F|100/100\n|move|p2a: Spiritomb|Toxic|p1a: Luxray\n|-status|p1a: Luxray|tox\n|\n|-damage|p1a: Luxray|94/100 tox|[from] psn\n|upkeep\n|turn|2\n|inactive|Time left: 300 sec this turn | 300 sec total\n|inactive|p0x21150d81 also wants the timer to be on.\n|\n|t:|1783563681\n|move|p1a: Luxray|Supercell Slam|p2a: Spiritomb\n|-damage|p2a: Spiritomb|53/234\n|move|p2a: Spiritomb|Pain Split|p1a: Luxray\n|-sethp|p1a: Luxray|57/100 tox|[from] move: Pain Split|[silent]\n|-sethp|p2a: Spiritomb|159/234|[from] move: Pain Split\n|\n|-heal|p2a: Spiritomb|173/234|[from] item: Leftovers\n|-damage|p1a: Luxray|45/100 tox|[from] psn\n|upkeep\n|turn|3\n|inactive|Time left: 300 sec this turn | 300 sec total\n|\n|t:|1783563683\n|move|p1a: Luxray|Supercell Slam|p2a: Spiritomb\n|-damage|p2a: Spiritomb|8/234\n|move|p2a: Spiritomb|Foul Play|p1a: Luxray\n|-damage|p1a: Luxray|0 fnt\n|faint|p1a: Luxray\n|\n|-heal|p2a: Spiritomb|22/234|[from] item: Leftovers\n|upkeep\n|\n|t:|1783563683\n|switch|p1a: Falinks|Falinks, L84|100/100\n|turn|4\n|inactive|Time left: 300 sec this turn | 300 sec total\n|\n|t:|1783563685\n|move|p1a: Falinks|No Retreat|p1a: Falinks\n|-boost|p1a: Falinks|atk|1\n|-boost|p1a: Falinks|def|1\n|-boost|p1a: Falinks|spa|1\n|-boost|p1a: Falinks|spd|1\n|-boost|p1a: Falinks|spe|1\n|-start|p1a: Falinks|move: No Retreat\n|move|p2a: Spiritomb|Pain Split|p1a: Falinks\n|-sethp|p1a: Falinks|55/100|[from] move: Pain Split|[silent]\n|-sethp|p2a: Spiritomb|134/234|[from] move: Pain Split\n|\n|-heal|p2a: Spiritomb|148/234|[from] item: Leftovers\n|upkeep\n|turn|5\n|inactive|Time left: 300 sec this turn | 300 sec total\n|\n|t:|1783563686\n|move|p1a: Falinks|Knock Off|p2a: Spiritomb\n|-damage|p2a: Spiritomb|44/234\n|-enditem|p2a: Spiritomb|Leftovers|[from] move: Knock Off|[of] p1a: Falinks\n|-damage|p1a: Falinks|45/100|[from] item: Life Orb\n|move|p2a: Spiritomb|Toxic|p1a: Falinks\n|-status|p1a: Falinks|tox\n|\n|-damage|p1a: Falinks|39/100 tox|[from] psn\n|upkeep\n|turn|6\n|inactive|Time left: 300 sec this turn | 300 sec total\n|\n|t:|1783563687\n|move|p1a: Falinks|Knock Off|p2a: Spiritomb\n|-damage|p2a: Spiritomb|0 fnt\n|faint|p2a: Spiritomb\n|-damage|p1a: Falinks|29/100 tox|[from] item: Life Orb\n|\n|-damage|p1a: Falinks|17/100 tox|[from] psn\n|upkeep\n|inactive|Time left: 300 sec this turn | 300 sec total | 5 sec grace\n|\n|t:|1783563688\n|switch|p2a: Gouging Fire|Gouging Fire, L74|277/277\n|turn|7\n|inactive|Time left: 300 sec this turn | 300 sec total\n|\n|t:|1783563689\n|move|p1a: Falinks|Close Combat|p2a: Gouging Fire\n|-damage|p2a: Gouging Fire|46/277\n|-unboost|p1a: Falinks|def|1\n|-unboost|p1a: Falinks|spd|1\n|-damage|p1a: Falinks|7/100 tox|[from] item: Life Orb\n|move|p2a: Gouging Fire|Dragon Dance|p2a: Gouging Fire\n|-boost|p2a: Gouging Fire|atk|1\n|-boost|p2a: Gouging Fire|spe|1\n|\n|-damage|p1a: Falinks|0 fnt|[from] psn\n|faint|p1a: Falinks\n|upkeep\n|\n|t:|1783563689\n|switch|p1a: Slaking|Slaking, L84, F|100/100\n|turn|8\n|inactive|Time left: 300 sec this turn | 300 sec total\n|\n|t:|1783563690\n|move|p2a: Gouging Fire|Heat Crash|p1a: Slaking\n|-crit|p1a: Slaking\n|-damage|p1a: Slaking|52/100\n|move|p1a: Slaking|Giga Impact|p2a: Gouging Fire\n|-damage|p2a: Gouging Fire|0 fnt\n|-mustrecharge|p1a: Slaking\n|faint|p2a: Gouging Fire\n|-end|p2a: Gouging Fire|Protosynthesis|[silent]\n|\n|upkeep\n|inactive|Time left: 300 sec this turn | 300 sec total | 5 sec grace\n|\n|t:|1783563691\n|switch|p2a: Passimian|Passimian, L83, M|302/302\n|turn|9\n|inactive|Time left: 300 sec this turn | 300 sec total\n|\n|t:|1783563692\n|cant|p1a: Slaking|recharge\n|move|p2a: Passimian|Bulk Up|p2a: Passimian\n|-boost|p2a: Passimian|atk|1\n|-boost|p2a: Passimian|def|1\n|\n|upkeep\n|turn|10\n|inactive|Time left: 300 sec this turn | 300 sec total\n|\n|t:|1783563693\n|move|p1a: Slaking|Giga Impact|p2a: Passimian\n|-damage|p2a: Passimian|46/302\n|-mustrecharge|p1a: Slaking\n|move|p2a: Passimian|Drain Punch|p1a: Slaking\n|-supereffective|p1a: Slaking\n|-damage|p1a: Slaking|0 fnt\n|-heal|p2a: Passimian|146/302|[from] drain|[of] p1a: Slaking\n|faint|p1a: Slaking\n|\n|-heal|p2a: Passimian|164/302|[from] item: Leftovers\n|upkeep\n|\n|t:|1783563694\n|switch|p1a: Polteageist|Polteageist-Antique, L78|100/100\n|turn|11\n|inactive|Time left: 300 sec this turn | 300 sec total\n|\n|t:|1783563695\n|-terastallize|p1a: Polteageist|Fighting\n|move|p2a: Passimian|Knock Off|p1a: Polteageist\n|-resisted|p1a: Polteageist\n|-damage|p1a: Polteageist|64/100\n|-enditem|p1a: Polteageist|White Herb|[from] move: Knock Off|[of] p2a: Passimian\n|move|p1a: Polteageist|Shell Smash|p1a: Polteageist\n|-unboost|p1a: Polteageist|def|1\n|-unboost|p1a: Polteageist|spd|1\n|-boost|p1a: Polteageist|atk|2\n|-boost|p1a: Polteageist|spa|2\n|-boost|p1a: Polteageist|spe|2\n|\n|-heal|p2a: Passimian|182/302|[from] item: Leftovers\n|upkeep\n|turn|12\n|inactive|Time left: 300 sec this turn | 300 sec total\n|\n|t:|1783563696\n|move|p1a: Polteageist|Shadow Ball|p2a: Passimian\n|-damage|p2a: Passimian|0 fnt\n|faint|p2a: Passimian\n|\n|upkeep\n|inactive|Time left: 300 sec this turn | 300 sec total | 5 sec grace\n|\n|t:|1783563697\n|switch|p2a: Calyrex|Calyrex-Ice, L72|263/263\n|-ability|p2a: Calyrex|As One\n|-ability|p2a: Calyrex|Unnerve\n|turn|13\n|inactive|Time left: 300 sec this turn | 300 sec total\n|\n|t:|1783563698\n|-terastallize|p2a: Calyrex|Fighting\n|move|p1a: Polteageist|Strength Sap|p2a: Calyrex\n|-unboost|p2a: Calyrex|atk|1\n|-heal|p1a: Polteageist|100/100\n|move|p2a: Calyrex|Glacial Lance|p1a: Polteageist\n|-damage|p1a: Polteageist|10/100\n|\n|upkeep\n|turn|14\n|inactive|Time left: 300 sec this turn | 300 sec total\n|\n|t:|1783563699\n|move|p1a: Polteageist|Strength Sap|p2a: Calyrex\n|-unboost|p2a: Calyrex|atk|1\n|-heal|p1a: Polteageist|94/100\n|move|p2a: Calyrex|Glacial Lance|p1a: Polteageist\n|-damage|p1a: Polteageist|32/100\n|\n|upkeep\n|turn|15\n|inactive|Time left: 300 sec this turn | 300 sec total\n|\n|t:|1783563700\n|move|p1a: Polteageist|Strength Sap|p2a: Calyrex\n|-unboost|p2a: Calyrex|atk|1\n|-heal|p1a: Polteageist|96/100\n|move|p2a: Calyrex|Close Combat|p1a: Polteageist\n|-damage|p1a: Polteageist|40/100\n|-unboost|p2a: Calyrex|def|1\n|-unboost|p2a: Calyrex|spd|1\n|-start|p2a: Calyrex|Disable|Close Combat|[from] ability: Cursed Body|[of] p1a: Polteageist\n|\n|upkeep\n|turn|16\n|inactive|Time left: 300 sec this turn | 300 sec total\n|\n|t:|1783563701\n|move|p1a: Polteageist|Strength Sap|p2a: Calyrex\n|-unboost|p2a: Calyrex|atk|1\n|-heal|p1a: Polteageist|90/100\n|move|p2a: Calyrex|Glacial Lance|p1a: Polteageist\n|-damage|p1a: Polteageist|46/100\n|\n|upkeep\n|turn|17\n|inactive|Time left: 300 sec this turn | 300 sec total\n|\n|t:|1783563702\n|switch|p2a: Brute Bonnet|Brute Bonnet, L80|309/309\n|move|p1a: Polteageist|Strength Sap|p2a: Brute Bonnet\n|-unboost|p2a: Brute Bonnet|atk|1\n|-heal|p1a: Polteageist|100/100\n|\n|upkeep\n|turn|18\n|inactive|Time left: 300 sec this turn | 300 sec total\n|\n|t:|1783563703\n|move|p1a: Polteageist|Tera Blast|p2a: Brute Bonnet|[anim] Tera Blast Fighting\n|-supereffective|p2a: Brute Bonnet\n|-damage|p2a: Brute Bonnet|0 fnt\n|faint|p2a: Brute Bonnet\n|-end|p2a: Brute Bonnet|Protosynthesis|[silent]\n|\n|upkeep\n|inactive|Time left: 300 sec this turn | 300 sec total | 5 sec grace\n|\n|t:|1783563704\n|switch|p2a: Calyrex|Calyrex-Ice, L72, tera:Fighting|263/263\n|-ability|p2a: Calyrex|As One\n|-ability|p2a: Calyrex|Unnerve\n|turn|19\n|inactive|Time left: 300 sec this turn | 300 sec total\n|\n|t:|1783563705\n|move|p1a: Polteageist|Strength Sap|p2a: Calyrex\n|-unboost|p2a: Calyrex|atk|1\n|move|p2a: Calyrex|Glacial Lance|p1a: Polteageist\n|-damage|p1a: Polteageist|6/100\n|\n|upkeep\n|turn|20\n|inactive|Time left: 300 sec this turn | 300 sec total\n|\n|t:|1783563706\n|move|p1a: Polteageist|Strength Sap|p2a: Calyrex\n|-unboost|p2a: Calyrex|atk|1\n|-heal|p1a: Polteageist|90/100\n|move|p2a: Calyrex|Glacial Lance|p1a: Polteageist\n|-damage|p1a: Polteageist|21/100\n|\n|upkeep\n|turn|21\n|inactive|Time left: 300 sec this turn | 300 sec total\n|\n|t:|1783563707\n|move|p1a: Polteageist|Strength Sap|p2a: Calyrex\n|-unboost|p2a: Calyrex|atk|1\n|-heal|p1a: Polteageist|84/100\n|move|p2a: Calyrex|Glacial Lance|p1a: Polteageist\n|-damage|p1a: Polteageist|34/100\n|\n|upkeep\n|turn|22\n|inactive|Time left: 300 sec this turn | 300 sec total\n|\n|t:|1783563708\n|move|p1a: Polteageist|Strength Sap|p2a: Calyrex\n|-unboost|p2a: Calyrex|atk|1\n|-heal|p1a: Polteageist|84/100\n|move|p2a: Calyrex|Glacial Lance|p1a: Polteageist\n|-damage|p1a: Polteageist|43/100\n|\n|upkeep\n|turn|23\n|inactive|Time left: 300 sec this turn | 300 sec total\n|\n|t:|1783563709\n|move|p1a: Polteageist|Strength Sap|p2a: Calyrex\n|-unboost|p2a: Calyrex|atk|1\n|-heal|p1a: Polteageist|85/100\n|move|p2a: Calyrex|Glacial Lance|p1a: Polteageist\n|-damage|p1a: Polteageist|49/100\n|\n|upkeep\n|turn|24\n|inactive|Time left: 300 sec this turn | 300 sec total\n|\n|t:|1783563710\n|switch|p2a: Sandy Shocks|Sandy Shocks, L80|267/267\n|move|p1a: Polteageist|Tera Blast|p2a: Sandy Shocks|[anim] Tera Blast Fighting\n|-damage|p2a: Sandy Shocks|60/267\n|\n|-heal|p2a: Sandy Shocks|76/267|[from] item: Leftovers\n|upkeep\n|turn|25\n|inactive|Time left: 300 sec this turn | 300 sec total\n|\n|t:|1783563711\n|move|p1a: Polteageist|Shadow Ball|p2a: Sandy Shocks\n|-damage|p2a: Sandy Shocks|0 fnt\n|faint|p2a: Sandy Shocks\n|-end|p2a: Sandy Shocks|Protosynthesis|[silent]\n|\n|upkeep\n|inactive|Time left: 300 sec this turn | 300 sec total | 5 sec grace\n|\n|t:|1783563712\n|switch|p2a: Calyrex|Calyrex-Ice, L72, tera:Fighting|263/263\n|-ability|p2a: Calyrex|As One\n|-ability|p2a: Calyrex|Unnerve\n|turn|26\n|inactive|Time left: 300 sec this turn | 300 sec total\n|\n|t:|1783563713\n|move|p1a: Polteageist|Tera Blast|p2a: Calyrex|[anim] Tera Blast Fighting\n|-damage|p2a: Calyrex|92/263\n|move|p2a: Calyrex|High Horsepower|p1a: Polteageist\n|-damage|p1a: Polteageist|0 fnt\n|faint|p1a: Polteageist\n|-ability|p2a: Calyrex|Chilling Neigh|boost\n|-boost|p2a: Calyrex|atk|1\n|\n|upkeep\n|\n|t:|1783563714\n|switch|p1a: Toucannon|Toucannon, L88, F|100/100\n|turn|27\n|inactive|Time left: 300 sec this turn | 300 sec total\n|\n|t:|1783563715\n|move|p1a: Toucannon|Boomburst|p2a: Calyrex\n|-damage|p2a: Calyrex|0 fnt\n|faint|p2a: Calyrex\n|\n|win|p0x21150d81", "uploadtime": 1783563715, "views": 0, "rating": 0, "private": 0, "password": null, "_winner": "p0x21150d81", "_our_name": "p0y21153480"}