{"id": "battle-gen9randombattle-2423", "formatid": "gen9randombattle", "format": "[Gen 9] Random Battle", "players": ["p0x24231445", "p0y24238d8b"], "log": "|init|battle\n|title|p0x24231445 vs. p0y24238d8b\n|j|\u2606p0x24231445\n|j|\u2606p0y24238d8b\n|t:|1783567118\n|gametype|singles\n|player|p1|p0x24231445|170|\n|player|p2|p0y24238d8b|170|\n|gen|9\n|tier|[Gen 9] Random Battle\n|rule|Species Clause: Limit one of each Pok\u00e9mon\n|rule|HP Percentage Mod: HP is shown in percentages\n|rule|Sleep Clause Mod: Limit one foe put to sleep\n|rule|Illusion Level Mod: Illusion disguises the Pok\u00e9mon's true level\n|\n|t:|1783567118\n|teamsize|p1|6\n|teamsize|p2|6\n|start\n|switch|p1a: Froslass|Froslass, L87, F|263/263\n|switch|p2a: Avalugg|Avalugg-Hisui, L90, M|100/100\n|turn|1\n|inactive|Battle timer is ON: inactive players will automatically lose when time's up. (requested by p0y24238d8b)\n|inactive|Time left: 300 sec this turn | 300 sec total | 60 sec grace\n|inactive|p0x24231445 also wants the timer to be on.\n|\n|t:|1783567119\n|switch|p1a: Lunala|Lunala, L70|308/308\n|move|p2a: Avalugg|Stone Edge|p1a: Lunala\n|-damage|p1a: Lunala|224/308\n|\n|-heal|p1a: Lunala|243/308|[from] item: Leftovers\n|upkeep\n|turn|2\n|inactive|Time left: 300 sec this turn | 300 sec total\n|\n|t:|1783567120\n|move|p1a: Lunala|Moongeist Beam|p2a: Avalugg\n|-damage|p2a: Avalugg|48/100\n|move|p2a: Avalugg|Stone Edge|p1a: Lunala\n|-damage|p1a: Lunala|53/308\n|\n|-heal|p1a: Lunala|72/308|[from] item: Leftovers\n|upkeep\n|turn|3\n|inactive|Time left: 300 sec this turn | 300 sec total\n|\n|t:|1783567121\n|switch|p2a: Magcargo|Magcargo, L95, M|100/100\n|move|p1a: Lunala|Moongeist Beam|p2a: Magcargo\n|-damage|p2a: Magcargo|68/100\n|\n|-heal|p1a: Lunala|91/308|[from] item: Leftovers\n|upkeep\n|turn|4\n|inactive|Time left: 300 sec this turn | 300 sec total\n|\n|t:|1783567122\n|move|p1a: Lunala|Moonlight|p1a: Lunala\n|-heal|p1a: Lunala|245/308\n|move|p2a: Magcargo|Shell Smash|p2a: Magcargo\n|-unboost|p2a: Magcargo|def|1\n|-unboost|p2a: Magcargo|spd|1\n|-boost|p2a: Magcargo|atk|2\n|-boost|p2a: Magcargo|spa|2\n|-boost|p2a: Magcargo|spe|2\n|\n|-heal|p1a: Lunala|264/308|[from] item: Leftovers\n|upkeep\n|turn|5\n|inactive|Time left: 300 sec this turn | 300 sec total\n|\n|t:|1783567124\n|move|p2a: Magcargo|Fire Blast|p1a: Lunala\n|-damage|p1a: Lunala|0 fnt\n|faint|p1a: Lunala\n|\n|upkeep\n|inactive|Time left: 300 sec this turn | 300 sec total | 5 sec grace\n|\n|t:|1783567125\n|switch|p1a: Inteleon|Inteleon, L81, M|246/246\n|turn|6\n|inactive|Time left: 300 sec this turn | 300 sec total\n|\n|t:|1783567126\n|-terastallize|p2a: Magcargo|Grass\n|move|p1a: Inteleon|Scald|p2a: Magcargo\n|-resisted|p2a: Magcargo\n|-damage|p2a: Magcargo|27/100\n|move|p2a: Magcargo|Shell Smash|p2a: Magcargo\n|-unboost|p2a: Magcargo|def|1\n|-unboost|p2a: Magcargo|spd|1\n|-boost|p2a: Magcargo|atk|2\n|-boost|p2a: Magcargo|spa|2\n|-boost|p2a: Magcargo|spe|2\n|\n|upkeep\n|turn|7\n|inactive|Time left: 300 sec this turn | 300 sec total\n|\n|t:|1783567127\n|move|p2a: Magcargo|Power Gem|p1a: Inteleon\n|-damage|p1a: Inteleon|0 fnt\n|faint|p1a: Inteleon\n|\n|upkeep\n|inactive|Time left: 300 sec this turn | 300 sec total | 5 sec grace\n|\n|t:|1783567128\n|switch|p1a: Torterra|Torterra, L78, M|276/276\n|turn|8\n|inactive|Time left: 300 sec this turn | 300 sec total\n|\n|t:|1783567129\n|-terastallize|p1a: Torterra|Rock\n|move|p2a: Magcargo|Fire Blast|p1a: Torterra\n|-resisted|p1a: Torterra\n|-damage|p1a: Torterra|36/276\n|move|p1a: Torterra|Bullet Seed|p2a: Magcargo\n|-resisted|p2a: Magcargo\n|-damage|p2a: Magcargo|18/100\n|-ability|p2a: Magcargo|Weak Armor|boost\n|-unboost|p2a: Magcargo|def|1\n|-boost|p2a: Magcargo|spe|2\n|-resisted|p2a: Magcargo\n|-damage|p2a: Magcargo|4/100\n|-ability|p2a: Magcargo|Weak Armor|boost\n|-unboost|p2a: Magcargo|def|1\n|-resisted|p2a: Magcargo\n|-damage|p2a: Magcargo|0 fnt\n|faint|p2a: Magcargo\n|-hitcount|p2: Magcargo|3\n|\n|upkeep\n|\n|t:|1783567130\n|switch|p2a: Kingdra|Kingdra, L84, F|100/100\n|turn|9\n|inactive|Time left: 300 sec this turn | 300 sec total\n|\n|t:|1783567131\n|move|p2a: Kingdra|Outrage|p1a: Torterra\n|-damage|p1a: Torterra|0 fnt\n|faint|p1a: Torterra\n|\n|upkeep\n|inactive|Time left: 300 sec this turn | 300 sec total | 5 sec grace\n|\n|t:|1783567132\n|switch|p1a: Vikavolt|Vikavolt, L83, F|263/263\n|turn|10\n|inactive|Time left: 300 sec this turn | 300 sec total\n|\n|t:|1783567133\n|move|p2a: Kingdra|Outrage|p1a: Vikavolt|[from] lockedmove\n|-damage|p1a: Vikavolt|133/263\n|-start|p2a: Kingdra|confusion|[fatigue]\n|-enditem|p2a: Kingdra|Lum Berry|[eat]\n|-end|p2a: Kingdra|confusion\n|move|p1a: Vikavolt|Sticky Web|p2a: Kingdra\n|-sidestart|p2: p0y24238d8b|move: Sticky Web\n|\n|upkeep\n|turn|11\n|inactive|Time left: 300 sec this turn | 300 sec total\n|\n|t:|1783567134\n|move|p2a: Kingdra|Outrage|p1a: Vikavolt\n|-damage|p1a: Vikavolt|10/263\n|move|p1a: Vikavolt|Volt Switch|p2a: Kingdra\n|-damage|p2a: Kingdra|64/100\n|inactive|Time left: 300 sec this turn | 300 sec total | 5 sec grace\n|\n|t:|1783567135\n|switch|p1a: Zekrom|Zekrom, L71|259/259|[from] Volt Switch\n|-ability|p1a: Zekrom|Teravolt\n|\n|upkeep\n|turn|12\n|inactive|Time left: 300 sec this turn | 300 sec total\n|\n|t:|1783567136\n|move|p2a: Kingdra|Outrage|p1a: Zekrom|[from] lockedmove\n|-supereffective|p1a: Zekrom\n|-damage|p1a: Zekrom|25/259\n|-start|p2a: Kingdra|confusion|[fatigue]\n|move|p1a: Zekrom|Dragon Dance|p1a: Zekrom\n|-boost|p1a: Zekrom|atk|1\n|-boost|p1a: Zekrom|spe|1\n|\n|-heal|p1a: Zekrom|41/259|[from] item: Leftovers\n|upkeep\n|turn|13\n|inactive|Time left: 300 sec this turn | 300 sec total\n|\n|t:|1783567137\n|move|p1a: Zekrom|Outrage|p2a: Kingdra\n|-supereffective|p2a: Kingdra\n|-damage|p2a: Kingdra|0 fnt\n|faint|p2a: Kingdra\n|\n|-heal|p1a: Zekrom|57/259|[from] item: Leftovers\n|upkeep\n|\n|t:|1783567138\n|switch|p2a: Avalugg|Avalugg-Hisui, L90, M|48/100\n|turn|14\n|inactive|Time left: 300 sec this turn | 300 sec total\n|\n|t:|1783567139\n|move|p1a: Zekrom|Outrage|p2a: Avalugg|[from] lockedmove\n|-damage|p2a: Avalugg|13/100\n|-start|p1a: Zekrom|confusion|[fatigue]\n|move|p2a: Avalugg|Recover|p2a: Avalugg\n|-heal|p2a: Avalugg|63/100\n|\n|-heal|p1a: Zekrom|73/259|[from] item: Leftovers\n|upkeep\n|turn|15\n|inactive|Time left: 300 sec this turn | 300 sec total\n|\n|t:|1783567140\n|-activate|p1a: Zekrom|confusion\n|-damage|p1a: Zekrom|35/259|[from] confusion\n|move|p2a: Avalugg|Avalanche|p1a: Zekrom\n|-supereffective|p1a: Zekrom\n|-damage|p1a: Zekrom|0 fnt\n|faint|p1a: Zekrom\n|\n|upkeep\n|inactive|Time left: 300 sec this turn | 300 sec total | 5 sec grace\n|\n|t:|1783567141\n|switch|p1a: Vikavolt|Vikavolt, L83, F|10/263\n|turn|16\n|inactive|Time left: 300 sec this turn | 300 sec total\n|\n|t:|1783567142\n|switch|p1a: Froslass|Froslass, L87, F|263/263\n|move|p2a: Avalugg|Body Press|p1a: Froslass\n|-immune|p1a: Froslass\n|\n|upkeep\n|turn|17\n|inactive|Time left: 300 sec this turn | 300 sec total\n|\n|t:|1783567143\n|switch|p1a: Vikavolt|Vikavolt, L83, F|10/263\n|move|p2a: Avalugg|Stone Edge|p1a: Vikavolt|[miss]\n|-miss|p2a: Avalugg|p1a: Vikavolt\n|\n|upkeep\n|turn|18\n|inactive|Time left: 300 sec this turn | 300 sec total\n|\n|t:|1783567144\n|switch|p1a: Froslass|Froslass, L87, F|263/263\n|move|p2a: Avalugg|Body Press|p1a: Froslass\n|-immune|p1a: Froslass\n|\n|upkeep\n|turn|19\n|inactive|Time left: 300 sec this turn | 300 sec total\n|\n|t:|1783567145\n|switch|p1a: Vikavolt|Vikavolt, L83, F|10/263\n|move|p2a: Avalugg|Stone Edge|p1a: Vikavolt\n|-supereffective|p1a: Vikavolt\n|-damage|p1a: Vikavolt|0 fnt\n|faint|p1a: Vikavolt\n|\n|upkeep\n|inactive|Time left: 300 sec this turn | 300 sec total | 5 sec grace\n|\n|t:|1783567145\n|switch|p1a: Froslass|Froslass, L87, F|263/263\n|turn|20\n|inactive|Time left: 300 sec this turn | 300 sec total\n|\n|t:|1783567146\n|move|p1a: Froslass|Destiny Bond|p1a: Froslass\n|-singlemove|p1a: Froslass|Destiny Bond\n|move|p2a: Avalugg|Stone Edge|p1a: Froslass\n|-supereffective|p1a: Froslass\n|-damage|p1a: Froslass|0 fnt\n|-start|p2a: Avalugg|Disable|Stone Edge|[from] ability: Cursed Body|[of] p1a: Froslass\n|faint|p1a: Froslass\n|-activate|p1a: Froslass|move: Destiny Bond\n|faint|p2a: Avalugg\n|\n|win|p0y24238d8b", "uploadtime": 1783567146, "views": 0, "rating": 0, "private": 0, "password": null, "_winner": "p0y24238d8b", "_our_name": "p0x24231445"}