{"id": "battle-gen9randombattle-1639", "formatid": "gen9randombattle", "format": "[Gen 9] Random Battle", "players": ["p0x1639d1a3", "p0y1639e14b"], "log": "|init|battle\n|title|p0x1639d1a3 vs. p0y1639e14b\n|j|\u2606p0x1639d1a3\n|j|\u2606p0y1639e14b\n|t:|1783558955\n|gametype|singles\n|player|p1|p0x1639d1a3|101|\n|player|p2|p0y1639e14b|102|\n|gen|9\n|tier|[Gen 9] Random Battle\n|rule|Species Clause: Limit one of each Pok\u00e9mon\n|rule|HP Percentage Mod: HP is shown in percentages\n|rule|Sleep Clause Mod: Limit one foe put to sleep\n|rule|Illusion Level Mod: Illusion disguises the Pok\u00e9mon's true level\n|\n|t:|1783558955\n|teamsize|p1|6\n|teamsize|p2|6\n|start\n|switch|p1a: Iron Crown|Iron Crown, L78|268/268\n|switch|p2a: Cobalion|Cobalion, L80|100/100\n|turn|1\n|inactive|Battle timer is ON: inactive players will automatically lose when time's up. (requested by p0y1639e14b)\n|inactive|Time left: 300 sec this turn | 300 sec total | 60 sec grace\n|inactive|p0x1639d1a3 also wants the timer to be on.\n|\n|t:|1783558956\n|move|p2a: Cobalion|Body Press|p1a: Iron Crown\n|-damage|p1a: Iron Crown|163/268\n|move|p1a: Iron Crown|Calm Mind|p1a: Iron Crown\n|-boost|p1a: Iron Crown|spa|1\n|-boost|p1a: Iron Crown|spd|1\n|\n|-heal|p1a: Iron Crown|179/268|[from] item: Leftovers\n|upkeep\n|turn|2\n|inactive|Time left: 300 sec this turn | 300 sec total\n|\n|t:|1783558957\n|move|p2a: Cobalion|Body Press|p1a: Iron Crown\n|-damage|p1a: Iron Crown|83/268\n|move|p1a: Iron Crown|Focus Blast|p2a: Cobalion|[miss]\n|-miss|p1a: Iron Crown|p2a: Cobalion\n|\n|-heal|p1a: Iron Crown|99/268|[from] item: Leftovers\n|upkeep\n|turn|3\n|inactive|Time left: 300 sec this turn | 300 sec total\n|\n|t:|1783558958\n|move|p2a: Cobalion|Body Press|p1a: Iron Crown\n|-damage|p1a: Iron Crown|3/268\n|move|p1a: Iron Crown|Focus Blast|p2a: Cobalion\n|-supereffective|p2a: Cobalion\n|-damage|p2a: Cobalion|0 fnt\n|faint|p2a: Cobalion\n|\n|-heal|p1a: Iron Crown|19/268|[from] item: Leftovers\n|upkeep\n|\n|t:|1783558959\n|switch|p2a: Roaring Moon|Roaring Moon, L72|100/100\n|turn|4\n|inactive|Time left: 300 sec this turn | 300 sec total\n|\n|t:|1783558960\n|move|p2a: Roaring Moon|Knock Off|p1a: Iron Crown\n|-supereffective|p1a: Iron Crown\n|-damage|p1a: Iron Crown|0 fnt\n|-enditem|p1a: Iron Crown|Leftovers|[from] move: Knock Off|[of] p2a: Roaring Moon\n|faint|p1a: Iron Crown\n|-end|p1a: Iron Crown|Quark Drive|[silent]\n|\n|upkeep\n|inactive|Time left: 300 sec this turn | 300 sec total | 5 sec grace\n|\n|t:|1783558961\n|switch|p1a: Spidops|Spidops, L96, M|271/271\n|turn|5\n|inactive|Time left: 300 sec this turn | 300 sec total\n|\n|t:|1783558963\n|move|p2a: Roaring Moon|Outrage|p1a: Spidops\n|-damage|p1a: Spidops|165/271\n|move|p1a: Spidops|Sticky Web|p2a: Roaring Moon\n|-sidestart|p2: p0y1639e14b|move: Sticky Web\n|\n|upkeep\n|turn|6\n|inactive|Time left: 300 sec this turn | 300 sec total\n|\n|t:|1783558964\n|switch|p1a: Sandaconda|Sandaconda, L84, F|258/258\n|move|p2a: Roaring Moon|Outrage|p1a: Sandaconda|[from] lockedmove\n|-damage|p1a: Sandaconda|158/258\n|\n|-heal|p1a: Sandaconda|174/258|[from] item: Leftovers\n|upkeep\n|turn|7\n|inactive|Time left: 300 sec this turn | 300 sec total\n|\n|t:|1783558965\n|move|p2a: Roaring Moon|Outrage|p1a: Sandaconda|[from] lockedmove\n|-damage|p1a: Sandaconda|84/258\n|-start|p2a: Roaring Moon|confusion|[fatigue]\n|-enditem|p2a: Roaring Moon|Lum Berry|[eat]\n|-end|p2a: Roaring Moon|confusion\n|move|p1a: Sandaconda|Earthquake|p2a: Roaring Moon\n|-damage|p2a: Roaring Moon|45/100\n|\n|-heal|p1a: Sandaconda|100/258|[from] item: Leftovers\n|upkeep\n|turn|8\n|inactive|Time left: 300 sec this turn | 300 sec total\n|\n|t:|1783558966\n|move|p2a: Roaring Moon|Outrage|p1a: Sandaconda\n|-damage|p1a: Sandaconda|9/258\n|move|p1a: Sandaconda|Rest|p1a: Sandaconda\n|-status|p1a: Sandaconda|slp|[from] move: Rest\n|-heal|p1a: Sandaconda|258/258 slp|[silent]\n|\n|-activate|p1a: Sandaconda|ability: Shed Skin\n|-curestatus|p1a: Sandaconda|slp|[msg]\n|upkeep\n|turn|9\n|inactive|Time left: 300 sec this turn | 300 sec total\n|\n|t:|1783558967\n|move|p2a: Roaring Moon|Outrage|p1a: Sandaconda|[from] lockedmove\n|-damage|p1a: Sandaconda|170/258\n|-start|p2a: Roaring Moon|confusion|[fatigue]\n|move|p1a: Sandaconda|Coil|p1a: Sandaconda\n|-boost|p1a: Sandaconda|atk|1\n|-boost|p1a: Sandaconda|def|1\n|-boost|p1a: Sandaconda|accuracy|1\n|\n|-heal|p1a: Sandaconda|186/258|[from] item: Leftovers\n|upkeep\n|turn|10\n|inactive|Time left: 300 sec this turn | 300 sec total\n|\n|t:|1783558968\n|-activate|p2a: Roaring Moon|confusion\n|move|p2a: Roaring Moon|Outrage|p1a: Sandaconda\n|-damage|p1a: Sandaconda|119/258\n|move|p1a: Sandaconda|Stone Edge|p2a: Roaring Moon\n|-damage|p2a: Roaring Moon|0 fnt\n|faint|p2a: Roaring Moon\n|-end|p2a: Roaring Moon|Protosynthesis|[silent]\n|\n|-heal|p1a: Sandaconda|135/258|[from] item: Leftovers\n|upkeep\n|\n|t:|1783558969\n|switch|p2a: Rillaboom|Rillaboom, L79, M|100/100\n|-activate|p2a: Rillaboom|move: Sticky Web\n|-unboost|p2a: Rillaboom|spe|1\n|-fieldstart|move: Grassy Terrain|[from] ability: Grassy Surge|[of] p2a: Rillaboom\n|turn|11\n|inactive|Time left: 300 sec this turn | 300 sec total\n|\n|t:|1783558971\n|-terastallize|p1a: Sandaconda|Steel\n|move|p1a: Sandaconda|Coil|p1a: Sandaconda\n|-boost|p1a: Sandaconda|atk|1\n|-boost|p1a: Sandaconda|def|1\n|-boost|p1a: Sandaconda|accuracy|1\n|move|p2a: Rillaboom|Wood Hammer|p1a: Sandaconda\n|-resisted|p1a: Sandaconda\n|-damage|p1a: Sandaconda|83/258\n|-damage|p2a: Rillaboom|95/100|[from] Recoil\n|\n|-heal|p1a: Sandaconda|99/258|[from] Grassy Terrain\n|-heal|p1a: Sandaconda|115/258|[from] item: Leftovers\n|-heal|p2a: Rillaboom|100/100|[from] Grassy Terrain\n|upkeep\n|turn|12\n|inactive|Time left: 300 sec this turn | 300 sec total\n|\n|t:|1783558972\n|move|p1a: Sandaconda|Stone Edge|p2a: Rillaboom\n|-damage|p2a: Rillaboom|48/100\n|move|p2a: Rillaboom|Wood Hammer|p1a: Sandaconda\n|-resisted|p1a: Sandaconda\n|-damage|p1a: Sandaconda|60/258\n|-damage|p2a: Rillaboom|41/100|[from] Recoil\n|\n|-heal|p1a: Sandaconda|76/258|[from] Grassy Terrain\n|-heal|p1a: Sandaconda|92/258|[from] item: Leftovers\n|-heal|p2a: Rillaboom|48/100|[from] Grassy Terrain\n|upkeep\n|turn|13\n|inactive|Time left: 300 sec this turn | 300 sec total\n|\n|t:|1783558973\n|move|p1a: Sandaconda|Stone Edge|p2a: Rillaboom\n|-damage|p2a: Rillaboom|0 fnt\n|faint|p2a: Rillaboom\n|\n|-heal|p1a: Sandaconda|108/258|[from] Grassy Terrain\n|-heal|p1a: Sandaconda|124/258|[from] item: Leftovers\n|upkeep\n|\n|t:|1783558974\n|switch|p2a: Coalossal|Coalossal, L89, F|100/100\n|turn|14\n|inactive|Time left: 300 sec this turn | 300 sec total\n|\n|t:|1783558975\n|-terastallize|p2a: Coalossal|Water\n|move|p1a: Sandaconda|Rest|p1a: Sandaconda\n|-status|p1a: Sandaconda|slp|[from] move: Rest\n|-heal|p1a: Sandaconda|258/258 slp|[silent]\n|move|p2a: Coalossal|Overheat|p1a: Sandaconda\n|-supereffective|p1a: Sandaconda\n|-damage|p1a: Sandaconda|0 fnt\n|-unboost|p2a: Coalossal|spa|2\n|faint|p1a: Sandaconda\n|\n|upkeep\n|inactive|Time left: 300 sec this turn | 300 sec total | 5 sec grace\n|\n|t:|1783558976\n|switch|p1a: Arboliva|Arboliva, L91, F|288/288\n|turn|15\n|inactive|Time left: 300 sec this turn | 300 sec total\n|\n|t:|1783558977\n|switch|p2a: Sylveon|Sylveon, L85, M|100/100\n|-activate|p2a: Sylveon|move: Sticky Web\n|-unboost|p2a: Sylveon|spe|1\n|move|p1a: Arboliva|Hyper Voice|p2a: Sylveon\n|-damage|p2a: Sylveon|67/100\n|\n|-heal|p2a: Sylveon|73/100|[from] Grassy Terrain\n|-heal|p2a: Sylveon|79/100|[from] item: Leftovers\n|-fieldend|move: Grassy Terrain\n|upkeep\n|turn|16\n|inactive|Time left: 300 sec this turn | 300 sec total\n|\n|t:|1783558978\n|move|p1a: Arboliva|Leech Seed|p2a: Sylveon\n|-start|p2a: Sylveon|move: Leech Seed\n|move|p2a: Sylveon|Calm Mind|p2a: Sylveon\n|-boost|p2a: Sylveon|spa|1\n|-boost|p2a: Sylveon|spd|1\n|\n|-heal|p2a: Sylveon|85/100|[from] item: Leftovers\n|-damage|p2a: Sylveon|73/100|[from] Leech Seed|[of] p1a: Arboliva\n|upkeep\n|turn|17\n|inactive|Time left: 300 sec this turn | 300 sec total\n|\n|t:|1783558979\n|move|p1a: Arboliva|Hyper Voice|p2a: Sylveon\n|-damage|p2a: Sylveon|53/100\n|move|p2a: Sylveon|Calm Mind|p2a: Sylveon\n|-boost|p2a: Sylveon|spa|1\n|-boost|p2a: Sylveon|spd|1\n|\n|-heal|p2a: Sylveon|59/100|[from] item: Leftovers\n|-damage|p2a: Sylveon|46/100|[from] Leech Seed|[of] p1a: Arboliva\n|upkeep\n|turn|18\n|inactive|Time left: 300 sec this turn | 300 sec total\n|\n|t:|1783558980\n|move|p1a: Arboliva|Hyper Voice|p2a: Sylveon\n|-damage|p2a: Sylveon|30/100\n|move|p2a: Sylveon|Hyper Voice|p1a: Arboliva\n|-damage|p1a: Arboliva|101/288\n|-enditem|p1a: Arboliva|Sitrus Berry|[eat]\n|-heal|p1a: Arboliva|173/288|[from] item: Sitrus Berry\n|\n|-heal|p2a: Sylveon|36/100|[from] item: Leftovers\n|-damage|p2a: Sylveon|24/100|[from] Leech Seed|[of] p1a: Arboliva\n|-heal|p1a: Arboliva|210/288|[silent]\n|upkeep\n|turn|19\n|inactive|Time left: 300 sec this turn | 300 sec total\n|\n|t:|1783558981\n|move|p1a: Arboliva|Hyper Voice|p2a: Sylveon\n|-damage|p2a: Sylveon|8/100\n|move|p2a: Sylveon|Hyper Voice|p1a: Arboliva\n|-damage|p1a: Arboliva|0 fnt\n|faint|p1a: Arboliva\n|\n|-heal|p2a: Sylveon|14/100|[from] item: Leftovers\n|upkeep\n|inactive|Time left: 300 sec this turn | 300 sec total | 5 sec grace\n|\n|t:|1783558982\n|switch|p1a: Staraptor|Staraptor, L79, M|263/263\n|turn|20\n|inactive|Time left: 300 sec this turn | 300 sec total\n|\n|t:|1783558983\n|switch|p2a: Coalossal|Coalossal, L89, F, tera:Water|100/100\n|move|p1a: Staraptor|Double-Edge|p2a: Coalossal\n|-damage|p2a: Coalossal|67/100\n|-status|p1a: Staraptor|brn|[from] ability: Flame Body|[of] p2a: Coalossal\n|-damage|p1a: Staraptor|225/263 brn|[from] Recoil\n|\n|-damage|p1a: Staraptor|209/263 brn|[from] brn\n|upkeep\n|turn|21\n|inactive|Time left: 300 sec this turn | 300 sec total\n|\n|t:|1783558984\n|move|p1a: Staraptor|Double-Edge|p2a: Coalossal\n|-damage|p2a: Coalossal|48/100\n|-damage|p1a: Staraptor|188/263 brn|[from] Recoil\n|move|p2a: Coalossal|Rapid Spin|p1a: Staraptor\n|-damage|p1a: Staraptor|146/263 brn\n|-boost|p2a: Coalossal|spe|1\n|-sideend|p2: p0y1639e14b|Sticky Web|[from] move: Rapid Spin|[of] p2a: Coalossal\n|\n|-damage|p1a: Staraptor|130/263 brn|[from] brn\n|upkeep\n|turn|22\n|inactive|Time left: 300 sec this turn | 300 sec total\n|\n|t:|1783558985\n|move|p1a: Staraptor|Double-Edge|p2a: Coalossal\n|-damage|p2a: Coalossal|32/100\n|-damage|p1a: Staraptor|112/263 brn|[from] Recoil\n|move|p2a: Coalossal|Rapid Spin|p1a: Staraptor\n|-damage|p1a: Staraptor|71/263 brn\n|-boost|p2a: Coalossal|spe|1\n|\n|-damage|p1a: Staraptor|55/263 brn|[from] brn\n|upkeep\n|turn|23\n|inactive|Time left: 300 sec this turn | 300 sec total\n|\n|t:|1783558986\n|move|p1a: Staraptor|Double-Edge|p2a: Coalossal\n|-damage|p2a: Coalossal|15/100\n|-damage|p1a: Staraptor|36/263 brn|[from] Recoil\n|move|p2a: Coalossal|Stone Edge|p1a: Staraptor\n|-supereffective|p1a: Staraptor\n|-damage|p1a: Staraptor|0 fnt\n|faint|p1a: Staraptor\n|\n|upkeep\n|inactive|Time left: 300 sec this turn | 300 sec total | 5 sec grace\n|\n|t:|1783558987\n|switch|p1a: Uxie|Uxie, L83|260/260\n|turn|24\n|inactive|Time left: 300 sec this turn | 300 sec total\n|\n|t:|1783558988\n|move|p2a: Coalossal|Will-O-Wisp|p1a: Uxie\n|-status|p1a: Uxie|brn\n|move|p1a: Uxie|Psychic Noise|p2a: Coalossal\n|-damage|p2a: Coalossal|0 fnt\n|faint|p2a: Coalossal\n|\n|-damage|p1a: Uxie|244/260 brn|[from] brn\n|upkeep\n|\n|t:|1783558989\n|switch|p2a: Sylveon|Sylveon, L85, M|14/100\n|turn|25\n|inactive|Time left: 300 sec this turn | 300 sec total\n|\n|t:|1783558990\n|move|p2a: Sylveon|Protect|p2a: Sylveon\n|-singleturn|p2a: Sylveon|Protect\n|move|p1a: Uxie|Psychic Noise|p2a: Sylveon\n|-activate|p2a: Sylveon|move: Protect\n|\n|-heal|p1a: Uxie|260/260 brn|[from] item: Leftovers\n|-heal|p2a: Sylveon|20/100|[from] item: Leftovers\n|-damage|p1a: Uxie|244/260 brn|[from] brn\n|upkeep\n|turn|26\n|inactive|Time left: 300 sec this turn | 300 sec total\n|\n|t:|1783558991\n|move|p1a: Uxie|Psychic Noise|p2a: Sylveon\n|-damage|p2a: Sylveon|5/100\n|-start|p2a: Sylveon|move: Heal Block\n|move|p2a: Sylveon|Calm Mind|p2a: Sylveon\n|-boost|p2a: Sylveon|spa|1\n|-boost|p2a: Sylveon|spd|1\n|\n|-heal|p1a: Uxie|260/260 brn|[from] item: Leftovers\n|-damage|p1a: Uxie|244/260 brn|[from] brn\n|upkeep\n|turn|27\n|inactive|Time left: 300 sec this turn | 300 sec total\n|\n|t:|1783558992\n|move|p2a: Sylveon|Protect|p2a: Sylveon\n|-singleturn|p2a: Sylveon|Protect\n|move|p1a: Uxie|Psychic Noise|p2a: Sylveon\n|-activate|p2a: Sylveon|move: Protect\n|\n|-heal|p1a: Uxie|260/260 brn|[from] item: Leftovers\n|-damage|p1a: Uxie|244/260 brn|[from] brn\n|-end|p2a: Sylveon|move: Heal Block\n|upkeep\n|turn|28\n|inactive|Time left: 300 sec this turn | 300 sec total\n|\n|t:|1783558993\n|move|p2a: Sylveon|Protect|p2a: Sylveon\n|-singleturn|p2a: Sylveon|Protect\n|move|p1a: Uxie|Psychic Noise|p2a: Sylveon\n|-activate|p2a: Sylveon|move: Protect\n|\n|-heal|p1a: Uxie|260/260 brn|[from] item: Leftovers\n|-heal|p2a: Sylveon|11/100|[from] item: Leftovers\n|-damage|p1a: Uxie|244/260 brn|[from] brn\n|upkeep\n|turn|29\n|inactive|Time left: 300 sec this turn | 300 sec total\n|\n|t:|1783558994\n|move|p1a: Uxie|Psychic Noise|p2a: Sylveon\n|-damage|p2a: Sylveon|0 fnt\n|faint|p2a: Sylveon\n|\n|-heal|p1a: Uxie|260/260 brn|[from] item: Leftovers\n|-damage|p1a: Uxie|244/260 brn|[from] brn\n|upkeep\n|\n|t:|1783558996\n|switch|p2a: Hawlucha|Hawlucha, L80, M|100/100\n|turn|30\n|inactive|Time left: 300 sec this turn | 300 sec total\n|\n|t:|1783558997\n|move|p2a: Hawlucha|Close Combat|p1a: Uxie\n|-resisted|p1a: Uxie\n|-damage|p1a: Uxie|202/260 brn\n|-unboost|p2a: Hawlucha|def|1\n|-unboost|p2a: Hawlucha|spd|1\n|-enditem|p2a: Hawlucha|White Herb\n|-clearnegativeboost|p2a: Hawlucha|[silent]\n|move|p1a: Uxie|Psychic Noise|p2a: Hawlucha\n|-supereffective|p2a: Hawlucha\n|-damage|p2a: Hawlucha|28/100\n|-start|p2a: Hawlucha|move: Heal Block\n|\n|-heal|p1a: Uxie|218/260 brn|[from] item: Leftovers\n|-damage|p1a: Uxie|202/260 brn|[from] brn\n|upkeep\n|turn|31\n|inactive|Time left: 300 sec this turn | 300 sec total\n|\n|t:|1783558998\n|move|p2a: Hawlucha|Close Combat|p1a: Uxie\n|-resisted|p1a: Uxie\n|-damage|p1a: Uxie|162/260 brn\n|-unboost|p2a: Hawlucha|def|1\n|-unboost|p2a: Hawlucha|spd|1\n|move|p1a: Uxie|Psychic Noise|p2a: Hawlucha\n|-supereffective|p2a: Hawlucha\n|-damage|p2a: Hawlucha|0 fnt\n|faint|p2a: Hawlucha\n|\n|win|p0x1639d1a3", "uploadtime": 1783558998, "views": 0, "rating": 0, "private": 0, "password": null, "_winner": "p0x1639d1a3", "_our_name": "p0x1639d1a3"}