{"id": "battle-gen9randombattle-1467", "formatid": "gen9randombattle", "format": "[Gen 9] Random Battle", "players": ["p0x14678319", "p0y1467f1b6"], "log": "|init|battle\n|title|p0x14678319 vs. p0y1467f1b6\n|j|\u2606p0x14678319\n|j|\u2606p0y1467f1b6\n|t:|1783557090\n|gametype|singles\n|player|p1|p0x14678319|101|\n|player|p2|p0y1467f1b6|1|\n|gen|9\n|tier|[Gen 9] Random Battle\n|rule|Species Clause: Limit one of each Pok\u00e9mon\n|rule|HP Percentage Mod: HP is shown in percentages\n|rule|Sleep Clause Mod: Limit one foe put to sleep\n|rule|Illusion Level Mod: Illusion disguises the Pok\u00e9mon's true level\n|\n|t:|1783557090\n|teamsize|p1|6\n|teamsize|p2|6\n|start\n|switch|p1a: Staraptor|Staraptor, L79, F|263/263\n|switch|p2a: Armarouge|Armarouge, L80, M|100/100\n|turn|1\n|inactive|Battle timer is ON: inactive players will automatically lose when time's up. (requested by p0y1467f1b6)\n|inactive|Time left: 300 sec this turn | 300 sec total | 60 sec grace\n|inactive|p0x14678319 also wants the timer to be on.\n|\n|t:|1783557091\n|move|p1a: Staraptor|Brave Bird|p2a: Armarouge\n|-damage|p2a: Armarouge|19/100\n|-ability|p2a: Armarouge|Weak Armor|boost\n|-unboost|p2a: Armarouge|def|1\n|-boost|p2a: Armarouge|spe|2\n|-damage|p1a: Staraptor|191/263|[from] Recoil\n|move|p2a: Armarouge|Meteor Beam||[still]\n|-prepare|p2a: Armarouge|Meteor Beam\n|-boost|p2a: Armarouge|spa|1\n|-enditem|p2a: Armarouge|Power Herb\n|-anim|p2a: Armarouge|Meteor Beam|p1a: Staraptor\n|-supereffective|p1a: Staraptor\n|-damage|p1a: Staraptor|0 fnt\n|faint|p1a: Staraptor\n|\n|upkeep\n|inactive|Time left: 300 sec this turn | 300 sec total | 65 sec grace\n|\n|t:|1783557092\n|switch|p1a: Meloetta|Meloetta, L82|298/298\n|turn|2\n|inactive|Time left: 300 sec this turn | 300 sec total\n|\n|t:|1783557093\n|move|p2a: Armarouge|Armor Cannon|p1a: Meloetta\n|-damage|p1a: Meloetta|129/298\n|-unboost|p2a: Armarouge|def|1\n|-unboost|p2a: Armarouge|spd|1\n|move|p1a: Meloetta|Psyshock|p2a: Armarouge\n|-resisted|p2a: Armarouge\n|-damage|p2a: Armarouge|0 fnt\n|faint|p2a: Armarouge\n|\n|upkeep\n|\n|t:|1783557094\n|switch|p2a: Copperajah|Copperajah, L86, F|100/100\n|turn|3\n|inactive|Time left: 300 sec this turn | 300 sec total\n|\n|t:|1783557095\n|switch|p1a: Duraludon|Duraludon, L82, M|249/249\n|move|p2a: Copperajah|Heavy Slam|p1a: Duraludon\n|-resisted|p1a: Duraludon\n|-damage|p1a: Duraludon|182/249\n|\n|upkeep\n|turn|4\n|inactive|Time left: 300 sec this turn | 300 sec total\n|\n|t:|1783557096\n|move|p1a: Duraludon|Body Press|p2a: Copperajah\n|-supereffective|p2a: Copperajah\n|-damage|p2a: Copperajah|57/100\n|move|p2a: Copperajah|Heavy Slam|p1a: Duraludon\n|-resisted|p1a: Duraludon\n|-damage|p1a: Duraludon|110/249\n|\n|upkeep\n|turn|5\n|inactive|Time left: 300 sec this turn | 300 sec total\n|\n|t:|1783557097\n|move|p1a: Duraludon|Body Press|p2a: Copperajah\n|-supereffective|p2a: Copperajah\n|-crit|p2a: Copperajah\n|-damage|p2a: Copperajah|0 fnt\n|faint|p2a: Copperajah\n|\n|upkeep\n|\n|t:|1783557098\n|switch|p2a: Sawsbuck|Sawsbuck-Winter, L88, F|100/100\n|turn|6\n|inactive|Time left: 300 sec this turn | 300 sec total\n|\n|t:|1783557100\n|move|p2a: Sawsbuck|High Horsepower|p1a: Duraludon\n|-supereffective|p1a: Duraludon\n|-damage|p1a: Duraludon|0 fnt\n|faint|p1a: Duraludon\n|-damage|p2a: Sawsbuck|91/100|[from] item: Life Orb\n|\n|upkeep\n|inactive|Time left: 300 sec this turn | 300 sec total | 5 sec grace\n|\n|t:|1783557101\n|switch|p1a: Iron Leaves|Iron Leaves, L80|275/275\n|turn|7\n|inactive|Time left: 300 sec this turn | 300 sec total\n|\n|t:|1783557102\n|switch|p2a: Houndstone|Houndstone, L86, M|100/100\n|move|p1a: Iron Leaves|Close Combat|p2a: Houndstone\n|-immune|p2a: Houndstone\n|\n|upkeep\n|turn|8\n|inactive|Time left: 300 sec this turn | 300 sec total\n|\n|t:|1783557103\n|-end|p1a: Iron Leaves|Quark Drive|[silent]\n|switch|p1a: Meloetta|Meloetta, L82|129/298\n|move|p2a: Houndstone|Poltergeist|p1a: Meloetta\n|-immune|p1a: Meloetta\n|\n|upkeep\n|turn|9\n|inactive|Time left: 300 sec this turn | 300 sec total\n|\n|t:|1783557104\n|move|p1a: Meloetta|Psyshock|p2a: Houndstone\n|-damage|p2a: Houndstone|46/100\n|move|p2a: Houndstone|Body Press|p1a: Meloetta\n|-damage|p1a: Meloetta|57/298\n|\n|-heal|p2a: Houndstone|52/100|[from] item: Leftovers\n|upkeep\n|turn|10\n|inactive|Time left: 300 sec this turn | 300 sec total\n|\n|t:|1783557105\n|move|p1a: Meloetta|Psyshock|p2a: Houndstone\n|-damage|p2a: Houndstone|4/100\n|move|p2a: Houndstone|Body Press|p1a: Meloetta\n|-damage|p1a: Meloetta|0 fnt\n|faint|p1a: Meloetta\n|\n|-heal|p2a: Houndstone|10/100|[from] item: Leftovers\n|upkeep\n|inactive|Time left: 300 sec this turn | 300 sec total | 5 sec grace\n|\n|t:|1783557105\n|switch|p1a: Iron Leaves|Iron Leaves, L80|275/275\n|turn|11\n|inactive|Time left: 300 sec this turn | 300 sec total\n|\n|t:|1783557106\n|move|p1a: Iron Leaves|Leaf Blade|p2a: Houndstone\n|-crit|p2a: Houndstone\n|-damage|p2a: Houndstone|0 fnt\n|faint|p2a: Houndstone\n|-damage|p1a: Iron Leaves|248/275|[from] item: Life Orb\n|\n|upkeep\n|\n|t:|1783557107\n|switch|p2a: Banette|Banette, L93, M|100/100\n|turn|12\n|inactive|Time left: 300 sec this turn | 300 sec total\n|\n|t:|1783557108\n|move|p1a: Iron Leaves|Psyblade|p2a: Banette\n|-damage|p2a: Banette|46/100\n|-damage|p1a: Iron Leaves|221/275|[from] item: Life Orb\n|move|p2a: Banette|Poltergeist|p1a: Iron Leaves\n|-activate|p1a: Iron Leaves|move: Poltergeist|Life Orb\n|-supereffective|p1a: Iron Leaves\n|-damage|p1a: Iron Leaves|0 fnt\n|faint|p1a: Iron Leaves\n|-end|p1a: Iron Leaves|Quark Drive|[silent]\n|-damage|p2a: Banette|36/100|[from] item: Life Orb\n|\n|upkeep\n|inactive|Time left: 300 sec this turn | 300 sec total | 5 sec grace\n|\n|t:|1783557109\n|switch|p1a: Granbull|Granbull, L88, F|302/302\n|-ability|p1a: Granbull|Intimidate|boost\n|-unboost|p2a: Banette|atk|1\n|turn|13\n|inactive|Time left: 300 sec this turn | 300 sec total\n|\n|t:|1783557110\n|move|p2a: Banette|Gunk Shot|p1a: Granbull\n|-supereffective|p1a: Granbull\n|-damage|p1a: Granbull|73/302\n|-damage|p2a: Banette|26/100|[from] item: Life Orb\n|move|p1a: Granbull|Earthquake|p2a: Banette\n|-damage|p2a: Banette|0 fnt\n|faint|p2a: Banette\n|\n|-heal|p1a: Granbull|91/302|[from] item: Leftovers\n|upkeep\n|\n|t:|1783557111\n|switch|p2a: Sawsbuck|Sawsbuck-Winter, L88, F|91/100\n|turn|14\n|inactive|Time left: 300 sec this turn | 300 sec total\n|\n|t:|1783557112\n|switch|p1a: Sableye|Sableye, L88, F|231/231\n|move|p2a: Sawsbuck|Horn Leech|p1a: Sableye\n|-damage|p1a: Sableye|106/231\n|-heal|p2a: Sawsbuck|100/100|[from] drain|[of] p1a: Sableye\n|-damage|p2a: Sawsbuck|91/100|[from] item: Life Orb\n|\n|-heal|p1a: Sableye|120/231|[from] item: Leftovers\n|upkeep\n|turn|15\n|inactive|Time left: 300 sec this turn | 300 sec total\n|\n|t:|1783557113\n|move|p1a: Sableye|Recover|p1a: Sableye\n|-heal|p1a: Sableye|231/231\n|move|p2a: Sawsbuck|Swords Dance|p2a: Sawsbuck\n|-boost|p2a: Sawsbuck|atk|2\n|\n|upkeep\n|turn|16\n|inactive|Time left: 300 sec this turn | 300 sec total\n|\n|t:|1783557114\n|move|p1a: Sableye|Encore|p2a: Sawsbuck\n|-start|p2a: Sawsbuck|Encore\n|move|p2a: Sawsbuck|Swords Dance|p2a: Sawsbuck\n|-boost|p2a: Sawsbuck|atk|2\n|\n|upkeep\n|turn|17\n|inactive|Time left: 300 sec this turn | 300 sec total\n|\n|t:|1783557115\n|switch|p1a: Granbull|Granbull, L88, F|91/302\n|-ability|p1a: Granbull|Intimidate|boost\n|-unboost|p2a: Sawsbuck|atk|1\n|move|p2a: Sawsbuck|Swords Dance|p2a: Sawsbuck\n|-boost|p2a: Sawsbuck|atk|2\n|\n|-heal|p1a: Granbull|109/302|[from] item: Leftovers\n|upkeep\n|turn|18\n|inactive|Time left: 300 sec this turn | 300 sec total\n|\n|t:|1783557116\n|switch|p2a: Eternatus|Eternatus, L69|100/100\n|-ability|p2a: Eternatus|Pressure\n|move|p1a: Granbull|Encore||[still]\n|-fail|p1a: Granbull\n|\n|-heal|p1a: Granbull|127/302|[from] item: Leftovers\n|upkeep\n|turn|19\n|inactive|Time left: 300 sec this turn | 300 sec total\n|\n|t:|1783557117\n|switch|p2a: Sawsbuck|Sawsbuck-Winter, L88, F|91/100\n|-terastallize|p1a: Granbull|Ground\n|move|p1a: Granbull|Earthquake|p2a: Sawsbuck\n|-resisted|p2a: Sawsbuck\n|-damage|p2a: Sawsbuck|65/100\n|\n|-heal|p1a: Granbull|145/302|[from] item: Leftovers\n|upkeep\n|turn|20\n|inactive|Time left: 300 sec this turn | 300 sec total\n|\n|t:|1783557118\n|switch|p1a: Sableye|Sableye, L88, F|231/231\n|move|p2a: Sawsbuck|Horn Leech|p1a: Sableye\n|-damage|p1a: Sableye|114/231\n|-heal|p2a: Sawsbuck|86/100|[from] drain|[of] p1a: Sableye\n|-damage|p2a: Sawsbuck|76/100|[from] item: Life Orb\n|\n|-heal|p1a: Sableye|128/231|[from] item: Leftovers\n|upkeep\n|turn|21\n|inactive|Time left: 300 sec this turn | 300 sec total\n|\n|t:|1783557119\n|move|p1a: Sableye|Recover|p1a: Sableye\n|-heal|p1a: Sableye|231/231\n|move|p2a: Sawsbuck|Horn Leech|p1a: Sableye\n|-damage|p1a: Sableye|105/231\n|-heal|p2a: Sawsbuck|98/100|[from] drain|[of] p1a: Sableye\n|-damage|p2a: Sawsbuck|89/100|[from] item: Life Orb\n|\n|-heal|p1a: Sableye|119/231|[from] item: Leftovers\n|upkeep\n|turn|22\n|inactive|Time left: 300 sec this turn | 300 sec total\n|\n|t:|1783557120\n|move|p1a: Sableye|Recover|p1a: Sableye\n|-heal|p1a: Sableye|231/231\n|move|p2a: Sawsbuck|Horn Leech|p1a: Sableye\n|-damage|p1a: Sableye|117/231\n|-heal|p2a: Sawsbuck|100/100|[from] drain|[of] p1a: Sableye\n|-damage|p2a: Sawsbuck|91/100|[from] item: Life Orb\n|\n|-heal|p1a: Sableye|131/231|[from] item: Leftovers\n|upkeep\n|turn|23\n|inactive|Time left: 300 sec this turn | 300 sec total\n|\n|t:|1783557121\n|move|p1a: Sableye|Recover|p1a: Sableye\n|-heal|p1a: Sableye|231/231\n|move|p2a: Sawsbuck|Horn Leech|p1a: Sableye\n|-damage|p1a: Sableye|114/231\n|-heal|p2a: Sawsbuck|100/100|[from] drain|[of] p1a: Sableye\n|-damage|p2a: Sawsbuck|91/100|[from] item: Life Orb\n|\n|-heal|p1a: Sableye|128/231|[from] item: Leftovers\n|upkeep\n|turn|24\n|inactive|Time left: 300 sec this turn | 300 sec total\n|\n|t:|1783557122\n|move|p1a: Sableye|Recover|p1a: Sableye\n|-heal|p1a: Sableye|231/231\n|move|p2a: Sawsbuck|Horn Leech|p1a: Sableye\n|-damage|p1a: Sableye|109/231\n|-heal|p2a: Sawsbuck|100/100|[from] drain|[of] p1a: Sableye\n|-damage|p2a: Sawsbuck|91/100|[from] item: Life Orb\n|\n|-heal|p1a: Sableye|123/231|[from] item: Leftovers\n|upkeep\n|turn|25\n|inactive|Time left: 300 sec this turn | 300 sec total\n|\n|t:|1783557123\n|-terastallize|p2a: Sawsbuck|Ground\n|move|p1a: Sableye|Recover|p1a: Sableye\n|-heal|p1a: Sableye|231/231\n|move|p2a: Sawsbuck|Horn Leech|p1a: Sableye\n|-damage|p1a: Sableye|113/231\n|-heal|p2a: Sawsbuck|100/100|[from] drain|[of] p1a: Sableye\n|-damage|p2a: Sawsbuck|91/100|[from] item: Life Orb\n|\n|-heal|p1a: Sableye|127/231|[from] item: Leftovers\n|upkeep\n|turn|26\n|inactive|Time left: 300 sec this turn | 300 sec total\n|\n|t:|1783557124\n|move|p1a: Sableye|Recover|p1a: Sableye\n|-heal|p1a: Sableye|231/231\n|move|p2a: Sawsbuck|Horn Leech|p1a: Sableye\n|-damage|p1a: Sableye|105/231\n|-heal|p2a: Sawsbuck|100/100|[from] drain|[of] p1a: Sableye\n|-damage|p2a: Sawsbuck|91/100|[from] item: Life Orb\n|\n|-heal|p1a: Sableye|119/231|[from] item: Leftovers\n|upkeep\n|turn|27\n|inactive|Time left: 300 sec this turn | 300 sec total\n|\n|t:|1783557125\n|move|p1a: Sableye|Recover|p1a: Sableye\n|-heal|p1a: Sableye|231/231\n|move|p2a: Sawsbuck|Horn Leech|p1a: Sableye\n|-damage|p1a: Sableye|101/231\n|-heal|p2a: Sawsbuck|100/100|[from] drain|[of] p1a: Sableye\n|-damage|p2a: Sawsbuck|91/100|[from] item: Life Orb\n|\n|-heal|p1a: Sableye|115/231|[from] item: Leftovers\n|upkeep\n|turn|28\n|inactive|Time left: 300 sec this turn | 300 sec total\n|\n|t:|1783557125\n|switch|p1a: Granbull|Granbull, L88, F, tera:Ground|145/302\n|-ability|p1a: Granbull|Intimidate|boost\n|-unboost|p2a: Sawsbuck|atk|1\n|move|p2a: Sawsbuck|Horn Leech|p1a: Granbull\n|-supereffective|p1a: Granbull\n|-damage|p1a: Granbull|0 fnt\n|-heal|p2a: Sawsbuck|100/100|[from] drain|[of] p1a: Granbull\n|faint|p1a: Granbull\n|-damage|p2a: Sawsbuck|91/100|[from] item: Life Orb\n|\n|upkeep\n|inactive|Time left: 300 sec this turn | 300 sec total | 5 sec grace\n|\n|t:|1783557126\n|switch|p1a: Sableye|Sableye, L88, F|115/231\n|turn|29\n|inactive|Time left: 300 sec this turn | 300 sec total\n|\n|t:|1783557127\n|move|p1a: Sableye|Thunder Wave|p2a: Sawsbuck\n|-immune|p2a: Sawsbuck\n|move|p2a: Sawsbuck|Horn Leech|p1a: Sableye\n|-damage|p1a: Sableye|25/231\n|-heal|p2a: Sawsbuck|100/100|[from] drain|[of] p1a: Sableye\n|-damage|p2a: Sawsbuck|91/100|[from] item: Life Orb\n|\n|-heal|p1a: Sableye|39/231|[from] item: Leftovers\n|upkeep\n|turn|30\n|inactive|Time left: 300 sec this turn | 300 sec total\n|\n|t:|1783557128\n|move|p2a: Sawsbuck|Horn Leech|p1a: Sableye\n|-damage|p1a: Sableye|0 fnt\n|-heal|p2a: Sawsbuck|98/100|[from] drain|[of] p1a: Sableye\n|faint|p1a: Sableye\n|-damage|p2a: Sawsbuck|88/100|[from] item: Life Orb\n|\n|win|p0y1467f1b6", "uploadtime": 1783557128, "views": 0, "rating": 0, "private": 0, "password": null, "_winner": "p0y1467f1b6", "_our_name": "p0x14678319"}