{"id": "battle-gen9randombattle-1905", "formatid": "gen9randombattle", "format": "[Gen 9] Random Battle", "players": ["p0x19049f12", "p0y19048bd3"], "log": "|init|battle\n|title|p0x19049f12 vs. p0y19048bd3\n|j|\u2606p0x19049f12\n|j|\u2606p0y19048bd3\n|t:|1783562027\n|gametype|singles\n|player|p1|p0x19049f12|266|\n|player|p2|p0y19048bd3|2|\n|gen|9\n|tier|[Gen 9] Random Battle\n|rule|Species Clause: Limit one of each Pok\u00e9mon\n|rule|HP Percentage Mod: HP is shown in percentages\n|rule|Sleep Clause Mod: Limit one foe put to sleep\n|rule|Illusion Level Mod: Illusion disguises the Pok\u00e9mon's true level\n|\n|t:|1783562027\n|teamsize|p1|6\n|teamsize|p2|6\n|start\n|switch|p1a: Venomoth|Venomoth, L84, M|100/100\n|switch|p2a: Gliscor|Gliscor, L76, M|239/239\n|turn|1\n|inactive|Battle timer is ON: inactive players will automatically lose when time's up. (requested by p0x19049f12)\n|inactive|Time left: 300 sec this turn | 300 sec total | 60 sec grace\n|inactive|p0y19048bd3 also wants the timer to be on.\n|\n|t:|1783562028\n|move|p1a: Venomoth|Quiver Dance|p1a: Venomoth\n|-boost|p1a: Venomoth|spa|1\n|-boost|p1a: Venomoth|spd|1\n|-boost|p1a: Venomoth|spe|1\n|move|p2a: Gliscor|Earthquake|p1a: Venomoth\n|-damage|p1a: Venomoth|55/100\n|\n|-status|p2a: Gliscor|tox|[from] item: Toxic Orb\n|upkeep\n|turn|2\n|inactive|Time left: 300 sec this turn | 300 sec total\n|\n|t:|1783562029\n|switch|p2a: Slaking|Slaking, L84, M|389/389\n|move|p1a: Venomoth|Sludge Wave|p2a: Slaking\n|-damage|p2a: Slaking|202/389\n|\n|upkeep\n|turn|3\n|inactive|Time left: 300 sec this turn | 300 sec total\n|\n|t:|1783562031\n|move|p1a: Venomoth|Sleep Powder|p2a: Slaking\n|-status|p2a: Slaking|slp|[from] move: Sleep Powder\n|cant|p2a: Slaking|slp\n|\n|upkeep\n|turn|4\n|inactive|Time left: 300 sec this turn | 300 sec total\n|\n|t:|1783562032\n|move|p1a: Venomoth|Bug Buzz|p2a: Slaking\n|-damage|p2a: Slaking|31/389 slp\n|-unboost|p2a: Slaking|spd|1\n|cant|p2a: Slaking|slp\n|\n|upkeep\n|turn|5\n|inactive|Time left: 300 sec this turn | 300 sec total\n|\n|t:|1783562033\n|move|p1a: Venomoth|Quiver Dance|p1a: Venomoth\n|-boost|p1a: Venomoth|spa|1\n|-boost|p1a: Venomoth|spd|1\n|-boost|p1a: Venomoth|spe|1\n|cant|p2a: Slaking|slp\n|\n|upkeep\n|turn|6\n|inactive|Time left: 300 sec this turn | 300 sec total\n|\n|t:|1783562034\n|move|p1a: Venomoth|Sludge Wave|p2a: Slaking\n|-damage|p2a: Slaking|0 fnt\n|faint|p2a: Slaking\n|\n|upkeep\n|inactive|Time left: 300 sec this turn | 300 sec total | 5 sec grace\n|\n|t:|1783562035\n|switch|p2a: Greedent|Greedent, L86, F|347/347\n|turn|7\n|inactive|Time left: 300 sec this turn | 300 sec total\n|\n|t:|1783562036\n|move|p1a: Venomoth|Sleep Powder|p2a: Greedent\n|-status|p2a: Greedent|slp|[from] move: Sleep Powder\n|cant|p2a: Greedent|slp\n|\n|upkeep\n|turn|8\n|inactive|Time left: 300 sec this turn | 300 sec total\n|\n|t:|1783562037\n|move|p1a: Venomoth|Sludge Wave|p2a: Greedent\n|-damage|p2a: Greedent|145/347 slp\n|-enditem|p2a: Greedent|Sitrus Berry|[eat]\n|-heal|p2a: Greedent|231/347 slp|[from] item: Sitrus Berry\n|-heal|p2a: Greedent|346/347 slp|[from] ability: Cheek Pouch\n|-curestatus|p2a: Greedent|slp|[msg]\n|move|p2a: Greedent|Double-Edge|p1a: Venomoth\n|-damage|p1a: Venomoth|0 fnt\n|faint|p1a: Venomoth\n|-damage|p2a: Greedent|300/347|[from] Recoil\n|\n|upkeep\n|\n|t:|1783562038\n|switch|p1a: Grimmsnarl|Grimmsnarl, L83, M|100/100\n|turn|9\n|inactive|Time left: 300 sec this turn | 300 sec total\n|\n|t:|1783562040\n|move|p1a: Grimmsnarl|Reflect|p1a: Grimmsnarl\n|-sidestart|p1: p0x19049f12|Reflect\n|move|p2a: Greedent|Swords Dance|p2a: Greedent\n|-boost|p2a: Greedent|atk|2\n|\n|upkeep\n|turn|10\n|inactive|Time left: 300 sec this turn | 300 sec total\n|\n|t:|1783562041\n|move|p1a: Grimmsnarl|Spirit Break|p2a: Greedent\n|-damage|p2a: Greedent|210/347\n|-unboost|p2a: Greedent|spa|1\n|move|p2a: Greedent|Double-Edge|p1a: Grimmsnarl\n|-damage|p1a: Grimmsnarl|45/100\n|-damage|p2a: Greedent|156/347|[from] Recoil\n|\n|upkeep\n|turn|11\n|inactive|Time left: 300 sec this turn | 300 sec total\n|\n|t:|1783562042\n|move|p1a: Grimmsnarl|Spirit Break|p2a: Greedent\n|-damage|p2a: Greedent|71/347\n|-unboost|p2a: Greedent|spa|1\n|move|p2a: Greedent|Double-Edge|p1a: Grimmsnarl\n|-damage|p1a: Grimmsnarl|0 fnt\n|faint|p1a: Grimmsnarl\n|-damage|p2a: Greedent|28/347|[from] Recoil\n|\n|upkeep\n|\n|t:|1783562043\n|switch|p1a: Oricorio|Oricorio-Pom-Pom, L82, M|100/100\n|turn|12\n|inactive|Time left: 300 sec this turn | 300 sec total\n|\n|t:|1783562044\n|move|p1a: Oricorio|Quiver Dance|p1a: Oricorio\n|-boost|p1a: Oricorio|spa|1\n|-boost|p1a: Oricorio|spd|1\n|-boost|p1a: Oricorio|spe|1\n|move|p2a: Greedent|Knock Off|p1a: Oricorio\n|-damage|p1a: Oricorio|68/100\n|-enditem|p1a: Oricorio|Heavy-Duty Boots|[from] move: Knock Off|[of] p2a: Greedent\n|\n|upkeep\n|turn|13\n|inactive|Time left: 300 sec this turn | 300 sec total\n|\n|t:|1783562045\n|move|p1a: Oricorio|Quiver Dance|p1a: Oricorio\n|-boost|p1a: Oricorio|spa|1\n|-boost|p1a: Oricorio|spd|1\n|-boost|p1a: Oricorio|spe|1\n|move|p2a: Greedent|Double-Edge|p1a: Oricorio\n|-damage|p1a: Oricorio|7/100\n|-damage|p2a: Greedent|0 fnt|[from] Recoil\n|faint|p2a: Greedent\n|\n|upkeep\n|inactive|Time left: 300 sec this turn | 300 sec total | 5 sec grace\n|\n|t:|1783562045\n|switch|p2a: Alcremie|Alcremie-Ruby-Swirl, L90, F|263/263\n|turn|14\n|inactive|Time left: 300 sec this turn | 300 sec total\n|\n|t:|1783562046\n|move|p1a: Oricorio|Roost|p1a: Oricorio\n|-heal|p1a: Oricorio|57/100\n|-singleturn|p1a: Oricorio|move: Roost\n|move|p2a: Alcremie|Psyshock|p1a: Oricorio\n|-damage|p1a: Oricorio|25/100\n|\n|upkeep\n|turn|15\n|inactive|Time left: 300 sec this turn | 300 sec total\n|\n|t:|1783562047\n|move|p1a: Oricorio|Roost|p1a: Oricorio\n|-heal|p1a: Oricorio|75/100\n|-singleturn|p1a: Oricorio|move: Roost\n|move|p2a: Alcremie|Calm Mind|p2a: Alcremie\n|-boost|p2a: Alcremie|spa|1\n|-boost|p2a: Alcremie|spd|1\n|\n|upkeep\n|turn|16\n|inactive|Time left: 300 sec this turn | 300 sec total\n|\n|t:|1783562048\n|move|p1a: Oricorio|Hurricane|p2a: Alcremie\n|-damage|p2a: Alcremie|151/263\n|move|p2a: Alcremie|Psyshock|p1a: Oricorio\n|-damage|p1a: Oricorio|27/100\n|\n|-heal|p2a: Alcremie|167/263|[from] item: Leftovers\n|-sideend|p1: p0x19049f12|Reflect\n|upkeep\n|turn|17\n|inactive|Time left: 300 sec this turn | 300 sec total\n|\n|t:|1783562049\n|move|p1a: Oricorio|Roost|p1a: Oricorio\n|-heal|p1a: Oricorio|77/100\n|-singleturn|p1a: Oricorio|move: Roost\n|move|p2a: Alcremie|Psyshock|p1a: Oricorio\n|-damage|p1a: Oricorio|25/100\n|\n|-heal|p2a: Alcremie|183/263|[from] item: Leftovers\n|upkeep\n|turn|18\n|inactive|Time left: 300 sec this turn | 300 sec total\n|\n|t:|1783562050\n|move|p1a: Oricorio|Roost|p1a: Oricorio\n|-heal|p1a: Oricorio|76/100\n|-singleturn|p1a: Oricorio|move: Roost\n|move|p2a: Alcremie|Psyshock|p1a: Oricorio\n|-damage|p1a: Oricorio|27/100\n|\n|-heal|p2a: Alcremie|199/263|[from] item: Leftovers\n|upkeep\n|turn|19\n|inactive|Time left: 300 sec this turn | 300 sec total\n|\n|t:|1783562052\n|move|p1a: Oricorio|Roost|p1a: Oricorio\n|-heal|p1a: Oricorio|77/100\n|-singleturn|p1a: Oricorio|move: Roost\n|move|p2a: Alcremie|Psyshock|p1a: Oricorio\n|-damage|p1a: Oricorio|24/100\n|\n|-heal|p2a: Alcremie|215/263|[from] item: Leftovers\n|upkeep\n|turn|20\n|inactive|Time left: 300 sec this turn | 300 sec total\n|\n|t:|1783562053\n|move|p1a: Oricorio|Roost|p1a: Oricorio\n|-heal|p1a: Oricorio|74/100\n|-singleturn|p1a: Oricorio|move: Roost\n|move|p2a: Alcremie|Psyshock|p1a: Oricorio\n|-damage|p1a: Oricorio|22/100\n|\n|-heal|p2a: Alcremie|231/263|[from] item: Leftovers\n|upkeep\n|turn|21\n|inactive|Time left: 300 sec this turn | 300 sec total\n|\n|t:|1783562054\n|move|p1a: Oricorio|Roost|p1a: Oricorio\n|-heal|p1a: Oricorio|72/100\n|-singleturn|p1a: Oricorio|move: Roost\n|move|p2a: Alcremie|Psyshock|p1a: Oricorio\n|-damage|p1a: Oricorio|18/100\n|\n|-heal|p2a: Alcremie|247/263|[from] item: Leftovers\n|upkeep\n|turn|22\n|inactive|Time left: 300 sec this turn | 300 sec total\n|\n|t:|1783562055\n|move|p1a: Oricorio|Roost|p1a: Oricorio\n|-heal|p1a: Oricorio|68/100\n|-singleturn|p1a: Oricorio|move: Roost\n|move|p2a: Alcremie|Psyshock|p1a: Oricorio\n|-damage|p1a: Oricorio|20/100\n|\n|-heal|p2a: Alcremie|263/263|[from] item: Leftovers\n|upkeep\n|turn|23\n|inactive|Time left: 300 sec this turn | 300 sec total\n|\n|t:|1783562056\n|move|p1a: Oricorio|Hurricane|p2a: Alcremie\n|-damage|p2a: Alcremie|152/263\n|move|p2a: Alcremie|Alluring Voice|p1a: Oricorio\n|-damage|p1a: Oricorio|0 fnt\n|faint|p1a: Oricorio\n|\n|-heal|p2a: Alcremie|168/263|[from] item: Leftovers\n|upkeep\n|\n|t:|1783562057\n|switch|p1a: Dialga|Dialga, L73|100/100\n|-ability|p1a: Dialga|Pressure\n|turn|24\n|inactive|Time left: 300 sec this turn | 300 sec total\n|\n|t:|1783562058\n|-terastallize|p2a: Alcremie|Poison\n|move|p1a: Dialga|Heavy Slam|p2a: Alcremie\n|-damage|p2a: Alcremie|45/263\n|move|p2a: Alcremie|Recover|p2a: Alcremie\n|-heal|p2a: Alcremie|177/263\n|\n|-heal|p2a: Alcremie|193/263|[from] item: Leftovers\n|upkeep\n|turn|25\n|inactive|Time left: 300 sec this turn | 300 sec total\n|\n|t:|1783562059\n|move|p2a: Alcremie|Recover|p2a: Alcremie\n|-heal|p2a: Alcremie|263/263\n|move|p1a: Dialga|Dragon Tail|p2a: Alcremie|[miss]\n|-miss|p1a: Dialga|p2a: Alcremie\n|\n|upkeep\n|turn|26\n|inactive|Time left: 300 sec this turn | 300 sec total\n|\n|t:|1783562060\n|-terastallize|p1a: Dialga|Steel\n|move|p1a: Dialga|Heavy Slam|p2a: Alcremie\n|-damage|p2a: Alcremie|101/263\n|move|p2a: Alcremie|Alluring Voice|p1a: Dialga\n|-resisted|p1a: Dialga\n|-damage|p1a: Dialga|80/100\n|\n|-heal|p2a: Alcremie|117/263|[from] item: Leftovers\n|upkeep\n|turn|27\n|inactive|Time left: 300 sec this turn | 300 sec total\n|\n|t:|1783562061\n|switch|p2a: Calyrex|Calyrex, L93|337/337\n|-ability|p2a: Calyrex|Unnerve\n|move|p1a: Dialga|Heavy Slam|p2a: Calyrex\n|-damage|p2a: Calyrex|195/337\n|\n|-heal|p2a: Calyrex|216/337|[from] item: Leftovers\n|upkeep\n|turn|28\n|inactive|Time left: 300 sec this turn | 300 sec total\n|\n|t:|1783562062\n|move|p2a: Calyrex|Body Press|p1a: Dialga\n|-supereffective|p1a: Dialga\n|-crit|p1a: Dialga\n|-damage|p1a: Dialga|22/100\n|move|p1a: Dialga|Heavy Slam|p2a: Calyrex\n|-damage|p2a: Calyrex|64/337\n|\n|-heal|p2a: Calyrex|85/337|[from] item: Leftovers\n|upkeep\n|turn|29\n|inactive|Time left: 300 sec this turn | 300 sec total\n|\n|t:|1783562063\n|move|p2a: Calyrex|Body Press|p1a: Dialga\n|-supereffective|p1a: Dialga\n|-damage|p1a: Dialga|0 fnt\n|faint|p1a: Dialga\n|\n|-heal|p2a: Calyrex|106/337|[from] item: Leftovers\n|upkeep\n|\n|t:|1783562064\n|switch|p1a: Persian|Persian, L92, F|100/100\n|turn|30\n|inactive|Time left: 300 sec this turn | 300 sec total\n|\n|t:|1783562064\n|switch|p2a: Gliscor|Gliscor, L76, M|239/239 tox\n|move|p1a: Persian|Double-Edge|p2a: Gliscor\n|-damage|p2a: Gliscor|130/239 tox\n|-damage|p1a: Persian|87/100|[from] Recoil\n|\n|-heal|p2a: Gliscor|159/239 tox|[from] ability: Poison Heal\n|upkeep\n|turn|31\n|inactive|Time left: 300 sec this turn | 300 sec total\n|\n|t:|1783562065\n|move|p2a: Gliscor|Protect|p2a: Gliscor\n|-singleturn|p2a: Gliscor|Protect\n|move|p1a: Persian|Double-Edge|p2a: Gliscor\n|-activate|p2a: Gliscor|move: Protect\n|\n|-heal|p2a: Gliscor|188/239 tox|[from] ability: Poison Heal\n|upkeep\n|turn|32\n|inactive|Time left: 300 sec this turn | 300 sec total\n|\n|t:|1783562066\n|move|p1a: Persian|Double-Edge|p2a: Gliscor\n|-damage|p2a: Gliscor|79/239 tox\n|-damage|p1a: Persian|74/100|[from] Recoil\n|move|p2a: Gliscor|Toxic|p1a: Persian\n|-status|p1a: Persian|tox\n|\n|-damage|p1a: Persian|68/100 tox|[from] psn\n|-heal|p2a: Gliscor|108/239 tox|[from] ability: Poison Heal\n|upkeep\n|turn|33\n|inactive|Time left: 300 sec this turn | 300 sec total\n|\n|t:|1783562067\n|move|p2a: Gliscor|Protect|p2a: Gliscor\n|-singleturn|p2a: Gliscor|Protect\n|move|p1a: Persian|Double-Edge|p2a: Gliscor\n|-activate|p2a: Gliscor|move: Protect\n|\n|-damage|p1a: Persian|56/100 tox|[from] psn\n|-heal|p2a: Gliscor|137/239 tox|[from] ability: Poison Heal\n|upkeep\n|turn|34\n|inactive|Time left: 300 sec this turn | 300 sec total\n|\n|t:|1783562068\n|move|p2a: Gliscor|Protect||[still]\n|-fail|p2a: Gliscor\n|move|p1a: Persian|Double-Edge|p2a: Gliscor\n|-damage|p2a: Gliscor|28/239 tox\n|-damage|p1a: Persian|43/100 tox|[from] Recoil\n|\n|-damage|p1a: Persian|25/100 tox|[from] psn\n|-heal|p2a: Gliscor|57/239 tox|[from] ability: Poison Heal\n|upkeep\n|turn|35\n|inactive|Time left: 300 sec this turn | 300 sec total\n|\n|t:|1783562069\n|move|p2a: Gliscor|Protect|p2a: Gliscor\n|-singleturn|p2a: Gliscor|Protect\n|move|p1a: Persian|Double-Edge|p2a: Gliscor\n|-activate|p2a: Gliscor|move: Protect\n|\n|-damage|p1a: Persian|1/100 tox|[from] psn\n|-heal|p2a: Gliscor|86/239 tox|[from] ability: Poison Heal\n|upkeep\n|turn|36\n|inactive|Time left: 300 sec this turn | 300 sec total\n|\n|t:|1783562070\n|switch|p2a: Calyrex|Calyrex, L93|106/337\n|-ability|p2a: Calyrex|Unnerve\n|move|p1a: Persian|Double-Edge|p2a: Calyrex\n|-damage|p2a: Calyrex|0 fnt\n|faint|p2a: Calyrex\n|-damage|p1a: Persian|0 fnt|[from] Recoil\n|faint|p1a: Persian\n|\n|upkeep\n|inactive|Time left: 300 sec this turn | 300 sec total | 5 sec grace\n|\n|t:|1783562071\n|switch|p1a: Pecharunt|Pecharunt, L77|100/100\n|switch|p2a: Kilowattrel|Kilowattrel, L83, F|252/252\n|turn|37\n|inactive|Time left: 300 sec this turn | 300 sec total\n|\n|t:|1783562072\n|move|p2a: Kilowattrel|Discharge|p1a: Pecharunt\n|-damage|p1a: Pecharunt|66/100\n|move|p1a: Pecharunt|Nasty Plot|p1a: Pecharunt\n|-boost|p1a: Pecharunt|spa|2\n|\n|-heal|p1a: Pecharunt|72/100|[from] item: Leftovers\n|upkeep\n|turn|38\n|inactive|Time left: 300 sec this turn | 300 sec total\n|\n|t:|1783562073\n|move|p2a: Kilowattrel|Hurricane|p1a: Pecharunt|[miss]\n|-miss|p2a: Kilowattrel|p1a: Pecharunt\n|move|p1a: Pecharunt|Recover|p1a: Pecharunt\n|-heal|p1a: Pecharunt|100/100\n|\n|upkeep\n|turn|39\n|inactive|Time left: 300 sec this turn | 300 sec total\n|\n|t:|1783562074\n|move|p2a: Kilowattrel|Discharge|p1a: Pecharunt\n|-damage|p1a: Pecharunt|66/100\n|move|p1a: Pecharunt|Malignant Chain|p2a: Kilowattrel\n|-damage|p2a: Kilowattrel|50/252\n|-status|p2a: Kilowattrel|tox\n|-start|p2a: Kilowattrel|confusion|[from] ability: Poison Puppeteer|[of] p1a: Pecharunt\n|\n|-heal|p1a: Pecharunt|72/100|[from] item: Leftovers\n|-damage|p2a: Kilowattrel|35/252 tox|[from] psn\n|upkeep\n|turn|40\n|inactive|Time left: 300 sec this turn | 300 sec total\n|\n|t:|1783562075\n|-activate|p2a: Kilowattrel|confusion\n|move|p2a: Kilowattrel|Hurricane|p1a: Pecharunt\n|-damage|p1a: Pecharunt|18/100\n|move|p1a: Pecharunt|Nasty Plot|p1a: Pecharunt\n|-boost|p1a: Pecharunt|spa|2\n|\n|-heal|p1a: Pecharunt|25/100|[from] item: Leftovers\n|-damage|p2a: Kilowattrel|5/252 tox|[from] psn\n|upkeep\n|turn|41\n|inactive|Time left: 300 sec this turn | 300 sec total\n|\n|t:|1783562076\n|-activate|p2a: Kilowattrel|confusion\n|move|p2a: Kilowattrel|Discharge|p1a: Pecharunt\n|-damage|p1a: Pecharunt|0 fnt\n|faint|p1a: Pecharunt\n|\n|win|p0y19048bd3", "uploadtime": 1783562076, "views": 0, "rating": 0, "private": 0, "password": null, "_winner": "p0y19048bd3", "_our_name": "p0y19048bd3"}