{"id": "battle-gen9randombattle-2490", "formatid": "gen9randombattle", "format": "[Gen 9] Random Battle", "players": ["p0x2490b76e", "p0y249053e8"], "log": "|init|battle\n|title|p0x2490b76e vs. p0y249053e8\n|j|\u2606p0x2490b76e\n|j|\u2606p0y249053e8\n|t:|1783568850\n|gametype|singles\n|player|p1|p0x2490b76e|265|\n|player|p2|p0y249053e8|102|\n|gen|9\n|tier|[Gen 9] Random Battle\n|rule|Species Clause: Limit one of each Pok\u00e9mon\n|rule|HP Percentage Mod: HP is shown in percentages\n|rule|Sleep Clause Mod: Limit one foe put to sleep\n|rule|Illusion Level Mod: Illusion disguises the Pok\u00e9mon's true level\n|\n|t:|1783568850\n|teamsize|p1|6\n|teamsize|p2|6\n|start\n|switch|p1a: Vigoroth|Vigoroth, L85, F|100/100\n|switch|p2a: Victreebel|Victreebel, L90, F|290/290\n|turn|1\n|inactive|Battle timer is ON: inactive players will automatically lose when time's up. (requested by p0x2490b76e)\n|inactive|Time left: 300 sec this turn | 300 sec total | 60 sec grace\n|inactive|p0y249053e8 also wants the timer to be on.\n|\n|t:|1783568852\n|move|p1a: Vigoroth|Bulk Up|p1a: Vigoroth\n|-boost|p1a: Vigoroth|atk|1\n|-boost|p1a: Vigoroth|def|1\n|move|p2a: Victreebel|Swords Dance|p2a: Victreebel\n|-boost|p2a: Victreebel|atk|2\n|\n|upkeep\n|turn|2\n|inactive|Time left: 300 sec this turn | 300 sec total\n|\n|t:|1783568853\n|move|p1a: Vigoroth|Body Slam|p2a: Victreebel\n|-damage|p2a: Victreebel|155/290\n|move|p2a: Victreebel|Power Whip|p1a: Vigoroth\n|-damage|p1a: Vigoroth|32/100\n|-damage|p2a: Victreebel|126/290|[from] item: Life Orb\n|\n|upkeep\n|turn|3\n|inactive|Time left: 300 sec this turn | 300 sec total\n|\n|t:|1783568854\n|switch|p2a: Magnezone|Magnezone, L85|258/258\n|move|p1a: Vigoroth|Body Slam|p2a: Magnezone\n|-resisted|p2a: Magnezone\n|-damage|p2a: Magnezone|211/258\n|\n|-heal|p2a: Magnezone|227/258|[from] item: Leftovers\n|upkeep\n|turn|4\n|inactive|Time left: 300 sec this turn | 300 sec total\n|\n|t:|1783568856\n|move|p1a: Vigoroth|Slack Off|p1a: Vigoroth\n|-heal|p1a: Vigoroth|82/100\n|move|p2a: Magnezone|Discharge|p1a: Vigoroth\n|-damage|p1a: Vigoroth|32/100\n|\n|-heal|p2a: Magnezone|243/258|[from] item: Leftovers\n|upkeep\n|turn|5\n|inactive|Time left: 300 sec this turn | 300 sec total\n|\n|t:|1783568857\n|move|p1a: Vigoroth|Slack Off|p1a: Vigoroth\n|-heal|p1a: Vigoroth|82/100\n|move|p2a: Magnezone|Flash Cannon|p1a: Vigoroth\n|-damage|p1a: Vigoroth|35/100\n|\n|-heal|p2a: Magnezone|258/258|[from] item: Leftovers\n|upkeep\n|turn|6\n|inactive|Time left: 300 sec this turn | 300 sec total\n|\n|t:|1783568858\n|-terastallize|p2a: Magnezone|Fighting\n|move|p1a: Vigoroth|Slack Off|p1a: Vigoroth\n|-heal|p1a: Vigoroth|85/100\n|move|p2a: Magnezone|Flash Cannon|p1a: Vigoroth\n|-damage|p1a: Vigoroth|40/100\n|-unboost|p1a: Vigoroth|spd|1\n|\n|upkeep\n|turn|7\n|inactive|Time left: 300 sec this turn | 300 sec total\n|\n|t:|1783568859\n|move|p1a: Vigoroth|Slack Off|p1a: Vigoroth\n|-heal|p1a: Vigoroth|91/100\n|move|p2a: Magnezone|Flash Cannon|p1a: Vigoroth\n|-damage|p1a: Vigoroth|23/100\n|\n|upkeep\n|turn|8\n|inactive|Time left: 300 sec this turn | 300 sec total\n|\n|t:|1783568860\n|move|p1a: Vigoroth|Slack Off|p1a: Vigoroth\n|-heal|p1a: Vigoroth|73/100\n|move|p2a: Magnezone|Flash Cannon|p1a: Vigoroth\n|-damage|p1a: Vigoroth|4/100\n|-unboost|p1a: Vigoroth|spd|1\n|\n|upkeep\n|turn|9\n|inactive|Time left: 300 sec this turn | 300 sec total\n|\n|t:|1783568861\n|move|p1a: Vigoroth|Body Slam|p2a: Magnezone\n|-damage|p2a: Magnezone|164/258\n|move|p2a: Magnezone|Discharge|p1a: Vigoroth\n|-damage|p1a: Vigoroth|0 fnt\n|faint|p1a: Vigoroth\n|\n|-heal|p2a: Magnezone|180/258|[from] item: Leftovers\n|upkeep\n|\n|t:|1783568862\n|switch|p1a: Medicham|Medicham, L86, F|100/100\n|turn|10\n|inactive|Time left: 300 sec this turn | 300 sec total\n|\n|t:|1783568863\n|switch|p2a: Alomomola|Alomomola, L87, F|429/429\n|move|p1a: Medicham|Zen Headbutt|p2a: Alomomola\n|-damage|p2a: Alomomola|303/429\n|-damage|p1a: Medicham|84/100|[from] item: Rocky Helmet|[of] p2a: Alomomola\n|\n|upkeep\n|turn|11\n|inactive|Time left: 300 sec this turn | 300 sec total\n|\n|t:|1783568864\n|move|p1a: Medicham|Zen Headbutt|p2a: Alomomola\n|-damage|p2a: Alomomola|173/429\n|-damage|p1a: Medicham|68/100|[from] item: Rocky Helmet|[of] p2a: Alomomola\n|cant|p2a: Alomomola|flinch\n|\n|upkeep\n|turn|12\n|inactive|Time left: 300 sec this turn | 300 sec total\n|\n|t:|1783568866\n|move|p2a: Alomomola|Protect|p2a: Alomomola\n|-singleturn|p2a: Alomomola|Protect\n|move|p1a: Medicham|Zen Headbutt|p2a: Alomomola\n|-activate|p2a: Alomomola|move: Protect\n|\n|upkeep\n|turn|13\n|inactive|Time left: 300 sec this turn | 300 sec total\n|\n|t:|1783568867\n|move|p1a: Medicham|Zen Headbutt|p2a: Alomomola\n|-damage|p2a: Alomomola|41/429\n|-damage|p1a: Medicham|51/100|[from] item: Rocky Helmet|[of] p2a: Alomomola\n|move|p2a: Alomomola|Scald|p1a: Medicham\n|-damage|p1a: Medicham|28/100\n|\n|upkeep\n|turn|14\n|inactive|Time left: 300 sec this turn | 300 sec total\n|\n|t:|1783568868\n|move|p2a: Alomomola|Protect|p2a: Alomomola\n|-singleturn|p2a: Alomomola|Protect\n|move|p1a: Medicham|Zen Headbutt|p2a: Alomomola\n|-activate|p2a: Alomomola|move: Protect\n|\n|upkeep\n|turn|15\n|inactive|Time left: 300 sec this turn | 300 sec total\n|\n|t:|1783568869\n|switch|p2a: Tsareena|Tsareena, L87, F|267/267\n|move|p1a: Medicham|Zen Headbutt|p2a: Tsareena\n|-damage|p2a: Tsareena|153/267\n|\n|upkeep\n|turn|16\n|inactive|Time left: 300 sec this turn | 300 sec total\n|\n|t:|1783568870\n|switch|p2a: Alomomola|Alomomola, L87, F|184/429\n|move|p1a: Medicham|Zen Headbutt|p2a: Alomomola\n|-damage|p2a: Alomomola|57/429\n|-damage|p1a: Medicham|12/100|[from] item: Rocky Helmet|[of] p2a: Alomomola\n|\n|upkeep\n|turn|17\n|inactive|Time left: 300 sec this turn | 300 sec total\n|\n|t:|1783568871\n|move|p1a: Medicham|Zen Headbutt|p2a: Alomomola\n|-damage|p2a: Alomomola|0 fnt\n|-damage|p1a: Medicham|0 fnt|[from] item: Rocky Helmet|[of] p2a: Alomomola\n|faint|p2a: Alomomola\n|faint|p1a: Medicham\n|\n|upkeep\n|inactive|Time left: 300 sec this turn | 300 sec total | 5 sec grace\n|\n|t:|1783568872\n|switch|p1a: Mismagius|Mismagius, L86, M|100/100\n|switch|p2a: Victreebel|Victreebel, L90, F|126/290\n|turn|18\n|inactive|Time left: 300 sec this turn | 300 sec total\n|\n|t:|1783568873\n|move|p1a: Mismagius|Mystical Fire|p2a: Victreebel\n|-supereffective|p2a: Victreebel\n|-damage|p2a: Victreebel|0 fnt\n|faint|p2a: Victreebel\n|\n|upkeep\n|inactive|Time left: 300 sec this turn | 300 sec total | 5 sec grace\n|\n|t:|1783568874\n|switch|p2a: Hitmonchan|Hitmonchan, L87, M|229/229\n|turn|19\n|inactive|Time left: 300 sec this turn | 300 sec total\n|\n|t:|1783568875\n|switch|p1a: Eternatus|Eternatus, L69|100/100\n|-ability|p1a: Eternatus|Pressure\n|move|p2a: Hitmonchan|Knock Off|p1a: Eternatus\n|-damage|p1a: Eternatus|69/100\n|-damage|p2a: Hitmonchan|191/229|[from] item: Rocky Helmet|[of] p1a: Eternatus\n|-enditem|p1a: Eternatus|Rocky Helmet|[from] move: Knock Off|[of] p2a: Hitmonchan\n|\n|-heal|p2a: Hitmonchan|205/229|[from] item: Leftovers\n|upkeep\n|turn|20\n|inactive|Time left: 300 sec this turn | 300 sec total\n|\n|t:|1783568876\n|move|p1a: Eternatus|Dynamax Cannon|p2a: Hitmonchan\n|-damage|p2a: Hitmonchan|120/229\n|move|p2a: Hitmonchan|Drain Punch|p1a: Eternatus\n|-resisted|p1a: Eternatus\n|-damage|p1a: Eternatus|51/100\n|-heal|p2a: Hitmonchan|149/229|[from] drain|[of] p1a: Eternatus\n|\n|-heal|p2a: Hitmonchan|163/229|[from] item: Leftovers\n|upkeep\n|turn|21\n|inactive|Time left: 300 sec this turn | 300 sec total\n|\n|t:|1783568878\n|move|p1a: Eternatus|Toxic|p2a: Hitmonchan\n|-status|p2a: Hitmonchan|tox\n|move|p2a: Hitmonchan|Drain Punch|p1a: Eternatus\n|-resisted|p1a: Eternatus\n|-damage|p1a: Eternatus|32/100\n|-heal|p2a: Hitmonchan|192/229 tox|[from] drain|[of] p1a: Eternatus\n|\n|-heal|p2a: Hitmonchan|206/229 tox|[from] item: Leftovers\n|-damage|p2a: Hitmonchan|192/229 tox|[from] psn\n|upkeep\n|turn|22\n|inactive|Time left: 300 sec this turn | 300 sec total\n|\n|t:|1783568879\n|switch|p2a: Magnezone|Magnezone, L85, tera:Fighting|180/258\n|move|p1a: Eternatus|Recover|p1a: Eternatus\n|-heal|p1a: Eternatus|82/100\n|\n|-heal|p2a: Magnezone|196/258|[from] item: Leftovers\n|upkeep\n|turn|23\n|inactive|Time left: 300 sec this turn | 300 sec total\n|\n|t:|1783568879\n|move|p1a: Eternatus|Toxic|p2a: Magnezone\n|-status|p2a: Magnezone|tox\n|move|p2a: Magnezone|Flash Cannon|p1a: Eternatus\n|-damage|p1a: Eternatus|32/100\n|-unboost|p1a: Eternatus|spd|1\n|\n|-heal|p2a: Magnezone|212/258 tox|[from] item: Leftovers\n|-damage|p2a: Magnezone|196/258 tox|[from] psn\n|upkeep\n|turn|24\n|inactive|Time left: 300 sec this turn | 300 sec total\n|\n|t:|1783568880\n|move|p1a: Eternatus|Dynamax Cannon|p2a: Magnezone\n|-damage|p2a: Magnezone|105/258 tox\n|move|p2a: Magnezone|Flash Cannon|p1a: Eternatus\n|-damage|p1a: Eternatus|0 fnt\n|faint|p1a: Eternatus\n|\n|-heal|p2a: Magnezone|121/258 tox|[from] item: Leftovers\n|-damage|p2a: Magnezone|89/258 tox|[from] psn\n|upkeep\n|\n|t:|1783568881\n|switch|p1a: Mismagius|Mismagius, L86, M|100/100\n|turn|25\n|inactive|Time left: 300 sec this turn | 300 sec total\n|\n|t:|1783568882\n|move|p1a: Mismagius|Shadow Ball|p2a: Magnezone\n|-damage|p2a: Magnezone|0 fnt\n|faint|p2a: Magnezone\n|\n|upkeep\n|inactive|Time left: 300 sec this turn | 300 sec total | 5 sec grace\n|\n|t:|1783568883\n|switch|p2a: Tsareena|Tsareena, L87, F|153/267\n|turn|26\n|inactive|Time left: 300 sec this turn | 300 sec total\n|\n|t:|1783568884\n|move|p1a: Mismagius|Shadow Ball|p2a: Tsareena\n|-damage|p2a: Tsareena|24/267\n|move|p2a: Tsareena|Knock Off|p1a: Mismagius\n|-supereffective|p1a: Mismagius\n|-damage|p1a: Mismagius|0 fnt\n|-enditem|p1a: Mismagius|Choice Specs|[from] move: Knock Off|[of] p2a: Tsareena\n|faint|p1a: Mismagius\n|\n|upkeep\n|\n|t:|1783568885\n|switch|p1a: Electrode|Electrode, L92|100/100\n|turn|27\n|inactive|Time left: 300 sec this turn | 300 sec total\n|\n|t:|1783568885\n|move|p1a: Electrode|Volt Switch|p2a: Tsareena\n|-resisted|p2a: Tsareena\n|-damage|p2a: Tsareena|0 fnt\n|faint|p2a: Tsareena\n|\n|t:|1783568886\n|switch|p1a: Arboliva|Arboliva, L91, F|100/100|[from] Volt Switch\n|\n|upkeep\n|inactive|Time left: 300 sec this turn | 300 sec total | 10 sec grace\n|\n|t:|1783568887\n|switch|p2a: Hitmonchan|Hitmonchan, L87, M|192/229 tox\n|turn|28\n|inactive|Time left: 300 sec this turn | 300 sec total\n|\n|t:|1783568888\n|-terastallize|p1a: Arboliva|Poison\n|move|p2a: Hitmonchan|Drain Punch|p1a: Arboliva\n|-resisted|p1a: Arboliva\n|-damage|p1a: Arboliva|84/100\n|-heal|p2a: Hitmonchan|216/229 tox|[from] drain|[of] p1a: Arboliva\n|move|p1a: Arboliva|Hyper Voice|p2a: Hitmonchan\n|-damage|p2a: Hitmonchan|113/229 tox\n|\n|-heal|p2a: Hitmonchan|127/229 tox|[from] item: Leftovers\n|-damage|p2a: Hitmonchan|113/229 tox|[from] psn\n|upkeep\n|turn|29\n|inactive|Time left: 300 sec this turn | 300 sec total\n|\n|t:|1783568889\n|switch|p2a: Swanna|Swanna, L89, M|278/278\n|move|p1a: Arboliva|Hyper Voice|p2a: Swanna\n|-damage|p2a: Swanna|118/278\n|\n|upkeep\n|turn|30\n|inactive|Time left: 300 sec this turn | 300 sec total\n|\n|t:|1783568890\n|move|p2a: Swanna|Roost|p2a: Swanna\n|-heal|p2a: Swanna|257/278\n|-singleturn|p2a: Swanna|move: Roost\n|move|p1a: Arboliva|Hyper Voice|p2a: Swanna\n|-damage|p2a: Swanna|103/278\n|\n|upkeep\n|turn|31\n|inactive|Time left: 300 sec this turn | 300 sec total\n|\n|t:|1783568891\n|move|p2a: Swanna|Roost|p2a: Swanna\n|-heal|p2a: Swanna|242/278\n|-singleturn|p2a: Swanna|move: Roost\n|move|p1a: Arboliva|Hyper Voice|p2a: Swanna\n|-damage|p2a: Swanna|68/278\n|\n|upkeep\n|turn|32\n|inactive|Time left: 300 sec this turn | 300 sec total\n|\n|t:|1783568892\n|move|p2a: Swanna|Roost|p2a: Swanna\n|-heal|p2a: Swanna|207/278\n|-singleturn|p2a: Swanna|move: Roost\n|move|p1a: Arboliva|Hyper Voice|p2a: Swanna\n|-damage|p2a: Swanna|38/278\n|\n|upkeep\n|turn|33\n|inactive|Time left: 300 sec this turn | 300 sec total\n|\n|t:|1783568893\n|move|p2a: Swanna|Roost|p2a: Swanna\n|-heal|p2a: Swanna|177/278\n|-singleturn|p2a: Swanna|move: Roost\n|move|p1a: Arboliva|Hyper Voice|p2a: Swanna\n|-damage|p2a: Swanna|12/278\n|\n|upkeep\n|turn|34\n|inactive|Time left: 300 sec this turn | 300 sec total\n|\n|t:|1783568894\n|switch|p2a: Hitmonchan|Hitmonchan, L87, M|113/229 tox\n|move|p1a: Arboliva|Hyper Voice|p2a: Hitmonchan\n|-damage|p2a: Hitmonchan|0 fnt\n|faint|p2a: Hitmonchan\n|\n|upkeep\n|inactive|Time left: 300 sec this turn | 300 sec total | 5 sec grace\n|\n|t:|1783568895\n|switch|p2a: Swanna|Swanna, L89, M|12/278\n|turn|35\n|inactive|Time left: 300 sec this turn | 300 sec total\n|\n|t:|1783568896\n|move|p2a: Swanna|Roost|p2a: Swanna\n|-heal|p2a: Swanna|151/278\n|-singleturn|p2a: Swanna|move: Roost\n|move|p1a: Arboliva|Hyper Voice|p2a: Swanna\n|-damage|p2a: Swanna|0 fnt\n|faint|p2a: Swanna\n|\n|win|p0x2490b76e", "uploadtime": 1783568896, "views": 0, "rating": 0, "private": 0, "password": null, "_winner": "p0x2490b76e", "_our_name": "p0y249053e8"}