{"id": "battle-gen9randombattle-1243", "formatid": "gen9randombattle", "format": "[Gen 9] Random Battle", "players": ["p0x124356db", "p0y1243e5a2"], "log": "|init|battle\n|title|p0x124356db vs. p0y1243e5a2\n|j|\u2606p0x124356db\n|j|\u2606p0y1243e5a2\n|t:|1783554402\n|gametype|singles\n|player|p1|p0x124356db|266|\n|player|p2|p0y1243e5a2|2|\n|gen|9\n|tier|[Gen 9] Random Battle\n|rule|Species Clause: Limit one of each Pok\u00e9mon\n|rule|HP Percentage Mod: HP is shown in percentages\n|rule|Sleep Clause Mod: Limit one foe put to sleep\n|rule|Illusion Level Mod: Illusion disguises the Pok\u00e9mon's true level\n|\n|t:|1783554402\n|teamsize|p1|6\n|teamsize|p2|6\n|start\n|switch|p1a: Copperajah|Copperajah, L86, F|100/100\n|switch|p2a: Plusle|Plusle, L95, M|268/268\n|turn|1\n|inactive|Battle timer is ON: inactive players will automatically lose when time's up. (requested by p0x124356db)\n|inactive|Time left: 300 sec this turn | 300 sec total | 60 sec grace\n|inactive|p0y1243e5a2 also wants the timer to be on.\n|\n|t:|1783554404\n|switch|p2a: Lanturn|Lanturn, L89, M|367/367\n|move|p1a: Copperajah|Earthquake|p2a: Lanturn\n|-supereffective|p2a: Lanturn\n|-damage|p2a: Lanturn|47/367\n|-damage|p1a: Copperajah|90/100|[from] item: Life Orb\n|\n|-heal|p2a: Lanturn|69/367|[from] item: Leftovers\n|upkeep\n|turn|2\n|inactive|Time left: 300 sec this turn | 300 sec total\n|\n|t:|1783554405\n|move|p2a: Lanturn|Scald|p1a: Copperajah\n|-damage|p1a: Copperajah|64/100\n|move|p1a: Copperajah|Play Rough|p2a: Lanturn|[miss]\n|-miss|p1a: Copperajah|p2a: Lanturn\n|\n|-heal|p2a: Lanturn|91/367|[from] item: Leftovers\n|upkeep\n|turn|3\n|inactive|Time left: 300 sec this turn | 300 sec total\n|\n|t:|1783554407\n|move|p2a: Lanturn|Scald|p1a: Copperajah\n|-damage|p1a: Copperajah|35/100\n|move|p1a: Copperajah|Earthquake|p2a: Lanturn\n|-supereffective|p2a: Lanturn\n|-damage|p2a: Lanturn|0 fnt\n|faint|p2a: Lanturn\n|-damage|p1a: Copperajah|25/100|[from] item: Life Orb\n|\n|upkeep\n|inactive|Time left: 300 sec this turn | 300 sec total | 5 sec grace\n|\n|t:|1783554408\n|switch|p2a: Arboliva|Arboliva, L91, M|288/288\n|turn|4\n|inactive|Time left: 300 sec this turn | 300 sec total\n|\n|t:|1783554409\n|move|p2a: Arboliva|Hyper Voice|p1a: Copperajah\n|-resisted|p1a: Copperajah\n|-damage|p1a: Copperajah|2/100\n|move|p1a: Copperajah|Play Rough|p2a: Arboliva\n|-damage|p2a: Arboliva|148/288\n|\n|upkeep\n|turn|5\n|inactive|Time left: 300 sec this turn | 300 sec total\n|\n|t:|1783554411\n|move|p2a: Arboliva|Hyper Voice|p1a: Copperajah\n|-resisted|p1a: Copperajah\n|-damage|p1a: Copperajah|0 fnt\n|faint|p1a: Copperajah\n|\n|upkeep\n|\n|t:|1783554412\n|switch|p1a: Blaziken|Blaziken, L76, F|100/100\n|turn|6\n|inactive|Time left: 300 sec this turn | 300 sec total\n|\n|t:|1783554413\n|move|p1a: Blaziken|Swords Dance|p1a: Blaziken\n|-boost|p1a: Blaziken|atk|2\n|move|p2a: Arboliva|Hyper Voice|p1a: Blaziken\n|-damage|p1a: Blaziken|25/100\n|\n|-ability|p1a: Blaziken|Speed Boost|boost\n|-boost|p1a: Blaziken|spe|1\n|upkeep\n|turn|7\n|inactive|Time left: 300 sec this turn | 300 sec total\n|\n|t:|1783554414\n|switch|p2a: Fezandipiti|Fezandipiti, L82, M|278/278\n|move|p1a: Blaziken|Close Combat|p2a: Fezandipiti\n|-resisted|p2a: Fezandipiti\n|-damage|p2a: Fezandipiti|187/278\n|-unboost|p1a: Blaziken|def|1\n|-unboost|p1a: Blaziken|spd|1\n|-damage|p1a: Blaziken|15/100|[from] item: Life Orb\n|\n|-heal|p2a: Fezandipiti|204/278|[from] item: Leftovers\n|-ability|p1a: Blaziken|Speed Boost|boost\n|-boost|p1a: Blaziken|spe|1\n|upkeep\n|turn|8\n|inactive|Time left: 300 sec this turn | 300 sec total\n|\n|t:|1783554415\n|move|p1a: Blaziken|Flare Blitz|p2a: Fezandipiti\n|-damage|p2a: Fezandipiti|0 fnt\n|faint|p2a: Fezandipiti\n|-damage|p1a: Blaziken|0 fnt|[from] Recoil\n|faint|p1a: Blaziken\n|\n|upkeep\n|inactive|Time left: 300 sec this turn | 300 sec total | 5 sec grace\n|\n|t:|1783554417\n|switch|p2a: Plusle|Plusle, L95, M|268/268\n|switch|p1a: Reshiram|Reshiram, L76|100/100\n|-ability|p1a: Reshiram|Turboblaze\n|turn|9\n|inactive|Time left: 300 sec this turn | 300 sec total\n|\n|t:|1783554418\n|move|p2a: Plusle|Nasty Plot|p2a: Plusle\n|-boost|p2a: Plusle|spa|2\n|move|p1a: Reshiram|Dragon Dance|p1a: Reshiram\n|-boost|p1a: Reshiram|atk|1\n|-boost|p1a: Reshiram|spe|1\n|\n|upkeep\n|turn|10\n|inactive|Time left: 300 sec this turn | 300 sec total\n|\n|t:|1783554419\n|-terastallize|p2a: Plusle|Fairy\n|move|p1a: Reshiram|Outrage|p2a: Plusle\n|-immune|p2a: Plusle\n|move|p2a: Plusle|Alluring Voice|p1a: Reshiram\n|-damage|p1a: Reshiram|14/100\n|-damage|p2a: Plusle|242/268|[from] item: Life Orb\n|\n|upkeep\n|turn|11\n|inactive|Time left: 300 sec this turn | 300 sec total\n|\n|t:|1783554420\n|move|p1a: Reshiram|Flare Blitz|p2a: Plusle\n|-damage|p2a: Plusle|0 fnt\n|faint|p2a: Plusle\n|-damage|p1a: Reshiram|0 fnt|[from] Recoil\n|faint|p1a: Reshiram\n|\n|upkeep\n|inactive|Time left: 300 sec this turn | 300 sec total | 5 sec grace\n|\n|t:|1783554421\n|switch|p2a: Swanna|Swanna, L89, M|278/278\n|switch|p1a: Porygon-Z|Porygon-Z, L83|100/100\n|turn|12\n|inactive|Time left: 300 sec this turn | 300 sec total\n|\n|t:|1783554422\n|move|p1a: Porygon-Z|Tri Attack|p2a: Swanna\n|-damage|p2a: Swanna|116/278\n|move|p2a: Swanna|Hydro Pump|p1a: Porygon-Z\n|-damage|p1a: Porygon-Z|50/100\n|\n|upkeep\n|turn|13\n|inactive|Time left: 300 sec this turn | 300 sec total\n|\n|t:|1783554424\n|switch|p2a: Arboliva|Arboliva, L91, M|148/288\n|move|p1a: Porygon-Z|Tri Attack|p2a: Arboliva\n|-damage|p2a: Arboliva|44/288\n|-status|p2a: Arboliva|par\n|-enditem|p2a: Arboliva|Sitrus Berry|[eat]\n|-heal|p2a: Arboliva|116/288 par|[from] item: Sitrus Berry\n|\n|upkeep\n|turn|14\n|inactive|Time left: 300 sec this turn | 300 sec total\n|\n|t:|1783554425\n|move|p1a: Porygon-Z|Tri Attack|p2a: Arboliva\n|-damage|p2a: Arboliva|2/288 par\n|cant|p2a: Arboliva|par\n|\n|upkeep\n|turn|15\n|inactive|Time left: 300 sec this turn | 300 sec total\n|\n|t:|1783554426\n|move|p2a: Arboliva|Protect|p2a: Arboliva\n|-singleturn|p2a: Arboliva|Protect\n|move|p1a: Porygon-Z|Tri Attack|p2a: Arboliva\n|-activate|p2a: Arboliva|move: Protect\n|\n|-item|p2a: Arboliva|Sitrus Berry|[from] ability: Harvest\n|upkeep\n|-enditem|p2a: Arboliva|Sitrus Berry|[eat]\n|-heal|p2a: Arboliva|74/288 par|[from] item: Sitrus Berry\n|turn|16\n|inactive|Time left: 300 sec this turn | 300 sec total\n|\n|t:|1783554427\n|move|p2a: Arboliva|Protect||[still]\n|-fail|p2a: Arboliva\n|move|p1a: Porygon-Z|Tri Attack|p2a: Arboliva\n|-damage|p2a: Arboliva|0 fnt\n|faint|p2a: Arboliva\n|\n|upkeep\n|inactive|Time left: 300 sec this turn | 300 sec total | 5 sec grace\n|\n|t:|1783554428\n|switch|p2a: Deoxys|Deoxys, L74|196/196\n|-ability|p2a: Deoxys|Pressure\n|turn|17\n|inactive|Time left: 300 sec this turn | 300 sec total\n|\n|t:|1783554429\n|move|p1a: Porygon-Z|Tri Attack|p2a: Deoxys\n|-damage|p2a: Deoxys|0 fnt\n|faint|p2a: Deoxys\n|\n|upkeep\n|inactive|Time left: 300 sec this turn | 300 sec total | 5 sec grace\n|\n|t:|1783554430\n|switch|p2a: Swanna|Swanna, L89, M|116/278\n|turn|18\n|inactive|Time left: 300 sec this turn | 300 sec total\n|\n|t:|1783554431\n|-terastallize|p1a: Porygon-Z|Ghost\n|move|p1a: Porygon-Z|Tri Attack|p2a: Swanna\n|-damage|p2a: Swanna|0 fnt\n|faint|p2a: Swanna\n|\n|win|p0x124356db", "uploadtime": 1783554431, "views": 0, "rating": 0, "private": 0, "password": null, "_winner": "p0x124356db", "_our_name": "p0y1243e5a2"}