{"id": "battle-gen9randombattle-1300", "formatid": "gen9randombattle", "format": "[Gen 9] Random Battle", "players": ["p0x13008d84", "p0y13000b22"], "log": "|init|battle\n|title|p0x13008d84 vs. p0y13000b22\n|j|\u2606p0x13008d84\n|j|\u2606p0y13000b22\n|t:|1783555088\n|gametype|singles\n|player|p1|p0x13008d84|265|\n|player|p2|p0y13000b22|102|\n|gen|9\n|tier|[Gen 9] Random Battle\n|rule|Species Clause: Limit one of each Pok\u00e9mon\n|rule|HP Percentage Mod: HP is shown in percentages\n|rule|Sleep Clause Mod: Limit one foe put to sleep\n|rule|Illusion Level Mod: Illusion disguises the Pok\u00e9mon's true level\n|\n|t:|1783555088\n|teamsize|p1|6\n|teamsize|p2|6\n|start\n|switch|p1a: Stantler|Stantler, L92, M|100/100\n|switch|p2a: Vigoroth|Vigoroth, L85, M|275/275\n|-ability|p1a: Stantler|Intimidate|boost\n|-unboost|p2a: Vigoroth|atk|1\n|turn|1\n|inactive|Battle timer is ON: inactive players will automatically lose when time's up. (requested by p0y13000b22)\n|inactive|p0x13008d84 also wants the timer to be on.\n|\n|t:|1783555090\n|switch|p2a: Weavile|Weavile, L79, M|239/239\n|move|p1a: Stantler|Calm Mind|p1a: Stantler\n|-boost|p1a: Stantler|spa|1\n|-boost|p1a: Stantler|spd|1\n|\n|upkeep\n|turn|2\n|inactive|Time left: 300 sec this turn | 300 sec total\n|\n|t:|1783555091\n|move|p2a: Weavile|Triple Axel|p1a: Stantler\n|-damage|p1a: Stantler|91/100\n|-damage|p1a: Stantler|72/100\n|-damage|p1a: Stantler|44/100\n|-hitcount|p1a: Stantler|3\n|move|p1a: Stantler|Tera Blast|p2a: Weavile\n|-damage|p2a: Weavile|101/239\n|\n|upkeep\n|turn|3\n|inactive|Time left: 300 sec this turn | 300 sec total\n|\n|t:|1783555092\n|move|p2a: Weavile|Triple Axel|p1a: Stantler\n|-damage|p1a: Stantler|35/100\n|-damage|p1a: Stantler|17/100\n|-damage|p1a: Stantler|0 fnt\n|faint|p1a: Stantler\n|-hitcount|p1: Stantler|3\n|\n|upkeep\n|\n|t:|1783555093\n|switch|p1a: Blastoise|Blastoise, L80, F|100/100\n|turn|4\n|inactive|Time left: 300 sec this turn | 300 sec total\n|\n|t:|1783555094\n|move|p2a: Weavile|Triple Axel|p1a: Blastoise|[miss]\n|-miss|p2a: Weavile|p1a: Blastoise\n|move|p1a: Blastoise|Shell Smash|p1a: Blastoise\n|-unboost|p1a: Blastoise|def|1\n|-unboost|p1a: Blastoise|spd|1\n|-boost|p1a: Blastoise|atk|2\n|-boost|p1a: Blastoise|spa|2\n|-boost|p1a: Blastoise|spe|2\n|-enditem|p1a: Blastoise|White Herb\n|-clearnegativeboost|p1a: Blastoise|[silent]\n|\n|upkeep\n|turn|5\n|inactive|Time left: 300 sec this turn | 300 sec total\n|\n|t:|1783555095\n|switch|p2a: Vaporeon|Vaporeon, L86, M|364/364\n|move|p1a: Blastoise|Ice Beam|p2a: Vaporeon\n|-resisted|p2a: Vaporeon\n|-damage|p2a: Vaporeon|315/364\n|\n|-heal|p2a: Vaporeon|337/364|[from] item: Leftovers\n|upkeep\n|turn|6\n|inactive|Time left: 300 sec this turn | 300 sec total\n|\n|t:|1783555096\n|move|p1a: Blastoise|Shell Smash|p1a: Blastoise\n|-unboost|p1a: Blastoise|def|1\n|-unboost|p1a: Blastoise|spd|1\n|-boost|p1a: Blastoise|atk|2\n|-boost|p1a: Blastoise|spa|2\n|-boost|p1a: Blastoise|spe|2\n|move|p2a: Vaporeon|Scald|p1a: Blastoise\n|-resisted|p1a: Blastoise\n|-damage|p1a: Blastoise|74/100\n|-status|p1a: Blastoise|brn\n|\n|-heal|p2a: Vaporeon|359/364|[from] item: Leftovers\n|-damage|p1a: Blastoise|68/100 brn|[from] brn\n|upkeep\n|turn|7\n|inactive|Time left: 300 sec this turn | 300 sec total\n|\n|t:|1783555097\n|move|p1a: Blastoise|Ice Beam|p2a: Vaporeon\n|-resisted|p2a: Vaporeon\n|-damage|p2a: Vaporeon|284/364\n|move|p2a: Vaporeon|Scald|p1a: Blastoise\n|-resisted|p1a: Blastoise\n|-damage|p1a: Blastoise|39/100 brn\n|\n|-heal|p2a: Vaporeon|306/364|[from] item: Leftovers\n|-damage|p1a: Blastoise|33/100 brn|[from] brn\n|upkeep\n|turn|8\n|inactive|Time left: 300 sec this turn | 300 sec total\n|\n|t:|1783555098\n|move|p1a: Blastoise|Earthquake|p2a: Vaporeon\n|-damage|p2a: Vaporeon|195/364\n|move|p2a: Vaporeon|Scald|p1a: Blastoise\n|-resisted|p1a: Blastoise\n|-damage|p1a: Blastoise|6/100 brn\n|\n|-heal|p2a: Vaporeon|217/364|[from] item: Leftovers\n|-damage|p1a: Blastoise|0 fnt|[from] brn\n|faint|p1a: Blastoise\n|upkeep\n|\n|t:|1783555099\n|switch|p1a: Sandy Shocks|Sandy Shocks, L80|100/100\n|turn|9\n|inactive|Time left: 300 sec this turn | 300 sec total\n|\n|t:|1783555100\n|-terastallize|p1a: Sandy Shocks|Electric\n|move|p1a: Sandy Shocks|Thunderbolt|p2a: Vaporeon\n|-supereffective|p2a: Vaporeon\n|-damage|p2a: Vaporeon|0 fnt\n|faint|p2a: Vaporeon\n|\n|upkeep\n|inactive|Time left: 300 sec this turn | 300 sec total | 5 sec grace\n|\n|t:|1783555101\n|switch|p2a: Virizion|Virizion, L82|283/283\n|turn|10\n|inactive|Time left: 300 sec this turn | 300 sec total\n|\n|t:|1783555102\n|move|p2a: Virizion|Swords Dance|p2a: Virizion\n|-boost|p2a: Virizion|atk|2\n|move|p1a: Sandy Shocks|Volt Switch|p2a: Virizion\n|-resisted|p2a: Virizion\n|-damage|p2a: Virizion|244/283\n|\n|t:|1783555103\n|-end|p1a: Sandy Shocks|Protosynthesis|[silent]\n|switch|p1a: Clodsire|Clodsire, L81, M|100/100|[from] Volt Switch\n|\n|upkeep\n|turn|11\n|inactive|Time left: 300 sec this turn | 300 sec total\n|\n|t:|1783555103\n|move|p2a: Virizion|Leaf Blade|p1a: Clodsire\n|-damage|p1a: Clodsire|19/100\n|-damage|p2a: Virizion|216/283|[from] item: Life Orb\n|move|p1a: Clodsire|Gunk Shot|p2a: Virizion\n|-supereffective|p2a: Virizion\n|-damage|p2a: Virizion|0 fnt\n|faint|p2a: Virizion\n|\n|-heal|p1a: Clodsire|26/100|[from] item: Leftovers\n|upkeep\n|inactive|Time left: 300 sec this turn | 300 sec total | 5 sec grace\n|\n|t:|1783555105\n|switch|p2a: Weavile|Weavile, L79, M|101/239\n|turn|12\n|inactive|Time left: 300 sec this turn | 300 sec total\n|\n|t:|1783555106\n|move|p2a: Weavile|Triple Axel|p1a: Clodsire\n|-supereffective|p1a: Clodsire\n|-damage|p1a: Clodsire|0 fnt\n|faint|p1a: Clodsire\n|-hitcount|p1: Clodsire|1\n|\n|upkeep\n|\n|t:|1783555106\n|switch|p1a: Sandy Shocks|Sandy Shocks, L80, tera:Electric|100/100\n|turn|13\n|inactive|Time left: 300 sec this turn | 300 sec total\n|\n|t:|1783555107\n|move|p2a: Weavile|Triple Axel|p1a: Sandy Shocks\n|-damage|p1a: Sandy Shocks|87/100\n|-damage|p1a: Sandy Shocks|63/100\n|-damage|p1a: Sandy Shocks|29/100\n|-hitcount|p1a: Sandy Shocks|3\n|move|p1a: Sandy Shocks|Earth Power|p2a: Weavile\n|-damage|p2a: Weavile|0 fnt\n|faint|p2a: Weavile\n|\n|upkeep\n|inactive|Time left: 300 sec this turn | 300 sec total | 5 sec grace\n|\n|t:|1783555108\n|switch|p2a: Kommo-o|Kommo-o, L77, F|242/242\n|turn|14\n|inactive|Time left: 300 sec this turn | 300 sec total\n|\n|t:|1783555109\n|move|p1a: Sandy Shocks|Volt Switch|p2a: Kommo-o\n|-resisted|p2a: Kommo-o\n|-damage|p2a: Kommo-o|187/242\n|\n|t:|1783555110\n|-end|p1a: Sandy Shocks|Protosynthesis|[silent]\n|switch|p1a: Gothitelle|Gothitelle, L90, F|100/100|[from] Volt Switch\n|move|p2a: Kommo-o|Clangorous Soul|p2a: Kommo-o\n|-boost|p2a: Kommo-o|atk|1\n|-boost|p2a: Kommo-o|def|1\n|-boost|p2a: Kommo-o|spa|1\n|-boost|p2a: Kommo-o|spd|1\n|-boost|p2a: Kommo-o|spe|1\n|-damage|p2a: Kommo-o|108/242\n|-enditem|p2a: Kommo-o|Throat Spray\n|-boost|p2a: Kommo-o|spa|1|[from] item: Throat Spray\n|\n|upkeep\n|turn|15\n|inactive|Time left: 300 sec this turn | 300 sec total\n|\n|t:|1783555111\n|move|p2a: Kommo-o|Clanging Scales|p1a: Gothitelle\n|-damage|p1a: Gothitelle|41/100\n|-unboost|p2a: Kommo-o|def|1\n|move|p1a: Gothitelle|Psychic|p2a: Kommo-o\n|-supereffective|p2a: Kommo-o\n|-damage|p2a: Kommo-o|0 fnt\n|faint|p2a: Kommo-o\n|\n|upkeep\n|inactive|Time left: 300 sec this turn | 300 sec total | 5 sec grace\n|\n|t:|1783555112\n|switch|p2a: Vigoroth|Vigoroth, L85, M|275/275\n|turn|16\n|inactive|Time left: 300 sec this turn | 300 sec total\n|\n|t:|1783555113\n|move|p1a: Gothitelle|Psychic|p2a: Vigoroth\n|-damage|p2a: Vigoroth|170/275\n|move|p2a: Vigoroth|Bulk Up|p2a: Vigoroth\n|-boost|p2a: Vigoroth|atk|1\n|-boost|p2a: Vigoroth|def|1\n|\n|upkeep\n|turn|17\n|inactive|Time left: 300 sec this turn | 300 sec total\n|\n|t:|1783555115\n|move|p1a: Gothitelle|Psychic|p2a: Vigoroth\n|-damage|p2a: Vigoroth|77/275\n|move|p2a: Vigoroth|Slack Off|p2a: Vigoroth\n|-heal|p2a: Vigoroth|215/275\n|\n|upkeep\n|turn|18\n|inactive|Time left: 300 sec this turn | 300 sec total\n|\n|t:|1783555116\n|move|p1a: Gothitelle|Psychic|p2a: Vigoroth\n|-damage|p2a: Vigoroth|116/275\n|move|p2a: Vigoroth|Slack Off|p2a: Vigoroth\n|-heal|p2a: Vigoroth|254/275\n|\n|upkeep\n|turn|19\n|inactive|Time left: 300 sec this turn | 300 sec total\n|\n|t:|1783555117\n|move|p1a: Gothitelle|Psychic|p2a: Vigoroth\n|-crit|p2a: Vigoroth\n|-damage|p2a: Vigoroth|94/275\n|move|p2a: Vigoroth|Body Slam|p1a: Gothitelle\n|-damage|p1a: Gothitelle|4/100\n|\n|upkeep\n|turn|20\n|inactive|Time left: 300 sec this turn | 300 sec total\n|\n|t:|1783555118\n|move|p1a: Gothitelle|Psychic|p2a: Vigoroth\n|-damage|p2a: Vigoroth|0 fnt\n|faint|p2a: Vigoroth\n|\n|upkeep\n|inactive|Time left: 300 sec this turn | 300 sec total | 5 sec grace\n|\n|t:|1783555119\n|switch|p2a: Dragalge|Dragalge, L88, F|258/258\n|turn|21\n|inactive|Time left: 300 sec this turn | 300 sec total\n|\n|t:|1783555120\n|move|p1a: Gothitelle|Psychic|p2a: Dragalge\n|-supereffective|p2a: Dragalge\n|-damage|p2a: Dragalge|90/258\n|-unboost|p2a: Dragalge|spd|1\n|move|p2a: Dragalge|Sludge Wave|p1a: Gothitelle\n|-damage|p1a: Gothitelle|0 fnt\n|faint|p1a: Gothitelle\n|\n|-heal|p2a: Dragalge|106/258|[from] item: Leftovers\n|upkeep\n|\n|t:|1783555121\n|switch|p1a: Sandy Shocks|Sandy Shocks, L80, tera:Electric|29/100\n|turn|22\n|inactive|Time left: 300 sec this turn | 300 sec total\n|\n|t:|1783555122\n|move|p1a: Sandy Shocks|Earth Power|p2a: Dragalge\n|-supereffective|p2a: Dragalge\n|-damage|p2a: Dragalge|0 fnt\n|faint|p2a: Dragalge\n|\n|win|p0x13008d84", "uploadtime": 1783555122, "views": 0, "rating": 0, "private": 0, "password": null, "_winner": "p0x13008d84", "_our_name": "p0y13000b22"}