{"id": "battle-gen9randombattle-346", "formatid": "gen9randombattle", "format": "[Gen 9] Random Battle", "players": ["p0x346b997", "p0y3462259"], "log": "|init|battle\n|title|p0x346b997 vs. p0y3462259\n|j|\u2606p0x346b997\n|j|\u2606p0y3462259\n|t:|1783543127\n|gametype|singles\n|player|p1|p0x346b997|170|\n|player|p2|p0y3462259|1|\n|gen|9\n|tier|[Gen 9] Random Battle\n|rule|Species Clause: Limit one of each Pok\u00e9mon\n|rule|HP Percentage Mod: HP is shown in percentages\n|rule|Sleep Clause Mod: Limit one foe put to sleep\n|rule|Illusion Level Mod: Illusion disguises the Pok\u00e9mon's true level\n|\n|t:|1783543127\n|teamsize|p1|6\n|teamsize|p2|6\n|start\n|switch|p1a: Hitmonchan|Hitmonchan, L87, M|100/100\n|switch|p2a: Cramorant|Cramorant, L86, F|261/261\n|turn|1\n|inactive|Battle timer is ON: inactive players will automatically lose when time's up. (requested by p0y3462259)\n|inactive|p0x346b997 also wants the timer to be on.\n|\n|t:|1783543129\n|switch|p1a: Kyurem|Kyurem-Black, L71|100/100\n|-ability|p1a: Kyurem|Teravolt\n|move|p2a: Cramorant|Brave Bird|p1a: Kyurem\n|-damage|p1a: Kyurem|54/100\n|-damage|p2a: Cramorant|215/261|[from] Recoil\n|\n|upkeep\n|turn|2\n|inactive|Time left: 300 sec this turn | 300 sec total\n|\n|t:|1783543131\n|switch|p2a: Rhyperior|Rhyperior, L82, F|323/323\n|move|p1a: Kyurem|Icicle Spear|p2a: Rhyperior\n|-supereffective|p2a: Rhyperior\n|-damage|p2a: Rhyperior|279/323\n|-supereffective|p2a: Rhyperior\n|-damage|p2a: Rhyperior|231/323\n|-supereffective|p2a: Rhyperior\n|-damage|p2a: Rhyperior|181/323\n|-supereffective|p2a: Rhyperior\n|-damage|p2a: Rhyperior|137/323\n|-supereffective|p2a: Rhyperior\n|-damage|p2a: Rhyperior|89/323\n|-hitcount|p2a: Rhyperior|5\n|\n|upkeep\n|turn|3\n|inactive|Time left: 300 sec this turn | 300 sec total\n|\n|t:|1783543132\n|-terastallize|p2a: Rhyperior|Steel\n|move|p1a: Kyurem|Scale Shot|p2a: Rhyperior\n|-resisted|p2a: Rhyperior\n|-damage|p2a: Rhyperior|77/323\n|-resisted|p2a: Rhyperior\n|-damage|p2a: Rhyperior|65/323\n|-resisted|p2a: Rhyperior\n|-damage|p2a: Rhyperior|53/323\n|-resisted|p2a: Rhyperior\n|-damage|p2a: Rhyperior|41/323\n|-hitcount|p2a: Rhyperior|4\n|-unboost|p1a: Kyurem|def|1\n|-boost|p1a: Kyurem|spe|1\n|move|p2a: Rhyperior|Earthquake|p1a: Kyurem\n|-damage|p1a: Kyurem|0 fnt\n|faint|p1a: Kyurem\n|\n|upkeep\n|\n|t:|1783543133\n|switch|p1a: Hitmonchan|Hitmonchan, L87, M|100/100\n|turn|4\n|inactive|Time left: 300 sec this turn | 300 sec total\n|\n|t:|1783543134\n|switch|p2a: Azumarill|Azumarill, L82, F|298/298\n|move|p1a: Hitmonchan|Drain Punch|p2a: Azumarill\n|-resisted|p2a: Azumarill\n|-damage|p2a: Azumarill|241/298\n|\n|upkeep\n|turn|5\n|inactive|Time left: 300 sec this turn | 300 sec total\n|\n|t:|1783543135\n|switch|p1a: Ogerpon|Ogerpon-Wellspring, L76, F|100/100\n|move|p2a: Azumarill|Play Rough|p1a: Ogerpon\n|-damage|p1a: Ogerpon|44/100\n|\n|upkeep\n|turn|6\n|inactive|Time left: 300 sec this turn | 300 sec total\n|\n|t:|1783543137\n|switch|p2a: Gogoat|Gogoat, L88, F|360/360\n|move|p1a: Ogerpon|Wood Hammer|p2a: Gogoat\n|-ability|p2a: Gogoat|Sap Sipper|boost\n|-boost|p2a: Gogoat|atk|1\n|\n|upkeep\n|turn|7\n|inactive|Time left: 300 sec this turn | 300 sec total\n|\n|t:|1783543138\n|move|p1a: Ogerpon|U-turn|p2a: Gogoat\n|-supereffective|p2a: Gogoat\n|-damage|p2a: Gogoat|224/360\n|\n|t:|1783543139\n|switch|p1a: Reshiram|Reshiram, L76|100/100|[from] U-turn\n|-ability|p1a: Reshiram|Turboblaze\n|move|p2a: Gogoat|Horn Leech|p1a: Reshiram\n|-resisted|p1a: Reshiram\n|-damage|p1a: Reshiram|89/100\n|-heal|p2a: Gogoat|240/360|[from] drain|[of] p1a: Reshiram\n|\n|-heal|p2a: Gogoat|262/360|[from] item: Leftovers\n|upkeep\n|turn|8\n|inactive|Time left: 300 sec this turn | 300 sec total\n|\n|t:|1783543140\n|switch|p2a: Azumarill|Azumarill, L82, F|241/298\n|move|p1a: Reshiram|Blue Flare|p2a: Azumarill\n|-resisted|p2a: Azumarill\n|-damage|p2a: Azumarill|153/298\n|\n|upkeep\n|turn|9\n|inactive|Time left: 300 sec this turn | 300 sec total\n|\n|t:|1783543141\n|move|p1a: Reshiram|Will-O-Wisp|p2a: Azumarill|[miss]\n|-miss|p1a: Reshiram|p2a: Azumarill\n|move|p2a: Azumarill|Play Rough|p1a: Reshiram\n|-damage|p1a: Reshiram|46/100\n|\n|upkeep\n|turn|10\n|inactive|Time left: 300 sec this turn | 300 sec total\n|\n|t:|1783543142\n|move|p1a: Reshiram|Will-O-Wisp|p2a: Azumarill\n|-status|p2a: Azumarill|brn\n|move|p2a: Azumarill|Play Rough|p1a: Reshiram\n|-damage|p1a: Reshiram|25/100\n|\n|-damage|p2a: Azumarill|135/298 brn|[from] brn\n|upkeep\n|-enditem|p2a: Azumarill|Sitrus Berry|[eat]\n|-heal|p2a: Azumarill|209/298 brn|[from] item: Sitrus Berry\n|turn|11\n|inactive|Time left: 300 sec this turn | 300 sec total\n|\n|t:|1783543143\n|move|p1a: Reshiram|Blue Flare|p2a: Azumarill|[miss]\n|-miss|p1a: Reshiram|p2a: Azumarill\n|move|p2a: Azumarill|Liquidation|p1a: Reshiram\n|-damage|p1a: Reshiram|6/100\n|\n|-damage|p2a: Azumarill|191/298 brn|[from] brn\n|upkeep\n|turn|12\n|inactive|Time left: 300 sec this turn | 300 sec total\n|\n|t:|1783543144\n|switch|p1a: Ogerpon|Ogerpon-Wellspring, L76, F|44/100\n|move|p2a: Azumarill|Play Rough|p1a: Ogerpon\n|-damage|p1a: Ogerpon|20/100\n|\n|-damage|p2a: Azumarill|173/298 brn|[from] brn\n|upkeep\n|turn|13\n|inactive|Time left: 300 sec this turn | 300 sec total\n|\n|t:|1783543145\n|switch|p2a: Gogoat|Gogoat, L88, F|262/360\n|move|p1a: Ogerpon|Synthesis|p1a: Ogerpon\n|-heal|p1a: Ogerpon|69/100\n|\n|-heal|p2a: Gogoat|284/360|[from] item: Leftovers\n|upkeep\n|turn|14\n|inactive|Time left: 300 sec this turn | 300 sec total\n|\n|t:|1783543146\n|move|p1a: Ogerpon|U-turn|p2a: Gogoat\n|-supereffective|p2a: Gogoat\n|-damage|p2a: Gogoat|150/360\n|\n|t:|1783543147\n|switch|p1a: Iron Leaves|Iron Leaves, L80|100/100|[from] U-turn\n|move|p2a: Gogoat|Horn Leech|p1a: Iron Leaves\n|-resisted|p1a: Iron Leaves\n|-damage|p1a: Iron Leaves|83/100\n|-heal|p2a: Gogoat|174/360|[from] drain|[of] p1a: Iron Leaves\n|\n|-heal|p2a: Gogoat|196/360|[from] item: Leftovers\n|upkeep\n|turn|15\n|inactive|Time left: 300 sec this turn | 300 sec total\n|\n|t:|1783543148\n|move|p1a: Iron Leaves|Swords Dance|p1a: Iron Leaves\n|-boost|p1a: Iron Leaves|atk|2\n|move|p2a: Gogoat|Milk Drink|p2a: Gogoat\n|-heal|p2a: Gogoat|360/360\n|\n|upkeep\n|turn|16\n|inactive|Time left: 300 sec this turn | 300 sec total\n|\n|t:|1783543149\n|move|p1a: Iron Leaves|Psyblade|p2a: Gogoat\n|-damage|p2a: Gogoat|55/360\n|-damage|p1a: Iron Leaves|74/100|[from] item: Life Orb\n|move|p2a: Gogoat|Milk Drink|p2a: Gogoat\n|-heal|p2a: Gogoat|235/360\n|\n|-heal|p2a: Gogoat|257/360|[from] item: Leftovers\n|upkeep\n|turn|17\n|inactive|Time left: 300 sec this turn | 300 sec total\n|\n|t:|1783543149\n|switch|p2a: Azumarill|Azumarill, L82, F|173/298 brn\n|move|p1a: Iron Leaves|Psyblade|p2a: Azumarill\n|-damage|p2a: Azumarill|0 fnt\n|faint|p2a: Azumarill\n|-damage|p1a: Iron Leaves|64/100|[from] item: Life Orb\n|\n|upkeep\n|inactive|Time left: 300 sec this turn | 300 sec total | 5 sec grace\n|\n|t:|1783543150\n|switch|p2a: Regigigas|Regigigas, L84|322/322\n|-start|p2a: Regigigas|ability: Slow Start\n|turn|18\n|inactive|Time left: 300 sec this turn | 300 sec total\n|\n|t:|1783543151\n|move|p2a: Regigigas|Protect|p2a: Regigigas\n|-singleturn|p2a: Regigigas|Protect\n|move|p1a: Iron Leaves|Close Combat|p2a: Regigigas\n|-activate|p2a: Regigigas|move: Protect\n|\n|upkeep\n|turn|19\n|inactive|Time left: 300 sec this turn | 300 sec total\n|\n|t:|1783543152\n|switch|p2a: Rhyperior|Rhyperior, L82, F, tera:Steel|41/323\n|move|p1a: Iron Leaves|Close Combat|p2a: Rhyperior\n|-supereffective|p2a: Rhyperior\n|-damage|p2a: Rhyperior|0 fnt\n|-unboost|p1a: Iron Leaves|def|1\n|-unboost|p1a: Iron Leaves|spd|1\n|faint|p2a: Rhyperior\n|-damage|p1a: Iron Leaves|54/100|[from] item: Life Orb\n|\n|upkeep\n|inactive|Time left: 300 sec this turn | 300 sec total | 5 sec grace\n|\n|t:|1783543153\n|switch|p2a: Regigigas|Regigigas, L84|322/322\n|-start|p2a: Regigigas|ability: Slow Start\n|turn|20\n|inactive|Time left: 300 sec this turn | 300 sec total\n|\n|t:|1783543154\n|move|p2a: Regigigas|Protect|p2a: Regigigas\n|-singleturn|p2a: Regigigas|Protect\n|move|p1a: Iron Leaves|Close Combat|p2a: Regigigas\n|-activate|p2a: Regigigas|move: Protect\n|\n|upkeep\n|turn|21\n|inactive|Time left: 300 sec this turn | 300 sec total\n|\n|t:|1783543155\n|switch|p2a: Cramorant|Cramorant, L86, F|215/261\n|move|p1a: Iron Leaves|Close Combat|p2a: Cramorant\n|-resisted|p2a: Cramorant\n|-damage|p2a: Cramorant|43/261\n|-unboost|p1a: Iron Leaves|def|1\n|-unboost|p1a: Iron Leaves|spd|1\n|-damage|p1a: Iron Leaves|44/100|[from] item: Life Orb\n|\n|upkeep\n|turn|22\n|inactive|Time left: 300 sec this turn | 300 sec total\n|\n|t:|1783543156\n|move|p1a: Iron Leaves|Psyblade|p2a: Cramorant\n|-damage|p2a: Cramorant|0 fnt\n|faint|p2a: Cramorant\n|-damage|p1a: Iron Leaves|34/100|[from] item: Life Orb\n|\n|upkeep\n|inactive|Time left: 300 sec this turn | 300 sec total | 5 sec grace\n|\n|t:|1783543157\n|switch|p2a: Regigigas|Regigigas, L84|322/322\n|-start|p2a: Regigigas|ability: Slow Start\n|turn|23\n|inactive|Time left: 300 sec this turn | 300 sec total\n|\n|t:|1783543158\n|move|p2a: Regigigas|Protect|p2a: Regigigas\n|-singleturn|p2a: Regigigas|Protect\n|move|p1a: Iron Leaves|Close Combat|p2a: Regigigas\n|-activate|p2a: Regigigas|move: Protect\n|\n|upkeep\n|turn|24\n|inactive|Time left: 300 sec this turn | 300 sec total\n|\n|t:|1783543159\n|move|p2a: Regigigas|Protect|p2a: Regigigas\n|-singleturn|p2a: Regigigas|Protect\n|move|p1a: Iron Leaves|Close Combat|p2a: Regigigas\n|-activate|p2a: Regigigas|move: Protect\n|\n|upkeep\n|turn|25\n|inactive|Time left: 300 sec this turn | 300 sec total\n|\n|t:|1783543160\n|switch|p2a: Bellibolt|Bellibolt, L84, F|320/320\n|move|p1a: Iron Leaves|Close Combat|p2a: Bellibolt\n|-damage|p2a: Bellibolt|50/320\n|-unboost|p1a: Iron Leaves|def|1\n|-unboost|p1a: Iron Leaves|spd|1\n|-start|p2a: Bellibolt|Charge|Close Combat|[from] ability: Electromorphosis\n|-damage|p1a: Iron Leaves|24/100|[from] item: Life Orb\n|\n|-heal|p2a: Bellibolt|70/320|[from] item: Leftovers\n|upkeep\n|turn|26\n|inactive|Time left: 300 sec this turn | 300 sec total\n|\n|t:|1783543161\n|move|p1a: Iron Leaves|Psyblade|p2a: Bellibolt\n|-damage|p2a: Bellibolt|0 fnt\n|faint|p2a: Bellibolt\n|-damage|p1a: Iron Leaves|15/100|[from] item: Life Orb\n|\n|upkeep\n|inactive|Time left: 300 sec this turn | 300 sec total | 5 sec grace\n|\n|t:|1783543162\n|switch|p2a: Regigigas|Regigigas, L84|322/322\n|-start|p2a: Regigigas|ability: Slow Start\n|turn|27\n|inactive|Time left: 300 sec this turn | 300 sec total\n|\n|t:|1783543162\n|move|p2a: Regigigas|Protect|p2a: Regigigas\n|-singleturn|p2a: Regigigas|Protect\n|move|p1a: Iron Leaves|Close Combat|p2a: Regigigas\n|-activate|p2a: Regigigas|move: Protect\n|\n|upkeep\n|turn|28\n|inactive|Time left: 300 sec this turn | 300 sec total\n|\n|t:|1783543163\n|move|p1a: Iron Leaves|Leaf Blade|p2a: Regigigas\n|-damage|p2a: Regigigas|71/322\n|-damage|p1a: Iron Leaves|5/100|[from] item: Life Orb\n|move|p2a: Regigigas|Body Slam|p1a: Iron Leaves\n|-damage|p1a: Iron Leaves|0 fnt\n|faint|p1a: Iron Leaves\n|-end|p1a: Iron Leaves|Quark Drive|[silent]\n|\n|-heal|p2a: Regigigas|91/322|[from] item: Leftovers\n|upkeep\n|\n|t:|1783543164\n|switch|p1a: Hitmonchan|Hitmonchan, L87, M|100/100\n|turn|29\n|inactive|Time left: 300 sec this turn | 300 sec total\n|\n|t:|1783543165\n|switch|p2a: Gogoat|Gogoat, L88, F|257/360\n|move|p1a: Hitmonchan|Swords Dance|p1a: Hitmonchan\n|-boost|p1a: Hitmonchan|atk|2\n|\n|-heal|p2a: Gogoat|279/360|[from] item: Leftovers\n|upkeep\n|turn|30\n|inactive|Time left: 300 sec this turn | 300 sec total\n|\n|t:|1783543166\n|-terastallize|p1a: Hitmonchan|Fighting\n|move|p1a: Hitmonchan|Drain Punch|p2a: Gogoat\n|-damage|p2a: Gogoat|0 fnt\n|faint|p2a: Gogoat\n|\n|upkeep\n|inactive|Time left: 300 sec this turn | 300 sec total | 5 sec grace\n|\n|t:|1783543166\n|switch|p2a: Regigigas|Regigigas, L84|91/322\n|-start|p2a: Regigigas|ability: Slow Start\n|turn|31\n|inactive|Time left: 300 sec this turn | 300 sec total\n|\n|t:|1783543167\n|move|p2a: Regigigas|Protect|p2a: Regigigas\n|-singleturn|p2a: Regigigas|Protect\n|move|p1a: Hitmonchan|Knock Off|p2a: Regigigas\n|-activate|p2a: Regigigas|move: Protect\n|\n|-heal|p2a: Regigigas|111/322|[from] item: Leftovers\n|upkeep\n|turn|32\n|inactive|Time left: 300 sec this turn | 300 sec total\n|\n|t:|1783543168\n|move|p2a: Regigigas|Protect|p2a: Regigigas\n|-singleturn|p2a: Regigigas|Protect\n|move|p1a: Hitmonchan|Drain Punch|p2a: Regigigas\n|-activate|p2a: Regigigas|move: Protect\n|\n|-heal|p2a: Regigigas|131/322|[from] item: Leftovers\n|upkeep\n|turn|33\n|inactive|Time left: 300 sec this turn | 300 sec total\n|\n|t:|1783543169\n|move|p2a: Regigigas|Protect||[still]\n|-fail|p2a: Regigigas\n|move|p1a: Hitmonchan|Drain Punch|p2a: Regigigas\n|-supereffective|p2a: Regigigas\n|-damage|p2a: Regigigas|0 fnt\n|faint|p2a: Regigigas\n|-end|p2a: Regigigas|Slow Start|[silent]\n|\n|win|p0x346b997", "uploadtime": 1783543169, "views": 0, "rating": 0, "private": 0, "password": null, "_winner": "p0x346b997", "_our_name": "p0y3462259"}