{"id": "battle-gen9randombattle-1953", "formatid": "gen9randombattle", "format": "[Gen 9] Random Battle", "players": ["p0x19538526", "p0y1953441e"], "log": "|init|battle\n|title|p0x19538526 vs. p0y1953441e\n|j|\u2606p0x19538526\n|j|\u2606p0y1953441e\n|t:|1783561851\n|gametype|singles\n|player|p1|p0x19538526|265|\n|player|p2|p0y1953441e|1|\n|gen|9\n|tier|[Gen 9] Random Battle\n|rule|Species Clause: Limit one of each Pok\u00e9mon\n|rule|HP Percentage Mod: HP is shown in percentages\n|rule|Sleep Clause Mod: Limit one foe put to sleep\n|rule|Illusion Level Mod: Illusion disguises the Pok\u00e9mon's true level\n|\n|t:|1783561851\n|teamsize|p1|6\n|teamsize|p2|6\n|start\n|switch|p1a: Raging Bolt|Raging Bolt, L78|323/323\n|switch|p2a: Archaludon|Archaludon, L78, F|100/100\n|turn|1\n|inactive|Battle timer is ON: inactive players will automatically lose when time's up. (requested by p0y1953441e)\n|inactive|Time left: 300 sec this turn | 300 sec total | 60 sec grace\n|inactive|p0x19538526 also wants the timer to be on.\n|\n|t:|1783561852\n|-end|p1a: Raging Bolt|Protosynthesis|[silent]\n|switch|p1a: Hatterene|Hatterene, L85, F|236/236\n|move|p2a: Archaludon|Dragon Tail|p1a: Hatterene\n|-immune|p1a: Hatterene\n|\n|upkeep\n|turn|2\n|inactive|Time left: 300 sec this turn | 300 sec total\n|\n|t:|1783561854\n|move|p2a: Archaludon|Flash Cannon|p1a: Hatterene\n|-supereffective|p1a: Hatterene\n|-damage|p1a: Hatterene|128/236\n|move|p1a: Hatterene|Mystical Fire|p2a: Archaludon\n|-damage|p2a: Archaludon|75/100\n|-unboost|p2a: Archaludon|spa|1\n|-ability|p2a: Archaludon|Stamina|boost\n|-boost|p2a: Archaludon|def|1\n|\n|upkeep\n|turn|3\n|inactive|Time left: 300 sec this turn | 300 sec total\n|\n|t:|1783561855\n|move|p2a: Archaludon|Flash Cannon|p1a: Hatterene\n|-supereffective|p1a: Hatterene\n|-damage|p1a: Hatterene|62/236\n|move|p1a: Hatterene|Draining Kiss|p2a: Archaludon\n|-damage|p2a: Archaludon|52/100\n|-heal|p1a: Hatterene|108/236|[from] drain|[of] p2a: Archaludon\n|-ability|p2a: Archaludon|Stamina|boost\n|-boost|p2a: Archaludon|def|1\n|\n|upkeep\n|turn|4\n|inactive|Time left: 300 sec this turn | 300 sec total\n|\n|t:|1783561855\n|move|p2a: Archaludon|Flash Cannon|p1a: Hatterene\n|-supereffective|p1a: Hatterene\n|-damage|p1a: Hatterene|36/236\n|move|p1a: Hatterene|Draining Kiss|p2a: Archaludon\n|-damage|p2a: Archaludon|27/100\n|-heal|p1a: Hatterene|86/236|[from] drain|[of] p2a: Archaludon\n|-ability|p2a: Archaludon|Stamina|boost\n|-boost|p2a: Archaludon|def|1\n|\n|upkeep\n|turn|5\n|inactive|Time left: 300 sec this turn | 300 sec total\n|\n|t:|1783561856\n|move|p2a: Archaludon|Flash Cannon|p1a: Hatterene\n|-supereffective|p1a: Hatterene\n|-damage|p1a: Hatterene|14/236\n|move|p1a: Hatterene|Draining Kiss|p2a: Archaludon\n|-damage|p2a: Archaludon|2/100\n|-heal|p1a: Hatterene|66/236|[from] drain|[of] p2a: Archaludon\n|-ability|p2a: Archaludon|Stamina|boost\n|-boost|p2a: Archaludon|def|1\n|\n|upkeep\n|turn|6\n|inactive|Time left: 300 sec this turn | 300 sec total\n|\n|t:|1783561857\n|move|p2a: Archaludon|Flash Cannon|p1a: Hatterene\n|-supereffective|p1a: Hatterene\n|-damage|p1a: Hatterene|0 fnt\n|faint|p1a: Hatterene\n|\n|upkeep\n|inactive|Time left: 300 sec this turn | 300 sec total | 5 sec grace\n|\n|t:|1783561858\n|switch|p1a: Zangoose|Zangoose, L85, F|263/263\n|turn|7\n|inactive|Time left: 300 sec this turn | 300 sec total\n|\n|t:|1783561859\n|switch|p2a: Magcargo|Magcargo, L95, F|100/100\n|move|p1a: Zangoose|Facade|p2a: Magcargo\n|-resisted|p2a: Magcargo\n|-damage|p2a: Magcargo|90/100\n|\n|-status|p1a: Zangoose|tox|[from] item: Toxic Orb\n|upkeep\n|turn|8\n|inactive|Time left: 300 sec this turn | 300 sec total\n|\n|t:|1783561861\n|move|p1a: Zangoose|Swords Dance|p1a: Zangoose\n|-boost|p1a: Zangoose|atk|2\n|move|p2a: Magcargo|Power Gem|p1a: Zangoose\n|-damage|p1a: Zangoose|125/263 tox\n|\n|-damage|p1a: Zangoose|109/263 tox|[from] psn\n|upkeep\n|turn|9\n|inactive|Time left: 300 sec this turn | 300 sec total\n|\n|t:|1783561862\n|move|p1a: Zangoose|Close Combat|p2a: Magcargo\n|-supereffective|p2a: Magcargo\n|-damage|p2a: Magcargo|0 fnt\n|-unboost|p1a: Zangoose|def|1\n|-unboost|p1a: Zangoose|spd|1\n|faint|p2a: Magcargo\n|\n|-damage|p1a: Zangoose|77/263 tox|[from] psn\n|upkeep\n|\n|t:|1783561862\n|switch|p2a: Brambleghast|Brambleghast, L88, M|100/100\n|turn|10\n|inactive|Time left: 300 sec this turn | 300 sec total\n|\n|t:|1783561863\n|move|p2a: Brambleghast|Rapid Spin|p1a: Zangoose\n|-damage|p1a: Zangoose|0 fnt\n|-boost|p2a: Brambleghast|spe|1\n|faint|p1a: Zangoose\n|\n|upkeep\n|inactive|Time left: 300 sec this turn | 300 sec total | 5 sec grace\n|\n|t:|1783561864\n|switch|p1a: Dragalge|Dragalge, L88, F|258/258\n|turn|11\n|inactive|Time left: 300 sec this turn | 300 sec total\n|\n|t:|1783561865\n|move|p2a: Brambleghast|Poltergeist|p1a: Dragalge\n|-activate|p1a: Dragalge|move: Poltergeist|Leftovers\n|-damage|p1a: Dragalge|122/258\n|move|p1a: Dragalge|Sludge Wave|p2a: Brambleghast\n|-damage|p2a: Brambleghast|25/100\n|\n|-heal|p1a: Dragalge|138/258|[from] item: Leftovers\n|upkeep\n|turn|12\n|inactive|Time left: 300 sec this turn | 300 sec total\n|\n|t:|1783561866\n|move|p2a: Brambleghast|Strength Sap|p1a: Dragalge\n|-unboost|p1a: Dragalge|atk|1\n|-heal|p2a: Brambleghast|82/100\n|move|p1a: Dragalge|Sludge Wave|p2a: Brambleghast\n|-damage|p2a: Brambleghast|16/100\n|\n|-heal|p1a: Dragalge|154/258|[from] item: Leftovers\n|upkeep\n|turn|13\n|inactive|Time left: 300 sec this turn | 300 sec total\n|\n|t:|1783561867\n|move|p2a: Brambleghast|Poltergeist|p1a: Dragalge\n|-activate|p1a: Dragalge|move: Poltergeist|Leftovers\n|-damage|p1a: Dragalge|27/258\n|move|p1a: Dragalge|Sludge Wave|p2a: Brambleghast\n|-damage|p2a: Brambleghast|0 fnt\n|faint|p2a: Brambleghast\n|\n|-heal|p1a: Dragalge|43/258|[from] item: Leftovers\n|upkeep\n|\n|t:|1783561868\n|switch|p2a: Stantler|Stantler, L92, F|100/100\n|-ability|p2a: Stantler|Intimidate|boost\n|-unboost|p1a: Dragalge|atk|1\n|turn|14\n|inactive|Time left: 300 sec this turn | 300 sec total\n|\n|t:|1783561869\n|move|p2a: Stantler|Calm Mind|p2a: Stantler\n|-boost|p2a: Stantler|spa|1\n|-boost|p2a: Stantler|spd|1\n|move|p1a: Dragalge|Sludge Wave|p2a: Stantler\n|-damage|p2a: Stantler|75/100\n|\n|-heal|p1a: Dragalge|59/258|[from] item: Leftovers\n|upkeep\n|turn|15\n|inactive|Time left: 300 sec this turn | 300 sec total\n|\n|t:|1783561870\n|switch|p1a: Crawdaunt|Crawdaunt, L84, F|243/243\n|move|p2a: Stantler|Tera Blast|p1a: Crawdaunt\n|-damage|p1a: Crawdaunt|54/243\n|\n|upkeep\n|turn|16\n|inactive|Time left: 300 sec this turn | 300 sec total\n|\n|t:|1783561871\n|move|p1a: Crawdaunt|Aqua Jet|p2a: Stantler\n|-damage|p2a: Stantler|51/100\n|-damage|p1a: Crawdaunt|30/243|[from] item: Life Orb\n|move|p2a: Stantler|Earth Power|p1a: Crawdaunt\n|-damage|p1a: Crawdaunt|0 fnt\n|faint|p1a: Crawdaunt\n|\n|upkeep\n|inactive|Time left: 300 sec this turn | 300 sec total | 5 sec grace\n|\n|t:|1783561872\n|switch|p1a: Raging Bolt|Raging Bolt, L78|323/323\n|turn|17\n|inactive|Time left: 300 sec this turn | 300 sec total\n|\n|t:|1783561873\n|move|p2a: Stantler|Calm Mind|p2a: Stantler\n|-boost|p2a: Stantler|spa|1\n|-boost|p2a: Stantler|spd|1\n|move|p1a: Raging Bolt|Thunderbolt|p2a: Stantler\n|-damage|p2a: Stantler|35/100\n|\n|upkeep\n|turn|18\n|inactive|Time left: 300 sec this turn | 300 sec total\n|\n|t:|1783561874\n|move|p2a: Stantler|Earth Power|p1a: Raging Bolt\n|-supereffective|p1a: Raging Bolt\n|-damage|p1a: Raging Bolt|125/323\n|move|p1a: Raging Bolt|Thunderbolt|p2a: Stantler\n|-damage|p2a: Stantler|20/100\n|-status|p2a: Stantler|par\n|\n|upkeep\n|turn|19\n|inactive|Time left: 300 sec this turn | 300 sec total\n|\n|t:|1783561875\n|move|p1a: Raging Bolt|Thunderbolt|p2a: Stantler\n|-damage|p2a: Stantler|4/100 par\n|move|p2a: Stantler|Tera Blast|p1a: Raging Bolt\n|-damage|p1a: Raging Bolt|0 fnt\n|faint|p1a: Raging Bolt\n|-end|p1a: Raging Bolt|Protosynthesis|[silent]\n|\n|upkeep\n|inactive|Time left: 300 sec this turn | 300 sec total | 5 sec grace\n|\n|t:|1783561876\n|switch|p1a: Dragalge|Dragalge, L88, F|59/258\n|turn|20\n|inactive|Time left: 300 sec this turn | 300 sec total\n|\n|t:|1783561877\n|switch|p2a: Archaludon|Archaludon, L78, F|2/100\n|move|p1a: Dragalge|Sludge Wave|p2a: Archaludon\n|-immune|p2a: Archaludon\n|\n|-heal|p1a: Dragalge|75/258|[from] item: Leftovers\n|upkeep\n|turn|21\n|inactive|Time left: 300 sec this turn | 300 sec total\n|\n|t:|1783561878\n|move|p2a: Archaludon|Draco Meteor|p1a: Dragalge|[miss]\n|-miss|p2a: Archaludon|p1a: Dragalge\n|move|p1a: Dragalge|Focus Blast|p2a: Archaludon\n|-supereffective|p2a: Archaludon\n|-damage|p2a: Archaludon|0 fnt\n|faint|p2a: Archaludon\n|\n|-heal|p1a: Dragalge|91/258|[from] item: Leftovers\n|upkeep\n|\n|t:|1783561879\n|switch|p2a: Azumarill|Azumarill, L82, M|100/100\n|turn|22\n|inactive|Time left: 300 sec this turn | 300 sec total\n|\n|t:|1783561880\n|move|p2a: Azumarill|Play Rough|p1a: Dragalge\n|-damage|p1a: Dragalge|0 fnt\n|faint|p1a: Dragalge\n|\n|upkeep\n|inactive|Time left: 300 sec this turn | 300 sec total | 5 sec grace\n|\n|t:|1783561881\n|switch|p1a: Illumise|Illumise, L91, F|266/266\n|turn|23\n|inactive|Time left: 300 sec this turn | 300 sec total\n|\n|t:|1783561882\n|move|p1a: Illumise|Thunder Wave|p2a: Azumarill\n|-status|p2a: Azumarill|par\n|move|p2a: Azumarill|Liquidation|p1a: Illumise\n|-damage|p1a: Illumise|152/266\n|\n|upkeep\n|turn|24\n|inactive|Time left: 300 sec this turn | 300 sec total\n|\n|t:|1783561883\n|move|p1a: Illumise|Roost|p1a: Illumise\n|-heal|p1a: Illumise|266/266\n|-singleturn|p1a: Illumise|move: Roost\n|move|p2a: Azumarill|Liquidation|p1a: Illumise\n|-damage|p1a: Illumise|164/266\n|\n|upkeep\n|turn|25\n|inactive|Time left: 300 sec this turn | 300 sec total\n|\n|t:|1783561884\n|move|p1a: Illumise|Roost|p1a: Illumise\n|-heal|p1a: Illumise|266/266\n|-singleturn|p1a: Illumise|move: Roost\n|cant|p2a: Azumarill|par\n|\n|upkeep\n|turn|26\n|inactive|Time left: 300 sec this turn | 300 sec total\n|\n|t:|1783561885\n|move|p1a: Illumise|Bug Buzz|p2a: Azumarill\n|-resisted|p2a: Azumarill\n|-damage|p2a: Azumarill|84/100 par\n|-unboost|p2a: Azumarill|spd|1\n|move|p2a: Azumarill|Belly Drum|p2a: Azumarill\n|-damage|p2a: Azumarill|34/100 par\n|-setboost|p2a: Azumarill|atk|6|[from] move: Belly Drum\n|-enditem|p2a: Azumarill|Sitrus Berry|[eat]\n|-heal|p2a: Azumarill|59/100 par|[from] item: Sitrus Berry\n|\n|upkeep\n|turn|27\n|inactive|Time left: 300 sec this turn | 300 sec total\n|\n|t:|1783561886\n|switch|p2a: Stantler|Stantler, L92, F|4/100 par\n|-ability|p2a: Stantler|Intimidate|boost\n|-unboost|p1a: Illumise|atk|1\n|move|p1a: Illumise|Encore||[still]\n|-fail|p1a: Illumise\n|\n|upkeep\n|turn|28\n|inactive|Time left: 300 sec this turn | 300 sec total\n|\n|t:|1783561887\n|switch|p2a: Lanturn|Lanturn, L89, M|100/100\n|move|p1a: Illumise|Bug Buzz|p2a: Lanturn\n|-damage|p2a: Lanturn|76/100\n|\n|-heal|p2a: Lanturn|82/100|[from] item: Leftovers\n|upkeep\n|turn|29\n|inactive|Time left: 300 sec this turn | 300 sec total\n|\n|t:|1783561888\n|move|p1a: Illumise|Bug Buzz|p2a: Lanturn\n|-damage|p2a: Lanturn|56/100\n|move|p2a: Lanturn|Thunderbolt|p1a: Illumise\n|-damage|p1a: Illumise|190/266\n|\n|-heal|p2a: Lanturn|62/100|[from] item: Leftovers\n|upkeep\n|turn|30\n|inactive|Time left: 300 sec this turn | 300 sec total\n|\n|t:|1783561889\n|move|p1a: Illumise|Bug Buzz|p2a: Lanturn\n|-damage|p2a: Lanturn|35/100\n|move|p2a: Lanturn|Thunderbolt|p1a: Illumise\n|-damage|p1a: Illumise|109/266\n|\n|-heal|p2a: Lanturn|41/100|[from] item: Leftovers\n|upkeep\n|turn|31\n|inactive|Time left: 300 sec this turn | 300 sec total\n|\n|t:|1783561890\n|move|p1a: Illumise|Roost|p1a: Illumise\n|-heal|p1a: Illumise|242/266\n|-singleturn|p1a: Illumise|move: Roost\n|move|p2a: Lanturn|Thunderbolt|p1a: Illumise\n|-damage|p1a: Illumise|152/266\n|\n|-heal|p2a: Lanturn|47/100|[from] item: Leftovers\n|upkeep\n|turn|32\n|inactive|Time left: 300 sec this turn | 300 sec total\n|\n|t:|1783561891\n|move|p1a: Illumise|Roost|p1a: Illumise\n|-heal|p1a: Illumise|266/266\n|-singleturn|p1a: Illumise|move: Roost\n|move|p2a: Lanturn|Thunderbolt|p1a: Illumise\n|-damage|p1a: Illumise|181/266\n|\n|-heal|p2a: Lanturn|53/100|[from] item: Leftovers\n|upkeep\n|turn|33\n|inactive|Time left: 300 sec this turn | 300 sec total\n|\n|t:|1783561892\n|move|p1a: Illumise|Roost|p1a: Illumise\n|-heal|p1a: Illumise|266/266\n|-singleturn|p1a: Illumise|move: Roost\n|move|p2a: Lanturn|Thunderbolt|p1a: Illumise\n|-damage|p1a: Illumise|176/266\n|\n|-heal|p2a: Lanturn|59/100|[from] item: Leftovers\n|upkeep\n|turn|34\n|inactive|Time left: 300 sec this turn | 300 sec total\n|\n|t:|1783561893\n|move|p1a: Illumise|Roost|p1a: Illumise\n|-heal|p1a: Illumise|266/266\n|-singleturn|p1a: Illumise|move: Roost\n|move|p2a: Lanturn|Thunderbolt|p1a: Illumise\n|-damage|p1a: Illumise|181/266\n|\n|-heal|p2a: Lanturn|65/100|[from] item: Leftovers\n|upkeep\n|turn|35\n|inactive|Time left: 300 sec this turn | 300 sec total\n|\n|t:|1783561894\n|move|p1a: Illumise|Roost|p1a: Illumise\n|-heal|p1a: Illumise|266/266\n|-singleturn|p1a: Illumise|move: Roost\n|move|p2a: Lanturn|Thunderbolt|p1a: Illumise\n|-damage|p1a: Illumise|185/266\n|\n|-heal|p2a: Lanturn|71/100|[from] item: Leftovers\n|upkeep\n|turn|36\n|inactive|Time left: 300 sec this turn | 300 sec total\n|\n|t:|1783561895\n|move|p1a: Illumise|Roost|p1a: Illumise\n|-heal|p1a: Illumise|266/266\n|-singleturn|p1a: Illumise|move: Roost\n|move|p2a: Lanturn|Thunderbolt|p1a: Illumise\n|-damage|p1a: Illumise|188/266\n|\n|-heal|p2a: Lanturn|77/100|[from] item: Leftovers\n|upkeep\n|turn|37\n|inactive|Time left: 300 sec this turn | 300 sec total\n|\n|t:|1783561896\n|move|p1a: Illumise|Bug Buzz|p2a: Lanturn\n|-damage|p2a: Lanturn|53/100\n|move|p2a: Lanturn|Thunderbolt|p1a: Illumise\n|-damage|p1a: Illumise|101/266\n|\n|-heal|p2a: Lanturn|59/100|[from] item: Leftovers\n|upkeep\n|turn|38\n|inactive|Time left: 300 sec this turn | 300 sec total\n|\n|t:|1783561897\n|move|p1a: Illumise|Bug Buzz|p2a: Lanturn\n|-damage|p2a: Lanturn|33/100\n|move|p2a: Lanturn|Thunderbolt|p1a: Illumise\n|-crit|p1a: Illumise\n|-damage|p1a: Illumise|0 fnt\n|faint|p1a: Illumise\n|\n|win|p0y1953441e", "uploadtime": 1783561897, "views": 0, "rating": 0, "private": 0, "password": null, "_winner": "p0y1953441e", "_our_name": "p0x19538526"}