{"id": "battle-gen9randombattle-612", "formatid": "gen9randombattle", "format": "[Gen 9] Random Battle", "players": ["p0x612006b", "p0y61282c5"], "log": "|init|battle\n|title|p0x612006b vs. p0y61282c5\n|j|\u2606p0x612006b\n|j|\u2606p0y61282c5\n|t:|1783546201\n|gametype|singles\n|player|p1|p0x612006b|102|\n|player|p2|p0y61282c5|265|\n|gen|9\n|tier|[Gen 9] Random Battle\n|rule|Species Clause: Limit one of each Pok\u00e9mon\n|rule|HP Percentage Mod: HP is shown in percentages\n|rule|Sleep Clause Mod: Limit one foe put to sleep\n|rule|Illusion Level Mod: Illusion disguises the Pok\u00e9mon's true level\n|\n|t:|1783546201\n|teamsize|p1|6\n|teamsize|p2|6\n|start\n|switch|p1a: Necrozma|Necrozma, L80|286/286\n|switch|p2a: Exeggutor|Exeggutor, L89, M|100/100\n|turn|1\n|inactive|Battle timer is ON: inactive players will automatically lose when time's up. (requested by p0y61282c5)\n|inactive|Time left: 300 sec this turn | 300 sec total | 60 sec grace\n|inactive|p0x612006b also wants the timer to be on.\n|\n|t:|1783546202\n|move|p1a: Necrozma|Dragon Dance|p1a: Necrozma\n|-boost|p1a: Necrozma|atk|1\n|-boost|p1a: Necrozma|spe|1\n|move|p2a: Exeggutor|Calm Mind|p2a: Exeggutor\n|-boost|p2a: Exeggutor|spa|1\n|-boost|p2a: Exeggutor|spd|1\n|\n|upkeep\n|turn|2\n|inactive|Time left: 300 sec this turn | 300 sec total\n|\n|t:|1783546204\n|-terastallize|p1a: Necrozma|Dark\n|move|p1a: Necrozma|Knock Off|p2a: Exeggutor\n|-supereffective|p2a: Exeggutor\n|-damage|p2a: Exeggutor|12/100\n|-enditem|p2a: Exeggutor|Sitrus Berry|[from] move: Knock Off|[of] p1a: Necrozma\n|move|p2a: Exeggutor|Giga Drain|p1a: Necrozma\n|-damage|p1a: Necrozma|132/286\n|-heal|p2a: Exeggutor|37/100|[from] drain|[of] p1a: Necrozma\n|\n|upkeep\n|turn|3\n|inactive|Time left: 300 sec this turn | 300 sec total\n|\n|t:|1783546205\n|-terastallize|p2a: Exeggutor|Steel\n|move|p1a: Necrozma|Knock Off|p2a: Exeggutor\n|-damage|p2a: Exeggutor|2/100\n|move|p2a: Exeggutor|Giga Drain|p1a: Necrozma\n|-damage|p1a: Necrozma|0 fnt\n|-heal|p2a: Exeggutor|23/100|[from] drain|[of] p1a: Necrozma\n|faint|p1a: Necrozma\n|\n|upkeep\n|inactive|Time left: 300 sec this turn | 300 sec total | 5 sec grace\n|\n|t:|1783546206\n|switch|p1a: Mabosstiff|Mabosstiff, L86, F|278/278\n|turn|4\n|inactive|Time left: 300 sec this turn | 300 sec total\n|\n|t:|1783546207\n|move|p1a: Mabosstiff|Crunch|p2a: Exeggutor\n|-damage|p2a: Exeggutor|0 fnt\n|faint|p2a: Exeggutor\n|\n|upkeep\n|\n|t:|1783546208\n|switch|p2a: Blaziken|Blaziken, L76, M|100/100\n|turn|5\n|inactive|Time left: 300 sec this turn | 300 sec total\n|\n|t:|1783546209\n|switch|p1a: Hippowdon|Hippowdon, L82, M|311/311\n|-weather|Sandstorm|[from] ability: Sand Stream|[of] p1a: Hippowdon\n|move|p2a: Blaziken|Swords Dance|p2a: Blaziken\n|-boost|p2a: Blaziken|atk|2\n|\n|-weather|Sandstorm|[upkeep]\n|-damage|p2a: Blaziken|94/100|[from] Sandstorm\n|-ability|p2a: Blaziken|Speed Boost|boost\n|-boost|p2a: Blaziken|spe|1\n|upkeep\n|turn|6\n|inactive|Time left: 300 sec this turn | 300 sec total\n|\n|t:|1783546210\n|move|p2a: Blaziken|Close Combat|p1a: Hippowdon\n|-damage|p1a: Hippowdon|54/311\n|-unboost|p2a: Blaziken|def|1\n|-unboost|p2a: Blaziken|spd|1\n|-damage|p2a: Blaziken|78/100|[from] item: Rocky Helmet|[of] p1a: Hippowdon\n|-damage|p2a: Blaziken|68/100|[from] item: Life Orb\n|move|p1a: Hippowdon|Earthquake|p2a: Blaziken\n|-supereffective|p2a: Blaziken\n|-damage|p2a: Blaziken|0 fnt\n|faint|p2a: Blaziken\n|\n|-weather|Sandstorm|[upkeep]\n|upkeep\n|\n|t:|1783546211\n|switch|p2a: Whiscash|Whiscash, L88, M|100/100\n|turn|7\n|inactive|Time left: 300 sec this turn | 300 sec total\n|\n|t:|1783546212\n|switch|p1a: Uxie|Uxie, L83|260/260\n|move|p2a: Whiscash|Earthquake|p1a: Uxie\n|-immune|p1a: Uxie|[from] ability: Levitate\n|\n|-weather|Sandstorm|[upkeep]\n|-damage|p1a: Uxie|244/260|[from] Sandstorm\n|-heal|p1a: Uxie|260/260|[from] item: Leftovers\n|upkeep\n|turn|8\n|inactive|Time left: 300 sec this turn | 300 sec total\n|\n|t:|1783546213\n|move|p1a: Uxie|Stealth Rock|p2a: Whiscash\n|-sidestart|p2: p0y61282c5|move: Stealth Rock\n|move|p2a: Whiscash|Spikes|p1a: Uxie\n|-sidestart|p1: p0x612006b|Spikes\n|\n|-weather|Sandstorm|[upkeep]\n|-damage|p1a: Uxie|244/260|[from] Sandstorm\n|-heal|p1a: Uxie|260/260|[from] item: Leftovers\n|upkeep\n|turn|9\n|inactive|Time left: 300 sec this turn | 300 sec total\n|\n|t:|1783546213\n|move|p1a: Uxie|Psychic Noise|p2a: Whiscash\n|-damage|p2a: Whiscash|77/100\n|-start|p2a: Whiscash|move: Heal Block\n|move|p2a: Whiscash|Spikes|p1a: Uxie\n|-sidestart|p1: p0x612006b|Spikes\n|\n|-weather|none\n|upkeep\n|turn|10\n|inactive|Time left: 300 sec this turn | 300 sec total\n|\n|t:|1783546214\n|move|p1a: Uxie|Psychic Noise|p2a: Whiscash\n|-damage|p2a: Whiscash|55/100\n|move|p2a: Whiscash|Hydro Pump|p1a: Uxie\n|-damage|p1a: Uxie|176/260\n|\n|-heal|p1a: Uxie|192/260|[from] item: Leftovers\n|-end|p2a: Whiscash|move: Heal Block\n|upkeep\n|turn|11\n|inactive|Time left: 300 sec this turn | 300 sec total\n|\n|t:|1783546215\n|move|p1a: Uxie|Psychic Noise|p2a: Whiscash\n|-damage|p2a: Whiscash|35/100\n|-start|p2a: Whiscash|move: Heal Block\n|move|p2a: Whiscash|Hydro Pump|p1a: Uxie\n|-damage|p1a: Uxie|114/260\n|\n|-heal|p1a: Uxie|130/260|[from] item: Leftovers\n|upkeep\n|turn|12\n|inactive|Time left: 300 sec this turn | 300 sec total\n|\n|t:|1783546217\n|move|p1a: Uxie|Psychic Noise|p2a: Whiscash\n|-damage|p2a: Whiscash|13/100\n|move|p2a: Whiscash|Spikes|p1a: Uxie\n|-sidestart|p1: p0x612006b|Spikes\n|\n|-heal|p1a: Uxie|146/260|[from] item: Leftovers\n|-end|p2a: Whiscash|move: Heal Block\n|upkeep\n|turn|13\n|inactive|Time left: 300 sec this turn | 300 sec total\n|\n|t:|1783546218\n|switch|p2a: Kingambit|Kingambit, L74, F|100/100\n|-damage|p2a: Kingambit|95/100|[from] Stealth Rock\n|-activate|p2a: Kingambit|ability: Supreme Overlord\n|-start|p2a: Kingambit|fallen2|[silent]\n|move|p1a: Uxie|Psychic Noise|p2a: Kingambit\n|-immune|p2a: Kingambit\n|\n|-heal|p1a: Uxie|162/260|[from] item: Leftovers\n|-heal|p2a: Kingambit|100/100|[from] item: Leftovers\n|upkeep\n|turn|14\n|inactive|Time left: 300 sec this turn | 300 sec total\n|\n|t:|1783546219\n|move|p1a: Uxie|Thunder Wave|p2a: Kingambit\n|-status|p2a: Kingambit|par\n|move|p2a: Kingambit|Kowtow Cleave|p1a: Uxie\n|-supereffective|p1a: Uxie\n|-damage|p1a: Uxie|0 fnt\n|faint|p1a: Uxie\n|\n|upkeep\n|inactive|Time left: 300 sec this turn | 300 sec total | 5 sec grace\n|\n|t:|1783546220\n|switch|p1a: Pecharunt|Pecharunt, L77|262/262\n|-damage|p1a: Pecharunt|197/262|[from] Spikes\n|turn|15\n|inactive|Time left: 300 sec this turn | 300 sec total\n|\n|t:|1783546221\n|move|p1a: Pecharunt|Nasty Plot|p1a: Pecharunt\n|-boost|p1a: Pecharunt|spa|2\n|cant|p2a: Kingambit|par\n|\n|-heal|p1a: Pecharunt|213/262|[from] item: Leftovers\n|upkeep\n|turn|16\n|inactive|Time left: 300 sec this turn | 300 sec total\n|\n|t:|1783546222\n|move|p1a: Pecharunt|Shadow Ball|p2a: Kingambit\n|-resisted|p2a: Kingambit\n|-damage|p2a: Kingambit|74/100 par\n|cant|p2a: Kingambit|par\n|\n|-heal|p1a: Pecharunt|229/262|[from] item: Leftovers\n|-heal|p2a: Kingambit|80/100 par|[from] item: Leftovers\n|upkeep\n|turn|17\n|inactive|Time left: 300 sec this turn | 300 sec total\n|\n|t:|1783546223\n|move|p1a: Pecharunt|Shadow Ball|p2a: Kingambit\n|-resisted|p2a: Kingambit\n|-damage|p2a: Kingambit|52/100 par\n|move|p2a: Kingambit|Swords Dance|p2a: Kingambit\n|-boost|p2a: Kingambit|atk|2\n|\n|-heal|p1a: Pecharunt|245/262|[from] item: Leftovers\n|-heal|p2a: Kingambit|58/100 par|[from] item: Leftovers\n|upkeep\n|turn|18\n|inactive|Time left: 300 sec this turn | 300 sec total\n|\n|t:|1783546224\n|move|p1a: Pecharunt|Shadow Ball|p2a: Kingambit\n|-resisted|p2a: Kingambit\n|-crit|p2a: Kingambit\n|-damage|p2a: Kingambit|16/100 par\n|move|p2a: Kingambit|Kowtow Cleave|p1a: Pecharunt\n|-supereffective|p1a: Pecharunt\n|-damage|p1a: Pecharunt|0 fnt\n|faint|p1a: Pecharunt\n|\n|-heal|p2a: Kingambit|22/100 par|[from] item: Leftovers\n|upkeep\n|inactive|Time left: 300 sec this turn | 300 sec total | 5 sec grace\n|\n|t:|1783546225\n|switch|p1a: Klefki|Klefki, L84, F|233/233\n|-damage|p1a: Klefki|175/233|[from] Spikes\n|turn|19\n|inactive|Time left: 300 sec this turn | 300 sec total\n|\n|t:|1783546226\n|move|p1a: Klefki|Foul Play|p2a: Kingambit\n|-resisted|p2a: Kingambit\n|-damage|p2a: Kingambit|0 fnt\n|faint|p2a: Kingambit\n|-end|p2a: Kingambit|fallen2|[silent]\n|\n|-heal|p1a: Klefki|189/233|[from] item: Leftovers\n|upkeep\n|\n|t:|1783546227\n|switch|p2a: Excadrill|Excadrill, L79, M|100/100\n|-damage|p2a: Excadrill|98/100|[from] Stealth Rock\n|-ability|p2a: Excadrill|Mold Breaker\n|turn|20\n|inactive|Time left: 300 sec this turn | 300 sec total\n|\n|t:|1783546228\n|switch|p1a: Hippowdon|Hippowdon, L82, M|54/311\n|-damage|p1a: Hippowdon|0 fnt|[from] Spikes\n|faint|p1a: Hippowdon\n|move|p2a: Excadrill|Earthquake|p1: Hippowdon|[notarget]\n|-fail|p2a: Excadrill\n|\n|upkeep\n|inactive|Time left: 300 sec this turn | 300 sec total | 5 sec grace\n|\n|t:|1783546229\n|switch|p1a: Mabosstiff|Mabosstiff, L86, F|278/278\n|-damage|p1a: Mabosstiff|209/278|[from] Spikes\n|turn|21\n|inactive|Time left: 300 sec this turn | 300 sec total\n|\n|t:|1783546230\n|switch|p2a: Mightyena|Mightyena, L96, F|100/100\n|-damage|p2a: Mightyena|88/100|[from] Stealth Rock\n|-ability|p2a: Mightyena|Intimidate|boost\n|-unboost|p1a: Mabosstiff|atk|1\n|move|p1a: Mabosstiff|Crunch|p2a: Mightyena\n|-resisted|p2a: Mightyena\n|-damage|p2a: Mightyena|64/100\n|\n|upkeep\n|turn|22\n|inactive|Time left: 300 sec this turn | 300 sec total\n|\n|t:|1783546231\n|switch|p1a: Klefki|Klefki, L84, F|189/233\n|-damage|p1a: Klefki|131/233|[from] Spikes\n|move|p2a: Mightyena|Super Fang|p1a: Klefki\n|-damage|p1a: Klefki|66/233\n|\n|-heal|p1a: Klefki|80/233|[from] item: Leftovers\n|upkeep\n|turn|23\n|inactive|Time left: 300 sec this turn | 300 sec total\n|\n|t:|1783546232\n|switch|p2a: Excadrill|Excadrill, L79, M|98/100\n|-damage|p2a: Excadrill|95/100|[from] Stealth Rock\n|-ability|p2a: Excadrill|Mold Breaker\n|move|p1a: Klefki|Dazzling Gleam|p2a: Excadrill\n|-resisted|p2a: Excadrill\n|-damage|p2a: Excadrill|85/100\n|\n|-heal|p1a: Klefki|94/233|[from] item: Leftovers\n|upkeep\n|turn|24\n|inactive|Time left: 300 sec this turn | 300 sec total\n|\n|t:|1783546234\n|move|p1a: Klefki|Thunder Wave|p2a: Excadrill\n|-immune|p2a: Excadrill\n|move|p2a: Excadrill|Earthquake|p1a: Klefki\n|-supereffective|p1a: Klefki\n|-crit|p1a: Klefki\n|-damage|p1a: Klefki|0 fnt\n|faint|p1a: Klefki\n|\n|upkeep\n|inactive|Time left: 300 sec this turn | 300 sec total | 5 sec grace\n|\n|t:|1783546235\n|switch|p1a: Mabosstiff|Mabosstiff, L86, F|209/278\n|-damage|p1a: Mabosstiff|140/278|[from] Spikes\n|turn|25\n|inactive|Time left: 300 sec this turn | 300 sec total\n|\n|t:|1783546236\n|move|p1a: Mabosstiff|Crunch|p2a: Excadrill\n|-damage|p2a: Excadrill|39/100\n|move|p2a: Excadrill|Earthquake|p1a: Mabosstiff\n|-damage|p1a: Mabosstiff|23/278\n|\n|upkeep\n|turn|26\n|inactive|Time left: 300 sec this turn | 300 sec total\n|\n|t:|1783546237\n|switch|p2a: Whiscash|Whiscash, L88, M|13/100\n|-damage|p2a: Whiscash|7/100|[from] Stealth Rock\n|move|p1a: Mabosstiff|Crunch|p2a: Whiscash\n|-damage|p2a: Whiscash|0 fnt\n|faint|p2a: Whiscash\n|\n|upkeep\n|\n|t:|1783546238\n|switch|p2a: Excadrill|Excadrill, L79, M|39/100\n|-damage|p2a: Excadrill|36/100|[from] Stealth Rock\n|-ability|p2a: Excadrill|Mold Breaker\n|turn|27\n|inactive|Time left: 300 sec this turn | 300 sec total\n|\n|t:|1783546239\n|move|p1a: Mabosstiff|Crunch|p2a: Excadrill\n|-damage|p2a: Excadrill|0 fnt\n|faint|p2a: Excadrill\n|\n|upkeep\n|\n|t:|1783546240\n|switch|p2a: Mightyena|Mightyena, L96, F|64/100\n|-damage|p2a: Mightyena|51/100|[from] Stealth Rock\n|-ability|p2a: Mightyena|Intimidate|boost\n|-unboost|p1a: Mabosstiff|atk|1\n|turn|28\n|inactive|Time left: 300 sec this turn | 300 sec total\n|\n|t:|1783546241\n|move|p1a: Mabosstiff|Crunch|p2a: Mightyena\n|-resisted|p2a: Mightyena\n|-damage|p2a: Mightyena|38/100\n|-unboost|p2a: Mightyena|def|1\n|move|p2a: Mightyena|Crunch|p1a: Mabosstiff\n|-resisted|p1a: Mabosstiff\n|-damage|p1a: Mabosstiff|0 fnt\n|faint|p1a: Mabosstiff\n|\n|win|p0y61282c5", "uploadtime": 1783546241, "views": 0, "rating": 0, "private": 0, "password": null, "_winner": "p0y61282c5", "_our_name": "p0x612006b"}