{"id": "battle-gen9randombattle-2621", "formatid": "gen9randombattle", "format": "[Gen 9] Random Battle", "players": ["p0x2621e263", "p0y2621f5b7"], "log": "|init|battle\n|title|p0x2621e263 vs. p0y2621f5b7\n|j|\u2606p0x2621e263\n|j|\u2606p0y2621f5b7\n|t:|1783570262\n|gametype|singles\n|player|p1|p0x2621e263|266|\n|player|p2|p0y2621f5b7|266|\n|gen|9\n|tier|[Gen 9] Random Battle\n|rule|Species Clause: Limit one of each Pok\u00e9mon\n|rule|HP Percentage Mod: HP is shown in percentages\n|rule|Sleep Clause Mod: Limit one foe put to sleep\n|rule|Illusion Level Mod: Illusion disguises the Pok\u00e9mon's true level\n|\n|t:|1783570262\n|teamsize|p1|6\n|teamsize|p2|6\n|start\n|switch|p1a: Smeargle|Smeargle, L95, F|258/258\n|switch|p2a: Camerupt|Camerupt, L91, F|100/100\n|turn|1\n|inactive|Battle timer is ON: inactive players will automatically lose when time's up. (requested by p0x2621e263)\n|inactive|p0y2621f5b7 also wants the timer to be on.\n|\n|t:|1783570264\n|move|p1a: Smeargle|Sticky Web|p2a: Camerupt\n|-sidestart|p2: p0y2621f5b7|move: Sticky Web\n|move|p2a: Camerupt|Earthquake|p1a: Smeargle\n|-damage|p1a: Smeargle|38/258\n|\n|upkeep\n|turn|2\n|inactive|Time left: 300 sec this turn | 300 sec total\n|\n|t:|1783570265\n|move|p1a: Smeargle|Spore|p2a: Camerupt\n|-status|p2a: Camerupt|slp|[from] move: Spore\n|cant|p2a: Camerupt|slp\n|\n|upkeep\n|turn|3\n|inactive|Time left: 300 sec this turn | 300 sec total\n|\n|t:|1783570266\n|move|p1a: Smeargle|Ceaseless Edge|p2a: Camerupt\n|-damage|p2a: Camerupt|91/100 slp\n|-sidestart|p2: p0y2621f5b7|Spikes\n|-curestatus|p2a: Camerupt|slp|[msg]\n|move|p2a: Camerupt|Stealth Rock|p1a: Smeargle\n|-sidestart|p1: p0x2621e263|move: Stealth Rock\n|\n|-heal|p2a: Camerupt|98/100|[from] item: Leftovers\n|upkeep\n|turn|4\n|inactive|Time left: 300 sec this turn | 300 sec total\n|\n|t:|1783570267\n|move|p1a: Smeargle|Ceaseless Edge|p2a: Camerupt\n|-damage|p2a: Camerupt|89/100\n|-sidestart|p2: p0y2621f5b7|Spikes\n|move|p2a: Camerupt|Earthquake|p1a: Smeargle\n|-damage|p1a: Smeargle|0 fnt\n|faint|p1a: Smeargle\n|\n|-heal|p2a: Camerupt|95/100|[from] item: Leftovers\n|upkeep\n|inactive|Time left: 300 sec this turn | 300 sec total | 5 sec grace\n|\n|t:|1783570268\n|switch|p1a: Komala|Komala, L87, M|255/255\n|-damage|p1a: Komala|224/255|[from] Stealth Rock\n|-ability|p1a: Komala|Comatose\n|turn|5\n|inactive|Time left: 300 sec this turn | 300 sec total\n|\n|t:|1783570269\n|move|p1a: Komala|Rapid Spin|p2a: Camerupt\n|-damage|p2a: Camerupt|68/100\n|-boost|p1a: Komala|spe|1\n|-sideend|p1: p0x2621e263|Stealth Rock|[from] move: Rapid Spin|[of] p1a: Komala\n|move|p2a: Camerupt|Earthquake|p1a: Komala\n|-damage|p1a: Komala|61/255\n|\n|-heal|p2a: Camerupt|74/100|[from] item: Leftovers\n|upkeep\n|turn|6\n|inactive|Time left: 300 sec this turn | 300 sec total\n|\n|t:|1783570270\n|move|p1a: Komala|Body Slam|p2a: Camerupt\n|-damage|p2a: Camerupt|29/100\n|move|p2a: Camerupt|Earthquake|p1a: Komala\n|-damage|p1a: Komala|0 fnt\n|faint|p1a: Komala\n|\n|-heal|p2a: Camerupt|35/100|[from] item: Leftovers\n|upkeep\n|inactive|Time left: 300 sec this turn | 300 sec total | 5 sec grace\n|\n|t:|1783570271\n|switch|p1a: Drednaw|Drednaw, L81, M|278/278\n|turn|7\n|inactive|Time left: 300 sec this turn | 300 sec total\n|\n|t:|1783570272\n|move|p1a: Drednaw|Shell Smash|p1a: Drednaw\n|-unboost|p1a: Drednaw|def|1\n|-unboost|p1a: Drednaw|spd|1\n|-boost|p1a: Drednaw|atk|2\n|-boost|p1a: Drednaw|spa|2\n|-boost|p1a: Drednaw|spe|2\n|-enditem|p1a: Drednaw|White Herb\n|-clearnegativeboost|p1a: Drednaw|[silent]\n|move|p2a: Camerupt|Earthquake|p1a: Drednaw\n|-supereffective|p1a: Drednaw\n|-damage|p1a: Drednaw|14/278\n|\n|-heal|p2a: Camerupt|41/100|[from] item: Leftovers\n|upkeep\n|turn|8\n|inactive|Time left: 300 sec this turn | 300 sec total\n|\n|t:|1783570273\n|move|p1a: Drednaw|Crunch|p2a: Camerupt\n|-damage|p2a: Camerupt|0 fnt\n|faint|p2a: Camerupt\n|\n|upkeep\n|\n|t:|1783570274\n|switch|p2a: Crawdaunt|Crawdaunt, L84, M|100/100\n|-activate|p2a: Crawdaunt|move: Sticky Web\n|-unboost|p2a: Crawdaunt|spe|1\n|-damage|p2a: Crawdaunt|84/100|[from] Spikes\n|turn|9\n|inactive|Time left: 300 sec this turn | 300 sec total\n|\n|t:|1783570275\n|move|p2a: Crawdaunt|Aqua Jet|p1a: Drednaw\n|-damage|p1a: Drednaw|0 fnt\n|faint|p1a: Drednaw\n|\n|upkeep\n|inactive|Time left: 300 sec this turn | 300 sec total | 5 sec grace\n|\n|t:|1783570276\n|switch|p1a: Torkoal|Torkoal, L88, F|266/266\n|-weather|SunnyDay|[from] ability: Drought|[of] p1a: Torkoal\n|turn|10\n|inactive|Time left: 300 sec this turn | 300 sec total\n|\n|t:|1783570277\n|switch|p2a: Rabsca|Rabsca, L91, F|100/100\n|move|p1a: Torkoal|Lava Plume|p2a: Rabsca\n|-supereffective|p2a: Rabsca\n|-damage|p2a: Rabsca|31/100\n|-status|p2a: Rabsca|brn\n|-activate|p2a: Rabsca|ability: Synchronize\n|-immune|p1a: Torkoal\n|\n|-weather|SunnyDay|[upkeep]\n|-damage|p2a: Rabsca|25/100 brn|[from] brn\n|upkeep\n|turn|11\n|inactive|Time left: 300 sec this turn | 300 sec total\n|\n|t:|1783570278\n|move|p2a: Rabsca|Earth Power|p1a: Torkoal\n|-supereffective|p1a: Torkoal\n|-damage|p1a: Torkoal|86/266\n|move|p1a: Torkoal|Lava Plume|p2a: Rabsca\n|-supereffective|p2a: Rabsca\n|-damage|p2a: Rabsca|0 fnt\n|faint|p2a: Rabsca\n|\n|-weather|SunnyDay|[upkeep]\n|upkeep\n|\n|t:|1783570279\n|switch|p2a: Crawdaunt|Crawdaunt, L84, M|84/100\n|-activate|p2a: Crawdaunt|move: Sticky Web\n|-unboost|p2a: Crawdaunt|spe|1\n|-damage|p2a: Crawdaunt|68/100|[from] Spikes\n|turn|12\n|inactive|Time left: 300 sec this turn | 300 sec total\n|\n|t:|1783570280\n|switch|p1a: Scream Tail|Scream Tail, L84|330/330\n|-activate|p1a: Scream Tail|ability: Protosynthesis\n|-start|p1a: Scream Tail|protosynthesisspd\n|move|p2a: Crawdaunt|Knock Off|p1a: Scream Tail\n|-damage|p1a: Scream Tail|110/330\n|-enditem|p1a: Scream Tail|Leftovers|[from] move: Knock Off|[of] p2a: Crawdaunt\n|\n|-weather|SunnyDay|[upkeep]\n|upkeep\n|turn|13\n|inactive|Time left: 300 sec this turn | 300 sec total\n|\n|t:|1783570281\n|move|p1a: Scream Tail|Dazzling Gleam|p2a: Crawdaunt\n|-supereffective|p2a: Crawdaunt\n|-damage|p2a: Crawdaunt|0 fnt\n|faint|p2a: Crawdaunt\n|\n|-weather|SunnyDay|[upkeep]\n|upkeep\n|\n|t:|1783570282\n|switch|p2a: Girafarig|Girafarig, L89, M|100/100\n|-activate|p2a: Girafarig|move: Sticky Web\n|-unboost|p2a: Girafarig|spe|1\n|-damage|p2a: Girafarig|84/100|[from] Spikes\n|turn|14\n|inactive|Time left: 300 sec this turn | 300 sec total\n|\n|t:|1783570283\n|move|p1a: Scream Tail|Thunder Wave|p2a: Girafarig|[miss]\n|-miss|p1a: Scream Tail|p2a: Girafarig\n|move|p2a: Girafarig|Nasty Plot|p2a: Girafarig\n|-boost|p2a: Girafarig|spa|2\n|\n|-weather|none\n|-end|p1a: Scream Tail|Protosynthesis\n|upkeep\n|turn|15\n|inactive|Time left: 300 sec this turn | 300 sec total\n|\n|t:|1783570284\n|move|p1a: Scream Tail|Protect|p1a: Scream Tail\n|-singleturn|p1a: Scream Tail|Protect\n|move|p2a: Girafarig|Hyper Voice|p1a: Scream Tail\n|-activate|p1a: Scream Tail|move: Protect\n|\n|upkeep\n|turn|16\n|inactive|Time left: 300 sec this turn | 300 sec total\n|\n|t:|1783570285\n|move|p1a: Scream Tail|Thunder Wave|p2a: Girafarig|[miss]\n|-miss|p1a: Scream Tail|p2a: Girafarig\n|move|p2a: Girafarig|Hyper Voice|p1a: Scream Tail\n|-damage|p1a: Scream Tail|0 fnt\n|faint|p1a: Scream Tail\n|-end|p1a: Scream Tail|Protosynthesis|[silent]\n|\n|upkeep\n|inactive|Time left: 300 sec this turn | 300 sec total | 5 sec grace\n|\n|t:|1783570286\n|switch|p1a: Alomomola|Alomomola, L87, F|429/429\n|turn|17\n|inactive|Time left: 300 sec this turn | 300 sec total\n|\n|t:|1783570287\n|move|p1a: Alomomola|Protect|p1a: Alomomola\n|-singleturn|p1a: Alomomola|Protect\n|move|p2a: Girafarig|Thunderbolt|p1a: Alomomola\n|-activate|p1a: Alomomola|move: Protect\n|\n|upkeep\n|turn|18\n|inactive|Time left: 300 sec this turn | 300 sec total\n|\n|t:|1783570288\n|-terastallize|p1a: Alomomola|Steel\n|move|p1a: Alomomola|Wish|p1a: Alomomola\n|move|p2a: Girafarig|Thunderbolt|p1a: Alomomola\n|-damage|p1a: Alomomola|235/429\n|\n|-heal|p1a: Alomomola|261/429|[from] item: Leftovers\n|upkeep\n|turn|19\n|inactive|Time left: 300 sec this turn | 300 sec total\n|\n|t:|1783570289\n|move|p1a: Alomomola|Protect|p1a: Alomomola\n|-singleturn|p1a: Alomomola|Protect\n|move|p2a: Girafarig|Nasty Plot|p2a: Girafarig\n|-boost|p2a: Girafarig|spa|2\n|\n|-heal|p1a: Alomomola|429/429|[from] move: Wish|[wisher] Alomomola\n|upkeep\n|turn|20\n|inactive|Time left: 300 sec this turn | 300 sec total\n|\n|t:|1783570290\n|-terastallize|p2a: Girafarig|Electric\n|move|p1a: Alomomola|Wish|p1a: Alomomola\n|move|p2a: Girafarig|Thunderbolt|p1a: Alomomola\n|-damage|p1a: Alomomola|0 fnt\n|faint|p1a: Alomomola\n|\n|upkeep\n|inactive|Time left: 300 sec this turn | 300 sec total | 5 sec grace\n|\n|t:|1783570291\n|switch|p1a: Torkoal|Torkoal, L88, F|86/266\n|-weather|SunnyDay|[from] ability: Drought|[of] p1a: Torkoal\n|turn|21\n|inactive|Time left: 300 sec this turn | 300 sec total\n|\n|t:|1783570292\n|move|p2a: Girafarig|Thunderbolt|p1a: Torkoal\n|-damage|p1a: Torkoal|0 fnt\n|faint|p1a: Torkoal\n|\n|win|p0y2621f5b7", "uploadtime": 1783570292, "views": 0, "rating": 0, "private": 0, "password": null, "_winner": "p0y2621f5b7", "_our_name": "p0x2621e263"}