{"id": "battle-gen9randombattle-2469", "formatid": "gen9randombattle", "format": "[Gen 9] Random Battle", "players": ["p0x2469120b", "p0y246965c3"], "log": "|init|battle\n|title|p0x2469120b vs. p0y246965c3\n|j|\u2606p0x2469120b\n|j|\u2606p0y246965c3\n|t:|1783567662\n|gametype|singles\n|player|p1|p0x2469120b|266|\n|player|p2|p0y246965c3|2|\n|gen|9\n|tier|[Gen 9] Random Battle\n|rule|Species Clause: Limit one of each Pok\u00e9mon\n|rule|HP Percentage Mod: HP is shown in percentages\n|rule|Sleep Clause Mod: Limit one foe put to sleep\n|rule|Illusion Level Mod: Illusion disguises the Pok\u00e9mon's true level\n|\n|t:|1783567662\n|teamsize|p1|6\n|teamsize|p2|6\n|start\n|switch|p1a: Zarude|Zarude, L77|100/100\n|switch|p2a: Kingdra|Kingdra, L84, F|263/263\n|turn|1\n|inactive|Battle timer is ON: inactive players will automatically lose when time's up. (requested by p0x2469120b)\n|inactive|Time left: 300 sec this turn | 300 sec total | 60 sec grace\n|inactive|p0y246965c3 also wants the timer to be on.\n|\n|t:|1783567663\n|move|p1a: Zarude|Swords Dance|p1a: Zarude\n|-boost|p1a: Zarude|atk|2\n|move|p2a: Kingdra|Hurricane|p1a: Zarude\n|-supereffective|p1a: Zarude\n|-damage|p1a: Zarude|29/100\n|-damage|p2a: Kingdra|237/263|[from] item: Life Orb\n|\n|-heal|p1a: Zarude|36/100|[from] item: Leftovers\n|upkeep\n|turn|2\n|inactive|Time left: 300 sec this turn | 300 sec total\n|\n|t:|1783567664\n|switch|p2a: Kommo-o|Kommo-o, L77, M|242/242\n|move|p1a: Zarude|Power Whip|p2a: Kommo-o|[miss]\n|-miss|p1a: Zarude|p2a: Kommo-o\n|\n|-heal|p1a: Zarude|42/100|[from] item: Leftovers\n|upkeep\n|turn|3\n|inactive|Time left: 300 sec this turn | 300 sec total\n|\n|t:|1783567665\n|move|p1a: Zarude|Synthesis|p1a: Zarude\n|-heal|p1a: Zarude|92/100\n|move|p2a: Kommo-o|Clangorous Soul|p2a: Kommo-o\n|-boost|p2a: Kommo-o|atk|1\n|-boost|p2a: Kommo-o|def|1\n|-boost|p2a: Kommo-o|spa|1\n|-boost|p2a: Kommo-o|spd|1\n|-boost|p2a: Kommo-o|spe|1\n|-damage|p2a: Kommo-o|163/242\n|-enditem|p2a: Kommo-o|Throat Spray\n|-boost|p2a: Kommo-o|spa|1|[from] item: Throat Spray\n|\n|-heal|p1a: Zarude|98/100|[from] item: Leftovers\n|upkeep\n|turn|4\n|inactive|Time left: 300 sec this turn | 300 sec total\n|\n|t:|1783567666\n|switch|p1a: Scream Tail|Scream Tail, L84|100/100\n|move|p2a: Kommo-o|Drain Punch|p1a: Scream Tail\n|-resisted|p1a: Scream Tail\n|-damage|p1a: Scream Tail|93/100\n|-heal|p2a: Kommo-o|175/242|[from] drain|[of] p1a: Scream Tail\n|\n|-heal|p1a: Scream Tail|99/100|[from] item: Leftovers\n|upkeep\n|turn|5\n|inactive|Time left: 300 sec this turn | 300 sec total\n|\n|t:|1783567667\n|-terastallize|p2a: Kommo-o|Steel\n|move|p2a: Kommo-o|Clangorous Soul|p2a: Kommo-o\n|-boost|p2a: Kommo-o|atk|1\n|-boost|p2a: Kommo-o|def|1\n|-boost|p2a: Kommo-o|spa|1\n|-boost|p2a: Kommo-o|spd|1\n|-boost|p2a: Kommo-o|spe|1\n|-damage|p2a: Kommo-o|96/242\n|move|p1a: Scream Tail|Encore|p2a: Kommo-o\n|-start|p2a: Kommo-o|Encore\n|\n|-heal|p1a: Scream Tail|100/100|[from] item: Leftovers\n|upkeep\n|turn|6\n|inactive|Time left: 300 sec this turn | 300 sec total\n|\n|t:|1783567667\n|switch|p2a: Minior|Minior-Green, L79|224/224\n|-formechange|p2a: Minior|Minior-Meteor||[from] ability: Shields Down\n|-end|p1a: Scream Tail|Protosynthesis|[silent]\n|switch|p1a: Venomoth|Venomoth, L84, M|100/100\n|\n|upkeep\n|turn|7\n|inactive|Time left: 300 sec this turn | 300 sec total\n|\n|t:|1783567668\n|switch|p1a: Probopass|Probopass, L91, F|100/100\n|move|p2a: Minior|Shell Smash|p2a: Minior\n|-unboost|p2a: Minior|def|1\n|-unboost|p2a: Minior|spd|1\n|-boost|p2a: Minior|atk|2\n|-boost|p2a: Minior|spa|2\n|-boost|p2a: Minior|spe|2\n|-enditem|p2a: Minior|White Herb\n|-clearnegativeboost|p2a: Minior|[silent]\n|\n|upkeep\n|turn|8\n|inactive|Time left: 300 sec this turn | 300 sec total\n|\n|t:|1783567669\n|-terastallize|p1a: Probopass|Fighting\n|move|p2a: Minior|Earthquake|p1a: Probopass\n|-damage|p1a: Probopass|79/100\n|move|p1a: Probopass|Iron Defense|p1a: Probopass\n|-boost|p1a: Probopass|def|2\n|\n|-heal|p1a: Probopass|85/100|[from] item: Leftovers\n|upkeep\n|turn|9\n|inactive|Time left: 300 sec this turn | 300 sec total\n|\n|t:|1783567670\n|move|p2a: Minior|Acrobatics|p1a: Probopass\n|-supereffective|p1a: Probopass\n|-damage|p1a: Probopass|50/100\n|move|p1a: Probopass|Body Press|p2a: Minior\n|-damage|p2a: Minior|0 fnt\n|faint|p2a: Minior\n|\n|-heal|p1a: Probopass|57/100|[from] item: Leftovers\n|upkeep\n|inactive|Time left: 300 sec this turn | 300 sec total | 5 sec grace\n|\n|t:|1783567671\n|switch|p2a: Scream Tail|Scream Tail, L84|330/330\n|turn|10\n|inactive|Time left: 300 sec this turn | 300 sec total\n|\n|t:|1783567672\n|move|p2a: Scream Tail|Play Rough|p1a: Probopass\n|-supereffective|p1a: Probopass\n|-damage|p1a: Probopass|39/100\n|move|p1a: Probopass|Flash Cannon|p2a: Scream Tail\n|-supereffective|p2a: Scream Tail\n|-damage|p2a: Scream Tail|198/330\n|\n|-heal|p2a: Scream Tail|218/330|[from] item: Leftovers\n|-heal|p1a: Probopass|46/100|[from] item: Leftovers\n|upkeep\n|turn|11\n|inactive|Time left: 300 sec this turn | 300 sec total\n|\n|t:|1783567673\n|move|p2a: Scream Tail|Wish|p2a: Scream Tail\n|move|p1a: Probopass|Flash Cannon|p2a: Scream Tail\n|-supereffective|p2a: Scream Tail\n|-damage|p2a: Scream Tail|86/330\n|\n|-heal|p2a: Scream Tail|106/330|[from] item: Leftovers\n|-heal|p1a: Probopass|52/100|[from] item: Leftovers\n|upkeep\n|turn|12\n|inactive|Time left: 300 sec this turn | 300 sec total\n|\n|t:|1783567674\n|move|p2a: Scream Tail|Protect|p2a: Scream Tail\n|-singleturn|p2a: Scream Tail|Protect\n|move|p1a: Probopass|Flash Cannon|p2a: Scream Tail\n|-activate|p2a: Scream Tail|move: Protect\n|\n|-heal|p2a: Scream Tail|271/330|[from] move: Wish|[wisher] Scream Tail\n|-heal|p2a: Scream Tail|291/330|[from] item: Leftovers\n|-heal|p1a: Probopass|58/100|[from] item: Leftovers\n|upkeep\n|turn|13\n|inactive|Time left: 300 sec this turn | 300 sec total\n|\n|t:|1783567675\n|move|p2a: Scream Tail|Wish|p2a: Scream Tail\n|move|p1a: Probopass|Body Press|p2a: Scream Tail\n|-resisted|p2a: Scream Tail\n|-damage|p2a: Scream Tail|226/330\n|\n|-heal|p2a: Scream Tail|246/330|[from] item: Leftovers\n|-heal|p1a: Probopass|64/100|[from] item: Leftovers\n|upkeep\n|turn|14\n|inactive|Time left: 300 sec this turn | 300 sec total\n|\n|t:|1783567676\n|move|p2a: Scream Tail|Encore|p1a: Probopass\n|-start|p1a: Probopass|Encore\n|move|p1a: Probopass|Body Press|p2a: Scream Tail\n|-resisted|p2a: Scream Tail\n|-damage|p2a: Scream Tail|182/330\n|\n|-heal|p2a: Scream Tail|330/330|[from] move: Wish|[wisher] Scream Tail\n|-heal|p1a: Probopass|71/100|[from] item: Leftovers\n|upkeep\n|turn|15\n|inactive|Time left: 300 sec this turn | 300 sec total\n|\n|t:|1783567677\n|move|p2a: Scream Tail|Play Rough|p1a: Probopass\n|-supereffective|p1a: Probopass\n|-damage|p1a: Probopass|53/100\n|move|p1a: Probopass|Body Press|p2a: Scream Tail\n|-resisted|p2a: Scream Tail\n|-damage|p2a: Scream Tail|273/330\n|\n|-heal|p2a: Scream Tail|293/330|[from] item: Leftovers\n|-heal|p1a: Probopass|60/100|[from] item: Leftovers\n|upkeep\n|turn|16\n|inactive|Time left: 300 sec this turn | 300 sec total\n|\n|t:|1783567678\n|move|p2a: Scream Tail|Wish|p2a: Scream Tail\n|move|p1a: Probopass|Body Press|p2a: Scream Tail\n|-resisted|p2a: Scream Tail\n|-damage|p2a: Scream Tail|236/330\n|\n|-heal|p2a: Scream Tail|256/330|[from] item: Leftovers\n|-heal|p1a: Probopass|66/100|[from] item: Leftovers\n|-end|p1a: Probopass|Encore\n|upkeep\n|turn|17\n|inactive|Time left: 300 sec this turn | 300 sec total\n|\n|t:|1783567679\n|move|p2a: Scream Tail|Play Rough|p1a: Probopass|[miss]\n|-miss|p2a: Scream Tail|p1a: Probopass\n|move|p1a: Probopass|Body Press|p2a: Scream Tail\n|-resisted|p2a: Scream Tail\n|-damage|p2a: Scream Tail|199/330\n|\n|-heal|p2a: Scream Tail|330/330|[from] move: Wish|[wisher] Scream Tail\n|-heal|p1a: Probopass|72/100|[from] item: Leftovers\n|upkeep\n|turn|18\n|inactive|Time left: 300 sec this turn | 300 sec total\n|\n|t:|1783567680\n|move|p2a: Scream Tail|Play Rough|p1a: Probopass\n|-supereffective|p1a: Probopass\n|-damage|p1a: Probopass|55/100\n|move|p1a: Probopass|Body Press|p2a: Scream Tail\n|-resisted|p2a: Scream Tail\n|-damage|p2a: Scream Tail|264/330\n|\n|-heal|p2a: Scream Tail|284/330|[from] item: Leftovers\n|-heal|p1a: Probopass|61/100|[from] item: Leftovers\n|upkeep\n|turn|19\n|inactive|Time left: 300 sec this turn | 300 sec total\n|\n|t:|1783567681\n|move|p2a: Scream Tail|Play Rough|p1a: Probopass\n|-supereffective|p1a: Probopass\n|-damage|p1a: Probopass|44/100\n|-unboost|p1a: Probopass|atk|1\n|move|p1a: Probopass|Flash Cannon|p2a: Scream Tail\n|-supereffective|p2a: Scream Tail\n|-damage|p2a: Scream Tail|138/330\n|\n|-heal|p2a: Scream Tail|158/330|[from] item: Leftovers\n|-heal|p1a: Probopass|50/100|[from] item: Leftovers\n|upkeep\n|turn|20\n|inactive|Time left: 300 sec this turn | 300 sec total\n|\n|t:|1783567682\n|move|p2a: Scream Tail|Wish|p2a: Scream Tail\n|move|p1a: Probopass|Flash Cannon|p2a: Scream Tail\n|-supereffective|p2a: Scream Tail\n|-damage|p2a: Scream Tail|18/330\n|\n|-heal|p2a: Scream Tail|38/330|[from] item: Leftovers\n|-heal|p1a: Probopass|57/100|[from] item: Leftovers\n|upkeep\n|turn|21\n|inactive|Time left: 300 sec this turn | 300 sec total\n|\n|t:|1783567683\n|move|p2a: Scream Tail|Protect|p2a: Scream Tail\n|-singleturn|p2a: Scream Tail|Protect\n|move|p1a: Probopass|Body Press|p2a: Scream Tail\n|-activate|p2a: Scream Tail|move: Protect\n|\n|-heal|p2a: Scream Tail|203/330|[from] move: Wish|[wisher] Scream Tail\n|-heal|p2a: Scream Tail|223/330|[from] item: Leftovers\n|-heal|p1a: Probopass|63/100|[from] item: Leftovers\n|upkeep\n|turn|22\n|inactive|Time left: 300 sec this turn | 300 sec total\n|\n|t:|1783567684\n|move|p2a: Scream Tail|Wish|p2a: Scream Tail\n|move|p1a: Probopass|Flash Cannon|p2a: Scream Tail\n|-supereffective|p2a: Scream Tail\n|-damage|p2a: Scream Tail|85/330\n|\n|-heal|p2a: Scream Tail|105/330|[from] item: Leftovers\n|-heal|p1a: Probopass|69/100|[from] item: Leftovers\n|upkeep\n|turn|23\n|inactive|Time left: 300 sec this turn | 300 sec total\n|\n|t:|1783567685\n|move|p2a: Scream Tail|Protect|p2a: Scream Tail\n|-singleturn|p2a: Scream Tail|Protect\n|move|p1a: Probopass|Flash Cannon|p2a: Scream Tail\n|-activate|p2a: Scream Tail|move: Protect\n|\n|-heal|p2a: Scream Tail|270/330|[from] move: Wish|[wisher] Scream Tail\n|-heal|p2a: Scream Tail|290/330|[from] item: Leftovers\n|-heal|p1a: Probopass|75/100|[from] item: Leftovers\n|upkeep\n|turn|24\n|inactive|Time left: 300 sec this turn | 300 sec total\n|\n|t:|1783567687\n|move|p2a: Scream Tail|Play Rough|p1a: Probopass\n|-supereffective|p1a: Probopass\n|-crit|p1a: Probopass\n|-damage|p1a: Probopass|22/100\n|-unboost|p1a: Probopass|atk|1\n|move|p1a: Probopass|Body Press|p2a: Scream Tail\n|-resisted|p2a: Scream Tail\n|-damage|p2a: Scream Tail|229/330\n|\n|-heal|p2a: Scream Tail|249/330|[from] item: Leftovers\n|-heal|p1a: Probopass|28/100|[from] item: Leftovers\n|upkeep\n|turn|25\n|inactive|Time left: 300 sec this turn | 300 sec total\n|\n|t:|1783567688\n|move|p2a: Scream Tail|Wish|p2a: Scream Tail\n|move|p1a: Probopass|Flash Cannon|p2a: Scream Tail\n|-supereffective|p2a: Scream Tail\n|-damage|p2a: Scream Tail|115/330\n|\n|-heal|p2a: Scream Tail|135/330|[from] item: Leftovers\n|-heal|p1a: Probopass|34/100|[from] item: Leftovers\n|upkeep\n|turn|26\n|inactive|Time left: 300 sec this turn | 300 sec total\n|\n|t:|1783567689\n|move|p2a: Scream Tail|Protect|p2a: Scream Tail\n|-singleturn|p2a: Scream Tail|Protect\n|move|p1a: Probopass|Body Press|p2a: Scream Tail\n|-activate|p2a: Scream Tail|move: Protect\n|\n|-heal|p2a: Scream Tail|300/330|[from] move: Wish|[wisher] Scream Tail\n|-heal|p2a: Scream Tail|320/330|[from] item: Leftovers\n|-heal|p1a: Probopass|40/100|[from] item: Leftovers\n|upkeep\n|turn|27\n|inactive|Time left: 300 sec this turn | 300 sec total\n|\n|t:|1783567690\n|move|p2a: Scream Tail|Wish|p2a: Scream Tail\n|move|p1a: Probopass|Flash Cannon|p2a: Scream Tail\n|-supereffective|p2a: Scream Tail\n|-damage|p2a: Scream Tail|192/330\n|\n|-heal|p2a: Scream Tail|212/330|[from] item: Leftovers\n|-heal|p1a: Probopass|46/100|[from] item: Leftovers\n|upkeep\n|turn|28\n|inactive|Time left: 300 sec this turn | 300 sec total\n|\n|t:|1783567691\n|move|p2a: Scream Tail|Play Rough|p1a: Probopass|[miss]\n|-miss|p2a: Scream Tail|p1a: Probopass\n|move|p1a: Probopass|Body Press|p2a: Scream Tail\n|-resisted|p2a: Scream Tail\n|-damage|p2a: Scream Tail|152/330\n|\n|-heal|p2a: Scream Tail|317/330|[from] move: Wish|[wisher] Scream Tail\n|-heal|p2a: Scream Tail|330/330|[from] item: Leftovers\n|-heal|p1a: Probopass|53/100|[from] item: Leftovers\n|upkeep\n|turn|29\n|inactive|Time left: 300 sec this turn | 300 sec total\n|\n|t:|1783567692\n|move|p2a: Scream Tail|Play Rough|p1a: Probopass\n|-supereffective|p1a: Probopass\n|-damage|p1a: Probopass|34/100\n|move|p1a: Probopass|Body Press|p2a: Scream Tail\n|-resisted|p2a: Scream Tail\n|-damage|p2a: Scream Tail|266/330\n|\n|-heal|p2a: Scream Tail|286/330|[from] item: Leftovers\n|-heal|p1a: Probopass|40/100|[from] item: Leftovers\n|upkeep\n|turn|30\n|inactive|Time left: 300 sec this turn | 300 sec total\n|\n|t:|1783567693\n|move|p2a: Scream Tail|Wish|p2a: Scream Tail\n|move|p1a: Probopass|Flash Cannon|p2a: Scream Tail\n|-supereffective|p2a: Scream Tail\n|-damage|p2a: Scream Tail|146/330\n|\n|-heal|p2a: Scream Tail|166/330|[from] item: Leftovers\n|-heal|p1a: Probopass|46/100|[from] item: Leftovers\n|upkeep\n|turn|31\n|inactive|Time left: 300 sec this turn | 300 sec total\n|\n|t:|1783567694\n|move|p2a: Scream Tail|Play Rough|p1a: Probopass\n|-supereffective|p1a: Probopass\n|-damage|p1a: Probopass|28/100\n|move|p1a: Probopass|Body Press|p2a: Scream Tail\n|-resisted|p2a: Scream Tail\n|-damage|p2a: Scream Tail|100/330\n|\n|-heal|p2a: Scream Tail|265/330|[from] move: Wish|[wisher] Scream Tail\n|-heal|p2a: Scream Tail|285/330|[from] item: Leftovers\n|-heal|p1a: Probopass|34/100|[from] item: Leftovers\n|upkeep\n|turn|32\n|inactive|Time left: 300 sec this turn | 300 sec total\n|\n|t:|1783567695\n|move|p2a: Scream Tail|Play Rough|p1a: Probopass\n|-supereffective|p1a: Probopass\n|-damage|p1a: Probopass|18/100\n|move|p1a: Probopass|Body Press|p2a: Scream Tail\n|-resisted|p2a: Scream Tail\n|-damage|p2a: Scream Tail|226/330\n|\n|-heal|p2a: Scream Tail|246/330|[from] item: Leftovers\n|-heal|p1a: Probopass|24/100|[from] item: Leftovers\n|upkeep\n|turn|33\n|inactive|Time left: 300 sec this turn | 300 sec total\n|\n|t:|1783567696\n|move|p2a: Scream Tail|Play Rough|p1a: Probopass\n|-supereffective|p1a: Probopass\n|-damage|p1a: Probopass|8/100\n|move|p1a: Probopass|Flash Cannon|p2a: Scream Tail\n|-supereffective|p2a: Scream Tail\n|-damage|p2a: Scream Tail|106/330\n|\n|-heal|p2a: Scream Tail|126/330|[from] item: Leftovers\n|-heal|p1a: Probopass|14/100|[from] item: Leftovers\n|upkeep\n|turn|34\n|inactive|Time left: 300 sec this turn | 300 sec total\n|\n|t:|1783567697\n|move|p2a: Scream Tail|Play Rough|p1a: Probopass\n|-supereffective|p1a: Probopass\n|-damage|p1a: Probopass|0 fnt\n|faint|p1a: Probopass\n|\n|-heal|p2a: Scream Tail|146/330|[from] item: Leftovers\n|upkeep\n|\n|t:|1783567698\n|switch|p1a: Venomoth|Venomoth, L84, M|100/100\n|turn|35\n|inactive|Time left: 300 sec this turn | 300 sec total\n|\n|t:|1783567699\n|move|p2a: Scream Tail|Wish|p2a: Scream Tail\n|move|p1a: Venomoth|Quiver Dance|p1a: Venomoth\n|-boost|p1a: Venomoth|spa|1\n|-boost|p1a: Venomoth|spd|1\n|-boost|p1a: Venomoth|spe|1\n|\n|-heal|p2a: Scream Tail|166/330|[from] item: Leftovers\n|upkeep\n|turn|36\n|inactive|Time left: 300 sec this turn | 300 sec total\n|\n|t:|1783567700\n|-end|p2a: Scream Tail|Protosynthesis|[silent]\n|switch|p2a: Kommo-o|Kommo-o, L77, M, tera:Steel|96/242\n|move|p1a: Venomoth|Quiver Dance|p1a: Venomoth\n|-boost|p1a: Venomoth|spa|1\n|-boost|p1a: Venomoth|spd|1\n|-boost|p1a: Venomoth|spe|1\n|\n|-heal|p2a: Kommo-o|242/242|[from] move: Wish|[wisher] Scream Tail\n|upkeep\n|turn|37\n|inactive|Time left: 300 sec this turn | 300 sec total\n|\n|t:|1783567701\n|move|p1a: Venomoth|Sleep Powder|p2a: Kommo-o\n|-status|p2a: Kommo-o|slp|[from] move: Sleep Powder\n|cant|p2a: Kommo-o|slp\n|\n|upkeep\n|turn|38\n|inactive|Time left: 300 sec this turn | 300 sec total\n|\n|t:|1783567702\n|move|p1a: Venomoth|Quiver Dance|p1a: Venomoth\n|-boost|p1a: Venomoth|spa|1\n|-boost|p1a: Venomoth|spd|1\n|-boost|p1a: Venomoth|spe|1\n|cant|p2a: Kommo-o|slp\n|\n|upkeep\n|turn|39\n|inactive|Time left: 300 sec this turn | 300 sec total\n|\n|t:|1783567703\n|move|p1a: Venomoth|Quiver Dance|p1a: Venomoth\n|-boost|p1a: Venomoth|spa|1\n|-boost|p1a: Venomoth|spd|1\n|-boost|p1a: Venomoth|spe|1\n|-curestatus|p2a: Kommo-o|slp|[msg]\n|move|p2a: Kommo-o|Clangorous Soul|p2a: Kommo-o\n|-boost|p2a: Kommo-o|atk|1\n|-boost|p2a: Kommo-o|def|1\n|-boost|p2a: Kommo-o|spa|1\n|-boost|p2a: Kommo-o|spd|1\n|-boost|p2a: Kommo-o|spe|1\n|-damage|p2a: Kommo-o|163/242\n|\n|upkeep\n|turn|40\n|inactive|Time left: 300 sec this turn | 300 sec total\n|\n|t:|1783567704\n|move|p1a: Venomoth|Sleep Powder|p2a: Kommo-o\n|-status|p2a: Kommo-o|slp|[from] move: Sleep Powder\n|cant|p2a: Kommo-o|slp\n|\n|upkeep\n|turn|41\n|inactive|Time left: 300 sec this turn | 300 sec total\n|\n|t:|1783567705\n|move|p1a: Venomoth|Quiver Dance|p1a: Venomoth\n|-boost|p1a: Venomoth|spa|1\n|-boost|p1a: Venomoth|spd|1\n|-boost|p1a: Venomoth|spe|1\n|cant|p2a: Kommo-o|slp\n|\n|upkeep\n|turn|42\n|inactive|Time left: 300 sec this turn | 300 sec total\n|\n|t:|1783567705\n|move|p1a: Venomoth|Quiver Dance|p1a: Venomoth\n|-boost|p1a: Venomoth|spa|1\n|-boost|p1a: Venomoth|spd|1\n|-boost|p1a: Venomoth|spe|1\n|cant|p2a: Kommo-o|slp\n|\n|upkeep\n|turn|43\n|inactive|Time left: 300 sec this turn | 300 sec total\n|\n|t:|1783567707\n|move|p1a: Venomoth|Sludge Wave|p2a: Kommo-o\n|-immune|p2a: Kommo-o\n|-curestatus|p2a: Kommo-o|slp|[msg]\n|move|p2a: Kommo-o|Iron Head|p1a: Venomoth\n|-damage|p1a: Venomoth|41/100\n|\n|upkeep\n|turn|44\n|inactive|Time left: 300 sec this turn | 300 sec total\n|\n|t:|1783567708\n|move|p1a: Venomoth|Sleep Powder|p2a: Kommo-o\n|-status|p2a: Kommo-o|slp|[from] move: Sleep Powder\n|cant|p2a: Kommo-o|slp\n|\n|upkeep\n|turn|45\n|inactive|Time left: 300 sec this turn | 300 sec total\n|\n|t:|1783567708\n|move|p1a: Venomoth|Quiver Dance|p1a: Venomoth\n|-boost|p1a: Venomoth|spa|0\n|-boost|p1a: Venomoth|spd|0\n|-boost|p1a: Venomoth|spe|0\n|cant|p2a: Kommo-o|slp\n|\n|upkeep\n|turn|46\n|inactive|Time left: 300 sec this turn | 300 sec total\n|\n|t:|1783567709\n|move|p1a: Venomoth|Sludge Wave|p2a: Kommo-o\n|-immune|p2a: Kommo-o\n|cant|p2a: Kommo-o|slp\n|\n|upkeep\n|turn|47\n|inactive|Time left: 300 sec this turn | 300 sec total\n|\n|t:|1783567710\n|switch|p1a: Toxapex|Toxapex, L82, M|100/100\n|-curestatus|p2a: Kommo-o|slp|[msg]\n|move|p2a: Kommo-o|Iron Head|p1a: Toxapex\n|-resisted|p1a: Toxapex\n|-damage|p1a: Toxapex|83/100\n|-damage|p2a: Kommo-o|123/242|[from] item: Rocky Helmet|[of] p1a: Toxapex\n|\n|upkeep\n|turn|48\n|inactive|Time left: 300 sec this turn | 300 sec total\n|\n|t:|1783567711\n|move|p2a: Kommo-o|Clanging Scales|p1a: Toxapex\n|-damage|p1a: Toxapex|33/100\n|-unboost|p2a: Kommo-o|def|1\n|move|p1a: Toxapex|Haze|p1a: Toxapex\n|-clearallboost\n|\n|upkeep\n|turn|49\n|inactive|Time left: 300 sec this turn | 300 sec total\n|\n|t:|1783567712\n|switch|p1a: Scream Tail|Scream Tail, L84|100/100\n|move|p2a: Kommo-o|Clanging Scales|p1a: Scream Tail\n|-immune|p1a: Scream Tail\n|\n|upkeep\n|turn|50\n|inactive|Time left: 300 sec this turn | 300 sec total\n|\n|t:|1783567713\n|-end|p1a: Scream Tail|Protosynthesis|[silent]\n|switch|p1a: Toxapex|Toxapex, L82, M|66/100\n|move|p2a: Kommo-o|Clanging Scales|p1a: Toxapex\n|-damage|p1a: Toxapex|34/100\n|-unboost|p2a: Kommo-o|def|1\n|\n|upkeep\n|turn|51\n|inactive|Time left: 300 sec this turn | 300 sec total\n|\n|t:|1783567714\n|move|p2a: Kommo-o|Clanging Scales|p1a: Toxapex\n|-damage|p1a: Toxapex|0 fnt\n|faint|p1a: Toxapex\n|-unboost|p2a: Kommo-o|def|1\n|\n|upkeep\n|\n|t:|1783567715\n|switch|p1a: Zarude|Zarude, L77|98/100\n|turn|52\n|inactive|Time left: 300 sec this turn | 300 sec total\n|\n|t:|1783567716\n|move|p1a: Zarude|Swords Dance|p1a: Zarude\n|-boost|p1a: Zarude|atk|2\n|move|p2a: Kommo-o|Drain Punch|p1a: Zarude\n|-supereffective|p1a: Zarude\n|-damage|p1a: Zarude|45/100\n|-heal|p2a: Kommo-o|199/242|[from] drain|[of] p1a: Zarude\n|\n|-heal|p1a: Zarude|52/100|[from] item: Leftovers\n|upkeep\n|turn|53\n|inactive|Time left: 300 sec this turn | 300 sec total\n|\n|t:|1783567717\n|switch|p2a: Arceus|Arceus-Ice, L72|291/291\n|move|p1a: Zarude|Knock Off|p2a: Arceus\n|-damage|p2a: Arceus|158/291\n|\n|-heal|p1a: Zarude|58/100|[from] item: Leftovers\n|upkeep\n|turn|54\n|inactive|Time left: 300 sec this turn | 300 sec total\n|\n|t:|1783567718\n|switch|p1a: Scream Tail|Scream Tail, L84|100/100\n|move|p2a: Arceus|Judgment|p1a: Scream Tail\n|-damage|p1a: Scream Tail|75/100\n|\n|-heal|p1a: Scream Tail|81/100|[from] item: Leftovers\n|upkeep\n|turn|55\n|inactive|Time left: 300 sec this turn | 300 sec total\n|\n|t:|1783567719\n|move|p1a: Scream Tail|Play Rough|p2a: Arceus\n|-damage|p2a: Arceus|95/291\n|move|p2a: Arceus|Recover|p2a: Arceus\n|-heal|p2a: Arceus|241/291\n|\n|-heal|p1a: Scream Tail|87/100|[from] item: Leftovers\n|upkeep\n|turn|56\n|inactive|Time left: 300 sec this turn | 300 sec total\n|\n|t:|1783567720\n|move|p1a: Scream Tail|Wish|p1a: Scream Tail\n|move|p2a: Arceus|Judgment|p1a: Scream Tail\n|-damage|p1a: Scream Tail|61/100\n|\n|-heal|p1a: Scream Tail|67/100|[from] item: Leftovers\n|upkeep\n|turn|57\n|inactive|Time left: 300 sec this turn | 300 sec total\n|\n|t:|1783567721\n|move|p1a: Scream Tail|Play Rough|p2a: Arceus\n|-damage|p2a: Arceus|172/291\n|move|p2a: Arceus|Calm Mind|p2a: Arceus\n|-boost|p2a: Arceus|spa|1\n|-boost|p2a: Arceus|spd|1\n|\n|-heal|p1a: Scream Tail|100/100|[from] move: Wish|[wisher] Scream Tail\n|upkeep\n|turn|58\n|inactive|Time left: 300 sec this turn | 300 sec total\n|\n|t:|1783567722\n|move|p1a: Scream Tail|Encore|p2a: Arceus\n|-start|p2a: Arceus|Encore\n|move|p2a: Arceus|Calm Mind|p2a: Arceus\n|-boost|p2a: Arceus|spa|1\n|-boost|p2a: Arceus|spd|1\n|\n|upkeep\n|turn|59\n|inactive|Time left: 300 sec this turn | 300 sec total\n|\n|t:|1783567723\n|switch|p2a: Kommo-o|Kommo-o, L77, M, tera:Steel|199/242\n|move|p1a: Scream Tail|Play Rough|p2a: Kommo-o\n|-resisted|p2a: Kommo-o\n|-damage|p2a: Kommo-o|167/242\n|\n|upkeep\n|turn|60\n|inactive|Time left: 300 sec this turn | 300 sec total\n|\n|t:|1783567724\n|move|p1a: Scream Tail|Play Rough|p2a: Kommo-o\n|-resisted|p2a: Kommo-o\n|-damage|p2a: Kommo-o|138/242\n|move|p2a: Kommo-o|Clangorous Soul|p2a: Kommo-o\n|-boost|p2a: Kommo-o|atk|1\n|-boost|p2a: Kommo-o|def|1\n|-boost|p2a: Kommo-o|spa|1\n|-boost|p2a: Kommo-o|spd|1\n|-boost|p2a: Kommo-o|spe|1\n|-damage|p2a: Kommo-o|59/242\n|\n|upkeep\n|turn|61\n|inactive|Time left: 300 sec this turn | 300 sec total\n|\n|t:|1783567725\n|move|p1a: Scream Tail|Protect|p1a: Scream Tail\n|-singleturn|p1a: Scream Tail|Protect\n|move|p2a: Kommo-o|Iron Head|p1a: Scream Tail\n|-activate|p1a: Scream Tail|move: Protect\n|\n|upkeep\n|turn|62\n|inactive|Time left: 300 sec this turn | 300 sec total\n|\n|t:|1783567726\n|move|p2a: Kommo-o|Iron Head|p1a: Scream Tail\n|-supereffective|p1a: Scream Tail\n|-damage|p1a: Scream Tail|37/100\n|move|p1a: Scream Tail|Encore|p2a: Kommo-o\n|-start|p2a: Kommo-o|Encore\n|\n|-heal|p1a: Scream Tail|43/100|[from] item: Leftovers\n|upkeep\n|turn|63\n|inactive|Time left: 300 sec this turn | 300 sec total\n|\n|t:|1783567727\n|move|p1a: Scream Tail|Protect|p1a: Scream Tail\n|-singleturn|p1a: Scream Tail|Protect\n|move|p2a: Kommo-o|Iron Head|p1a: Scream Tail\n|-activate|p1a: Scream Tail|move: Protect\n|\n|-heal|p1a: Scream Tail|49/100|[from] item: Leftovers\n|upkeep\n|turn|64\n|inactive|Time left: 300 sec this turn | 300 sec total\n|\n|t:|1783567728\n|move|p1a: Scream Tail|Protect||[still]\n|-fail|p1a: Scream Tail\n|move|p2a: Kommo-o|Iron Head|p1a: Scream Tail\n|-supereffective|p1a: Scream Tail\n|-damage|p1a: Scream Tail|0 fnt\n|faint|p1a: Scream Tail\n|-end|p1a: Scream Tail|Protosynthesis|[silent]\n|\n|upkeep\n|\n|t:|1783567729\n|switch|p1a: Zarude|Zarude, L77|58/100\n|turn|65\n|inactive|Time left: 300 sec this turn | 300 sec total\n|\n|t:|1783567730\n|move|p2a: Kommo-o|Iron Head|p1a: Zarude\n|-damage|p1a: Zarude|17/100\n|move|p1a: Zarude|Synthesis|p1a: Zarude\n|-heal|p1a: Zarude|67/100\n|\n|-heal|p1a: Zarude|73/100|[from] item: Leftovers\n|-end|p2a: Kommo-o|Encore\n|upkeep\n|turn|66\n|inactive|Time left: 300 sec this turn | 300 sec total\n|\n|t:|1783567731\n|switch|p1a: Venomoth|Venomoth, L84, M|41/100\n|move|p2a: Kommo-o|Drain Punch|p1a: Venomoth\n|-resisted|p1a: Venomoth\n|-damage|p1a: Venomoth|27/100\n|-heal|p2a: Kommo-o|77/242|[from] drain|[of] p1a: Venomoth\n|\n|upkeep\n|turn|67\n|inactive|Time left: 300 sec this turn | 300 sec total\n|\n|t:|1783567732\n|switch|p1a: Zarude|Zarude, L77|73/100\n|move|p2a: Kommo-o|Iron Head|p1a: Zarude\n|-damage|p1a: Zarude|38/100\n|\n|-heal|p1a: Zarude|44/100|[from] item: Leftovers\n|upkeep\n|turn|68\n|inactive|Time left: 300 sec this turn | 300 sec total\n|\n|t:|1783567733\n|switch|p1a: Venomoth|Venomoth, L84, M|27/100\n|move|p2a: Kommo-o|Drain Punch|p1a: Venomoth\n|-resisted|p1a: Venomoth\n|-damage|p1a: Venomoth|13/100\n|-heal|p2a: Kommo-o|96/242|[from] drain|[of] p1a: Venomoth\n|\n|upkeep\n|turn|69\n|inactive|Time left: 300 sec this turn | 300 sec total\n|\n|t:|1783567735\n|move|p2a: Kommo-o|Drain Punch|p1a: Venomoth\n|-resisted|p1a: Venomoth\n|-damage|p1a: Venomoth|0 fnt\n|-heal|p2a: Kommo-o|112/242|[from] drain|[of] p1a: Venomoth\n|faint|p1a: Venomoth\n|\n|upkeep\n|\n|t:|1783567736\n|switch|p1a: Zarude|Zarude, L77|44/100\n|turn|70\n|inactive|Time left: 300 sec this turn | 300 sec total\n|\n|t:|1783567737\n|move|p2a: Kommo-o|Clanging Scales|p1a: Zarude\n|-damage|p1a: Zarude|0 fnt\n|faint|p1a: Zarude\n|-unboost|p2a: Kommo-o|def|1\n|\n|upkeep\n|\n|t:|1783567738\n|switch|p1a: Cyclizar|Cyclizar, L84, M|100/100\n|turn|71\n|inactive|Time left: 300 sec this turn | 300 sec total\n|\n|t:|1783567739\n|move|p2a: Kommo-o|Clanging Scales|p1a: Cyclizar\n|-supereffective|p1a: Cyclizar\n|-damage|p1a: Cyclizar|0 fnt\n|faint|p1a: Cyclizar\n|\n|win|p0y246965c3", "uploadtime": 1783567739, "views": 0, "rating": 0, "private": 0, "password": null, "_winner": "p0y246965c3", "_our_name": "p0y246965c3"}