{"id": "battle-gen9randombattle-511", "formatid": "gen9randombattle", "format": "[Gen 9] Random Battle", "players": ["p0x511f73d", "p0y5114f74"], "log": "|init|battle\n|title|p0x511f73d vs. p0y5114f74\n|j|\u2606p0x511f73d\n|j|\u2606p0y5114f74\n|t:|1783545696\n|gametype|singles\n|player|p1|p0x511f73d|266|\n|player|p2|p0y5114f74|266|\n|gen|9\n|tier|[Gen 9] Random Battle\n|rule|Species Clause: Limit one of each Pok\u00e9mon\n|rule|HP Percentage Mod: HP is shown in percentages\n|rule|Sleep Clause Mod: Limit one foe put to sleep\n|rule|Illusion Level Mod: Illusion disguises the Pok\u00e9mon's true level\n|\n|t:|1783545696\n|teamsize|p1|6\n|teamsize|p2|6\n|start\n|switch|p1a: Yanmega|Yanmega, L82, F|100/100\n|switch|p2a: Tropius|Tropius, L91, M|328/328\n|turn|1\n|inactive|Battle timer is ON: inactive players will automatically lose when time's up. (requested by p0x511f73d)\n|inactive|Time left: 300 sec this turn | 300 sec total | 60 sec grace\n|inactive|p0y5114f74 also wants the timer to be on.\n|\n|t:|1783545698\n|move|p1a: Yanmega|Air Slash|p2a: Tropius\n|-supereffective|p2a: Tropius\n|-damage|p2a: Tropius|160/328\n|-enditem|p2a: Tropius|Sitrus Berry|[eat]\n|-heal|p2a: Tropius|242/328|[from] item: Sitrus Berry\n|move|p2a: Tropius|Air Slash|p1a: Yanmega\n|-supereffective|p1a: Yanmega\n|-damage|p1a: Yanmega|28/100\n|\n|-ability|p1a: Yanmega|Speed Boost|boost\n|-boost|p1a: Yanmega|spe|1\n|-item|p2a: Tropius|Sitrus Berry|[from] ability: Harvest\n|upkeep\n|turn|2\n|inactive|Time left: 300 sec this turn | 300 sec total\n|\n|t:|1783545699\n|move|p1a: Yanmega|Air Slash|p2a: Tropius\n|-supereffective|p2a: Tropius\n|-damage|p2a: Tropius|68/328\n|-enditem|p2a: Tropius|Sitrus Berry|[eat]\n|-heal|p2a: Tropius|150/328|[from] item: Sitrus Berry\n|move|p2a: Tropius|Air Slash|p1a: Yanmega\n|-supereffective|p1a: Yanmega\n|-crit|p1a: Yanmega\n|-damage|p1a: Yanmega|0 fnt\n|faint|p1a: Yanmega\n|\n|-item|p2a: Tropius|Sitrus Berry|[from] ability: Harvest\n|upkeep\n|-enditem|p2a: Tropius|Sitrus Berry|[eat]\n|-heal|p2a: Tropius|232/328|[from] item: Sitrus Berry\n|\n|t:|1783545699\n|switch|p1a: Chandelure|Chandelure, L83, F|100/100\n|turn|3\n|inactive|Time left: 300 sec this turn | 300 sec total\n|\n|t:|1783545701\n|switch|p2a: Araquanid|Araquanid, L82, M|246/246\n|move|p1a: Chandelure|Fire Blast|p2a: Araquanid\n|-damage|p2a: Araquanid|186/246\n|\n|upkeep\n|turn|4\n|inactive|Time left: 300 sec this turn | 300 sec total\n|\n|t:|1783545701\n|switch|p1a: Beartic|Beartic, L91, F|100/100\n|move|p2a: Araquanid|Sticky Web|p1a: Beartic\n|-sidestart|p1: p0x511f73d|move: Sticky Web\n|\n|upkeep\n|turn|5\n|inactive|Time left: 300 sec this turn | 300 sec total\n|\n|t:|1783545702\n|move|p1a: Beartic|Swords Dance|p1a: Beartic\n|-boost|p1a: Beartic|atk|2\n|move|p2a: Araquanid|Liquidation|p1a: Beartic\n|-damage|p1a: Beartic|62/100\n|-unboost|p1a: Beartic|def|1\n|\n|upkeep\n|turn|6\n|inactive|Time left: 300 sec this turn | 300 sec total\n|\n|t:|1783545703\n|move|p1a: Beartic|Icicle Crash|p2a: Araquanid\n|-resisted|p2a: Araquanid\n|-damage|p2a: Araquanid|63/246\n|move|p2a: Araquanid|Liquidation|p1a: Beartic\n|-damage|p1a: Beartic|2/100\n|\n|upkeep\n|turn|7\n|inactive|Time left: 300 sec this turn | 300 sec total\n|\n|t:|1783545703\n|move|p1a: Beartic|Icicle Crash|p2a: Araquanid\n|-resisted|p2a: Araquanid\n|-damage|p2a: Araquanid|0 fnt\n|faint|p2a: Araquanid\n|\n|upkeep\n|inactive|Time left: 300 sec this turn | 300 sec total | 5 sec grace\n|\n|t:|1783545704\n|switch|p2a: Revavroom|Revavroom, L79, M|256/256\n|turn|8\n|inactive|Time left: 300 sec this turn | 300 sec total\n|\n|t:|1783545705\n|move|p1a: Beartic|Aqua Jet|p2a: Revavroom\n|-damage|p2a: Revavroom|163/256\n|move|p2a: Revavroom|Iron Head|p1a: Beartic\n|-supereffective|p1a: Beartic\n|-damage|p1a: Beartic|0 fnt\n|faint|p1a: Beartic\n|-damage|p2a: Revavroom|138/256|[from] item: Life Orb\n|\n|upkeep\n|\n|t:|1783545706\n|switch|p1a: Chandelure|Chandelure, L83, F|100/100\n|-activate|p1a: Chandelure|move: Sticky Web\n|-unboost|p1a: Chandelure|spe|1\n|turn|9\n|inactive|Time left: 300 sec this turn | 300 sec total\n|\n|t:|1783545707\n|-terastallize|p2a: Revavroom|Ground\n|move|p2a: Revavroom|High Horsepower|p1a: Chandelure\n|-supereffective|p1a: Chandelure\n|-damage|p1a: Chandelure|0 fnt\n|faint|p1a: Chandelure\n|-damage|p2a: Revavroom|113/256|[from] item: Life Orb\n|\n|upkeep\n|\n|t:|1783545707\n|switch|p1a: Phione|Phione, L91|100/100\n|-activate|p1a: Phione|move: Sticky Web\n|-unboost|p1a: Phione|spe|1\n|turn|10\n|inactive|Time left: 300 sec this turn | 300 sec total\n|\n|t:|1783545708\n|switch|p2a: Tropius|Tropius, L91, M|232/328\n|move|p1a: Phione|Ice Beam|p2a: Tropius\n|-supereffective|p2a: Tropius\n|-damage|p2a: Tropius|0 fnt\n|faint|p2a: Tropius\n|\n|upkeep\n|inactive|Time left: 300 sec this turn | 300 sec total | 5 sec grace\n|\n|t:|1783545709\n|switch|p2a: Sandy Shocks|Sandy Shocks, L80|267/267\n|turn|11\n|inactive|Time left: 300 sec this turn | 300 sec total\n|\n|t:|1783545709\n|move|p2a: Sandy Shocks|Thunderbolt|p1a: Phione\n|-supereffective|p1a: Phione\n|-damage|p1a: Phione|32/100\n|move|p1a: Phione|Scald|p2a: Sandy Shocks\n|-supereffective|p2a: Sandy Shocks\n|-damage|p2a: Sandy Shocks|99/267\n|\n|-heal|p2a: Sandy Shocks|115/267|[from] item: Leftovers\n|-heal|p1a: Phione|38/100|[from] item: Leftovers\n|upkeep\n|turn|12\n|inactive|Time left: 300 sec this turn | 300 sec total\n|\n|t:|1783545711\n|-terastallize|p1a: Phione|Steel\n|move|p2a: Sandy Shocks|Thunderbolt|p1a: Phione\n|-damage|p1a: Phione|2/100\n|-status|p1a: Phione|par\n|cant|p1a: Phione|par\n|\n|-heal|p2a: Sandy Shocks|131/267|[from] item: Leftovers\n|-heal|p1a: Phione|8/100 par|[from] item: Leftovers\n|upkeep\n|turn|13\n|inactive|Time left: 300 sec this turn | 300 sec total\n|\n|t:|1783545711\n|move|p2a: Sandy Shocks|Earth Power|p1a: Phione\n|-supereffective|p1a: Phione\n|-damage|p1a: Phione|0 fnt\n|faint|p1a: Phione\n|\n|-heal|p2a: Sandy Shocks|147/267|[from] item: Leftovers\n|upkeep\n|\n|t:|1783545712\n|switch|p1a: Emboar|Emboar, L84, M|100/100\n|-activate|p1a: Emboar|move: Sticky Web\n|-unboost|p1a: Emboar|spe|1\n|turn|14\n|inactive|Time left: 300 sec this turn | 300 sec total\n|\n|t:|1783545713\n|move|p2a: Sandy Shocks|Earth Power|p1a: Emboar\n|-supereffective|p1a: Emboar\n|-damage|p1a: Emboar|19/100\n|-unboost|p1a: Emboar|spd|1\n|move|p1a: Emboar|Flare Blitz|p2a: Sandy Shocks\n|-damage|p2a: Sandy Shocks|0 fnt\n|faint|p2a: Sandy Shocks\n|-end|p2a: Sandy Shocks|Protosynthesis|[silent]\n|-damage|p1a: Emboar|3/100|[from] Recoil\n|\n|upkeep\n|inactive|Time left: 300 sec this turn | 300 sec total | 5 sec grace\n|\n|t:|1783545715\n|switch|p2a: Kommo-o|Kommo-o, L77, F|242/242\n|turn|15\n|inactive|Time left: 300 sec this turn | 300 sec total\n|\n|t:|1783545715\n|switch|p1a: Poliwrath|Poliwrath, L88, M|100/100\n|-activate|p1a: Poliwrath|move: Sticky Web\n|-unboost|p1a: Poliwrath|spe|1\n|move|p2a: Kommo-o|Close Combat|p1a: Poliwrath\n|-damage|p1a: Poliwrath|68/100\n|-unboost|p2a: Kommo-o|def|1\n|-unboost|p2a: Kommo-o|spd|1\n|\n|upkeep\n|turn|16\n|inactive|Time left: 300 sec this turn | 300 sec total\n|\n|t:|1783545716\n|move|p2a: Kommo-o|Swords Dance|p2a: Kommo-o\n|-boost|p2a: Kommo-o|atk|2\n|move|p1a: Poliwrath|Liquidation|p2a: Kommo-o\n|-resisted|p2a: Kommo-o\n|-damage|p2a: Kommo-o|168/242\n|-damage|p1a: Poliwrath|58/100|[from] item: Life Orb\n|\n|upkeep\n|turn|17\n|inactive|Time left: 300 sec this turn | 300 sec total\n|\n|t:|1783545717\n|switch|p1a: Emboar|Emboar, L84, M|3/100\n|-activate|p1a: Emboar|move: Sticky Web\n|-unboost|p1a: Emboar|spe|1\n|move|p2a: Kommo-o|Close Combat|p1a: Emboar\n|-damage|p1a: Emboar|0 fnt\n|-unboost|p2a: Kommo-o|def|1\n|-unboost|p2a: Kommo-o|spd|1\n|faint|p1a: Emboar\n|\n|upkeep\n|\n|t:|1783545718\n|switch|p1a: Poliwrath|Poliwrath, L88, M|58/100\n|-activate|p1a: Poliwrath|move: Sticky Web\n|-unboost|p1a: Poliwrath|spe|1\n|turn|18\n|inactive|Time left: 300 sec this turn | 300 sec total\n|\n|t:|1783545719\n|move|p2a: Kommo-o|Close Combat|p1a: Poliwrath\n|-damage|p1a: Poliwrath|0 fnt\n|-unboost|p2a: Kommo-o|def|1\n|-unboost|p2a: Kommo-o|spd|1\n|faint|p1a: Poliwrath\n|\n|win|p0y5114f74", "uploadtime": 1783545719, "views": 0, "rating": 0, "private": 0, "password": null, "_winner": "p0y5114f74", "_our_name": "p0y5114f74"}