{"id": "battle-gen9randombattle-2894", "formatid": "gen9randombattle", "format": "[Gen 9] Random Battle", "players": ["p0x28949ca1", "p0y289453da"], "log": "|init|battle\n|title|p0x28949ca1 vs. p0y289453da\n|j|\u2606p0x28949ca1\n|j|\u2606p0y289453da\n|t:|1783573321\n|gametype|singles\n|player|p1|p0x28949ca1|1|\n|player|p2|p0y289453da|266|\n|gen|9\n|tier|[Gen 9] Random Battle\n|rule|Species Clause: Limit one of each Pok\u00e9mon\n|rule|HP Percentage Mod: HP is shown in percentages\n|rule|Sleep Clause Mod: Limit one foe put to sleep\n|rule|Illusion Level Mod: Illusion disguises the Pok\u00e9mon's true level\n|\n|t:|1783573321\n|teamsize|p1|6\n|teamsize|p2|6\n|start\n|switch|p1a: Illumise|Illumise, L91, F|266/266\n|switch|p2a: Ditto|Ditto, L87|100/100\n|-transform|p2a: Ditto|p1a: Illumise|[from] ability: Imposter\n|turn|1\n|inactive|Battle timer is ON: inactive players will automatically lose when time's up. (requested by p0y289453da)\n|inactive|Time left: 300 sec this turn | 300 sec total | 60 sec grace\n|inactive|p0x28949ca1 also wants the timer to be on.\n|\n|t:|1783573322\n|switch|p2a: Hippowdon|Hippowdon, L82, M|100/100\n|-weather|Sandstorm|[from] ability: Sand Stream|[of] p2a: Hippowdon\n|switch|p1a: Gliscor|Gliscor, L76, F|239/239\n|\n|-weather|Sandstorm|[upkeep]\n|-status|p1a: Gliscor|tox|[from] item: Toxic Orb\n|upkeep\n|turn|2\n|inactive|Time left: 300 sec this turn | 300 sec total\n|\n|t:|1783573324\n|move|p1a: Gliscor|Toxic|p2a: Hippowdon\n|-status|p2a: Hippowdon|tox\n|move|p2a: Hippowdon|Earthquake|p1a: Gliscor\n|-immune|p1a: Gliscor\n|\n|-weather|Sandstorm|[upkeep]\n|-damage|p2a: Hippowdon|94/100 tox|[from] psn\n|upkeep\n|turn|3\n|inactive|Time left: 300 sec this turn | 300 sec total\n|\n|t:|1783573325\n|switch|p2a: Vileplume|Vileplume, L85, F|100/100\n|move|p1a: Gliscor|Earthquake|p2a: Vileplume\n|-damage|p2a: Vileplume|69/100\n|\n|-weather|Sandstorm|[upkeep]\n|-damage|p2a: Vileplume|63/100|[from] Sandstorm\n|-heal|p2a: Vileplume|69/100|[from] item: Leftovers\n|upkeep\n|turn|4\n|inactive|Time left: 300 sec this turn | 300 sec total\n|\n|t:|1783573326\n|move|p1a: Gliscor|Earthquake|p2a: Vileplume\n|-damage|p2a: Vileplume|35/100\n|move|p2a: Vileplume|Strength Sap|p1a: Gliscor\n|-unboost|p1a: Gliscor|atk|1\n|-heal|p2a: Vileplume|100/100\n|\n|-weather|Sandstorm|[upkeep]\n|-damage|p2a: Vileplume|94/100|[from] Sandstorm\n|-heal|p2a: Vileplume|100/100|[from] item: Leftovers\n|upkeep\n|turn|5\n|inactive|Time left: 300 sec this turn | 300 sec total\n|\n|t:|1783573327\n|switch|p1a: Vikavolt|Vikavolt, L83, M|263/263\n|move|p2a: Vileplume|Giga Drain|p1a: Vikavolt\n|-resisted|p1a: Vikavolt\n|-damage|p1a: Vikavolt|209/263\n|\n|-weather|none\n|upkeep\n|turn|6\n|inactive|Time left: 300 sec this turn | 300 sec total\n|\n|t:|1783573328\n|move|p2a: Vileplume|Sludge Bomb|p1a: Vikavolt\n|-damage|p1a: Vikavolt|83/263\n|-status|p1a: Vikavolt|psn\n|move|p1a: Vikavolt|Sticky Web|p2a: Vileplume\n|-sidestart|p2: p0y289453da|move: Sticky Web\n|\n|-damage|p1a: Vikavolt|51/263 psn|[from] psn\n|upkeep\n|turn|7\n|inactive|Time left: 300 sec this turn | 300 sec total\n|\n|t:|1783573329\n|switch|p1a: Gliscor|Gliscor, L76, F|239/239 tox\n|move|p2a: Vileplume|Sludge Bomb|p1a: Gliscor\n|-resisted|p1a: Gliscor\n|-damage|p1a: Gliscor|168/239 tox\n|\n|-heal|p1a: Gliscor|197/239 tox|[from] ability: Poison Heal\n|upkeep\n|turn|8\n|inactive|Time left: 300 sec this turn | 300 sec total\n|\n|t:|1783573330\n|move|p1a: Gliscor|Protect|p1a: Gliscor\n|-singleturn|p1a: Gliscor|Protect\n|move|p2a: Vileplume|Giga Drain|p1a: Gliscor\n|-activate|p1a: Gliscor|move: Protect\n|\n|-heal|p1a: Gliscor|226/239 tox|[from] ability: Poison Heal\n|upkeep\n|turn|9\n|inactive|Time left: 300 sec this turn | 300 sec total\n|\n|t:|1783573331\n|move|p1a: Gliscor|Substitute|p1a: Gliscor\n|-start|p1a: Gliscor|Substitute\n|-damage|p1a: Gliscor|167/239 tox\n|move|p2a: Vileplume|Giga Drain|p1a: Gliscor\n|-end|p1a: Gliscor|Substitute\n|\n|-heal|p1a: Gliscor|196/239 tox|[from] ability: Poison Heal\n|upkeep\n|turn|10\n|inactive|Time left: 300 sec this turn | 300 sec total\n|\n|t:|1783573332\n|move|p1a: Gliscor|Protect|p1a: Gliscor\n|-singleturn|p1a: Gliscor|Protect\n|move|p2a: Vileplume|Giga Drain|p1a: Gliscor\n|-activate|p1a: Gliscor|move: Protect\n|\n|-heal|p1a: Gliscor|225/239 tox|[from] ability: Poison Heal\n|upkeep\n|turn|11\n|inactive|Time left: 300 sec this turn | 300 sec total\n|\n|t:|1783573333\n|move|p1a: Gliscor|Substitute|p1a: Gliscor\n|-start|p1a: Gliscor|Substitute\n|-damage|p1a: Gliscor|166/239 tox\n|move|p2a: Vileplume|Giga Drain|p1a: Gliscor\n|-end|p1a: Gliscor|Substitute\n|\n|-heal|p1a: Gliscor|195/239 tox|[from] ability: Poison Heal\n|upkeep\n|turn|12\n|inactive|Time left: 300 sec this turn | 300 sec total\n|\n|t:|1783573334\n|move|p1a: Gliscor|Protect|p1a: Gliscor\n|-singleturn|p1a: Gliscor|Protect\n|move|p2a: Vileplume|Giga Drain|p1a: Gliscor\n|-activate|p1a: Gliscor|move: Protect\n|\n|-heal|p1a: Gliscor|224/239 tox|[from] ability: Poison Heal\n|upkeep\n|turn|13\n|inactive|Time left: 300 sec this turn | 300 sec total\n|\n|t:|1783573335\n|move|p1a: Gliscor|Substitute|p1a: Gliscor\n|-start|p1a: Gliscor|Substitute\n|-damage|p1a: Gliscor|165/239 tox\n|move|p2a: Vileplume|Giga Drain|p1a: Gliscor\n|-end|p1a: Gliscor|Substitute\n|\n|-heal|p1a: Gliscor|194/239 tox|[from] ability: Poison Heal\n|upkeep\n|turn|14\n|inactive|Time left: 300 sec this turn | 300 sec total\n|\n|t:|1783573336\n|move|p1a: Gliscor|Protect|p1a: Gliscor\n|-singleturn|p1a: Gliscor|Protect\n|move|p2a: Vileplume|Giga Drain|p1a: Gliscor\n|-activate|p1a: Gliscor|move: Protect\n|\n|-heal|p1a: Gliscor|223/239 tox|[from] ability: Poison Heal\n|upkeep\n|turn|15\n|inactive|Time left: 300 sec this turn | 300 sec total\n|\n|t:|1783573336\n|move|p1a: Gliscor|Substitute|p1a: Gliscor\n|-start|p1a: Gliscor|Substitute\n|-damage|p1a: Gliscor|164/239 tox\n|move|p2a: Vileplume|Giga Drain|p1a: Gliscor\n|-end|p1a: Gliscor|Substitute\n|\n|-heal|p1a: Gliscor|193/239 tox|[from] ability: Poison Heal\n|upkeep\n|turn|16\n|inactive|Time left: 300 sec this turn | 300 sec total\n|\n|t:|1783573337\n|move|p1a: Gliscor|Protect|p1a: Gliscor\n|-singleturn|p1a: Gliscor|Protect\n|move|p2a: Vileplume|Giga Drain|p1a: Gliscor\n|-activate|p1a: Gliscor|move: Protect\n|\n|-heal|p1a: Gliscor|222/239 tox|[from] ability: Poison Heal\n|upkeep\n|turn|17\n|inactive|Time left: 300 sec this turn | 300 sec total\n|\n|t:|1783573338\n|move|p1a: Gliscor|Substitute|p1a: Gliscor\n|-start|p1a: Gliscor|Substitute\n|-damage|p1a: Gliscor|163/239 tox\n|move|p2a: Vileplume|Sludge Bomb|p1a: Gliscor\n|-resisted|p1a: Gliscor\n|-crit|p1a: Gliscor\n|-end|p1a: Gliscor|Substitute\n|\n|-heal|p1a: Gliscor|192/239 tox|[from] ability: Poison Heal\n|upkeep\n|turn|18\n|inactive|Time left: 300 sec this turn | 300 sec total\n|\n|t:|1783573339\n|move|p1a: Gliscor|Protect|p1a: Gliscor\n|-singleturn|p1a: Gliscor|Protect\n|move|p2a: Vileplume|Giga Drain|p1a: Gliscor\n|-activate|p1a: Gliscor|move: Protect\n|\n|-heal|p1a: Gliscor|221/239 tox|[from] ability: Poison Heal\n|upkeep\n|turn|19\n|inactive|Time left: 300 sec this turn | 300 sec total\n|\n|t:|1783573339\n|move|p1a: Gliscor|Substitute|p1a: Gliscor\n|-start|p1a: Gliscor|Substitute\n|-damage|p1a: Gliscor|162/239 tox\n|move|p2a: Vileplume|Giga Drain|p1a: Gliscor\n|-crit|p1a: Gliscor\n|-end|p1a: Gliscor|Substitute\n|\n|-heal|p1a: Gliscor|191/239 tox|[from] ability: Poison Heal\n|upkeep\n|turn|20\n|inactive|Time left: 300 sec this turn | 300 sec total\n|\n|t:|1783573340\n|move|p1a: Gliscor|Protect|p1a: Gliscor\n|-singleturn|p1a: Gliscor|Protect\n|move|p2a: Vileplume|Sludge Bomb|p1a: Gliscor\n|-activate|p1a: Gliscor|move: Protect\n|\n|-heal|p1a: Gliscor|220/239 tox|[from] ability: Poison Heal\n|upkeep\n|turn|21\n|inactive|Time left: 300 sec this turn | 300 sec total\n|\n|t:|1783573341\n|move|p1a: Gliscor|Substitute|p1a: Gliscor\n|-start|p1a: Gliscor|Substitute\n|-damage|p1a: Gliscor|161/239 tox\n|move|p2a: Vileplume|Giga Drain|p1a: Gliscor\n|-end|p1a: Gliscor|Substitute\n|\n|-heal|p1a: Gliscor|190/239 tox|[from] ability: Poison Heal\n|upkeep\n|turn|22\n|inactive|Time left: 300 sec this turn | 300 sec total\n|\n|t:|1783573342\n|move|p1a: Gliscor|Protect|p1a: Gliscor\n|-singleturn|p1a: Gliscor|Protect\n|move|p2a: Vileplume|Giga Drain|p1a: Gliscor\n|-activate|p1a: Gliscor|move: Protect\n|\n|-heal|p1a: Gliscor|219/239 tox|[from] ability: Poison Heal\n|upkeep\n|turn|23\n|inactive|Time left: 300 sec this turn | 300 sec total\n|\n|t:|1783573342\n|move|p1a: Gliscor|Substitute|p1a: Gliscor\n|-start|p1a: Gliscor|Substitute\n|-damage|p1a: Gliscor|160/239 tox\n|move|p2a: Vileplume|Giga Drain|p1a: Gliscor\n|-end|p1a: Gliscor|Substitute\n|\n|-heal|p1a: Gliscor|189/239 tox|[from] ability: Poison Heal\n|upkeep\n|turn|24\n|inactive|Time left: 300 sec this turn | 300 sec total\n|\n|t:|1783573343\n|move|p1a: Gliscor|Protect|p1a: Gliscor\n|-singleturn|p1a: Gliscor|Protect\n|move|p2a: Vileplume|Sludge Bomb|p1a: Gliscor\n|-activate|p1a: Gliscor|move: Protect\n|\n|-heal|p1a: Gliscor|218/239 tox|[from] ability: Poison Heal\n|upkeep\n|turn|25\n|inactive|Time left: 300 sec this turn | 300 sec total\n|\n|t:|1783573344\n|move|p1a: Gliscor|Substitute|p1a: Gliscor\n|-start|p1a: Gliscor|Substitute\n|-damage|p1a: Gliscor|159/239 tox\n|move|p2a: Vileplume|Sludge Bomb|p1a: Gliscor\n|-resisted|p1a: Gliscor\n|-crit|p1a: Gliscor\n|-end|p1a: Gliscor|Substitute\n|\n|-heal|p1a: Gliscor|188/239 tox|[from] ability: Poison Heal\n|upkeep\n|turn|26\n|inactive|Time left: 300 sec this turn | 300 sec total\n|\n|t:|1783573345\n|move|p1a: Gliscor|Protect|p1a: Gliscor\n|-singleturn|p1a: Gliscor|Protect\n|move|p2a: Vileplume|Sludge Bomb|p1a: Gliscor\n|-activate|p1a: Gliscor|move: Protect\n|\n|-heal|p1a: Gliscor|217/239 tox|[from] ability: Poison Heal\n|upkeep\n|turn|27\n|inactive|Time left: 300 sec this turn | 300 sec total\n|\n|t:|1783573346\n|move|p1a: Gliscor|Substitute|p1a: Gliscor\n|-start|p1a: Gliscor|Substitute\n|-damage|p1a: Gliscor|158/239 tox\n|move|p2a: Vileplume|Sludge Bomb|p1a: Gliscor\n|-resisted|p1a: Gliscor\n|-end|p1a: Gliscor|Substitute\n|\n|-heal|p1a: Gliscor|187/239 tox|[from] ability: Poison Heal\n|upkeep\n|turn|28\n|inactive|Time left: 300 sec this turn | 300 sec total\n|\n|t:|1783573347\n|move|p1a: Gliscor|Protect|p1a: Gliscor\n|-singleturn|p1a: Gliscor|Protect\n|move|p2a: Vileplume|Sludge Bomb|p1a: Gliscor\n|-activate|p1a: Gliscor|move: Protect\n|\n|-heal|p1a: Gliscor|216/239 tox|[from] ability: Poison Heal\n|upkeep\n|turn|29\n|inactive|Time left: 300 sec this turn | 300 sec total\n|\n|t:|1783573348\n|move|p1a: Gliscor|Earthquake|p2a: Vileplume\n|-crit|p2a: Vileplume\n|-damage|p2a: Vileplume|53/100\n|move|p2a: Vileplume|Sludge Bomb|p1a: Gliscor\n|-resisted|p1a: Gliscor\n|-damage|p1a: Gliscor|143/239 tox\n|\n|-heal|p2a: Vileplume|59/100|[from] item: Leftovers\n|-heal|p1a: Gliscor|172/239 tox|[from] ability: Poison Heal\n|upkeep\n|turn|30\n|inactive|Time left: 300 sec this turn | 300 sec total\n|\n|t:|1783573349\n|move|p1a: Gliscor|Protect|p1a: Gliscor\n|-singleturn|p1a: Gliscor|Protect\n|move|p2a: Vileplume|Strength Sap|p1a: Gliscor\n|-activate|p1a: Gliscor|move: Protect\n|\n|-heal|p2a: Vileplume|65/100|[from] item: Leftovers\n|-heal|p1a: Gliscor|201/239 tox|[from] ability: Poison Heal\n|upkeep\n|turn|31\n|inactive|Time left: 300 sec this turn | 300 sec total\n|\n|t:|1783573350\n|move|p1a: Gliscor|Earthquake|p2a: Vileplume\n|-damage|p2a: Vileplume|29/100\n|move|p2a: Vileplume|Strength Sap|p1a: Gliscor\n|-unboost|p1a: Gliscor|atk|1\n|-heal|p2a: Vileplume|99/100\n|\n|-heal|p2a: Vileplume|100/100|[from] item: Leftovers\n|-heal|p1a: Gliscor|230/239 tox|[from] ability: Poison Heal\n|upkeep\n|turn|32\n|inactive|Time left: 300 sec this turn | 300 sec total\n|\n|t:|1783573351\n|move|p1a: Gliscor|Protect|p1a: Gliscor\n|-singleturn|p1a: Gliscor|Protect\n|move|p2a: Vileplume|Sludge Bomb|p1a: Gliscor\n|-activate|p1a: Gliscor|move: Protect\n|\n|-heal|p1a: Gliscor|239/239 tox|[from] ability: Poison Heal\n|upkeep\n|turn|33\n|inactive|Time left: 300 sec this turn | 300 sec total\n|\n|t:|1783573352\n|switch|p1a: Vigoroth|Vigoroth, L85, F|275/275\n|move|p2a: Vileplume|Sludge Bomb|p1a: Vigoroth\n|-damage|p1a: Vigoroth|182/275\n|\n|upkeep\n|turn|34\n|inactive|Time left: 300 sec this turn | 300 sec total\n|\n|t:|1783573353\n|move|p1a: Vigoroth|Slack Off|p1a: Vigoroth\n|-heal|p1a: Vigoroth|275/275\n|move|p2a: Vileplume|Leech Seed|p1a: Vigoroth\n|-start|p1a: Vigoroth|move: Leech Seed\n|\n|-damage|p1a: Vigoroth|241/275|[from] Leech Seed|[of] p2a: Vileplume\n|upkeep\n|turn|35\n|inactive|Time left: 300 sec this turn | 300 sec total\n|\n|t:|1783573354\n|switch|p1a: Gliscor|Gliscor, L76, F|239/239 tox\n|move|p2a: Vileplume|Sludge Bomb|p1a: Gliscor\n|-resisted|p1a: Gliscor\n|-damage|p1a: Gliscor|172/239 tox\n|\n|-heal|p1a: Gliscor|201/239 tox|[from] ability: Poison Heal\n|upkeep\n|turn|36\n|inactive|Time left: 300 sec this turn | 300 sec total\n|\n|t:|1783573355\n|move|p1a: Gliscor|Substitute|p1a: Gliscor\n|-start|p1a: Gliscor|Substitute\n|-damage|p1a: Gliscor|142/239 tox\n|move|p2a: Vileplume|Giga Drain|p1a: Gliscor\n|-end|p1a: Gliscor|Substitute\n|\n|-heal|p1a: Gliscor|171/239 tox|[from] ability: Poison Heal\n|upkeep\n|turn|37\n|inactive|Time left: 300 sec this turn | 300 sec total\n|\n|t:|1783573356\n|move|p1a: Gliscor|Earthquake|p2a: Vileplume\n|-damage|p2a: Vileplume|70/100\n|move|p2a: Vileplume|Sludge Bomb|p1a: Gliscor\n|-resisted|p1a: Gliscor\n|-damage|p1a: Gliscor|98/239 tox\n|\n|-heal|p2a: Vileplume|76/100|[from] item: Leftovers\n|-heal|p1a: Gliscor|127/239 tox|[from] ability: Poison Heal\n|upkeep\n|turn|38\n|inactive|Time left: 300 sec this turn | 300 sec total\n|\n|t:|1783573357\n|move|p1a: Gliscor|Earthquake|p2a: Vileplume\n|-damage|p2a: Vileplume|42/100\n|move|p2a: Vileplume|Strength Sap|p1a: Gliscor\n|-unboost|p1a: Gliscor|atk|1\n|-heal|p2a: Vileplume|100/100\n|\n|-heal|p1a: Gliscor|156/239 tox|[from] ability: Poison Heal\n|upkeep\n|turn|39\n|inactive|Time left: 300 sec this turn | 300 sec total\n|\n|t:|1783573358\n|move|p1a: Gliscor|Protect|p1a: Gliscor\n|-singleturn|p1a: Gliscor|Protect\n|move|p2a: Vileplume|Sludge Bomb|p1a: Gliscor\n|-activate|p1a: Gliscor|move: Protect\n|\n|-heal|p1a: Gliscor|185/239 tox|[from] ability: Poison Heal\n|upkeep\n|turn|40\n|inactive|Time left: 300 sec this turn | 300 sec total\n|\n|t:|1783573359\n|move|p1a: Gliscor|Protect|p1a: Gliscor\n|-singleturn|p1a: Gliscor|Protect\n|move|p2a: Vileplume|Sludge Bomb|p1a: Gliscor\n|-activate|p1a: Gliscor|move: Protect\n|\n|-heal|p1a: Gliscor|214/239 tox|[from] ability: Poison Heal\n|upkeep\n|turn|41\n|inactive|Time left: 300 sec this turn | 300 sec total\n|\n|t:|1783573360\n|move|p1a: Gliscor|Substitute|p1a: Gliscor\n|-start|p1a: Gliscor|Substitute\n|-damage|p1a: Gliscor|155/239 tox\n|move|p2a: Vileplume|Leech Seed||[still]\n|-fail|p2a: Vileplume\n|\n|-heal|p1a: Gliscor|184/239 tox|[from] ability: Poison Heal\n|upkeep\n|turn|42\n|inactive|Time left: 300 sec this turn | 300 sec total\n|\n|t:|1783573361\n|move|p1a: Gliscor|Earthquake|p2a: Vileplume\n|-damage|p2a: Vileplume|78/100\n|move|p2a: Vileplume|Strength Sap||[still]\n|-fail|p2a: Vileplume\n|\n|-heal|p2a: Vileplume|84/100|[from] item: Leftovers\n|-heal|p1a: Gliscor|213/239 tox|[from] ability: Poison Heal\n|upkeep\n|turn|43\n|inactive|Time left: 300 sec this turn | 300 sec total\n|\n|t:|1783573362\n|move|p1a: Gliscor|Earthquake|p2a: Vileplume\n|-damage|p2a: Vileplume|62/100\n|move|p2a: Vileplume|Strength Sap||[still]\n|-fail|p2a: Vileplume\n|\n|-heal|p2a: Vileplume|68/100|[from] item: Leftovers\n|-heal|p1a: Gliscor|239/239 tox|[from] ability: Poison Heal\n|upkeep\n|turn|44\n|inactive|Time left: 300 sec this turn | 300 sec total\n|\n|t:|1783573363\n|move|p1a: Gliscor|Earthquake|p2a: Vileplume\n|-damage|p2a: Vileplume|46/100\n|move|p2a: Vileplume|Strength Sap||[still]\n|-fail|p2a: Vileplume\n|\n|-heal|p2a: Vileplume|52/100|[from] item: Leftovers\n|upkeep\n|turn|45\n|inactive|Time left: 300 sec this turn | 300 sec total\n|\n|t:|1783573364\n|move|p1a: Gliscor|Protect|p1a: Gliscor\n|-singleturn|p1a: Gliscor|Protect\n|move|p2a: Vileplume|Strength Sap|p1a: Gliscor\n|-activate|p1a: Gliscor|move: Protect\n|\n|-heal|p2a: Vileplume|58/100|[from] item: Leftovers\n|upkeep\n|turn|46\n|inactive|Time left: 300 sec this turn | 300 sec total\n|\n|t:|1783573365\n|move|p1a: Gliscor|Earthquake|p2a: Vileplume\n|-damage|p2a: Vileplume|37/100\n|move|p2a: Vileplume|Strength Sap||[still]\n|-fail|p2a: Vileplume\n|\n|-heal|p2a: Vileplume|43/100|[from] item: Leftovers\n|upkeep\n|turn|47\n|inactive|Time left: 300 sec this turn | 300 sec total\n|\n|t:|1783573367\n|move|p1a: Gliscor|Earthquake|p2a: Vileplume\n|-crit|p2a: Vileplume\n|-damage|p2a: Vileplume|0 fnt\n|faint|p2a: Vileplume\n|\n|upkeep\n|\n|t:|1783573368\n|switch|p2a: Carbink|Carbink, L90|100/100\n|-activate|p2a: Carbink|move: Sticky Web\n|-fail|p2a: Carbink|unboost|[from] ability: Clear Body|[of] p2a: Carbink\n|turn|48\n|inactive|Time left: 300 sec this turn | 300 sec total\n|\n|t:|1783573369\n|move|p1a: Gliscor|Toxic|p2a: Carbink\n|-status|p2a: Carbink|tox\n|move|p2a: Carbink|Rock Polish|p2a: Carbink\n|-boost|p2a: Carbink|spe|2\n|\n|-damage|p2a: Carbink|95/100 tox|[from] psn\n|upkeep\n|turn|49\n|inactive|Time left: 300 sec this turn | 300 sec total\n|\n|t:|1783573370\n|move|p2a: Carbink|Iron Defense|p2a: Carbink\n|-boost|p2a: Carbink|def|2\n|move|p1a: Gliscor|Earthquake|p2a: Carbink\n|-supereffective|p2a: Carbink\n|-damage|p2a: Carbink|79/100 tox\n|\n|-heal|p2a: Carbink|85/100 tox|[from] item: Leftovers\n|-damage|p2a: Carbink|73/100 tox|[from] psn\n|upkeep\n|turn|50\n|inactive|Time left: 300 sec this turn | 300 sec total\n|\n|t:|1783573371\n|switch|p1a: Mismagius|Mismagius, L86, F|243/243\n|move|p2a: Carbink|Moonblast|p1a: Mismagius\n|-damage|p1a: Mismagius|180/243\n|-unboost|p1a: Mismagius|spa|1\n|\n|-heal|p2a: Carbink|79/100 tox|[from] item: Leftovers\n|-damage|p2a: Carbink|62/100 tox|[from] psn\n|upkeep\n|turn|51\n|inactive|Time left: 300 sec this turn | 300 sec total\n|\n|t:|1783573372\n|move|p2a: Carbink|Body Press|p1a: Mismagius\n|-immune|p1a: Mismagius\n|move|p1a: Mismagius|Thunderbolt|p2a: Carbink\n|-damage|p2a: Carbink|42/100 tox\n|\n|-heal|p2a: Carbink|48/100 tox|[from] item: Leftovers\n|-damage|p2a: Carbink|24/100 tox|[from] psn\n|upkeep\n|turn|52\n|inactive|Time left: 300 sec this turn | 300 sec total\n|\n|t:|1783573373\n|move|p2a: Carbink|Moonblast|p1a: Mismagius\n|-damage|p1a: Mismagius|117/243\n|move|p1a: Mismagius|Thunderbolt|p2a: Carbink\n|-damage|p2a: Carbink|5/100 tox\n|\n|-heal|p2a: Carbink|11/100 tox|[from] item: Leftovers\n|-damage|p2a: Carbink|0 fnt|[from] psn\n|faint|p2a: Carbink\n|upkeep\n|\n|t:|1783573374\n|switch|p2a: Dodrio|Dodrio, L85, M|100/100\n|turn|53\n|inactive|Time left: 300 sec this turn | 300 sec total\n|\n|t:|1783573375\n|switch|p1a: Raichu|Raichu-Alola, L87, F|246/246\n|move|p2a: Dodrio|Brave Bird|p1a: Raichu\n|-resisted|p1a: Raichu\n|-damage|p1a: Raichu|98/246\n|-damage|p2a: Dodrio|80/100|[from] Recoil\n|\n|upkeep\n|turn|54\n|inactive|Time left: 300 sec this turn | 300 sec total\n|\n|t:|1783573376\n|switch|p2a: Alcremie|Alcremie-Rainbow-Swirl, L90, F|100/100\n|-activate|p2a: Alcremie|move: Sticky Web\n|-unboost|p2a: Alcremie|spe|1\n|move|p1a: Raichu|Thunderbolt|p2a: Alcremie\n|-damage|p2a: Alcremie|66/100\n|-damage|p1a: Raichu|74/246|[from] item: Life Orb\n|\n|-heal|p2a: Alcremie|72/100|[from] item: Leftovers\n|upkeep\n|turn|55\n|inactive|Time left: 300 sec this turn | 300 sec total\n|\n|t:|1783573378\n|move|p1a: Raichu|Psyshock|p2a: Alcremie\n|-damage|p2a: Alcremie|29/100\n|-damage|p1a: Raichu|50/246|[from] item: Life Orb\n|move|p2a: Alcremie|Alluring Voice|p1a: Raichu\n|-damage|p1a: Raichu|0 fnt\n|faint|p1a: Raichu\n|\n|-heal|p2a: Alcremie|35/100|[from] item: Leftovers\n|upkeep\n|inactive|Time left: 300 sec this turn | 300 sec total | 5 sec grace\n|\n|t:|1783573378\n|switch|p1a: Mismagius|Mismagius, L86, F|117/243\n|turn|56\n|inactive|Time left: 300 sec this turn | 300 sec total\n|\n|t:|1783573379\n|move|p1a: Mismagius|Shadow Ball|p2a: Alcremie\n|-damage|p2a: Alcremie|0 fnt\n|faint|p2a: Alcremie\n|\n|upkeep\n|\n|t:|1783573380\n|switch|p2a: Dodrio|Dodrio, L85, M|80/100\n|turn|57\n|inactive|Time left: 300 sec this turn | 300 sec total\n|\n|t:|1783573381\n|switch|p1a: Vigoroth|Vigoroth, L85, F|241/275\n|move|p2a: Dodrio|Brave Bird|p1a: Vigoroth\n|-crit|p1a: Vigoroth\n|-damage|p1a: Vigoroth|6/275\n|-damage|p2a: Dodrio|48/100|[from] Recoil\n|\n|upkeep\n|turn|58\n|inactive|Time left: 300 sec this turn | 300 sec total\n|\n|t:|1783573382\n|move|p2a: Dodrio|Brave Bird|p1a: Vigoroth\n|-damage|p1a: Vigoroth|0 fnt\n|faint|p1a: Vigoroth\n|-damage|p2a: Dodrio|47/100|[from] Recoil\n|\n|upkeep\n|inactive|Time left: 300 sec this turn | 300 sec total | 5 sec grace\n|\n|t:|1783573383\n|switch|p1a: Gliscor|Gliscor, L76, F|239/239 tox\n|turn|59\n|inactive|Time left: 300 sec this turn | 300 sec total\n|\n|t:|1783573384\n|move|p2a: Dodrio|Brave Bird|p1a: Gliscor\n|-damage|p1a: Gliscor|64/239 tox\n|-damage|p2a: Dodrio|23/100|[from] Recoil\n|move|p1a: Gliscor|Toxic|p2a: Dodrio\n|-status|p2a: Dodrio|tox\n|\n|-damage|p2a: Dodrio|17/100 tox|[from] psn\n|-heal|p1a: Gliscor|93/239 tox|[from] ability: Poison Heal\n|upkeep\n|turn|60\n|inactive|Time left: 300 sec this turn | 300 sec total\n|\n|t:|1783573385\n|switch|p1a: Vikavolt|Vikavolt, L83, M|51/263 psn\n|move|p2a: Dodrio|Brave Bird|p1a: Vikavolt\n|-damage|p1a: Vikavolt|0 fnt\n|faint|p1a: Vikavolt\n|-damage|p2a: Dodrio|10/100 tox|[from] Recoil\n|\n|-damage|p2a: Dodrio|0 fnt|[from] psn\n|faint|p2a: Dodrio\n|upkeep\n|inactive|Time left: 300 sec this turn | 300 sec total | 5 sec grace\n|\n|t:|1783573386\n|switch|p2a: Hippowdon|Hippowdon, L82, M|94/100 tox\n|switch|p1a: Mismagius|Mismagius, L86, F|117/243\n|-activate|p2a: Hippowdon|move: Sticky Web\n|-unboost|p2a: Hippowdon|spe|1\n|-weather|Sandstorm|[from] ability: Sand Stream|[of] p2a: Hippowdon\n|turn|61\n|inactive|Time left: 300 sec this turn | 300 sec total\n|\n|t:|1783573387\n|move|p1a: Mismagius|Energy Ball|p2a: Hippowdon\n|-supereffective|p2a: Hippowdon\n|-damage|p2a: Hippowdon|19/100 tox\n|move|p2a: Hippowdon|Stone Edge|p1a: Mismagius\n|-damage|p1a: Mismagius|19/243\n|\n|-weather|Sandstorm|[upkeep]\n|-damage|p1a: Mismagius|4/243|[from] Sandstorm\n|-damage|p2a: Hippowdon|13/100 tox|[from] psn\n|upkeep\n|turn|62\n|inactive|Time left: 300 sec this turn | 300 sec total\n|\n|t:|1783573388\n|switch|p2a: Ditto|Ditto, L87|100/100\n|-activate|p2a: Ditto|move: Sticky Web\n|-unboost|p2a: Ditto|spe|1\n|-transform|p2a: Ditto|p1a: Mismagius|[from] ability: Imposter\n|move|p1a: Mismagius|Energy Ball|p2a: Ditto\n|-damage|p2a: Ditto|57/100\n|\n|-weather|Sandstorm|[upkeep]\n|-damage|p2a: Ditto|51/100|[from] Sandstorm\n|-damage|p1a: Mismagius|0 fnt|[from] Sandstorm\n|faint|p1a: Mismagius\n|upkeep\n|inactive|Time left: 300 sec this turn | 300 sec total | 5 sec grace\n|\n|t:|1783573389\n|switch|p1a: Illumise|Illumise, L91, F|266/266\n|turn|63\n|inactive|Time left: 300 sec this turn | 300 sec total\n|\n|t:|1783573390\n|move|p2a: Ditto|Shadow Ball|p1a: Illumise\n|-damage|p1a: Illumise|182/266\n|move|p1a: Illumise|Bug Buzz|p2a: Ditto\n|-resisted|p2a: Ditto\n|-damage|p2a: Ditto|34/100\n|\n|-weather|Sandstorm|[upkeep]\n|-damage|p2a: Ditto|28/100|[from] Sandstorm\n|-damage|p1a: Illumise|166/266|[from] Sandstorm\n|upkeep\n|turn|64\n|inactive|Time left: 300 sec this turn | 300 sec total\n|\n|t:|1783573390\n|move|p1a: Illumise|Roost|p1a: Illumise\n|-heal|p1a: Illumise|266/266\n|-singleturn|p1a: Illumise|move: Roost\n|move|p2a: Ditto|Shadow Ball|p1a: Illumise\n|-damage|p1a: Illumise|173/266\n|\n|-weather|Sandstorm|[upkeep]\n|-damage|p2a: Ditto|22/100|[from] Sandstorm\n|-damage|p1a: Illumise|157/266|[from] Sandstorm\n|upkeep\n|turn|65\n|inactive|Time left: 300 sec this turn | 300 sec total\n|\n|t:|1783573391\n|-terastallize|p2a: Ditto|Steel\n|move|p1a: Illumise|Roost|p1a: Illumise\n|-heal|p1a: Illumise|266/266\n|-singleturn|p1a: Illumise|move: Roost\n|move|p2a: Ditto|Shadow Ball|p1a: Illumise\n|-damage|p1a: Illumise|178/266\n|\n|-weather|none\n|upkeep\n|turn|66\n|inactive|Time left: 300 sec this turn | 300 sec total\n|\n|t:|1783573392\n|move|p2a: Ditto|Shadow Ball|p1a: Illumise\n|-damage|p1a: Illumise|91/266\n|move|p1a: Illumise|Bug Buzz|p2a: Ditto\n|-resisted|p2a: Ditto\n|-damage|p2a: Ditto|5/100\n|\n|upkeep\n|turn|67\n|inactive|Time left: 300 sec this turn | 300 sec total\n|\n|t:|1783573393\n|-terastallize|p1a: Illumise|Steel\n|move|p1a: Illumise|Encore|p2a: Ditto\n|-start|p2a: Ditto|Encore\n|move|p2a: Ditto|Shadow Ball|p1a: Illumise\n|-crit|p1a: Illumise\n|-damage|p1a: Illumise|0 fnt\n|faint|p1a: Illumise\n|\n|-end|p2a: Ditto|Encore\n|upkeep\n|inactive|Time left: 300 sec this turn | 300 sec total | 5 sec grace\n|\n|t:|1783573393\n|switch|p1a: Gliscor|Gliscor, L76, F|93/239 tox\n|turn|68\n|inactive|Time left: 300 sec this turn | 300 sec total\n|\n|t:|1783573394\n|-activate|p2a: Ditto|move: Struggle\n|move|p2a: Ditto|Struggle|p1a: Gliscor\n|-damage|p1a: Gliscor|78/239 tox\n|-damage|p2a: Ditto|0 fnt|[from] recoil\n|faint|p2a: Ditto\n|move|p1a: Gliscor|Substitute|p1a: Gliscor\n|-start|p1a: Gliscor|Substitute\n|-damage|p1a: Gliscor|19/239 tox\n|\n|-heal|p1a: Gliscor|48/239 tox|[from] ability: Poison Heal\n|upkeep\n|\n|t:|1783573395\n|switch|p2a: Hippowdon|Hippowdon, L82, M|13/100 tox\n|-activate|p2a: Hippowdon|move: Sticky Web\n|-unboost|p2a: Hippowdon|spe|1\n|-weather|Sandstorm|[from] ability: Sand Stream|[of] p2a: Hippowdon\n|turn|69\n|inactive|Time left: 300 sec this turn | 300 sec total\n|\n|t:|1783573395\n|move|p1a: Gliscor|Earthquake|p2a: Hippowdon\n|-damage|p2a: Hippowdon|0 fnt\n|faint|p2a: Hippowdon\n|\n|win|p0x28949ca1", "uploadtime": 1783573395, "views": 0, "rating": 0, "private": 0, "password": null, "_winner": "p0x28949ca1", "_our_name": "p0x28949ca1"}