{"id": "battle-gen9randombattle-2061", "formatid": "gen9randombattle", "format": "[Gen 9] Random Battle", "players": ["p0x2061f32f", "p0y2061f703"], "log": "|init|battle\n|title|p0x2061f32f vs. p0y2061f703\n|j|\u2606p0x2061f32f\n|j|\u2606p0y2061f703\n|t:|1783563869\n|gametype|singles\n|player|p1|p0x2061f32f|1|\n|player|p2|p0y2061f703|1|\n|gen|9\n|tier|[Gen 9] Random Battle\n|rule|Species Clause: Limit one of each Pok\u00e9mon\n|rule|HP Percentage Mod: HP is shown in percentages\n|rule|Sleep Clause Mod: Limit one foe put to sleep\n|rule|Illusion Level Mod: Illusion disguises the Pok\u00e9mon's true level\n|\n|t:|1783563869\n|teamsize|p1|6\n|teamsize|p2|6\n|start\n|switch|p1a: Glimmora|Glimmora, L75, F|100/100\n|switch|p2a: Oranguru|Oranguru, L92, M|315/315\n|turn|1\n|inactive|Battle timer is ON: inactive players will automatically lose when time's up. (requested by p0y2061f703)\n|inactive|p0x2061f32f also wants the timer to be on.\n|\n|t:|1783563870\n|move|p1a: Glimmora|Spikes|p2a: Oranguru\n|-sidestart|p2: p0y2061f703|Spikes\n|move|p2a: Oranguru|Psychic|p1a: Glimmora\n|-supereffective|p1a: Glimmora\n|-damage|p1a: Glimmora|0 fnt\n|faint|p1a: Glimmora\n|\n|upkeep\n|\n|t:|1783563871\n|switch|p1a: Gardevoir|Gardevoir, L83, F|100/100\n|-ability|p1a: Gardevoir|Inner Focus|Trace|[from] ability: Trace|[of] p2a: Oranguru\n|turn|2\n|inactive|Time left: 300 sec this turn | 300 sec total\n|\n|t:|1783563873\n|move|p1a: Gardevoir|Mystical Fire|p2a: Oranguru\n|-damage|p2a: Oranguru|266/315\n|-unboost|p2a: Oranguru|spa|1\n|move|p2a: Oranguru|Nasty Plot|p2a: Oranguru\n|-boost|p2a: Oranguru|spa|2\n|\n|-heal|p2a: Oranguru|285/315|[from] item: Leftovers\n|upkeep\n|turn|3\n|inactive|Time left: 300 sec this turn | 300 sec total\n|\n|t:|1783563874\n|move|p1a: Gardevoir|Mystical Fire|p2a: Oranguru\n|-damage|p2a: Oranguru|233/315\n|-unboost|p2a: Oranguru|spa|1\n|move|p2a: Oranguru|Nasty Plot|p2a: Oranguru\n|-boost|p2a: Oranguru|spa|2\n|\n|-heal|p2a: Oranguru|252/315|[from] item: Leftovers\n|upkeep\n|turn|4\n|inactive|Time left: 300 sec this turn | 300 sec total\n|\n|t:|1783563875\n|move|p1a: Gardevoir|Mystical Fire|p2a: Oranguru\n|-damage|p2a: Oranguru|203/315\n|-unboost|p2a: Oranguru|spa|1\n|move|p2a: Oranguru|Nasty Plot|p2a: Oranguru\n|-boost|p2a: Oranguru|spa|2\n|\n|-heal|p2a: Oranguru|222/315|[from] item: Leftovers\n|upkeep\n|turn|5\n|inactive|Time left: 300 sec this turn | 300 sec total\n|\n|t:|1783563876\n|move|p1a: Gardevoir|Mystical Fire|p2a: Oranguru\n|-damage|p2a: Oranguru|173/315\n|-unboost|p2a: Oranguru|spa|1\n|move|p2a: Oranguru|Psychic|p1a: Gardevoir\n|-resisted|p1a: Gardevoir\n|-damage|p1a: Gardevoir|68/100\n|\n|-heal|p2a: Oranguru|192/315|[from] item: Leftovers\n|upkeep\n|turn|6\n|inactive|Time left: 300 sec this turn | 300 sec total\n|\n|t:|1783563877\n|move|p1a: Gardevoir|Mystical Fire|p2a: Oranguru\n|-damage|p2a: Oranguru|142/315\n|-unboost|p2a: Oranguru|spa|1\n|move|p2a: Oranguru|Nasty Plot|p2a: Oranguru\n|-boost|p2a: Oranguru|spa|2\n|\n|-heal|p2a: Oranguru|161/315|[from] item: Leftovers\n|upkeep\n|turn|7\n|inactive|Time left: 300 sec this turn | 300 sec total\n|\n|t:|1783563879\n|move|p1a: Gardevoir|Mystical Fire|p2a: Oranguru\n|-crit|p2a: Oranguru\n|-damage|p2a: Oranguru|80/315\n|-unboost|p2a: Oranguru|spa|1\n|move|p2a: Oranguru|Thunderbolt|p1a: Gardevoir\n|-damage|p1a: Gardevoir|17/100\n|\n|-heal|p2a: Oranguru|99/315|[from] item: Leftovers\n|upkeep\n|turn|8\n|inactive|Time left: 300 sec this turn | 300 sec total\n|\n|t:|1783563880\n|move|p1a: Gardevoir|Mystical Fire|p2a: Oranguru\n|-damage|p2a: Oranguru|52/315\n|-unboost|p2a: Oranguru|spa|1\n|move|p2a: Oranguru|Thunderbolt|p1a: Gardevoir\n|-damage|p1a: Gardevoir|0 fnt\n|faint|p1a: Gardevoir\n|\n|-heal|p2a: Oranguru|71/315|[from] item: Leftovers\n|upkeep\n|\n|t:|1783563881\n|switch|p1a: Iron Bundle|Iron Bundle, L78|100/100\n|turn|9\n|inactive|Time left: 300 sec this turn | 300 sec total\n|\n|t:|1783563882\n|switch|p2a: Sandslash|Sandslash-Alola, L88, M|275/275\n|-damage|p2a: Sandslash|241/275|[from] Spikes\n|move|p1a: Iron Bundle|Ice Beam|p2a: Sandslash\n|-resisted|p2a: Sandslash\n|-damage|p2a: Sandslash|213/275\n|\n|-heal|p2a: Sandslash|230/275|[from] item: Leftovers\n|upkeep\n|turn|10\n|inactive|Time left: 300 sec this turn | 300 sec total\n|\n|t:|1783563883\n|move|p1a: Iron Bundle|Hydro Pump|p2a: Sandslash\n|-damage|p2a: Sandslash|88/275\n|move|p2a: Sandslash|Knock Off|p1a: Iron Bundle\n|-damage|p1a: Iron Bundle|71/100\n|-enditem|p1a: Iron Bundle|Heavy-Duty Boots|[from] move: Knock Off|[of] p2a: Sandslash\n|\n|-heal|p2a: Sandslash|105/275|[from] item: Leftovers\n|upkeep\n|turn|11\n|inactive|Time left: 300 sec this turn | 300 sec total\n|\n|t:|1783563884\n|move|p1a: Iron Bundle|Hydro Pump|p2a: Sandslash\n|-damage|p2a: Sandslash|0 fnt\n|faint|p2a: Sandslash\n|\n|upkeep\n|inactive|Time left: 300 sec this turn | 300 sec total | 5 sec grace\n|\n|t:|1783563885\n|switch|p2a: Toucannon|Toucannon, L88, F|284/284\n|turn|12\n|inactive|Time left: 300 sec this turn | 300 sec total\n|\n|t:|1783563886\n|move|p1a: Iron Bundle|Ice Beam|p2a: Toucannon\n|-supereffective|p2a: Toucannon\n|-damage|p2a: Toucannon|80/284\n|move|p2a: Toucannon|Boomburst|p1a: Iron Bundle\n|-damage|p1a: Iron Bundle|0 fnt\n|faint|p1a: Iron Bundle\n|-end|p1a: Iron Bundle|Quark Drive|[silent]\n|\n|upkeep\n|\n|t:|1783563887\n|switch|p1a: Ambipom|Ambipom, L84, M|100/100\n|turn|13\n|inactive|Time left: 300 sec this turn | 300 sec total\n|\n|t:|1783563888\n|switch|p2a: Overqwil|Overqwil, L82, F|274/274\n|-damage|p2a: Overqwil|240/274|[from] Spikes\n|-ability|p2a: Overqwil|Intimidate|boost\n|-unboost|p1a: Ambipom|atk|1\n|move|p1a: Ambipom|Fake Out|p2a: Overqwil\n|-damage|p2a: Overqwil|186/274\n|\n|upkeep\n|turn|14\n|inactive|Time left: 300 sec this turn | 300 sec total\n|\n|t:|1783563889\n|move|p1a: Ambipom|U-turn|p2a: Overqwil\n|-damage|p2a: Overqwil|150/274\n|\n|t:|1783563890\n|switch|p1a: Regirock|Regirock, L83|100/100|[from] U-turn\n|move|p2a: Overqwil|Gunk Shot|p1a: Regirock\n|-resisted|p1a: Regirock\n|-damage|p1a: Regirock|81/100\n|\n|upkeep\n|turn|15\n|inactive|Time left: 300 sec this turn | 300 sec total\n|\n|t:|1783563891\n|move|p2a: Overqwil|Gunk Shot|p1a: Regirock\n|-resisted|p1a: Regirock\n|-damage|p1a: Regirock|62/100\n|move|p1a: Regirock|Body Press|p2a: Overqwil\n|-damage|p2a: Overqwil|50/274\n|\n|upkeep\n|turn|16\n|inactive|Time left: 300 sec this turn | 300 sec total\n|\n|t:|1783563893\n|move|p2a: Overqwil|Gunk Shot|p1a: Regirock|[miss]\n|-miss|p2a: Overqwil|p1a: Regirock\n|move|p1a: Regirock|Body Press|p2a: Overqwil\n|-damage|p2a: Overqwil|0 fnt\n|faint|p2a: Overqwil\n|\n|upkeep\n|inactive|Time left: 300 sec this turn | 300 sec total | 5 sec grace\n|\n|t:|1783563893\n|switch|p2a: Veluza|Veluza, L85, F|292/292\n|-damage|p2a: Veluza|256/292|[from] Spikes\n|turn|17\n|inactive|Time left: 300 sec this turn | 300 sec total\n|\n|t:|1783563894\n|move|p2a: Veluza|Aqua Cutter|p1a: Regirock\n|-supereffective|p1a: Regirock\n|-damage|p1a: Regirock|0 fnt\n|faint|p1a: Regirock\n|\n|upkeep\n|\n|t:|1783563895\n|switch|p1a: Torkoal|Torkoal, L88, F|100/100\n|-weather|SunnyDay|[from] ability: Drought|[of] p1a: Torkoal\n|turn|18\n|inactive|Time left: 300 sec this turn | 300 sec total\n|\n|t:|1783563896\n|move|p2a: Veluza|Aqua Cutter|p1a: Torkoal\n|-supereffective|p1a: Torkoal\n|-damage|p1a: Torkoal|60/100\n|move|p1a: Torkoal|Solar Beam||[still]\n|-prepare|p1a: Torkoal|Solar Beam\n|-anim|p1a: Torkoal|Solar Beam|p2a: Veluza\n|-supereffective|p2a: Veluza\n|-damage|p2a: Veluza|42/292\n|\n|-weather|SunnyDay|[upkeep]\n|upkeep\n|turn|19\n|inactive|Time left: 300 sec this turn | 300 sec total\n|\n|t:|1783563898\n|move|p2a: Veluza|Aqua Cutter|p1a: Torkoal\n|-supereffective|p1a: Torkoal\n|-damage|p1a: Torkoal|17/100\n|move|p1a: Torkoal|Lava Plume|p2a: Veluza\n|-resisted|p2a: Veluza\n|-damage|p2a: Veluza|0 fnt\n|faint|p2a: Veluza\n|\n|-weather|SunnyDay|[upkeep]\n|upkeep\n|inactive|Time left: 300 sec this turn | 300 sec total | 5 sec grace\n|\n|t:|1783563899\n|switch|p2a: Toucannon|Toucannon, L88, F|80/284\n|turn|20\n|inactive|Time left: 300 sec this turn | 300 sec total\n|\n|t:|1783563900\n|move|p2a: Toucannon|Boomburst|p1a: Torkoal\n|-damage|p1a: Torkoal|0 fnt\n|faint|p1a: Torkoal\n|\n|-weather|SunnyDay|[upkeep]\n|upkeep\n|\n|t:|1783563901\n|switch|p1a: Ambipom|Ambipom, L84, M|100/100\n|turn|21\n|inactive|Time left: 300 sec this turn | 300 sec total\n|\n|t:|1783563902\n|switch|p2a: Iron Treads|Iron Treads, L77|265/265\n|-damage|p2a: Iron Treads|232/265|[from] Spikes\n|move|p1a: Ambipom|Fake Out|p2a: Iron Treads\n|-resisted|p2a: Iron Treads\n|-damage|p2a: Iron Treads|202/265\n|\n|-weather|SunnyDay|[upkeep]\n|upkeep\n|turn|22\n|inactive|Time left: 300 sec this turn | 300 sec total\n|\n|t:|1783563903\n|move|p1a: Ambipom|Knock Off|p2a: Iron Treads\n|-damage|p2a: Iron Treads|137/265\n|-enditem|p2a: Iron Treads|Assault Vest|[from] move: Knock Off|[of] p1a: Ambipom\n|move|p2a: Iron Treads|Earthquake|p1a: Ambipom\n|-damage|p1a: Ambipom|58/100\n|\n|-weather|none\n|upkeep\n|turn|23\n|inactive|Time left: 300 sec this turn | 300 sec total\n|\n|t:|1783563904\n|move|p1a: Ambipom|Knock Off|p2a: Iron Treads\n|-damage|p2a: Iron Treads|96/265\n|move|p2a: Iron Treads|Earthquake|p1a: Ambipom\n|-damage|p1a: Ambipom|12/100\n|\n|upkeep\n|turn|24\n|inactive|Time left: 300 sec this turn | 300 sec total\n|\n|t:|1783563905\n|move|p1a: Ambipom|Double-Edge|p2a: Iron Treads\n|-resisted|p2a: Iron Treads\n|-damage|p2a: Iron Treads|24/265\n|-damage|p1a: Ambipom|3/100|[from] Recoil\n|move|p2a: Iron Treads|Iron Head|p1a: Ambipom\n|-damage|p1a: Ambipom|0 fnt\n|faint|p1a: Ambipom\n|\n|win|p0y2061f703", "uploadtime": 1783563905, "views": 0, "rating": 0, "private": 0, "password": null, "_winner": "p0y2061f703", "_our_name": "p0y2061f703"}