{"id": "battle-gen9randombattle-1626", "formatid": "gen9randombattle", "format": "[Gen 9] Random Battle", "players": ["p0x16267ca8", "p0y1626c9a5"], "log": "|init|battle\n|title|p0x16267ca8 vs. p0y1626c9a5\n|j|\u2606p0x16267ca8\n|j|\u2606p0y1626c9a5\n|t:|1783558047\n|gametype|singles\n|player|p1|p0x16267ca8|169|\n|player|p2|p0y1626c9a5|266|\n|gen|9\n|tier|[Gen 9] Random Battle\n|rule|Species Clause: Limit one of each Pok\u00e9mon\n|rule|HP Percentage Mod: HP is shown in percentages\n|rule|Sleep Clause Mod: Limit one foe put to sleep\n|rule|Illusion Level Mod: Illusion disguises the Pok\u00e9mon's true level\n|\n|t:|1783558047\n|teamsize|p1|6\n|teamsize|p2|6\n|start\n|switch|p1a: Duraludon|Duraludon, L82, F|100/100\n|switch|p2a: Altaria|Altaria, L89, M|278/278\n|turn|1\n|inactive|Battle timer is ON: inactive players will automatically lose when time's up. (requested by p0x16267ca8)\n|inactive|Time left: 300 sec this turn | 300 sec total | 60 sec grace\n|inactive|p0y1626c9a5 also wants the timer to be on.\n|\n|t:|1783558049\n|switch|p2a: Spidops|Spidops, L96, M|271/271\n|move|p1a: Duraludon|Flash Cannon|p2a: Spidops\n|-damage|p2a: Spidops|181/271\n|\n|upkeep\n|turn|2\n|inactive|Time left: 300 sec this turn | 300 sec total\n|\n|t:|1783558050\n|switch|p1a: Yanmega|Yanmega, L82, M|100/100\n|move|p2a: Spidops|Sticky Web|p1a: Yanmega\n|-sidestart|p1: p0x16267ca8|move: Sticky Web\n|\n|upkeep\n|turn|3\n|inactive|Time left: 300 sec this turn | 300 sec total\n|\n|t:|1783558051\n|move|p1a: Yanmega|Air Slash|p2a: Spidops|[miss]\n|-miss|p1a: Yanmega|p2a: Spidops\n|move|p2a: Spidops|Toxic Spikes|p1a: Yanmega\n|-sidestart|p1: p0x16267ca8|move: Toxic Spikes\n|\n|-ability|p1a: Yanmega|Speed Boost|boost\n|-boost|p1a: Yanmega|spe|1\n|upkeep\n|turn|4\n|inactive|Time left: 300 sec this turn | 300 sec total\n|\n|t:|1783558052\n|move|p1a: Yanmega|Air Slash|p2a: Spidops\n|-supereffective|p2a: Spidops\n|-damage|p2a: Spidops|29/271\n|move|p2a: Spidops|Knock Off|p1a: Yanmega\n|-damage|p1a: Yanmega|71/100\n|-enditem|p1a: Yanmega|Heavy-Duty Boots|[from] move: Knock Off|[of] p2a: Spidops\n|\n|-ability|p1a: Yanmega|Speed Boost|boost\n|-boost|p1a: Yanmega|spe|1\n|upkeep\n|turn|5\n|inactive|Time left: 300 sec this turn | 300 sec total\n|\n|t:|1783558054\n|switch|p2a: Altaria|Altaria, L89, M|278/278\n|move|p1a: Yanmega|Air Slash|p2a: Altaria\n|-damage|p2a: Altaria|206/278\n|\n|-ability|p1a: Yanmega|Speed Boost|boost\n|-boost|p1a: Yanmega|spe|1\n|upkeep\n|turn|6\n|inactive|Time left: 300 sec this turn | 300 sec total\n|\n|t:|1783558055\n|move|p1a: Yanmega|Air Slash|p2a: Altaria\n|-damage|p2a: Altaria|139/278\n|cant|p2a: Altaria|flinch\n|\n|-ability|p1a: Yanmega|Speed Boost|boost\n|-boost|p1a: Yanmega|spe|1\n|upkeep\n|turn|7\n|inactive|Time left: 300 sec this turn | 300 sec total\n|\n|t:|1783558056\n|move|p1a: Yanmega|Air Slash|p2a: Altaria\n|-crit|p2a: Altaria\n|-damage|p2a: Altaria|40/278\n|cant|p2a: Altaria|flinch\n|\n|-ability|p1a: Yanmega|Speed Boost|boost\n|-boost|p1a: Yanmega|spe|1\n|upkeep\n|turn|8\n|inactive|Time left: 300 sec this turn | 300 sec total\n|\n|t:|1783558058\n|switch|p2a: Spiritomb|Spiritomb, L89, F|234/234\n|move|p1a: Yanmega|Air Slash|p2a: Spiritomb\n|-damage|p2a: Spiritomb|167/234\n|\n|-heal|p2a: Spiritomb|181/234|[from] item: Leftovers\n|-ability|p1a: Yanmega|Speed Boost|boost\n|-boost|p1a: Yanmega|spe|1\n|upkeep\n|turn|9\n|inactive|Time left: 300 sec this turn | 300 sec total\n|\n|t:|1783558059\n|move|p1a: Yanmega|Air Slash|p2a: Spiritomb\n|-damage|p2a: Spiritomb|115/234\n|move|p2a: Spiritomb|Pain Split|p1a: Yanmega\n|-sethp|p1a: Yanmega|56/100|[from] move: Pain Split|[silent]\n|-sethp|p2a: Spiritomb|154/234|[from] move: Pain Split\n|\n|-heal|p2a: Spiritomb|168/234|[from] item: Leftovers\n|upkeep\n|turn|10\n|inactive|Time left: 300 sec this turn | 300 sec total\n|\n|t:|1783558061\n|move|p1a: Yanmega|Bug Buzz|p2a: Spiritomb\n|-damage|p2a: Spiritomb|87/234\n|move|p2a: Spiritomb|Foul Play|p1a: Yanmega\n|-damage|p1a: Yanmega|32/100\n|\n|-heal|p2a: Spiritomb|101/234|[from] item: Leftovers\n|upkeep\n|turn|11\n|inactive|Time left: 300 sec this turn | 300 sec total\n|\n|t:|1783558062\n|move|p1a: Yanmega|Bug Buzz|p2a: Spiritomb\n|-damage|p2a: Spiritomb|16/234\n|-unboost|p2a: Spiritomb|spd|1\n|move|p2a: Spiritomb|Foul Play|p1a: Yanmega\n|-damage|p1a: Yanmega|8/100\n|\n|-heal|p2a: Spiritomb|30/234|[from] item: Leftovers\n|upkeep\n|turn|12\n|inactive|Time left: 300 sec this turn | 300 sec total\n|\n|t:|1783558063\n|switch|p2a: Munkidori|Munkidori, L79, M|269/269\n|move|p1a: Yanmega|Protect||[still]\n|-fail|p1a: Yanmega\n|\n|upkeep\n|turn|13\n|inactive|Time left: 300 sec this turn | 300 sec total\n|\n|t:|1783558064\n|move|p1a: Yanmega|Protect|p1a: Yanmega\n|-singleturn|p1a: Yanmega|Protect\n|move|p2a: Munkidori|Psychic Noise|p1a: Yanmega\n|-activate|p1a: Yanmega|move: Protect\n|\n|upkeep\n|turn|14\n|inactive|Time left: 300 sec this turn | 300 sec total\n|\n|t:|1783558065\n|move|p1a: Yanmega|Air Slash|p2a: Munkidori\n|-damage|p2a: Munkidori|203/269\n|move|p2a: Munkidori|Psychic Noise|p1a: Yanmega\n|-damage|p1a: Yanmega|0 fnt\n|faint|p1a: Yanmega\n|\n|upkeep\n|\n|t:|1783558066\n|switch|p1a: Swalot|Swalot, L90, F|100/100\n|-activate|p1a: Swalot|move: Sticky Web\n|-unboost|p1a: Swalot|spe|1\n|-sideend|p1: p0x16267ca8|move: Toxic Spikes|[of] p1a: Swalot\n|turn|15\n|inactive|Time left: 300 sec this turn | 300 sec total\n|\n|t:|1783558067\n|move|p2a: Munkidori|Psychic Noise|p1a: Swalot\n|-supereffective|p1a: Swalot\n|-damage|p1a: Swalot|43/100\n|-start|p1a: Swalot|move: Heal Block\n|move|p1a: Swalot|Earthquake|p2a: Munkidori\n|-supereffective|p2a: Munkidori\n|-damage|p2a: Munkidori|29/269\n|\n|upkeep\n|turn|16\n|inactive|Time left: 300 sec this turn | 300 sec total\n|\n|t:|1783558068\n|move|p1a: Swalot|Protect|p1a: Swalot\n|-singleturn|p1a: Swalot|Protect\n|move|p2a: Munkidori|Psychic Noise|p1a: Swalot\n|-activate|p1a: Swalot|move: Protect\n|\n|-end|p1a: Swalot|move: Heal Block\n|upkeep\n|turn|17\n|inactive|Time left: 300 sec this turn | 300 sec total\n|\n|t:|1783558069\n|move|p2a: Munkidori|Psychic Noise|p1a: Swalot\n|-supereffective|p1a: Swalot\n|-damage|p1a: Swalot|0 fnt\n|faint|p1a: Swalot\n|\n|upkeep\n|\n|t:|1783558070\n|switch|p1a: Swampert|Swampert, L83, M|100/100\n|-activate|p1a: Swampert|move: Sticky Web\n|-unboost|p1a: Swampert|spe|1\n|turn|18\n|inactive|Time left: 300 sec this turn | 300 sec total\n|\n|t:|1783558071\n|move|p2a: Munkidori|U-turn|p1a: Swampert\n|-damage|p1a: Swampert|88/100\n|-status|p1a: Swampert|tox|[from] ability: Toxic Chain|[of] p2a: Munkidori\n|inactive|Time left: 300 sec this turn | 300 sec total | 5 sec grace\n|\n|t:|1783558072\n|switch|p2a: Latias|Latias, L79, F|256/256|[from] U-turn\n|move|p1a: Swampert|Earthquake|p2a: Latias\n|-immune|p2a: Latias|[from] ability: Levitate\n|\n|-heal|p1a: Swampert|94/100 tox|[from] item: Leftovers\n|-damage|p1a: Swampert|88/100 tox|[from] psn\n|upkeep\n|turn|19\n|inactive|Time left: 300 sec this turn | 300 sec total\n|\n|t:|1783558073\n|move|p2a: Latias|Calm Mind|p2a: Latias\n|-boost|p2a: Latias|spa|1\n|-boost|p2a: Latias|spd|1\n|move|p1a: Swampert|Knock Off|p2a: Latias\n|-supereffective|p2a: Latias\n|-damage|p2a: Latias|92/256\n|-enditem|p2a: Latias|Soul Dew|[from] move: Knock Off|[of] p1a: Swampert\n|\n|-heal|p1a: Swampert|94/100 tox|[from] item: Leftovers\n|-damage|p1a: Swampert|82/100 tox|[from] psn\n|upkeep\n|turn|20\n|inactive|Time left: 300 sec this turn | 300 sec total\n|\n|t:|1783558074\n|move|p2a: Latias|Recover|p2a: Latias\n|-heal|p2a: Latias|220/256\n|move|p1a: Swampert|Knock Off|p2a: Latias\n|-supereffective|p2a: Latias\n|-damage|p2a: Latias|116/256\n|\n|-heal|p1a: Swampert|88/100 tox|[from] item: Leftovers\n|-damage|p1a: Swampert|70/100 tox|[from] psn\n|upkeep\n|turn|21\n|inactive|Time left: 300 sec this turn | 300 sec total\n|\n|t:|1783558075\n|move|p2a: Latias|Recover|p2a: Latias\n|-heal|p2a: Latias|244/256\n|move|p1a: Swampert|Knock Off|p2a: Latias\n|-supereffective|p2a: Latias\n|-damage|p2a: Latias|148/256\n|\n|-heal|p1a: Swampert|76/100 tox|[from] item: Leftovers\n|-damage|p1a: Swampert|52/100 tox|[from] psn\n|upkeep\n|turn|22\n|inactive|Time left: 300 sec this turn | 300 sec total\n|\n|t:|1783558076\n|move|p2a: Latias|Recover|p2a: Latias\n|-heal|p2a: Latias|256/256\n|move|p1a: Swampert|Knock Off|p2a: Latias\n|-supereffective|p2a: Latias\n|-damage|p2a: Latias|148/256\n|\n|-heal|p1a: Swampert|58/100 tox|[from] item: Leftovers\n|-damage|p1a: Swampert|28/100 tox|[from] psn\n|upkeep\n|turn|23\n|inactive|Time left: 300 sec this turn | 300 sec total\n|\n|t:|1783558078\n|move|p2a: Latias|Recover|p2a: Latias\n|-heal|p2a: Latias|256/256\n|move|p1a: Swampert|Knock Off|p2a: Latias\n|-supereffective|p2a: Latias\n|-damage|p2a: Latias|158/256\n|\n|-heal|p1a: Swampert|34/100 tox|[from] item: Leftovers\n|-damage|p1a: Swampert|0 fnt|[from] psn\n|faint|p1a: Swampert\n|upkeep\n|\n|t:|1783558079\n|switch|p1a: Duraludon|Duraludon, L82, F|100/100\n|-activate|p1a: Duraludon|move: Sticky Web\n|-unboost|p1a: Duraludon|spe|1\n|turn|24\n|inactive|Time left: 300 sec this turn | 300 sec total\n|\n|t:|1783558079\n|move|p2a: Latias|Draco Meteor|p1a: Duraludon\n|-damage|p1a: Duraludon|13/100\n|-unboost|p2a: Latias|spa|2\n|move|p1a: Duraludon|Draco Meteor|p2a: Latias\n|-supereffective|p2a: Latias\n|-damage|p2a: Latias|0 fnt\n|-unboost|p1a: Duraludon|spa|2\n|faint|p2a: Latias\n|\n|upkeep\n|inactive|Time left: 300 sec this turn | 300 sec total | 5 sec grace\n|\n|t:|1783558081\n|switch|p2a: Altaria|Altaria, L89, M|40/278\n|turn|25\n|inactive|Time left: 300 sec this turn | 300 sec total\n|\n|t:|1783558082\n|switch|p1a: Flutter Mane|Flutter Mane, L74|100/100\n|-activate|p1a: Flutter Mane|move: Sticky Web\n|-unboost|p1a: Flutter Mane|spe|1\n|move|p2a: Altaria|Roost|p2a: Altaria\n|-heal|p2a: Altaria|179/278\n|-singleturn|p2a: Altaria|move: Roost\n|\n|upkeep\n|turn|26\n|inactive|Time left: 300 sec this turn | 300 sec total\n|\n|t:|1783558083\n|move|p2a: Altaria|Brave Bird|p1a: Flutter Mane\n|-damage|p1a: Flutter Mane|22/100\n|-damage|p2a: Altaria|126/278|[from] Recoil\n|move|p1a: Flutter Mane|Moonblast|p2a: Altaria\n|-supereffective|p2a: Altaria\n|-damage|p2a: Altaria|0 fnt\n|faint|p2a: Altaria\n|-damage|p1a: Flutter Mane|12/100|[from] item: Life Orb\n|\n|upkeep\n|inactive|Time left: 300 sec this turn | 300 sec total | 5 sec grace\n|\n|t:|1783558084\n|switch|p2a: Victreebel|Victreebel, L90, F|290/290\n|turn|27\n|inactive|Time left: 300 sec this turn | 300 sec total\n|\n|t:|1783558085\n|move|p2a: Victreebel|Sludge Wave|p1a: Flutter Mane\n|-damage|p1a: Flutter Mane|0 fnt\n|faint|p1a: Flutter Mane\n|-end|p1a: Flutter Mane|Protosynthesis|[silent]\n|-damage|p2a: Victreebel|261/290|[from] item: Life Orb\n|\n|upkeep\n|\n|t:|1783558086\n|switch|p1a: Barraskewda|Barraskewda, L81, F|100/100\n|-activate|p1a: Barraskewda|move: Sticky Web\n|-unboost|p1a: Barraskewda|spe|1\n|turn|28\n|inactive|Time left: 300 sec this turn | 300 sec total\n|\n|t:|1783558087\n|move|p1a: Barraskewda|Flip Turn|p2a: Victreebel\n|-resisted|p2a: Victreebel\n|-damage|p2a: Victreebel|195/290\n|\n|t:|1783558088\n|switch|p1a: Duraludon|Duraludon, L82, F|13/100|[from] Flip Turn\n|-activate|p1a: Duraludon|move: Sticky Web\n|-unboost|p1a: Duraludon|spe|1\n|move|p2a: Victreebel|Knock Off|p1a: Duraludon\n|-damage|p1a: Duraludon|0 fnt\n|-enditem|p1a: Duraludon|Eviolite|[from] move: Knock Off|[of] p2a: Victreebel\n|faint|p1a: Duraludon\n|-damage|p2a: Victreebel|166/290|[from] item: Life Orb\n|\n|upkeep\n|\n|t:|1783558089\n|switch|p1a: Barraskewda|Barraskewda, L81, F|100/100\n|-activate|p1a: Barraskewda|move: Sticky Web\n|-unboost|p1a: Barraskewda|spe|1\n|turn|29\n|inactive|Time left: 300 sec this turn | 300 sec total\n|\n|t:|1783558090\n|move|p1a: Barraskewda|Waterfall|p2a: Victreebel\n|-resisted|p2a: Victreebel\n|-damage|p2a: Victreebel|86/290\n|move|p2a: Victreebel|Sludge Wave|p1a: Barraskewda\n|-damage|p1a: Barraskewda|5/100\n|-damage|p2a: Victreebel|57/290|[from] item: Life Orb\n|\n|upkeep\n|turn|30\n|inactive|Time left: 300 sec this turn | 300 sec total\n|\n|t:|1783558091\n|-terastallize|p1a: Barraskewda|Fighting\n|move|p1a: Barraskewda|Waterfall|p2a: Victreebel\n|-resisted|p2a: Victreebel\n|-damage|p2a: Victreebel|0 fnt\n|faint|p2a: Victreebel\n|\n|upkeep\n|inactive|Time left: 300 sec this turn | 300 sec total | 5 sec grace\n|\n|t:|1783558092\n|switch|p2a: Munkidori|Munkidori, L79, M|29/269\n|turn|31\n|inactive|Time left: 300 sec this turn | 300 sec total\n|\n|t:|1783558093\n|-terastallize|p2a: Munkidori|Dark\n|move|p2a: Munkidori|U-turn|p1a: Barraskewda\n|-resisted|p1a: Barraskewda\n|-damage|p1a: Barraskewda|0 fnt\n|faint|p1a: Barraskewda\n|\n|win|p0y1626c9a5", "uploadtime": 1783558093, "views": 0, "rating": 0, "private": 0, "password": null, "_winner": "p0y1626c9a5", "_our_name": "p0y1626c9a5"}