{"id": "battle-gen9randombattle-2269", "formatid": "gen9randombattle", "format": "[Gen 9] Random Battle", "players": ["p0x22692472", "p0y226927ce"], "log": "|init|battle\n|title|p0x22692472 vs. p0y226927ce\n|j|\u2606p0x22692472\n|j|\u2606p0y226927ce\n|t:|1783566285\n|gametype|singles\n|player|p1|p0x22692472|266|\n|player|p2|p0y226927ce|102|\n|gen|9\n|tier|[Gen 9] Random Battle\n|rule|Species Clause: Limit one of each Pok\u00e9mon\n|rule|HP Percentage Mod: HP is shown in percentages\n|rule|Sleep Clause Mod: Limit one foe put to sleep\n|rule|Illusion Level Mod: Illusion disguises the Pok\u00e9mon's true level\n|\n|t:|1783566285\n|teamsize|p1|6\n|teamsize|p2|6\n|start\n|switch|p1a: Glastrier|Glastrier, L86|311/311\n|switch|p2a: Dachsbun|Dachsbun, L92, F|100/100\n|turn|1\n|inactive|Battle timer is ON: inactive players will automatically lose when time's up. (requested by p0x22692472)\n|inactive|p0y226927ce also wants the timer to be on.\n|\n|t:|1783566287\n|move|p2a: Dachsbun|Protect|p2a: Dachsbun\n|-singleturn|p2a: Dachsbun|Protect\n|move|p1a: Glastrier|Heavy Slam|p2a: Dachsbun\n|-activate|p2a: Dachsbun|move: Protect\n|\n|upkeep\n|turn|2\n|inactive|Time left: 300 sec this turn | 300 sec total\n|\n|t:|1783566288\n|switch|p2a: Archaludon|Archaludon, L78, F|100/100\n|move|p1a: Glastrier|Heavy Slam|p2a: Archaludon\n|-resisted|p2a: Archaludon\n|-damage|p2a: Archaludon|72/100\n|-ability|p2a: Archaludon|Stamina|boost\n|-boost|p2a: Archaludon|def|1\n|\n|upkeep\n|turn|3\n|inactive|Time left: 300 sec this turn | 300 sec total\n|\n|t:|1783566290\n|move|p2a: Archaludon|Swords Dance|p2a: Archaludon\n|-boost|p2a: Archaludon|atk|2\n|move|p1a: Glastrier|Heavy Slam|p2a: Archaludon\n|-resisted|p2a: Archaludon\n|-damage|p2a: Archaludon|55/100\n|-ability|p2a: Archaludon|Stamina|boost\n|-boost|p2a: Archaludon|def|1\n|\n|upkeep\n|turn|4\n|inactive|Time left: 300 sec this turn | 300 sec total\n|\n|t:|1783566291\n|switch|p1a: Quagsire|Quagsire, L84, F|297/297\n|move|p2a: Archaludon|Outrage|p1a: Quagsire\n|-damage|p1a: Quagsire|171/297\n|\n|-heal|p1a: Quagsire|189/297|[from] item: Leftovers\n|upkeep\n|turn|5\n|inactive|Time left: 300 sec this turn | 300 sec total\n|\n|t:|1783566292\n|switch|p1a: Gardevoir|Gardevoir, L83, M|249/249\n|-ability|p1a: Gardevoir|Stamina|Trace|[from] ability: Trace|[of] p2a: Archaludon\n|move|p2a: Archaludon|Outrage|p1a: Gardevoir|[from] lockedmove\n|-immune|p1a: Gardevoir\n|-start|p2a: Archaludon|confusion|[fatigue]\n|-enditem|p2a: Archaludon|Lum Berry|[eat]\n|-end|p2a: Archaludon|confusion\n|\n|upkeep\n|turn|6\n|inactive|Time left: 300 sec this turn | 300 sec total\n|\n|t:|1783566293\n|move|p1a: Gardevoir|Moonblast|p2a: Archaludon\n|-damage|p2a: Archaludon|0 fnt\n|faint|p2a: Archaludon\n|\n|upkeep\n|\n|t:|1783566294\n|switch|p2a: Lurantis|Lurantis, L87, M|100/100\n|turn|7\n|inactive|Time left: 300 sec this turn | 300 sec total\n|\n|t:|1783566296\n|move|p1a: Gardevoir|Moonblast|p2a: Lurantis\n|-damage|p2a: Lurantis|73/100\n|move|p2a: Lurantis|Leaf Storm|p1a: Gardevoir\n|-damage|p1a: Gardevoir|143/249\n|-boost|p2a: Lurantis|spa|2\n|-ability|p1a: Gardevoir|Stamina|boost\n|-boost|p1a: Gardevoir|def|1\n|\n|upkeep\n|turn|8\n|inactive|Time left: 300 sec this turn | 300 sec total\n|\n|t:|1783566297\n|move|p1a: Gardevoir|Moonblast|p2a: Lurantis\n|-damage|p2a: Lurantis|44/100\n|move|p2a: Lurantis|Leaf Storm|p1a: Gardevoir\n|-damage|p1a: Gardevoir|0 fnt\n|-boost|p2a: Lurantis|spa|2\n|faint|p1a: Gardevoir\n|\n|upkeep\n|inactive|Time left: 300 sec this turn | 300 sec total | 5 sec grace\n|\n|t:|1783566298\n|switch|p1a: Bruxish|Bruxish, L85, M|254/254\n|turn|9\n|inactive|Time left: 300 sec this turn | 300 sec total\n|\n|t:|1783566299\n|switch|p2a: Cresselia|Cresselia, L80, F|100/100\n|move|p1a: Bruxish|Psychic Fangs|p2a: Cresselia\n|-resisted|p2a: Cresselia\n|-damage|p2a: Cresselia|74/100\n|-damage|p1a: Bruxish|229/254|[from] item: Life Orb\n|\n|-heal|p2a: Cresselia|80/100|[from] item: Leftovers\n|upkeep\n|turn|10\n|inactive|Time left: 300 sec this turn | 300 sec total\n|\n|t:|1783566300\n|move|p1a: Bruxish|Swords Dance|p1a: Bruxish\n|-boost|p1a: Bruxish|atk|2\n|move|p2a: Cresselia|Thunderbolt|p1a: Bruxish\n|-supereffective|p1a: Bruxish\n|-damage|p1a: Bruxish|109/254\n|\n|-heal|p2a: Cresselia|86/100|[from] item: Leftovers\n|upkeep\n|turn|11\n|inactive|Time left: 300 sec this turn | 300 sec total\n|\n|t:|1783566301\n|move|p1a: Bruxish|Crunch|p2a: Cresselia\n|-supereffective|p2a: Cresselia\n|-damage|p2a: Cresselia|0 fnt\n|faint|p2a: Cresselia\n|-damage|p1a: Bruxish|84/254|[from] item: Life Orb\n|\n|upkeep\n|\n|t:|1783566302\n|switch|p2a: Dachsbun|Dachsbun, L92, F|100/100\n|turn|12\n|inactive|Time left: 300 sec this turn | 300 sec total\n|\n|t:|1783566303\n|switch|p1a: Glastrier|Glastrier, L86|311/311\n|move|p2a: Dachsbun|Play Rough|p1a: Glastrier\n|-damage|p1a: Glastrier|233/311\n|\n|upkeep\n|turn|13\n|inactive|Time left: 300 sec this turn | 300 sec total\n|\n|t:|1783566304\n|switch|p2a: Torkoal|Torkoal, L88, F|100/100\n|-weather|SunnyDay|[from] ability: Drought|[of] p2a: Torkoal\n|move|p1a: Glastrier|Heavy Slam|p2a: Torkoal\n|-resisted|p2a: Torkoal\n|-damage|p2a: Torkoal|76/100\n|\n|-weather|SunnyDay|[upkeep]\n|upkeep\n|turn|14\n|inactive|Time left: 300 sec this turn | 300 sec total\n|\n|t:|1783566305\n|move|p1a: Glastrier|Heavy Slam|p2a: Torkoal\n|-resisted|p2a: Torkoal\n|-damage|p2a: Torkoal|54/100\n|move|p2a: Torkoal|Lava Plume|p1a: Glastrier\n|-supereffective|p1a: Glastrier\n|-damage|p1a: Glastrier|35/311\n|\n|-weather|SunnyDay|[upkeep]\n|upkeep\n|turn|15\n|inactive|Time left: 300 sec this turn | 300 sec total\n|\n|t:|1783566306\n|move|p1a: Glastrier|Heavy Slam|p2a: Torkoal\n|-resisted|p2a: Torkoal\n|-damage|p2a: Torkoal|29/100\n|move|p2a: Torkoal|Lava Plume|p1a: Glastrier\n|-supereffective|p1a: Glastrier\n|-damage|p1a: Glastrier|0 fnt\n|faint|p1a: Glastrier\n|\n|-weather|SunnyDay|[upkeep]\n|upkeep\n|inactive|Time left: 300 sec this turn | 300 sec total | 5 sec grace\n|\n|t:|1783566306\n|switch|p1a: Morpeko|Morpeko, L88, F|245/245\n|turn|16\n|inactive|Time left: 300 sec this turn | 300 sec total\n|\n|t:|1783566307\n|switch|p2a: Tropius|Tropius, L91, M|100/100\n|move|p1a: Morpeko|Aura Wheel|p2a: Tropius\n|-damage|p2a: Tropius|61/100\n|-boost|p1a: Morpeko|spe|1\n|\n|-weather|SunnyDay|[upkeep]\n|-formechange|p1a: Morpeko|Morpeko-Hangry||[from] ability: Hunger Switch\n|upkeep\n|turn|17\n|inactive|Time left: 300 sec this turn | 300 sec total\n|\n|t:|1783566308\n|move|p1a: Morpeko|Knock Off|p2a: Tropius\n|-damage|p2a: Tropius|30/100\n|-enditem|p2a: Tropius|Sitrus Berry|[from] move: Knock Off|[of] p1a: Morpeko\n|move|p2a: Tropius|Dragon Dance|p2a: Tropius\n|-boost|p2a: Tropius|atk|1\n|-boost|p2a: Tropius|spe|1\n|\n|-weather|none\n|-formechange|p1a: Morpeko|Morpeko||[from] ability: Hunger Switch\n|upkeep\n|turn|18\n|inactive|Time left: 300 sec this turn | 300 sec total\n|\n|t:|1783566310\n|-terastallize|p2a: Tropius|Ground\n|move|p1a: Morpeko|Protect|p1a: Morpeko\n|-singleturn|p1a: Morpeko|Protect\n|move|p2a: Tropius|Synthesis|p2a: Tropius\n|-heal|p2a: Tropius|80/100\n|\n|-formechange|p1a: Morpeko|Morpeko-Hangry||[from] ability: Hunger Switch\n|upkeep\n|turn|19\n|inactive|Time left: 300 sec this turn | 300 sec total\n|\n|t:|1783566311\n|switch|p1a: Quagsire|Quagsire, L84, F|189/297\n|move|p2a: Tropius|Earthquake|p1a: Quagsire\n|-damage|p1a: Quagsire|86/297\n|\n|-heal|p1a: Quagsire|104/297|[from] item: Leftovers\n|upkeep\n|turn|20\n|inactive|Time left: 300 sec this turn | 300 sec total\n|\n|t:|1783566312\n|move|p2a: Tropius|Earthquake|p1a: Quagsire\n|-damage|p1a: Quagsire|1/297\n|move|p1a: Quagsire|Recover|p1a: Quagsire\n|-heal|p1a: Quagsire|150/297\n|\n|-heal|p1a: Quagsire|168/297|[from] item: Leftovers\n|upkeep\n|turn|21\n|inactive|Time left: 300 sec this turn | 300 sec total\n|\n|t:|1783566313\n|move|p2a: Tropius|Earthquake|p1a: Quagsire\n|-damage|p1a: Quagsire|68/297\n|move|p1a: Quagsire|Recover|p1a: Quagsire\n|-heal|p1a: Quagsire|217/297\n|\n|-heal|p1a: Quagsire|235/297|[from] item: Leftovers\n|upkeep\n|turn|22\n|inactive|Time left: 300 sec this turn | 300 sec total\n|\n|t:|1783566314\n|move|p2a: Tropius|Earthquake|p1a: Quagsire\n|-damage|p1a: Quagsire|130/297\n|move|p1a: Quagsire|Toxic|p2a: Tropius\n|-status|p2a: Tropius|tox\n|\n|-heal|p1a: Quagsire|148/297|[from] item: Leftovers\n|-damage|p2a: Tropius|74/100 tox|[from] psn\n|upkeep\n|turn|23\n|inactive|Time left: 300 sec this turn | 300 sec total\n|\n|t:|1783566315\n|move|p2a: Tropius|Earthquake|p1a: Quagsire\n|-damage|p1a: Quagsire|49/297\n|move|p1a: Quagsire|Recover|p1a: Quagsire\n|-heal|p1a: Quagsire|198/297\n|\n|-heal|p1a: Quagsire|216/297|[from] item: Leftovers\n|-damage|p2a: Tropius|62/100 tox|[from] psn\n|upkeep\n|turn|24\n|inactive|Time left: 300 sec this turn | 300 sec total\n|\n|t:|1783566316\n|move|p2a: Tropius|Earthquake|p1a: Quagsire\n|-damage|p1a: Quagsire|125/297\n|move|p1a: Quagsire|Earthquake|p2a: Tropius\n|-damage|p2a: Tropius|33/100 tox\n|\n|-heal|p1a: Quagsire|143/297|[from] item: Leftovers\n|-damage|p2a: Tropius|14/100 tox|[from] psn\n|upkeep\n|turn|25\n|inactive|Time left: 300 sec this turn | 300 sec total\n|\n|t:|1783566317\n|move|p2a: Tropius|Earthquake|p1a: Quagsire\n|-damage|p1a: Quagsire|52/297\n|move|p1a: Quagsire|Recover|p1a: Quagsire\n|-heal|p1a: Quagsire|201/297\n|\n|-heal|p1a: Quagsire|219/297|[from] item: Leftovers\n|-damage|p2a: Tropius|0 fnt|[from] psn\n|faint|p2a: Tropius\n|upkeep\n|\n|t:|1783566318\n|switch|p2a: Lurantis|Lurantis, L87, M|44/100\n|turn|26\n|inactive|Time left: 300 sec this turn | 300 sec total\n|\n|t:|1783566319\n|move|p2a: Lurantis|Leaf Storm|p1a: Quagsire\n|-supereffective|p1a: Quagsire\n|-damage|p1a: Quagsire|0 fnt\n|-boost|p2a: Lurantis|spa|2\n|faint|p1a: Quagsire\n|\n|upkeep\n|inactive|Time left: 300 sec this turn | 300 sec total | 5 sec grace\n|\n|t:|1783566320\n|switch|p1a: Bruxish|Bruxish, L85, M|84/254\n|turn|27\n|inactive|Time left: 300 sec this turn | 300 sec total\n|\n|t:|1783566321\n|switch|p2a: Dachsbun|Dachsbun, L92, F|100/100\n|move|p1a: Bruxish|Psychic Fangs|p2a: Dachsbun\n|-damage|p2a: Dachsbun|42/100\n|-damage|p1a: Bruxish|59/254|[from] item: Life Orb\n|\n|-heal|p2a: Dachsbun|48/100|[from] item: Leftovers\n|upkeep\n|turn|28\n|inactive|Time left: 300 sec this turn | 300 sec total\n|\n|t:|1783566322\n|switch|p1a: Alcremie|Alcremie-Rainbow-Swirl, L90, F|263/263\n|move|p2a: Dachsbun|Play Rough|p1a: Alcremie\n|-damage|p1a: Alcremie|160/263\n|\n|-heal|p2a: Dachsbun|54/100|[from] item: Leftovers\n|-heal|p1a: Alcremie|176/263|[from] item: Leftovers\n|upkeep\n|turn|29\n|inactive|Time left: 300 sec this turn | 300 sec total\n|\n|t:|1783566323\n|move|p2a: Dachsbun|Yawn|p1a: Alcremie\n|-start|p1a: Alcremie|move: Yawn|[of] p2a: Dachsbun\n|move|p1a: Alcremie|Alluring Voice|p2a: Dachsbun\n|-damage|p2a: Dachsbun|9/100\n|\n|-heal|p2a: Dachsbun|15/100|[from] item: Leftovers\n|-heal|p1a: Alcremie|192/263|[from] item: Leftovers\n|upkeep\n|turn|30\n|inactive|Time left: 300 sec this turn | 300 sec total\n|\n|t:|1783566324\n|switch|p1a: Bruxish|Bruxish, L85, M|59/254\n|move|p2a: Dachsbun|Wish|p2a: Dachsbun\n|\n|-heal|p2a: Dachsbun|21/100|[from] item: Leftovers\n|upkeep\n|turn|31\n|inactive|Time left: 300 sec this turn | 300 sec total\n|\n|t:|1783566325\n|move|p2a: Dachsbun|Play Rough|p1a: Bruxish\n|-damage|p1a: Bruxish|0 fnt\n|faint|p1a: Bruxish\n|\n|-heal|p2a: Dachsbun|71/100|[from] move: Wish|[wisher] Dachsbun\n|-heal|p2a: Dachsbun|77/100|[from] item: Leftovers\n|upkeep\n|inactive|Time left: 300 sec this turn | 300 sec total | 5 sec grace\n|\n|t:|1783566326\n|switch|p1a: Alcremie|Alcremie-Rainbow-Swirl, L90, F|192/263\n|turn|32\n|inactive|Time left: 300 sec this turn | 300 sec total\n|\n|t:|1783566328\n|move|p2a: Dachsbun|Yawn|p1a: Alcremie\n|-start|p1a: Alcremie|move: Yawn|[of] p2a: Dachsbun\n|move|p1a: Alcremie|Calm Mind|p1a: Alcremie\n|-boost|p1a: Alcremie|spa|1\n|-boost|p1a: Alcremie|spd|1\n|\n|-heal|p2a: Dachsbun|83/100|[from] item: Leftovers\n|-heal|p1a: Alcremie|208/263|[from] item: Leftovers\n|upkeep\n|turn|33\n|inactive|Time left: 300 sec this turn | 300 sec total\n|\n|t:|1783566328\n|move|p2a: Dachsbun|Wish|p2a: Dachsbun\n|move|p1a: Alcremie|Alluring Voice|p2a: Dachsbun\n|-damage|p2a: Dachsbun|25/100\n|\n|-heal|p2a: Dachsbun|31/100|[from] item: Leftovers\n|-heal|p1a: Alcremie|224/263|[from] item: Leftovers\n|-end|p1a: Alcremie|move: Yawn|[silent]\n|-status|p1a: Alcremie|slp\n|upkeep\n|turn|34\n|inactive|Time left: 300 sec this turn | 300 sec total\n|\n|t:|1783566329\n|switch|p2a: Lurantis|Lurantis, L87, M|44/100\n|cant|p1a: Alcremie|slp\n|\n|-heal|p2a: Lurantis|92/100|[from] move: Wish|[wisher] Dachsbun\n|-heal|p1a: Alcremie|240/263 slp|[from] item: Leftovers\n|upkeep\n|turn|35\n|inactive|Time left: 300 sec this turn | 300 sec total\n|\n|t:|1783566330\n|cant|p1a: Alcremie|slp\n|move|p2a: Lurantis|Superpower|p1a: Alcremie\n|-resisted|p1a: Alcremie\n|-damage|p1a: Alcremie|187/263 slp\n|-boost|p2a: Lurantis|atk|1\n|-boost|p2a: Lurantis|def|1\n|\n|-heal|p1a: Alcremie|203/263 slp|[from] item: Leftovers\n|upkeep\n|turn|36\n|inactive|Time left: 300 sec this turn | 300 sec total\n|\n|t:|1783566331\n|-curestatus|p1a: Alcremie|slp|[msg]\n|move|p1a: Alcremie|Alluring Voice|p2a: Lurantis\n|-damage|p2a: Lurantis|53/100\n|move|p2a: Lurantis|Superpower|p1a: Alcremie\n|-resisted|p1a: Alcremie\n|-damage|p1a: Alcremie|133/263\n|-boost|p2a: Lurantis|atk|1\n|-boost|p2a: Lurantis|def|1\n|\n|-heal|p1a: Alcremie|149/263|[from] item: Leftovers\n|upkeep\n|turn|37\n|inactive|Time left: 300 sec this turn | 300 sec total\n|\n|t:|1783566332\n|move|p1a: Alcremie|Alluring Voice|p2a: Lurantis\n|-damage|p2a: Lurantis|16/100\n|move|p2a: Lurantis|Superpower|p1a: Alcremie\n|-resisted|p1a: Alcremie\n|-damage|p1a: Alcremie|51/263\n|-boost|p2a: Lurantis|atk|1\n|-boost|p2a: Lurantis|def|1\n|\n|-heal|p1a: Alcremie|67/263|[from] item: Leftovers\n|upkeep\n|turn|38\n|inactive|Time left: 300 sec this turn | 300 sec total\n|\n|t:|1783566333\n|move|p1a: Alcremie|Alluring Voice|p2a: Lurantis\n|-damage|p2a: Lurantis|0 fnt\n|faint|p2a: Lurantis\n|\n|-heal|p1a: Alcremie|83/263|[from] item: Leftovers\n|upkeep\n|\n|t:|1783566334\n|switch|p2a: Dachsbun|Dachsbun, L92, F|31/100\n|turn|39\n|inactive|Time left: 300 sec this turn | 300 sec total\n|\n|t:|1783566335\n|-terastallize|p1a: Alcremie|Steel\n|move|p2a: Dachsbun|Play Rough|p1a: Alcremie|[miss]\n|-miss|p2a: Dachsbun|p1a: Alcremie\n|move|p1a: Alcremie|Alluring Voice|p2a: Dachsbun\n|-damage|p2a: Dachsbun|0 fnt\n|faint|p2a: Dachsbun\n|\n|-heal|p1a: Alcremie|99/263|[from] item: Leftovers\n|upkeep\n|\n|t:|1783566336\n|switch|p2a: Torkoal|Torkoal, L88, F|29/100\n|-weather|SunnyDay|[from] ability: Drought|[of] p2a: Torkoal\n|turn|40\n|inactive|Time left: 300 sec this turn | 300 sec total\n|\n|t:|1783566337\n|move|p1a: Alcremie|Alluring Voice|p2a: Torkoal\n|-resisted|p2a: Torkoal\n|-damage|p2a: Torkoal|0 fnt\n|faint|p2a: Torkoal\n|\n|win|p0x22692472", "uploadtime": 1783566337, "views": 0, "rating": 0, "private": 0, "password": null, "_winner": "p0x22692472", "_our_name": "p0x22692472"}