{"id": "battle-gen9randombattle-1563", "formatid": "gen9randombattle", "format": "[Gen 9] Random Battle", "players": ["p0x1563fcf0", "p0y1563e452"], "log": "|init|battle\n|title|p0x1563fcf0 vs. p0y1563e452\n|j|\u2606p0x1563fcf0\n|j|\u2606p0y1563e452\n|t:|1783557298\n|gametype|singles\n|player|p1|p0x1563fcf0|1|\n|player|p2|p0y1563e452|170|\n|gen|9\n|tier|[Gen 9] Random Battle\n|rule|Species Clause: Limit one of each Pok\u00e9mon\n|rule|HP Percentage Mod: HP is shown in percentages\n|rule|Sleep Clause Mod: Limit one foe put to sleep\n|rule|Illusion Level Mod: Illusion disguises the Pok\u00e9mon's true level\n|\n|t:|1783557298\n|teamsize|p1|6\n|teamsize|p2|6\n|start\n|switch|p1a: Iron Crown|Iron Crown, L78|268/268\n|switch|p2a: Miraidon|Miraidon, L65|100/100\n|-fieldstart|move: Electric Terrain|[from] ability: Hadron Engine|[of] p2a: Miraidon\n|-activate|p1a: Iron Crown|ability: Quark Drive\n|-start|p1a: Iron Crown|quarkdrivespa\n|turn|1\n|inactive|Battle timer is ON: inactive players will automatically lose when time's up. (requested by p0x1563fcf0)\n|inactive|p0y1563e452 also wants the timer to be on.\n|\n|t:|1783557300\n|move|p2a: Miraidon|Electro Drift|p1a: Iron Crown\n|-damage|p1a: Iron Crown|79/268\n|move|p1a: Iron Crown|Psyshock|p2a: Miraidon\n|-damage|p2a: Miraidon|45/100\n|\n|-heal|p1a: Iron Crown|95/268|[from] item: Leftovers\n|upkeep\n|turn|2\n|inactive|Time left: 300 sec this turn | 300 sec total\n|\n|t:|1783557301\n|-end|p1a: Iron Crown|Quark Drive|[silent]\n|switch|p1a: Dugtrio|Dugtrio, L84, M|196/196\n|move|p2a: Miraidon|Electro Drift|p1a: Dugtrio\n|-immune|p1a: Dugtrio\n|\n|upkeep\n|turn|3\n|inactive|Time left: 300 sec this turn | 300 sec total\n|\n|t:|1783557302\n|move|p1a: Dugtrio|Swords Dance|p1a: Dugtrio\n|-boost|p1a: Dugtrio|atk|2\n|move|p2a: Miraidon|Electro Drift|p1a: Dugtrio\n|-immune|p1a: Dugtrio\n|\n|upkeep\n|turn|4\n|inactive|Time left: 300 sec this turn | 300 sec total\n|\n|t:|1783557303\n|move|p1a: Dugtrio|Swords Dance|p1a: Dugtrio\n|-boost|p1a: Dugtrio|atk|2\n|move|p2a: Miraidon|Electro Drift|p1a: Dugtrio\n|-immune|p1a: Dugtrio\n|\n|upkeep\n|turn|5\n|inactive|Time left: 300 sec this turn | 300 sec total\n|\n|t:|1783557304\n|move|p1a: Dugtrio|Swords Dance|p1a: Dugtrio\n|-boost|p1a: Dugtrio|atk|2\n|move|p2a: Miraidon|Electro Drift|p1a: Dugtrio\n|-immune|p1a: Dugtrio\n|\n|-fieldend|move: Electric Terrain\n|upkeep\n|turn|6\n|inactive|Time left: 300 sec this turn | 300 sec total\n|\n|t:|1783557305\n|move|p1a: Dugtrio|Earthquake|p2a: Miraidon\n|-supereffective|p2a: Miraidon\n|-damage|p2a: Miraidon|0 fnt\n|faint|p2a: Miraidon\n|-damage|p1a: Dugtrio|177/196|[from] item: Life Orb\n|\n|upkeep\n|\n|t:|1783557306\n|switch|p2a: Eiscue|Eiscue, L88, M|100/100\n|turn|7\n|inactive|Time left: 300 sec this turn | 300 sec total\n|\n|t:|1783557308\n|switch|p1a: Iron Crown|Iron Crown, L78|95/268\n|move|p2a: Eiscue|Ice Spinner|p1a: Iron Crown\n|-resisted|p1a: Iron Crown\n|-damage|p1a: Iron Crown|54/268\n|\n|-heal|p1a: Iron Crown|70/268|[from] item: Leftovers\n|upkeep\n|turn|8\n|inactive|Time left: 300 sec this turn | 300 sec total\n|\n|t:|1783557309\n|-terastallize|p2a: Eiscue|Electric\n|move|p1a: Iron Crown|Tachyon Cutter|p2a: Eiscue\n|-resisted|p2a: Eiscue\n|-damage|p2a: Eiscue|91/100\n|-resisted|p2a: Eiscue\n|-damage|p2a: Eiscue|82/100\n|-hitcount|p2a: Eiscue|2\n|move|p2a: Eiscue|Tera Blast|p1a: Iron Crown|[anim] Tera Blast Electric\n|-damage|p1a: Iron Crown|0 fnt\n|faint|p1a: Iron Crown\n|-end|p1a: Iron Crown|Quark Drive|[silent]\n|\n|upkeep\n|inactive|Time left: 300 sec this turn | 300 sec total | 5 sec grace\n|\n|t:|1783557310\n|switch|p1a: Regice|Regice, L88|284/284\n|turn|9\n|inactive|Time left: 300 sec this turn | 300 sec total\n|\n|t:|1783557311\n|move|p1a: Regice|Ice Beam|p2a: Eiscue\n|-damage|p2a: Eiscue|45/100\n|-enditem|p2a: Eiscue|Sitrus Berry|[eat]\n|-heal|p2a: Eiscue|69/100|[from] item: Sitrus Berry\n|move|p2a: Eiscue|Liquidation|p1a: Regice\n|-damage|p1a: Regice|234/284\n|\n|upkeep\n|turn|10\n|inactive|Time left: 300 sec this turn | 300 sec total\n|\n|t:|1783557312\n|move|p2a: Eiscue|Liquidation|p1a: Regice\n|-damage|p1a: Regice|183/284\n|move|p1a: Regice|Ice Beam|p2a: Eiscue\n|-damage|p2a: Eiscue|35/100\n|\n|upkeep\n|turn|11\n|inactive|Time left: 300 sec this turn | 300 sec total\n|\n|t:|1783557313\n|move|p2a: Eiscue|Tera Blast|p1a: Regice|[anim] Tera Blast Electric\n|-damage|p1a: Regice|111/284\n|move|p1a: Regice|Ice Beam|p2a: Eiscue\n|-damage|p2a: Eiscue|0 fnt\n|faint|p2a: Eiscue\n|\n|upkeep\n|\n|t:|1783557314\n|switch|p2a: Regidrago|Regidrago, L77|100/100\n|turn|12\n|inactive|Time left: 300 sec this turn | 300 sec total\n|\n|t:|1783557315\n|move|p2a: Regidrago|Outrage|p1a: Regice\n|-damage|p1a: Regice|0 fnt\n|faint|p1a: Regice\n|\n|upkeep\n|inactive|Time left: 300 sec this turn | 300 sec total | 5 sec grace\n|\n|t:|1783557316\n|switch|p1a: Kingdra|Kingdra, L84, F|263/263\n|turn|13\n|inactive|Time left: 300 sec this turn | 300 sec total\n|\n|t:|1783557317\n|-terastallize|p1a: Kingdra|Water\n|move|p2a: Regidrago|Outrage|p1a: Kingdra|[from] lockedmove\n|-damage|p1a: Kingdra|101/263\n|move|p1a: Kingdra|Dragon Dance|p1a: Kingdra\n|-boost|p1a: Kingdra|atk|1\n|-boost|p1a: Kingdra|spe|1\n|\n|upkeep\n|turn|14\n|inactive|Time left: 300 sec this turn | 300 sec total\n|\n|t:|1783557318\n|move|p1a: Kingdra|Outrage|p2a: Regidrago\n|-supereffective|p2a: Regidrago\n|-damage|p2a: Regidrago|0 fnt\n|faint|p2a: Regidrago\n|\n|upkeep\n|\n|t:|1783557319\n|switch|p2a: Rhyperior|Rhyperior, L82, F|100/100\n|turn|15\n|inactive|Time left: 300 sec this turn | 300 sec total\n|\n|t:|1783557320\n|move|p1a: Kingdra|Outrage|p2a: Rhyperior|[from] lockedmove\n|-damage|p2a: Rhyperior|60/100\n|move|p2a: Rhyperior|Earthquake|p1a: Kingdra\n|-damage|p1a: Kingdra|0 fnt\n|faint|p1a: Kingdra\n|\n|upkeep\n|inactive|Time left: 300 sec this turn | 300 sec total | 5 sec grace\n|\n|t:|1783557321\n|switch|p1a: Volbeat|Volbeat, L90, M|263/263\n|turn|16\n|inactive|Time left: 300 sec this turn | 300 sec total\n|\n|t:|1783557321\n|move|p1a: Volbeat|Lunge|p2a: Rhyperior\n|-damage|p2a: Rhyperior|41/100\n|-unboost|p2a: Rhyperior|atk|1\n|move|p2a: Rhyperior|Stone Edge|p1a: Volbeat\n|-supereffective|p1a: Volbeat\n|-damage|p1a: Volbeat|75/263\n|\n|upkeep\n|turn|17\n|inactive|Time left: 300 sec this turn | 300 sec total\n|\n|t:|1783557322\n|move|p1a: Volbeat|Lunge|p2a: Rhyperior\n|-damage|p2a: Rhyperior|23/100\n|-unboost|p2a: Rhyperior|atk|1\n|move|p2a: Rhyperior|Stone Edge|p1a: Volbeat\n|-supereffective|p1a: Volbeat\n|-crit|p1a: Volbeat\n|-damage|p1a: Volbeat|0 fnt\n|faint|p1a: Volbeat\n|\n|upkeep\n|inactive|Time left: 300 sec this turn | 300 sec total | 5 sec grace\n|\n|t:|1783557323\n|switch|p1a: Dugtrio|Dugtrio, L84, M|177/196\n|turn|18\n|inactive|Time left: 300 sec this turn | 300 sec total\n|\n|t:|1783557324\n|move|p1a: Dugtrio|Swords Dance|p1a: Dugtrio\n|-boost|p1a: Dugtrio|atk|2\n|move|p2a: Rhyperior|Dragon Tail|p1a: Dugtrio\n|-damage|p1a: Dugtrio|134/196\n|drag|p1a: Minior|Minior-Blue, L79|224/224\n|-formechange|p1a: Minior|Minior-Meteor||[from] ability: Shields Down\n|\n|upkeep\n|turn|19\n|inactive|Time left: 300 sec this turn | 300 sec total\n|\n|t:|1783557325\n|move|p1a: Minior|Shell Smash|p1a: Minior\n|-unboost|p1a: Minior|def|1\n|-unboost|p1a: Minior|spd|1\n|-boost|p1a: Minior|atk|2\n|-boost|p1a: Minior|spa|2\n|-boost|p1a: Minior|spe|2\n|-enditem|p1a: Minior|White Herb\n|-clearnegativeboost|p1a: Minior|[silent]\n|move|p2a: Rhyperior|Dragon Tail|p1a: Minior\n|-damage|p1a: Minior|200/224\n|drag|p1a: Dugtrio|Dugtrio, L84, M|134/196\n|\n|upkeep\n|turn|20\n|inactive|Time left: 300 sec this turn | 300 sec total\n|\n|t:|1783557326\n|move|p1a: Dugtrio|Swords Dance|p1a: Dugtrio\n|-boost|p1a: Dugtrio|atk|2\n|move|p2a: Rhyperior|Ice Punch|p1a: Dugtrio\n|-supereffective|p1a: Dugtrio\n|-damage|p1a: Dugtrio|26/196\n|\n|upkeep\n|turn|21\n|inactive|Time left: 300 sec this turn | 300 sec total\n|\n|t:|1783557327\n|move|p1a: Dugtrio|Earthquake|p2a: Rhyperior\n|-supereffective|p2a: Rhyperior\n|-damage|p2a: Rhyperior|0 fnt\n|faint|p2a: Rhyperior\n|-damage|p1a: Dugtrio|7/196|[from] item: Life Orb\n|\n|upkeep\n|\n|t:|1783557328\n|switch|p2a: Raichu|Raichu, L88, F|100/100\n|turn|22\n|inactive|Time left: 300 sec this turn | 300 sec total\n|\n|t:|1783557329\n|move|p1a: Dugtrio|Earthquake|p2a: Raichu\n|-supereffective|p2a: Raichu\n|-damage|p2a: Raichu|0 fnt\n|faint|p2a: Raichu\n|-damage|p1a: Dugtrio|0 fnt|[from] item: Life Orb\n|faint|p1a: Dugtrio\n|\n|upkeep\n|inactive|Time left: 300 sec this turn | 300 sec total | 5 sec grace\n|\n|t:|1783557330\n|switch|p1a: Minior|Minior-Blue, L79|200/224\n|switch|p2a: Gothitelle|Gothitelle, L90, M|100/100\n|-formechange|p1a: Minior|Minior-Meteor||[from] ability: Shields Down\n|turn|23\n|inactive|Time left: 300 sec this turn | 300 sec total\n|\n|t:|1783557331\n|move|p2a: Gothitelle|Psychic|p1a: Minior\n|-damage|p1a: Minior|92/224\n|move|p1a: Minior|Shell Smash|p1a: Minior\n|-unboost|p1a: Minior|def|1\n|-unboost|p1a: Minior|spd|1\n|-boost|p1a: Minior|atk|2\n|-boost|p1a: Minior|spa|2\n|-boost|p1a: Minior|spe|2\n|\n|-formechange|p1a: Minior|Minior-Blue||[from] ability: Shields Down\n|upkeep\n|turn|24\n|inactive|Time left: 300 sec this turn | 300 sec total\n|\n|t:|1783557333\n|move|p1a: Minior|Acrobatics|p2a: Gothitelle\n|-damage|p2a: Gothitelle|34/100\n|move|p2a: Gothitelle|Psychic|p1a: Minior\n|-damage|p1a: Minior|0 fnt\n|faint|p1a: Minior\n|\n|win|p0y1563e452", "uploadtime": 1783557333, "views": 0, "rating": 0, "private": 0, "password": null, "_winner": "p0y1563e452", "_our_name": "p0x1563fcf0"}