{"id": "battle-gen9randombattle-1383", "formatid": "gen9randombattle", "format": "[Gen 9] Random Battle", "players": ["p0x13837e52", "p0y13832823"], "log": "|init|battle\n|title|p0x13837e52 vs. p0y13832823\n|j|\u2606p0x13837e52\n|j|\u2606p0y13832823\n|t:|1783555154\n|gametype|singles\n|player|p1|p0x13837e52|1|\n|player|p2|p0y13832823|169|\n|gen|9\n|tier|[Gen 9] Random Battle\n|rule|Species Clause: Limit one of each Pok\u00e9mon\n|rule|HP Percentage Mod: HP is shown in percentages\n|rule|Sleep Clause Mod: Limit one foe put to sleep\n|rule|Illusion Level Mod: Illusion disguises the Pok\u00e9mon's true level\n|\n|t:|1783555154\n|teamsize|p1|6\n|teamsize|p2|6\n|start\n|switch|p1a: Galvantula|Galvantula, L82, F|249/249\n|switch|p2a: Archaludon|Archaludon, L78, M|100/100\n|turn|1\n|inactive|Battle timer is ON: inactive players will automatically lose when time's up. (requested by p0x13837e52)\n|inactive|p0y13832823 also wants the timer to be on.\n|\n|t:|1783555156\n|move|p1a: Galvantula|Sticky Web|p2a: Archaludon\n|-sidestart|p2: p0y13832823|move: Sticky Web\n|move|p2a: Archaludon|Body Press|p1a: Galvantula\n|-resisted|p1a: Galvantula\n|-damage|p1a: Galvantula|205/249\n|\n|upkeep\n|turn|2\n|inactive|Time left: 300 sec this turn | 300 sec total\n|\n|t:|1783555157\n|switch|p1a: Brambleghast|Brambleghast, L88, M|240/240\n|move|p2a: Archaludon|Flash Cannon|p1a: Brambleghast\n|-damage|p1a: Brambleghast|138/240\n|\n|upkeep\n|turn|3\n|inactive|Time left: 300 sec this turn | 300 sec total\n|\n|t:|1783555158\n|move|p1a: Brambleghast|Spikes|p2a: Archaludon\n|-sidestart|p2: p0y13832823|Spikes\n|move|p2a: Archaludon|Flash Cannon|p1a: Brambleghast\n|-damage|p1a: Brambleghast|44/240\n|\n|upkeep\n|turn|4\n|inactive|Time left: 300 sec this turn | 300 sec total\n|\n|t:|1783555159\n|move|p1a: Brambleghast|Spikes|p2a: Archaludon\n|-sidestart|p2: p0y13832823|Spikes\n|move|p2a: Archaludon|Flash Cannon|p1a: Brambleghast\n|-damage|p1a: Brambleghast|0 fnt\n|faint|p1a: Brambleghast\n|\n|upkeep\n|inactive|Time left: 300 sec this turn | 300 sec total | 5 sec grace\n|\n|t:|1783555160\n|switch|p1a: Zamazenta|Zamazenta, L71|248/248\n|-ability|p1a: Zamazenta|Dauntless Shield|boost\n|-boost|p1a: Zamazenta|def|1\n|turn|5\n|inactive|Time left: 300 sec this turn | 300 sec total\n|\n|t:|1783555161\n|move|p1a: Zamazenta|Body Press|p2a: Archaludon\n|-supereffective|p2a: Archaludon\n|-damage|p2a: Archaludon|42/100\n|-ability|p2a: Archaludon|Stamina|boost\n|-boost|p2a: Archaludon|def|1\n|move|p2a: Archaludon|Thunderbolt|p1a: Zamazenta\n|-damage|p1a: Zamazenta|181/248\n|\n|-heal|p1a: Zamazenta|196/248|[from] item: Leftovers\n|upkeep\n|turn|6\n|inactive|Time left: 300 sec this turn | 300 sec total\n|\n|t:|1783555162\n|move|p1a: Zamazenta|Body Press|p2a: Archaludon\n|-supereffective|p2a: Archaludon\n|-damage|p2a: Archaludon|0 fnt\n|faint|p2a: Archaludon\n|\n|-heal|p1a: Zamazenta|211/248|[from] item: Leftovers\n|upkeep\n|\n|t:|1783555163\n|switch|p2a: Alcremie|Alcremie-Ruby-Cream, L90, F|100/100\n|-activate|p2a: Alcremie|move: Sticky Web\n|-unboost|p2a: Alcremie|spe|1\n|-damage|p2a: Alcremie|84/100|[from] Spikes\n|turn|7\n|inactive|Time left: 300 sec this turn | 300 sec total\n|\n|t:|1783555165\n|move|p1a: Zamazenta|Iron Head|p2a: Alcremie\n|-supereffective|p2a: Alcremie\n|-damage|p2a: Alcremie|44/100\n|cant|p2a: Alcremie|flinch\n|\n|-heal|p1a: Zamazenta|226/248|[from] item: Leftovers\n|-heal|p2a: Alcremie|50/100|[from] item: Leftovers\n|upkeep\n|turn|8\n|inactive|Time left: 300 sec this turn | 300 sec total\n|\n|t:|1783555166\n|-terastallize|p1a: Zamazenta|Steel\n|move|p1a: Zamazenta|Iron Head|p2a: Alcremie\n|-supereffective|p2a: Alcremie\n|-damage|p2a: Alcremie|0 fnt\n|faint|p2a: Alcremie\n|\n|-heal|p1a: Zamazenta|241/248|[from] item: Leftovers\n|upkeep\n|\n|t:|1783555167\n|switch|p2a: Porygon2|Porygon2, L81|100/100\n|-activate|p2a: Porygon2|move: Sticky Web\n|-unboost|p2a: Porygon2|spe|1\n|-damage|p2a: Porygon2|84/100|[from] Spikes\n|-ability|p2a: Porygon2|Download|boost\n|-boost|p2a: Porygon2|spa|1\n|turn|9\n|inactive|Time left: 300 sec this turn | 300 sec total\n|\n|t:|1783555168\n|move|p1a: Zamazenta|Body Press|p2a: Porygon2\n|-supereffective|p2a: Porygon2\n|-damage|p2a: Porygon2|32/100\n|move|p2a: Porygon2|Tri Attack|p1a: Zamazenta\n|-resisted|p1a: Zamazenta\n|-damage|p1a: Zamazenta|178/248\n|\n|-heal|p1a: Zamazenta|193/248|[from] item: Leftovers\n|upkeep\n|turn|10\n|inactive|Time left: 300 sec this turn | 300 sec total\n|\n|t:|1783555169\n|-terastallize|p2a: Porygon2|Electric\n|move|p1a: Zamazenta|Body Press|p2a: Porygon2\n|-damage|p2a: Porygon2|5/100\n|move|p2a: Porygon2|Recover|p2a: Porygon2\n|-heal|p2a: Porygon2|55/100\n|\n|-heal|p1a: Zamazenta|208/248|[from] item: Leftovers\n|upkeep\n|turn|11\n|inactive|Time left: 300 sec this turn | 300 sec total\n|\n|t:|1783555170\n|move|p1a: Zamazenta|Body Press|p2a: Porygon2\n|-damage|p2a: Porygon2|28/100\n|move|p2a: Porygon2|Discharge|p1a: Zamazenta\n|-damage|p1a: Zamazenta|84/248\n|\n|-heal|p1a: Zamazenta|99/248|[from] item: Leftovers\n|upkeep\n|turn|12\n|inactive|Time left: 300 sec this turn | 300 sec total\n|\n|t:|1783555171\n|move|p1a: Zamazenta|Body Press|p2a: Porygon2\n|-damage|p2a: Porygon2|0 fnt\n|faint|p2a: Porygon2\n|\n|-heal|p1a: Zamazenta|114/248|[from] item: Leftovers\n|upkeep\n|\n|t:|1783555172\n|switch|p2a: Great Tusk|Great Tusk, L77|100/100\n|-activate|p2a: Great Tusk|move: Sticky Web\n|-unboost|p2a: Great Tusk|spe|1\n|-damage|p2a: Great Tusk|84/100|[from] Spikes\n|turn|13\n|inactive|Time left: 300 sec this turn | 300 sec total\n|\n|t:|1783555173\n|switch|p1a: Pelipper|Pelipper, L86, F|243/243\n|-weather|RainDance|[from] ability: Drizzle|[of] p1a: Pelipper\n|move|p2a: Great Tusk|Bulk Up|p2a: Great Tusk\n|-boost|p2a: Great Tusk|atk|1\n|-boost|p2a: Great Tusk|def|1\n|\n|-weather|RainDance|[upkeep]\n|-heal|p2a: Great Tusk|90/100|[from] item: Leftovers\n|upkeep\n|turn|14\n|inactive|Time left: 300 sec this turn | 300 sec total\n|\n|t:|1783555174\n|-end|p2a: Great Tusk|Protosynthesis|[silent]\n|switch|p2a: Golduck|Golduck, L90, F|100/100\n|-activate|p2a: Golduck|move: Sticky Web\n|-unboost|p2a: Golduck|spe|1\n|-damage|p2a: Golduck|84/100|[from] Spikes\n|-ability|p2a: Golduck|Cloud Nine\n|move|p1a: Pelipper|Surf|p2a: Golduck\n|-resisted|p2a: Golduck\n|-crit|p2a: Golduck\n|-damage|p2a: Golduck|58/100\n|\n|-weather|RainDance|[upkeep]\n|-heal|p2a: Golduck|65/100|[from] item: Leftovers\n|upkeep\n|turn|15\n|inactive|Time left: 300 sec this turn | 300 sec total\n|\n|t:|1783555175\n|move|p1a: Pelipper|Hurricane|p2a: Golduck\n|-damage|p2a: Golduck|19/100\n|move|p2a: Golduck|Nasty Plot|p2a: Golduck\n|-boost|p2a: Golduck|spa|2\n|\n|-weather|RainDance|[upkeep]\n|-heal|p2a: Golduck|25/100|[from] item: Leftovers\n|upkeep\n|turn|16\n|inactive|Time left: 300 sec this turn | 300 sec total\n|\n|t:|1783555176\n|move|p1a: Pelipper|Hurricane|p2a: Golduck|[miss]\n|-miss|p1a: Pelipper|p2a: Golduck\n|move|p2a: Golduck|Ice Beam|p1a: Pelipper\n|-damage|p1a: Pelipper|76/243\n|\n|-weather|RainDance|[upkeep]\n|-heal|p2a: Golduck|32/100|[from] item: Leftovers\n|upkeep\n|turn|17\n|inactive|Time left: 300 sec this turn | 300 sec total\n|\n|t:|1783555178\n|move|p1a: Pelipper|Hurricane|p2a: Golduck\n|-damage|p2a: Golduck|0 fnt\n|faint|p2a: Golduck\n|\n|-weather|none\n|upkeep\n|\n|t:|1783555179\n|switch|p2a: Mew|Mew, L82|100/100\n|-activate|p2a: Mew|move: Sticky Web\n|-unboost|p2a: Mew|spe|1\n|-damage|p2a: Mew|84/100|[from] Spikes\n|turn|18\n|inactive|Time left: 300 sec this turn | 300 sec total\n|\n|t:|1783555180\n|move|p1a: Pelipper|U-turn|p2a: Mew\n|-supereffective|p2a: Mew\n|-damage|p2a: Mew|64/100\n|inactive|Time left: 300 sec this turn | 300 sec total | 5 sec grace\n|\n|t:|1783555181\n|switch|p1a: Umbreon|Umbreon, L84, M|297/297|[from] U-turn\n|move|p2a: Mew|Psychic Noise|p1a: Umbreon\n|-immune|p1a: Umbreon\n|\n|-heal|p2a: Mew|70/100|[from] item: Leftovers\n|upkeep\n|turn|19\n|inactive|Time left: 300 sec this turn | 300 sec total\n|\n|t:|1783555182\n|move|p1a: Umbreon|Foul Play|p2a: Mew\n|-supereffective|p2a: Mew\n|-damage|p2a: Mew|5/100\n|move|p2a: Mew|Toxic Spikes|p1a: Umbreon\n|-sidestart|p1: p0x13837e52|move: Toxic Spikes\n|\n|-heal|p2a: Mew|11/100|[from] item: Leftovers\n|upkeep\n|turn|20\n|inactive|Time left: 300 sec this turn | 300 sec total\n|\n|t:|1783555182\n|move|p1a: Umbreon|Wish|p1a: Umbreon\n|move|p2a: Mew|Psychic Noise|p1a: Umbreon\n|-immune|p1a: Umbreon\n|\n|-heal|p2a: Mew|17/100|[from] item: Leftovers\n|upkeep\n|turn|21\n|inactive|Time left: 300 sec this turn | 300 sec total\n|\n|t:|1783555183\n|switch|p1a: Zamazenta|Zamazenta, L71, tera:Steel|114/248\n|move|p2a: Mew|Stealth Rock|p1a: Zamazenta\n|-sidestart|p1: p0x13837e52|move: Stealth Rock\n|\n|-heal|p1a: Zamazenta|248/248|[from] move: Wish|[wisher] Umbreon\n|-heal|p2a: Mew|23/100|[from] item: Leftovers\n|upkeep\n|turn|22\n|inactive|Time left: 300 sec this turn | 300 sec total\n|\n|t:|1783555184\n|move|p1a: Zamazenta|Iron Defense|p1a: Zamazenta\n|-boost|p1a: Zamazenta|def|2\n|move|p2a: Mew|Psychic Noise|p1a: Zamazenta\n|-resisted|p1a: Zamazenta\n|-damage|p1a: Zamazenta|212/248\n|-start|p1a: Zamazenta|move: Heal Block\n|\n|-heal|p2a: Mew|29/100|[from] item: Leftovers\n|upkeep\n|turn|23\n|inactive|Time left: 300 sec this turn | 300 sec total\n|\n|t:|1783555185\n|move|p1a: Zamazenta|Body Press|p2a: Mew\n|-resisted|p2a: Mew\n|-damage|p2a: Mew|8/100\n|move|p2a: Mew|Psychic Noise|p1a: Zamazenta\n|-resisted|p1a: Zamazenta\n|-damage|p1a: Zamazenta|178/248\n|\n|-heal|p2a: Mew|14/100|[from] item: Leftovers\n|-end|p1a: Zamazenta|move: Heal Block\n|upkeep\n|turn|24\n|inactive|Time left: 300 sec this turn | 300 sec total\n|\n|t:|1783555186\n|move|p1a: Zamazenta|Body Press|p2a: Mew\n|-resisted|p2a: Mew\n|-damage|p2a: Mew|0 fnt\n|faint|p2a: Mew\n|\n|-heal|p1a: Zamazenta|193/248|[from] item: Leftovers\n|upkeep\n|\n|t:|1783555187\n|switch|p2a: Great Tusk|Great Tusk, L77|90/100\n|-activate|p2a: Great Tusk|move: Sticky Web\n|-unboost|p2a: Great Tusk|spe|1\n|-damage|p2a: Great Tusk|74/100|[from] Spikes\n|turn|25\n|inactive|Time left: 300 sec this turn | 300 sec total\n|\n|t:|1783555188\n|switch|p1a: Pelipper|Pelipper, L86, F|76/243\n|-weather|RainDance|[from] ability: Drizzle|[of] p1a: Pelipper\n|move|p2a: Great Tusk|Stone Edge|p1a: Pelipper\n|-supereffective|p1a: Pelipper\n|-damage|p1a: Pelipper|0 fnt\n|faint|p1a: Pelipper\n|\n|-weather|RainDance|[upkeep]\n|-heal|p2a: Great Tusk|80/100|[from] item: Leftovers\n|upkeep\n|inactive|Time left: 300 sec this turn | 300 sec total | 5 sec grace\n|\n|t:|1783555189\n|switch|p1a: Galvantula|Galvantula, L82, F|205/249\n|-status|p1a: Galvantula|psn\n|-damage|p1a: Galvantula|143/249 psn|[from] Stealth Rock\n|turn|26\n|inactive|Time left: 300 sec this turn | 300 sec total\n|\n|t:|1783555190\n|move|p1a: Galvantula|Energy Ball|p2a: Great Tusk\n|-supereffective|p2a: Great Tusk\n|-damage|p2a: Great Tusk|19/100\n|move|p2a: Great Tusk|Bulk Up|p2a: Great Tusk\n|-boost|p2a: Great Tusk|atk|1\n|-boost|p2a: Great Tusk|def|1\n|\n|-weather|RainDance|[upkeep]\n|-heal|p2a: Great Tusk|25/100|[from] item: Leftovers\n|-damage|p1a: Galvantula|112/249 psn|[from] psn\n|upkeep\n|turn|27\n|inactive|Time left: 300 sec this turn | 300 sec total\n|\n|t:|1783555191\n|move|p1a: Galvantula|Energy Ball|p2a: Great Tusk\n|-supereffective|p2a: Great Tusk\n|-damage|p2a: Great Tusk|0 fnt\n|faint|p2a: Great Tusk\n|-end|p2a: Great Tusk|Protosynthesis|[silent]\n|\n|win|p0x13837e52", "uploadtime": 1783555191, "views": 0, "rating": 0, "private": 0, "password": null, "_winner": "p0x13837e52", "_our_name": "p0x13837e52"}