{"id": "battle-gen9randombattle-235", "formatid": "gen9randombattle", "format": "[Gen 9] Random Battle", "players": ["p0x2359837", "p0y2351442"], "log": "|init|battle\n|title|p0x2359837 vs. p0y2351442\n|j|\u2606p0x2359837\n|j|\u2606p0y2351442\n|t:|1783542302\n|gametype|singles\n|player|p1|p0x2359837|2|\n|player|p2|p0y2351442|101|\n|gen|9\n|tier|[Gen 9] Random Battle\n|rule|Species Clause: Limit one of each Pok\u00e9mon\n|rule|HP Percentage Mod: HP is shown in percentages\n|rule|Sleep Clause Mod: Limit one foe put to sleep\n|rule|Illusion Level Mod: Illusion disguises the Pok\u00e9mon's true level\n|\n|t:|1783542302\n|teamsize|p1|6\n|teamsize|p2|6\n|start\n|switch|p1a: Oricorio|Oricorio-Sensu, L85, F|100/100\n|switch|p2a: Stantler|Stantler, L92, M|284/284\n|-ability|p2a: Stantler|Intimidate|boost\n|-unboost|p1a: Oricorio|atk|1\n|turn|1\n|inactive|Battle timer is ON: inactive players will automatically lose when time's up. (requested by p0x2359837)\n|inactive|Time left: 300 sec this turn | 300 sec total | 60 sec grace\n|inactive|p0y2351442 also wants the timer to be on.\n|\n|t:|1783542303\n|move|p2a: Stantler|Throat Chop|p1a: Oricorio\n|-supereffective|p1a: Oricorio\n|-damage|p1a: Oricorio|45/100\n|-start|p1a: Oricorio|Throat Chop|[silent]\n|move|p1a: Oricorio|Quiver Dance|p1a: Oricorio\n|-boost|p1a: Oricorio|spa|1\n|-boost|p1a: Oricorio|spd|1\n|-boost|p1a: Oricorio|spe|1\n|\n|upkeep\n|turn|2\n|inactive|Time left: 300 sec this turn | 300 sec total\n|\n|t:|1783542304\n|move|p1a: Oricorio|Roost|p1a: Oricorio\n|-heal|p1a: Oricorio|95/100\n|-singleturn|p1a: Oricorio|move: Roost\n|move|p2a: Stantler|Throat Chop|p1a: Oricorio\n|-supereffective|p1a: Oricorio\n|-damage|p1a: Oricorio|41/100\n|\n|-end|p1a: Oricorio|Throat Chop|[silent]\n|upkeep\n|turn|3\n|inactive|Time left: 300 sec this turn | 300 sec total\n|\n|t:|1783542305\n|move|p1a: Oricorio|Roost|p1a: Oricorio\n|-heal|p1a: Oricorio|91/100\n|-singleturn|p1a: Oricorio|move: Roost\n|move|p2a: Stantler|Throat Chop|p1a: Oricorio\n|-supereffective|p1a: Oricorio\n|-damage|p1a: Oricorio|28/100\n|-start|p1a: Oricorio|Throat Chop|[silent]\n|\n|upkeep\n|turn|4\n|inactive|Time left: 300 sec this turn | 300 sec total\n|\n|t:|1783542306\n|-terastallize|p1a: Oricorio|Fighting\n|move|p1a: Oricorio|Revelation Dance|p2a: Stantler\n|-supereffective|p2a: Stantler\n|-damage|p2a: Stantler|66/284\n|move|p2a: Stantler|Throat Chop|p1a: Oricorio\n|-resisted|p1a: Oricorio\n|-damage|p1a: Oricorio|14/100\n|\n|-end|p1a: Oricorio|Throat Chop|[silent]\n|upkeep\n|turn|5\n|inactive|Time left: 300 sec this turn | 300 sec total\n|\n|t:|1783542307\n|switch|p2a: Deoxys|Deoxys-Defense, L84|221/221\n|-ability|p2a: Deoxys|Pressure\n|move|p1a: Oricorio|Roost|p1a: Oricorio\n|-heal|p1a: Oricorio|64/100\n|\n|upkeep\n|turn|6\n|inactive|Time left: 300 sec this turn | 300 sec total\n|\n|t:|1783542308\n|move|p1a: Oricorio|Quiver Dance|p1a: Oricorio\n|-boost|p1a: Oricorio|spa|1\n|-boost|p1a: Oricorio|spd|1\n|-boost|p1a: Oricorio|spe|1\n|move|p2a: Deoxys|Night Shade|p1a: Oricorio\n|-damage|p1a: Oricorio|33/100\n|\n|upkeep\n|turn|7\n|inactive|Time left: 300 sec this turn | 300 sec total\n|\n|t:|1783542310\n|move|p1a: Oricorio|Roost|p1a: Oricorio\n|-heal|p1a: Oricorio|83/100\n|move|p2a: Deoxys|Night Shade|p1a: Oricorio\n|-damage|p1a: Oricorio|51/100\n|\n|upkeep\n|turn|8\n|inactive|Time left: 300 sec this turn | 300 sec total\n|\n|t:|1783542311\n|move|p1a: Oricorio|Roost|p1a: Oricorio\n|-heal|p1a: Oricorio|100/100\n|move|p2a: Deoxys|Night Shade|p1a: Oricorio\n|-damage|p1a: Oricorio|69/100\n|\n|upkeep\n|turn|9\n|inactive|Time left: 300 sec this turn | 300 sec total\n|\n|t:|1783542312\n|move|p1a: Oricorio|Revelation Dance|p2a: Deoxys\n|-resisted|p2a: Deoxys\n|-damage|p2a: Deoxys|158/221\n|move|p2a: Deoxys|Night Shade|p1a: Oricorio\n|-damage|p1a: Oricorio|37/100\n|\n|-heal|p2a: Deoxys|171/221|[from] item: Leftovers\n|upkeep\n|turn|10\n|inactive|Time left: 300 sec this turn | 300 sec total\n|\n|t:|1783542314\n|move|p1a: Oricorio|Roost|p1a: Oricorio\n|-heal|p1a: Oricorio|87/100\n|move|p2a: Deoxys|Night Shade|p1a: Oricorio\n|-damage|p1a: Oricorio|56/100\n|\n|-heal|p2a: Deoxys|184/221|[from] item: Leftovers\n|upkeep\n|turn|11\n|inactive|Time left: 300 sec this turn | 300 sec total\n|\n|t:|1783542315\n|move|p1a: Oricorio|Revelation Dance|p2a: Deoxys\n|-resisted|p2a: Deoxys\n|-crit|p2a: Deoxys\n|-damage|p2a: Deoxys|89/221\n|move|p2a: Deoxys|Night Shade|p1a: Oricorio\n|-damage|p1a: Oricorio|24/100\n|\n|-heal|p2a: Deoxys|102/221|[from] item: Leftovers\n|upkeep\n|turn|12\n|inactive|Time left: 300 sec this turn | 300 sec total\n|\n|t:|1783542316\n|move|p1a: Oricorio|Roost|p1a: Oricorio\n|-heal|p1a: Oricorio|74/100\n|move|p2a: Deoxys|Night Shade|p1a: Oricorio\n|-damage|p1a: Oricorio|43/100\n|\n|-heal|p2a: Deoxys|115/221|[from] item: Leftovers\n|upkeep\n|turn|13\n|inactive|Time left: 300 sec this turn | 300 sec total\n|\n|t:|1783542317\n|move|p1a: Oricorio|Hurricane|p2a: Deoxys\n|-damage|p2a: Deoxys|0 fnt\n|faint|p2a: Deoxys\n|\n|upkeep\n|inactive|Time left: 300 sec this turn | 300 sec total | 5 sec grace\n|\n|t:|1783542318\n|switch|p2a: Scream Tail|Scream Tail, L84|330/330\n|turn|14\n|inactive|Time left: 300 sec this turn | 300 sec total\n|\n|t:|1783542320\n|move|p1a: Oricorio|Roost|p1a: Oricorio\n|-heal|p1a: Oricorio|93/100\n|move|p2a: Scream Tail|Play Rough|p1a: Oricorio\n|-supereffective|p1a: Oricorio\n|-damage|p1a: Oricorio|27/100\n|\n|upkeep\n|turn|15\n|inactive|Time left: 300 sec this turn | 300 sec total\n|\n|t:|1783542321\n|move|p1a: Oricorio|Hurricane|p2a: Scream Tail\n|-damage|p2a: Scream Tail|132/330\n|move|p2a: Scream Tail|Play Rough|p1a: Oricorio\n|-supereffective|p1a: Oricorio\n|-damage|p1a: Oricorio|0 fnt\n|faint|p1a: Oricorio\n|\n|-heal|p2a: Scream Tail|152/330|[from] item: Leftovers\n|upkeep\n|\n|t:|1783542322\n|switch|p1a: Slaking|Slaking, L84, F|100/100\n|turn|16\n|inactive|Time left: 300 sec this turn | 300 sec total\n|\n|t:|1783542323\n|move|p2a: Scream Tail|Protect|p2a: Scream Tail\n|-singleturn|p2a: Scream Tail|Protect\n|move|p1a: Slaking|Giga Impact|p2a: Scream Tail\n|-activate|p2a: Scream Tail|move: Protect\n|\n|-heal|p2a: Scream Tail|172/330|[from] item: Leftovers\n|upkeep\n|turn|17\n|inactive|Time left: 300 sec this turn | 300 sec total\n|\n|t:|1783542324\n|switch|p1a: Metagross|Metagross, L79|100/100\n|move|p2a: Scream Tail|Wish|p2a: Scream Tail\n|\n|-heal|p2a: Scream Tail|192/330|[from] item: Leftovers\n|upkeep\n|turn|18\n|inactive|Time left: 300 sec this turn | 300 sec total\n|\n|t:|1783542326\n|move|p2a: Scream Tail|Protect|p2a: Scream Tail\n|-singleturn|p2a: Scream Tail|Protect\n|move|p1a: Metagross|Heavy Slam|p2a: Scream Tail\n|-activate|p2a: Scream Tail|move: Protect\n|\n|-heal|p2a: Scream Tail|330/330|[from] move: Wish|[wisher] Scream Tail\n|upkeep\n|turn|19\n|inactive|Time left: 300 sec this turn | 300 sec total\n|\n|t:|1783542327\n|-end|p2a: Scream Tail|Protosynthesis|[silent]\n|switch|p2a: Sudowoodo|Sudowoodo, L94, F|284/284\n|move|p1a: Metagross|Heavy Slam|p2a: Sudowoodo\n|-supereffective|p2a: Sudowoodo\n|-damage|p2a: Sudowoodo|78/284\n|\n|-heal|p2a: Sudowoodo|95/284|[from] item: Leftovers\n|upkeep\n|turn|20\n|inactive|Time left: 300 sec this turn | 300 sec total\n|\n|t:|1783542328\n|switch|p2a: Stantler|Stantler, L92, M|66/284\n|-ability|p2a: Stantler|Intimidate|boost\n|-fail|p1a: Metagross|unboost|[from] ability: Clear Body|[of] p1a: Metagross\n|move|p1a: Metagross|Heavy Slam|p2a: Stantler\n|-damage|p2a: Stantler|0 fnt\n|faint|p2a: Stantler\n|\n|upkeep\n|inactive|Time left: 300 sec this turn | 300 sec total | 5 sec grace\n|\n|t:|1783542329\n|switch|p2a: Baxcalibur|Baxcalibur, L75, F|295/295\n|turn|21\n|inactive|Time left: 300 sec this turn | 300 sec total\n|\n|t:|1783542330\n|move|p2a: Baxcalibur|Swords Dance|p2a: Baxcalibur\n|-boost|p2a: Baxcalibur|atk|2\n|move|p1a: Metagross|Heavy Slam|p2a: Baxcalibur\n|-supereffective|p2a: Baxcalibur\n|-damage|p2a: Baxcalibur|139/295\n|\n|upkeep\n|turn|22\n|inactive|Time left: 300 sec this turn | 300 sec total\n|\n|t:|1783542331\n|switch|p1a: Slaking|Slaking, L84, F|100/100\n|move|p2a: Baxcalibur|Earthquake|p1a: Slaking\n|-damage|p1a: Slaking|65/100\n|\n|upkeep\n|turn|23\n|inactive|Time left: 300 sec this turn | 300 sec total\n|\n|t:|1783542333\n|move|p1a: Slaking|Giga Impact|p2a: Baxcalibur\n|-damage|p2a: Baxcalibur|0 fnt\n|-mustrecharge|p1a: Slaking\n|faint|p2a: Baxcalibur\n|\n|upkeep\n|inactive|Time left: 300 sec this turn | 300 sec total | 5 sec grace\n|\n|t:|1783542334\n|switch|p2a: Scream Tail|Scream Tail, L84|330/330\n|turn|24\n|inactive|Time left: 300 sec this turn | 300 sec total\n|\n|t:|1783542335\n|-end|p2a: Scream Tail|Protosynthesis|[silent]\n|switch|p2a: Sudowoodo|Sudowoodo, L94, F|95/284\n|cant|p1a: Slaking|recharge\n|\n|-heal|p2a: Sudowoodo|112/284|[from] item: Leftovers\n|upkeep\n|turn|25\n|inactive|Time left: 300 sec this turn | 300 sec total\n|\n|t:|1783542336\n|switch|p1a: Metagross|Metagross, L79|100/100\n|move|p2a: Sudowoodo|Earthquake|p1a: Metagross\n|-supereffective|p1a: Metagross\n|-damage|p1a: Metagross|44/100\n|-enditem|p1a: Metagross|Weakness Policy\n|-boost|p1a: Metagross|atk|2|[from] item: Weakness Policy\n|-boost|p1a: Metagross|spa|2|[from] item: Weakness Policy\n|\n|-heal|p2a: Sudowoodo|129/284|[from] item: Leftovers\n|upkeep\n|turn|26\n|inactive|Time left: 300 sec this turn | 300 sec total\n|\n|t:|1783542337\n|move|p1a: Metagross|Psychic Fangs|p2a: Sudowoodo\n|-damage|p2a: Sudowoodo|0 fnt\n|faint|p2a: Sudowoodo\n|\n|upkeep\n|inactive|Time left: 300 sec this turn | 300 sec total | 5 sec grace\n|\n|t:|1783542338\n|switch|p2a: Scream Tail|Scream Tail, L84|330/330\n|turn|27\n|inactive|Time left: 300 sec this turn | 300 sec total\n|\n|t:|1783542339\n|move|p2a: Scream Tail|Encore|p1a: Metagross\n|-start|p1a: Metagross|Encore\n|move|p1a: Metagross|Psychic Fangs|p2a: Scream Tail\n|-resisted|p2a: Scream Tail\n|-damage|p2a: Scream Tail|238/330\n|\n|-heal|p2a: Scream Tail|258/330|[from] item: Leftovers\n|upkeep\n|turn|28\n|inactive|Time left: 300 sec this turn | 300 sec total\n|\n|t:|1783542340\n|move|p2a: Scream Tail|Wish|p2a: Scream Tail\n|move|p1a: Metagross|Psychic Fangs|p2a: Scream Tail\n|-resisted|p2a: Scream Tail\n|-damage|p2a: Scream Tail|166/330\n|\n|-heal|p2a: Scream Tail|186/330|[from] item: Leftovers\n|upkeep\n|turn|29\n|inactive|Time left: 300 sec this turn | 300 sec total\n|\n|t:|1783542341\n|move|p2a: Scream Tail|Protect|p2a: Scream Tail\n|-singleturn|p2a: Scream Tail|Protect\n|move|p1a: Metagross|Psychic Fangs|p2a: Scream Tail\n|-activate|p2a: Scream Tail|move: Protect\n|\n|-heal|p2a: Scream Tail|330/330|[from] move: Wish|[wisher] Scream Tail\n|-end|p1a: Metagross|Encore\n|upkeep\n|turn|30\n|inactive|Time left: 300 sec this turn | 300 sec total\n|\n|t:|1783542341\n|move|p2a: Scream Tail|Encore|p1a: Metagross\n|-start|p1a: Metagross|Encore\n|move|p1a: Metagross|Psychic Fangs|p2a: Scream Tail\n|-resisted|p2a: Scream Tail\n|-damage|p2a: Scream Tail|236/330\n|\n|-heal|p2a: Scream Tail|256/330|[from] item: Leftovers\n|upkeep\n|turn|31\n|inactive|Time left: 300 sec this turn | 300 sec total\n|\n|t:|1783542342\n|move|p2a: Scream Tail|Wish|p2a: Scream Tail\n|move|p1a: Metagross|Psychic Fangs|p2a: Scream Tail\n|-resisted|p2a: Scream Tail\n|-damage|p2a: Scream Tail|162/330\n|\n|-heal|p2a: Scream Tail|182/330|[from] item: Leftovers\n|upkeep\n|turn|32\n|inactive|Time left: 300 sec this turn | 300 sec total\n|\n|t:|1783542343\n|move|p2a: Scream Tail|Protect|p2a: Scream Tail\n|-singleturn|p2a: Scream Tail|Protect\n|move|p1a: Metagross|Psychic Fangs|p2a: Scream Tail\n|-activate|p2a: Scream Tail|move: Protect\n|\n|-heal|p2a: Scream Tail|330/330|[from] move: Wish|[wisher] Scream Tail\n|-end|p1a: Metagross|Encore\n|upkeep\n|turn|33\n|inactive|Time left: 300 sec this turn | 300 sec total\n|\n|t:|1783542344\n|move|p2a: Scream Tail|Encore|p1a: Metagross\n|-start|p1a: Metagross|Encore\n|move|p1a: Metagross|Psychic Fangs|p2a: Scream Tail\n|-resisted|p2a: Scream Tail\n|-damage|p2a: Scream Tail|234/330\n|\n|-heal|p2a: Scream Tail|254/330|[from] item: Leftovers\n|upkeep\n|turn|34\n|inactive|Time left: 300 sec this turn | 300 sec total\n|\n|t:|1783542345\n|move|p2a: Scream Tail|Wish|p2a: Scream Tail\n|move|p1a: Metagross|Psychic Fangs|p2a: Scream Tail\n|-resisted|p2a: Scream Tail\n|-damage|p2a: Scream Tail|162/330\n|\n|-heal|p2a: Scream Tail|182/330|[from] item: Leftovers\n|upkeep\n|turn|35\n|inactive|Time left: 300 sec this turn | 300 sec total\n|\n|t:|1783542346\n|move|p2a: Scream Tail|Protect|p2a: Scream Tail\n|-singleturn|p2a: Scream Tail|Protect\n|move|p1a: Metagross|Psychic Fangs|p2a: Scream Tail\n|-activate|p2a: Scream Tail|move: Protect\n|\n|-heal|p2a: Scream Tail|330/330|[from] move: Wish|[wisher] Scream Tail\n|-end|p1a: Metagross|Encore\n|upkeep\n|turn|36\n|inactive|Time left: 300 sec this turn | 300 sec total\n|\n|t:|1783542347\n|move|p2a: Scream Tail|Encore|p1a: Metagross\n|-start|p1a: Metagross|Encore\n|move|p1a: Metagross|Psychic Fangs|p2a: Scream Tail\n|-resisted|p2a: Scream Tail\n|-damage|p2a: Scream Tail|240/330\n|\n|-heal|p2a: Scream Tail|260/330|[from] item: Leftovers\n|upkeep\n|turn|37\n|inactive|Time left: 300 sec this turn | 300 sec total\n|\n|t:|1783542348\n|move|p2a: Scream Tail|Play Rough|p1a: Metagross\n|-resisted|p1a: Metagross\n|-damage|p1a: Metagross|33/100\n|move|p1a: Metagross|Psychic Fangs|p2a: Scream Tail\n|-resisted|p2a: Scream Tail\n|-damage|p2a: Scream Tail|168/330\n|\n|-heal|p2a: Scream Tail|188/330|[from] item: Leftovers\n|upkeep\n|turn|38\n|inactive|Time left: 300 sec this turn | 300 sec total\n|\n|t:|1783542350\n|move|p2a: Scream Tail|Wish|p2a: Scream Tail\n|move|p1a: Metagross|Psychic Fangs|p2a: Scream Tail\n|-resisted|p2a: Scream Tail\n|-damage|p2a: Scream Tail|93/330\n|\n|-heal|p2a: Scream Tail|113/330|[from] item: Leftovers\n|-end|p1a: Metagross|Encore\n|upkeep\n|turn|39\n|inactive|Time left: 300 sec this turn | 300 sec total\n|\n|t:|1783542351\n|move|p2a: Scream Tail|Encore|p1a: Metagross\n|-start|p1a: Metagross|Encore\n|move|p1a: Metagross|Psychic Fangs|p2a: Scream Tail\n|-resisted|p2a: Scream Tail\n|-damage|p2a: Scream Tail|23/330\n|\n|-heal|p2a: Scream Tail|188/330|[from] move: Wish|[wisher] Scream Tail\n|-heal|p2a: Scream Tail|208/330|[from] item: Leftovers\n|upkeep\n|turn|40\n|inactive|Time left: 300 sec this turn | 300 sec total\n|\n|t:|1783542352\n|move|p2a: Scream Tail|Wish|p2a: Scream Tail\n|move|p1a: Metagross|Psychic Fangs|p2a: Scream Tail\n|-resisted|p2a: Scream Tail\n|-damage|p2a: Scream Tail|118/330\n|\n|-heal|p2a: Scream Tail|138/330|[from] item: Leftovers\n|upkeep\n|turn|41\n|inactive|Time left: 300 sec this turn | 300 sec total\n|\n|t:|1783542353\n|move|p2a: Scream Tail|Protect|p2a: Scream Tail\n|-singleturn|p2a: Scream Tail|Protect\n|move|p1a: Metagross|Psychic Fangs|p2a: Scream Tail\n|-activate|p2a: Scream Tail|move: Protect\n|\n|-heal|p2a: Scream Tail|303/330|[from] move: Wish|[wisher] Scream Tail\n|-heal|p2a: Scream Tail|323/330|[from] item: Leftovers\n|-end|p1a: Metagross|Encore\n|upkeep\n|turn|42\n|inactive|Time left: 300 sec this turn | 300 sec total\n|\n|t:|1783542354\n|move|p2a: Scream Tail|Encore||[still]\n|-fail|p2a: Scream Tail\n|move|p1a: Metagross|Heavy Slam|p2a: Scream Tail\n|-supereffective|p2a: Scream Tail\n|-damage|p2a: Scream Tail|0 fnt\n|faint|p2a: Scream Tail\n|-end|p2a: Scream Tail|Protosynthesis|[silent]\n|\n|upkeep\n|inactive|Time left: 300 sec this turn | 300 sec total | 5 sec grace\n|\n|t:|1783542355\n|switch|p2a: Illumise|Illumise, L91, F|266/266\n|turn|43\n|inactive|Time left: 300 sec this turn | 300 sec total\n|\n|t:|1783542356\n|switch|p1a: Moltres|Moltres, L81|100/100\n|move|p2a: Illumise|Bug Buzz|p1a: Moltres\n|-resisted|p1a: Moltres\n|-damage|p1a: Moltres|92/100\n|\n|upkeep\n|turn|44\n|inactive|Time left: 300 sec this turn | 300 sec total\n|\n|t:|1783542357\n|-terastallize|p2a: Illumise|Steel\n|move|p2a: Illumise|Thunder Wave|p1a: Moltres\n|-status|p1a: Moltres|par\n|move|p1a: Moltres|Fire Blast|p2a: Illumise\n|-supereffective|p2a: Illumise\n|-damage|p2a: Illumise|0 fnt\n|faint|p2a: Illumise\n|\n|win|p0x2359837", "uploadtime": 1783542357, "views": 0, "rating": 0, "private": 0, "password": null, "_winner": "p0x2359837", "_our_name": "p0y2351442"}