{"id": "battle-gen9randombattle-139", "formatid": "gen9randombattle", "format": "[Gen 9] Random Battle", "players": ["p0x1392dbc", "p0y139dd04"], "log": "|init|battle\n|title|p0x1392dbc vs. p0y139dd04\n|j|\u2606p0x1392dbc\n|j|\u2606p0y139dd04\n|t:|1783535354\n|gametype|singles\n|player|p1|p0x1392dbc|169|\n|player|p2|p0y139dd04|1|\n|gen|9\n|tier|[Gen 9] Random Battle\n|rule|Species Clause: Limit one of each Pok\u00e9mon\n|rule|HP Percentage Mod: HP is shown in percentages\n|rule|Sleep Clause Mod: Limit one foe put to sleep\n|rule|Illusion Level Mod: Illusion disguises the Pok\u00e9mon's true level\n|\n|t:|1783535354\n|teamsize|p1|6\n|teamsize|p2|6\n|start\n|switch|p1a: Pyroar|Pyroar, L88, F|295/295\n|switch|p2a: Rabsca|Rabsca, L91, M|100/100\n|-ability|p1a: Pyroar|Unnerve\n|turn|1\n|inactive|Battle timer is ON: inactive players will automatically lose when time's up. (requested by p0x1392dbc)\n|inactive|p0y139dd04 also wants the timer to be on.\n|\n|t:|1783535356\n|move|p1a: Pyroar|Fire Blast|p2a: Rabsca\n|-supereffective|p2a: Rabsca\n|-damage|p2a: Rabsca|11/100\n|move|p2a: Rabsca|Earth Power|p1a: Pyroar\n|-supereffective|p1a: Pyroar\n|-damage|p1a: Pyroar|85/295\n|\n|upkeep\n|turn|2\n|inactive|Time left: 300 sec this turn | 300 sec total\n|\n|t:|1783535357\n|move|p1a: Pyroar|Hyper Voice|p2a: Rabsca\n|-damage|p2a: Rabsca|0 fnt\n|faint|p2a: Rabsca\n|\n|upkeep\n|\n|t:|1783535358\n|switch|p2a: Golurk|Golurk, L87|100/100\n|turn|3\n|inactive|Time left: 300 sec this turn | 300 sec total\n|\n|t:|1783535359\n|move|p1a: Pyroar|Will-O-Wisp|p2a: Golurk\n|-status|p2a: Golurk|brn\n|move|p2a: Golurk|Dynamic Punch|p1a: Pyroar\n|-supereffective|p1a: Pyroar\n|-damage|p1a: Pyroar|0 fnt\n|faint|p1a: Pyroar\n|\n|-damage|p2a: Golurk|94/100 brn|[from] brn\n|upkeep\n|inactive|Time left: 300 sec this turn | 300 sec total | 5 sec grace\n|\n|t:|1783535360\n|switch|p1a: Shaymin|Shaymin-Sky, L73|266/266\n|turn|4\n|inactive|Time left: 300 sec this turn | 300 sec total\n|\n|t:|1783535361\n|move|p1a: Shaymin|Substitute|p1a: Shaymin\n|-start|p1a: Shaymin|Substitute\n|-damage|p1a: Shaymin|200/266\n|move|p2a: Golurk|Dynamic Punch|p1a: Shaymin\n|-resisted|p1a: Shaymin\n|-activate|p1a: Shaymin|move: Substitute|[damage]\n|\n|-heal|p1a: Shaymin|216/266|[from] item: Leftovers\n|-damage|p2a: Golurk|88/100 brn|[from] brn\n|upkeep\n|turn|5\n|inactive|Time left: 300 sec this turn | 300 sec total\n|\n|t:|1783535362\n|move|p1a: Shaymin|Seed Flare|p2a: Golurk\n|-supereffective|p2a: Golurk\n|-damage|p2a: Golurk|8/100 brn\n|-unboost|p2a: Golurk|spd|2\n|move|p2a: Golurk|Dynamic Punch|p1a: Shaymin\n|-resisted|p1a: Shaymin\n|-crit|p1a: Shaymin\n|-end|p1a: Shaymin|Substitute\n|\n|-heal|p1a: Shaymin|232/266|[from] item: Leftovers\n|-damage|p2a: Golurk|2/100 brn|[from] brn\n|upkeep\n|turn|6\n|inactive|Time left: 300 sec this turn | 300 sec total\n|\n|t:|1783535363\n|move|p1a: Shaymin|Seed Flare|p2a: Golurk\n|-supereffective|p2a: Golurk\n|-damage|p2a: Golurk|0 fnt\n|faint|p2a: Golurk\n|\n|-heal|p1a: Shaymin|248/266|[from] item: Leftovers\n|upkeep\n|\n|t:|1783535363\n|switch|p2a: Zekrom|Zekrom, L71|100/100\n|-ability|p2a: Zekrom|Teravolt\n|turn|7\n|inactive|Time left: 300 sec this turn | 300 sec total\n|\n|t:|1783535364\n|move|p1a: Shaymin|Leech Seed|p2a: Zekrom\n|-start|p2a: Zekrom|move: Leech Seed\n|move|p2a: Zekrom|Dragon Dance|p2a: Zekrom\n|-boost|p2a: Zekrom|atk|1\n|-boost|p2a: Zekrom|spe|1\n|\n|-heal|p1a: Shaymin|264/266|[from] item: Leftovers\n|-damage|p2a: Zekrom|88/100|[from] Leech Seed|[of] p1a: Shaymin\n|-heal|p1a: Shaymin|266/266|[silent]\n|upkeep\n|turn|8\n|inactive|Time left: 300 sec this turn | 300 sec total\n|\n|t:|1783535365\n|switch|p1a: Clodsire|Clodsire, L81, M|343/343\n|move|p2a: Zekrom|Outrage|p1a: Clodsire\n|-damage|p1a: Clodsire|58/343\n|\n|-heal|p2a: Zekrom|94/100|[from] item: Leftovers\n|-heal|p1a: Clodsire|79/343|[from] item: Leftovers\n|-damage|p2a: Zekrom|82/100|[from] Leech Seed|[of] p1a: Clodsire\n|-heal|p1a: Clodsire|111/343|[silent]\n|upkeep\n|turn|9\n|inactive|Time left: 300 sec this turn | 300 sec total\n|\n|t:|1783535366\n|switch|p1a: Meowstic|Meowstic, L89, M|277/277\n|move|p2a: Zekrom|Outrage|p1a: Meowstic|[from] lockedmove\n|-damage|p1a: Meowstic|81/277\n|-start|p2a: Zekrom|confusion|[fatigue]\n|\n|-heal|p2a: Zekrom|88/100|[from] item: Leftovers\n|-heal|p1a: Meowstic|98/277|[from] item: Leftovers\n|-damage|p2a: Zekrom|76/100|[from] Leech Seed|[of] p1a: Meowstic\n|-heal|p1a: Meowstic|130/277|[silent]\n|upkeep\n|turn|10\n|inactive|Time left: 300 sec this turn | 300 sec total\n|\n|t:|1783535367\n|-terastallize|p1a: Meowstic|Fairy\n|-activate|p2a: Zekrom|confusion\n|move|p2a: Zekrom|Outrage|p1a: Meowstic\n|-immune|p1a: Meowstic\n|move|p1a: Meowstic|Alluring Voice|p2a: Zekrom\n|-supereffective|p2a: Zekrom\n|-damage|p2a: Zekrom|2/100\n|\n|-heal|p2a: Zekrom|8/100|[from] item: Leftovers\n|-heal|p1a: Meowstic|147/277|[from] item: Leftovers\n|-damage|p2a: Zekrom|0 fnt|[from] Leech Seed|[of] p1a: Meowstic\n|-heal|p1a: Meowstic|166/277|[silent]\n|faint|p2a: Zekrom\n|upkeep\n|\n|t:|1783535368\n|switch|p2a: Dugtrio|Dugtrio-Alola, L84, F|100/100\n|turn|11\n|inactive|Time left: 300 sec this turn | 300 sec total\n|\n|t:|1783535369\n|move|p1a: Meowstic|Yawn|p2a: Dugtrio\n|-start|p2a: Dugtrio|move: Yawn|[of] p1a: Meowstic\n|move|p2a: Dugtrio|Iron Head|p1a: Meowstic\n|-supereffective|p1a: Meowstic\n|-damage|p1a: Meowstic|0 fnt\n|faint|p1a: Meowstic\n|-damage|p2a: Dugtrio|91/100|[from] item: Life Orb\n|\n|upkeep\n|inactive|Time left: 300 sec this turn | 300 sec total | 5 sec grace\n|\n|t:|1783535370\n|switch|p1a: Shaymin|Shaymin-Sky, L73|266/266\n|turn|12\n|inactive|Time left: 300 sec this turn | 300 sec total\n|\n|t:|1783535371\n|switch|p2a: Suicune|Suicune, L82|100/100\n|-ability|p2a: Suicune|Pressure\n|move|p1a: Shaymin|Seed Flare|p2a: Suicune\n|-supereffective|p2a: Suicune\n|-damage|p2a: Suicune|33/100\n|-unboost|p2a: Suicune|spd|2\n|\n|-heal|p2a: Suicune|39/100|[from] item: Leftovers\n|upkeep\n|turn|13\n|inactive|Time left: 300 sec this turn | 300 sec total\n|\n|t:|1783535372\n|switch|p2a: Dugtrio|Dugtrio-Alola, L84, F|91/100\n|move|p1a: Shaymin|Seed Flare|p2a: Dugtrio\n|-damage|p2a: Dugtrio|26/100\n|-unboost|p2a: Dugtrio|spd|2\n|\n|upkeep\n|turn|14\n|inactive|Time left: 300 sec this turn | 300 sec total\n|\n|t:|1783535373\n|move|p2a: Dugtrio|Iron Head|p1a: Shaymin\n|-damage|p1a: Shaymin|114/266\n|-damage|p2a: Dugtrio|16/100|[from] item: Life Orb\n|cant|p1a: Shaymin|flinch\n|\n|-heal|p1a: Shaymin|130/266|[from] item: Leftovers\n|upkeep\n|turn|15\n|inactive|Time left: 300 sec this turn | 300 sec total\n|\n|t:|1783535374\n|switch|p1a: Kommo-o|Kommo-o, L77, M|242/242\n|move|p2a: Dugtrio|Iron Head|p1a: Kommo-o\n|-damage|p1a: Kommo-o|143/242\n|-damage|p2a: Dugtrio|7/100|[from] item: Life Orb\n|\n|upkeep\n|turn|16\n|inactive|Time left: 300 sec this turn | 300 sec total\n|\n|t:|1783535375\n|move|p2a: Dugtrio|Earthquake|p1a: Kommo-o\n|-damage|p1a: Kommo-o|29/242\n|-damage|p2a: Dugtrio|0 fnt|[from] item: Life Orb\n|faint|p2a: Dugtrio\n|move|p1a: Kommo-o|Swords Dance|p1a: Kommo-o\n|-boost|p1a: Kommo-o|atk|2\n|\n|upkeep\n|\n|t:|1783535376\n|switch|p2a: Keldeo|Keldeo-Resolute, L79|100/100\n|turn|17\n|inactive|Time left: 300 sec this turn | 300 sec total\n|\n|t:|1783535377\n|switch|p1a: Shaymin|Shaymin-Sky, L73|130/266\n|move|p2a: Keldeo|Secret Sword|p1a: Shaymin\n|-resisted|p1a: Shaymin\n|-damage|p1a: Shaymin|71/266\n|\n|-heal|p1a: Shaymin|87/266|[from] item: Leftovers\n|upkeep\n|turn|18\n|inactive|Time left: 300 sec this turn | 300 sec total\n|\n|t:|1783535378\n|move|p1a: Shaymin|Seed Flare|p2a: Keldeo\n|-supereffective|p2a: Keldeo\n|-damage|p2a: Keldeo|16/100\n|-unboost|p2a: Keldeo|spd|2\n|move|p2a: Keldeo|Calm Mind|p2a: Keldeo\n|-boost|p2a: Keldeo|spa|1\n|-boost|p2a: Keldeo|spd|1\n|\n|-heal|p1a: Shaymin|103/266|[from] item: Leftovers\n|-heal|p2a: Keldeo|22/100|[from] item: Leftovers\n|upkeep\n|turn|19\n|inactive|Time left: 300 sec this turn | 300 sec total\n|\n|t:|1783535379\n|move|p1a: Shaymin|Seed Flare|p2a: Keldeo\n|-supereffective|p2a: Keldeo\n|-damage|p2a: Keldeo|0 fnt\n|faint|p2a: Keldeo\n|\n|-heal|p1a: Shaymin|119/266|[from] item: Leftovers\n|upkeep\n|\n|t:|1783535380\n|switch|p2a: Suicune|Suicune, L82|39/100\n|-ability|p2a: Suicune|Pressure\n|turn|20\n|inactive|Time left: 300 sec this turn | 300 sec total\n|\n|t:|1783535381\n|-terastallize|p2a: Suicune|Dragon\n|move|p1a: Shaymin|Seed Flare|p2a: Suicune\n|-resisted|p2a: Suicune\n|-damage|p2a: Suicune|22/100\n|-unboost|p2a: Suicune|spd|2\n|move|p2a: Suicune|Calm Mind|p2a: Suicune\n|-boost|p2a: Suicune|spa|1\n|-boost|p2a: Suicune|spd|1\n|\n|-heal|p1a: Shaymin|135/266|[from] item: Leftovers\n|-heal|p2a: Suicune|28/100|[from] item: Leftovers\n|upkeep\n|turn|21\n|inactive|Time left: 300 sec this turn | 300 sec total\n|\n|t:|1783535382\n|move|p1a: Shaymin|Air Slash|p2a: Suicune\n|-damage|p2a: Suicune|0 fnt\n|faint|p2a: Suicune\n|\n|win|p0x1392dbc", "uploadtime": 1783535382, "views": 0, "rating": 0, "private": 0, "password": null, "_winner": "p0x1392dbc", "_our_name": "p0x1392dbc"}