{"id": "battle-gen9randombattle-134", "formatid": "gen9randombattle", "format": "[Gen 9] Random Battle", "players": ["p0x134c13b", "p0y134d1df"], "log": "|init|battle\n|title|p0x134c13b vs. p0y134d1df\n|j|\u2606p0x134c13b\n|j|\u2606p0y134d1df\n|t:|1783540707\n|gametype|singles\n|player|p1|p0x134c13b|170|\n|player|p2|p0y134d1df|1|\n|gen|9\n|tier|[Gen 9] Random Battle\n|rule|Species Clause: Limit one of each Pok\u00e9mon\n|rule|HP Percentage Mod: HP is shown in percentages\n|rule|Sleep Clause Mod: Limit one foe put to sleep\n|rule|Illusion Level Mod: Illusion disguises the Pok\u00e9mon's true level\n|\n|t:|1783540707\n|teamsize|p1|6\n|teamsize|p2|6\n|start\n|switch|p1a: Alomomola|Alomomola, L87, M|100/100\n|switch|p2a: Coalossal|Coalossal, L89, F|341/341\n|turn|1\n|inactive|Battle timer is ON: inactive players will automatically lose when time's up. (requested by p0y134d1df)\n|inactive|p0x134c13b also wants the timer to be on.\n|\n|t:|1783540708\n|switch|p2a: Hariyama|Hariyama, L87, F|392/392\n|move|p1a: Alomomola|Scald|p2a: Hariyama\n|-damage|p2a: Hariyama|331/392\n|\n|-status|p2a: Hariyama|brn|[from] item: Flame Orb\n|upkeep\n|turn|2\n|inactive|Time left: 300 sec this turn | 300 sec total\n|\n|t:|1783540710\n|move|p1a: Alomomola|Scald|p2a: Hariyama\n|-damage|p2a: Hariyama|267/392 brn\n|move|p2a: Hariyama|Facade|p1a: Alomomola\n|-damage|p1a: Alomomola|55/100\n|-damage|p2a: Hariyama|202/392 brn|[from] item: Rocky Helmet|[of] p1a: Alomomola\n|\n|-damage|p2a: Hariyama|178/392 brn|[from] brn\n|upkeep\n|turn|3\n|inactive|Time left: 300 sec this turn | 300 sec total\n|\n|t:|1783540711\n|move|p1a: Alomomola|Flip Turn|p2a: Hariyama\n|-damage|p2a: Hariyama|112/392 brn\n|\n|t:|1783540711\n|switch|p1a: Banette|Banette, L93, M|100/100|[from] Flip Turn\n|move|p2a: Hariyama|Close Combat|p1a: Banette\n|-immune|p1a: Banette\n|\n|-damage|p2a: Hariyama|88/392 brn|[from] brn\n|upkeep\n|turn|4\n|inactive|Time left: 300 sec this turn | 300 sec total\n|\n|t:|1783540713\n|switch|p2a: Zamazenta|Zamazenta, L71|248/248\n|-ability|p2a: Zamazenta|Dauntless Shield|boost\n|-boost|p2a: Zamazenta|def|1\n|move|p1a: Banette|Gunk Shot|p2a: Zamazenta\n|-damage|p2a: Zamazenta|153/248\n|-damage|p1a: Banette|90/100|[from] item: Life Orb\n|\n|upkeep\n|turn|5\n|inactive|Time left: 300 sec this turn | 300 sec total\n|\n|t:|1783540714\n|switch|p1a: Alomomola|Alomomola, L87, M|88/100\n|move|p2a: Zamazenta|Iron Head|p1a: Alomomola\n|-resisted|p1a: Alomomola\n|-damage|p1a: Alomomola|80/100\n|-damage|p2a: Zamazenta|112/248|[from] item: Rocky Helmet|[of] p1a: Alomomola\n|\n|upkeep\n|turn|6\n|inactive|Time left: 300 sec this turn | 300 sec total\n|\n|t:|1783540715\n|move|p2a: Zamazenta|Iron Head|p1a: Alomomola\n|-resisted|p1a: Alomomola\n|-damage|p1a: Alomomola|71/100\n|-damage|p2a: Zamazenta|71/248|[from] item: Rocky Helmet|[of] p1a: Alomomola\n|move|p1a: Alomomola|Flip Turn|p2a: Zamazenta\n|-damage|p2a: Zamazenta|34/248\n|\n|t:|1783540716\n|switch|p1a: Barraskewda|Barraskewda, L81, F|100/100|[from] Flip Turn\n|\n|upkeep\n|turn|7\n|inactive|Time left: 300 sec this turn | 300 sec total\n|\n|t:|1783540718\n|switch|p2a: Hypno|Hypno, L95, F|315/315\n|move|p1a: Barraskewda|Waterfall|p2a: Hypno\n|-damage|p2a: Hypno|162/315\n|\n|-heal|p2a: Hypno|181/315|[from] item: Leftovers\n|upkeep\n|turn|8\n|inactive|Time left: 300 sec this turn | 300 sec total\n|\n|t:|1783540719\n|move|p1a: Barraskewda|Waterfall|p2a: Hypno\n|-damage|p2a: Hypno|28/315\n|cant|p2a: Hypno|flinch\n|\n|-heal|p2a: Hypno|47/315|[from] item: Leftovers\n|upkeep\n|turn|9\n|inactive|Time left: 300 sec this turn | 300 sec total\n|\n|t:|1783540720\n|switch|p2a: Roaring Moon|Roaring Moon, L72|270/270\n|-enditem|p2a: Roaring Moon|Booster Energy\n|-activate|p2a: Roaring Moon|ability: Protosynthesis|[fromitem]\n|-start|p2a: Roaring Moon|protosynthesisatk\n|move|p1a: Barraskewda|Waterfall|p2a: Roaring Moon\n|-resisted|p2a: Roaring Moon\n|-damage|p2a: Roaring Moon|167/270\n|\n|upkeep\n|turn|10\n|inactive|Time left: 300 sec this turn | 300 sec total\n|\n|t:|1783540721\n|move|p1a: Barraskewda|Waterfall|p2a: Roaring Moon\n|-resisted|p2a: Roaring Moon\n|-damage|p2a: Roaring Moon|65/270\n|move|p2a: Roaring Moon|Outrage|p1a: Barraskewda\n|-damage|p1a: Barraskewda|9/100\n|\n|upkeep\n|turn|11\n|inactive|Time left: 300 sec this turn | 300 sec total\n|\n|t:|1783540722\n|move|p1a: Barraskewda|Waterfall|p2a: Roaring Moon\n|-resisted|p2a: Roaring Moon\n|-damage|p2a: Roaring Moon|0 fnt\n|faint|p2a: Roaring Moon\n|-end|p2a: Roaring Moon|Protosynthesis|[silent]\n|\n|upkeep\n|inactive|Time left: 300 sec this turn | 300 sec total | 5 sec grace\n|\n|t:|1783540723\n|switch|p2a: Snorlax|Snorlax, L82, M|397/397\n|turn|12\n|inactive|Time left: 300 sec this turn | 300 sec total\n|\n|t:|1783540724\n|move|p1a: Barraskewda|Waterfall|p2a: Snorlax\n|-damage|p2a: Snorlax|210/397\n|move|p2a: Snorlax|Body Slam|p1a: Barraskewda\n|-damage|p1a: Barraskewda|0 fnt\n|faint|p1a: Barraskewda\n|\n|upkeep\n|\n|t:|1783540725\n|switch|p1a: Hitmonlee|Hitmonlee, L85, M|100/100\n|turn|13\n|inactive|Time left: 300 sec this turn | 300 sec total\n|\n|t:|1783540726\n|move|p1a: Hitmonlee|Close Combat|p2a: Snorlax\n|-supereffective|p2a: Snorlax\n|-damage|p2a: Snorlax|0 fnt\n|-unboost|p1a: Hitmonlee|def|1\n|-unboost|p1a: Hitmonlee|spd|1\n|faint|p2a: Snorlax\n|-enditem|p1a: Hitmonlee|White Herb\n|-clearnegativeboost|p1a: Hitmonlee|[silent]\n|\n|upkeep\n|inactive|Time left: 300 sec this turn | 300 sec total | 5 sec grace\n|\n|t:|1783540727\n|switch|p2a: Coalossal|Coalossal, L89, F|341/341\n|turn|14\n|inactive|Time left: 300 sec this turn | 300 sec total\n|\n|t:|1783540728\n|move|p1a: Hitmonlee|Swords Dance|p1a: Hitmonlee\n|-boost|p1a: Hitmonlee|atk|2\n|move|p2a: Coalossal|Stone Edge|p1a: Hitmonlee|[miss]\n|-miss|p2a: Coalossal|p1a: Hitmonlee\n|\n|upkeep\n|turn|15\n|inactive|Time left: 300 sec this turn | 300 sec total\n|\n|t:|1783540729\n|switch|p2a: Zamazenta|Zamazenta, L71|34/248\n|move|p1a: Hitmonlee|Close Combat|p2a: Zamazenta\n|-damage|p2a: Zamazenta|0 fnt\n|-unboost|p1a: Hitmonlee|def|1\n|-unboost|p1a: Hitmonlee|spd|1\n|faint|p2a: Zamazenta\n|\n|upkeep\n|inactive|Time left: 300 sec this turn | 300 sec total | 5 sec grace\n|\n|t:|1783540730\n|switch|p2a: Hariyama|Hariyama, L87, F|88/392 brn\n|turn|16\n|inactive|Time left: 300 sec this turn | 300 sec total\n|\n|t:|1783540731\n|move|p2a: Hariyama|Fake Out|p1a: Hitmonlee\n|-damage|p1a: Hitmonlee|54/100\n|cant|p1a: Hitmonlee|flinch\n|\n|-damage|p2a: Hariyama|64/392 brn|[from] brn\n|upkeep\n|turn|17\n|inactive|Time left: 300 sec this turn | 300 sec total\n|\n|t:|1783540732\n|switch|p2a: Hypno|Hypno, L95, F|47/315\n|move|p1a: Hitmonlee|Close Combat|p2a: Hypno\n|-resisted|p2a: Hypno\n|-damage|p2a: Hypno|0 fnt\n|-unboost|p1a: Hitmonlee|def|1\n|-unboost|p1a: Hitmonlee|spd|1\n|faint|p2a: Hypno\n|\n|upkeep\n|inactive|Time left: 300 sec this turn | 300 sec total | 5 sec grace\n|\n|t:|1783540733\n|switch|p2a: Hariyama|Hariyama, L87, F|64/392 brn\n|turn|18\n|inactive|Time left: 300 sec this turn | 300 sec total\n|\n|t:|1783540734\n|switch|p1a: Alomomola|Alomomola, L87, M|100/100\n|move|p2a: Hariyama|Fake Out|p1a: Alomomola\n|-damage|p1a: Alomomola|87/100\n|-damage|p2a: Hariyama|0 fnt|[from] item: Rocky Helmet|[of] p1a: Alomomola\n|faint|p2a: Hariyama\n|\n|upkeep\n|inactive|Time left: 300 sec this turn | 300 sec total | 5 sec grace\n|\n|t:|1783540734\n|switch|p2a: Coalossal|Coalossal, L89, F|341/341\n|turn|19\n|inactive|Time left: 300 sec this turn | 300 sec total\n|\n|t:|1783540735\n|-terastallize|p2a: Coalossal|Grass\n|move|p1a: Alomomola|Scald|p2a: Coalossal\n|-resisted|p2a: Coalossal\n|-damage|p2a: Coalossal|320/341\n|move|p2a: Coalossal|Spikes|p1a: Alomomola\n|-sidestart|p1: p0x134c13b|Spikes\n|\n|upkeep\n|turn|20\n|inactive|Time left: 300 sec this turn | 300 sec total\n|\n|t:|1783540736\n|move|p1a: Alomomola|Scald|p2a: Coalossal\n|-resisted|p2a: Coalossal\n|-damage|p2a: Coalossal|298/341\n|-status|p2a: Coalossal|brn\n|move|p2a: Coalossal|Spikes|p1a: Alomomola\n|-sidestart|p1: p0x134c13b|Spikes\n|\n|-damage|p2a: Coalossal|277/341 brn|[from] brn\n|upkeep\n|turn|21\n|inactive|Time left: 300 sec this turn | 300 sec total\n|\n|t:|1783540737\n|switch|p1a: Banette|Banette, L93, M|90/100\n|-damage|p1a: Banette|74/100|[from] Spikes\n|move|p2a: Coalossal|Flamethrower|p1a: Banette\n|-damage|p1a: Banette|36/100\n|\n|-damage|p2a: Coalossal|256/341 brn|[from] brn\n|upkeep\n|turn|22\n|inactive|Time left: 300 sec this turn | 300 sec total\n|\n|t:|1783540738\n|move|p1a: Banette|Gunk Shot|p2a: Coalossal\n|-supereffective|p2a: Coalossal\n|-damage|p2a: Coalossal|30/341 brn\n|-damage|p1a: Banette|26/100|[from] item: Life Orb\n|move|p2a: Coalossal|Flamethrower|p1a: Banette\n|-damage|p1a: Banette|0 fnt\n|faint|p1a: Banette\n|\n|-damage|p2a: Coalossal|9/341 brn|[from] brn\n|upkeep\n|\n|t:|1783540739\n|switch|p1a: Latias|Latias, L79, F|100/100\n|turn|23\n|inactive|Time left: 300 sec this turn | 300 sec total\n|\n|t:|1783540741\n|move|p1a: Latias|Draco Meteor|p2a: Coalossal\n|-damage|p2a: Coalossal|0 fnt\n|-unboost|p1a: Latias|spa|2\n|faint|p2a: Coalossal\n|\n|win|p0x134c13b", "uploadtime": 1783540741, "views": 0, "rating": 0, "private": 0, "password": null, "_winner": "p0x134c13b", "_our_name": "p0y134d1df"}