{"id": "battle-gen9randombattle-2987", "formatid": "gen9randombattle", "format": "[Gen 9] Random Battle", "players": ["p0x29877b76", "p0y2987bccb"], "log": "|init|battle\n|title|p0x29877b76 vs. p0y2987bccb\n|j|\u2606p0x29877b76\n|j|\u2606p0y2987bccb\n|t:|1783573373\n|gametype|singles\n|player|p1|p0x29877b76|2|\n|player|p2|p0y2987bccb|2|\n|gen|9\n|tier|[Gen 9] Random Battle\n|rule|Species Clause: Limit one of each Pok\u00e9mon\n|rule|HP Percentage Mod: HP is shown in percentages\n|rule|Sleep Clause Mod: Limit one foe put to sleep\n|rule|Illusion Level Mod: Illusion disguises the Pok\u00e9mon's true level\n|\n|t:|1783573373\n|teamsize|p1|6\n|teamsize|p2|6\n|start\n|switch|p1a: Ariados|Ariados, L95, F|287/287\n|switch|p2a: Amoonguss|Amoonguss, L82, M|100/100\n|turn|1\n|inactive|Battle timer is ON: inactive players will automatically lose when time's up. (requested by p0y2987bccb)\n|inactive|Time left: 300 sec this turn | 300 sec total | 60 sec grace\n|\n|t:|1783573375\n|switch|p2a: Incineroar|Incineroar, L82, M|100/100\n|-ability|p2a: Incineroar|Intimidate|boost\n|-unboost|p1a: Ariados|atk|1\n|move|p1a: Ariados|Sticky Web|p2a: Incineroar\n|-sidestart|p2: p0y2987bccb|move: Sticky Web\n|\n|upkeep\n|turn|2\n|inactive|Time left: 300 sec this turn | 300 sec total\n|inactive|p0x29877b76 also wants the timer to be on.\n|\n|t:|1783573376\n|switch|p1a: Emboar|Emboar, L84, M|322/322\n|move|p2a: Incineroar|Swords Dance|p2a: Incineroar\n|-boost|p2a: Incineroar|atk|2\n|\n|upkeep\n|turn|3\n|inactive|Time left: 300 sec this turn | 300 sec total\n|\n|t:|1783573378\n|move|p1a: Emboar|Drain Punch|p2a: Incineroar\n|-supereffective|p2a: Incineroar\n|-damage|p2a: Incineroar|32/100\n|move|p2a: Incineroar|Knock Off|p1a: Emboar\n|-resisted|p1a: Emboar\n|-damage|p1a: Emboar|186/322\n|-enditem|p1a: Emboar|Leftovers|[from] move: Knock Off|[of] p2a: Incineroar\n|\n|upkeep\n|turn|4\n|inactive|Time left: 300 sec this turn | 300 sec total\n|\n|t:|1783573379\n|switch|p2a: Coalossal|Coalossal, L89, M|100/100\n|move|p1a: Emboar|Drain Punch|p2a: Coalossal\n|-supereffective|p2a: Coalossal\n|-damage|p2a: Coalossal|56/100\n|-heal|p1a: Emboar|262/322|[from] drain|[of] p2a: Coalossal\n|\n|upkeep\n|turn|5\n|inactive|Time left: 300 sec this turn | 300 sec total\n|\n|t:|1783573380\n|move|p1a: Emboar|Drain Punch|p2a: Coalossal\n|-supereffective|p2a: Coalossal\n|-damage|p2a: Coalossal|17/100\n|-heal|p1a: Emboar|322/322|[from] drain|[of] p2a: Coalossal\n|move|p2a: Coalossal|Rapid Spin|p1a: Emboar\n|-crit|p1a: Emboar\n|-damage|p1a: Emboar|259/322\n|-boost|p2a: Coalossal|spe|1\n|-sideend|p2: p0y2987bccb|Sticky Web|[from] move: Rapid Spin|[of] p2a: Coalossal\n|\n|upkeep\n|turn|6\n|inactive|Time left: 300 sec this turn | 300 sec total\n|\n|t:|1783573382\n|move|p1a: Emboar|Drain Punch|p2a: Coalossal\n|-supereffective|p2a: Coalossal\n|-damage|p2a: Coalossal|0 fnt\n|-heal|p1a: Emboar|288/322|[from] drain|[of] p2a: Coalossal\n|faint|p2a: Coalossal\n|\n|upkeep\n|\n|t:|1783573383\n|switch|p2a: Appletun|Appletun, L92, M|100/100\n|turn|7\n|inactive|Time left: 300 sec this turn | 300 sec total\n|\n|t:|1783573384\n|move|p1a: Emboar|Drain Punch|p2a: Appletun\n|-damage|p2a: Appletun|75/100\n|-heal|p1a: Emboar|322/322|[from] drain|[of] p2a: Appletun\n|move|p2a: Appletun|Dragon Tail|p1a: Emboar\n|-damage|p1a: Emboar|229/322\n|drag|p1a: Fezandipiti|Fezandipiti, L82, M|278/278\n|\n|-heal|p2a: Appletun|81/100|[from] item: Leftovers\n|upkeep\n|turn|8\n|inactive|Time left: 300 sec this turn | 300 sec total\n|\n|t:|1783573386\n|switch|p2a: Incineroar|Incineroar, L82, M|32/100\n|-ability|p2a: Incineroar|Intimidate|boost\n|-unboost|p1a: Fezandipiti|atk|1\n|move|p1a: Fezandipiti|Swords Dance|p1a: Fezandipiti\n|-boost|p1a: Fezandipiti|atk|2\n|\n|upkeep\n|turn|9\n|inactive|Time left: 300 sec this turn | 300 sec total\n|\n|t:|1783573386\n|switch|p2a: Amoonguss|Amoonguss, L82, M|100/100\n|move|p1a: Fezandipiti|Play Rough|p2a: Amoonguss\n|-resisted|p2a: Amoonguss\n|-damage|p2a: Amoonguss|75/100\n|-damage|p1a: Fezandipiti|232/278|[from] item: Rocky Helmet|[of] p2a: Amoonguss\n|\n|-heal|p1a: Fezandipiti|249/278|[from] item: Leftovers\n|upkeep\n|turn|10\n|inactive|Time left: 300 sec this turn | 300 sec total\n|\n|t:|1783573388\n|move|p1a: Fezandipiti|Gunk Shot|p2a: Amoonguss\n|-damage|p2a: Amoonguss|7/100\n|move|p2a: Amoonguss|Spore|p1a: Fezandipiti\n|-status|p1a: Fezandipiti|slp|[from] move: Spore\n|\n|-heal|p1a: Fezandipiti|266/278 slp|[from] item: Leftovers\n|upkeep\n|turn|11\n|inactive|Time left: 300 sec this turn | 300 sec total\n|\n|t:|1783573389\n|switch|p2a: Incineroar|Incineroar, L82, M|32/100\n|-ability|p2a: Incineroar|Intimidate|boost\n|-unboost|p1a: Fezandipiti|atk|1\n|cant|p1a: Fezandipiti|slp\n|\n|-heal|p1a: Fezandipiti|278/278 slp|[from] item: Leftovers\n|upkeep\n|turn|12\n|inactive|Time left: 300 sec this turn | 300 sec total\n|\n|t:|1783573390\n|-curestatus|p1a: Fezandipiti|slp|[msg]\n|move|p1a: Fezandipiti|Play Rough|p2a: Incineroar\n|-damage|p2a: Incineroar|5/100\n|move|p2a: Incineroar|Swords Dance|p2a: Incineroar\n|-boost|p2a: Incineroar|atk|2\n|\n|upkeep\n|turn|13\n|inactive|Time left: 300 sec this turn | 300 sec total\n|\n|t:|1783573391\n|move|p1a: Fezandipiti|Tera Blast|p2a: Incineroar\n|-damage|p2a: Incineroar|0 fnt\n|faint|p2a: Incineroar\n|\n|upkeep\n|\n|t:|1783573392\n|switch|p2a: Maushold|Maushold-Four, L76|100/100\n|turn|14\n|inactive|Time left: 300 sec this turn | 300 sec total\n|\n|t:|1783573393\n|move|p2a: Maushold|Population Bomb|p1a: Fezandipiti\n|-damage|p1a: Fezandipiti|253/278\n|-damage|p1a: Fezandipiti|226/278\n|-damage|p1a: Fezandipiti|201/278\n|-damage|p1a: Fezandipiti|179/278\n|-damage|p1a: Fezandipiti|152/278\n|-damage|p1a: Fezandipiti|125/278\n|-damage|p1a: Fezandipiti|103/278\n|-damage|p1a: Fezandipiti|78/278\n|-damage|p1a: Fezandipiti|51/278\n|-damage|p1a: Fezandipiti|26/278\n|-hitcount|p1a: Fezandipiti|10\n|move|p1a: Fezandipiti|Play Rough|p2a: Maushold\n|-damage|p2a: Maushold|55/100\n|-unboost|p2a: Maushold|atk|1\n|\n|-heal|p1a: Fezandipiti|43/278|[from] item: Leftovers\n|upkeep\n|turn|15\n|inactive|Time left: 300 sec this turn | 300 sec total\n|\n|t:|1783573394\n|move|p2a: Maushold|Population Bomb|p1a: Fezandipiti\n|-damage|p1a: Fezandipiti|24/278\n|-damage|p1a: Fezandipiti|8/278\n|-damage|p1a: Fezandipiti|0 fnt\n|faint|p1a: Fezandipiti\n|-hitcount|p1: Fezandipiti|3\n|\n|upkeep\n|inactive|Time left: 300 sec this turn | 300 sec total | 5 sec grace\n|\n|t:|1783573395\n|switch|p1a: Ariados|Ariados, L95, F|287/287\n|turn|16\n|inactive|Time left: 300 sec this turn | 300 sec total\n|\n|t:|1783573396\n|move|p2a: Maushold|Population Bomb|p1a: Ariados\n|-damage|p1a: Ariados|271/287\n|-damage|p1a: Ariados|255/287\n|-damage|p1a: Ariados|239/287\n|-damage|p1a: Ariados|224/287\n|-damage|p1a: Ariados|208/287\n|-damage|p1a: Ariados|192/287\n|-damage|p1a: Ariados|177/287\n|-crit|p1a: Ariados\n|-damage|p1a: Ariados|143/287\n|-damage|p1a: Ariados|128/287\n|-damage|p1a: Ariados|113/287\n|-hitcount|p1a: Ariados|10\n|move|p1a: Ariados|Poison Jab|p2a: Maushold\n|-damage|p2a: Maushold|0 fnt\n|faint|p2a: Maushold\n|\n|upkeep\n|\n|t:|1783573397\n|switch|p2a: Dedenne|Dedenne, L88, F|100/100\n|turn|17\n|inactive|Time left: 300 sec this turn | 300 sec total\n|\n|t:|1783573397\n|-terastallize|p2a: Dedenne|Flying\n|move|p2a: Dedenne|Thunderbolt|p1a: Ariados\n|-damage|p1a: Ariados|19/287\n|move|p1a: Ariados|Poison Jab|p2a: Dedenne\n|-damage|p2a: Dedenne|50/100\n|-enditem|p2a: Dedenne|Sitrus Berry|[eat]\n|-heal|p2a: Dedenne|74/100|[from] item: Sitrus Berry\n|-heal|p2a: Dedenne|100/100|[from] ability: Cheek Pouch\n|\n|upkeep\n|turn|18\n|inactive|Time left: 300 sec this turn | 300 sec total\n|\n|t:|1783573398\n|move|p2a: Dedenne|Thunderbolt|p1a: Ariados\n|-damage|p1a: Ariados|0 fnt\n|faint|p1a: Ariados\n|\n|upkeep\n|inactive|Time left: 300 sec this turn | 300 sec total | 5 sec grace\n|\n|t:|1783573399\n|switch|p1a: Clawitzer|Clawitzer, L87, M|265/265\n|turn|19\n|inactive|Time left: 300 sec this turn | 300 sec total\n|\n|t:|1783573400\n|move|p2a: Dedenne|Nuzzle|p1a: Clawitzer\n|-supereffective|p1a: Clawitzer\n|-damage|p1a: Clawitzer|233/265\n|-status|p1a: Clawitzer|par\n|move|p1a: Clawitzer|Dragon Pulse|p2a: Dedenne\n|-damage|p2a: Dedenne|52/100\n|\n|upkeep\n|turn|20\n|inactive|Time left: 300 sec this turn | 300 sec total\n|\n|t:|1783573401\n|move|p2a: Dedenne|Super Fang|p1a: Clawitzer\n|-damage|p1a: Clawitzer|117/265 par\n|move|p1a: Clawitzer|Dragon Pulse|p2a: Dedenne\n|-damage|p2a: Dedenne|2/100\n|\n|upkeep\n|turn|21\n|inactive|Time left: 300 sec this turn | 300 sec total\n|\n|t:|1783573402\n|move|p2a: Dedenne|Thunderbolt|p1a: Clawitzer\n|-supereffective|p1a: Clawitzer\n|-damage|p1a: Clawitzer|3/265 par\n|cant|p1a: Clawitzer|par\n|\n|upkeep\n|turn|22\n|inactive|Time left: 300 sec this turn | 300 sec total\n|\n|t:|1783573403\n|move|p2a: Dedenne|Thunderbolt|p1a: Clawitzer\n|-supereffective|p1a: Clawitzer\n|-damage|p1a: Clawitzer|0 fnt\n|faint|p1a: Clawitzer\n|\n|upkeep\n|inactive|Time left: 300 sec this turn | 300 sec total | 5 sec grace\n|\n|t:|1783573404\n|switch|p1a: Arceus|Arceus-Dark, L71|288/288\n|turn|23\n|inactive|Time left: 300 sec this turn | 300 sec total\n|\n|t:|1783573405\n|move|p2a: Dedenne|Nuzzle|p1a: Arceus\n|-damage|p1a: Arceus|272/288\n|-status|p1a: Arceus|par\n|move|p1a: Arceus|Calm Mind|p1a: Arceus\n|-boost|p1a: Arceus|spa|1\n|-boost|p1a: Arceus|spd|1\n|\n|upkeep\n|turn|24\n|inactive|Time left: 300 sec this turn | 300 sec total\n|\n|t:|1783573406\n|move|p2a: Dedenne|Super Fang|p1a: Arceus\n|-damage|p1a: Arceus|136/288 par\n|move|p1a: Arceus|Calm Mind|p1a: Arceus\n|-boost|p1a: Arceus|spa|1\n|-boost|p1a: Arceus|spd|1\n|\n|upkeep\n|turn|25\n|inactive|Time left: 300 sec this turn | 300 sec total\n|\n|t:|1783573407\n|move|p2a: Dedenne|Super Fang|p1a: Arceus\n|-damage|p1a: Arceus|68/288 par\n|move|p1a: Arceus|Recover|p1a: Arceus\n|-heal|p1a: Arceus|212/288 par\n|\n|upkeep\n|turn|26\n|inactive|Time left: 300 sec this turn | 300 sec total\n|\n|t:|1783573407\n|move|p2a: Dedenne|Super Fang|p1a: Arceus\n|-damage|p1a: Arceus|106/288 par\n|move|p1a: Arceus|Recover|p1a: Arceus\n|-heal|p1a: Arceus|250/288 par\n|\n|upkeep\n|turn|27\n|inactive|Time left: 300 sec this turn | 300 sec total\n|\n|t:|1783573408\n|move|p2a: Dedenne|Super Fang|p1a: Arceus\n|-damage|p1a: Arceus|125/288 par\n|move|p1a: Arceus|Sludge Bomb|p2a: Dedenne\n|-damage|p2a: Dedenne|0 fnt\n|faint|p2a: Dedenne\n|\n|upkeep\n|\n|t:|1783573409\n|switch|p2a: Appletun|Appletun, L92, M|81/100\n|turn|28\n|inactive|Time left: 300 sec this turn | 300 sec total\n|\n|t:|1783573410\n|-terastallize|p1a: Arceus|Poison\n|move|p2a: Appletun|Recover|p2a: Appletun\n|-heal|p2a: Appletun|100/100\n|move|p1a: Arceus|Sludge Bomb|p2a: Appletun\n|-supereffective|p2a: Appletun\n|-damage|p2a: Appletun|5/100\n|\n|-heal|p2a: Appletun|11/100|[from] item: Leftovers\n|upkeep\n|turn|29\n|inactive|Time left: 300 sec this turn | 300 sec total\n|\n|t:|1783573411\n|move|p2a: Appletun|Apple Acid|p1a: Arceus\n|-resisted|p1a: Arceus\n|-damage|p1a: Arceus|102/288 par\n|-unboost|p1a: Arceus|spd|1\n|cant|p1a: Arceus|par\n|\n|-heal|p2a: Appletun|18/100|[from] item: Leftovers\n|upkeep\n|turn|30\n|inactive|Time left: 300 sec this turn | 300 sec total\n|\n|t:|1783573412\n|move|p2a: Appletun|Recover|p2a: Appletun\n|-heal|p2a: Appletun|68/100\n|move|p1a: Arceus|Sludge Bomb|p2a: Appletun\n|-supereffective|p2a: Appletun\n|-damage|p2a: Appletun|0 fnt\n|faint|p2a: Appletun\n|\n|upkeep\n|\n|t:|1783573412\n|switch|p2a: Amoonguss|Amoonguss, L82, M|41/100\n|turn|31\n|inactive|Time left: 300 sec this turn | 300 sec total\n|\n|t:|1783573413\n|move|p1a: Arceus|Judgment|p2a: Amoonguss\n|-damage|p2a: Amoonguss|0 fnt\n|faint|p2a: Amoonguss\n|\n|win|p0x29877b76", "uploadtime": 1783573413, "views": 0, "rating": 0, "private": 0, "password": null, "_winner": "p0x29877b76", "_our_name": "p0x29877b76"}