{"id": "battle-gen9randombattle-1942", "formatid": "gen9randombattle", "format": "[Gen 9] Random Battle", "players": ["p0x1942e808", "p0y1942b7b7"], "log": "|init|battle\n|title|p0x1942e808 vs. p0y1942b7b7\n|j|\u2606p0x1942e808\n|j|\u2606p0y1942b7b7\n|t:|1783562474\n|gametype|singles\n|player|p1|p0x1942e808|266|\n|player|p2|p0y1942b7b7|265|\n|gen|9\n|tier|[Gen 9] Random Battle\n|rule|Species Clause: Limit one of each Pok\u00e9mon\n|rule|HP Percentage Mod: HP is shown in percentages\n|rule|Sleep Clause Mod: Limit one foe put to sleep\n|rule|Illusion Level Mod: Illusion disguises the Pok\u00e9mon's true level\n|\n|t:|1783562474\n|teamsize|p1|6\n|teamsize|p2|6\n|start\n|switch|p1a: Duraludon|Duraludon, L82, F|100/100\n|switch|p2a: Armarouge|Armarouge, L80, M|267/267\n|turn|1\n|inactive|Battle timer is ON: inactive players will automatically lose when time's up. (requested by p0y1942b7b7)\n|inactive|p0x1942e808 also wants the timer to be on.\n|\n|t:|1783562475\n|move|p1a: Duraludon|Thunder Wave|p2a: Armarouge\n|-status|p2a: Armarouge|par\n|move|p2a: Armarouge|Armor Cannon|p1a: Duraludon\n|-damage|p1a: Duraludon|10/100\n|-unboost|p2a: Armarouge|def|1\n|-unboost|p2a: Armarouge|spd|1\n|\n|upkeep\n|turn|2\n|inactive|Time left: 300 sec this turn | 300 sec total\n|\n|t:|1783562477\n|switch|p2a: Luxray|Luxray, L88, M|283/283\n|move|p1a: Duraludon|Draco Meteor|p2a: Luxray\n|-damage|p2a: Luxray|112/283\n|-unboost|p1a: Duraludon|spa|2\n|\n|-status|p2a: Luxray|brn|[from] item: Flame Orb\n|upkeep\n|turn|3\n|inactive|Time left: 300 sec this turn | 300 sec total\n|\n|t:|1783562478\n|move|p1a: Duraludon|Draco Meteor|p2a: Luxray\n|-damage|p2a: Luxray|33/283 brn\n|-unboost|p1a: Duraludon|spa|2\n|move|p2a: Luxray|Trailblaze|p1a: Duraludon\n|-resisted|p1a: Duraludon\n|-damage|p1a: Duraludon|7/100\n|-boost|p2a: Luxray|spe|1\n|\n|-damage|p2a: Luxray|16/283 brn|[from] brn\n|upkeep\n|turn|4\n|inactive|Time left: 300 sec this turn | 300 sec total\n|\n|t:|1783562478\n|switch|p2a: Armarouge|Armarouge, L80, M|267/267 par\n|switch|p1a: Torkoal|Torkoal, L88, M|100/100\n|-weather|SunnyDay|[from] ability: Drought|[of] p1a: Torkoal\n|\n|-weather|SunnyDay|[upkeep]\n|upkeep\n|turn|5\n|inactive|Time left: 300 sec this turn | 300 sec total\n|\n|t:|1783562480\n|move|p1a: Torkoal|Stealth Rock|p2a: Armarouge\n|-sidestart|p2: p0y1942b7b7|move: Stealth Rock\n|move|p2a: Armarouge|Armor Cannon|p1a: Torkoal\n|-resisted|p1a: Torkoal\n|-damage|p1a: Torkoal|28/100\n|-unboost|p2a: Armarouge|def|1\n|-unboost|p2a: Armarouge|spd|1\n|\n|-weather|SunnyDay|[upkeep]\n|upkeep\n|turn|6\n|inactive|Time left: 300 sec this turn | 300 sec total\n|\n|t:|1783562480\n|move|p1a: Torkoal|Lava Plume|p2a: Armarouge\n|-resisted|p2a: Armarouge\n|-damage|p2a: Armarouge|158/267 par\n|cant|p2a: Armarouge|par\n|\n|-weather|SunnyDay|[upkeep]\n|upkeep\n|turn|7\n|inactive|Time left: 300 sec this turn | 300 sec total\n|\n|t:|1783562481\n|move|p1a: Torkoal|Earthquake|p2a: Armarouge\n|-supereffective|p2a: Armarouge\n|-crit|p2a: Armarouge\n|-damage|p2a: Armarouge|0 fnt\n|faint|p2a: Armarouge\n|\n|-weather|SunnyDay|[upkeep]\n|upkeep\n|inactive|Time left: 300 sec this turn | 300 sec total | 5 sec grace\n|\n|t:|1783562482\n|switch|p2a: Swanna|Swanna, L89, M|278/278\n|turn|8\n|inactive|Time left: 300 sec this turn | 300 sec total\n|\n|t:|1783562483\n|switch|p1a: Plusle|Plusle, L95, F|100/100\n|move|p2a: Swanna|Brave Bird|p1a: Plusle\n|-resisted|p1a: Plusle\n|-damage|p1a: Plusle|66/100\n|-damage|p2a: Swanna|247/278|[from] Recoil\n|\n|-weather|none\n|upkeep\n|turn|9\n|inactive|Time left: 300 sec this turn | 300 sec total\n|\n|t:|1783562484\n|-terastallize|p2a: Swanna|Ground\n|move|p1a: Plusle|Thunderbolt|p2a: Swanna\n|-immune|p2a: Swanna\n|move|p2a: Swanna|Brave Bird|p1a: Plusle\n|-resisted|p1a: Plusle\n|-damage|p1a: Plusle|30/100\n|-damage|p2a: Swanna|216/278|[from] Recoil\n|\n|upkeep\n|turn|10\n|inactive|Time left: 300 sec this turn | 300 sec total\n|\n|t:|1783562485\n|move|p1a: Plusle|Alluring Voice|p2a: Swanna\n|-damage|p2a: Swanna|117/278\n|-damage|p1a: Plusle|21/100|[from] item: Life Orb\n|move|p2a: Swanna|Brave Bird|p1a: Plusle\n|-resisted|p1a: Plusle\n|-damage|p1a: Plusle|0 fnt\n|faint|p1a: Plusle\n|-damage|p2a: Swanna|99/278|[from] Recoil\n|\n|upkeep\n|\n|t:|1783562486\n|switch|p1a: Ribombee|Ribombee, L83, M|100/100\n|turn|11\n|inactive|Time left: 300 sec this turn | 300 sec total\n|\n|t:|1783562487\n|switch|p2a: Gengar|Gengar, L81, F|230/230\n|-damage|p2a: Gengar|202/230|[from] Stealth Rock\n|move|p1a: Ribombee|Moonblast|p2a: Gengar\n|-resisted|p2a: Gengar\n|-damage|p2a: Gengar|150/230\n|\n|upkeep\n|turn|12\n|inactive|Time left: 300 sec this turn | 300 sec total\n|\n|t:|1783562488\n|move|p1a: Ribombee|U-turn|p2a: Gengar\n|-resisted|p2a: Gengar\n|-crit|p2a: Gengar\n|-damage|p2a: Gengar|126/230\n|\n|t:|1783562489\n|switch|p1a: Hippowdon|Hippowdon, L82, M|100/100|[from] U-turn\n|-weather|Sandstorm|[from] ability: Sand Stream|[of] p1a: Hippowdon\n|move|p2a: Gengar|Sludge Wave|p1a: Hippowdon\n|-resisted|p1a: Hippowdon\n|-damage|p1a: Hippowdon|72/100\n|-damage|p2a: Gengar|103/230|[from] item: Life Orb\n|\n|-weather|Sandstorm|[upkeep]\n|-damage|p2a: Gengar|89/230|[from] Sandstorm\n|-heal|p1a: Hippowdon|78/100|[from] item: Leftovers\n|upkeep\n|turn|13\n|inactive|Time left: 300 sec this turn | 300 sec total\n|\n|t:|1783562490\n|move|p2a: Gengar|Shadow Ball|p1a: Hippowdon\n|-damage|p1a: Hippowdon|25/100\n|-damage|p2a: Gengar|66/230|[from] item: Life Orb\n|move|p1a: Hippowdon|Earthquake|p2a: Gengar\n|-supereffective|p2a: Gengar\n|-damage|p2a: Gengar|0 fnt\n|faint|p2a: Gengar\n|\n|-weather|Sandstorm|[upkeep]\n|-heal|p1a: Hippowdon|31/100|[from] item: Leftovers\n|upkeep\n|inactive|Time left: 300 sec this turn | 300 sec total | 5 sec grace\n|\n|t:|1783562492\n|switch|p2a: Swanna|Swanna, L89, M, tera:Ground|99/278\n|turn|14\n|inactive|Time left: 300 sec this turn | 300 sec total\n|\n|t:|1783562493\n|move|p2a: Swanna|Hydro Pump|p1a: Hippowdon\n|-supereffective|p1a: Hippowdon\n|-damage|p1a: Hippowdon|0 fnt\n|faint|p1a: Hippowdon\n|\n|-weather|Sandstorm|[upkeep]\n|upkeep\n|\n|t:|1783562494\n|switch|p1a: Ribombee|Ribombee, L83, M|100/100\n|turn|15\n|inactive|Time left: 300 sec this turn | 300 sec total\n|\n|t:|1783562495\n|switch|p2a: Dudunsparce|Dudunsparce-Three-Segment, L83, M|343/343\n|-damage|p2a: Dudunsparce|301/343|[from] Stealth Rock\n|move|p1a: Ribombee|Moonblast|p2a: Dudunsparce\n|-damage|p2a: Dudunsparce|192/343\n|-unboost|p2a: Dudunsparce|spa|1\n|\n|-weather|Sandstorm|[upkeep]\n|-damage|p1a: Ribombee|95/100|[from] Sandstorm\n|-damage|p2a: Dudunsparce|171/343|[from] Sandstorm\n|-heal|p2a: Dudunsparce|192/343|[from] item: Leftovers\n|upkeep\n|turn|16\n|inactive|Time left: 300 sec this turn | 300 sec total\n|\n|t:|1783562496\n|move|p1a: Ribombee|Sticky Web|p2a: Dudunsparce\n|-sidestart|p2: p0y1942b7b7|move: Sticky Web\n|move|p2a: Dudunsparce|Roost|p2a: Dudunsparce\n|-heal|p2a: Dudunsparce|343/343\n|-singleturn|p2a: Dudunsparce|move: Roost\n|\n|-weather|none\n|upkeep\n|turn|17\n|inactive|Time left: 300 sec this turn | 300 sec total\n|\n|t:|1783562497\n|move|p1a: Ribombee|Stun Spore|p2a: Dudunsparce\n|-status|p2a: Dudunsparce|par\n|move|p2a: Dudunsparce|Headbutt|p1a: Ribombee\n|-damage|p1a: Ribombee|50/100\n|\n|upkeep\n|turn|18\n|inactive|Time left: 300 sec this turn | 300 sec total\n|\n|t:|1783562498\n|move|p1a: Ribombee|Moonblast|p2a: Dudunsparce\n|-damage|p2a: Dudunsparce|225/343 par\n|-unboost|p2a: Dudunsparce|spa|1\n|cant|p2a: Dudunsparce|par\n|\n|-heal|p2a: Dudunsparce|246/343 par|[from] item: Leftovers\n|upkeep\n|turn|19\n|inactive|Time left: 300 sec this turn | 300 sec total\n|\n|t:|1783562499\n|move|p1a: Ribombee|Moonblast|p2a: Dudunsparce\n|-damage|p2a: Dudunsparce|135/343 par\n|-unboost|p2a: Dudunsparce|spa|1\n|move|p2a: Dudunsparce|Earthquake|p1a: Ribombee\n|-resisted|p1a: Ribombee\n|-crit|p1a: Ribombee\n|-damage|p1a: Ribombee|22/100\n|\n|-heal|p2a: Dudunsparce|156/343 par|[from] item: Leftovers\n|upkeep\n|turn|20\n|inactive|Time left: 300 sec this turn | 300 sec total\n|\n|t:|1783562500\n|move|p1a: Ribombee|Moonblast|p2a: Dudunsparce\n|-damage|p2a: Dudunsparce|41/343 par\n|-unboost|p2a: Dudunsparce|spa|1\n|move|p2a: Dudunsparce|Earthquake|p1a: Ribombee\n|-resisted|p1a: Ribombee\n|-damage|p1a: Ribombee|0 fnt\n|faint|p1a: Ribombee\n|\n|-heal|p2a: Dudunsparce|62/343 par|[from] item: Leftovers\n|upkeep\n|\n|t:|1783562501\n|switch|p1a: Indeedee|Indeedee-F, L90, F|100/100\n|-fieldstart|move: Psychic Terrain|[from] ability: Psychic Surge|[of] p1a: Indeedee\n|turn|21\n|inactive|Time left: 300 sec this turn | 300 sec total\n|\n|t:|1783562503\n|move|p1a: Indeedee|Calm Mind|p1a: Indeedee\n|-boost|p1a: Indeedee|spa|1\n|-boost|p1a: Indeedee|spd|1\n|cant|p2a: Dudunsparce|par\n|\n|-heal|p2a: Dudunsparce|83/343 par|[from] item: Leftovers\n|upkeep\n|turn|22\n|inactive|Time left: 300 sec this turn | 300 sec total\n|\n|t:|1783562503\n|move|p1a: Indeedee|Calm Mind|p1a: Indeedee\n|-boost|p1a: Indeedee|spa|1\n|-boost|p1a: Indeedee|spd|1\n|move|p2a: Dudunsparce|Headbutt|p1a: Indeedee\n|-damage|p1a: Indeedee|69/100\n|\n|-heal|p2a: Dudunsparce|104/343 par|[from] item: Leftovers\n|upkeep\n|turn|23\n|inactive|Time left: 300 sec this turn | 300 sec total\n|\n|t:|1783562504\n|move|p1a: Indeedee|Calm Mind|p1a: Indeedee\n|-boost|p1a: Indeedee|spa|1\n|-boost|p1a: Indeedee|spd|1\n|cant|p2a: Dudunsparce|par\n|\n|-heal|p2a: Dudunsparce|125/343 par|[from] item: Leftovers\n|upkeep\n|turn|24\n|inactive|Time left: 300 sec this turn | 300 sec total\n|\n|t:|1783562506\n|move|p1a: Indeedee|Hyper Voice|p2a: Dudunsparce\n|-damage|p2a: Dudunsparce|0 fnt\n|faint|p2a: Dudunsparce\n|-damage|p1a: Indeedee|59/100|[from] item: Life Orb\n|\n|upkeep\n|inactive|Time left: 300 sec this turn | 300 sec total | 5 sec grace\n|\n|t:|1783562507\n|switch|p2a: Swanna|Swanna, L89, M, tera:Ground|99/278\n|turn|25\n|inactive|Time left: 300 sec this turn | 300 sec total\n|\n|t:|1783562508\n|move|p2a: Swanna|Brave Bird|p1a: Indeedee\n|-crit|p1a: Indeedee\n|-damage|p1a: Indeedee|0 fnt\n|faint|p1a: Indeedee\n|-damage|p2a: Swanna|46/278|[from] Recoil\n|\n|-fieldend|move: Psychic Terrain\n|upkeep\n|\n|t:|1783562509\n|switch|p1a: Duraludon|Duraludon, L82, F|7/100\n|turn|26\n|inactive|Time left: 300 sec this turn | 300 sec total\n|\n|t:|1783562510\n|-terastallize|p1a: Duraludon|Fighting\n|move|p2a: Swanna|Brave Bird|p1a: Duraludon\n|-supereffective|p1a: Duraludon\n|-damage|p1a: Duraludon|0 fnt\n|faint|p1a: Duraludon\n|-damage|p2a: Swanna|41/278|[from] Recoil\n|\n|upkeep\n|\n|t:|1783562510\n|switch|p1a: Torkoal|Torkoal, L88, M|28/100\n|-weather|SunnyDay|[from] ability: Drought|[of] p1a: Torkoal\n|turn|27\n|inactive|Time left: 300 sec this turn | 300 sec total\n|\n|t:|1783562511\n|move|p2a: Swanna|Brave Bird|p1a: Torkoal\n|-damage|p1a: Torkoal|0 fnt\n|faint|p1a: Torkoal\n|-damage|p2a: Swanna|17/278|[from] Recoil\n|\n|win|p0y1942b7b7", "uploadtime": 1783562511, "views": 0, "rating": 0, "private": 0, "password": null, "_winner": "p0y1942b7b7", "_our_name": "p0y1942b7b7"}