{"id": "battle-gen9randombattle-1310", "formatid": "gen9randombattle", "format": "[Gen 9] Random Battle", "players": ["p0x1310104a", "p0y1310769a"], "log": "|init|battle\n|title|p0x1310104a vs. p0y1310769a\n|j|\u2606p0x1310104a\n|j|\u2606p0y1310769a\n|t:|1783554319\n|gametype|singles\n|player|p1|p0x1310104a|102|\n|player|p2|p0y1310769a|265|\n|gen|9\n|tier|[Gen 9] Random Battle\n|rule|Species Clause: Limit one of each Pok\u00e9mon\n|rule|HP Percentage Mod: HP is shown in percentages\n|rule|Sleep Clause Mod: Limit one foe put to sleep\n|rule|Illusion Level Mod: Illusion disguises the Pok\u00e9mon's true level\n|\n|t:|1783554319\n|teamsize|p1|6\n|teamsize|p2|6\n|start\n|switch|p1a: Iron Thorns|Iron Thorns, L83|100/100\n|switch|p2a: Rotom|Rotom-Wash, L82|216/216\n|turn|1\n|inactive|Battle timer is ON: inactive players will automatically lose when time's up. (requested by p0y1310769a)\n|inactive|p0x1310104a also wants the timer to be on.\n|\n|t:|1783554321\n|move|p2a: Rotom|Hydro Pump|p1a: Iron Thorns\n|-supereffective|p1a: Iron Thorns\n|-damage|p1a: Iron Thorns|49/100\n|move|p1a: Iron Thorns|Stone Edge|p2a: Rotom\n|-damage|p2a: Rotom|95/216\n|\n|-heal|p2a: Rotom|108/216|[from] item: Leftovers\n|upkeep\n|turn|2\n|inactive|Time left: 300 sec this turn | 300 sec total\n|\n|t:|1783554322\n|move|p2a: Rotom|Hydro Pump|p1a: Iron Thorns\n|-supereffective|p1a: Iron Thorns\n|-damage|p1a: Iron Thorns|0 fnt\n|faint|p1a: Iron Thorns\n|-end|p1a: Iron Thorns|Quark Drive|[silent]\n|\n|-heal|p2a: Rotom|121/216|[from] item: Leftovers\n|upkeep\n|\n|t:|1783554323\n|switch|p1a: Flutter Mane|Flutter Mane, L74|100/100\n|turn|3\n|inactive|Time left: 300 sec this turn | 300 sec total\n|\n|t:|1783554324\n|switch|p2a: Chansey|Chansey, L85, F|564/564\n|move|p1a: Flutter Mane|Moonblast|p2a: Chansey\n|-damage|p2a: Chansey|482/564\n|-unboost|p2a: Chansey|spa|1\n|\n|upkeep\n|turn|4\n|inactive|Time left: 300 sec this turn | 300 sec total\n|\n|t:|1783554326\n|move|p1a: Flutter Mane|Moonblast|p2a: Chansey\n|-damage|p2a: Chansey|385/564\n|move|p2a: Chansey|Stealth Rock|p1a: Flutter Mane\n|-sidestart|p1: p0x1310104a|move: Stealth Rock\n|\n|upkeep\n|turn|5\n|inactive|Time left: 300 sec this turn | 300 sec total\n|\n|t:|1783554327\n|move|p1a: Flutter Mane|Moonblast|p2a: Chansey\n|-damage|p2a: Chansey|291/564\n|move|p2a: Chansey|Soft-Boiled|p2a: Chansey\n|-heal|p2a: Chansey|564/564\n|\n|upkeep\n|turn|6\n|inactive|Time left: 300 sec this turn | 300 sec total\n|\n|t:|1783554328\n|move|p1a: Flutter Mane|Moonblast|p2a: Chansey\n|-damage|p2a: Chansey|476/564\n|move|p2a: Chansey|Thunder Wave|p1a: Flutter Mane\n|-status|p1a: Flutter Mane|par\n|\n|upkeep\n|turn|7\n|inactive|Time left: 300 sec this turn | 300 sec total\n|\n|t:|1783554329\n|switch|p2a: Hatterene|Hatterene, L85, F|236/236\n|cant|p1a: Flutter Mane|par\n|\n|upkeep\n|turn|8\n|inactive|Time left: 300 sec this turn | 300 sec total\n|\n|t:|1783554330\n|move|p1a: Flutter Mane|Moonblast|p2a: Hatterene\n|-damage|p2a: Hatterene|151/236\n|move|p2a: Hatterene|Draining Kiss|p1a: Flutter Mane\n|-damage|p1a: Flutter Mane|71/100 par\n|-heal|p2a: Hatterene|196/236|[from] drain|[of] p1a: Flutter Mane\n|\n|upkeep\n|turn|9\n|inactive|Time left: 300 sec this turn | 300 sec total\n|\n|t:|1783554331\n|move|p1a: Flutter Mane|Moonblast|p2a: Hatterene\n|-damage|p2a: Hatterene|106/236\n|-unboost|p2a: Hatterene|spa|1\n|move|p2a: Hatterene|Mystical Fire|p1a: Flutter Mane\n|-damage|p1a: Flutter Mane|52/100 par\n|-unboost|p1a: Flutter Mane|spa|1\n|\n|upkeep\n|turn|10\n|inactive|Time left: 300 sec this turn | 300 sec total\n|\n|t:|1783554332\n|move|p1a: Flutter Mane|Moonblast|p2a: Hatterene\n|-damage|p2a: Hatterene|48/236\n|-unboost|p2a: Hatterene|spa|1\n|move|p2a: Hatterene|Psychic|p1a: Flutter Mane\n|-damage|p1a: Flutter Mane|28/100 par\n|\n|upkeep\n|turn|11\n|inactive|Time left: 300 sec this turn | 300 sec total\n|\n|t:|1783554333\n|switch|p2a: Chansey|Chansey, L85, F|476/564\n|cant|p1a: Flutter Mane|par\n|\n|upkeep\n|turn|12\n|inactive|Time left: 300 sec this turn | 300 sec total\n|\n|t:|1783554334\n|-end|p1a: Flutter Mane|Protosynthesis|[silent]\n|switch|p1a: Scrafty|Scrafty, L83, F|100/100\n|-damage|p1a: Scrafty|94/100|[from] Stealth Rock\n|-ability|p1a: Scrafty|Intimidate|boost\n|-unboost|p2a: Chansey|atk|1\n|move|p2a: Chansey|Thunder Wave|p1a: Scrafty\n|-status|p1a: Scrafty|par\n|\n|-heal|p1a: Scrafty|100/100 par|[from] item: Leftovers\n|upkeep\n|turn|13\n|inactive|Time left: 300 sec this turn | 300 sec total\n|\n|t:|1783554336\n|switch|p2a: Hitmontop|Hitmontop, L88, M|231/231\n|-ability|p2a: Hitmontop|Intimidate|boost\n|-unboost|p1a: Scrafty|atk|1\n|move|p1a: Scrafty|Knock Off|p2a: Hitmontop\n|-resisted|p2a: Hitmontop\n|-damage|p2a: Hitmontop|202/231\n|-enditem|p2a: Hitmontop|Choice Band|[from] move: Knock Off|[of] p1a: Scrafty\n|\n|upkeep\n|turn|14\n|inactive|Time left: 300 sec this turn | 300 sec total\n|\n|t:|1783554337\n|switch|p1a: Arceus|Arceus-Ghost, L69|100/100\n|-damage|p1a: Arceus|88/100|[from] Stealth Rock\n|move|p2a: Hitmontop|Close Combat|p1a: Arceus\n|-immune|p1a: Arceus\n|\n|upkeep\n|turn|15\n|inactive|Time left: 300 sec this turn | 300 sec total\n|\n|t:|1783554338\n|move|p1a: Arceus|Calm Mind|p1a: Arceus\n|-boost|p1a: Arceus|spa|1\n|-boost|p1a: Arceus|spd|1\n|move|p2a: Hitmontop|Stone Edge|p1a: Arceus\n|-damage|p1a: Arceus|61/100\n|\n|upkeep\n|turn|16\n|inactive|Time left: 300 sec this turn | 300 sec total\n|\n|t:|1783554339\n|switch|p2a: Chansey|Chansey, L85, F|476/564\n|move|p1a: Arceus|Judgment|p2a: Chansey\n|-immune|p2a: Chansey\n|\n|upkeep\n|turn|17\n|inactive|Time left: 300 sec this turn | 300 sec total\n|\n|t:|1783554340\n|move|p1a: Arceus|Calm Mind|p1a: Arceus\n|-boost|p1a: Arceus|spa|1\n|-boost|p1a: Arceus|spd|1\n|move|p2a: Chansey|Thunder Wave|p1a: Arceus\n|-status|p1a: Arceus|par\n|\n|upkeep\n|turn|18\n|inactive|Time left: 300 sec this turn | 300 sec total\n|\n|t:|1783554341\n|move|p2a: Chansey|Seismic Toss|p1a: Arceus\n|-immune|p1a: Arceus\n|move|p1a: Arceus|Judgment|p2a: Chansey\n|-immune|p2a: Chansey\n|\n|upkeep\n|turn|19\n|inactive|Time left: 300 sec this turn | 300 sec total\n|\n|t:|1783554342\n|move|p2a: Chansey|Soft-Boiled|p2a: Chansey\n|-heal|p2a: Chansey|564/564\n|cant|p1a: Arceus|par\n|\n|upkeep\n|turn|20\n|inactive|Time left: 300 sec this turn | 300 sec total\n|\n|t:|1783554343\n|switch|p2a: Hitmontop|Hitmontop, L88, M|202/231\n|-ability|p2a: Hitmontop|Intimidate|boost\n|-unboost|p1a: Arceus|atk|1\n|move|p1a: Arceus|Judgment|p2a: Hitmontop\n|-damage|p2a: Hitmontop|24/231\n|\n|upkeep\n|turn|21\n|inactive|Time left: 300 sec this turn | 300 sec total\n|\n|t:|1783554344\n|move|p2a: Hitmontop|Earthquake|p1a: Arceus\n|-damage|p1a: Arceus|35/100 par\n|cant|p1a: Arceus|par\n|\n|upkeep\n|turn|22\n|inactive|Time left: 300 sec this turn | 300 sec total\n|\n|t:|1783554345\n|move|p2a: Hitmontop|Earthquake|p1a: Arceus\n|-damage|p1a: Arceus|8/100 par\n|move|p1a: Arceus|Recover|p1a: Arceus\n|-heal|p1a: Arceus|58/100 par\n|\n|upkeep\n|turn|23\n|inactive|Time left: 300 sec this turn | 300 sec total\n|\n|t:|1783554346\n|move|p2a: Hitmontop|Earthquake|p1a: Arceus\n|-crit|p1a: Arceus\n|-damage|p1a: Arceus|21/100 par\n|move|p1a: Arceus|Recover|p1a: Arceus\n|-heal|p1a: Arceus|71/100 par\n|\n|upkeep\n|turn|24\n|inactive|Time left: 300 sec this turn | 300 sec total\n|\n|t:|1783554347\n|move|p2a: Hitmontop|Earthquake|p1a: Arceus\n|-damage|p1a: Arceus|46/100 par\n|move|p1a: Arceus|Judgment|p2a: Hitmontop\n|-damage|p2a: Hitmontop|0 fnt\n|faint|p2a: Hitmontop\n|\n|upkeep\n|inactive|Time left: 300 sec this turn | 300 sec total | 5 sec grace\n|\n|t:|1783554347\n|switch|p2a: Pikachu|Pikachu-Original, L93, M|216/216\n|turn|25\n|inactive|Time left: 300 sec this turn | 300 sec total\n|\n|t:|1783554348\n|move|p2a: Pikachu|Volt Tackle|p1a: Arceus\n|-damage|p1a: Arceus|0 fnt\n|faint|p1a: Arceus\n|-damage|p2a: Pikachu|174/216|[from] Recoil\n|\n|upkeep\n|\n|t:|1783554349\n|switch|p1a: Ogerpon|Ogerpon, L80, F|100/100\n|-damage|p1a: Ogerpon|88/100|[from] Stealth Rock\n|turn|26\n|inactive|Time left: 300 sec this turn | 300 sec total\n|\n|t:|1783554349\n|switch|p2a: Toedscruel|Toedscruel, L87, M|281/281\n|move|p1a: Ogerpon|Ivy Cudgel|p2a: Toedscruel\n|-damage|p2a: Toedscruel|100/281\n|-damage|p1a: Ogerpon|78/100|[from] item: Life Orb\n|\n|-heal|p2a: Toedscruel|117/281|[from] item: Leftovers\n|upkeep\n|turn|27\n|inactive|Time left: 300 sec this turn | 300 sec total\n|\n|t:|1783554350\n|move|p1a: Ogerpon|Ivy Cudgel|p2a: Toedscruel\n|-damage|p2a: Toedscruel|0 fnt\n|faint|p2a: Toedscruel\n|-damage|p1a: Ogerpon|69/100|[from] item: Life Orb\n|\n|upkeep\n|inactive|Time left: 300 sec this turn | 300 sec total | 5 sec grace\n|\n|t:|1783554351\n|switch|p2a: Chansey|Chansey, L85, F|564/564\n|turn|28\n|inactive|Time left: 300 sec this turn | 300 sec total\n|\n|t:|1783554351\n|move|p1a: Ogerpon|Swords Dance|p1a: Ogerpon\n|-boost|p1a: Ogerpon|atk|2\n|move|p2a: Chansey|Seismic Toss|p1a: Ogerpon\n|-damage|p1a: Ogerpon|36/100\n|\n|upkeep\n|turn|29\n|inactive|Time left: 300 sec this turn | 300 sec total\n|\n|t:|1783554352\n|-terastallize|p2a: Chansey|Poison\n|move|p1a: Ogerpon|Ivy Cudgel|p2a: Chansey\n|-resisted|p2a: Chansey\n|-damage|p2a: Chansey|234/564\n|-damage|p1a: Ogerpon|26/100|[from] item: Life Orb\n|move|p2a: Chansey|Seismic Toss|p1a: Ogerpon\n|-damage|p1a: Ogerpon|0 fnt\n|faint|p1a: Ogerpon\n|\n|upkeep\n|\n|t:|1783554353\n|switch|p1a: Scrafty|Scrafty, L83, F|100/100 par\n|-damage|p1a: Scrafty|94/100 par|[from] Stealth Rock\n|-ability|p1a: Scrafty|Intimidate|boost\n|-unboost|p2a: Chansey|atk|1\n|turn|30\n|inactive|Time left: 300 sec this turn | 300 sec total\n|\n|t:|1783554354\n|move|p2a: Chansey|Soft-Boiled|p2a: Chansey\n|-heal|p2a: Chansey|516/564\n|move|p1a: Scrafty|Dragon Dance|p1a: Scrafty\n|-boost|p1a: Scrafty|atk|1\n|-boost|p1a: Scrafty|spe|1\n|\n|-heal|p1a: Scrafty|100/100 par|[from] item: Leftovers\n|upkeep\n|turn|31\n|inactive|Time left: 300 sec this turn | 300 sec total\n|\n|t:|1783554355\n|move|p2a: Chansey|Seismic Toss|p1a: Scrafty\n|-damage|p1a: Scrafty|66/100 par\n|move|p1a: Scrafty|Knock Off|p2a: Chansey\n|-damage|p2a: Chansey|212/564\n|-enditem|p2a: Chansey|Eviolite|[from] move: Knock Off|[of] p1a: Scrafty\n|\n|-heal|p1a: Scrafty|72/100 par|[from] item: Leftovers\n|upkeep\n|turn|32\n|inactive|Time left: 300 sec this turn | 300 sec total\n|\n|t:|1783554356\n|move|p2a: Chansey|Soft-Boiled|p2a: Chansey\n|-heal|p2a: Chansey|494/564\n|move|p1a: Scrafty|Dragon Dance|p1a: Scrafty\n|-boost|p1a: Scrafty|atk|1\n|-boost|p1a: Scrafty|spe|1\n|\n|-heal|p1a: Scrafty|78/100 par|[from] item: Leftovers\n|upkeep\n|turn|33\n|inactive|Time left: 300 sec this turn | 300 sec total\n|\n|t:|1783554357\n|switch|p2a: Hatterene|Hatterene, L85, F|48/236\n|move|p1a: Scrafty|Knock Off|p2a: Hatterene\n|-damage|p2a: Hatterene|0 fnt\n|-enditem|p2a: Hatterene|Assault Vest|[from] move: Knock Off|[of] p1a: Scrafty\n|faint|p2a: Hatterene\n|\n|-heal|p1a: Scrafty|84/100 par|[from] item: Leftovers\n|upkeep\n|inactive|Time left: 300 sec this turn | 300 sec total | 5 sec grace\n|\n|t:|1783554358\n|switch|p2a: Pikachu|Pikachu-Original, L93, M|174/216\n|turn|34\n|inactive|Time left: 300 sec this turn | 300 sec total\n|\n|t:|1783554359\n|-terastallize|p1a: Scrafty|Poison\n|move|p2a: Pikachu|Volt Tackle|p1a: Scrafty\n|-damage|p1a: Scrafty|18/100 par\n|-damage|p2a: Pikachu|121/216|[from] Recoil\n|move|p1a: Scrafty|Drain Punch|p2a: Pikachu\n|-damage|p2a: Pikachu|0 fnt\n|-heal|p1a: Scrafty|43/100 par|[from] drain|[of] p2a: Pikachu\n|faint|p2a: Pikachu\n|\n|-heal|p1a: Scrafty|49/100 par|[from] item: Leftovers\n|upkeep\n|inactive|Time left: 300 sec this turn | 300 sec total | 5 sec grace\n|\n|t:|1783554360\n|switch|p2a: Rotom|Rotom-Wash, L82|121/216\n|turn|35\n|inactive|Time left: 300 sec this turn | 300 sec total\n|\n|t:|1783554361\n|move|p2a: Rotom|Thunderbolt|p1a: Scrafty\n|-damage|p1a: Scrafty|16/100 par\n|cant|p1a: Scrafty|par\n|\n|-heal|p2a: Rotom|134/216|[from] item: Leftovers\n|-heal|p1a: Scrafty|23/100 par|[from] item: Leftovers\n|upkeep\n|turn|36\n|inactive|Time left: 300 sec this turn | 300 sec total\n|\n|t:|1783554362\n|switch|p1a: Flutter Mane|Flutter Mane, L74|28/100 par\n|-damage|p1a: Flutter Mane|16/100 par|[from] Stealth Rock\n|move|p2a: Rotom|Thunderbolt|p1a: Flutter Mane\n|-damage|p1a: Flutter Mane|0 fnt\n|faint|p1a: Flutter Mane\n|-end|p1a: Flutter Mane|Protosynthesis|[silent]\n|\n|-heal|p2a: Rotom|147/216|[from] item: Leftovers\n|upkeep\n|\n|t:|1783554363\n|switch|p1a: Wigglytuff|Wigglytuff, L96, M|100/100\n|-damage|p1a: Wigglytuff|88/100|[from] Stealth Rock\n|turn|37\n|inactive|Time left: 300 sec this turn | 300 sec total\n|\n|t:|1783554364\n|move|p2a: Rotom|Nasty Plot|p2a: Rotom\n|-boost|p2a: Rotom|spa|2\n|move|p1a: Wigglytuff|Knock Off|p2a: Rotom\n|-damage|p2a: Rotom|90/216\n|-enditem|p2a: Rotom|Leftovers|[from] move: Knock Off|[of] p1a: Wigglytuff\n|\n|-heal|p1a: Wigglytuff|94/100|[from] item: Leftovers\n|upkeep\n|turn|38\n|inactive|Time left: 300 sec this turn | 300 sec total\n|\n|t:|1783554365\n|move|p2a: Rotom|Thunderbolt|p1a: Wigglytuff\n|-damage|p1a: Wigglytuff|33/100\n|move|p1a: Wigglytuff|Alluring Voice|p2a: Rotom\n|-damage|p2a: Rotom|0 fnt\n|faint|p2a: Rotom\n|\n|-heal|p1a: Wigglytuff|39/100|[from] item: Leftovers\n|upkeep\n|inactive|Time left: 300 sec this turn | 300 sec total | 5 sec grace\n|\n|t:|1783554366\n|switch|p2a: Chansey|Chansey, L85, F, tera:Poison|494/564\n|turn|39\n|inactive|Time left: 300 sec this turn | 300 sec total\n|\n|t:|1783554368\n|move|p1a: Wigglytuff|Wish|p1a: Wigglytuff\n|move|p2a: Chansey|Seismic Toss|p1a: Wigglytuff\n|-damage|p1a: Wigglytuff|19/100\n|\n|-heal|p1a: Wigglytuff|25/100|[from] item: Leftovers\n|upkeep\n|turn|40\n|inactive|Time left: 300 sec this turn | 300 sec total\n|\n|t:|1783554369\n|move|p1a: Wigglytuff|Knock Off|p2a: Chansey\n|-damage|p2a: Chansey|331/564\n|move|p2a: Chansey|Seismic Toss|p1a: Wigglytuff\n|-damage|p1a: Wigglytuff|5/100\n|\n|-heal|p1a: Wigglytuff|55/100|[from] move: Wish|[wisher] Wigglytuff\n|-heal|p1a: Wigglytuff|62/100|[from] item: Leftovers\n|upkeep\n|turn|41\n|inactive|Time left: 300 sec this turn | 300 sec total\n|\n|t:|1783554370\n|move|p1a: Wigglytuff|Wish|p1a: Wigglytuff\n|move|p2a: Chansey|Soft-Boiled|p2a: Chansey\n|-heal|p2a: Chansey|564/564\n|\n|-heal|p1a: Wigglytuff|68/100|[from] item: Leftovers\n|upkeep\n|turn|42\n|inactive|Time left: 300 sec this turn | 300 sec total\n|\n|t:|1783554371\n|switch|p1a: Scrafty|Scrafty, L83, F, tera:Poison|23/100 par\n|-damage|p1a: Scrafty|10/100 par|[from] Stealth Rock\n|-ability|p1a: Scrafty|Intimidate|boost\n|-unboost|p2a: Chansey|atk|1\n|move|p2a: Chansey|Seismic Toss|p1a: Scrafty\n|-damage|p1a: Scrafty|0 fnt\n|faint|p1a: Scrafty\n|\n|upkeep\n|\n|t:|1783554372\n|switch|p1a: Wigglytuff|Wigglytuff, L96, M|68/100\n|-damage|p1a: Wigglytuff|55/100|[from] Stealth Rock\n|turn|43\n|inactive|Time left: 300 sec this turn | 300 sec total\n|\n|t:|1783554373\n|move|p1a: Wigglytuff|Wish|p1a: Wigglytuff\n|move|p2a: Chansey|Thunder Wave|p1a: Wigglytuff\n|-status|p1a: Wigglytuff|par\n|\n|-heal|p1a: Wigglytuff|61/100 par|[from] item: Leftovers\n|upkeep\n|turn|44\n|inactive|Time left: 300 sec this turn | 300 sec total\n|\n|t:|1783554374\n|move|p2a: Chansey|Soft-Boiled||[still]\n|-fail|p2a: Chansey|heal\n|move|p1a: Wigglytuff|Knock Off|p2a: Chansey\n|-damage|p2a: Chansey|399/564\n|\n|-heal|p1a: Wigglytuff|100/100 par|[from] move: Wish|[wisher] Wigglytuff\n|upkeep\n|turn|45\n|inactive|Time left: 300 sec this turn | 300 sec total\n|\n|t:|1783554375\n|move|p2a: Chansey|Soft-Boiled|p2a: Chansey\n|-heal|p2a: Chansey|564/564\n|cant|p1a: Wigglytuff|par\n|\n|upkeep\n|turn|46\n|inactive|Time left: 300 sec this turn | 300 sec total\n|\n|t:|1783554376\n|move|p2a: Chansey|Seismic Toss|p1a: Wigglytuff\n|-damage|p1a: Wigglytuff|80/100 par\n|cant|p1a: Wigglytuff|par\n|\n|-heal|p1a: Wigglytuff|87/100 par|[from] item: Leftovers\n|upkeep\n|turn|47\n|inactive|Time left: 300 sec this turn | 300 sec total\n|\n|t:|1783554377\n|move|p2a: Chansey|Seismic Toss|p1a: Wigglytuff\n|-damage|p1a: Wigglytuff|67/100 par\n|move|p1a: Wigglytuff|Knock Off|p2a: Chansey\n|-damage|p2a: Chansey|394/564\n|\n|-heal|p1a: Wigglytuff|73/100 par|[from] item: Leftovers\n|upkeep\n|turn|48\n|inactive|Time left: 300 sec this turn | 300 sec total\n|\n|t:|1783554378\n|move|p2a: Chansey|Soft-Boiled|p2a: Chansey\n|-heal|p2a: Chansey|564/564\n|cant|p1a: Wigglytuff|par\n|\n|-heal|p1a: Wigglytuff|79/100 par|[from] item: Leftovers\n|upkeep\n|turn|49\n|inactive|Time left: 300 sec this turn | 300 sec total\n|\n|t:|1783554379\n|move|p2a: Chansey|Seismic Toss|p1a: Wigglytuff\n|-damage|p1a: Wigglytuff|59/100 par\n|move|p1a: Wigglytuff|Knock Off|p2a: Chansey\n|-damage|p2a: Chansey|404/564\n|\n|-heal|p1a: Wigglytuff|65/100 par|[from] item: Leftovers\n|upkeep\n|turn|50\n|inactive|Time left: 300 sec this turn | 300 sec total\n|\n|t:|1783554380\n|move|p2a: Chansey|Seismic Toss|p1a: Wigglytuff\n|-damage|p1a: Wigglytuff|45/100 par\n|cant|p1a: Wigglytuff|par\n|\n|-heal|p1a: Wigglytuff|51/100 par|[from] item: Leftovers\n|upkeep\n|turn|51\n|inactive|Time left: 300 sec this turn | 300 sec total\n|\n|t:|1783554381\n|move|p2a: Chansey|Seismic Toss|p1a: Wigglytuff\n|-damage|p1a: Wigglytuff|31/100 par\n|move|p1a: Wigglytuff|Wish|p1a: Wigglytuff\n|\n|-heal|p1a: Wigglytuff|37/100 par|[from] item: Leftovers\n|upkeep\n|turn|52\n|inactive|Time left: 300 sec this turn | 300 sec total\n|\n|t:|1783554383\n|move|p2a: Chansey|Seismic Toss|p1a: Wigglytuff\n|-damage|p1a: Wigglytuff|17/100 par\n|cant|p1a: Wigglytuff|par\n|\n|-heal|p1a: Wigglytuff|67/100 par|[from] move: Wish|[wisher] Wigglytuff\n|-heal|p1a: Wigglytuff|73/100 par|[from] item: Leftovers\n|upkeep\n|turn|53\n|inactive|Time left: 300 sec this turn | 300 sec total\n|\n|t:|1783554384\n|move|p2a: Chansey|Seismic Toss|p1a: Wigglytuff\n|-damage|p1a: Wigglytuff|53/100 par\n|cant|p1a: Wigglytuff|par\n|\n|-heal|p1a: Wigglytuff|59/100 par|[from] item: Leftovers\n|upkeep\n|turn|54\n|inactive|Time left: 300 sec this turn | 300 sec total\n|\n|t:|1783554385\n|move|p2a: Chansey|Seismic Toss|p1a: Wigglytuff\n|-damage|p1a: Wigglytuff|39/100 par\n|cant|p1a: Wigglytuff|par\n|\n|-heal|p1a: Wigglytuff|45/100 par|[from] item: Leftovers\n|upkeep\n|turn|55\n|inactive|Time left: 300 sec this turn | 300 sec total\n|\n|t:|1783554386\n|move|p2a: Chansey|Seismic Toss|p1a: Wigglytuff\n|-damage|p1a: Wigglytuff|25/100 par\n|cant|p1a: Wigglytuff|par\n|\n|-heal|p1a: Wigglytuff|31/100 par|[from] item: Leftovers\n|upkeep\n|turn|56\n|inactive|Time left: 300 sec this turn | 300 sec total\n|\n|t:|1783554386\n|move|p2a: Chansey|Seismic Toss|p1a: Wigglytuff\n|-damage|p1a: Wigglytuff|11/100 par\n|move|p1a: Wigglytuff|Knock Off|p2a: Chansey\n|-damage|p2a: Chansey|253/564\n|\n|-heal|p1a: Wigglytuff|17/100 par|[from] item: Leftovers\n|upkeep\n|turn|57\n|inactive|Time left: 300 sec this turn | 300 sec total\n|\n|t:|1783554387\n|move|p1a: Wigglytuff|Protect|p1a: Wigglytuff\n|-singleturn|p1a: Wigglytuff|Protect\n|move|p2a: Chansey|Seismic Toss|p1a: Wigglytuff\n|-activate|p1a: Wigglytuff|move: Protect\n|\n|-heal|p1a: Wigglytuff|24/100 par|[from] item: Leftovers\n|upkeep\n|turn|58\n|inactive|Time left: 300 sec this turn | 300 sec total\n|\n|t:|1783554388\n|move|p1a: Wigglytuff|Protect||[still]\n|-fail|p1a: Wigglytuff\n|move|p2a: Chansey|Seismic Toss|p1a: Wigglytuff\n|-damage|p1a: Wigglytuff|4/100 par\n|\n|-heal|p1a: Wigglytuff|10/100 par|[from] item: Leftovers\n|upkeep\n|turn|59\n|inactive|Time left: 300 sec this turn | 300 sec total\n|\n|t:|1783554389\n|move|p2a: Chansey|Seismic Toss|p1a: Wigglytuff\n|-damage|p1a: Wigglytuff|0 fnt\n|faint|p1a: Wigglytuff\n|\n|win|p0y1310769a", "uploadtime": 1783554389, "views": 0, "rating": 0, "private": 0, "password": null, "_winner": "p0y1310769a", "_our_name": "p0y1310769a"}