{"id": "battle-gen9randombattle-939", "formatid": "gen9randombattle", "format": "[Gen 9] Random Battle", "players": ["p0x93946c7", "p0y9398455"], "log": "|init|battle\n|title|p0x93946c7 vs. p0y9398455\n|j|\u2606p0x93946c7\n|j|\u2606p0y9398455\n|t:|1783550035\n|gametype|singles\n|player|p1|p0x93946c7|2|\n|player|p2|p0y9398455|169|\n|gen|9\n|tier|[Gen 9] Random Battle\n|rule|Species Clause: Limit one of each Pok\u00e9mon\n|rule|HP Percentage Mod: HP is shown in percentages\n|rule|Sleep Clause Mod: Limit one foe put to sleep\n|rule|Illusion Level Mod: Illusion disguises the Pok\u00e9mon's true level\n|\n|t:|1783550036\n|teamsize|p1|6\n|teamsize|p2|6\n|start\n|switch|p1a: Lumineon|Lumineon, L93, F|279/279\n|switch|p2a: Zangoose|Zangoose, L85, M|100/100\n|turn|1\n|inactive|Battle timer is ON: inactive players will automatically lose when time's up. (requested by p0x93946c7)\n|inactive|p0y9398455 also wants the timer to be on.\n|\n|t:|1783550037\n|move|p1a: Lumineon|U-turn|p2a: Zangoose\n|-damage|p2a: Zangoose|78/100\n|inactive|Time left: 300 sec this turn | 300 sec total | 65 sec grace\n|\n|t:|1783550039\n|switch|p1a: Ogerpon|Ogerpon-Cornerstone, L76, F|247/247|[from] U-turn\n|move|p2a: Zangoose|Swords Dance|p2a: Zangoose\n|-boost|p2a: Zangoose|atk|2\n|\n|-status|p2a: Zangoose|tox|[from] item: Toxic Orb\n|upkeep\n|turn|2\n|inactive|Time left: 300 sec this turn | 300 sec total\n|\n|t:|1783550040\n|move|p1a: Ogerpon|Superpower|p2a: Zangoose\n|-supereffective|p2a: Zangoose\n|-damage|p2a: Zangoose|0 fnt\n|-unboost|p1a: Ogerpon|atk|1\n|-unboost|p1a: Ogerpon|def|1\n|faint|p2a: Zangoose\n|\n|upkeep\n|\n|t:|1783550041\n|switch|p2a: Metagross|Metagross, L79|100/100\n|turn|3\n|inactive|Time left: 300 sec this turn | 300 sec total\n|\n|t:|1783550043\n|switch|p1a: Cresselia|Cresselia, L80, F|323/323\n|move|p2a: Metagross|Psychic Fangs|p1a: Cresselia\n|-resisted|p1a: Cresselia\n|-damage|p1a: Cresselia|281/323\n|\n|-heal|p1a: Cresselia|301/323|[from] item: Leftovers\n|upkeep\n|turn|4\n|inactive|Time left: 300 sec this turn | 300 sec total\n|\n|t:|1783550044\n|move|p1a: Cresselia|Calm Mind|p1a: Cresselia\n|-boost|p1a: Cresselia|spa|1\n|-boost|p1a: Cresselia|spd|1\n|move|p2a: Metagross|Stealth Rock|p1a: Cresselia\n|-sidestart|p1: p0x93946c7|move: Stealth Rock\n|\n|-heal|p1a: Cresselia|321/323|[from] item: Leftovers\n|upkeep\n|turn|5\n|inactive|Time left: 300 sec this turn | 300 sec total\n|\n|t:|1783550045\n|move|p1a: Cresselia|Calm Mind|p1a: Cresselia\n|-boost|p1a: Cresselia|spa|1\n|-boost|p1a: Cresselia|spd|1\n|move|p2a: Metagross|Knock Off|p1a: Cresselia\n|-supereffective|p1a: Cresselia\n|-damage|p1a: Cresselia|183/323\n|-enditem|p1a: Cresselia|Leftovers|[from] move: Knock Off|[of] p2a: Metagross\n|\n|upkeep\n|turn|6\n|inactive|Time left: 300 sec this turn | 300 sec total\n|\n|t:|1783550046\n|move|p1a: Cresselia|Moonlight|p1a: Cresselia\n|-heal|p1a: Cresselia|323/323\n|move|p2a: Metagross|Heavy Slam|p1a: Cresselia\n|-damage|p1a: Cresselia|203/323\n|\n|upkeep\n|turn|7\n|inactive|Time left: 300 sec this turn | 300 sec total\n|\n|t:|1783550047\n|move|p1a: Cresselia|Moonlight|p1a: Cresselia\n|-heal|p1a: Cresselia|323/323\n|move|p2a: Metagross|Heavy Slam|p1a: Cresselia\n|-damage|p1a: Cresselia|182/323\n|\n|upkeep\n|turn|8\n|inactive|Time left: 300 sec this turn | 300 sec total\n|\n|t:|1783550048\n|move|p1a: Cresselia|Moonlight|p1a: Cresselia\n|-heal|p1a: Cresselia|323/323\n|move|p2a: Metagross|Heavy Slam|p1a: Cresselia\n|-damage|p1a: Cresselia|184/323\n|\n|upkeep\n|turn|9\n|inactive|Time left: 300 sec this turn | 300 sec total\n|\n|t:|1783550049\n|move|p1a: Cresselia|Moonlight|p1a: Cresselia\n|-heal|p1a: Cresselia|323/323\n|move|p2a: Metagross|Heavy Slam|p1a: Cresselia\n|-damage|p1a: Cresselia|187/323\n|\n|upkeep\n|turn|10\n|inactive|Time left: 300 sec this turn | 300 sec total\n|\n|t:|1783550051\n|move|p1a: Cresselia|Moonlight|p1a: Cresselia\n|-heal|p1a: Cresselia|323/323\n|move|p2a: Metagross|Heavy Slam|p1a: Cresselia\n|-damage|p1a: Cresselia|190/323\n|\n|upkeep\n|turn|11\n|inactive|Time left: 300 sec this turn | 300 sec total\n|\n|t:|1783550052\n|move|p1a: Cresselia|Moonlight|p1a: Cresselia\n|-heal|p1a: Cresselia|323/323\n|move|p2a: Metagross|Heavy Slam|p1a: Cresselia\n|-damage|p1a: Cresselia|203/323\n|\n|upkeep\n|turn|12\n|inactive|Time left: 300 sec this turn | 300 sec total\n|\n|t:|1783550053\n|move|p1a: Cresselia|Thunderbolt|p2a: Metagross\n|-damage|p2a: Metagross|59/100\n|move|p2a: Metagross|Heavy Slam|p1a: Cresselia\n|-damage|p1a: Cresselia|82/323\n|\n|-heal|p2a: Metagross|65/100|[from] item: Leftovers\n|upkeep\n|turn|13\n|inactive|Time left: 300 sec this turn | 300 sec total\n|\n|t:|1783550054\n|move|p1a: Cresselia|Moonlight|p1a: Cresselia\n|-heal|p1a: Cresselia|243/323\n|move|p2a: Metagross|Heavy Slam|p1a: Cresselia\n|-damage|p1a: Cresselia|114/323\n|\n|-heal|p2a: Metagross|71/100|[from] item: Leftovers\n|upkeep\n|turn|14\n|inactive|Time left: 300 sec this turn | 300 sec total\n|\n|t:|1783550055\n|move|p1a: Cresselia|Moonlight|p1a: Cresselia\n|-heal|p1a: Cresselia|275/323\n|move|p2a: Metagross|Heavy Slam|p1a: Cresselia\n|-damage|p1a: Cresselia|134/323\n|\n|-heal|p2a: Metagross|77/100|[from] item: Leftovers\n|upkeep\n|turn|15\n|inactive|Time left: 300 sec this turn | 300 sec total\n|\n|t:|1783550056\n|move|p1a: Cresselia|Thunderbolt|p2a: Metagross\n|-damage|p2a: Metagross|38/100\n|move|p2a: Metagross|Heavy Slam|p1a: Cresselia\n|-crit|p1a: Cresselia\n|-damage|p1a: Cresselia|0 fnt\n|faint|p1a: Cresselia\n|\n|-heal|p2a: Metagross|45/100|[from] item: Leftovers\n|upkeep\n|inactive|Time left: 300 sec this turn | 300 sec total | 5 sec grace\n|\n|t:|1783550057\n|switch|p1a: Dodrio|Dodrio, L85, M|241/241\n|-damage|p1a: Dodrio|181/241|[from] Stealth Rock\n|turn|16\n|inactive|Time left: 300 sec this turn | 300 sec total\n|\n|t:|1783550058\n|move|p1a: Dodrio|Knock Off|p2a: Metagross\n|-supereffective|p2a: Metagross\n|-damage|p2a: Metagross|0 fnt\n|-enditem|p2a: Metagross|Leftovers|[from] move: Knock Off|[of] p1a: Dodrio\n|faint|p2a: Metagross\n|\n|upkeep\n|\n|t:|1783550059\n|switch|p2a: Gurdurr|Gurdurr, L85, M|100/100\n|turn|17\n|inactive|Time left: 300 sec this turn | 300 sec total\n|\n|t:|1783550060\n|switch|p1a: Fezandipiti|Fezandipiti, L82, M|278/278\n|-damage|p1a: Fezandipiti|244/278|[from] Stealth Rock\n|move|p2a: Gurdurr|Bulk Up|p2a: Gurdurr\n|-boost|p2a: Gurdurr|atk|1\n|-boost|p2a: Gurdurr|def|1\n|\n|-heal|p1a: Fezandipiti|261/278|[from] item: Leftovers\n|upkeep\n|turn|18\n|inactive|Time left: 300 sec this turn | 300 sec total\n|\n|t:|1783550061\n|move|p1a: Fezandipiti|Swords Dance|p1a: Fezandipiti\n|-boost|p1a: Fezandipiti|atk|2\n|move|p2a: Gurdurr|Bulk Up|p2a: Gurdurr\n|-boost|p2a: Gurdurr|atk|1\n|-boost|p2a: Gurdurr|def|1\n|\n|-heal|p1a: Fezandipiti|278/278|[from] item: Leftovers\n|upkeep\n|turn|19\n|inactive|Time left: 300 sec this turn | 300 sec total\n|\n|t:|1783550062\n|move|p1a: Fezandipiti|Play Rough|p2a: Gurdurr\n|-supereffective|p2a: Gurdurr\n|-crit|p2a: Gurdurr\n|-damage|p2a: Gurdurr|0 fnt\n|faint|p2a: Gurdurr\n|\n|upkeep\n|\n|t:|1783550063\n|switch|p2a: Great Tusk|Great Tusk, L77|100/100\n|-enditem|p2a: Great Tusk|Booster Energy\n|-activate|p2a: Great Tusk|ability: Protosynthesis|[fromitem]\n|-start|p2a: Great Tusk|protosynthesisatk\n|turn|20\n|inactive|Time left: 300 sec this turn | 300 sec total\n|\n|t:|1783550064\n|-terastallize|p1a: Fezandipiti|Ground\n|-terastallize|p2a: Great Tusk|Ground\n|move|p1a: Fezandipiti|Play Rough|p2a: Great Tusk\n|-damage|p2a: Great Tusk|57/100\n|move|p2a: Great Tusk|Earthquake|p1a: Fezandipiti\n|-damage|p1a: Fezandipiti|58/278\n|\n|-heal|p1a: Fezandipiti|75/278|[from] item: Leftovers\n|upkeep\n|turn|21\n|inactive|Time left: 300 sec this turn | 300 sec total\n|\n|t:|1783550065\n|move|p1a: Fezandipiti|Play Rough|p2a: Great Tusk|[miss]\n|-miss|p1a: Fezandipiti|p2a: Great Tusk\n|move|p2a: Great Tusk|Earthquake|p1a: Fezandipiti\n|-damage|p1a: Fezandipiti|0 fnt\n|faint|p1a: Fezandipiti\n|\n|upkeep\n|inactive|Time left: 300 sec this turn | 300 sec total | 5 sec grace\n|\n|t:|1783550066\n|switch|p1a: Lumineon|Lumineon, L93, F|279/279\n|turn|22\n|inactive|Time left: 300 sec this turn | 300 sec total\n|\n|t:|1783550067\n|-end|p2a: Great Tusk|Protosynthesis|[silent]\n|switch|p2a: Luxray|Luxray, L88, M|100/100\n|-ability|p2a: Luxray|Intimidate|boost\n|-unboost|p1a: Lumineon|atk|1\n|move|p1a: Lumineon|Ice Beam|p2a: Luxray\n|-damage|p2a: Luxray|87/100\n|\n|upkeep\n|turn|23\n|inactive|Time left: 300 sec this turn | 300 sec total\n|\n|t:|1783550068\n|move|p1a: Lumineon|U-turn|p2a: Luxray\n|-damage|p2a: Luxray|75/100\n|inactive|Time left: 300 sec this turn | 300 sec total | 5 sec grace\n|\n|t:|1783550069\n|switch|p1a: Ogerpon|Ogerpon-Cornerstone, L76, F|247/247|[from] U-turn\n|-damage|p1a: Ogerpon|217/247|[from] Stealth Rock\n|move|p2a: Luxray|Wild Charge|p1a: Ogerpon\n|-resisted|p1a: Ogerpon\n|-damage|p1a: Ogerpon|148/247\n|-damage|p2a: Luxray|69/100|[from] Recoil\n|\n|upkeep\n|turn|24\n|inactive|Time left: 300 sec this turn | 300 sec total\n|\n|t:|1783550070\n|move|p1a: Ogerpon|Swords Dance|p1a: Ogerpon\n|-boost|p1a: Ogerpon|atk|2\n|move|p2a: Luxray|Volt Switch|p1a: Ogerpon\n|-resisted|p1a: Ogerpon\n|-damage|p1a: Ogerpon|109/247\n|\n|t:|1783550071\n|switch|p2a: Palkia|Palkia-Origin, L72|100/100|[from] Volt Switch\n|-ability|p2a: Palkia|Pressure\n|\n|upkeep\n|turn|25\n|inactive|Time left: 300 sec this turn | 300 sec total\n|\n|t:|1783550072\n|move|p2a: Palkia|Draco Meteor|p1a: Ogerpon\n|-crit|p1a: Ogerpon\n|-damage|p1a: Ogerpon|0 fnt\n|-unboost|p2a: Palkia|spa|2\n|faint|p1a: Ogerpon\n|\n|upkeep\n|inactive|Time left: 300 sec this turn | 300 sec total | 5 sec grace\n|\n|t:|1783550073\n|switch|p1a: Dodrio|Dodrio, L85, M|181/241\n|-damage|p1a: Dodrio|121/241|[from] Stealth Rock\n|turn|26\n|inactive|Time left: 300 sec this turn | 300 sec total\n|\n|t:|1783550074\n|switch|p2a: Great Tusk|Great Tusk, L77, tera:Ground|57/100\n|move|p1a: Dodrio|Drill Run|p2a: Great Tusk\n|-damage|p2a: Great Tusk|30/100\n|\n|upkeep\n|turn|27\n|inactive|Time left: 300 sec this turn | 300 sec total\n|\n|t:|1783550075\n|move|p1a: Dodrio|Drill Run|p2a: Great Tusk\n|-damage|p2a: Great Tusk|5/100\n|move|p2a: Great Tusk|Close Combat|p1a: Dodrio\n|-damage|p1a: Dodrio|0 fnt\n|-unboost|p2a: Great Tusk|def|1\n|-unboost|p2a: Great Tusk|spd|1\n|faint|p1a: Dodrio\n|\n|upkeep\n|inactive|Time left: 300 sec this turn | 300 sec total | 5 sec grace\n|\n|t:|1783550076\n|switch|p1a: Lumineon|Lumineon, L93, F|279/279\n|turn|28\n|inactive|Time left: 300 sec this turn | 300 sec total\n|\n|t:|1783550077\n|move|p1a: Lumineon|U-turn|p2a: Great Tusk\n|-damage|p2a: Great Tusk|0 fnt\n|faint|p2a: Great Tusk\n|-end|p2a: Great Tusk|Protosynthesis|[silent]\n|inactive|Time left: 300 sec this turn | 300 sec total | 5 sec grace\n|\n|t:|1783550078\n|switch|p1a: Jumpluff|Jumpluff, L87, F|271/271|[from] U-turn\n|-damage|p1a: Jumpluff|204/271|[from] Stealth Rock\n|\n|upkeep\n|\n|t:|1783550079\n|switch|p2a: Luxray|Luxray, L88, M|69/100\n|-ability|p2a: Luxray|Intimidate|boost\n|-unboost|p1a: Jumpluff|atk|1\n|turn|29\n|inactive|Time left: 300 sec this turn | 300 sec total\n|\n|t:|1783550080\n|move|p1a: Jumpluff|Strength Sap|p2a: Luxray\n|-unboost|p2a: Luxray|atk|1\n|-heal|p1a: Jumpluff|271/271\n|move|p2a: Luxray|Volt Switch|p1a: Jumpluff\n|-damage|p1a: Jumpluff|193/271\n|\n|t:|1783550081\n|switch|p2a: Palkia|Palkia-Origin, L72|100/100|[from] Volt Switch\n|-ability|p2a: Palkia|Pressure\n|\n|upkeep\n|turn|30\n|inactive|Time left: 300 sec this turn | 300 sec total\n|\n|t:|1783550082\n|switch|p2a: Luxray|Luxray, L88, M|69/100\n|-ability|p2a: Luxray|Intimidate|boost\n|-unboost|p1a: Jumpluff|atk|1\n|move|p1a: Jumpluff|Strength Sap|p2a: Luxray\n|-unboost|p2a: Luxray|atk|1\n|-heal|p1a: Jumpluff|271/271\n|\n|upkeep\n|turn|31\n|inactive|Time left: 300 sec this turn | 300 sec total\n|\n|t:|1783550083\n|move|p1a: Jumpluff|Sleep Powder|p2a: Luxray|[miss]\n|-miss|p1a: Jumpluff|p2a: Luxray\n|move|p2a: Luxray|Volt Switch|p1a: Jumpluff\n|-damage|p1a: Jumpluff|198/271\n|\n|t:|1783550084\n|switch|p2a: Palkia|Palkia-Origin, L72|100/100|[from] Volt Switch\n|-ability|p2a: Palkia|Pressure\n|\n|upkeep\n|turn|32\n|inactive|Time left: 300 sec this turn | 300 sec total\n|\n|t:|1783550085\n|move|p1a: Jumpluff|Strength Sap|p2a: Palkia\n|-unboost|p2a: Palkia|atk|1\n|-heal|p1a: Jumpluff|271/271\n|move|p2a: Palkia|Thunder Wave|p1a: Jumpluff\n|-status|p1a: Jumpluff|par\n|\n|upkeep\n|turn|33\n|inactive|Time left: 300 sec this turn | 300 sec total\n|\n|t:|1783550086\n|switch|p2a: Luxray|Luxray, L88, M|69/100\n|-ability|p2a: Luxray|Intimidate|boost\n|-unboost|p1a: Jumpluff|atk|1\n|move|p1a: Jumpluff|Sleep Powder|p2a: Luxray\n|-status|p2a: Luxray|slp|[from] move: Sleep Powder\n|\n|upkeep\n|turn|34\n|inactive|Time left: 300 sec this turn | 300 sec total\n|\n|t:|1783550086\n|switch|p1a: Lumineon|Lumineon, L93, F|279/279\n|cant|p2a: Luxray|slp\n|\n|upkeep\n|turn|35\n|inactive|Time left: 300 sec this turn | 300 sec total\n|\n|t:|1783550088\n|move|p1a: Lumineon|Hydro Pump|p2a: Luxray\n|-damage|p2a: Luxray|40/100 slp\n|cant|p2a: Luxray|slp\n|\n|upkeep\n|turn|36\n|inactive|Time left: 300 sec this turn | 300 sec total\n|\n|t:|1783550088\n|move|p1a: Lumineon|Hydro Pump|p2a: Luxray\n|-damage|p2a: Luxray|15/100 slp\n|cant|p2a: Luxray|slp\n|\n|upkeep\n|turn|37\n|inactive|Time left: 300 sec this turn | 300 sec total\n|\n|t:|1783550089\n|switch|p2a: Palkia|Palkia-Origin, L72|100/100\n|-ability|p2a: Palkia|Pressure\n|move|p1a: Lumineon|U-turn|p2a: Palkia\n|-damage|p2a: Palkia|80/100\n|inactive|Time left: 300 sec this turn | 300 sec total | 5 sec grace\n|\n|t:|1783550090\n|switch|p1a: Jumpluff|Jumpluff, L87, F|271/271 par|[from] U-turn\n|-damage|p1a: Jumpluff|204/271 par|[from] Stealth Rock\n|\n|upkeep\n|turn|38\n|inactive|Time left: 300 sec this turn | 300 sec total\n|\n|t:|1783550091\n|move|p2a: Palkia|Fire Blast|p1a: Jumpluff|[miss]\n|-miss|p2a: Palkia|p1a: Jumpluff\n|cant|p1a: Jumpluff|par\n|\n|upkeep\n|turn|39\n|inactive|Time left: 300 sec this turn | 300 sec total\n|\n|t:|1783550092\n|switch|p2a: Luxray|Luxray, L88, M|15/100 slp\n|-ability|p2a: Luxray|Intimidate|boost\n|-unboost|p1a: Jumpluff|atk|1\n|move|p1a: Jumpluff|Strength Sap|p2a: Luxray\n|-unboost|p2a: Luxray|atk|1\n|-heal|p1a: Jumpluff|271/271 par\n|\n|upkeep\n|turn|40\n|inactive|Time left: 300 sec this turn | 300 sec total\n|\n|t:|1783550093\n|-curestatus|p2a: Luxray|slp|[msg]\n|move|p2a: Luxray|Volt Switch|p1a: Jumpluff\n|-damage|p1a: Jumpluff|198/271 par\n|\n|t:|1783550094\n|switch|p2a: Palkia|Palkia-Origin, L72|80/100|[from] Volt Switch\n|-ability|p2a: Palkia|Pressure\n|move|p1a: Jumpluff|Strength Sap|p2a: Palkia\n|-unboost|p2a: Palkia|atk|1\n|-heal|p1a: Jumpluff|271/271 par\n|\n|upkeep\n|turn|41\n|inactive|Time left: 300 sec this turn | 300 sec total\n|\n|t:|1783550095\n|switch|p1a: Lumineon|Lumineon, L93, F|279/279\n|move|p2a: Palkia|Fire Blast|p1a: Lumineon\n|-resisted|p1a: Lumineon\n|-damage|p1a: Lumineon|241/279\n|\n|upkeep\n|turn|42\n|inactive|Time left: 300 sec this turn | 300 sec total\n|\n|t:|1783550096\n|move|p1a: Lumineon|Ice Beam|p2a: Palkia\n|-damage|p2a: Palkia|57/100\n|move|p2a: Palkia|Draco Meteor|p1a: Lumineon\n|-damage|p1a: Lumineon|75/279\n|-unboost|p2a: Palkia|spa|2\n|\n|upkeep\n|turn|43\n|inactive|Time left: 300 sec this turn | 300 sec total\n|\n|t:|1783550097\n|move|p1a: Lumineon|Ice Beam|p2a: Palkia\n|-damage|p2a: Palkia|35/100\n|move|p2a: Palkia|Draco Meteor|p1a: Lumineon\n|-damage|p1a: Lumineon|0 fnt\n|-unboost|p2a: Palkia|spa|2\n|faint|p1a: Lumineon\n|\n|upkeep\n|inactive|Time left: 300 sec this turn | 300 sec total | 5 sec grace\n|\n|t:|1783550098\n|switch|p1a: Jumpluff|Jumpluff, L87, F|271/271 par\n|-damage|p1a: Jumpluff|204/271 par|[from] Stealth Rock\n|turn|44\n|inactive|Time left: 300 sec this turn | 300 sec total\n|\n|t:|1783550099\n|switch|p2a: Luxray|Luxray, L88, M|15/100\n|-ability|p2a: Luxray|Intimidate|boost\n|-unboost|p1a: Jumpluff|atk|1\n|cant|p1a: Jumpluff|par\n|\n|upkeep\n|turn|45\n|inactive|Time left: 300 sec this turn | 300 sec total\n|\n|t:|1783550101\n|move|p2a: Luxray|Volt Switch|p1a: Jumpluff\n|-damage|p1a: Jumpluff|137/271 par\n|\n|t:|1783550101\n|switch|p2a: Palkia|Palkia-Origin, L72|35/100|[from] Volt Switch\n|-ability|p2a: Palkia|Pressure\n|move|p1a: Jumpluff|Strength Sap|p2a: Palkia\n|-unboost|p2a: Palkia|atk|1\n|-heal|p1a: Jumpluff|271/271 par\n|\n|upkeep\n|turn|46\n|inactive|Time left: 300 sec this turn | 300 sec total\n|\n|t:|1783550102\n|move|p2a: Palkia|Fire Blast|p1a: Jumpluff\n|-supereffective|p1a: Jumpluff\n|-damage|p1a: Jumpluff|131/271 par\n|cant|p1a: Jumpluff|par\n|\n|upkeep\n|turn|47\n|inactive|Time left: 300 sec this turn | 300 sec total\n|\n|t:|1783550103\n|move|p2a: Palkia|Draco Meteor|p1a: Jumpluff\n|-damage|p1a: Jumpluff|0 fnt\n|-unboost|p2a: Palkia|spa|2\n|faint|p1a: Jumpluff\n|\n|win|p0y9398455", "uploadtime": 1783550103, "views": 0, "rating": 0, "private": 0, "password": null, "_winner": "p0y9398455", "_our_name": "p0x93946c7"}