{"id": "battle-gen9randombattle-2062", "formatid": "gen9randombattle", "format": "[Gen 9] Random Battle", "players": ["p0x206210af", "p0y20629235"], "log": "|init|battle\n|title|p0x206210af vs. p0y20629235\n|j|\u2606p0x206210af\n|j|\u2606p0y20629235\n|t:|1783563881\n|gametype|singles\n|player|p1|p0x206210af|266|\n|player|p2|p0y20629235|266|\n|gen|9\n|tier|[Gen 9] Random Battle\n|rule|Species Clause: Limit one of each Pok\u00e9mon\n|rule|HP Percentage Mod: HP is shown in percentages\n|rule|Sleep Clause Mod: Limit one foe put to sleep\n|rule|Illusion Level Mod: Illusion disguises the Pok\u00e9mon's true level\n|\n|t:|1783563881\n|teamsize|p1|6\n|teamsize|p2|6\n|start\n|switch|p1a: Ninetales|Ninetales, L85, M|263/263\n|switch|p2a: Samurott|Samurott, L88, M|100/100\n|-weather|SunnyDay|[from] ability: Drought|[of] p1a: Ninetales\n|turn|1\n|inactive|Battle timer is ON: inactive players will automatically lose when time's up. (requested by p0x206210af)\n|inactive|p0y20629235 also wants the timer to be on.\n|\n|t:|1783563883\n|move|p1a: Ninetales|Solar Beam||[still]\n|-prepare|p1a: Ninetales|Solar Beam\n|-anim|p1a: Ninetales|Solar Beam|p2a: Samurott\n|-supereffective|p2a: Samurott\n|-damage|p2a: Samurott|47/100\n|move|p2a: Samurott|Liquidation|p1a: Ninetales\n|-supereffective|p1a: Ninetales\n|-damage|p1a: Ninetales|104/263\n|-damage|p2a: Samurott|37/100|[from] item: Life Orb\n|\n|-weather|SunnyDay|[upkeep]\n|upkeep\n|turn|2\n|inactive|Time left: 300 sec this turn | 300 sec total\n|\n|t:|1783563885\n|move|p1a: Ninetales|Solar Beam||[still]\n|-prepare|p1a: Ninetales|Solar Beam\n|-anim|p1a: Ninetales|Solar Beam|p2a: Samurott\n|-supereffective|p2a: Samurott\n|-damage|p2a: Samurott|0 fnt\n|faint|p2a: Samurott\n|\n|-weather|SunnyDay|[upkeep]\n|upkeep\n|\n|t:|1783563886\n|switch|p2a: Hatterene|Hatterene, L85, F|100/100\n|turn|3\n|inactive|Time left: 300 sec this turn | 300 sec total\n|\n|t:|1783563887\n|switch|p1a: Necrozma|Necrozma-Dusk-Mane, L69|248/248\n|move|p2a: Hatterene|Psyshock|p1a: Necrozma\n|-resisted|p1a: Necrozma\n|-crit|p1a: Necrozma\n|-damage|p1a: Necrozma|209/248\n|\n|-weather|SunnyDay|[upkeep]\n|upkeep\n|turn|4\n|inactive|Time left: 300 sec this turn | 300 sec total\n|\n|t:|1783563888\n|switch|p2a: Mudsdale|Mudsdale, L83, M|100/100\n|move|p1a: Necrozma|Dragon Dance|p1a: Necrozma\n|-boost|p1a: Necrozma|atk|1\n|-boost|p1a: Necrozma|spe|1\n|\n|-weather|SunnyDay|[upkeep]\n|upkeep\n|turn|5\n|inactive|Time left: 300 sec this turn | 300 sec total\n|\n|t:|1783563889\n|move|p1a: Necrozma|Earthquake|p2a: Mudsdale\n|-damage|p2a: Mudsdale|68/100\n|-ability|p2a: Mudsdale|Stamina|boost\n|-boost|p2a: Mudsdale|def|1\n|move|p2a: Mudsdale|Earthquake|p1a: Necrozma\n|-supereffective|p1a: Necrozma\n|-damage|p1a: Necrozma|34/248\n|-enditem|p1a: Necrozma|Weakness Policy\n|-boost|p1a: Necrozma|atk|2|[from] item: Weakness Policy\n|-boost|p1a: Necrozma|spa|2|[from] item: Weakness Policy\n|\n|-weather|none\n|-heal|p2a: Mudsdale|74/100|[from] item: Leftovers\n|upkeep\n|turn|6\n|inactive|Time left: 300 sec this turn | 300 sec total\n|\n|t:|1783563891\n|move|p1a: Necrozma|Earthquake|p2a: Mudsdale\n|-damage|p2a: Mudsdale|41/100\n|-ability|p2a: Mudsdale|Stamina|boost\n|-boost|p2a: Mudsdale|def|1\n|move|p2a: Mudsdale|Earthquake|p1a: Necrozma\n|-supereffective|p1a: Necrozma\n|-damage|p1a: Necrozma|0 fnt\n|faint|p1a: Necrozma\n|\n|-heal|p2a: Mudsdale|47/100|[from] item: Leftovers\n|upkeep\n|inactive|Time left: 300 sec this turn | 300 sec total | 5 sec grace\n|\n|t:|1783563892\n|switch|p1a: Ninetales|Ninetales, L85, M|104/263\n|-weather|SunnyDay|[from] ability: Drought|[of] p1a: Ninetales\n|turn|7\n|inactive|Time left: 300 sec this turn | 300 sec total\n|\n|t:|1783563893\n|switch|p2a: Hatterene|Hatterene, L85, F|100/100\n|move|p1a: Ninetales|Fire Blast|p2a: Hatterene\n|-damage|p2a: Hatterene|38/100\n|\n|-weather|SunnyDay|[upkeep]\n|-heal|p2a: Hatterene|44/100|[from] item: Leftovers\n|upkeep\n|turn|8\n|inactive|Time left: 300 sec this turn | 300 sec total\n|\n|t:|1783563894\n|move|p1a: Ninetales|Fire Blast|p2a: Hatterene\n|-crit|p2a: Hatterene\n|-damage|p2a: Hatterene|0 fnt\n|faint|p2a: Hatterene\n|\n|-weather|SunnyDay|[upkeep]\n|upkeep\n|\n|t:|1783563895\n|switch|p2a: Froslass|Froslass, L87, F|100/100\n|turn|9\n|inactive|Time left: 300 sec this turn | 300 sec total\n|\n|t:|1783563896\n|move|p2a: Froslass|Poltergeist|p1a: Ninetales\n|-activate|p1a: Ninetales|move: Poltergeist|Heavy-Duty Boots\n|-damage|p1a: Ninetales|0 fnt\n|faint|p1a: Ninetales\n|\n|-weather|SunnyDay|[upkeep]\n|upkeep\n|inactive|Time left: 300 sec this turn | 300 sec total | 5 sec grace\n|\n|t:|1783563897\n|switch|p1a: Vikavolt|Vikavolt, L83, M|263/263\n|turn|10\n|inactive|Time left: 300 sec this turn | 300 sec total\n|\n|t:|1783563898\n|move|p2a: Froslass|Poltergeist|p1a: Vikavolt\n|-activate|p1a: Vikavolt|move: Poltergeist|Heavy-Duty Boots\n|-damage|p1a: Vikavolt|157/263\n|move|p1a: Vikavolt|Sticky Web|p2a: Froslass\n|-sidestart|p2: p0y20629235|move: Sticky Web\n|\n|-weather|SunnyDay|[upkeep]\n|upkeep\n|turn|11\n|inactive|Time left: 300 sec this turn | 300 sec total\n|\n|t:|1783563899\n|move|p2a: Froslass|Triple Axel|p1a: Vikavolt\n|-damage|p1a: Vikavolt|136/263\n|-damage|p1a: Vikavolt|97/263\n|-damage|p1a: Vikavolt|39/263\n|-hitcount|p1a: Vikavolt|3\n|move|p1a: Vikavolt|Thunderbolt|p2a: Froslass\n|-damage|p2a: Froslass|42/100\n|\n|-weather|none\n|upkeep\n|turn|12\n|inactive|Time left: 300 sec this turn | 300 sec total\n|\n|t:|1783563900\n|switch|p1a: Oinkologne|Oinkologne-F, L92, F|361/361\n|move|p2a: Froslass|Triple Axel|p1a: Oinkologne\n|-damage|p1a: Oinkologne|349/361\n|-damage|p1a: Oinkologne|327/361\n|-damage|p1a: Oinkologne|296/361\n|-hitcount|p1a: Oinkologne|3\n|\n|-heal|p1a: Oinkologne|318/361|[from] item: Leftovers\n|upkeep\n|turn|13\n|inactive|Time left: 300 sec this turn | 300 sec total\n|\n|t:|1783563901\n|move|p2a: Froslass|Will-O-Wisp|p1a: Oinkologne\n|-status|p1a: Oinkologne|brn\n|move|p1a: Oinkologne|Curse|p1a: Oinkologne\n|-unboost|p1a: Oinkologne|spe|1\n|-boost|p1a: Oinkologne|atk|1\n|-boost|p1a: Oinkologne|def|1\n|\n|-heal|p1a: Oinkologne|340/361 brn|[from] item: Leftovers\n|-damage|p1a: Oinkologne|318/361 brn|[from] brn\n|upkeep\n|turn|14\n|inactive|Time left: 300 sec this turn | 300 sec total\n|\n|t:|1783563902\n|move|p2a: Froslass|Triple Axel|p1a: Oinkologne\n|-damage|p1a: Oinkologne|311/361 brn\n|-damage|p1a: Oinkologne|298/361 brn\n|-damage|p1a: Oinkologne|277/361 brn\n|-hitcount|p1a: Oinkologne|3\n|move|p1a: Oinkologne|Body Slam|p2a: Froslass\n|-immune|p2a: Froslass\n|\n|-heal|p1a: Oinkologne|299/361 brn|[from] item: Leftovers\n|-damage|p1a: Oinkologne|277/361 brn|[from] brn\n|upkeep\n|turn|15\n|inactive|Time left: 300 sec this turn | 300 sec total\n|\n|t:|1783563903\n|move|p2a: Froslass|Poltergeist|p1a: Oinkologne\n|-immune|p1a: Oinkologne\n|move|p1a: Oinkologne|Rest|p1a: Oinkologne\n|-status|p1a: Oinkologne|slp|[from] move: Rest\n|-heal|p1a: Oinkologne|361/361 slp|[silent]\n|\n|upkeep\n|turn|16\n|inactive|Time left: 300 sec this turn | 300 sec total\n|\n|t:|1783563905\n|move|p2a: Froslass|Triple Axel|p1a: Oinkologne\n|-damage|p1a: Oinkologne|354/361 slp\n|-damage|p1a: Oinkologne|341/361 slp\n|-damage|p1a: Oinkologne|320/361 slp\n|-hitcount|p1a: Oinkologne|3\n|cant|p1a: Oinkologne|slp\n|move|p1a: Oinkologne|Sleep Talk|p1a: Oinkologne\n|move|p1a: Oinkologne|Curse|p1a: Oinkologne|[from] move: Sleep Talk\n|-unboost|p1a: Oinkologne|spe|1\n|-boost|p1a: Oinkologne|atk|1\n|-boost|p1a: Oinkologne|def|1\n|\n|-heal|p1a: Oinkologne|342/361 slp|[from] item: Leftovers\n|upkeep\n|turn|17\n|inactive|Time left: 300 sec this turn | 300 sec total\n|\n|t:|1783563906\n|move|p2a: Froslass|Triple Axel|p1a: Oinkologne\n|-damage|p1a: Oinkologne|336/361 slp\n|-damage|p1a: Oinkologne|326/361 slp\n|-damage|p1a: Oinkologne|310/361 slp\n|-hitcount|p1a: Oinkologne|3\n|cant|p1a: Oinkologne|slp\n|move|p1a: Oinkologne|Sleep Talk|p1a: Oinkologne\n|move|p1a: Oinkologne|Body Slam|p2a: Froslass|[from] move: Sleep Talk\n|-immune|p2a: Froslass\n|\n|-heal|p1a: Oinkologne|332/361 slp|[from] item: Leftovers\n|upkeep\n|turn|18\n|inactive|Time left: 300 sec this turn | 300 sec total\n|\n|t:|1783563907\n|move|p2a: Froslass|Poltergeist|p1a: Oinkologne\n|-immune|p1a: Oinkologne\n|-curestatus|p1a: Oinkologne|slp|[msg]\n|move|p1a: Oinkologne|Curse|p1a: Oinkologne\n|-unboost|p1a: Oinkologne|spe|1\n|-boost|p1a: Oinkologne|atk|1\n|-boost|p1a: Oinkologne|def|1\n|\n|-heal|p1a: Oinkologne|354/361|[from] item: Leftovers\n|upkeep\n|turn|19\n|inactive|Time left: 300 sec this turn | 300 sec total\n|\n|t:|1783563907\n|move|p2a: Froslass|Will-O-Wisp|p1a: Oinkologne|[miss]\n|-miss|p2a: Froslass|p1a: Oinkologne\n|move|p1a: Oinkologne|Curse|p1a: Oinkologne\n|-unboost|p1a: Oinkologne|spe|1\n|-boost|p1a: Oinkologne|atk|1\n|-boost|p1a: Oinkologne|def|1\n|\n|-heal|p1a: Oinkologne|361/361|[from] item: Leftovers\n|upkeep\n|turn|20\n|inactive|Time left: 300 sec this turn | 300 sec total\n|\n|t:|1783563908\n|move|p2a: Froslass|Will-O-Wisp|p1a: Oinkologne\n|-status|p1a: Oinkologne|brn\n|move|p1a: Oinkologne|Curse|p1a: Oinkologne\n|-unboost|p1a: Oinkologne|spe|1\n|-boost|p1a: Oinkologne|atk|1\n|-boost|p1a: Oinkologne|def|1\n|\n|-damage|p1a: Oinkologne|339/361 brn|[from] brn\n|upkeep\n|turn|21\n|inactive|Time left: 300 sec this turn | 300 sec total\n|\n|t:|1783563909\n|move|p2a: Froslass|Poltergeist|p1a: Oinkologne\n|-immune|p1a: Oinkologne\n|move|p1a: Oinkologne|Rest|p1a: Oinkologne\n|-status|p1a: Oinkologne|slp|[from] move: Rest\n|-heal|p1a: Oinkologne|361/361 slp|[silent]\n|\n|upkeep\n|turn|22\n|inactive|Time left: 300 sec this turn | 300 sec total\n|\n|t:|1783563909\n|move|p2a: Froslass|Will-O-Wisp||[still]\n|-fail|p2a: Froslass\n|cant|p1a: Oinkologne|slp\n|move|p1a: Oinkologne|Sleep Talk|p1a: Oinkologne\n|move|p1a: Oinkologne|Body Slam|p2a: Froslass|[from] move: Sleep Talk\n|-immune|p2a: Froslass\n|\n|upkeep\n|turn|23\n|inactive|Time left: 300 sec this turn | 300 sec total\n|\n|t:|1783563910\n|move|p2a: Froslass|Poltergeist|p1a: Oinkologne\n|-immune|p1a: Oinkologne\n|cant|p1a: Oinkologne|slp\n|\n|upkeep\n|turn|24\n|inactive|Time left: 300 sec this turn | 300 sec total\n|\n|t:|1783563911\n|move|p2a: Froslass|Will-O-Wisp||[still]\n|-fail|p2a: Froslass\n|-curestatus|p1a: Oinkologne|slp|[msg]\n|move|p1a: Oinkologne|Curse|p1a: Oinkologne\n|-unboost|p1a: Oinkologne|spe|1\n|-boost|p1a: Oinkologne|atk|1\n|-boost|p1a: Oinkologne|def|1\n|\n|upkeep\n|turn|25\n|inactive|Time left: 300 sec this turn | 300 sec total\n|\n|t:|1783563911\n|move|p2a: Froslass|Will-O-Wisp|p1a: Oinkologne\n|-status|p1a: Oinkologne|brn\n|move|p1a: Oinkologne|Body Slam|p2a: Froslass\n|-immune|p2a: Froslass\n|\n|-damage|p1a: Oinkologne|339/361 brn|[from] brn\n|upkeep\n|turn|26\n|inactive|Time left: 300 sec this turn | 300 sec total\n|\n|t:|1783563912\n|move|p2a: Froslass|Triple Axel|p1a: Oinkologne\n|-damage|p1a: Oinkologne|335/361 brn\n|-damage|p1a: Oinkologne|329/361 brn\n|-damage|p1a: Oinkologne|320/361 brn\n|-hitcount|p1a: Oinkologne|3\n|move|p1a: Oinkologne|Body Slam|p2a: Froslass\n|-immune|p2a: Froslass\n|\n|-heal|p1a: Oinkologne|342/361 brn|[from] item: Leftovers\n|-damage|p1a: Oinkologne|320/361 brn|[from] brn\n|upkeep\n|turn|27\n|inactive|Time left: 300 sec this turn | 300 sec total\n|\n|t:|1783563913\n|move|p2a: Froslass|Triple Axel|p1a: Oinkologne\n|-damage|p1a: Oinkologne|317/361 brn\n|-damage|p1a: Oinkologne|311/361 brn\n|-damage|p1a: Oinkologne|302/361 brn\n|-hitcount|p1a: Oinkologne|3\n|move|p1a: Oinkologne|Body Slam|p2a: Froslass\n|-immune|p2a: Froslass\n|\n|-heal|p1a: Oinkologne|324/361 brn|[from] item: Leftovers\n|-damage|p1a: Oinkologne|302/361 brn|[from] brn\n|upkeep\n|turn|28\n|inactive|Time left: 300 sec this turn | 300 sec total\n|\n|t:|1783563914\n|move|p2a: Froslass|Triple Axel|p1a: Oinkologne\n|-damage|p1a: Oinkologne|299/361 brn\n|-damage|p1a: Oinkologne|293/361 brn\n|-damage|p1a: Oinkologne|283/361 brn\n|-hitcount|p1a: Oinkologne|3\n|move|p1a: Oinkologne|Body Slam|p2a: Froslass\n|-immune|p2a: Froslass\n|\n|-heal|p1a: Oinkologne|305/361 brn|[from] item: Leftovers\n|-damage|p1a: Oinkologne|283/361 brn|[from] brn\n|upkeep\n|turn|29\n|inactive|Time left: 300 sec this turn | 300 sec total\n|\n|t:|1783563914\n|move|p2a: Froslass|Destiny Bond|p2a: Froslass\n|-singlemove|p2a: Froslass|Destiny Bond\n|move|p1a: Oinkologne|Body Slam|p2a: Froslass\n|-immune|p2a: Froslass\n|\n|-heal|p1a: Oinkologne|305/361 brn|[from] item: Leftovers\n|-damage|p1a: Oinkologne|283/361 brn|[from] brn\n|upkeep\n|turn|30\n|inactive|Time left: 300 sec this turn | 300 sec total\n|\n|t:|1783563915\n|move|p2a: Froslass|Triple Axel|p1a: Oinkologne\n|-damage|p1a: Oinkologne|280/361 brn\n|-damage|p1a: Oinkologne|274/361 brn\n|-damage|p1a: Oinkologne|265/361 brn\n|-hitcount|p1a: Oinkologne|3\n|move|p1a: Oinkologne|Rest|p1a: Oinkologne\n|-status|p1a: Oinkologne|slp|[from] move: Rest\n|-heal|p1a: Oinkologne|361/361 slp|[silent]\n|\n|upkeep\n|turn|31\n|inactive|Time left: 300 sec this turn | 300 sec total\n|\n|t:|1783563916\n|move|p2a: Froslass|Poltergeist|p1a: Oinkologne\n|-immune|p1a: Oinkologne\n|cant|p1a: Oinkologne|slp\n|\n|upkeep\n|turn|32\n|inactive|Time left: 300 sec this turn | 300 sec total\n|\n|t:|1783563917\n|move|p2a: Froslass|Will-O-Wisp||[still]\n|-fail|p2a: Froslass\n|cant|p1a: Oinkologne|slp\n|move|p1a: Oinkologne|Sleep Talk|p1a: Oinkologne\n|move|p1a: Oinkologne|Rest||[from] move: Sleep Talk|[still]\n|-fail|p1a: Oinkologne\n|\n|upkeep\n|turn|33\n|inactive|Time left: 300 sec this turn | 300 sec total\n|\n|t:|1783563918\n|move|p2a: Froslass|Triple Axel|p1a: Oinkologne\n|-damage|p1a: Oinkologne|358/361 slp\n|-damage|p1a: Oinkologne|352/361 slp\n|-crit|p1a: Oinkologne\n|-damage|p1a: Oinkologne|304/361 slp\n|-hitcount|p1a: Oinkologne|3\n|-curestatus|p1a: Oinkologne|slp|[msg]\n|move|p1a: Oinkologne|Body Slam|p2a: Froslass\n|-immune|p2a: Froslass\n|\n|-heal|p1a: Oinkologne|326/361|[from] item: Leftovers\n|upkeep\n|turn|34\n|inactive|Time left: 300 sec this turn | 300 sec total\n|\n|t:|1783563919\n|move|p2a: Froslass|Will-O-Wisp|p1a: Oinkologne\n|-status|p1a: Oinkologne|brn\n|move|p1a: Oinkologne|Body Slam|p2a: Froslass\n|-immune|p2a: Froslass\n|\n|-heal|p1a: Oinkologne|348/361 brn|[from] item: Leftovers\n|-damage|p1a: Oinkologne|326/361 brn|[from] brn\n|upkeep\n|turn|35\n|inactive|Time left: 300 sec this turn | 300 sec total\n|\n|t:|1783563920\n|move|p2a: Froslass|Triple Axel|p1a: Oinkologne\n|-damage|p1a: Oinkologne|323/361 brn\n|-damage|p1a: Oinkologne|317/361 brn\n|-damage|p1a: Oinkologne|310/361 brn\n|-hitcount|p1a: Oinkologne|3\n|move|p1a: Oinkologne|Body Slam|p2a: Froslass\n|-immune|p2a: Froslass\n|\n|-heal|p1a: Oinkologne|332/361 brn|[from] item: Leftovers\n|-damage|p1a: Oinkologne|310/361 brn|[from] brn\n|upkeep\n|turn|36\n|inactive|Time left: 300 sec this turn | 300 sec total\n|\n|t:|1783563921\n|move|p2a: Froslass|Will-O-Wisp|p1a: Oinkologne\n|-fail|p1a: Oinkologne|brn\n|move|p1a: Oinkologne|Body Slam|p2a: Froslass\n|-immune|p2a: Froslass\n|\n|-heal|p1a: Oinkologne|332/361 brn|[from] item: Leftovers\n|-damage|p1a: Oinkologne|310/361 brn|[from] brn\n|upkeep\n|turn|37\n|inactive|Time left: 300 sec this turn | 300 sec total\n|\n|t:|1783563922\n|move|p2a: Froslass|Will-O-Wisp|p1a: Oinkologne\n|-fail|p1a: Oinkologne|brn\n|move|p1a: Oinkologne|Rest|p1a: Oinkologne\n|-status|p1a: Oinkologne|slp|[from] move: Rest\n|-heal|p1a: Oinkologne|361/361 slp|[silent]\n|\n|upkeep\n|turn|38\n|inactive|Time left: 300 sec this turn | 300 sec total\n|\n|t:|1783563923\n|move|p2a: Froslass|Will-O-Wisp|p1a: Oinkologne|[miss]\n|-miss|p2a: Froslass|p1a: Oinkologne\n|cant|p1a: Oinkologne|slp\n|\n|upkeep\n|turn|39\n|inactive|Time left: 300 sec this turn | 300 sec total\n|\n|t:|1783563924\n|move|p2a: Froslass|Will-O-Wisp||[still]\n|-fail|p2a: Froslass\n|cant|p1a: Oinkologne|slp\n|\n|upkeep\n|turn|40\n|inactive|Time left: 300 sec this turn | 300 sec total\n|\n|t:|1783563925\n|move|p2a: Froslass|Destiny Bond|p2a: Froslass\n|-singlemove|p2a: Froslass|Destiny Bond\n|-curestatus|p1a: Oinkologne|slp|[msg]\n|move|p1a: Oinkologne|Body Slam|p2a: Froslass\n|-immune|p2a: Froslass\n|\n|upkeep\n|turn|41\n|inactive|Time left: 300 sec this turn | 300 sec total\n|\n|t:|1783563926\n|move|p2a: Froslass|Will-O-Wisp|p1a: Oinkologne\n|-status|p1a: Oinkologne|brn\n|move|p1a: Oinkologne|Body Slam|p2a: Froslass\n|-immune|p2a: Froslass\n|\n|-damage|p1a: Oinkologne|339/361 brn|[from] brn\n|upkeep\n|turn|42\n|inactive|Time left: 300 sec this turn | 300 sec total\n|\n|t:|1783563928\n|move|p2a: Froslass|Triple Axel|p1a: Oinkologne\n|-damage|p1a: Oinkologne|336/361 brn\n|-crit|p1a: Oinkologne\n|-damage|p1a: Oinkologne|302/361 brn\n|-damage|p1a: Oinkologne|293/361 brn\n|-hitcount|p1a: Oinkologne|3\n|move|p1a: Oinkologne|Body Slam|p2a: Froslass\n|-immune|p2a: Froslass\n|\n|-heal|p1a: Oinkologne|315/361 brn|[from] item: Leftovers\n|-damage|p1a: Oinkologne|293/361 brn|[from] brn\n|upkeep\n|turn|43\n|inactive|Time left: 300 sec this turn | 300 sec total\n|\n|t:|1783563929\n|move|p2a: Froslass|Poltergeist|p1a: Oinkologne\n|-immune|p1a: Oinkologne\n|move|p1a: Oinkologne|Rest|p1a: Oinkologne\n|-status|p1a: Oinkologne|slp|[from] move: Rest\n|-heal|p1a: Oinkologne|361/361 slp|[silent]\n|\n|upkeep\n|turn|44\n|inactive|Time left: 300 sec this turn | 300 sec total\n|\n|t:|1783563930\n|move|p2a: Froslass|Triple Axel|p1a: Oinkologne\n|-damage|p1a: Oinkologne|358/361 slp\n|-damage|p1a: Oinkologne|352/361 slp\n|-damage|p1a: Oinkologne|342/361 slp\n|-hitcount|p1a: Oinkologne|3\n|cant|p1a: Oinkologne|slp\n|\n|-heal|p1a: Oinkologne|361/361 slp|[from] item: Leftovers\n|upkeep\n|turn|45\n|inactive|Time left: 300 sec this turn | 300 sec total\n|\n|t:|1783563931\n|move|p2a: Froslass|Triple Axel|p1a: Oinkologne\n|-damage|p1a: Oinkologne|358/361 slp\n|-damage|p1a: Oinkologne|352/361 slp\n|-crit|p1a: Oinkologne\n|-damage|p1a: Oinkologne|307/361 slp\n|-hitcount|p1a: Oinkologne|3\n|cant|p1a: Oinkologne|slp\n|move|p1a: Oinkologne|Sleep Talk|p1a: Oinkologne\n|move|p1a: Oinkologne|Body Slam|p2a: Froslass|[from] move: Sleep Talk\n|-immune|p2a: Froslass\n|\n|-heal|p1a: Oinkologne|329/361 slp|[from] item: Leftovers\n|upkeep\n|turn|46\n|inactive|Time left: 300 sec this turn | 300 sec total\n|\n|t:|1783563932\n|move|p2a: Froslass|Triple Axel|p1a: Oinkologne\n|-damage|p1a: Oinkologne|326/361 slp\n|-damage|p1a: Oinkologne|320/361 slp\n|-damage|p1a: Oinkologne|311/361 slp\n|-hitcount|p1a: Oinkologne|3\n|-curestatus|p1a: Oinkologne|slp|[msg]\n|move|p1a: Oinkologne|Sleep Talk||[still]\n|-fail|p1a: Oinkologne\n|\n|-heal|p1a: Oinkologne|333/361|[from] item: Leftovers\n|upkeep\n|turn|47\n|inactive|Time left: 300 sec this turn | 300 sec total\n|\n|t:|1783563933\n|move|p2a: Froslass|Will-O-Wisp|p1a: Oinkologne\n|-status|p1a: Oinkologne|brn\n|move|p1a: Oinkologne|Body Slam|p2a: Froslass\n|-immune|p2a: Froslass\n|\n|-heal|p1a: Oinkologne|355/361 brn|[from] item: Leftovers\n|-damage|p1a: Oinkologne|333/361 brn|[from] brn\n|upkeep\n|turn|48\n|inactive|Time left: 300 sec this turn | 300 sec total\n|\n|t:|1783563934\n|move|p2a: Froslass|Will-O-Wisp|p1a: Oinkologne\n|-fail|p1a: Oinkologne|brn\n|move|p1a: Oinkologne|Body Slam|p2a: Froslass\n|-immune|p2a: Froslass\n|\n|-heal|p1a: Oinkologne|355/361 brn|[from] item: Leftovers\n|-damage|p1a: Oinkologne|333/361 brn|[from] brn\n|upkeep\n|turn|49\n|inactive|Time left: 300 sec this turn | 300 sec total\n|\n|t:|1783563935\n|move|p2a: Froslass|Will-O-Wisp|p1a: Oinkologne\n|-fail|p1a: Oinkologne|brn\n|move|p1a: Oinkologne|Body Slam|p2a: Froslass\n|-immune|p2a: Froslass\n|\n|-heal|p1a: Oinkologne|355/361 brn|[from] item: Leftovers\n|-damage|p1a: Oinkologne|333/361 brn|[from] brn\n|upkeep\n|turn|50\n|inactive|Time left: 300 sec this turn | 300 sec total\n|\n|t:|1783563936\n|move|p2a: Froslass|Triple Axel|p1a: Oinkologne\n|-damage|p1a: Oinkologne|330/361 brn\n|-damage|p1a: Oinkologne|324/361 brn\n|-damage|p1a: Oinkologne|315/361 brn\n|-hitcount|p1a: Oinkologne|3\n|move|p1a: Oinkologne|Rest|p1a: Oinkologne\n|-status|p1a: Oinkologne|slp|[from] move: Rest\n|-heal|p1a: Oinkologne|361/361 slp|[silent]\n|\n|upkeep\n|turn|51\n|inactive|Time left: 300 sec this turn | 300 sec total\n|\n|t:|1783563937\n|move|p2a: Froslass|Will-O-Wisp||[still]\n|-fail|p2a: Froslass\n|cant|p1a: Oinkologne|slp\n|move|p1a: Oinkologne|Sleep Talk|p1a: Oinkologne\n|move|p1a: Oinkologne|Body Slam|p2a: Froslass|[from] move: Sleep Talk\n|-immune|p2a: Froslass\n|\n|upkeep\n|turn|52\n|inactive|Time left: 300 sec this turn | 300 sec total\n|\n|t:|1783563938\n|move|p2a: Froslass|Will-O-Wisp||[still]\n|-fail|p2a: Froslass\n|cant|p1a: Oinkologne|slp\n|move|p1a: Oinkologne|Sleep Talk|p1a: Oinkologne\n|move|p1a: Oinkologne|Rest||[from] move: Sleep Talk|[still]\n|-fail|p1a: Oinkologne\n|\n|upkeep\n|turn|53\n|inactive|Time left: 300 sec this turn | 300 sec total\n|\n|t:|1783563939\n|move|p2a: Froslass|Will-O-Wisp||[still]\n|-fail|p2a: Froslass\n|-curestatus|p1a: Oinkologne|slp|[msg]\n|move|p1a: Oinkologne|Body Slam|p2a: Froslass\n|-immune|p2a: Froslass\n|\n|upkeep\n|turn|54\n|inactive|Time left: 300 sec this turn | 300 sec total\n|\n|t:|1783563941\n|move|p2a: Froslass|Will-O-Wisp|p1a: Oinkologne\n|-status|p1a: Oinkologne|brn\n|move|p1a: Oinkologne|Body Slam|p2a: Froslass\n|-immune|p2a: Froslass\n|\n|-damage|p1a: Oinkologne|339/361 brn|[from] brn\n|upkeep\n|turn|55\n|inactive|Time left: 300 sec this turn | 300 sec total\n|\n|t:|1783563941\n|move|p2a: Froslass|Will-O-Wisp|p1a: Oinkologne\n|-fail|p1a: Oinkologne|brn\n|move|p1a: Oinkologne|Body Slam|p2a: Froslass\n|-immune|p2a: Froslass\n|\n|-heal|p1a: Oinkologne|361/361 brn|[from] item: Leftovers\n|-damage|p1a: Oinkologne|339/361 brn|[from] brn\n|upkeep\n|turn|56\n|inactive|Time left: 300 sec this turn | 300 sec total\n|\n|t:|1783563943\n|move|p2a: Froslass|Destiny Bond|p2a: Froslass\n|-singlemove|p2a: Froslass|Destiny Bond\n|move|p1a: Oinkologne|Body Slam|p2a: Froslass\n|-immune|p2a: Froslass\n|\n|-heal|p1a: Oinkologne|361/361 brn|[from] item: Leftovers\n|-damage|p1a: Oinkologne|339/361 brn|[from] brn\n|upkeep\n|turn|57\n|inactive|Time left: 300 sec this turn | 300 sec total\n|\n|t:|1783563944\n|move|p2a: Froslass|Will-O-Wisp|p1a: Oinkologne\n|-fail|p1a: Oinkologne|brn\n|move|p1a: Oinkologne|Body Slam|p2a: Froslass\n|-immune|p2a: Froslass\n|\n|-heal|p1a: Oinkologne|361/361 brn|[from] item: Leftovers\n|-damage|p1a: Oinkologne|339/361 brn|[from] brn\n|upkeep\n|turn|58\n|inactive|Time left: 300 sec this turn | 300 sec total\n|\n|t:|1783563945\n|move|p2a: Froslass|Destiny Bond|p2a: Froslass\n|-singlemove|p2a: Froslass|Destiny Bond\n|move|p1a: Oinkologne|Body Slam|p2a: Froslass\n|-immune|p2a: Froslass\n|\n|-heal|p1a: Oinkologne|361/361 brn|[from] item: Leftovers\n|-damage|p1a: Oinkologne|339/361 brn|[from] brn\n|upkeep\n|turn|59\n|inactive|Time left: 300 sec this turn | 300 sec total\n|\n|t:|1783563946\n|move|p2a: Froslass|Destiny Bond||[still]\n|-fail|p2a: Froslass\n|move|p1a: Oinkologne|Body Slam|p2a: Froslass\n|-immune|p2a: Froslass\n|\n|-heal|p1a: Oinkologne|361/361 brn|[from] item: Leftovers\n|-damage|p1a: Oinkologne|339/361 brn|[from] brn\n|upkeep\n|turn|60\n|inactive|Time left: 300 sec this turn | 300 sec total\n|\n|t:|1783563947\n|move|p2a: Froslass|Destiny Bond|p2a: Froslass\n|-singlemove|p2a: Froslass|Destiny Bond\n|move|p1a: Oinkologne|Curse|p1a: Oinkologne\n|\n|-heal|p1a: Oinkologne|361/361 brn|[from] item: Leftovers\n|-damage|p1a: Oinkologne|339/361 brn|[from] brn\n|upkeep\n|turn|61\n|inactive|Time left: 300 sec this turn | 300 sec total\n|\n|t:|1783563948\n|move|p2a: Froslass|Destiny Bond||[still]\n|-fail|p2a: Froslass\n|move|p1a: Oinkologne|Body Slam|p2a: Froslass\n|-immune|p2a: Froslass\n|\n|-heal|p1a: Oinkologne|361/361 brn|[from] item: Leftovers\n|-damage|p1a: Oinkologne|339/361 brn|[from] brn\n|upkeep\n|turn|62\n|inactive|Time left: 300 sec this turn | 300 sec total\n|\n|t:|1783563949\n|switch|p2a: Mudsdale|Mudsdale, L83, M|47/100\n|-activate|p2a: Mudsdale|move: Sticky Web\n|-unboost|p2a: Mudsdale|spe|1\n|move|p1a: Oinkologne|Rest|p1a: Oinkologne\n|-status|p1a: Oinkologne|slp|[from] move: Rest\n|-heal|p1a: Oinkologne|361/361 slp|[silent]\n|\n|-heal|p2a: Mudsdale|53/100|[from] item: Leftovers\n|upkeep\n|turn|63\n|inactive|Time left: 300 sec this turn | 300 sec total\n|\n|t:|1783563950\n|move|p2a: Mudsdale|Stealth Rock|p1a: Oinkologne\n|-sidestart|p1: p0x206210af|move: Stealth Rock\n|cant|p1a: Oinkologne|slp\n|move|p1a: Oinkologne|Sleep Talk|p1a: Oinkologne\n|move|p1a: Oinkologne|Body Slam|p2a: Mudsdale|[from] move: Sleep Talk\n|-crit|p2a: Mudsdale\n|-damage|p2a: Mudsdale|0 fnt\n|faint|p2a: Mudsdale\n|\n|upkeep\n|\n|t:|1783563951\n|switch|p2a: Froslass|Froslass, L87, F|42/100\n|-activate|p2a: Froslass|move: Sticky Web\n|-unboost|p2a: Froslass|spe|1\n|turn|64\n|inactive|Time left: 300 sec this turn | 300 sec total\n|\n|t:|1783563952\n|move|p2a: Froslass|Destiny Bond|p2a: Froslass\n|-singlemove|p2a: Froslass|Destiny Bond\n|cant|p1a: Oinkologne|slp\n|move|p1a: Oinkologne|Sleep Talk|p1a: Oinkologne\n|move|p1a: Oinkologne|Curse|p1a: Oinkologne|[from] move: Sleep Talk\n|\n|upkeep\n|turn|65\n|inactive|Time left: 300 sec this turn | 300 sec total\n|\n|t:|1783563953\n|move|p2a: Froslass|Will-O-Wisp||[still]\n|-fail|p2a: Froslass\n|-curestatus|p1a: Oinkologne|slp|[msg]\n|move|p1a: Oinkologne|Sleep Talk||[still]\n|-fail|p1a: Oinkologne\n|\n|upkeep\n|turn|66\n|inactive|Time left: 300 sec this turn | 300 sec total\n|\n|t:|1783563954\n|switch|p2a: Iron Bundle|Iron Bundle, L78|100/100\n|move|p1a: Oinkologne|Rest|p1a: Oinkologne\n|-fail|p1a: Oinkologne|heal\n|\n|upkeep\n|turn|67\n|inactive|Time left: 300 sec this turn | 300 sec total\n|\n|t:|1783563955\n|move|p2a: Iron Bundle|Freeze-Dry|p1a: Oinkologne\n|-damage|p1a: Oinkologne|325/361\n|move|p1a: Oinkologne|Sleep Talk||[still]\n|-fail|p1a: Oinkologne\n|\n|-heal|p1a: Oinkologne|347/361|[from] item: Leftovers\n|upkeep\n|turn|68\n|inactive|Time left: 300 sec this turn | 300 sec total\n|\n|t:|1783563956\n|move|p2a: Iron Bundle|Freeze-Dry|p1a: Oinkologne\n|-damage|p1a: Oinkologne|308/361\n|move|p1a: Oinkologne|Sleep Talk||[still]\n|-fail|p1a: Oinkologne\n|\n|-heal|p1a: Oinkologne|330/361|[from] item: Leftovers\n|upkeep\n|turn|69\n|inactive|Time left: 300 sec this turn | 300 sec total\n|\n|t:|1783563957\n|move|p2a: Iron Bundle|Hydro Pump|p1a: Oinkologne\n|-damage|p1a: Oinkologne|227/361\n|move|p1a: Oinkologne|Sleep Talk||[still]\n|-fail|p1a: Oinkologne\n|\n|-heal|p1a: Oinkologne|249/361|[from] item: Leftovers\n|upkeep\n|turn|70\n|inactive|Time left: 300 sec this turn | 300 sec total\n|\n|t:|1783563958\n|move|p2a: Iron Bundle|Hydro Pump|p1a: Oinkologne\n|-damage|p1a: Oinkologne|147/361\n|move|p1a: Oinkologne|Curse|p1a: Oinkologne\n|\n|-heal|p1a: Oinkologne|169/361|[from] item: Leftovers\n|upkeep\n|turn|71\n|inactive|Time left: 300 sec this turn | 300 sec total\n|\n|t:|1783563959\n|move|p2a: Iron Bundle|Hydro Pump|p1a: Oinkologne\n|-damage|p1a: Oinkologne|48/361\n|move|p1a: Oinkologne|Sleep Talk||[still]\n|-fail|p1a: Oinkologne\n|\n|-heal|p1a: Oinkologne|70/361|[from] item: Leftovers\n|upkeep\n|turn|72\n|inactive|Time left: 300 sec this turn | 300 sec total\n|\n|t:|1783563960\n|move|p2a: Iron Bundle|Freeze-Dry|p1a: Oinkologne\n|-damage|p1a: Oinkologne|36/361\n|move|p1a: Oinkologne|Curse|p1a: Oinkologne\n|\n|-heal|p1a: Oinkologne|58/361|[from] item: Leftovers\n|upkeep\n|turn|73\n|inactive|Time left: 300 sec this turn | 300 sec total\n|\n|t:|1783563961\n|move|p2a: Iron Bundle|Hydro Pump|p1a: Oinkologne\n|-crit|p1a: Oinkologne\n|-damage|p1a: Oinkologne|0 fnt\n|faint|p1a: Oinkologne\n|\n|upkeep\n|inactive|Time left: 300 sec this turn | 300 sec total | 5 sec grace\n|\n|t:|1783563962\n|switch|p1a: Shaymin|Shaymin, L82|298/298\n|-damage|p1a: Shaymin|261/298|[from] Stealth Rock\n|turn|74\n|inactive|Time left: 300 sec this turn | 300 sec total\n|\n|t:|1783563963\n|-terastallize|p2a: Iron Bundle|Ice\n|move|p2a: Iron Bundle|Freeze-Dry|p1a: Shaymin\n|-supereffective|p1a: Shaymin\n|-damage|p1a: Shaymin|53/298\n|move|p1a: Shaymin|Seed Flare|p2a: Iron Bundle\n|-damage|p2a: Iron Bundle|14/100\n|\n|-heal|p1a: Shaymin|71/298|[from] item: Leftovers\n|upkeep\n|turn|75\n|inactive|Time left: 300 sec this turn | 300 sec total\n|\n|t:|1783563964\n|-terastallize|p1a: Shaymin|Steel\n|move|p2a: Iron Bundle|Freeze-Dry|p1a: Shaymin\n|-resisted|p1a: Shaymin\n|-damage|p1a: Shaymin|20/298\n|move|p1a: Shaymin|Seed Flare|p2a: Iron Bundle\n|-damage|p2a: Iron Bundle|0 fnt\n|faint|p2a: Iron Bundle\n|-end|p2a: Iron Bundle|Quark Drive|[silent]\n|\n|-heal|p1a: Shaymin|38/298|[from] item: Leftovers\n|upkeep\n|\n|t:|1783563965\n|switch|p2a: Mew|Mew, L82|100/100\n|-activate|p2a: Mew|move: Sticky Web\n|-unboost|p2a: Mew|spe|1\n|turn|76\n|inactive|Time left: 300 sec this turn | 300 sec total\n|\n|t:|1783563966\n|move|p1a: Shaymin|Seed Flare|p2a: Mew|[miss]\n|-miss|p1a: Shaymin|p2a: Mew\n|move|p2a: Mew|Swords Dance|p2a: Mew\n|-boost|p2a: Mew|atk|2\n|\n|-heal|p1a: Shaymin|56/298|[from] item: Leftovers\n|upkeep\n|turn|77\n|inactive|Time left: 300 sec this turn | 300 sec total\n|\n|t:|1783563967\n|move|p1a: Shaymin|Seed Flare|p2a: Mew\n|-damage|p2a: Mew|60/100\n|-unboost|p2a: Mew|spd|2\n|move|p2a: Mew|Leech Life|p1a: Shaymin\n|-resisted|p1a: Shaymin\n|-damage|p1a: Shaymin|0 fnt\n|-heal|p2a: Mew|70/100|[from] drain|[of] p1a: Shaymin\n|faint|p1a: Shaymin\n|-damage|p2a: Mew|60/100|[from] item: Life Orb\n|\n|upkeep\n|inactive|Time left: 300 sec this turn | 300 sec total | 5 sec grace\n|\n|t:|1783563968\n|switch|p1a: Noivern|Noivern, L82, F|274/274\n|-damage|p1a: Noivern|206/274|[from] Stealth Rock\n|turn|78\n|inactive|Time left: 300 sec this turn | 300 sec total\n|\n|t:|1783563969\n|switch|p2a: Froslass|Froslass, L87, F|42/100\n|-activate|p2a: Froslass|move: Sticky Web\n|-unboost|p2a: Froslass|spe|1\n|move|p1a: Noivern|Draco Meteor|p2a: Froslass\n|-damage|p2a: Froslass|0 fnt\n|-unboost|p1a: Noivern|spa|2\n|faint|p2a: Froslass\n|\n|upkeep\n|\n|t:|1783563969\n|switch|p2a: Mew|Mew, L82|60/100\n|-activate|p2a: Mew|move: Sticky Web\n|-unboost|p2a: Mew|spe|1\n|turn|79\n|inactive|Time left: 300 sec this turn | 300 sec total\n|\n|t:|1783563970\n|move|p1a: Noivern|Draco Meteor|p2a: Mew\n|-crit|p2a: Mew\n|-damage|p2a: Mew|0 fnt\n|-unboost|p1a: Noivern|spa|2\n|faint|p2a: Mew\n|\n|win|p0x206210af", "uploadtime": 1783563970, "views": 0, "rating": 0, "private": 0, "password": null, "_winner": "p0x206210af", "_our_name": "p0x206210af"}