{"id": "battle-gen9randombattle-18", "formatid": "gen9randombattle", "format": "[Gen 9] Random Battle", "players": ["p0x018908b", "p0y0189083"], "log": "|init|battle\n|title|p0x018908b vs. p0y0189083\n|j|\u2606p0x018908b\n|j|\u2606p0y0189083\n|t:|1783533481\n|gametype|singles\n|player|p1|p0x018908b|170|\n|player|p2|p0y0189083|101|\n|gen|9\n|tier|[Gen 9] Random Battle\n|rule|Species Clause: Limit one of each Pok\u00e9mon\n|rule|HP Percentage Mod: HP is shown in percentages\n|rule|Sleep Clause Mod: Limit one foe put to sleep\n|rule|Illusion Level Mod: Illusion disguises the Pok\u00e9mon's true level\n|\n|t:|1783533481\n|teamsize|p1|6\n|teamsize|p2|6\n|start\n|switch|p1a: Tauros|Tauros-Paldea-Blaze, L81, M|254/254\n|switch|p2a: Iron Treads|Iron Treads, L77|100/100\n|-ability|p1a: Tauros|Intimidate|boost\n|-unboost|p2a: Iron Treads|atk|1\n|turn|1\n|inactive|Battle timer is ON: inactive players will automatically lose when time's up. (requested by p0y0189083)\n|inactive|Time left: 300 sec this turn | 300 sec total | 60 sec grace\n|inactive|p0x018908b also wants the timer to be on.\n|\n|t:|1783533482\n|-end|p2a: Iron Treads|Quark Drive|[silent]\n|switch|p2a: Tornadus|Tornadus, L82, M|100/100\n|move|p1a: Tauros|Flare Blitz|p2a: Tornadus\n|-damage|p2a: Tornadus|10/100\n|-damage|p1a: Tauros|175/254|[from] Recoil\n|\n|upkeep\n|turn|2\n|inactive|Time left: 300 sec this turn | 300 sec total\n|\n|t:|1783533483\n|switch|p1a: Regice|Regice, L88|284/284\n|move|p2a: Tornadus|Bleakwind Storm|p1a: Regice\n|-damage|p1a: Regice|200/284\n|\n|upkeep\n|turn|3\n|inactive|Time left: 300 sec this turn | 300 sec total\n|\n|t:|1783533484\n|move|p2a: Tornadus|Bleakwind Storm|p1a: Regice\n|-damage|p1a: Regice|110/284\n|move|p1a: Regice|Ice Beam|p2a: Tornadus\n|-supereffective|p2a: Tornadus\n|-damage|p2a: Tornadus|0 fnt\n|faint|p2a: Tornadus\n|\n|upkeep\n|\n|t:|1783533485\n|switch|p2a: Iron Treads|Iron Treads, L77|100/100\n|turn|4\n|inactive|Time left: 300 sec this turn | 300 sec total\n|\n|t:|1783533486\n|switch|p1a: Vikavolt|Vikavolt, L83, F|263/263\n|move|p2a: Iron Treads|Earthquake|p1a: Vikavolt\n|-immune|p1a: Vikavolt|[from] ability: Levitate\n|\n|upkeep\n|turn|5\n|inactive|Time left: 300 sec this turn | 300 sec total\n|\n|t:|1783533487\n|move|p2a: Iron Treads|Knock Off|p1a: Vikavolt\n|-damage|p1a: Vikavolt|200/263\n|-enditem|p1a: Vikavolt|Heavy-Duty Boots|[from] move: Knock Off|[of] p2a: Iron Treads\n|move|p1a: Vikavolt|Sticky Web|p2a: Iron Treads\n|-sidestart|p2: p0y0189083|move: Sticky Web\n|\n|upkeep\n|turn|6\n|inactive|Time left: 300 sec this turn | 300 sec total\n|\n|t:|1783533487\n|move|p2a: Iron Treads|Rapid Spin|p1a: Vikavolt\n|-damage|p1a: Vikavolt|168/263\n|-boost|p2a: Iron Treads|spe|1\n|-sideend|p2: p0y0189083|Sticky Web|[from] move: Rapid Spin|[of] p2a: Iron Treads\n|move|p1a: Vikavolt|Sticky Web|p2a: Iron Treads\n|-sidestart|p2: p0y0189083|move: Sticky Web\n|\n|upkeep\n|turn|7\n|inactive|Time left: 300 sec this turn | 300 sec total\n|\n|t:|1783533488\n|move|p2a: Iron Treads|Rapid Spin|p1a: Vikavolt\n|-damage|p1a: Vikavolt|134/263\n|-boost|p2a: Iron Treads|spe|1\n|-sideend|p2: p0y0189083|Sticky Web|[from] move: Rapid Spin|[of] p2a: Iron Treads\n|move|p1a: Vikavolt|Sticky Web|p2a: Iron Treads\n|-sidestart|p2: p0y0189083|move: Sticky Web\n|\n|upkeep\n|turn|8\n|inactive|Time left: 300 sec this turn | 300 sec total\n|\n|t:|1783533489\n|move|p2a: Iron Treads|Rapid Spin|p1a: Vikavolt\n|-damage|p1a: Vikavolt|101/263\n|-boost|p2a: Iron Treads|spe|1\n|-sideend|p2: p0y0189083|Sticky Web|[from] move: Rapid Spin|[of] p2a: Iron Treads\n|move|p1a: Vikavolt|Bug Buzz|p2a: Iron Treads\n|-resisted|p2a: Iron Treads\n|-damage|p2a: Iron Treads|80/100\n|\n|upkeep\n|turn|9\n|inactive|Time left: 300 sec this turn | 300 sec total\n|\n|t:|1783533490\n|move|p2a: Iron Treads|Iron Head|p1a: Vikavolt\n|-resisted|p1a: Vikavolt\n|-damage|p1a: Vikavolt|59/263\n|move|p1a: Vikavolt|Sticky Web|p2a: Iron Treads\n|-sidestart|p2: p0y0189083|move: Sticky Web\n|\n|upkeep\n|turn|10\n|inactive|Time left: 300 sec this turn | 300 sec total\n|\n|t:|1783533491\n|switch|p1a: Tauros|Tauros-Paldea-Blaze, L81, M|175/254\n|-ability|p1a: Tauros|Intimidate|boost\n|-unboost|p2a: Iron Treads|atk|1\n|move|p2a: Iron Treads|Rapid Spin|p1a: Tauros\n|-damage|p1a: Tauros|155/254\n|-boost|p2a: Iron Treads|spe|1\n|-sideend|p2: p0y0189083|Sticky Web|[from] move: Rapid Spin|[of] p2a: Iron Treads\n|\n|upkeep\n|turn|11\n|inactive|Time left: 300 sec this turn | 300 sec total\n|\n|t:|1783533492\n|move|p2a: Iron Treads|Earthquake|p1a: Tauros\n|-supereffective|p1a: Tauros\n|-damage|p1a: Tauros|23/254\n|move|p1a: Tauros|Flare Blitz|p2a: Iron Treads\n|-supereffective|p2a: Iron Treads\n|-damage|p2a: Iron Treads|0 fnt\n|faint|p2a: Iron Treads\n|-end|p2a: Iron Treads|Quark Drive|[silent]\n|-damage|p1a: Tauros|0 fnt|[from] Recoil\n|faint|p1a: Tauros\n|\n|upkeep\n|inactive|Time left: 300 sec this turn | 300 sec total | 5 sec grace\n|\n|t:|1783533493\n|switch|p1a: Rampardos|Rampardos, L90, F|321/321\n|switch|p2a: Dunsparce|Dunsparce, L86, F|100/100\n|turn|12\n|inactive|Time left: 300 sec this turn | 300 sec total\n|\n|t:|1783533494\n|move|p1a: Rampardos|Rock Slide|p2a: Dunsparce\n|-damage|p2a: Dunsparce|57/100\n|move|p2a: Dunsparce|Coil|p2a: Dunsparce\n|-boost|p2a: Dunsparce|atk|1\n|-boost|p2a: Dunsparce|def|1\n|-boost|p2a: Dunsparce|accuracy|1\n|\n|upkeep\n|turn|13\n|inactive|Time left: 300 sec this turn | 300 sec total\n|\n|t:|1783533495\n|move|p1a: Rampardos|Rock Slide|p2a: Dunsparce\n|-damage|p2a: Dunsparce|26/100\n|move|p2a: Dunsparce|Roost|p2a: Dunsparce\n|-heal|p2a: Dunsparce|76/100\n|-singleturn|p2a: Dunsparce|move: Roost\n|\n|upkeep\n|turn|14\n|inactive|Time left: 300 sec this turn | 300 sec total\n|\n|t:|1783533496\n|move|p1a: Rampardos|Rock Slide|p2a: Dunsparce\n|-damage|p2a: Dunsparce|46/100\n|move|p2a: Dunsparce|Coil|p2a: Dunsparce\n|-boost|p2a: Dunsparce|atk|1\n|-boost|p2a: Dunsparce|def|1\n|-boost|p2a: Dunsparce|accuracy|1\n|\n|upkeep\n|turn|15\n|inactive|Time left: 300 sec this turn | 300 sec total\n|\n|t:|1783533497\n|move|p1a: Rampardos|Rock Slide|p2a: Dunsparce\n|-damage|p2a: Dunsparce|23/100\n|move|p2a: Dunsparce|Roost|p2a: Dunsparce\n|-heal|p2a: Dunsparce|73/100\n|-singleturn|p2a: Dunsparce|move: Roost\n|\n|upkeep\n|turn|16\n|inactive|Time left: 300 sec this turn | 300 sec total\n|\n|t:|1783533498\n|switch|p1a: Vikavolt|Vikavolt, L83, F|59/263\n|move|p2a: Dunsparce|Body Slam|p1a: Vikavolt\n|-damage|p1a: Vikavolt|0 fnt\n|faint|p1a: Vikavolt\n|\n|upkeep\n|inactive|Time left: 300 sec this turn | 300 sec total | 5 sec grace\n|\n|t:|1783533499\n|switch|p1a: Regice|Regice, L88|110/284\n|turn|17\n|inactive|Time left: 300 sec this turn | 300 sec total\n|\n|t:|1783533500\n|move|p1a: Regice|Thunder Wave|p2a: Dunsparce\n|-status|p2a: Dunsparce|par\n|cant|p2a: Dunsparce|par\n|\n|upkeep\n|turn|18\n|inactive|Time left: 300 sec this turn | 300 sec total\n|\n|t:|1783533501\n|move|p1a: Regice|Ice Beam|p2a: Dunsparce\n|-damage|p2a: Dunsparce|42/100 par\n|cant|p2a: Dunsparce|par\n|\n|upkeep\n|turn|19\n|inactive|Time left: 300 sec this turn | 300 sec total\n|\n|t:|1783533502\n|move|p1a: Regice|Ice Beam|p2a: Dunsparce\n|-damage|p2a: Dunsparce|14/100 par\n|cant|p2a: Dunsparce|par\n|\n|upkeep\n|turn|20\n|inactive|Time left: 300 sec this turn | 300 sec total\n|\n|t:|1783533503\n|move|p1a: Regice|Thunderbolt|p2a: Dunsparce\n|-damage|p2a: Dunsparce|0 fnt\n|faint|p2a: Dunsparce\n|\n|upkeep\n|\n|t:|1783533504\n|switch|p2a: Palafin|Palafin, L77, F|100/100\n|turn|21\n|inactive|Time left: 300 sec this turn | 300 sec total\n|\n|t:|1783533506\n|switch|p1a: Toxicroak|Toxicroak, L84, M|277/277\n|move|p2a: Palafin|Wave Crash|p1a: Toxicroak\n|-immune|p1a: Toxicroak|[from] ability: Dry Skin\n|\n|upkeep\n|turn|22\n|inactive|Time left: 300 sec this turn | 300 sec total\n|\n|t:|1783533507\n|detailschange|p2a: Palafin|Palafin-Hero, L77, F\n|switch|p2a: Whimsicott|Whimsicott, L84, F|100/100\n|move|p1a: Toxicroak|Close Combat|p2a: Whimsicott\n|-resisted|p2a: Whimsicott\n|-damage|p2a: Whimsicott|56/100\n|-unboost|p1a: Toxicroak|def|1\n|-unboost|p1a: Toxicroak|spd|1\n|\n|-heal|p2a: Whimsicott|61/100|[from] item: Leftovers\n|upkeep\n|turn|23\n|inactive|Time left: 300 sec this turn | 300 sec total\n|\n|t:|1783533508\n|move|p2a: Whimsicott|Moonblast|p1a: Toxicroak\n|-damage|p1a: Toxicroak|105/277\n|-unboost|p1a: Toxicroak|spa|1\n|move|p1a: Toxicroak|Close Combat|p2a: Whimsicott\n|-resisted|p2a: Whimsicott\n|-damage|p2a: Whimsicott|16/100\n|-unboost|p1a: Toxicroak|def|1\n|-unboost|p1a: Toxicroak|spd|1\n|\n|-heal|p2a: Whimsicott|22/100|[from] item: Leftovers\n|upkeep\n|turn|24\n|inactive|Time left: 300 sec this turn | 300 sec total\n|\n|t:|1783533509\n|move|p2a: Whimsicott|Moonblast|p1a: Toxicroak\n|-damage|p1a: Toxicroak|0 fnt\n|faint|p1a: Toxicroak\n|\n|-heal|p2a: Whimsicott|28/100|[from] item: Leftovers\n|upkeep\n|inactive|Time left: 300 sec this turn | 300 sec total | 5 sec grace\n|\n|t:|1783533510\n|switch|p1a: Rampardos|Rampardos, L90, F|321/321\n|turn|25\n|inactive|Time left: 300 sec this turn | 300 sec total\n|\n|t:|1783533511\n|move|p2a: Whimsicott|Moonblast|p1a: Rampardos\n|-damage|p1a: Rampardos|204/321\n|move|p1a: Rampardos|Rock Slide|p2a: Whimsicott\n|-damage|p2a: Whimsicott|0 fnt\n|faint|p2a: Whimsicott\n|\n|upkeep\n|\n|t:|1783533512\n|switch|p2a: Palafin|Palafin-Hero, L77, F|100/100\n|-activate|p2a: Palafin|ability: Zero to Hero\n|turn|26\n|inactive|Time left: 300 sec this turn | 300 sec total\n|\n|t:|1783533513\n|move|p2a: Palafin|Jet Punch|p1a: Rampardos\n|-supereffective|p1a: Rampardos\n|-damage|p1a: Rampardos|0 fnt\n|faint|p1a: Rampardos\n|\n|upkeep\n|inactive|Time left: 300 sec this turn | 300 sec total | 5 sec grace\n|\n|t:|1783533514\n|switch|p1a: Basculin|Basculin, L86, F|261/261\n|turn|27\n|inactive|Time left: 300 sec this turn | 300 sec total\n|\n|t:|1783533515\n|-terastallize|p1a: Basculin|Water\n|-terastallize|p2a: Palafin|Water\n|move|p2a: Palafin|Jet Punch|p1a: Basculin\n|-resisted|p1a: Basculin\n|-damage|p1a: Basculin|163/261\n|move|p1a: Basculin|Wave Crash|p2a: Palafin\n|-resisted|p2a: Palafin\n|-crit|p2a: Palafin\n|-damage|p2a: Palafin|25/100\n|-damage|p1a: Basculin|93/261|[from] Recoil\n|\n|upkeep\n|turn|28\n|inactive|Time left: 300 sec this turn | 300 sec total\n|\n|t:|1783533516\n|move|p2a: Palafin|Jet Punch|p1a: Basculin\n|-resisted|p1a: Basculin\n|-damage|p1a: Basculin|0 fnt\n|faint|p1a: Basculin\n|\n|upkeep\n|inactive|Time left: 300 sec this turn | 300 sec total | 5 sec grace\n|\n|t:|1783533517\n|switch|p1a: Regice|Regice, L88|110/284\n|turn|29\n|inactive|Time left: 300 sec this turn | 300 sec total\n|\n|t:|1783533518\n|move|p2a: Palafin|Jet Punch|p1a: Regice\n|-damage|p1a: Regice|0 fnt\n|faint|p1a: Regice\n|\n|win|p0y0189083", "uploadtime": 1783533518, "views": 0, "rating": 0, "private": 0, "password": null, "_winner": "p0y0189083", "_our_name": "p0x018908b"}