{"id": "battle-gen9randombattle-1348", "formatid": "gen9randombattle", "format": "[Gen 9] Random Battle", "players": ["p0x13489470", "p0y13480566"], "log": "|init|battle\n|title|p0x13489470 vs. p0y13480566\n|j|\u2606p0x13489470\n|j|\u2606p0y13480566\n|t:|1783554764\n|gametype|singles\n|player|p1|p0x13489470|1|\n|player|p2|p0y13480566|170|\n|gen|9\n|tier|[Gen 9] Random Battle\n|rule|Species Clause: Limit one of each Pok\u00e9mon\n|rule|HP Percentage Mod: HP is shown in percentages\n|rule|Sleep Clause Mod: Limit one foe put to sleep\n|rule|Illusion Level Mod: Illusion disguises the Pok\u00e9mon's true level\n|\n|t:|1783554764\n|teamsize|p1|6\n|teamsize|p2|6\n|start\n|switch|p1a: Lugia|Lugia, L73|275/275\n|switch|p2a: Seviper|Seviper, L93, M|100/100\n|turn|1\n|inactive|Battle timer is ON: inactive players will automatically lose when time's up. (requested by p0x13489470)\n|\n|t:|1783554766\n|move|p2a: Seviper|Gunk Shot|p1a: Lugia|[miss]\n|-miss|p2a: Seviper|p1a: Lugia\n|move|p1a: Lugia|Calm Mind|p1a: Lugia\n|-boost|p1a: Lugia|spa|1\n|-boost|p1a: Lugia|spd|1\n|\n|upkeep\n|turn|2\n|inactive|Time left: 300 sec this turn | 300 sec total\n|inactive|p0y13480566 also wants the timer to be on.\n|\n|t:|1783554767\n|move|p2a: Seviper|Gunk Shot|p1a: Lugia\n|-damage|p1a: Lugia|207/275\n|-status|p1a: Lugia|psn\n|move|p1a: Lugia|Calm Mind|p1a: Lugia\n|-boost|p1a: Lugia|spa|1\n|-boost|p1a: Lugia|spd|1\n|\n|-damage|p1a: Lugia|173/275 psn|[from] psn\n|upkeep\n|turn|3\n|inactive|Time left: 300 sec this turn | 300 sec total\n|\n|t:|1783554768\n|move|p2a: Seviper|Gunk Shot|p1a: Lugia\n|-damage|p1a: Lugia|29/275 psn\n|move|p1a: Lugia|Aeroblast|p2a: Seviper\n|-damage|p2a: Seviper|41/100\n|\n|-damage|p1a: Lugia|0 fnt|[from] psn\n|faint|p1a: Lugia\n|upkeep\n|inactive|Time left: 300 sec this turn | 300 sec total | 5 sec grace\n|\n|t:|1783554769\n|switch|p1a: Great Tusk|Great Tusk, L77|304/304\n|turn|4\n|inactive|Time left: 300 sec this turn | 300 sec total\n|\n|t:|1783554771\n|move|p2a: Seviper|Gunk Shot|p1a: Great Tusk\n|-resisted|p1a: Great Tusk\n|-damage|p1a: Great Tusk|238/304\n|move|p1a: Great Tusk|Earthquake|p2a: Seviper\n|-supereffective|p2a: Seviper\n|-damage|p2a: Seviper|0 fnt\n|faint|p2a: Seviper\n|\n|-heal|p1a: Great Tusk|257/304|[from] item: Leftovers\n|upkeep\n|\n|t:|1783554772\n|switch|p2a: Wugtrio|Wugtrio, L91, M|100/100\n|turn|5\n|inactive|Time left: 300 sec this turn | 300 sec total\n|\n|t:|1783554773\n|move|p2a: Wugtrio|Liquidation|p1a: Great Tusk\n|-supereffective|p1a: Great Tusk\n|-damage|p1a: Great Tusk|5/304\n|move|p1a: Great Tusk|Earthquake|p2a: Wugtrio\n|-damage|p2a: Wugtrio|23/100\n|\n|-heal|p1a: Great Tusk|24/304|[from] item: Leftovers\n|upkeep\n|turn|6\n|inactive|Time left: 300 sec this turn | 300 sec total\n|\n|t:|1783554775\n|move|p2a: Wugtrio|Liquidation|p1a: Great Tusk\n|-supereffective|p1a: Great Tusk\n|-damage|p1a: Great Tusk|0 fnt\n|faint|p1a: Great Tusk\n|-end|p1a: Great Tusk|Protosynthesis|[silent]\n|\n|upkeep\n|inactive|Time left: 300 sec this turn | 300 sec total | 5 sec grace\n|\n|t:|1783554776\n|switch|p1a: Eelektross|Eelektross, L87, F|290/290\n|turn|7\n|inactive|Time left: 300 sec this turn | 300 sec total\n|\n|t:|1783554777\n|move|p2a: Wugtrio|Liquidation|p1a: Eelektross\n|-damage|p1a: Eelektross|119/290\n|-unboost|p1a: Eelektross|def|1\n|move|p1a: Eelektross|U-turn|p2a: Wugtrio\n|-damage|p2a: Wugtrio|0 fnt\n|-ability|p2a: Wugtrio|Gooey\n|-unboost|p1a: Eelektross|spe|1\n|faint|p2a: Wugtrio\n|inactive|Time left: 300 sec this turn | 300 sec total | 5 sec grace\n|\n|t:|1783554778\n|switch|p1a: Gardevoir|Gardevoir, L83, M|249/249|[from] U-turn\n|\n|upkeep\n|\n|t:|1783554779\n|switch|p2a: Smeargle|Smeargle, L95, F|100/100\n|-ability|p1a: Gardevoir|Own Tempo|Trace|[from] ability: Trace|[of] p2a: Smeargle\n|turn|8\n|inactive|Time left: 300 sec this turn | 300 sec total\n|\n|t:|1783554780\n|move|p2a: Smeargle|Spore|p1a: Gardevoir\n|-status|p1a: Gardevoir|slp|[from] move: Spore\n|cant|p1a: Gardevoir|slp\n|\n|upkeep\n|turn|9\n|inactive|Time left: 300 sec this turn | 300 sec total\n|\n|t:|1783554781\n|move|p2a: Smeargle|Sticky Web|p1a: Gardevoir\n|-sidestart|p1: p0x13489470|move: Sticky Web\n|cant|p1a: Gardevoir|slp\n|\n|upkeep\n|turn|10\n|inactive|Time left: 300 sec this turn | 300 sec total\n|\n|t:|1783554782\n|switch|p2a: Lanturn|Lanturn, L89, M|100/100\n|cant|p1a: Gardevoir|slp\n|\n|upkeep\n|turn|11\n|inactive|Time left: 300 sec this turn | 300 sec total\n|\n|t:|1783554784\n|-curestatus|p1a: Gardevoir|slp|[msg]\n|move|p1a: Gardevoir|Calm Mind|p1a: Gardevoir\n|-boost|p1a: Gardevoir|spa|1\n|-boost|p1a: Gardevoir|spd|1\n|move|p2a: Lanturn|Scald|p1a: Gardevoir\n|-damage|p1a: Gardevoir|201/249\n|\n|upkeep\n|turn|12\n|inactive|Time left: 300 sec this turn | 300 sec total\n|\n|t:|1783554785\n|move|p1a: Gardevoir|Moonblast|p2a: Lanturn\n|-damage|p2a: Lanturn|36/100\n|-unboost|p2a: Lanturn|spa|1\n|-damage|p1a: Gardevoir|177/249|[from] item: Life Orb\n|move|p2a: Lanturn|Thunder Wave|p1a: Gardevoir\n|-status|p1a: Gardevoir|par\n|\n|-heal|p2a: Lanturn|42/100|[from] item: Leftovers\n|upkeep\n|turn|13\n|inactive|Time left: 300 sec this turn | 300 sec total\n|\n|t:|1783554786\n|move|p2a: Lanturn|Ice Beam|p1a: Gardevoir\n|-damage|p1a: Gardevoir|155/249 par\n|move|p1a: Gardevoir|Psychic|p2a: Lanturn\n|-damage|p2a: Lanturn|0 fnt\n|faint|p2a: Lanturn\n|-damage|p1a: Gardevoir|131/249 par|[from] item: Life Orb\n|\n|upkeep\n|\n|t:|1783554788\n|switch|p2a: Jumpluff|Jumpluff, L87, M|100/100\n|turn|14\n|inactive|Time left: 300 sec this turn | 300 sec total\n|\n|t:|1783554789\n|move|p2a: Jumpluff|Acrobatics|p1a: Gardevoir\n|-damage|p1a: Gardevoir|32/249 par\n|move|p1a: Gardevoir|Mystical Fire|p2a: Jumpluff\n|-supereffective|p2a: Jumpluff\n|-damage|p2a: Jumpluff|22/100\n|-unboost|p2a: Jumpluff|spa|1\n|-damage|p1a: Gardevoir|8/249 par|[from] item: Life Orb\n|\n|upkeep\n|turn|15\n|inactive|Time left: 300 sec this turn | 300 sec total\n|\n|t:|1783554790\n|move|p2a: Jumpluff|U-turn|p1a: Gardevoir\n|-damage|p1a: Gardevoir|0 fnt\n|faint|p1a: Gardevoir\n|\n|t:|1783554791\n|switch|p2a: Glimmora|Glimmora, L75, F|100/100|[from] U-turn\n|\n|upkeep\n|inactive|Time left: 300 sec this turn | 300 sec total | 10 sec grace\n|\n|t:|1783554792\n|switch|p1a: Eelektross|Eelektross, L87, F|119/290\n|turn|16\n|inactive|Time left: 300 sec this turn | 300 sec total\n|\n|t:|1783554793\n|-terastallize|p1a: Eelektross|Steel\n|move|p2a: Glimmora|Meteor Beam||[still]\n|-prepare|p2a: Glimmora|Meteor Beam\n|-boost|p2a: Glimmora|spa|1\n|-enditem|p2a: Glimmora|Power Herb\n|-anim|p2a: Glimmora|Meteor Beam|p1a: Eelektross\n|-resisted|p1a: Eelektross\n|-damage|p1a: Eelektross|47/290\n|move|p1a: Eelektross|Discharge|p2a: Glimmora\n|-damage|p2a: Glimmora|52/100\n|\n|upkeep\n|turn|17\n|inactive|Time left: 300 sec this turn | 300 sec total\n|\n|t:|1783554794\n|move|p2a: Glimmora|Meteor Beam||[still]\n|-prepare|p2a: Glimmora|Meteor Beam\n|-boost|p2a: Glimmora|spa|1\n|move|p1a: Eelektross|Dragon Tail|p2a: Glimmora\n|-damage|p2a: Glimmora|30/100\n|-activate|p2a: Glimmora|ability: Toxic Debris\n|-sidestart|p1: p0x13489470|move: Toxic Spikes\n|drag|p2a: Smeargle|Smeargle, L95, F|100/100\n|\n|upkeep\n|turn|18\n|inactive|Time left: 300 sec this turn | 300 sec total\n|\n|t:|1783554795\n|move|p2a: Smeargle|Spore|p1a: Eelektross\n|-status|p1a: Eelektross|slp|[from] move: Spore\n|cant|p1a: Eelektross|slp\n|\n|upkeep\n|turn|19\n|inactive|Time left: 300 sec this turn | 300 sec total\n|\n|t:|1783554796\n|switch|p2a: Jumpluff|Jumpluff, L87, M|22/100\n|cant|p1a: Eelektross|slp\n|\n|upkeep\n|turn|20\n|inactive|Time left: 300 sec this turn | 300 sec total\n|\n|t:|1783554797\n|move|p2a: Jumpluff|Strength Sap|p1a: Eelektross\n|-unboost|p1a: Eelektross|atk|1\n|-heal|p2a: Jumpluff|100/100\n|-curestatus|p1a: Eelektross|slp|[msg]\n|move|p1a: Eelektross|Discharge|p2a: Jumpluff\n|-damage|p2a: Jumpluff|67/100\n|-status|p2a: Jumpluff|par\n|\n|upkeep\n|turn|21\n|inactive|Time left: 300 sec this turn | 300 sec total\n|\n|t:|1783554798\n|move|p1a: Eelektross|Discharge|p2a: Jumpluff\n|-damage|p2a: Jumpluff|34/100 par\n|move|p2a: Jumpluff|Strength Sap|p1a: Eelektross\n|-unboost|p1a: Eelektross|atk|1\n|-heal|p2a: Jumpluff|95/100 par\n|\n|upkeep\n|turn|22\n|inactive|Time left: 300 sec this turn | 300 sec total\n|\n|t:|1783554799\n|move|p1a: Eelektross|Discharge|p2a: Jumpluff\n|-damage|p2a: Jumpluff|64/100 par\n|move|p2a: Jumpluff|Acrobatics|p1a: Eelektross\n|-resisted|p1a: Eelektross\n|-damage|p1a: Eelektross|4/290\n|\n|upkeep\n|turn|23\n|inactive|Time left: 300 sec this turn | 300 sec total\n|\n|t:|1783554799\n|move|p1a: Eelektross|Discharge|p2a: Jumpluff\n|-damage|p2a: Jumpluff|31/100 par\n|move|p2a: Jumpluff|Strength Sap|p1a: Eelektross\n|-unboost|p1a: Eelektross|atk|1\n|-heal|p2a: Jumpluff|77/100 par\n|\n|upkeep\n|turn|24\n|inactive|Time left: 300 sec this turn | 300 sec total\n|\n|t:|1783554800\n|move|p1a: Eelektross|Discharge|p2a: Jumpluff\n|-damage|p2a: Jumpluff|43/100 par\n|move|p2a: Jumpluff|Strength Sap|p1a: Eelektross\n|-unboost|p1a: Eelektross|atk|1\n|-heal|p2a: Jumpluff|80/100 par\n|\n|upkeep\n|turn|25\n|inactive|Time left: 300 sec this turn | 300 sec total\n|\n|t:|1783554802\n|move|p1a: Eelektross|Discharge|p2a: Jumpluff\n|-damage|p2a: Jumpluff|47/100 par\n|move|p2a: Jumpluff|Acrobatics|p1a: Eelektross\n|-resisted|p1a: Eelektross\n|-damage|p1a: Eelektross|0 fnt\n|faint|p1a: Eelektross\n|\n|upkeep\n|inactive|Time left: 300 sec this turn | 300 sec total | 5 sec grace\n|\n|t:|1783554803\n|switch|p1a: Ursaring|Ursaring, L84, M|288/288\n|-activate|p1a: Ursaring|move: Sticky Web\n|-unboost|p1a: Ursaring|spe|1\n|-status|p1a: Ursaring|psn\n|turn|26\n|inactive|Time left: 300 sec this turn | 300 sec total\n|\n|t:|1783554803\n|move|p1a: Ursaring|Swords Dance|p1a: Ursaring\n|-boost|p1a: Ursaring|atk|2\n|move|p2a: Jumpluff|Strength Sap|p1a: Ursaring\n|-unboost|p1a: Ursaring|atk|1\n|-heal|p2a: Jumpluff|100/100 par\n|\n|-damage|p1a: Ursaring|252/288 psn|[from] psn\n|upkeep\n|turn|27\n|inactive|Time left: 300 sec this turn | 300 sec total\n|\n|t:|1783554805\n|switch|p2a: Glimmora|Glimmora, L75, F|30/100\n|move|p1a: Ursaring|Facade|p2a: Glimmora\n|-resisted|p2a: Glimmora\n|-damage|p2a: Glimmora|0 fnt\n|-activate|p2a: Glimmora|ability: Toxic Debris\n|-sidestart|p1: p0x13489470|move: Toxic Spikes\n|faint|p2a: Glimmora\n|\n|-damage|p1a: Ursaring|216/288 psn|[from] psn\n|upkeep\n|\n|t:|1783554805\n|switch|p2a: Smeargle|Smeargle, L95, F|100/100\n|turn|28\n|inactive|Time left: 300 sec this turn | 300 sec total\n|\n|t:|1783554806\n|move|p2a: Smeargle|Ceaseless Edge|p1a: Ursaring\n|-damage|p1a: Ursaring|188/288 psn\n|-sidestart|p1: p0x13489470|Spikes\n|move|p1a: Ursaring|Throat Chop|p2a: Smeargle\n|-crit|p2a: Smeargle\n|-enditem|p2a: Smeargle|Focus Sash\n|-damage|p2a: Smeargle|1/100\n|-start|p2a: Smeargle|Throat Chop|[silent]\n|\n|-damage|p1a: Ursaring|152/288 psn|[from] psn\n|upkeep\n|turn|29\n|inactive|Time left: 300 sec this turn | 300 sec total\n|\n|t:|1783554807\n|move|p2a: Smeargle|Ceaseless Edge|p1a: Ursaring\n|-damage|p1a: Ursaring|125/288 psn\n|-sidestart|p1: p0x13489470|Spikes\n|move|p1a: Ursaring|Throat Chop|p2a: Smeargle\n|-damage|p2a: Smeargle|0 fnt\n|faint|p2a: Smeargle\n|\n|-damage|p1a: Ursaring|89/288 psn|[from] psn\n|upkeep\n|\n|t:|1783554808\n|switch|p2a: Jumpluff|Jumpluff, L87, M|100/100 par\n|turn|30\n|inactive|Time left: 300 sec this turn | 300 sec total\n|\n|t:|1783554809\n|-terastallize|p2a: Jumpluff|Steel\n|move|p1a: Ursaring|Facade|p2a: Jumpluff\n|-resisted|p2a: Jumpluff\n|-damage|p2a: Jumpluff|45/100 par\n|move|p2a: Jumpluff|Strength Sap|p1a: Ursaring\n|-unboost|p1a: Ursaring|atk|1\n|-heal|p2a: Jumpluff|100/100 par\n|\n|-damage|p1a: Ursaring|53/288 psn|[from] psn\n|upkeep\n|turn|31\n|inactive|Time left: 300 sec this turn | 300 sec total\n|\n|t:|1783554810\n|move|p1a: Ursaring|Close Combat|p2a: Jumpluff\n|-supereffective|p2a: Jumpluff\n|-damage|p2a: Jumpluff|18/100 par\n|-unboost|p1a: Ursaring|def|1\n|-unboost|p1a: Ursaring|spd|1\n|move|p2a: Jumpluff|Strength Sap|p1a: Ursaring\n|-unboost|p1a: Ursaring|atk|1\n|-heal|p2a: Jumpluff|100/100 par\n|\n|-damage|p1a: Ursaring|17/288 psn|[from] psn\n|upkeep\n|turn|32\n|inactive|Time left: 300 sec this turn | 300 sec total\n|\n|t:|1783554811\n|move|p1a: Ursaring|Close Combat|p2a: Jumpluff\n|-supereffective|p2a: Jumpluff\n|-damage|p2a: Jumpluff|38/100 par\n|-unboost|p1a: Ursaring|def|1\n|-unboost|p1a: Ursaring|spd|1\n|cant|p2a: Jumpluff|par\n|\n|-damage|p1a: Ursaring|0 fnt|[from] psn\n|faint|p1a: Ursaring\n|upkeep\n|inactive|Time left: 300 sec this turn | 300 sec total | 5 sec grace\n|\n|t:|1783554812\n|switch|p1a: Klefki|Klefki, L84, M|233/233\n|-activate|p1a: Klefki|move: Sticky Web\n|-unboost|p1a: Klefki|spe|1\n|-damage|p1a: Klefki|195/233|[from] Spikes\n|turn|33\n|inactive|Time left: 300 sec this turn | 300 sec total\n|\n|t:|1783554813\n|move|p2a: Jumpluff|Strength Sap|p1a: Klefki\n|-unboost|p1a: Klefki|atk|1\n|-heal|p2a: Jumpluff|89/100 par\n|move|p1a: Klefki|Foul Play|p2a: Jumpluff\n|-damage|p2a: Jumpluff|71/100 par\n|\n|-heal|p1a: Klefki|209/233|[from] item: Leftovers\n|upkeep\n|turn|34\n|inactive|Time left: 300 sec this turn | 300 sec total\n|\n|t:|1783554814\n|move|p2a: Jumpluff|Strength Sap|p1a: Klefki\n|-unboost|p1a: Klefki|atk|1\n|-heal|p2a: Jumpluff|100/100 par\n|move|p1a: Klefki|Foul Play|p2a: Jumpluff\n|-damage|p2a: Jumpluff|79/100 par\n|\n|-heal|p1a: Klefki|223/233|[from] item: Leftovers\n|upkeep\n|turn|35\n|inactive|Time left: 300 sec this turn | 300 sec total\n|\n|t:|1783554814\n|move|p2a: Jumpluff|Strength Sap|p1a: Klefki\n|-unboost|p1a: Klefki|atk|1\n|-heal|p2a: Jumpluff|100/100 par\n|move|p1a: Klefki|Foul Play|p2a: Jumpluff\n|-damage|p2a: Jumpluff|81/100 par\n|\n|-heal|p1a: Klefki|233/233|[from] item: Leftovers\n|upkeep\n|turn|36\n|inactive|Time left: 300 sec this turn | 300 sec total\n|\n|t:|1783554815\n|move|p2a: Jumpluff|Strength Sap|p1a: Klefki\n|-unboost|p1a: Klefki|atk|1\n|-heal|p2a: Jumpluff|100/100 par\n|move|p1a: Klefki|Foul Play|p2a: Jumpluff\n|-damage|p2a: Jumpluff|81/100 par\n|\n|upkeep\n|turn|37\n|inactive|Time left: 300 sec this turn | 300 sec total\n|\n|t:|1783554816\n|move|p2a: Jumpluff|Strength Sap|p1a: Klefki\n|-unboost|p1a: Klefki|atk|1\n|-heal|p2a: Jumpluff|98/100 par\n|move|p1a: Klefki|Foul Play|p2a: Jumpluff\n|-damage|p2a: Jumpluff|78/100 par\n|\n|upkeep\n|turn|38\n|inactive|Time left: 300 sec this turn | 300 sec total\n|\n|t:|1783554817\n|move|p2a: Jumpluff|Strength Sap|p1a: Klefki\n|-unboost|p1a: Klefki|atk|1\n|-heal|p2a: Jumpluff|92/100 par\n|move|p1a: Klefki|Foul Play|p2a: Jumpluff\n|-damage|p2a: Jumpluff|72/100 par\n|\n|upkeep\n|turn|39\n|inactive|Time left: 300 sec this turn | 300 sec total\n|\n|t:|1783554819\n|cant|p2a: Jumpluff|par\n|move|p1a: Klefki|Foul Play|p2a: Jumpluff\n|-damage|p2a: Jumpluff|51/100 par\n|\n|upkeep\n|turn|40\n|inactive|Time left: 300 sec this turn | 300 sec total\n|\n|t:|1783554820\n|cant|p2a: Jumpluff|par\n|move|p1a: Klefki|Foul Play|p2a: Jumpluff\n|-damage|p2a: Jumpluff|31/100 par\n|\n|upkeep\n|turn|41\n|inactive|Time left: 300 sec this turn | 300 sec total\n|\n|t:|1783554821\n|move|p2a: Jumpluff|Strength Sap||[still]\n|-fail|p2a: Jumpluff\n|move|p1a: Klefki|Foul Play|p2a: Jumpluff\n|-damage|p2a: Jumpluff|10/100 par\n|\n|upkeep\n|turn|42\n|inactive|Time left: 300 sec this turn | 300 sec total\n|\n|t:|1783554822\n|move|p2a: Jumpluff|U-turn|p1a: Klefki\n|-resisted|p1a: Klefki\n|-damage|p1a: Klefki|224/233\n|move|p1a: Klefki|Foul Play|p2a: Jumpluff\n|-damage|p2a: Jumpluff|0 fnt\n|faint|p2a: Jumpluff\n|\n|win|p0x13489470", "uploadtime": 1783554822, "views": 0, "rating": 0, "private": 0, "password": null, "_winner": "p0x13489470", "_our_name": "p0x13489470"}