{"id": "battle-gen9randombattle-2636", "formatid": "gen9randombattle", "format": "[Gen 9] Random Battle", "players": ["p0x2636078e", "p0y26363daa"], "log": "|init|battle\n|title|p0x2636078e vs. p0y26363daa\n|j|\u2606p0x2636078e\n|j|\u2606p0y26363daa\n|t:|1783570426\n|gametype|singles\n|player|p1|p0x2636078e|2|\n|player|p2|p0y26363daa|266|\n|gen|9\n|tier|[Gen 9] Random Battle\n|rule|Species Clause: Limit one of each Pok\u00e9mon\n|rule|HP Percentage Mod: HP is shown in percentages\n|rule|Sleep Clause Mod: Limit one foe put to sleep\n|rule|Illusion Level Mod: Illusion disguises the Pok\u00e9mon's true level\n|\n|t:|1783570426\n|teamsize|p1|6\n|teamsize|p2|6\n|start\n|switch|p1a: Iron Hands|Iron Hands, L79|373/373\n|switch|p2a: Chansey|Chansey, L85, F|100/100\n|turn|1\n|inactive|Battle timer is ON: inactive players will automatically lose when time's up. (requested by p0y26363daa)\n|inactive|Time left: 300 sec this turn | 300 sec total | 60 sec grace\n|inactive|p0x2636078e also wants the timer to be on.\n|\n|t:|1783570428\n|move|p2a: Chansey|Stealth Rock|p1a: Iron Hands\n|-sidestart|p1: p0x2636078e|move: Stealth Rock\n|move|p1a: Iron Hands|Drain Punch|p2a: Chansey\n|-supereffective|p2a: Chansey\n|-damage|p2a: Chansey|27/100\n|\n|upkeep\n|turn|2\n|inactive|Time left: 300 sec this turn | 300 sec total\n|\n|t:|1783570429\n|move|p2a: Chansey|Soft-Boiled|p2a: Chansey\n|-heal|p2a: Chansey|77/100\n|move|p1a: Iron Hands|Thunder Punch|p2a: Chansey\n|-damage|p2a: Chansey|39/100\n|\n|upkeep\n|turn|3\n|inactive|Time left: 300 sec this turn | 300 sec total\n|\n|t:|1783570430\n|switch|p2a: Tauros|Tauros-Paldea-Combat, L82, M|100/100\n|-ability|p2a: Tauros|Intimidate|boost\n|-unboost|p1a: Iron Hands|atk|1\n|move|p1a: Iron Hands|Drain Punch|p2a: Tauros\n|-crit|p2a: Tauros\n|-damage|p2a: Tauros|51/100\n|\n|upkeep\n|turn|4\n|inactive|Time left: 300 sec this turn | 300 sec total\n|\n|t:|1783570431\n|move|p2a: Tauros|Bulk Up|p2a: Tauros\n|-boost|p2a: Tauros|atk|1\n|-boost|p2a: Tauros|def|1\n|move|p1a: Iron Hands|Volt Switch|p2a: Tauros\n|-damage|p2a: Tauros|32/100\n|inactive|Time left: 300 sec this turn | 300 sec total | 5 sec grace\n|\n|t:|1783570432\n|-end|p1a: Iron Hands|Quark Drive|[silent]\n|switch|p1a: Palossand|Palossand, L89, F|296/296|[from] Volt Switch\n|-damage|p1a: Palossand|278/296|[from] Stealth Rock\n|\n|-heal|p1a: Palossand|296/296|[from] item: Leftovers\n|upkeep\n|turn|5\n|inactive|Time left: 300 sec this turn | 300 sec total\n|\n|t:|1783570433\n|move|p2a: Tauros|Earthquake|p1a: Palossand\n|-damage|p1a: Palossand|186/296\n|-damage|p2a: Tauros|22/100|[from] item: Life Orb\n|move|p1a: Palossand|Shadow Ball|p2a: Tauros\n|-damage|p2a: Tauros|0 fnt\n|faint|p2a: Tauros\n|\n|-heal|p1a: Palossand|204/296|[from] item: Leftovers\n|upkeep\n|\n|t:|1783570434\n|switch|p2a: Koraidon|Koraidon, L64|100/100\n|-weather|SunnyDay|[from] ability: Orichalcum Pulse|[of] p2a: Koraidon\n|-activate|p2a: Koraidon|Orichalcum Pulse|[source]\n|turn|6\n|inactive|Time left: 300 sec this turn | 300 sec total\n|\n|t:|1783570435\n|move|p2a: Koraidon|Outrage|p1a: Palossand\n|-damage|p1a: Palossand|60/296\n|move|p1a: Palossand|Earth Power|p2a: Koraidon\n|-crit|p2a: Koraidon\n|-damage|p2a: Koraidon|21/100\n|\n|-weather|SunnyDay|[upkeep]\n|-heal|p1a: Palossand|78/296|[from] item: Leftovers\n|upkeep\n|turn|7\n|inactive|Time left: 300 sec this turn | 300 sec total\n|\n|t:|1783570436\n|switch|p1a: Metagross|Metagross, L79|256/256\n|-damage|p1a: Metagross|240/256|[from] Stealth Rock\n|move|p2a: Koraidon|Outrage|p1a: Metagross|[from] lockedmove\n|-resisted|p1a: Metagross\n|-damage|p1a: Metagross|162/256\n|-start|p2a: Koraidon|confusion|[fatigue]\n|\n|-weather|SunnyDay|[upkeep]\n|-heal|p1a: Metagross|178/256|[from] item: Leftovers\n|upkeep\n|turn|8\n|inactive|Time left: 300 sec this turn | 300 sec total\n|\n|t:|1783570437\n|-activate|p2a: Koraidon|confusion\n|move|p2a: Koraidon|Outrage|p1a: Metagross\n|-resisted|p1a: Metagross\n|-damage|p1a: Metagross|99/256\n|move|p1a: Metagross|Earthquake|p2a: Koraidon\n|-damage|p2a: Koraidon|0 fnt\n|faint|p2a: Koraidon\n|\n|-weather|SunnyDay|[upkeep]\n|-heal|p1a: Metagross|115/256|[from] item: Leftovers\n|upkeep\n|\n|t:|1783570438\n|switch|p2a: Ursaring|Ursaring, L84, F|100/100\n|turn|9\n|inactive|Time left: 300 sec this turn | 300 sec total\n|\n|t:|1783570439\n|move|p1a: Metagross|Heavy Slam|p2a: Ursaring\n|-damage|p2a: Ursaring|51/100\n|move|p2a: Ursaring|Swords Dance|p2a: Ursaring\n|-boost|p2a: Ursaring|atk|2\n|\n|-weather|SunnyDay|[upkeep]\n|-heal|p1a: Metagross|131/256|[from] item: Leftovers\n|-status|p2a: Ursaring|tox|[from] item: Toxic Orb\n|upkeep\n|turn|10\n|inactive|Time left: 300 sec this turn | 300 sec total\n|\n|t:|1783570440\n|switch|p1a: Palossand|Palossand, L89, F|78/296\n|-damage|p1a: Palossand|60/296|[from] Stealth Rock\n|move|p2a: Ursaring|Facade|p1a: Palossand\n|-immune|p1a: Palossand\n|\n|-weather|none\n|-heal|p1a: Palossand|78/296|[from] item: Leftovers\n|-damage|p2a: Ursaring|45/100 tox|[from] psn\n|upkeep\n|turn|11\n|inactive|Time left: 300 sec this turn | 300 sec total\n|\n|t:|1783570441\n|move|p2a: Ursaring|Throat Chop|p1a: Palossand\n|-supereffective|p1a: Palossand\n|-damage|p1a: Palossand|0 fnt\n|faint|p1a: Palossand\n|\n|-damage|p2a: Ursaring|32/100 tox|[from] psn\n|upkeep\n|inactive|Time left: 300 sec this turn | 300 sec total | 5 sec grace\n|\n|t:|1783570442\n|switch|p1a: Metagross|Metagross, L79|131/256\n|-damage|p1a: Metagross|115/256|[from] Stealth Rock\n|turn|12\n|inactive|Time left: 300 sec this turn | 300 sec total\n|\n|t:|1783570443\n|move|p1a: Metagross|Bullet Punch|p2a: Ursaring\n|-damage|p2a: Ursaring|12/100 tox\n|move|p2a: Ursaring|Facade|p1a: Metagross\n|-resisted|p1a: Metagross\n|-damage|p1a: Metagross|0 fnt\n|faint|p1a: Metagross\n|\n|-damage|p2a: Ursaring|0 fnt|[from] psn\n|faint|p2a: Ursaring\n|upkeep\n|inactive|Time left: 300 sec this turn | 300 sec total | 5 sec grace\n|\n|t:|1783570444\n|switch|p1a: Iron Hands|Iron Hands, L79|373/373\n|switch|p2a: Tinkaton|Tinkaton, L82, F|100/100\n|-ability|p2a: Tinkaton|Mold Breaker\n|-damage|p1a: Iron Hands|350/373|[from] Stealth Rock\n|turn|13\n|inactive|Time left: 300 sec this turn | 300 sec total\n|\n|t:|1783570445\n|move|p2a: Tinkaton|Swords Dance|p2a: Tinkaton\n|-boost|p2a: Tinkaton|atk|2\n|move|p1a: Iron Hands|Thunder Punch|p2a: Tinkaton\n|-damage|p2a: Tinkaton|59/100\n|\n|-heal|p2a: Tinkaton|65/100|[from] item: Leftovers\n|upkeep\n|turn|14\n|inactive|Time left: 300 sec this turn | 300 sec total\n|\n|t:|1783570446\n|-terastallize|p1a: Iron Hands|Electric\n|move|p2a: Tinkaton|Play Rough|p1a: Iron Hands\n|-damage|p1a: Iron Hands|203/373\n|move|p1a: Iron Hands|Drain Punch|p2a: Tinkaton\n|-crit|p2a: Tinkaton\n|-damage|p2a: Tinkaton|10/100\n|-heal|p1a: Iron Hands|279/373|[from] drain|[of] p2a: Tinkaton\n|\n|-heal|p2a: Tinkaton|16/100|[from] item: Leftovers\n|upkeep\n|turn|15\n|inactive|Time left: 300 sec this turn | 300 sec total\n|\n|t:|1783570447\n|move|p2a: Tinkaton|Protect|p2a: Tinkaton\n|-singleturn|p2a: Tinkaton|Protect\n|move|p1a: Iron Hands|Drain Punch|p2a: Tinkaton\n|-activate|p2a: Tinkaton|move: Protect\n|\n|-heal|p2a: Tinkaton|22/100|[from] item: Leftovers\n|upkeep\n|turn|16\n|inactive|Time left: 300 sec this turn | 300 sec total\n|\n|t:|1783570448\n|move|p2a: Tinkaton|Play Rough|p1a: Iron Hands|[miss]\n|-miss|p2a: Tinkaton|p1a: Iron Hands\n|move|p1a: Iron Hands|Thunder Punch|p2a: Tinkaton\n|-damage|p2a: Tinkaton|0 fnt\n|faint|p2a: Tinkaton\n|\n|upkeep\n|\n|t:|1783570449\n|switch|p2a: Dragalge|Dragalge, L88, M|100/100\n|turn|17\n|inactive|Time left: 300 sec this turn | 300 sec total\n|\n|t:|1783570450\n|move|p2a: Dragalge|Sludge Wave|p1a: Iron Hands\n|-damage|p1a: Iron Hands|149/373\n|move|p1a: Iron Hands|Volt Switch|p2a: Dragalge\n|-resisted|p2a: Dragalge\n|-crit|p2a: Dragalge\n|-damage|p2a: Dragalge|91/100\n|inactive|Time left: 300 sec this turn | 300 sec total | 5 sec grace\n|\n|t:|1783570450\n|-end|p1a: Iron Hands|Quark Drive|[silent]\n|switch|p1a: Great Tusk|Great Tusk, L77|304/304|[from] Volt Switch\n|-damage|p1a: Great Tusk|295/304|[from] Stealth Rock\n|\n|upkeep\n|turn|18\n|inactive|Time left: 300 sec this turn | 300 sec total\n|\n|t:|1783570451\n|-terastallize|p2a: Dragalge|Fighting\n|move|p1a: Great Tusk|Headlong Rush|p2a: Dragalge\n|-crit|p2a: Dragalge\n|-damage|p2a: Dragalge|21/100\n|-unboost|p1a: Great Tusk|def|1\n|-unboost|p1a: Great Tusk|spd|1\n|move|p2a: Dragalge|Focus Blast|p1a: Great Tusk\n|-damage|p1a: Great Tusk|11/304\n|\n|upkeep\n|turn|19\n|inactive|Time left: 300 sec this turn | 300 sec total\n|\n|t:|1783570452\n|move|p1a: Great Tusk|Close Combat|p2a: Dragalge\n|-damage|p2a: Dragalge|0 fnt\n|-unboost|p1a: Great Tusk|def|1\n|-unboost|p1a: Great Tusk|spd|1\n|faint|p2a: Dragalge\n|\n|upkeep\n|\n|t:|1783570453\n|switch|p2a: Chansey|Chansey, L85, F|39/100\n|turn|20\n|inactive|Time left: 300 sec this turn | 300 sec total\n|\n|t:|1783570454\n|move|p1a: Great Tusk|Close Combat|p2a: Chansey\n|-supereffective|p2a: Chansey\n|-damage|p2a: Chansey|0 fnt\n|-unboost|p1a: Great Tusk|def|1\n|-unboost|p1a: Great Tusk|spd|1\n|faint|p2a: Chansey\n|\n|win|p0x2636078e", "uploadtime": 1783570454, "views": 0, "rating": 0, "private": 0, "password": null, "_winner": "p0x2636078e", "_our_name": "p0x2636078e"}