{"id": "battle-gen9randombattle-2922", "formatid": "gen9randombattle", "format": "[Gen 9] Random Battle", "players": ["p0x2922900f", "p0y29228888"], "log": "|init|battle\n|title|p0x2922900f vs. p0y29228888\n|j|\u2606p0x2922900f\n|j|\u2606p0y29228888\n|t:|1783572657\n|gametype|singles\n|player|p1|p0x2922900f|265|\n|player|p2|p0y29228888|101|\n|gen|9\n|tier|[Gen 9] Random Battle\n|rule|Species Clause: Limit one of each Pok\u00e9mon\n|rule|HP Percentage Mod: HP is shown in percentages\n|rule|Sleep Clause Mod: Limit one foe put to sleep\n|rule|Illusion Level Mod: Illusion disguises the Pok\u00e9mon's true level\n|\n|t:|1783572657\n|teamsize|p1|6\n|teamsize|p2|6\n|start\n|switch|p1a: Rillaboom|Rillaboom, L79, M|288/288\n|switch|p2a: Flygon|Flygon, L82, M|100/100\n|-fieldstart|move: Grassy Terrain|[from] ability: Grassy Surge|[of] p1a: Rillaboom\n|turn|1\n|inactive|Battle timer is ON: inactive players will automatically lose when time's up. (requested by p0x2922900f)\n|inactive|p0y29228888 also wants the timer to be on.\n|\n|t:|1783572658\n|move|p2a: Flygon|Outrage|p1a: Rillaboom\n|-damage|p1a: Rillaboom|155/288\n|move|p1a: Rillaboom|Knock Off|p2a: Flygon\n|-damage|p2a: Flygon|59/100\n|-enditem|p2a: Flygon|Choice Scarf|[from] move: Knock Off|[of] p1a: Rillaboom\n|-damage|p1a: Rillaboom|127/288|[from] item: Life Orb\n|\n|-heal|p1a: Rillaboom|145/288|[from] Grassy Terrain\n|upkeep\n|turn|2\n|inactive|Time left: 300 sec this turn | 300 sec total\n|\n|t:|1783572660\n|move|p2a: Flygon|Outrage|p1a: Rillaboom|[from] lockedmove\n|-damage|p1a: Rillaboom|12/288\n|-start|p2a: Flygon|confusion|[fatigue]\n|move|p1a: Rillaboom|Wood Hammer|p2a: Flygon\n|-damage|p2a: Flygon|0 fnt\n|faint|p2a: Flygon\n|-damage|p1a: Rillaboom|0 fnt|[from] Recoil\n|faint|p1a: Rillaboom\n|\n|upkeep\n|inactive|Time left: 300 sec this turn | 300 sec total | 5 sec grace\n|\n|t:|1783572661\n|switch|p2a: Florges|Florges-Blue, L85, F|100/100\n|switch|p1a: Hariyama|Hariyama, L87, M|392/392\n|turn|3\n|inactive|Time left: 300 sec this turn | 300 sec total\n|\n|t:|1783572662\n|move|p2a: Florges|Moonblast|p1a: Hariyama\n|-supereffective|p1a: Hariyama\n|-damage|p1a: Hariyama|86/392\n|move|p1a: Hariyama|Close Combat|p2a: Florges\n|-resisted|p2a: Florges\n|-damage|p2a: Florges|68/100\n|-unboost|p1a: Hariyama|def|1\n|-unboost|p1a: Hariyama|spd|1\n|\n|-heal|p2a: Florges|74/100|[from] Grassy Terrain\n|-heal|p2a: Florges|80/100|[from] item: Leftovers\n|-heal|p1a: Hariyama|110/392|[from] Grassy Terrain\n|-status|p1a: Hariyama|brn|[from] item: Flame Orb\n|upkeep\n|turn|4\n|inactive|Time left: 300 sec this turn | 300 sec total\n|\n|t:|1783572663\n|switch|p1a: Milotic|Milotic, L83, M|293/293\n|move|p2a: Florges|Moonblast|p1a: Milotic\n|-damage|p1a: Milotic|197/293\n|\n|-heal|p1a: Milotic|215/293|[from] Grassy Terrain\n|-heal|p1a: Milotic|233/293|[from] item: Leftovers\n|-heal|p2a: Florges|86/100|[from] Grassy Terrain\n|-heal|p2a: Florges|92/100|[from] item: Leftovers\n|upkeep\n|turn|5\n|inactive|Time left: 300 sec this turn | 300 sec total\n|\n|t:|1783572664\n|move|p1a: Milotic|Ice Beam|p2a: Florges\n|-damage|p2a: Florges|76/100\n|move|p2a: Florges|Moonblast|p1a: Milotic\n|-damage|p1a: Milotic|139/293\n|\n|-heal|p1a: Milotic|157/293|[from] Grassy Terrain\n|-heal|p1a: Milotic|175/293|[from] item: Leftovers\n|-heal|p2a: Florges|82/100|[from] Grassy Terrain\n|-heal|p2a: Florges|88/100|[from] item: Leftovers\n|-fieldend|move: Grassy Terrain\n|upkeep\n|turn|6\n|inactive|Time left: 300 sec this turn | 300 sec total\n|\n|t:|1783572665\n|move|p1a: Milotic|Scald|p2a: Florges\n|-damage|p2a: Florges|68/100\n|move|p2a: Florges|Calm Mind|p2a: Florges\n|-boost|p2a: Florges|spa|1\n|-boost|p2a: Florges|spd|1\n|\n|-heal|p1a: Milotic|193/293|[from] item: Leftovers\n|-heal|p2a: Florges|74/100|[from] item: Leftovers\n|upkeep\n|turn|7\n|inactive|Time left: 300 sec this turn | 300 sec total\n|\n|t:|1783572666\n|move|p1a: Milotic|Haze|p1a: Milotic\n|-clearallboost\n|move|p2a: Florges|Moonblast|p1a: Milotic\n|-damage|p1a: Milotic|100/293\n|\n|-heal|p1a: Milotic|118/293|[from] item: Leftovers\n|-heal|p2a: Florges|80/100|[from] item: Leftovers\n|upkeep\n|turn|8\n|inactive|Time left: 300 sec this turn | 300 sec total\n|\n|t:|1783572667\n|move|p1a: Milotic|Recover|p1a: Milotic\n|-heal|p1a: Milotic|265/293\n|move|p2a: Florges|Moonblast|p1a: Milotic\n|-damage|p1a: Milotic|174/293\n|\n|-heal|p1a: Milotic|192/293|[from] item: Leftovers\n|-heal|p2a: Florges|86/100|[from] item: Leftovers\n|upkeep\n|turn|9\n|inactive|Time left: 300 sec this turn | 300 sec total\n|\n|t:|1783572668\n|move|p1a: Milotic|Recover|p1a: Milotic\n|-heal|p1a: Milotic|293/293\n|move|p2a: Florges|Calm Mind|p2a: Florges\n|-boost|p2a: Florges|spa|1\n|-boost|p2a: Florges|spd|1\n|\n|-heal|p2a: Florges|92/100|[from] item: Leftovers\n|upkeep\n|turn|10\n|inactive|Time left: 300 sec this turn | 300 sec total\n|\n|t:|1783572669\n|move|p1a: Milotic|Haze|p1a: Milotic\n|-clearallboost\n|move|p2a: Florges|Calm Mind|p2a: Florges\n|-boost|p2a: Florges|spa|1\n|-boost|p2a: Florges|spd|1\n|\n|-heal|p2a: Florges|98/100|[from] item: Leftovers\n|upkeep\n|turn|11\n|inactive|Time left: 300 sec this turn | 300 sec total\n|\n|t:|1783572670\n|move|p1a: Milotic|Haze|p1a: Milotic\n|-clearallboost\n|move|p2a: Florges|Moonblast|p1a: Milotic\n|-damage|p1a: Milotic|197/293\n|\n|-heal|p1a: Milotic|215/293|[from] item: Leftovers\n|-heal|p2a: Florges|100/100|[from] item: Leftovers\n|upkeep\n|turn|12\n|inactive|Time left: 300 sec this turn | 300 sec total\n|\n|t:|1783572671\n|move|p1a: Milotic|Recover|p1a: Milotic\n|-heal|p1a: Milotic|293/293\n|move|p2a: Florges|Calm Mind|p2a: Florges\n|-boost|p2a: Florges|spa|1\n|-boost|p2a: Florges|spd|1\n|\n|upkeep\n|turn|13\n|inactive|Time left: 300 sec this turn | 300 sec total\n|\n|t:|1783572672\n|move|p1a: Milotic|Haze|p1a: Milotic\n|-clearallboost\n|move|p2a: Florges|Moonblast|p1a: Milotic\n|-damage|p1a: Milotic|208/293\n|\n|-heal|p1a: Milotic|226/293|[from] item: Leftovers\n|upkeep\n|turn|14\n|inactive|Time left: 300 sec this turn | 300 sec total\n|\n|t:|1783572673\n|move|p1a: Milotic|Scald|p2a: Florges\n|-damage|p2a: Florges|79/100\n|-status|p2a: Florges|brn\n|move|p2a: Florges|Moonblast|p1a: Milotic\n|-damage|p1a: Milotic|138/293\n|-unboost|p1a: Milotic|spa|1\n|-ability|p1a: Milotic|Competitive|boost\n|-boost|p1a: Milotic|spa|2\n|\n|-heal|p1a: Milotic|156/293|[from] item: Leftovers\n|-heal|p2a: Florges|85/100 brn|[from] item: Leftovers\n|-damage|p2a: Florges|79/100 brn|[from] brn\n|upkeep\n|turn|15\n|inactive|Time left: 300 sec this turn | 300 sec total\n|\n|t:|1783572674\n|move|p1a: Milotic|Scald|p2a: Florges\n|-damage|p2a: Florges|48/100 brn\n|move|p2a: Florges|Calm Mind|p2a: Florges\n|-boost|p2a: Florges|spa|1\n|-boost|p2a: Florges|spd|1\n|\n|-heal|p1a: Milotic|174/293|[from] item: Leftovers\n|-heal|p2a: Florges|54/100 brn|[from] item: Leftovers\n|-damage|p2a: Florges|48/100 brn|[from] brn\n|upkeep\n|turn|16\n|inactive|Time left: 300 sec this turn | 300 sec total\n|\n|t:|1783572675\n|move|p1a: Milotic|Scald|p2a: Florges\n|-damage|p2a: Florges|29/100 brn\n|move|p2a: Florges|Moonblast|p1a: Milotic\n|-damage|p1a: Milotic|30/293\n|-unboost|p1a: Milotic|spa|1\n|-ability|p1a: Milotic|Competitive|boost\n|-boost|p1a: Milotic|spa|2\n|\n|-heal|p1a: Milotic|48/293|[from] item: Leftovers\n|-heal|p2a: Florges|35/100 brn|[from] item: Leftovers\n|-damage|p2a: Florges|29/100 brn|[from] brn\n|upkeep\n|turn|17\n|inactive|Time left: 300 sec this turn | 300 sec total\n|\n|t:|1783572676\n|move|p1a: Milotic|Recover|p1a: Milotic\n|-heal|p1a: Milotic|195/293\n|move|p2a: Florges|Moonblast|p1a: Milotic\n|-crit|p1a: Milotic\n|-damage|p1a: Milotic|0 fnt\n|faint|p1a: Milotic\n|\n|-heal|p2a: Florges|35/100 brn|[from] item: Leftovers\n|-damage|p2a: Florges|29/100 brn|[from] brn\n|upkeep\n|inactive|Time left: 300 sec this turn | 300 sec total | 5 sec grace\n|\n|t:|1783572677\n|switch|p1a: Mandibuzz|Mandibuzz, L85, F|326/326\n|turn|18\n|inactive|Time left: 300 sec this turn | 300 sec total\n|\n|t:|1783572678\n|move|p1a: Mandibuzz|Brave Bird|p2a: Florges\n|-damage|p2a: Florges|0 fnt\n|faint|p2a: Florges\n|-damage|p1a: Mandibuzz|300/326|[from] Recoil\n|\n|upkeep\n|\n|t:|1783572679\n|switch|p2a: Iron Thorns|Iron Thorns, L83|100/100\n|-enditem|p2a: Iron Thorns|Booster Energy\n|-activate|p2a: Iron Thorns|ability: Quark Drive|[fromitem]\n|-start|p2a: Iron Thorns|quarkdriveatk\n|turn|19\n|inactive|Time left: 300 sec this turn | 300 sec total\n|\n|t:|1783572681\n|move|p1a: Mandibuzz|Foul Play|p2a: Iron Thorns\n|-damage|p2a: Iron Thorns|61/100\n|move|p2a: Iron Thorns|Dragon Dance|p2a: Iron Thorns\n|-boost|p2a: Iron Thorns|atk|1\n|-boost|p2a: Iron Thorns|spe|1\n|\n|upkeep\n|turn|20\n|inactive|Time left: 300 sec this turn | 300 sec total\n|\n|t:|1783572681\n|-terastallize|p1a: Mandibuzz|Steel\n|move|p2a: Iron Thorns|Stone Edge|p1a: Mandibuzz\n|-resisted|p1a: Mandibuzz\n|-damage|p1a: Mandibuzz|180/326\n|move|p1a: Mandibuzz|Foul Play|p2a: Iron Thorns\n|-damage|p2a: Iron Thorns|10/100\n|\n|upkeep\n|turn|21\n|inactive|Time left: 300 sec this turn | 300 sec total\n|\n|t:|1783572683\n|move|p2a: Iron Thorns|Earthquake|p1a: Mandibuzz\n|-supereffective|p1a: Mandibuzz\n|-damage|p1a: Mandibuzz|0 fnt\n|faint|p1a: Mandibuzz\n|\n|upkeep\n|inactive|Time left: 300 sec this turn | 300 sec total | 5 sec grace\n|\n|t:|1783572684\n|switch|p1a: Cacturne|Cacturne, L92, F|278/278\n|turn|22\n|inactive|Time left: 300 sec this turn | 300 sec total\n|\n|t:|1783572685\n|move|p1a: Cacturne|Sucker Punch|p2a: Iron Thorns\n|-damage|p2a: Iron Thorns|0 fnt\n|faint|p2a: Iron Thorns\n|-end|p2a: Iron Thorns|Quark Drive|[silent]\n|-damage|p1a: Cacturne|251/278|[from] item: Life Orb\n|\n|upkeep\n|\n|t:|1783572686\n|switch|p2a: Archaludon|Archaludon, L78, M|100/100\n|turn|23\n|inactive|Time left: 300 sec this turn | 300 sec total\n|\n|t:|1783572687\n|switch|p1a: Indeedee|Indeedee-F, L90, F|272/272\n|-fieldstart|move: Psychic Terrain|[from] ability: Psychic Surge|[of] p1a: Indeedee\n|move|p2a: Archaludon|Swords Dance|p2a: Archaludon\n|-boost|p2a: Archaludon|atk|2\n|\n|upkeep\n|turn|24\n|inactive|Time left: 300 sec this turn | 300 sec total\n|\n|t:|1783572688\n|move|p1a: Indeedee|Calm Mind|p1a: Indeedee\n|-boost|p1a: Indeedee|spa|1\n|-boost|p1a: Indeedee|spd|1\n|move|p2a: Archaludon|Outrage|p1a: Indeedee\n|-damage|p1a: Indeedee|0 fnt\n|faint|p1a: Indeedee\n|\n|upkeep\n|inactive|Time left: 300 sec this turn | 300 sec total | 5 sec grace\n|\n|t:|1783572689\n|switch|p1a: Hariyama|Hariyama, L87, M|110/392 brn\n|turn|25\n|inactive|Time left: 300 sec this turn | 300 sec total\n|\n|t:|1783572690\n|move|p1a: Hariyama|Bullet Punch|p2a: Archaludon\n|-activate|p2a: Archaludon|move: Psychic Terrain\n|move|p2a: Archaludon|Outrage|p1a: Hariyama|[from] lockedmove\n|-damage|p1a: Hariyama|0 fnt\n|faint|p1a: Hariyama\n|-start|p2a: Archaludon|confusion|[fatigue]\n|-enditem|p2a: Archaludon|Lum Berry|[eat]\n|-end|p2a: Archaludon|confusion\n|\n|upkeep\n|inactive|Time left: 300 sec this turn | 300 sec total | 5 sec grace\n|\n|t:|1783572690\n|switch|p1a: Cacturne|Cacturne, L92, F|251/278\n|turn|26\n|inactive|Time left: 300 sec this turn | 300 sec total\n|\n|t:|1783572691\n|-terastallize|p2a: Archaludon|Ground\n|move|p2a: Archaludon|Outrage|p1a: Cacturne\n|-damage|p1a: Cacturne|0 fnt\n|faint|p1a: Cacturne\n|\n|win|p0y29228888", "uploadtime": 1783572691, "views": 0, "rating": 0, "private": 0, "password": null, "_winner": "p0y29228888", "_our_name": "p0x2922900f"}