{"id": "battle-gen9randombattle-2375", "formatid": "gen9randombattle", "format": "[Gen 9] Random Battle", "players": ["p0x2375cacc", "p0y23756655"], "log": "|init|battle\n|title|p0x2375cacc vs. p0y23756655\n|j|\u2606p0x2375cacc\n|j|\u2606p0y23756655\n|t:|1783567594\n|gametype|singles\n|player|p1|p0x2375cacc|266|\n|player|p2|p0y23756655|265|\n|gen|9\n|tier|[Gen 9] Random Battle\n|rule|Species Clause: Limit one of each Pok\u00e9mon\n|rule|HP Percentage Mod: HP is shown in percentages\n|rule|Sleep Clause Mod: Limit one foe put to sleep\n|rule|Illusion Level Mod: Illusion disguises the Pok\u00e9mon's true level\n|\n|t:|1783567594\n|teamsize|p1|6\n|teamsize|p2|6\n|start\n|switch|p1a: Thundurus|Thundurus-Therian, L80, M|258/258\n|switch|p2a: Baxcalibur|Baxcalibur, L75, M|100/100\n|turn|1\n|inactive|Battle timer is ON: inactive players will automatically lose when time's up. (requested by p0y23756655)\n|inactive|Time left: 300 sec this turn | 300 sec total | 60 sec grace\n|inactive|p0x2375cacc also wants the timer to be on.\n|\n|t:|1783567595\n|switch|p1a: Iron Valiant|Iron Valiant, L78|244/244\n|move|p2a: Baxcalibur|Icicle Spear|p1a: Iron Valiant\n|-damage|p1a: Iron Valiant|211/244\n|-damage|p1a: Iron Valiant|178/244\n|-damage|p1a: Iron Valiant|142/244\n|-damage|p1a: Iron Valiant|109/244\n|-damage|p1a: Iron Valiant|78/244\n|-hitcount|p1a: Iron Valiant|5\n|\n|upkeep\n|turn|2\n|inactive|Time left: 300 sec this turn | 300 sec total\n|\n|t:|1783567596\n|switch|p2a: Houndstone|Houndstone, L86, F|100/100\n|move|p1a: Iron Valiant|Moonblast|p2a: Houndstone\n|-damage|p2a: Houndstone|71/100\n|-damage|p1a: Iron Valiant|54/244|[from] item: Life Orb\n|\n|upkeep\n|turn|3\n|inactive|Time left: 300 sec this turn | 300 sec total\n|\n|t:|1783567597\n|move|p1a: Iron Valiant|Moonblast|p2a: Houndstone\n|-damage|p2a: Houndstone|38/100\n|-unboost|p2a: Houndstone|spa|1\n|-damage|p1a: Iron Valiant|30/244|[from] item: Life Orb\n|move|p2a: Houndstone|Poltergeist|p1a: Iron Valiant\n|-activate|p1a: Iron Valiant|move: Poltergeist|Life Orb\n|-damage|p1a: Iron Valiant|0 fnt\n|faint|p1a: Iron Valiant\n|-end|p1a: Iron Valiant|Quark Drive|[silent]\n|\n|upkeep\n|inactive|Time left: 300 sec this turn | 300 sec total | 5 sec grace\n|\n|t:|1783567598\n|switch|p1a: Banette|Banette, L93, F|270/270\n|turn|4\n|inactive|Time left: 300 sec this turn | 300 sec total\n|\n|t:|1783567599\n|move|p1a: Banette|Poltergeist|p2a: Houndstone\n|-activate|p2a: Houndstone|move: Poltergeist|Assault Vest\n|-supereffective|p2a: Houndstone\n|-damage|p2a: Houndstone|0 fnt\n|faint|p2a: Houndstone\n|-damage|p1a: Banette|243/270|[from] item: Life Orb\n|\n|upkeep\n|\n|t:|1783567600\n|switch|p2a: Victreebel|Victreebel, L90, M|100/100\n|turn|5\n|inactive|Time left: 300 sec this turn | 300 sec total\n|\n|t:|1783567602\n|move|p2a: Victreebel|Knock Off|p1a: Banette\n|-supereffective|p1a: Banette\n|-damage|p1a: Banette|1/270\n|-enditem|p1a: Banette|Life Orb|[from] move: Knock Off|[of] p2a: Victreebel\n|-damage|p2a: Victreebel|90/100|[from] item: Life Orb\n|move|p1a: Banette|Poltergeist|p2a: Victreebel\n|-activate|p2a: Victreebel|move: Poltergeist|Life Orb\n|-damage|p2a: Victreebel|30/100\n|\n|upkeep\n|turn|6\n|inactive|Time left: 300 sec this turn | 300 sec total\n|\n|t:|1783567603\n|move|p1a: Banette|Shadow Sneak|p2a: Victreebel\n|-damage|p2a: Victreebel|5/100\n|move|p2a: Victreebel|Strength Sap|p1a: Banette\n|-unboost|p1a: Banette|atk|1\n|-heal|p2a: Victreebel|97/100\n|\n|upkeep\n|turn|7\n|inactive|Time left: 300 sec this turn | 300 sec total\n|\n|t:|1783567604\n|move|p1a: Banette|Shadow Sneak|p2a: Victreebel\n|-damage|p2a: Victreebel|80/100\n|move|p2a: Victreebel|Power Whip|p1a: Banette\n|-damage|p1a: Banette|0 fnt\n|faint|p1a: Banette\n|-damage|p2a: Victreebel|70/100|[from] item: Life Orb\n|\n|upkeep\n|inactive|Time left: 300 sec this turn | 300 sec total | 5 sec grace\n|\n|t:|1783567605\n|switch|p1a: Emboar|Emboar, L84, M|322/322\n|turn|8\n|inactive|Time left: 300 sec this turn | 300 sec total\n|\n|t:|1783567606\n|move|p2a: Victreebel|Sludge Wave|p1a: Emboar\n|-damage|p1a: Emboar|188/322\n|-damage|p2a: Victreebel|60/100|[from] item: Life Orb\n|move|p1a: Emboar|Flare Blitz|p2a: Victreebel\n|-supereffective|p2a: Victreebel\n|-damage|p2a: Victreebel|0 fnt\n|faint|p2a: Victreebel\n|-damage|p1a: Emboar|131/322|[from] Recoil\n|\n|upkeep\n|\n|t:|1783567607\n|switch|p2a: Baxcalibur|Baxcalibur, L75, M|100/100\n|turn|9\n|inactive|Time left: 300 sec this turn | 300 sec total\n|\n|t:|1783567608\n|switch|p1a: Farigiraf|Farigiraf, L90, M|362/362\n|move|p2a: Baxcalibur|Earthquake|p1a: Farigiraf\n|-damage|p1a: Farigiraf|266/362\n|\n|-heal|p1a: Farigiraf|288/362|[from] item: Leftovers\n|upkeep\n|turn|10\n|inactive|Time left: 300 sec this turn | 300 sec total\n|\n|t:|1783567609\n|move|p2a: Baxcalibur|Swords Dance|p2a: Baxcalibur\n|-boost|p2a: Baxcalibur|atk|2\n|move|p1a: Farigiraf|Body Slam|p2a: Baxcalibur\n|-crit|p2a: Baxcalibur\n|-damage|p2a: Baxcalibur|51/100\n|\n|-heal|p1a: Farigiraf|310/362|[from] item: Leftovers\n|upkeep\n|turn|11\n|inactive|Time left: 300 sec this turn | 300 sec total\n|\n|t:|1783567610\n|-terastallize|p2a: Baxcalibur|Dragon\n|move|p2a: Baxcalibur|Scale Shot|p1a: Farigiraf\n|-damage|p1a: Farigiraf|226/362\n|-damage|p1a: Farigiraf|140/362\n|-damage|p1a: Farigiraf|54/362\n|-damage|p1a: Farigiraf|0 fnt\n|faint|p1a: Farigiraf\n|-hitcount|p1: Farigiraf|4\n|-unboost|p2a: Baxcalibur|def|1\n|-boost|p2a: Baxcalibur|spe|1\n|\n|upkeep\n|inactive|Time left: 300 sec this turn | 300 sec total | 5 sec grace\n|\n|t:|1783567611\n|switch|p1a: Dudunsparce|Dudunsparce-Three-Segment, L83, M|343/343\n|turn|12\n|inactive|Time left: 300 sec this turn | 300 sec total\n|\n|t:|1783567612\n|move|p2a: Baxcalibur|Scale Shot|p1a: Dudunsparce\n|-damage|p1a: Dudunsparce|249/343\n|-damage|p1a: Dudunsparce|157/343\n|-damage|p1a: Dudunsparce|71/343\n|-damage|p1a: Dudunsparce|0 fnt\n|faint|p1a: Dudunsparce\n|-hitcount|p1: Dudunsparce|4\n|-unboost|p2a: Baxcalibur|def|1\n|-boost|p2a: Baxcalibur|spe|1\n|\n|upkeep\n|inactive|Time left: 300 sec this turn | 300 sec total | 5 sec grace\n|\n|t:|1783567612\n|switch|p1a: Emboar|Emboar, L84, M|131/322\n|turn|13\n|inactive|Time left: 300 sec this turn | 300 sec total\n|\n|t:|1783567613\n|move|p2a: Baxcalibur|Icicle Spear|p1a: Emboar\n|-resisted|p1a: Emboar\n|-damage|p1a: Emboar|96/322\n|-resisted|p1a: Emboar\n|-damage|p1a: Emboar|62/322\n|-resisted|p1a: Emboar\n|-damage|p1a: Emboar|26/322\n|-resisted|p1a: Emboar\n|-damage|p1a: Emboar|0 fnt\n|faint|p1a: Emboar\n|-hitcount|p1: Emboar|4\n|\n|upkeep\n|inactive|Time left: 300 sec this turn | 300 sec total | 5 sec grace\n|\n|t:|1783567614\n|switch|p1a: Thundurus|Thundurus-Therian, L80, M|258/258\n|turn|14\n|inactive|Time left: 300 sec this turn | 300 sec total\n|\n|t:|1783567615\n|move|p2a: Baxcalibur|Icicle Spear|p1a: Thundurus\n|-supereffective|p1a: Thundurus\n|-damage|p1a: Thundurus|124/258\n|-supereffective|p1a: Thundurus\n|-damage|p1a: Thundurus|0 fnt\n|faint|p1a: Thundurus\n|-hitcount|p1: Thundurus|2\n|\n|win|p0y23756655", "uploadtime": 1783567615, "views": 0, "rating": 0, "private": 0, "password": null, "_winner": "p0y23756655", "_our_name": "p0x2375cacc"}