{"id": "battle-gen9randombattle-780", "formatid": "gen9randombattle", "format": "[Gen 9] Random Battle", "players": ["p0x780cd23", "p0y7804fbd"], "log": "|init|battle\n|title|p0x780cd23 vs. p0y7804fbd\n|j|\u2606p0x780cd23\n|j|\u2606p0y7804fbd\n|t:|1783548187\n|gametype|singles\n|player|p1|p0x780cd23|101|\n|player|p2|p0y7804fbd|2|\n|gen|9\n|tier|[Gen 9] Random Battle\n|rule|Species Clause: Limit one of each Pok\u00e9mon\n|rule|HP Percentage Mod: HP is shown in percentages\n|rule|Sleep Clause Mod: Limit one foe put to sleep\n|rule|Illusion Level Mod: Illusion disguises the Pok\u00e9mon's true level\n|\n|t:|1783548187\n|teamsize|p1|6\n|teamsize|p2|6\n|start\n|switch|p1a: Sinistcha|Sinistcha-Masterpiece, L83|254/254\n|switch|p2a: Meloetta|Meloetta, L82|100/100\n|turn|1\n|inactive|Battle timer is ON: inactive players will automatically lose when time's up. (requested by p0y7804fbd)\n|inactive|Time left: 300 sec this turn | 300 sec total | 60 sec grace\n|inactive|p0x780cd23 also wants the timer to be on.\n|\n|t:|1783548188\n|move|p2a: Meloetta|Knock Off|p1a: Sinistcha\n|-supereffective|p1a: Sinistcha\n|-damage|p1a: Sinistcha|129/254\n|-enditem|p1a: Sinistcha|Leftovers|[from] move: Knock Off|[of] p2a: Meloetta\n|-damage|p2a: Meloetta|91/100|[from] item: Life Orb\n|move|p1a: Sinistcha|Matcha Gotcha|p2a: Meloetta\n|-damage|p2a: Meloetta|66/100\n|-heal|p1a: Sinistcha|166/254|[from] drain|[of] p2a: Meloetta\n|\n|upkeep\n|turn|2\n|inactive|Time left: 300 sec this turn | 300 sec total\n|\n|t:|1783548189\n|move|p2a: Meloetta|Triple Axel|p1a: Sinistcha\n|-supereffective|p1a: Sinistcha\n|-damage|p1a: Sinistcha|140/254\n|-supereffective|p1a: Sinistcha\n|-damage|p1a: Sinistcha|88/254\n|-supereffective|p1a: Sinistcha\n|-damage|p1a: Sinistcha|7/254\n|-hitcount|p1a: Sinistcha|3\n|-damage|p2a: Meloetta|57/100|[from] item: Life Orb\n|move|p1a: Sinistcha|Strength Sap|p2a: Meloetta\n|-unboost|p2a: Meloetta|atk|1\n|-heal|p1a: Sinistcha|180/254\n|\n|upkeep\n|turn|3\n|inactive|Time left: 300 sec this turn | 300 sec total\n|\n|t:|1783548190\n|switch|p2a: Hitmontop|Hitmontop, L88, M|100/100\n|move|p1a: Sinistcha|Strength Sap|p2a: Hitmontop\n|-unboost|p2a: Hitmontop|atk|1\n|-heal|p1a: Sinistcha|254/254\n|\n|upkeep\n|turn|4\n|inactive|Time left: 300 sec this turn | 300 sec total\n|\n|t:|1783548191\n|move|p2a: Hitmontop|Triple Axel|p1a: Sinistcha\n|-supereffective|p1a: Sinistcha\n|-damage|p1a: Sinistcha|224/254\n|-hitcount|p1a: Sinistcha|1\n|move|p1a: Sinistcha|Matcha Gotcha|p2a: Hitmontop\n|-damage|p2a: Hitmontop|64/100\n|-heal|p1a: Sinistcha|254/254|[from] drain|[of] p2a: Hitmontop\n|-status|p2a: Hitmontop|brn\n|\n|-heal|p2a: Hitmontop|70/100 brn|[from] item: Leftovers\n|-damage|p2a: Hitmontop|64/100 brn|[from] brn\n|upkeep\n|turn|5\n|inactive|Time left: 300 sec this turn | 300 sec total\n|\n|t:|1783548191\n|move|p2a: Hitmontop|Bulk Up|p2a: Hitmontop\n|-boost|p2a: Hitmontop|atk|1\n|-boost|p2a: Hitmontop|def|1\n|move|p1a: Sinistcha|Calm Mind|p1a: Sinistcha\n|-boost|p1a: Sinistcha|spa|1\n|-boost|p1a: Sinistcha|spd|1\n|\n|-heal|p2a: Hitmontop|70/100 brn|[from] item: Leftovers\n|-damage|p2a: Hitmontop|64/100 brn|[from] brn\n|upkeep\n|turn|6\n|inactive|Time left: 300 sec this turn | 300 sec total\n|\n|t:|1783548192\n|move|p2a: Hitmontop|Bulk Up|p2a: Hitmontop\n|-boost|p2a: Hitmontop|atk|1\n|-boost|p2a: Hitmontop|def|1\n|move|p1a: Sinistcha|Calm Mind|p1a: Sinistcha\n|-boost|p1a: Sinistcha|spa|1\n|-boost|p1a: Sinistcha|spd|1\n|\n|-heal|p2a: Hitmontop|70/100 brn|[from] item: Leftovers\n|-damage|p2a: Hitmontop|64/100 brn|[from] brn\n|upkeep\n|turn|7\n|inactive|Time left: 300 sec this turn | 300 sec total\n|\n|t:|1783548193\n|-terastallize|p2a: Hitmontop|Ice\n|-terastallize|p1a: Sinistcha|Steel\n|move|p2a: Hitmontop|Triple Axel|p1a: Sinistcha\n|-resisted|p1a: Sinistcha\n|-crit|p1a: Sinistcha\n|-damage|p1a: Sinistcha|235/254\n|-resisted|p1a: Sinistcha\n|-damage|p1a: Sinistcha|211/254\n|-resisted|p1a: Sinistcha\n|-damage|p1a: Sinistcha|178/254\n|-hitcount|p1a: Sinistcha|3\n|move|p1a: Sinistcha|Matcha Gotcha|p2a: Hitmontop\n|-damage|p2a: Hitmontop|0 fnt\n|-heal|p1a: Sinistcha|252/254|[from] drain|[of] p2a: Hitmontop\n|faint|p2a: Hitmontop\n|\n|upkeep\n|\n|t:|1783548194\n|switch|p2a: Meloetta|Meloetta, L82|57/100\n|turn|8\n|inactive|Time left: 300 sec this turn | 300 sec total\n|\n|t:|1783548195\n|move|p2a: Meloetta|Close Combat|p1a: Sinistcha\n|-supereffective|p1a: Sinistcha\n|-damage|p1a: Sinistcha|93/254\n|-unboost|p2a: Meloetta|def|1\n|-unboost|p2a: Meloetta|spd|1\n|-damage|p2a: Meloetta|47/100|[from] item: Life Orb\n|move|p1a: Sinistcha|Matcha Gotcha|p2a: Meloetta\n|-crit|p2a: Meloetta\n|-damage|p2a: Meloetta|0 fnt\n|-heal|p1a: Sinistcha|162/254|[from] drain|[of] p2a: Meloetta\n|faint|p2a: Meloetta\n|\n|upkeep\n|\n|t:|1783548195\n|switch|p2a: Stonjourner|Stonjourner, L91, F|100/100\n|turn|9\n|inactive|Time left: 300 sec this turn | 300 sec total\n|\n|t:|1783548196\n|switch|p1a: Enamorus|Enamorus-Therian, L83, F|259/259\n|move|p2a: Stonjourner|Earthquake|p1a: Enamorus\n|-immune|p1a: Enamorus\n|\n|upkeep\n|turn|10\n|inactive|Time left: 300 sec this turn | 300 sec total\n|\n|t:|1783548197\n|switch|p1a: Goodra|Goodra-Hisui, L82, M|265/265\n|move|p2a: Stonjourner|Stone Edge|p1a: Goodra\n|-resisted|p1a: Goodra\n|-damage|p1a: Goodra|175/265\n|-damage|p2a: Stonjourner|90/100|[from] item: Life Orb\n|\n|upkeep\n|turn|11\n|inactive|Time left: 300 sec this turn | 300 sec total\n|\n|t:|1783548199\n|switch|p1a: Dragonite|Dragonite, L74, M|257/257\n|move|p2a: Stonjourner|Earthquake|p1a: Dragonite\n|-immune|p1a: Dragonite\n|\n|upkeep\n|turn|12\n|inactive|Time left: 300 sec this turn | 300 sec total\n|\n|t:|1783548200\n|move|p2a: Stonjourner|Stone Edge|p1a: Dragonite\n|-supereffective|p1a: Dragonite\n|-damage|p1a: Dragonite|39/257\n|-damage|p2a: Stonjourner|80/100|[from] item: Life Orb\n|move|p1a: Dragonite|Dragon Dance|p1a: Dragonite\n|-boost|p1a: Dragonite|atk|1\n|-boost|p1a: Dragonite|spe|1\n|\n|upkeep\n|turn|13\n|inactive|Time left: 300 sec this turn | 300 sec total\n|\n|t:|1783548201\n|move|p1a: Dragonite|Outrage|p2a: Stonjourner\n|-damage|p2a: Stonjourner|42/100\n|move|p2a: Stonjourner|Stone Edge|p1a: Dragonite\n|-supereffective|p1a: Dragonite\n|-damage|p1a: Dragonite|0 fnt\n|faint|p1a: Dragonite\n|-damage|p2a: Stonjourner|32/100|[from] item: Life Orb\n|\n|upkeep\n|inactive|Time left: 300 sec this turn | 300 sec total | 5 sec grace\n|\n|t:|1783548202\n|switch|p1a: Ursaring|Ursaring, L84, M|288/288\n|turn|14\n|inactive|Time left: 300 sec this turn | 300 sec total\n|\n|t:|1783548204\n|move|p2a: Stonjourner|Stone Edge|p1a: Ursaring|[miss]\n|-miss|p2a: Stonjourner|p1a: Ursaring\n|move|p1a: Ursaring|Swords Dance|p1a: Ursaring\n|-boost|p1a: Ursaring|atk|2\n|\n|-status|p1a: Ursaring|tox|[from] item: Toxic Orb\n|upkeep\n|turn|15\n|inactive|Time left: 300 sec this turn | 300 sec total\n|\n|t:|1783548205\n|move|p1a: Ursaring|Facade|p2a: Stonjourner\n|-resisted|p2a: Stonjourner\n|-damage|p2a: Stonjourner|0 fnt\n|faint|p2a: Stonjourner\n|\n|-damage|p1a: Ursaring|270/288 tox|[from] psn\n|upkeep\n|\n|t:|1783548206\n|switch|p2a: Miraidon|Miraidon, L65|100/100\n|-fieldstart|move: Electric Terrain|[from] ability: Hadron Engine|[of] p2a: Miraidon\n|turn|16\n|inactive|Time left: 300 sec this turn | 300 sec total\n|\n|t:|1783548207\n|move|p2a: Miraidon|Electro Drift|p1a: Ursaring\n|-damage|p1a: Ursaring|39/288 tox\n|-damage|p2a: Miraidon|91/100|[from] item: Life Orb\n|move|p1a: Ursaring|Facade|p2a: Miraidon\n|-damage|p2a: Miraidon|0 fnt\n|faint|p2a: Miraidon\n|\n|-damage|p1a: Ursaring|3/288 tox|[from] psn\n|upkeep\n|\n|t:|1783548208\n|switch|p2a: Inteleon|Inteleon, L81, M|100/100\n|turn|17\n|inactive|Time left: 300 sec this turn | 300 sec total\n|\n|t:|1783548209\n|switch|p1a: Goodra|Goodra-Hisui, L82, M|175/265\n|move|p2a: Inteleon|Scald|p1a: Goodra\n|-resisted|p1a: Goodra\n|-damage|p1a: Goodra|143/265\n|-status|p1a: Goodra|brn\n|\n|-damage|p1a: Goodra|127/265 brn|[from] brn\n|upkeep\n|turn|18\n|inactive|Time left: 300 sec this turn | 300 sec total\n|\n|t:|1783548210\n|switch|p2a: Solgaleo|Solgaleo, L74|100/100\n|move|p1a: Goodra|Draco Meteor|p2a: Solgaleo\n|-resisted|p2a: Solgaleo\n|-damage|p2a: Solgaleo|74/100\n|-unboost|p1a: Goodra|spa|2\n|\n|-heal|p2a: Solgaleo|80/100|[from] item: Leftovers\n|-damage|p1a: Goodra|111/265 brn|[from] brn\n|upkeep\n|turn|19\n|inactive|Time left: 300 sec this turn | 300 sec total\n|\n|t:|1783548211\n|switch|p2a: Inteleon|Inteleon, L81, M|100/100\n|switch|p1a: Sinistcha|Sinistcha-Masterpiece, L83, tera:Steel|162/254\n|\n|upkeep\n|turn|20\n|inactive|Time left: 300 sec this turn | 300 sec total\n|\n|t:|1783548212\n|move|p2a: Inteleon|Hydro Pump|p1a: Sinistcha|[miss]\n|-miss|p2a: Inteleon|p1a: Sinistcha\n|move|p1a: Sinistcha|Matcha Gotcha|p2a: Inteleon\n|-supereffective|p2a: Inteleon\n|-damage|p2a: Inteleon|0 fnt\n|-heal|p1a: Sinistcha|254/254|[from] drain|[of] p2a: Inteleon\n|faint|p2a: Inteleon\n|\n|-fieldend|move: Electric Terrain\n|upkeep\n|\n|t:|1783548213\n|switch|p2a: Solgaleo|Solgaleo, L74|80/100\n|turn|21\n|inactive|Time left: 300 sec this turn | 300 sec total\n|\n|t:|1783548214\n|move|p2a: Solgaleo|Morning Sun|p2a: Solgaleo\n|-heal|p2a: Solgaleo|100/100\n|move|p1a: Sinistcha|Shadow Ball|p2a: Solgaleo\n|-supereffective|p2a: Solgaleo\n|-damage|p2a: Solgaleo|30/100\n|\n|-heal|p2a: Solgaleo|36/100|[from] item: Leftovers\n|upkeep\n|turn|22\n|inactive|Time left: 300 sec this turn | 300 sec total\n|\n|t:|1783548215\n|move|p2a: Solgaleo|Morning Sun|p2a: Solgaleo\n|-heal|p2a: Solgaleo|86/100\n|move|p1a: Sinistcha|Shadow Ball|p2a: Solgaleo\n|-supereffective|p2a: Solgaleo\n|-damage|p2a: Solgaleo|18/100\n|\n|-heal|p2a: Solgaleo|24/100|[from] item: Leftovers\n|upkeep\n|turn|23\n|inactive|Time left: 300 sec this turn | 300 sec total\n|\n|t:|1783548216\n|move|p2a: Solgaleo|Morning Sun|p2a: Solgaleo\n|-heal|p2a: Solgaleo|74/100\n|move|p1a: Sinistcha|Shadow Ball|p2a: Solgaleo\n|-supereffective|p2a: Solgaleo\n|-damage|p2a: Solgaleo|4/100\n|\n|-heal|p2a: Solgaleo|10/100|[from] item: Leftovers\n|upkeep\n|turn|24\n|inactive|Time left: 300 sec this turn | 300 sec total\n|\n|t:|1783548217\n|move|p2a: Solgaleo|Sunsteel Strike|p1a: Sinistcha\n|-resisted|p1a: Sinistcha\n|-damage|p1a: Sinistcha|204/254\n|move|p1a: Sinistcha|Shadow Ball|p2a: Solgaleo\n|-supereffective|p2a: Solgaleo\n|-damage|p2a: Solgaleo|0 fnt\n|faint|p2a: Solgaleo\n|\n|win|p0x780cd23", "uploadtime": 1783548217, "views": 0, "rating": 0, "private": 0, "password": null, "_winner": "p0x780cd23", "_our_name": "p0x780cd23"}