{"id": "battle-gen9randombattle-1751", "formatid": "gen9randombattle", "format": "[Gen 9] Random Battle", "players": ["p0x1751b017", "p0y1751c45f"], "log": "|init|battle\n|title|p0x1751b017 vs. p0y1751c45f\n|j|\u2606p0x1751b017\n|j|\u2606p0y1751c45f\n|t:|1783560227\n|gametype|singles\n|player|p1|p0x1751b017|2|\n|player|p2|p0y1751c45f|169|\n|gen|9\n|tier|[Gen 9] Random Battle\n|rule|Species Clause: Limit one of each Pok\u00e9mon\n|rule|HP Percentage Mod: HP is shown in percentages\n|rule|Sleep Clause Mod: Limit one foe put to sleep\n|rule|Illusion Level Mod: Illusion disguises the Pok\u00e9mon's true level\n|\n|t:|1783560227\n|teamsize|p1|6\n|teamsize|p2|6\n|start\n|switch|p1a: Espeon|Espeon, L84, M|246/246\n|switch|p2a: Rhydon|Rhydon, L85, F|100/100\n|turn|1\n|inactive|Battle timer is ON: inactive players will automatically lose when time's up. (requested by p0y1751c45f)\n|inactive|Time left: 300 sec this turn | 300 sec total | 60 sec grace\n|inactive|p0x1751b017 also wants the timer to be on.\n|\n|t:|1783560229\n|switch|p1a: Granbull|Granbull, L88, F|302/302\n|-ability|p1a: Granbull|Intimidate|boost\n|-unboost|p2a: Rhydon|atk|1\n|move|p2a: Rhydon|Megahorn|p1a: Granbull\n|-resisted|p1a: Granbull\n|-damage|p1a: Granbull|264/302\n|\n|-heal|p1a: Granbull|282/302|[from] item: Leftovers\n|upkeep\n|turn|2\n|inactive|Time left: 300 sec this turn | 300 sec total\n|\n|t:|1783560230\n|switch|p2a: Hariyama|Hariyama, L87, F|100/100\n|move|p1a: Granbull|Play Rough|p2a: Hariyama\n|-supereffective|p2a: Hariyama\n|-damage|p2a: Hariyama|25/100\n|\n|-heal|p1a: Granbull|300/302|[from] item: Leftovers\n|-status|p2a: Hariyama|brn|[from] item: Flame Orb\n|upkeep\n|turn|3\n|inactive|Time left: 300 sec this turn | 300 sec total\n|\n|t:|1783560231\n|-terastallize|p2a: Hariyama|Normal\n|move|p2a: Hariyama|Facade|p1a: Granbull\n|-damage|p1a: Granbull|0 fnt\n|faint|p1a: Granbull\n|\n|-damage|p2a: Hariyama|19/100 brn|[from] brn\n|upkeep\n|inactive|Time left: 300 sec this turn | 300 sec total | 5 sec grace\n|\n|t:|1783560232\n|switch|p1a: Passimian|Passimian, L83, F|302/302\n|turn|4\n|inactive|Time left: 300 sec this turn | 300 sec total\n|\n|t:|1783560233\n|switch|p2a: Rhydon|Rhydon, L85, F|100/100\n|move|p1a: Passimian|Knock Off|p2a: Rhydon\n|-damage|p2a: Rhydon|86/100\n|-enditem|p2a: Rhydon|Eviolite|[from] move: Knock Off|[of] p1a: Passimian\n|\n|upkeep\n|turn|5\n|inactive|Time left: 300 sec this turn | 300 sec total\n|\n|t:|1783560234\n|move|p1a: Passimian|Bulk Up|p1a: Passimian\n|-boost|p1a: Passimian|atk|1\n|-boost|p1a: Passimian|def|1\n|move|p2a: Rhydon|Earthquake|p1a: Passimian\n|-damage|p1a: Passimian|206/302\n|\n|-heal|p1a: Passimian|224/302|[from] item: Leftovers\n|upkeep\n|turn|6\n|inactive|Time left: 300 sec this turn | 300 sec total\n|\n|t:|1783560235\n|switch|p2a: Basculegion|Basculegion-F, L83, F|100/100\n|move|p1a: Passimian|Drain Punch|p2a: Basculegion\n|-immune|p2a: Basculegion\n|\n|-heal|p1a: Passimian|242/302|[from] item: Leftovers\n|upkeep\n|turn|7\n|inactive|Time left: 300 sec this turn | 300 sec total\n|\n|t:|1783560236\n|move|p1a: Passimian|Knock Off|p2a: Basculegion\n|-supereffective|p2a: Basculegion\n|-damage|p2a: Basculegion|10/100\n|-enditem|p2a: Basculegion|Assault Vest|[from] move: Knock Off|[of] p1a: Passimian\n|move|p2a: Basculegion|Hydro Pump|p1a: Passimian\n|-damage|p1a: Passimian|18/302\n|\n|-heal|p1a: Passimian|36/302|[from] item: Leftovers\n|upkeep\n|turn|8\n|inactive|Time left: 300 sec this turn | 300 sec total\n|\n|t:|1783560238\n|move|p1a: Passimian|Knock Off|p2a: Basculegion\n|-supereffective|p2a: Basculegion\n|-damage|p2a: Basculegion|0 fnt\n|faint|p2a: Basculegion\n|\n|-heal|p1a: Passimian|54/302|[from] item: Leftovers\n|upkeep\n|\n|t:|1783560238\n|switch|p2a: Flygon|Flygon, L82, M|100/100\n|turn|9\n|inactive|Time left: 300 sec this turn | 300 sec total\n|\n|t:|1783560239\n|switch|p1a: Azumarill|Azumarill, L82, F|298/298\n|move|p2a: Flygon|Outrage|p1a: Azumarill\n|-immune|p1a: Azumarill\n|\n|upkeep\n|turn|10\n|inactive|Time left: 300 sec this turn | 300 sec total\n|\n|t:|1783560240\n|move|p2a: Flygon|Earthquake|p1a: Azumarill\n|-damage|p1a: Azumarill|190/298\n|move|p1a: Azumarill|Play Rough|p2a: Flygon\n|-supereffective|p2a: Flygon\n|-damage|p2a: Flygon|0 fnt\n|faint|p2a: Flygon\n|\n|upkeep\n|\n|t:|1783560241\n|switch|p2a: Bastiodon|Bastiodon, L89, F|100/100\n|turn|11\n|inactive|Time left: 300 sec this turn | 300 sec total\n|\n|t:|1783560242\n|switch|p1a: Swampert|Swampert, L83, F|302/302\n|move|p2a: Bastiodon|Iron Defense|p2a: Bastiodon\n|-boost|p2a: Bastiodon|def|2\n|\n|upkeep\n|turn|12\n|inactive|Time left: 300 sec this turn | 300 sec total\n|\n|t:|1783560243\n|move|p1a: Swampert|Earthquake|p2a: Bastiodon\n|-supereffective|p2a: Bastiodon\n|-damage|p2a: Bastiodon|47/100\n|move|p2a: Bastiodon|Iron Defense|p2a: Bastiodon\n|-boost|p2a: Bastiodon|def|2\n|\n|upkeep\n|turn|13\n|inactive|Time left: 300 sec this turn | 300 sec total\n|\n|t:|1783560244\n|move|p1a: Swampert|Flip Turn|p2a: Bastiodon\n|-supereffective|p2a: Bastiodon\n|-damage|p2a: Bastiodon|36/100\n|inactive|Time left: 300 sec this turn | 300 sec total | 5 sec grace\n|\n|t:|1783560244\n|switch|p1a: Passimian|Passimian, L83, F|54/302|[from] Flip Turn\n|move|p2a: Bastiodon|Body Press|p1a: Passimian\n|-damage|p1a: Passimian|0 fnt\n|faint|p1a: Passimian\n|\n|upkeep\n|inactive|Time left: 300 sec this turn | 300 sec total | 10 sec grace\n|\n|t:|1783560245\n|switch|p1a: Miraidon|Miraidon, L65|238/238\n|-fieldstart|move: Electric Terrain|[from] ability: Hadron Engine|[of] p1a: Miraidon\n|turn|14\n|inactive|Time left: 300 sec this turn | 300 sec total\n|\n|t:|1783560246\n|switch|p2a: Rhydon|Rhydon, L85, F|86/100\n|move|p1a: Miraidon|Volt Switch|p2a: Rhydon\n|-ability|p2a: Rhydon|Lightning Rod|boost\n|-boost|p2a: Rhydon|spa|1\n|\n|upkeep\n|turn|15\n|inactive|Time left: 300 sec this turn | 300 sec total\n|\n|t:|1783560247\n|switch|p1a: Azumarill|Azumarill, L82, F|190/298\n|move|p2a: Rhydon|Stone Edge|p1a: Azumarill\n|-damage|p1a: Azumarill|24/298\n|\n|upkeep\n|turn|16\n|inactive|Time left: 300 sec this turn | 300 sec total\n|\n|t:|1783560248\n|switch|p2a: Cetitan|Cetitan, L82, M|100/100\n|move|p1a: Azumarill|Liquidation|p2a: Cetitan\n|-damage|p2a: Cetitan|49/100\n|\n|upkeep\n|turn|17\n|inactive|Time left: 300 sec this turn | 300 sec total\n|\n|t:|1783560249\n|switch|p1a: Swampert|Swampert, L83, F|302/302\n|move|p2a: Cetitan|Icicle Crash|p1a: Swampert\n|-damage|p1a: Swampert|133/302\n|\n|-heal|p1a: Swampert|151/302|[from] item: Leftovers\n|upkeep\n|turn|18\n|inactive|Time left: 300 sec this turn | 300 sec total\n|\n|t:|1783560250\n|move|p2a: Cetitan|Icicle Crash|p1a: Swampert\n|-damage|p1a: Swampert|0 fnt\n|faint|p1a: Swampert\n|\n|-fieldend|move: Electric Terrain\n|upkeep\n|inactive|Time left: 300 sec this turn | 300 sec total | 5 sec grace\n|\n|t:|1783560251\n|switch|p1a: Miraidon|Miraidon, L65|238/238\n|-fieldstart|move: Electric Terrain|[from] ability: Hadron Engine|[of] p1a: Miraidon\n|turn|19\n|inactive|Time left: 300 sec this turn | 300 sec total\n|\n|t:|1783560252\n|switch|p2a: Rhydon|Rhydon, L85, F|86/100\n|move|p1a: Miraidon|Draco Meteor|p2a: Rhydon\n|-damage|p2a: Rhydon|0 fnt\n|-unboost|p1a: Miraidon|spa|2\n|faint|p2a: Rhydon\n|\n|upkeep\n|\n|t:|1783560253\n|switch|p2a: Cetitan|Cetitan, L82, M|49/100\n|turn|20\n|inactive|Time left: 300 sec this turn | 300 sec total\n|\n|t:|1783560254\n|switch|p1a: Azumarill|Azumarill, L82, F|24/298\n|move|p2a: Cetitan|Icicle Crash|p1a: Azumarill\n|-resisted|p1a: Azumarill\n|-damage|p1a: Azumarill|0 fnt\n|faint|p1a: Azumarill\n|\n|upkeep\n|inactive|Time left: 300 sec this turn | 300 sec total | 5 sec grace\n|\n|t:|1783560255\n|switch|p1a: Miraidon|Miraidon, L65|238/238\n|-activate|p1a: Miraidon|ability: Hadron Engine\n|turn|21\n|inactive|Time left: 300 sec this turn | 300 sec total\n|\n|t:|1783560255\n|move|p2a: Cetitan|Ice Shard|p1a: Miraidon\n|-supereffective|p1a: Miraidon\n|-damage|p1a: Miraidon|90/238\n|-damage|p2a: Cetitan|39/100|[from] item: Life Orb\n|move|p1a: Miraidon|Electro Drift|p2a: Cetitan\n|-damage|p2a: Cetitan|0 fnt\n|faint|p2a: Cetitan\n|\n|upkeep\n|\n|t:|1783560256\n|switch|p2a: Bastiodon|Bastiodon, L89, F|36/100\n|turn|22\n|inactive|Time left: 300 sec this turn | 300 sec total\n|\n|t:|1783560257\n|-terastallize|p1a: Miraidon|Electric\n|move|p1a: Miraidon|Electro Drift|p2a: Bastiodon\n|-damage|p2a: Bastiodon|0 fnt\n|faint|p2a: Bastiodon\n|\n|upkeep\n|\n|t:|1783560258\n|switch|p2a: Hariyama|Hariyama, L87, F, tera:Normal|19/100 brn\n|turn|23\n|inactive|Time left: 300 sec this turn | 300 sec total\n|\n|t:|1783560259\n|move|p1a: Miraidon|Electro Drift|p2a: Hariyama\n|-damage|p2a: Hariyama|0 fnt\n|faint|p2a: Hariyama\n|\n|win|p0x1751b017", "uploadtime": 1783560259, "views": 0, "rating": 0, "private": 0, "password": null, "_winner": "p0x1751b017", "_our_name": "p0x1751b017"}