{"id": "battle-gen9randombattle-2212", "formatid": "gen9randombattle", "format": "[Gen 9] Random Battle", "players": ["p0x22126a24", "p0y2212cc16"], "log": "|init|battle\n|title|p0x22126a24 vs. p0y2212cc16\n|j|\u2606p0x22126a24\n|j|\u2606p0y2212cc16\n|t:|1783565661\n|gametype|singles\n|player|p1|p0x22126a24|1|\n|player|p2|p0y2212cc16|266|\n|gen|9\n|tier|[Gen 9] Random Battle\n|rule|Species Clause: Limit one of each Pok\u00e9mon\n|rule|HP Percentage Mod: HP is shown in percentages\n|rule|Sleep Clause Mod: Limit one foe put to sleep\n|rule|Illusion Level Mod: Illusion disguises the Pok\u00e9mon's true level\n|\n|t:|1783565661\n|teamsize|p1|6\n|teamsize|p2|6\n|start\n|switch|p1a: Greedent|Greedent, L86, M|100/100\n|switch|p2a: Venusaur|Venusaur, L84, F|272/272\n|turn|1\n|inactive|Battle timer is ON: inactive players will automatically lose when time's up. (requested by p0y2212cc16)\n|inactive|p0x22126a24 also wants the timer to be on.\n|\n|t:|1783565663\n|move|p2a: Venusaur|Leech Seed|p1a: Greedent\n|-start|p1a: Greedent|move: Leech Seed\n|move|p1a: Greedent|Swords Dance|p1a: Greedent\n|-boost|p1a: Greedent|atk|2\n|\n|-damage|p1a: Greedent|88/100|[from] Leech Seed|[of] p2a: Venusaur\n|upkeep\n|turn|2\n|inactive|Time left: 300 sec this turn | 300 sec total\n|\n|t:|1783565663\n|move|p2a: Venusaur|Sleep Powder|p1a: Greedent\n|-status|p1a: Greedent|slp|[from] move: Sleep Powder\n|cant|p1a: Greedent|slp\n|\n|-damage|p1a: Greedent|76/100 slp|[from] Leech Seed|[of] p2a: Venusaur\n|upkeep\n|turn|3\n|inactive|Time left: 300 sec this turn | 300 sec total\n|\n|t:|1783565664\n|move|p2a: Venusaur|Sludge Bomb|p1a: Greedent\n|-damage|p1a: Greedent|45/100 slp\n|-enditem|p1a: Greedent|Sitrus Berry|[eat]\n|-heal|p1a: Greedent|70/100 slp|[from] item: Sitrus Berry\n|-heal|p1a: Greedent|100/100 slp|[from] ability: Cheek Pouch\n|cant|p1a: Greedent|slp\n|\n|-damage|p1a: Greedent|88/100 slp|[from] Leech Seed|[of] p2a: Venusaur\n|upkeep\n|turn|4\n|inactive|Time left: 300 sec this turn | 300 sec total\n|\n|t:|1783565665\n|move|p2a: Venusaur|Sludge Bomb|p1a: Greedent\n|-damage|p1a: Greedent|59/100 slp\n|-curestatus|p1a: Greedent|slp|[msg]\n|move|p1a: Greedent|Body Slam|p2a: Venusaur\n|-damage|p2a: Venusaur|62/272\n|\n|-heal|p2a: Venusaur|79/272|[from] item: Leftovers\n|-damage|p1a: Greedent|47/100|[from] Leech Seed|[of] p2a: Venusaur\n|-heal|p2a: Venusaur|122/272|[silent]\n|upkeep\n|turn|5\n|inactive|Time left: 300 sec this turn | 300 sec total\n|\n|t:|1783565666\n|move|p2a: Venusaur|Sleep Powder|p1a: Greedent\n|-status|p1a: Greedent|slp|[from] move: Sleep Powder\n|cant|p1a: Greedent|slp\n|\n|-heal|p2a: Venusaur|139/272|[from] item: Leftovers\n|-damage|p1a: Greedent|35/100 slp|[from] Leech Seed|[of] p2a: Venusaur\n|-heal|p2a: Venusaur|182/272|[silent]\n|upkeep\n|turn|6\n|inactive|Time left: 300 sec this turn | 300 sec total\n|\n|t:|1783565667\n|move|p2a: Venusaur|Sludge Bomb|p1a: Greedent\n|-damage|p1a: Greedent|5/100 slp\n|cant|p1a: Greedent|slp\n|\n|-heal|p2a: Venusaur|199/272|[from] item: Leftovers\n|-damage|p1a: Greedent|0 fnt|[from] Leech Seed|[of] p2a: Venusaur\n|-heal|p2a: Venusaur|215/272|[silent]\n|faint|p1a: Greedent\n|upkeep\n|\n|t:|1783565668\n|switch|p1a: Jumpluff|Jumpluff, L87, M|100/100\n|turn|7\n|inactive|Time left: 300 sec this turn | 300 sec total\n|\n|t:|1783565669\n|move|p1a: Jumpluff|Acrobatics|p2a: Venusaur\n|-supereffective|p2a: Venusaur\n|-damage|p2a: Venusaur|47/272\n|move|p2a: Venusaur|Sludge Bomb|p1a: Jumpluff\n|-supereffective|p1a: Jumpluff\n|-damage|p1a: Jumpluff|31/100\n|\n|-heal|p2a: Venusaur|64/272|[from] item: Leftovers\n|upkeep\n|turn|8\n|inactive|Time left: 300 sec this turn | 300 sec total\n|\n|t:|1783565670\n|move|p1a: Jumpluff|Strength Sap|p2a: Venusaur\n|-unboost|p2a: Venusaur|atk|1\n|-heal|p1a: Jumpluff|84/100\n|move|p2a: Venusaur|Sludge Bomb|p1a: Jumpluff\n|-supereffective|p1a: Jumpluff\n|-damage|p1a: Jumpluff|17/100\n|\n|-heal|p2a: Venusaur|81/272|[from] item: Leftovers\n|upkeep\n|turn|9\n|inactive|Time left: 300 sec this turn | 300 sec total\n|\n|t:|1783565671\n|move|p1a: Jumpluff|Acrobatics|p2a: Venusaur\n|-supereffective|p2a: Venusaur\n|-damage|p2a: Venusaur|0 fnt\n|faint|p2a: Venusaur\n|\n|upkeep\n|inactive|Time left: 300 sec this turn | 300 sec total | 5 sec grace\n|\n|t:|1783565671\n|switch|p2a: Dragapult|Dragapult, L77, M|262/262\n|turn|10\n|inactive|Time left: 300 sec this turn | 300 sec total\n|\n|t:|1783565672\n|switch|p1a: Ting-Lu|Ting-Lu, L78|100/100\n|-ability|p1a: Ting-Lu|Vessel of Ruin\n|move|p2a: Dragapult|Dragon Darts|p1a: Ting-Lu\n|-damage|p1a: Ting-Lu|89/100\n|-anim|p2a: Dragapult|Dragon Darts|p1a: Ting-Lu\n|-damage|p1a: Ting-Lu|77/100\n|\n|-heal|p1a: Ting-Lu|83/100|[from] item: Leftovers\n|upkeep\n|turn|11\n|inactive|Time left: 300 sec this turn | 300 sec total\n|\n|t:|1783565673\n|move|p2a: Dragapult|Will-O-Wisp|p1a: Ting-Lu\n|-status|p1a: Ting-Lu|brn\n|move|p1a: Ting-Lu|Payback|p2a: Dragapult\n|-supereffective|p2a: Dragapult\n|-damage|p2a: Dragapult|145/262\n|-start|p1a: Ting-Lu|Disable|Payback|[from] ability: Cursed Body|[of] p2a: Dragapult\n|\n|-heal|p1a: Ting-Lu|89/100 brn|[from] item: Leftovers\n|-damage|p1a: Ting-Lu|83/100 brn|[from] brn\n|upkeep\n|turn|12\n|inactive|Time left: 300 sec this turn | 300 sec total\n|\n|t:|1783565675\n|move|p2a: Dragapult|U-turn|p1a: Ting-Lu\n|-supereffective|p1a: Ting-Lu\n|-damage|p1a: Ting-Lu|62/100 brn\n|inactive|Time left: 300 sec this turn | 300 sec total | 5 sec grace\n|\n|t:|1783565676\n|switch|p2a: Charizard|Charizard, L85, F|271/271|[from] U-turn\n|move|p1a: Ting-Lu|Earthquake|p2a: Charizard\n|-immune|p2a: Charizard\n|\n|-heal|p1a: Ting-Lu|68/100 brn|[from] item: Leftovers\n|-damage|p1a: Ting-Lu|62/100 brn|[from] brn\n|upkeep\n|turn|13\n|inactive|Time left: 300 sec this turn | 300 sec total\n|\n|t:|1783565677\n|move|p2a: Charizard|Flamethrower|p1a: Ting-Lu\n|-damage|p1a: Ting-Lu|36/100 brn\n|move|p1a: Ting-Lu|Spikes|p2a: Charizard\n|-sidestart|p2: p0y2212cc16|Spikes\n|\n|-heal|p1a: Ting-Lu|42/100 brn|[from] item: Leftovers\n|-damage|p1a: Ting-Lu|36/100 brn|[from] brn\n|upkeep\n|turn|14\n|inactive|Time left: 300 sec this turn | 300 sec total\n|\n|t:|1783565678\n|move|p2a: Charizard|Hurricane|p1a: Ting-Lu|[miss]\n|-miss|p2a: Charizard|p1a: Ting-Lu\n|move|p1a: Ting-Lu|Spikes|p2a: Charizard\n|-sidestart|p2: p0y2212cc16|Spikes\n|\n|-heal|p1a: Ting-Lu|42/100 brn|[from] item: Leftovers\n|-damage|p1a: Ting-Lu|36/100 brn|[from] brn\n|-end|p1a: Ting-Lu|Disable\n|upkeep\n|turn|15\n|inactive|Time left: 300 sec this turn | 300 sec total\n|\n|t:|1783565679\n|move|p2a: Charizard|Focus Blast|p1a: Ting-Lu\n|-supereffective|p1a: Ting-Lu\n|-damage|p1a: Ting-Lu|0 fnt\n|faint|p1a: Ting-Lu\n|\n|upkeep\n|\n|t:|1783565680\n|switch|p1a: Basculegion|Basculegion, L80, M|100/100\n|turn|16\n|inactive|Time left: 300 sec this turn | 300 sec total\n|\n|t:|1783565682\n|switch|p2a: Zarude|Zarude-Dada, L77|288/288\n|-damage|p2a: Zarude|240/288|[from] Spikes\n|move|p1a: Basculegion|Wave Crash|p2a: Zarude\n|-resisted|p2a: Zarude\n|-damage|p2a: Zarude|162/288\n|-damage|p1a: Basculegion|92/100|[from] Recoil\n|\n|upkeep\n|turn|17\n|inactive|Time left: 300 sec this turn | 300 sec total\n|\n|t:|1783565683\n|switch|p1a: Jumpluff|Jumpluff, L87, M|17/100\n|move|p2a: Zarude|Knock Off|p1a: Jumpluff\n|-damage|p1a: Jumpluff|0 fnt\n|faint|p1a: Jumpluff\n|\n|upkeep\n|\n|t:|1783565683\n|switch|p1a: Regigigas|Regigigas, L84|100/100\n|-start|p1a: Regigigas|ability: Slow Start\n|turn|18\n|inactive|Time left: 300 sec this turn | 300 sec total\n|\n|t:|1783565684\n|move|p2a: Zarude|Knock Off|p1a: Regigigas\n|-damage|p1a: Regigigas|76/100\n|-enditem|p1a: Regigigas|Leftovers|[from] move: Knock Off|[of] p2a: Zarude\n|move|p1a: Regigigas|Knock Off|p2a: Zarude\n|-resisted|p2a: Zarude\n|-damage|p2a: Zarude|135/288\n|-enditem|p2a: Zarude|Choice Scarf|[from] move: Knock Off|[of] p1a: Regigigas\n|\n|upkeep\n|turn|19\n|inactive|Time left: 300 sec this turn | 300 sec total\n|\n|t:|1783565685\n|move|p2a: Zarude|Power Whip|p1a: Regigigas\n|-damage|p1a: Regigigas|42/100\n|move|p1a: Regigigas|Body Slam|p2a: Zarude\n|-damage|p2a: Zarude|66/288\n|-status|p2a: Zarude|par\n|\n|upkeep\n|turn|20\n|inactive|Time left: 300 sec this turn | 300 sec total\n|\n|t:|1783565687\n|move|p1a: Regigigas|Substitute|p1a: Regigigas\n|-start|p1a: Regigigas|Substitute\n|-damage|p1a: Regigigas|17/100\n|move|p2a: Zarude|Close Combat|p1a: Regigigas\n|-supereffective|p1a: Regigigas\n|-end|p1a: Regigigas|Substitute\n|-unboost|p2a: Zarude|def|1\n|-unboost|p2a: Zarude|spd|1\n|\n|upkeep\n|turn|21\n|inactive|Time left: 300 sec this turn | 300 sec total\n|\n|t:|1783565688\n|move|p1a: Regigigas|Body Slam|p2a: Zarude\n|-damage|p2a: Zarude|0 fnt\n|faint|p2a: Zarude\n|\n|upkeep\n|inactive|Time left: 300 sec this turn | 300 sec total | 5 sec grace\n|\n|t:|1783565688\n|switch|p2a: Charizard|Charizard, L85, F|271/271\n|turn|22\n|inactive|Time left: 300 sec this turn | 300 sec total\n|\n|t:|1783565690\n|switch|p1a: Basculegion|Basculegion, L80, M|92/100\n|move|p2a: Charizard|Hurricane|p1a: Basculegion\n|-damage|p1a: Basculegion|62/100\n|\n|upkeep\n|turn|23\n|inactive|Time left: 300 sec this turn | 300 sec total\n|\n|t:|1783565691\n|-terastallize|p2a: Charizard|Dragon\n|move|p2a: Charizard|Earthquake|p1a: Basculegion\n|-damage|p1a: Basculegion|37/100\n|move|p1a: Basculegion|Wave Crash|p2a: Charizard\n|-resisted|p2a: Charizard\n|-damage|p2a: Charizard|183/271\n|-damage|p1a: Basculegion|28/100|[from] Recoil\n|\n|upkeep\n|turn|24\n|inactive|Time left: 300 sec this turn | 300 sec total\n|\n|t:|1783565692\n|switch|p1a: Slowking|Slowking, L88, F|100/100\n|move|p2a: Charizard|Hurricane|p1a: Slowking|[miss]\n|-miss|p2a: Charizard|p1a: Slowking\n|\n|upkeep\n|turn|25\n|inactive|Time left: 300 sec this turn | 300 sec total\n|\n|t:|1783565693\n|move|p2a: Charizard|Earthquake|p1a: Slowking\n|-damage|p1a: Slowking|78/100\n|move|p1a: Slowking|Scald|p2a: Charizard\n|-resisted|p2a: Charizard\n|-damage|p2a: Charizard|132/271\n|\n|upkeep\n|turn|26\n|inactive|Time left: 300 sec this turn | 300 sec total\n|\n|t:|1783565694\n|move|p2a: Charizard|Hurricane|p1a: Slowking\n|-damage|p1a: Slowking|44/100\n|move|p1a: Slowking|Scald|p2a: Charizard\n|-resisted|p2a: Charizard\n|-damage|p2a: Charizard|81/271\n|\n|upkeep\n|turn|27\n|inactive|Time left: 300 sec this turn | 300 sec total\n|\n|t:|1783565695\n|move|p2a: Charizard|Hurricane|p1a: Slowking\n|-damage|p1a: Slowking|8/100\n|move|p1a: Slowking|Slack Off|p1a: Slowking\n|-heal|p1a: Slowking|58/100\n|\n|upkeep\n|turn|28\n|inactive|Time left: 300 sec this turn | 300 sec total\n|\n|t:|1783565696\n|move|p2a: Charizard|Hurricane|p1a: Slowking\n|-damage|p1a: Slowking|24/100\n|move|p1a: Slowking|Scald|p2a: Charizard\n|-resisted|p2a: Charizard\n|-damage|p2a: Charizard|29/271\n|\n|upkeep\n|turn|29\n|inactive|Time left: 300 sec this turn | 300 sec total\n|\n|t:|1783565698\n|move|p2a: Charizard|Hurricane|p1a: Slowking\n|-damage|p1a: Slowking|0 fnt\n|faint|p1a: Slowking\n|\n|upkeep\n|\n|t:|1783565698\n|switch|p1a: Basculegion|Basculegion, L80, M|28/100\n|turn|30\n|inactive|Time left: 300 sec this turn | 300 sec total\n|\n|t:|1783565699\n|move|p1a: Basculegion|Aqua Jet|p2a: Charizard\n|-resisted|p2a: Charizard\n|-damage|p2a: Charizard|0 fnt\n|faint|p2a: Charizard\n|\n|upkeep\n|inactive|Time left: 300 sec this turn | 300 sec total | 5 sec grace\n|\n|t:|1783565700\n|switch|p2a: Dragapult|Dragapult, L77, M|145/262\n|turn|31\n|inactive|Time left: 300 sec this turn | 300 sec total\n|\n|t:|1783565701\n|move|p2a: Dragapult|Dragon Darts|p1a: Basculegion\n|-damage|p1a: Basculegion|9/100\n|-anim|p2a: Dragapult|Dragon Darts|p1a: Basculegion\n|-damage|p1a: Basculegion|0 fnt\n|faint|p1a: Basculegion\n|\n|upkeep\n|\n|t:|1783565702\n|switch|p1a: Regigigas|Regigigas, L84|17/100\n|-start|p1a: Regigigas|ability: Slow Start\n|turn|32\n|inactive|Time left: 300 sec this turn | 300 sec total\n|\n|t:|1783565703\n|-terastallize|p1a: Regigigas|Poison\n|move|p1a: Regigigas|Protect|p1a: Regigigas\n|-singleturn|p1a: Regigigas|Protect\n|move|p2a: Dragapult|Dragon Darts|p1a: Regigigas\n|-activate|p1a: Regigigas|move: Protect\n|\n|upkeep\n|turn|33\n|inactive|Time left: 300 sec this turn | 300 sec total\n|\n|t:|1783565704\n|move|p1a: Regigigas|Protect||[still]\n|-fail|p1a: Regigigas\n|move|p2a: Dragapult|Dragon Darts|p1a: Regigigas\n|-crit|p1a: Regigigas\n|-damage|p1a: Regigigas|0 fnt\n|faint|p1a: Regigigas\n|-end|p1a: Regigigas|Slow Start|[silent]\n|\n|win|p0y2212cc16", "uploadtime": 1783565704, "views": 0, "rating": 0, "private": 0, "password": null, "_winner": "p0y2212cc16", "_our_name": "p0y2212cc16"}