{"id": "battle-gen9randombattle-1796", "formatid": "gen9randombattle", "format": "[Gen 9] Random Battle", "players": ["p0x1796ebac", "p0y17969054"], "log": "|init|battle\n|title|p0x1796ebac vs. p0y17969054\n|j|\u2606p0x1796ebac\n|j|\u2606p0y17969054\n|t:|1783560040\n|gametype|singles\n|player|p1|p0x1796ebac|2|\n|player|p2|p0y17969054|2|\n|gen|9\n|tier|[Gen 9] Random Battle\n|rule|Species Clause: Limit one of each Pok\u00e9mon\n|rule|HP Percentage Mod: HP is shown in percentages\n|rule|Sleep Clause Mod: Limit one foe put to sleep\n|rule|Illusion Level Mod: Illusion disguises the Pok\u00e9mon's true level\n|\n|t:|1783560040\n|teamsize|p1|6\n|teamsize|p2|6\n|start\n|switch|p1a: Spiritomb|Spiritomb, L89, M|234/234\n|switch|p2a: Articuno|Articuno, L86|100/100\n|-ability|p2a: Articuno|Pressure\n|turn|1\n|inactive|Battle timer is ON: inactive players will automatically lose when time's up. (requested by p0y17969054)\n|inactive|Time left: 300 sec this turn | 300 sec total | 60 sec grace\n|inactive|p0x1796ebac also wants the timer to be on.\n|\n|t:|1783560042\n|move|p2a: Articuno|Brave Bird|p1a: Spiritomb\n|-damage|p1a: Spiritomb|143/234\n|-damage|p2a: Articuno|90/100|[from] Recoil\n|move|p1a: Spiritomb|Toxic|p2a: Articuno\n|-status|p2a: Articuno|tox\n|\n|-heal|p1a: Spiritomb|157/234|[from] item: Leftovers\n|-damage|p2a: Articuno|84/100 tox|[from] psn\n|upkeep\n|turn|2\n|inactive|Time left: 300 sec this turn | 300 sec total\n|\n|t:|1783560043\n|move|p2a: Articuno|Brave Bird|p1a: Spiritomb\n|-damage|p1a: Spiritomb|57/234\n|-damage|p2a: Articuno|73/100 tox|[from] Recoil\n|move|p1a: Spiritomb|Pain Split|p2a: Articuno\n|-sethp|p2a: Articuno|46/100 tox|[from] move: Pain Split|[silent]\n|-sethp|p1a: Spiritomb|135/234|[from] move: Pain Split\n|\n|-heal|p1a: Spiritomb|149/234|[from] item: Leftovers\n|-damage|p2a: Articuno|34/100 tox|[from] psn\n|upkeep\n|turn|3\n|inactive|Time left: 300 sec this turn | 300 sec total\n|\n|t:|1783560044\n|move|p2a: Articuno|Brave Bird|p1a: Spiritomb\n|-damage|p1a: Spiritomb|49/234\n|-damage|p2a: Articuno|23/100 tox|[from] Recoil\n|move|p1a: Spiritomb|Poltergeist|p2a: Articuno\n|-activate|p2a: Articuno|move: Poltergeist|Heavy-Duty Boots\n|-damage|p2a: Articuno|0 fnt\n|faint|p2a: Articuno\n|\n|-heal|p1a: Spiritomb|63/234|[from] item: Leftovers\n|upkeep\n|\n|t:|1783560045\n|switch|p2a: Miraidon|Miraidon, L65|100/100\n|-fieldstart|move: Electric Terrain|[from] ability: Hadron Engine|[of] p2a: Miraidon\n|turn|4\n|inactive|Time left: 300 sec this turn | 300 sec total\n|\n|t:|1783560046\n|move|p2a: Miraidon|Electro Drift|p1a: Spiritomb\n|-damage|p1a: Spiritomb|0 fnt\n|faint|p1a: Spiritomb\n|-damage|p2a: Miraidon|91/100|[from] item: Life Orb\n|\n|upkeep\n|inactive|Time left: 300 sec this turn | 300 sec total | 5 sec grace\n|\n|t:|1783560047\n|switch|p1a: Jirachi|Jirachi, L80|291/291\n|turn|5\n|inactive|Time left: 300 sec this turn | 300 sec total\n|\n|t:|1783560048\n|move|p2a: Miraidon|Electro Drift|p1a: Jirachi\n|-damage|p1a: Jirachi|104/291\n|-damage|p2a: Miraidon|81/100|[from] item: Life Orb\n|move|p1a: Jirachi|Drain Punch|p2a: Miraidon\n|-damage|p2a: Miraidon|58/100\n|-heal|p1a: Jirachi|132/291|[from] drain|[of] p2a: Miraidon\n|\n|-heal|p1a: Jirachi|150/291|[from] item: Leftovers\n|upkeep\n|turn|6\n|inactive|Time left: 300 sec this turn | 300 sec total\n|\n|t:|1783560050\n|switch|p1a: Scovillain|Scovillain, L91, M|266/266\n|move|p2a: Miraidon|Electro Drift|p1a: Scovillain\n|-resisted|p1a: Scovillain\n|-damage|p1a: Scovillain|156/266\n|-damage|p2a: Miraidon|48/100|[from] item: Life Orb\n|\n|-heal|p1a: Scovillain|172/266|[from] item: Leftovers\n|upkeep\n|turn|7\n|inactive|Time left: 300 sec this turn | 300 sec total\n|\n|t:|1783560051\n|move|p2a: Miraidon|Electro Drift|p1a: Scovillain\n|-resisted|p1a: Scovillain\n|-damage|p1a: Scovillain|54/266\n|-damage|p2a: Miraidon|38/100|[from] item: Life Orb\n|move|p1a: Scovillain|Flamethrower|p2a: Miraidon\n|-resisted|p2a: Miraidon\n|-damage|p2a: Miraidon|12/100\n|\n|-heal|p1a: Scovillain|70/266|[from] item: Leftovers\n|upkeep\n|turn|8\n|inactive|Time left: 300 sec this turn | 300 sec total\n|\n|t:|1783560052\n|move|p1a: Scovillain|Protect|p1a: Scovillain\n|-singleturn|p1a: Scovillain|Protect\n|move|p2a: Miraidon|Electro Drift|p1a: Scovillain\n|-activate|p1a: Scovillain|move: Protect\n|\n|-heal|p1a: Scovillain|86/266|[from] item: Leftovers\n|-fieldend|move: Electric Terrain\n|upkeep\n|turn|9\n|inactive|Time left: 300 sec this turn | 300 sec total\n|\n|t:|1783560053\n|move|p2a: Miraidon|Dragon Pulse|p1a: Scovillain\n|-damage|p1a: Scovillain|0 fnt\n|faint|p1a: Scovillain\n|-damage|p2a: Miraidon|2/100|[from] item: Life Orb\n|\n|upkeep\n|inactive|Time left: 300 sec this turn | 300 sec total | 5 sec grace\n|\n|t:|1783560054\n|switch|p1a: Necrozma|Necrozma-Dusk-Mane, L69|248/248\n|turn|10\n|inactive|Time left: 300 sec this turn | 300 sec total\n|\n|t:|1783560055\n|move|p2a: Miraidon|Electro Drift|p1a: Necrozma\n|-damage|p1a: Necrozma|131/248\n|-damage|p2a: Miraidon|0 fnt|[from] item: Life Orb\n|faint|p2a: Miraidon\n|move|p1a: Necrozma|Dragon Dance|p1a: Necrozma\n|-boost|p1a: Necrozma|atk|1\n|-boost|p1a: Necrozma|spe|1\n|\n|upkeep\n|\n|t:|1783560056\n|switch|p2a: Granbull|Granbull, L88, F|100/100\n|-ability|p2a: Granbull|Intimidate|boost\n|-unboost|p1a: Necrozma|atk|1\n|turn|11\n|inactive|Time left: 300 sec this turn | 300 sec total\n|\n|t:|1783560057\n|-terastallize|p2a: Granbull|Ground\n|move|p1a: Necrozma|Sunsteel Strike|p2a: Granbull\n|-damage|p2a: Granbull|60/100\n|move|p2a: Granbull|Earthquake|p1a: Necrozma\n|-supereffective|p1a: Necrozma\n|-damage|p1a: Necrozma|0 fnt\n|faint|p1a: Necrozma\n|\n|-heal|p2a: Granbull|66/100|[from] item: Leftovers\n|upkeep\n|inactive|Time left: 300 sec this turn | 300 sec total | 5 sec grace\n|\n|t:|1783560058\n|switch|p1a: Jirachi|Jirachi, L80|150/291\n|turn|12\n|inactive|Time left: 300 sec this turn | 300 sec total\n|\n|t:|1783560059\n|move|p1a: Jirachi|Iron Head|p2a: Granbull\n|-damage|p2a: Granbull|39/100\n|cant|p2a: Granbull|flinch\n|\n|-heal|p1a: Jirachi|168/291|[from] item: Leftovers\n|-heal|p2a: Granbull|45/100|[from] item: Leftovers\n|upkeep\n|turn|13\n|inactive|Time left: 300 sec this turn | 300 sec total\n|\n|t:|1783560060\n|move|p1a: Jirachi|Iron Head|p2a: Granbull\n|-damage|p2a: Granbull|16/100\n|cant|p2a: Granbull|flinch\n|\n|-heal|p1a: Jirachi|186/291|[from] item: Leftovers\n|-heal|p2a: Granbull|22/100|[from] item: Leftovers\n|upkeep\n|turn|14\n|inactive|Time left: 300 sec this turn | 300 sec total\n|\n|t:|1783560061\n|move|p1a: Jirachi|Iron Head|p2a: Granbull\n|-damage|p2a: Granbull|0 fnt\n|faint|p2a: Granbull\n|\n|-heal|p1a: Jirachi|204/291|[from] item: Leftovers\n|upkeep\n|\n|t:|1783560062\n|switch|p2a: Polteageist|Polteageist-Antique, L78|100/100\n|turn|15\n|inactive|Time left: 300 sec this turn | 300 sec total\n|\n|t:|1783560063\n|move|p1a: Jirachi|Iron Head|p2a: Polteageist\n|-damage|p2a: Polteageist|50/100\n|-start|p1a: Jirachi|Disable|Iron Head|[from] ability: Cursed Body|[of] p2a: Polteageist\n|cant|p2a: Polteageist|flinch\n|\n|-heal|p1a: Jirachi|222/291|[from] item: Leftovers\n|upkeep\n|turn|16\n|inactive|Time left: 300 sec this turn | 300 sec total\n|\n|t:|1783560063\n|switch|p1a: Toxicroak|Toxicroak, L84, F|277/277\n|move|p2a: Polteageist|Strength Sap|p1a: Toxicroak\n|-unboost|p1a: Toxicroak|atk|1\n|-heal|p2a: Polteageist|100/100\n|\n|upkeep\n|turn|17\n|inactive|Time left: 300 sec this turn | 300 sec total\n|\n|t:|1783560064\n|-terastallize|p1a: Toxicroak|Dark\n|move|p1a: Toxicroak|Swords Dance|p1a: Toxicroak\n|-boost|p1a: Toxicroak|atk|2\n|move|p2a: Polteageist|Shell Smash|p2a: Polteageist\n|-unboost|p2a: Polteageist|def|1\n|-unboost|p2a: Polteageist|spd|1\n|-boost|p2a: Polteageist|atk|2\n|-boost|p2a: Polteageist|spa|2\n|-boost|p2a: Polteageist|spe|2\n|-enditem|p2a: Polteageist|White Herb\n|-clearnegativeboost|p2a: Polteageist|[silent]\n|\n|upkeep\n|turn|18\n|inactive|Time left: 300 sec this turn | 300 sec total\n|\n|t:|1783560065\n|move|p2a: Polteageist|Shadow Ball|p1a: Toxicroak\n|-resisted|p1a: Toxicroak\n|-damage|p1a: Toxicroak|166/277\n|move|p1a: Toxicroak|Swords Dance|p1a: Toxicroak\n|-boost|p1a: Toxicroak|atk|2\n|\n|upkeep\n|turn|19\n|inactive|Time left: 300 sec this turn | 300 sec total\n|\n|t:|1783560066\n|move|p2a: Polteageist|Shadow Ball|p1a: Toxicroak\n|-resisted|p1a: Toxicroak\n|-damage|p1a: Toxicroak|39/277\n|move|p1a: Toxicroak|Earthquake|p2a: Polteageist\n|-damage|p2a: Polteageist|0 fnt\n|faint|p2a: Polteageist\n|-damage|p1a: Toxicroak|12/277|[from] item: Life Orb\n|\n|upkeep\n|\n|t:|1783560067\n|switch|p2a: Grumpig|Grumpig, L92, M|100/100\n|turn|20\n|inactive|Time left: 300 sec this turn | 300 sec total\n|\n|t:|1783560068\n|move|p2a: Grumpig|Shadow Ball|p1a: Toxicroak\n|-resisted|p1a: Toxicroak\n|-damage|p1a: Toxicroak|0 fnt\n|faint|p1a: Toxicroak\n|\n|upkeep\n|inactive|Time left: 300 sec this turn | 300 sec total | 5 sec grace\n|\n|t:|1783560069\n|switch|p1a: Jirachi|Jirachi, L80|222/291\n|turn|21\n|inactive|Time left: 300 sec this turn | 300 sec total\n|\n|t:|1783560070\n|move|p1a: Jirachi|Iron Head|p2a: Grumpig\n|-damage|p2a: Grumpig|67/100\n|move|p2a: Grumpig|Nasty Plot|p2a: Grumpig\n|-boost|p2a: Grumpig|spa|2\n|\n|-heal|p1a: Jirachi|240/291|[from] item: Leftovers\n|-heal|p2a: Grumpig|73/100|[from] item: Leftovers\n|upkeep\n|turn|22\n|inactive|Time left: 300 sec this turn | 300 sec total\n|\n|t:|1783560071\n|move|p1a: Jirachi|Iron Head|p2a: Grumpig\n|-damage|p2a: Grumpig|43/100\n|cant|p2a: Grumpig|flinch\n|\n|-heal|p1a: Jirachi|258/291|[from] item: Leftovers\n|-heal|p2a: Grumpig|49/100|[from] item: Leftovers\n|upkeep\n|turn|23\n|inactive|Time left: 300 sec this turn | 300 sec total\n|\n|t:|1783560072\n|move|p1a: Jirachi|Iron Head|p2a: Grumpig\n|-damage|p2a: Grumpig|19/100\n|move|p2a: Grumpig|Shadow Ball|p1a: Jirachi\n|-supereffective|p1a: Jirachi\n|-damage|p1a: Jirachi|18/291\n|\n|-heal|p1a: Jirachi|36/291|[from] item: Leftovers\n|-heal|p2a: Grumpig|25/100|[from] item: Leftovers\n|upkeep\n|turn|24\n|inactive|Time left: 300 sec this turn | 300 sec total\n|\n|t:|1783560074\n|switch|p2a: Luvdisc|Luvdisc, F|100/100\n|move|p1a: Jirachi|Iron Head|p2a: Luvdisc\n|-resisted|p2a: Luvdisc\n|-damage|p2a: Luvdisc|82/100\n|\n|-heal|p1a: Jirachi|54/291|[from] item: Leftovers\n|upkeep\n|turn|25\n|inactive|Time left: 300 sec this turn | 300 sec total\n|\n|t:|1783560075\n|switch|p1a: Ditto|Ditto, L87|225/225\n|-transform|p1a: Ditto|p2a: Luvdisc|[from] ability: Imposter\n|move|p2a: Luvdisc|Surf|p1a: Ditto\n|-resisted|p1a: Ditto\n|-damage|p1a: Ditto|186/225\n|\n|upkeep\n|turn|26\n|inactive|Time left: 300 sec this turn | 300 sec total\n|\n|t:|1783560076\n|move|p1a: Ditto|Surf|p2a: Luvdisc\n|-resisted|p2a: Luvdisc\n|-damage|p2a: Luvdisc|68/100\n|move|p2a: Luvdisc|Whirlpool|p1a: Ditto\n|-resisted|p1a: Ditto\n|-damage|p1a: Ditto|172/225\n|-activate|p1a: Ditto|move: Whirlpool|[of] p2a: Luvdisc\n|\n|-damage|p1a: Ditto|144/225|[from] move: Whirlpool|[partiallytrapped]\n|upkeep\n|turn|27\n|inactive|Time left: 300 sec this turn | 300 sec total\n|\n|t:|1783560077\n|move|p1a: Ditto|Surf|p2a: Luvdisc\n|-resisted|p2a: Luvdisc\n|-damage|p2a: Luvdisc|54/100\n|move|p2a: Luvdisc|Surf|p1a: Ditto\n|-resisted|p1a: Ditto\n|-damage|p1a: Ditto|105/225\n|\n|-damage|p1a: Ditto|77/225|[from] move: Whirlpool|[partiallytrapped]\n|upkeep\n|turn|28\n|inactive|Time left: 300 sec this turn | 300 sec total\n|\n|t:|1783560078\n|move|p1a: Ditto|Surf|p2a: Luvdisc\n|-resisted|p2a: Luvdisc\n|-damage|p2a: Luvdisc|39/100\n|move|p2a: Luvdisc|Surf|p1a: Ditto\n|-resisted|p1a: Ditto\n|-crit|p1a: Ditto\n|-damage|p1a: Ditto|18/225\n|\n|-damage|p1a: Ditto|0 fnt|[from] move: Whirlpool|[partiallytrapped]\n|faint|p1a: Ditto\n|upkeep\n|inactive|Time left: 300 sec this turn | 300 sec total | 5 sec grace\n|\n|t:|1783560079\n|switch|p1a: Jirachi|Jirachi, L80|54/291\n|turn|29\n|inactive|Time left: 300 sec this turn | 300 sec total\n|\n|t:|1783560080\n|move|p2a: Luvdisc|Surf|p1a: Jirachi\n|-damage|p1a: Jirachi|0 fnt\n|faint|p1a: Jirachi\n|\n|win|p0y17969054", "uploadtime": 1783560080, "views": 0, "rating": 0, "private": 0, "password": null, "_winner": "p0y17969054", "_our_name": "p0x1796ebac"}