{"id": "battle-gen9randombattle-1955", "formatid": "gen9randombattle", "format": "[Gen 9] Random Battle", "players": ["p0x19551e41", "p0y19557104"], "log": "|init|battle\n|title|p0x19551e41 vs. p0y19557104\n|j|\u2606p0x19551e41\n|j|\u2606p0y19557104\n|t:|1783562603\n|gametype|singles\n|player|p1|p0x19551e41|102|\n|player|p2|p0y19557104|1|\n|gen|9\n|tier|[Gen 9] Random Battle\n|rule|Species Clause: Limit one of each Pok\u00e9mon\n|rule|HP Percentage Mod: HP is shown in percentages\n|rule|Sleep Clause Mod: Limit one foe put to sleep\n|rule|Illusion Level Mod: Illusion disguises the Pok\u00e9mon's true level\n|\n|t:|1783562603\n|teamsize|p1|6\n|teamsize|p2|6\n|start\n|switch|p1a: Glimmora|Glimmora, L75, M|100/100\n|switch|p2a: Snorlax|Snorlax, L82, F|397/397\n|turn|1\n|inactive|Battle timer is ON: inactive players will automatically lose when time's up. (requested by p0x19551e41)\n|inactive|Time left: 300 sec this turn | 300 sec total | 60 sec grace\n|\n|t:|1783562605\n|move|p1a: Glimmora|Meteor Beam||[still]\n|-prepare|p1a: Glimmora|Meteor Beam\n|-boost|p1a: Glimmora|spa|1\n|-enditem|p1a: Glimmora|Power Herb\n|-anim|p1a: Glimmora|Meteor Beam|p2a: Snorlax\n|-damage|p2a: Snorlax|214/397\n|move|p2a: Snorlax|Curse|p2a: Snorlax\n|-unboost|p2a: Snorlax|spe|1\n|-boost|p2a: Snorlax|atk|1\n|-boost|p2a: Snorlax|def|1\n|\n|-heal|p2a: Snorlax|238/397|[from] item: Leftovers\n|upkeep\n|turn|2\n|inactive|Time left: 300 sec this turn | 300 sec total\n|inactive|p0y19557104 also wants the timer to be on.\n|\n|t:|1783562606\n|switch|p2a: Gholdengo|Gholdengo, L77|261/261\n|move|p1a: Glimmora|Meteor Beam||[still]\n|-prepare|p1a: Glimmora|Meteor Beam\n|-boost|p1a: Glimmora|spa|1\n|\n|upkeep\n|turn|3\n|inactive|Time left: 300 sec this turn | 300 sec total\n|\n|t:|1783562607\n|move|p2a: Gholdengo|Make It Rain|p1a: Glimmora\n|-supereffective|p1a: Glimmora\n|-damage|p1a: Glimmora|0 fnt\n|-unboost|p2a: Gholdengo|spa|1\n|faint|p1a: Glimmora\n|\n|upkeep\n|\n|t:|1783562608\n|switch|p1a: Sunflora|Sunflora, F|100/100\n|turn|4\n|inactive|Time left: 300 sec this turn | 300 sec total\n|\n|t:|1783562609\n|switch|p2a: Snorlax|Snorlax, L82, F|238/397\n|move|p1a: Sunflora|Earth Power|p2a: Snorlax\n|-damage|p2a: Snorlax|121/397\n|-unboost|p2a: Snorlax|spd|1\n|\n|-heal|p2a: Snorlax|145/397|[from] item: Leftovers\n|upkeep\n|turn|5\n|inactive|Time left: 300 sec this turn | 300 sec total\n|\n|t:|1783562610\n|switch|p2a: Bellossom|Bellossom, L84, M|263/263\n|move|p1a: Sunflora|Earth Power|p2a: Bellossom\n|-resisted|p2a: Bellossom\n|-damage|p2a: Bellossom|192/263\n|\n|-heal|p2a: Bellossom|208/263|[from] item: Leftovers\n|upkeep\n|turn|6\n|inactive|Time left: 300 sec this turn | 300 sec total\n|\n|t:|1783562611\n|move|p2a: Bellossom|Quiver Dance|p2a: Bellossom\n|-boost|p2a: Bellossom|spa|1\n|-boost|p2a: Bellossom|spd|1\n|-boost|p2a: Bellossom|spe|1\n|move|p1a: Sunflora|Earth Power|p2a: Bellossom\n|-resisted|p2a: Bellossom\n|-damage|p2a: Bellossom|164/263\n|\n|-heal|p2a: Bellossom|180/263|[from] item: Leftovers\n|upkeep\n|turn|7\n|inactive|Time left: 300 sec this turn | 300 sec total\n|\n|t:|1783562612\n|move|p2a: Bellossom|Quiver Dance|p2a: Bellossom\n|-boost|p2a: Bellossom|spa|1\n|-boost|p2a: Bellossom|spd|1\n|-boost|p2a: Bellossom|spe|1\n|move|p1a: Sunflora|Earth Power|p2a: Bellossom\n|-resisted|p2a: Bellossom\n|-damage|p2a: Bellossom|146/263\n|\n|-heal|p2a: Bellossom|162/263|[from] item: Leftovers\n|upkeep\n|turn|8\n|inactive|Time left: 300 sec this turn | 300 sec total\n|\n|t:|1783562613\n|move|p2a: Bellossom|Quiver Dance|p2a: Bellossom\n|-boost|p2a: Bellossom|spa|1\n|-boost|p2a: Bellossom|spd|1\n|-boost|p2a: Bellossom|spe|1\n|move|p1a: Sunflora|Earth Power|p2a: Bellossom\n|-resisted|p2a: Bellossom\n|-damage|p2a: Bellossom|136/263\n|\n|-heal|p2a: Bellossom|152/263|[from] item: Leftovers\n|upkeep\n|turn|9\n|inactive|Time left: 300 sec this turn | 300 sec total\n|\n|t:|1783562614\n|switch|p1a: Skuntank|Skuntank, L84, M|100/100\n|move|p2a: Bellossom|Giga Drain|p1a: Skuntank\n|-resisted|p1a: Skuntank\n|-damage|p1a: Skuntank|73/100\n|-heal|p2a: Bellossom|194/263|[from] drain|[of] p1a: Skuntank\n|\n|-heal|p2a: Bellossom|210/263|[from] item: Leftovers\n|upkeep\n|turn|10\n|inactive|Time left: 300 sec this turn | 300 sec total\n|\n|t:|1783562615\n|-terastallize|p2a: Bellossom|Rock\n|move|p2a: Bellossom|Tera Blast|p1a: Skuntank|[anim] Tera Blast Rock\n|-damage|p1a: Skuntank|17/100\n|move|p1a: Skuntank|Gunk Shot|p2a: Bellossom\n|-resisted|p2a: Bellossom\n|-damage|p2a: Bellossom|154/263\n|\n|-heal|p2a: Bellossom|170/263|[from] item: Leftovers\n|upkeep\n|turn|11\n|inactive|Time left: 300 sec this turn | 300 sec total\n|\n|t:|1783562616\n|switch|p1a: Sunflora|Sunflora, F|100/100\n|move|p2a: Bellossom|Giga Drain|p1a: Sunflora\n|-resisted|p1a: Sunflora\n|-damage|p1a: Sunflora|74/100\n|-heal|p2a: Bellossom|211/263|[from] drain|[of] p1a: Sunflora\n|\n|-heal|p2a: Bellossom|227/263|[from] item: Leftovers\n|upkeep\n|turn|12\n|inactive|Time left: 300 sec this turn | 300 sec total\n|\n|t:|1783562616\n|move|p2a: Bellossom|Giga Drain|p1a: Sunflora\n|-resisted|p1a: Sunflora\n|-damage|p1a: Sunflora|49/100\n|-heal|p2a: Bellossom|263/263|[from] drain|[of] p1a: Sunflora\n|move|p1a: Sunflora|Leaf Storm|p2a: Bellossom\n|-supereffective|p2a: Bellossom\n|-damage|p2a: Bellossom|21/263\n|-unboost|p1a: Sunflora|spa|2\n|\n|-heal|p2a: Bellossom|37/263|[from] item: Leftovers\n|upkeep\n|turn|13\n|inactive|Time left: 300 sec this turn | 300 sec total\n|\n|t:|1783562618\n|move|p2a: Bellossom|Strength Sap|p1a: Sunflora\n|-unboost|p1a: Sunflora|atk|1\n|-heal|p2a: Bellossom|192/263\n|move|p1a: Sunflora|Leaf Storm|p2a: Bellossom\n|-supereffective|p2a: Bellossom\n|-damage|p2a: Bellossom|70/263\n|-unboost|p1a: Sunflora|spa|2\n|\n|-heal|p2a: Bellossom|86/263|[from] item: Leftovers\n|upkeep\n|turn|14\n|inactive|Time left: 300 sec this turn | 300 sec total\n|\n|t:|1783562619\n|switch|p1a: Skuntank|Skuntank, L84, M|17/100\n|move|p2a: Bellossom|Tera Blast|p1a: Skuntank|[anim] Tera Blast Rock\n|-damage|p1a: Skuntank|0 fnt\n|faint|p1a: Skuntank\n|\n|-heal|p2a: Bellossom|102/263|[from] item: Leftovers\n|upkeep\n|\n|t:|1783562620\n|switch|p1a: Uxie|Uxie, L83|100/100\n|turn|15\n|inactive|Time left: 300 sec this turn | 300 sec total\n|\n|t:|1783562621\n|-terastallize|p1a: Uxie|Steel\n|move|p2a: Bellossom|Giga Drain|p1a: Uxie\n|-resisted|p1a: Uxie\n|-damage|p1a: Uxie|74/100\n|-heal|p2a: Bellossom|137/263|[from] drain|[of] p1a: Uxie\n|move|p1a: Uxie|Encore|p2a: Bellossom\n|-start|p2a: Bellossom|Encore\n|\n|-heal|p2a: Bellossom|153/263|[from] item: Leftovers\n|-heal|p1a: Uxie|80/100|[from] item: Leftovers\n|upkeep\n|turn|16\n|inactive|Time left: 300 sec this turn | 300 sec total\n|\n|t:|1783562622\n|move|p2a: Bellossom|Giga Drain|p1a: Uxie\n|-resisted|p1a: Uxie\n|-damage|p1a: Uxie|55/100\n|-heal|p2a: Bellossom|185/263|[from] drain|[of] p1a: Uxie\n|move|p1a: Uxie|Stealth Rock|p2a: Bellossom\n|-sidestart|p2: p0y19557104|move: Stealth Rock\n|\n|-heal|p2a: Bellossom|201/263|[from] item: Leftovers\n|-heal|p1a: Uxie|62/100|[from] item: Leftovers\n|upkeep\n|turn|17\n|inactive|Time left: 300 sec this turn | 300 sec total\n|\n|t:|1783562624\n|move|p2a: Bellossom|Giga Drain|p1a: Uxie\n|-resisted|p1a: Uxie\n|-damage|p1a: Uxie|34/100\n|-heal|p2a: Bellossom|238/263|[from] drain|[of] p1a: Uxie\n|move|p1a: Uxie|Psychic Noise|p2a: Bellossom\n|-damage|p2a: Bellossom|216/263\n|-start|p2a: Bellossom|move: Heal Block\n|\n|-heal|p1a: Uxie|40/100|[from] item: Leftovers\n|upkeep\n|turn|18\n|inactive|Time left: 300 sec this turn | 300 sec total\n|\n|t:|1783562625\n|switch|p2a: Golem|Golem-Alola, L93, F|300/300\n|-damage|p2a: Golem|263/300|[from] Stealth Rock\n|move|p1a: Uxie|Encore||[still]\n|-fail|p1a: Uxie\n|\n|-heal|p1a: Uxie|46/100|[from] item: Leftovers\n|upkeep\n|turn|19\n|inactive|Time left: 300 sec this turn | 300 sec total\n|\n|t:|1783562626\n|move|p1a: Uxie|Psychic Noise|p2a: Golem\n|-damage|p2a: Golem|184/300\n|-start|p2a: Golem|move: Heal Block\n|move|p2a: Golem|Double-Edge|p1a: Uxie\n|-damage|p1a: Uxie|0 fnt\n|faint|p1a: Uxie\n|-damage|p2a: Golem|145/300|[from] Recoil\n|-damage|p2a: Golem|115/300|[from] item: Life Orb\n|\n|upkeep\n|\n|t:|1783562627\n|switch|p1a: Yanmega|Yanmega, L82, M|100/100\n|turn|20\n|inactive|Time left: 300 sec this turn | 300 sec total\n|\n|t:|1783562628\n|move|p1a: Yanmega|Bug Buzz|p2a: Golem\n|-damage|p2a: Golem|0 fnt\n|faint|p2a: Golem\n|\n|upkeep\n|inactive|Time left: 300 sec this turn | 300 sec total | 5 sec grace\n|\n|t:|1783562629\n|switch|p2a: Bellossom|Bellossom, L84, M, tera:Rock|216/263\n|-damage|p2a: Bellossom|184/263|[from] Stealth Rock\n|turn|21\n|inactive|Time left: 300 sec this turn | 300 sec total\n|\n|t:|1783562630\n|switch|p1a: Sunflora|Sunflora, F|49/100\n|move|p2a: Bellossom|Tera Blast|p1a: Sunflora|[anim] Tera Blast Rock\n|-damage|p1a: Sunflora|27/100\n|\n|-heal|p2a: Bellossom|200/263|[from] item: Leftovers\n|upkeep\n|turn|22\n|inactive|Time left: 300 sec this turn | 300 sec total\n|\n|t:|1783562631\n|move|p2a: Bellossom|Quiver Dance|p2a: Bellossom\n|-boost|p2a: Bellossom|spa|1\n|-boost|p2a: Bellossom|spd|1\n|-boost|p2a: Bellossom|spe|1\n|move|p1a: Sunflora|Earth Power|p2a: Bellossom\n|-supereffective|p2a: Bellossom\n|-damage|p2a: Bellossom|32/263\n|\n|-heal|p2a: Bellossom|48/263|[from] item: Leftovers\n|upkeep\n|turn|23\n|inactive|Time left: 300 sec this turn | 300 sec total\n|\n|t:|1783562632\n|move|p2a: Bellossom|Strength Sap|p1a: Sunflora\n|-unboost|p1a: Sunflora|atk|1\n|-heal|p2a: Bellossom|203/263\n|move|p1a: Sunflora|Earth Power|p2a: Bellossom\n|-supereffective|p2a: Bellossom\n|-damage|p2a: Bellossom|13/263\n|-unboost|p2a: Bellossom|spd|1\n|\n|-heal|p2a: Bellossom|29/263|[from] item: Leftovers\n|upkeep\n|turn|24\n|inactive|Time left: 300 sec this turn | 300 sec total\n|\n|t:|1783562633\n|move|p2a: Bellossom|Tera Blast|p1a: Sunflora|[anim] Tera Blast Rock\n|-damage|p1a: Sunflora|0 fnt\n|faint|p1a: Sunflora\n|\n|-heal|p2a: Bellossom|45/263|[from] item: Leftovers\n|upkeep\n|\n|t:|1783562635\n|switch|p1a: Yanmega|Yanmega, L82, M|100/100\n|turn|25\n|inactive|Time left: 300 sec this turn | 300 sec total\n|\n|t:|1783562636\n|switch|p2a: Gholdengo|Gholdengo, L77|261/261\n|-damage|p2a: Gholdengo|245/261|[from] Stealth Rock\n|move|p1a: Yanmega|Bug Buzz|p2a: Gholdengo\n|-resisted|p2a: Gholdengo\n|-damage|p2a: Gholdengo|159/261\n|\n|upkeep\n|turn|26\n|inactive|Time left: 300 sec this turn | 300 sec total\n|\n|t:|1783562637\n|switch|p1a: Altaria|Altaria, L89, F|100/100\n|move|p2a: Gholdengo|Make It Rain|p1a: Altaria\n|-damage|p1a: Altaria|56/100\n|-unboost|p2a: Gholdengo|spa|1\n|\n|upkeep\n|turn|27\n|inactive|Time left: 300 sec this turn | 300 sec total\n|\n|t:|1783562638\n|move|p2a: Gholdengo|Make It Rain|p1a: Altaria\n|-damage|p1a: Altaria|31/100\n|-unboost|p2a: Gholdengo|spa|1\n|move|p1a: Altaria|Roost|p1a: Altaria\n|-heal|p1a: Altaria|81/100\n|-singleturn|p1a: Altaria|move: Roost\n|\n|upkeep\n|turn|28\n|inactive|Time left: 300 sec this turn | 300 sec total\n|\n|t:|1783562639\n|switch|p2a: Suicune|Suicune, L82|298/298\n|-damage|p2a: Suicune|261/298|[from] Stealth Rock\n|-ability|p2a: Suicune|Pressure\n|move|p1a: Altaria|Earthquake|p2a: Suicune\n|-crit|p2a: Suicune\n|-damage|p2a: Suicune|182/298\n|\n|-heal|p2a: Suicune|200/298|[from] item: Leftovers\n|upkeep\n|turn|29\n|inactive|Time left: 300 sec this turn | 300 sec total\n|\n|t:|1783562640\n|move|p1a: Altaria|Brave Bird|p2a: Suicune\n|-damage|p2a: Suicune|112/298\n|-damage|p1a: Altaria|71/100|[from] Recoil\n|move|p2a: Suicune|Scald|p1a: Altaria\n|-resisted|p1a: Altaria\n|-damage|p1a: Altaria|59/100\n|-status|p1a: Altaria|brn\n|\n|-heal|p2a: Suicune|130/298|[from] item: Leftovers\n|-damage|p1a: Altaria|53/100 brn|[from] brn\n|upkeep\n|turn|30\n|inactive|Time left: 300 sec this turn | 300 sec total\n|\n|t:|1783562641\n|-curestatus|p1a: Altaria|brn|[from] ability: Natural Cure|[silent]\n|switch|p1a: Yanmega|Yanmega, L82, M|100/100\n|move|p2a: Suicune|Calm Mind|p2a: Suicune\n|-boost|p2a: Suicune|spa|1\n|-boost|p2a: Suicune|spd|1\n|\n|-heal|p2a: Suicune|148/298|[from] item: Leftovers\n|upkeep\n|turn|31\n|inactive|Time left: 300 sec this turn | 300 sec total\n|\n|t:|1783562642\n|move|p1a: Yanmega|Giga Drain|p2a: Suicune\n|-supereffective|p2a: Suicune\n|-damage|p2a: Suicune|56/298\n|move|p2a: Suicune|Scald|p1a: Yanmega\n|-damage|p1a: Yanmega|44/100\n|\n|-heal|p2a: Suicune|74/298|[from] item: Leftovers\n|upkeep\n|turn|32\n|inactive|Time left: 300 sec this turn | 300 sec total\n|\n|t:|1783562643\n|switch|p2a: Bellossom|Bellossom, L84, M, tera:Rock|45/263\n|-damage|p2a: Bellossom|13/263|[from] Stealth Rock\n|move|p1a: Yanmega|Giga Drain|p2a: Bellossom\n|-supereffective|p2a: Bellossom\n|-damage|p2a: Bellossom|0 fnt\n|-heal|p1a: Yanmega|47/100|[from] drain|[of] p2a: Bellossom\n|faint|p2a: Bellossom\n|\n|upkeep\n|inactive|Time left: 300 sec this turn | 300 sec total | 5 sec grace\n|\n|t:|1783562644\n|switch|p2a: Gholdengo|Gholdengo, L77|159/261\n|-damage|p2a: Gholdengo|143/261|[from] Stealth Rock\n|turn|33\n|inactive|Time left: 300 sec this turn | 300 sec total\n|\n|t:|1783562645\n|move|p2a: Gholdengo|Shadow Ball|p1a: Yanmega\n|-damage|p1a: Yanmega|0 fnt\n|faint|p1a: Yanmega\n|\n|upkeep\n|\n|t:|1783562646\n|switch|p1a: Altaria|Altaria, L89, F|53/100\n|turn|34\n|inactive|Time left: 300 sec this turn | 300 sec total\n|\n|t:|1783562646\n|move|p2a: Gholdengo|Shadow Ball|p1a: Altaria\n|-damage|p1a: Altaria|25/100\n|move|p1a: Altaria|Roost|p1a: Altaria\n|-heal|p1a: Altaria|75/100\n|-singleturn|p1a: Altaria|move: Roost\n|\n|upkeep\n|turn|35\n|inactive|Time left: 300 sec this turn | 300 sec total\n|\n|t:|1783562647\n|move|p2a: Gholdengo|Shadow Ball|p1a: Altaria\n|-damage|p1a: Altaria|45/100\n|move|p1a: Altaria|Earthquake|p2a: Gholdengo\n|-supereffective|p2a: Gholdengo\n|-damage|p2a: Gholdengo|17/261\n|\n|upkeep\n|turn|36\n|inactive|Time left: 300 sec this turn | 300 sec total\n|\n|t:|1783562648\n|move|p2a: Gholdengo|Shadow Ball|p1a: Altaria\n|-damage|p1a: Altaria|20/100\n|move|p1a: Altaria|Roost|p1a: Altaria\n|-heal|p1a: Altaria|70/100\n|-singleturn|p1a: Altaria|move: Roost\n|\n|upkeep\n|turn|37\n|inactive|Time left: 300 sec this turn | 300 sec total\n|\n|t:|1783562649\n|move|p2a: Gholdengo|Shadow Ball|p1a: Altaria\n|-damage|p1a: Altaria|43/100\n|-unboost|p1a: Altaria|spd|1\n|move|p1a: Altaria|Roost|p1a: Altaria\n|-heal|p1a: Altaria|93/100\n|-singleturn|p1a: Altaria|move: Roost\n|\n|upkeep\n|turn|38\n|inactive|Time left: 300 sec this turn | 300 sec total\n|\n|t:|1783562650\n|move|p2a: Gholdengo|Shadow Ball|p1a: Altaria\n|-damage|p1a: Altaria|51/100\n|move|p1a: Altaria|Roost|p1a: Altaria\n|-heal|p1a: Altaria|100/100\n|-singleturn|p1a: Altaria|move: Roost\n|\n|upkeep\n|turn|39\n|inactive|Time left: 300 sec this turn | 300 sec total\n|\n|t:|1783562651\n|move|p2a: Gholdengo|Shadow Ball|p1a: Altaria\n|-damage|p1a: Altaria|58/100\n|move|p1a: Altaria|Earthquake|p2a: Gholdengo\n|-supereffective|p2a: Gholdengo\n|-damage|p2a: Gholdengo|0 fnt\n|faint|p2a: Gholdengo\n|\n|upkeep\n|inactive|Time left: 300 sec this turn | 300 sec total | 5 sec grace\n|\n|t:|1783562652\n|switch|p2a: Meganium|Meganium, L90, M|290/290\n|-damage|p2a: Meganium|254/290|[from] Stealth Rock\n|turn|40\n|inactive|Time left: 300 sec this turn | 300 sec total\n|\n|t:|1783562653\n|move|p1a: Altaria|Roost|p1a: Altaria\n|-heal|p1a: Altaria|100/100\n|-singleturn|p1a: Altaria|move: Roost\n|move|p2a: Meganium|Dragon Tail|p1a: Altaria\n|-supereffective|p1a: Altaria\n|-damage|p1a: Altaria|70/100\n|\n|-heal|p2a: Meganium|272/290|[from] item: Leftovers\n|upkeep\n|turn|41\n|inactive|Time left: 300 sec this turn | 300 sec total\n|\n|t:|1783562654\n|move|p1a: Altaria|Earthquake|p2a: Meganium\n|-resisted|p2a: Meganium\n|-damage|p2a: Meganium|248/290\n|move|p2a: Meganium|Dragon Tail|p1a: Altaria|[miss]\n|-miss|p2a: Meganium|p1a: Altaria\n|\n|-heal|p2a: Meganium|266/290|[from] item: Leftovers\n|upkeep\n|turn|42\n|inactive|Time left: 300 sec this turn | 300 sec total\n|\n|t:|1783562655\n|move|p1a: Altaria|Roost|p1a: Altaria\n|-heal|p1a: Altaria|100/100\n|-singleturn|p1a: Altaria|move: Roost\n|move|p2a: Meganium|Dragon Tail|p1a: Altaria\n|-supereffective|p1a: Altaria\n|-damage|p1a: Altaria|69/100\n|\n|-heal|p2a: Meganium|284/290|[from] item: Leftovers\n|upkeep\n|turn|43\n|inactive|Time left: 300 sec this turn | 300 sec total\n|\n|t:|1783562656\n|move|p1a: Altaria|Roost|p1a: Altaria\n|-heal|p1a: Altaria|100/100\n|-singleturn|p1a: Altaria|move: Roost\n|move|p2a: Meganium|Dragon Tail|p1a: Altaria\n|-supereffective|p1a: Altaria\n|-damage|p1a: Altaria|72/100\n|\n|-heal|p2a: Meganium|290/290|[from] item: Leftovers\n|upkeep\n|turn|44\n|inactive|Time left: 300 sec this turn | 300 sec total\n|\n|t:|1783562657\n|move|p1a: Altaria|Earthquake|p2a: Meganium\n|-resisted|p2a: Meganium\n|-damage|p2a: Meganium|265/290\n|move|p2a: Meganium|Dragon Tail|p1a: Altaria\n|-supereffective|p1a: Altaria\n|-damage|p1a: Altaria|41/100\n|\n|-heal|p2a: Meganium|283/290|[from] item: Leftovers\n|upkeep\n|turn|45\n|inactive|Time left: 300 sec this turn | 300 sec total\n|\n|t:|1783562658\n|move|p2a: Meganium|Knock Off|p1a: Altaria\n|-damage|p1a: Altaria|16/100\n|-enditem|p1a: Altaria|Heavy-Duty Boots|[from] move: Knock Off|[of] p2a: Meganium\n|move|p1a: Altaria|Defog|p2a: Meganium\n|-unboost|p2a: Meganium|evasion|1\n|-sideend|p2: p0y19557104|Stealth Rock|[from] move: Defog|[of] p1a: Altaria\n|\n|-heal|p2a: Meganium|290/290|[from] item: Leftovers\n|upkeep\n|turn|46\n|inactive|Time left: 300 sec this turn | 300 sec total\n|\n|t:|1783562659\n|move|p1a: Altaria|Earthquake|p2a: Meganium\n|-resisted|p2a: Meganium\n|-damage|p2a: Meganium|262/290\n|move|p2a: Meganium|Dragon Tail|p1a: Altaria\n|-supereffective|p1a: Altaria\n|-damage|p1a: Altaria|0 fnt\n|faint|p1a: Altaria\n|\n|win|p0y19557104", "uploadtime": 1783562659, "views": 0, "rating": 0, "private": 0, "password": null, "_winner": "p0y19557104", "_our_name": "p0y19557104"}