{"id": "battle-gen9randombattle-994", "formatid": "gen9randombattle", "format": "[Gen 9] Random Battle", "players": ["p0x9940ff7", "p0y994667f"], "log": "|init|battle\n|title|p0x9940ff7 vs. p0y994667f\n|j|\u2606p0x9940ff7\n|j|\u2606p0y994667f\n|t:|1783551445\n|gametype|singles\n|player|p1|p0x9940ff7|265|\n|player|p2|p0y994667f|2|\n|gen|9\n|tier|[Gen 9] Random Battle\n|rule|Species Clause: Limit one of each Pok\u00e9mon\n|rule|HP Percentage Mod: HP is shown in percentages\n|rule|Sleep Clause Mod: Limit one foe put to sleep\n|rule|Illusion Level Mod: Illusion disguises the Pok\u00e9mon's true level\n|\n|t:|1783551445\n|teamsize|p1|6\n|teamsize|p2|6\n|start\n|switch|p1a: Arcanine|Arcanine-Hisui, L79, M|279/279\n|switch|p2a: Urshifu|Urshifu-Rapid-Strike, L75, F|100/100\n|turn|1\n|inactive|Battle timer is ON: inactive players will automatically lose when time's up. (requested by p0x9940ff7)\n|inactive|p0y994667f also wants the timer to be on.\n|\n|t:|1783551446\n|switch|p1a: Eiscue|Eiscue, L88, F|274/274\n|move|p2a: Urshifu|Surging Strikes|p1a: Eiscue\n|-activate|p1a: Eiscue|ability: Ice Face\n|-damage|p1a: Eiscue|274/274\n|detailschange|p1a: Eiscue|Eiscue-Noice, L88, F\n|-crit|p1a: Eiscue\n|-damage|p1a: Eiscue|214/274\n|-crit|p1a: Eiscue\n|-damage|p1a: Eiscue|146/274\n|-hitcount|p1a: Eiscue|3\n|-damage|p2a: Urshifu|91/100|[from] item: Life Orb\n|\n|upkeep\n|turn|2\n|inactive|Time left: 300 sec this turn | 300 sec total\n|\n|t:|1783551447\n|switch|p1a: Tatsugiri|Tatsugiri, L87, M|260/260\n|move|p2a: Urshifu|Surging Strikes|p1a: Tatsugiri\n|-ability|p1a: Tatsugiri|Storm Drain|boost\n|-boost|p1a: Tatsugiri|spa|1\n|\n|upkeep\n|turn|3\n|inactive|Time left: 300 sec this turn | 300 sec total\n|\n|t:|1783551448\n|switch|p2a: Carbink|Carbink, L90|100/100\n|move|p1a: Tatsugiri|Draco Meteor|p2a: Carbink\n|-immune|p2a: Carbink\n|\n|upkeep\n|turn|4\n|inactive|Time left: 300 sec this turn | 300 sec total\n|\n|t:|1783551449\n|move|p1a: Tatsugiri|Surf|p2a: Carbink\n|-supereffective|p2a: Carbink\n|-damage|p2a: Carbink|4/100\n|move|p2a: Carbink|Moonblast|p1a: Tatsugiri\n|-supereffective|p1a: Tatsugiri\n|-damage|p1a: Tatsugiri|126/260\n|\n|upkeep\n|turn|5\n|inactive|Time left: 300 sec this turn | 300 sec total\n|\n|t:|1783551450\n|move|p1a: Tatsugiri|Surf|p2a: Carbink\n|-supereffective|p2a: Carbink\n|-damage|p2a: Carbink|0 fnt\n|faint|p2a: Carbink\n|\n|upkeep\n|\n|t:|1783551451\n|switch|p2a: Iron Leaves|Iron Leaves, L80|100/100\n|turn|6\n|inactive|Time left: 300 sec this turn | 300 sec total\n|\n|t:|1783551452\n|switch|p1a: Moltres|Moltres-Galar, L79|271/271\n|move|p2a: Iron Leaves|Close Combat|p1a: Moltres\n|-damage|p1a: Moltres|133/271\n|-unboost|p2a: Iron Leaves|def|1\n|-unboost|p2a: Iron Leaves|spd|1\n|-ability|p1a: Moltres|Berserk|boost\n|-boost|p1a: Moltres|spa|1\n|-damage|p2a: Iron Leaves|91/100|[from] item: Life Orb\n|\n|upkeep\n|turn|7\n|inactive|Time left: 300 sec this turn | 300 sec total\n|\n|t:|1783551453\n|-terastallize|p2a: Iron Leaves|Fighting\n|move|p2a: Iron Leaves|Close Combat|p1a: Moltres\n|-damage|p1a: Moltres|0 fnt\n|-unboost|p2a: Iron Leaves|def|1\n|-unboost|p2a: Iron Leaves|spd|1\n|faint|p1a: Moltres\n|-damage|p2a: Iron Leaves|81/100|[from] item: Life Orb\n|\n|upkeep\n|inactive|Time left: 300 sec this turn | 300 sec total | 5 sec grace\n|\n|t:|1783551455\n|switch|p1a: Oranguru|Oranguru, L92, F|315/315\n|turn|8\n|inactive|Time left: 300 sec this turn | 300 sec total\n|\n|t:|1783551456\n|-end|p2a: Iron Leaves|Quark Drive|[silent]\n|switch|p2a: Flapple|Flapple, L88, F|100/100\n|move|p1a: Oranguru|Psyshock|p2a: Flapple\n|-damage|p2a: Flapple|52/100\n|-damage|p1a: Oranguru|284/315|[from] item: Life Orb\n|\n|upkeep\n|turn|9\n|inactive|Time left: 300 sec this turn | 300 sec total\n|\n|t:|1783551457\n|move|p2a: Flapple|Outrage|p1a: Oranguru\n|-damage|p1a: Oranguru|61/315\n|move|p1a: Oranguru|Hyper Voice|p2a: Flapple\n|-damage|p2a: Flapple|0 fnt\n|faint|p2a: Flapple\n|-damage|p1a: Oranguru|30/315|[from] item: Life Orb\n|\n|upkeep\n|\n|t:|1783551458\n|switch|p2a: Iron Leaves|Iron Leaves, L80, tera:Fighting|81/100\n|turn|10\n|inactive|Time left: 300 sec this turn | 300 sec total\n|\n|t:|1783551459\n|move|p2a: Iron Leaves|Psyblade|p1a: Oranguru\n|-resisted|p1a: Oranguru\n|-damage|p1a: Oranguru|0 fnt\n|faint|p1a: Oranguru\n|-damage|p2a: Iron Leaves|71/100|[from] item: Life Orb\n|\n|upkeep\n|inactive|Time left: 300 sec this turn | 300 sec total | 5 sec grace\n|\n|t:|1783551460\n|switch|p1a: Indeedee|Indeedee, L84, M|238/238\n|-fieldstart|move: Psychic Terrain|[from] ability: Psychic Surge|[of] p1a: Indeedee\n|turn|11\n|inactive|Time left: 300 sec this turn | 300 sec total\n|\n|t:|1783551461\n|-terastallize|p1a: Indeedee|Psychic\n|move|p2a: Iron Leaves|Close Combat|p1a: Indeedee\n|-resisted|p1a: Indeedee\n|-damage|p1a: Indeedee|113/238\n|-unboost|p2a: Iron Leaves|def|1\n|-unboost|p2a: Iron Leaves|spd|1\n|-damage|p2a: Iron Leaves|61/100|[from] item: Life Orb\n|move|p1a: Indeedee|Expanding Force|p2a: Iron Leaves\n|-supereffective|p2a: Iron Leaves\n|-damage|p2a: Iron Leaves|0 fnt\n|faint|p2a: Iron Leaves\n|-end|p2a: Iron Leaves|Quark Drive|[silent]\n|-damage|p1a: Indeedee|90/238|[from] item: Life Orb\n|\n|upkeep\n|\n|t:|1783551462\n|switch|p2a: Deoxys|Deoxys-Attack, L72|100/100\n|-ability|p2a: Deoxys|Pressure\n|turn|12\n|inactive|Time left: 300 sec this turn | 300 sec total\n|\n|t:|1783551463\n|switch|p1a: Eiscue|Eiscue-Noice, L88, F|146/274\n|move|p2a: Deoxys|Knock Off|p1a: Eiscue\n|-damage|p1a: Eiscue|12/274\n|-enditem|p1a: Eiscue|Sitrus Berry|[from] move: Knock Off|[of] p2a: Deoxys\n|-damage|p2a: Deoxys|91/100|[from] item: Life Orb\n|\n|upkeep\n|turn|13\n|inactive|Time left: 300 sec this turn | 300 sec total\n|\n|t:|1783551464\n|switch|p2a: Urshifu|Urshifu-Rapid-Strike, L75, F|91/100\n|move|p1a: Eiscue|Liquidation|p2a: Urshifu\n|-resisted|p2a: Urshifu\n|-damage|p2a: Urshifu|81/100\n|\n|upkeep\n|turn|14\n|inactive|Time left: 300 sec this turn | 300 sec total\n|\n|t:|1783551465\n|move|p1a: Eiscue|Ice Spinner|p2a: Urshifu\n|-resisted|p2a: Urshifu\n|-damage|p2a: Urshifu|65/100\n|-fieldend|move: Psychic Terrain\n|move|p2a: Urshifu|Swords Dance|p2a: Urshifu\n|-boost|p2a: Urshifu|atk|2\n|\n|upkeep\n|turn|15\n|inactive|Time left: 300 sec this turn | 300 sec total\n|\n|t:|1783551466\n|move|p1a: Eiscue|Ice Spinner|p2a: Urshifu\n|-resisted|p2a: Urshifu\n|-damage|p2a: Urshifu|50/100\n|move|p2a: Urshifu|Close Combat|p1a: Eiscue\n|-supereffective|p1a: Eiscue\n|-damage|p1a: Eiscue|0 fnt\n|-unboost|p2a: Urshifu|def|1\n|-unboost|p2a: Urshifu|spd|1\n|faint|p1a: Eiscue\n|-damage|p2a: Urshifu|40/100|[from] item: Life Orb\n|\n|upkeep\n|inactive|Time left: 300 sec this turn | 300 sec total | 5 sec grace\n|\n|t:|1783551467\n|switch|p1a: Indeedee|Indeedee, L84, M, tera:Psychic|90/238\n|-fieldstart|move: Psychic Terrain|[from] ability: Psychic Surge|[of] p1a: Indeedee\n|turn|16\n|inactive|Time left: 300 sec this turn | 300 sec total\n|\n|t:|1783551468\n|move|p1a: Indeedee|Shadow Ball|p2a: Urshifu\n|-damage|p2a: Urshifu|0 fnt\n|faint|p2a: Urshifu\n|-damage|p1a: Indeedee|67/238|[from] item: Life Orb\n|\n|upkeep\n|\n|t:|1783551469\n|switch|p2a: Deoxys|Deoxys-Attack, L72|91/100\n|-ability|p2a: Deoxys|Pressure\n|turn|17\n|inactive|Time left: 300 sec this turn | 300 sec total\n|\n|t:|1783551470\n|switch|p1a: Arcanine|Arcanine-Hisui, L79, M|279/279\n|move|p2a: Deoxys|Knock Off|p1a: Arcanine\n|-damage|p1a: Arcanine|154/279\n|-enditem|p1a: Arcanine|Choice Band|[from] move: Knock Off|[of] p2a: Deoxys\n|-damage|p2a: Deoxys|81/100|[from] item: Life Orb\n|\n|upkeep\n|turn|18\n|inactive|Time left: 300 sec this turn | 300 sec total\n|\n|t:|1783551471\n|switch|p1a: Indeedee|Indeedee, L84, M, tera:Psychic|67/238\n|move|p2a: Deoxys|Psycho Boost|p1a: Indeedee\n|-resisted|p1a: Indeedee\n|-damage|p1a: Indeedee|0 fnt\n|-unboost|p2a: Deoxys|spa|2\n|faint|p1a: Indeedee\n|-damage|p2a: Deoxys|71/100|[from] item: Life Orb\n|\n|upkeep\n|inactive|Time left: 300 sec this turn | 300 sec total | 5 sec grace\n|\n|t:|1783551472\n|switch|p1a: Arcanine|Arcanine-Hisui, L79, M|154/279\n|turn|19\n|inactive|Time left: 300 sec this turn | 300 sec total\n|\n|t:|1783551473\n|switch|p1a: Tatsugiri|Tatsugiri, L87, M|126/260\n|move|p2a: Deoxys|Superpower|p1a: Tatsugiri\n|-damage|p1a: Tatsugiri|0 fnt\n|-unboost|p2a: Deoxys|atk|1\n|-unboost|p2a: Deoxys|def|1\n|faint|p1a: Tatsugiri\n|-damage|p2a: Deoxys|61/100|[from] item: Life Orb\n|\n|upkeep\n|inactive|Time left: 300 sec this turn | 300 sec total | 5 sec grace\n|\n|t:|1783551474\n|switch|p1a: Arcanine|Arcanine-Hisui, L79, M|154/279\n|turn|20\n|inactive|Time left: 300 sec this turn | 300 sec total\n|\n|t:|1783551475\n|move|p2a: Deoxys|Superpower|p1a: Arcanine\n|-supereffective|p1a: Arcanine\n|-crit|p1a: Arcanine\n|-damage|p1a: Arcanine|0 fnt\n|-unboost|p2a: Deoxys|atk|1\n|-unboost|p2a: Deoxys|def|1\n|faint|p1a: Arcanine\n|-damage|p2a: Deoxys|51/100|[from] item: Life Orb\n|\n|win|p0y994667f", "uploadtime": 1783551475, "views": 0, "rating": 0, "private": 0, "password": null, "_winner": "p0y994667f", "_our_name": "p0x9940ff7"}