{"id": "battle-gen9randombattle-1182", "formatid": "gen9randombattle", "format": "[Gen 9] Random Battle", "players": ["p0x11828796", "p0y11822ba0"], "log": "|init|battle\n|title|p0x11828796 vs. p0y11822ba0\n|j|\u2606p0x11828796\n|j|\u2606p0y11822ba0\n|t:|1783553672\n|gametype|singles\n|player|p1|p0x11828796|266|\n|player|p2|p0y11822ba0|265|\n|gen|9\n|tier|[Gen 9] Random Battle\n|rule|Species Clause: Limit one of each Pok\u00e9mon\n|rule|HP Percentage Mod: HP is shown in percentages\n|rule|Sleep Clause Mod: Limit one foe put to sleep\n|rule|Illusion Level Mod: Illusion disguises the Pok\u00e9mon's true level\n|\n|t:|1783553672\n|teamsize|p1|6\n|teamsize|p2|6\n|start\n|switch|p1a: Scrafty|Scrafty, L83, F|244/244\n|switch|p2a: Hitmontop|Hitmontop, L88, M|100/100\n|-ability|p2a: Hitmontop|Intimidate|boost\n|-unboost|p1a: Scrafty|atk|1\n|turn|1\n|inactive|Battle timer is ON: inactive players will automatically lose when time's up. (requested by p0x11828796)\n|inactive|p0y11822ba0 also wants the timer to be on.\n|\n|t:|1783553674\n|switch|p2a: Braviary|Braviary-Hisui, L85, M|100/100\n|switch|p1a: Palossand|Palossand, L89, F|296/296\n|\n|upkeep\n|turn|2\n|inactive|Time left: 300 sec this turn | 300 sec total\n|\n|t:|1783553676\n|move|p2a: Braviary|Psychic|p1a: Palossand\n|-damage|p1a: Palossand|92/296\n|move|p1a: Palossand|Shadow Ball|p2a: Braviary\n|-supereffective|p2a: Braviary\n|-damage|p2a: Braviary|28/100\n|\n|-heal|p1a: Palossand|110/296|[from] item: Leftovers\n|upkeep\n|turn|3\n|inactive|Time left: 300 sec this turn | 300 sec total\n|\n|t:|1783553677\n|switch|p1a: Zekrom|Zekrom, L71|259/259\n|-ability|p1a: Zekrom|Teravolt\n|move|p2a: Braviary|Psychic|p1a: Zekrom\n|-damage|p1a: Zekrom|52/259\n|\n|-heal|p1a: Zekrom|68/259|[from] item: Leftovers\n|upkeep\n|turn|4\n|inactive|Time left: 300 sec this turn | 300 sec total\n|\n|t:|1783553678\n|switch|p2a: Incineroar|Incineroar, L82, M|100/100\n|-ability|p2a: Incineroar|Intimidate|boost\n|-unboost|p1a: Zekrom|atk|1\n|move|p1a: Zekrom|Bolt Strike|p2a: Incineroar\n|-damage|p2a: Incineroar|67/100\n|\n|-heal|p1a: Zekrom|84/259|[from] item: Leftovers\n|upkeep\n|turn|5\n|inactive|Time left: 300 sec this turn | 300 sec total\n|\n|t:|1783553679\n|move|p1a: Zekrom|Dragon Dance|p1a: Zekrom\n|-boost|p1a: Zekrom|atk|1\n|-boost|p1a: Zekrom|spe|1\n|move|p2a: Incineroar|Knock Off|p1a: Zekrom\n|-damage|p1a: Zekrom|0 fnt\n|-enditem|p1a: Zekrom|Leftovers|[from] move: Knock Off|[of] p2a: Incineroar\n|faint|p1a: Zekrom\n|\n|upkeep\n|inactive|Time left: 300 sec this turn | 300 sec total | 5 sec grace\n|\n|t:|1783553680\n|switch|p1a: Hitmonlee|Hitmonlee, L85, M|224/224\n|turn|6\n|inactive|Time left: 300 sec this turn | 300 sec total\n|\n|t:|1783553682\n|switch|p2a: Houndstone|Houndstone, L86, F|100/100\n|move|p1a: Hitmonlee|Close Combat|p2a: Houndstone\n|-immune|p2a: Houndstone\n|\n|upkeep\n|turn|7\n|inactive|Time left: 300 sec this turn | 300 sec total\n|\n|t:|1783553683\n|switch|p1a: Vespiquen|Vespiquen, L99, F|299/299\n|-ability|p1a: Vespiquen|Pressure\n|move|p2a: Houndstone|Poltergeist|p1a: Vespiquen|[miss]\n|-miss|p2a: Houndstone|p1a: Vespiquen\n|\n|upkeep\n|turn|8\n|inactive|Time left: 300 sec this turn | 300 sec total\n|\n|t:|1783553684\n|move|p2a: Houndstone|Poltergeist|p1a: Vespiquen\n|-activate|p1a: Vespiquen|move: Poltergeist|Heavy-Duty Boots\n|-damage|p1a: Vespiquen|199/299\n|move|p1a: Vespiquen|Hurricane|p2a: Houndstone\n|-damage|p2a: Houndstone|71/100\n|\n|upkeep\n|turn|9\n|inactive|Time left: 300 sec this turn | 300 sec total\n|\n|t:|1783553685\n|move|p2a: Houndstone|Poltergeist|p1a: Vespiquen\n|-activate|p1a: Vespiquen|move: Poltergeist|Heavy-Duty Boots\n|-damage|p1a: Vespiquen|97/299\n|move|p1a: Vespiquen|Hurricane|p2a: Houndstone|[miss]\n|-miss|p1a: Vespiquen|p2a: Houndstone\n|\n|upkeep\n|turn|10\n|inactive|Time left: 300 sec this turn | 300 sec total\n|\n|t:|1783553686\n|move|p2a: Houndstone|Poltergeist|p1a: Vespiquen\n|-activate|p1a: Vespiquen|move: Poltergeist|Heavy-Duty Boots\n|-damage|p1a: Vespiquen|6/299\n|move|p1a: Vespiquen|Roost|p1a: Vespiquen\n|-heal|p1a: Vespiquen|156/299\n|-singleturn|p1a: Vespiquen|move: Roost\n|\n|upkeep\n|turn|11\n|inactive|Time left: 300 sec this turn | 300 sec total\n|\n|t:|1783553687\n|move|p2a: Houndstone|Shadow Sneak|p1a: Vespiquen\n|-damage|p1a: Vespiquen|119/299\n|move|p1a: Vespiquen|Roost|p1a: Vespiquen\n|-heal|p1a: Vespiquen|269/299\n|-singleturn|p1a: Vespiquen|move: Roost\n|\n|upkeep\n|turn|12\n|inactive|Time left: 300 sec this turn | 300 sec total\n|\n|t:|1783553688\n|move|p2a: Houndstone|Shadow Sneak|p1a: Vespiquen\n|-damage|p1a: Vespiquen|236/299\n|move|p1a: Vespiquen|Hurricane|p2a: Houndstone\n|-damage|p2a: Houndstone|38/100\n|\n|upkeep\n|turn|13\n|inactive|Time left: 300 sec this turn | 300 sec total\n|\n|t:|1783553690\n|move|p2a: Houndstone|Play Rough|p1a: Vespiquen\n|-damage|p1a: Vespiquen|187/299\n|-unboost|p1a: Vespiquen|atk|1\n|move|p1a: Vespiquen|Hurricane|p2a: Houndstone\n|-crit|p2a: Houndstone\n|-damage|p2a: Houndstone|0 fnt\n|faint|p2a: Houndstone\n|\n|upkeep\n|\n|t:|1783553691\n|switch|p2a: Braviary|Braviary-Hisui, L85, M|28/100\n|turn|14\n|inactive|Time left: 300 sec this turn | 300 sec total\n|\n|t:|1783553692\n|move|p2a: Braviary|Heat Wave|p1a: Vespiquen\n|-supereffective|p1a: Vespiquen\n|-damage|p1a: Vespiquen|0 fnt\n|faint|p1a: Vespiquen\n|\n|upkeep\n|inactive|Time left: 300 sec this turn | 300 sec total | 5 sec grace\n|\n|t:|1783553693\n|switch|p1a: Hitmonlee|Hitmonlee, L85, M|224/224\n|turn|15\n|inactive|Time left: 300 sec this turn | 300 sec total\n|\n|t:|1783553693\n|switch|p2a: Hitmontop|Hitmontop, L88, M|100/100\n|-ability|p2a: Hitmontop|Intimidate|boost\n|-unboost|p1a: Hitmonlee|atk|1\n|-enditem|p1a: Hitmonlee|White Herb\n|-clearnegativeboost|p1a: Hitmonlee|[silent]\n|move|p1a: Hitmonlee|Knock Off|p2a: Hitmontop\n|-resisted|p2a: Hitmontop\n|-damage|p2a: Hitmontop|83/100\n|-enditem|p2a: Hitmontop|Assault Vest|[from] move: Knock Off|[of] p1a: Hitmonlee\n|\n|upkeep\n|turn|16\n|inactive|Time left: 300 sec this turn | 300 sec total\n|\n|t:|1783553694\n|switch|p1a: Palossand|Palossand, L89, F|110/296\n|move|p2a: Hitmontop|Close Combat|p1a: Palossand\n|-immune|p1a: Palossand\n|\n|-heal|p1a: Palossand|128/296|[from] item: Leftovers\n|upkeep\n|turn|17\n|inactive|Time left: 300 sec this turn | 300 sec total\n|\n|t:|1783553695\n|switch|p2a: Lapras|Lapras, L87, F|100/100\n|move|p1a: Palossand|Shore Up|p1a: Palossand\n|-heal|p1a: Palossand|276/296\n|\n|-heal|p1a: Palossand|294/296|[from] item: Leftovers\n|upkeep\n|turn|18\n|inactive|Time left: 300 sec this turn | 300 sec total\n|\n|t:|1783553696\n|switch|p1a: Scrafty|Scrafty, L83, F|244/244\n|move|p2a: Lapras|Dragon Dance|p2a: Lapras\n|-boost|p2a: Lapras|atk|1\n|-boost|p2a: Lapras|spe|1\n|\n|upkeep\n|turn|19\n|inactive|Time left: 300 sec this turn | 300 sec total\n|\n|t:|1783553697\n|move|p2a: Lapras|Dragon Dance|p2a: Lapras\n|-boost|p2a: Lapras|atk|1\n|-boost|p2a: Lapras|spe|1\n|move|p1a: Scrafty|Bulk Up|p1a: Scrafty\n|-boost|p1a: Scrafty|atk|1\n|-boost|p1a: Scrafty|def|1\n|\n|upkeep\n|turn|20\n|inactive|Time left: 300 sec this turn | 300 sec total\n|\n|t:|1783553698\n|-terastallize|p2a: Lapras|Ground\n|move|p2a: Lapras|Dragon Dance|p2a: Lapras\n|-boost|p2a: Lapras|atk|1\n|-boost|p2a: Lapras|spe|1\n|move|p1a: Scrafty|Drain Punch|p2a: Lapras\n|-damage|p2a: Lapras|71/100\n|\n|upkeep\n|turn|21\n|inactive|Time left: 300 sec this turn | 300 sec total\n|\n|t:|1783553699\n|move|p2a: Lapras|Earthquake|p1a: Scrafty\n|-damage|p1a: Scrafty|100/244\n|move|p1a: Scrafty|Drain Punch|p2a: Lapras\n|-damage|p2a: Lapras|37/100\n|-heal|p1a: Scrafty|162/244|[from] drain|[of] p2a: Lapras\n|\n|-heal|p1a: Scrafty|177/244|[from] item: Leftovers\n|upkeep\n|turn|22\n|inactive|Time left: 300 sec this turn | 300 sec total\n|\n|t:|1783553700\n|move|p2a: Lapras|Waterfall|p1a: Scrafty\n|-damage|p1a: Scrafty|69/244\n|move|p1a: Scrafty|Knock Off|p2a: Lapras\n|-damage|p2a: Lapras|0 fnt\n|-enditem|p2a: Lapras|Loaded Dice|[from] move: Knock Off|[of] p1a: Scrafty\n|faint|p2a: Lapras\n|\n|-heal|p1a: Scrafty|84/244|[from] item: Leftovers\n|upkeep\n|\n|t:|1783553701\n|switch|p2a: Braviary|Braviary-Hisui, L85, M|28/100\n|turn|23\n|inactive|Time left: 300 sec this turn | 300 sec total\n|\n|t:|1783553702\n|move|p2a: Braviary|Heat Wave|p1a: Scrafty\n|-damage|p1a: Scrafty|0 fnt\n|faint|p1a: Scrafty\n|\n|upkeep\n|inactive|Time left: 300 sec this turn | 300 sec total | 5 sec grace\n|\n|t:|1783553703\n|switch|p1a: Qwilfish|Qwilfish, L86, F|252/252\n|-ability|p1a: Qwilfish|Intimidate|boost\n|-unboost|p2a: Braviary|atk|1\n|turn|24\n|inactive|Time left: 300 sec this turn | 300 sec total\n|\n|t:|1783553704\n|switch|p2a: Hitmontop|Hitmontop, L88, M|83/100\n|-ability|p2a: Hitmontop|Intimidate|boost\n|-unboost|p1a: Qwilfish|atk|1\n|move|p1a: Qwilfish|Gunk Shot|p2a: Hitmontop|[miss]\n|-miss|p1a: Qwilfish|p2a: Hitmontop\n|\n|upkeep\n|turn|25\n|inactive|Time left: 300 sec this turn | 300 sec total\n|\n|t:|1783553705\n|switch|p1a: Palossand|Palossand, L89, F|294/296\n|switch|p2a: Incineroar|Incineroar, L82, M|67/100\n|-ability|p2a: Incineroar|Intimidate|boost\n|-unboost|p1a: Palossand|atk|1\n|\n|-heal|p1a: Palossand|296/296|[from] item: Leftovers\n|upkeep\n|turn|26\n|inactive|Time left: 300 sec this turn | 300 sec total\n|\n|t:|1783553706\n|move|p2a: Incineroar|Parting Shot|p1a: Palossand\n|-unboost|p1a: Palossand|atk|1\n|-unboost|p1a: Palossand|spa|1\n|\n|t:|1783553707\n|switch|p2a: Hitmontop|Hitmontop, L88, M|83/100|[from] Parting Shot\n|-ability|p2a: Hitmontop|Intimidate|boost\n|-unboost|p1a: Palossand|atk|1\n|move|p1a: Palossand|Earth Power|p2a: Hitmontop\n|-damage|p2a: Hitmontop|59/100\n|\n|upkeep\n|turn|27\n|inactive|Time left: 300 sec this turn | 300 sec total\n|\n|t:|1783553708\n|switch|p1a: Qwilfish|Qwilfish, L86, F|252/252\n|-ability|p1a: Qwilfish|Intimidate|boost\n|-unboost|p2a: Hitmontop|atk|1\n|move|p2a: Hitmontop|Close Combat|p1a: Qwilfish\n|-resisted|p1a: Qwilfish\n|-damage|p1a: Qwilfish|210/252\n|-unboost|p2a: Hitmontop|def|1\n|-unboost|p2a: Hitmontop|spd|1\n|\n|-heal|p1a: Qwilfish|225/252|[from] item: Leftovers\n|upkeep\n|turn|28\n|inactive|Time left: 300 sec this turn | 300 sec total\n|\n|t:|1783553709\n|switch|p2a: Incineroar|Incineroar, L82, M|67/100\n|-ability|p2a: Incineroar|Intimidate|boost\n|-unboost|p1a: Qwilfish|atk|1\n|move|p1a: Qwilfish|Gunk Shot|p2a: Incineroar\n|-damage|p2a: Incineroar|35/100\n|\n|-heal|p1a: Qwilfish|240/252|[from] item: Leftovers\n|upkeep\n|turn|29\n|inactive|Time left: 300 sec this turn | 300 sec total\n|\n|t:|1783553710\n|switch|p2a: Hitmontop|Hitmontop, L88, M|59/100\n|-ability|p2a: Hitmontop|Intimidate|boost\n|-unboost|p1a: Qwilfish|atk|1\n|move|p1a: Qwilfish|Waterfall|p2a: Hitmontop\n|-damage|p2a: Hitmontop|42/100\n|\n|-heal|p1a: Qwilfish|252/252|[from] item: Leftovers\n|upkeep\n|turn|30\n|inactive|Time left: 300 sec this turn | 300 sec total\n|\n|t:|1783553711\n|switch|p1a: Palossand|Palossand, L89, F|296/296\n|switch|p2a: Incineroar|Incineroar, L82, M|35/100\n|-ability|p2a: Incineroar|Intimidate|boost\n|-unboost|p1a: Palossand|atk|1\n|\n|upkeep\n|turn|31\n|inactive|Time left: 300 sec this turn | 300 sec total\n|\n|t:|1783553712\n|move|p2a: Incineroar|Parting Shot|p1a: Palossand\n|-unboost|p1a: Palossand|atk|1\n|-unboost|p1a: Palossand|spa|1\n|\n|t:|1783553713\n|switch|p2a: Hitmontop|Hitmontop, L88, M|42/100|[from] Parting Shot\n|-ability|p2a: Hitmontop|Intimidate|boost\n|-unboost|p1a: Palossand|atk|1\n|move|p1a: Palossand|Shadow Ball|p2a: Hitmontop\n|-damage|p2a: Hitmontop|19/100\n|\n|upkeep\n|turn|32\n|inactive|Time left: 300 sec this turn | 300 sec total\n|\n|t:|1783553714\n|switch|p1a: Qwilfish|Qwilfish, L86, F|252/252\n|-ability|p1a: Qwilfish|Intimidate|boost\n|-unboost|p2a: Hitmontop|atk|1\n|move|p2a: Hitmontop|Close Combat|p1a: Qwilfish\n|-resisted|p1a: Qwilfish\n|-damage|p1a: Qwilfish|205/252\n|-unboost|p2a: Hitmontop|def|1\n|-unboost|p2a: Hitmontop|spd|1\n|\n|-heal|p1a: Qwilfish|220/252|[from] item: Leftovers\n|upkeep\n|turn|33\n|inactive|Time left: 300 sec this turn | 300 sec total\n|\n|t:|1783553715\n|switch|p2a: Incineroar|Incineroar, L82, M|35/100\n|-ability|p2a: Incineroar|Intimidate|boost\n|-unboost|p1a: Qwilfish|atk|1\n|move|p1a: Qwilfish|Waterfall|p2a: Incineroar\n|-supereffective|p2a: Incineroar\n|-damage|p2a: Incineroar|0 fnt\n|faint|p2a: Incineroar\n|\n|-heal|p1a: Qwilfish|235/252|[from] item: Leftovers\n|upkeep\n|\n|t:|1783553716\n|switch|p2a: Braviary|Braviary-Hisui, L85, M|28/100\n|turn|34\n|inactive|Time left: 300 sec this turn | 300 sec total\n|\n|t:|1783553718\n|switch|p2a: Hitmontop|Hitmontop, L88, M|19/100\n|-ability|p2a: Hitmontop|Intimidate|boost\n|-unboost|p1a: Qwilfish|atk|1\n|move|p1a: Qwilfish|Gunk Shot|p2a: Hitmontop|[miss]\n|-miss|p1a: Qwilfish|p2a: Hitmontop\n|\n|-heal|p1a: Qwilfish|250/252|[from] item: Leftovers\n|upkeep\n|turn|35\n|inactive|Time left: 300 sec this turn | 300 sec total\n|\n|t:|1783553719\n|switch|p1a: Palossand|Palossand, L89, F|296/296\n|switch|p2a: Braviary|Braviary-Hisui, L85, M|28/100\n|\n|upkeep\n|turn|36\n|inactive|Time left: 300 sec this turn | 300 sec total\n|\n|t:|1783553720\n|move|p2a: Braviary|Psychic|p1a: Palossand\n|-damage|p1a: Palossand|100/296\n|move|p1a: Palossand|Shadow Ball|p2a: Braviary\n|-supereffective|p2a: Braviary\n|-damage|p2a: Braviary|0 fnt\n|faint|p2a: Braviary\n|\n|-heal|p1a: Palossand|118/296|[from] item: Leftovers\n|upkeep\n|\n|t:|1783553721\n|switch|p2a: Luvdisc|Luvdisc, F|100/100\n|turn|37\n|inactive|Time left: 300 sec this turn | 300 sec total\n|\n|t:|1783553722\n|-terastallize|p1a: Palossand|Water\n|move|p2a: Luvdisc|Surf|p1a: Palossand\n|-resisted|p1a: Palossand\n|-damage|p1a: Palossand|82/296\n|-ability|p1a: Palossand|Water Compaction|boost\n|-boost|p1a: Palossand|def|2\n|move|p1a: Palossand|Earth Power|p2a: Luvdisc\n|-damage|p2a: Luvdisc|54/100\n|\n|-heal|p1a: Palossand|100/296|[from] item: Leftovers\n|upkeep\n|turn|38\n|inactive|Time left: 300 sec this turn | 300 sec total\n|\n|t:|1783553723\n|move|p2a: Luvdisc|Whirlpool|p1a: Palossand\n|-resisted|p1a: Palossand\n|-damage|p1a: Palossand|84/296\n|-activate|p1a: Palossand|move: Whirlpool|[of] p2a: Luvdisc\n|-ability|p1a: Palossand|Water Compaction|boost\n|-boost|p1a: Palossand|def|2\n|move|p1a: Palossand|Shadow Ball|p2a: Luvdisc\n|-damage|p2a: Luvdisc|11/100\n|\n|-heal|p1a: Palossand|102/296|[from] item: Leftovers\n|-damage|p1a: Palossand|65/296|[from] move: Whirlpool|[partiallytrapped]\n|upkeep\n|turn|39\n|inactive|Time left: 300 sec this turn | 300 sec total\n|\n|t:|1783553724\n|move|p2a: Luvdisc|Endeavor|p1a: Palossand\n|-damage|p1a: Palossand|27/296\n|move|p1a: Palossand|Earth Power|p2a: Luvdisc\n|-damage|p2a: Luvdisc|0 fnt\n|faint|p2a: Luvdisc\n|\n|-heal|p1a: Palossand|45/296|[from] item: Leftovers\n|-end|p1a: Palossand|Whirlpool|[partiallytrapped]|[silent]\n|upkeep\n|\n|t:|1783553725\n|switch|p2a: Hitmontop|Hitmontop, L88, M|19/100\n|-ability|p2a: Hitmontop|Intimidate|boost\n|-unboost|p1a: Palossand|atk|1\n|turn|40\n|inactive|Time left: 300 sec this turn | 300 sec total\n|\n|t:|1783553726\n|move|p2a: Hitmontop|Rapid Spin|p1a: Palossand\n|-damage|p1a: Palossand|35/296\n|-boost|p2a: Hitmontop|spe|1\n|move|p1a: Palossand|Shadow Ball|p2a: Hitmontop\n|-damage|p2a: Hitmontop|0 fnt\n|faint|p2a: Hitmontop\n|\n|win|p0x11828796", "uploadtime": 1783553726, "views": 0, "rating": 0, "private": 0, "password": null, "_winner": "p0x11828796", "_our_name": "p0x11828796"}