{"id": "battle-gen9randombattle-515", "formatid": "gen9randombattle", "format": "[Gen 9] Random Battle", "players": ["p0x515f4fc", "p0y515877c"], "log": "|init|battle\n|title|p0x515f4fc vs. p0y515877c\n|j|\u2606p0x515f4fc\n|j|\u2606p0y515877c\n|t:|1783545728\n|gametype|singles\n|player|p1|p0x515f4fc|1|\n|player|p2|p0y515877c|1|\n|gen|9\n|tier|[Gen 9] Random Battle\n|rule|Species Clause: Limit one of each Pok\u00e9mon\n|rule|HP Percentage Mod: HP is shown in percentages\n|rule|Sleep Clause Mod: Limit one foe put to sleep\n|rule|Illusion Level Mod: Illusion disguises the Pok\u00e9mon's true level\n|\n|t:|1783545728\n|teamsize|p1|6\n|teamsize|p2|6\n|start\n|switch|p1a: Sandaconda|Sandaconda, L84, F|100/100\n|switch|p2a: Sandslash|Sandslash, L89, F|278/278\n|turn|1\n|inactive|Battle timer is ON: inactive players will automatically lose when time's up. (requested by p0x515f4fc)\n|inactive|Time left: 300 sec this turn | 300 sec total | 60 sec grace\n|inactive|p0y515877c also wants the timer to be on.\n|\n|t:|1783545730\n|move|p1a: Sandaconda|Glare|p2a: Sandslash\n|-status|p2a: Sandslash|par\n|move|p2a: Sandslash|Knock Off|p1a: Sandaconda\n|-damage|p1a: Sandaconda|78/100\n|-enditem|p1a: Sandaconda|Leftovers|[from] move: Knock Off|[of] p2a: Sandslash\n|\n|upkeep\n|turn|2\n|inactive|Time left: 300 sec this turn | 300 sec total\n|\n|t:|1783545731\n|move|p1a: Sandaconda|Coil|p1a: Sandaconda\n|-boost|p1a: Sandaconda|atk|1\n|-boost|p1a: Sandaconda|def|1\n|-boost|p1a: Sandaconda|accuracy|1\n|cant|p2a: Sandslash|par\n|\n|upkeep\n|turn|3\n|inactive|Time left: 300 sec this turn | 300 sec total\n|\n|t:|1783545732\n|move|p1a: Sandaconda|Earthquake|p2a: Sandslash\n|-damage|p2a: Sandslash|137/278 par\n|move|p2a: Sandslash|Earthquake|p1a: Sandaconda\n|-damage|p1a: Sandaconda|56/100\n|\n|-heal|p2a: Sandslash|154/278 par|[from] item: Leftovers\n|upkeep\n|turn|4\n|inactive|Time left: 300 sec this turn | 300 sec total\n|\n|t:|1783545733\n|move|p1a: Sandaconda|Earthquake|p2a: Sandslash\n|-damage|p2a: Sandslash|16/278 par\n|move|p2a: Sandslash|Rapid Spin|p1a: Sandaconda\n|-damage|p1a: Sandaconda|48/100\n|-boost|p2a: Sandslash|spe|1\n|\n|-heal|p2a: Sandslash|33/278 par|[from] item: Leftovers\n|upkeep\n|turn|5\n|inactive|Time left: 300 sec this turn | 300 sec total\n|\n|t:|1783545734\n|move|p1a: Sandaconda|Earthquake|p2a: Sandslash\n|-damage|p2a: Sandslash|0 fnt\n|faint|p2a: Sandslash\n|\n|upkeep\n|inactive|Time left: 300 sec this turn | 300 sec total | 5 sec grace\n|\n|t:|1783545735\n|switch|p2a: Araquanid|Araquanid, L82, F|246/246\n|turn|6\n|inactive|Time left: 300 sec this turn | 300 sec total\n|\n|t:|1783545736\n|move|p1a: Sandaconda|Stone Edge|p2a: Araquanid\n|-supereffective|p2a: Araquanid\n|-damage|p2a: Araquanid|32/246\n|move|p2a: Araquanid|Sticky Web|p1a: Sandaconda\n|-sidestart|p1: p0x515f4fc|move: Sticky Web\n|\n|upkeep\n|turn|7\n|inactive|Time left: 300 sec this turn | 300 sec total\n|\n|t:|1783545737\n|switch|p2a: Latias|Latias, L79, F|256/256\n|move|p1a: Sandaconda|Earthquake|p2a: Latias\n|-immune|p2a: Latias|[from] ability: Levitate\n|\n|upkeep\n|turn|8\n|inactive|Time left: 300 sec this turn | 300 sec total\n|\n|t:|1783545739\n|move|p2a: Latias|Draco Meteor|p1a: Sandaconda\n|-damage|p1a: Sandaconda|0 fnt\n|-unboost|p2a: Latias|spa|2\n|faint|p1a: Sandaconda\n|\n|upkeep\n|\n|t:|1783545739\n|switch|p1a: Tatsugiri|Tatsugiri, L87, M|100/100\n|turn|9\n|inactive|Time left: 300 sec this turn | 300 sec total\n|\n|t:|1783545741\n|switch|p2a: Wo-Chien|Wo-Chien, L83|277/277\n|-ability|p2a: Wo-Chien|Tablets of Ruin\n|move|p1a: Tatsugiri|Rapid Spin|p2a: Wo-Chien\n|-damage|p2a: Wo-Chien|259/277\n|-boost|p1a: Tatsugiri|spe|1\n|-sideend|p1: p0x515f4fc|Sticky Web|[from] move: Rapid Spin|[of] p1a: Tatsugiri\n|\n|-heal|p2a: Wo-Chien|276/277|[from] item: Leftovers\n|upkeep\n|turn|10\n|inactive|Time left: 300 sec this turn | 300 sec total\n|\n|t:|1783545742\n|move|p1a: Tatsugiri|Nasty Plot|p1a: Tatsugiri\n|-boost|p1a: Tatsugiri|spa|2\n|move|p2a: Wo-Chien|Ruination|p1a: Tatsugiri\n|-damage|p1a: Tatsugiri|50/100\n|\n|-heal|p2a: Wo-Chien|277/277|[from] item: Leftovers\n|upkeep\n|turn|11\n|inactive|Time left: 300 sec this turn | 300 sec total\n|\n|t:|1783545743\n|move|p1a: Tatsugiri|Nasty Plot|p1a: Tatsugiri\n|-boost|p1a: Tatsugiri|spa|2\n|move|p2a: Wo-Chien|Knock Off|p1a: Tatsugiri\n|-damage|p1a: Tatsugiri|4/100\n|-enditem|p1a: Tatsugiri|Heavy-Duty Boots|[from] move: Knock Off|[of] p2a: Wo-Chien\n|\n|upkeep\n|turn|12\n|inactive|Time left: 300 sec this turn | 300 sec total\n|\n|t:|1783545744\n|switch|p2a: Araquanid|Araquanid, L82, F|32/246\n|move|p1a: Tatsugiri|Draco Meteor|p2a: Araquanid\n|-damage|p2a: Araquanid|0 fnt\n|-unboost|p1a: Tatsugiri|spa|2\n|faint|p2a: Araquanid\n|\n|upkeep\n|inactive|Time left: 300 sec this turn | 300 sec total | 5 sec grace\n|\n|t:|1783545745\n|switch|p2a: Regice|Regice, L88|284/284\n|turn|13\n|inactive|Time left: 300 sec this turn | 300 sec total\n|\n|t:|1783545746\n|move|p1a: Tatsugiri|Draco Meteor|p2a: Regice\n|-damage|p2a: Regice|107/284\n|-unboost|p1a: Tatsugiri|spa|2\n|move|p2a: Regice|Thunderbolt|p1a: Tatsugiri\n|-damage|p1a: Tatsugiri|0 fnt\n|faint|p1a: Tatsugiri\n|\n|upkeep\n|\n|t:|1783545747\n|switch|p1a: Victreebel|Victreebel, L90, M|100/100\n|turn|14\n|inactive|Time left: 300 sec this turn | 300 sec total\n|\n|t:|1783545749\n|move|p1a: Victreebel|Power Whip|p2a: Regice|[miss]\n|-miss|p1a: Victreebel|p2a: Regice\n|move|p2a: Regice|Ice Beam|p1a: Victreebel\n|-supereffective|p1a: Victreebel\n|-damage|p1a: Victreebel|14/100\n|\n|upkeep\n|turn|15\n|inactive|Time left: 300 sec this turn | 300 sec total\n|\n|t:|1783545750\n|switch|p2a: Wo-Chien|Wo-Chien, L83|277/277\n|-ability|p2a: Wo-Chien|Tablets of Ruin\n|move|p1a: Victreebel|Power Whip|p2a: Wo-Chien\n|-resisted|p2a: Wo-Chien\n|-damage|p2a: Wo-Chien|208/277\n|-damage|p1a: Victreebel|4/100|[from] item: Life Orb\n|\n|-heal|p2a: Wo-Chien|225/277|[from] item: Leftovers\n|upkeep\n|turn|16\n|inactive|Time left: 300 sec this turn | 300 sec total\n|\n|t:|1783545751\n|move|p2a: Wo-Chien|Protect|p2a: Wo-Chien\n|-singleturn|p2a: Wo-Chien|Protect\n|move|p1a: Victreebel|Strength Sap|p2a: Wo-Chien\n|-activate|p2a: Wo-Chien|move: Protect\n|\n|-heal|p2a: Wo-Chien|242/277|[from] item: Leftovers\n|upkeep\n|turn|17\n|inactive|Time left: 300 sec this turn | 300 sec total\n|\n|t:|1783545752\n|move|p1a: Victreebel|Strength Sap|p2a: Wo-Chien\n|-unboost|p2a: Wo-Chien|atk|1\n|-heal|p1a: Victreebel|69/100\n|move|p2a: Wo-Chien|Ruination|p1a: Victreebel\n|-damage|p1a: Victreebel|35/100\n|\n|-heal|p2a: Wo-Chien|259/277|[from] item: Leftovers\n|upkeep\n|turn|18\n|inactive|Time left: 300 sec this turn | 300 sec total\n|\n|t:|1783545753\n|move|p1a: Victreebel|Strength Sap|p2a: Wo-Chien\n|-unboost|p2a: Wo-Chien|atk|1\n|-heal|p1a: Victreebel|78/100\n|move|p2a: Wo-Chien|Knock Off|p1a: Victreebel\n|-damage|p1a: Victreebel|59/100\n|-enditem|p1a: Victreebel|Life Orb|[from] move: Knock Off|[of] p2a: Wo-Chien\n|\n|-heal|p2a: Wo-Chien|276/277|[from] item: Leftovers\n|upkeep\n|turn|19\n|inactive|Time left: 300 sec this turn | 300 sec total\n|\n|t:|1783545754\n|switch|p2a: Latias|Latias, L79, F|256/256\n|move|p1a: Victreebel|Strength Sap|p2a: Latias\n|-unboost|p2a: Latias|atk|1\n|-heal|p1a: Victreebel|100/100\n|\n|upkeep\n|turn|20\n|inactive|Time left: 300 sec this turn | 300 sec total\n|\n|t:|1783545755\n|move|p2a: Latias|Psyshock|p1a: Victreebel\n|-supereffective|p1a: Victreebel\n|-damage|p1a: Victreebel|20/100\n|move|p1a: Victreebel|Sludge Wave|p2a: Latias\n|-damage|p2a: Latias|159/256\n|\n|upkeep\n|turn|21\n|inactive|Time left: 300 sec this turn | 300 sec total\n|\n|t:|1783545757\n|move|p2a: Latias|Psyshock|p1a: Victreebel\n|-supereffective|p1a: Victreebel\n|-damage|p1a: Victreebel|0 fnt\n|faint|p1a: Victreebel\n|\n|upkeep\n|\n|t:|1783545757\n|switch|p1a: Dipplin|Dipplin, L88, F|100/100\n|turn|22\n|inactive|Time left: 300 sec this turn | 300 sec total\n|\n|t:|1783545758\n|move|p2a: Latias|Calm Mind|p2a: Latias\n|-boost|p2a: Latias|spa|1\n|-boost|p2a: Latias|spd|1\n|move|p1a: Dipplin|Dragon Pulse|p2a: Latias\n|-supereffective|p2a: Latias\n|-damage|p2a: Latias|61/256\n|\n|upkeep\n|turn|23\n|inactive|Time left: 300 sec this turn | 300 sec total\n|\n|t:|1783545760\n|move|p2a: Latias|Recover|p2a: Latias\n|-heal|p2a: Latias|189/256\n|move|p1a: Dipplin|Dragon Pulse|p2a: Latias\n|-supereffective|p2a: Latias\n|-damage|p2a: Latias|81/256\n|\n|upkeep\n|turn|24\n|inactive|Time left: 300 sec this turn | 300 sec total\n|\n|t:|1783545761\n|move|p2a: Latias|Recover|p2a: Latias\n|-heal|p2a: Latias|209/256\n|move|p1a: Dipplin|Dragon Pulse|p2a: Latias\n|-supereffective|p2a: Latias\n|-damage|p2a: Latias|101/256\n|\n|upkeep\n|turn|25\n|inactive|Time left: 300 sec this turn | 300 sec total\n|\n|t:|1783545762\n|move|p2a: Latias|Recover|p2a: Latias\n|-heal|p2a: Latias|229/256\n|move|p1a: Dipplin|Dragon Pulse|p2a: Latias\n|-supereffective|p2a: Latias\n|-damage|p2a: Latias|131/256\n|\n|upkeep\n|turn|26\n|inactive|Time left: 300 sec this turn | 300 sec total\n|\n|t:|1783545763\n|move|p2a: Latias|Recover|p2a: Latias\n|-heal|p2a: Latias|256/256\n|move|p1a: Dipplin|Dragon Pulse|p2a: Latias\n|-supereffective|p2a: Latias\n|-damage|p2a: Latias|160/256\n|\n|upkeep\n|turn|27\n|inactive|Time left: 300 sec this turn | 300 sec total\n|\n|t:|1783545764\n|-terastallize|p1a: Dipplin|Steel\n|move|p2a: Latias|Recover|p2a: Latias\n|-heal|p2a: Latias|256/256\n|move|p1a: Dipplin|Dragon Pulse|p2a: Latias\n|-supereffective|p2a: Latias\n|-damage|p2a: Latias|160/256\n|\n|upkeep\n|turn|28\n|inactive|Time left: 300 sec this turn | 300 sec total\n|\n|t:|1783545765\n|move|p2a: Latias|Calm Mind|p2a: Latias\n|-boost|p2a: Latias|spa|1\n|-boost|p2a: Latias|spd|1\n|move|p1a: Dipplin|Dragon Pulse|p2a: Latias\n|-supereffective|p2a: Latias\n|-damage|p2a: Latias|76/256\n|\n|upkeep\n|turn|29\n|inactive|Time left: 300 sec this turn | 300 sec total\n|\n|t:|1783545766\n|move|p2a: Latias|Recover|p2a: Latias\n|-heal|p2a: Latias|204/256\n|move|p1a: Dipplin|Dragon Pulse|p2a: Latias\n|-supereffective|p2a: Latias\n|-damage|p2a: Latias|130/256\n|\n|upkeep\n|turn|30\n|inactive|Time left: 300 sec this turn | 300 sec total\n|\n|t:|1783545767\n|move|p2a: Latias|Recover|p2a: Latias\n|-heal|p2a: Latias|256/256\n|move|p1a: Dipplin|Dragon Pulse|p2a: Latias\n|-supereffective|p2a: Latias\n|-damage|p2a: Latias|172/256\n|\n|upkeep\n|turn|31\n|inactive|Time left: 300 sec this turn | 300 sec total\n|\n|t:|1783545769\n|move|p2a: Latias|Recover|p2a: Latias\n|-heal|p2a: Latias|256/256\n|move|p1a: Dipplin|Dragon Pulse|p2a: Latias\n|-supereffective|p2a: Latias\n|-damage|p2a: Latias|172/256\n|\n|upkeep\n|turn|32\n|inactive|Time left: 300 sec this turn | 300 sec total\n|\n|t:|1783545770\n|move|p2a: Latias|Calm Mind|p2a: Latias\n|-boost|p2a: Latias|spa|1\n|-boost|p2a: Latias|spd|1\n|move|p1a: Dipplin|Dragon Pulse|p2a: Latias\n|-supereffective|p2a: Latias\n|-damage|p2a: Latias|110/256\n|\n|upkeep\n|turn|33\n|inactive|Time left: 300 sec this turn | 300 sec total\n|\n|t:|1783545771\n|move|p2a: Latias|Calm Mind|p2a: Latias\n|-boost|p2a: Latias|spa|1\n|-boost|p2a: Latias|spd|1\n|move|p1a: Dipplin|Dragon Pulse|p2a: Latias\n|-supereffective|p2a: Latias\n|-damage|p2a: Latias|60/256\n|\n|upkeep\n|turn|34\n|inactive|Time left: 300 sec this turn | 300 sec total\n|\n|t:|1783545772\n|move|p2a: Latias|Draco Meteor|p1a: Dipplin\n|-resisted|p1a: Dipplin\n|-damage|p1a: Dipplin|46/100\n|-unboost|p2a: Latias|spa|2\n|move|p1a: Dipplin|Dragon Pulse|p2a: Latias\n|-supereffective|p2a: Latias\n|-damage|p2a: Latias|4/256\n|\n|upkeep\n|turn|35\n|inactive|Time left: 300 sec this turn | 300 sec total\n|\n|t:|1783545773\n|move|p2a: Latias|Draco Meteor|p1a: Dipplin\n|-resisted|p1a: Dipplin\n|-damage|p1a: Dipplin|9/100\n|-unboost|p2a: Latias|spa|2\n|move|p1a: Dipplin|Recover|p1a: Dipplin\n|-heal|p1a: Dipplin|59/100\n|\n|upkeep\n|turn|36\n|inactive|Time left: 300 sec this turn | 300 sec total\n|\n|t:|1783545774\n|switch|p2a: Wo-Chien|Wo-Chien, L83|276/277\n|-ability|p2a: Wo-Chien|Tablets of Ruin\n|move|p1a: Dipplin|Recover|p1a: Dipplin\n|-heal|p1a: Dipplin|100/100\n|\n|-heal|p2a: Wo-Chien|277/277|[from] item: Leftovers\n|upkeep\n|turn|37\n|inactive|Time left: 300 sec this turn | 300 sec total\n|\n|t:|1783545775\n|move|p2a: Wo-Chien|Leech Seed|p1a: Dipplin\n|-start|p1a: Dipplin|move: Leech Seed\n|move|p1a: Dipplin|Dragon Pulse|p2a: Wo-Chien\n|-damage|p2a: Wo-Chien|210/277\n|\n|-heal|p2a: Wo-Chien|227/277|[from] item: Leftovers\n|-damage|p1a: Dipplin|88/100|[from] Leech Seed|[of] p2a: Wo-Chien\n|-heal|p2a: Wo-Chien|262/277|[silent]\n|upkeep\n|turn|38\n|inactive|Time left: 300 sec this turn | 300 sec total\n|\n|t:|1783545776\n|switch|p1a: Scream Tail|Scream Tail, L84|100/100\n|move|p2a: Wo-Chien|Ruination|p1a: Scream Tail|[miss]\n|-miss|p2a: Wo-Chien|p1a: Scream Tail\n|\n|-heal|p2a: Wo-Chien|277/277|[from] item: Leftovers\n|upkeep\n|turn|39\n|inactive|Time left: 300 sec this turn | 300 sec total\n|\n|t:|1783545777\n|move|p1a: Scream Tail|Wish|p1a: Scream Tail\n|move|p2a: Wo-Chien|Ruination|p1a: Scream Tail\n|-damage|p1a: Scream Tail|50/100\n|\n|-heal|p1a: Scream Tail|57/100|[from] item: Leftovers\n|upkeep\n|turn|40\n|inactive|Time left: 300 sec this turn | 300 sec total\n|\n|t:|1783545778\n|move|p1a: Scream Tail|Protect|p1a: Scream Tail\n|-singleturn|p1a: Scream Tail|Protect\n|move|p2a: Wo-Chien|Leech Seed|p1a: Scream Tail\n|-activate|p1a: Scream Tail|move: Protect\n|\n|-heal|p1a: Scream Tail|100/100|[from] move: Wish|[wisher] Scream Tail\n|upkeep\n|turn|41\n|inactive|Time left: 300 sec this turn | 300 sec total\n|\n|t:|1783545779\n|move|p1a: Scream Tail|Wish|p1a: Scream Tail\n|move|p2a: Wo-Chien|Leech Seed|p1a: Scream Tail|[miss]\n|-miss|p2a: Wo-Chien|p1a: Scream Tail\n|\n|upkeep\n|turn|42\n|inactive|Time left: 300 sec this turn | 300 sec total\n|\n|t:|1783545781\n|-end|p1a: Scream Tail|Protosynthesis|[silent]\n|switch|p1a: Dipplin|Dipplin, L88, F, tera:Steel|88/100\n|move|p2a: Wo-Chien|Leech Seed|p1a: Dipplin\n|-start|p1a: Dipplin|move: Leech Seed\n|\n|-heal|p1a: Dipplin|100/100|[from] move: Wish|[wisher] Scream Tail\n|-damage|p1a: Dipplin|88/100|[from] Leech Seed|[of] p2a: Wo-Chien\n|upkeep\n|turn|43\n|inactive|Time left: 300 sec this turn | 300 sec total\n|\n|t:|1783545781\n|switch|p1a: Scream Tail|Scream Tail, L84|100/100\n|move|p2a: Wo-Chien|Ruination|p1a: Scream Tail\n|-damage|p1a: Scream Tail|50/100\n|\n|-heal|p1a: Scream Tail|57/100|[from] item: Leftovers\n|upkeep\n|turn|44\n|inactive|Time left: 300 sec this turn | 300 sec total\n|\n|t:|1783545782\n|move|p1a: Scream Tail|Wish|p1a: Scream Tail\n|move|p2a: Wo-Chien|Leech Seed|p1a: Scream Tail\n|-start|p1a: Scream Tail|move: Leech Seed\n|\n|-heal|p1a: Scream Tail|63/100|[from] item: Leftovers\n|-damage|p1a: Scream Tail|50/100|[from] Leech Seed|[of] p2a: Wo-Chien\n|upkeep\n|turn|45\n|inactive|Time left: 300 sec this turn | 300 sec total\n|\n|t:|1783545783\n|-end|p1a: Scream Tail|Protosynthesis|[silent]\n|switch|p1a: Dipplin|Dipplin, L88, F, tera:Steel|88/100\n|move|p2a: Wo-Chien|Knock Off|p1a: Dipplin\n|-damage|p1a: Dipplin|72/100\n|-activate|p1a: Dipplin|ability: Sticky Hold\n|\n|-heal|p1a: Dipplin|100/100|[from] move: Wish|[wisher] Scream Tail\n|upkeep\n|turn|46\n|inactive|Time left: 300 sec this turn | 300 sec total\n|\n|t:|1783545784\n|move|p2a: Wo-Chien|Leech Seed|p1a: Dipplin\n|-start|p1a: Dipplin|move: Leech Seed\n|move|p1a: Dipplin|Giga Drain|p2a: Wo-Chien\n|-resisted|p2a: Wo-Chien\n|-damage|p2a: Wo-Chien|245/277\n|\n|-heal|p2a: Wo-Chien|262/277|[from] item: Leftovers\n|-damage|p1a: Dipplin|88/100|[from] Leech Seed|[of] p2a: Wo-Chien\n|-heal|p2a: Wo-Chien|277/277|[silent]\n|upkeep\n|turn|47\n|inactive|Time left: 300 sec this turn | 300 sec total\n|\n|t:|1783545785\n|switch|p1a: Scream Tail|Scream Tail, L84|50/100\n|move|p2a: Wo-Chien|Knock Off|p1a: Scream Tail\n|-crit|p1a: Scream Tail\n|-damage|p1a: Scream Tail|13/100\n|-enditem|p1a: Scream Tail|Leftovers|[from] move: Knock Off|[of] p2a: Wo-Chien\n|\n|upkeep\n|turn|48\n|inactive|Time left: 300 sec this turn | 300 sec total\n|\n|t:|1783545786\n|move|p1a: Scream Tail|Wish|p1a: Scream Tail\n|move|p2a: Wo-Chien|Knock Off|p1a: Scream Tail\n|-damage|p1a: Scream Tail|0 fnt\n|faint|p1a: Scream Tail\n|-end|p1a: Scream Tail|Protosynthesis|[silent]\n|\n|upkeep\n|\n|t:|1783545787\n|switch|p1a: Dipplin|Dipplin, L88, F, tera:Steel|88/100\n|turn|49\n|inactive|Time left: 300 sec this turn | 300 sec total\n|\n|t:|1783545788\n|move|p2a: Wo-Chien|Leech Seed|p1a: Dipplin\n|-start|p1a: Dipplin|move: Leech Seed\n|move|p1a: Dipplin|Giga Drain|p2a: Wo-Chien\n|-resisted|p2a: Wo-Chien\n|-damage|p2a: Wo-Chien|247/277\n|-heal|p1a: Dipplin|93/100|[from] drain|[of] p2a: Wo-Chien\n|\n|-heal|p1a: Dipplin|100/100|[from] move: Wish|[wisher] Scream Tail\n|-heal|p2a: Wo-Chien|264/277|[from] item: Leftovers\n|-damage|p1a: Dipplin|88/100|[from] Leech Seed|[of] p2a: Wo-Chien\n|-heal|p2a: Wo-Chien|277/277|[silent]\n|upkeep\n|turn|50\n|inactive|Time left: 300 sec this turn | 300 sec total\n|\n|t:|1783545789\n|move|p2a: Wo-Chien|Ruination|p1a: Dipplin\n|-damage|p1a: Dipplin|45/100\n|move|p1a: Dipplin|Recover|p1a: Dipplin\n|-heal|p1a: Dipplin|95/100\n|\n|-damage|p1a: Dipplin|82/100|[from] Leech Seed|[of] p2a: Wo-Chien\n|upkeep\n|turn|51\n|inactive|Time left: 300 sec this turn | 300 sec total\n|\n|t:|1783545790\n|move|p2a: Wo-Chien|Ruination|p1a: Dipplin\n|-damage|p1a: Dipplin|41/100\n|move|p1a: Dipplin|Recover|p1a: Dipplin\n|-heal|p1a: Dipplin|91/100\n|\n|-damage|p1a: Dipplin|79/100|[from] Leech Seed|[of] p2a: Wo-Chien\n|upkeep\n|turn|52\n|inactive|Time left: 300 sec this turn | 300 sec total\n|\n|t:|1783545791\n|move|p2a: Wo-Chien|Ruination|p1a: Dipplin\n|-damage|p1a: Dipplin|40/100\n|move|p1a: Dipplin|Recover|p1a: Dipplin\n|-heal|p1a: Dipplin|90/100\n|\n|-damage|p1a: Dipplin|78/100|[from] Leech Seed|[of] p2a: Wo-Chien\n|upkeep\n|turn|53\n|inactive|Time left: 300 sec this turn | 300 sec total\n|\n|t:|1783545792\n|move|p2a: Wo-Chien|Ruination|p1a: Dipplin\n|-damage|p1a: Dipplin|39/100\n|move|p1a: Dipplin|Recover|p1a: Dipplin\n|-heal|p1a: Dipplin|89/100\n|\n|-damage|p1a: Dipplin|77/100|[from] Leech Seed|[of] p2a: Wo-Chien\n|upkeep\n|turn|54\n|inactive|Time left: 300 sec this turn | 300 sec total\n|\n|t:|1783545793\n|move|p2a: Wo-Chien|Ruination|p1a: Dipplin\n|-damage|p1a: Dipplin|39/100\n|move|p1a: Dipplin|Recover|p1a: Dipplin\n|-heal|p1a: Dipplin|89/100\n|\n|-damage|p1a: Dipplin|77/100|[from] Leech Seed|[of] p2a: Wo-Chien\n|upkeep\n|turn|55\n|inactive|Time left: 300 sec this turn | 300 sec total\n|\n|t:|1783545794\n|move|p2a: Wo-Chien|Ruination|p1a: Dipplin\n|-damage|p1a: Dipplin|39/100\n|move|p1a: Dipplin|Recover|p1a: Dipplin\n|-heal|p1a: Dipplin|89/100\n|\n|-damage|p1a: Dipplin|76/100|[from] Leech Seed|[of] p2a: Wo-Chien\n|upkeep\n|turn|56\n|inactive|Time left: 300 sec this turn | 300 sec total\n|\n|t:|1783545795\n|switch|p1a: Azelf|Azelf, L82|100/100\n|move|p2a: Wo-Chien|Ruination|p1a: Azelf\n|-damage|p1a: Azelf|51/100\n|\n|upkeep\n|turn|57\n|inactive|Time left: 300 sec this turn | 300 sec total\n|\n|t:|1783545796\n|switch|p1a: Dipplin|Dipplin, L88, F, tera:Steel|76/100\n|move|p2a: Wo-Chien|Knock Off|p1a: Dipplin\n|-damage|p1a: Dipplin|59/100\n|-activate|p1a: Dipplin|ability: Sticky Hold\n|\n|upkeep\n|turn|58\n|inactive|Time left: 300 sec this turn | 300 sec total\n|\n|t:|1783545797\n|move|p2a: Wo-Chien|Leech Seed|p1a: Dipplin\n|-start|p1a: Dipplin|move: Leech Seed\n|move|p1a: Dipplin|Dragon Pulse|p2a: Wo-Chien\n|-damage|p2a: Wo-Chien|207/277\n|\n|-heal|p2a: Wo-Chien|224/277|[from] item: Leftovers\n|-damage|p1a: Dipplin|47/100|[from] Leech Seed|[of] p2a: Wo-Chien\n|-heal|p2a: Wo-Chien|259/277|[silent]\n|upkeep\n|turn|59\n|inactive|Time left: 300 sec this turn | 300 sec total\n|\n|t:|1783545798\n|switch|p1a: Azelf|Azelf, L82|51/100\n|move|p2a: Wo-Chien|Knock Off|p1a: Azelf\n|-supereffective|p1a: Azelf\n|-damage|p1a: Azelf|0 fnt\n|-enditem|p1a: Azelf|Life Orb|[from] move: Knock Off|[of] p2a: Wo-Chien\n|faint|p1a: Azelf\n|\n|-heal|p2a: Wo-Chien|276/277|[from] item: Leftovers\n|upkeep\n|\n|t:|1783545799\n|switch|p1a: Dipplin|Dipplin, L88, F, tera:Steel|47/100\n|turn|60\n|inactive|Time left: 300 sec this turn | 300 sec total\n|\n|t:|1783545800\n|move|p2a: Wo-Chien|Leech Seed|p1a: Dipplin\n|-start|p1a: Dipplin|move: Leech Seed\n|move|p1a: Dipplin|Giga Drain|p2a: Wo-Chien\n|-resisted|p2a: Wo-Chien\n|-damage|p2a: Wo-Chien|247/277\n|-heal|p1a: Dipplin|52/100|[from] drain|[of] p2a: Wo-Chien\n|\n|-heal|p2a: Wo-Chien|264/277|[from] item: Leftovers\n|-damage|p1a: Dipplin|40/100|[from] Leech Seed|[of] p2a: Wo-Chien\n|-heal|p2a: Wo-Chien|277/277|[silent]\n|upkeep\n|turn|61\n|inactive|Time left: 300 sec this turn | 300 sec total\n|\n|t:|1783545801\n|move|p2a: Wo-Chien|Ruination|p1a: Dipplin\n|-damage|p1a: Dipplin|20/100\n|move|p1a: Dipplin|Giga Drain|p2a: Wo-Chien\n|-resisted|p2a: Wo-Chien\n|-damage|p2a: Wo-Chien|243/277\n|-heal|p1a: Dipplin|26/100|[from] drain|[of] p2a: Wo-Chien\n|\n|-heal|p2a: Wo-Chien|260/277|[from] item: Leftovers\n|-damage|p1a: Dipplin|14/100|[from] Leech Seed|[of] p2a: Wo-Chien\n|-heal|p2a: Wo-Chien|277/277|[silent]\n|upkeep\n|turn|62\n|inactive|Time left: 300 sec this turn | 300 sec total\n|\n|t:|1783545802\n|move|p2a: Wo-Chien|Protect|p2a: Wo-Chien\n|-singleturn|p2a: Wo-Chien|Protect\n|move|p1a: Dipplin|Giga Drain|p2a: Wo-Chien\n|-activate|p2a: Wo-Chien|move: Protect\n|\n|-damage|p1a: Dipplin|2/100|[from] Leech Seed|[of] p2a: Wo-Chien\n|upkeep\n|turn|63\n|inactive|Time left: 300 sec this turn | 300 sec total\n|\n|t:|1783545803\n|-terastallize|p2a: Wo-Chien|Poison\n|move|p1a: Dipplin|Sucker Punch|p2a: Wo-Chien\n|-damage|p2a: Wo-Chien|245/277\n|move|p2a: Wo-Chien|Ruination|p1a: Dipplin\n|-damage|p1a: Dipplin|1/100\n|\n|-heal|p2a: Wo-Chien|262/277|[from] item: Leftovers\n|-damage|p1a: Dipplin|0 fnt|[from] Leech Seed|[of] p2a: Wo-Chien\n|-heal|p2a: Wo-Chien|264/277|[silent]\n|faint|p1a: Dipplin\n|\n|win|p0y515877c", "uploadtime": 1783545803, "views": 0, "rating": 0, "private": 0, "password": null, "_winner": "p0y515877c", "_our_name": "p0y515877c"}