{"id": "battle-gen9randombattle-277", "formatid": "gen9randombattle", "format": "[Gen 9] Random Battle", "players": ["p0x277dfa0", "p0y2776f43"], "log": "|init|battle\n|title|p0x277dfa0 vs. p0y2776f43\n|j|\u2606p0x277dfa0\n|j|\u2606p0y2776f43\n|t:|1783542275\n|gametype|singles\n|player|p1|p0x277dfa0|170|\n|player|p2|p0y2776f43|266|\n|gen|9\n|tier|[Gen 9] Random Battle\n|rule|Species Clause: Limit one of each Pok\u00e9mon\n|rule|HP Percentage Mod: HP is shown in percentages\n|rule|Sleep Clause Mod: Limit one foe put to sleep\n|rule|Illusion Level Mod: Illusion disguises the Pok\u00e9mon's true level\n|\n|t:|1783542275\n|teamsize|p1|6\n|teamsize|p2|6\n|start\n|switch|p1a: Electivire|Electivire, L84, F|100/100\n|switch|p2a: Baxcalibur|Baxcalibur, L75, F|295/295\n|turn|1\n|inactive|Battle timer is ON: inactive players will automatically lose when time's up. (requested by p0x277dfa0)\n|inactive|Time left: 300 sec this turn | 300 sec total | 60 sec grace\n|inactive|p0y2776f43 also wants the timer to be on.\n|\n|t:|1783542277\n|switch|p1a: Diancie|Diancie, L82|100/100\n|move|p2a: Baxcalibur|Icicle Spear|p1a: Diancie\n|-damage|p1a: Diancie|91/100\n|-crit|p1a: Diancie\n|-damage|p1a: Diancie|74/100\n|-damage|p1a: Diancie|64/100\n|-damage|p1a: Diancie|54/100\n|-hitcount|p1a: Diancie|4\n|\n|-heal|p1a: Diancie|60/100|[from] item: Leftovers\n|upkeep\n|turn|2\n|inactive|Time left: 300 sec this turn | 300 sec total\n|\n|t:|1783542278\n|move|p2a: Baxcalibur|Icicle Spear|p1a: Diancie\n|-crit|p1a: Diancie\n|-damage|p1a: Diancie|44/100\n|-damage|p1a: Diancie|34/100\n|-damage|p1a: Diancie|25/100\n|-damage|p1a: Diancie|16/100\n|-hitcount|p1a: Diancie|4\n|move|p1a: Diancie|Diamond Storm|p2a: Baxcalibur\n|-supereffective|p2a: Baxcalibur\n|-damage|p2a: Baxcalibur|83/295\n|\n|-heal|p1a: Diancie|22/100|[from] item: Leftovers\n|upkeep\n|turn|3\n|inactive|Time left: 300 sec this turn | 300 sec total\n|\n|t:|1783542279\n|switch|p1a: Gardevoir|Gardevoir, L83, F|100/100\n|-ability|p1a: Gardevoir|Thermal Exchange|Trace|[from] ability: Trace|[of] p2a: Baxcalibur\n|move|p2a: Baxcalibur|Icicle Spear|p1a: Gardevoir\n|-damage|p1a: Gardevoir|86/100\n|-damage|p1a: Gardevoir|70/100\n|-damage|p1a: Gardevoir|55/100\n|-damage|p1a: Gardevoir|40/100\n|-hitcount|p1a: Gardevoir|4\n|\n|upkeep\n|turn|4\n|inactive|Time left: 300 sec this turn | 300 sec total\n|\n|t:|1783542280\n|switch|p2a: Arceus|Arceus-Fire, L72|291/291\n|move|p1a: Gardevoir|Moonblast|p2a: Arceus\n|-resisted|p2a: Arceus\n|-damage|p2a: Arceus|234/291\n|\n|upkeep\n|turn|5\n|inactive|Time left: 300 sec this turn | 300 sec total\n|\n|t:|1783542281\n|move|p1a: Gardevoir|Moonblast|p2a: Arceus\n|-resisted|p2a: Arceus\n|-damage|p2a: Arceus|183/291\n|move|p2a: Arceus|Flare Blitz|p1a: Gardevoir\n|-damage|p1a: Gardevoir|0 fnt\n|faint|p1a: Gardevoir\n|-damage|p2a: Arceus|151/291|[from] Recoil\n|\n|upkeep\n|\n|t:|1783542282\n|switch|p1a: Electivire|Electivire, L84, F|100/100\n|turn|6\n|inactive|Time left: 300 sec this turn | 300 sec total\n|\n|t:|1783542283\n|move|p1a: Electivire|Earthquake|p2a: Arceus\n|-supereffective|p2a: Arceus\n|-damage|p2a: Arceus|0 fnt\n|faint|p2a: Arceus\n|\n|upkeep\n|inactive|Time left: 300 sec this turn | 300 sec total | 5 sec grace\n|\n|t:|1783542284\n|switch|p2a: Meloetta|Meloetta, L82|298/298\n|turn|7\n|inactive|Time left: 300 sec this turn | 300 sec total\n|\n|t:|1783542286\n|move|p1a: Electivire|Earthquake|p2a: Meloetta\n|-damage|p2a: Meloetta|202/298\n|move|p2a: Meloetta|Hyper Voice|p1a: Electivire\n|-damage|p1a: Electivire|32/100\n|\n|upkeep\n|turn|8\n|inactive|Time left: 300 sec this turn | 300 sec total\n|\n|t:|1783542287\n|move|p1a: Electivire|Earthquake|p2a: Meloetta\n|-damage|p2a: Meloetta|107/298\n|move|p2a: Meloetta|Hyper Voice|p1a: Electivire\n|-damage|p1a: Electivire|0 fnt\n|faint|p1a: Electivire\n|\n|upkeep\n|\n|t:|1783542288\n|switch|p1a: Scyther|Scyther, L82, F|100/100\n|turn|9\n|inactive|Time left: 300 sec this turn | 300 sec total\n|\n|t:|1783542289\n|switch|p2a: Diancie|Diancie, L82|216/216\n|move|p1a: Scyther|Bug Bite|p2a: Diancie\n|-resisted|p2a: Diancie\n|-damage|p2a: Diancie|184/216\n|\n|-heal|p2a: Diancie|197/216|[from] item: Leftovers\n|upkeep\n|turn|10\n|inactive|Time left: 300 sec this turn | 300 sec total\n|\n|t:|1783542290\n|switch|p1a: Breloom|Breloom, L83, M|100/100\n|move|p2a: Diancie|Diamond Storm|p1a: Breloom|[miss]\n|-miss|p2a: Diancie|p1a: Breloom\n|\n|-heal|p2a: Diancie|210/216|[from] item: Leftovers\n|upkeep\n|turn|11\n|inactive|Time left: 300 sec this turn | 300 sec total\n|\n|t:|1783542291\n|switch|p2a: Baxcalibur|Baxcalibur, L75, F|83/295\n|move|p1a: Breloom|Bullet Seed|p2a: Baxcalibur\n|-resisted|p2a: Baxcalibur\n|-damage|p2a: Baxcalibur|52/295\n|-resisted|p2a: Baxcalibur\n|-damage|p2a: Baxcalibur|18/295\n|-resisted|p2a: Baxcalibur\n|-damage|p2a: Baxcalibur|0 fnt\n|faint|p2a: Baxcalibur\n|-hitcount|p2: Baxcalibur|3\n|-damage|p1a: Breloom|91/100|[from] item: Life Orb\n|\n|upkeep\n|inactive|Time left: 300 sec this turn | 300 sec total | 5 sec grace\n|\n|t:|1783542292\n|switch|p2a: Volcanion|Volcanion, L79|256/256\n|turn|12\n|inactive|Time left: 300 sec this turn | 300 sec total\n|\n|t:|1783542293\n|move|p1a: Breloom|Spore|p2a: Volcanion\n|-status|p2a: Volcanion|slp|[from] move: Spore\n|cant|p2a: Volcanion|slp\n|\n|upkeep\n|turn|13\n|inactive|Time left: 300 sec this turn | 300 sec total\n|\n|t:|1783542294\n|move|p1a: Breloom|Bullet Seed|p2a: Volcanion\n|-damage|p2a: Volcanion|208/256 slp\n|-damage|p2a: Volcanion|152/256 slp\n|-hitcount|p2a: Volcanion|2\n|-damage|p1a: Breloom|81/100|[from] item: Life Orb\n|cant|p2a: Volcanion|slp\n|\n|upkeep\n|turn|14\n|inactive|Time left: 300 sec this turn | 300 sec total\n|\n|t:|1783542295\n|-terastallize|p2a: Volcanion|Fire\n|move|p1a: Breloom|Bullet Seed|p2a: Volcanion\n|-resisted|p2a: Volcanion\n|-damage|p2a: Volcanion|123/256 slp\n|-resisted|p2a: Volcanion\n|-damage|p2a: Volcanion|98/256 slp\n|-hitcount|p2a: Volcanion|2\n|-damage|p1a: Breloom|71/100|[from] item: Life Orb\n|cant|p2a: Volcanion|slp\n|\n|upkeep\n|turn|15\n|inactive|Time left: 300 sec this turn | 300 sec total\n|\n|t:|1783542296\n|move|p1a: Breloom|Rock Tomb|p2a: Volcanion\n|-supereffective|p2a: Volcanion\n|-damage|p2a: Volcanion|0 fnt\n|faint|p2a: Volcanion\n|-damage|p1a: Breloom|61/100|[from] item: Life Orb\n|\n|upkeep\n|inactive|Time left: 300 sec this turn | 300 sec total | 5 sec grace\n|\n|t:|1783542297\n|switch|p2a: Meloetta|Meloetta, L82|107/298\n|turn|16\n|inactive|Time left: 300 sec this turn | 300 sec total\n|\n|t:|1783542298\n|move|p1a: Breloom|Mach Punch|p2a: Meloetta\n|-damage|p2a: Meloetta|0 fnt\n|faint|p2a: Meloetta\n|-damage|p1a: Breloom|52/100|[from] item: Life Orb\n|\n|upkeep\n|inactive|Time left: 300 sec this turn | 300 sec total | 5 sec grace\n|\n|t:|1783542299\n|switch|p2a: Gastrodon|Gastrodon-East, L86, F|331/331\n|turn|17\n|inactive|Time left: 300 sec this turn | 300 sec total\n|\n|t:|1783542300\n|switch|p2a: Diancie|Diancie, L82|210/216\n|move|p1a: Breloom|Bullet Seed|p2a: Diancie\n|-supereffective|p2a: Diancie\n|-damage|p2a: Diancie|124/216\n|-supereffective|p2a: Diancie\n|-damage|p2a: Diancie|36/216\n|-supereffective|p2a: Diancie\n|-damage|p2a: Diancie|0 fnt\n|faint|p2a: Diancie\n|-hitcount|p2: Diancie|3\n|-damage|p1a: Breloom|42/100|[from] item: Life Orb\n|\n|upkeep\n|inactive|Time left: 300 sec this turn | 300 sec total | 5 sec grace\n|\n|t:|1783542301\n|switch|p2a: Gastrodon|Gastrodon-East, L86, F|331/331\n|turn|18\n|inactive|Time left: 300 sec this turn | 300 sec total\n|\n|t:|1783542302\n|-terastallize|p1a: Breloom|Rock\n|move|p1a: Breloom|Bullet Seed|p2a: Gastrodon\n|-supereffective|p2a: Gastrodon\n|-damage|p2a: Gastrodon|29/331\n|-supereffective|p2a: Gastrodon\n|-crit|p2a: Gastrodon\n|-damage|p2a: Gastrodon|0 fnt\n|faint|p2a: Gastrodon\n|-hitcount|p2: Gastrodon|2\n|-damage|p1a: Breloom|32/100|[from] item: Life Orb\n|\n|win|p0x277dfa0", "uploadtime": 1783542302, "views": 0, "rating": 0, "private": 0, "password": null, "_winner": "p0x277dfa0", "_our_name": "p0y2776f43"}