{"id": "battle-gen9randombattle-2180", "formatid": "gen9randombattle", "format": "[Gen 9] Random Battle", "players": ["p0x21808bb4", "p0y2180564c"], "log": "|init|battle\n|title|p0x21808bb4 vs. p0y2180564c\n|j|\u2606p0x21808bb4\n|j|\u2606p0y2180564c\n|t:|1783565265\n|gametype|singles\n|player|p1|p0x21808bb4|101|\n|player|p2|p0y2180564c|2|\n|gen|9\n|tier|[Gen 9] Random Battle\n|rule|Species Clause: Limit one of each Pok\u00e9mon\n|rule|HP Percentage Mod: HP is shown in percentages\n|rule|Sleep Clause Mod: Limit one foe put to sleep\n|rule|Illusion Level Mod: Illusion disguises the Pok\u00e9mon's true level\n|\n|t:|1783565265\n|teamsize|p1|6\n|teamsize|p2|6\n|start\n|switch|p1a: Honchkrow|Honchkrow, L86, M|100/100\n|switch|p2a: Blissey|Blissey, L85, F|572/572\n|turn|1\n|inactive|Battle timer is ON: inactive players will automatically lose when time's up. (requested by p0y2180564c)\n|inactive|p0x21808bb4 also wants the timer to be on.\n|\n|t:|1783565267\n|switch|p1a: Blastoise|Blastoise, L80, M|100/100\n|move|p2a: Blissey|Stealth Rock|p1a: Blastoise\n|-sidestart|p1: p0x21808bb4|move: Stealth Rock\n|\n|upkeep\n|turn|2\n|inactive|Time left: 300 sec this turn | 300 sec total\n|\n|t:|1783565268\n|switch|p2a: Scovillain|Scovillain, L91, F|266/266\n|move|p1a: Blastoise|Shell Smash|p1a: Blastoise\n|-unboost|p1a: Blastoise|def|1\n|-unboost|p1a: Blastoise|spd|1\n|-boost|p1a: Blastoise|atk|2\n|-boost|p1a: Blastoise|spa|2\n|-boost|p1a: Blastoise|spe|2\n|-enditem|p1a: Blastoise|White Herb\n|-clearnegativeboost|p1a: Blastoise|[silent]\n|\n|upkeep\n|turn|3\n|inactive|Time left: 300 sec this turn | 300 sec total\n|\n|t:|1783565269\n|move|p1a: Blastoise|Hydro Pump|p2a: Scovillain\n|-damage|p2a: Scovillain|50/266\n|move|p2a: Scovillain|Leaf Storm|p1a: Blastoise\n|-supereffective|p1a: Blastoise\n|-damage|p1a: Blastoise|0 fnt\n|-unboost|p2a: Scovillain|spa|2\n|faint|p1a: Blastoise\n|\n|upkeep\n|\n|t:|1783565269\n|switch|p1a: Rotom|Rotom-Frost, L87|100/100\n|turn|4\n|inactive|Time left: 300 sec this turn | 300 sec total\n|\n|t:|1783565270\n|move|p2a: Scovillain|Leaf Storm|p1a: Rotom\n|-damage|p1a: Rotom|68/100\n|-unboost|p2a: Scovillain|spa|2\n|move|p1a: Rotom|Nasty Plot|p1a: Rotom\n|-boost|p1a: Rotom|spa|2\n|\n|upkeep\n|turn|5\n|inactive|Time left: 300 sec this turn | 300 sec total\n|\n|t:|1783565271\n|switch|p2a: Blissey|Blissey, L85, F|572/572\n|move|p1a: Rotom|Blizzard|p2a: Blissey|[miss]\n|-miss|p1a: Rotom|p2a: Blissey\n|\n|upkeep\n|turn|6\n|inactive|Time left: 300 sec this turn | 300 sec total\n|\n|t:|1783565272\n|move|p1a: Rotom|Blizzard|p2a: Blissey\n|-damage|p2a: Blissey|398/572\n|move|p2a: Blissey|Seismic Toss|p1a: Rotom\n|-damage|p1a: Rotom|31/100\n|\n|-heal|p2a: Blissey|433/572|[from] item: Leftovers\n|upkeep\n|turn|7\n|inactive|Time left: 300 sec this turn | 300 sec total\n|\n|t:|1783565273\n|switch|p1a: Honchkrow|Honchkrow, L86, M|100/100\n|move|p2a: Blissey|Seismic Toss|p1a: Honchkrow\n|-damage|p1a: Honchkrow|73/100\n|\n|-heal|p2a: Blissey|468/572|[from] item: Leftovers\n|upkeep\n|turn|8\n|inactive|Time left: 300 sec this turn | 300 sec total\n|\n|t:|1783565273\n|switch|p2a: Sylveon|Sylveon, L85, M|300/300\n|move|p1a: Honchkrow|Brave Bird|p2a: Sylveon\n|-damage|p2a: Sylveon|92/300\n|-damage|p1a: Honchkrow|51/100|[from] Recoil\n|\n|-heal|p2a: Sylveon|110/300|[from] item: Leftovers\n|upkeep\n|turn|9\n|inactive|Time left: 300 sec this turn | 300 sec total\n|\n|t:|1783565274\n|move|p2a: Sylveon|Protect|p2a: Sylveon\n|-singleturn|p2a: Sylveon|Protect\n|move|p1a: Honchkrow|Brave Bird|p2a: Sylveon\n|-activate|p2a: Sylveon|move: Protect\n|\n|-heal|p2a: Sylveon|128/300|[from] item: Leftovers\n|upkeep\n|turn|10\n|inactive|Time left: 300 sec this turn | 300 sec total\n|\n|t:|1783565275\n|-terastallize|p2a: Sylveon|Steel\n|move|p1a: Honchkrow|Brave Bird|p2a: Sylveon\n|-resisted|p2a: Sylveon\n|-damage|p2a: Sylveon|31/300\n|-damage|p1a: Honchkrow|41/100|[from] Recoil\n|move|p2a: Sylveon|Hyper Voice|p1a: Honchkrow\n|-supereffective|p1a: Honchkrow\n|-damage|p1a: Honchkrow|0 fnt\n|faint|p1a: Honchkrow\n|\n|-heal|p2a: Sylveon|49/300|[from] item: Leftovers\n|upkeep\n|\n|t:|1783565276\n|switch|p1a: Rotom|Rotom-Frost, L87|31/100\n|turn|11\n|inactive|Time left: 300 sec this turn | 300 sec total\n|\n|t:|1783565277\n|move|p1a: Rotom|Thunderbolt|p2a: Sylveon\n|-damage|p2a: Sylveon|0 fnt\n|faint|p2a: Sylveon\n|\n|upkeep\n|inactive|Time left: 300 sec this turn | 300 sec total | 5 sec grace\n|\n|t:|1783565278\n|switch|p2a: Scovillain|Scovillain, L91, F|50/266\n|turn|12\n|inactive|Time left: 300 sec this turn | 300 sec total\n|\n|t:|1783565279\n|switch|p1a: Magcargo|Magcargo, L95, F|100/100\n|move|p2a: Scovillain|Flamethrower|p1a: Magcargo\n|-resisted|p1a: Magcargo\n|-damage|p1a: Magcargo|90/100\n|\n|upkeep\n|turn|13\n|inactive|Time left: 300 sec this turn | 300 sec total\n|\n|t:|1783565280\n|switch|p2a: Blissey|Blissey, L85, F|468/572\n|move|p1a: Magcargo|Lava Plume|p2a: Blissey\n|-damage|p2a: Blissey|401/572\n|\n|-heal|p2a: Blissey|436/572|[from] item: Leftovers\n|upkeep\n|turn|14\n|inactive|Time left: 300 sec this turn | 300 sec total\n|\n|t:|1783565281\n|move|p2a: Blissey|Thunder Wave|p1a: Magcargo|[miss]\n|-miss|p2a: Blissey|p1a: Magcargo\n|move|p1a: Magcargo|Recover|p1a: Magcargo\n|-heal|p1a: Magcargo|100/100\n|\n|-heal|p2a: Blissey|471/572|[from] item: Leftovers\n|upkeep\n|turn|15\n|inactive|Time left: 300 sec this turn | 300 sec total\n|\n|t:|1783565282\n|move|p2a: Blissey|Thunder Wave|p1a: Magcargo\n|-status|p1a: Magcargo|par\n|move|p1a: Magcargo|Lava Plume|p2a: Blissey\n|-damage|p2a: Blissey|398/572\n|\n|-heal|p2a: Blissey|433/572|[from] item: Leftovers\n|upkeep\n|turn|16\n|inactive|Time left: 300 sec this turn | 300 sec total\n|\n|t:|1783565283\n|move|p2a: Blissey|Seismic Toss|p1a: Magcargo\n|-damage|p1a: Magcargo|69/100 par\n|move|p1a: Magcargo|Yawn|p2a: Blissey\n|-start|p2a: Blissey|move: Yawn|[of] p1a: Magcargo\n|\n|-heal|p2a: Blissey|468/572|[from] item: Leftovers\n|upkeep\n|turn|17\n|inactive|Time left: 300 sec this turn | 300 sec total\n|\n|t:|1783565284\n|move|p2a: Blissey|Seismic Toss|p1a: Magcargo\n|-damage|p1a: Magcargo|37/100 par\n|move|p1a: Magcargo|Recover|p1a: Magcargo\n|-heal|p1a: Magcargo|87/100 par\n|\n|-heal|p2a: Blissey|503/572|[from] item: Leftovers\n|-end|p2a: Blissey|move: Yawn|[silent]\n|-status|p2a: Blissey|slp\n|upkeep\n|turn|18\n|inactive|Time left: 300 sec this turn | 300 sec total\n|\n|t:|1783565285\n|-curestatus|p2a: Blissey|slp|[from] ability: Natural Cure|[silent]\n|switch|p2a: Komala|Komala, L87, F|255/255\n|-ability|p2a: Komala|Comatose\n|move|p1a: Magcargo|Lava Plume|p2a: Komala\n|-damage|p2a: Komala|188/255\n|\n|upkeep\n|turn|19\n|inactive|Time left: 300 sec this turn | 300 sec total\n|\n|t:|1783565286\n|move|p2a: Komala|Knock Off|p1a: Magcargo\n|-damage|p1a: Magcargo|67/100 par\n|-enditem|p1a: Magcargo|Heavy-Duty Boots|[from] move: Knock Off|[of] p2a: Komala\n|move|p1a: Magcargo|Lava Plume|p2a: Komala\n|-damage|p2a: Komala|121/255\n|\n|upkeep\n|turn|20\n|inactive|Time left: 300 sec this turn | 300 sec total\n|\n|t:|1783565287\n|move|p2a: Komala|Rapid Spin|p1a: Magcargo\n|-resisted|p1a: Magcargo\n|-damage|p1a: Magcargo|59/100 par\n|-boost|p2a: Komala|spe|1\n|cant|p1a: Magcargo|par\n|\n|upkeep\n|turn|21\n|inactive|Time left: 300 sec this turn | 300 sec total\n|\n|t:|1783565288\n|move|p2a: Komala|Rapid Spin|p1a: Magcargo\n|-resisted|p1a: Magcargo\n|-crit|p1a: Magcargo\n|-damage|p1a: Magcargo|46/100 par\n|-boost|p2a: Komala|spe|1\n|move|p1a: Magcargo|Power Gem|p2a: Komala\n|-damage|p2a: Komala|54/255\n|\n|upkeep\n|turn|22\n|inactive|Time left: 300 sec this turn | 300 sec total\n|\n|t:|1783565290\n|switch|p2a: Blissey|Blissey, L85, F|503/572\n|cant|p1a: Magcargo|par\n|\n|-heal|p2a: Blissey|538/572|[from] item: Leftovers\n|upkeep\n|turn|23\n|inactive|Time left: 300 sec this turn | 300 sec total\n|\n|t:|1783565291\n|move|p2a: Blissey|Seismic Toss|p1a: Magcargo\n|-damage|p1a: Magcargo|14/100 par\n|move|p1a: Magcargo|Recover|p1a: Magcargo\n|-heal|p1a: Magcargo|64/100 par\n|\n|-heal|p2a: Blissey|572/572|[from] item: Leftovers\n|upkeep\n|turn|24\n|inactive|Time left: 300 sec this turn | 300 sec total\n|\n|t:|1783565292\n|move|p2a: Blissey|Seismic Toss|p1a: Magcargo\n|-damage|p1a: Magcargo|33/100 par\n|cant|p1a: Magcargo|par\n|\n|upkeep\n|turn|25\n|inactive|Time left: 300 sec this turn | 300 sec total\n|\n|t:|1783565293\n|move|p2a: Blissey|Seismic Toss|p1a: Magcargo\n|-damage|p1a: Magcargo|1/100 par\n|-status|p2a: Blissey|brn|[from] ability: Flame Body|[of] p1a: Magcargo\n|move|p1a: Magcargo|Recover|p1a: Magcargo\n|-heal|p1a: Magcargo|51/100 par\n|\n|-damage|p2a: Blissey|537/572 brn|[from] brn\n|upkeep\n|turn|26\n|inactive|Time left: 300 sec this turn | 300 sec total\n|\n|t:|1783565294\n|move|p2a: Blissey|Seismic Toss|p1a: Magcargo\n|-damage|p1a: Magcargo|19/100 par\n|move|p1a: Magcargo|Recover|p1a: Magcargo\n|-heal|p1a: Magcargo|69/100 par\n|\n|-heal|p2a: Blissey|572/572 brn|[from] item: Leftovers\n|-damage|p2a: Blissey|537/572 brn|[from] brn\n|upkeep\n|turn|27\n|inactive|Time left: 300 sec this turn | 300 sec total\n|\n|t:|1783565295\n|move|p2a: Blissey|Seismic Toss|p1a: Magcargo\n|-damage|p1a: Magcargo|37/100 par\n|move|p1a: Magcargo|Recover|p1a: Magcargo\n|-heal|p1a: Magcargo|87/100 par\n|\n|-heal|p2a: Blissey|572/572 brn|[from] item: Leftovers\n|-damage|p2a: Blissey|537/572 brn|[from] brn\n|upkeep\n|turn|28\n|inactive|Time left: 300 sec this turn | 300 sec total\n|\n|t:|1783565296\n|move|p2a: Blissey|Seismic Toss|p1a: Magcargo\n|-damage|p1a: Magcargo|56/100 par\n|move|p1a: Magcargo|Recover|p1a: Magcargo\n|-heal|p1a: Magcargo|100/100 par\n|\n|-heal|p2a: Blissey|572/572 brn|[from] item: Leftovers\n|-damage|p2a: Blissey|537/572 brn|[from] brn\n|upkeep\n|turn|29\n|inactive|Time left: 300 sec this turn | 300 sec total\n|\n|t:|1783565298\n|move|p2a: Blissey|Seismic Toss|p1a: Magcargo\n|-damage|p1a: Magcargo|69/100 par\n|move|p1a: Magcargo|Lava Plume|p2a: Blissey\n|-damage|p2a: Blissey|461/572 brn\n|\n|-heal|p2a: Blissey|496/572 brn|[from] item: Leftovers\n|-damage|p2a: Blissey|461/572 brn|[from] brn\n|upkeep\n|turn|30\n|inactive|Time left: 300 sec this turn | 300 sec total\n|\n|t:|1783565299\n|move|p2a: Blissey|Seismic Toss|p1a: Magcargo\n|-damage|p1a: Magcargo|37/100 par\n|move|p1a: Magcargo|Recover|p1a: Magcargo\n|-heal|p1a: Magcargo|87/100 par\n|\n|-heal|p2a: Blissey|496/572 brn|[from] item: Leftovers\n|-damage|p2a: Blissey|461/572 brn|[from] brn\n|upkeep\n|turn|31\n|inactive|Time left: 300 sec this turn | 300 sec total\n|\n|t:|1783565300\n|move|p2a: Blissey|Seismic Toss|p1a: Magcargo\n|-damage|p1a: Magcargo|55/100 par\n|move|p1a: Magcargo|Power Gem|p2a: Blissey\n|-damage|p2a: Blissey|386/572 brn\n|\n|-heal|p2a: Blissey|421/572 brn|[from] item: Leftovers\n|-damage|p2a: Blissey|386/572 brn|[from] brn\n|upkeep\n|turn|32\n|inactive|Time left: 300 sec this turn | 300 sec total\n|\n|t:|1783565301\n|move|p2a: Blissey|Seismic Toss|p1a: Magcargo\n|-damage|p1a: Magcargo|24/100 par\n|move|p1a: Magcargo|Power Gem|p2a: Blissey\n|-damage|p2a: Blissey|308/572 brn\n|\n|-heal|p2a: Blissey|343/572 brn|[from] item: Leftovers\n|-damage|p2a: Blissey|308/572 brn|[from] brn\n|upkeep\n|turn|33\n|inactive|Time left: 300 sec this turn | 300 sec total\n|\n|t:|1783565302\n|move|p2a: Blissey|Soft-Boiled|p2a: Blissey\n|-heal|p2a: Blissey|572/572 brn\n|move|p1a: Magcargo|Lava Plume|p2a: Blissey\n|-damage|p2a: Blissey|503/572 brn\n|\n|-heal|p2a: Blissey|538/572 brn|[from] item: Leftovers\n|-damage|p2a: Blissey|503/572 brn|[from] brn\n|upkeep\n|turn|34\n|inactive|Time left: 300 sec this turn | 300 sec total\n|\n|t:|1783565303\n|move|p2a: Blissey|Seismic Toss|p1a: Magcargo\n|-damage|p1a: Magcargo|0 fnt\n|faint|p1a: Magcargo\n|\n|-heal|p2a: Blissey|538/572 brn|[from] item: Leftovers\n|-damage|p2a: Blissey|503/572 brn|[from] brn\n|upkeep\n|\n|t:|1783565304\n|switch|p1a: Kyogre|Kyogre, L71|100/100\n|-damage|p1a: Kyogre|88/100|[from] Stealth Rock\n|-weather|RainDance|[from] ability: Drizzle|[of] p1a: Kyogre\n|turn|35\n|inactive|Time left: 300 sec this turn | 300 sec total\n|\n|t:|1783565305\n|move|p1a: Kyogre|Origin Pulse|p2a: Blissey\n|-damage|p2a: Blissey|380/572 brn\n|move|p2a: Blissey|Seismic Toss|p1a: Kyogre\n|-damage|p1a: Kyogre|55/100\n|\n|-weather|RainDance|[upkeep]\n|-heal|p2a: Blissey|415/572 brn|[from] item: Leftovers\n|-damage|p2a: Blissey|380/572 brn|[from] brn\n|upkeep\n|turn|36\n|inactive|Time left: 300 sec this turn | 300 sec total\n|\n|t:|1783565306\n|move|p1a: Kyogre|Origin Pulse|p2a: Blissey\n|-damage|p2a: Blissey|245/572 brn\n|move|p2a: Blissey|Soft-Boiled|p2a: Blissey\n|-heal|p2a: Blissey|531/572 brn\n|\n|-weather|RainDance|[upkeep]\n|-heal|p2a: Blissey|566/572 brn|[from] item: Leftovers\n|-damage|p2a: Blissey|531/572 brn|[from] brn\n|upkeep\n|turn|37\n|inactive|Time left: 300 sec this turn | 300 sec total\n|\n|t:|1783565307\n|move|p1a: Kyogre|Origin Pulse|p2a: Blissey\n|-damage|p2a: Blissey|396/572 brn\n|move|p2a: Blissey|Seismic Toss|p1a: Kyogre\n|-damage|p1a: Kyogre|23/100\n|\n|-weather|RainDance|[upkeep]\n|-heal|p2a: Blissey|431/572 brn|[from] item: Leftovers\n|-damage|p2a: Blissey|396/572 brn|[from] brn\n|upkeep\n|turn|38\n|inactive|Time left: 300 sec this turn | 300 sec total\n|\n|t:|1783565308\n|move|p1a: Kyogre|Origin Pulse|p2a: Blissey|[miss]\n|-miss|p1a: Kyogre|p2a: Blissey\n|move|p2a: Blissey|Seismic Toss|p1a: Kyogre\n|-damage|p1a: Kyogre|0 fnt\n|faint|p1a: Kyogre\n|\n|-weather|RainDance|[upkeep]\n|-heal|p2a: Blissey|431/572 brn|[from] item: Leftovers\n|-damage|p2a: Blissey|396/572 brn|[from] brn\n|upkeep\n|\n|t:|1783565309\n|switch|p1a: Hydreigon|Hydreigon, L79, F|100/100\n|-damage|p1a: Hydreigon|88/100|[from] Stealth Rock\n|turn|39\n|inactive|Time left: 300 sec this turn | 300 sec total\n|\n|t:|1783565311\n|move|p1a: Hydreigon|Dark Pulse|p2a: Blissey\n|-damage|p2a: Blissey|330/572 brn\n|move|p2a: Blissey|Seismic Toss|p1a: Hydreigon\n|-damage|p1a: Hydreigon|57/100\n|\n|-weather|none\n|-heal|p2a: Blissey|365/572 brn|[from] item: Leftovers\n|-damage|p2a: Blissey|330/572 brn|[from] brn\n|upkeep\n|turn|40\n|inactive|Time left: 300 sec this turn | 300 sec total\n|\n|t:|1783565312\n|move|p1a: Hydreigon|Dark Pulse|p2a: Blissey\n|-damage|p2a: Blissey|260/572 brn\n|move|p2a: Blissey|Seismic Toss|p1a: Hydreigon\n|-damage|p1a: Hydreigon|26/100\n|\n|-heal|p2a: Blissey|295/572 brn|[from] item: Leftovers\n|-damage|p2a: Blissey|260/572 brn|[from] brn\n|upkeep\n|turn|41\n|inactive|Time left: 300 sec this turn | 300 sec total\n|\n|t:|1783565313\n|move|p1a: Hydreigon|Dark Pulse|p2a: Blissey\n|-damage|p2a: Blissey|197/572 brn\n|move|p2a: Blissey|Seismic Toss|p1a: Hydreigon\n|-damage|p1a: Hydreigon|0 fnt\n|faint|p1a: Hydreigon\n|\n|-heal|p2a: Blissey|232/572 brn|[from] item: Leftovers\n|-damage|p2a: Blissey|197/572 brn|[from] brn\n|upkeep\n|\n|t:|1783565314\n|switch|p1a: Rotom|Rotom-Frost, L87|31/100\n|turn|42\n|inactive|Time left: 300 sec this turn | 300 sec total\n|\n|t:|1783565314\n|-terastallize|p1a: Rotom|Electric\n|move|p1a: Rotom|Will-O-Wisp|p2a: Blissey\n|-fail|p2a: Blissey|brn\n|move|p2a: Blissey|Seismic Toss|p1a: Rotom\n|-damage|p1a: Rotom|0 fnt\n|faint|p1a: Rotom\n|\n|win|p0y2180564c", "uploadtime": 1783565314, "views": 0, "rating": 0, "private": 0, "password": null, "_winner": "p0y2180564c", "_our_name": "p0y2180564c"}