{"id": "battle-gen9randombattle-196", "formatid": "gen9randombattle", "format": "[Gen 9] Random Battle", "players": ["p0x1961bc7", "p0y196ef77"], "log": "|init|battle\n|title|p0x1961bc7 vs. p0y196ef77\n|j|\u2606p0x1961bc7\n|j|\u2606p0y196ef77\n|t:|1783541836\n|gametype|singles\n|player|p1|p0x1961bc7|1|\n|player|p2|p0y196ef77|2|\n|gen|9\n|tier|[Gen 9] Random Battle\n|rule|Species Clause: Limit one of each Pok\u00e9mon\n|rule|HP Percentage Mod: HP is shown in percentages\n|rule|Sleep Clause Mod: Limit one foe put to sleep\n|rule|Illusion Level Mod: Illusion disguises the Pok\u00e9mon's true level\n|\n|t:|1783541836\n|teamsize|p1|6\n|teamsize|p2|6\n|start\n|switch|p1a: Froslass|Froslass, L87, F|100/100\n|switch|p2a: Bruxish|Bruxish, L85, M|254/254\n|turn|1\n|inactive|Battle timer is ON: inactive players will automatically lose when time's up. (requested by p0x1961bc7)\n|inactive|Time left: 300 sec this turn | 300 sec total | 60 sec grace\n|\n|t:|1783541838\n|move|p1a: Froslass|Will-O-Wisp|p2a: Bruxish\n|-status|p2a: Bruxish|brn\n|move|p2a: Bruxish|Crunch|p1a: Froslass\n|-supereffective|p1a: Froslass\n|-damage|p1a: Froslass|43/100\n|\n|-damage|p2a: Bruxish|239/254 brn|[from] brn\n|upkeep\n|turn|2\n|inactive|Time left: 300 sec this turn | 300 sec total\n|inactive|p0y196ef77 also wants the timer to be on.\n|\n|t:|1783541839\n|move|p1a: Froslass|Poltergeist|p2a: Bruxish\n|-activate|p2a: Bruxish|move: Poltergeist|Choice Band\n|-supereffective|p2a: Bruxish\n|-damage|p2a: Bruxish|5/254 brn\n|move|p2a: Bruxish|Crunch|p1a: Froslass\n|-supereffective|p1a: Froslass\n|-damage|p1a: Froslass|0 fnt\n|-start|p2a: Bruxish|Disable|Crunch|[from] ability: Cursed Body|[of] p1a: Froslass\n|faint|p1a: Froslass\n|\n|-damage|p2a: Bruxish|0 fnt|[from] brn\n|faint|p2a: Bruxish\n|upkeep\n|inactive|Time left: 300 sec this turn | 300 sec total | 5 sec grace\n|\n|t:|1783541840\n|switch|p1a: Rhyperior|Rhyperior, L82, M|100/100\n|switch|p2a: Mabosstiff|Mabosstiff, L86, M|278/278\n|turn|3\n|inactive|Time left: 300 sec this turn | 300 sec total\n|\n|t:|1783541841\n|move|p2a: Mabosstiff|Crunch|p1a: Rhyperior\n|-damage|p1a: Rhyperior|63/100\n|move|p1a: Rhyperior|Megahorn|p2a: Mabosstiff\n|-supereffective|p2a: Mabosstiff\n|-damage|p2a: Mabosstiff|0 fnt\n|faint|p2a: Mabosstiff\n|\n|upkeep\n|inactive|Time left: 300 sec this turn | 300 sec total | 5 sec grace\n|\n|t:|1783541842\n|switch|p2a: Chesnaught|Chesnaught, L84, M|285/285\n|turn|4\n|inactive|Time left: 300 sec this turn | 300 sec total\n|\n|t:|1783541843\n|switch|p1a: Palkia|Palkia, L75|100/100\n|-ability|p1a: Palkia|Pressure\n|move|p2a: Chesnaught|Wood Hammer|p1a: Palkia\n|-damage|p1a: Palkia|44/100\n|-damage|p2a: Chesnaught|236/285|[from] Recoil\n|\n|upkeep\n|turn|5\n|inactive|Time left: 300 sec this turn | 300 sec total\n|\n|t:|1783541844\n|move|p1a: Palkia|Fire Blast|p2a: Chesnaught\n|-supereffective|p2a: Chesnaught\n|-damage|p2a: Chesnaught|38/285\n|move|p2a: Chesnaught|Synthesis|p2a: Chesnaught\n|-heal|p2a: Chesnaught|180/285\n|\n|upkeep\n|turn|6\n|inactive|Time left: 300 sec this turn | 300 sec total\n|\n|t:|1783541845\n|switch|p2a: Registeel|Registeel, L81|262/262\n|move|p1a: Palkia|Fire Blast|p2a: Registeel\n|-supereffective|p2a: Registeel\n|-damage|p2a: Registeel|146/262\n|\n|upkeep\n|turn|7\n|inactive|Time left: 300 sec this turn | 300 sec total\n|\n|t:|1783541847\n|switch|p2a: Dragalge|Dragalge, L88, F|258/258\n|move|p1a: Palkia|Fire Blast|p2a: Dragalge\n|-resisted|p2a: Dragalge\n|-damage|p2a: Dragalge|237/258\n|\n|upkeep\n|turn|8\n|inactive|Time left: 300 sec this turn | 300 sec total\n|\n|t:|1783541848\n|move|p1a: Palkia|Draco Meteor|p2a: Dragalge|[miss]\n|-miss|p1a: Palkia|p2a: Dragalge\n|move|p2a: Dragalge|Sludge Wave|p1a: Palkia\n|-damage|p1a: Palkia|0 fnt\n|faint|p1a: Palkia\n|\n|upkeep\n|\n|t:|1783541849\n|switch|p1a: Hoopa|Hoopa, L85|100/100\n|turn|9\n|inactive|Time left: 300 sec this turn | 300 sec total\n|\n|t:|1783541850\n|move|p1a: Hoopa|Psychic|p2a: Dragalge\n|-supereffective|p2a: Dragalge\n|-damage|p2a: Dragalge|109/258\n|-unboost|p2a: Dragalge|spd|1\n|move|p2a: Dragalge|Dragon Tail|p1a: Hoopa\n|-damage|p1a: Hoopa|66/100\n|drag|p1a: Hypno|Hypno, L95, M|100/100\n|\n|upkeep\n|turn|10\n|inactive|Time left: 300 sec this turn | 300 sec total\n|\n|t:|1783541851\n|switch|p2a: Iron Thorns|Iron Thorns, L83|302/302\n|-enditem|p2a: Iron Thorns|Booster Energy\n|-activate|p2a: Iron Thorns|ability: Quark Drive|[fromitem]\n|-start|p2a: Iron Thorns|quarkdriveatk\n|move|p1a: Hypno|Psychic Noise|p2a: Iron Thorns\n|-damage|p2a: Iron Thorns|223/302\n|-start|p2a: Iron Thorns|move: Heal Block\n|\n|upkeep\n|turn|11\n|inactive|Time left: 300 sec this turn | 300 sec total\n|\n|t:|1783541852\n|move|p1a: Hypno|Focus Blast|p2a: Iron Thorns|[miss]\n|-miss|p1a: Hypno|p2a: Iron Thorns\n|move|p2a: Iron Thorns|Dragon Dance|p2a: Iron Thorns\n|-boost|p2a: Iron Thorns|atk|1\n|-boost|p2a: Iron Thorns|spe|1\n|\n|-end|p2a: Iron Thorns|move: Heal Block\n|upkeep\n|turn|12\n|inactive|Time left: 300 sec this turn | 300 sec total\n|\n|t:|1783541853\n|-terastallize|p1a: Hypno|Fighting\n|move|p2a: Iron Thorns|Earthquake|p1a: Hypno\n|-damage|p1a: Hypno|44/100\n|move|p1a: Hypno|Focus Blast|p2a: Iron Thorns\n|-supereffective|p2a: Iron Thorns\n|-damage|p2a: Iron Thorns|0 fnt\n|faint|p2a: Iron Thorns\n|-end|p2a: Iron Thorns|Quark Drive|[silent]\n|\n|-heal|p1a: Hypno|50/100|[from] item: Leftovers\n|upkeep\n|inactive|Time left: 300 sec this turn | 300 sec total | 5 sec grace\n|\n|t:|1783541854\n|switch|p2a: Dragalge|Dragalge, L88, F|109/258\n|turn|13\n|inactive|Time left: 300 sec this turn | 300 sec total\n|\n|t:|1783541855\n|move|p1a: Hypno|Psychic Noise|p2a: Dragalge\n|-supereffective|p2a: Dragalge\n|-damage|p2a: Dragalge|35/258\n|-start|p2a: Dragalge|move: Heal Block\n|move|p2a: Dragalge|Sludge Wave|p1a: Hypno\n|-crit|p1a: Hypno\n|-damage|p1a: Hypno|3/100\n|\n|-heal|p1a: Hypno|9/100|[from] item: Leftovers\n|upkeep\n|turn|14\n|inactive|Time left: 300 sec this turn | 300 sec total\n|\n|t:|1783541856\n|switch|p2a: Registeel|Registeel, L81|146/262\n|move|p1a: Hypno|Psychic Noise|p2a: Registeel\n|-resisted|p2a: Registeel\n|-damage|p2a: Registeel|119/262\n|-start|p2a: Registeel|move: Heal Block\n|\n|-heal|p1a: Hypno|15/100|[from] item: Leftovers\n|upkeep\n|turn|15\n|inactive|Time left: 300 sec this turn | 300 sec total\n|\n|t:|1783541857\n|move|p1a: Hypno|Focus Blast|p2a: Registeel\n|-supereffective|p2a: Registeel\n|-damage|p2a: Registeel|0 fnt\n|faint|p2a: Registeel\n|\n|-heal|p1a: Hypno|21/100|[from] item: Leftovers\n|upkeep\n|inactive|Time left: 300 sec this turn | 300 sec total | 5 sec grace\n|\n|t:|1783541858\n|switch|p2a: Chesnaught|Chesnaught, L84, M|180/285\n|turn|16\n|inactive|Time left: 300 sec this turn | 300 sec total\n|\n|t:|1783541859\n|-terastallize|p2a: Chesnaught|Water\n|move|p1a: Hypno|Psychic Noise|p2a: Chesnaught\n|-damage|p2a: Chesnaught|80/285\n|-start|p2a: Chesnaught|move: Heal Block\n|move|p2a: Chesnaught|Knock Off|p1a: Hypno\n|-resisted|p1a: Hypno\n|-damage|p1a: Hypno|10/100\n|-enditem|p1a: Hypno|Leftovers|[from] move: Knock Off|[of] p2a: Chesnaught\n|\n|upkeep\n|turn|17\n|inactive|Time left: 300 sec this turn | 300 sec total\n|\n|t:|1783541860\n|switch|p2a: Dragalge|Dragalge, L88, F|35/258\n|move|p1a: Hypno|Psychic Noise|p2a: Dragalge\n|-supereffective|p2a: Dragalge\n|-damage|p2a: Dragalge|0 fnt\n|faint|p2a: Dragalge\n|\n|upkeep\n|inactive|Time left: 300 sec this turn | 300 sec total | 5 sec grace\n|\n|t:|1783541861\n|switch|p2a: Chesnaught|Chesnaught, L84, M, tera:Water|80/285\n|turn|18\n|inactive|Time left: 300 sec this turn | 300 sec total\n|\n|t:|1783541862\n|move|p1a: Hypno|Psychic Noise|p2a: Chesnaught\n|-damage|p2a: Chesnaught|0 fnt\n|faint|p2a: Chesnaught\n|\n|win|p0x1961bc7", "uploadtime": 1783541862, "views": 0, "rating": 0, "private": 0, "password": null, "_winner": "p0x1961bc7", "_our_name": "p0y196ef77"}