{"id": "battle-gen9randombattle-2660", "formatid": "gen9randombattle", "format": "[Gen 9] Random Battle", "players": ["p0x2660baff", "p0y2660d70c"], "log": "|init|battle\n|title|p0x2660baff vs. p0y2660d70c\n|j|\u2606p0x2660baff\n|j|\u2606p0y2660d70c\n|t:|1783570699\n|gametype|singles\n|player|p1|p0x2660baff|2|\n|player|p2|p0y2660d70c|102|\n|gen|9\n|tier|[Gen 9] Random Battle\n|rule|Species Clause: Limit one of each Pok\u00e9mon\n|rule|HP Percentage Mod: HP is shown in percentages\n|rule|Sleep Clause Mod: Limit one foe put to sleep\n|rule|Illusion Level Mod: Illusion disguises the Pok\u00e9mon's true level\n|\n|t:|1783570699\n|teamsize|p1|6\n|teamsize|p2|6\n|start\n|switch|p1a: Sandslash|Sandslash-Alola, L88, M|100/100\n|switch|p2a: Diancie|Diancie, L82|216/216\n|turn|1\n|inactive|Battle timer is ON: inactive players will automatically lose when time's up. (requested by p0y2660d70c)\n|inactive|p0x2660baff also wants the timer to be on.\n|\n|t:|1783570700\n|move|p1a: Sandslash|Iron Head|p2a: Diancie\n|-supereffective|p2a: Diancie\n|-damage|p2a: Diancie|0 fnt\n|faint|p2a: Diancie\n|\n|upkeep\n|inactive|Time left: 300 sec this turn | 300 sec total | 65 sec grace\n|\n|t:|1783570701\n|switch|p2a: Scrafty|Scrafty, L83, M|244/244\n|turn|2\n|inactive|Time left: 300 sec this turn | 300 sec total\n|\n|t:|1783570702\n|switch|p1a: Scream Tail|Scream Tail, L84|100/100\n|move|p2a: Scrafty|Drain Punch|p1a: Scream Tail\n|-resisted|p1a: Scream Tail\n|-damage|p1a: Scream Tail|96/100\n|\n|-heal|p1a: Scream Tail|100/100|[from] item: Leftovers\n|upkeep\n|turn|3\n|inactive|Time left: 300 sec this turn | 300 sec total\n|\n|t:|1783570704\n|move|p1a: Scream Tail|Play Rough|p2a: Scrafty\n|-supereffective|p2a: Scrafty\n|-damage|p2a: Scrafty|24/244\n|move|p2a: Scrafty|Bulk Up|p2a: Scrafty\n|-boost|p2a: Scrafty|atk|1\n|-boost|p2a: Scrafty|def|1\n|\n|-heal|p2a: Scrafty|39/244|[from] item: Leftovers\n|upkeep\n|turn|4\n|inactive|Time left: 300 sec this turn | 300 sec total\n|\n|t:|1783570705\n|-terastallize|p2a: Scrafty|Poison\n|move|p1a: Scream Tail|Play Rough|p2a: Scrafty|[miss]\n|-miss|p1a: Scream Tail|p2a: Scrafty\n|move|p2a: Scrafty|Rest|p2a: Scrafty\n|-status|p2a: Scrafty|slp|[from] move: Rest\n|-heal|p2a: Scrafty|244/244 slp|[silent]\n|\n|upkeep\n|turn|5\n|inactive|Time left: 300 sec this turn | 300 sec total\n|\n|t:|1783570706\n|move|p1a: Scream Tail|Encore|p2a: Scrafty\n|-start|p2a: Scrafty|Encore\n|cant|p2a: Scrafty|slp\n|\n|upkeep\n|turn|6\n|inactive|Time left: 300 sec this turn | 300 sec total\n|\n|t:|1783570706\n|-end|p1a: Scream Tail|Protosynthesis|[silent]\n|switch|p1a: Mabosstiff|Mabosstiff, L86, M|100/100\n|cant|p2a: Scrafty|slp\n|\n|upkeep\n|turn|7\n|inactive|Time left: 300 sec this turn | 300 sec total\n|\n|t:|1783570708\n|move|p1a: Mabosstiff|Crunch|p2a: Scrafty\n|-damage|p2a: Scrafty|187/244 slp\n|-curestatus|p2a: Scrafty|slp|[msg]\n|move|p2a: Scrafty|Rest|p2a: Scrafty\n|-status|p2a: Scrafty|slp|[from] move: Rest\n|-heal|p2a: Scrafty|244/244 slp|[silent]\n|\n|-activate|p2a: Scrafty|ability: Shed Skin\n|-curestatus|p2a: Scrafty|slp|[msg]\n|-end|p2a: Scrafty|Encore\n|upkeep\n|turn|8\n|inactive|Time left: 300 sec this turn | 300 sec total\n|\n|t:|1783570709\n|switch|p1a: Donphan|Donphan, L84, M|100/100\n|move|p2a: Scrafty|Knock Off|p1a: Donphan\n|-damage|p1a: Donphan|63/100\n|-enditem|p1a: Donphan|Leftovers|[from] move: Knock Off|[of] p2a: Scrafty\n|\n|upkeep\n|turn|9\n|inactive|Time left: 300 sec this turn | 300 sec total\n|\n|t:|1783570710\n|move|p2a: Scrafty|Bulk Up|p2a: Scrafty\n|-boost|p2a: Scrafty|atk|1\n|-boost|p2a: Scrafty|def|1\n|move|p1a: Donphan|Stealth Rock|p2a: Scrafty\n|-sidestart|p2: p0y2660d70c|move: Stealth Rock\n|\n|upkeep\n|turn|10\n|inactive|Time left: 300 sec this turn | 300 sec total\n|\n|t:|1783570711\n|switch|p1a: Scream Tail|Scream Tail, L84|100/100\n|move|p2a: Scrafty|Knock Off|p1a: Scream Tail\n|-damage|p1a: Scream Tail|43/100\n|-enditem|p1a: Scream Tail|Leftovers|[from] move: Knock Off|[of] p2a: Scrafty\n|\n|upkeep\n|turn|11\n|inactive|Time left: 300 sec this turn | 300 sec total\n|\n|t:|1783570712\n|move|p1a: Scream Tail|Wish|p1a: Scream Tail\n|move|p2a: Scrafty|Knock Off|p1a: Scream Tail\n|-damage|p1a: Scream Tail|7/100\n|\n|upkeep\n|turn|12\n|inactive|Time left: 300 sec this turn | 300 sec total\n|\n|t:|1783570713\n|move|p1a: Scream Tail|Protect|p1a: Scream Tail\n|-singleturn|p1a: Scream Tail|Protect\n|move|p2a: Scrafty|Drain Punch|p1a: Scream Tail\n|-activate|p1a: Scream Tail|move: Protect\n|\n|-heal|p1a: Scream Tail|57/100|[from] move: Wish|[wisher] Scream Tail\n|upkeep\n|turn|13\n|inactive|Time left: 300 sec this turn | 300 sec total\n|\n|t:|1783570714\n|move|p1a: Scream Tail|Encore|p2a: Scrafty\n|-start|p2a: Scrafty|Encore\n|move|p2a: Scrafty|Drain Punch|p1a: Scream Tail\n|-resisted|p1a: Scream Tail\n|-damage|p1a: Scream Tail|47/100\n|\n|upkeep\n|turn|14\n|inactive|Time left: 300 sec this turn | 300 sec total\n|\n|t:|1783570715\n|move|p1a: Scream Tail|Wish|p1a: Scream Tail\n|move|p2a: Scrafty|Drain Punch|p1a: Scream Tail\n|-resisted|p1a: Scream Tail\n|-damage|p1a: Scream Tail|38/100\n|\n|upkeep\n|turn|15\n|inactive|Time left: 300 sec this turn | 300 sec total\n|\n|t:|1783570716\n|move|p1a: Scream Tail|Play Rough|p2a: Scrafty\n|-resisted|p2a: Scrafty\n|-damage|p2a: Scrafty|229/244\n|move|p2a: Scrafty|Drain Punch|p1a: Scream Tail\n|-resisted|p1a: Scream Tail\n|-damage|p1a: Scream Tail|28/100\n|-heal|p2a: Scrafty|244/244|[from] drain|[of] p1a: Scream Tail\n|\n|-heal|p1a: Scream Tail|78/100|[from] move: Wish|[wisher] Scream Tail\n|-end|p2a: Scrafty|Encore\n|upkeep\n|turn|16\n|inactive|Time left: 300 sec this turn | 300 sec total\n|\n|t:|1783570716\n|move|p1a: Scream Tail|Wish|p1a: Scream Tail\n|move|p2a: Scrafty|Knock Off|p1a: Scream Tail\n|-damage|p1a: Scream Tail|40/100\n|\n|upkeep\n|turn|17\n|inactive|Time left: 300 sec this turn | 300 sec total\n|\n|t:|1783570717\n|move|p1a: Scream Tail|Encore|p2a: Scrafty\n|-start|p2a: Scrafty|Encore\n|move|p2a: Scrafty|Knock Off|p1a: Scream Tail\n|-damage|p1a: Scream Tail|1/100\n|\n|-heal|p1a: Scream Tail|51/100|[from] move: Wish|[wisher] Scream Tail\n|upkeep\n|turn|18\n|inactive|Time left: 300 sec this turn | 300 sec total\n|\n|t:|1783570718\n|move|p1a: Scream Tail|Protect|p1a: Scream Tail\n|-singleturn|p1a: Scream Tail|Protect\n|move|p2a: Scrafty|Knock Off|p1a: Scream Tail\n|-activate|p1a: Scream Tail|move: Protect\n|\n|upkeep\n|turn|19\n|inactive|Time left: 300 sec this turn | 300 sec total\n|\n|t:|1783570719\n|move|p1a: Scream Tail|Wish|p1a: Scream Tail\n|move|p2a: Scrafty|Knock Off|p1a: Scream Tail\n|-damage|p1a: Scream Tail|15/100\n|\n|-end|p2a: Scrafty|Encore\n|upkeep\n|turn|20\n|inactive|Time left: 300 sec this turn | 300 sec total\n|\n|t:|1783570720\n|move|p1a: Scream Tail|Protect|p1a: Scream Tail\n|-singleturn|p1a: Scream Tail|Protect\n|move|p2a: Scrafty|Knock Off|p1a: Scream Tail\n|-activate|p1a: Scream Tail|move: Protect\n|\n|-heal|p1a: Scream Tail|65/100|[from] move: Wish|[wisher] Scream Tail\n|upkeep\n|turn|21\n|inactive|Time left: 300 sec this turn | 300 sec total\n|\n|t:|1783570721\n|move|p1a: Scream Tail|Wish|p1a: Scream Tail\n|move|p2a: Scrafty|Knock Off|p1a: Scream Tail\n|-damage|p1a: Scream Tail|27/100\n|\n|upkeep\n|turn|22\n|inactive|Time left: 300 sec this turn | 300 sec total\n|\n|t:|1783570722\n|move|p1a: Scream Tail|Protect|p1a: Scream Tail\n|-singleturn|p1a: Scream Tail|Protect\n|move|p2a: Scrafty|Knock Off|p1a: Scream Tail\n|-activate|p1a: Scream Tail|move: Protect\n|\n|-heal|p1a: Scream Tail|77/100|[from] move: Wish|[wisher] Scream Tail\n|upkeep\n|turn|23\n|inactive|Time left: 300 sec this turn | 300 sec total\n|\n|t:|1783570723\n|move|p1a: Scream Tail|Encore|p2a: Scrafty\n|-start|p2a: Scrafty|Encore\n|move|p2a: Scrafty|Knock Off|p1a: Scream Tail\n|-damage|p1a: Scream Tail|39/100\n|\n|upkeep\n|turn|24\n|inactive|Time left: 300 sec this turn | 300 sec total\n|\n|t:|1783570724\n|move|p1a: Scream Tail|Protect|p1a: Scream Tail\n|-singleturn|p1a: Scream Tail|Protect\n|move|p2a: Scrafty|Knock Off|p1a: Scream Tail\n|-activate|p1a: Scream Tail|move: Protect\n|\n|upkeep\n|turn|25\n|inactive|Time left: 300 sec this turn | 300 sec total\n|\n|t:|1783570725\n|move|p1a: Scream Tail|Wish|p1a: Scream Tail\n|move|p2a: Scrafty|Knock Off|p1a: Scream Tail\n|-damage|p1a: Scream Tail|6/100\n|\n|-end|p2a: Scrafty|Encore\n|upkeep\n|turn|26\n|inactive|Time left: 300 sec this turn | 300 sec total\n|\n|t:|1783570726\n|move|p1a: Scream Tail|Protect|p1a: Scream Tail\n|-singleturn|p1a: Scream Tail|Protect\n|move|p2a: Scrafty|Drain Punch|p1a: Scream Tail\n|-activate|p1a: Scream Tail|move: Protect\n|\n|-heal|p1a: Scream Tail|56/100|[from] move: Wish|[wisher] Scream Tail\n|upkeep\n|turn|27\n|inactive|Time left: 300 sec this turn | 300 sec total\n|\n|t:|1783570727\n|move|p1a: Scream Tail|Encore|p2a: Scrafty\n|-start|p2a: Scrafty|Encore\n|move|p2a: Scrafty|Drain Punch|p1a: Scream Tail\n|-resisted|p1a: Scream Tail\n|-damage|p1a: Scream Tail|47/100\n|\n|upkeep\n|turn|28\n|inactive|Time left: 300 sec this turn | 300 sec total\n|\n|t:|1783570727\n|move|p1a: Scream Tail|Wish|p1a: Scream Tail\n|move|p2a: Scrafty|Drain Punch|p1a: Scream Tail\n|-resisted|p1a: Scream Tail\n|-damage|p1a: Scream Tail|36/100\n|\n|upkeep\n|turn|29\n|inactive|Time left: 300 sec this turn | 300 sec total\n|\n|t:|1783570728\n|move|p1a: Scream Tail|Protect|p1a: Scream Tail\n|-singleturn|p1a: Scream Tail|Protect\n|move|p2a: Scrafty|Drain Punch|p1a: Scream Tail\n|-activate|p1a: Scream Tail|move: Protect\n|\n|-heal|p1a: Scream Tail|86/100|[from] move: Wish|[wisher] Scream Tail\n|-end|p2a: Scrafty|Encore\n|upkeep\n|turn|30\n|inactive|Time left: 300 sec this turn | 300 sec total\n|\n|t:|1783570729\n|move|p1a: Scream Tail|Encore|p2a: Scrafty\n|-start|p2a: Scrafty|Encore\n|move|p2a: Scrafty|Drain Punch|p1a: Scream Tail\n|-resisted|p1a: Scream Tail\n|-damage|p1a: Scream Tail|75/100\n|\n|upkeep\n|turn|31\n|inactive|Time left: 300 sec this turn | 300 sec total\n|\n|t:|1783570730\n|move|p1a: Scream Tail|Wish|p1a: Scream Tail\n|move|p2a: Scrafty|Drain Punch|p1a: Scream Tail\n|-resisted|p1a: Scream Tail\n|-damage|p1a: Scream Tail|66/100\n|\n|upkeep\n|turn|32\n|inactive|Time left: 300 sec this turn | 300 sec total\n|\n|t:|1783570731\n|move|p1a: Scream Tail|Protect|p1a: Scream Tail\n|-singleturn|p1a: Scream Tail|Protect\n|move|p2a: Scrafty|Drain Punch|p1a: Scream Tail\n|-activate|p1a: Scream Tail|move: Protect\n|\n|-heal|p1a: Scream Tail|100/100|[from] move: Wish|[wisher] Scream Tail\n|-end|p2a: Scrafty|Encore\n|upkeep\n|turn|33\n|inactive|Time left: 300 sec this turn | 300 sec total\n|\n|t:|1783570732\n|move|p1a: Scream Tail|Encore|p2a: Scrafty\n|-start|p2a: Scrafty|Encore\n|move|p2a: Scrafty|Drain Punch|p1a: Scream Tail\n|-resisted|p1a: Scream Tail\n|-damage|p1a: Scream Tail|90/100\n|\n|upkeep\n|turn|34\n|inactive|Time left: 300 sec this turn | 300 sec total\n|\n|t:|1783570733\n|move|p1a: Scream Tail|Wish|p1a: Scream Tail\n|move|p2a: Scrafty|Drain Punch|p1a: Scream Tail\n|-resisted|p1a: Scream Tail\n|-damage|p1a: Scream Tail|79/100\n|\n|upkeep\n|turn|35\n|inactive|Time left: 300 sec this turn | 300 sec total\n|\n|t:|1783570734\n|move|p1a: Scream Tail|Protect|p1a: Scream Tail\n|-singleturn|p1a: Scream Tail|Protect\n|move|p2a: Scrafty|Drain Punch|p1a: Scream Tail\n|-activate|p1a: Scream Tail|move: Protect\n|\n|-heal|p1a: Scream Tail|100/100|[from] move: Wish|[wisher] Scream Tail\n|-end|p2a: Scrafty|Encore\n|upkeep\n|turn|36\n|inactive|Time left: 300 sec this turn | 300 sec total\n|\n|t:|1783570735\n|move|p1a: Scream Tail|Encore|p2a: Scrafty\n|-start|p2a: Scrafty|Encore\n|move|p2a: Scrafty|Drain Punch|p1a: Scream Tail\n|-resisted|p1a: Scream Tail\n|-damage|p1a: Scream Tail|91/100\n|\n|-end|p2a: Scrafty|Encore\n|upkeep\n|turn|37\n|inactive|Time left: 300 sec this turn | 300 sec total\n|\n|t:|1783570736\n|move|p1a: Scream Tail|Wish|p1a: Scream Tail\n|move|p2a: Scrafty|Knock Off|p1a: Scream Tail\n|-damage|p1a: Scream Tail|53/100\n|\n|upkeep\n|turn|38\n|inactive|Time left: 300 sec this turn | 300 sec total\n|\n|t:|1783570737\n|-end|p1a: Scream Tail|Protosynthesis|[silent]\n|switch|p1a: Donphan|Donphan, L84, M|63/100\n|move|p2a: Scrafty|Bulk Up|p2a: Scrafty\n|-boost|p2a: Scrafty|atk|1\n|-boost|p2a: Scrafty|def|1\n|\n|-heal|p1a: Donphan|100/100|[from] move: Wish|[wisher] Scream Tail\n|upkeep\n|turn|39\n|inactive|Time left: 300 sec this turn | 300 sec total\n|\n|t:|1783570738\n|move|p2a: Scrafty|Knock Off|p1a: Donphan\n|-damage|p1a: Donphan|54/100\n|move|p1a: Donphan|Earthquake|p2a: Scrafty\n|-supereffective|p2a: Scrafty\n|-damage|p2a: Scrafty|158/244\n|\n|-heal|p2a: Scrafty|173/244|[from] item: Leftovers\n|upkeep\n|turn|40\n|inactive|Time left: 300 sec this turn | 300 sec total\n|\n|t:|1783570739\n|move|p2a: Scrafty|Knock Off|p1a: Donphan\n|-damage|p1a: Donphan|9/100\n|move|p1a: Donphan|Earthquake|p2a: Scrafty\n|-supereffective|p2a: Scrafty\n|-damage|p2a: Scrafty|93/244\n|\n|-heal|p2a: Scrafty|108/244|[from] item: Leftovers\n|upkeep\n|turn|41\n|inactive|Time left: 300 sec this turn | 300 sec total\n|\n|t:|1783570740\n|move|p2a: Scrafty|Knock Off|p1a: Donphan\n|-damage|p1a: Donphan|0 fnt\n|faint|p1a: Donphan\n|\n|-heal|p2a: Scrafty|123/244|[from] item: Leftovers\n|upkeep\n|\n|t:|1783570741\n|switch|p1a: Palkia|Palkia, L75|100/100\n|-ability|p1a: Palkia|Pressure\n|turn|42\n|inactive|Time left: 300 sec this turn | 300 sec total\n|\n|t:|1783570742\n|move|p1a: Palkia|Draco Meteor|p2a: Scrafty\n|-damage|p2a: Scrafty|0 fnt\n|-unboost|p1a: Palkia|spa|2\n|faint|p2a: Scrafty\n|\n|upkeep\n|inactive|Time left: 300 sec this turn | 300 sec total | 5 sec grace\n|\n|t:|1783570743\n|switch|p2a: Gogoat|Gogoat, L88, F|360/360\n|-damage|p2a: Gogoat|315/360|[from] Stealth Rock\n|turn|43\n|inactive|Time left: 300 sec this turn | 300 sec total\n|\n|t:|1783570744\n|switch|p1a: Sandslash|Sandslash-Alola, L88, M|100/100\n|move|p2a: Gogoat|Bulk Up|p2a: Gogoat\n|-boost|p2a: Gogoat|atk|1\n|-boost|p2a: Gogoat|def|1\n|\n|-heal|p2a: Gogoat|337/360|[from] item: Leftovers\n|upkeep\n|turn|44\n|inactive|Time left: 300 sec this turn | 300 sec total\n|\n|t:|1783570745\n|move|p2a: Gogoat|Bulk Up|p2a: Gogoat\n|-boost|p2a: Gogoat|atk|1\n|-boost|p2a: Gogoat|def|1\n|move|p1a: Sandslash|Triple Axel|p2a: Gogoat\n|-supereffective|p2a: Gogoat\n|-damage|p2a: Gogoat|307/360\n|-supereffective|p2a: Gogoat\n|-damage|p2a: Gogoat|251/360\n|-supereffective|p2a: Gogoat\n|-damage|p2a: Gogoat|165/360\n|-hitcount|p2a: Gogoat|3\n|\n|-heal|p2a: Gogoat|187/360|[from] item: Leftovers\n|upkeep\n|turn|45\n|inactive|Time left: 300 sec this turn | 300 sec total\n|\n|t:|1783570746\n|move|p2a: Gogoat|Milk Drink|p2a: Gogoat\n|-heal|p2a: Gogoat|360/360\n|move|p1a: Sandslash|Triple Axel|p2a: Gogoat\n|-supereffective|p2a: Gogoat\n|-crit|p2a: Gogoat\n|-damage|p2a: Gogoat|268/360\n|-supereffective|p2a: Gogoat\n|-damage|p2a: Gogoat|202/360\n|-supereffective|p2a: Gogoat\n|-damage|p2a: Gogoat|112/360\n|-hitcount|p2a: Gogoat|3\n|\n|-heal|p2a: Gogoat|134/360|[from] item: Leftovers\n|upkeep\n|turn|46\n|inactive|Time left: 300 sec this turn | 300 sec total\n|\n|t:|1783570747\n|move|p2a: Gogoat|Milk Drink|p2a: Gogoat\n|-heal|p2a: Gogoat|314/360\n|move|p1a: Sandslash|Triple Axel|p2a: Gogoat\n|-supereffective|p2a: Gogoat\n|-damage|p2a: Gogoat|282/360\n|-supereffective|p2a: Gogoat\n|-damage|p2a: Gogoat|216/360\n|-supereffective|p2a: Gogoat\n|-damage|p2a: Gogoat|130/360\n|-hitcount|p2a: Gogoat|3\n|\n|-heal|p2a: Gogoat|152/360|[from] item: Leftovers\n|upkeep\n|turn|47\n|inactive|Time left: 300 sec this turn | 300 sec total\n|\n|t:|1783570748\n|move|p2a: Gogoat|Milk Drink|p2a: Gogoat\n|-heal|p2a: Gogoat|332/360\n|move|p1a: Sandslash|Triple Axel|p2a: Gogoat\n|-supereffective|p2a: Gogoat\n|-damage|p2a: Gogoat|300/360\n|-supereffective|p2a: Gogoat\n|-damage|p2a: Gogoat|244/360\n|-hitcount|p2a: Gogoat|2\n|\n|-heal|p2a: Gogoat|266/360|[from] item: Leftovers\n|upkeep\n|turn|48\n|inactive|Time left: 300 sec this turn | 300 sec total\n|\n|t:|1783570749\n|-terastallize|p1a: Sandslash|Flying\n|move|p2a: Gogoat|Bulk Up|p2a: Gogoat\n|-boost|p2a: Gogoat|atk|1\n|-boost|p2a: Gogoat|def|1\n|move|p1a: Sandslash|Triple Axel|p2a: Gogoat|[miss]\n|-miss|p1a: Sandslash|p2a: Gogoat\n|\n|-heal|p2a: Gogoat|288/360|[from] item: Leftovers\n|upkeep\n|turn|49\n|inactive|Time left: 300 sec this turn | 300 sec total\n|\n|t:|1783570750\n|move|p2a: Gogoat|Rock Slide|p1a: Sandslash\n|-supereffective|p1a: Sandslash\n|-damage|p1a: Sandslash|14/100\n|cant|p1a: Sandslash|flinch\n|\n|-heal|p2a: Gogoat|310/360|[from] item: Leftovers\n|upkeep\n|turn|50\n|inactive|Time left: 300 sec this turn | 300 sec total\n|\n|t:|1783570752\n|move|p2a: Gogoat|Horn Leech|p1a: Sandslash\n|-resisted|p1a: Sandslash\n|-damage|p1a: Sandslash|0 fnt\n|-heal|p2a: Gogoat|329/360|[from] drain|[of] p1a: Sandslash\n|faint|p1a: Sandslash\n|\n|-heal|p2a: Gogoat|351/360|[from] item: Leftovers\n|upkeep\n|\n|t:|1783570752\n|switch|p1a: Scream Tail|Scream Tail, L84|53/100\n|turn|51\n|inactive|Time left: 300 sec this turn | 300 sec total\n|\n|t:|1783570753\n|move|p1a: Scream Tail|Wish|p1a: Scream Tail\n|move|p2a: Gogoat|Horn Leech|p1a: Scream Tail\n|-damage|p1a: Scream Tail|0 fnt\n|-heal|p2a: Gogoat|360/360|[from] drain|[of] p1a: Scream Tail\n|faint|p1a: Scream Tail\n|-end|p1a: Scream Tail|Protosynthesis|[silent]\n|\n|upkeep\n|\n|t:|1783570754\n|switch|p1a: Palkia|Palkia, L75|100/100\n|-ability|p1a: Palkia|Pressure\n|turn|52\n|inactive|Time left: 300 sec this turn | 300 sec total\n|\n|t:|1783570755\n|move|p1a: Palkia|Thunder Wave|p2a: Gogoat\n|-status|p2a: Gogoat|par\n|cant|p2a: Gogoat|par\n|\n|upkeep\n|turn|53\n|inactive|Time left: 300 sec this turn | 300 sec total\n|\n|t:|1783570756\n|move|p1a: Palkia|Fire Blast|p2a: Gogoat\n|-supereffective|p2a: Gogoat\n|-damage|p2a: Gogoat|178/360 par\n|move|p2a: Gogoat|Horn Leech|p1a: Palkia\n|-damage|p1a: Palkia|9/100\n|-heal|p2a: Gogoat|297/360 par|[from] drain|[of] p1a: Palkia\n|\n|-heal|p2a: Gogoat|319/360 par|[from] item: Leftovers\n|upkeep\n|turn|54\n|inactive|Time left: 300 sec this turn | 300 sec total\n|\n|t:|1783570757\n|move|p1a: Palkia|Fire Blast|p2a: Gogoat|[miss]\n|-miss|p1a: Palkia|p2a: Gogoat\n|move|p2a: Gogoat|Horn Leech|p1a: Palkia\n|-damage|p1a: Palkia|0 fnt\n|-heal|p2a: Gogoat|330/360 par|[from] drain|[of] p1a: Palkia\n|faint|p1a: Palkia\n|\n|-heal|p2a: Gogoat|352/360 par|[from] item: Leftovers\n|upkeep\n|\n|t:|1783570758\n|switch|p1a: Mamoswine|Mamoswine, L81, M|100/100\n|turn|55\n|inactive|Time left: 300 sec this turn | 300 sec total\n|\n|t:|1783570759\n|move|p1a: Mamoswine|Icicle Crash|p2a: Gogoat|[miss]\n|-miss|p1a: Mamoswine|p2a: Gogoat\n|move|p2a: Gogoat|Horn Leech|p1a: Mamoswine\n|-supereffective|p1a: Mamoswine\n|-damage|p1a: Mamoswine|0 fnt\n|-heal|p2a: Gogoat|360/360 par|[from] drain|[of] p1a: Mamoswine\n|faint|p1a: Mamoswine\n|\n|upkeep\n|\n|t:|1783570760\n|switch|p1a: Mabosstiff|Mabosstiff, L86, M|100/100\n|turn|56\n|inactive|Time left: 300 sec this turn | 300 sec total\n|\n|t:|1783570761\n|move|p1a: Mabosstiff|Play Rough|p2a: Gogoat|[miss]\n|-miss|p1a: Mabosstiff|p2a: Gogoat\n|move|p2a: Gogoat|Horn Leech|p1a: Mabosstiff\n|-damage|p1a: Mabosstiff|21/100\n|\n|upkeep\n|turn|57\n|inactive|Time left: 300 sec this turn | 300 sec total\n|\n|t:|1783570761\n|switch|p2a: Latios|Latios, L78, M|253/253\n|-damage|p2a: Latios|222/253|[from] Stealth Rock\n|move|p1a: Mabosstiff|Play Rough|p2a: Latios|[miss]\n|-miss|p1a: Mabosstiff|p2a: Latios\n|\n|upkeep\n|turn|58\n|inactive|Time left: 300 sec this turn | 300 sec total\n|\n|t:|1783570762\n|move|p1a: Mabosstiff|Play Rough|p2a: Latios\n|-supereffective|p2a: Latios\n|-damage|p2a: Latios|54/253\n|move|p2a: Latios|Aura Sphere|p1a: Mabosstiff\n|-supereffective|p1a: Mabosstiff\n|-damage|p1a: Mabosstiff|0 fnt\n|faint|p1a: Mabosstiff\n|\n|win|p0y2660d70c", "uploadtime": 1783570762, "views": 0, "rating": 0, "private": 0, "password": null, "_winner": "p0y2660d70c", "_our_name": "p0y2660d70c"}