{"id": "battle-gen9randombattle-2545", "formatid": "gen9randombattle", "format": "[Gen 9] Random Battle", "players": ["p0x254590d2", "p0y2545986b"], "log": "|init|battle\n|title|p0x254590d2 vs. p0y2545986b\n|j|\u2606p0x254590d2\n|j|\u2606p0y2545986b\n|t:|1783569439\n|gametype|singles\n|player|p1|p0x254590d2|265|\n|player|p2|p0y2545986b|101|\n|gen|9\n|tier|[Gen 9] Random Battle\n|rule|Species Clause: Limit one of each Pok\u00e9mon\n|rule|HP Percentage Mod: HP is shown in percentages\n|rule|Sleep Clause Mod: Limit one foe put to sleep\n|rule|Illusion Level Mod: Illusion disguises the Pok\u00e9mon's true level\n|\n|t:|1783569439\n|teamsize|p1|6\n|teamsize|p2|6\n|start\n|switch|p1a: Forretress|Forretress, L84, F|100/100\n|switch|p2a: Armarouge|Armarouge, L80, F|267/267\n|turn|1\n|inactive|Battle timer is ON: inactive players will automatically lose when time's up. (requested by p0y2545986b)\n|inactive|p0x254590d2 also wants the timer to be on.\n|\n|t:|1783569441\n|switch|p1a: Primarina|Primarina, L83, M|100/100\n|move|p2a: Armarouge|Armor Cannon|p1a: Primarina\n|-resisted|p1a: Primarina\n|-damage|p1a: Primarina|68/100\n|-unboost|p2a: Armarouge|def|1\n|-unboost|p2a: Armarouge|spd|1\n|\n|-heal|p1a: Primarina|74/100|[from] item: Leftovers\n|upkeep\n|turn|2\n|inactive|Time left: 300 sec this turn | 300 sec total\n|\n|t:|1783569442\n|move|p2a: Armarouge|Armor Cannon|p1a: Primarina\n|-resisted|p1a: Primarina\n|-damage|p1a: Primarina|41/100\n|-unboost|p2a: Armarouge|def|1\n|-unboost|p2a: Armarouge|spd|1\n|move|p1a: Primarina|Sparkling Aria|p2a: Armarouge\n|-supereffective|p2a: Armarouge\n|-damage|p2a: Armarouge|0 fnt\n|faint|p2a: Armarouge\n|\n|-heal|p1a: Primarina|47/100|[from] item: Leftovers\n|upkeep\n|inactive|Time left: 300 sec this turn | 300 sec total | 5 sec grace\n|\n|t:|1783569443\n|switch|p2a: Mismagius|Mismagius, L86, F|243/243\n|turn|3\n|inactive|Time left: 300 sec this turn | 300 sec total\n|\n|t:|1783569444\n|move|p2a: Mismagius|Shadow Ball|p1a: Primarina\n|-damage|p1a: Primarina|7/100\n|move|p1a: Primarina|Calm Mind|p1a: Primarina\n|-boost|p1a: Primarina|spa|1\n|-boost|p1a: Primarina|spd|1\n|\n|-heal|p1a: Primarina|13/100|[from] item: Leftovers\n|upkeep\n|turn|4\n|inactive|Time left: 300 sec this turn | 300 sec total\n|\n|t:|1783569445\n|move|p2a: Mismagius|Shadow Ball|p1a: Primarina\n|-damage|p1a: Primarina|0 fnt\n|faint|p1a: Primarina\n|\n|upkeep\n|\n|t:|1783569446\n|switch|p1a: Breloom|Breloom, L83, F|100/100\n|turn|5\n|inactive|Time left: 300 sec this turn | 300 sec total\n|\n|t:|1783569446\n|move|p2a: Mismagius|Shadow Ball|p1a: Breloom\n|-damage|p1a: Breloom|18/100\n|move|p1a: Breloom|Bullet Seed|p2a: Mismagius\n|-damage|p2a: Mismagius|156/243\n|-damage|p2a: Mismagius|66/243\n|-damage|p2a: Mismagius|0 fnt\n|faint|p2a: Mismagius\n|-hitcount|p2: Mismagius|3\n|-damage|p1a: Breloom|8/100|[from] item: Life Orb\n|\n|upkeep\n|inactive|Time left: 300 sec this turn | 300 sec total | 5 sec grace\n|\n|t:|1783569447\n|switch|p2a: Kilowattrel|Kilowattrel, L83, F|252/252\n|turn|6\n|inactive|Time left: 300 sec this turn | 300 sec total\n|\n|t:|1783569448\n|switch|p1a: Sandy Shocks|Sandy Shocks, L80|100/100\n|move|p2a: Kilowattrel|Thunderbolt|p1a: Sandy Shocks\n|-immune|p1a: Sandy Shocks\n|\n|upkeep\n|turn|7\n|inactive|Time left: 300 sec this turn | 300 sec total\n|\n|t:|1783569449\n|move|p2a: Kilowattrel|Hurricane|p1a: Sandy Shocks\n|-resisted|p1a: Sandy Shocks\n|-damage|p1a: Sandy Shocks|78/100\n|move|p1a: Sandy Shocks|Earth Power|p2a: Kilowattrel\n|-immune|p2a: Kilowattrel\n|\n|upkeep\n|turn|8\n|inactive|Time left: 300 sec this turn | 300 sec total\n|\n|t:|1783569450\n|move|p2a: Kilowattrel|Hurricane|p1a: Sandy Shocks|[miss]\n|-miss|p2a: Kilowattrel|p1a: Sandy Shocks\n|move|p1a: Sandy Shocks|Earth Power|p2a: Kilowattrel\n|-immune|p2a: Kilowattrel\n|\n|upkeep\n|turn|9\n|inactive|Time left: 300 sec this turn | 300 sec total\n|\n|t:|1783569450\n|move|p2a: Kilowattrel|Hurricane|p1a: Sandy Shocks\n|-resisted|p1a: Sandy Shocks\n|-damage|p1a: Sandy Shocks|53/100\n|move|p1a: Sandy Shocks|Spikes|p2a: Kilowattrel\n|-sidestart|p2: p0y2545986b|Spikes\n|\n|upkeep\n|turn|10\n|inactive|Time left: 300 sec this turn | 300 sec total\n|\n|t:|1783569451\n|move|p2a: Kilowattrel|Hurricane|p1a: Sandy Shocks\n|-resisted|p1a: Sandy Shocks\n|-damage|p1a: Sandy Shocks|29/100\n|move|p1a: Sandy Shocks|Spikes|p2a: Kilowattrel\n|-sidestart|p2: p0y2545986b|Spikes\n|\n|upkeep\n|turn|11\n|inactive|Time left: 300 sec this turn | 300 sec total\n|\n|t:|1783569453\n|move|p2a: Kilowattrel|Hurricane|p1a: Sandy Shocks\n|-resisted|p1a: Sandy Shocks\n|-damage|p1a: Sandy Shocks|5/100\n|move|p1a: Sandy Shocks|Earth Power|p2a: Kilowattrel\n|-immune|p2a: Kilowattrel\n|\n|upkeep\n|turn|12\n|inactive|Time left: 300 sec this turn | 300 sec total\n|\n|t:|1783569454\n|move|p2a: Kilowattrel|Hurricane|p1a: Sandy Shocks\n|-resisted|p1a: Sandy Shocks\n|-damage|p1a: Sandy Shocks|0 fnt\n|faint|p1a: Sandy Shocks\n|-end|p1a: Sandy Shocks|Protosynthesis|[silent]\n|\n|upkeep\n|\n|t:|1783569455\n|switch|p1a: Zapdos|Zapdos, L78|100/100\n|turn|13\n|inactive|Time left: 300 sec this turn | 300 sec total\n|\n|t:|1783569456\n|move|p2a: Kilowattrel|Hurricane|p1a: Zapdos\n|-resisted|p1a: Zapdos\n|-damage|p1a: Zapdos|75/100\n|-start|p1a: Zapdos|confusion\n|-activate|p1a: Zapdos|confusion\n|-damage|p1a: Zapdos|65/100|[from] confusion\n|\n|upkeep\n|turn|14\n|inactive|Time left: 300 sec this turn | 300 sec total\n|\n|t:|1783569457\n|move|p2a: Kilowattrel|Thunderbolt|p1a: Zapdos\n|-damage|p1a: Zapdos|27/100\n|-end|p1a: Zapdos|confusion\n|move|p1a: Zapdos|Roost|p1a: Zapdos\n|-heal|p1a: Zapdos|77/100\n|-singleturn|p1a: Zapdos|move: Roost\n|\n|upkeep\n|turn|15\n|inactive|Time left: 300 sec this turn | 300 sec total\n|\n|t:|1783569458\n|move|p2a: Kilowattrel|Thunderbolt|p1a: Zapdos\n|-damage|p1a: Zapdos|35/100\n|move|p1a: Zapdos|Roost|p1a: Zapdos\n|-heal|p1a: Zapdos|85/100\n|-singleturn|p1a: Zapdos|move: Roost\n|\n|upkeep\n|turn|16\n|inactive|Time left: 300 sec this turn | 300 sec total\n|\n|t:|1783569458\n|move|p2a: Kilowattrel|Thunderbolt|p1a: Zapdos\n|-damage|p1a: Zapdos|46/100\n|move|p1a: Zapdos|Roost|p1a: Zapdos\n|-heal|p1a: Zapdos|96/100\n|-singleturn|p1a: Zapdos|move: Roost\n|\n|upkeep\n|turn|17\n|inactive|Time left: 300 sec this turn | 300 sec total\n|\n|t:|1783569459\n|move|p2a: Kilowattrel|Thunderbolt|p1a: Zapdos\n|-damage|p1a: Zapdos|55/100\n|move|p1a: Zapdos|Roost|p1a: Zapdos\n|-heal|p1a: Zapdos|100/100\n|-singleturn|p1a: Zapdos|move: Roost\n|\n|upkeep\n|turn|18\n|inactive|Time left: 300 sec this turn | 300 sec total\n|\n|t:|1783569460\n|move|p2a: Kilowattrel|Thunderbolt|p1a: Zapdos\n|-damage|p1a: Zapdos|62/100\n|move|p1a: Zapdos|Hurricane|p2a: Kilowattrel\n|-resisted|p2a: Kilowattrel\n|-damage|p2a: Kilowattrel|174/252\n|\n|upkeep\n|turn|19\n|inactive|Time left: 300 sec this turn | 300 sec total\n|\n|t:|1783569461\n|move|p2a: Kilowattrel|Thunderbolt|p1a: Zapdos\n|-damage|p1a: Zapdos|20/100\n|move|p1a: Zapdos|Roost|p1a: Zapdos\n|-heal|p1a: Zapdos|70/100\n|-singleturn|p1a: Zapdos|move: Roost\n|\n|upkeep\n|turn|20\n|inactive|Time left: 300 sec this turn | 300 sec total\n|\n|t:|1783569462\n|move|p2a: Kilowattrel|Thunderbolt|p1a: Zapdos\n|-damage|p1a: Zapdos|28/100\n|move|p1a: Zapdos|Roost|p1a: Zapdos\n|-heal|p1a: Zapdos|78/100\n|-singleturn|p1a: Zapdos|move: Roost\n|\n|upkeep\n|turn|21\n|inactive|Time left: 300 sec this turn | 300 sec total\n|\n|t:|1783569463\n|move|p2a: Kilowattrel|Thunderbolt|p1a: Zapdos\n|-damage|p1a: Zapdos|40/100\n|move|p1a: Zapdos|Roost|p1a: Zapdos\n|-heal|p1a: Zapdos|90/100\n|-singleturn|p1a: Zapdos|move: Roost\n|\n|upkeep\n|turn|22\n|inactive|Time left: 300 sec this turn | 300 sec total\n|\n|t:|1783569464\n|move|p2a: Kilowattrel|Thunderbolt|p1a: Zapdos\n|-damage|p1a: Zapdos|47/100\n|move|p1a: Zapdos|Roost|p1a: Zapdos\n|-heal|p1a: Zapdos|97/100\n|-singleturn|p1a: Zapdos|move: Roost\n|\n|upkeep\n|turn|23\n|inactive|Time left: 300 sec this turn | 300 sec total\n|\n|t:|1783569465\n|move|p2a: Kilowattrel|Thunderbolt|p1a: Zapdos\n|-damage|p1a: Zapdos|56/100\n|move|p1a: Zapdos|Hurricane|p2a: Kilowattrel\n|-resisted|p2a: Kilowattrel\n|-damage|p2a: Kilowattrel|89/252\n|\n|upkeep\n|turn|24\n|inactive|Time left: 300 sec this turn | 300 sec total\n|\n|t:|1783569467\n|move|p2a: Kilowattrel|Roost|p2a: Kilowattrel\n|-heal|p2a: Kilowattrel|215/252\n|-singleturn|p2a: Kilowattrel|move: Roost\n|move|p1a: Zapdos|Hurricane|p2a: Kilowattrel\n|-resisted|p2a: Kilowattrel\n|-damage|p2a: Kilowattrel|127/252\n|\n|upkeep\n|turn|25\n|inactive|Time left: 300 sec this turn | 300 sec total\n|\n|t:|1783569468\n|move|p2a: Kilowattrel|Thunderbolt|p1a: Zapdos\n|-damage|p1a: Zapdos|20/100\n|move|p1a: Zapdos|Hurricane|p2a: Kilowattrel\n|-resisted|p2a: Kilowattrel\n|-damage|p2a: Kilowattrel|37/252\n|-start|p2a: Kilowattrel|confusion\n|\n|upkeep\n|turn|26\n|inactive|Time left: 300 sec this turn | 300 sec total\n|\n|t:|1783569469\n|-activate|p2a: Kilowattrel|confusion\n|-damage|p2a: Kilowattrel|5/252|[from] confusion\n|move|p1a: Zapdos|Hurricane|p2a: Kilowattrel\n|-resisted|p2a: Kilowattrel\n|-damage|p2a: Kilowattrel|0 fnt\n|faint|p2a: Kilowattrel\n|\n|upkeep\n|inactive|Time left: 300 sec this turn | 300 sec total | 5 sec grace\n|\n|t:|1783569470\n|switch|p2a: Sandslash|Sandslash-Alola, L88, M|275/275\n|-damage|p2a: Sandslash|230/275|[from] Spikes\n|turn|27\n|inactive|Time left: 300 sec this turn | 300 sec total\n|\n|t:|1783569471\n|move|p1a: Zapdos|Discharge|p2a: Sandslash\n|-damage|p2a: Sandslash|113/275\n|-status|p2a: Sandslash|par\n|move|p2a: Sandslash|Rapid Spin|p1a: Zapdos\n|-damage|p1a: Zapdos|4/100\n|-boost|p2a: Sandslash|spe|1\n|-sideend|p2: p0y2545986b|Spikes|[from] move: Rapid Spin|[of] p2a: Sandslash\n|\n|-heal|p2a: Sandslash|130/275 par|[from] item: Leftovers\n|upkeep\n|turn|28\n|inactive|Time left: 300 sec this turn | 300 sec total\n|\n|t:|1783569472\n|move|p1a: Zapdos|Discharge|p2a: Sandslash\n|-damage|p2a: Sandslash|24/275 par\n|move|p2a: Sandslash|Rapid Spin|p1a: Zapdos\n|-damage|p1a: Zapdos|0 fnt\n|-boost|p2a: Sandslash|spe|1\n|faint|p1a: Zapdos\n|\n|-heal|p2a: Sandslash|41/275 par|[from] item: Leftovers\n|upkeep\n|\n|t:|1783569473\n|switch|p1a: Ribombee|Ribombee, L83, M|100/100\n|turn|29\n|inactive|Time left: 300 sec this turn | 300 sec total\n|\n|t:|1783569474\n|move|p1a: Ribombee|Moonblast|p2a: Sandslash\n|-resisted|p2a: Sandslash\n|-damage|p2a: Sandslash|0 fnt\n|faint|p2a: Sandslash\n|\n|upkeep\n|inactive|Time left: 300 sec this turn | 300 sec total | 5 sec grace\n|\n|t:|1783569475\n|switch|p2a: Arboliva|Arboliva, L91, M|288/288\n|turn|30\n|inactive|Time left: 300 sec this turn | 300 sec total\n|\n|t:|1783569475\n|move|p1a: Ribombee|Moonblast|p2a: Arboliva\n|-damage|p2a: Arboliva|216/288\n|move|p2a: Arboliva|Hyper Voice|p1a: Ribombee\n|-damage|p1a: Ribombee|29/100\n|\n|upkeep\n|turn|31\n|inactive|Time left: 300 sec this turn | 300 sec total\n|\n|t:|1783569476\n|move|p1a: Ribombee|U-turn|p2a: Arboliva\n|-supereffective|p2a: Arboliva\n|-damage|p2a: Arboliva|130/288\n|-enditem|p2a: Arboliva|Sitrus Berry|[eat]\n|-heal|p2a: Arboliva|202/288|[from] item: Sitrus Berry\n|\n|t:|1783569477\n|switch|p1a: Forretress|Forretress, L84, F|100/100|[from] U-turn\n|move|p2a: Arboliva|Hyper Voice|p1a: Forretress\n|-resisted|p1a: Forretress\n|-damage|p1a: Forretress|66/100\n|\n|-heal|p1a: Forretress|72/100|[from] item: Leftovers\n|-item|p2a: Arboliva|Sitrus Berry|[from] ability: Harvest\n|upkeep\n|turn|32\n|inactive|Time left: 300 sec this turn | 300 sec total\n|\n|t:|1783569478\n|move|p2a: Arboliva|Hyper Voice|p1a: Forretress\n|-resisted|p1a: Forretress\n|-damage|p1a: Forretress|38/100\n|move|p1a: Forretress|Rapid Spin|p2a: Arboliva\n|-damage|p2a: Arboliva|170/288\n|-boost|p1a: Forretress|spe|1\n|\n|-heal|p1a: Forretress|44/100|[from] item: Leftovers\n|upkeep\n|turn|33\n|inactive|Time left: 300 sec this turn | 300 sec total\n|\n|t:|1783569479\n|move|p1a: Forretress|Iron Head|p2a: Arboliva\n|-damage|p2a: Arboliva|91/288\n|-enditem|p2a: Arboliva|Sitrus Berry|[eat]\n|-heal|p2a: Arboliva|163/288|[from] item: Sitrus Berry\n|cant|p2a: Arboliva|flinch\n|\n|-heal|p1a: Forretress|50/100|[from] item: Leftovers\n|-item|p2a: Arboliva|Sitrus Berry|[from] ability: Harvest\n|upkeep\n|turn|34\n|inactive|Time left: 300 sec this turn | 300 sec total\n|\n|t:|1783569480\n|move|p1a: Forretress|Iron Head|p2a: Arboliva\n|-damage|p2a: Arboliva|88/288\n|-enditem|p2a: Arboliva|Sitrus Berry|[eat]\n|-heal|p2a: Arboliva|160/288|[from] item: Sitrus Berry\n|move|p2a: Arboliva|Hyper Voice|p1a: Forretress\n|-resisted|p1a: Forretress\n|-damage|p1a: Forretress|13/100\n|\n|-heal|p1a: Forretress|20/100|[from] item: Leftovers\n|upkeep\n|turn|35\n|inactive|Time left: 300 sec this turn | 300 sec total\n|\n|t:|1783569481\n|move|p1a: Forretress|Iron Head|p2a: Arboliva\n|-damage|p2a: Arboliva|85/288\n|move|p2a: Arboliva|Hyper Voice|p1a: Forretress\n|-resisted|p1a: Forretress\n|-damage|p1a: Forretress|0 fnt\n|faint|p1a: Forretress\n|\n|upkeep\n|\n|t:|1783569482\n|switch|p1a: Ribombee|Ribombee, L83, M|29/100\n|turn|36\n|inactive|Time left: 300 sec this turn | 300 sec total\n|\n|t:|1783569483\n|-terastallize|p1a: Ribombee|Ghost\n|-terastallize|p2a: Arboliva|Poison\n|move|p1a: Ribombee|Moonblast|p2a: Arboliva\n|-resisted|p2a: Arboliva\n|-damage|p2a: Arboliva|49/288\n|move|p2a: Arboliva|Hyper Voice|p1a: Ribombee\n|-immune|p1a: Ribombee\n|\n|-item|p2a: Arboliva|Sitrus Berry|[from] ability: Harvest\n|upkeep\n|-enditem|p2a: Arboliva|Sitrus Berry|[eat]\n|-heal|p2a: Arboliva|121/288|[from] item: Sitrus Berry\n|turn|37\n|inactive|Time left: 300 sec this turn | 300 sec total\n|\n|t:|1783569484\n|move|p1a: Ribombee|Stun Spore|p2a: Arboliva\n|-status|p2a: Arboliva|par\n|move|p2a: Arboliva|Leech Seed|p1a: Ribombee\n|-start|p1a: Ribombee|move: Leech Seed\n|\n|-damage|p1a: Ribombee|17/100|[from] Leech Seed|[of] p2a: Arboliva\n|-heal|p2a: Arboliva|150/288 par|[silent]\n|upkeep\n|turn|38\n|inactive|Time left: 300 sec this turn | 300 sec total\n|\n|t:|1783569485\n|move|p1a: Ribombee|Moonblast|p2a: Arboliva\n|-resisted|p2a: Arboliva\n|-damage|p2a: Arboliva|113/288 par\n|move|p2a: Arboliva|Hyper Voice|p1a: Ribombee\n|-immune|p1a: Ribombee\n|\n|-damage|p1a: Ribombee|4/100|[from] Leech Seed|[of] p2a: Arboliva\n|-heal|p2a: Arboliva|142/288 par|[silent]\n|upkeep\n|turn|39\n|inactive|Time left: 300 sec this turn | 300 sec total\n|\n|t:|1783569486\n|switch|p1a: Breloom|Breloom, L83, F|8/100\n|move|p2a: Arboliva|Hyper Voice|p1a: Breloom\n|-damage|p1a: Breloom|0 fnt\n|faint|p1a: Breloom\n|\n|-item|p2a: Arboliva|Sitrus Berry|[from] ability: Harvest\n|upkeep\n|-enditem|p2a: Arboliva|Sitrus Berry|[eat]\n|-heal|p2a: Arboliva|214/288 par|[from] item: Sitrus Berry\n|\n|t:|1783569487\n|switch|p1a: Ribombee|Ribombee, L83, M, tera:Ghost|4/100\n|turn|40\n|inactive|Time left: 300 sec this turn | 300 sec total\n|\n|t:|1783569488\n|switch|p2a: Alomomola|Alomomola, L87, M|429/429\n|move|p1a: Ribombee|U-turn|p2a: Alomomola\n|-damage|p2a: Alomomola|378/429\n|\n|-heal|p2a: Alomomola|404/429|[from] item: Leftovers\n|upkeep\n|turn|41\n|inactive|Time left: 300 sec this turn | 300 sec total\n|\n|t:|1783569489\n|move|p1a: Ribombee|Stun Spore|p2a: Alomomola|[miss]\n|-miss|p1a: Ribombee|p2a: Alomomola\n|move|p2a: Alomomola|Flip Turn|p1a: Ribombee\n|-damage|p1a: Ribombee|0 fnt\n|faint|p1a: Ribombee\n|\n|win|p0y2545986b", "uploadtime": 1783569489, "views": 0, "rating": 0, "private": 0, "password": null, "_winner": "p0y2545986b", "_our_name": "p0y2545986b"}