{"id": "battle-gen9randombattle-15", "formatid": "gen9randombattle", "format": "[Gen 9] Random Battle", "players": ["p0x015521c", "p0y015a9e5"], "log": "|init|battle\n|title|p0x015521c vs. p0y015a9e5\n|j|\u2606p0x015521c\n|j|\u2606p0y015a9e5\n|t:|1783539350\n|gametype|singles\n|player|p1|p0x015521c|169|\n|player|p2|p0y015a9e5|1|\n|gen|9\n|tier|[Gen 9] Random Battle\n|rule|Species Clause: Limit one of each Pok\u00e9mon\n|rule|HP Percentage Mod: HP is shown in percentages\n|rule|Sleep Clause Mod: Limit one foe put to sleep\n|rule|Illusion Level Mod: Illusion disguises the Pok\u00e9mon's true level\n|\n|t:|1783539350\n|teamsize|p1|6\n|teamsize|p2|6\n|start\n|switch|p1a: Roaring Moon|Roaring Moon, L72|100/100\n|switch|p2a: Skeledirge|Skeledirge, L79, F|294/294\n|turn|1\n|inactive|Battle timer is ON: inactive players will automatically lose when time's up. (requested by p0y015a9e5)\n|inactive|p0x015521c also wants the timer to be on.\n|\n|t:|1783539351\n|switch|p2a: Ribombee|Ribombee, L83, M|235/235\n|move|p1a: Roaring Moon|Knock Off|p2a: Ribombee\n|-resisted|p2a: Ribombee\n|-crit|p2a: Ribombee\n|-damage|p2a: Ribombee|133/235\n|-enditem|p2a: Ribombee|Heavy-Duty Boots|[from] move: Knock Off|[of] p1a: Roaring Moon\n|\n|upkeep\n|turn|2\n|inactive|Time left: 300 sec this turn | 300 sec total\n|\n|t:|1783539353\n|-end|p1a: Roaring Moon|Protosynthesis|[silent]\n|switch|p1a: Greedent|Greedent, L86, F|100/100\n|move|p2a: Ribombee|Sticky Web|p1a: Greedent\n|-sidestart|p1: p0x015521c|move: Sticky Web\n|\n|upkeep\n|turn|3\n|inactive|Time left: 300 sec this turn | 300 sec total\n|\n|t:|1783539354\n|move|p2a: Ribombee|Moonblast|p1a: Greedent\n|-damage|p1a: Greedent|69/100\n|move|p1a: Greedent|Swords Dance|p1a: Greedent\n|-boost|p1a: Greedent|atk|2\n|\n|upkeep\n|turn|4\n|inactive|Time left: 300 sec this turn | 300 sec total\n|\n|t:|1783539355\n|move|p2a: Ribombee|Stun Spore|p1a: Greedent\n|-status|p1a: Greedent|par\n|cant|p1a: Greedent|par\n|\n|upkeep\n|turn|5\n|inactive|Time left: 300 sec this turn | 300 sec total\n|\n|t:|1783539356\n|move|p2a: Ribombee|Moonblast|p1a: Greedent\n|-damage|p1a: Greedent|40/100 par\n|-enditem|p1a: Greedent|Sitrus Berry|[eat]\n|-heal|p1a: Greedent|64/100 par|[from] item: Sitrus Berry\n|-heal|p1a: Greedent|98/100 par|[from] ability: Cheek Pouch\n|cant|p1a: Greedent|par\n|\n|upkeep\n|turn|6\n|inactive|Time left: 300 sec this turn | 300 sec total\n|\n|t:|1783539356\n|move|p2a: Ribombee|Moonblast|p1a: Greedent\n|-damage|p1a: Greedent|66/100 par\n|cant|p1a: Greedent|par\n|\n|upkeep\n|turn|7\n|inactive|Time left: 300 sec this turn | 300 sec total\n|\n|t:|1783539358\n|move|p2a: Ribombee|Moonblast|p1a: Greedent\n|-damage|p1a: Greedent|34/100 par\n|move|p1a: Greedent|Body Slam|p2a: Ribombee\n|-damage|p2a: Ribombee|0 fnt\n|faint|p2a: Ribombee\n|\n|upkeep\n|inactive|Time left: 300 sec this turn | 300 sec total | 5 sec grace\n|\n|t:|1783539359\n|switch|p2a: Staraptor|Staraptor, L79, F|263/263\n|turn|8\n|inactive|Time left: 300 sec this turn | 300 sec total\n|\n|t:|1783539360\n|move|p2a: Staraptor|Brave Bird|p1a: Greedent\n|-damage|p1a: Greedent|0 fnt\n|faint|p1a: Greedent\n|-damage|p2a: Staraptor|224/263|[from] Recoil\n|\n|upkeep\n|\n|t:|1783539361\n|switch|p1a: Giratina|Giratina-Origin, L72|100/100\n|turn|9\n|inactive|Time left: 300 sec this turn | 300 sec total\n|\n|t:|1783539362\n|move|p2a: Staraptor|Brave Bird|p1a: Giratina\n|-damage|p1a: Giratina|26/100\n|-damage|p2a: Staraptor|142/263|[from] Recoil\n|move|p1a: Giratina|Defog|p2a: Staraptor\n|-unboost|p2a: Staraptor|evasion|1\n|-sideend|p1: p0x015521c|Sticky Web|[from] move: Defog|[of] p1a: Giratina\n|\n|upkeep\n|turn|10\n|inactive|Time left: 300 sec this turn | 300 sec total\n|\n|t:|1783539363\n|move|p2a: Staraptor|Brave Bird|p1a: Giratina\n|-damage|p1a: Giratina|0 fnt\n|faint|p1a: Giratina\n|-damage|p2a: Staraptor|114/263|[from] Recoil\n|\n|upkeep\n|\n|t:|1783539364\n|switch|p1a: Roaring Moon|Roaring Moon, L72|100/100\n|turn|11\n|inactive|Time left: 300 sec this turn | 300 sec total\n|\n|t:|1783539365\n|switch|p2a: Skeledirge|Skeledirge, L79, F|294/294\n|move|p1a: Roaring Moon|Knock Off|p2a: Skeledirge\n|-supereffective|p2a: Skeledirge\n|-damage|p2a: Skeledirge|84/294\n|-enditem|p2a: Skeledirge|Heavy-Duty Boots|[from] move: Knock Off|[of] p1a: Roaring Moon\n|\n|upkeep\n|turn|12\n|inactive|Time left: 300 sec this turn | 300 sec total\n|\n|t:|1783539366\n|-terastallize|p2a: Skeledirge|Fairy\n|move|p1a: Roaring Moon|Dragon Dance|p1a: Roaring Moon\n|-boost|p1a: Roaring Moon|atk|1\n|-boost|p1a: Roaring Moon|spe|1\n|move|p2a: Skeledirge|Slack Off|p2a: Skeledirge\n|-heal|p2a: Skeledirge|231/294\n|\n|upkeep\n|turn|13\n|inactive|Time left: 300 sec this turn | 300 sec total\n|\n|t:|1783539367\n|move|p1a: Roaring Moon|Dragon Dance|p1a: Roaring Moon\n|-boost|p1a: Roaring Moon|atk|1\n|-boost|p1a: Roaring Moon|spe|1\n|move|p2a: Skeledirge|Torch Song|p1a: Roaring Moon\n|-resisted|p1a: Roaring Moon\n|-damage|p1a: Roaring Moon|84/100\n|-boost|p2a: Skeledirge|spa|1\n|\n|upkeep\n|turn|14\n|inactive|Time left: 300 sec this turn | 300 sec total\n|\n|t:|1783539368\n|move|p1a: Roaring Moon|Earthquake|p2a: Skeledirge\n|-damage|p2a: Skeledirge|164/294\n|move|p2a: Skeledirge|Torch Song|p1a: Roaring Moon\n|-resisted|p1a: Roaring Moon\n|-damage|p1a: Roaring Moon|60/100\n|-boost|p2a: Skeledirge|spa|1\n|\n|upkeep\n|turn|15\n|inactive|Time left: 300 sec this turn | 300 sec total\n|\n|t:|1783539369\n|move|p1a: Roaring Moon|Earthquake|p2a: Skeledirge\n|-damage|p2a: Skeledirge|94/294\n|move|p2a: Skeledirge|Torch Song|p1a: Roaring Moon\n|-resisted|p1a: Roaring Moon\n|-damage|p1a: Roaring Moon|29/100\n|-boost|p2a: Skeledirge|spa|1\n|\n|upkeep\n|turn|16\n|inactive|Time left: 300 sec this turn | 300 sec total\n|\n|t:|1783539370\n|-terastallize|p1a: Roaring Moon|Ground\n|move|p1a: Roaring Moon|Earthquake|p2a: Skeledirge\n|-damage|p2a: Skeledirge|0 fnt\n|faint|p2a: Skeledirge\n|\n|upkeep\n|inactive|Time left: 300 sec this turn | 300 sec total | 5 sec grace\n|\n|t:|1783539371\n|switch|p2a: Staraptor|Staraptor, L79, F|114/263\n|turn|17\n|inactive|Time left: 300 sec this turn | 300 sec total\n|\n|t:|1783539372\n|move|p2a: Staraptor|Quick Attack|p1a: Roaring Moon\n|-damage|p1a: Roaring Moon|0 fnt\n|faint|p1a: Roaring Moon\n|-end|p1a: Roaring Moon|Protosynthesis|[silent]\n|\n|upkeep\n|\n|t:|1783539373\n|switch|p1a: Cinderace|Cinderace, L77, M|100/100\n|turn|18\n|inactive|Time left: 300 sec this turn | 300 sec total\n|\n|t:|1783539374\n|switch|p2a: Appletun|Appletun, L92, M|352/352\n|move|p1a: Cinderace|Pyro Ball|p2a: Appletun\n|-damage|p2a: Appletun|258/352\n|\n|-heal|p2a: Appletun|280/352|[from] item: Leftovers\n|upkeep\n|turn|19\n|inactive|Time left: 300 sec this turn | 300 sec total\n|\n|t:|1783539376\n|switch|p1a: Okidogi|Okidogi, L77, M|100/100\n|move|p2a: Appletun|Dragon Pulse|p1a: Okidogi\n|-damage|p1a: Okidogi|55/100\n|\n|-heal|p1a: Okidogi|61/100|[from] item: Leftovers\n|-heal|p2a: Appletun|302/352|[from] item: Leftovers\n|upkeep\n|turn|20\n|inactive|Time left: 300 sec this turn | 300 sec total\n|\n|t:|1783539377\n|move|p1a: Okidogi|Gunk Shot|p2a: Appletun\n|-supereffective|p2a: Appletun\n|-damage|p2a: Appletun|42/352\n|move|p2a: Appletun|Dragon Pulse|p1a: Okidogi\n|-damage|p1a: Okidogi|10/100\n|\n|-heal|p1a: Okidogi|17/100|[from] item: Leftovers\n|-heal|p2a: Appletun|64/352|[from] item: Leftovers\n|upkeep\n|turn|21\n|inactive|Time left: 300 sec this turn | 300 sec total\n|\n|t:|1783539378\n|move|p1a: Okidogi|Drain Punch|p2a: Appletun\n|-damage|p2a: Appletun|0 fnt\n|-heal|p1a: Okidogi|29/100|[from] drain|[of] p2a: Appletun\n|faint|p2a: Appletun\n|\n|-heal|p1a: Okidogi|35/100|[from] item: Leftovers\n|upkeep\n|inactive|Time left: 300 sec this turn | 300 sec total | 5 sec grace\n|\n|t:|1783539379\n|switch|p2a: Staraptor|Staraptor, L79, F|114/263\n|turn|22\n|inactive|Time left: 300 sec this turn | 300 sec total\n|\n|t:|1783539380\n|move|p2a: Staraptor|Double-Edge|p1a: Okidogi\n|-damage|p1a: Okidogi|0 fnt\n|faint|p1a: Okidogi\n|-damage|p2a: Staraptor|84/263|[from] Recoil\n|\n|upkeep\n|\n|t:|1783539381\n|switch|p1a: Cinderace|Cinderace, L77, M|100/100\n|turn|23\n|inactive|Time left: 300 sec this turn | 300 sec total\n|\n|t:|1783539382\n|move|p1a: Cinderace|Pyro Ball|p2a: Staraptor|[miss]\n|-miss|p1a: Cinderace|p2a: Staraptor\n|move|p2a: Staraptor|Double-Edge|p1a: Cinderace\n|-damage|p1a: Cinderace|0 fnt\n|faint|p1a: Cinderace\n|-damage|p2a: Staraptor|2/263|[from] Recoil\n|\n|upkeep\n|\n|t:|1783539383\n|switch|p1a: Oinkologne|Oinkologne-F, L92, F|100/100\n|turn|24\n|inactive|Time left: 300 sec this turn | 300 sec total\n|\n|t:|1783539384\n|move|p2a: Staraptor|Double-Edge|p1a: Oinkologne\n|-damage|p1a: Oinkologne|31/100\n|-damage|p2a: Staraptor|0 fnt|[from] Recoil\n|faint|p2a: Staraptor\n|move|p1a: Oinkologne|Double-Edge|p2: Staraptor|[notarget]\n|-fail|p1a: Oinkologne\n|\n|-heal|p1a: Oinkologne|37/100|[from] item: Leftovers\n|upkeep\n|inactive|Time left: 300 sec this turn | 300 sec total | 5 sec grace\n|\n|t:|1783539385\n|switch|p2a: Ursaring|Ursaring, L84, M|288/288\n|turn|25\n|inactive|Time left: 300 sec this turn | 300 sec total\n|\n|t:|1783539386\n|move|p1a: Oinkologne|Lash Out|p2a: Ursaring\n|-damage|p2a: Ursaring|215/288\n|move|p2a: Ursaring|Close Combat|p1a: Oinkologne\n|-supereffective|p1a: Oinkologne\n|-damage|p1a: Oinkologne|0 fnt\n|-unboost|p2a: Ursaring|def|1\n|-unboost|p2a: Ursaring|spd|1\n|faint|p1a: Oinkologne\n|\n|win|p0y015a9e5", "uploadtime": 1783539386, "views": 0, "rating": 0, "private": 0, "password": null, "_winner": "p0y015a9e5", "_our_name": "p0y015a9e5"}