{"id": "battle-gen9randombattle-272", "formatid": "gen9randombattle", "format": "[Gen 9] Random Battle", "players": ["p0x272947f", "p0y2729970"], "log": "|init|battle\n|title|p0x272947f vs. p0y2729970\n|j|\u2606p0x272947f\n|j|\u2606p0y2729970\n|t:|1783542734\n|gametype|singles\n|player|p1|p0x272947f|2|\n|player|p2|p0y2729970|265|\n|gen|9\n|tier|[Gen 9] Random Battle\n|rule|Species Clause: Limit one of each Pok\u00e9mon\n|rule|HP Percentage Mod: HP is shown in percentages\n|rule|Sleep Clause Mod: Limit one foe put to sleep\n|rule|Illusion Level Mod: Illusion disguises the Pok\u00e9mon's true level\n|\n|t:|1783542734\n|teamsize|p1|6\n|teamsize|p2|6\n|start\n|switch|p1a: Tornadus|Tornadus-Therian, L79, M|100/100\n|switch|p2a: Iron Boulder|Iron Boulder, L77|265/265\n|turn|1\n|inactive|Battle timer is ON: inactive players will automatically lose when time's up. (requested by p0y2729970)\n|\n|t:|1783542736\n|move|p1a: Tornadus|U-turn|p2a: Iron Boulder\n|-supereffective|p2a: Iron Boulder\n|-damage|p2a: Iron Boulder|165/265\n|inactive|p0x272947f also wants the timer to be on.\n|\n|t:|1783542738\n|switch|p1a: Zamazenta|Zamazenta, L71|100/100|[from] U-turn\n|-ability|p1a: Zamazenta|Dauntless Shield|boost\n|-boost|p1a: Zamazenta|def|1\n|move|p2a: Iron Boulder|Mighty Cleave|p1a: Zamazenta\n|-resisted|p1a: Zamazenta\n|-damage|p1a: Zamazenta|83/100\n|-damage|p2a: Iron Boulder|139/265|[from] item: Life Orb\n|\n|upkeep\n|turn|2\n|inactive|Time left: 300 sec this turn | 300 sec total\n|\n|t:|1783542739\n|-end|p2a: Iron Boulder|Quark Drive|[silent]\n|switch|p2a: Oricorio|Oricorio-Sensu, L85, M|266/266\n|move|p1a: Zamazenta|Close Combat|p2a: Oricorio\n|-immune|p2a: Oricorio\n|\n|upkeep\n|turn|3\n|inactive|Time left: 300 sec this turn | 300 sec total\n|\n|t:|1783542740\n|switch|p1a: Tornadus|Tornadus-Therian, L79, M|100/100\n|move|p2a: Oricorio|Quiver Dance|p2a: Oricorio\n|-boost|p2a: Oricorio|spa|1\n|-boost|p2a: Oricorio|spd|1\n|-boost|p2a: Oricorio|spe|1\n|\n|upkeep\n|turn|4\n|inactive|Time left: 300 sec this turn | 300 sec total\n|\n|t:|1783542742\n|move|p2a: Oricorio|Quiver Dance|p2a: Oricorio\n|-boost|p2a: Oricorio|spa|1\n|-boost|p2a: Oricorio|spd|1\n|-boost|p2a: Oricorio|spe|1\n|move|p1a: Tornadus|Bleakwind Storm|p2a: Oricorio\n|-damage|p2a: Oricorio|179/266\n|\n|upkeep\n|turn|5\n|inactive|Time left: 300 sec this turn | 300 sec total\n|\n|t:|1783542743\n|move|p2a: Oricorio|Hurricane|p1a: Tornadus\n|-damage|p1a: Tornadus|7/100\n|move|p1a: Tornadus|Bleakwind Storm|p2a: Oricorio\n|-damage|p2a: Oricorio|89/266\n|\n|upkeep\n|turn|6\n|inactive|Time left: 300 sec this turn | 300 sec total\n|\n|t:|1783542744\n|move|p2a: Oricorio|Revelation Dance|p1a: Tornadus\n|-damage|p1a: Tornadus|0 fnt\n|faint|p1a: Tornadus\n|\n|upkeep\n|\n|t:|1783542745\n|switch|p1a: Ogerpon|Ogerpon-Cornerstone, L76, F|100/100\n|turn|7\n|inactive|Time left: 300 sec this turn | 300 sec total\n|\n|t:|1783542746\n|move|p2a: Oricorio|Roost|p2a: Oricorio\n|-heal|p2a: Oricorio|222/266\n|-singleturn|p2a: Oricorio|move: Roost\n|move|p1a: Ogerpon|Ivy Cudgel|p2a: Oricorio|[anim] Ivy Cudgel Rock\n|-damage|p2a: Oricorio|68/266\n|\n|upkeep\n|turn|8\n|inactive|Time left: 300 sec this turn | 300 sec total\n|\n|t:|1783542748\n|move|p2a: Oricorio|Roost|p2a: Oricorio\n|-heal|p2a: Oricorio|201/266\n|-singleturn|p2a: Oricorio|move: Roost\n|move|p1a: Ogerpon|Ivy Cudgel|p2a: Oricorio|[anim] Ivy Cudgel Rock\n|-damage|p2a: Oricorio|50/266\n|\n|upkeep\n|turn|9\n|inactive|Time left: 300 sec this turn | 300 sec total\n|\n|t:|1783542749\n|move|p2a: Oricorio|Hurricane|p1a: Ogerpon\n|-ability|p1a: Ogerpon|Sturdy\n|-damage|p1a: Ogerpon|1/100\n|-start|p1a: Ogerpon|confusion\n|-activate|p1a: Ogerpon|confusion\n|move|p1a: Ogerpon|Power Whip|p2a: Oricorio\n|-resisted|p2a: Oricorio\n|-damage|p2a: Oricorio|0 fnt\n|faint|p2a: Oricorio\n|\n|upkeep\n|inactive|Time left: 300 sec this turn | 300 sec total | 5 sec grace\n|\n|t:|1783542750\n|switch|p2a: Sudowoodo|Sudowoodo, L94, F|284/284\n|turn|10\n|inactive|Time left: 300 sec this turn | 300 sec total\n|\n|t:|1783542751\n|-activate|p1a: Ogerpon|confusion\n|move|p1a: Ogerpon|Power Whip|p2a: Sudowoodo\n|-supereffective|p2a: Sudowoodo\n|-damage|p2a: Sudowoodo|62/284\n|move|p2a: Sudowoodo|Stealth Rock|p1a: Ogerpon\n|-sidestart|p1: p0x272947f|move: Stealth Rock\n|\n|-heal|p2a: Sudowoodo|79/284|[from] item: Leftovers\n|upkeep\n|turn|11\n|inactive|Time left: 300 sec this turn | 300 sec total\n|\n|t:|1783542752\n|switch|p2a: Dunsparce|Dunsparce, L86, M|312/312\n|-activate|p1a: Ogerpon|confusion\n|move|p1a: Ogerpon|Ivy Cudgel|p2a: Dunsparce|[anim] Ivy Cudgel Rock\n|-damage|p2a: Dunsparce|222/312\n|\n|upkeep\n|turn|12\n|inactive|Time left: 300 sec this turn | 300 sec total\n|\n|t:|1783542753\n|-end|p1a: Ogerpon|confusion\n|move|p1a: Ogerpon|Power Whip|p2a: Dunsparce\n|-damage|p2a: Dunsparce|117/312\n|move|p2a: Dunsparce|Coil|p2a: Dunsparce\n|-boost|p2a: Dunsparce|atk|1\n|-boost|p2a: Dunsparce|def|1\n|-boost|p2a: Dunsparce|accuracy|1\n|\n|upkeep\n|turn|13\n|inactive|Time left: 300 sec this turn | 300 sec total\n|\n|t:|1783542754\n|move|p1a: Ogerpon|Ivy Cudgel|p2a: Dunsparce|[anim] Ivy Cudgel Rock\n|-damage|p2a: Dunsparce|54/312\n|move|p2a: Dunsparce|Roost|p2a: Dunsparce\n|-heal|p2a: Dunsparce|210/312\n|-singleturn|p2a: Dunsparce|move: Roost\n|\n|upkeep\n|turn|14\n|inactive|Time left: 300 sec this turn | 300 sec total\n|\n|t:|1783542755\n|move|p1a: Ogerpon|Spikes|p2a: Dunsparce\n|-sidestart|p2: p0y2729970|Spikes\n|move|p2a: Dunsparce|Coil|p2a: Dunsparce\n|-boost|p2a: Dunsparce|atk|1\n|-boost|p2a: Dunsparce|def|1\n|-boost|p2a: Dunsparce|accuracy|1\n|\n|upkeep\n|turn|15\n|inactive|Time left: 300 sec this turn | 300 sec total\n|\n|t:|1783542756\n|move|p1a: Ogerpon|Synthesis|p1a: Ogerpon\n|-heal|p1a: Ogerpon|51/100\n|move|p2a: Dunsparce|Earthquake|p1a: Ogerpon\n|-damage|p1a: Ogerpon|0 fnt\n|faint|p1a: Ogerpon\n|\n|upkeep\n|\n|t:|1783542757\n|switch|p1a: Cobalion|Cobalion, L80|100/100\n|-damage|p1a: Cobalion|98/100|[from] Stealth Rock\n|turn|16\n|inactive|Time left: 300 sec this turn | 300 sec total\n|\n|t:|1783542757\n|move|p1a: Cobalion|Calm Mind|p1a: Cobalion\n|-boost|p1a: Cobalion|spa|1\n|-boost|p1a: Cobalion|spd|1\n|move|p2a: Dunsparce|Earthquake|p1a: Cobalion\n|-supereffective|p1a: Cobalion\n|-damage|p1a: Cobalion|35/100\n|\n|-heal|p1a: Cobalion|41/100|[from] item: Leftovers\n|upkeep\n|turn|17\n|inactive|Time left: 300 sec this turn | 300 sec total\n|\n|t:|1783542758\n|-terastallize|p2a: Dunsparce|Ghost\n|move|p1a: Cobalion|Aura Sphere|p2a: Dunsparce\n|-immune|p2a: Dunsparce\n|move|p2a: Dunsparce|Earthquake|p1a: Cobalion\n|-supereffective|p1a: Cobalion\n|-damage|p1a: Cobalion|0 fnt\n|faint|p1a: Cobalion\n|\n|upkeep\n|\n|t:|1783542759\n|switch|p1a: Meowscarada|Meowscarada, L78, F|100/100\n|-damage|p1a: Meowscarada|88/100|[from] Stealth Rock\n|turn|18\n|inactive|Time left: 300 sec this turn | 300 sec total\n|\n|t:|1783542760\n|move|p1a: Meowscarada|Knock Off|p2a: Dunsparce\n|-start|p1a: Meowscarada|typechange|Dark|[from] ability: Protean\n|-supereffective|p2a: Dunsparce\n|-damage|p2a: Dunsparce|102/312\n|-enditem|p2a: Dunsparce|Eviolite|[from] move: Knock Off|[of] p1a: Meowscarada\n|move|p2a: Dunsparce|Body Slam|p1a: Meowscarada\n|-damage|p1a: Meowscarada|8/100\n|-status|p1a: Meowscarada|par\n|\n|upkeep\n|turn|19\n|inactive|Time left: 300 sec this turn | 300 sec total\n|\n|t:|1783542761\n|move|p2a: Dunsparce|Roost|p2a: Dunsparce\n|-heal|p2a: Dunsparce|258/312\n|move|p1a: Meowscarada|Knock Off|p2a: Dunsparce\n|-supereffective|p2a: Dunsparce\n|-damage|p2a: Dunsparce|136/312\n|\n|upkeep\n|turn|20\n|inactive|Time left: 300 sec this turn | 300 sec total\n|\n|t:|1783542762\n|move|p2a: Dunsparce|Roost|p2a: Dunsparce\n|-heal|p2a: Dunsparce|292/312\n|cant|p1a: Meowscarada|par\n|\n|upkeep\n|turn|21\n|inactive|Time left: 300 sec this turn | 300 sec total\n|\n|t:|1783542763\n|move|p2a: Dunsparce|Earthquake|p1a: Meowscarada\n|-damage|p1a: Meowscarada|0 fnt\n|faint|p1a: Meowscarada\n|\n|upkeep\n|\n|t:|1783542763\n|switch|p1a: Venomoth|Venomoth, L84, F|100/100\n|turn|22\n|inactive|Time left: 300 sec this turn | 300 sec total\n|\n|t:|1783542765\n|move|p1a: Venomoth|Sleep Powder|p2a: Dunsparce\n|-status|p2a: Dunsparce|slp|[from] move: Sleep Powder\n|cant|p2a: Dunsparce|slp\n|\n|upkeep\n|turn|23\n|inactive|Time left: 300 sec this turn | 300 sec total\n|\n|t:|1783542766\n|move|p1a: Venomoth|Quiver Dance|p1a: Venomoth\n|-boost|p1a: Venomoth|spa|1\n|-boost|p1a: Venomoth|spd|1\n|-boost|p1a: Venomoth|spe|1\n|-curestatus|p2a: Dunsparce|slp|[msg]\n|move|p2a: Dunsparce|Body Slam|p1a: Venomoth\n|-damage|p1a: Venomoth|31/100\n|\n|upkeep\n|turn|24\n|inactive|Time left: 300 sec this turn | 300 sec total\n|\n|t:|1783542767\n|move|p1a: Venomoth|Sleep Powder|p2a: Dunsparce\n|-status|p2a: Dunsparce|slp|[from] move: Sleep Powder\n|cant|p2a: Dunsparce|slp\n|\n|upkeep\n|turn|25\n|inactive|Time left: 300 sec this turn | 300 sec total\n|\n|t:|1783542768\n|move|p1a: Venomoth|Sludge Wave|p2a: Dunsparce\n|-resisted|p2a: Dunsparce\n|-damage|p2a: Dunsparce|134/312 slp\n|cant|p2a: Dunsparce|slp\n|\n|upkeep\n|turn|26\n|inactive|Time left: 300 sec this turn | 300 sec total\n|\n|t:|1783542769\n|switch|p2a: Hitmonchan|Hitmonchan, L87, M|229/229\n|-damage|p2a: Hitmonchan|201/229|[from] Spikes\n|move|p1a: Venomoth|Bug Buzz|p2a: Hitmonchan\n|-resisted|p2a: Hitmonchan\n|-damage|p2a: Hitmonchan|129/229\n|-unboost|p2a: Hitmonchan|spd|1\n|\n|upkeep\n|turn|27\n|inactive|Time left: 300 sec this turn | 300 sec total\n|\n|t:|1783542769\n|move|p1a: Venomoth|Sludge Wave|p2a: Hitmonchan\n|-damage|p2a: Hitmonchan|9/229\n|move|p2a: Hitmonchan|Knock Off|p1a: Venomoth\n|-damage|p1a: Venomoth|0 fnt\n|-enditem|p1a: Venomoth|Heavy-Duty Boots|[from] move: Knock Off|[of] p2a: Hitmonchan\n|faint|p1a: Venomoth\n|\n|upkeep\n|\n|t:|1783542771\n|switch|p1a: Zamazenta|Zamazenta, L71|83/100\n|-damage|p1a: Zamazenta|77/100|[from] Stealth Rock\n|turn|28\n|inactive|Time left: 300 sec this turn | 300 sec total\n|\n|t:|1783542772\n|switch|p2a: Bombirdier|Bombirdier, L85, M|258/258\n|move|p1a: Zamazenta|Iron Head|p2a: Bombirdier\n|-damage|p2a: Bombirdier|182/258\n|\n|upkeep\n|turn|29\n|inactive|Time left: 300 sec this turn | 300 sec total\n|\n|t:|1783542773\n|-terastallize|p1a: Zamazenta|Steel\n|move|p1a: Zamazenta|Iron Head|p2a: Bombirdier\n|-damage|p2a: Bombirdier|73/258\n|move|p2a: Bombirdier|Brave Bird|p1a: Zamazenta\n|-resisted|p1a: Zamazenta\n|-damage|p1a: Zamazenta|34/100\n|-damage|p2a: Bombirdier|38/258|[from] Recoil\n|\n|upkeep\n|turn|30\n|inactive|Time left: 300 sec this turn | 300 sec total\n|\n|t:|1783542774\n|switch|p2a: Hitmonchan|Hitmonchan, L87, M|9/229\n|-damage|p2a: Hitmonchan|0 fnt|[from] Spikes\n|faint|p2a: Hitmonchan\n|move|p1a: Zamazenta|Iron Head|p2: Hitmonchan|[notarget]\n|-fail|p1a: Zamazenta\n|\n|upkeep\n|inactive|Time left: 300 sec this turn | 300 sec total | 5 sec grace\n|\n|t:|1783542775\n|switch|p2a: Bombirdier|Bombirdier, L85, M|38/258\n|turn|31\n|inactive|Time left: 300 sec this turn | 300 sec total\n|\n|t:|1783542776\n|move|p2a: Bombirdier|Sucker Punch|p1a: Zamazenta\n|-damage|p1a: Zamazenta|0 fnt\n|faint|p1a: Zamazenta\n|\n|win|p0y2729970", "uploadtime": 1783542776, "views": 0, "rating": 0, "private": 0, "password": null, "_winner": "p0y2729970", "_our_name": "p0y2729970"}