{"id": "battle-gen9randombattle-132", "formatid": "gen9randombattle", "format": "[Gen 9] Random Battle", "players": ["p0x132d6df", "p0y13277df"], "log": "|init|battle\n|title|p0x132d6df vs. p0y13277df\n|j|\u2606p0x132d6df\n|j|\u2606p0y13277df\n|t:|1783540696\n|gametype|singles\n|player|p1|p0x132d6df|266|\n|player|p2|p0y13277df|266|\n|gen|9\n|tier|[Gen 9] Random Battle\n|rule|Species Clause: Limit one of each Pok\u00e9mon\n|rule|HP Percentage Mod: HP is shown in percentages\n|rule|Sleep Clause Mod: Limit one foe put to sleep\n|rule|Illusion Level Mod: Illusion disguises the Pok\u00e9mon's true level\n|\n|t:|1783540696\n|teamsize|p1|6\n|teamsize|p2|6\n|start\n|switch|p1a: Bruxish|Bruxish, L85, F|100/100\n|switch|p2a: Ditto|Ditto, L87|225/225\n|-transform|p2a: Ditto|p1a: Bruxish|[from] ability: Imposter\n|turn|1\n|inactive|Battle timer is ON: inactive players will automatically lose when time's up. (requested by p0x132d6df)\n|inactive|Time left: 300 sec this turn | 300 sec total | 60 sec grace\n|\n|t:|1783540697\n|switch|p2a: Eiscue|Eiscue, L88, M|274/274\n|move|p1a: Bruxish|Crunch|p2a: Eiscue\n|-activate|p2a: Eiscue|ability: Ice Face\n|-damage|p2a: Eiscue|274/274\n|detailschange|p2a: Eiscue|Eiscue-Noice, L88, M\n|\n|upkeep\n|turn|2\n|inactive|Time left: 300 sec this turn | 300 sec total\n|inactive|p0y13277df also wants the timer to be on.\n|\n|t:|1783540699\n|switch|p1a: Conkeldurr|Conkeldurr, L80, F|100/100\n|move|p2a: Eiscue|Ice Spinner|p1a: Conkeldurr\n|-damage|p1a: Conkeldurr|75/100\n|\n|-status|p1a: Conkeldurr|brn|[from] item: Flame Orb\n|upkeep\n|turn|3\n|inactive|Time left: 300 sec this turn | 300 sec total\n|\n|t:|1783540700\n|switch|p2a: Salamence|Salamence, L77, M|273/273\n|-ability|p2a: Salamence|Intimidate|boost\n|-unboost|p1a: Conkeldurr|atk|1\n|move|p1a: Conkeldurr|Knock Off|p2a: Salamence\n|-damage|p2a: Salamence|170/273\n|-enditem|p2a: Salamence|Heavy-Duty Boots|[from] move: Knock Off|[of] p1a: Conkeldurr\n|\n|-damage|p1a: Conkeldurr|69/100 brn|[from] brn\n|upkeep\n|turn|4\n|inactive|Time left: 300 sec this turn | 300 sec total\n|\n|t:|1783540701\n|switch|p1a: Enamorus|Enamorus, L79, F|100/100\n|move|p2a: Salamence|Outrage|p1a: Enamorus\n|-immune|p1a: Enamorus\n|\n|upkeep\n|turn|5\n|inactive|Time left: 300 sec this turn | 300 sec total\n|\n|t:|1783540701\n|-terastallize|p2a: Salamence|Ground\n|move|p1a: Enamorus|Moonblast|p2a: Salamence\n|-damage|p2a: Salamence|34/273\n|move|p2a: Salamence|Dragon Dance|p2a: Salamence\n|-boost|p2a: Salamence|atk|1\n|-boost|p2a: Salamence|spe|1\n|\n|upkeep\n|turn|6\n|inactive|Time left: 300 sec this turn | 300 sec total\n|\n|t:|1783540702\n|move|p2a: Salamence|Dual Wingbeat|p1a: Enamorus\n|-damage|p1a: Enamorus|66/100\n|-start|p2a: Salamence|Attract|[from] ability: Cute Charm|[of] p1a: Enamorus\n|-damage|p1a: Enamorus|33/100\n|-hitcount|p1a: Enamorus|2\n|move|p1a: Enamorus|Calm Mind|p1a: Enamorus\n|-boost|p1a: Enamorus|spa|1\n|-boost|p1a: Enamorus|spd|1\n|\n|-heal|p1a: Enamorus|39/100|[from] item: Leftovers\n|upkeep\n|turn|7\n|inactive|Time left: 300 sec this turn | 300 sec total\n|\n|t:|1783540703\n|switch|p1a: Zekrom|Zekrom, L71|100/100\n|-end|p2a: Salamence|Attract|[silent]\n|-ability|p1a: Zekrom|Teravolt\n|move|p2a: Salamence|Dual Wingbeat|p1a: Zekrom\n|-resisted|p1a: Zekrom\n|-damage|p1a: Zekrom|89/100\n|-resisted|p1a: Zekrom\n|-damage|p1a: Zekrom|76/100\n|-hitcount|p1a: Zekrom|2\n|\n|-heal|p1a: Zekrom|82/100|[from] item: Leftovers\n|upkeep\n|turn|8\n|inactive|Time left: 300 sec this turn | 300 sec total\n|\n|t:|1783540704\n|move|p2a: Salamence|Earthquake|p1a: Zekrom\n|-supereffective|p1a: Zekrom\n|-damage|p1a: Zekrom|0 fnt\n|faint|p1a: Zekrom\n|\n|upkeep\n|\n|t:|1783540704\n|switch|p1a: Bruxish|Bruxish, L85, F|100/100\n|turn|9\n|inactive|Time left: 300 sec this turn | 300 sec total\n|\n|t:|1783540705\n|move|p1a: Bruxish|Flip Turn|p2a: Salamence\n|-supereffective|p2a: Salamence\n|-damage|p2a: Salamence|0 fnt\n|faint|p2a: Salamence\n|\n|t:|1783540706\n|switch|p1a: Baxcalibur|Baxcalibur, L75, F|100/100|[from] Flip Turn\n|\n|upkeep\n|inactive|Time left: 300 sec this turn | 300 sec total | 10 sec grace\n|\n|t:|1783540706\n|switch|p2a: Ogerpon|Ogerpon-Cornerstone, L76, F|247/247\n|turn|10\n|inactive|Time left: 300 sec this turn | 300 sec total\n|\n|t:|1783540707\n|move|p2a: Ogerpon|Ivy Cudgel|p1a: Baxcalibur|[anim] Ivy Cudgel Rock\n|-supereffective|p1a: Baxcalibur\n|-damage|p1a: Baxcalibur|14/100\n|move|p1a: Baxcalibur|Glaive Rush|p2a: Ogerpon\n|-ability|p2a: Ogerpon|Sturdy\n|-damage|p2a: Ogerpon|1/247\n|-singlemove|p1a: Baxcalibur|Glaive Rush|[silent]\n|\n|upkeep\n|turn|11\n|inactive|Time left: 300 sec this turn | 300 sec total\n|\n|t:|1783540708\n|move|p2a: Ogerpon|Ivy Cudgel|p1a: Baxcalibur|[anim] Ivy Cudgel Rock\n|-supereffective|p1a: Baxcalibur\n|-damage|p1a: Baxcalibur|0 fnt\n|faint|p1a: Baxcalibur\n|\n|upkeep\n|\n|t:|1783540709\n|switch|p1a: Bruxish|Bruxish, L85, F|100/100\n|turn|12\n|inactive|Time left: 300 sec this turn | 300 sec total\n|\n|t:|1783540710\n|move|p1a: Bruxish|Psychic Fangs|p2a: Ogerpon\n|-damage|p2a: Ogerpon|0 fnt\n|faint|p2a: Ogerpon\n|\n|upkeep\n|inactive|Time left: 300 sec this turn | 300 sec total | 5 sec grace\n|\n|t:|1783540711\n|switch|p2a: Feraligatr|Feraligatr, L79, M|264/264\n|turn|13\n|inactive|Time left: 300 sec this turn | 300 sec total\n|\n|t:|1783540712\n|move|p1a: Bruxish|Psychic Fangs|p2a: Feraligatr\n|-damage|p2a: Feraligatr|114/264\n|move|p2a: Feraligatr|Crunch|p1a: Bruxish\n|-supereffective|p1a: Bruxish\n|-crit|p1a: Bruxish\n|-damage|p1a: Bruxish|0 fnt\n|faint|p1a: Bruxish\n|\n|upkeep\n|\n|t:|1783540713\n|switch|p1a: Sawsbuck|Sawsbuck-Summer, L88, M|100/100\n|turn|14\n|inactive|Time left: 300 sec this turn | 300 sec total\n|\n|t:|1783540714\n|move|p1a: Sawsbuck|Horn Leech|p2a: Feraligatr\n|-supereffective|p2a: Feraligatr\n|-damage|p2a: Feraligatr|0 fnt\n|faint|p2a: Feraligatr\n|-damage|p1a: Sawsbuck|91/100|[from] item: Life Orb\n|\n|upkeep\n|inactive|Time left: 300 sec this turn | 300 sec total | 5 sec grace\n|\n|t:|1783540715\n|switch|p2a: Eiscue|Eiscue-Noice, L88, M|274/274\n|turn|15\n|inactive|Time left: 300 sec this turn | 300 sec total\n|\n|t:|1783540716\n|move|p2a: Eiscue|Ice Spinner|p1a: Sawsbuck\n|-supereffective|p1a: Sawsbuck\n|-damage|p1a: Sawsbuck|29/100\n|move|p1a: Sawsbuck|Horn Leech|p2a: Eiscue\n|-damage|p2a: Eiscue|141/274\n|-heal|p1a: Sawsbuck|53/100|[from] drain|[of] p2a: Eiscue\n|-damage|p1a: Sawsbuck|43/100|[from] item: Life Orb\n|\n|upkeep\n|turn|16\n|inactive|Time left: 300 sec this turn | 300 sec total\n|\n|t:|1783540717\n|move|p2a: Eiscue|Ice Spinner|p1a: Sawsbuck\n|-supereffective|p1a: Sawsbuck\n|-damage|p1a: Sawsbuck|0 fnt\n|faint|p1a: Sawsbuck\n|\n|upkeep\n|\n|t:|1783540718\n|switch|p1a: Conkeldurr|Conkeldurr, L80, F|69/100 brn\n|turn|17\n|inactive|Time left: 300 sec this turn | 300 sec total\n|\n|t:|1783540719\n|switch|p2a: Iron Moth|Iron Moth, L78|253/253\n|move|p1a: Conkeldurr|Mach Punch|p2a: Iron Moth\n|-resisted|p2a: Iron Moth\n|-damage|p2a: Iron Moth|196/253\n|\n|-damage|p1a: Conkeldurr|63/100 brn|[from] brn\n|upkeep\n|turn|18\n|inactive|Time left: 300 sec this turn | 300 sec total\n|\n|t:|1783540720\n|move|p2a: Iron Moth|Sludge Wave|p1a: Conkeldurr\n|-damage|p1a: Conkeldurr|14/100 brn\n|move|p1a: Conkeldurr|Facade|p2a: Iron Moth\n|-crit|p2a: Iron Moth\n|-damage|p2a: Iron Moth|0 fnt\n|faint|p2a: Iron Moth\n|-end|p2a: Iron Moth|Quark Drive|[silent]\n|\n|-damage|p1a: Conkeldurr|8/100 brn|[from] brn\n|upkeep\n|inactive|Time left: 300 sec this turn | 300 sec total | 5 sec grace\n|\n|t:|1783540721\n|switch|p2a: Eiscue|Eiscue-Noice, L88, M|141/274\n|turn|19\n|inactive|Time left: 300 sec this turn | 300 sec total\n|\n|t:|1783540722\n|switch|p2a: Ditto|Ditto, L87|225/225\n|-transform|p2a: Ditto|p1a: Conkeldurr|[from] ability: Imposter\n|-terastallize|p1a: Conkeldurr|Normal\n|move|p1a: Conkeldurr|Mach Punch|p2a: Ditto\n|-damage|p2a: Ditto|146/225\n|\n|-damage|p1a: Conkeldurr|2/100 brn|[from] brn\n|upkeep\n|turn|20\n|inactive|Time left: 300 sec this turn | 300 sec total\n|\n|t:|1783540723\n|move|p2a: Ditto|Knock Off|p1a: Conkeldurr\n|-damage|p1a: Conkeldurr|0 fnt\n|-enditem|p1a: Conkeldurr|Flame Orb|[from] move: Knock Off|[of] p2a: Ditto\n|faint|p1a: Conkeldurr\n|\n|upkeep\n|\n|t:|1783540724\n|switch|p1a: Enamorus|Enamorus, L79, F|39/100\n|turn|21\n|inactive|Time left: 300 sec this turn | 300 sec total\n|\n|t:|1783540725\n|switch|p2a: Eiscue|Eiscue-Noice, L88, M|141/274\n|move|p1a: Enamorus|Substitute|p1a: Enamorus\n|-start|p1a: Enamorus|Substitute\n|-damage|p1a: Enamorus|15/100\n|\n|-heal|p1a: Enamorus|21/100|[from] item: Leftovers\n|upkeep\n|turn|22\n|inactive|Time left: 300 sec this turn | 300 sec total\n|\n|t:|1783540726\n|switch|p2a: Ditto|Ditto, L87|146/225\n|move|p1a: Enamorus|Moonblast|p2a: Ditto\n|-damage|p2a: Ditto|0 fnt\n|faint|p2a: Ditto\n|\n|-heal|p1a: Enamorus|27/100|[from] item: Leftovers\n|upkeep\n|inactive|Time left: 300 sec this turn | 300 sec total | 5 sec grace\n|\n|t:|1783540726\n|switch|p2a: Eiscue|Eiscue-Noice, L88, M|141/274\n|turn|23\n|inactive|Time left: 300 sec this turn | 300 sec total\n|\n|t:|1783540727\n|move|p2a: Eiscue|Ice Spinner|p1a: Enamorus\n|-supereffective|p1a: Enamorus\n|-end|p1a: Enamorus|Substitute\n|move|p1a: Enamorus|Moonblast|p2a: Eiscue\n|-damage|p2a: Eiscue|0 fnt\n|faint|p2a: Eiscue\n|\n|win|p0x132d6df", "uploadtime": 1783540727, "views": 0, "rating": 0, "private": 0, "password": null, "_winner": "p0x132d6df", "_our_name": "p0y13277df"}