{"id": "battle-gen9randombattle-2427", "formatid": "gen9randombattle", "format": "[Gen 9] Random Battle", "players": ["p0x2427ea28", "p0y24277cb5"], "log": "|init|battle\n|title|p0x2427ea28 vs. p0y24277cb5\n|j|\u2606p0x2427ea28\n|j|\u2606p0y24277cb5\n|t:|1783567152\n|gametype|singles\n|player|p1|p0x2427ea28|102|\n|player|p2|p0y24277cb5|1|\n|gen|9\n|tier|[Gen 9] Random Battle\n|rule|Species Clause: Limit one of each Pok\u00e9mon\n|rule|HP Percentage Mod: HP is shown in percentages\n|rule|Sleep Clause Mod: Limit one foe put to sleep\n|rule|Illusion Level Mod: Illusion disguises the Pok\u00e9mon's true level\n|\n|t:|1783567152\n|teamsize|p1|6\n|teamsize|p2|6\n|start\n|switch|p1a: Gallade|Gallade, L80, M|240/240\n|switch|p2a: Cramorant|Cramorant, L86, F|100/100\n|turn|1\n|inactive|Battle timer is ON: inactive players will automatically lose when time's up. (requested by p0x2427ea28)\n|inactive|p0y24277cb5 also wants the timer to be on.\n|\n|t:|1783567154\n|-terastallize|p1a: Gallade|Dark\n|move|p2a: Cramorant|Brave Bird|p1a: Gallade\n|-damage|p1a: Gallade|69/240\n|-damage|p2a: Cramorant|79/100|[from] Recoil\n|move|p1a: Gallade|Psycho Cut|p2a: Cramorant\n|-damage|p2a: Cramorant|0 fnt\n|faint|p2a: Cramorant\n|\n|upkeep\n|\n|t:|1783567155\n|switch|p2a: Rotom|Rotom-Frost, L87|100/100\n|turn|2\n|inactive|Time left: 300 sec this turn | 300 sec total\n|\n|t:|1783567156\n|move|p2a: Rotom|Thunderbolt|p1a: Gallade\n|-damage|p1a: Gallade|0 fnt\n|faint|p1a: Gallade\n|\n|upkeep\n|inactive|Time left: 300 sec this turn | 300 sec total | 5 sec grace\n|\n|t:|1783567157\n|switch|p1a: Clawitzer|Clawitzer, L87, F|265/265\n|turn|3\n|inactive|Time left: 300 sec this turn | 300 sec total\n|\n|t:|1783567158\n|-terastallize|p2a: Rotom|Electric\n|move|p2a: Rotom|Thunderbolt|p1a: Clawitzer\n|-supereffective|p1a: Clawitzer\n|-damage|p1a: Clawitzer|97/265\n|move|p1a: Clawitzer|Aura Sphere|p2a: Rotom\n|-damage|p2a: Rotom|64/100\n|\n|upkeep\n|turn|4\n|inactive|Time left: 300 sec this turn | 300 sec total\n|\n|t:|1783567159\n|switch|p1a: Grafaiai|Grafaiai, L86, F|249/249\n|move|p2a: Rotom|Thunderbolt|p1a: Grafaiai\n|-damage|p1a: Grafaiai|141/249\n|\n|upkeep\n|turn|5\n|inactive|Time left: 300 sec this turn | 300 sec total\n|\n|t:|1783567160\n|move|p1a: Grafaiai|Gunk Shot|p2a: Rotom|[miss]\n|-miss|p1a: Grafaiai|p2a: Rotom\n|move|p2a: Rotom|Thunderbolt|p1a: Grafaiai\n|-damage|p1a: Grafaiai|37/249\n|\n|upkeep\n|turn|6\n|inactive|Time left: 300 sec this turn | 300 sec total\n|\n|t:|1783567161\n|move|p1a: Grafaiai|Gunk Shot|p2a: Rotom|[miss]\n|-miss|p1a: Grafaiai|p2a: Rotom\n|move|p2a: Rotom|Thunderbolt|p1a: Grafaiai\n|-damage|p1a: Grafaiai|0 fnt\n|faint|p1a: Grafaiai\n|\n|upkeep\n|inactive|Time left: 300 sec this turn | 300 sec total | 5 sec grace\n|\n|t:|1783567162\n|switch|p1a: Greedent|Greedent, L86, M|347/347\n|turn|7\n|inactive|Time left: 300 sec this turn | 300 sec total\n|\n|t:|1783567163\n|move|p2a: Rotom|Will-O-Wisp|p1a: Greedent\n|-status|p1a: Greedent|brn\n|move|p1a: Greedent|Swords Dance|p1a: Greedent\n|-boost|p1a: Greedent|atk|2\n|\n|-damage|p1a: Greedent|326/347 brn|[from] brn\n|upkeep\n|turn|8\n|inactive|Time left: 300 sec this turn | 300 sec total\n|\n|t:|1783567164\n|move|p2a: Rotom|Thunderbolt|p1a: Greedent\n|-damage|p1a: Greedent|170/347 brn\n|-enditem|p1a: Greedent|Sitrus Berry|[eat]\n|-heal|p1a: Greedent|256/347 brn|[from] item: Sitrus Berry\n|-heal|p1a: Greedent|347/347 brn|[from] ability: Cheek Pouch\n|move|p1a: Greedent|Double-Edge|p2a: Rotom\n|-damage|p2a: Rotom|18/100\n|-damage|p1a: Greedent|312/347 brn|[from] Recoil\n|\n|-damage|p1a: Greedent|291/347 brn|[from] brn\n|upkeep\n|turn|9\n|inactive|Time left: 300 sec this turn | 300 sec total\n|\n|t:|1783567165\n|move|p2a: Rotom|Thunderbolt|p1a: Greedent\n|-damage|p1a: Greedent|141/347 brn\n|move|p1a: Greedent|Double-Edge|p2a: Rotom\n|-damage|p2a: Rotom|0 fnt\n|faint|p2a: Rotom\n|-damage|p1a: Greedent|127/347 brn|[from] Recoil\n|\n|-damage|p1a: Greedent|106/347 brn|[from] brn\n|upkeep\n|\n|t:|1783567166\n|switch|p2a: Flapple|Flapple, L88, M|100/100\n|turn|10\n|inactive|Time left: 300 sec this turn | 300 sec total\n|\n|t:|1783567167\n|move|p2a: Flapple|Outrage|p1a: Greedent\n|-damage|p1a: Greedent|0 fnt\n|faint|p1a: Greedent\n|\n|upkeep\n|inactive|Time left: 300 sec this turn | 300 sec total | 5 sec grace\n|\n|t:|1783567168\n|switch|p1a: Flamigo|Flamigo, L82, F|269/269\n|turn|11\n|inactive|Time left: 300 sec this turn | 300 sec total\n|\n|t:|1783567168\n|move|p1a: Flamigo|Brave Bird|p2a: Flapple\n|-supereffective|p2a: Flapple\n|-damage|p2a: Flapple|0 fnt\n|faint|p2a: Flapple\n|-damage|p1a: Flamigo|181/269|[from] Recoil\n|\n|upkeep\n|\n|t:|1783567169\n|switch|p2a: Oinkologne|Oinkologne-F, L92, F|100/100\n|turn|12\n|inactive|Time left: 300 sec this turn | 300 sec total\n|\n|t:|1783567170\n|move|p1a: Flamigo|Brave Bird|p2a: Oinkologne\n|-damage|p2a: Oinkologne|37/100\n|-damage|p1a: Flamigo|106/269|[from] Recoil\n|move|p2a: Oinkologne|Double-Edge|p1a: Flamigo\n|-damage|p1a: Flamigo|0 fnt\n|faint|p1a: Flamigo\n|-damage|p2a: Oinkologne|28/100|[from] Recoil\n|\n|-heal|p2a: Oinkologne|34/100|[from] item: Leftovers\n|upkeep\n|inactive|Time left: 300 sec this turn | 300 sec total | 5 sec grace\n|\n|t:|1783567171\n|switch|p1a: Gothitelle|Gothitelle, L90, M|272/272\n|turn|13\n|inactive|Time left: 300 sec this turn | 300 sec total\n|\n|t:|1783567172\n|move|p2a: Oinkologne|Lash Out|p1a: Gothitelle\n|-supereffective|p1a: Gothitelle\n|-damage|p1a: Gothitelle|164/272\n|move|p1a: Gothitelle|Psychic Noise|p2a: Oinkologne\n|-damage|p2a: Oinkologne|10/100\n|-start|p2a: Oinkologne|move: Heal Block\n|\n|-heal|p1a: Gothitelle|181/272|[from] item: Leftovers\n|upkeep\n|turn|14\n|inactive|Time left: 300 sec this turn | 300 sec total\n|\n|t:|1783567173\n|move|p2a: Oinkologne|Double-Edge|p1a: Gothitelle\n|-damage|p1a: Gothitelle|66/272\n|-damage|p2a: Oinkologne|0 fnt|[from] Recoil\n|faint|p2a: Oinkologne\n|move|p1a: Gothitelle|Psychic Noise|p2: Oinkologne|[notarget]\n|-fail|p1a: Gothitelle\n|\n|-heal|p1a: Gothitelle|83/272|[from] item: Leftovers\n|upkeep\n|\n|t:|1783567174\n|switch|p2a: Excadrill|Excadrill, L79, F|100/100\n|-ability|p2a: Excadrill|Mold Breaker\n|turn|15\n|inactive|Time left: 300 sec this turn | 300 sec total\n|\n|t:|1783567175\n|move|p2a: Excadrill|Earthquake|p1a: Gothitelle\n|-damage|p1a: Gothitelle|0 fnt\n|faint|p1a: Gothitelle\n|\n|upkeep\n|inactive|Time left: 300 sec this turn | 300 sec total | 5 sec grace\n|\n|t:|1783567176\n|switch|p1a: Clawitzer|Clawitzer, L87, F|97/265\n|turn|16\n|inactive|Time left: 300 sec this turn | 300 sec total\n|\n|t:|1783567177\n|move|p2a: Excadrill|Earthquake|p1a: Clawitzer\n|-damage|p1a: Clawitzer|0 fnt\n|faint|p1a: Clawitzer\n|\n|win|p0y24277cb5", "uploadtime": 1783567177, "views": 0, "rating": 0, "private": 0, "password": null, "_winner": "p0y24277cb5", "_our_name": "p0x2427ea28"}