{"id": "battle-gen9randombattle-1450", "formatid": "gen9randombattle", "format": "[Gen 9] Random Battle", "players": ["p0x1450e0bf", "p0y145045fb"], "log": "|init|battle\n|title|p0x1450e0bf vs. p0y145045fb\n|j|\u2606p0x1450e0bf\n|j|\u2606p0y145045fb\n|t:|1783555965\n|gametype|singles\n|player|p1|p0x1450e0bf|101|\n|player|p2|p0y145045fb|265|\n|gen|9\n|tier|[Gen 9] Random Battle\n|rule|Species Clause: Limit one of each Pok\u00e9mon\n|rule|HP Percentage Mod: HP is shown in percentages\n|rule|Sleep Clause Mod: Limit one foe put to sleep\n|rule|Illusion Level Mod: Illusion disguises the Pok\u00e9mon's true level\n|\n|t:|1783555965\n|teamsize|p1|6\n|teamsize|p2|6\n|start\n|switch|p1a: Magearna|Magearna, L77|100/100\n|switch|p2a: Rhydon|Rhydon, L85, F|317/317\n|turn|1\n|inactive|Battle timer is ON: inactive players will automatically lose when time's up. (requested by p0y145045fb)\n|\n|t:|1783555966\n|move|p1a: Magearna|Shift Gear|p1a: Magearna\n|-boost|p1a: Magearna|spe|2\n|-boost|p1a: Magearna|atk|1\n|move|p2a: Rhydon|Earthquake|p1a: Magearna\n|-supereffective|p1a: Magearna\n|-damage|p1a: Magearna|7/100\n|-enditem|p1a: Magearna|Weakness Policy\n|-boost|p1a: Magearna|atk|2|[from] item: Weakness Policy\n|-boost|p1a: Magearna|spa|2|[from] item: Weakness Policy\n|\n|upkeep\n|turn|2\n|inactive|Time left: 300 sec this turn | 300 sec total\n|inactive|p0x1450e0bf also wants the timer to be on.\n|\n|t:|1783555967\n|switch|p2a: Bronzong|Bronzong, L88|261/261\n|move|p1a: Magearna|Fleur Cannon|p2a: Bronzong\n|-resisted|p2a: Bronzong\n|-damage|p2a: Bronzong|143/261\n|-unboost|p1a: Magearna|spa|2\n|\n|-heal|p2a: Bronzong|159/261|[from] item: Leftovers\n|upkeep\n|turn|3\n|inactive|Time left: 300 sec this turn | 300 sec total\n|\n|t:|1783555969\n|move|p1a: Magearna|Iron Head|p2a: Bronzong\n|-resisted|p2a: Bronzong\n|-damage|p2a: Bronzong|90/261\n|cant|p2a: Bronzong|flinch\n|\n|-heal|p2a: Bronzong|106/261|[from] item: Leftovers\n|upkeep\n|turn|4\n|inactive|Time left: 300 sec this turn | 300 sec total\n|\n|t:|1783555969\n|move|p1a: Magearna|Iron Head|p2a: Bronzong\n|-resisted|p2a: Bronzong\n|-damage|p2a: Bronzong|42/261\n|move|p2a: Bronzong|Iron Head|p1a: Magearna\n|-damage|p1a: Magearna|0 fnt\n|faint|p1a: Magearna\n|\n|-heal|p2a: Bronzong|58/261|[from] item: Leftovers\n|upkeep\n|\n|t:|1783555970\n|switch|p1a: Leafeon|Leafeon, L88, M|100/100\n|turn|5\n|inactive|Time left: 300 sec this turn | 300 sec total\n|\n|t:|1783555971\n|switch|p2a: Masquerain|Masquerain, L87, M|264/264\n|-ability|p2a: Masquerain|Intimidate|boost\n|-unboost|p1a: Leafeon|atk|1\n|move|p1a: Leafeon|Swords Dance|p1a: Leafeon\n|-boost|p1a: Leafeon|atk|2\n|\n|upkeep\n|turn|6\n|inactive|Time left: 300 sec this turn | 300 sec total\n|\n|t:|1783555973\n|move|p1a: Leafeon|Knock Off|p2a: Masquerain\n|-damage|p2a: Masquerain|118/264\n|-enditem|p2a: Masquerain|Heavy-Duty Boots|[from] move: Knock Off|[of] p1a: Leafeon\n|move|p2a: Masquerain|Bug Buzz|p1a: Leafeon\n|-supereffective|p1a: Leafeon\n|-damage|p1a: Leafeon|12/100\n|\n|-heal|p1a: Leafeon|18/100|[from] item: Leftovers\n|upkeep\n|turn|7\n|inactive|Time left: 300 sec this turn | 300 sec total\n|\n|t:|1783555974\n|-terastallize|p1a: Leafeon|Dark\n|move|p1a: Leafeon|Knock Off|p2a: Masquerain\n|-damage|p2a: Masquerain|0 fnt\n|faint|p2a: Masquerain\n|\n|-heal|p1a: Leafeon|25/100|[from] item: Leftovers\n|upkeep\n|inactive|Time left: 300 sec this turn | 300 sec total | 5 sec grace\n|\n|t:|1783555975\n|switch|p2a: Gogoat|Gogoat, L88, F|360/360\n|turn|8\n|inactive|Time left: 300 sec this turn | 300 sec total\n|\n|t:|1783555976\n|move|p1a: Leafeon|Knock Off|p2a: Gogoat\n|-damage|p2a: Gogoat|149/360\n|-enditem|p2a: Gogoat|Leftovers|[from] move: Knock Off|[of] p1a: Leafeon\n|move|p2a: Gogoat|Horn Leech|p1a: Leafeon\n|-damage|p1a: Leafeon|0 fnt\n|-heal|p2a: Gogoat|180/360|[from] drain|[of] p1a: Leafeon\n|faint|p1a: Leafeon\n|\n|upkeep\n|\n|t:|1783555977\n|switch|p1a: Venomoth|Venomoth, L84, M|100/100\n|turn|9\n|inactive|Time left: 300 sec this turn | 300 sec total\n|\n|t:|1783555978\n|switch|p2a: Rhydon|Rhydon, L85, F|317/317\n|move|p1a: Venomoth|Quiver Dance|p1a: Venomoth\n|-boost|p1a: Venomoth|spa|1\n|-boost|p1a: Venomoth|spd|1\n|-boost|p1a: Venomoth|spe|1\n|\n|upkeep\n|turn|10\n|inactive|Time left: 300 sec this turn | 300 sec total\n|\n|t:|1783555979\n|move|p1a: Venomoth|Sleep Powder|p2a: Rhydon\n|-status|p2a: Rhydon|slp|[from] move: Sleep Powder\n|cant|p2a: Rhydon|slp\n|\n|upkeep\n|turn|11\n|inactive|Time left: 300 sec this turn | 300 sec total\n|\n|t:|1783555980\n|move|p1a: Venomoth|Bug Buzz|p2a: Rhydon\n|-crit|p2a: Rhydon\n|-damage|p2a: Rhydon|116/317 slp\n|-curestatus|p2a: Rhydon|slp|[msg]\n|move|p2a: Rhydon|Stone Edge|p1a: Venomoth|[miss]\n|-miss|p2a: Rhydon|p1a: Venomoth\n|\n|upkeep\n|turn|12\n|inactive|Time left: 300 sec this turn | 300 sec total\n|\n|t:|1783555981\n|switch|p2a: Sylveon|Sylveon, L85, M|300/300\n|move|p1a: Venomoth|Bug Buzz|p2a: Sylveon\n|-resisted|p2a: Sylveon\n|-damage|p2a: Sylveon|198/300\n|\n|-heal|p2a: Sylveon|216/300|[from] item: Leftovers\n|upkeep\n|turn|13\n|inactive|Time left: 300 sec this turn | 300 sec total\n|\n|t:|1783555982\n|move|p1a: Venomoth|Quiver Dance|p1a: Venomoth\n|-boost|p1a: Venomoth|spa|1\n|-boost|p1a: Venomoth|spd|1\n|-boost|p1a: Venomoth|spe|1\n|move|p2a: Sylveon|Calm Mind|p2a: Sylveon\n|-boost|p2a: Sylveon|spa|1\n|-boost|p2a: Sylveon|spd|1\n|\n|-heal|p2a: Sylveon|234/300|[from] item: Leftovers\n|upkeep\n|turn|14\n|inactive|Time left: 300 sec this turn | 300 sec total\n|\n|t:|1783555983\n|move|p1a: Venomoth|Quiver Dance|p1a: Venomoth\n|-boost|p1a: Venomoth|spa|1\n|-boost|p1a: Venomoth|spd|1\n|-boost|p1a: Venomoth|spe|1\n|move|p2a: Sylveon|Calm Mind|p2a: Sylveon\n|-boost|p2a: Sylveon|spa|1\n|-boost|p2a: Sylveon|spd|1\n|\n|-heal|p2a: Sylveon|252/300|[from] item: Leftovers\n|upkeep\n|turn|15\n|inactive|Time left: 300 sec this turn | 300 sec total\n|\n|t:|1783555984\n|move|p2a: Sylveon|Protect|p2a: Sylveon\n|-singleturn|p2a: Sylveon|Protect\n|move|p1a: Venomoth|Quiver Dance|p1a: Venomoth\n|-boost|p1a: Venomoth|spa|1\n|-boost|p1a: Venomoth|spd|1\n|-boost|p1a: Venomoth|spe|1\n|\n|-heal|p2a: Sylveon|270/300|[from] item: Leftovers\n|upkeep\n|turn|16\n|inactive|Time left: 300 sec this turn | 300 sec total\n|\n|t:|1783555985\n|move|p1a: Venomoth|Sludge Wave|p2a: Sylveon\n|-supereffective|p2a: Sylveon\n|-damage|p2a: Sylveon|64/300\n|move|p2a: Sylveon|Calm Mind|p2a: Sylveon\n|-boost|p2a: Sylveon|spa|1\n|-boost|p2a: Sylveon|spd|1\n|\n|-heal|p2a: Sylveon|82/300|[from] item: Leftovers\n|upkeep\n|turn|17\n|inactive|Time left: 300 sec this turn | 300 sec total\n|\n|t:|1783555986\n|move|p2a: Sylveon|Protect|p2a: Sylveon\n|-singleturn|p2a: Sylveon|Protect\n|move|p1a: Venomoth|Bug Buzz|p2a: Sylveon\n|-activate|p2a: Sylveon|move: Protect\n|\n|-heal|p2a: Sylveon|100/300|[from] item: Leftovers\n|upkeep\n|turn|18\n|inactive|Time left: 300 sec this turn | 300 sec total\n|\n|t:|1783555987\n|-terastallize|p2a: Sylveon|Steel\n|move|p1a: Venomoth|Bug Buzz|p2a: Sylveon\n|-resisted|p2a: Sylveon\n|-damage|p2a: Sylveon|20/300\n|move|p2a: Sylveon|Hyper Voice|p1a: Venomoth\n|-resisted|p1a: Venomoth\n|-damage|p1a: Venomoth|78/100\n|\n|-heal|p2a: Sylveon|38/300|[from] item: Leftovers\n|upkeep\n|turn|19\n|inactive|Time left: 300 sec this turn | 300 sec total\n|\n|t:|1783555989\n|move|p2a: Sylveon|Protect|p2a: Sylveon\n|-singleturn|p2a: Sylveon|Protect\n|move|p1a: Venomoth|Bug Buzz|p2a: Sylveon\n|-activate|p2a: Sylveon|move: Protect\n|\n|-heal|p2a: Sylveon|56/300|[from] item: Leftovers\n|upkeep\n|turn|20\n|inactive|Time left: 300 sec this turn | 300 sec total\n|\n|t:|1783555990\n|move|p2a: Sylveon|Protect|p2a: Sylveon\n|-singleturn|p2a: Sylveon|Protect\n|move|p1a: Venomoth|Bug Buzz|p2a: Sylveon\n|-activate|p2a: Sylveon|move: Protect\n|\n|-heal|p2a: Sylveon|74/300|[from] item: Leftovers\n|upkeep\n|turn|21\n|inactive|Time left: 300 sec this turn | 300 sec total\n|\n|t:|1783555991\n|move|p1a: Venomoth|Bug Buzz|p2a: Sylveon\n|-resisted|p2a: Sylveon\n|-damage|p2a: Sylveon|0 fnt\n|faint|p2a: Sylveon\n|\n|upkeep\n|inactive|Time left: 300 sec this turn | 300 sec total | 5 sec grace\n|\n|t:|1783555992\n|switch|p2a: Swalot|Swalot, L90, M|326/326\n|turn|22\n|inactive|Time left: 300 sec this turn | 300 sec total\n|\n|t:|1783555993\n|switch|p2a: Bronzong|Bronzong, L88|58/261\n|move|p1a: Venomoth|Bug Buzz|p2a: Bronzong\n|-damage|p2a: Bronzong|0 fnt\n|faint|p2a: Bronzong\n|\n|upkeep\n|inactive|Time left: 300 sec this turn | 300 sec total | 5 sec grace\n|\n|t:|1783555994\n|switch|p2a: Swalot|Swalot, L90, M|326/326\n|turn|23\n|inactive|Time left: 300 sec this turn | 300 sec total\n|\n|t:|1783555995\n|move|p1a: Venomoth|Bug Buzz|p2a: Swalot\n|-resisted|p2a: Swalot\n|-damage|p2a: Swalot|86/326\n|move|p2a: Swalot|Earthquake|p1a: Venomoth\n|-crit|p1a: Venomoth\n|-damage|p1a: Venomoth|26/100\n|\n|-heal|p2a: Swalot|106/326|[from] item: Leftovers\n|upkeep\n|turn|24\n|inactive|Time left: 300 sec this turn | 300 sec total\n|\n|t:|1783555995\n|move|p2a: Swalot|Protect|p2a: Swalot\n|-singleturn|p2a: Swalot|Protect\n|move|p1a: Venomoth|Sludge Wave|p2a: Swalot\n|-activate|p2a: Swalot|move: Protect\n|\n|-heal|p2a: Swalot|126/326|[from] item: Leftovers\n|upkeep\n|turn|25\n|inactive|Time left: 300 sec this turn | 300 sec total\n|\n|t:|1783555996\n|move|p2a: Swalot|Protect|p2a: Swalot\n|-singleturn|p2a: Swalot|Protect\n|move|p1a: Venomoth|Sludge Wave|p2a: Swalot\n|-activate|p2a: Swalot|move: Protect\n|\n|-heal|p2a: Swalot|146/326|[from] item: Leftovers\n|upkeep\n|turn|26\n|inactive|Time left: 300 sec this turn | 300 sec total\n|\n|t:|1783555997\n|move|p1a: Venomoth|Bug Buzz|p2a: Swalot\n|-resisted|p2a: Swalot\n|-crit|p2a: Swalot\n|-damage|p2a: Swalot|0 fnt\n|faint|p2a: Swalot\n|\n|upkeep\n|inactive|Time left: 300 sec this turn | 300 sec total | 5 sec grace\n|\n|t:|1783555998\n|switch|p2a: Rhydon|Rhydon, L85, F|116/317\n|turn|27\n|inactive|Time left: 300 sec this turn | 300 sec total\n|\n|t:|1783555999\n|move|p1a: Venomoth|Sludge Wave|p2a: Rhydon\n|-resisted|p2a: Rhydon\n|-damage|p2a: Rhydon|0 fnt\n|faint|p2a: Rhydon\n|\n|upkeep\n|inactive|Time left: 300 sec this turn | 300 sec total | 5 sec grace\n|\n|t:|1783556000\n|switch|p2a: Gogoat|Gogoat, L88, F|180/360\n|turn|28\n|inactive|Time left: 300 sec this turn | 300 sec total\n|\n|t:|1783556001\n|move|p1a: Venomoth|Sludge Wave|p2a: Gogoat\n|-supereffective|p2a: Gogoat\n|-damage|p2a: Gogoat|0 fnt\n|faint|p2a: Gogoat\n|\n|win|p0x1450e0bf", "uploadtime": 1783556001, "views": 0, "rating": 0, "private": 0, "password": null, "_winner": "p0x1450e0bf", "_our_name": "p0y145045fb"}