{"id": "battle-gen9randombattle-1433", "formatid": "gen9randombattle", "format": "[Gen 9] Random Battle", "players": ["p0x14333a2f", "p0y14334e0b"], "log": "|init|battle\n|title|p0x14333a2f vs. p0y14334e0b\n|j|\u2606p0x14333a2f\n|j|\u2606p0y14334e0b\n|t:|1783555751\n|gametype|singles\n|player|p1|p0x14333a2f|102|\n|player|p2|p0y14334e0b|170|\n|gen|9\n|tier|[Gen 9] Random Battle\n|rule|Species Clause: Limit one of each Pok\u00e9mon\n|rule|HP Percentage Mod: HP is shown in percentages\n|rule|Sleep Clause Mod: Limit one foe put to sleep\n|rule|Illusion Level Mod: Illusion disguises the Pok\u00e9mon's true level\n|\n|t:|1783555751\n|teamsize|p1|6\n|teamsize|p2|6\n|start\n|switch|p1a: Mesprit|Mesprit, L85|275/275\n|switch|p2a: Ribombee|Ribombee, L83, M|100/100\n|turn|1\n|inactive|Battle timer is ON: inactive players will automatically lose when time's up. (requested by p0y14334e0b)\n|inactive|Time left: 300 sec this turn | 300 sec total | 60 sec grace\n|\n|t:|1783555752\n|move|p2a: Ribombee|Quiver Dance|p2a: Ribombee\n|-boost|p2a: Ribombee|spa|1\n|-boost|p2a: Ribombee|spd|1\n|-boost|p2a: Ribombee|spe|1\n|move|p1a: Mesprit|U-turn|p2a: Ribombee\n|-resisted|p2a: Ribombee\n|-damage|p2a: Ribombee|85/100\n|inactive|Time left: 300 sec this turn | 300 sec total | 65 sec grace\n|inactive|p0x14333a2f also wants the timer to be on.\n|\n|t:|1783555753\n|switch|p1a: Muk|Muk, L86, M|321/321|[from] U-turn\n|\n|upkeep\n|turn|2\n|inactive|Time left: 300 sec this turn | 300 sec total\n|\n|t:|1783555754\n|move|p2a: Ribombee|Moonblast|p1a: Muk\n|-resisted|p1a: Muk\n|-damage|p1a: Muk|277/321\n|move|p1a: Muk|Poison Jab|p2a: Ribombee\n|-supereffective|p2a: Ribombee\n|-damage|p2a: Ribombee|0 fnt\n|faint|p2a: Ribombee\n|\n|upkeep\n|\n|t:|1783555755\n|switch|p2a: Entei|Entei, L78|100/100\n|turn|3\n|inactive|Time left: 300 sec this turn | 300 sec total\n|\n|t:|1783555756\n|switch|p1a: Pecharunt|Pecharunt, L77|262/262\n|move|p2a: Entei|Sacred Fire|p1a: Pecharunt\n|-damage|p1a: Pecharunt|157/262\n|\n|-heal|p1a: Pecharunt|173/262|[from] item: Leftovers\n|upkeep\n|turn|4\n|inactive|Time left: 300 sec this turn | 300 sec total\n|\n|t:|1783555757\n|move|p2a: Entei|Sacred Fire|p1a: Pecharunt|[miss]\n|-miss|p2a: Entei|p1a: Pecharunt\n|move|p1a: Pecharunt|Recover|p1a: Pecharunt\n|-heal|p1a: Pecharunt|262/262\n|\n|upkeep\n|turn|5\n|inactive|Time left: 300 sec this turn | 300 sec total\n|\n|t:|1783555758\n|move|p2a: Entei|Sacred Fire|p1a: Pecharunt\n|-damage|p1a: Pecharunt|151/262\n|move|p1a: Pecharunt|Malignant Chain|p2a: Entei\n|-damage|p2a: Entei|68/100\n|-status|p2a: Entei|tox\n|-start|p2a: Entei|confusion|[from] ability: Poison Puppeteer|[of] p1a: Pecharunt\n|\n|-heal|p1a: Pecharunt|167/262|[from] item: Leftovers\n|-damage|p2a: Entei|62/100 tox|[from] psn\n|upkeep\n|turn|6\n|inactive|Time left: 300 sec this turn | 300 sec total\n|\n|t:|1783555759\n|switch|p2a: Milotic|Milotic, L83, F|100/100\n|move|p1a: Pecharunt|Recover|p1a: Pecharunt\n|-heal|p1a: Pecharunt|262/262\n|\n|upkeep\n|turn|7\n|inactive|Time left: 300 sec this turn | 300 sec total\n|\n|t:|1783555761\n|move|p2a: Milotic|Scald|p1a: Pecharunt\n|-damage|p1a: Pecharunt|168/262\n|move|p1a: Pecharunt|Malignant Chain|p2a: Milotic\n|-damage|p2a: Milotic|77/100\n|-status|p2a: Milotic|tox\n|-start|p2a: Milotic|confusion|[from] ability: Poison Puppeteer|[of] p1a: Pecharunt\n|\n|-heal|p2a: Milotic|83/100 tox|[from] item: Leftovers\n|-heal|p1a: Pecharunt|184/262|[from] item: Leftovers\n|-damage|p2a: Milotic|77/100 tox|[from] psn\n|upkeep\n|turn|8\n|inactive|Time left: 300 sec this turn | 300 sec total\n|\n|t:|1783555762\n|-activate|p2a: Milotic|confusion\n|move|p2a: Milotic|Recover|p2a: Milotic\n|-heal|p2a: Milotic|100/100 tox\n|move|p1a: Pecharunt|Nasty Plot|p1a: Pecharunt\n|-boost|p1a: Pecharunt|spa|2\n|\n|-heal|p1a: Pecharunt|200/262|[from] item: Leftovers\n|-damage|p2a: Milotic|88/100 tox|[from] psn\n|upkeep\n|turn|9\n|inactive|Time left: 300 sec this turn | 300 sec total\n|\n|t:|1783555762\n|switch|p2a: Spiritomb|Spiritomb, L89, F|100/100\n|move|p1a: Pecharunt|Malignant Chain|p2a: Spiritomb\n|-resisted|p2a: Spiritomb\n|-damage|p2a: Spiritomb|70/100\n|-status|p2a: Spiritomb|tox\n|-start|p2a: Spiritomb|confusion|[from] ability: Poison Puppeteer|[of] p1a: Pecharunt\n|\n|-heal|p1a: Pecharunt|216/262|[from] item: Leftovers\n|-heal|p2a: Spiritomb|76/100 tox|[from] item: Leftovers\n|-damage|p2a: Spiritomb|70/100 tox|[from] psn\n|upkeep\n|turn|10\n|inactive|Time left: 300 sec this turn | 300 sec total\n|\n|t:|1783555763\n|move|p1a: Pecharunt|Shadow Ball|p2a: Spiritomb\n|-damage|p2a: Spiritomb|25/100 tox\n|-activate|p2a: Spiritomb|confusion\n|-damage|p2a: Spiritomb|13/100 tox|[from] confusion\n|\n|-heal|p1a: Pecharunt|232/262|[from] item: Leftovers\n|-heal|p2a: Spiritomb|19/100 tox|[from] item: Leftovers\n|-damage|p2a: Spiritomb|7/100 tox|[from] psn\n|upkeep\n|turn|11\n|inactive|Time left: 300 sec this turn | 300 sec total\n|\n|t:|1783555764\n|switch|p2a: Milotic|Milotic, L83, F|88/100 tox\n|move|p1a: Pecharunt|Malignant Chain|p2a: Milotic\n|-damage|p2a: Milotic|42/100 tox\n|\n|-heal|p2a: Milotic|48/100 tox|[from] item: Leftovers\n|-heal|p1a: Pecharunt|248/262|[from] item: Leftovers\n|-damage|p2a: Milotic|42/100 tox|[from] psn\n|upkeep\n|turn|12\n|inactive|Time left: 300 sec this turn | 300 sec total\n|\n|t:|1783555765\n|move|p2a: Milotic|Recover|p2a: Milotic\n|-heal|p2a: Milotic|92/100 tox\n|move|p1a: Pecharunt|Malignant Chain|p2a: Milotic\n|-damage|p2a: Milotic|51/100 tox\n|\n|-heal|p2a: Milotic|57/100 tox|[from] item: Leftovers\n|-heal|p1a: Pecharunt|262/262|[from] item: Leftovers\n|-damage|p2a: Milotic|45/100 tox|[from] psn\n|upkeep\n|turn|13\n|inactive|Time left: 300 sec this turn | 300 sec total\n|\n|t:|1783555766\n|move|p2a: Milotic|Recover|p2a: Milotic\n|-heal|p2a: Milotic|95/100 tox\n|move|p1a: Pecharunt|Shadow Ball|p2a: Milotic\n|-damage|p2a: Milotic|59/100 tox\n|\n|-heal|p2a: Milotic|65/100 tox|[from] item: Leftovers\n|-damage|p2a: Milotic|47/100 tox|[from] psn\n|upkeep\n|turn|14\n|inactive|Time left: 300 sec this turn | 300 sec total\n|\n|t:|1783555767\n|move|p2a: Milotic|Recover|p2a: Milotic\n|-heal|p2a: Milotic|97/100 tox\n|move|p1a: Pecharunt|Malignant Chain|p2a: Milotic\n|-damage|p2a: Milotic|52/100 tox\n|\n|-heal|p2a: Milotic|59/100 tox|[from] item: Leftovers\n|-damage|p2a: Milotic|34/100 tox|[from] psn\n|upkeep\n|turn|15\n|inactive|Time left: 300 sec this turn | 300 sec total\n|\n|t:|1783555768\n|move|p2a: Milotic|Recover|p2a: Milotic\n|-heal|p2a: Milotic|84/100 tox\n|move|p1a: Pecharunt|Shadow Ball|p2a: Milotic\n|-damage|p2a: Milotic|47/100 tox\n|\n|-heal|p2a: Milotic|53/100 tox|[from] item: Leftovers\n|-damage|p2a: Milotic|22/100 tox|[from] psn\n|upkeep\n|turn|16\n|inactive|Time left: 300 sec this turn | 300 sec total\n|\n|t:|1783555769\n|move|p2a: Milotic|Recover|p2a: Milotic\n|-heal|p2a: Milotic|73/100 tox\n|move|p1a: Pecharunt|Nasty Plot|p1a: Pecharunt\n|-boost|p1a: Pecharunt|spa|2\n|\n|-heal|p2a: Milotic|79/100 tox|[from] item: Leftovers\n|-damage|p2a: Milotic|42/100 tox|[from] psn\n|upkeep\n|turn|17\n|inactive|Time left: 300 sec this turn | 300 sec total\n|\n|t:|1783555770\n|move|p2a: Milotic|Haze|p2a: Milotic\n|-clearallboost\n|move|p1a: Pecharunt|Shadow Ball|p2a: Milotic\n|-damage|p2a: Milotic|25/100 tox\n|-unboost|p2a: Milotic|spd|1\n|-ability|p2a: Milotic|Competitive|boost\n|-boost|p2a: Milotic|spa|2\n|\n|-heal|p2a: Milotic|32/100 tox|[from] item: Leftovers\n|-damage|p2a: Milotic|0 fnt|[from] psn\n|faint|p2a: Milotic\n|upkeep\n|\n|t:|1783555771\n|switch|p2a: Cacturne|Cacturne, L92, M|100/100\n|turn|18\n|inactive|Time left: 300 sec this turn | 300 sec total\n|\n|t:|1783555772\n|-terastallize|p2a: Cacturne|Dark\n|move|p1a: Pecharunt|Malignant Chain|p2a: Cacturne\n|-damage|p2a: Cacturne|66/100\n|move|p2a: Cacturne|Knock Off|p1a: Pecharunt\n|-supereffective|p1a: Pecharunt\n|-damage|p1a: Pecharunt|0 fnt\n|-enditem|p1a: Pecharunt|Leftovers|[from] move: Knock Off|[of] p2a: Cacturne\n|faint|p1a: Pecharunt\n|-damage|p2a: Cacturne|56/100|[from] item: Life Orb\n|\n|upkeep\n|inactive|Time left: 300 sec this turn | 300 sec total | 5 sec grace\n|\n|t:|1783555773\n|switch|p1a: Orthworm|Orthworm, L88, F|266/266\n|turn|19\n|inactive|Time left: 300 sec this turn | 300 sec total\n|\n|t:|1783555774\n|switch|p2a: Ho-Oh|Ho-Oh, L71|100/100\n|move|p1a: Orthworm|Coil|p1a: Orthworm\n|-boost|p1a: Orthworm|atk|1\n|-boost|p1a: Orthworm|def|1\n|-boost|p1a: Orthworm|accuracy|1\n|\n|upkeep\n|turn|20\n|inactive|Time left: 300 sec this turn | 300 sec total\n|\n|t:|1783555774\n|move|p2a: Ho-Oh|Sacred Fire|p1a: Orthworm\n|-supereffective|p1a: Orthworm\n|-damage|p1a: Orthworm|188/266\n|move|p1a: Orthworm|Coil|p1a: Orthworm\n|-boost|p1a: Orthworm|atk|1\n|-boost|p1a: Orthworm|def|1\n|-boost|p1a: Orthworm|accuracy|1\n|\n|upkeep\n|turn|21\n|inactive|Time left: 300 sec this turn | 300 sec total\n|\n|t:|1783555775\n|move|p2a: Ho-Oh|Sacred Fire|p1a: Orthworm\n|-supereffective|p1a: Orthworm\n|-damage|p1a: Orthworm|116/266\n|-status|p1a: Orthworm|brn\n|move|p1a: Orthworm|Coil|p1a: Orthworm\n|-boost|p1a: Orthworm|atk|1\n|-boost|p1a: Orthworm|def|1\n|-boost|p1a: Orthworm|accuracy|1\n|\n|-damage|p1a: Orthworm|100/266 brn|[from] brn\n|upkeep\n|turn|22\n|inactive|Time left: 300 sec this turn | 300 sec total\n|\n|t:|1783555776\n|move|p2a: Ho-Oh|Sacred Fire|p1a: Orthworm\n|-supereffective|p1a: Orthworm\n|-damage|p1a: Orthworm|46/266 brn\n|move|p1a: Orthworm|Rest|p1a: Orthworm\n|-status|p1a: Orthworm|slp|[from] move: Rest\n|-heal|p1a: Orthworm|266/266 slp|[silent]\n|-enditem|p1a: Orthworm|Chesto Berry|[eat]\n|-curestatus|p1a: Orthworm|slp|[msg]\n|\n|upkeep\n|turn|23\n|inactive|Time left: 300 sec this turn | 300 sec total\n|\n|t:|1783555777\n|move|p2a: Ho-Oh|Sacred Fire|p1a: Orthworm\n|-supereffective|p1a: Orthworm\n|-damage|p1a: Orthworm|216/266\n|move|p1a: Orthworm|Coil|p1a: Orthworm\n|-boost|p1a: Orthworm|atk|1\n|-boost|p1a: Orthworm|def|1\n|-boost|p1a: Orthworm|accuracy|1\n|\n|upkeep\n|turn|24\n|inactive|Time left: 300 sec this turn | 300 sec total\n|\n|t:|1783555778\n|move|p2a: Ho-Oh|Sacred Fire|p1a: Orthworm\n|-supereffective|p1a: Orthworm\n|-damage|p1a: Orthworm|172/266\n|-status|p1a: Orthworm|brn\n|move|p1a: Orthworm|Iron Tail|p2a: Ho-Oh\n|-resisted|p2a: Ho-Oh\n|-damage|p2a: Ho-Oh|67/100\n|\n|-damage|p1a: Orthworm|156/266 brn|[from] brn\n|upkeep\n|turn|25\n|inactive|Time left: 300 sec this turn | 300 sec total\n|\n|t:|1783555780\n|move|p2a: Ho-Oh|Recover|p2a: Ho-Oh\n|-heal|p2a: Ho-Oh|100/100\n|move|p1a: Orthworm|Body Press|p2a: Ho-Oh\n|-resisted|p2a: Ho-Oh\n|-damage|p2a: Ho-Oh|73/100\n|\n|-damage|p1a: Orthworm|140/266 brn|[from] brn\n|upkeep\n|turn|26\n|inactive|Time left: 300 sec this turn | 300 sec total\n|\n|t:|1783555781\n|move|p2a: Ho-Oh|Recover|p2a: Ho-Oh\n|-heal|p2a: Ho-Oh|100/100\n|move|p1a: Orthworm|Body Press|p2a: Ho-Oh\n|-resisted|p2a: Ho-Oh\n|-damage|p2a: Ho-Oh|73/100\n|\n|-damage|p1a: Orthworm|124/266 brn|[from] brn\n|upkeep\n|turn|27\n|inactive|Time left: 300 sec this turn | 300 sec total\n|\n|t:|1783555782\n|move|p2a: Ho-Oh|Sacred Fire|p1a: Orthworm\n|-supereffective|p1a: Orthworm\n|-damage|p1a: Orthworm|82/266 brn\n|move|p1a: Orthworm|Iron Tail|p2a: Ho-Oh\n|-resisted|p2a: Ho-Oh\n|-damage|p2a: Ho-Oh|41/100\n|\n|-damage|p1a: Orthworm|66/266 brn|[from] brn\n|upkeep\n|turn|28\n|inactive|Time left: 300 sec this turn | 300 sec total\n|\n|t:|1783555783\n|move|p2a: Ho-Oh|Recover|p2a: Ho-Oh\n|-heal|p2a: Ho-Oh|91/100\n|move|p1a: Orthworm|Rest|p1a: Orthworm\n|-status|p1a: Orthworm|slp|[from] move: Rest\n|-heal|p1a: Orthworm|266/266 slp|[silent]\n|\n|upkeep\n|turn|29\n|inactive|Time left: 300 sec this turn | 300 sec total\n|\n|t:|1783555783\n|move|p2a: Ho-Oh|Sacred Fire|p1a: Orthworm\n|-supereffective|p1a: Orthworm\n|-damage|p1a: Orthworm|224/266 slp\n|cant|p1a: Orthworm|slp\n|\n|upkeep\n|turn|30\n|inactive|Time left: 300 sec this turn | 300 sec total\n|\n|t:|1783555784\n|move|p2a: Ho-Oh|Sacred Fire|p1a: Orthworm\n|-supereffective|p1a: Orthworm\n|-damage|p1a: Orthworm|180/266 slp\n|cant|p1a: Orthworm|slp\n|\n|upkeep\n|turn|31\n|inactive|Time left: 300 sec this turn | 300 sec total\n|\n|t:|1783555785\n|move|p2a: Ho-Oh|Recover|p2a: Ho-Oh\n|-heal|p2a: Ho-Oh|100/100\n|-curestatus|p1a: Orthworm|slp|[msg]\n|move|p1a: Orthworm|Iron Tail|p2a: Ho-Oh\n|-resisted|p2a: Ho-Oh\n|-damage|p2a: Ho-Oh|37/100\n|-unboost|p2a: Ho-Oh|def|1\n|\n|upkeep\n|turn|32\n|inactive|Time left: 300 sec this turn | 300 sec total\n|\n|t:|1783555786\n|switch|p2a: Spiritomb|Spiritomb, L89, F|7/100 tox\n|move|p1a: Orthworm|Iron Tail|p2a: Spiritomb\n|-damage|p2a: Spiritomb|0 fnt\n|faint|p2a: Spiritomb\n|\n|upkeep\n|\n|t:|1783555787\n|switch|p2a: Entei|Entei, L78|62/100 tox\n|turn|33\n|inactive|Time left: 300 sec this turn | 300 sec total\n|\n|t:|1783555788\n|move|p2a: Entei|Sacred Fire|p1a: Orthworm\n|-supereffective|p1a: Orthworm\n|-damage|p1a: Orthworm|102/266\n|-status|p1a: Orthworm|brn\n|move|p1a: Orthworm|Body Press|p2a: Entei\n|-damage|p2a: Entei|18/100 tox\n|\n|-damage|p2a: Entei|12/100 tox|[from] psn\n|-damage|p1a: Orthworm|86/266 brn|[from] brn\n|upkeep\n|turn|34\n|inactive|Time left: 300 sec this turn | 300 sec total\n|\n|t:|1783555789\n|move|p2a: Entei|Sacred Fire|p1a: Orthworm\n|-supereffective|p1a: Orthworm\n|-damage|p1a: Orthworm|20/266 brn\n|move|p1a: Orthworm|Rest|p1a: Orthworm\n|-status|p1a: Orthworm|slp|[from] move: Rest\n|-heal|p1a: Orthworm|266/266 slp|[silent]\n|\n|-damage|p2a: Entei|0 fnt|[from] psn\n|faint|p2a: Entei\n|upkeep\n|\n|t:|1783555790\n|switch|p2a: Ho-Oh|Ho-Oh, L71|70/100\n|turn|35\n|inactive|Time left: 300 sec this turn | 300 sec total\n|\n|t:|1783555790\n|switch|p2a: Cacturne|Cacturne, L92, M, tera:Dark|56/100\n|cant|p1a: Orthworm|slp\n|\n|upkeep\n|turn|36\n|inactive|Time left: 300 sec this turn | 300 sec total\n|\n|t:|1783555791\n|switch|p2a: Ho-Oh|Ho-Oh, L71|100/100\n|cant|p1a: Orthworm|slp\n|\n|upkeep\n|turn|37\n|inactive|Time left: 300 sec this turn | 300 sec total\n|\n|t:|1783555792\n|move|p2a: Ho-Oh|Earthquake|p1a: Orthworm\n|-immune|p1a: Orthworm|[from] ability: Earth Eater\n|-curestatus|p1a: Orthworm|slp|[msg]\n|move|p1a: Orthworm|Iron Tail|p2a: Ho-Oh\n|-resisted|p2a: Ho-Oh\n|-damage|p2a: Ho-Oh|27/100\n|\n|upkeep\n|turn|38\n|inactive|Time left: 300 sec this turn | 300 sec total\n|\n|t:|1783555793\n|move|p2a: Ho-Oh|Recover|p2a: Ho-Oh\n|-heal|p2a: Ho-Oh|77/100\n|move|p1a: Orthworm|Iron Tail|p2a: Ho-Oh\n|-resisted|p2a: Ho-Oh\n|-damage|p2a: Ho-Oh|11/100\n|\n|upkeep\n|turn|39\n|inactive|Time left: 300 sec this turn | 300 sec total\n|\n|t:|1783555794\n|switch|p2a: Cacturne|Cacturne, L92, M, tera:Dark|56/100\n|move|p1a: Orthworm|Iron Tail|p2a: Cacturne\n|-damage|p2a: Cacturne|0 fnt\n|faint|p2a: Cacturne\n|\n|upkeep\n|\n|t:|1783555795\n|switch|p2a: Ho-Oh|Ho-Oh, L71|45/100\n|turn|40\n|inactive|Time left: 300 sec this turn | 300 sec total\n|\n|t:|1783555796\n|move|p2a: Ho-Oh|Recover|p2a: Ho-Oh\n|-heal|p2a: Ho-Oh|95/100\n|move|p1a: Orthworm|Iron Tail|p2a: Ho-Oh\n|-resisted|p2a: Ho-Oh\n|-damage|p2a: Ho-Oh|21/100\n|\n|upkeep\n|turn|41\n|inactive|Time left: 300 sec this turn | 300 sec total\n|\n|t:|1783555797\n|-terastallize|p1a: Orthworm|Electric\n|move|p2a: Ho-Oh|Recover|p2a: Ho-Oh\n|-heal|p2a: Ho-Oh|71/100\n|move|p1a: Orthworm|Body Press|p2a: Ho-Oh\n|-resisted|p2a: Ho-Oh\n|-damage|p2a: Ho-Oh|18/100\n|\n|upkeep\n|turn|42\n|inactive|Time left: 300 sec this turn | 300 sec total\n|\n|t:|1783555798\n|move|p2a: Ho-Oh|Recover|p2a: Ho-Oh\n|-heal|p2a: Ho-Oh|68/100\n|move|p1a: Orthworm|Body Press|p2a: Ho-Oh\n|-resisted|p2a: Ho-Oh\n|-damage|p2a: Ho-Oh|13/100\n|\n|upkeep\n|turn|43\n|inactive|Time left: 300 sec this turn | 300 sec total\n|\n|t:|1783555798\n|move|p2a: Ho-Oh|Earthquake|p1a: Orthworm\n|-immune|p1a: Orthworm|[from] ability: Earth Eater\n|move|p1a: Orthworm|Body Press|p2a: Ho-Oh\n|-resisted|p2a: Ho-Oh\n|-damage|p2a: Ho-Oh|0 fnt\n|faint|p2a: Ho-Oh\n|\n|win|p0x14333a2f", "uploadtime": 1783555798, "views": 0, "rating": 0, "private": 0, "password": null, "_winner": "p0x14333a2f", "_our_name": "p0x14333a2f"}