{"id": "battle-gen9randombattle-1259", "formatid": "gen9randombattle", "format": "[Gen 9] Random Battle", "players": ["p0x12595bba", "p0y12599486"], "log": "|init|battle\n|title|p0x12595bba vs. p0y12599486\n|j|\u2606p0x12595bba\n|j|\u2606p0y12599486\n|t:|1783554614\n|gametype|singles\n|player|p1|p0x12595bba|169|\n|player|p2|p0y12599486|102|\n|gen|9\n|tier|[Gen 9] Random Battle\n|rule|Species Clause: Limit one of each Pok\u00e9mon\n|rule|HP Percentage Mod: HP is shown in percentages\n|rule|Sleep Clause Mod: Limit one foe put to sleep\n|rule|Illusion Level Mod: Illusion disguises the Pok\u00e9mon's true level\n|\n|t:|1783554614\n|teamsize|p1|6\n|teamsize|p2|6\n|start\n|switch|p1a: Feraligatr|Feraligatr, L79, F|264/264\n|switch|p2a: Amoonguss|Amoonguss, L82, M|100/100\n|turn|1\n|inactive|Battle timer is ON: inactive players will automatically lose when time's up. (requested by p0x12595bba)\n|inactive|p0y12599486 also wants the timer to be on.\n|\n|t:|1783554616\n|move|p1a: Feraligatr|Dragon Dance|p1a: Feraligatr\n|-boost|p1a: Feraligatr|atk|1\n|-boost|p1a: Feraligatr|spe|1\n|move|p2a: Amoonguss|Spore|p1a: Feraligatr\n|-status|p1a: Feraligatr|slp|[from] move: Spore\n|\n|upkeep\n|turn|2\n|inactive|Time left: 300 sec this turn | 300 sec total\n|\n|t:|1783554617\n|switch|p1a: Skeledirge|Skeledirge, L79, F|294/294\n|move|p2a: Amoonguss|Giga Drain|p1a: Skeledirge\n|-resisted|p1a: Skeledirge\n|-damage|p1a: Skeledirge|255/294\n|\n|upkeep\n|turn|3\n|inactive|Time left: 300 sec this turn | 300 sec total\n|\n|t:|1783554618\n|switch|p2a: Bellibolt|Bellibolt, L84, F|100/100\n|move|p1a: Skeledirge|Torch Song|p2a: Bellibolt\n|-damage|p2a: Bellibolt|75/100\n|-boost|p1a: Skeledirge|spa|1\n|-start|p2a: Bellibolt|Charge|Torch Song|[from] ability: Electromorphosis\n|\n|-heal|p2a: Bellibolt|81/100|[from] item: Leftovers\n|upkeep\n|turn|4\n|inactive|Time left: 300 sec this turn | 300 sec total\n|\n|t:|1783554619\n|move|p1a: Skeledirge|Torch Song|p2a: Bellibolt\n|-damage|p2a: Bellibolt|39/100\n|-boost|p1a: Skeledirge|spa|1\n|-start|p2a: Bellibolt|Charge|Torch Song|[from] ability: Electromorphosis\n|move|p2a: Bellibolt|Thunderbolt|p1a: Skeledirge\n|-damage|p1a: Skeledirge|17/294\n|-end|p2a: Bellibolt|Charge|[silent]\n|\n|-heal|p2a: Bellibolt|45/100|[from] item: Leftovers\n|upkeep\n|turn|5\n|inactive|Time left: 300 sec this turn | 300 sec total\n|\n|t:|1783554620\n|switch|p2a: Feraligatr|Feraligatr, L79, M|100/100\n|move|p1a: Skeledirge|Torch Song|p2a: Feraligatr\n|-resisted|p2a: Feraligatr\n|-damage|p2a: Feraligatr|68/100\n|-boost|p1a: Skeledirge|spa|1\n|\n|upkeep\n|turn|6\n|inactive|Time left: 300 sec this turn | 300 sec total\n|\n|t:|1783554621\n|move|p2a: Feraligatr|Liquidation|p1a: Skeledirge\n|-supereffective|p1a: Skeledirge\n|-damage|p1a: Skeledirge|0 fnt\n|faint|p1a: Skeledirge\n|\n|upkeep\n|inactive|Time left: 300 sec this turn | 300 sec total | 5 sec grace\n|\n|t:|1783554622\n|switch|p1a: Terrakion|Terrakion, L79|273/273\n|turn|7\n|inactive|Time left: 300 sec this turn | 300 sec total\n|\n|t:|1783554623\n|move|p1a: Terrakion|Close Combat|p2a: Feraligatr\n|-damage|p2a: Feraligatr|0 fnt\n|-unboost|p1a: Terrakion|def|1\n|-unboost|p1a: Terrakion|spd|1\n|faint|p2a: Feraligatr\n|\n|upkeep\n|\n|t:|1783554624\n|switch|p2a: Salamence|Salamence, L77, M|100/100\n|turn|8\n|inactive|Time left: 300 sec this turn | 300 sec total\n|\n|t:|1783554626\n|switch|p1a: Electrode|Electrode, L92|260/260\n|move|p2a: Salamence|Outrage|p1a: Electrode\n|-damage|p1a: Electrode|116/260\n|\n|upkeep\n|turn|9\n|inactive|Time left: 300 sec this turn | 300 sec total\n|\n|t:|1783554627\n|move|p1a: Electrode|Thunderbolt|p2a: Salamence\n|-damage|p2a: Salamence|58/100\n|move|p2a: Salamence|Outrage|p1a: Electrode|[from] lockedmove\n|-damage|p1a: Electrode|0 fnt\n|-damage|p2a: Salamence|33/100|[from] ability: Aftermath|[of] p1a: Electrode\n|faint|p1a: Electrode\n|-ability|p2a: Salamence|Moxie|boost\n|-boost|p2a: Salamence|atk|1\n|\n|upkeep\n|inactive|Time left: 300 sec this turn | 300 sec total | 5 sec grace\n|\n|t:|1783554628\n|switch|p1a: Terrakion|Terrakion, L79|273/273\n|turn|10\n|inactive|Time left: 300 sec this turn | 300 sec total\n|\n|t:|1783554629\n|move|p1a: Terrakion|Close Combat|p2a: Salamence\n|-resisted|p2a: Salamence\n|-crit|p2a: Salamence\n|-damage|p2a: Salamence|0 fnt\n|-unboost|p1a: Terrakion|def|1\n|-unboost|p1a: Terrakion|spd|1\n|faint|p2a: Salamence\n|\n|upkeep\n|\n|t:|1783554630\n|switch|p2a: Amoonguss|Amoonguss, L82, M|100/100\n|turn|11\n|inactive|Time left: 300 sec this turn | 300 sec total\n|\n|t:|1783554630\n|switch|p1a: Regidrago|Regidrago, L77|435/435\n|move|p2a: Amoonguss|Sludge Bomb|p1a: Regidrago\n|-damage|p1a: Regidrago|309/435\n|-status|p1a: Regidrago|psn\n|\n|-damage|p1a: Regidrago|255/435 psn|[from] psn\n|upkeep\n|turn|12\n|inactive|Time left: 300 sec this turn | 300 sec total\n|\n|t:|1783554631\n|move|p1a: Regidrago|Dragon Dance|p1a: Regidrago\n|-boost|p1a: Regidrago|atk|1\n|-boost|p1a: Regidrago|spe|1\n|move|p2a: Amoonguss|Sludge Bomb|p1a: Regidrago\n|-damage|p1a: Regidrago|122/435 psn\n|\n|-damage|p1a: Regidrago|68/435 psn|[from] psn\n|upkeep\n|turn|13\n|inactive|Time left: 300 sec this turn | 300 sec total\n|\n|t:|1783554632\n|move|p1a: Regidrago|Dragon Claw|p2a: Amoonguss\n|-damage|p2a: Amoonguss|18/100\n|-damage|p1a: Regidrago|0 fnt|[from] item: Rocky Helmet|[of] p2a: Amoonguss\n|faint|p1a: Regidrago\n|move|p2a: Amoonguss|Giga Drain|p1: Regidrago|[notarget]\n|-fail|p2a: Amoonguss\n|\n|upkeep\n|inactive|Time left: 300 sec this turn | 300 sec total | 5 sec grace\n|\n|t:|1783554633\n|switch|p1a: Terrakion|Terrakion, L79|273/273\n|turn|14\n|inactive|Time left: 300 sec this turn | 300 sec total\n|\n|t:|1783554634\n|switch|p2a: Bellibolt|Bellibolt, L84, F|45/100\n|move|p1a: Terrakion|Earthquake|p2a: Bellibolt\n|-supereffective|p2a: Bellibolt\n|-crit|p2a: Bellibolt\n|-damage|p2a: Bellibolt|0 fnt\n|faint|p2a: Bellibolt\n|\n|upkeep\n|\n|t:|1783554635\n|switch|p2a: Cloyster|Cloyster, L80, F|100/100\n|turn|15\n|inactive|Time left: 300 sec this turn | 300 sec total\n|\n|t:|1783554636\n|move|p1a: Terrakion|Earthquake|p2a: Cloyster\n|-damage|p2a: Cloyster|67/100\n|move|p2a: Cloyster|Shell Smash|p2a: Cloyster\n|-unboost|p2a: Cloyster|def|1\n|-unboost|p2a: Cloyster|spd|1\n|-boost|p2a: Cloyster|atk|2\n|-boost|p2a: Cloyster|spa|2\n|-boost|p2a: Cloyster|spe|2\n|-enditem|p2a: Cloyster|White Herb\n|-clearnegativeboost|p2a: Cloyster|[silent]\n|\n|upkeep\n|turn|16\n|inactive|Time left: 300 sec this turn | 300 sec total\n|\n|t:|1783554637\n|-terastallize|p2a: Cloyster|Ice\n|move|p2a: Cloyster|Icicle Spear|p1a: Terrakion\n|-damage|p1a: Terrakion|209/273\n|-damage|p1a: Terrakion|135/273\n|-damage|p1a: Terrakion|71/273\n|-damage|p1a: Terrakion|0 fnt\n|faint|p1a: Terrakion\n|-hitcount|p1: Terrakion|4\n|\n|upkeep\n|inactive|Time left: 300 sec this turn | 300 sec total | 5 sec grace\n|\n|t:|1783554638\n|switch|p1a: Barraskewda|Barraskewda, L81, F|231/231\n|turn|17\n|inactive|Time left: 300 sec this turn | 300 sec total\n|\n|t:|1783554639\n|move|p2a: Cloyster|Icicle Spear|p1a: Barraskewda\n|-resisted|p1a: Barraskewda\n|-damage|p1a: Barraskewda|185/231\n|-resisted|p1a: Barraskewda\n|-damage|p1a: Barraskewda|144/231\n|-resisted|p1a: Barraskewda\n|-damage|p1a: Barraskewda|103/231\n|-resisted|p1a: Barraskewda\n|-damage|p1a: Barraskewda|59/231\n|-resisted|p1a: Barraskewda\n|-damage|p1a: Barraskewda|12/231\n|-hitcount|p1a: Barraskewda|5\n|move|p1a: Barraskewda|Close Combat|p2a: Cloyster\n|-supereffective|p2a: Cloyster\n|-damage|p2a: Cloyster|0 fnt\n|-unboost|p1a: Barraskewda|def|1\n|-unboost|p1a: Barraskewda|spd|1\n|faint|p2a: Cloyster\n|\n|upkeep\n|\n|t:|1783554640\n|switch|p2a: Amoonguss|Amoonguss, L82, M|51/100\n|turn|18\n|inactive|Time left: 300 sec this turn | 300 sec total\n|\n|t:|1783554641\n|move|p1a: Barraskewda|Close Combat|p2a: Amoonguss\n|-resisted|p2a: Amoonguss\n|-damage|p2a: Amoonguss|23/100\n|-unboost|p1a: Barraskewda|def|1\n|-unboost|p1a: Barraskewda|spd|1\n|-damage|p1a: Barraskewda|0 fnt|[from] item: Rocky Helmet|[of] p2a: Amoonguss\n|faint|p1a: Barraskewda\n|move|p2a: Amoonguss|Giga Drain|p1: Barraskewda|[notarget]\n|-fail|p2a: Amoonguss\n|\n|upkeep\n|inactive|Time left: 300 sec this turn | 300 sec total | 5 sec grace\n|\n|t:|1783554643\n|switch|p1a: Feraligatr|Feraligatr, L79, F|264/264 slp\n|turn|19\n|inactive|Time left: 300 sec this turn | 300 sec total\n|\n|t:|1783554644\n|-terastallize|p1a: Feraligatr|Dragon\n|cant|p1a: Feraligatr|slp\n|move|p2a: Amoonguss|Giga Drain|p1a: Feraligatr\n|-resisted|p1a: Feraligatr\n|-damage|p1a: Feraligatr|226/264 slp\n|-heal|p2a: Amoonguss|29/100|[from] drain|[of] p1a: Feraligatr\n|\n|upkeep\n|turn|20\n|inactive|Time left: 300 sec this turn | 300 sec total\n|\n|t:|1783554645\n|cant|p1a: Feraligatr|slp\n|move|p2a: Amoonguss|Sludge Bomb|p1a: Feraligatr\n|-damage|p1a: Feraligatr|138/264 slp\n|\n|upkeep\n|turn|21\n|inactive|Time left: 300 sec this turn | 300 sec total\n|\n|t:|1783554646\n|-curestatus|p1a: Feraligatr|slp|[msg]\n|move|p1a: Feraligatr|Liquidation|p2a: Amoonguss\n|-resisted|p2a: Amoonguss\n|-damage|p2a: Amoonguss|0 fnt\n|-damage|p1a: Feraligatr|94/264|[from] item: Rocky Helmet|[of] p2a: Amoonguss\n|faint|p2a: Amoonguss\n|\n|upkeep\n|\n|t:|1783554647\n|switch|p2a: Pawmot|Pawmot, L80, F|100/100\n|turn|22\n|inactive|Time left: 300 sec this turn | 300 sec total\n|\n|t:|1783554648\n|move|p2a: Pawmot|Close Combat|p1a: Feraligatr\n|-damage|p1a: Feraligatr|0 fnt\n|-unboost|p2a: Pawmot|def|1\n|-unboost|p2a: Pawmot|spd|1\n|faint|p1a: Feraligatr\n|-damage|p2a: Pawmot|91/100|[from] item: Life Orb\n|\n|win|p0y12599486", "uploadtime": 1783554648, "views": 0, "rating": 0, "private": 0, "password": null, "_winner": "p0y12599486", "_our_name": "p0x12595bba"}