{"id": "battle-gen9randombattle-23", "formatid": "gen9randombattle", "format": "[Gen 9] Random Battle", "players": ["p0x023177f", "p0y0230c3b"], "log": "|init|battle\n|title|p0x023177f vs. p0y0230c3b\n|j|\u2606p0x023177f\n|j|\u2606p0y0230c3b\n|t:|1783539698\n|gametype|singles\n|player|p1|p0x023177f|170|\n|player|p2|p0y0230c3b|266|\n|gen|9\n|tier|[Gen 9] Random Battle\n|rule|Species Clause: Limit one of each Pok\u00e9mon\n|rule|HP Percentage Mod: HP is shown in percentages\n|rule|Sleep Clause Mod: Limit one foe put to sleep\n|rule|Illusion Level Mod: Illusion disguises the Pok\u00e9mon's true level\n|\n|t:|1783539698\n|teamsize|p1|6\n|teamsize|p2|6\n|start\n|switch|p1a: Spiritomb|Spiritomb, L89, M|234/234\n|switch|p2a: Tsareena|Tsareena, L87, F|100/100\n|turn|1\n|inactive|Battle timer is ON: inactive players will automatically lose when time's up. (requested by p0x023177f)\n|\n|t:|1783539700\n|move|p2a: Tsareena|Power Whip|p1a: Spiritomb\n|-damage|p1a: Spiritomb|65/234\n|-damage|p2a: Tsareena|91/100|[from] item: Life Orb\n|move|p1a: Spiritomb|Foul Play|p2a: Tsareena\n|-damage|p2a: Tsareena|48/100\n|\n|-heal|p1a: Spiritomb|79/234|[from] item: Leftovers\n|upkeep\n|turn|2\n|inactive|Time left: 300 sec this turn | 300 sec total\n|inactive|p0y0230c3b also wants the timer to be on.\n|\n|t:|1783539702\n|move|p2a: Tsareena|Power Whip|p1a: Spiritomb\n|-damage|p1a: Spiritomb|0 fnt\n|faint|p1a: Spiritomb\n|-damage|p2a: Tsareena|38/100|[from] item: Life Orb\n|\n|upkeep\n|inactive|Time left: 300 sec this turn | 300 sec total | 5 sec grace\n|\n|t:|1783539703\n|switch|p1a: Girafarig|Girafarig, L89, F|269/269\n|turn|3\n|inactive|Time left: 300 sec this turn | 300 sec total\n|\n|t:|1783539704\n|move|p1a: Girafarig|Nasty Plot|p1a: Girafarig\n|-boost|p1a: Girafarig|spa|2\n|move|p2a: Tsareena|Synthesis|p2a: Tsareena\n|-heal|p2a: Tsareena|88/100\n|\n|upkeep\n|turn|4\n|inactive|Time left: 300 sec this turn | 300 sec total\n|\n|t:|1783539705\n|switch|p2a: Chansey|Chansey, L85, F|100/100\n|move|p1a: Girafarig|Hyper Voice|p2a: Chansey\n|-damage|p2a: Chansey|79/100\n|\n|upkeep\n|turn|5\n|inactive|Time left: 300 sec this turn | 300 sec total\n|\n|t:|1783539706\n|move|p1a: Girafarig|Psyshock|p2a: Chansey\n|-damage|p2a: Chansey|7/100\n|move|p2a: Chansey|Stealth Rock|p1a: Girafarig\n|-sidestart|p1: p0x023177f|move: Stealth Rock\n|\n|upkeep\n|turn|6\n|inactive|Time left: 300 sec this turn | 300 sec total\n|\n|t:|1783539707\n|move|p1a: Girafarig|Hyper Voice|p2a: Chansey\n|-damage|p2a: Chansey|0 fnt\n|faint|p2a: Chansey\n|\n|upkeep\n|\n|t:|1783539708\n|switch|p2a: Gurdurr|Gurdurr, L85, M|100/100\n|turn|7\n|inactive|Time left: 300 sec this turn | 300 sec total\n|\n|t:|1783539709\n|-terastallize|p2a: Gurdurr|Steel\n|move|p1a: Girafarig|Hyper Voice|p2a: Gurdurr\n|-resisted|p2a: Gurdurr\n|-damage|p2a: Gurdurr|66/100\n|move|p2a: Gurdurr|Knock Off|p1a: Girafarig\n|-supereffective|p1a: Girafarig\n|-damage|p1a: Girafarig|159/269\n|-enditem|p1a: Girafarig|Eviolite|[from] move: Knock Off|[of] p2a: Gurdurr\n|\n|upkeep\n|turn|8\n|inactive|Time left: 300 sec this turn | 300 sec total\n|\n|t:|1783539710\n|move|p1a: Girafarig|Thunderbolt|p2a: Gurdurr\n|-damage|p2a: Gurdurr|17/100\n|move|p2a: Gurdurr|Drain Punch|p1a: Girafarig\n|-damage|p1a: Girafarig|53/269\n|-heal|p2a: Gurdurr|36/100|[from] drain|[of] p1a: Girafarig\n|\n|upkeep\n|turn|9\n|inactive|Time left: 300 sec this turn | 300 sec total\n|\n|t:|1783539711\n|move|p2a: Gurdurr|Mach Punch|p1a: Girafarig\n|-damage|p1a: Girafarig|1/269\n|move|p1a: Girafarig|Thunderbolt|p2a: Gurdurr\n|-damage|p2a: Gurdurr|0 fnt\n|faint|p2a: Gurdurr\n|\n|upkeep\n|\n|t:|1783539712\n|switch|p2a: Indeedee|Indeedee-F, L90, F|100/100\n|-fieldstart|move: Psychic Terrain|[from] ability: Psychic Surge|[of] p2a: Indeedee\n|turn|10\n|inactive|Time left: 300 sec this turn | 300 sec total\n|\n|t:|1783539713\n|move|p2a: Indeedee|Hyper Voice|p1a: Girafarig\n|-damage|p1a: Girafarig|0 fnt\n|faint|p1a: Girafarig\n|-damage|p2a: Indeedee|91/100|[from] item: Life Orb\n|\n|upkeep\n|inactive|Time left: 300 sec this turn | 300 sec total | 5 sec grace\n|\n|t:|1783539713\n|switch|p1a: Copperajah|Copperajah, L86, F|350/350\n|-damage|p1a: Copperajah|329/350|[from] Stealth Rock\n|turn|11\n|inactive|Time left: 300 sec this turn | 300 sec total\n|\n|t:|1783539715\n|switch|p2a: Tsareena|Tsareena, L87, F|88/100\n|move|p1a: Copperajah|Iron Head|p2a: Tsareena\n|-damage|p2a: Tsareena|28/100\n|\n|upkeep\n|turn|12\n|inactive|Time left: 300 sec this turn | 300 sec total\n|\n|t:|1783539716\n|move|p2a: Tsareena|High Jump Kick|p1a: Copperajah\n|-supereffective|p1a: Copperajah\n|-damage|p1a: Copperajah|0 fnt\n|faint|p1a: Copperajah\n|-damage|p2a: Tsareena|18/100|[from] item: Life Orb\n|\n|upkeep\n|inactive|Time left: 300 sec this turn | 300 sec total | 5 sec grace\n|\n|t:|1783539717\n|switch|p1a: Magcargo|Magcargo, L95, M|268/268\n|turn|13\n|inactive|Time left: 300 sec this turn | 300 sec total\n|\n|t:|1783539718\n|move|p2a: Tsareena|High Jump Kick|p1a: Magcargo\n|-supereffective|p1a: Magcargo\n|-damage|p1a: Magcargo|78/268\n|-damage|p2a: Tsareena|8/100|[from] item: Life Orb\n|move|p1a: Magcargo|Lava Plume|p2a: Tsareena\n|-supereffective|p2a: Tsareena\n|-damage|p2a: Tsareena|0 fnt\n|faint|p2a: Tsareena\n|\n|upkeep\n|\n|t:|1783539719\n|switch|p2a: Indeedee|Indeedee-F, L90, F|91/100\n|turn|14\n|inactive|Time left: 300 sec this turn | 300 sec total\n|\n|t:|1783539720\n|switch|p1a: Ampharos|Ampharos, L88, F|302/302\n|-damage|p1a: Ampharos|265/302|[from] Stealth Rock\n|move|p2a: Indeedee|Psyshock|p1a: Ampharos\n|-damage|p1a: Ampharos|109/302\n|-damage|p2a: Indeedee|81/100|[from] item: Life Orb\n|\n|-fieldend|move: Psychic Terrain\n|upkeep\n|turn|15\n|inactive|Time left: 300 sec this turn | 300 sec total\n|\n|t:|1783539721\n|move|p2a: Indeedee|Psyshock|p1a: Ampharos\n|-crit|p1a: Ampharos\n|-damage|p1a: Ampharos|0 fnt\n|faint|p1a: Ampharos\n|-damage|p2a: Indeedee|71/100|[from] item: Life Orb\n|\n|upkeep\n|inactive|Time left: 300 sec this turn | 300 sec total | 5 sec grace\n|\n|t:|1783539722\n|switch|p1a: Sandaconda|Sandaconda, L84, F|258/258\n|-damage|p1a: Sandaconda|242/258|[from] Stealth Rock\n|turn|16\n|inactive|Time left: 300 sec this turn | 300 sec total\n|\n|t:|1783539723\n|move|p2a: Indeedee|Hyper Voice|p1a: Sandaconda\n|-damage|p1a: Sandaconda|67/258\n|-damage|p2a: Indeedee|61/100|[from] item: Life Orb\n|move|p1a: Sandaconda|Glare|p2a: Indeedee\n|-status|p2a: Indeedee|par\n|\n|-heal|p1a: Sandaconda|83/258|[from] item: Leftovers\n|upkeep\n|turn|17\n|inactive|Time left: 300 sec this turn | 300 sec total\n|\n|t:|1783539724\n|move|p1a: Sandaconda|Earthquake|p2a: Indeedee\n|-damage|p2a: Indeedee|9/100 par\n|move|p2a: Indeedee|Psyshock|p1a: Sandaconda\n|-damage|p1a: Sandaconda|0 fnt\n|faint|p1a: Sandaconda\n|-damage|p2a: Indeedee|0 fnt|[from] item: Life Orb\n|faint|p2a: Indeedee\n|\n|upkeep\n|inactive|Time left: 300 sec this turn | 300 sec total | 5 sec grace\n|\n|t:|1783539725\n|switch|p2a: Hatterene|Hatterene, L85, F|100/100\n|switch|p1a: Magcargo|Magcargo, L95, M|78/268\n|turn|18\n|inactive|Time left: 300 sec this turn | 300 sec total\n|\n|t:|1783539727\n|move|p1a: Magcargo|Recover|p1a: Magcargo\n|-heal|p1a: Magcargo|212/268\n|move|p2a: Hatterene|Calm Mind|p2a: Hatterene\n|-boost|p2a: Hatterene|spa|1\n|-boost|p2a: Hatterene|spd|1\n|\n|upkeep\n|turn|19\n|inactive|Time left: 300 sec this turn | 300 sec total\n|\n|t:|1783539728\n|move|p1a: Magcargo|Lava Plume|p2a: Hatterene\n|-damage|p2a: Hatterene|76/100\n|move|p2a: Hatterene|Psyshock|p1a: Magcargo\n|-damage|p1a: Magcargo|98/268\n|\n|-heal|p2a: Hatterene|82/100|[from] item: Leftovers\n|upkeep\n|turn|20\n|inactive|Time left: 300 sec this turn | 300 sec total\n|\n|t:|1783539729\n|move|p1a: Magcargo|Recover|p1a: Magcargo\n|-heal|p1a: Magcargo|232/268\n|move|p2a: Hatterene|Psyshock|p1a: Magcargo\n|-damage|p1a: Magcargo|105/268\n|\n|-heal|p2a: Hatterene|88/100|[from] item: Leftovers\n|upkeep\n|turn|21\n|inactive|Time left: 300 sec this turn | 300 sec total\n|\n|t:|1783539730\n|move|p1a: Magcargo|Recover|p1a: Magcargo\n|-heal|p1a: Magcargo|239/268\n|move|p2a: Hatterene|Psyshock|p1a: Magcargo\n|-damage|p1a: Magcargo|119/268\n|\n|-heal|p2a: Hatterene|94/100|[from] item: Leftovers\n|upkeep\n|turn|22\n|inactive|Time left: 300 sec this turn | 300 sec total\n|\n|t:|1783539731\n|move|p1a: Magcargo|Recover|p1a: Magcargo\n|-heal|p1a: Magcargo|253/268\n|move|p2a: Hatterene|Psyshock|p1a: Magcargo\n|-damage|p1a: Magcargo|136/268\n|\n|-heal|p2a: Hatterene|99/100|[from] item: Leftovers\n|upkeep\n|turn|23\n|inactive|Time left: 300 sec this turn | 300 sec total\n|\n|t:|1783539732\n|move|p1a: Magcargo|Recover|p1a: Magcargo\n|-heal|p1a: Magcargo|268/268\n|move|p2a: Hatterene|Calm Mind|p2a: Hatterene\n|-boost|p2a: Hatterene|spa|1\n|-boost|p2a: Hatterene|spd|1\n|\n|-heal|p2a: Hatterene|100/100|[from] item: Leftovers\n|upkeep\n|turn|24\n|inactive|Time left: 300 sec this turn | 300 sec total\n|\n|t:|1783539734\n|move|p1a: Magcargo|Power Gem|p2a: Hatterene\n|-damage|p2a: Hatterene|82/100\n|move|p2a: Hatterene|Psyshock|p1a: Magcargo\n|-damage|p1a: Magcargo|108/268\n|\n|-heal|p2a: Hatterene|88/100|[from] item: Leftovers\n|upkeep\n|turn|25\n|inactive|Time left: 300 sec this turn | 300 sec total\n|\n|t:|1783539735\n|move|p1a: Magcargo|Recover|p1a: Magcargo\n|-heal|p1a: Magcargo|242/268\n|move|p2a: Hatterene|Psyshock|p1a: Magcargo\n|-damage|p1a: Magcargo|89/268\n|\n|-heal|p2a: Hatterene|94/100|[from] item: Leftovers\n|upkeep\n|turn|26\n|inactive|Time left: 300 sec this turn | 300 sec total\n|\n|t:|1783539736\n|move|p1a: Magcargo|Recover|p1a: Magcargo\n|-heal|p1a: Magcargo|223/268\n|move|p2a: Hatterene|Psyshock|p1a: Magcargo\n|-damage|p1a: Magcargo|75/268\n|\n|-heal|p2a: Hatterene|99/100|[from] item: Leftovers\n|upkeep\n|turn|27\n|inactive|Time left: 300 sec this turn | 300 sec total\n|\n|t:|1783539737\n|move|p1a: Magcargo|Recover|p1a: Magcargo\n|-heal|p1a: Magcargo|209/268\n|move|p2a: Hatterene|Psyshock|p1a: Magcargo\n|-damage|p1a: Magcargo|61/268\n|\n|-heal|p2a: Hatterene|100/100|[from] item: Leftovers\n|upkeep\n|turn|28\n|inactive|Time left: 300 sec this turn | 300 sec total\n|\n|t:|1783539738\n|move|p1a: Magcargo|Power Gem|p2a: Hatterene\n|-damage|p2a: Hatterene|83/100\n|move|p2a: Hatterene|Draining Kiss|p1a: Magcargo\n|-resisted|p1a: Magcargo\n|-damage|p1a: Magcargo|0 fnt\n|-heal|p2a: Hatterene|100/100|[from] drain|[of] p1a: Magcargo\n|faint|p1a: Magcargo\n|\n|win|p0y0230c3b", "uploadtime": 1783539738, "views": 0, "rating": 0, "private": 0, "password": null, "_winner": "p0y0230c3b", "_our_name": "p0x023177f"}