{"id": "battle-gen9randombattle-764", "formatid": "gen9randombattle", "format": "[Gen 9] Random Battle", "players": ["p0x76403be", "p0y764fe18"], "log": "|init|battle\n|title|p0x76403be vs. p0y764fe18\n|j|\u2606p0x76403be\n|j|\u2606p0y764fe18\n|t:|1783547990\n|gametype|singles\n|player|p1|p0x76403be|266|\n|player|p2|p0y764fe18|2|\n|gen|9\n|tier|[Gen 9] Random Battle\n|rule|Species Clause: Limit one of each Pok\u00e9mon\n|rule|HP Percentage Mod: HP is shown in percentages\n|rule|Sleep Clause Mod: Limit one foe put to sleep\n|rule|Illusion Level Mod: Illusion disguises the Pok\u00e9mon's true level\n|\n|t:|1783547990\n|teamsize|p1|6\n|teamsize|p2|6\n|start\n|switch|p1a: Gardevoir|Gardevoir, L83, M|249/249\n|switch|p2a: Misdreavus|Misdreavus, L90, F|100/100\n|-ability|p1a: Gardevoir|Levitate|Trace|[from] ability: Trace|[of] p2a: Misdreavus\n|turn|1\n|inactive|Battle timer is ON: inactive players will automatically lose when time's up. (requested by p0y764fe18)\n|inactive|Time left: 300 sec this turn | 300 sec total | 60 sec grace\n|inactive|p0x76403be also wants the timer to be on.\n|\n|t:|1783547991\n|move|p1a: Gardevoir|Moonblast|p2a: Misdreavus\n|-damage|p2a: Misdreavus|67/100\n|move|p2a: Misdreavus|Calm Mind|p2a: Misdreavus\n|-boost|p2a: Misdreavus|spa|1\n|-boost|p2a: Misdreavus|spd|1\n|\n|upkeep\n|turn|2\n|inactive|Time left: 300 sec this turn | 300 sec total\n|\n|t:|1783547992\n|move|p1a: Gardevoir|Moonblast|p2a: Misdreavus\n|-damage|p2a: Misdreavus|46/100\n|move|p2a: Misdreavus|Shadow Ball|p1a: Gardevoir\n|-supereffective|p1a: Gardevoir\n|-damage|p1a: Gardevoir|49/249\n|\n|upkeep\n|turn|3\n|inactive|Time left: 300 sec this turn | 300 sec total\n|\n|t:|1783547993\n|move|p1a: Gardevoir|Moonblast|p2a: Misdreavus\n|-damage|p2a: Misdreavus|26/100\n|move|p2a: Misdreavus|Shadow Ball|p1a: Gardevoir\n|-supereffective|p1a: Gardevoir\n|-damage|p1a: Gardevoir|0 fnt\n|faint|p1a: Gardevoir\n|\n|upkeep\n|inactive|Time left: 300 sec this turn | 300 sec total | 5 sec grace\n|\n|t:|1783547994\n|switch|p1a: Rillaboom|Rillaboom, L79, F|288/288\n|-fieldstart|move: Grassy Terrain|[from] ability: Grassy Surge|[of] p1a: Rillaboom\n|turn|4\n|inactive|Time left: 300 sec this turn | 300 sec total\n|\n|t:|1783547995\n|move|p1a: Rillaboom|Grassy Glide|p2a: Misdreavus\n|-damage|p2a: Misdreavus|0 fnt\n|faint|p2a: Misdreavus\n|\n|upkeep\n|\n|t:|1783547996\n|switch|p2a: Meowscarada|Meowscarada, L78, M|100/100\n|turn|5\n|inactive|Time left: 300 sec this turn | 300 sec total\n|\n|t:|1783547997\n|move|p1a: Rillaboom|Grassy Glide|p2a: Meowscarada\n|-resisted|p2a: Meowscarada\n|-damage|p2a: Meowscarada|68/100\n|move|p2a: Meowscarada|Triple Axel|p1a: Rillaboom\n|-start|p2a: Meowscarada|typechange|Ice|[from] ability: Protean\n|-supereffective|p1a: Rillaboom\n|-damage|p1a: Rillaboom|226/288\n|-hitcount|p1a: Rillaboom|1\n|-damage|p2a: Meowscarada|58/100|[from] item: Life Orb\n|\n|-heal|p2a: Meowscarada|64/100|[from] Grassy Terrain\n|-heal|p1a: Rillaboom|244/288|[from] Grassy Terrain\n|upkeep\n|turn|6\n|inactive|Time left: 300 sec this turn | 300 sec total\n|\n|t:|1783547998\n|switch|p2a: Chandelure|Chandelure, L83, F|100/100\n|move|p1a: Rillaboom|Grassy Glide|p2a: Chandelure\n|-resisted|p2a: Chandelure\n|-damage|p2a: Chandelure|74/100\n|\n|-heal|p2a: Chandelure|80/100|[from] Grassy Terrain\n|-heal|p1a: Rillaboom|262/288|[from] Grassy Terrain\n|upkeep\n|turn|7\n|inactive|Time left: 300 sec this turn | 300 sec total\n|\n|t:|1783548000\n|move|p1a: Rillaboom|Grassy Glide|p2a: Chandelure\n|-resisted|p2a: Chandelure\n|-damage|p2a: Chandelure|54/100\n|move|p2a: Chandelure|Fire Blast|p1a: Rillaboom\n|-supereffective|p1a: Rillaboom\n|-damage|p1a: Rillaboom|0 fnt\n|faint|p1a: Rillaboom\n|\n|-heal|p2a: Chandelure|60/100|[from] Grassy Terrain\n|upkeep\n|inactive|Time left: 300 sec this turn | 300 sec total | 5 sec grace\n|\n|t:|1783548001\n|switch|p1a: Swanna|Swanna, L89, M|278/278\n|turn|8\n|inactive|Time left: 300 sec this turn | 300 sec total\n|\n|t:|1783548002\n|move|p2a: Chandelure|Fire Blast|p1a: Swanna|[miss]\n|-miss|p2a: Chandelure|p1a: Swanna\n|move|p1a: Swanna|Hydro Pump|p2a: Chandelure\n|-supereffective|p2a: Chandelure\n|-damage|p2a: Chandelure|0 fnt\n|faint|p2a: Chandelure\n|\n|-fieldend|move: Grassy Terrain\n|upkeep\n|\n|t:|1783548003\n|switch|p2a: Avalugg|Avalugg-Hisui, L90, M|100/100\n|turn|9\n|inactive|Time left: 300 sec this turn | 300 sec total\n|\n|t:|1783548004\n|move|p1a: Swanna|Hydro Pump|p2a: Avalugg\n|-supereffective|p2a: Avalugg\n|-ability|p2a: Avalugg|Sturdy\n|-damage|p2a: Avalugg|1/100\n|move|p2a: Avalugg|Stone Edge|p1a: Swanna\n|-supereffective|p1a: Swanna\n|-crit|p1a: Swanna\n|-damage|p1a: Swanna|0 fnt\n|faint|p1a: Swanna\n|\n|upkeep\n|inactive|Time left: 300 sec this turn | 300 sec total | 5 sec grace\n|\n|t:|1783548005\n|switch|p1a: Zapdos|Zapdos, L78|268/268\n|turn|10\n|inactive|Time left: 300 sec this turn | 300 sec total\n|\n|t:|1783548006\n|move|p1a: Zapdos|Thunderbolt|p2a: Avalugg\n|-damage|p2a: Avalugg|0 fnt\n|faint|p2a: Avalugg\n|\n|upkeep\n|\n|t:|1783548007\n|switch|p2a: Minior|Minior-Violet, L79|100/100\n|-formechange|p2a: Minior|Minior-Meteor||[from] ability: Shields Down\n|turn|11\n|inactive|Time left: 300 sec this turn | 300 sec total\n|\n|t:|1783548009\n|-terastallize|p2a: Minior|Ground\n|move|p1a: Zapdos|Thunderbolt|p2a: Minior\n|-immune|p2a: Minior\n|move|p2a: Minior|Shell Smash|p2a: Minior\n|-unboost|p2a: Minior|def|1\n|-unboost|p2a: Minior|spd|1\n|-boost|p2a: Minior|atk|2\n|-boost|p2a: Minior|spa|2\n|-boost|p2a: Minior|spe|2\n|-enditem|p2a: Minior|White Herb\n|-clearnegativeboost|p2a: Minior|[silent]\n|\n|upkeep\n|turn|12\n|inactive|Time left: 300 sec this turn | 300 sec total\n|\n|t:|1783548010\n|move|p2a: Minior|Power Gem|p1a: Zapdos\n|-supereffective|p1a: Zapdos\n|-damage|p1a: Zapdos|32/268\n|move|p1a: Zapdos|Hurricane|p2a: Minior|[miss]\n|-miss|p1a: Zapdos|p2a: Minior\n|\n|upkeep\n|turn|13\n|inactive|Time left: 300 sec this turn | 300 sec total\n|\n|t:|1783548011\n|move|p2a: Minior|Acrobatics|p1a: Zapdos\n|-resisted|p1a: Zapdos\n|-damage|p1a: Zapdos|0 fnt\n|faint|p1a: Zapdos\n|\n|upkeep\n|inactive|Time left: 300 sec this turn | 300 sec total | 5 sec grace\n|\n|t:|1783548012\n|switch|p1a: Dusknoir|Dusknoir, L89, F|225/225\n|turn|14\n|inactive|Time left: 300 sec this turn | 300 sec total\n|\n|t:|1783548013\n|move|p2a: Minior|Acrobatics|p1a: Dusknoir\n|-damage|p1a: Dusknoir|119/225\n|move|p1a: Dusknoir|Substitute|p1a: Dusknoir\n|-start|p1a: Dusknoir|Substitute\n|-damage|p1a: Dusknoir|63/225\n|\n|-heal|p1a: Dusknoir|77/225|[from] item: Leftovers\n|upkeep\n|turn|15\n|inactive|Time left: 300 sec this turn | 300 sec total\n|\n|t:|1783548014\n|move|p2a: Minior|Earthquake|p1a: Dusknoir\n|-end|p1a: Dusknoir|Substitute\n|move|p1a: Dusknoir|Pain Split|p2a: Minior\n|-sethp|p2a: Minior|67/100|[from] move: Pain Split|[silent]\n|-sethp|p1a: Dusknoir|150/225|[from] move: Pain Split\n|\n|-heal|p1a: Dusknoir|164/225|[from] item: Leftovers\n|upkeep\n|turn|16\n|inactive|Time left: 300 sec this turn | 300 sec total\n|\n|t:|1783548015\n|move|p2a: Minior|Acrobatics|p1a: Dusknoir\n|-damage|p1a: Dusknoir|61/225\n|move|p1a: Dusknoir|Substitute|p1a: Dusknoir\n|-start|p1a: Dusknoir|Substitute\n|-damage|p1a: Dusknoir|5/225\n|\n|-heal|p1a: Dusknoir|19/225|[from] item: Leftovers\n|upkeep\n|turn|17\n|inactive|Time left: 300 sec this turn | 300 sec total\n|\n|t:|1783548016\n|-terastallize|p1a: Dusknoir|Fighting\n|-singleturn|p1a: Dusknoir|move: Focus Punch\n|move|p2a: Minior|Acrobatics|p1a: Dusknoir\n|-supereffective|p1a: Dusknoir\n|-end|p1a: Dusknoir|Substitute\n|move|p1a: Dusknoir|Focus Punch|p2a: Minior\n|-damage|p2a: Minior|0 fnt\n|faint|p2a: Minior\n|\n|-heal|p1a: Dusknoir|33/225|[from] item: Leftovers\n|upkeep\n|\n|t:|1783548017\n|switch|p2a: Vigoroth|Vigoroth, L85, F|100/100\n|turn|18\n|inactive|Time left: 300 sec this turn | 300 sec total\n|\n|t:|1783548019\n|-singleturn|p1a: Dusknoir|move: Focus Punch\n|move|p2a: Vigoroth|Body Slam|p1a: Dusknoir\n|-damage|p1a: Dusknoir|0 fnt\n|faint|p1a: Dusknoir\n|\n|upkeep\n|inactive|Time left: 300 sec this turn | 300 sec total | 5 sec grace\n|\n|t:|1783548020\n|switch|p1a: Cinderace|Cinderace, L77, M|250/250\n|turn|19\n|inactive|Time left: 300 sec this turn | 300 sec total\n|\n|t:|1783548021\n|move|p1a: Cinderace|Will-O-Wisp|p2a: Vigoroth\n|-status|p2a: Vigoroth|brn\n|move|p2a: Vigoroth|Body Slam|p1a: Cinderace\n|-damage|p1a: Cinderace|198/250\n|-status|p1a: Cinderace|par\n|\n|-damage|p2a: Vigoroth|94/100 brn|[from] brn\n|upkeep\n|turn|20\n|inactive|Time left: 300 sec this turn | 300 sec total\n|\n|t:|1783548022\n|move|p2a: Vigoroth|Bulk Up|p2a: Vigoroth\n|-boost|p2a: Vigoroth|atk|1\n|-boost|p2a: Vigoroth|def|1\n|move|p1a: Cinderace|U-turn|p2a: Vigoroth\n|-start|p1a: Cinderace|typechange|Bug|[from] ability: Libero\n|-damage|p2a: Vigoroth|82/100 brn\n|\n|-damage|p2a: Vigoroth|76/100 brn|[from] brn\n|upkeep\n|turn|21\n|inactive|Time left: 300 sec this turn | 300 sec total\n|\n|t:|1783548023\n|move|p2a: Vigoroth|Body Slam|p1a: Cinderace\n|-damage|p1a: Cinderace|123/250 par\n|move|p1a: Cinderace|Pyro Ball|p2a: Vigoroth\n|-damage|p2a: Vigoroth|60/100 brn\n|\n|-damage|p2a: Vigoroth|54/100 brn|[from] brn\n|upkeep\n|turn|22\n|inactive|Time left: 300 sec this turn | 300 sec total\n|\n|t:|1783548024\n|move|p2a: Vigoroth|Body Slam|p1a: Cinderace\n|-damage|p1a: Cinderace|54/250 par\n|move|p1a: Cinderace|Pyro Ball|p2a: Vigoroth\n|-crit|p2a: Vigoroth\n|-damage|p2a: Vigoroth|21/100 brn\n|\n|-damage|p2a: Vigoroth|15/100 brn|[from] brn\n|upkeep\n|turn|23\n|inactive|Time left: 300 sec this turn | 300 sec total\n|\n|t:|1783548025\n|move|p2a: Vigoroth|Body Slam|p1a: Cinderace\n|-damage|p1a: Cinderace|0 fnt\n|faint|p1a: Cinderace\n|\n|win|p0y764fe18", "uploadtime": 1783548025, "views": 0, "rating": 0, "private": 0, "password": null, "_winner": "p0y764fe18", "_our_name": "p0x76403be"}