{"id": "battle-gen9randombattle-1849", "formatid": "gen9randombattle", "format": "[Gen 9] Random Battle", "players": ["p0x18491fa9", "p0y1849a3e7"], "log": "|init|battle\n|title|p0x18491fa9 vs. p0y1849a3e7\n|j|\u2606p0x18491fa9\n|j|\u2606p0y1849a3e7\n|t:|1783560655\n|gametype|singles\n|player|p1|p0x18491fa9|1|\n|player|p2|p0y1849a3e7|2|\n|gen|9\n|tier|[Gen 9] Random Battle\n|rule|Species Clause: Limit one of each Pok\u00e9mon\n|rule|HP Percentage Mod: HP is shown in percentages\n|rule|Sleep Clause Mod: Limit one foe put to sleep\n|rule|Illusion Level Mod: Illusion disguises the Pok\u00e9mon's true level\n|\n|t:|1783560655\n|teamsize|p1|6\n|teamsize|p2|6\n|start\n|switch|p1a: Eelektross|Eelektross, L87, M|290/290\n|switch|p2a: Chien-Pao|Chien-Pao, L72|100/100\n|-ability|p2a: Chien-Pao|Sword of Ruin\n|turn|1\n|inactive|Battle timer is ON: inactive players will automatically lose when time's up. (requested by p0x18491fa9)\n|inactive|p0y1849a3e7 also wants the timer to be on.\n|\n|t:|1783560657\n|move|p2a: Chien-Pao|Icicle Crash|p1a: Eelektross\n|-damage|p1a: Eelektross|119/290\n|move|p1a: Eelektross|Discharge|p2a: Chien-Pao\n|-damage|p2a: Chien-Pao|42/100\n|-status|p2a: Chien-Pao|par\n|\n|upkeep\n|turn|2\n|inactive|Time left: 300 sec this turn | 300 sec total\n|\n|t:|1783560658\n|switch|p2a: Iron Crown|Iron Crown, L78|100/100\n|move|p1a: Eelektross|Discharge|p2a: Iron Crown\n|-damage|p2a: Iron Crown|68/100\n|\n|upkeep\n|turn|3\n|inactive|Time left: 300 sec this turn | 300 sec total\n|\n|t:|1783560659\n|switch|p1a: Mewtwo|Mewtwo, L72|272/272\n|-ability|p1a: Mewtwo|Unnerve\n|move|p2a: Iron Crown|Psyshock|p1a: Mewtwo\n|-resisted|p1a: Mewtwo\n|-damage|p1a: Mewtwo|200/272\n|\n|upkeep\n|turn|4\n|inactive|Time left: 300 sec this turn | 300 sec total\n|\n|t:|1783560661\n|move|p1a: Mewtwo|Nasty Plot|p1a: Mewtwo\n|-boost|p1a: Mewtwo|spa|2\n|move|p2a: Iron Crown|Psyshock|p1a: Mewtwo\n|-resisted|p1a: Mewtwo\n|-damage|p1a: Mewtwo|122/272\n|\n|upkeep\n|turn|5\n|inactive|Time left: 300 sec this turn | 300 sec total\n|\n|t:|1783560662\n|move|p1a: Mewtwo|Dark Pulse|p2a: Iron Crown\n|-supereffective|p2a: Iron Crown\n|-damage|p2a: Iron Crown|0 fnt\n|faint|p2a: Iron Crown\n|-end|p2a: Iron Crown|Quark Drive|[silent]\n|-damage|p1a: Mewtwo|95/272|[from] item: Life Orb\n|\n|upkeep\n|\n|t:|1783560663\n|switch|p2a: Chien-Pao|Chien-Pao, L72|42/100 par\n|-ability|p2a: Chien-Pao|Sword of Ruin\n|turn|6\n|inactive|Time left: 300 sec this turn | 300 sec total\n|\n|t:|1783560664\n|cant|p2a: Chien-Pao|par\n|move|p1a: Mewtwo|Dark Pulse|p2a: Chien-Pao\n|-resisted|p2a: Chien-Pao\n|-damage|p2a: Chien-Pao|0 fnt\n|faint|p2a: Chien-Pao\n|-damage|p1a: Mewtwo|68/272|[from] item: Life Orb\n|\n|upkeep\n|\n|t:|1783560666\n|switch|p2a: Mesprit|Mesprit, L85|100/100\n|turn|7\n|inactive|Time left: 300 sec this turn | 300 sec total\n|\n|t:|1783560667\n|move|p1a: Mewtwo|Dark Pulse|p2a: Mesprit\n|-supereffective|p2a: Mesprit\n|-damage|p2a: Mesprit|0 fnt\n|faint|p2a: Mesprit\n|-damage|p1a: Mewtwo|41/272|[from] item: Life Orb\n|\n|upkeep\n|\n|t:|1783560668\n|switch|p2a: Hitmonlee|Hitmonlee, L85, M|100/100\n|turn|8\n|inactive|Time left: 300 sec this turn | 300 sec total\n|\n|t:|1783560669\n|move|p2a: Hitmonlee|Mach Punch|p1a: Mewtwo\n|-resisted|p1a: Mewtwo\n|-damage|p1a: Mewtwo|0 fnt\n|faint|p1a: Mewtwo\n|\n|upkeep\n|inactive|Time left: 300 sec this turn | 300 sec total | 5 sec grace\n|\n|t:|1783560670\n|switch|p1a: Froslass|Froslass, L87, F|263/263\n|turn|9\n|inactive|Time left: 300 sec this turn | 300 sec total\n|\n|t:|1783560671\n|move|p2a: Hitmonlee|Mach Punch|p1a: Froslass\n|-immune|p1a: Froslass\n|move|p1a: Froslass|Triple Axel|p2a: Hitmonlee\n|-damage|p2a: Hitmonlee|88/100\n|-damage|p2a: Hitmonlee|61/100\n|-damage|p2a: Hitmonlee|23/100\n|-hitcount|p2a: Hitmonlee|3\n|\n|upkeep\n|turn|10\n|inactive|Time left: 300 sec this turn | 300 sec total\n|\n|t:|1783560672\n|move|p2a: Hitmonlee|Mach Punch|p1a: Froslass\n|-immune|p1a: Froslass\n|move|p1a: Froslass|Triple Axel|p2a: Hitmonlee\n|-damage|p2a: Hitmonlee|11/100\n|-damage|p2a: Hitmonlee|0 fnt\n|faint|p2a: Hitmonlee\n|-hitcount|p2: Hitmonlee|2\n|\n|upkeep\n|\n|t:|1783560673\n|switch|p2a: Flamigo|Flamigo, L82, F|100/100\n|turn|11\n|inactive|Time left: 300 sec this turn | 300 sec total\n|\n|t:|1783560674\n|-terastallize|p2a: Flamigo|Fighting\n|move|p1a: Froslass|Triple Axel|p2a: Flamigo\n|-damage|p2a: Flamigo|92/100\n|-damage|p2a: Flamigo|76/100\n|-damage|p2a: Flamigo|49/100\n|-hitcount|p2a: Flamigo|3\n|move|p2a: Flamigo|Close Combat|p1a: Froslass\n|-supereffective|p1a: Froslass\n|-damage|p1a: Froslass|0 fnt\n|-unboost|p2a: Flamigo|def|1\n|-unboost|p2a: Flamigo|spd|1\n|faint|p1a: Froslass\n|-damage|p2a: Flamigo|39/100|[from] item: Life Orb\n|\n|upkeep\n|inactive|Time left: 300 sec this turn | 300 sec total | 5 sec grace\n|\n|t:|1783560675\n|switch|p1a: Grumpig|Grumpig, L92, F|297/297\n|turn|12\n|inactive|Time left: 300 sec this turn | 300 sec total\n|\n|t:|1783560676\n|switch|p2a: Sandy Shocks|Sandy Shocks, L80|100/100\n|move|p1a: Grumpig|Psychic|p2a: Sandy Shocks\n|-damage|p2a: Sandy Shocks|60/100\n|\n|-heal|p2a: Sandy Shocks|66/100|[from] item: Leftovers\n|upkeep\n|turn|13\n|inactive|Time left: 300 sec this turn | 300 sec total\n|\n|t:|1783560677\n|move|p1a: Grumpig|Psychic|p2a: Sandy Shocks\n|-damage|p2a: Sandy Shocks|23/100\n|move|p2a: Sandy Shocks|Thunder Wave|p1a: Grumpig\n|-status|p1a: Grumpig|par\n|\n|-heal|p2a: Sandy Shocks|29/100|[from] item: Leftovers\n|upkeep\n|turn|14\n|inactive|Time left: 300 sec this turn | 300 sec total\n|\n|t:|1783560678\n|move|p2a: Sandy Shocks|Earth Power|p1a: Grumpig\n|-damage|p1a: Grumpig|212/297 par\n|-unboost|p1a: Grumpig|spd|1\n|cant|p1a: Grumpig|par\n|\n|-heal|p2a: Sandy Shocks|35/100|[from] item: Leftovers\n|upkeep\n|turn|15\n|inactive|Time left: 300 sec this turn | 300 sec total\n|\n|t:|1783560678\n|move|p2a: Sandy Shocks|Earth Power|p1a: Grumpig\n|-damage|p1a: Grumpig|97/297 par\n|cant|p1a: Grumpig|par\n|\n|-heal|p2a: Sandy Shocks|41/100|[from] item: Leftovers\n|upkeep\n|turn|16\n|inactive|Time left: 300 sec this turn | 300 sec total\n|\n|t:|1783560679\n|switch|p1a: Leafeon|Leafeon, L88, M|258/258\n|move|p2a: Sandy Shocks|Earth Power|p1a: Leafeon\n|-resisted|p1a: Leafeon\n|-damage|p1a: Leafeon|200/258\n|\n|-heal|p2a: Sandy Shocks|47/100|[from] item: Leftovers\n|upkeep\n|turn|17\n|inactive|Time left: 300 sec this turn | 300 sec total\n|\n|t:|1783560680\n|move|p1a: Leafeon|Leaf Blade|p2a: Sandy Shocks\n|-supereffective|p2a: Sandy Shocks\n|-crit|p2a: Sandy Shocks\n|-damage|p2a: Sandy Shocks|0 fnt\n|faint|p2a: Sandy Shocks\n|-end|p2a: Sandy Shocks|Protosynthesis|[silent]\n|-damage|p1a: Leafeon|175/258|[from] item: Life Orb\n|\n|upkeep\n|\n|t:|1783560681\n|switch|p2a: Flamigo|Flamigo, L82, F, tera:Fighting|39/100\n|turn|18\n|inactive|Time left: 300 sec this turn | 300 sec total\n|\n|t:|1783560681\n|-terastallize|p1a: Leafeon|Normal\n|move|p1a: Leafeon|Double-Edge|p2a: Flamigo\n|-damage|p2a: Flamigo|0 fnt\n|faint|p2a: Flamigo\n|-damage|p1a: Leafeon|141/258|[from] Recoil\n|-damage|p1a: Leafeon|116/258|[from] item: Life Orb\n|\n|win|p0x18491fa9", "uploadtime": 1783560681, "views": 0, "rating": 0, "private": 0, "password": null, "_winner": "p0x18491fa9", "_our_name": "p0x18491fa9"}