{"id": "battle-gen9randombattle-1302", "formatid": "gen9randombattle", "format": "[Gen 9] Random Battle", "players": ["p0x130215c1", "p0y13028fbc"], "log": "|init|battle\n|title|p0x130215c1 vs. p0y13028fbc\n|j|\u2606p0x130215c1\n|j|\u2606p0y13028fbc\n|t:|1783554242\n|gametype|singles\n|player|p1|p0x130215c1|102|\n|player|p2|p0y13028fbc|170|\n|gen|9\n|tier|[Gen 9] Random Battle\n|rule|Species Clause: Limit one of each Pok\u00e9mon\n|rule|HP Percentage Mod: HP is shown in percentages\n|rule|Sleep Clause Mod: Limit one foe put to sleep\n|rule|Illusion Level Mod: Illusion disguises the Pok\u00e9mon's true level\n|\n|t:|1783554242\n|teamsize|p1|6\n|teamsize|p2|6\n|start\n|switch|p1a: Toxtricity|Toxtricity, L82, F|257/257\n|switch|p2a: Tropius|Tropius, L91, M|100/100\n|turn|1\n|inactive|Battle timer is ON: inactive players will automatically lose when time's up. (requested by p0y13028fbc)\n|inactive|Time left: 300 sec this turn | 300 sec total | 60 sec grace\n|\n|t:|1783554244\n|move|p1a: Toxtricity|Boomburst|p2a: Tropius\n|-damage|p2a: Tropius|59/100\n|-enditem|p1a: Toxtricity|Throat Spray\n|-boost|p1a: Toxtricity|spa|1|[from] item: Throat Spray\n|move|p2a: Tropius|Earthquake|p1a: Toxtricity\n|-supereffective|p1a: Toxtricity\n|-damage|p1a: Toxtricity|0 fnt\n|faint|p1a: Toxtricity\n|\n|upkeep\n|inactive|Time left: 300 sec this turn | 300 sec total | 65 sec grace\n|inactive|p0x130215c1 also wants the timer to be on.\n|\n|t:|1783554245\n|switch|p1a: Cloyster|Cloyster, L80, F|211/211\n|turn|2\n|inactive|Time left: 300 sec this turn | 300 sec total\n|\n|t:|1783554246\n|switch|p2a: Dedenne|Dedenne, L88, F|100/100\n|move|p1a: Cloyster|Shell Smash|p1a: Cloyster\n|-unboost|p1a: Cloyster|def|1\n|-unboost|p1a: Cloyster|spd|1\n|-boost|p1a: Cloyster|atk|2\n|-boost|p1a: Cloyster|spa|2\n|-boost|p1a: Cloyster|spe|2\n|-enditem|p1a: Cloyster|White Herb\n|-clearnegativeboost|p1a: Cloyster|[silent]\n|\n|upkeep\n|turn|3\n|inactive|Time left: 300 sec this turn | 300 sec total\n|\n|t:|1783554247\n|move|p1a: Cloyster|Icicle Spear|p2a: Dedenne\n|-damage|p2a: Dedenne|75/100\n|-damage|p2a: Dedenne|48/100\n|-enditem|p2a: Dedenne|Sitrus Berry|[eat]\n|-heal|p2a: Dedenne|73/100|[from] item: Sitrus Berry\n|-heal|p2a: Dedenne|100/100|[from] ability: Cheek Pouch\n|-damage|p2a: Dedenne|75/100\n|-damage|p2a: Dedenne|50/100\n|-damage|p2a: Dedenne|26/100\n|-hitcount|p2a: Dedenne|5\n|move|p2a: Dedenne|Thunderbolt|p1a: Cloyster\n|-supereffective|p1a: Cloyster\n|-damage|p1a: Cloyster|0 fnt\n|faint|p1a: Cloyster\n|\n|upkeep\n|inactive|Time left: 300 sec this turn | 300 sec total | 5 sec grace\n|\n|t:|1783554248\n|switch|p1a: Flutter Mane|Flutter Mane, L74|203/203\n|turn|4\n|inactive|Time left: 300 sec this turn | 300 sec total\n|\n|t:|1783554250\n|move|p1a: Flutter Mane|Moonblast|p2a: Dedenne\n|-damage|p2a: Dedenne|0 fnt\n|faint|p2a: Dedenne\n|\n|upkeep\n|\n|t:|1783554251\n|switch|p2a: Groudon|Groudon, L72|100/100\n|-weather|SunnyDay|[from] ability: Drought|[of] p2a: Groudon\n|-activate|p1a: Flutter Mane|ability: Protosynthesis\n|-start|p1a: Flutter Mane|protosynthesisspa\n|turn|5\n|inactive|Time left: 300 sec this turn | 300 sec total\n|\n|t:|1783554252\n|-terastallize|p2a: Groudon|Fire\n|move|p1a: Flutter Mane|Moonblast|p2a: Groudon\n|-resisted|p2a: Groudon\n|-damage|p2a: Groudon|55/100\n|move|p2a: Groudon|Heat Crash|p1a: Flutter Mane\n|-crit|p1a: Flutter Mane\n|-damage|p1a: Flutter Mane|0 fnt\n|faint|p1a: Flutter Mane\n|-end|p1a: Flutter Mane|Protosynthesis|[silent]\n|\n|-weather|SunnyDay|[upkeep]\n|-heal|p2a: Groudon|61/100|[from] item: Leftovers\n|upkeep\n|inactive|Time left: 300 sec this turn | 300 sec total | 5 sec grace\n|\n|t:|1783554253\n|switch|p1a: Miraidon|Miraidon, L65|238/238\n|-fieldstart|move: Electric Terrain|[from] ability: Hadron Engine|[of] p1a: Miraidon\n|turn|6\n|inactive|Time left: 300 sec this turn | 300 sec total\n|\n|t:|1783554254\n|switch|p2a: Shiftry|Shiftry, L89, M|100/100\n|move|p1a: Miraidon|Electro Drift|p2a: Shiftry\n|-resisted|p2a: Shiftry\n|-damage|p2a: Shiftry|55/100\n|\n|-weather|SunnyDay|[upkeep]\n|upkeep\n|turn|7\n|inactive|Time left: 300 sec this turn | 300 sec total\n|\n|t:|1783554255\n|-terastallize|p1a: Miraidon|Electric\n|move|p2a: Shiftry|Sucker Punch|p1a: Miraidon\n|-damage|p1a: Miraidon|117/238\n|-damage|p2a: Shiftry|45/100|[from] item: Life Orb\n|move|p1a: Miraidon|Electro Drift|p2a: Shiftry\n|-resisted|p2a: Shiftry\n|-damage|p2a: Shiftry|0 fnt\n|faint|p2a: Shiftry\n|\n|-weather|SunnyDay|[upkeep]\n|upkeep\n|\n|t:|1783554256\n|switch|p2a: Hitmontop|Hitmontop, L88, M|100/100\n|turn|8\n|inactive|Time left: 300 sec this turn | 300 sec total\n|\n|t:|1783554258\n|move|p1a: Miraidon|Electro Drift|p2a: Hitmontop\n|-damage|p2a: Hitmontop|0 fnt\n|faint|p2a: Hitmontop\n|\n|-weather|SunnyDay|[upkeep]\n|upkeep\n|\n|t:|1783554259\n|switch|p2a: Groudon|Groudon, L72, tera:Fire|61/100\n|turn|9\n|inactive|Time left: 300 sec this turn | 300 sec total\n|\n|t:|1783554260\n|move|p1a: Miraidon|Electro Drift|p2a: Groudon\n|-damage|p2a: Groudon|0 fnt\n|faint|p2a: Groudon\n|\n|-weather|none\n|upkeep\n|\n|t:|1783554261\n|switch|p2a: Samurott|Samurott-Hisui, L77, M|100/100\n|turn|10\n|inactive|Time left: 300 sec this turn | 300 sec total\n|\n|t:|1783554262\n|move|p1a: Miraidon|Electro Drift|p2a: Samurott\n|-supereffective|p2a: Samurott\n|-damage|p2a: Samurott|0 fnt\n|faint|p2a: Samurott\n|\n|-fieldend|move: Electric Terrain\n|upkeep\n|\n|t:|1783554263\n|switch|p2a: Tropius|Tropius, L91, M|59/100\n|turn|11\n|inactive|Time left: 300 sec this turn | 300 sec total\n|\n|t:|1783554264\n|move|p1a: Miraidon|Electro Drift|p2a: Tropius\n|-damage|p2a: Tropius|10/100\n|-enditem|p2a: Tropius|Sitrus Berry|[eat]\n|-heal|p2a: Tropius|35/100|[from] item: Sitrus Berry\n|move|p2a: Tropius|Synthesis|p2a: Tropius\n|-heal|p2a: Tropius|85/100\n|\n|upkeep\n|turn|12\n|inactive|Time left: 300 sec this turn | 300 sec total\n|\n|t:|1783554265\n|move|p1a: Miraidon|Electro Drift|p2a: Tropius\n|-damage|p2a: Tropius|38/100\n|move|p2a: Tropius|Dragon Dance|p2a: Tropius\n|-boost|p2a: Tropius|atk|1\n|-boost|p2a: Tropius|spe|1\n|\n|-item|p2a: Tropius|Sitrus Berry|[from] ability: Harvest\n|upkeep\n|-enditem|p2a: Tropius|Sitrus Berry|[eat]\n|-heal|p2a: Tropius|63/100|[from] item: Sitrus Berry\n|turn|13\n|inactive|Time left: 300 sec this turn | 300 sec total\n|\n|t:|1783554266\n|move|p2a: Tropius|Dragon Dance|p2a: Tropius\n|-boost|p2a: Tropius|atk|1\n|-boost|p2a: Tropius|spe|1\n|move|p1a: Miraidon|Electro Drift|p2a: Tropius\n|-damage|p2a: Tropius|17/100\n|\n|-item|p2a: Tropius|Sitrus Berry|[from] ability: Harvest\n|upkeep\n|-enditem|p2a: Tropius|Sitrus Berry|[eat]\n|-heal|p2a: Tropius|42/100|[from] item: Sitrus Berry\n|turn|14\n|inactive|Time left: 300 sec this turn | 300 sec total\n|\n|t:|1783554267\n|move|p2a: Tropius|Synthesis|p2a: Tropius\n|-heal|p2a: Tropius|92/100\n|-activate|p1a: Miraidon|move: Struggle\n|move|p1a: Miraidon|Struggle|p2a: Tropius\n|-damage|p2a: Tropius|87/100\n|-damage|p1a: Miraidon|57/238|[from] recoil\n|\n|-item|p2a: Tropius|Sitrus Berry|[from] ability: Harvest\n|upkeep\n|turn|15\n|inactive|Time left: 300 sec this turn | 300 sec total\n|\n|t:|1783554267\n|move|p2a: Tropius|Dragon Dance|p2a: Tropius\n|-boost|p2a: Tropius|atk|1\n|-boost|p2a: Tropius|spe|1\n|-activate|p1a: Miraidon|move: Struggle\n|move|p1a: Miraidon|Struggle|p2a: Tropius\n|-damage|p2a: Tropius|83/100\n|-damage|p1a: Miraidon|0 fnt|[from] recoil\n|faint|p1a: Miraidon\n|\n|upkeep\n|inactive|Time left: 300 sec this turn | 300 sec total | 5 sec grace\n|\n|t:|1783554268\n|switch|p1a: Metagross|Metagross, L79|256/256\n|turn|16\n|inactive|Time left: 300 sec this turn | 300 sec total\n|\n|t:|1783554269\n|switch|p1a: Bellossom|Bellossom, L84, F|263/263\n|move|p2a: Tropius|Earthquake|p1a: Bellossom\n|-resisted|p1a: Bellossom\n|-damage|p1a: Bellossom|191/263\n|\n|-heal|p1a: Bellossom|207/263|[from] item: Leftovers\n|upkeep\n|turn|17\n|inactive|Time left: 300 sec this turn | 300 sec total\n|\n|t:|1783554270\n|switch|p1a: Metagross|Metagross, L79|256/256\n|move|p2a: Tropius|Dual Wingbeat|p1a: Metagross\n|-resisted|p1a: Metagross\n|-damage|p1a: Metagross|221/256\n|-resisted|p1a: Metagross\n|-damage|p1a: Metagross|186/256\n|-hitcount|p1a: Metagross|2\n|\n|upkeep\n|turn|18\n|inactive|Time left: 300 sec this turn | 300 sec total\n|\n|t:|1783554271\n|switch|p1a: Bellossom|Bellossom, L84, F|207/263\n|move|p2a: Tropius|Earthquake|p1a: Bellossom\n|-resisted|p1a: Bellossom\n|-damage|p1a: Bellossom|131/263\n|\n|-heal|p1a: Bellossom|147/263|[from] item: Leftovers\n|upkeep\n|turn|19\n|inactive|Time left: 300 sec this turn | 300 sec total\n|\n|t:|1783554272\n|switch|p1a: Metagross|Metagross, L79|186/256\n|move|p2a: Tropius|Dual Wingbeat|p1a: Metagross\n|-resisted|p1a: Metagross\n|-damage|p1a: Metagross|147/256\n|-resisted|p1a: Metagross\n|-damage|p1a: Metagross|108/256\n|-hitcount|p1a: Metagross|2\n|\n|upkeep\n|turn|20\n|inactive|Time left: 300 sec this turn | 300 sec total\n|\n|t:|1783554272\n|switch|p1a: Bellossom|Bellossom, L84, F|147/263\n|move|p2a: Tropius|Earthquake|p1a: Bellossom\n|-resisted|p1a: Bellossom\n|-damage|p1a: Bellossom|75/263\n|\n|-heal|p1a: Bellossom|91/263|[from] item: Leftovers\n|upkeep\n|turn|21\n|inactive|Time left: 300 sec this turn | 300 sec total\n|\n|t:|1783554273\n|switch|p1a: Metagross|Metagross, L79|108/256\n|move|p2a: Tropius|Dual Wingbeat|p1a: Metagross\n|-resisted|p1a: Metagross\n|-damage|p1a: Metagross|73/256\n|-resisted|p1a: Metagross\n|-damage|p1a: Metagross|33/256\n|-hitcount|p1a: Metagross|2\n|\n|upkeep\n|turn|22\n|inactive|Time left: 300 sec this turn | 300 sec total\n|\n|t:|1783554274\n|switch|p1a: Bellossom|Bellossom, L84, F|91/263\n|move|p2a: Tropius|Earthquake|p1a: Bellossom\n|-resisted|p1a: Bellossom\n|-damage|p1a: Bellossom|17/263\n|\n|-heal|p1a: Bellossom|33/263|[from] item: Leftovers\n|upkeep\n|turn|23\n|inactive|Time left: 300 sec this turn | 300 sec total\n|\n|t:|1783554275\n|move|p2a: Tropius|Earthquake|p1a: Bellossom\n|-resisted|p1a: Bellossom\n|-damage|p1a: Bellossom|0 fnt\n|faint|p1a: Bellossom\n|\n|upkeep\n|inactive|Time left: 300 sec this turn | 300 sec total | 5 sec grace\n|\n|t:|1783554275\n|switch|p1a: Metagross|Metagross, L79|33/256\n|turn|24\n|inactive|Time left: 300 sec this turn | 300 sec total\n|\n|t:|1783554276\n|move|p2a: Tropius|Earthquake|p1a: Metagross\n|-supereffective|p1a: Metagross\n|-damage|p1a: Metagross|0 fnt\n|faint|p1a: Metagross\n|\n|win|p0y13028fbc", "uploadtime": 1783554276, "views": 0, "rating": 0, "private": 0, "password": null, "_winner": "p0y13028fbc", "_our_name": "p0x130215c1"}