{"id": "battle-gen9randombattle-2388", "formatid": "gen9randombattle", "format": "[Gen 9] Random Battle", "players": ["p0x2389fd44", "p0y23899428"], "log": "|init|battle\n|title|p0x2389fd44 vs. p0y23899428\n|j|\u2606p0x2389fd44\n|j|\u2606p0y23899428\n|t:|1783567711\n|gametype|singles\n|player|p1|p0x2389fd44|101|\n|player|p2|p0y23899428|2|\n|gen|9\n|tier|[Gen 9] Random Battle\n|rule|Species Clause: Limit one of each Pok\u00e9mon\n|rule|HP Percentage Mod: HP is shown in percentages\n|rule|Sleep Clause Mod: Limit one foe put to sleep\n|rule|Illusion Level Mod: Illusion disguises the Pok\u00e9mon's true level\n|\n|t:|1783567711\n|teamsize|p1|6\n|teamsize|p2|6\n|start\n|switch|p1a: Great Tusk|Great Tusk, L77|304/304\n|switch|p2a: Weavile|Weavile, L79, M|100/100\n|turn|1\n|inactive|Battle timer is ON: inactive players will automatically lose when time's up. (requested by p0y23899428)\n|inactive|Time left: 300 sec this turn | 300 sec total | 60 sec grace\n|inactive|p0x2389fd44 also wants the timer to be on.\n|\n|t:|1783567713\n|move|p2a: Weavile|Triple Axel|p1a: Great Tusk\n|-supereffective|p1a: Great Tusk\n|-damage|p1a: Great Tusk|272/304\n|-supereffective|p1a: Great Tusk\n|-damage|p1a: Great Tusk|200/304\n|-supereffective|p1a: Great Tusk\n|-damage|p1a: Great Tusk|98/304\n|-hitcount|p1a: Great Tusk|3\n|move|p1a: Great Tusk|Close Combat|p2a: Weavile\n|-supereffective|p2a: Weavile\n|-damage|p2a: Weavile|0 fnt\n|-unboost|p1a: Great Tusk|def|1\n|-unboost|p1a: Great Tusk|spd|1\n|faint|p2a: Weavile\n|\n|-heal|p1a: Great Tusk|117/304|[from] item: Leftovers\n|upkeep\n|\n|t:|1783567714\n|switch|p2a: Palkia|Palkia-Origin, L72|100/100\n|-ability|p2a: Palkia|Pressure\n|turn|2\n|inactive|Time left: 300 sec this turn | 300 sec total\n|\n|t:|1783567715\n|-end|p1a: Great Tusk|Protosynthesis|[silent]\n|switch|p1a: Porygon2|Porygon2, L81|270/270\n|-ability|p1a: Porygon2|Download|boost\n|-boost|p1a: Porygon2|atk|1\n|move|p2a: Palkia|Spacial Rend|p1a: Porygon2|[miss]\n|-miss|p2a: Palkia|p1a: Porygon2\n|\n|upkeep\n|turn|3\n|inactive|Time left: 300 sec this turn | 300 sec total\n|\n|t:|1783567716\n|move|p2a: Palkia|Spacial Rend|p1a: Porygon2\n|-damage|p1a: Porygon2|186/270\n|move|p1a: Porygon2|Tri Attack|p2a: Palkia\n|-damage|p2a: Palkia|69/100\n|\n|upkeep\n|turn|4\n|inactive|Time left: 300 sec this turn | 300 sec total\n|\n|t:|1783567717\n|move|p2a: Palkia|Hydro Pump|p1a: Porygon2\n|-damage|p1a: Porygon2|96/270\n|move|p1a: Porygon2|Tri Attack|p2a: Palkia\n|-damage|p2a: Palkia|37/100\n|\n|upkeep\n|turn|5\n|inactive|Time left: 300 sec this turn | 300 sec total\n|\n|t:|1783567718\n|move|p2a: Palkia|Hydro Pump|p1a: Porygon2\n|-damage|p1a: Porygon2|0 fnt\n|faint|p1a: Porygon2\n|\n|upkeep\n|inactive|Time left: 300 sec this turn | 300 sec total | 5 sec grace\n|\n|t:|1783567719\n|switch|p1a: Noivern|Noivern, L82, M|274/274\n|turn|6\n|inactive|Time left: 300 sec this turn | 300 sec total\n|\n|t:|1783567721\n|move|p1a: Noivern|Boomburst|p2a: Palkia\n|-damage|p2a: Palkia|0 fnt\n|faint|p2a: Palkia\n|\n|upkeep\n|\n|t:|1783567721\n|switch|p2a: Oricorio|Oricorio, L84, M|100/100\n|turn|7\n|inactive|Time left: 300 sec this turn | 300 sec total\n|\n|t:|1783567723\n|move|p1a: Noivern|Boomburst|p2a: Oricorio\n|-damage|p2a: Oricorio|39/100\n|move|p2a: Oricorio|Quiver Dance|p2a: Oricorio\n|-boost|p2a: Oricorio|spa|1\n|-boost|p2a: Oricorio|spd|1\n|-boost|p2a: Oricorio|spe|1\n|\n|upkeep\n|turn|8\n|inactive|Time left: 300 sec this turn | 300 sec total\n|\n|t:|1783567724\n|move|p2a: Oricorio|Roost|p2a: Oricorio\n|-heal|p2a: Oricorio|89/100\n|-singleturn|p2a: Oricorio|move: Roost\n|move|p1a: Noivern|Boomburst|p2a: Oricorio\n|-damage|p2a: Oricorio|45/100\n|\n|upkeep\n|turn|9\n|inactive|Time left: 300 sec this turn | 300 sec total\n|\n|t:|1783567725\n|-terastallize|p1a: Noivern|Normal\n|move|p2a: Oricorio|Roost|p2a: Oricorio\n|-heal|p2a: Oricorio|96/100\n|-singleturn|p2a: Oricorio|move: Roost\n|move|p1a: Noivern|Boomburst|p2a: Oricorio\n|-damage|p2a: Oricorio|29/100\n|\n|upkeep\n|turn|10\n|inactive|Time left: 300 sec this turn | 300 sec total\n|\n|t:|1783567726\n|move|p2a: Oricorio|Hurricane|p1a: Noivern|[miss]\n|-miss|p2a: Oricorio|p1a: Noivern\n|move|p1a: Noivern|Boomburst|p2a: Oricorio\n|-damage|p2a: Oricorio|0 fnt\n|faint|p2a: Oricorio\n|\n|upkeep\n|\n|t:|1783567727\n|switch|p2a: Illumise|Illumise, L91, F|100/100\n|turn|11\n|inactive|Time left: 300 sec this turn | 300 sec total\n|\n|t:|1783567727\n|move|p1a: Noivern|Boomburst|p2a: Illumise\n|-damage|p2a: Illumise|25/100\n|move|p2a: Illumise|Bug Buzz|p1a: Noivern\n|-damage|p1a: Noivern|177/274\n|\n|upkeep\n|turn|12\n|inactive|Time left: 300 sec this turn | 300 sec total\n|\n|t:|1783567728\n|move|p2a: Illumise|Thunder Wave|p1a: Noivern\n|-status|p1a: Noivern|par\n|move|p1a: Noivern|Boomburst|p2a: Illumise\n|-damage|p2a: Illumise|0 fnt\n|faint|p2a: Illumise\n|\n|upkeep\n|\n|t:|1783567729\n|switch|p2a: Crawdaunt|Crawdaunt, L84, M|100/100\n|turn|13\n|inactive|Time left: 300 sec this turn | 300 sec total\n|\n|t:|1783567730\n|move|p2a: Crawdaunt|Crabhammer|p1a: Noivern\n|-crit|p1a: Noivern\n|-damage|p1a: Noivern|0 fnt\n|faint|p1a: Noivern\n|\n|upkeep\n|inactive|Time left: 300 sec this turn | 300 sec total | 5 sec grace\n|\n|t:|1783567731\n|switch|p1a: Raging Bolt|Raging Bolt, L78|323/323\n|turn|14\n|inactive|Time left: 300 sec this turn | 300 sec total\n|\n|t:|1783567732\n|switch|p2a: Groudon|Groudon, L72|100/100\n|-weather|SunnyDay|[from] ability: Drought|[of] p2a: Groudon\n|-activate|p1a: Raging Bolt|ability: Protosynthesis\n|-start|p1a: Raging Bolt|protosynthesisspa\n|move|p1a: Raging Bolt|Discharge|p2a: Groudon\n|-immune|p2a: Groudon\n|\n|-weather|SunnyDay|[upkeep]\n|upkeep\n|turn|15\n|inactive|Time left: 300 sec this turn | 300 sec total\n|\n|t:|1783567733\n|move|p2a: Groudon|Precipice Blades|p1a: Raging Bolt\n|-supereffective|p1a: Raging Bolt\n|-damage|p1a: Raging Bolt|57/323\n|move|p1a: Raging Bolt|Draco Meteor|p2a: Groudon\n|-damage|p2a: Groudon|9/100\n|-unboost|p1a: Raging Bolt|spa|2\n|\n|-weather|SunnyDay|[upkeep]\n|-heal|p2a: Groudon|15/100|[from] item: Leftovers\n|upkeep\n|turn|16\n|inactive|Time left: 300 sec this turn | 300 sec total\n|\n|t:|1783567734\n|-end|p1a: Raging Bolt|Protosynthesis|[silent]\n|switch|p1a: Great Tusk|Great Tusk, L77|117/304\n|-activate|p1a: Great Tusk|ability: Protosynthesis\n|-start|p1a: Great Tusk|protosynthesisatk\n|move|p2a: Groudon|Precipice Blades|p1a: Great Tusk|[miss]\n|-miss|p2a: Groudon|p1a: Great Tusk\n|\n|-weather|SunnyDay|[upkeep]\n|-heal|p1a: Great Tusk|136/304|[from] item: Leftovers\n|-heal|p2a: Groudon|21/100|[from] item: Leftovers\n|upkeep\n|turn|17\n|inactive|Time left: 300 sec this turn | 300 sec total\n|\n|t:|1783567734\n|move|p1a: Great Tusk|Earthquake|p2a: Groudon\n|-damage|p2a: Groudon|0 fnt\n|faint|p2a: Groudon\n|\n|-weather|SunnyDay|[upkeep]\n|-heal|p1a: Great Tusk|155/304|[from] item: Leftovers\n|upkeep\n|\n|t:|1783567735\n|switch|p2a: Crawdaunt|Crawdaunt, L84, M|100/100\n|turn|18\n|inactive|Time left: 300 sec this turn | 300 sec total\n|\n|t:|1783567736\n|-terastallize|p2a: Crawdaunt|Fighting\n|move|p2a: Crawdaunt|Aqua Jet|p1a: Great Tusk\n|-supereffective|p1a: Great Tusk\n|-damage|p1a: Great Tusk|101/304\n|move|p1a: Great Tusk|Close Combat|p2a: Crawdaunt\n|-damage|p2a: Crawdaunt|24/100\n|-unboost|p1a: Great Tusk|def|1\n|-unboost|p1a: Great Tusk|spd|1\n|\n|-weather|none\n|-end|p1a: Great Tusk|Protosynthesis\n|-heal|p1a: Great Tusk|120/304|[from] item: Leftovers\n|upkeep\n|turn|19\n|inactive|Time left: 300 sec this turn | 300 sec total\n|\n|t:|1783567737\n|move|p2a: Crawdaunt|Aqua Jet|p1a: Great Tusk\n|-supereffective|p1a: Great Tusk\n|-damage|p1a: Great Tusk|0 fnt\n|faint|p1a: Great Tusk\n|-end|p1a: Great Tusk|Protosynthesis|[silent]\n|\n|upkeep\n|inactive|Time left: 300 sec this turn | 300 sec total | 5 sec grace\n|\n|t:|1783567738\n|switch|p1a: Raging Bolt|Raging Bolt, L78|57/323\n|turn|20\n|inactive|Time left: 300 sec this turn | 300 sec total\n|\n|t:|1783567739\n|move|p2a: Crawdaunt|Aqua Jet|p1a: Raging Bolt\n|-resisted|p1a: Raging Bolt\n|-damage|p1a: Raging Bolt|15/323\n|move|p1a: Raging Bolt|Discharge|p2a: Crawdaunt\n|-damage|p2a: Crawdaunt|0 fnt\n|faint|p2a: Crawdaunt\n|\n|win|p0x2389fd44", "uploadtime": 1783567739, "views": 0, "rating": 0, "private": 0, "password": null, "_winner": "p0x2389fd44", "_our_name": "p0x2389fd44"}