{"id": "battle-gen9randombattle-217", "formatid": "gen9randombattle", "format": "[Gen 9] Random Battle", "players": ["p0x217413f", "p0y2171246"], "log": "|init|battle\n|title|p0x217413f vs. p0y2171246\n|j|\u2606p0x217413f\n|j|\u2606p0y2171246\n|t:|1783535776\n|gametype|singles\n|player|p1|p0x217413f|169|\n|player|p2|p0y2171246|170|\n|gen|9\n|tier|[Gen 9] Random Battle\n|rule|Species Clause: Limit one of each Pok\u00e9mon\n|rule|HP Percentage Mod: HP is shown in percentages\n|rule|Sleep Clause Mod: Limit one foe put to sleep\n|rule|Illusion Level Mod: Illusion disguises the Pok\u00e9mon's true level\n|\n|t:|1783535777\n|teamsize|p1|6\n|teamsize|p2|6\n|start\n|switch|p1a: Darkrai|Darkrai, L77|234/234\n|switch|p2a: Sceptile|Sceptile, L87, M|100/100\n|turn|1\n|inactive|Battle timer is ON: inactive players will automatically lose when time's up. (requested by p0y2171246)\n|inactive|Time left: 300 sec this turn | 300 sec total | 60 sec grace\n|\n|t:|1783535778\n|move|p2a: Sceptile|Focus Blast|p1a: Darkrai|[miss]\n|-miss|p2a: Sceptile|p1a: Darkrai\n|move|p1a: Darkrai|Sludge Bomb|p2a: Sceptile\n|-supereffective|p2a: Sceptile\n|-damage|p2a: Sceptile|35/100\n|-damage|p1a: Darkrai|211/234|[from] item: Life Orb\n|\n|-heal|p2a: Sceptile|41/100|[from] item: Leftovers\n|upkeep\n|turn|2\n|inactive|Time left: 300 sec this turn | 300 sec total\n|inactive|p0x217413f also wants the timer to be on.\n|\n|t:|1783535779\n|move|p2a: Sceptile|Focus Blast|p1a: Darkrai|[miss]\n|-miss|p2a: Sceptile|p1a: Darkrai\n|move|p1a: Darkrai|Nasty Plot|p1a: Darkrai\n|-boost|p1a: Darkrai|spa|2\n|\n|-heal|p2a: Sceptile|47/100|[from] item: Leftovers\n|upkeep\n|turn|3\n|inactive|Time left: 300 sec this turn | 300 sec total\n|\n|t:|1783535780\n|move|p2a: Sceptile|Focus Blast|p1a: Darkrai\n|-supereffective|p1a: Darkrai\n|-damage|p1a: Darkrai|9/234\n|move|p1a: Darkrai|Dark Pulse|p2a: Sceptile\n|-damage|p2a: Sceptile|0 fnt\n|faint|p2a: Sceptile\n|-damage|p1a: Darkrai|0 fnt|[from] item: Life Orb\n|faint|p1a: Darkrai\n|\n|upkeep\n|inactive|Time left: 300 sec this turn | 300 sec total | 5 sec grace\n|\n|t:|1783535781\n|switch|p2a: Samurott|Samurott-Hisui, L77, M|100/100\n|switch|p1a: Toucannon|Toucannon, L88, M|284/284\n|turn|4\n|inactive|Time left: 300 sec this turn | 300 sec total\n|\n|t:|1783535782\n|move|p2a: Samurott|Ceaseless Edge|p1a: Toucannon\n|-damage|p1a: Toucannon|137/284\n|-sidestart|p1: p0x217413f|Spikes\n|move|p1a: Toucannon|Bullet Seed|p2a: Samurott\n|-supereffective|p2a: Samurott\n|-damage|p2a: Samurott|80/100\n|-supereffective|p2a: Samurott\n|-damage|p2a: Samurott|61/100\n|-supereffective|p2a: Samurott\n|-damage|p2a: Samurott|42/100\n|-supereffective|p2a: Samurott\n|-damage|p2a: Samurott|24/100\n|-supereffective|p2a: Samurott\n|-damage|p2a: Samurott|2/100\n|-hitcount|p2a: Samurott|5\n|\n|upkeep\n|turn|5\n|inactive|Time left: 300 sec this turn | 300 sec total\n|\n|t:|1783535783\n|switch|p1a: Scyther|Scyther, L82, M|249/249\n|move|p2a: Samurott|Ceaseless Edge|p1a: Scyther\n|-damage|p1a: Scyther|81/249\n|-sidestart|p1: p0x217413f|Spikes\n|\n|upkeep\n|turn|6\n|inactive|Time left: 300 sec this turn | 300 sec total\n|\n|t:|1783535785\n|move|p1a: Scyther|Dual Wingbeat|p2a: Samurott\n|-damage|p2a: Samurott|0 fnt\n|faint|p2a: Samurott\n|-hitcount|p2: Samurott|1\n|\n|upkeep\n|\n|t:|1783535785\n|switch|p2a: Indeedee|Indeedee-F, L90, F|100/100\n|-fieldstart|move: Psychic Terrain|[from] ability: Psychic Surge|[of] p2a: Indeedee\n|turn|7\n|inactive|Time left: 300 sec this turn | 300 sec total\n|\n|t:|1783535786\n|move|p2a: Indeedee|Psychic|p1a: Scyther\n|-damage|p1a: Scyther|0 fnt\n|faint|p1a: Scyther\n|\n|upkeep\n|inactive|Time left: 300 sec this turn | 300 sec total | 5 sec grace\n|\n|t:|1783535787\n|switch|p1a: Toucannon|Toucannon, L88, M|137/284\n|turn|8\n|inactive|Time left: 300 sec this turn | 300 sec total\n|\n|t:|1783535788\n|-terastallize|p1a: Toucannon|Steel\n|move|p2a: Indeedee|Psychic|p1a: Toucannon\n|-resisted|p1a: Toucannon\n|-damage|p1a: Toucannon|68/284\n|move|p1a: Toucannon|Roost|p1a: Toucannon\n|-heal|p1a: Toucannon|210/284\n|\n|upkeep\n|turn|9\n|inactive|Time left: 300 sec this turn | 300 sec total\n|\n|t:|1783535789\n|switch|p2a: Misdreavus|Misdreavus, L90, F|100/100\n|-singleturn|p1a: Toucannon|move: Beak Blast\n|move|p1a: Toucannon|Beak Blast|p2a: Misdreavus\n|-damage|p2a: Misdreavus|59/100\n|\n|upkeep\n|turn|10\n|inactive|Time left: 300 sec this turn | 300 sec total\n|\n|t:|1783535790\n|-singleturn|p1a: Toucannon|move: Beak Blast\n|move|p2a: Misdreavus|Will-O-Wisp|p1a: Toucannon\n|-status|p1a: Toucannon|brn\n|move|p1a: Toucannon|Beak Blast|p2a: Misdreavus\n|-damage|p2a: Misdreavus|36/100\n|\n|-damage|p1a: Toucannon|193/284 brn|[from] brn\n|upkeep\n|turn|11\n|inactive|Time left: 300 sec this turn | 300 sec total\n|\n|t:|1783535791\n|-singleturn|p1a: Toucannon|move: Beak Blast\n|move|p2a: Misdreavus|Shadow Ball|p1a: Toucannon\n|-damage|p1a: Toucannon|96/284 brn\n|move|p1a: Toucannon|Beak Blast|p2a: Misdreavus\n|-damage|p2a: Misdreavus|13/100\n|\n|-damage|p1a: Toucannon|79/284 brn|[from] brn\n|-fieldend|move: Psychic Terrain\n|upkeep\n|turn|12\n|inactive|Time left: 300 sec this turn | 300 sec total\n|\n|t:|1783535792\n|move|p2a: Misdreavus|Shadow Ball|p1a: Toucannon\n|-damage|p1a: Toucannon|0 fnt\n|faint|p1a: Toucannon\n|\n|upkeep\n|inactive|Time left: 300 sec this turn | 300 sec total | 5 sec grace\n|\n|t:|1783535793\n|switch|p1a: Cetitan|Cetitan, L82, M|413/413\n|-damage|p1a: Cetitan|345/413|[from] Spikes\n|turn|13\n|inactive|Time left: 300 sec this turn | 300 sec total\n|\n|t:|1783535794\n|switch|p2a: Okidogi|Okidogi, L77, M|100/100\n|move|p1a: Cetitan|Ice Shard|p2a: Okidogi\n|-damage|p2a: Okidogi|80/100\n|-damage|p1a: Cetitan|304/413|[from] item: Life Orb\n|\n|-heal|p2a: Okidogi|86/100|[from] item: Leftovers\n|upkeep\n|turn|14\n|inactive|Time left: 300 sec this turn | 300 sec total\n|\n|t:|1783535795\n|move|p2a: Okidogi|Bulk Up|p2a: Okidogi\n|-boost|p2a: Okidogi|atk|1\n|-boost|p2a: Okidogi|def|1\n|move|p1a: Cetitan|Icicle Crash|p2a: Okidogi\n|-damage|p2a: Okidogi|47/100\n|\n|-heal|p2a: Okidogi|53/100|[from] item: Leftovers\n|upkeep\n|turn|15\n|inactive|Time left: 300 sec this turn | 300 sec total\n|\n|t:|1783535796\n|switch|p1a: Sunflora|Sunflora, M|312/312\n|-damage|p1a: Sunflora|260/312|[from] Spikes\n|move|p2a: Okidogi|Drain Punch|p1a: Sunflora\n|-damage|p1a: Sunflora|119/312\n|-heal|p2a: Okidogi|80/100|[from] drain|[of] p1a: Sunflora\n|-status|p1a: Sunflora|tox|[from] ability: Toxic Chain|[of] p2a: Okidogi\n|\n|-heal|p2a: Okidogi|86/100|[from] item: Leftovers\n|-damage|p1a: Sunflora|100/312 tox|[from] psn\n|upkeep\n|turn|16\n|inactive|Time left: 300 sec this turn | 300 sec total\n|\n|t:|1783535797\n|move|p2a: Okidogi|Knock Off|p1a: Sunflora\n|-damage|p1a: Sunflora|0 fnt\n|-enditem|p1a: Sunflora|Life Orb|[from] move: Knock Off|[of] p2a: Okidogi\n|faint|p1a: Sunflora\n|\n|-heal|p2a: Okidogi|92/100|[from] item: Leftovers\n|upkeep\n|inactive|Time left: 300 sec this turn | 300 sec total | 5 sec grace\n|\n|t:|1783535798\n|switch|p1a: Cetitan|Cetitan, L82, M|304/413\n|-damage|p1a: Cetitan|236/413|[from] Spikes\n|turn|17\n|inactive|Time left: 300 sec this turn | 300 sec total\n|\n|t:|1783535799\n|switch|p1a: Palafin|Palafin, L77, M|281/281\n|-damage|p1a: Palafin|235/281|[from] Spikes\n|move|p2a: Okidogi|Drain Punch|p1a: Palafin\n|-damage|p1a: Palafin|87/281\n|-heal|p2a: Okidogi|100/100|[from] drain|[of] p1a: Palafin\n|-status|p1a: Palafin|tox|[from] ability: Toxic Chain|[of] p2a: Okidogi\n|\n|-damage|p1a: Palafin|70/281 tox|[from] psn\n|upkeep\n|turn|18\n|inactive|Time left: 300 sec this turn | 300 sec total\n|\n|t:|1783535800\n|-terastallize|p2a: Okidogi|Dark\n|move|p1a: Palafin|Close Combat|p2a: Okidogi\n|-supereffective|p2a: Okidogi\n|-damage|p2a: Okidogi|59/100\n|-unboost|p1a: Palafin|def|1\n|-unboost|p1a: Palafin|spd|1\n|move|p2a: Okidogi|Knock Off|p1a: Palafin\n|-damage|p1a: Palafin|0 fnt\n|-enditem|p1a: Palafin|Choice Band|[from] move: Knock Off|[of] p2a: Okidogi\n|faint|p1a: Palafin\n|\n|-heal|p2a: Okidogi|65/100|[from] item: Leftovers\n|upkeep\n|inactive|Time left: 300 sec this turn | 300 sec total | 5 sec grace\n|\n|t:|1783535801\n|switch|p1a: Cetitan|Cetitan, L82, M|236/413\n|-damage|p1a: Cetitan|168/413|[from] Spikes\n|turn|19\n|inactive|Time left: 300 sec this turn | 300 sec total\n|\n|t:|1783535802\n|move|p2a: Okidogi|Drain Punch|p1a: Cetitan\n|-supereffective|p1a: Cetitan\n|-damage|p1a: Cetitan|0 fnt\n|-heal|p2a: Okidogi|97/100|[from] drain|[of] p1a: Cetitan\n|faint|p1a: Cetitan\n|\n|win|p0y2171246", "uploadtime": 1783535802, "views": 0, "rating": 0, "private": 0, "password": null, "_winner": "p0y2171246", "_our_name": "p0x217413f"}