{"id": "battle-gen9randombattle-926", "formatid": "gen9randombattle", "format": "[Gen 9] Random Battle", "players": ["p0x9260bc9", "p0y926d0e1"], "log": "|init|battle\n|title|p0x9260bc9 vs. p0y926d0e1\n|j|\u2606p0x9260bc9\n|j|\u2606p0y926d0e1\n|t:|1783549894\n|gametype|singles\n|player|p1|p0x9260bc9|169|\n|player|p2|p0y926d0e1|2|\n|gen|9\n|tier|[Gen 9] Random Battle\n|rule|Species Clause: Limit one of each Pok\u00e9mon\n|rule|HP Percentage Mod: HP is shown in percentages\n|rule|Sleep Clause Mod: Limit one foe put to sleep\n|rule|Illusion Level Mod: Illusion disguises the Pok\u00e9mon's true level\n|\n|t:|1783549894\n|teamsize|p1|6\n|teamsize|p2|6\n|start\n|switch|p1a: Wigglytuff|Wigglytuff, L96, F|100/100\n|switch|p2a: Slaking|Slaking, L84, M|389/389\n|turn|1\n|inactive|Battle timer is ON: inactive players will automatically lose when time's up. (requested by p0x9260bc9)\n|inactive|Time left: 300 sec this turn | 300 sec total | 60 sec grace\n|inactive|p0y926d0e1 also wants the timer to be on.\n|\n|t:|1783549896\n|move|p1a: Wigglytuff|Protect|p1a: Wigglytuff\n|-singleturn|p1a: Wigglytuff|Protect\n|move|p2a: Slaking|Giga Impact|p1a: Wigglytuff\n|-activate|p1a: Wigglytuff|move: Protect\n|\n|upkeep\n|turn|2\n|inactive|Time left: 300 sec this turn | 300 sec total\n|\n|t:|1783549897\n|cant|p2a: Slaking|ability: Truant\n|move|p1a: Wigglytuff|Dazzling Gleam|p2a: Slaking\n|-damage|p2a: Slaking|262/389\n|\n|upkeep\n|turn|3\n|inactive|Time left: 300 sec this turn | 300 sec total\n|\n|t:|1783549898\n|switch|p1a: Lycanroc|Lycanroc-Midnight, L89, F|100/100\n|move|p2a: Slaking|Giga Impact|p1a: Lycanroc\n|-resisted|p1a: Lycanroc\n|-damage|p1a: Lycanroc|41/100\n|-mustrecharge|p2a: Slaking\n|\n|upkeep\n|turn|4\n|inactive|Time left: 300 sec this turn | 300 sec total\n|\n|t:|1783549900\n|-terastallize|p1a: Lycanroc|Fighting\n|cant|p2a: Slaking|recharge\n|move|p1a: Lycanroc|Close Combat|p2a: Slaking\n|-supereffective|p2a: Slaking\n|-damage|p2a: Slaking|0 fnt\n|-unboost|p1a: Lycanroc|def|1\n|-unboost|p1a: Lycanroc|spd|1\n|faint|p2a: Slaking\n|-damage|p1a: Lycanroc|31/100|[from] item: Life Orb\n|\n|upkeep\n|inactive|Time left: 300 sec this turn | 300 sec total | 5 sec grace\n|\n|t:|1783549900\n|switch|p2a: Tornadus|Tornadus, L82, M|263/263\n|turn|5\n|inactive|Time left: 300 sec this turn | 300 sec total\n|\n|t:|1783549901\n|switch|p1a: Dragonite|Dragonite, L74, F|100/100\n|move|p2a: Tornadus|Bleakwind Storm|p1a: Dragonite\n|-damage|p1a: Dragonite|63/100\n|\n|upkeep\n|turn|6\n|inactive|Time left: 300 sec this turn | 300 sec total\n|\n|t:|1783549902\n|move|p2a: Tornadus|Bleakwind Storm|p1a: Dragonite\n|-damage|p1a: Dragonite|0 fnt\n|faint|p1a: Dragonite\n|\n|upkeep\n|\n|t:|1783549903\n|switch|p1a: Kyogre|Kyogre, L71|100/100\n|-weather|RainDance|[from] ability: Drizzle|[of] p1a: Kyogre\n|turn|7\n|inactive|Time left: 300 sec this turn | 300 sec total\n|\n|t:|1783549903\n|move|p1a: Kyogre|Water Spout|p2a: Tornadus\n|-damage|p2a: Tornadus|16/263\n|move|p2a: Tornadus|Bleakwind Storm|p1a: Kyogre\n|-damage|p1a: Kyogre|44/100\n|-unboost|p1a: Kyogre|spe|1\n|\n|-weather|RainDance|[upkeep]\n|upkeep\n|turn|8\n|inactive|Time left: 300 sec this turn | 300 sec total\n|\n|t:|1783549904\n|switch|p1a: Lycanroc|Lycanroc-Midnight, L89, F, tera:Fighting|31/100\n|move|p2a: Tornadus|Bleakwind Storm|p1a: Lycanroc\n|-supereffective|p1a: Lycanroc\n|-crit|p1a: Lycanroc\n|-damage|p1a: Lycanroc|0 fnt\n|faint|p1a: Lycanroc\n|\n|-weather|RainDance|[upkeep]\n|upkeep\n|\n|t:|1783549905\n|switch|p1a: Kyogre|Kyogre, L71|44/100\n|turn|9\n|inactive|Time left: 300 sec this turn | 300 sec total\n|\n|t:|1783549905\n|switch|p2a: Tatsugiri|Tatsugiri, L87, F|260/260\n|move|p1a: Kyogre|Origin Pulse|p2a: Tatsugiri\n|-ability|p2a: Tatsugiri|Storm Drain|boost\n|-boost|p2a: Tatsugiri|spa|1\n|\n|-weather|RainDance|[upkeep]\n|upkeep\n|turn|10\n|inactive|Time left: 300 sec this turn | 300 sec total\n|\n|t:|1783549906\n|switch|p1a: Venusaur|Venusaur, L84, M|100/100\n|move|p2a: Tatsugiri|Hydro Pump|p1a: Venusaur\n|-resisted|p1a: Venusaur\n|-damage|p1a: Venusaur|45/100\n|\n|-weather|RainDance|[upkeep]\n|-heal|p1a: Venusaur|52/100|[from] item: Leftovers\n|upkeep\n|turn|11\n|inactive|Time left: 300 sec this turn | 300 sec total\n|\n|t:|1783549907\n|move|p2a: Tatsugiri|Hydro Pump|p1a: Venusaur\n|-resisted|p1a: Venusaur\n|-damage|p1a: Venusaur|0 fnt\n|faint|p1a: Venusaur\n|\n|-weather|none\n|upkeep\n|\n|t:|1783549907\n|switch|p1a: Wigglytuff|Wigglytuff, L96, F|100/100\n|turn|12\n|inactive|Time left: 300 sec this turn | 300 sec total\n|\n|t:|1783549908\n|move|p2a: Tatsugiri|Nasty Plot|p2a: Tatsugiri\n|-boost|p2a: Tatsugiri|spa|2\n|move|p1a: Wigglytuff|Dazzling Gleam|p2a: Tatsugiri\n|-supereffective|p2a: Tatsugiri\n|-damage|p2a: Tatsugiri|72/260\n|\n|upkeep\n|turn|13\n|inactive|Time left: 300 sec this turn | 300 sec total\n|\n|t:|1783549909\n|move|p2a: Tatsugiri|Hydro Pump|p1a: Wigglytuff|[miss]\n|-miss|p2a: Tatsugiri|p1a: Wigglytuff\n|move|p1a: Wigglytuff|Dazzling Gleam|p2a: Tatsugiri\n|-supereffective|p2a: Tatsugiri\n|-damage|p2a: Tatsugiri|0 fnt\n|faint|p2a: Tatsugiri\n|\n|upkeep\n|inactive|Time left: 300 sec this turn | 300 sec total | 5 sec grace\n|\n|t:|1783549910\n|switch|p2a: Flareon|Flareon, L90, M|263/263\n|turn|14\n|inactive|Time left: 300 sec this turn | 300 sec total\n|\n|t:|1783549911\n|move|p2a: Flareon|Trailblaze|p1a: Wigglytuff\n|-damage|p1a: Wigglytuff|84/100\n|-boost|p2a: Flareon|spe|1\n|move|p1a: Wigglytuff|Thunder Wave|p2a: Flareon|[miss]\n|-miss|p1a: Wigglytuff|p2a: Flareon\n|\n|-heal|p1a: Wigglytuff|90/100|[from] item: Leftovers\n|-status|p2a: Flareon|tox|[from] item: Toxic Orb\n|upkeep\n|turn|15\n|inactive|Time left: 300 sec this turn | 300 sec total\n|\n|t:|1783549912\n|move|p1a: Wigglytuff|Protect|p1a: Wigglytuff\n|-singleturn|p1a: Wigglytuff|Protect\n|move|p2a: Flareon|Trailblaze|p1a: Wigglytuff\n|-activate|p1a: Wigglytuff|move: Protect\n|\n|-heal|p1a: Wigglytuff|96/100|[from] item: Leftovers\n|-damage|p2a: Flareon|247/263 tox|[from] psn\n|upkeep\n|turn|16\n|inactive|Time left: 300 sec this turn | 300 sec total\n|\n|t:|1783549913\n|-terastallize|p2a: Flareon|Normal\n|move|p1a: Wigglytuff|Protect|p1a: Wigglytuff\n|-singleturn|p1a: Wigglytuff|Protect\n|move|p2a: Flareon|Facade|p1a: Wigglytuff\n|-activate|p1a: Wigglytuff|move: Protect\n|\n|-heal|p1a: Wigglytuff|100/100|[from] item: Leftovers\n|-damage|p2a: Flareon|215/263 tox|[from] psn\n|upkeep\n|turn|17\n|inactive|Time left: 300 sec this turn | 300 sec total\n|\n|t:|1783549914\n|move|p2a: Flareon|Facade|p1a: Wigglytuff\n|-damage|p1a: Wigglytuff|3/100\n|move|p1a: Wigglytuff|Wish|p1a: Wigglytuff\n|\n|-heal|p1a: Wigglytuff|9/100|[from] item: Leftovers\n|-damage|p2a: Flareon|167/263 tox|[from] psn\n|upkeep\n|turn|18\n|inactive|Time left: 300 sec this turn | 300 sec total\n|\n|t:|1783549915\n|move|p1a: Wigglytuff|Protect|p1a: Wigglytuff\n|-singleturn|p1a: Wigglytuff|Protect\n|move|p2a: Flareon|Trailblaze|p1a: Wigglytuff\n|-activate|p1a: Wigglytuff|move: Protect\n|\n|-heal|p1a: Wigglytuff|59/100|[from] move: Wish|[wisher] Wigglytuff\n|-heal|p1a: Wigglytuff|66/100|[from] item: Leftovers\n|-damage|p2a: Flareon|103/263 tox|[from] psn\n|upkeep\n|turn|19\n|inactive|Time left: 300 sec this turn | 300 sec total\n|\n|t:|1783549916\n|move|p2a: Flareon|Facade|p1a: Wigglytuff\n|-damage|p1a: Wigglytuff|0 fnt\n|faint|p1a: Wigglytuff\n|\n|-damage|p2a: Flareon|23/263 tox|[from] psn\n|upkeep\n|\n|t:|1783549917\n|switch|p1a: Kyogre|Kyogre, L71|44/100\n|-weather|RainDance|[from] ability: Drizzle|[of] p1a: Kyogre\n|turn|20\n|inactive|Time left: 300 sec this turn | 300 sec total\n|\n|t:|1783549918\n|switch|p2a: Jumpluff|Jumpluff, L87, M|271/271\n|move|p1a: Kyogre|Thunder|p2a: Jumpluff\n|-damage|p2a: Jumpluff|196/271\n|\n|-weather|RainDance|[upkeep]\n|upkeep\n|turn|21\n|inactive|Time left: 300 sec this turn | 300 sec total\n|\n|t:|1783549919\n|move|p1a: Kyogre|Thunder|p2a: Jumpluff\n|-damage|p2a: Jumpluff|129/271\n|move|p2a: Jumpluff|Strength Sap|p1a: Kyogre\n|-unboost|p1a: Kyogre|atk|1\n|-heal|p2a: Jumpluff|271/271\n|\n|-weather|RainDance|[upkeep]\n|upkeep\n|turn|22\n|inactive|Time left: 300 sec this turn | 300 sec total\n|\n|t:|1783549920\n|move|p1a: Kyogre|Thunder|p2a: Jumpluff\n|-damage|p2a: Jumpluff|194/271\n|-status|p2a: Jumpluff|par\n|move|p2a: Jumpluff|Sleep Powder|p1a: Kyogre\n|-status|p1a: Kyogre|slp|[from] move: Sleep Powder\n|\n|-weather|RainDance|[upkeep]\n|upkeep\n|turn|23\n|inactive|Time left: 300 sec this turn | 300 sec total\n|\n|t:|1783549921\n|switch|p1a: Swampert|Swampert, L83, F|100/100\n|move|p2a: Jumpluff|Strength Sap|p1a: Swampert\n|-unboost|p1a: Swampert|atk|1\n|-heal|p2a: Jumpluff|271/271 par\n|\n|-weather|RainDance|[upkeep]\n|upkeep\n|turn|24\n|inactive|Time left: 300 sec this turn | 300 sec total\n|\n|t:|1783549922\n|switch|p2a: Tornadus|Tornadus, L82, M|16/263\n|move|p1a: Swampert|Stealth Rock|p2a: Tornadus\n|-sidestart|p2: p0y926d0e1|move: Stealth Rock\n|\n|-weather|none\n|upkeep\n|turn|25\n|inactive|Time left: 300 sec this turn | 300 sec total\n|\n|t:|1783549924\n|move|p2a: Tornadus|Grass Knot|p1a: Swampert\n|-supereffective|p1a: Swampert\n|-damage|p1a: Swampert|0 fnt\n|faint|p1a: Swampert\n|\n|upkeep\n|\n|t:|1783549925\n|switch|p1a: Kyogre|Kyogre, L71|44/100 slp\n|-weather|RainDance|[from] ability: Drizzle|[of] p1a: Kyogre\n|turn|26\n|inactive|Time left: 300 sec this turn | 300 sec total\n|\n|t:|1783549926\n|cant|p1a: Kyogre|slp\n|move|p2a: Tornadus|Grass Knot|p1a: Kyogre\n|-supereffective|p1a: Kyogre\n|-damage|p1a: Kyogre|0 fnt\n|faint|p1a: Kyogre\n|\n|win|p0y926d0e1", "uploadtime": 1783549926, "views": 0, "rating": 0, "private": 0, "password": null, "_winner": "p0y926d0e1", "_our_name": "p0y926d0e1"}