{"id": "battle-gen9randombattle-89", "formatid": "gen9randombattle", "format": "[Gen 9] Random Battle", "players": ["p0x089143c", "p0y0892800"], "log": "|init|battle\n|title|p0x089143c vs. p0y0892800\n|j|\u2606p0x089143c\n|j|\u2606p0y0892800\n|t:|1783540229\n|gametype|singles\n|player|p1|p0x089143c|265|\n|player|p2|p0y0892800|2|\n|gen|9\n|tier|[Gen 9] Random Battle\n|rule|Species Clause: Limit one of each Pok\u00e9mon\n|rule|HP Percentage Mod: HP is shown in percentages\n|rule|Sleep Clause Mod: Limit one foe put to sleep\n|rule|Illusion Level Mod: Illusion disguises the Pok\u00e9mon's true level\n|\n|t:|1783540229\n|teamsize|p1|6\n|teamsize|p2|6\n|start\n|switch|p1a: Chandelure|Chandelure, L83, M|235/235\n|switch|p2a: Leavanny|Leavanny, L86, M|100/100\n|turn|1\n|inactive|Battle timer is ON: inactive players will automatically lose when time's up. (requested by p0y0892800)\n|inactive|Time left: 300 sec this turn | 300 sec total | 60 sec grace\n|inactive|p0x089143c also wants the timer to be on.\n|\n|t:|1783540231\n|move|p2a: Leavanny|Sticky Web|p1a: Chandelure\n|-sidestart|p1: p0x089143c|move: Sticky Web\n|move|p1a: Chandelure|Fire Blast|p2a: Leavanny\n|-supereffective|p2a: Leavanny\n|-enditem|p2a: Leavanny|Focus Sash\n|-damage|p2a: Leavanny|1/100\n|\n|upkeep\n|turn|2\n|inactive|Time left: 300 sec this turn | 300 sec total\n|\n|t:|1783540232\n|move|p2a: Leavanny|Knock Off|p1a: Chandelure\n|-supereffective|p1a: Chandelure\n|-damage|p1a: Chandelure|75/235\n|-enditem|p1a: Chandelure|Leftovers|[from] move: Knock Off|[of] p2a: Leavanny\n|move|p1a: Chandelure|Calm Mind|p1a: Chandelure\n|-boost|p1a: Chandelure|spa|1\n|-boost|p1a: Chandelure|spd|1\n|\n|upkeep\n|turn|3\n|inactive|Time left: 300 sec this turn | 300 sec total\n|\n|t:|1783540233\n|move|p2a: Leavanny|Knock Off|p1a: Chandelure\n|-supereffective|p1a: Chandelure\n|-damage|p1a: Chandelure|0 fnt\n|faint|p1a: Chandelure\n|\n|upkeep\n|inactive|Time left: 300 sec this turn | 300 sec total | 5 sec grace\n|\n|t:|1783540234\n|switch|p1a: Tentacruel|Tentacruel, L84, M|272/272\n|-activate|p1a: Tentacruel|move: Sticky Web\n|-unboost|p1a: Tentacruel|spe|1\n|turn|4\n|inactive|Time left: 300 sec this turn | 300 sec total\n|\n|t:|1783540235\n|move|p2a: Leavanny|Knock Off|p1a: Tentacruel\n|-damage|p1a: Tentacruel|178/272\n|-enditem|p1a: Tentacruel|Assault Vest|[from] move: Knock Off|[of] p2a: Leavanny\n|move|p1a: Tentacruel|Rapid Spin|p2a: Leavanny\n|-damage|p2a: Leavanny|0 fnt\n|-boost|p1a: Tentacruel|spe|1\n|-sideend|p1: p0x089143c|Sticky Web|[from] move: Rapid Spin|[of] p1a: Tentacruel\n|faint|p2a: Leavanny\n|\n|upkeep\n|\n|t:|1783540236\n|switch|p2a: Reuniclus|Reuniclus, L88, M|100/100\n|turn|5\n|inactive|Time left: 300 sec this turn | 300 sec total\n|\n|t:|1783540237\n|move|p1a: Tentacruel|Flip Turn|p2a: Reuniclus\n|-damage|p2a: Reuniclus|84/100\n|inactive|Time left: 300 sec this turn | 300 sec total | 5 sec grace\n|\n|t:|1783540238\n|switch|p1a: Yanmega|Yanmega, L82, M|275/275|[from] Flip Turn\n|move|p2a: Reuniclus|Psyshock|p1a: Yanmega\n|-damage|p1a: Yanmega|122/275\n|\n|upkeep\n|turn|6\n|inactive|Time left: 300 sec this turn | 300 sec total\n|\n|t:|1783540238\n|move|p1a: Yanmega|Bug Buzz|p2a: Reuniclus\n|-supereffective|p2a: Reuniclus\n|-damage|p2a: Reuniclus|0 fnt\n|faint|p2a: Reuniclus\n|\n|upkeep\n|\n|t:|1783540239\n|switch|p2a: Emboar|Emboar, L84, M|100/100\n|turn|7\n|inactive|Time left: 300 sec this turn | 300 sec total\n|\n|t:|1783540240\n|move|p2a: Emboar|Flare Blitz|p1a: Yanmega\n|-supereffective|p1a: Yanmega\n|-damage|p1a: Yanmega|0 fnt\n|faint|p1a: Yanmega\n|-damage|p2a: Emboar|88/100|[from] Recoil\n|\n|upkeep\n|inactive|Time left: 300 sec this turn | 300 sec total | 5 sec grace\n|\n|t:|1783540241\n|switch|p1a: Hitmontop|Hitmontop, L88, M|231/231\n|-ability|p1a: Hitmontop|Intimidate|boost\n|-unboost|p2a: Emboar|atk|1\n|turn|8\n|inactive|Time left: 300 sec this turn | 300 sec total\n|\n|t:|1783540242\n|move|p2a: Emboar|Flare Blitz|p1a: Hitmontop\n|-damage|p1a: Hitmontop|123/231\n|-damage|p2a: Emboar|77/100|[from] Recoil\n|move|p1a: Hitmontop|Close Combat|p2a: Emboar\n|-damage|p2a: Emboar|0 fnt\n|-unboost|p1a: Hitmontop|def|1\n|-unboost|p1a: Hitmontop|spd|1\n|faint|p2a: Emboar\n|\n|upkeep\n|\n|t:|1783540243\n|switch|p2a: Swampert|Swampert, L83, M|100/100\n|turn|9\n|inactive|Time left: 300 sec this turn | 300 sec total\n|\n|t:|1783540244\n|move|p1a: Hitmontop|Close Combat|p2a: Swampert\n|-damage|p2a: Swampert|27/100\n|-unboost|p1a: Hitmontop|def|1\n|-unboost|p1a: Hitmontop|spd|1\n|move|p2a: Swampert|Earthquake|p1a: Hitmontop\n|-damage|p1a: Hitmontop|0 fnt\n|faint|p1a: Hitmontop\n|\n|-heal|p2a: Swampert|33/100|[from] item: Leftovers\n|upkeep\n|inactive|Time left: 300 sec this turn | 300 sec total | 5 sec grace\n|\n|t:|1783540245\n|switch|p1a: Chi-Yu|Chi-Yu, L77|211/211\n|-ability|p1a: Chi-Yu|Beads of Ruin\n|turn|10\n|inactive|Time left: 300 sec this turn | 300 sec total\n|\n|t:|1783540246\n|switch|p2a: Oinkologne|Oinkologne, L92, M|100/100\n|move|p1a: Chi-Yu|Dark Pulse|p2a: Oinkologne\n|-damage|p2a: Oinkologne|66/100\n|\n|-heal|p2a: Oinkologne|72/100|[from] item: Leftovers\n|upkeep\n|turn|11\n|inactive|Time left: 300 sec this turn | 300 sec total\n|\n|t:|1783540247\n|move|p1a: Chi-Yu|Will-O-Wisp|p2a: Oinkologne\n|-status|p2a: Oinkologne|brn\n|move|p2a: Oinkologne|High Horsepower|p1a: Chi-Yu\n|-supereffective|p1a: Chi-Yu\n|-damage|p1a: Chi-Yu|113/211\n|\n|-heal|p2a: Oinkologne|79/100 brn|[from] item: Leftovers\n|-damage|p2a: Oinkologne|72/100 brn|[from] brn\n|upkeep\n|turn|12\n|inactive|Time left: 300 sec this turn | 300 sec total\n|\n|t:|1783540248\n|switch|p1a: Mew|Mew, L82|298/298\n|move|p2a: Oinkologne|High Horsepower|p1a: Mew\n|-damage|p1a: Mew|260/298\n|\n|-heal|p1a: Mew|278/298|[from] item: Leftovers\n|-heal|p2a: Oinkologne|79/100 brn|[from] item: Leftovers\n|-damage|p2a: Oinkologne|72/100 brn|[from] brn\n|upkeep\n|turn|13\n|inactive|Time left: 300 sec this turn | 300 sec total\n|\n|t:|1783540250\n|move|p1a: Mew|Toxic Spikes|p2a: Oinkologne\n|-sidestart|p2: p0y0892800|move: Toxic Spikes\n|move|p2a: Oinkologne|Curse|p2a: Oinkologne\n|-unboost|p2a: Oinkologne|spe|1\n|-boost|p2a: Oinkologne|atk|1\n|-boost|p2a: Oinkologne|def|1\n|\n|-heal|p1a: Mew|296/298|[from] item: Leftovers\n|-heal|p2a: Oinkologne|79/100 brn|[from] item: Leftovers\n|-damage|p2a: Oinkologne|72/100 brn|[from] brn\n|upkeep\n|turn|14\n|inactive|Time left: 300 sec this turn | 300 sec total\n|\n|t:|1783540251\n|move|p1a: Mew|Toxic Spikes|p2a: Oinkologne\n|-sidestart|p2: p0y0892800|move: Toxic Spikes\n|move|p2a: Oinkologne|Double-Edge|p1a: Mew\n|-damage|p1a: Mew|183/298\n|-damage|p2a: Oinkologne|62/100 brn|[from] Recoil\n|\n|-heal|p1a: Mew|201/298|[from] item: Leftovers\n|-heal|p2a: Oinkologne|68/100 brn|[from] item: Leftovers\n|-damage|p2a: Oinkologne|62/100 brn|[from] brn\n|upkeep\n|turn|15\n|inactive|Time left: 300 sec this turn | 300 sec total\n|\n|t:|1783540252\n|move|p1a: Mew|Stealth Rock|p2a: Oinkologne\n|-sidestart|p2: p0y0892800|move: Stealth Rock\n|move|p2a: Oinkologne|Double-Edge|p1a: Mew\n|-damage|p1a: Mew|93/298\n|-damage|p2a: Oinkologne|52/100 brn|[from] Recoil\n|\n|-heal|p1a: Mew|111/298|[from] item: Leftovers\n|-heal|p2a: Oinkologne|58/100 brn|[from] item: Leftovers\n|-damage|p2a: Oinkologne|52/100 brn|[from] brn\n|upkeep\n|turn|16\n|inactive|Time left: 300 sec this turn | 300 sec total\n|\n|t:|1783540254\n|move|p1a: Mew|Psychic Noise|p2a: Oinkologne\n|-damage|p2a: Oinkologne|29/100 brn\n|-start|p2a: Oinkologne|move: Heal Block\n|move|p2a: Oinkologne|Double-Edge|p1a: Mew\n|-damage|p1a: Mew|5/298\n|-damage|p2a: Oinkologne|20/100 brn|[from] Recoil\n|\n|-heal|p1a: Mew|23/298|[from] item: Leftovers\n|-damage|p2a: Oinkologne|13/100 brn|[from] brn\n|upkeep\n|turn|17\n|inactive|Time left: 300 sec this turn | 300 sec total\n|\n|t:|1783540256\n|move|p1a: Mew|Psychic Noise|p2a: Oinkologne\n|-damage|p2a: Oinkologne|0 fnt\n|faint|p2a: Oinkologne\n|\n|-heal|p1a: Mew|41/298|[from] item: Leftovers\n|upkeep\n|\n|t:|1783540257\n|switch|p2a: Dedenne|Dedenne, L88, M|100/100\n|-status|p2a: Dedenne|tox\n|-damage|p2a: Dedenne|88/100 tox|[from] Stealth Rock\n|turn|18\n|inactive|Time left: 300 sec this turn | 300 sec total\n|\n|t:|1783540258\n|move|p2a: Dedenne|Thunderbolt|p1a: Mew\n|-damage|p1a: Mew|0 fnt\n|faint|p1a: Mew\n|\n|-damage|p2a: Dedenne|82/100 tox|[from] psn\n|upkeep\n|inactive|Time left: 300 sec this turn | 300 sec total | 5 sec grace\n|\n|t:|1783540259\n|switch|p1a: Chi-Yu|Chi-Yu, L77|113/211\n|-ability|p1a: Chi-Yu|Beads of Ruin\n|turn|19\n|inactive|Time left: 300 sec this turn | 300 sec total\n|\n|t:|1783540261\n|move|p2a: Dedenne|Nuzzle|p1a: Chi-Yu\n|-damage|p1a: Chi-Yu|95/211\n|-status|p1a: Chi-Yu|par\n|move|p1a: Chi-Yu|Fire Blast|p2a: Dedenne|[miss]\n|-miss|p1a: Chi-Yu|p2a: Dedenne\n|\n|-damage|p2a: Dedenne|70/100 tox|[from] psn\n|upkeep\n|turn|20\n|inactive|Time left: 300 sec this turn | 300 sec total\n|\n|t:|1783540262\n|move|p2a: Dedenne|Thunderbolt|p1a: Chi-Yu\n|-damage|p1a: Chi-Yu|19/211 par\n|move|p1a: Chi-Yu|Fire Blast|p2a: Dedenne\n|-damage|p2a: Dedenne|0 fnt\n|faint|p2a: Dedenne\n|\n|upkeep\n|\n|t:|1783540263\n|switch|p2a: Swampert|Swampert, L83, M|33/100\n|-status|p2a: Swampert|tox\n|-damage|p2a: Swampert|27/100 tox|[from] Stealth Rock\n|turn|21\n|inactive|Time left: 300 sec this turn | 300 sec total\n|\n|t:|1783540264\n|move|p2a: Swampert|Yawn||[still]\n|-fail|p2a: Swampert\n|move|p1a: Chi-Yu|Dark Pulse|p2a: Swampert\n|-damage|p2a: Swampert|0 fnt\n|faint|p2a: Swampert\n|\n|win|p0x089143c", "uploadtime": 1783540264, "views": 0, "rating": 0, "private": 0, "password": null, "_winner": "p0x089143c", "_our_name": "p0x089143c"}