{"id": "battle-gen9randombattle-2077", "formatid": "gen9randombattle", "format": "[Gen 9] Random Battle", "players": ["p0x20777418", "p0y2077a763"], "log": "|init|battle\n|title|p0x20777418 vs. p0y2077a763\n|j|\u2606p0x20777418\n|j|\u2606p0y2077a763\n|t:|1783563247\n|gametype|singles\n|player|p1|p0x20777418|265|\n|player|p2|p0y2077a763|102|\n|gen|9\n|tier|[Gen 9] Random Battle\n|rule|Species Clause: Limit one of each Pok\u00e9mon\n|rule|HP Percentage Mod: HP is shown in percentages\n|rule|Sleep Clause Mod: Limit one foe put to sleep\n|rule|Illusion Level Mod: Illusion disguises the Pok\u00e9mon's true level\n|\n|t:|1783563247\n|teamsize|p1|6\n|teamsize|p2|6\n|start\n|switch|p1a: Hydreigon|Hydreigon, L79, M|275/275\n|switch|p2a: Vivillon|Vivillon-Elegant, L83, M|100/100\n|turn|1\n|inactive|Battle timer is ON: inactive players will automatically lose when time's up. (requested by p0y2077a763)\n|inactive|Time left: 300 sec this turn | 300 sec total | 60 sec grace\n|inactive|p0x20777418 also wants the timer to be on.\n|\n|t:|1783563248\n|switch|p2a: Sylveon|Sylveon, L85, F|100/100\n|move|p1a: Hydreigon|Dark Pulse|p2a: Sylveon\n|-resisted|p2a: Sylveon\n|-damage|p2a: Sylveon|84/100\n|\n|-heal|p2a: Sylveon|90/100|[from] item: Leftovers\n|upkeep\n|turn|2\n|inactive|Time left: 300 sec this turn | 300 sec total\n|\n|t:|1783563249\n|switch|p1a: Pecharunt|Pecharunt, L77|262/262\n|move|p2a: Sylveon|Hyper Voice|p1a: Pecharunt\n|-resisted|p1a: Pecharunt\n|-damage|p1a: Pecharunt|192/262\n|\n|-heal|p1a: Pecharunt|208/262|[from] item: Leftovers\n|-heal|p2a: Sylveon|96/100|[from] item: Leftovers\n|upkeep\n|turn|3\n|inactive|Time left: 300 sec this turn | 300 sec total\n|\n|t:|1783563251\n|move|p1a: Pecharunt|Nasty Plot|p1a: Pecharunt\n|-boost|p1a: Pecharunt|spa|2\n|move|p2a: Sylveon|Hyper Voice|p1a: Pecharunt\n|-resisted|p1a: Pecharunt\n|-damage|p1a: Pecharunt|133/262\n|\n|-heal|p1a: Pecharunt|149/262|[from] item: Leftovers\n|-heal|p2a: Sylveon|100/100|[from] item: Leftovers\n|upkeep\n|turn|4\n|inactive|Time left: 300 sec this turn | 300 sec total\n|\n|t:|1783563251\n|move|p2a: Sylveon|Protect|p2a: Sylveon\n|-singleturn|p2a: Sylveon|Protect\n|move|p1a: Pecharunt|Malignant Chain|p2a: Sylveon\n|-activate|p2a: Sylveon|move: Protect\n|\n|-heal|p1a: Pecharunt|165/262|[from] item: Leftovers\n|upkeep\n|turn|5\n|inactive|Time left: 300 sec this turn | 300 sec total\n|\n|t:|1783563252\n|-terastallize|p2a: Sylveon|Steel\n|move|p1a: Pecharunt|Malignant Chain|p2a: Sylveon\n|-immune|p2a: Sylveon\n|move|p2a: Sylveon|Calm Mind|p2a: Sylveon\n|-boost|p2a: Sylveon|spa|1\n|-boost|p2a: Sylveon|spd|1\n|\n|-heal|p1a: Pecharunt|181/262|[from] item: Leftovers\n|upkeep\n|turn|6\n|inactive|Time left: 300 sec this turn | 300 sec total\n|\n|t:|1783563253\n|move|p1a: Pecharunt|Recover|p1a: Pecharunt\n|-heal|p1a: Pecharunt|262/262\n|move|p2a: Sylveon|Hyper Voice|p1a: Pecharunt\n|-resisted|p1a: Pecharunt\n|-damage|p1a: Pecharunt|155/262\n|\n|-heal|p1a: Pecharunt|171/262|[from] item: Leftovers\n|upkeep\n|turn|7\n|inactive|Time left: 300 sec this turn | 300 sec total\n|\n|t:|1783563254\n|move|p1a: Pecharunt|Recover|p1a: Pecharunt\n|-heal|p1a: Pecharunt|262/262\n|move|p2a: Sylveon|Hyper Voice|p1a: Pecharunt\n|-resisted|p1a: Pecharunt\n|-damage|p1a: Pecharunt|163/262\n|\n|-heal|p1a: Pecharunt|179/262|[from] item: Leftovers\n|upkeep\n|turn|8\n|inactive|Time left: 300 sec this turn | 300 sec total\n|\n|t:|1783563255\n|move|p1a: Pecharunt|Recover|p1a: Pecharunt\n|-heal|p1a: Pecharunt|262/262\n|move|p2a: Sylveon|Hyper Voice|p1a: Pecharunt\n|-resisted|p1a: Pecharunt\n|-damage|p1a: Pecharunt|163/262\n|\n|-heal|p1a: Pecharunt|179/262|[from] item: Leftovers\n|upkeep\n|turn|9\n|inactive|Time left: 300 sec this turn | 300 sec total\n|\n|t:|1783563256\n|move|p1a: Pecharunt|Recover|p1a: Pecharunt\n|-heal|p1a: Pecharunt|262/262\n|move|p2a: Sylveon|Hyper Voice|p1a: Pecharunt\n|-resisted|p1a: Pecharunt\n|-damage|p1a: Pecharunt|151/262\n|\n|-heal|p1a: Pecharunt|167/262|[from] item: Leftovers\n|upkeep\n|turn|10\n|inactive|Time left: 300 sec this turn | 300 sec total\n|\n|t:|1783563257\n|move|p1a: Pecharunt|Recover|p1a: Pecharunt\n|-heal|p1a: Pecharunt|262/262\n|move|p2a: Sylveon|Hyper Voice|p1a: Pecharunt\n|-resisted|p1a: Pecharunt\n|-damage|p1a: Pecharunt|147/262\n|\n|-heal|p1a: Pecharunt|163/262|[from] item: Leftovers\n|upkeep\n|turn|11\n|inactive|Time left: 300 sec this turn | 300 sec total\n|\n|t:|1783563258\n|move|p1a: Pecharunt|Recover|p1a: Pecharunt\n|-heal|p1a: Pecharunt|262/262\n|move|p2a: Sylveon|Hyper Voice|p1a: Pecharunt\n|-resisted|p1a: Pecharunt\n|-damage|p1a: Pecharunt|151/262\n|\n|-heal|p1a: Pecharunt|167/262|[from] item: Leftovers\n|upkeep\n|turn|12\n|inactive|Time left: 300 sec this turn | 300 sec total\n|\n|t:|1783563259\n|move|p1a: Pecharunt|Recover|p1a: Pecharunt\n|-heal|p1a: Pecharunt|262/262\n|move|p2a: Sylveon|Hyper Voice|p1a: Pecharunt\n|-resisted|p1a: Pecharunt\n|-damage|p1a: Pecharunt|161/262\n|\n|-heal|p1a: Pecharunt|177/262|[from] item: Leftovers\n|upkeep\n|turn|13\n|inactive|Time left: 300 sec this turn | 300 sec total\n|\n|t:|1783563260\n|move|p1a: Pecharunt|Nasty Plot|p1a: Pecharunt\n|-boost|p1a: Pecharunt|spa|2\n|move|p2a: Sylveon|Hyper Voice|p1a: Pecharunt\n|-resisted|p1a: Pecharunt\n|-damage|p1a: Pecharunt|65/262\n|\n|-heal|p1a: Pecharunt|81/262|[from] item: Leftovers\n|upkeep\n|turn|14\n|inactive|Time left: 300 sec this turn | 300 sec total\n|\n|t:|1783563261\n|move|p1a: Pecharunt|Recover|p1a: Pecharunt\n|-heal|p1a: Pecharunt|212/262\n|move|p2a: Sylveon|Hyper Voice|p1a: Pecharunt\n|-resisted|p1a: Pecharunt\n|-damage|p1a: Pecharunt|104/262\n|\n|-heal|p1a: Pecharunt|120/262|[from] item: Leftovers\n|upkeep\n|turn|15\n|inactive|Time left: 300 sec this turn | 300 sec total\n|\n|t:|1783563262\n|move|p1a: Pecharunt|Shadow Ball|p2a: Sylveon\n|-damage|p2a: Sylveon|67/100\n|move|p2a: Sylveon|Hyper Voice|p1a: Pecharunt\n|-resisted|p1a: Pecharunt\n|-damage|p1a: Pecharunt|15/262\n|\n|-heal|p1a: Pecharunt|31/262|[from] item: Leftovers\n|-heal|p2a: Sylveon|73/100|[from] item: Leftovers\n|upkeep\n|turn|16\n|inactive|Time left: 300 sec this turn | 300 sec total\n|\n|t:|1783563263\n|move|p1a: Pecharunt|Shadow Ball|p2a: Sylveon\n|-damage|p2a: Sylveon|42/100\n|-unboost|p2a: Sylveon|spd|1\n|move|p2a: Sylveon|Hyper Voice|p1a: Pecharunt\n|-resisted|p1a: Pecharunt\n|-damage|p1a: Pecharunt|0 fnt\n|faint|p1a: Pecharunt\n|\n|-heal|p2a: Sylveon|48/100|[from] item: Leftovers\n|upkeep\n|inactive|Time left: 300 sec this turn | 300 sec total | 5 sec grace\n|\n|t:|1783563264\n|switch|p1a: Hydreigon|Hydreigon, L79, M|275/275\n|turn|17\n|inactive|Time left: 300 sec this turn | 300 sec total\n|\n|t:|1783563265\n|move|p1a: Hydreigon|Fire Blast|p2a: Sylveon\n|-supereffective|p2a: Sylveon\n|-damage|p2a: Sylveon|0 fnt\n|faint|p2a: Sylveon\n|\n|upkeep\n|\n|t:|1783563266\n|switch|p2a: Araquanid|Araquanid, L82, F|100/100\n|turn|18\n|inactive|Time left: 300 sec this turn | 300 sec total\n|\n|t:|1783563267\n|switch|p1a: Blastoise|Blastoise, L80, F|258/258\n|move|p2a: Araquanid|Sticky Web|p1a: Blastoise\n|-sidestart|p1: p0x20777418|move: Sticky Web\n|\n|upkeep\n|turn|19\n|inactive|Time left: 300 sec this turn | 300 sec total\n|\n|t:|1783563268\n|move|p1a: Blastoise|Shell Smash|p1a: Blastoise\n|-unboost|p1a: Blastoise|def|1\n|-unboost|p1a: Blastoise|spd|1\n|-boost|p1a: Blastoise|atk|2\n|-boost|p1a: Blastoise|spa|2\n|-boost|p1a: Blastoise|spe|2\n|-enditem|p1a: Blastoise|White Herb\n|-clearnegativeboost|p1a: Blastoise|[silent]\n|move|p2a: Araquanid|Leech Life|p1a: Blastoise\n|-damage|p1a: Blastoise|201/258\n|\n|upkeep\n|turn|20\n|inactive|Time left: 300 sec this turn | 300 sec total\n|\n|t:|1783563269\n|move|p1a: Blastoise|Shell Smash|p1a: Blastoise\n|-unboost|p1a: Blastoise|def|1\n|-unboost|p1a: Blastoise|spd|1\n|-boost|p1a: Blastoise|atk|2\n|-boost|p1a: Blastoise|spa|2\n|-boost|p1a: Blastoise|spe|2\n|move|p2a: Araquanid|Leech Life|p1a: Blastoise\n|-damage|p1a: Blastoise|105/258\n|\n|upkeep\n|turn|21\n|inactive|Time left: 300 sec this turn | 300 sec total\n|\n|t:|1783563270\n|-terastallize|p1a: Blastoise|Electric\n|move|p1a: Blastoise|Tera Blast|p2a: Araquanid|[anim] Tera Blast Electric\n|-supereffective|p2a: Araquanid\n|-damage|p2a: Araquanid|0 fnt\n|faint|p2a: Araquanid\n|\n|upkeep\n|\n|t:|1783563270\n|switch|p2a: Snorlax|Snorlax, L82, M|100/100\n|turn|22\n|inactive|Time left: 300 sec this turn | 300 sec total\n|\n|t:|1783563271\n|move|p1a: Blastoise|Ice Beam|p2a: Snorlax\n|-damage|p2a: Snorlax|84/100\n|move|p2a: Snorlax|Earthquake|p1a: Blastoise\n|-supereffective|p1a: Blastoise\n|-damage|p1a: Blastoise|0 fnt\n|faint|p1a: Blastoise\n|\n|upkeep\n|inactive|Time left: 300 sec this turn | 300 sec total | 5 sec grace\n|\n|t:|1783563272\n|switch|p1a: Glimmora|Glimmora, L75, M|248/248\n|-item|p1a: Glimmora|Air Balloon\n|turn|23\n|inactive|Time left: 300 sec this turn | 300 sec total\n|\n|t:|1783563273\n|move|p1a: Glimmora|Sludge Wave|p2a: Snorlax\n|-damage|p2a: Snorlax|61/100\n|move|p2a: Snorlax|Body Slam|p1a: Glimmora\n|-resisted|p1a: Glimmora\n|-damage|p1a: Glimmora|199/248\n|-activate|p1a: Glimmora|ability: Toxic Debris\n|-sidestart|p2: p0y2077a763|move: Toxic Spikes\n|-enditem|p1a: Glimmora|Air Balloon\n|\n|upkeep\n|turn|24\n|inactive|Time left: 300 sec this turn | 300 sec total\n|\n|t:|1783563273\n|move|p1a: Glimmora|Sludge Wave|p2a: Snorlax\n|-damage|p2a: Snorlax|39/100\n|move|p2a: Snorlax|Earthquake|p1a: Glimmora\n|-supereffective|p1a: Glimmora\n|-damage|p1a: Glimmora|0 fnt\n|-activate|p1a: Glimmora|ability: Toxic Debris\n|-sidestart|p2: p0y2077a763|move: Toxic Spikes\n|faint|p1a: Glimmora\n|\n|upkeep\n|inactive|Time left: 300 sec this turn | 300 sec total | 5 sec grace\n|\n|t:|1783563274\n|switch|p1a: Hydreigon|Hydreigon, L79, M|275/275\n|turn|25\n|inactive|Time left: 300 sec this turn | 300 sec total\n|\n|t:|1783563275\n|move|p1a: Hydreigon|Draco Meteor|p2a: Snorlax\n|-damage|p2a: Snorlax|0 fnt\n|-unboost|p1a: Hydreigon|spa|2\n|faint|p2a: Snorlax\n|\n|upkeep\n|\n|t:|1783563276\n|switch|p2a: Vivillon|Vivillon-Elegant, L83, M|100/100\n|turn|26\n|inactive|Time left: 300 sec this turn | 300 sec total\n|\n|t:|1783563277\n|move|p1a: Hydreigon|Draco Meteor|p2a: Vivillon\n|-damage|p2a: Vivillon|41/100\n|-unboost|p1a: Hydreigon|spa|2\n|move|p2a: Vivillon|Quiver Dance|p2a: Vivillon\n|-boost|p2a: Vivillon|spa|1\n|-boost|p2a: Vivillon|spd|1\n|-boost|p2a: Vivillon|spe|1\n|\n|upkeep\n|turn|27\n|inactive|Time left: 300 sec this turn | 300 sec total\n|\n|t:|1783563278\n|switch|p1a: Ursaring|Ursaring, L84, M|288/288\n|-activate|p1a: Ursaring|move: Sticky Web\n|-unboost|p1a: Ursaring|spe|1\n|move|p2a: Vivillon|Quiver Dance|p2a: Vivillon\n|-boost|p2a: Vivillon|spa|1\n|-boost|p2a: Vivillon|spd|1\n|-boost|p2a: Vivillon|spe|1\n|\n|upkeep\n|turn|28\n|inactive|Time left: 300 sec this turn | 300 sec total\n|\n|t:|1783563279\n|move|p2a: Vivillon|Sleep Powder|p1a: Ursaring\n|-status|p1a: Ursaring|slp|[from] move: Sleep Powder\n|cant|p1a: Ursaring|slp\n|\n|upkeep\n|turn|29\n|inactive|Time left: 300 sec this turn | 300 sec total\n|\n|t:|1783563280\n|switch|p1a: Raichu|Raichu-Alola, L87, M|246/246\n|-activate|p1a: Raichu|move: Sticky Web\n|-unboost|p1a: Raichu|spe|1\n|move|p2a: Vivillon|Hurricane|p1a: Raichu\n|-resisted|p1a: Raichu\n|-damage|p1a: Raichu|144/246\n|-start|p1a: Raichu|confusion\n|\n|upkeep\n|turn|30\n|inactive|Time left: 300 sec this turn | 300 sec total\n|\n|t:|1783563281\n|move|p2a: Vivillon|Quiver Dance|p2a: Vivillon\n|-boost|p2a: Vivillon|spa|1\n|-boost|p2a: Vivillon|spd|1\n|-boost|p2a: Vivillon|spe|1\n|-activate|p1a: Raichu|confusion\n|move|p1a: Raichu|Thunderbolt|p2a: Vivillon\n|-supereffective|p2a: Vivillon\n|-damage|p2a: Vivillon|0 fnt\n|faint|p2a: Vivillon\n|-damage|p1a: Raichu|120/246|[from] item: Life Orb\n|\n|upkeep\n|\n|t:|1783563282\n|switch|p2a: Uxie|Uxie, L83|100/100\n|turn|31\n|inactive|Time left: 300 sec this turn | 300 sec total\n|\n|t:|1783563283\n|switch|p1a: Hydreigon|Hydreigon, L79, M|275/275\n|move|p2a: Uxie|Knock Off|p1a: Hydreigon\n|-resisted|p1a: Hydreigon\n|-damage|p1a: Hydreigon|248/275\n|-enditem|p1a: Hydreigon|Choice Specs|[from] move: Knock Off|[of] p2a: Uxie\n|\n|upkeep\n|turn|32\n|inactive|Time left: 300 sec this turn | 300 sec total\n|\n|t:|1783563284\n|switch|p2a: Arcanine|Arcanine, L84, M|100/100\n|-ability|p2a: Arcanine|Intimidate|boost\n|-unboost|p1a: Hydreigon|atk|1\n|move|p1a: Hydreigon|Dark Pulse|p2a: Arcanine\n|-damage|p2a: Arcanine|65/100\n|\n|upkeep\n|turn|33\n|inactive|Time left: 300 sec this turn | 300 sec total\n|\n|t:|1783563285\n|move|p2a: Arcanine|Morning Sun|p2a: Arcanine\n|-heal|p2a: Arcanine|100/100\n|move|p1a: Hydreigon|Dark Pulse|p2a: Arcanine\n|-crit|p2a: Arcanine\n|-damage|p2a: Arcanine|48/100\n|\n|upkeep\n|turn|34\n|inactive|Time left: 300 sec this turn | 300 sec total\n|\n|t:|1783563286\n|move|p2a: Arcanine|Morning Sun|p2a: Arcanine\n|-heal|p2a: Arcanine|98/100\n|move|p1a: Hydreigon|Dark Pulse|p2a: Arcanine\n|-damage|p2a: Arcanine|62/100\n|\n|upkeep\n|turn|35\n|inactive|Time left: 300 sec this turn | 300 sec total\n|\n|t:|1783563287\n|move|p2a: Arcanine|Morning Sun|p2a: Arcanine\n|-heal|p2a: Arcanine|100/100\n|move|p1a: Hydreigon|Draco Meteor|p2a: Arcanine\n|-damage|p2a: Arcanine|43/100\n|-unboost|p1a: Hydreigon|spa|2\n|\n|upkeep\n|turn|36\n|inactive|Time left: 300 sec this turn | 300 sec total\n|\n|t:|1783563289\n|switch|p1a: Ursaring|Ursaring, L84, M|288/288 slp\n|-activate|p1a: Ursaring|move: Sticky Web\n|-unboost|p1a: Ursaring|spe|1\n|move|p2a: Arcanine|Morning Sun|p2a: Arcanine\n|-heal|p2a: Arcanine|93/100\n|\n|upkeep\n|turn|37\n|inactive|Time left: 300 sec this turn | 300 sec total\n|\n|t:|1783563289\n|move|p2a: Arcanine|Flare Blitz|p1a: Ursaring\n|-damage|p1a: Ursaring|176/288 slp\n|-damage|p2a: Arcanine|80/100|[from] Recoil\n|cant|p1a: Ursaring|slp\n|\n|upkeep\n|turn|38\n|inactive|Time left: 300 sec this turn | 300 sec total\n|\n|t:|1783563291\n|switch|p2a: Uxie|Uxie, L83|100/100\n|cant|p1a: Ursaring|slp\n|\n|upkeep\n|turn|39\n|inactive|Time left: 300 sec this turn | 300 sec total\n|\n|t:|1783563291\n|move|p2a: Uxie|Stealth Rock|p1a: Ursaring\n|-sidestart|p1: p0x20777418|move: Stealth Rock\n|-curestatus|p1a: Ursaring|slp|[msg]\n|move|p1a: Ursaring|Body Slam|p2a: Uxie\n|-damage|p2a: Uxie|68/100\n|\n|-heal|p2a: Uxie|74/100|[from] item: Leftovers\n|upkeep\n|turn|40\n|inactive|Time left: 300 sec this turn | 300 sec total\n|\n|t:|1783563293\n|move|p2a: Uxie|Psychic Noise|p1a: Ursaring\n|-damage|p1a: Ursaring|130/288\n|-start|p1a: Ursaring|move: Heal Block\n|move|p1a: Ursaring|Body Slam|p2a: Uxie\n|-damage|p2a: Uxie|44/100\n|-status|p2a: Uxie|par\n|\n|-heal|p2a: Uxie|50/100 par|[from] item: Leftovers\n|upkeep\n|turn|41\n|inactive|Time left: 300 sec this turn | 300 sec total\n|\n|t:|1783563294\n|move|p2a: Uxie|Yawn|p1a: Ursaring\n|-start|p1a: Ursaring|move: Yawn|[of] p2a: Uxie\n|move|p1a: Ursaring|Body Slam|p2a: Uxie\n|-damage|p2a: Uxie|16/100 par\n|\n|-heal|p2a: Uxie|22/100 par|[from] item: Leftovers\n|-end|p1a: Ursaring|move: Heal Block\n|upkeep\n|turn|42\n|inactive|Time left: 300 sec this turn | 300 sec total\n|\n|t:|1783563295\n|cant|p2a: Uxie|par\n|move|p1a: Ursaring|Rest|p1a: Ursaring\n|-status|p1a: Ursaring|slp|[from] move: Rest\n|-heal|p1a: Ursaring|288/288 slp|[silent]\n|\n|-heal|p2a: Uxie|29/100 par|[from] item: Leftovers\n|-end|p1a: Ursaring|move: Yawn|[silent]\n|upkeep\n|turn|43\n|inactive|Time left: 300 sec this turn | 300 sec total\n|\n|t:|1783563296\n|move|p2a: Uxie|Knock Off|p1a: Ursaring\n|-damage|p1a: Ursaring|244/288 slp\n|-enditem|p1a: Ursaring|Eviolite|[from] move: Knock Off|[of] p2a: Uxie\n|cant|p1a: Ursaring|slp\n|move|p1a: Ursaring|Sleep Talk|p1a: Ursaring\n|move|p1a: Ursaring|Earthquake|p2a: Uxie|[from] move: Sleep Talk\n|-immune|p2a: Uxie|[from] ability: Levitate\n|\n|-heal|p2a: Uxie|35/100 par|[from] item: Leftovers\n|upkeep\n|turn|44\n|inactive|Time left: 300 sec this turn | 300 sec total\n|\n|t:|1783563297\n|cant|p2a: Uxie|par\n|cant|p1a: Ursaring|slp\n|move|p1a: Ursaring|Sleep Talk|p1a: Ursaring\n|move|p1a: Ursaring|Body Slam|p2a: Uxie|[from] move: Sleep Talk\n|-damage|p2a: Uxie|0 fnt\n|faint|p2a: Uxie\n|\n|upkeep\n|\n|t:|1783563298\n|switch|p2a: Arcanine|Arcanine, L84, M|80/100\n|-ability|p2a: Arcanine|Intimidate|boost\n|-unboost|p1a: Ursaring|atk|1\n|turn|45\n|inactive|Time left: 300 sec this turn | 300 sec total\n|\n|t:|1783563299\n|move|p2a: Arcanine|Morning Sun|p2a: Arcanine\n|-heal|p2a: Arcanine|100/100\n|-curestatus|p1a: Ursaring|slp|[msg]\n|move|p1a: Ursaring|Earthquake|p2a: Arcanine\n|-supereffective|p2a: Arcanine\n|-damage|p2a: Arcanine|55/100\n|\n|upkeep\n|turn|46\n|inactive|Time left: 300 sec this turn | 300 sec total\n|\n|t:|1783563300\n|move|p2a: Arcanine|Morning Sun|p2a: Arcanine\n|-heal|p2a: Arcanine|100/100\n|move|p1a: Ursaring|Earthquake|p2a: Arcanine\n|-supereffective|p2a: Arcanine\n|-damage|p2a: Arcanine|55/100\n|\n|upkeep\n|turn|47\n|inactive|Time left: 300 sec this turn | 300 sec total\n|\n|t:|1783563301\n|move|p2a: Arcanine|Morning Sun|p2a: Arcanine\n|-heal|p2a: Arcanine|100/100\n|move|p1a: Ursaring|Earthquake|p2a: Arcanine\n|-supereffective|p2a: Arcanine\n|-damage|p2a: Arcanine|54/100\n|\n|upkeep\n|turn|48\n|inactive|Time left: 300 sec this turn | 300 sec total\n|\n|t:|1783563302\n|move|p2a: Arcanine|Extreme Speed|p1a: Ursaring\n|-damage|p1a: Ursaring|173/288\n|move|p1a: Ursaring|Earthquake|p2a: Arcanine\n|-supereffective|p2a: Arcanine\n|-damage|p2a: Arcanine|11/100\n|\n|upkeep\n|turn|49\n|inactive|Time left: 300 sec this turn | 300 sec total\n|\n|t:|1783563303\n|move|p2a: Arcanine|Morning Sun|p2a: Arcanine\n|-heal|p2a: Arcanine|61/100\n|move|p1a: Ursaring|Earthquake|p2a: Arcanine\n|-supereffective|p2a: Arcanine\n|-damage|p2a: Arcanine|13/100\n|\n|upkeep\n|turn|50\n|inactive|Time left: 300 sec this turn | 300 sec total\n|\n|t:|1783563304\n|move|p2a: Arcanine|Will-O-Wisp|p1a: Ursaring\n|-status|p1a: Ursaring|brn\n|move|p1a: Ursaring|Earthquake|p2a: Arcanine\n|-supereffective|p2a: Arcanine\n|-damage|p2a: Arcanine|0 fnt\n|faint|p2a: Arcanine\n|\n|win|p0x20777418", "uploadtime": 1783563304, "views": 0, "rating": 0, "private": 0, "password": null, "_winner": "p0x20777418", "_our_name": "p0x20777418"}