{"id": "battle-gen9randombattle-2424", "formatid": "gen9randombattle", "format": "[Gen 9] Random Battle", "players": ["p0x24249f90", "p0y24249556"], "log": "|init|battle\n|title|p0x24249f90 vs. p0y24249556\n|j|\u2606p0x24249f90\n|j|\u2606p0y24249556\n|t:|1783568117\n|gametype|singles\n|player|p1|p0x24249f90|102|\n|player|p2|p0y24249556|101|\n|gen|9\n|tier|[Gen 9] Random Battle\n|rule|Species Clause: Limit one of each Pok\u00e9mon\n|rule|HP Percentage Mod: HP is shown in percentages\n|rule|Sleep Clause Mod: Limit one foe put to sleep\n|rule|Illusion Level Mod: Illusion disguises the Pok\u00e9mon's true level\n|\n|t:|1783568117\n|teamsize|p1|6\n|teamsize|p2|6\n|start\n|switch|p1a: Golduck|Golduck, L90, M|290/290\n|switch|p2a: Samurott|Samurott-Hisui, L77, F|100/100\n|-ability|p1a: Golduck|Cloud Nine\n|turn|1\n|inactive|Battle timer is ON: inactive players will automatically lose when time's up. (requested by p0x24249f90)\n|inactive|p0y24249556 also wants the timer to be on.\n|\n|t:|1783568119\n|move|p1a: Golduck|Nasty Plot|p1a: Golduck\n|-boost|p1a: Golduck|spa|2\n|move|p2a: Samurott|Ceaseless Edge|p1a: Golduck\n|-damage|p1a: Golduck|154/290\n|-sidestart|p1: p0x24249f90|Spikes\n|\n|-heal|p1a: Golduck|172/290|[from] item: Leftovers\n|upkeep\n|turn|2\n|inactive|Time left: 300 sec this turn | 300 sec total\n|\n|t:|1783568120\n|move|p1a: Golduck|Hydro Pump|p2a: Samurott|[miss]\n|-miss|p1a: Golduck|p2a: Samurott\n|move|p2a: Samurott|Ceaseless Edge|p1a: Golduck\n|-damage|p1a: Golduck|36/290\n|-sidestart|p1: p0x24249f90|Spikes\n|\n|-heal|p1a: Golduck|54/290|[from] item: Leftovers\n|upkeep\n|turn|3\n|inactive|Time left: 300 sec this turn | 300 sec total\n|\n|t:|1783568121\n|move|p1a: Golduck|Hydro Pump|p2a: Samurott|[miss]\n|-miss|p1a: Golduck|p2a: Samurott\n|move|p2a: Samurott|Ceaseless Edge|p1a: Golduck\n|-damage|p1a: Golduck|0 fnt\n|-sidestart|p1: p0x24249f90|Spikes\n|faint|p1a: Golduck\n|\n|upkeep\n|inactive|Time left: 300 sec this turn | 300 sec total | 5 sec grace\n|\n|t:|1783568122\n|switch|p1a: Zacian|Zacian-Crowned, L64|225/225\n|-damage|p1a: Zacian|169/225|[from] Spikes\n|-ability|p1a: Zacian|Intrepid Sword|boost\n|-boost|p1a: Zacian|atk|1\n|turn|4\n|inactive|Time left: 300 sec this turn | 300 sec total\n|\n|t:|1783568123\n|switch|p2a: Revavroom|Revavroom, L79, F|100/100\n|move|p1a: Zacian|Play Rough|p2a: Revavroom\n|-resisted|p2a: Revavroom\n|-damage|p2a: Revavroom|88/100\n|\n|upkeep\n|turn|5\n|inactive|Time left: 300 sec this turn | 300 sec total\n|\n|t:|1783568124\n|move|p1a: Zacian|Play Rough|p2a: Revavroom\n|-resisted|p2a: Revavroom\n|-damage|p2a: Revavroom|75/100\n|move|p2a: Revavroom|Shift Gear|p2a: Revavroom\n|-boost|p2a: Revavroom|spe|2\n|-boost|p2a: Revavroom|atk|1\n|\n|upkeep\n|turn|6\n|inactive|Time left: 300 sec this turn | 300 sec total\n|\n|t:|1783568125\n|switch|p1a: Cobalion|Cobalion, L80|277/277\n|-damage|p1a: Cobalion|208/277|[from] Spikes\n|move|p2a: Revavroom|Iron Head|p1a: Cobalion\n|-resisted|p1a: Cobalion\n|-damage|p1a: Cobalion|135/277\n|-damage|p2a: Revavroom|65/100|[from] item: Life Orb\n|\n|-heal|p1a: Cobalion|152/277|[from] item: Leftovers\n|upkeep\n|turn|7\n|inactive|Time left: 300 sec this turn | 300 sec total\n|\n|t:|1783568127\n|move|p2a: Revavroom|High Horsepower|p1a: Cobalion\n|-supereffective|p1a: Cobalion\n|-damage|p1a: Cobalion|0 fnt\n|faint|p1a: Cobalion\n|-damage|p2a: Revavroom|55/100|[from] item: Life Orb\n|\n|upkeep\n|inactive|Time left: 300 sec this turn | 300 sec total | 5 sec grace\n|\n|t:|1783568128\n|switch|p1a: Calyrex|Calyrex, L93|337/337\n|-ability|p1a: Calyrex|Unnerve\n|-damage|p1a: Calyrex|253/337|[from] Spikes\n|turn|8\n|inactive|Time left: 300 sec this turn | 300 sec total\n|\n|t:|1783568129\n|-terastallize|p1a: Calyrex|Steel\n|move|p2a: Revavroom|Gunk Shot|p1a: Calyrex\n|-immune|p1a: Calyrex\n|move|p1a: Calyrex|Psychic|p2a: Revavroom\n|-damage|p2a: Revavroom|0 fnt\n|faint|p2a: Revavroom\n|\n|-heal|p1a: Calyrex|274/337|[from] item: Leftovers\n|upkeep\n|\n|t:|1783568130\n|switch|p2a: Koraidon|Koraidon, L64|100/100\n|-weather|SunnyDay|[from] ability: Orichalcum Pulse|[of] p2a: Koraidon\n|-activate|p2a: Koraidon|Orichalcum Pulse|[source]\n|turn|9\n|inactive|Time left: 300 sec this turn | 300 sec total\n|\n|t:|1783568131\n|move|p2a: Koraidon|Collision Course|p1a: Calyrex\n|-supereffective|p1a: Calyrex\n|-damage|p1a: Calyrex|0 fnt\n|faint|p1a: Calyrex\n|\n|-weather|SunnyDay|[upkeep]\n|upkeep\n|inactive|Time left: 300 sec this turn | 300 sec total | 5 sec grace\n|\n|t:|1783568132\n|switch|p1a: Zacian|Zacian-Crowned, L64|169/225\n|-damage|p1a: Zacian|113/225|[from] Spikes\n|turn|10\n|inactive|Time left: 300 sec this turn | 300 sec total\n|\n|t:|1783568133\n|switch|p2a: Volcarona|Volcarona, L77, F|100/100\n|move|p1a: Zacian|Play Rough|p2a: Volcarona\n|-resisted|p2a: Volcarona\n|-damage|p2a: Volcarona|78/100\n|\n|-weather|SunnyDay|[upkeep]\n|upkeep\n|turn|11\n|inactive|Time left: 300 sec this turn | 300 sec total\n|\n|t:|1783568134\n|move|p1a: Zacian|Play Rough|p2a: Volcarona\n|-resisted|p2a: Volcarona\n|-damage|p2a: Volcarona|56/100\n|move|p2a: Volcarona|Fiery Dance|p1a: Zacian\n|-supereffective|p1a: Zacian\n|-damage|p1a: Zacian|0 fnt\n|faint|p1a: Zacian\n|\n|-weather|SunnyDay|[upkeep]\n|upkeep\n|inactive|Time left: 300 sec this turn | 300 sec total | 5 sec grace\n|\n|t:|1783568135\n|switch|p1a: Komala|Komala, L87, F|255/255\n|-damage|p1a: Komala|192/255|[from] Spikes\n|-ability|p1a: Komala|Comatose\n|turn|12\n|inactive|Time left: 300 sec this turn | 300 sec total\n|\n|t:|1783568136\n|move|p2a: Volcarona|Fiery Dance|p1a: Komala\n|-damage|p1a: Komala|110/255\n|move|p1a: Komala|Rapid Spin|p2a: Volcarona\n|-damage|p2a: Volcarona|21/100\n|-boost|p1a: Komala|spe|1\n|-sideend|p1: p0x24249f90|Spikes|[from] move: Rapid Spin|[of] p1a: Komala\n|\n|-weather|SunnyDay|[upkeep]\n|upkeep\n|turn|13\n|inactive|Time left: 300 sec this turn | 300 sec total\n|\n|t:|1783568138\n|switch|p2a: Samurott|Samurott-Hisui, L77, F|100/100\n|move|p1a: Komala|Knock Off|p2a: Samurott\n|-resisted|p2a: Samurott\n|-damage|p2a: Samurott|82/100\n|-enditem|p2a: Samurott|Choice Band|[from] move: Knock Off|[of] p1a: Komala\n|\n|-weather|none\n|upkeep\n|turn|14\n|inactive|Time left: 300 sec this turn | 300 sec total\n|\n|t:|1783568138\n|move|p1a: Komala|Body Slam|p2a: Samurott\n|-damage|p2a: Samurott|30/100\n|-status|p2a: Samurott|par\n|cant|p2a: Samurott|par\n|\n|upkeep\n|turn|15\n|inactive|Time left: 300 sec this turn | 300 sec total\n|\n|t:|1783568140\n|move|p1a: Komala|Body Slam|p2a: Samurott\n|-damage|p2a: Samurott|0 fnt\n|faint|p2a: Samurott\n|\n|upkeep\n|\n|t:|1783568140\n|switch|p2a: Koraidon|Koraidon, L64|100/100\n|-weather|SunnyDay|[from] ability: Orichalcum Pulse|[of] p2a: Koraidon\n|-activate|p2a: Koraidon|Orichalcum Pulse|[source]\n|turn|16\n|inactive|Time left: 300 sec this turn | 300 sec total\n|\n|t:|1783568141\n|move|p1a: Komala|Body Slam|p2a: Koraidon\n|-damage|p2a: Koraidon|48/100\n|move|p2a: Koraidon|Scale Shot|p1a: Komala|[miss]\n|-miss|p2a: Koraidon|p1a: Komala\n|\n|-weather|SunnyDay|[upkeep]\n|upkeep\n|turn|17\n|inactive|Time left: 300 sec this turn | 300 sec total\n|\n|t:|1783568142\n|move|p1a: Komala|Body Slam|p2a: Koraidon\n|-damage|p2a: Koraidon|0 fnt\n|faint|p2a: Koraidon\n|\n|-weather|SunnyDay|[upkeep]\n|upkeep\n|\n|t:|1783568143\n|switch|p2a: Ariados|Ariados, L95, F|100/100\n|turn|18\n|inactive|Time left: 300 sec this turn | 300 sec total\n|\n|t:|1783568144\n|move|p1a: Komala|Knock Off|p2a: Ariados\n|-damage|p2a: Ariados|69/100\n|-enditem|p2a: Ariados|Heavy-Duty Boots|[from] move: Knock Off|[of] p1a: Komala\n|move|p2a: Ariados|Poison Jab|p1a: Komala\n|-damage|p1a: Komala|0 fnt\n|faint|p1a: Komala\n|\n|-weather|SunnyDay|[upkeep]\n|upkeep\n|inactive|Time left: 300 sec this turn | 300 sec total | 5 sec grace\n|\n|t:|1783568145\n|switch|p1a: Iron Boulder|Iron Boulder, L77|265/265\n|turn|19\n|inactive|Time left: 300 sec this turn | 300 sec total\n|\n|t:|1783568146\n|-terastallize|p2a: Ariados|Ghost\n|move|p1a: Iron Boulder|Zen Headbutt|p2a: Ariados\n|-damage|p2a: Ariados|27/100\n|-damage|p1a: Iron Boulder|239/265|[from] item: Life Orb\n|cant|p2a: Ariados|flinch\n|\n|-weather|SunnyDay|[upkeep]\n|upkeep\n|turn|20\n|inactive|Time left: 300 sec this turn | 300 sec total\n|\n|t:|1783568147\n|move|p1a: Iron Boulder|Swords Dance|p1a: Iron Boulder\n|-boost|p1a: Iron Boulder|atk|2\n|move|p2a: Ariados|Megahorn|p1a: Iron Boulder\n|-supereffective|p1a: Iron Boulder\n|-damage|p1a: Iron Boulder|0 fnt\n|faint|p1a: Iron Boulder\n|-end|p1a: Iron Boulder|Quark Drive|[silent]\n|\n|win|p0y24249556", "uploadtime": 1783568147, "views": 0, "rating": 0, "private": 0, "password": null, "_winner": "p0y24249556", "_our_name": "p0x24249f90"}