{"id": "battle-gen9randombattle-67", "formatid": "gen9randombattle", "format": "[Gen 9] Random Battle", "players": ["p0x067ce72", "p0y0677ae7"], "log": "|init|battle\n|title|p0x067ce72 vs. p0y0677ae7\n|j|\u2606p0x067ce72\n|j|\u2606p0y0677ae7\n|t:|1783534542\n|gametype|singles\n|player|p1|p0x067ce72|266|\n|player|p2|p0y0677ae7|101|\n|gen|9\n|tier|[Gen 9] Random Battle\n|rule|Species Clause: Limit one of each Pok\u00e9mon\n|rule|HP Percentage Mod: HP is shown in percentages\n|rule|Sleep Clause Mod: Limit one foe put to sleep\n|rule|Illusion Level Mod: Illusion disguises the Pok\u00e9mon's true level\n|\n|t:|1783534542\n|teamsize|p1|6\n|teamsize|p2|6\n|start\n|switch|p1a: Iron Hands|Iron Hands, L79|100/100\n|switch|p2a: Tauros|Tauros-Paldea-Aqua, L81, M|252/252\n|turn|1\n|inactive|Battle timer is ON: inactive players will automatically lose when time's up. (requested by p0y0677ae7)\n|\n|t:|1783534544\n|move|p2a: Tauros|Bulk Up|p2a: Tauros\n|-boost|p2a: Tauros|atk|1\n|-boost|p2a: Tauros|def|1\n|move|p1a: Iron Hands|Thunder Punch|p2a: Tauros\n|-supereffective|p2a: Tauros\n|-damage|p2a: Tauros|138/252\n|\n|upkeep\n|turn|2\n|inactive|Time left: 300 sec this turn | 300 sec total\n|inactive|p0x067ce72 also wants the timer to be on.\n|\n|t:|1783534545\n|move|p2a: Tauros|Bulk Up|p2a: Tauros\n|-boost|p2a: Tauros|atk|1\n|-boost|p2a: Tauros|def|1\n|move|p1a: Iron Hands|Volt Switch|p2a: Tauros\n|-supereffective|p2a: Tauros\n|-damage|p2a: Tauros|42/252\n|-enditem|p2a: Tauros|Sitrus Berry|[eat]\n|-heal|p2a: Tauros|105/252|[from] item: Sitrus Berry\n|\n|t:|1783534546\n|-end|p1a: Iron Hands|Quark Drive|[silent]\n|switch|p1a: Tentacruel|Tentacruel, L84, M|100/100|[from] Volt Switch\n|\n|upkeep\n|turn|3\n|inactive|Time left: 300 sec this turn | 300 sec total\n|\n|t:|1783534547\n|move|p1a: Tentacruel|Sludge Bomb|p2a: Tauros\n|-damage|p2a: Tauros|11/252\n|-status|p2a: Tauros|psn\n|move|p2a: Tauros|Close Combat|p1a: Tentacruel\n|-resisted|p1a: Tentacruel\n|-damage|p1a: Tentacruel|36/100\n|-unboost|p2a: Tauros|def|1\n|-unboost|p2a: Tauros|spd|1\n|\n|-damage|p2a: Tauros|0 fnt|[from] psn\n|faint|p2a: Tauros\n|upkeep\n|inactive|Time left: 300 sec this turn | 300 sec total | 5 sec grace\n|\n|t:|1783534548\n|switch|p2a: Munkidori|Munkidori, L79, M|269/269\n|turn|4\n|inactive|Time left: 300 sec this turn | 300 sec total\n|\n|t:|1783534549\n|move|p1a: Tentacruel|Knock Off|p2a: Munkidori\n|-supereffective|p2a: Munkidori\n|-damage|p2a: Munkidori|129/269\n|-enditem|p2a: Munkidori|Choice Specs|[from] move: Knock Off|[of] p1a: Tentacruel\n|move|p2a: Munkidori|Psyshock|p1a: Tentacruel\n|-supereffective|p1a: Tentacruel\n|-damage|p1a: Tentacruel|0 fnt\n|faint|p1a: Tentacruel\n|\n|upkeep\n|\n|t:|1783534550\n|switch|p1a: Kricketune|Kricketune, L99, M|100/100\n|turn|5\n|inactive|Time left: 300 sec this turn | 300 sec total\n|\n|t:|1783534551\n|move|p2a: Munkidori|Sludge Wave|p1a: Kricketune\n|-damage|p1a: Kricketune|56/100\n|-status|p1a: Kricketune|psn\n|move|p1a: Kricketune|Sticky Web|p2a: Munkidori\n|-sidestart|p2: p0y0677ae7|move: Sticky Web\n|\n|-damage|p1a: Kricketune|44/100 psn|[from] psn\n|upkeep\n|turn|6\n|inactive|Time left: 300 sec this turn | 300 sec total\n|\n|t:|1783534552\n|move|p2a: Munkidori|Sludge Wave|p1a: Kricketune\n|-damage|p1a: Kricketune|0 fnt\n|faint|p1a: Kricketune\n|\n|upkeep\n|\n|t:|1783534553\n|switch|p1a: Clodsire|Clodsire, L81, M|100/100\n|turn|7\n|inactive|Time left: 300 sec this turn | 300 sec total\n|\n|t:|1783534554\n|move|p2a: Munkidori|Psyshock|p1a: Clodsire\n|-supereffective|p1a: Clodsire\n|-damage|p1a: Clodsire|25/100\n|move|p1a: Clodsire|Earthquake|p2a: Munkidori\n|-supereffective|p2a: Munkidori\n|-damage|p2a: Munkidori|0 fnt\n|faint|p2a: Munkidori\n|\n|-heal|p1a: Clodsire|31/100|[from] item: Leftovers\n|upkeep\n|inactive|Time left: 300 sec this turn | 300 sec total | 5 sec grace\n|\n|t:|1783534555\n|switch|p2a: Tatsugiri|Tatsugiri, L87, F|260/260\n|turn|8\n|inactive|Time left: 300 sec this turn | 300 sec total\n|\n|t:|1783534556\n|move|p2a: Tatsugiri|Rapid Spin|p1a: Clodsire\n|-damage|p1a: Clodsire|23/100\n|-boost|p2a: Tatsugiri|spe|1\n|-sideend|p2: p0y0677ae7|Sticky Web|[from] move: Rapid Spin|[of] p2a: Tatsugiri\n|move|p1a: Clodsire|Recover|p1a: Clodsire\n|-heal|p1a: Clodsire|73/100\n|\n|-heal|p1a: Clodsire|79/100|[from] item: Leftovers\n|upkeep\n|turn|9\n|inactive|Time left: 300 sec this turn | 300 sec total\n|\n|t:|1783534557\n|move|p2a: Tatsugiri|Nasty Plot|p2a: Tatsugiri\n|-boost|p2a: Tatsugiri|spa|2\n|move|p1a: Clodsire|Poison Jab|p2a: Tatsugiri\n|-crit|p2a: Tatsugiri\n|-damage|p2a: Tatsugiri|127/260\n|\n|-heal|p1a: Clodsire|85/100|[from] item: Leftovers\n|upkeep\n|turn|10\n|inactive|Time left: 300 sec this turn | 300 sec total\n|\n|t:|1783534558\n|-terastallize|p1a: Clodsire|Flying\n|move|p2a: Tatsugiri|Draco Meteor|p1a: Clodsire\n|-damage|p1a: Clodsire|40/100\n|-unboost|p2a: Tatsugiri|spa|2\n|move|p1a: Clodsire|Earthquake|p2a: Tatsugiri\n|-damage|p2a: Tatsugiri|19/260\n|\n|-heal|p1a: Clodsire|46/100|[from] item: Leftovers\n|upkeep\n|turn|11\n|inactive|Time left: 300 sec this turn | 300 sec total\n|\n|t:|1783534559\n|move|p2a: Tatsugiri|Draco Meteor|p1a: Clodsire\n|-damage|p1a: Clodsire|0 fnt\n|-unboost|p2a: Tatsugiri|spa|2\n|faint|p1a: Clodsire\n|\n|upkeep\n|\n|t:|1783534561\n|switch|p1a: Eiscue|Eiscue, L88, M|100/100\n|turn|12\n|inactive|Time left: 300 sec this turn | 300 sec total\n|\n|t:|1783534562\n|move|p2a: Tatsugiri|Nasty Plot|p2a: Tatsugiri\n|-boost|p2a: Tatsugiri|spa|2\n|move|p1a: Eiscue|Belly Drum|p1a: Eiscue\n|-damage|p1a: Eiscue|50/100\n|-setboost|p1a: Eiscue|atk|6|[from] move: Belly Drum\n|-enditem|p1a: Eiscue|Sitrus Berry|[eat]\n|-heal|p1a: Eiscue|75/100|[from] item: Sitrus Berry\n|\n|upkeep\n|turn|13\n|inactive|Time left: 300 sec this turn | 300 sec total\n|\n|t:|1783534563\n|move|p2a: Tatsugiri|Draco Meteor|p1a: Eiscue\n|-damage|p1a: Eiscue|17/100\n|-unboost|p2a: Tatsugiri|spa|2\n|move|p1a: Eiscue|Ice Spinner|p2a: Tatsugiri\n|-damage|p2a: Tatsugiri|0 fnt\n|faint|p2a: Tatsugiri\n|\n|upkeep\n|inactive|Time left: 300 sec this turn | 300 sec total | 5 sec grace\n|\n|t:|1783534564\n|switch|p2a: Lilligant|Lilligant, L86, F|261/261\n|turn|14\n|inactive|Time left: 300 sec this turn | 300 sec total\n|\n|t:|1783534565\n|move|p2a: Lilligant|Tera Blast|p1a: Eiscue\n|-damage|p1a: Eiscue|0 fnt\n|faint|p1a: Eiscue\n|-damage|p2a: Lilligant|235/261|[from] item: Life Orb\n|\n|upkeep\n|\n|t:|1783534566\n|switch|p1a: Iron Hands|Iron Hands, L79|100/100\n|turn|15\n|inactive|Time left: 300 sec this turn | 300 sec total\n|\n|t:|1783534566\n|move|p1a: Iron Hands|Fake Out|p2a: Lilligant\n|-damage|p2a: Lilligant|196/261\n|cant|p2a: Lilligant|flinch\n|\n|upkeep\n|turn|16\n|inactive|Time left: 300 sec this turn | 300 sec total\n|\n|t:|1783534567\n|move|p2a: Lilligant|Sleep Powder|p1a: Iron Hands\n|-status|p1a: Iron Hands|slp|[from] move: Sleep Powder\n|cant|p1a: Iron Hands|slp\n|\n|upkeep\n|turn|17\n|inactive|Time left: 300 sec this turn | 300 sec total\n|\n|t:|1783534569\n|move|p2a: Lilligant|Quiver Dance|p2a: Lilligant\n|-boost|p2a: Lilligant|spa|1\n|-boost|p2a: Lilligant|spd|1\n|-boost|p2a: Lilligant|spe|1\n|cant|p1a: Iron Hands|slp\n|\n|upkeep\n|turn|18\n|inactive|Time left: 300 sec this turn | 300 sec total\n|\n|t:|1783534570\n|move|p2a: Lilligant|Quiver Dance|p2a: Lilligant\n|-boost|p2a: Lilligant|spa|1\n|-boost|p2a: Lilligant|spd|1\n|-boost|p2a: Lilligant|spe|1\n|cant|p1a: Iron Hands|slp\n|\n|upkeep\n|turn|19\n|inactive|Time left: 300 sec this turn | 300 sec total\n|\n|t:|1783534571\n|move|p2a: Lilligant|Giga Drain|p1a: Iron Hands\n|-damage|p1a: Iron Hands|44/100 slp\n|-heal|p2a: Lilligant|261/261|[from] drain|[of] p1a: Iron Hands\n|-damage|p2a: Lilligant|235/261|[from] item: Life Orb\n|-curestatus|p1a: Iron Hands|slp|[msg]\n|move|p1a: Iron Hands|Close Combat|p2a: Lilligant\n|-damage|p2a: Lilligant|64/261\n|-unboost|p1a: Iron Hands|def|1\n|-unboost|p1a: Iron Hands|spd|1\n|\n|upkeep\n|turn|20\n|inactive|Time left: 300 sec this turn | 300 sec total\n|\n|t:|1783534572\n|-end|p1a: Iron Hands|Quark Drive|[silent]\n|switch|p1a: Cyclizar|Cyclizar, L84, F|100/100\n|move|p2a: Lilligant|Giga Drain|p1a: Cyclizar\n|-resisted|p1a: Cyclizar\n|-damage|p1a: Cyclizar|44/100\n|-heal|p2a: Lilligant|136/261|[from] drain|[of] p1a: Cyclizar\n|-damage|p2a: Lilligant|110/261|[from] item: Life Orb\n|\n|upkeep\n|turn|21\n|inactive|Time left: 300 sec this turn | 300 sec total\n|\n|t:|1783534573\n|move|p2a: Lilligant|Giga Drain|p1a: Cyclizar\n|-resisted|p1a: Cyclizar\n|-damage|p1a: Cyclizar|0 fnt\n|-heal|p2a: Lilligant|166/261|[from] drain|[of] p1a: Cyclizar\n|faint|p1a: Cyclizar\n|-damage|p2a: Lilligant|140/261|[from] item: Life Orb\n|\n|upkeep\n|\n|t:|1783534574\n|switch|p1a: Iron Hands|Iron Hands, L79|44/100\n|turn|22\n|inactive|Time left: 300 sec this turn | 300 sec total\n|\n|t:|1783534575\n|-terastallize|p2a: Lilligant|Fire\n|move|p1a: Iron Hands|Fake Out|p2a: Lilligant\n|-damage|p2a: Lilligant|104/261\n|cant|p2a: Lilligant|flinch\n|\n|upkeep\n|turn|23\n|inactive|Time left: 300 sec this turn | 300 sec total\n|\n|t:|1783534576\n|move|p2a: Lilligant|Tera Blast|p1a: Iron Hands|[anim] Tera Blast Fire\n|-damage|p1a: Iron Hands|0 fnt\n|faint|p1a: Iron Hands\n|-end|p1a: Iron Hands|Quark Drive|[silent]\n|-damage|p2a: Lilligant|78/261|[from] item: Life Orb\n|\n|win|p0y0677ae7", "uploadtime": 1783534576, "views": 0, "rating": 0, "private": 0, "password": null, "_winner": "p0y0677ae7", "_our_name": "p0y0677ae7"}