{"id": "battle-gen9randombattle-2300", "formatid": "gen9randombattle", "format": "[Gen 9] Random Battle", "players": ["p0x23002715", "p0y2300cad9"], "log": "|init|battle\n|title|p0x23002715 vs. p0y2300cad9\n|j|\u2606p0x23002715\n|j|\u2606p0y2300cad9\n|t:|1783566673\n|gametype|singles\n|player|p1|p0x23002715|265|\n|player|p2|p0y2300cad9|1|\n|gen|9\n|tier|[Gen 9] Random Battle\n|rule|Species Clause: Limit one of each Pok\u00e9mon\n|rule|HP Percentage Mod: HP is shown in percentages\n|rule|Sleep Clause Mod: Limit one foe put to sleep\n|rule|Illusion Level Mod: Illusion disguises the Pok\u00e9mon's true level\n|\n|t:|1783566673\n|teamsize|p1|6\n|teamsize|p2|6\n|start\n|switch|p1a: Grafaiai|Grafaiai, L86, M|100/100\n|switch|p2a: Chansey|Chansey, L85, F|564/564\n|turn|1\n|inactive|Battle timer is ON: inactive players will automatically lose when time's up. (requested by p0x23002715)\n|inactive|Time left: 300 sec this turn | 300 sec total | 60 sec grace\n|inactive|p0y2300cad9 also wants the timer to be on.\n|\n|t:|1783566675\n|move|p1a: Grafaiai|Swords Dance|p1a: Grafaiai\n|-boost|p1a: Grafaiai|atk|2\n|move|p2a: Chansey|Stealth Rock|p1a: Grafaiai\n|-sidestart|p1: p0x23002715|move: Stealth Rock\n|\n|upkeep\n|turn|2\n|inactive|Time left: 300 sec this turn | 300 sec total\n|\n|t:|1783566676\n|switch|p2a: Hoopa|Hoopa, L85|275/275\n|move|p1a: Grafaiai|Gunk Shot|p2a: Hoopa\n|-resisted|p2a: Hoopa\n|-damage|p2a: Hoopa|59/275\n|-damage|p1a: Grafaiai|91/100|[from] item: Life Orb\n|\n|upkeep\n|turn|3\n|inactive|Time left: 300 sec this turn | 300 sec total\n|\n|t:|1783566677\n|move|p2a: Hoopa|Psyshock|p1a: Grafaiai\n|-supereffective|p1a: Grafaiai\n|-damage|p1a: Grafaiai|0 fnt\n|faint|p1a: Grafaiai\n|\n|upkeep\n|\n|t:|1783566678\n|switch|p1a: Slaking|Slaking, L84, F|100/100\n|-damage|p1a: Slaking|88/100|[from] Stealth Rock\n|turn|4\n|inactive|Time left: 300 sec this turn | 300 sec total\n|\n|t:|1783566679\n|move|p2a: Hoopa|Psyshock|p1a: Slaking\n|-damage|p1a: Slaking|60/100\n|move|p1a: Slaking|Earthquake|p2a: Hoopa\n|-damage|p2a: Hoopa|0 fnt\n|faint|p2a: Hoopa\n|\n|upkeep\n|inactive|Time left: 300 sec this turn | 300 sec total | 5 sec grace\n|\n|t:|1783566680\n|switch|p2a: Dodrio|Dodrio, L85, F|241/241\n|turn|5\n|inactive|Time left: 300 sec this turn | 300 sec total\n|\n|t:|1783566681\n|switch|p1a: Hariyama|Hariyama, L87, F|100/100\n|-damage|p1a: Hariyama|94/100|[from] Stealth Rock\n|move|p2a: Dodrio|Brave Bird|p1a: Hariyama\n|-supereffective|p1a: Hariyama\n|-damage|p1a: Hariyama|0 fnt\n|faint|p1a: Hariyama\n|-damage|p2a: Dodrio|120/241|[from] Recoil\n|\n|upkeep\n|\n|t:|1783566682\n|switch|p1a: Bellibolt|Bellibolt, L84, F|100/100\n|-damage|p1a: Bellibolt|88/100|[from] Stealth Rock\n|turn|6\n|inactive|Time left: 300 sec this turn | 300 sec total\n|\n|t:|1783566683\n|switch|p2a: Cryogonal|Cryogonal, L89|287/287\n|move|p1a: Bellibolt|Thunderbolt|p2a: Cryogonal\n|-damage|p2a: Cryogonal|217/287\n|-status|p2a: Cryogonal|par\n|\n|-heal|p1a: Bellibolt|94/100|[from] item: Leftovers\n|upkeep\n|turn|7\n|inactive|Time left: 300 sec this turn | 300 sec total\n|\n|t:|1783566685\n|switch|p1a: Slaking|Slaking, L84, F|60/100\n|-damage|p1a: Slaking|48/100|[from] Stealth Rock\n|move|p2a: Cryogonal|Recover|p2a: Cryogonal\n|-heal|p2a: Cryogonal|287/287 par\n|\n|upkeep\n|turn|8\n|inactive|Time left: 300 sec this turn | 300 sec total\n|\n|t:|1783566686\n|switch|p2a: Dachsbun|Dachsbun, L92, F|254/254\n|move|p1a: Slaking|Giga Impact|p2a: Dachsbun\n|-damage|p2a: Dachsbun|0 fnt\n|-mustrecharge|p1a: Slaking\n|faint|p2a: Dachsbun\n|\n|upkeep\n|inactive|Time left: 300 sec this turn | 300 sec total | 5 sec grace\n|\n|t:|1783566686\n|switch|p2a: Dodrio|Dodrio, L85, F|120/241\n|turn|9\n|inactive|Time left: 300 sec this turn | 300 sec total\n|\n|t:|1783566687\n|move|p2a: Dodrio|Brave Bird|p1a: Slaking\n|-damage|p1a: Slaking|0 fnt\n|faint|p1a: Slaking\n|-damage|p2a: Dodrio|59/241|[from] Recoil\n|\n|upkeep\n|\n|t:|1783566688\n|switch|p1a: Garchomp|Garchomp, L74, M|100/100\n|-damage|p1a: Garchomp|94/100|[from] Stealth Rock\n|turn|10\n|inactive|Time left: 300 sec this turn | 300 sec total\n|\n|t:|1783566689\n|move|p2a: Dodrio|Brave Bird|p1a: Garchomp\n|-damage|p1a: Garchomp|18/100\n|-damage|p2a: Dodrio|29/241|[from] ability: Rough Skin|[of] p1a: Garchomp\n|-damage|p2a: Dodrio|0 fnt|[from] Recoil\n|faint|p2a: Dodrio\n|move|p1a: Garchomp|Swords Dance|p1a: Garchomp\n|-boost|p1a: Garchomp|atk|2\n|\n|upkeep\n|inactive|Time left: 300 sec this turn | 300 sec total | 5 sec grace\n|\n|t:|1783566690\n|switch|p2a: Flamigo|Flamigo, L82, F|269/269\n|turn|11\n|inactive|Time left: 300 sec this turn | 300 sec total\n|\n|t:|1783566691\n|move|p2a: Flamigo|Brave Bird|p1a: Garchomp\n|-damage|p1a: Garchomp|0 fnt\n|-damage|p2a: Flamigo|236/269|[from] ability: Rough Skin|[of] p1a: Garchomp\n|faint|p1a: Garchomp\n|-damage|p2a: Flamigo|220/269|[from] Recoil\n|-damage|p2a: Flamigo|194/269|[from] item: Life Orb\n|\n|upkeep\n|\n|t:|1783566692\n|switch|p1a: Bellibolt|Bellibolt, L84, F|94/100\n|-damage|p1a: Bellibolt|82/100|[from] Stealth Rock\n|turn|12\n|inactive|Time left: 300 sec this turn | 300 sec total\n|\n|t:|1783566693\n|-terastallize|p2a: Flamigo|Fighting\n|move|p2a: Flamigo|Swords Dance|p2a: Flamigo\n|-boost|p2a: Flamigo|atk|2\n|move|p1a: Bellibolt|Thunderbolt|p2a: Flamigo\n|-damage|p2a: Flamigo|68/269\n|\n|-heal|p1a: Bellibolt|88/100|[from] item: Leftovers\n|upkeep\n|turn|13\n|inactive|Time left: 300 sec this turn | 300 sec total\n|\n|t:|1783566694\n|move|p2a: Flamigo|Close Combat|p1a: Bellibolt\n|-damage|p1a: Bellibolt|0 fnt\n|-unboost|p2a: Flamigo|def|1\n|-unboost|p2a: Flamigo|spd|1\n|faint|p1a: Bellibolt\n|-damage|p2a: Flamigo|42/269|[from] item: Life Orb\n|\n|upkeep\n|\n|t:|1783566695\n|switch|p1a: Crabominable|Crabominable, L90, M|100/100\n|-damage|p1a: Crabominable|88/100|[from] Stealth Rock\n|turn|14\n|inactive|Time left: 300 sec this turn | 300 sec total\n|\n|t:|1783566696\n|move|p2a: Flamigo|Close Combat|p1a: Crabominable\n|-supereffective|p1a: Crabominable\n|-damage|p1a: Crabominable|0 fnt\n|-unboost|p2a: Flamigo|def|1\n|-unboost|p2a: Flamigo|spd|1\n|faint|p1a: Crabominable\n|-damage|p2a: Flamigo|16/269|[from] item: Life Orb\n|\n|win|p0y2300cad9", "uploadtime": 1783566696, "views": 0, "rating": 0, "private": 0, "password": null, "_winner": "p0y2300cad9", "_our_name": "p0y2300cad9"}