{"id": "battle-gen9randombattle-2089", "formatid": "gen9randombattle", "format": "[Gen 9] Random Battle", "players": ["p0x2089ff2c", "p0y2089cbc9"], "log": "|init|battle\n|title|p0x2089ff2c vs. p0y2089cbc9\n|j|\u2606p0x2089ff2c\n|j|\u2606p0y2089cbc9\n|t:|1783564206\n|gametype|singles\n|player|p1|p0x2089ff2c|170|\n|player|p2|p0y2089cbc9|2|\n|gen|9\n|tier|[Gen 9] Random Battle\n|rule|Species Clause: Limit one of each Pok\u00e9mon\n|rule|HP Percentage Mod: HP is shown in percentages\n|rule|Sleep Clause Mod: Limit one foe put to sleep\n|rule|Illusion Level Mod: Illusion disguises the Pok\u00e9mon's true level\n|\n|t:|1783564206\n|teamsize|p1|6\n|teamsize|p2|6\n|start\n|switch|p1a: Baxcalibur|Baxcalibur, L75, F|295/295\n|switch|p2a: Cinccino|Cinccino, L83, F|100/100\n|turn|1\n|inactive|Battle timer is ON: inactive players will automatically lose when time's up. (requested by p0x2089ff2c)\n|inactive|p0y2089cbc9 also wants the timer to be on.\n|\n|t:|1783564207\n|switch|p2a: Gholdengo|Gholdengo, L77|100/100\n|move|p1a: Baxcalibur|Scale Shot|p2a: Gholdengo\n|-resisted|p2a: Gholdengo\n|-damage|p2a: Gholdengo|95/100\n|-resisted|p2a: Gholdengo\n|-damage|p2a: Gholdengo|89/100\n|-resisted|p2a: Gholdengo\n|-damage|p2a: Gholdengo|83/100\n|-resisted|p2a: Gholdengo\n|-damage|p2a: Gholdengo|77/100\n|-hitcount|p2a: Gholdengo|4\n|-unboost|p1a: Baxcalibur|def|1\n|-boost|p1a: Baxcalibur|spe|1\n|\n|upkeep\n|turn|2\n|inactive|Time left: 300 sec this turn | 300 sec total\n|\n|t:|1783564208\n|-terastallize|p1a: Baxcalibur|Dragon\n|move|p1a: Baxcalibur|Swords Dance|p1a: Baxcalibur\n|-boost|p1a: Baxcalibur|atk|2\n|move|p2a: Gholdengo|Make It Rain|p1a: Baxcalibur\n|-damage|p1a: Baxcalibur|133/295\n|-unboost|p2a: Gholdengo|spa|1\n|\n|upkeep\n|turn|3\n|inactive|Time left: 300 sec this turn | 300 sec total\n|\n|t:|1783564209\n|move|p2a: Gholdengo|Make It Rain|p1a: Baxcalibur\n|-damage|p1a: Baxcalibur|39/295\n|-unboost|p2a: Gholdengo|spa|1\n|move|p1a: Baxcalibur|Earthquake|p2a: Gholdengo\n|-supereffective|p2a: Gholdengo\n|-damage|p2a: Gholdengo|0 fnt\n|faint|p2a: Gholdengo\n|\n|upkeep\n|\n|t:|1783564210\n|switch|p2a: Skeledirge|Skeledirge, L79, F|100/100\n|turn|4\n|inactive|Time left: 300 sec this turn | 300 sec total\n|\n|t:|1783564211\n|move|p1a: Baxcalibur|Earthquake|p2a: Skeledirge\n|-supereffective|p2a: Skeledirge\n|-damage|p2a: Skeledirge|47/100\n|move|p2a: Skeledirge|Torch Song|p1a: Baxcalibur\n|-resisted|p1a: Baxcalibur\n|-damage|p1a: Baxcalibur|0 fnt\n|-boost|p2a: Skeledirge|spa|1\n|faint|p1a: Baxcalibur\n|\n|upkeep\n|inactive|Time left: 300 sec this turn | 300 sec total | 5 sec grace\n|\n|t:|1783564212\n|switch|p1a: Grumpig|Grumpig, L92, F|297/297\n|turn|5\n|inactive|Time left: 300 sec this turn | 300 sec total\n|\n|t:|1783564213\n|move|p1a: Grumpig|Shadow Ball|p2a: Skeledirge\n|-supereffective|p2a: Skeledirge\n|-damage|p2a: Skeledirge|0 fnt\n|faint|p2a: Skeledirge\n|\n|upkeep\n|\n|t:|1783564214\n|switch|p2a: Scyther|Scyther, L82, F|100/100\n|turn|6\n|inactive|Time left: 300 sec this turn | 300 sec total\n|\n|t:|1783564215\n|switch|p1a: Magearna|Magearna-Original, L77|250/250\n|move|p2a: Scyther|Swords Dance|p2a: Scyther\n|-boost|p2a: Scyther|atk|2\n|\n|upkeep\n|turn|7\n|inactive|Time left: 300 sec this turn | 300 sec total\n|\n|t:|1783564215\n|move|p2a: Scyther|Dual Wingbeat|p1a: Magearna\n|-resisted|p1a: Magearna\n|-damage|p1a: Magearna|189/250\n|-resisted|p1a: Magearna\n|-damage|p1a: Magearna|133/250\n|-hitcount|p1a: Magearna|2\n|move|p1a: Magearna|Fleur Cannon|p2a: Scyther\n|-damage|p2a: Scyther|33/100\n|-unboost|p1a: Magearna|spa|2\n|\n|-heal|p1a: Magearna|148/250|[from] item: Leftovers\n|upkeep\n|turn|8\n|inactive|Time left: 300 sec this turn | 300 sec total\n|\n|t:|1783564216\n|move|p2a: Scyther|Close Combat|p1a: Magearna\n|-damage|p1a: Magearna|0 fnt\n|-unboost|p2a: Scyther|def|1\n|-unboost|p2a: Scyther|spd|1\n|faint|p1a: Magearna\n|\n|upkeep\n|inactive|Time left: 300 sec this turn | 300 sec total | 5 sec grace\n|\n|t:|1783564217\n|switch|p1a: Deoxys|Deoxys-Attack, L72|191/191\n|-ability|p1a: Deoxys|Pressure\n|turn|9\n|inactive|Time left: 300 sec this turn | 300 sec total\n|\n|t:|1783564218\n|switch|p2a: Milotic|Milotic, L83, M|100/100\n|move|p1a: Deoxys|Extreme Speed|p2a: Milotic\n|-damage|p2a: Milotic|68/100\n|-damage|p1a: Deoxys|172/191|[from] item: Life Orb\n|\n|-heal|p2a: Milotic|75/100|[from] item: Leftovers\n|upkeep\n|turn|10\n|inactive|Time left: 300 sec this turn | 300 sec total\n|\n|t:|1783564219\n|switch|p1a: Magnezone|Magnezone, L85|258/258\n|move|p2a: Milotic|Scald|p1a: Magnezone\n|-damage|p1a: Magnezone|179/258\n|-status|p1a: Magnezone|brn\n|\n|-heal|p2a: Milotic|81/100|[from] item: Leftovers\n|-heal|p1a: Magnezone|195/258 brn|[from] item: Leftovers\n|-damage|p1a: Magnezone|179/258 brn|[from] brn\n|upkeep\n|turn|11\n|inactive|Time left: 300 sec this turn | 300 sec total\n|\n|t:|1783564220\n|move|p2a: Milotic|Scald|p1a: Magnezone\n|-damage|p1a: Magnezone|89/258 brn\n|move|p1a: Magnezone|Discharge|p2a: Milotic\n|-supereffective|p2a: Milotic\n|-damage|p2a: Milotic|27/100\n|\n|-heal|p2a: Milotic|34/100|[from] item: Leftovers\n|-heal|p1a: Magnezone|105/258 brn|[from] item: Leftovers\n|-damage|p1a: Magnezone|89/258 brn|[from] brn\n|upkeep\n|turn|12\n|inactive|Time left: 300 sec this turn | 300 sec total\n|\n|t:|1783564221\n|move|p2a: Milotic|Scald|p1a: Magnezone\n|-damage|p1a: Magnezone|10/258 brn\n|move|p1a: Magnezone|Discharge|p2a: Milotic\n|-supereffective|p2a: Milotic\n|-damage|p2a: Milotic|0 fnt\n|faint|p2a: Milotic\n|\n|-heal|p1a: Magnezone|26/258 brn|[from] item: Leftovers\n|-damage|p1a: Magnezone|10/258 brn|[from] brn\n|upkeep\n|\n|t:|1783564221\n|switch|p2a: Blaziken|Blaziken, L76, F|100/100\n|turn|13\n|inactive|Time left: 300 sec this turn | 300 sec total\n|\n|t:|1783564222\n|move|p2a: Blaziken|Knock Off|p1a: Magnezone\n|-damage|p1a: Magnezone|0 fnt\n|-enditem|p1a: Magnezone|Leftovers|[from] move: Knock Off|[of] p2a: Blaziken\n|faint|p1a: Magnezone\n|-damage|p2a: Blaziken|91/100|[from] item: Life Orb\n|\n|-ability|p2a: Blaziken|Speed Boost|boost\n|-boost|p2a: Blaziken|spe|1\n|upkeep\n|inactive|Time left: 300 sec this turn | 300 sec total | 5 sec grace\n|\n|t:|1783564223\n|switch|p1a: Camerupt|Camerupt, L91, M|275/275\n|turn|14\n|inactive|Time left: 300 sec this turn | 300 sec total\n|\n|t:|1783564224\n|move|p2a: Blaziken|Close Combat|p1a: Camerupt\n|-damage|p1a: Camerupt|103/275\n|-unboost|p2a: Blaziken|def|1\n|-unboost|p2a: Blaziken|spd|1\n|-damage|p2a: Blaziken|81/100|[from] item: Life Orb\n|move|p1a: Camerupt|Earthquake|p2a: Blaziken\n|-supereffective|p2a: Blaziken\n|-damage|p2a: Blaziken|0 fnt\n|faint|p2a: Blaziken\n|\n|-heal|p1a: Camerupt|120/275|[from] item: Leftovers\n|upkeep\n|\n|t:|1783564225\n|switch|p2a: Scyther|Scyther, L82, F|33/100\n|turn|15\n|inactive|Time left: 300 sec this turn | 300 sec total\n|\n|t:|1783564226\n|move|p2a: Scyther|Dual Wingbeat|p1a: Camerupt\n|-damage|p1a: Camerupt|51/275\n|-damage|p1a: Camerupt|0 fnt\n|faint|p1a: Camerupt\n|-hitcount|p1: Camerupt|2\n|\n|upkeep\n|inactive|Time left: 300 sec this turn | 300 sec total | 5 sec grace\n|\n|t:|1783564227\n|switch|p1a: Deoxys|Deoxys-Attack, L72|172/191\n|-ability|p1a: Deoxys|Pressure\n|turn|16\n|inactive|Time left: 300 sec this turn | 300 sec total\n|\n|t:|1783564228\n|switch|p2a: Cinccino|Cinccino, L83, F|100/100\n|move|p1a: Deoxys|Extreme Speed|p2a: Cinccino\n|-damage|p2a: Cinccino|57/100\n|-damage|p1a: Deoxys|153/191|[from] item: Life Orb\n|\n|upkeep\n|turn|17\n|inactive|Time left: 300 sec this turn | 300 sec total\n|\n|t:|1783564229\n|move|p1a: Deoxys|Psycho Boost|p2a: Cinccino\n|-damage|p2a: Cinccino|0 fnt\n|-unboost|p1a: Deoxys|spa|2\n|faint|p2a: Cinccino\n|-damage|p1a: Deoxys|134/191|[from] item: Life Orb\n|\n|upkeep\n|\n|t:|1783564229\n|switch|p2a: Scyther|Scyther, L82, F|33/100\n|turn|18\n|inactive|Time left: 300 sec this turn | 300 sec total\n|\n|t:|1783564230\n|move|p1a: Deoxys|Extreme Speed|p2a: Scyther\n|-damage|p2a: Scyther|0 fnt\n|faint|p2a: Scyther\n|-damage|p1a: Deoxys|115/191|[from] item: Life Orb\n|\n|win|p0x2089ff2c", "uploadtime": 1783564230, "views": 0, "rating": 0, "private": 0, "password": null, "_winner": "p0x2089ff2c", "_our_name": "p0x2089ff2c"}