{"id": "battle-gen9randombattle-792", "formatid": "gen9randombattle", "format": "[Gen 9] Random Battle", "players": ["p0x792ed22", "p0y792cd9e"], "log": "|init|battle\n|title|p0x792ed22 vs. p0y792cd9e\n|j|\u2606p0x792ed22\n|j|\u2606p0y792cd9e\n|t:|1783548302\n|gametype|singles\n|player|p1|p0x792ed22|265|\n|player|p2|p0y792cd9e|266|\n|gen|9\n|tier|[Gen 9] Random Battle\n|rule|Species Clause: Limit one of each Pok\u00e9mon\n|rule|HP Percentage Mod: HP is shown in percentages\n|rule|Sleep Clause Mod: Limit one foe put to sleep\n|rule|Illusion Level Mod: Illusion disguises the Pok\u00e9mon's true level\n|\n|t:|1783548302\n|teamsize|p1|6\n|teamsize|p2|6\n|start\n|switch|p1a: Brambleghast|Brambleghast, L88, F|100/100\n|switch|p2a: Klefki|Klefki, L84, M|233/233\n|turn|1\n|inactive|Battle timer is ON: inactive players will automatically lose when time's up. (requested by p0y792cd9e)\n|inactive|p0x792ed22 also wants the timer to be on.\n|\n|t:|1783548304\n|move|p2a: Klefki|Spikes|p1a: Brambleghast\n|-sidestart|p1: p0x792ed22|Spikes\n|move|p1a: Brambleghast|Poltergeist|p2a: Klefki\n|-activate|p2a: Klefki|move: Poltergeist|Leftovers\n|-damage|p2a: Klefki|95/233\n|\n|-heal|p2a: Klefki|109/233|[from] item: Leftovers\n|upkeep\n|turn|2\n|inactive|Time left: 300 sec this turn | 300 sec total\n|\n|t:|1783548305\n|move|p2a: Klefki|Thunder Wave|p1a: Brambleghast\n|-status|p1a: Brambleghast|par\n|cant|p1a: Brambleghast|par\n|\n|-heal|p2a: Klefki|123/233|[from] item: Leftovers\n|upkeep\n|turn|3\n|inactive|Time left: 300 sec this turn | 300 sec total\n|\n|t:|1783548306\n|move|p2a: Klefki|Play Rough|p1a: Brambleghast\n|-damage|p1a: Brambleghast|64/100 par\n|move|p1a: Brambleghast|Poltergeist|p2a: Klefki\n|-activate|p2a: Klefki|move: Poltergeist|Leftovers\n|-damage|p2a: Klefki|0 fnt\n|faint|p2a: Klefki\n|\n|-heal|p1a: Brambleghast|70/100 par|[from] item: Leftovers\n|upkeep\n|inactive|Time left: 300 sec this turn | 300 sec total | 5 sec grace\n|\n|t:|1783548307\n|switch|p2a: Sudowoodo|Sudowoodo, L94, M|284/284\n|turn|4\n|inactive|Time left: 300 sec this turn | 300 sec total\n|\n|t:|1783548308\n|move|p2a: Sudowoodo|Head Smash|p1a: Brambleghast\n|-damage|p1a: Brambleghast|0 fnt\n|faint|p1a: Brambleghast\n|\n|upkeep\n|\n|t:|1783548309\n|switch|p1a: Pikachu|Pikachu-World, L93, M|100/100\n|-damage|p1a: Pikachu|88/100|[from] Spikes\n|turn|5\n|inactive|Time left: 300 sec this turn | 300 sec total\n|\n|t:|1783548310\n|-terastallize|p1a: Pikachu|Water\n|move|p1a: Pikachu|Surf|p2a: Sudowoodo\n|-supereffective|p2a: Sudowoodo\n|-damage|p2a: Sudowoodo|0 fnt\n|faint|p2a: Sudowoodo\n|\n|upkeep\n|inactive|Time left: 300 sec this turn | 300 sec total | 5 sec grace\n|\n|t:|1783548311\n|switch|p2a: Iron Leaves|Iron Leaves, L80|275/275\n|turn|6\n|inactive|Time left: 300 sec this turn | 300 sec total\n|\n|t:|1783548313\n|switch|p1a: Mandibuzz|Mandibuzz, L85, F|100/100\n|move|p2a: Iron Leaves|Leaf Blade|p1a: Mandibuzz\n|-resisted|p1a: Mandibuzz\n|-damage|p1a: Mandibuzz|77/100\n|\n|upkeep\n|turn|7\n|inactive|Time left: 300 sec this turn | 300 sec total\n|\n|t:|1783548314\n|-end|p2a: Iron Leaves|Quark Drive|[silent]\n|switch|p2a: Dedenne|Dedenne, L88, M|261/261\n|move|p1a: Mandibuzz|Foul Play|p2a: Dedenne\n|-resisted|p2a: Dedenne\n|-damage|p2a: Dedenne|216/261\n|\n|upkeep\n|turn|8\n|inactive|Time left: 300 sec this turn | 300 sec total\n|\n|t:|1783548315\n|move|p2a: Dedenne|Super Fang|p1a: Mandibuzz\n|-damage|p1a: Mandibuzz|39/100\n|move|p1a: Mandibuzz|Roost|p1a: Mandibuzz\n|-heal|p1a: Mandibuzz|89/100\n|-singleturn|p1a: Mandibuzz|move: Roost\n|\n|upkeep\n|turn|9\n|inactive|Time left: 300 sec this turn | 300 sec total\n|\n|t:|1783548316\n|move|p2a: Dedenne|Dazzling Gleam|p1a: Mandibuzz\n|-supereffective|p1a: Mandibuzz\n|-damage|p1a: Mandibuzz|45/100\n|move|p1a: Mandibuzz|Roost|p1a: Mandibuzz\n|-heal|p1a: Mandibuzz|95/100\n|-singleturn|p1a: Mandibuzz|move: Roost\n|\n|upkeep\n|turn|10\n|inactive|Time left: 300 sec this turn | 300 sec total\n|\n|t:|1783548317\n|move|p2a: Dedenne|Dazzling Gleam|p1a: Mandibuzz\n|-supereffective|p1a: Mandibuzz\n|-damage|p1a: Mandibuzz|51/100\n|move|p1a: Mandibuzz|Roost|p1a: Mandibuzz\n|-heal|p1a: Mandibuzz|100/100\n|-singleturn|p1a: Mandibuzz|move: Roost\n|\n|upkeep\n|turn|11\n|inactive|Time left: 300 sec this turn | 300 sec total\n|\n|t:|1783548319\n|move|p2a: Dedenne|Dazzling Gleam|p1a: Mandibuzz\n|-supereffective|p1a: Mandibuzz\n|-damage|p1a: Mandibuzz|56/100\n|move|p1a: Mandibuzz|Toxic|p2a: Dedenne\n|-status|p2a: Dedenne|tox\n|\n|-damage|p2a: Dedenne|200/261 tox|[from] psn\n|upkeep\n|turn|12\n|inactive|Time left: 300 sec this turn | 300 sec total\n|\n|t:|1783548320\n|move|p2a: Dedenne|Dazzling Gleam|p1a: Mandibuzz\n|-supereffective|p1a: Mandibuzz\n|-damage|p1a: Mandibuzz|8/100\n|move|p1a: Mandibuzz|Roost|p1a: Mandibuzz\n|-heal|p1a: Mandibuzz|58/100\n|-singleturn|p1a: Mandibuzz|move: Roost\n|\n|-damage|p2a: Dedenne|168/261 tox|[from] psn\n|upkeep\n|turn|13\n|inactive|Time left: 300 sec this turn | 300 sec total\n|\n|t:|1783548321\n|move|p2a: Dedenne|Dazzling Gleam|p1a: Mandibuzz\n|-supereffective|p1a: Mandibuzz\n|-damage|p1a: Mandibuzz|8/100\n|move|p1a: Mandibuzz|Roost|p1a: Mandibuzz\n|-heal|p1a: Mandibuzz|58/100\n|-singleturn|p1a: Mandibuzz|move: Roost\n|\n|-damage|p2a: Dedenne|120/261 tox|[from] psn\n|upkeep\n|-enditem|p2a: Dedenne|Sitrus Berry|[eat]\n|-heal|p2a: Dedenne|185/261 tox|[from] item: Sitrus Berry\n|-heal|p2a: Dedenne|261/261 tox|[from] ability: Cheek Pouch\n|turn|14\n|inactive|Time left: 300 sec this turn | 300 sec total\n|\n|t:|1783548322\n|move|p2a: Dedenne|Thunderbolt|p1a: Mandibuzz\n|-supereffective|p1a: Mandibuzz\n|-damage|p1a: Mandibuzz|7/100\n|move|p1a: Mandibuzz|Roost|p1a: Mandibuzz\n|-heal|p1a: Mandibuzz|57/100\n|-singleturn|p1a: Mandibuzz|move: Roost\n|\n|-damage|p2a: Dedenne|197/261 tox|[from] psn\n|upkeep\n|turn|15\n|inactive|Time left: 300 sec this turn | 300 sec total\n|\n|t:|1783548323\n|move|p2a: Dedenne|Thunderbolt|p1a: Mandibuzz\n|-supereffective|p1a: Mandibuzz\n|-damage|p1a: Mandibuzz|6/100\n|move|p1a: Mandibuzz|Roost|p1a: Mandibuzz\n|-heal|p1a: Mandibuzz|56/100\n|-singleturn|p1a: Mandibuzz|move: Roost\n|\n|-damage|p2a: Dedenne|117/261 tox|[from] psn\n|upkeep\n|turn|16\n|inactive|Time left: 300 sec this turn | 300 sec total\n|\n|t:|1783548324\n|move|p2a: Dedenne|Thunderbolt|p1a: Mandibuzz\n|-supereffective|p1a: Mandibuzz\n|-damage|p1a: Mandibuzz|0 fnt\n|faint|p1a: Mandibuzz\n|\n|-damage|p2a: Dedenne|21/261 tox|[from] psn\n|upkeep\n|\n|t:|1783548325\n|switch|p1a: Scream Tail|Scream Tail, L84|100/100\n|-damage|p1a: Scream Tail|88/100|[from] Spikes\n|turn|17\n|inactive|Time left: 300 sec this turn | 300 sec total\n|\n|t:|1783548326\n|switch|p2a: Iron Leaves|Iron Leaves, L80|275/275\n|move|p1a: Scream Tail|Play Rough|p2a: Iron Leaves\n|-damage|p2a: Iron Leaves|197/275\n|\n|-heal|p1a: Scream Tail|94/100|[from] item: Leftovers\n|upkeep\n|turn|18\n|inactive|Time left: 300 sec this turn | 300 sec total\n|\n|t:|1783548327\n|move|p1a: Scream Tail|Play Rough|p2a: Iron Leaves\n|-damage|p2a: Iron Leaves|125/275\n|move|p2a: Iron Leaves|Leaf Blade|p1a: Scream Tail\n|-damage|p1a: Scream Tail|47/100\n|\n|-heal|p1a: Scream Tail|54/100|[from] item: Leftovers\n|upkeep\n|turn|19\n|inactive|Time left: 300 sec this turn | 300 sec total\n|\n|t:|1783548328\n|move|p1a: Scream Tail|Play Rough|p2a: Iron Leaves\n|-damage|p2a: Iron Leaves|46/275\n|move|p2a: Iron Leaves|Leaf Blade|p1a: Scream Tail\n|-crit|p1a: Scream Tail\n|-damage|p1a: Scream Tail|0 fnt\n|faint|p1a: Scream Tail\n|-end|p1a: Scream Tail|Protosynthesis|[silent]\n|\n|upkeep\n|\n|t:|1783548329\n|switch|p1a: Pikachu|Pikachu-World, L93, M, tera:Water|88/100\n|-damage|p1a: Pikachu|75/100|[from] Spikes\n|turn|20\n|inactive|Time left: 300 sec this turn | 300 sec total\n|\n|t:|1783548330\n|-end|p2a: Iron Leaves|Quark Drive|[silent]\n|switch|p2a: Victreebel|Victreebel, L90, F|290/290\n|move|p1a: Pikachu|Surf|p2a: Victreebel\n|-resisted|p2a: Victreebel\n|-damage|p2a: Victreebel|215/290\n|\n|upkeep\n|turn|21\n|inactive|Time left: 300 sec this turn | 300 sec total\n|\n|t:|1783548331\n|move|p1a: Pikachu|Volt Switch|p2a: Victreebel\n|-resisted|p2a: Victreebel\n|-damage|p2a: Victreebel|155/290\n|\n|t:|1783548332\n|switch|p1a: Bombirdier|Bombirdier, L85, F|100/100|[from] Volt Switch\n|move|p2a: Victreebel|Sludge Wave|p1a: Bombirdier\n|-damage|p1a: Bombirdier|44/100\n|-damage|p2a: Victreebel|126/290|[from] item: Life Orb\n|\n|upkeep\n|turn|22\n|inactive|Time left: 300 sec this turn | 300 sec total\n|\n|t:|1783548333\n|switch|p2a: Dedenne|Dedenne, L88, M|21/261 tox\n|move|p1a: Bombirdier|Knock Off|p2a: Dedenne\n|-resisted|p2a: Dedenne\n|-damage|p2a: Dedenne|0 fnt\n|faint|p2a: Dedenne\n|\n|upkeep\n|inactive|Time left: 300 sec this turn | 300 sec total | 5 sec grace\n|\n|t:|1783548334\n|switch|p2a: Phione|Phione, L91|293/293\n|turn|23\n|inactive|Time left: 300 sec this turn | 300 sec total\n|\n|t:|1783548335\n|move|p2a: Phione|Ice Beam|p1a: Bombirdier\n|-supereffective|p1a: Bombirdier\n|-damage|p1a: Bombirdier|0 fnt\n|faint|p1a: Bombirdier\n|\n|upkeep\n|\n|t:|1783548336\n|switch|p1a: Pikachu|Pikachu-World, L93, M, tera:Water|75/100\n|-damage|p1a: Pikachu|63/100|[from] Spikes\n|turn|24\n|inactive|Time left: 300 sec this turn | 300 sec total\n|\n|t:|1783548337\n|-terastallize|p2a: Phione|Grass\n|move|p1a: Pikachu|Volt Tackle|p2a: Phione\n|-resisted|p2a: Phione\n|-damage|p2a: Phione|191/293\n|-damage|p1a: Pikachu|47/100|[from] Recoil\n|move|p2a: Phione|Scald|p1a: Pikachu\n|-resisted|p1a: Pikachu\n|-damage|p1a: Pikachu|18/100\n|\n|-heal|p2a: Phione|209/293|[from] item: Leftovers\n|upkeep\n|turn|25\n|inactive|Time left: 300 sec this turn | 300 sec total\n|\n|t:|1783548338\n|move|p1a: Pikachu|Play Rough|p2a: Phione\n|-damage|p2a: Phione|109/293\n|move|p2a: Phione|Scald|p1a: Pikachu\n|-resisted|p1a: Pikachu\n|-damage|p1a: Pikachu|0 fnt\n|faint|p1a: Pikachu\n|\n|-heal|p2a: Phione|127/293|[from] item: Leftovers\n|upkeep\n|\n|t:|1783548339\n|switch|p1a: Froslass|Froslass, L87, F|100/100\n|-damage|p1a: Froslass|88/100|[from] Spikes\n|turn|26\n|inactive|Time left: 300 sec this turn | 300 sec total\n|\n|t:|1783548340\n|move|p1a: Froslass|Triple Axel|p2a: Phione\n|-supereffective|p2a: Phione\n|-damage|p2a: Phione|89/293\n|-supereffective|p2a: Phione\n|-damage|p2a: Phione|5/293\n|-supereffective|p2a: Phione\n|-damage|p2a: Phione|0 fnt\n|faint|p2a: Phione\n|-hitcount|p2: Phione|3\n|\n|upkeep\n|inactive|Time left: 300 sec this turn | 300 sec total | 5 sec grace\n|\n|t:|1783548341\n|switch|p2a: Victreebel|Victreebel, L90, F|126/290\n|turn|27\n|inactive|Time left: 300 sec this turn | 300 sec total\n|\n|t:|1783548342\n|move|p1a: Froslass|Triple Axel|p2a: Victreebel\n|-supereffective|p2a: Victreebel\n|-damage|p2a: Victreebel|82/290\n|-supereffective|p2a: Victreebel\n|-damage|p2a: Victreebel|0 fnt\n|faint|p2a: Victreebel\n|-hitcount|p2: Victreebel|2\n|\n|upkeep\n|inactive|Time left: 300 sec this turn | 300 sec total | 5 sec grace\n|\n|t:|1783548343\n|switch|p2a: Iron Leaves|Iron Leaves, L80|46/275\n|turn|28\n|inactive|Time left: 300 sec this turn | 300 sec total\n|\n|t:|1783548344\n|move|p1a: Froslass|Triple Axel|p2a: Iron Leaves\n|-supereffective|p2a: Iron Leaves\n|-damage|p2a: Iron Leaves|2/275\n|-supereffective|p2a: Iron Leaves\n|-damage|p2a: Iron Leaves|0 fnt\n|faint|p2a: Iron Leaves\n|-end|p2a: Iron Leaves|Quark Drive|[silent]\n|-hitcount|p2: Iron Leaves|2\n|\n|win|p0x792ed22", "uploadtime": 1783548344, "views": 0, "rating": 0, "private": 0, "password": null, "_winner": "p0x792ed22", "_our_name": "p0y792cd9e"}