{"id": "battle-gen9randombattle-2264", "formatid": "gen9randombattle", "format": "[Gen 9] Random Battle", "players": ["p0x22647004", "p0y22640c9c"], "log": "|init|battle\n|title|p0x22647004 vs. p0y22640c9c\n|j|\u2606p0x22647004\n|j|\u2606p0y22640c9c\n|t:|1783566234\n|gametype|singles\n|player|p1|p0x22647004|266|\n|player|p2|p0y22640c9c|102|\n|gen|9\n|tier|[Gen 9] Random Battle\n|rule|Species Clause: Limit one of each Pok\u00e9mon\n|rule|HP Percentage Mod: HP is shown in percentages\n|rule|Sleep Clause Mod: Limit one foe put to sleep\n|rule|Illusion Level Mod: Illusion disguises the Pok\u00e9mon's true level\n|\n|t:|1783566234\n|teamsize|p1|6\n|teamsize|p2|6\n|start\n|switch|p1a: Gothitelle|Gothitelle, L90, M|272/272\n|switch|p2a: Hatterene|Hatterene, L85, F|100/100\n|turn|1\n|inactive|Battle timer is ON: inactive players will automatically lose when time's up. (requested by p0x22647004)\n|inactive|p0y22640c9c also wants the timer to be on.\n|\n|t:|1783566236\n|switch|p1a: Flareon|Flareon, L90, M|263/263\n|move|p2a: Hatterene|Calm Mind|p2a: Hatterene\n|-boost|p2a: Hatterene|spa|1\n|-boost|p2a: Hatterene|spd|1\n|\n|-status|p1a: Flareon|tox|[from] item: Toxic Orb\n|upkeep\n|turn|2\n|inactive|Time left: 300 sec this turn | 300 sec total\n|\n|t:|1783566237\n|move|p1a: Flareon|Flare Blitz|p2a: Hatterene\n|-damage|p2a: Hatterene|0 fnt\n|faint|p2a: Hatterene\n|-damage|p1a: Flareon|185/263 tox|[from] Recoil\n|\n|-damage|p1a: Flareon|169/263 tox|[from] psn\n|upkeep\n|\n|t:|1783566238\n|switch|p2a: Iron Treads|Iron Treads, L77|100/100\n|turn|3\n|inactive|Time left: 300 sec this turn | 300 sec total\n|\n|t:|1783566239\n|switch|p1a: Porygon2|Porygon2, L81|270/270\n|-ability|p1a: Porygon2|Download|boost\n|-boost|p1a: Porygon2|spa|1\n|move|p2a: Iron Treads|Earthquake|p1a: Porygon2\n|-damage|p1a: Porygon2|204/270\n|\n|upkeep\n|turn|4\n|inactive|Time left: 300 sec this turn | 300 sec total\n|\n|t:|1783566241\n|move|p2a: Iron Treads|Rapid Spin|p1a: Porygon2\n|-damage|p1a: Porygon2|179/270\n|-boost|p2a: Iron Treads|spe|1\n|move|p1a: Porygon2|Recover|p1a: Porygon2\n|-heal|p1a: Porygon2|270/270\n|\n|upkeep\n|turn|5\n|inactive|Time left: 300 sec this turn | 300 sec total\n|\n|t:|1783566242\n|move|p2a: Iron Treads|Rapid Spin|p1a: Porygon2\n|-damage|p1a: Porygon2|247/270\n|-boost|p2a: Iron Treads|spe|1\n|move|p1a: Porygon2|Shadow Ball|p2a: Iron Treads\n|-damage|p2a: Iron Treads|72/100\n|\n|upkeep\n|turn|6\n|inactive|Time left: 300 sec this turn | 300 sec total\n|\n|t:|1783566243\n|move|p2a: Iron Treads|Iron Head|p1a: Porygon2\n|-damage|p1a: Porygon2|195/270\n|move|p1a: Porygon2|Shadow Ball|p2a: Iron Treads\n|-damage|p2a: Iron Treads|45/100\n|\n|upkeep\n|turn|7\n|inactive|Time left: 300 sec this turn | 300 sec total\n|\n|t:|1783566244\n|move|p2a: Iron Treads|Iron Head|p1a: Porygon2\n|-damage|p1a: Porygon2|144/270\n|cant|p1a: Porygon2|flinch\n|\n|upkeep\n|turn|8\n|inactive|Time left: 300 sec this turn | 300 sec total\n|\n|t:|1783566245\n|move|p2a: Iron Treads|Iron Head|p1a: Porygon2\n|-damage|p1a: Porygon2|92/270\n|cant|p1a: Porygon2|flinch\n|\n|upkeep\n|turn|9\n|inactive|Time left: 300 sec this turn | 300 sec total\n|\n|t:|1783566246\n|move|p2a: Iron Treads|Iron Head|p1a: Porygon2\n|-damage|p1a: Porygon2|38/270\n|cant|p1a: Porygon2|flinch\n|\n|upkeep\n|turn|10\n|inactive|Time left: 300 sec this turn | 300 sec total\n|\n|t:|1783566247\n|switch|p1a: Spiritomb|Spiritomb, L89, M|234/234\n|move|p2a: Iron Treads|Earthquake|p1a: Spiritomb\n|-damage|p1a: Spiritomb|153/234\n|\n|-heal|p1a: Spiritomb|167/234|[from] item: Leftovers\n|upkeep\n|turn|11\n|inactive|Time left: 300 sec this turn | 300 sec total\n|\n|t:|1783566249\n|move|p2a: Iron Treads|Iron Head|p1a: Spiritomb\n|-damage|p1a: Spiritomb|107/234\n|move|p1a: Spiritomb|Foul Play|p2a: Iron Treads\n|-damage|p2a: Iron Treads|12/100\n|\n|-heal|p1a: Spiritomb|121/234|[from] item: Leftovers\n|upkeep\n|turn|12\n|inactive|Time left: 300 sec this turn | 300 sec total\n|\n|t:|1783566250\n|move|p1a: Spiritomb|Sucker Punch|p2a: Iron Treads\n|-damage|p2a: Iron Treads|0 fnt\n|faint|p2a: Iron Treads\n|-end|p2a: Iron Treads|Quark Drive|[silent]\n|\n|-heal|p1a: Spiritomb|135/234|[from] item: Leftovers\n|upkeep\n|\n|t:|1783566251\n|switch|p2a: Milotic|Milotic, L83, F|100/100\n|turn|13\n|inactive|Time left: 300 sec this turn | 300 sec total\n|\n|t:|1783566252\n|move|p2a: Milotic|Scald|p1a: Spiritomb\n|-damage|p1a: Spiritomb|69/234\n|move|p1a: Spiritomb|Pain Split|p2a: Milotic\n|-sethp|p2a: Milotic|62/100|[from] move: Pain Split|[silent]\n|-sethp|p1a: Spiritomb|181/234|[from] move: Pain Split\n|\n|-heal|p2a: Milotic|68/100|[from] item: Leftovers\n|-heal|p1a: Spiritomb|195/234|[from] item: Leftovers\n|upkeep\n|turn|14\n|inactive|Time left: 300 sec this turn | 300 sec total\n|\n|t:|1783566253\n|move|p2a: Milotic|Scald|p1a: Spiritomb\n|-damage|p1a: Spiritomb|131/234\n|move|p1a: Spiritomb|Poltergeist|p2a: Milotic\n|-activate|p2a: Milotic|move: Poltergeist|Leftovers\n|-damage|p2a: Milotic|23/100\n|\n|-heal|p2a: Milotic|29/100|[from] item: Leftovers\n|-heal|p1a: Spiritomb|145/234|[from] item: Leftovers\n|upkeep\n|turn|15\n|inactive|Time left: 300 sec this turn | 300 sec total\n|\n|t:|1783566254\n|move|p2a: Milotic|Recover|p2a: Milotic\n|-heal|p2a: Milotic|79/100\n|move|p1a: Spiritomb|Poltergeist|p2a: Milotic\n|-activate|p2a: Milotic|move: Poltergeist|Leftovers\n|-damage|p2a: Milotic|32/100\n|\n|-heal|p2a: Milotic|38/100|[from] item: Leftovers\n|-heal|p1a: Spiritomb|159/234|[from] item: Leftovers\n|upkeep\n|turn|16\n|inactive|Time left: 300 sec this turn | 300 sec total\n|\n|t:|1783566256\n|move|p2a: Milotic|Recover|p2a: Milotic\n|-heal|p2a: Milotic|89/100\n|move|p1a: Spiritomb|Poltergeist|p2a: Milotic\n|-activate|p2a: Milotic|move: Poltergeist|Leftovers\n|-damage|p2a: Milotic|45/100\n|\n|-heal|p2a: Milotic|51/100|[from] item: Leftovers\n|-heal|p1a: Spiritomb|173/234|[from] item: Leftovers\n|upkeep\n|turn|17\n|inactive|Time left: 300 sec this turn | 300 sec total\n|\n|t:|1783566257\n|move|p2a: Milotic|Scald|p1a: Spiritomb\n|-damage|p1a: Spiritomb|100/234\n|move|p1a: Spiritomb|Poltergeist|p2a: Milotic\n|-activate|p2a: Milotic|move: Poltergeist|Leftovers\n|-crit|p2a: Milotic\n|-damage|p2a: Milotic|0 fnt\n|faint|p2a: Milotic\n|\n|-heal|p1a: Spiritomb|114/234|[from] item: Leftovers\n|upkeep\n|\n|t:|1783566258\n|switch|p2a: Slither Wing|Slither Wing, L81|100/100\n|turn|18\n|inactive|Time left: 300 sec this turn | 300 sec total\n|\n|t:|1783566259\n|move|p2a: Slither Wing|Will-O-Wisp|p1a: Spiritomb\n|-status|p1a: Spiritomb|brn\n|move|p1a: Spiritomb|Pain Split|p2a: Slither Wing\n|-sethp|p2a: Slither Wing|72/100|[from] move: Pain Split|[silent]\n|-sethp|p1a: Spiritomb|192/234 brn|[from] move: Pain Split\n|\n|-heal|p1a: Spiritomb|206/234 brn|[from] item: Leftovers\n|-damage|p1a: Spiritomb|192/234 brn|[from] brn\n|upkeep\n|turn|19\n|inactive|Time left: 300 sec this turn | 300 sec total\n|\n|t:|1783566260\n|move|p2a: Slither Wing|Morning Sun|p2a: Slither Wing\n|-heal|p2a: Slither Wing|100/100\n|move|p1a: Spiritomb|Poltergeist|p2a: Slither Wing\n|-activate|p2a: Slither Wing|move: Poltergeist|Heavy-Duty Boots\n|-damage|p2a: Slither Wing|74/100\n|\n|-heal|p1a: Spiritomb|206/234 brn|[from] item: Leftovers\n|-damage|p1a: Spiritomb|192/234 brn|[from] brn\n|upkeep\n|turn|20\n|inactive|Time left: 300 sec this turn | 300 sec total\n|\n|t:|1783566261\n|move|p2a: Slither Wing|Morning Sun|p2a: Slither Wing\n|-heal|p2a: Slither Wing|100/100\n|move|p1a: Spiritomb|Poltergeist|p2a: Slither Wing\n|-activate|p2a: Slither Wing|move: Poltergeist|Heavy-Duty Boots\n|-damage|p2a: Slither Wing|72/100\n|\n|-heal|p1a: Spiritomb|206/234 brn|[from] item: Leftovers\n|-damage|p1a: Spiritomb|192/234 brn|[from] brn\n|upkeep\n|turn|21\n|inactive|Time left: 300 sec this turn | 300 sec total\n|\n|t:|1783566262\n|move|p2a: Slither Wing|Morning Sun|p2a: Slither Wing\n|-heal|p2a: Slither Wing|100/100\n|move|p1a: Spiritomb|Poltergeist|p2a: Slither Wing\n|-activate|p2a: Slither Wing|move: Poltergeist|Heavy-Duty Boots\n|-damage|p2a: Slither Wing|76/100\n|\n|-heal|p1a: Spiritomb|206/234 brn|[from] item: Leftovers\n|-damage|p1a: Spiritomb|192/234 brn|[from] brn\n|upkeep\n|turn|22\n|inactive|Time left: 300 sec this turn | 300 sec total\n|\n|t:|1783566263\n|move|p2a: Slither Wing|Morning Sun|p2a: Slither Wing\n|-heal|p2a: Slither Wing|100/100\n|move|p1a: Spiritomb|Pain Split|p2a: Slither Wing\n|-sethp|p2a: Slither Wing|86/100|[from] move: Pain Split|[silent]\n|-sethp|p1a: Spiritomb|231/234 brn|[from] move: Pain Split\n|\n|-heal|p1a: Spiritomb|234/234 brn|[from] item: Leftovers\n|-damage|p1a: Spiritomb|220/234 brn|[from] brn\n|upkeep\n|turn|23\n|inactive|Time left: 300 sec this turn | 300 sec total\n|\n|t:|1783566264\n|move|p2a: Slither Wing|U-turn|p1a: Spiritomb\n|-damage|p1a: Spiritomb|145/234 brn\n|\n|t:|1783566265\n|-end|p2a: Slither Wing|Protosynthesis|[silent]\n|switch|p2a: Iron Bundle|Iron Bundle, L78|100/100|[from] U-turn\n|move|p1a: Spiritomb|Poltergeist|p2a: Iron Bundle\n|-activate|p2a: Iron Bundle|move: Poltergeist|Heavy-Duty Boots\n|-damage|p2a: Iron Bundle|74/100\n|\n|-heal|p1a: Spiritomb|159/234 brn|[from] item: Leftovers\n|-damage|p1a: Spiritomb|145/234 brn|[from] brn\n|upkeep\n|turn|24\n|inactive|Time left: 300 sec this turn | 300 sec total\n|\n|t:|1783566266\n|move|p2a: Iron Bundle|Freeze-Dry|p1a: Spiritomb\n|-damage|p1a: Spiritomb|78/234 brn\n|move|p1a: Spiritomb|Pain Split|p2a: Iron Bundle\n|-sethp|p2a: Iron Bundle|55/100|[from] move: Pain Split|[silent]\n|-sethp|p1a: Spiritomb|118/234 brn|[from] move: Pain Split\n|\n|-heal|p1a: Spiritomb|132/234 brn|[from] item: Leftovers\n|-damage|p1a: Spiritomb|118/234 brn|[from] brn\n|upkeep\n|turn|25\n|inactive|Time left: 300 sec this turn | 300 sec total\n|\n|t:|1783566267\n|move|p2a: Iron Bundle|Hydro Pump|p1a: Spiritomb\n|-damage|p1a: Spiritomb|25/234 brn\n|move|p1a: Spiritomb|Pain Split|p2a: Iron Bundle\n|-sethp|p2a: Iron Bundle|34/100|[from] move: Pain Split|[silent]\n|-sethp|p1a: Spiritomb|71/234 brn|[from] move: Pain Split\n|\n|-heal|p1a: Spiritomb|85/234 brn|[from] item: Leftovers\n|-damage|p1a: Spiritomb|71/234 brn|[from] brn\n|upkeep\n|turn|26\n|inactive|Time left: 300 sec this turn | 300 sec total\n|\n|t:|1783566268\n|move|p2a: Iron Bundle|Hydro Pump|p1a: Spiritomb\n|-damage|p1a: Spiritomb|0 fnt\n|faint|p1a: Spiritomb\n|\n|upkeep\n|inactive|Time left: 300 sec this turn | 300 sec total | 5 sec grace\n|\n|t:|1783566269\n|switch|p1a: Gothitelle|Gothitelle, L90, M|272/272\n|turn|27\n|inactive|Time left: 300 sec this turn | 300 sec total\n|\n|t:|1783566270\n|move|p2a: Iron Bundle|Flip Turn|p1a: Gothitelle\n|-damage|p1a: Gothitelle|227/272\n|\n|t:|1783566271\n|-end|p2a: Iron Bundle|Quark Drive|[silent]\n|switch|p2a: Slither Wing|Slither Wing, L81|86/100|[from] Flip Turn\n|move|p1a: Gothitelle|Psychic|p2a: Slither Wing\n|-supereffective|p2a: Slither Wing\n|-damage|p2a: Slither Wing|17/100\n|\n|upkeep\n|turn|28\n|inactive|Time left: 300 sec this turn | 300 sec total\n|\n|t:|1783566272\n|move|p1a: Gothitelle|Psychic|p2a: Slither Wing\n|-supereffective|p2a: Slither Wing\n|-damage|p2a: Slither Wing|0 fnt\n|faint|p2a: Slither Wing\n|-end|p2a: Slither Wing|Protosynthesis|[silent]\n|\n|upkeep\n|\n|t:|1783566273\n|switch|p2a: Iron Bundle|Iron Bundle, L78|100/100\n|turn|29\n|inactive|Time left: 300 sec this turn | 300 sec total\n|\n|t:|1783566274\n|move|p1a: Gothitelle|Psychic|p2a: Iron Bundle\n|-damage|p2a: Iron Bundle|32/100\n|replace|p2a: Zoroark|Zoroark-Hisui, L80, M\n|-end|p2a: Zoroark|Illusion\n|-hint|Illusion Level Mod is active, so this Pok\u00e9mon's true level was hidden.\n|move|p2a: Zoroark|Poltergeist|p1a: Gothitelle|[miss]\n|-miss|p2a: Zoroark|p1a: Gothitelle\n|\n|upkeep\n|turn|30\n|inactive|Time left: 300 sec this turn | 300 sec total\n|\n|t:|1783566275\n|move|p1a: Gothitelle|Psychic|p2a: Zoroark\n|-damage|p2a: Zoroark|0 fnt\n|faint|p2a: Zoroark\n|\n|upkeep\n|\n|t:|1783566275\n|switch|p2a: Iron Bundle|Iron Bundle, L78|34/100\n|turn|31\n|inactive|Time left: 300 sec this turn | 300 sec total\n|\n|t:|1783566276\n|-terastallize|p1a: Gothitelle|Fighting\n|move|p2a: Iron Bundle|Freeze-Dry|p1a: Gothitelle\n|-damage|p1a: Gothitelle|164/272\n|move|p1a: Gothitelle|Psychic|p2a: Iron Bundle\n|-damage|p2a: Iron Bundle|0 fnt\n|faint|p2a: Iron Bundle\n|-end|p2a: Iron Bundle|Quark Drive|[silent]\n|\n|win|p0x22647004", "uploadtime": 1783566276, "views": 0, "rating": 0, "private": 0, "password": null, "_winner": "p0x22647004", "_our_name": "p0x22647004"}