{"id": "battle-gen9randombattle-1814", "formatid": "gen9randombattle", "format": "[Gen 9] Random Battle", "players": ["p0x181453a8", "p0y18148f5a"], "log": "|init|battle\n|title|p0x181453a8 vs. p0y18148f5a\n|j|\u2606p0x181453a8\n|j|\u2606p0y18148f5a\n|t:|1783560243\n|gametype|singles\n|player|p1|p0x181453a8|2|\n|player|p2|p0y18148f5a|101|\n|gen|9\n|tier|[Gen 9] Random Battle\n|rule|Species Clause: Limit one of each Pok\u00e9mon\n|rule|HP Percentage Mod: HP is shown in percentages\n|rule|Sleep Clause Mod: Limit one foe put to sleep\n|rule|Illusion Level Mod: Illusion disguises the Pok\u00e9mon's true level\n|\n|t:|1783560243\n|teamsize|p1|6\n|teamsize|p2|6\n|start\n|switch|p1a: Magearna|Magearna, L77|100/100\n|switch|p2a: Jirachi|Jirachi, L80|291/291\n|turn|1\n|inactive|Battle timer is ON: inactive players will automatically lose when time's up. (requested by p0x181453a8)\n|inactive|Time left: 300 sec this turn | 300 sec total | 60 sec grace\n|\n|t:|1783560244\n|move|p2a: Jirachi|Stealth Rock|p1a: Magearna\n|-sidestart|p1: p0x181453a8|move: Stealth Rock\n|move|p1a: Magearna|Spikes|p2a: Jirachi\n|-sidestart|p2: p0y18148f5a|Spikes\n|\n|upkeep\n|turn|2\n|inactive|Time left: 300 sec this turn | 300 sec total\n|inactive|p0y18148f5a also wants the timer to be on.\n|\n|t:|1783560245\n|move|p2a: Jirachi|Iron Head|p1a: Magearna\n|-damage|p1a: Magearna|73/100\n|cant|p1a: Magearna|flinch\n|\n|-heal|p1a: Magearna|79/100|[from] item: Leftovers\n|upkeep\n|turn|3\n|inactive|Time left: 300 sec this turn | 300 sec total\n|\n|t:|1783560246\n|move|p2a: Jirachi|Iron Head|p1a: Magearna\n|-damage|p1a: Magearna|49/100\n|cant|p1a: Magearna|flinch\n|\n|-heal|p1a: Magearna|55/100|[from] item: Leftovers\n|upkeep\n|turn|4\n|inactive|Time left: 300 sec this turn | 300 sec total\n|\n|t:|1783560248\n|move|p2a: Jirachi|Iron Head|p1a: Magearna\n|-damage|p1a: Magearna|25/100\n|cant|p1a: Magearna|flinch\n|\n|-heal|p1a: Magearna|31/100|[from] item: Leftovers\n|upkeep\n|turn|5\n|inactive|Time left: 300 sec this turn | 300 sec total\n|\n|t:|1783560249\n|move|p2a: Jirachi|Iron Head|p1a: Magearna\n|-damage|p1a: Magearna|3/100\n|move|p1a: Magearna|Spikes|p2a: Jirachi\n|-sidestart|p2: p0y18148f5a|Spikes\n|\n|-heal|p1a: Magearna|9/100|[from] item: Leftovers\n|upkeep\n|turn|6\n|inactive|Time left: 300 sec this turn | 300 sec total\n|\n|t:|1783560250\n|switch|p1a: Golurk|Golurk, L87|100/100\n|-damage|p1a: Golurk|94/100|[from] Stealth Rock\n|move|p2a: Jirachi|Iron Head|p1a: Golurk\n|-damage|p1a: Golurk|67/100\n|\n|upkeep\n|turn|7\n|inactive|Time left: 300 sec this turn | 300 sec total\n|\n|t:|1783560251\n|move|p2a: Jirachi|Iron Head|p1a: Golurk\n|-damage|p1a: Golurk|38/100\n|cant|p1a: Golurk|flinch\n|\n|upkeep\n|turn|8\n|inactive|Time left: 300 sec this turn | 300 sec total\n|\n|t:|1783560253\n|move|p2a: Jirachi|Iron Head|p1a: Golurk\n|-damage|p1a: Golurk|7/100\n|move|p1a: Golurk|Poltergeist|p2a: Jirachi\n|-activate|p2a: Jirachi|move: Poltergeist|Leftovers\n|-supereffective|p2a: Jirachi\n|-damage|p2a: Jirachi|0 fnt\n|faint|p2a: Jirachi\n|-damage|p1a: Golurk|0 fnt|[from] item: Life Orb\n|faint|p1a: Golurk\n|\n|upkeep\n|inactive|Time left: 300 sec this turn | 300 sec total | 5 sec grace\n|\n|t:|1783560254\n|switch|p2a: Slowbro|Slowbro, L85, M|300/300\n|switch|p1a: Zacian|Zacian, L69|100/100\n|-damage|p1a: Zacian|88/100|[from] Stealth Rock\n|-ability|p1a: Zacian|Intrepid Sword|boost\n|-boost|p1a: Zacian|atk|1\n|-damage|p2a: Slowbro|250/300|[from] Spikes\n|turn|9\n|inactive|Time left: 300 sec this turn | 300 sec total\n|\n|t:|1783560255\n|move|p1a: Zacian|Play Rough|p2a: Slowbro\n|-damage|p2a: Slowbro|103/300\n|move|p2a: Slowbro|Scald|p1a: Zacian\n|-damage|p1a: Zacian|52/100\n|-status|p1a: Zacian|brn\n|\n|-heal|p2a: Slowbro|121/300|[from] item: Leftovers\n|-damage|p1a: Zacian|45/100 brn|[from] brn\n|upkeep\n|turn|10\n|inactive|Time left: 300 sec this turn | 300 sec total\n|\n|t:|1783560257\n|move|p1a: Zacian|Play Rough|p2a: Slowbro\n|-damage|p2a: Slowbro|53/300\n|move|p2a: Slowbro|Slack Off|p2a: Slowbro\n|-heal|p2a: Slowbro|203/300\n|\n|-heal|p2a: Slowbro|221/300|[from] item: Leftovers\n|-damage|p1a: Zacian|39/100 brn|[from] brn\n|upkeep\n|turn|11\n|inactive|Time left: 300 sec this turn | 300 sec total\n|\n|t:|1783560258\n|move|p1a: Zacian|Play Rough|p2a: Slowbro\n|-damage|p2a: Slowbro|149/300\n|move|p2a: Slowbro|Calm Mind|p2a: Slowbro\n|-boost|p2a: Slowbro|spa|1\n|-boost|p2a: Slowbro|spd|1\n|\n|-heal|p2a: Slowbro|167/300|[from] item: Leftovers\n|-damage|p1a: Zacian|33/100 brn|[from] brn\n|upkeep\n|turn|12\n|inactive|Time left: 300 sec this turn | 300 sec total\n|\n|t:|1783560259\n|move|p1a: Zacian|Play Rough|p2a: Slowbro\n|-crit|p2a: Slowbro\n|-damage|p2a: Slowbro|50/300\n|move|p2a: Slowbro|Scald|p1a: Zacian\n|-damage|p1a: Zacian|0 fnt\n|faint|p1a: Zacian\n|\n|-heal|p2a: Slowbro|68/300|[from] item: Leftovers\n|upkeep\n|\n|t:|1783560260\n|switch|p1a: Gallade|Gallade, L80, M|100/100\n|-damage|p1a: Gallade|94/100|[from] Stealth Rock\n|turn|13\n|inactive|Time left: 300 sec this turn | 300 sec total\n|\n|t:|1783560262\n|switch|p2a: Qwilfish|Qwilfish, L86, M|252/252\n|-ability|p2a: Qwilfish|Intimidate|boost\n|-unboost|p1a: Gallade|atk|1\n|move|p1a: Gallade|Sacred Sword|p2a: Qwilfish\n|-resisted|p2a: Qwilfish\n|-damage|p2a: Qwilfish|181/252\n|-damage|p1a: Gallade|84/100|[from] item: Life Orb\n|\n|upkeep\n|turn|14\n|inactive|Time left: 300 sec this turn | 300 sec total\n|\n|t:|1783560263\n|move|p2a: Qwilfish|Flip Turn|p1a: Gallade\n|-damage|p1a: Gallade|49/100\n|inactive|Time left: 300 sec this turn | 300 sec total | 5 sec grace\n|\n|t:|1783560264\n|switch|p2a: Houndstone|Houndstone, L86, M|264/264|[from] Flip Turn\n|-damage|p2a: Houndstone|220/264|[from] Spikes\n|move|p1a: Gallade|Psycho Cut|p2a: Houndstone\n|-damage|p2a: Houndstone|123/264\n|-damage|p1a: Gallade|39/100|[from] item: Life Orb\n|\n|upkeep\n|turn|15\n|inactive|Time left: 300 sec this turn | 300 sec total\n|\n|t:|1783560265\n|switch|p1a: Klawf|Klawf, L90, F|100/100\n|-damage|p1a: Klawf|88/100|[from] Stealth Rock\n|move|p2a: Houndstone|Poltergeist|p1a: Klawf\n|-activate|p1a: Klawf|move: Poltergeist|Choice Scarf\n|-damage|p1a: Klawf|38/100\n|\n|upkeep\n|turn|16\n|inactive|Time left: 300 sec this turn | 300 sec total\n|\n|t:|1783560266\n|move|p1a: Klawf|Knock Off|p2a: Houndstone\n|-supereffective|p2a: Houndstone\n|-damage|p2a: Houndstone|53/264\n|-enditem|p2a: Houndstone|Choice Band|[from] move: Knock Off|[of] p1a: Klawf\n|move|p2a: Houndstone|Poltergeist|p1a: Klawf\n|-activate|p1a: Klawf|move: Poltergeist|Choice Scarf\n|-damage|p1a: Klawf|3/100\n|\n|upkeep\n|turn|17\n|inactive|Time left: 300 sec this turn | 300 sec total\n|\n|t:|1783560268\n|switch|p1a: Pachirisu|Pachirisu, L96, F|100/100\n|move|p2a: Houndstone|Body Press|p1a: Pachirisu\n|-damage|p1a: Pachirisu|75/100\n|\n|upkeep\n|turn|18\n|inactive|Time left: 300 sec this turn | 300 sec total\n|\n|t:|1783560269\n|move|p2a: Houndstone|Shadow Sneak|p1a: Pachirisu\n|-damage|p1a: Pachirisu|58/100\n|move|p1a: Pachirisu|Discharge|p2a: Houndstone\n|-damage|p2a: Houndstone|0 fnt\n|faint|p2a: Houndstone\n|\n|upkeep\n|inactive|Time left: 300 sec this turn | 300 sec total | 5 sec grace\n|\n|t:|1783560270\n|switch|p2a: Swalot|Swalot, L90, F|326/326\n|-damage|p2a: Swalot|272/326|[from] Spikes\n|turn|19\n|inactive|Time left: 300 sec this turn | 300 sec total\n|\n|t:|1783560271\n|move|p1a: Pachirisu|Super Fang|p2a: Swalot\n|-damage|p2a: Swalot|136/326\n|move|p2a: Swalot|Earthquake|p1a: Pachirisu\n|-supereffective|p1a: Pachirisu\n|-damage|p1a: Pachirisu|8/100\n|\n|-heal|p2a: Swalot|156/326|[from] item: Leftovers\n|upkeep\n|turn|20\n|inactive|Time left: 300 sec this turn | 300 sec total\n|\n|t:|1783560272\n|move|p1a: Pachirisu|Discharge|p2a: Swalot\n|-damage|p2a: Swalot|98/326\n|move|p2a: Swalot|Knock Off|p1a: Pachirisu\n|-damage|p1a: Pachirisu|0 fnt\n|-enditem|p1a: Pachirisu|Heavy-Duty Boots|[from] move: Knock Off|[of] p2a: Swalot\n|faint|p1a: Pachirisu\n|\n|-heal|p2a: Swalot|118/326|[from] item: Leftovers\n|upkeep\n|\n|t:|1783560273\n|switch|p1a: Klawf|Klawf, L90, F|36/100\n|-damage|p1a: Klawf|23/100|[from] Stealth Rock\n|turn|21\n|inactive|Time left: 300 sec this turn | 300 sec total\n|\n|t:|1783560274\n|move|p1a: Klawf|High Horsepower|p2a: Swalot\n|-supereffective|p2a: Swalot\n|-crit|p2a: Swalot\n|-damage|p2a: Swalot|0 fnt\n|faint|p2a: Swalot\n|\n|upkeep\n|inactive|Time left: 300 sec this turn | 300 sec total | 5 sec grace\n|\n|t:|1783560275\n|switch|p2a: Slowbro|Slowbro, L85, M|168/300\n|-damage|p2a: Slowbro|118/300|[from] Spikes\n|turn|22\n|inactive|Time left: 300 sec this turn | 300 sec total\n|\n|t:|1783560275\n|move|p1a: Klawf|High Horsepower|p2a: Slowbro\n|-damage|p2a: Slowbro|49/300\n|move|p2a: Slowbro|Slack Off|p2a: Slowbro\n|-heal|p2a: Slowbro|199/300\n|\n|-heal|p2a: Slowbro|217/300|[from] item: Leftovers\n|upkeep\n|turn|23\n|inactive|Time left: 300 sec this turn | 300 sec total\n|\n|t:|1783560276\n|switch|p1a: Magearna|Magearna, L77|9/100\n|-damage|p1a: Magearna|3/100|[from] Stealth Rock\n|move|p2a: Slowbro|Psyshock|p1a: Magearna\n|-resisted|p1a: Magearna\n|-damage|p1a: Magearna|0 fnt\n|faint|p1a: Magearna\n|\n|-heal|p2a: Slowbro|235/300|[from] item: Leftovers\n|upkeep\n|\n|t:|1783560277\n|switch|p1a: Gallade|Gallade, L80, M|39/100\n|-damage|p1a: Gallade|33/100|[from] Stealth Rock\n|turn|24\n|inactive|Time left: 300 sec this turn | 300 sec total\n|\n|t:|1783560278\n|-terastallize|p1a: Gallade|Dark\n|move|p1a: Gallade|Night Slash|p2a: Slowbro\n|-supereffective|p2a: Slowbro\n|-damage|p2a: Slowbro|0 fnt\n|faint|p2a: Slowbro\n|-damage|p1a: Gallade|23/100|[from] item: Life Orb\n|\n|upkeep\n|inactive|Time left: 300 sec this turn | 300 sec total | 5 sec grace\n|\n|t:|1783560279\n|switch|p2a: Qwilfish|Qwilfish, L86, M|181/252\n|-ability|p2a: Qwilfish|Intimidate|boost\n|-unboost|p1a: Gallade|atk|1\n|turn|25\n|inactive|Time left: 300 sec this turn | 300 sec total\n|\n|t:|1783560279\n|switch|p1a: Klawf|Klawf, L90, F|56/100\n|-damage|p1a: Klawf|44/100|[from] Stealth Rock\n|-terastallize|p2a: Qwilfish|Grass\n|move|p2a: Qwilfish|Flip Turn|p1a: Klawf\n|-supereffective|p1a: Klawf\n|-damage|p1a: Klawf|9/100\n|inactive|Time left: 300 sec this turn | 300 sec total | 5 sec grace\n|\n|t:|1783560280\n|switch|p2a: Sunflora|Sunflora, F|312/312|[from] Flip Turn\n|-damage|p2a: Sunflora|260/312|[from] Spikes\n|\n|upkeep\n|turn|26\n|inactive|Time left: 300 sec this turn | 300 sec total\n|\n|t:|1783560281\n|switch|p1a: Gallade|Gallade, L80, M, tera:Dark|23/100\n|-damage|p1a: Gallade|10/100|[from] Stealth Rock\n|move|p2a: Sunflora|Weather Ball|p1a: Gallade\n|-damage|p1a: Gallade|0 fnt\n|faint|p1a: Gallade\n|-damage|p2a: Sunflora|229/312|[from] item: Life Orb\n|\n|upkeep\n|\n|t:|1783560282\n|switch|p1a: Klawf|Klawf, L90, F|42/100\n|-damage|p1a: Klawf|29/100|[from] Stealth Rock\n|turn|27\n|inactive|Time left: 300 sec this turn | 300 sec total\n|\n|t:|1783560283\n|move|p1a: Klawf|Stone Edge|p2a: Sunflora|[miss]\n|-miss|p1a: Klawf|p2a: Sunflora\n|move|p2a: Sunflora|Earth Power|p1a: Klawf\n|-supereffective|p1a: Klawf\n|-damage|p1a: Klawf|0 fnt\n|faint|p1a: Klawf\n|-damage|p2a: Sunflora|198/312|[from] item: Life Orb\n|\n|win|p0y18148f5a", "uploadtime": 1783560283, "views": 0, "rating": 0, "private": 0, "password": null, "_winner": "p0y18148f5a", "_our_name": "p0y18148f5a"}