{"id": "battle-gen9randombattle-458", "formatid": "gen9randombattle", "format": "[Gen 9] Random Battle", "players": ["p0x4588090", "p0y458dcb9"], "log": "|init|battle\n|title|p0x4588090 vs. p0y458dcb9\n|j|\u2606p0x4588090\n|j|\u2606p0y458dcb9\n|t:|1783545092\n|gametype|singles\n|player|p1|p0x4588090|266|\n|player|p2|p0y458dcb9|1|\n|gen|9\n|tier|[Gen 9] Random Battle\n|rule|Species Clause: Limit one of each Pok\u00e9mon\n|rule|HP Percentage Mod: HP is shown in percentages\n|rule|Sleep Clause Mod: Limit one foe put to sleep\n|rule|Illusion Level Mod: Illusion disguises the Pok\u00e9mon's true level\n|\n|t:|1783545092\n|teamsize|p1|6\n|teamsize|p2|6\n|start\n|switch|p1a: Electrode|Electrode, L92|260/260\n|switch|p2a: Rampardos|Rampardos, L90, F|100/100\n|turn|1\n|inactive|Battle timer is ON: inactive players will automatically lose when time's up. (requested by p0x4588090)\n|inactive|p0y458dcb9 also wants the timer to be on.\n|\n|t:|1783545093\n|move|p1a: Electrode|Volt Switch|p2a: Rampardos\n|-damage|p2a: Rampardos|57/100\n|-damage|p1a: Electrode|234/260|[from] item: Life Orb\n|inactive|Time left: 300 sec this turn | 300 sec total | 65 sec grace\n|\n|t:|1783545094\n|switch|p1a: Gliscor|Gliscor, L76, F|239/239|[from] Volt Switch\n|move|p2a: Rampardos|Rock Slide|p1a: Gliscor\n|-damage|p1a: Gliscor|82/239\n|\n|-status|p1a: Gliscor|tox|[from] item: Toxic Orb\n|upkeep\n|turn|2\n|inactive|Time left: 300 sec this turn | 300 sec total\n|\n|t:|1783545095\n|move|p2a: Rampardos|Rock Slide|p1a: Gliscor\n|-damage|p1a: Gliscor|0 fnt\n|faint|p1a: Gliscor\n|\n|upkeep\n|inactive|Time left: 300 sec this turn | 300 sec total | 5 sec grace\n|\n|t:|1783545096\n|switch|p1a: Crabominable|Crabominable, L90, M|321/321\n|turn|3\n|inactive|Time left: 300 sec this turn | 300 sec total\n|\n|t:|1783545097\n|move|p2a: Rampardos|Rock Slide|p1a: Crabominable\n|-damage|p1a: Crabominable|144/321\n|move|p1a: Crabominable|Drain Punch|p2a: Rampardos\n|-supereffective|p2a: Rampardos\n|-damage|p2a: Rampardos|0 fnt\n|-heal|p1a: Crabominable|235/321|[from] drain|[of] p2a: Rampardos\n|faint|p2a: Rampardos\n|\n|upkeep\n|\n|t:|1783545098\n|switch|p2a: Kyogre|Kyogre, L71|100/100\n|-weather|RainDance|[from] ability: Drizzle|[of] p2a: Kyogre\n|turn|4\n|inactive|Time left: 300 sec this turn | 300 sec total\n|\n|t:|1783545100\n|-terastallize|p2a: Kyogre|Water\n|move|p2a: Kyogre|Water Spout|p1a: Crabominable\n|-damage|p1a: Crabominable|1/321\n|move|p1a: Crabominable|Drain Punch|p2a: Kyogre\n|-damage|p2a: Kyogre|35/100\n|-heal|p1a: Crabominable|86/321|[from] drain|[of] p2a: Kyogre\n|\n|-weather|RainDance|[upkeep]\n|upkeep\n|turn|5\n|inactive|Time left: 300 sec this turn | 300 sec total\n|\n|t:|1783545101\n|switch|p1a: Toxicroak|Toxicroak, L84, M|277/277\n|move|p2a: Kyogre|Water Spout|p1a: Toxicroak\n|-immune|p1a: Toxicroak|[from] ability: Dry Skin\n|\n|-weather|RainDance|[upkeep]\n|upkeep\n|turn|6\n|inactive|Time left: 300 sec this turn | 300 sec total\n|\n|t:|1783545102\n|switch|p2a: Metagross|Metagross, L79|100/100\n|move|p1a: Toxicroak|Swords Dance|p1a: Toxicroak\n|-boost|p1a: Toxicroak|atk|2\n|\n|-weather|RainDance|[upkeep]\n|upkeep\n|turn|7\n|inactive|Time left: 300 sec this turn | 300 sec total\n|\n|t:|1783545103\n|switch|p2a: Kyogre|Kyogre, L71, tera:Water|35/100\n|move|p1a: Toxicroak|Earthquake|p2a: Kyogre\n|-damage|p2a: Kyogre|0 fnt\n|faint|p2a: Kyogre\n|-damage|p1a: Toxicroak|250/277|[from] item: Life Orb\n|\n|-weather|RainDance|[upkeep]\n|-heal|p1a: Toxicroak|277/277|[from] ability: Dry Skin\n|upkeep\n|\n|t:|1783545104\n|switch|p2a: Sandy Shocks|Sandy Shocks, L80|100/100\n|turn|8\n|inactive|Time left: 300 sec this turn | 300 sec total\n|\n|t:|1783545105\n|-terastallize|p1a: Toxicroak|Ground\n|move|p2a: Sandy Shocks|Earth Power|p1a: Toxicroak\n|-damage|p1a: Toxicroak|157/277\n|move|p1a: Toxicroak|Earthquake|p2a: Sandy Shocks\n|-supereffective|p2a: Sandy Shocks\n|-damage|p2a: Sandy Shocks|0 fnt\n|faint|p2a: Sandy Shocks\n|-end|p2a: Sandy Shocks|Protosynthesis|[silent]\n|-damage|p1a: Toxicroak|130/277|[from] item: Life Orb\n|\n|-weather|none\n|upkeep\n|\n|t:|1783545106\n|switch|p2a: Arceus|Arceus-Grass, L73|100/100\n|turn|9\n|inactive|Time left: 300 sec this turn | 300 sec total\n|\n|t:|1783545107\n|switch|p1a: Araquanid|Araquanid, L82, F|246/246\n|move|p2a: Arceus|Judgment|p1a: Araquanid\n|-damage|p1a: Araquanid|165/246\n|\n|upkeep\n|turn|10\n|inactive|Time left: 300 sec this turn | 300 sec total\n|\n|t:|1783545108\n|move|p2a: Arceus|Calm Mind|p2a: Arceus\n|-boost|p2a: Arceus|spa|1\n|-boost|p2a: Arceus|spd|1\n|move|p1a: Araquanid|Leech Life|p2a: Arceus\n|-supereffective|p2a: Arceus\n|-damage|p2a: Arceus|60/100\n|-heal|p1a: Araquanid|225/246|[from] drain|[of] p2a: Arceus\n|\n|upkeep\n|turn|11\n|inactive|Time left: 300 sec this turn | 300 sec total\n|\n|t:|1783545109\n|move|p2a: Arceus|Judgment|p1a: Araquanid\n|-damage|p1a: Araquanid|102/246\n|move|p1a: Araquanid|Leech Life|p2a: Arceus\n|-supereffective|p2a: Arceus\n|-damage|p2a: Arceus|21/100\n|-heal|p1a: Araquanid|160/246|[from] drain|[of] p2a: Arceus\n|\n|upkeep\n|turn|12\n|inactive|Time left: 300 sec this turn | 300 sec total\n|\n|t:|1783545110\n|move|p2a: Arceus|Judgment|p1a: Araquanid\n|-damage|p1a: Araquanid|33/246\n|move|p1a: Araquanid|Leech Life|p2a: Arceus\n|-supereffective|p2a: Arceus\n|-damage|p2a: Arceus|0 fnt\n|-heal|p1a: Araquanid|63/246|[from] drain|[of] p2a: Arceus\n|faint|p2a: Arceus\n|\n|upkeep\n|\n|t:|1783545112\n|switch|p2a: Metagross|Metagross, L79|100/100\n|turn|13\n|inactive|Time left: 300 sec this turn | 300 sec total\n|\n|t:|1783545113\n|switch|p1a: Golem|Golem, L87, M|281/281\n|move|p2a: Metagross|Heavy Slam|p1a: Golem\n|-supereffective|p1a: Golem\n|-damage|p1a: Golem|213/281\n|\n|upkeep\n|turn|14\n|inactive|Time left: 300 sec this turn | 300 sec total\n|\n|t:|1783545114\n|switch|p2a: Chesnaught|Chesnaught, L84, F|100/100\n|move|p1a: Golem|Earthquake|p2a: Chesnaught\n|-resisted|p2a: Chesnaught\n|-damage|p2a: Chesnaught|84/100\n|\n|-heal|p2a: Chesnaught|90/100|[from] item: Leftovers\n|upkeep\n|turn|15\n|inactive|Time left: 300 sec this turn | 300 sec total\n|\n|t:|1783545115\n|switch|p1a: Araquanid|Araquanid, L82, F|63/246\n|move|p2a: Chesnaught|Iron Defense|p2a: Chesnaught\n|-boost|p2a: Chesnaught|def|2\n|\n|-heal|p2a: Chesnaught|96/100|[from] item: Leftovers\n|upkeep\n|turn|16\n|inactive|Time left: 300 sec this turn | 300 sec total\n|\n|t:|1783545116\n|move|p2a: Chesnaught|Body Press|p1a: Araquanid\n|-resisted|p1a: Araquanid\n|-damage|p1a: Araquanid|0 fnt\n|faint|p1a: Araquanid\n|\n|-heal|p2a: Chesnaught|100/100|[from] item: Leftovers\n|upkeep\n|inactive|Time left: 300 sec this turn | 300 sec total | 5 sec grace\n|\n|t:|1783545117\n|switch|p1a: Toxicroak|Toxicroak, L84, M, tera:Ground|130/277\n|turn|17\n|inactive|Time left: 300 sec this turn | 300 sec total\n|\n|t:|1783545118\n|move|p1a: Toxicroak|Gunk Shot|p2a: Chesnaught|[miss]\n|-miss|p1a: Toxicroak|p2a: Chesnaught\n|move|p2a: Chesnaught|Trailblaze|p1a: Toxicroak\n|-supereffective|p1a: Toxicroak\n|-damage|p1a: Toxicroak|0 fnt\n|-boost|p2a: Chesnaught|spe|1\n|faint|p1a: Toxicroak\n|\n|upkeep\n|inactive|Time left: 300 sec this turn | 300 sec total | 5 sec grace\n|\n|t:|1783545119\n|switch|p1a: Electrode|Electrode, L92|234/260\n|turn|18\n|inactive|Time left: 300 sec this turn | 300 sec total\n|\n|t:|1783545120\n|move|p1a: Electrode|Thunderbolt|p2a: Chesnaught\n|-resisted|p2a: Chesnaught\n|-damage|p2a: Chesnaught|77/100\n|-damage|p1a: Electrode|208/260|[from] item: Life Orb\n|move|p2a: Chesnaught|Body Press|p1a: Electrode\n|-damage|p1a: Electrode|0 fnt\n|-damage|p2a: Chesnaught|52/100|[from] ability: Aftermath|[of] p1a: Electrode\n|faint|p1a: Electrode\n|\n|-heal|p2a: Chesnaught|58/100|[from] item: Leftovers\n|upkeep\n|inactive|Time left: 300 sec this turn | 300 sec total | 5 sec grace\n|\n|t:|1783545121\n|switch|p1a: Golem|Golem, L87, M|213/281\n|turn|19\n|inactive|Time left: 300 sec this turn | 300 sec total\n|\n|t:|1783545122\n|move|p2a: Chesnaught|Body Press|p1a: Golem\n|-supereffective|p1a: Golem\n|-damage|p1a: Golem|0 fnt\n|faint|p1a: Golem\n|\n|-heal|p2a: Chesnaught|64/100|[from] item: Leftovers\n|upkeep\n|inactive|Time left: 300 sec this turn | 300 sec total | 5 sec grace\n|\n|t:|1783545123\n|switch|p1a: Crabominable|Crabominable, L90, M|86/321\n|turn|20\n|inactive|Time left: 300 sec this turn | 300 sec total\n|\n|t:|1783545124\n|move|p2a: Chesnaught|Body Press|p1a: Crabominable\n|-supereffective|p1a: Crabominable\n|-damage|p1a: Crabominable|0 fnt\n|faint|p1a: Crabominable\n|\n|win|p0y458dcb9", "uploadtime": 1783545124, "views": 0, "rating": 0, "private": 0, "password": null, "_winner": "p0y458dcb9", "_our_name": "p0x4588090"}