{"id": "battle-gen9randombattle-1573", "formatid": "gen9randombattle", "format": "[Gen 9] Random Battle", "players": ["p0x15736207", "p0y157300d5"], "log": "|init|battle\n|title|p0x15736207 vs. p0y157300d5\n|j|\u2606p0x15736207\n|j|\u2606p0y157300d5\n|t:|1783557424\n|gametype|singles\n|player|p1|p0x15736207|169|\n|player|p2|p0y157300d5|102|\n|gen|9\n|tier|[Gen 9] Random Battle\n|rule|Species Clause: Limit one of each Pok\u00e9mon\n|rule|HP Percentage Mod: HP is shown in percentages\n|rule|Sleep Clause Mod: Limit one foe put to sleep\n|rule|Illusion Level Mod: Illusion disguises the Pok\u00e9mon's true level\n|\n|t:|1783557424\n|teamsize|p1|6\n|teamsize|p2|6\n|start\n|switch|p1a: Ambipom|Ambipom, L84, F|263/263\n|switch|p2a: Furret|Furret, L94, M|100/100\n|-item|p1a: Ambipom|Silk Scarf|[from] ability: Frisk|[of] p2a: Furret\n|turn|1\n|inactive|Battle timer is ON: inactive players will automatically lose when time's up. (requested by p0y157300d5)\n|inactive|Time left: 300 sec this turn | 300 sec total | 60 sec grace\n|inactive|p0x15736207 also wants the timer to be on.\n|\n|t:|1783557425\n|move|p1a: Ambipom|Fake Out|p2a: Furret\n|-damage|p2a: Furret|73/100\n|cant|p2a: Furret|flinch\n|\n|upkeep\n|turn|2\n|inactive|Time left: 300 sec this turn | 300 sec total\n|\n|t:|1783557426\n|move|p1a: Ambipom|Double-Edge|p2a: Furret\n|-damage|p2a: Furret|18/100\n|-damage|p1a: Ambipom|206/263|[from] Recoil\n|move|p2a: Furret|Tidy Up|p2a: Furret\n|-boost|p2a: Furret|atk|1\n|-boost|p2a: Furret|spe|1\n|\n|upkeep\n|turn|3\n|inactive|Time left: 300 sec this turn | 300 sec total\n|\n|t:|1783557427\n|switch|p1a: Zamazenta|Zamazenta-Crowned, L68|238/238\n|-ability|p1a: Zamazenta|Dauntless Shield|boost\n|-boost|p1a: Zamazenta|def|1\n|move|p2a: Furret|Brick Break|p1a: Zamazenta\n|-supereffective|p1a: Zamazenta\n|-damage|p1a: Zamazenta|121/238\n|-damage|p2a: Furret|8/100|[from] item: Life Orb\n|\n|upkeep\n|turn|4\n|inactive|Time left: 300 sec this turn | 300 sec total\n|\n|t:|1783557428\n|move|p2a: Furret|Brick Break|p1a: Zamazenta\n|-supereffective|p1a: Zamazenta\n|-damage|p1a: Zamazenta|7/238\n|-damage|p2a: Furret|0 fnt|[from] item: Life Orb\n|faint|p2a: Furret\n|move|p1a: Zamazenta|Heavy Slam|p2: Furret|[notarget]\n|-fail|p1a: Zamazenta\n|\n|upkeep\n|\n|t:|1783557428\n|switch|p2a: Houndstone|Houndstone, L86, F|100/100\n|turn|5\n|inactive|Time left: 300 sec this turn | 300 sec total\n|\n|t:|1783557429\n|move|p1a: Zamazenta|Heavy Slam|p2a: Houndstone\n|-damage|p2a: Houndstone|83/100\n|move|p2a: Houndstone|Poltergeist|p1a: Zamazenta\n|-activate|p1a: Zamazenta|move: Poltergeist|Rusted Shield\n|-damage|p1a: Zamazenta|0 fnt\n|faint|p1a: Zamazenta\n|\n|upkeep\n|inactive|Time left: 300 sec this turn | 300 sec total | 5 sec grace\n|\n|t:|1783557430\n|switch|p1a: Thundurus|Thundurus-Therian, L80, M|258/258\n|turn|6\n|inactive|Time left: 300 sec this turn | 300 sec total\n|\n|t:|1783557430\n|move|p1a: Thundurus|Thunderbolt|p2a: Houndstone\n|-damage|p2a: Houndstone|44/100\n|move|p2a: Houndstone|Poltergeist|p1a: Thundurus\n|-activate|p1a: Thundurus|move: Poltergeist|Choice Specs\n|-damage|p1a: Thundurus|101/258\n|\n|upkeep\n|turn|7\n|inactive|Time left: 300 sec this turn | 300 sec total\n|\n|t:|1783557431\n|move|p1a: Thundurus|Thunderbolt|p2a: Houndstone\n|-damage|p2a: Houndstone|3/100\n|move|p2a: Houndstone|Poltergeist|p1a: Thundurus\n|-activate|p1a: Thundurus|move: Poltergeist|Choice Specs\n|-damage|p1a: Thundurus|0 fnt\n|faint|p1a: Thundurus\n|\n|upkeep\n|inactive|Time left: 300 sec this turn | 300 sec total | 5 sec grace\n|\n|t:|1783557432\n|switch|p1a: Torterra|Torterra, L78, M|276/276\n|turn|8\n|inactive|Time left: 300 sec this turn | 300 sec total\n|\n|t:|1783557433\n|switch|p2a: Glastrier|Glastrier, L86|100/100\n|move|p1a: Torterra|Shell Smash|p1a: Torterra\n|-unboost|p1a: Torterra|def|1\n|-unboost|p1a: Torterra|spd|1\n|-boost|p1a: Torterra|atk|2\n|-boost|p1a: Torterra|spa|2\n|-boost|p1a: Torterra|spe|2\n|\n|upkeep\n|turn|9\n|inactive|Time left: 300 sec this turn | 300 sec total\n|\n|t:|1783557434\n|move|p1a: Torterra|Bullet Seed|p2a: Glastrier\n|-damage|p2a: Glastrier|90/100\n|-damage|p2a: Glastrier|77/100\n|-damage|p2a: Glastrier|66/100\n|-damage|p2a: Glastrier|54/100\n|-damage|p2a: Glastrier|43/100\n|-hitcount|p2a: Glastrier|5\n|move|p2a: Glastrier|Icicle Crash|p1a: Torterra\n|-supereffective|p1a: Torterra\n|-damage|p1a: Torterra|0 fnt\n|faint|p1a: Torterra\n|-ability|p2a: Glastrier|Chilling Neigh|boost\n|-boost|p2a: Glastrier|atk|1\n|\n|upkeep\n|inactive|Time left: 300 sec this turn | 300 sec total | 5 sec grace\n|\n|t:|1783557435\n|switch|p1a: Keldeo|Keldeo-Resolute, L79|273/273\n|turn|10\n|inactive|Time left: 300 sec this turn | 300 sec total\n|\n|t:|1783557436\n|switch|p2a: Scream Tail|Scream Tail, L84|100/100\n|move|p1a: Keldeo|Hydro Pump|p2a: Scream Tail\n|-damage|p2a: Scream Tail|50/100\n|\n|-heal|p2a: Scream Tail|56/100|[from] item: Leftovers\n|upkeep\n|turn|11\n|inactive|Time left: 300 sec this turn | 300 sec total\n|\n|t:|1783557437\n|move|p2a: Scream Tail|Dazzling Gleam|p1a: Keldeo\n|-supereffective|p1a: Keldeo\n|-damage|p1a: Keldeo|147/273\n|move|p1a: Keldeo|Hydro Pump|p2a: Scream Tail|[miss]\n|-miss|p1a: Keldeo|p2a: Scream Tail\n|\n|-heal|p2a: Scream Tail|62/100|[from] item: Leftovers\n|upkeep\n|turn|12\n|inactive|Time left: 300 sec this turn | 300 sec total\n|\n|t:|1783557438\n|move|p2a: Scream Tail|Dazzling Gleam|p1a: Keldeo\n|-supereffective|p1a: Keldeo\n|-damage|p1a: Keldeo|15/273\n|move|p1a: Keldeo|Hydro Pump|p2a: Scream Tail\n|-damage|p2a: Scream Tail|17/100\n|\n|-heal|p2a: Scream Tail|23/100|[from] item: Leftovers\n|upkeep\n|turn|13\n|inactive|Time left: 300 sec this turn | 300 sec total\n|\n|t:|1783557439\n|move|p2a: Scream Tail|Dazzling Gleam|p1a: Keldeo\n|-supereffective|p1a: Keldeo\n|-damage|p1a: Keldeo|0 fnt\n|faint|p1a: Keldeo\n|\n|-heal|p2a: Scream Tail|29/100|[from] item: Leftovers\n|upkeep\n|inactive|Time left: 300 sec this turn | 300 sec total | 5 sec grace\n|\n|t:|1783557440\n|switch|p1a: Jolteon|Jolteon, L84, M|246/246\n|turn|14\n|inactive|Time left: 300 sec this turn | 300 sec total\n|\n|t:|1783557441\n|-end|p2a: Scream Tail|Protosynthesis|[silent]\n|switch|p2a: Houndstone|Houndstone, L86, F|3/100\n|move|p1a: Jolteon|Calm Mind|p1a: Jolteon\n|-boost|p1a: Jolteon|spa|1\n|-boost|p1a: Jolteon|spd|1\n|\n|upkeep\n|turn|15\n|inactive|Time left: 300 sec this turn | 300 sec total\n|\n|t:|1783557443\n|move|p1a: Jolteon|Thunderbolt|p2a: Houndstone\n|-damage|p2a: Houndstone|0 fnt\n|faint|p2a: Houndstone\n|\n|upkeep\n|\n|t:|1783557443\n|switch|p2a: Glastrier|Glastrier, L86|43/100\n|turn|16\n|inactive|Time left: 300 sec this turn | 300 sec total\n|\n|t:|1783557445\n|move|p1a: Jolteon|Thunderbolt|p2a: Glastrier\n|-damage|p2a: Glastrier|3/100\n|move|p2a: Glastrier|Close Combat|p1a: Jolteon\n|-damage|p1a: Jolteon|25/246\n|-unboost|p2a: Glastrier|def|1\n|-unboost|p2a: Glastrier|spd|1\n|\n|-heal|p1a: Jolteon|40/246|[from] item: Leftovers\n|upkeep\n|turn|17\n|inactive|Time left: 300 sec this turn | 300 sec total\n|\n|t:|1783557446\n|move|p1a: Jolteon|Thunderbolt|p2a: Glastrier\n|-damage|p2a: Glastrier|0 fnt\n|faint|p2a: Glastrier\n|\n|-heal|p1a: Jolteon|55/246|[from] item: Leftovers\n|upkeep\n|\n|t:|1783557447\n|switch|p2a: Klawf|Klawf, L90, F|100/100\n|turn|18\n|inactive|Time left: 300 sec this turn | 300 sec total\n|\n|t:|1783557448\n|move|p1a: Jolteon|Thunderbolt|p2a: Klawf\n|-damage|p2a: Klawf|23/100\n|move|p2a: Klawf|High Horsepower|p1a: Jolteon\n|-supereffective|p1a: Jolteon\n|-damage|p1a: Jolteon|0 fnt\n|faint|p1a: Jolteon\n|-damage|p2a: Klawf|13/100|[from] item: Life Orb\n|\n|upkeep\n|inactive|Time left: 300 sec this turn | 300 sec total | 5 sec grace\n|\n|t:|1783557449\n|switch|p1a: Ambipom|Ambipom, L84, F|206/263\n|turn|19\n|inactive|Time left: 300 sec this turn | 300 sec total\n|\n|t:|1783557450\n|switch|p2a: Scream Tail|Scream Tail, L84|29/100\n|move|p1a: Ambipom|Knock Off|p2a: Scream Tail\n|-damage|p2a: Scream Tail|11/100\n|-enditem|p2a: Scream Tail|Leftovers|[from] move: Knock Off|[of] p1a: Ambipom\n|\n|upkeep\n|turn|20\n|inactive|Time left: 300 sec this turn | 300 sec total\n|\n|t:|1783557451\n|move|p1a: Ambipom|Knock Off|p2a: Scream Tail\n|-damage|p2a: Scream Tail|0 fnt\n|faint|p2a: Scream Tail\n|-end|p2a: Scream Tail|Protosynthesis|[silent]\n|\n|upkeep\n|\n|t:|1783557452\n|switch|p2a: Pawmot|Pawmot, L80, F|100/100\n|turn|21\n|inactive|Time left: 300 sec this turn | 300 sec total\n|\n|t:|1783557453\n|-terastallize|p1a: Ambipom|Normal\n|-terastallize|p2a: Pawmot|Electric\n|move|p1a: Ambipom|Double-Edge|p2a: Pawmot\n|-damage|p2a: Pawmot|0 fnt\n|faint|p2a: Pawmot\n|-damage|p1a: Ambipom|126/263|[from] Recoil\n|\n|upkeep\n|\n|t:|1783557454\n|switch|p2a: Klawf|Klawf, L90, F|46/100\n|turn|22\n|inactive|Time left: 300 sec this turn | 300 sec total\n|\n|t:|1783557455\n|move|p1a: Ambipom|Knock Off|p2a: Klawf\n|-damage|p2a: Klawf|28/100\n|-enditem|p2a: Klawf|Life Orb|[from] move: Knock Off|[of] p1a: Ambipom\n|move|p2a: Klawf|Stone Edge|p1a: Ambipom\n|-crit|p1a: Ambipom\n|-damage|p1a: Ambipom|0 fnt\n|faint|p1a: Ambipom\n|\n|win|p0y157300d5", "uploadtime": 1783557455, "views": 0, "rating": 0, "private": 0, "password": null, "_winner": "p0y157300d5", "_our_name": "p0x15736207"}