{"id": "battle-gen9randombattle-2694", "formatid": "gen9randombattle", "format": "[Gen 9] Random Battle", "players": ["p0x2694af51", "p0y26940e0f"], "log": "|init|battle\n|title|p0x2694af51 vs. p0y26940e0f\n|j|\u2606p0x2694af51\n|j|\u2606p0y26940e0f\n|t:|1783571066\n|gametype|singles\n|player|p1|p0x2694af51|266|\n|player|p2|p0y26940e0f|266|\n|gen|9\n|tier|[Gen 9] Random Battle\n|rule|Species Clause: Limit one of each Pok\u00e9mon\n|rule|HP Percentage Mod: HP is shown in percentages\n|rule|Sleep Clause Mod: Limit one foe put to sleep\n|rule|Illusion Level Mod: Illusion disguises the Pok\u00e9mon's true level\n|\n|t:|1783571066\n|teamsize|p1|6\n|teamsize|p2|6\n|start\n|switch|p1a: Ogerpon|Ogerpon-Hearthflame, L74, F|100/100\n|switch|p2a: Skuntank|Skuntank, L84, M|310/310\n|-ability|p1a: Ogerpon|Mold Breaker\n|turn|1\n|inactive|Battle timer is ON: inactive players will automatically lose when time's up. (requested by p0x2694af51)\n|inactive|Time left: 300 sec this turn | 300 sec total | 60 sec grace\n|inactive|p0y26940e0f also wants the timer to be on.\n|\n|t:|1783571067\n|switch|p1a: Copperajah|Copperajah, L86, M|100/100\n|move|p2a: Skuntank|Gunk Shot|p1a: Copperajah\n|-immune|p1a: Copperajah\n|\n|upkeep\n|turn|2\n|inactive|Time left: 300 sec this turn | 300 sec total\n|\n|t:|1783571069\n|switch|p2a: Overqwil|Overqwil, L82, F|274/274\n|-ability|p2a: Overqwil|Intimidate|boost\n|-unboost|p1a: Copperajah|atk|1\n|move|p1a: Copperajah|Heavy Slam|p2a: Overqwil\n|-damage|p2a: Overqwil|103/274\n|\n|upkeep\n|turn|3\n|inactive|Time left: 300 sec this turn | 300 sec total\n|\n|t:|1783571070\n|move|p2a: Overqwil|Crunch|p1a: Copperajah\n|-damage|p1a: Copperajah|53/100\n|move|p1a: Copperajah|Heavy Slam|p2a: Overqwil\n|-damage|p2a: Overqwil|0 fnt\n|faint|p2a: Overqwil\n|\n|upkeep\n|inactive|Time left: 300 sec this turn | 300 sec total | 5 sec grace\n|\n|t:|1783571071\n|switch|p2a: Golduck|Golduck, L90, M|290/290\n|-ability|p2a: Golduck|Cloud Nine\n|turn|4\n|inactive|Time left: 300 sec this turn | 300 sec total\n|\n|t:|1783571072\n|move|p2a: Golduck|Nasty Plot|p2a: Golduck\n|-boost|p2a: Golduck|spa|2\n|move|p1a: Copperajah|Heavy Slam|p2a: Golduck\n|-resisted|p2a: Golduck\n|-damage|p2a: Golduck|200/290\n|\n|-heal|p2a: Golduck|218/290|[from] item: Leftovers\n|upkeep\n|turn|5\n|inactive|Time left: 300 sec this turn | 300 sec total\n|\n|t:|1783571073\n|move|p2a: Golduck|Hydro Pump|p1a: Copperajah\n|-damage|p1a: Copperajah|0 fnt\n|faint|p1a: Copperajah\n|\n|-heal|p2a: Golduck|236/290|[from] item: Leftovers\n|upkeep\n|\n|t:|1783571074\n|switch|p1a: Squawkabilly|Squawkabilly, L85, F|100/100\n|turn|6\n|inactive|Time left: 300 sec this turn | 300 sec total\n|\n|t:|1783571075\n|move|p1a: Squawkabilly|Protect|p1a: Squawkabilly\n|-singleturn|p1a: Squawkabilly|Protect\n|move|p2a: Golduck|Hydro Pump|p1a: Squawkabilly\n|-activate|p1a: Squawkabilly|move: Protect\n|\n|-heal|p2a: Golduck|254/290|[from] item: Leftovers\n|-status|p1a: Squawkabilly|brn|[from] item: Flame Orb\n|upkeep\n|turn|7\n|inactive|Time left: 300 sec this turn | 300 sec total\n|\n|t:|1783571076\n|switch|p2a: Diancie|Diancie, L82|216/216\n|-terastallize|p1a: Squawkabilly|Normal\n|move|p1a: Squawkabilly|Facade|p2a: Diancie\n|-resisted|p2a: Diancie\n|-damage|p2a: Diancie|112/216\n|\n|-heal|p2a: Diancie|125/216|[from] item: Leftovers\n|-damage|p1a: Squawkabilly|94/100 brn|[from] brn\n|upkeep\n|turn|8\n|inactive|Time left: 300 sec this turn | 300 sec total\n|\n|t:|1783571077\n|move|p1a: Squawkabilly|Facade|p2a: Diancie\n|-resisted|p2a: Diancie\n|-damage|p2a: Diancie|18/216\n|move|p2a: Diancie|Diamond Storm|p1a: Squawkabilly\n|-damage|p1a: Squawkabilly|39/100 brn\n|\n|-heal|p2a: Diancie|31/216|[from] item: Leftovers\n|-damage|p1a: Squawkabilly|33/100 brn|[from] brn\n|upkeep\n|turn|9\n|inactive|Time left: 300 sec this turn | 300 sec total\n|\n|t:|1783571078\n|move|p1a: Squawkabilly|Facade|p2a: Diancie\n|-resisted|p2a: Diancie\n|-damage|p2a: Diancie|0 fnt\n|faint|p2a: Diancie\n|\n|-damage|p1a: Squawkabilly|27/100 brn|[from] brn\n|upkeep\n|inactive|Time left: 300 sec this turn | 300 sec total | 5 sec grace\n|\n|t:|1783571079\n|switch|p2a: Skuntank|Skuntank, L84, M|310/310\n|turn|10\n|inactive|Time left: 300 sec this turn | 300 sec total\n|\n|t:|1783571079\n|move|p1a: Squawkabilly|Facade|p2a: Skuntank\n|-enditem|p2a: Skuntank|Focus Sash\n|-damage|p2a: Skuntank|1/310\n|move|p2a: Skuntank|Knock Off|p1a: Squawkabilly\n|-damage|p1a: Squawkabilly|0 fnt\n|-enditem|p1a: Squawkabilly|Flame Orb|[from] move: Knock Off|[of] p2a: Skuntank\n|faint|p1a: Squawkabilly\n|\n|upkeep\n|\n|t:|1783571080\n|switch|p1a: Ogerpon|Ogerpon-Hearthflame, L74, F|100/100\n|-ability|p1a: Ogerpon|Mold Breaker\n|turn|11\n|inactive|Time left: 300 sec this turn | 300 sec total\n|\n|t:|1783571081\n|move|p1a: Ogerpon|Ivy Cudgel|p2a: Skuntank|[anim] Ivy Cudgel Fire\n|-damage|p2a: Skuntank|0 fnt\n|faint|p2a: Skuntank\n|\n|upkeep\n|inactive|Time left: 300 sec this turn | 300 sec total | 5 sec grace\n|\n|t:|1783571082\n|switch|p2a: Exeggutor|Exeggutor, L89, F|312/312\n|turn|12\n|inactive|Time left: 300 sec this turn | 300 sec total\n|\n|t:|1783571083\n|move|p1a: Ogerpon|Swords Dance|p1a: Ogerpon\n|-boost|p1a: Ogerpon|atk|2\n|move|p2a: Exeggutor|Psychic Noise|p1a: Ogerpon\n|-damage|p1a: Ogerpon|54/100\n|-start|p1a: Ogerpon|move: Heal Block\n|\n|upkeep\n|turn|13\n|inactive|Time left: 300 sec this turn | 300 sec total\n|\n|t:|1783571084\n|move|p2a: Exeggutor|Protect|p2a: Exeggutor\n|-singleturn|p2a: Exeggutor|Protect\n|move|p1a: Ogerpon|Ivy Cudgel|p2a: Exeggutor|[anim] Ivy Cudgel Fire\n|-activate|p2a: Exeggutor|move: Protect\n|\n|-end|p1a: Ogerpon|move: Heal Block\n|upkeep\n|turn|14\n|inactive|Time left: 300 sec this turn | 300 sec total\n|\n|t:|1783571085\n|move|p2a: Exeggutor|Protect||[still]\n|-fail|p2a: Exeggutor\n|move|p1a: Ogerpon|Ivy Cudgel|p2a: Exeggutor|[anim] Ivy Cudgel Fire\n|-supereffective|p2a: Exeggutor\n|-damage|p2a: Exeggutor|0 fnt\n|faint|p2a: Exeggutor\n|\n|upkeep\n|inactive|Time left: 300 sec this turn | 300 sec total | 5 sec grace\n|\n|t:|1783571086\n|switch|p2a: Regice|Regice, L88|284/284\n|turn|15\n|inactive|Time left: 300 sec this turn | 300 sec total\n|\n|t:|1783571087\n|-terastallize|p2a: Regice|Electric\n|move|p1a: Ogerpon|Ivy Cudgel|p2a: Regice|[anim] Ivy Cudgel Fire\n|-damage|p2a: Regice|94/284\n|move|p2a: Regice|Thunder Wave|p1a: Ogerpon\n|-status|p1a: Ogerpon|par\n|\n|upkeep\n|turn|16\n|inactive|Time left: 300 sec this turn | 300 sec total\n|\n|t:|1783571088\n|move|p2a: Regice|Ice Beam|p1a: Ogerpon\n|-damage|p1a: Ogerpon|3/100 par\n|cant|p1a: Ogerpon|par\n|\n|upkeep\n|turn|17\n|inactive|Time left: 300 sec this turn | 300 sec total\n|\n|t:|1783571089\n|move|p2a: Regice|Body Press|p1a: Ogerpon\n|-damage|p1a: Ogerpon|0 fnt\n|faint|p1a: Ogerpon\n|\n|upkeep\n|\n|t:|1783571090\n|switch|p1a: Hitmonlee|Hitmonlee, L85, M|100/100\n|turn|18\n|inactive|Time left: 300 sec this turn | 300 sec total\n|\n|t:|1783571090\n|move|p1a: Hitmonlee|Close Combat|p2a: Regice\n|-damage|p2a: Regice|0 fnt\n|-unboost|p1a: Hitmonlee|def|1\n|-unboost|p1a: Hitmonlee|spd|1\n|faint|p2a: Regice\n|-enditem|p1a: Hitmonlee|White Herb\n|-clearnegativeboost|p1a: Hitmonlee|[silent]\n|\n|upkeep\n|inactive|Time left: 300 sec this turn | 300 sec total | 5 sec grace\n|\n|t:|1783571091\n|switch|p2a: Golduck|Golduck, L90, M|254/290\n|-ability|p2a: Golduck|Cloud Nine\n|turn|19\n|inactive|Time left: 300 sec this turn | 300 sec total\n|\n|t:|1783571092\n|move|p1a: Hitmonlee|Swords Dance|p1a: Hitmonlee\n|-boost|p1a: Hitmonlee|atk|2\n|move|p2a: Golduck|Hydro Pump|p1a: Hitmonlee\n|-damage|p1a: Hitmonlee|54/100\n|\n|-heal|p2a: Golduck|272/290|[from] item: Leftovers\n|upkeep\n|turn|20\n|inactive|Time left: 300 sec this turn | 300 sec total\n|\n|t:|1783571092\n|move|p1a: Hitmonlee|Close Combat|p2a: Golduck\n|-damage|p2a: Golduck|0 fnt\n|-unboost|p1a: Hitmonlee|def|1\n|-unboost|p1a: Hitmonlee|spd|1\n|faint|p2a: Golduck\n|\n|win|p0x2694af51", "uploadtime": 1783571092, "views": 0, "rating": 0, "private": 0, "password": null, "_winner": "p0x2694af51", "_our_name": "p0y26940e0f"}