{"id": "battle-gen9randombattle-2066", "formatid": "gen9randombattle", "format": "[Gen 9] Random Battle", "players": ["p0x2066a557", "p0y20665525"], "log": "|init|battle\n|title|p0x2066a557 vs. p0y20665525\n|j|\u2606p0x2066a557\n|j|\u2606p0y20665525\n|t:|1783563959\n|gametype|singles\n|player|p1|p0x2066a557|170|\n|player|p2|p0y20665525|1|\n|gen|9\n|tier|[Gen 9] Random Battle\n|rule|Species Clause: Limit one of each Pok\u00e9mon\n|rule|HP Percentage Mod: HP is shown in percentages\n|rule|Sleep Clause Mod: Limit one foe put to sleep\n|rule|Illusion Level Mod: Illusion disguises the Pok\u00e9mon's true level\n|\n|t:|1783563959\n|teamsize|p1|6\n|teamsize|p2|6\n|start\n|switch|p1a: Magmortar|Magmortar, L88, F|100/100\n|switch|p2a: Dugtrio|Dugtrio, L84, M|196/196\n|turn|1\n|inactive|Battle timer is ON: inactive players will automatically lose when time's up. (requested by p0y20665525)\n|inactive|p0x2066a557 also wants the timer to be on.\n|\n|t:|1783563961\n|-terastallize|p1a: Magmortar|Fighting\n|move|p2a: Dugtrio|Earthquake|p1a: Magmortar\n|-damage|p1a: Magmortar|52/100\n|move|p1a: Magmortar|Focus Blast|p2a: Dugtrio\n|-enditem|p2a: Dugtrio|Focus Sash\n|-damage|p2a: Dugtrio|1/196\n|\n|upkeep\n|turn|2\n|inactive|Time left: 300 sec this turn | 300 sec total\n|\n|t:|1783563962\n|move|p2a: Dugtrio|Earthquake|p1a: Magmortar\n|-damage|p1a: Magmortar|8/100\n|move|p1a: Magmortar|Fire Blast|p2a: Dugtrio|[miss]\n|-miss|p1a: Magmortar|p2a: Dugtrio\n|\n|upkeep\n|turn|3\n|inactive|Time left: 300 sec this turn | 300 sec total\n|\n|t:|1783563963\n|move|p2a: Dugtrio|Earthquake|p1a: Magmortar\n|-damage|p1a: Magmortar|0 fnt\n|faint|p1a: Magmortar\n|\n|upkeep\n|\n|t:|1783563964\n|switch|p1a: Calyrex|Calyrex-Ice, L72|100/100\n|-ability|p1a: Calyrex|As One\n|-ability|p1a: Calyrex|Unnerve\n|turn|4\n|inactive|Time left: 300 sec this turn | 300 sec total\n|\n|t:|1783563965\n|switch|p2a: Diancie|Diancie, L82|216/216\n|move|p1a: Calyrex|Glacial Lance|p2a: Diancie\n|-damage|p2a: Diancie|113/216\n|\n|-heal|p2a: Diancie|126/216|[from] item: Leftovers\n|upkeep\n|turn|5\n|inactive|Time left: 300 sec this turn | 300 sec total\n|\n|t:|1783563966\n|move|p2a: Diancie|Diamond Storm|p1a: Calyrex\n|-supereffective|p1a: Calyrex\n|-damage|p1a: Calyrex|46/100\n|-enditem|p1a: Calyrex|Weakness Policy\n|-boost|p1a: Calyrex|atk|2|[from] item: Weakness Policy\n|-boost|p1a: Calyrex|spa|2|[from] item: Weakness Policy\n|move|p1a: Calyrex|Glacial Lance|p2a: Diancie\n|-damage|p2a: Diancie|0 fnt\n|faint|p2a: Diancie\n|-ability|p1a: Calyrex|Chilling Neigh|boost\n|-boost|p1a: Calyrex|atk|1\n|\n|upkeep\n|inactive|Time left: 300 sec this turn | 300 sec total | 5 sec grace\n|\n|t:|1783563967\n|switch|p2a: Probopass|Probopass, L91, M|257/257\n|turn|6\n|inactive|Time left: 300 sec this turn | 300 sec total\n|\n|t:|1783563968\n|move|p2a: Probopass|Flash Cannon|p1a: Calyrex\n|-supereffective|p1a: Calyrex\n|-damage|p1a: Calyrex|0 fnt\n|faint|p1a: Calyrex\n|\n|upkeep\n|\n|t:|1783563969\n|switch|p1a: Raikou|Raikou, L81|100/100\n|-ability|p1a: Raikou|Pressure\n|turn|7\n|inactive|Time left: 300 sec this turn | 300 sec total\n|\n|t:|1783563969\n|move|p1a: Raikou|Scald|p2a: Probopass\n|-supereffective|p2a: Probopass\n|-damage|p2a: Probopass|181/257\n|move|p2a: Probopass|Iron Defense|p2a: Probopass\n|-boost|p2a: Probopass|def|2\n|\n|-heal|p2a: Probopass|197/257|[from] item: Leftovers\n|upkeep\n|turn|8\n|inactive|Time left: 300 sec this turn | 300 sec total\n|\n|t:|1783563970\n|-terastallize|p2a: Probopass|Fighting\n|move|p1a: Raikou|Scald|p2a: Probopass\n|-damage|p2a: Probopass|160/257\n|move|p2a: Probopass|Body Press|p1a: Raikou\n|-damage|p1a: Raikou|0 fnt\n|faint|p1a: Raikou\n|\n|-heal|p2a: Probopass|176/257|[from] item: Leftovers\n|upkeep\n|\n|t:|1783563971\n|switch|p1a: Jolteon|Jolteon, L84, M|100/100\n|turn|9\n|inactive|Time left: 300 sec this turn | 300 sec total\n|\n|t:|1783563972\n|move|p1a: Jolteon|Substitute|p1a: Jolteon\n|-start|p1a: Jolteon|Substitute\n|-damage|p1a: Jolteon|76/100\n|move|p2a: Probopass|Body Press|p1a: Jolteon\n|-end|p1a: Jolteon|Substitute\n|\n|-heal|p1a: Jolteon|82/100|[from] item: Leftovers\n|-heal|p2a: Probopass|192/257|[from] item: Leftovers\n|upkeep\n|turn|10\n|inactive|Time left: 300 sec this turn | 300 sec total\n|\n|t:|1783563973\n|move|p1a: Jolteon|Substitute|p1a: Jolteon\n|-start|p1a: Jolteon|Substitute\n|-damage|p1a: Jolteon|57/100\n|move|p2a: Probopass|Body Press|p1a: Jolteon\n|-end|p1a: Jolteon|Substitute\n|\n|-heal|p1a: Jolteon|63/100|[from] item: Leftovers\n|-heal|p2a: Probopass|208/257|[from] item: Leftovers\n|upkeep\n|turn|11\n|inactive|Time left: 300 sec this turn | 300 sec total\n|\n|t:|1783563974\n|move|p1a: Jolteon|Substitute|p1a: Jolteon\n|-start|p1a: Jolteon|Substitute\n|-damage|p1a: Jolteon|38/100\n|move|p2a: Probopass|Body Press|p1a: Jolteon\n|-end|p1a: Jolteon|Substitute\n|\n|-heal|p1a: Jolteon|44/100|[from] item: Leftovers\n|-heal|p2a: Probopass|224/257|[from] item: Leftovers\n|upkeep\n|turn|12\n|inactive|Time left: 300 sec this turn | 300 sec total\n|\n|t:|1783563975\n|move|p1a: Jolteon|Substitute|p1a: Jolteon\n|-start|p1a: Jolteon|Substitute\n|-damage|p1a: Jolteon|20/100\n|move|p2a: Probopass|Body Press|p1a: Jolteon\n|-crit|p1a: Jolteon\n|-end|p1a: Jolteon|Substitute\n|\n|-heal|p1a: Jolteon|26/100|[from] item: Leftovers\n|-heal|p2a: Probopass|240/257|[from] item: Leftovers\n|upkeep\n|turn|13\n|inactive|Time left: 300 sec this turn | 300 sec total\n|\n|t:|1783563975\n|move|p1a: Jolteon|Substitute|p1a: Jolteon\n|-start|p1a: Jolteon|Substitute\n|-damage|p1a: Jolteon|1/100\n|move|p2a: Probopass|Body Press|p1a: Jolteon\n|-end|p1a: Jolteon|Substitute\n|\n|-heal|p1a: Jolteon|7/100|[from] item: Leftovers\n|-heal|p2a: Probopass|256/257|[from] item: Leftovers\n|upkeep\n|turn|14\n|inactive|Time left: 300 sec this turn | 300 sec total\n|\n|t:|1783563976\n|move|p1a: Jolteon|Thunderbolt|p2a: Probopass\n|-damage|p2a: Probopass|196/257\n|move|p2a: Probopass|Flash Cannon|p1a: Jolteon\n|-resisted|p1a: Jolteon\n|-damage|p1a: Jolteon|0 fnt\n|faint|p1a: Jolteon\n|\n|-heal|p2a: Probopass|212/257|[from] item: Leftovers\n|upkeep\n|\n|t:|1783563977\n|switch|p1a: Greninja|Greninja, L80, M|100/100\n|turn|15\n|inactive|Time left: 300 sec this turn | 300 sec total\n|\n|t:|1783563977\n|move|p1a: Greninja|Gunk Shot|p2a: Probopass|[miss]\n|-start|p1a: Greninja|typechange|Poison|[from] ability: Protean\n|-miss|p1a: Greninja|p2a: Probopass\n|move|p2a: Probopass|Body Press|p1a: Greninja\n|-resisted|p1a: Greninja\n|-damage|p1a: Greninja|35/100\n|\n|-heal|p2a: Probopass|228/257|[from] item: Leftovers\n|upkeep\n|turn|16\n|inactive|Time left: 300 sec this turn | 300 sec total\n|\n|t:|1783563979\n|move|p1a: Greninja|Dark Pulse|p2a: Probopass\n|-resisted|p2a: Probopass\n|-damage|p2a: Probopass|206/257\n|-damage|p1a: Greninja|25/100|[from] item: Life Orb\n|move|p2a: Probopass|Body Press|p1a: Greninja\n|-resisted|p1a: Greninja\n|-damage|p1a: Greninja|0 fnt\n|faint|p1a: Greninja\n|\n|-heal|p2a: Probopass|222/257|[from] item: Leftovers\n|upkeep\n|\n|t:|1783563980\n|switch|p1a: Shiftry|Shiftry, L89, F|100/100\n|turn|17\n|inactive|Time left: 300 sec this turn | 300 sec total\n|\n|t:|1783563980\n|move|p1a: Shiftry|Knock Off|p2a: Probopass\n|-resisted|p2a: Probopass\n|-damage|p2a: Probopass|199/257\n|-enditem|p2a: Probopass|Leftovers|[from] move: Knock Off|[of] p1a: Shiftry\n|-damage|p1a: Shiftry|91/100|[from] item: Life Orb\n|move|p2a: Probopass|Body Press|p1a: Shiftry\n|-supereffective|p1a: Shiftry\n|-damage|p1a: Shiftry|0 fnt\n|faint|p1a: Shiftry\n|\n|win|p0y20665525", "uploadtime": 1783563980, "views": 0, "rating": 0, "private": 0, "password": null, "_winner": "p0y20665525", "_our_name": "p0y20665525"}