{"id": "battle-gen9randombattle-2240", "formatid": "gen9randombattle", "format": "[Gen 9] Random Battle", "players": ["p0x2240036a", "p0y224080ff"], "log": "|init|battle\n|title|p0x2240036a vs. p0y224080ff\n|j|\u2606p0x2240036a\n|j|\u2606p0y224080ff\n|t:|1783565041\n|gametype|singles\n|player|p1|p0x2240036a|265|\n|player|p2|p0y224080ff|101|\n|gen|9\n|tier|[Gen 9] Random Battle\n|rule|Species Clause: Limit one of each Pok\u00e9mon\n|rule|HP Percentage Mod: HP is shown in percentages\n|rule|Sleep Clause Mod: Limit one foe put to sleep\n|rule|Illusion Level Mod: Illusion disguises the Pok\u00e9mon's true level\n|\n|t:|1783565041\n|teamsize|p1|6\n|teamsize|p2|6\n|start\n|switch|p1a: Clefable|Clefable, L83, M|293/293\n|switch|p2a: Seviper|Seviper, L93, M|100/100\n|turn|1\n|inactive|Battle timer is ON: inactive players will automatically lose when time's up. (requested by p0y224080ff)\n|inactive|Time left: 300 sec this turn | 300 sec total | 60 sec grace\n|inactive|p0x2240036a also wants the timer to be on.\n|\n|t:|1783565043\n|move|p2a: Seviper|Gunk Shot|p1a: Clefable\n|-supereffective|p1a: Clefable\n|-damage|p1a: Clefable|0 fnt\n|faint|p1a: Clefable\n|-damage|p2a: Seviper|91/100|[from] item: Life Orb\n|\n|upkeep\n|inactive|Time left: 300 sec this turn | 300 sec total | 65 sec grace\n|\n|t:|1783565044\n|switch|p1a: Palkia|Palkia, L75|259/259\n|-ability|p1a: Palkia|Pressure\n|turn|2\n|inactive|Time left: 300 sec this turn | 300 sec total\n|\n|t:|1783565045\n|move|p1a: Palkia|Hydro Pump|p2a: Seviper\n|-damage|p2a: Seviper|25/100\n|move|p2a: Seviper|Gunk Shot|p1a: Palkia\n|-damage|p1a: Palkia|47/259\n|-damage|p2a: Seviper|15/100|[from] item: Life Orb\n|\n|upkeep\n|turn|3\n|inactive|Time left: 300 sec this turn | 300 sec total\n|\n|t:|1783565047\n|switch|p2a: Florges|Florges-Yellow, L85, F|100/100\n|move|p1a: Palkia|Hydro Pump|p2a: Florges\n|-damage|p2a: Florges|62/100\n|\n|-heal|p2a: Florges|68/100|[from] item: Leftovers\n|upkeep\n|turn|4\n|inactive|Time left: 300 sec this turn | 300 sec total\n|\n|t:|1783565048\n|move|p1a: Palkia|Hydro Pump|p2a: Florges\n|-damage|p2a: Florges|27/100\n|move|p2a: Florges|Moonblast|p1a: Palkia\n|-supereffective|p1a: Palkia\n|-damage|p1a: Palkia|0 fnt\n|faint|p1a: Palkia\n|\n|-heal|p2a: Florges|33/100|[from] item: Leftovers\n|upkeep\n|inactive|Time left: 300 sec this turn | 300 sec total | 5 sec grace\n|\n|t:|1783565049\n|switch|p1a: Toxtricity|Toxtricity, L82, M|257/257\n|turn|5\n|inactive|Time left: 300 sec this turn | 300 sec total\n|\n|t:|1783565050\n|move|p2a: Florges|Protect|p2a: Florges\n|-singleturn|p2a: Florges|Protect\n|move|p1a: Toxtricity|Shift Gear|p1a: Toxtricity\n|-boost|p1a: Toxtricity|spe|2\n|-boost|p1a: Toxtricity|atk|1\n|\n|-heal|p2a: Florges|39/100|[from] item: Leftovers\n|upkeep\n|turn|6\n|inactive|Time left: 300 sec this turn | 300 sec total\n|\n|t:|1783565051\n|move|p1a: Toxtricity|Overdrive|p2a: Florges\n|-damage|p2a: Florges|13/100\n|-enditem|p1a: Toxtricity|Throat Spray\n|-boost|p1a: Toxtricity|spa|1|[from] item: Throat Spray\n|move|p2a: Florges|Moonblast|p1a: Toxtricity\n|-resisted|p1a: Toxtricity\n|-damage|p1a: Toxtricity|193/257\n|\n|-heal|p2a: Florges|19/100|[from] item: Leftovers\n|upkeep\n|turn|7\n|inactive|Time left: 300 sec this turn | 300 sec total\n|\n|t:|1783565052\n|move|p2a: Florges|Protect|p2a: Florges\n|-singleturn|p2a: Florges|Protect\n|move|p1a: Toxtricity|Boomburst|p2a: Florges\n|-activate|p2a: Florges|move: Protect\n|\n|-heal|p2a: Florges|25/100|[from] item: Leftovers\n|upkeep\n|turn|8\n|inactive|Time left: 300 sec this turn | 300 sec total\n|\n|t:|1783565053\n|move|p2a: Florges|Protect||[still]\n|-fail|p2a: Florges\n|move|p1a: Toxtricity|Overdrive|p2a: Florges\n|-damage|p2a: Florges|0 fnt\n|faint|p2a: Florges\n|\n|upkeep\n|\n|t:|1783565054\n|switch|p2a: Orthworm|Orthworm, L88, M|100/100\n|turn|9\n|inactive|Time left: 300 sec this turn | 300 sec total\n|\n|t:|1783565055\n|move|p1a: Toxtricity|Overdrive|p2a: Orthworm\n|-damage|p2a: Orthworm|19/100\n|move|p2a: Orthworm|Heavy Slam|p1a: Toxtricity\n|-resisted|p1a: Toxtricity\n|-damage|p1a: Toxtricity|122/257\n|\n|-heal|p2a: Orthworm|25/100|[from] item: Leftovers\n|upkeep\n|turn|10\n|inactive|Time left: 300 sec this turn | 300 sec total\n|\n|t:|1783565056\n|move|p1a: Toxtricity|Overdrive|p2a: Orthworm\n|-damage|p2a: Orthworm|0 fnt\n|faint|p2a: Orthworm\n|\n|upkeep\n|\n|t:|1783565057\n|switch|p2a: Seviper|Seviper, L93, M|15/100\n|turn|11\n|inactive|Time left: 300 sec this turn | 300 sec total\n|\n|t:|1783565058\n|move|p1a: Toxtricity|Boomburst|p2a: Seviper\n|-damage|p2a: Seviper|0 fnt\n|faint|p2a: Seviper\n|\n|upkeep\n|\n|t:|1783565059\n|switch|p2a: Greninja|Greninja, L80, M|100/100\n|turn|12\n|inactive|Time left: 300 sec this turn | 300 sec total\n|\n|t:|1783565060\n|move|p1a: Toxtricity|Boomburst|p2a: Greninja\n|-damage|p2a: Greninja|3/100\n|move|p2a: Greninja|Dark Pulse|p1a: Toxtricity\n|-start|p2a: Greninja|typechange|Dark|[from] ability: Protean\n|-damage|p1a: Toxtricity|0 fnt\n|faint|p1a: Toxtricity\n|-damage|p2a: Greninja|0 fnt|[from] item: Life Orb\n|faint|p2a: Greninja\n|\n|upkeep\n|inactive|Time left: 300 sec this turn | 300 sec total | 5 sec grace\n|\n|t:|1783565061\n|switch|p2a: Vivillon|Vivillon-Jungle, L83, M|100/100\n|switch|p1a: Tyranitar|Tyranitar, L78, F|284/284\n|-weather|Sandstorm|[from] ability: Sand Stream|[of] p1a: Tyranitar\n|turn|13\n|inactive|Time left: 300 sec this turn | 300 sec total\n|\n|t:|1783565062\n|move|p2a: Vivillon|Sleep Powder|p1a: Tyranitar\n|-status|p1a: Tyranitar|slp|[from] move: Sleep Powder\n|cant|p1a: Tyranitar|slp\n|\n|-weather|Sandstorm|[upkeep]\n|-damage|p2a: Vivillon|95/100|[from] Sandstorm\n|upkeep\n|turn|14\n|inactive|Time left: 300 sec this turn | 300 sec total\n|\n|t:|1783565063\n|move|p2a: Vivillon|Quiver Dance|p2a: Vivillon\n|-boost|p2a: Vivillon|spa|1\n|-boost|p2a: Vivillon|spd|1\n|-boost|p2a: Vivillon|spe|1\n|cant|p1a: Tyranitar|slp\n|\n|-weather|Sandstorm|[upkeep]\n|-damage|p2a: Vivillon|89/100|[from] Sandstorm\n|upkeep\n|turn|15\n|inactive|Time left: 300 sec this turn | 300 sec total\n|\n|t:|1783565064\n|move|p2a: Vivillon|Quiver Dance|p2a: Vivillon\n|-boost|p2a: Vivillon|spa|1\n|-boost|p2a: Vivillon|spd|1\n|-boost|p2a: Vivillon|spe|1\n|cant|p1a: Tyranitar|slp\n|\n|-weather|Sandstorm|[upkeep]\n|-damage|p2a: Vivillon|83/100|[from] Sandstorm\n|upkeep\n|turn|16\n|inactive|Time left: 300 sec this turn | 300 sec total\n|\n|t:|1783565065\n|-terastallize|p2a: Vivillon|Ground\n|-terastallize|p1a: Tyranitar|Rock\n|move|p2a: Vivillon|Tera Blast|p1a: Tyranitar|[anim] Tera Blast Ground\n|-supereffective|p1a: Tyranitar\n|-damage|p1a: Tyranitar|84/284 slp\n|-curestatus|p1a: Tyranitar|slp|[msg]\n|move|p1a: Tyranitar|Stone Edge|p2a: Vivillon\n|-resisted|p2a: Vivillon\n|-damage|p2a: Vivillon|42/100\n|\n|-weather|Sandstorm|[upkeep]\n|-heal|p1a: Tyranitar|101/284|[from] item: Leftovers\n|upkeep\n|turn|17\n|inactive|Time left: 300 sec this turn | 300 sec total\n|\n|t:|1783565066\n|switch|p1a: Snorlax|Snorlax, L82, M|397/397\n|move|p2a: Vivillon|Tera Blast|p1a: Snorlax|[anim] Tera Blast Ground\n|-damage|p1a: Snorlax|265/397\n|\n|-weather|none\n|-heal|p1a: Snorlax|289/397|[from] item: Leftovers\n|upkeep\n|turn|18\n|inactive|Time left: 300 sec this turn | 300 sec total\n|\n|t:|1783565067\n|move|p2a: Vivillon|Sleep Powder|p1a: Snorlax\n|-status|p1a: Snorlax|slp|[from] move: Sleep Powder\n|cant|p1a: Snorlax|slp\n|\n|-heal|p1a: Snorlax|313/397 slp|[from] item: Leftovers\n|upkeep\n|turn|19\n|inactive|Time left: 300 sec this turn | 300 sec total\n|\n|t:|1783565068\n|move|p2a: Vivillon|Hurricane|p1a: Snorlax\n|-crit|p1a: Snorlax\n|-damage|p1a: Snorlax|24/397 slp\n|cant|p1a: Snorlax|slp\n|\n|-heal|p1a: Snorlax|48/397 slp|[from] item: Leftovers\n|upkeep\n|turn|20\n|inactive|Time left: 300 sec this turn | 300 sec total\n|\n|t:|1783565069\n|switch|p1a: Dodrio|Dodrio, L85, F|241/241\n|move|p2a: Vivillon|Tera Blast|p1a: Dodrio|[anim] Tera Blast Ground\n|-immune|p1a: Dodrio\n|\n|upkeep\n|turn|21\n|inactive|Time left: 300 sec this turn | 300 sec total\n|\n|t:|1783565070\n|switch|p1a: Tyranitar|Tyranitar, L78, F, tera:Rock|101/284\n|-weather|Sandstorm|[from] ability: Sand Stream|[of] p1a: Tyranitar\n|move|p2a: Vivillon|Hurricane|p1a: Tyranitar\n|-resisted|p1a: Tyranitar\n|-damage|p1a: Tyranitar|25/284\n|\n|-weather|Sandstorm|[upkeep]\n|-heal|p1a: Tyranitar|42/284|[from] item: Leftovers\n|upkeep\n|turn|22\n|inactive|Time left: 300 sec this turn | 300 sec total\n|\n|t:|1783565071\n|move|p2a: Vivillon|Tera Blast|p1a: Tyranitar|[anim] Tera Blast Ground\n|-supereffective|p1a: Tyranitar\n|-damage|p1a: Tyranitar|0 fnt\n|faint|p1a: Tyranitar\n|\n|-weather|Sandstorm|[upkeep]\n|upkeep\n|inactive|Time left: 300 sec this turn | 300 sec total | 5 sec grace\n|\n|t:|1783565071\n|switch|p1a: Snorlax|Snorlax, L82, M|48/397 slp\n|turn|23\n|inactive|Time left: 300 sec this turn | 300 sec total\n|\n|t:|1783565072\n|move|p2a: Vivillon|Hurricane|p1a: Snorlax\n|-damage|p1a: Snorlax|0 fnt\n|faint|p1a: Snorlax\n|\n|-weather|Sandstorm|[upkeep]\n|upkeep\n|inactive|Time left: 300 sec this turn | 300 sec total | 5 sec grace\n|\n|t:|1783565073\n|switch|p1a: Dodrio|Dodrio, L85, F|241/241\n|turn|24\n|inactive|Time left: 300 sec this turn | 300 sec total\n|\n|t:|1783565074\n|move|p2a: Vivillon|Hurricane|p1a: Dodrio\n|-damage|p1a: Dodrio|0 fnt\n|faint|p1a: Dodrio\n|\n|win|p0y224080ff", "uploadtime": 1783565074, "views": 0, "rating": 0, "private": 0, "password": null, "_winner": "p0y224080ff", "_our_name": "p0x2240036a"}