{"id": "battle-gen9randombattle-2147", "formatid": "gen9randombattle", "format": "[Gen 9] Random Battle", "players": ["p0x2147ea48", "p0y2147be76"], "log": "|init|battle\n|title|p0x2147ea48 vs. p0y2147be76\n|j|\u2606p0x2147ea48\n|j|\u2606p0y2147be76\n|t:|1783564046\n|gametype|singles\n|player|p1|p0x2147ea48|265|\n|player|p2|p0y2147be76|102|\n|gen|9\n|tier|[Gen 9] Random Battle\n|rule|Species Clause: Limit one of each Pok\u00e9mon\n|rule|HP Percentage Mod: HP is shown in percentages\n|rule|Sleep Clause Mod: Limit one foe put to sleep\n|rule|Illusion Level Mod: Illusion disguises the Pok\u00e9mon's true level\n|\n|t:|1783564046\n|teamsize|p1|6\n|teamsize|p2|6\n|start\n|switch|p1a: Ludicolo|Ludicolo, L90, F|100/100\n|switch|p2a: Meowstic|Meowstic, L89, M|277/277\n|turn|1\n|inactive|Battle timer is ON: inactive players will automatically lose when time's up. (requested by p0x2147ea48)\n|inactive|Time left: 300 sec this turn | 300 sec total | 60 sec grace\n|inactive|p0y2147be76 also wants the timer to be on.\n|\n|t:|1783564047\n|switch|p1a: Gumshoos|Gumshoos, L95, M|100/100\n|move|p2a: Meowstic|Light Screen|p2a: Meowstic\n|-sidestart|p2: p0y2147be76|move: Light Screen\n|\n|upkeep\n|turn|2\n|inactive|Time left: 300 sec this turn | 300 sec total\n|\n|t:|1783564048\n|move|p2a: Meowstic|Reflect|p2a: Meowstic\n|-sidestart|p2: p0y2147be76|Reflect\n|move|p1a: Gumshoos|Knock Off|p2a: Meowstic\n|-supereffective|p2a: Meowstic\n|-damage|p2a: Meowstic|136/277\n|-enditem|p2a: Meowstic|Light Clay|[from] move: Knock Off|[of] p1a: Gumshoos\n|\n|upkeep\n|turn|3\n|inactive|Time left: 300 sec this turn | 300 sec total\n|\n|t:|1783564049\n|switch|p2a: Conkeldurr|Conkeldurr, L80, M|299/299\n|move|p1a: Gumshoos|Knock Off|p2a: Conkeldurr\n|-resisted|p2a: Conkeldurr\n|-damage|p2a: Conkeldurr|226/299\n|-enditem|p2a: Conkeldurr|Flame Orb|[from] move: Knock Off|[of] p1a: Gumshoos\n|\n|upkeep\n|turn|4\n|inactive|Time left: 300 sec this turn | 300 sec total\n|\n|t:|1783564050\n|switch|p1a: Golduck|Golduck, L90, M|100/100\n|move|p2a: Conkeldurr|Close Combat|p1a: Golduck\n|-damage|p1a: Golduck|49/100\n|-unboost|p2a: Conkeldurr|def|1\n|-unboost|p2a: Conkeldurr|spd|1\n|\n|-heal|p1a: Golduck|56/100|[from] item: Leftovers\n|upkeep\n|turn|5\n|inactive|Time left: 300 sec this turn | 300 sec total\n|\n|t:|1783564051\n|switch|p2a: Galvantula|Galvantula, L82, F|249/249\n|move|p1a: Golduck|Hydro Pump|p2a: Galvantula\n|-damage|p2a: Galvantula|158/249\n|\n|-heal|p1a: Golduck|62/100|[from] item: Leftovers\n|upkeep\n|turn|6\n|inactive|Time left: 300 sec this turn | 300 sec total\n|\n|t:|1783564052\n|switch|p1a: Gurdurr|Gurdurr, L85, F|100/100\n|move|p2a: Galvantula|Sticky Web|p1a: Gurdurr\n|-sidestart|p1: p0x2147ea48|move: Sticky Web\n|\n|upkeep\n|turn|7\n|inactive|Time left: 300 sec this turn | 300 sec total\n|\n|t:|1783564053\n|move|p2a: Galvantula|Thunder|p1a: Gurdurr\n|-damage|p1a: Gurdurr|65/100\n|move|p1a: Gurdurr|Defog|p2a: Galvantula\n|-unboost|p2a: Galvantula|evasion|1\n|-sideend|p2: p0y2147be76|Reflect\n|-sideend|p2: p0y2147be76|move: Light Screen\n|-sideend|p1: p0x2147ea48|Sticky Web|[from] move: Defog|[of] p1a: Gurdurr\n|\n|upkeep\n|turn|8\n|inactive|Time left: 300 sec this turn | 300 sec total\n|\n|t:|1783564054\n|move|p2a: Galvantula|Sticky Web|p1a: Gurdurr\n|-sidestart|p1: p0x2147ea48|move: Sticky Web\n|move|p1a: Gurdurr|Knock Off|p2a: Galvantula\n|-damage|p2a: Galvantula|54/249\n|-enditem|p2a: Galvantula|Heavy-Duty Boots|[from] move: Knock Off|[of] p1a: Gurdurr\n|\n|upkeep\n|turn|9\n|inactive|Time left: 300 sec this turn | 300 sec total\n|\n|t:|1783564055\n|move|p2a: Galvantula|Thunder|p1a: Gurdurr\n|-damage|p1a: Gurdurr|27/100\n|-status|p1a: Gurdurr|par\n|cant|p1a: Gurdurr|par\n|\n|upkeep\n|turn|10\n|inactive|Time left: 300 sec this turn | 300 sec total\n|\n|t:|1783564056\n|move|p2a: Galvantula|Thunder|p1a: Gurdurr\n|-damage|p1a: Gurdurr|0 fnt\n|faint|p1a: Gurdurr\n|\n|upkeep\n|\n|t:|1783564056\n|switch|p1a: Gumshoos|Gumshoos, L95, M|100/100\n|-activate|p1a: Gumshoos|move: Sticky Web\n|-unboost|p1a: Gumshoos|spe|1\n|turn|11\n|inactive|Time left: 300 sec this turn | 300 sec total\n|\n|t:|1783564057\n|move|p2a: Galvantula|Thunder|p1a: Gumshoos\n|-damage|p1a: Gumshoos|59/100\n|-status|p1a: Gumshoos|par\n|move|p1a: Gumshoos|Earthquake|p2a: Galvantula\n|-crit|p2a: Galvantula\n|-damage|p2a: Galvantula|0 fnt\n|faint|p2a: Galvantula\n|\n|upkeep\n|inactive|Time left: 300 sec this turn | 300 sec total | 5 sec grace\n|\n|t:|1783564058\n|switch|p2a: Sawsbuck|Sawsbuck-Autumn, L88, M|284/284\n|turn|12\n|inactive|Time left: 300 sec this turn | 300 sec total\n|\n|t:|1783564059\n|move|p2a: Sawsbuck|Swords Dance|p2a: Sawsbuck\n|-boost|p2a: Sawsbuck|atk|2\n|move|p1a: Gumshoos|Earthquake|p2a: Sawsbuck\n|-resisted|p2a: Sawsbuck\n|-crit|p2a: Sawsbuck\n|-damage|p2a: Sawsbuck|158/284\n|\n|upkeep\n|turn|13\n|inactive|Time left: 300 sec this turn | 300 sec total\n|\n|t:|1783564060\n|switch|p1a: Leafeon|Leafeon, L88, M|100/100\n|-activate|p1a: Leafeon|move: Sticky Web\n|-unboost|p1a: Leafeon|spe|1\n|move|p2a: Sawsbuck|Horn Leech|p1a: Leafeon\n|-resisted|p1a: Leafeon\n|-damage|p1a: Leafeon|70/100\n|-heal|p2a: Sawsbuck|197/284|[from] drain|[of] p1a: Leafeon\n|-damage|p2a: Sawsbuck|169/284|[from] item: Life Orb\n|\n|upkeep\n|turn|14\n|inactive|Time left: 300 sec this turn | 300 sec total\n|\n|t:|1783564061\n|move|p2a: Sawsbuck|Double-Edge|p1a: Leafeon\n|-damage|p1a: Leafeon|0 fnt\n|faint|p1a: Leafeon\n|-damage|p2a: Sawsbuck|110/284|[from] Recoil\n|-damage|p2a: Sawsbuck|82/284|[from] item: Life Orb\n|\n|upkeep\n|\n|t:|1783564062\n|switch|p1a: Ludicolo|Ludicolo, L90, F|100/100\n|-activate|p1a: Ludicolo|move: Sticky Web\n|-unboost|p1a: Ludicolo|spe|1\n|turn|15\n|inactive|Time left: 300 sec this turn | 300 sec total\n|\n|t:|1783564063\n|move|p2a: Sawsbuck|Horn Leech|p1a: Ludicolo\n|-damage|p1a: Ludicolo|6/100\n|-heal|p2a: Sawsbuck|219/284|[from] drain|[of] p1a: Ludicolo\n|-damage|p2a: Sawsbuck|191/284|[from] item: Life Orb\n|move|p1a: Ludicolo|Ice Beam|p2a: Sawsbuck\n|-supereffective|p2a: Sawsbuck\n|-damage|p2a: Sawsbuck|0 fnt\n|faint|p2a: Sawsbuck\n|-damage|p1a: Ludicolo|0 fnt|[from] item: Life Orb\n|faint|p1a: Ludicolo\n|\n|upkeep\n|inactive|Time left: 300 sec this turn | 300 sec total | 5 sec grace\n|\n|t:|1783564064\n|switch|p2a: Meowstic|Meowstic, L89, M|136/277\n|switch|p1a: Gumshoos|Gumshoos, L95, M|59/100 par\n|-activate|p1a: Gumshoos|move: Sticky Web\n|-unboost|p1a: Gumshoos|spe|1\n|turn|16\n|inactive|Time left: 300 sec this turn | 300 sec total\n|\n|t:|1783564065\n|move|p2a: Meowstic|Reflect|p2a: Meowstic\n|-sidestart|p2: p0y2147be76|Reflect\n|move|p1a: Gumshoos|Double-Edge|p2a: Meowstic\n|-damage|p2a: Meowstic|6/277\n|-damage|p1a: Gumshoos|46/100 par|[from] Recoil\n|\n|upkeep\n|turn|17\n|inactive|Time left: 300 sec this turn | 300 sec total\n|\n|t:|1783564066\n|move|p2a: Meowstic|Light Screen|p2a: Meowstic\n|-sidestart|p2: p0y2147be76|move: Light Screen\n|move|p1a: Gumshoos|Double-Edge|p2a: Meowstic\n|-damage|p2a: Meowstic|0 fnt\n|faint|p2a: Meowstic\n|-damage|p1a: Gumshoos|45/100 par|[from] Recoil\n|\n|upkeep\n|inactive|Time left: 300 sec this turn | 300 sec total | 5 sec grace\n|\n|t:|1783564067\n|switch|p2a: Gallade|Gallade, L80, M|240/240\n|turn|18\n|inactive|Time left: 300 sec this turn | 300 sec total\n|\n|t:|1783564068\n|move|p2a: Gallade|Sacred Sword|p1a: Gumshoos\n|-supereffective|p1a: Gumshoos\n|-damage|p1a: Gumshoos|0 fnt\n|faint|p1a: Gumshoos\n|\n|upkeep\n|\n|t:|1783564069\n|switch|p1a: Golduck|Golduck, L90, M|62/100\n|-activate|p1a: Golduck|move: Sticky Web\n|-unboost|p1a: Golduck|spe|1\n|turn|19\n|inactive|Time left: 300 sec this turn | 300 sec total\n|\n|t:|1783564070\n|switch|p1a: Iron Crown|Iron Crown, L78|100/100\n|-activate|p1a: Iron Crown|move: Sticky Web\n|-unboost|p1a: Iron Crown|spe|1\n|move|p2a: Gallade|Sacred Sword|p1a: Iron Crown\n|-damage|p1a: Iron Crown|41/100\n|\n|upkeep\n|turn|20\n|inactive|Time left: 300 sec this turn | 300 sec total\n|\n|t:|1783564071\n|-terastallize|p1a: Iron Crown|Steel\n|move|p2a: Gallade|Sacred Sword|p1a: Iron Crown\n|-supereffective|p1a: Iron Crown\n|-damage|p1a: Iron Crown|0 fnt\n|faint|p1a: Iron Crown\n|-end|p1a: Iron Crown|Quark Drive|[silent]\n|\n|-sideend|p2: p0y2147be76|Reflect\n|upkeep\n|\n|t:|1783564071\n|switch|p1a: Golduck|Golduck, L90, M|62/100\n|-activate|p1a: Golduck|move: Sticky Web\n|-unboost|p1a: Golduck|spe|1\n|turn|21\n|inactive|Time left: 300 sec this turn | 300 sec total\n|\n|t:|1783564072\n|move|p2a: Gallade|Sacred Sword|p1a: Golduck\n|-damage|p1a: Golduck|4/100\n|move|p1a: Golduck|Grass Knot|p2a: Gallade\n|-damage|p2a: Gallade|211/240\n|\n|-heal|p1a: Golduck|10/100|[from] item: Leftovers\n|-sideend|p2: p0y2147be76|move: Light Screen\n|upkeep\n|turn|22\n|inactive|Time left: 300 sec this turn | 300 sec total\n|\n|t:|1783564073\n|-terastallize|p2a: Gallade|Grass\n|move|p2a: Gallade|Sacred Sword|p1a: Golduck\n|-damage|p1a: Golduck|0 fnt\n|faint|p1a: Golduck\n|\n|win|p0y2147be76", "uploadtime": 1783564073, "views": 0, "rating": 0, "private": 0, "password": null, "_winner": "p0y2147be76", "_our_name": "p0y2147be76"}