{"id": "battle-gen9randombattle-833", "formatid": "gen9randombattle", "format": "[Gen 9] Random Battle", "players": ["p0x833b1e4", "p0y8334246"], "log": "|init|battle\n|title|p0x833b1e4 vs. p0y8334246\n|j|\u2606p0x833b1e4\n|j|\u2606p0y8334246\n|t:|1783548803\n|gametype|singles\n|player|p1|p0x833b1e4|266|\n|player|p2|p0y8334246|170|\n|gen|9\n|tier|[Gen 9] Random Battle\n|rule|Species Clause: Limit one of each Pok\u00e9mon\n|rule|HP Percentage Mod: HP is shown in percentages\n|rule|Sleep Clause Mod: Limit one foe put to sleep\n|rule|Illusion Level Mod: Illusion disguises the Pok\u00e9mon's true level\n|\n|t:|1783548803\n|teamsize|p1|6\n|teamsize|p2|6\n|start\n|switch|p1a: Espeon|Espeon, L84, F|246/246\n|switch|p2a: Fezandipiti|Fezandipiti, L82, M|100/100\n|turn|1\n|inactive|Battle timer is ON: inactive players will automatically lose when time's up. (requested by p0x833b1e4)\n|inactive|p0y8334246 also wants the timer to be on.\n|\n|t:|1783548805\n|move|p1a: Espeon|Psyshock|p2a: Fezandipiti\n|-supereffective|p2a: Fezandipiti\n|-damage|p2a: Fezandipiti|0 fnt\n|faint|p2a: Fezandipiti\n|-damage|p1a: Espeon|222/246|[from] item: Life Orb\n|\n|upkeep\n|\n|t:|1783548806\n|switch|p2a: Gogoat|Gogoat, L88, M|100/100\n|turn|2\n|inactive|Time left: 300 sec this turn | 300 sec total\n|\n|t:|1783548807\n|switch|p1a: Qwilfish|Qwilfish-Hisui, L83, F|244/244\n|-ability|p1a: Qwilfish|Intimidate|boost\n|-unboost|p2a: Gogoat|atk|1\n|move|p2a: Gogoat|Bulk Up|p2a: Gogoat\n|-boost|p2a: Gogoat|atk|1\n|-boost|p2a: Gogoat|def|1\n|\n|upkeep\n|turn|3\n|inactive|Time left: 300 sec this turn | 300 sec total\n|\n|t:|1783548808\n|move|p1a: Qwilfish|Gunk Shot|p2a: Gogoat\n|-supereffective|p2a: Gogoat\n|-damage|p2a: Gogoat|43/100\n|move|p2a: Gogoat|Bulk Up|p2a: Gogoat\n|-boost|p2a: Gogoat|atk|1\n|-boost|p2a: Gogoat|def|1\n|\n|-heal|p2a: Gogoat|49/100|[from] item: Leftovers\n|upkeep\n|turn|4\n|inactive|Time left: 300 sec this turn | 300 sec total\n|\n|t:|1783548810\n|move|p1a: Qwilfish|Gunk Shot|p2a: Gogoat\n|-supereffective|p2a: Gogoat\n|-damage|p2a: Gogoat|9/100\n|-status|p2a: Gogoat|psn\n|move|p2a: Gogoat|Milk Drink|p2a: Gogoat\n|-heal|p2a: Gogoat|59/100 psn\n|\n|-heal|p2a: Gogoat|65/100 psn|[from] item: Leftovers\n|-damage|p2a: Gogoat|52/100 psn|[from] psn\n|upkeep\n|turn|5\n|inactive|Time left: 300 sec this turn | 300 sec total\n|\n|t:|1783548811\n|-terastallize|p2a: Gogoat|Ground\n|move|p1a: Qwilfish|Gunk Shot|p2a: Gogoat\n|-resisted|p2a: Gogoat\n|-damage|p2a: Gogoat|42/100 psn\n|move|p2a: Gogoat|Earthquake|p1a: Qwilfish\n|-supereffective|p1a: Qwilfish\n|-damage|p1a: Qwilfish|0 fnt\n|faint|p1a: Qwilfish\n|\n|-heal|p2a: Gogoat|48/100 psn|[from] item: Leftovers\n|-damage|p2a: Gogoat|35/100 psn|[from] psn\n|upkeep\n|inactive|Time left: 300 sec this turn | 300 sec total | 5 sec grace\n|\n|t:|1783548812\n|switch|p1a: Urshifu|Urshifu-Rapid-Strike, L75, F|274/274\n|turn|6\n|inactive|Time left: 300 sec this turn | 300 sec total\n|\n|t:|1783548813\n|move|p1a: Urshifu|Surging Strikes|p2a: Gogoat\n|-supereffective|p2a: Gogoat\n|-crit|p2a: Gogoat\n|-damage|p2a: Gogoat|0 fnt\n|faint|p2a: Gogoat\n|-hitcount|p2: Gogoat|1\n|\n|upkeep\n|\n|t:|1783548814\n|switch|p2a: Miraidon|Miraidon, L65|100/100\n|-fieldstart|move: Electric Terrain|[from] ability: Hadron Engine|[of] p2a: Miraidon\n|turn|7\n|inactive|Time left: 300 sec this turn | 300 sec total\n|\n|t:|1783548815\n|switch|p1a: Latias|Latias, L79, F|256/256\n|move|p2a: Miraidon|Electro Drift|p1a: Latias\n|-resisted|p1a: Latias\n|-damage|p1a: Latias|182/256\n|-damage|p2a: Miraidon|91/100|[from] item: Life Orb\n|\n|upkeep\n|turn|8\n|inactive|Time left: 300 sec this turn | 300 sec total\n|\n|t:|1783548817\n|switch|p2a: Scream Tail|Scream Tail, L84|100/100\n|move|p1a: Latias|Draco Meteor|p2a: Scream Tail\n|-immune|p2a: Scream Tail\n|\n|upkeep\n|turn|9\n|inactive|Time left: 300 sec this turn | 300 sec total\n|\n|t:|1783548818\n|move|p2a: Scream Tail|Dazzling Gleam|p1a: Latias\n|-supereffective|p1a: Latias\n|-damage|p1a: Latias|86/256\n|move|p1a: Latias|Calm Mind|p1a: Latias\n|-boost|p1a: Latias|spa|1\n|-boost|p1a: Latias|spd|1\n|\n|upkeep\n|turn|10\n|inactive|Time left: 300 sec this turn | 300 sec total\n|\n|t:|1783548819\n|move|p2a: Scream Tail|Dazzling Gleam|p1a: Latias\n|-supereffective|p1a: Latias\n|-damage|p1a: Latias|20/256\n|move|p1a: Latias|Recover|p1a: Latias\n|-heal|p1a: Latias|148/256\n|\n|upkeep\n|turn|11\n|inactive|Time left: 300 sec this turn | 300 sec total\n|\n|t:|1783548820\n|move|p2a: Scream Tail|Thunder Wave|p1a: Latias|[miss]\n|-miss|p2a: Scream Tail|p1a: Latias\n|move|p1a: Latias|Calm Mind|p1a: Latias\n|-boost|p1a: Latias|spa|1\n|-boost|p1a: Latias|spd|1\n|\n|-fieldend|move: Electric Terrain\n|upkeep\n|turn|12\n|inactive|Time left: 300 sec this turn | 300 sec total\n|\n|t:|1783548821\n|move|p2a: Scream Tail|Thunder Wave|p1a: Latias\n|-status|p1a: Latias|par\n|move|p1a: Latias|Recover|p1a: Latias\n|-heal|p1a: Latias|256/256 par\n|\n|upkeep\n|turn|13\n|inactive|Time left: 300 sec this turn | 300 sec total\n|\n|t:|1783548822\n|move|p2a: Scream Tail|Dazzling Gleam|p1a: Latias\n|-supereffective|p1a: Latias\n|-damage|p1a: Latias|202/256 par\n|move|p1a: Latias|Calm Mind|p1a: Latias\n|-boost|p1a: Latias|spa|1\n|-boost|p1a: Latias|spd|1\n|\n|upkeep\n|turn|14\n|inactive|Time left: 300 sec this turn | 300 sec total\n|\n|t:|1783548823\n|-end|p2a: Scream Tail|Protosynthesis|[silent]\n|switch|p2a: Lokix|Lokix, L82, M|100/100\n|move|p1a: Latias|Psyshock|p2a: Lokix\n|-immune|p2a: Lokix\n|\n|upkeep\n|turn|15\n|inactive|Time left: 300 sec this turn | 300 sec total\n|\n|t:|1783548824\n|-terastallize|p1a: Latias|Steel\n|move|p2a: Lokix|Knock Off|p1a: Latias\n|-damage|p1a: Latias|69/256 par\n|-enditem|p1a: Latias|Soul Dew|[from] move: Knock Off|[of] p2a: Lokix\n|-damage|p2a: Lokix|91/100|[from] item: Life Orb\n|move|p1a: Latias|Draco Meteor|p2a: Lokix\n|-damage|p2a: Lokix|0 fnt\n|-unboost|p1a: Latias|spa|2\n|faint|p2a: Lokix\n|\n|upkeep\n|\n|t:|1783548825\n|switch|p2a: Chesnaught|Chesnaught, L84, F|100/100\n|turn|16\n|inactive|Time left: 300 sec this turn | 300 sec total\n|\n|t:|1783548826\n|move|p2a: Chesnaught|Body Press|p1a: Latias\n|-supereffective|p1a: Latias\n|-damage|p1a: Latias|0 fnt\n|faint|p1a: Latias\n|\n|upkeep\n|inactive|Time left: 300 sec this turn | 300 sec total | 5 sec grace\n|\n|t:|1783548827\n|switch|p1a: Scovillain|Scovillain, L91, F|266/266\n|turn|17\n|inactive|Time left: 300 sec this turn | 300 sec total\n|\n|t:|1783548828\n|switch|p2a: Miraidon|Miraidon, L65|91/100\n|-fieldstart|move: Electric Terrain|[from] ability: Hadron Engine|[of] p2a: Miraidon\n|move|p1a: Scovillain|Fire Blast|p2a: Miraidon\n|-resisted|p2a: Miraidon\n|-damage|p2a: Miraidon|59/100\n|\n|upkeep\n|turn|18\n|inactive|Time left: 300 sec this turn | 300 sec total\n|\n|t:|1783548829\n|move|p2a: Miraidon|Draco Meteor|p1a: Scovillain\n|-damage|p1a: Scovillain|44/266\n|-unboost|p2a: Miraidon|spa|2\n|-damage|p2a: Miraidon|50/100|[from] item: Life Orb\n|move|p1a: Scovillain|Stomping Tantrum|p2a: Miraidon\n|-supereffective|p2a: Miraidon\n|-damage|p2a: Miraidon|0 fnt\n|faint|p2a: Miraidon\n|\n|upkeep\n|\n|t:|1783548830\n|switch|p2a: Scream Tail|Scream Tail, L84|100/100\n|turn|19\n|inactive|Time left: 300 sec this turn | 300 sec total\n|\n|t:|1783548831\n|move|p2a: Scream Tail|Dazzling Gleam|p1a: Scovillain\n|-resisted|p1a: Scovillain\n|-damage|p1a: Scovillain|8/266\n|move|p1a: Scovillain|Fire Blast|p2a: Scream Tail\n|-damage|p2a: Scream Tail|67/100\n|\n|-heal|p2a: Scream Tail|73/100|[from] item: Leftovers\n|upkeep\n|turn|20\n|inactive|Time left: 300 sec this turn | 300 sec total\n|\n|t:|1783548832\n|switch|p1a: Espeon|Espeon, L84, F|222/246\n|move|p2a: Scream Tail|Dazzling Gleam|p1a: Espeon\n|-damage|p1a: Espeon|161/246\n|\n|-heal|p2a: Scream Tail|79/100|[from] item: Leftovers\n|upkeep\n|turn|21\n|inactive|Time left: 300 sec this turn | 300 sec total\n|\n|t:|1783548834\n|move|p2a: Scream Tail|Dazzling Gleam|p1a: Espeon\n|-damage|p1a: Espeon|104/246\n|move|p1a: Espeon|Calm Mind|p1a: Espeon\n|-boost|p1a: Espeon|spa|1\n|-boost|p1a: Espeon|spd|1\n|\n|-heal|p2a: Scream Tail|85/100|[from] item: Leftovers\n|-fieldend|move: Electric Terrain\n|upkeep\n|turn|22\n|inactive|Time left: 300 sec this turn | 300 sec total\n|\n|t:|1783548835\n|move|p2a: Scream Tail|Dazzling Gleam|p1a: Espeon\n|-damage|p1a: Espeon|65/246\n|move|p1a: Espeon|Morning Sun|p1a: Espeon\n|-heal|p1a: Espeon|188/246\n|\n|-heal|p2a: Scream Tail|91/100|[from] item: Leftovers\n|upkeep\n|turn|23\n|inactive|Time left: 300 sec this turn | 300 sec total\n|\n|t:|1783548836\n|move|p2a: Scream Tail|Wish|p2a: Scream Tail\n|move|p1a: Espeon|Calm Mind|p1a: Espeon\n|-boost|p1a: Espeon|spa|1\n|-boost|p1a: Espeon|spd|1\n|\n|-heal|p2a: Scream Tail|97/100|[from] item: Leftovers\n|upkeep\n|turn|24\n|inactive|Time left: 300 sec this turn | 300 sec total\n|\n|t:|1783548837\n|move|p2a: Scream Tail|Dazzling Gleam|p1a: Espeon\n|-damage|p1a: Espeon|158/246\n|move|p1a: Espeon|Calm Mind|p1a: Espeon\n|-boost|p1a: Espeon|spa|1\n|-boost|p1a: Espeon|spd|1\n|\n|-heal|p2a: Scream Tail|100/100|[from] move: Wish|[wisher] Scream Tail\n|upkeep\n|turn|25\n|inactive|Time left: 300 sec this turn | 300 sec total\n|\n|t:|1783548838\n|move|p2a: Scream Tail|Protect|p2a: Scream Tail\n|-singleturn|p2a: Scream Tail|Protect\n|move|p1a: Espeon|Shadow Ball|p2a: Scream Tail\n|-activate|p2a: Scream Tail|move: Protect\n|\n|upkeep\n|turn|26\n|inactive|Time left: 300 sec this turn | 300 sec total\n|\n|t:|1783548839\n|-end|p2a: Scream Tail|Protosynthesis|[silent]\n|switch|p2a: Chesnaught|Chesnaught, L84, F|100/100\n|move|p1a: Espeon|Shadow Ball|p2a: Chesnaught\n|-immune|p2a: Chesnaught|[from] ability: Bulletproof\n|\n|upkeep\n|turn|27\n|inactive|Time left: 300 sec this turn | 300 sec total\n|\n|t:|1783548840\n|switch|p2a: Scream Tail|Scream Tail, L84|100/100\n|move|p1a: Espeon|Psyshock|p2a: Scream Tail\n|-resisted|p2a: Scream Tail\n|-damage|p2a: Scream Tail|51/100\n|-damage|p1a: Espeon|134/246|[from] item: Life Orb\n|\n|-heal|p2a: Scream Tail|57/100|[from] item: Leftovers\n|upkeep\n|turn|28\n|inactive|Time left: 300 sec this turn | 300 sec total\n|\n|t:|1783548842\n|move|p2a: Scream Tail|Protect|p2a: Scream Tail\n|-singleturn|p2a: Scream Tail|Protect\n|move|p1a: Espeon|Shadow Ball|p2a: Scream Tail\n|-activate|p2a: Scream Tail|move: Protect\n|\n|-heal|p2a: Scream Tail|63/100|[from] item: Leftovers\n|upkeep\n|turn|29\n|inactive|Time left: 300 sec this turn | 300 sec total\n|\n|t:|1783548843\n|-end|p2a: Scream Tail|Protosynthesis|[silent]\n|switch|p2a: Chesnaught|Chesnaught, L84, F|100/100\n|move|p1a: Espeon|Shadow Ball|p2a: Chesnaught\n|-immune|p2a: Chesnaught|[from] ability: Bulletproof\n|\n|upkeep\n|turn|30\n|inactive|Time left: 300 sec this turn | 300 sec total\n|\n|t:|1783548844\n|switch|p2a: Scream Tail|Scream Tail, L84|63/100\n|move|p1a: Espeon|Psyshock|p2a: Scream Tail\n|-resisted|p2a: Scream Tail\n|-damage|p2a: Scream Tail|13/100\n|-damage|p1a: Espeon|110/246|[from] item: Life Orb\n|\n|-heal|p2a: Scream Tail|19/100|[from] item: Leftovers\n|upkeep\n|turn|31\n|inactive|Time left: 300 sec this turn | 300 sec total\n|\n|t:|1783548845\n|move|p2a: Scream Tail|Protect|p2a: Scream Tail\n|-singleturn|p2a: Scream Tail|Protect\n|move|p1a: Espeon|Psyshock|p2a: Scream Tail\n|-activate|p2a: Scream Tail|move: Protect\n|\n|-heal|p2a: Scream Tail|25/100|[from] item: Leftovers\n|upkeep\n|turn|32\n|inactive|Time left: 300 sec this turn | 300 sec total\n|\n|t:|1783548846\n|move|p2a: Scream Tail|Protect||[still]\n|-fail|p2a: Scream Tail\n|move|p1a: Espeon|Psyshock|p2a: Scream Tail\n|-resisted|p2a: Scream Tail\n|-damage|p2a: Scream Tail|0 fnt\n|faint|p2a: Scream Tail\n|-end|p2a: Scream Tail|Protosynthesis|[silent]\n|-damage|p1a: Espeon|86/246|[from] item: Life Orb\n|\n|upkeep\n|\n|t:|1783548847\n|switch|p2a: Chesnaught|Chesnaught, L84, F|100/100\n|turn|33\n|inactive|Time left: 300 sec this turn | 300 sec total\n|\n|t:|1783548848\n|move|p1a: Espeon|Psyshock|p2a: Chesnaught\n|-supereffective|p2a: Chesnaught\n|-damage|p2a: Chesnaught|0 fnt\n|faint|p2a: Chesnaught\n|-damage|p1a: Espeon|62/246|[from] item: Life Orb\n|\n|win|p0x833b1e4", "uploadtime": 1783548848, "views": 0, "rating": 0, "private": 0, "password": null, "_winner": "p0x833b1e4", "_our_name": "p0x833b1e4"}