{"id": "battle-gen9randombattle-894", "formatid": "gen9randombattle", "format": "[Gen 9] Random Battle", "players": ["p0x894ea25", "p0y894ee98"], "log": "|init|battle\n|title|p0x894ea25 vs. p0y894ee98\n|j|\u2606p0x894ea25\n|j|\u2606p0y894ee98\n|t:|1783550279\n|gametype|singles\n|player|p1|p0x894ea25|1|\n|player|p2|p0y894ee98|2|\n|gen|9\n|tier|[Gen 9] Random Battle\n|rule|Species Clause: Limit one of each Pok\u00e9mon\n|rule|HP Percentage Mod: HP is shown in percentages\n|rule|Sleep Clause Mod: Limit one foe put to sleep\n|rule|Illusion Level Mod: Illusion disguises the Pok\u00e9mon's true level\n|\n|t:|1783550279\n|teamsize|p1|6\n|teamsize|p2|6\n|start\n|switch|p1a: Ogerpon|Ogerpon-Hearthflame, L74, F|100/100\n|switch|p2a: Illumise|Illumise, L91, F|266/266\n|-ability|p1a: Ogerpon|Mold Breaker\n|turn|1\n|inactive|Battle timer is ON: inactive players will automatically lose when time's up. (requested by p0x894ea25)\n|inactive|Time left: 300 sec this turn | 300 sec total | 60 sec grace\n|inactive|p0y894ee98 also wants the timer to be on.\n|\n|t:|1783550280\n|switch|p2a: Mightyena|Mightyena, L96, F|290/290\n|-ability|p2a: Mightyena|Intimidate|boost\n|-unboost|p1a: Ogerpon|atk|1\n|move|p1a: Ogerpon|Ivy Cudgel|p2a: Mightyena|[anim] Ivy Cudgel Fire\n|-damage|p2a: Mightyena|211/290\n|\n|upkeep\n|turn|2\n|inactive|Time left: 300 sec this turn | 300 sec total\n|\n|t:|1783550281\n|switch|p1a: Vigoroth|Vigoroth, L85, M|100/100\n|move|p2a: Mightyena|Poison Fang|p1a: Vigoroth\n|-damage|p1a: Vigoroth|90/100\n|-status|p1a: Vigoroth|tox\n|\n|-damage|p1a: Vigoroth|84/100 tox|[from] psn\n|upkeep\n|turn|3\n|inactive|Time left: 300 sec this turn | 300 sec total\n|\n|t:|1783550282\n|move|p1a: Vigoroth|Body Slam|p2a: Mightyena\n|-damage|p2a: Mightyena|130/290\n|-status|p2a: Mightyena|par\n|move|p2a: Mightyena|Super Fang|p1a: Vigoroth\n|-damage|p1a: Vigoroth|42/100 tox\n|\n|-damage|p1a: Vigoroth|30/100 tox|[from] psn\n|upkeep\n|turn|4\n|inactive|Time left: 300 sec this turn | 300 sec total\n|\n|t:|1783550283\n|switch|p2a: Grimmsnarl|Grimmsnarl, L83, M|293/293\n|move|p1a: Vigoroth|Slack Off|p1a: Vigoroth\n|-heal|p1a: Vigoroth|80/100 tox\n|\n|-damage|p1a: Vigoroth|62/100 tox|[from] psn\n|upkeep\n|turn|5\n|inactive|Time left: 300 sec this turn | 300 sec total\n|\n|t:|1783550284\n|move|p2a: Grimmsnarl|Reflect|p2a: Grimmsnarl\n|-sidestart|p2: p0y894ee98|Reflect\n|move|p1a: Vigoroth|Body Slam|p2a: Grimmsnarl\n|-crit|p2a: Grimmsnarl\n|-damage|p2a: Grimmsnarl|146/293\n|-status|p2a: Grimmsnarl|par\n|\n|-damage|p1a: Vigoroth|37/100 tox|[from] psn\n|upkeep\n|turn|6\n|inactive|Time left: 300 sec this turn | 300 sec total\n|\n|t:|1783550285\n|move|p1a: Vigoroth|Slack Off|p1a: Vigoroth\n|-heal|p1a: Vigoroth|87/100 tox\n|move|p2a: Grimmsnarl|Spirit Break|p1a: Vigoroth\n|-damage|p1a: Vigoroth|62/100 tox\n|-unboost|p1a: Vigoroth|spa|1\n|\n|-damage|p1a: Vigoroth|31/100 tox|[from] psn\n|upkeep\n|turn|7\n|inactive|Time left: 300 sec this turn | 300 sec total\n|\n|t:|1783550287\n|switch|p1a: Ogerpon|Ogerpon-Hearthflame, L74, F|100/100\n|-ability|p1a: Ogerpon|Mold Breaker\n|move|p2a: Grimmsnarl|Light Screen|p2a: Grimmsnarl\n|-sidestart|p2: p0y894ee98|move: Light Screen\n|\n|upkeep\n|turn|8\n|inactive|Time left: 300 sec this turn | 300 sec total\n|\n|t:|1783550287\n|move|p2a: Grimmsnarl|Parting Shot|p1a: Ogerpon\n|-unboost|p1a: Ogerpon|atk|1\n|-unboost|p1a: Ogerpon|spa|1\n|inactive|Time left: 300 sec this turn | 300 sec total | 5 sec grace\n|\n|t:|1783550288\n|switch|p2a: Okidogi|Okidogi, L77, M|262/262|[from] Parting Shot\n|move|p1a: Ogerpon|Swords Dance|p1a: Ogerpon\n|-boost|p1a: Ogerpon|atk|2\n|\n|upkeep\n|turn|9\n|inactive|Time left: 300 sec this turn | 300 sec total\n|\n|t:|1783550290\n|switch|p1a: Vigoroth|Vigoroth, L85, M|31/100 tox\n|move|p2a: Okidogi|Gunk Shot|p1a: Vigoroth\n|-damage|p1a: Vigoroth|0 fnt\n|faint|p1a: Vigoroth\n|\n|upkeep\n|\n|t:|1783550290\n|switch|p1a: Vaporeon|Vaporeon, L86, F|100/100\n|turn|10\n|inactive|Time left: 300 sec this turn | 300 sec total\n|\n|t:|1783550291\n|move|p2a: Okidogi|Drain Punch|p1a: Vaporeon\n|-damage|p1a: Vaporeon|72/100\n|-status|p1a: Vaporeon|tox|[from] ability: Toxic Chain|[of] p2a: Okidogi\n|move|p1a: Vaporeon|Scald|p2a: Okidogi\n|-damage|p2a: Okidogi|203/262\n|\n|-heal|p2a: Okidogi|219/262|[from] item: Leftovers\n|-heal|p1a: Vaporeon|79/100 tox|[from] item: Leftovers\n|-damage|p1a: Vaporeon|72/100 tox|[from] psn\n|upkeep\n|turn|11\n|inactive|Time left: 300 sec this turn | 300 sec total\n|\n|t:|1783550293\n|move|p2a: Okidogi|Knock Off|p1a: Vaporeon\n|-damage|p1a: Vaporeon|45/100 tox\n|-enditem|p1a: Vaporeon|Leftovers|[from] move: Knock Off|[of] p2a: Okidogi\n|move|p1a: Vaporeon|Scald|p2a: Okidogi\n|-damage|p2a: Okidogi|169/262\n|-status|p2a: Okidogi|brn\n|\n|-heal|p2a: Okidogi|185/262 brn|[from] item: Leftovers\n|-damage|p1a: Vaporeon|33/100 tox|[from] psn\n|-damage|p2a: Okidogi|169/262 brn|[from] brn\n|upkeep\n|turn|12\n|inactive|Time left: 300 sec this turn | 300 sec total\n|\n|t:|1783550294\n|move|p2a: Okidogi|Bulk Up|p2a: Okidogi\n|-boost|p2a: Okidogi|atk|1\n|-boost|p2a: Okidogi|def|1\n|move|p1a: Vaporeon|Wish|p1a: Vaporeon\n|\n|-heal|p2a: Okidogi|185/262 brn|[from] item: Leftovers\n|-damage|p1a: Vaporeon|15/100 tox|[from] psn\n|-damage|p2a: Okidogi|169/262 brn|[from] brn\n|-sideend|p2: p0y894ee98|Reflect\n|upkeep\n|turn|13\n|inactive|Time left: 300 sec this turn | 300 sec total\n|\n|t:|1783550295\n|move|p1a: Vaporeon|Protect|p1a: Vaporeon\n|-singleturn|p1a: Vaporeon|Protect\n|move|p2a: Okidogi|Bulk Up|p2a: Okidogi\n|-boost|p2a: Okidogi|atk|1\n|-boost|p2a: Okidogi|def|1\n|\n|-heal|p1a: Vaporeon|65/100 tox|[from] move: Wish|[wisher] Vaporeon\n|-heal|p2a: Okidogi|185/262 brn|[from] item: Leftovers\n|-damage|p1a: Vaporeon|41/100 tox|[from] psn\n|-damage|p2a: Okidogi|169/262 brn|[from] brn\n|upkeep\n|turn|14\n|inactive|Time left: 300 sec this turn | 300 sec total\n|\n|t:|1783550296\n|move|p2a: Okidogi|Gunk Shot|p1a: Vaporeon\n|-damage|p1a: Vaporeon|0 fnt\n|faint|p1a: Vaporeon\n|\n|-heal|p2a: Okidogi|185/262 brn|[from] item: Leftovers\n|-damage|p2a: Okidogi|169/262 brn|[from] brn\n|-sideend|p2: p0y894ee98|move: Light Screen\n|upkeep\n|\n|t:|1783550297\n|switch|p1a: Kommo-o|Kommo-o, L77, F|100/100\n|turn|15\n|inactive|Time left: 300 sec this turn | 300 sec total\n|\n|t:|1783550298\n|move|p1a: Kommo-o|Swords Dance|p1a: Kommo-o\n|-boost|p1a: Kommo-o|atk|2\n|move|p2a: Okidogi|Gunk Shot|p1a: Kommo-o\n|-damage|p1a: Kommo-o|58/100\n|-status|p1a: Kommo-o|tox|[from] ability: Toxic Chain|[of] p2a: Okidogi\n|\n|-heal|p2a: Okidogi|185/262 brn|[from] item: Leftovers\n|-damage|p1a: Kommo-o|52/100 tox|[from] psn\n|-damage|p2a: Okidogi|169/262 brn|[from] brn\n|upkeep\n|turn|16\n|inactive|Time left: 300 sec this turn | 300 sec total\n|\n|t:|1783550299\n|move|p1a: Kommo-o|Iron Head|p2a: Okidogi\n|-damage|p2a: Okidogi|123/262 brn\n|cant|p2a: Okidogi|flinch\n|\n|-heal|p2a: Okidogi|139/262 brn|[from] item: Leftovers\n|-damage|p1a: Kommo-o|40/100 tox|[from] psn\n|-damage|p2a: Okidogi|123/262 brn|[from] brn\n|upkeep\n|turn|17\n|inactive|Time left: 300 sec this turn | 300 sec total\n|\n|t:|1783550301\n|move|p1a: Kommo-o|Iron Head|p2a: Okidogi\n|-damage|p2a: Okidogi|73/262 brn\n|cant|p2a: Okidogi|flinch\n|\n|-heal|p2a: Okidogi|89/262 brn|[from] item: Leftovers\n|-damage|p1a: Kommo-o|21/100 tox|[from] psn\n|-damage|p2a: Okidogi|73/262 brn|[from] brn\n|upkeep\n|turn|18\n|inactive|Time left: 300 sec this turn | 300 sec total\n|\n|t:|1783550302\n|move|p1a: Kommo-o|Scale Shot|p2a: Okidogi\n|-damage|p2a: Okidogi|49/262 brn\n|-damage|p2a: Okidogi|25/262 brn\n|-damage|p2a: Okidogi|0 fnt\n|faint|p2a: Okidogi\n|-hitcount|p2: Okidogi|3\n|-unboost|p1a: Kommo-o|def|1\n|-boost|p1a: Kommo-o|spe|1\n|\n|-damage|p1a: Kommo-o|0 fnt|[from] psn\n|faint|p1a: Kommo-o\n|upkeep\n|inactive|Time left: 300 sec this turn | 300 sec total | 5 sec grace\n|\n|t:|1783550303\n|switch|p1a: Ogerpon|Ogerpon-Hearthflame, L74, F|100/100\n|switch|p2a: Grimmsnarl|Grimmsnarl, L83, M|146/293 par\n|-ability|p1a: Ogerpon|Mold Breaker\n|turn|19\n|inactive|Time left: 300 sec this turn | 300 sec total\n|\n|t:|1783550304\n|move|p2a: Grimmsnarl|Reflect|p2a: Grimmsnarl\n|-sidestart|p2: p0y894ee98|Reflect\n|move|p1a: Ogerpon|Swords Dance|p1a: Ogerpon\n|-boost|p1a: Ogerpon|atk|2\n|\n|upkeep\n|turn|20\n|inactive|Time left: 300 sec this turn | 300 sec total\n|\n|t:|1783550305\n|cant|p2a: Grimmsnarl|par\n|move|p1a: Ogerpon|Ivy Cudgel|p2a: Grimmsnarl|[anim] Ivy Cudgel Fire\n|-crit|p2a: Grimmsnarl\n|-damage|p2a: Grimmsnarl|0 fnt\n|faint|p2a: Grimmsnarl\n|\n|upkeep\n|inactive|Time left: 300 sec this turn | 300 sec total | 5 sec grace\n|\n|t:|1783550306\n|switch|p2a: Mew|Mew, L82|298/298\n|turn|21\n|inactive|Time left: 300 sec this turn | 300 sec total\n|\n|t:|1783550307\n|move|p2a: Mew|Swords Dance|p2a: Mew\n|-boost|p2a: Mew|atk|2\n|move|p1a: Ogerpon|Ivy Cudgel|p2a: Mew|[anim] Ivy Cudgel Fire\n|-damage|p2a: Mew|190/298\n|\n|upkeep\n|turn|22\n|inactive|Time left: 300 sec this turn | 300 sec total\n|\n|t:|1783550308\n|switch|p1a: Brute Bonnet|Brute Bonnet, L80|100/100\n|move|p2a: Mew|Psychic Fangs|p1a: Brute Bonnet\n|-immune|p1a: Brute Bonnet\n|\n|upkeep\n|turn|23\n|inactive|Time left: 300 sec this turn | 300 sec total\n|\n|t:|1783550309\n|move|p2a: Mew|Close Combat|p1a: Brute Bonnet\n|-supereffective|p1a: Brute Bonnet\n|-damage|p1a: Brute Bonnet|0 fnt\n|-unboost|p2a: Mew|def|1\n|-unboost|p2a: Mew|spd|1\n|faint|p1a: Brute Bonnet\n|-end|p1a: Brute Bonnet|Protosynthesis|[silent]\n|-damage|p2a: Mew|161/298|[from] item: Life Orb\n|\n|upkeep\n|\n|t:|1783550310\n|switch|p1a: Froslass|Froslass, L87, F|100/100\n|turn|24\n|inactive|Time left: 300 sec this turn | 300 sec total\n|\n|t:|1783550310\n|-terastallize|p2a: Mew|Fighting\n|move|p1a: Froslass|Will-O-Wisp|p2a: Mew\n|-status|p2a: Mew|brn\n|-activate|p2a: Mew|ability: Synchronize\n|-status|p1a: Froslass|brn\n|move|p2a: Mew|Knock Off|p1a: Froslass\n|-supereffective|p1a: Froslass\n|-damage|p1a: Froslass|32/100 brn\n|-start|p2a: Mew|Disable|Knock Off|[from] ability: Cursed Body|[of] p1a: Froslass\n|-enditem|p1a: Froslass|Wide Lens|[from] move: Knock Off|[of] p2a: Mew\n|-damage|p2a: Mew|132/298 brn|[from] item: Life Orb\n|\n|-damage|p1a: Froslass|26/100 brn|[from] brn\n|-damage|p2a: Mew|114/298 brn|[from] brn\n|upkeep\n|turn|25\n|inactive|Time left: 300 sec this turn | 300 sec total\n|\n|t:|1783550312\n|move|p1a: Froslass|Triple Axel|p2a: Mew\n|-damage|p2a: Mew|108/298 brn\n|-damage|p2a: Mew|96/298 brn\n|-hitcount|p2a: Mew|2\n|move|p2a: Mew|Psychic Fangs|p1a: Froslass\n|-damage|p1a: Froslass|0 fnt\n|faint|p1a: Froslass\n|-damage|p2a: Mew|67/298 brn|[from] item: Life Orb\n|\n|-damage|p2a: Mew|49/298 brn|[from] brn\n|upkeep\n|\n|t:|1783550313\n|switch|p1a: Ogerpon|Ogerpon-Hearthflame, L74, F|100/100\n|-ability|p1a: Ogerpon|Mold Breaker\n|turn|26\n|inactive|Time left: 300 sec this turn | 300 sec total\n|\n|t:|1783550313\n|-terastallize|p1a: Ogerpon|Fire\n|detailschange|p1a: Ogerpon|Ogerpon-Hearthflame-Tera, L74, F, tera:Fire\n|-ability|p1a: Ogerpon|Embody Aspect (Hearthflame)|boost\n|-boost|p1a: Ogerpon|atk|1\n|move|p2a: Mew|Close Combat|p1a: Ogerpon\n|-crit|p1a: Ogerpon\n|-damage|p1a: Ogerpon|0 fnt\n|-unboost|p2a: Mew|def|1\n|-unboost|p2a: Mew|spd|1\n|faint|p1a: Ogerpon\n|detailschange|p1: Ogerpon|Ogerpon-Hearthflame, L74, F|[silent]\n|-damage|p2a: Mew|20/298 brn|[from] item: Life Orb\n|\n|win|p0y894ee98", "uploadtime": 1783550313, "views": 0, "rating": 0, "private": 0, "password": null, "_winner": "p0y894ee98", "_our_name": "p0y894ee98"}