{"id": "battle-gen9randombattle-137", "formatid": "gen9randombattle", "format": "[Gen 9] Random Battle", "players": ["p0x13754c0", "p0y137e1dc"], "log": "|init|battle\n|title|p0x13754c0 vs. p0y137e1dc\n|j|\u2606p0x13754c0\n|j|\u2606p0y137e1dc\n|t:|1783541093\n|gametype|singles\n|player|p1|p0x13754c0|169|\n|player|p2|p0y137e1dc|102|\n|gen|9\n|tier|[Gen 9] Random Battle\n|rule|Species Clause: Limit one of each Pok\u00e9mon\n|rule|HP Percentage Mod: HP is shown in percentages\n|rule|Sleep Clause Mod: Limit one foe put to sleep\n|rule|Illusion Level Mod: Illusion disguises the Pok\u00e9mon's true level\n|\n|t:|1783541093\n|teamsize|p1|6\n|teamsize|p2|6\n|start\n|switch|p1a: Mamoswine|Mamoswine, L81, M|100/100\n|switch|p2a: Ursaluna|Ursaluna, L79, M|335/335\n|turn|1\n|inactive|Battle timer is ON: inactive players will automatically lose when time's up. (requested by p0y137e1dc)\n|inactive|p0x13754c0 also wants the timer to be on.\n|\n|t:|1783541094\n|move|p1a: Mamoswine|Earthquake|p2a: Ursaluna\n|-damage|p2a: Ursaluna|155/335\n|move|p2a: Ursaluna|Headlong Rush|p1a: Mamoswine\n|-damage|p1a: Mamoswine|48/100\n|-unboost|p2a: Ursaluna|def|1\n|-unboost|p2a: Ursaluna|spd|1\n|\n|-status|p2a: Ursaluna|brn|[from] item: Flame Orb\n|upkeep\n|turn|2\n|inactive|Time left: 300 sec this turn | 300 sec total\n|\n|t:|1783541096\n|switch|p2a: Urshifu|Urshifu-Rapid-Strike, L75, M|274/274\n|move|p1a: Mamoswine|Earthquake|p2a: Urshifu\n|-damage|p2a: Urshifu|96/274\n|\n|upkeep\n|turn|3\n|inactive|Time left: 300 sec this turn | 300 sec total\n|\n|t:|1783541097\n|switch|p1a: Palkia|Palkia, L75|100/100\n|-ability|p1a: Palkia|Pressure\n|move|p2a: Urshifu|Surging Strikes|p1a: Palkia\n|-resisted|p1a: Palkia\n|-crit|p1a: Palkia\n|-damage|p1a: Palkia|95/100\n|-resisted|p1a: Palkia\n|-crit|p1a: Palkia\n|-damage|p1a: Palkia|89/100\n|-resisted|p1a: Palkia\n|-crit|p1a: Palkia\n|-damage|p1a: Palkia|84/100\n|-hitcount|p1a: Palkia|3\n|\n|upkeep\n|turn|4\n|inactive|Time left: 300 sec this turn | 300 sec total\n|\n|t:|1783541098\n|switch|p2a: Tentacruel|Tentacruel, L84, F|272/272\n|move|p1a: Palkia|Spacial Rend|p2a: Tentacruel|[miss]\n|-miss|p1a: Palkia|p2a: Tentacruel\n|\n|upkeep\n|turn|5\n|inactive|Time left: 300 sec this turn | 300 sec total\n|\n|t:|1783541099\n|move|p1a: Palkia|Spacial Rend|p2a: Tentacruel\n|-damage|p2a: Tentacruel|212/272\n|move|p2a: Tentacruel|Sludge Bomb|p1a: Palkia\n|-damage|p1a: Palkia|57/100\n|\n|upkeep\n|turn|6\n|inactive|Time left: 300 sec this turn | 300 sec total\n|\n|t:|1783541100\n|move|p1a: Palkia|Spacial Rend|p2a: Tentacruel\n|-damage|p2a: Tentacruel|143/272\n|move|p2a: Tentacruel|Sludge Bomb|p1a: Palkia\n|-damage|p1a: Palkia|29/100\n|-status|p1a: Palkia|psn\n|\n|-damage|p1a: Palkia|16/100 psn|[from] psn\n|upkeep\n|turn|7\n|inactive|Time left: 300 sec this turn | 300 sec total\n|\n|t:|1783541101\n|move|p1a: Palkia|Spacial Rend|p2a: Tentacruel\n|-damage|p2a: Tentacruel|79/272\n|move|p2a: Tentacruel|Rapid Spin|p1a: Palkia\n|-damage|p1a: Palkia|5/100 psn\n|-boost|p2a: Tentacruel|spe|1\n|\n|-damage|p1a: Palkia|0 fnt|[from] psn\n|faint|p1a: Palkia\n|upkeep\n|\n|t:|1783541102\n|switch|p1a: Entei|Entei, L78|100/100\n|turn|8\n|inactive|Time left: 300 sec this turn | 300 sec total\n|\n|t:|1783541103\n|move|p1a: Entei|Extreme Speed|p2a: Tentacruel\n|-damage|p2a: Tentacruel|0 fnt\n|faint|p2a: Tentacruel\n|\n|upkeep\n|inactive|Time left: 300 sec this turn | 300 sec total | 5 sec grace\n|\n|t:|1783541104\n|switch|p2a: Urshifu|Urshifu-Rapid-Strike, L75, M|96/274\n|turn|9\n|inactive|Time left: 300 sec this turn | 300 sec total\n|\n|t:|1783541104\n|switch|p1a: Meowstic|Meowstic, L89, M|100/100\n|move|p2a: Urshifu|Surging Strikes|p1a: Meowstic\n|-crit|p1a: Meowstic\n|-damage|p1a: Meowstic|76/100\n|-crit|p1a: Meowstic\n|-damage|p1a: Meowstic|51/100\n|-crit|p1a: Meowstic\n|-damage|p1a: Meowstic|28/100\n|-hitcount|p1a: Meowstic|3\n|\n|upkeep\n|turn|10\n|inactive|Time left: 300 sec this turn | 300 sec total\n|\n|t:|1783541106\n|move|p1a: Meowstic|Psychic Noise|p2a: Urshifu\n|-supereffective|p2a: Urshifu\n|-damage|p2a: Urshifu|0 fnt\n|faint|p2a: Urshifu\n|\n|upkeep\n|inactive|Time left: 300 sec this turn | 300 sec total | 5 sec grace\n|\n|t:|1783541107\n|switch|p2a: Ambipom|Ambipom, L84, M|263/263\n|turn|11\n|inactive|Time left: 300 sec this turn | 300 sec total\n|\n|t:|1783541108\n|move|p1a: Meowstic|Reflect|p1a: Meowstic\n|-sidestart|p1: p0x13754c0|Reflect\n|move|p2a: Ambipom|Double-Edge|p1a: Meowstic\n|-damage|p1a: Meowstic|0 fnt\n|faint|p1a: Meowstic\n|-damage|p2a: Ambipom|238/263|[from] Recoil\n|\n|upkeep\n|\n|t:|1783541109\n|switch|p1a: Entei|Entei, L78|100/100\n|turn|12\n|inactive|Time left: 300 sec this turn | 300 sec total\n|\n|t:|1783541110\n|move|p2a: Ambipom|Double-Edge|p1a: Entei\n|-damage|p1a: Entei|63/100\n|-damage|p2a: Ambipom|200/263|[from] Recoil\n|move|p1a: Entei|Sacred Fire|p2a: Ambipom\n|-damage|p2a: Ambipom|19/263\n|\n|upkeep\n|turn|13\n|inactive|Time left: 300 sec this turn | 300 sec total\n|\n|t:|1783541111\n|move|p2a: Ambipom|Double-Edge|p1a: Entei\n|-crit|p1a: Entei\n|-damage|p1a: Entei|0 fnt\n|faint|p1a: Entei\n|-damage|p2a: Ambipom|0 fnt|[from] Recoil\n|faint|p2a: Ambipom\n|\n|upkeep\n|inactive|Time left: 300 sec this turn | 300 sec total | 5 sec grace\n|\n|t:|1783541112\n|switch|p2a: Tinkaton|Tinkaton, L82, F|274/274\n|switch|p1a: Mamoswine|Mamoswine, L81, M|48/100\n|-ability|p2a: Tinkaton|Mold Breaker\n|turn|14\n|inactive|Time left: 300 sec this turn | 300 sec total\n|\n|t:|1783541113\n|-terastallize|p2a: Tinkaton|Steel\n|move|p2a: Tinkaton|Gigaton Hammer|p1a: Mamoswine\n|-supereffective|p1a: Mamoswine\n|-damage|p1a: Mamoswine|0 fnt\n|faint|p1a: Mamoswine\n|\n|upkeep\n|\n|t:|1783541114\n|switch|p1a: Umbreon|Umbreon, L84, M|100/100\n|turn|15\n|inactive|Time left: 300 sec this turn | 300 sec total\n|\n|t:|1783541115\n|move|p2a: Tinkaton|Swords Dance|p2a: Tinkaton\n|-boost|p2a: Tinkaton|atk|2\n|move|p1a: Umbreon|Foul Play|p2a: Tinkaton\n|-damage|p2a: Tinkaton|91/274\n|\n|-heal|p2a: Tinkaton|108/274|[from] item: Leftovers\n|upkeep\n|turn|16\n|inactive|Time left: 300 sec this turn | 300 sec total\n|\n|t:|1783541116\n|move|p2a: Tinkaton|Protect|p2a: Tinkaton\n|-singleturn|p2a: Tinkaton|Protect\n|move|p1a: Umbreon|Foul Play|p2a: Tinkaton\n|-activate|p2a: Tinkaton|move: Protect\n|\n|-heal|p2a: Tinkaton|125/274|[from] item: Leftovers\n|upkeep\n|turn|17\n|inactive|Time left: 300 sec this turn | 300 sec total\n|\n|t:|1783541118\n|move|p2a: Tinkaton|Gigaton Hammer|p1a: Umbreon\n|-damage|p1a: Umbreon|50/100\n|move|p1a: Umbreon|Foul Play|p2a: Tinkaton\n|-damage|p2a: Tinkaton|0 fnt\n|faint|p2a: Tinkaton\n|\n|-heal|p1a: Umbreon|56/100|[from] item: Leftovers\n|upkeep\n|inactive|Time left: 300 sec this turn | 300 sec total | 5 sec grace\n|\n|t:|1783541119\n|switch|p2a: Muk|Muk, L86, F|321/321\n|turn|18\n|inactive|Time left: 300 sec this turn | 300 sec total\n|\n|t:|1783541120\n|move|p1a: Umbreon|Foul Play|p2a: Muk\n|-damage|p2a: Muk|203/321\n|move|p2a: Muk|Knock Off|p1a: Umbreon\n|-resisted|p1a: Umbreon\n|-crit|p1a: Umbreon\n|-damage|p1a: Umbreon|40/100\n|-status|p1a: Umbreon|psn|[from] ability: Poison Touch|[of] p2a: Muk\n|-activate|p1a: Umbreon|ability: Synchronize\n|-immune|p2a: Muk\n|-enditem|p1a: Umbreon|Leftovers|[from] move: Knock Off|[of] p2a: Muk\n|\n|-heal|p2a: Muk|223/321|[from] item: Leftovers\n|-damage|p1a: Umbreon|27/100 psn|[from] psn\n|-sideend|p1: p0x13754c0|Reflect\n|upkeep\n|turn|19\n|inactive|Time left: 300 sec this turn | 300 sec total\n|\n|t:|1783541121\n|move|p1a: Umbreon|Foul Play|p2a: Muk\n|-damage|p2a: Muk|105/321\n|move|p2a: Muk|Poison Jab|p1a: Umbreon\n|-damage|p1a: Umbreon|0 fnt\n|faint|p1a: Umbreon\n|\n|-heal|p2a: Muk|125/321|[from] item: Leftovers\n|upkeep\n|\n|t:|1783541122\n|switch|p1a: Bisharp|Bisharp, L79, F|100/100\n|turn|20\n|inactive|Time left: 300 sec this turn | 300 sec total\n|\n|t:|1783541123\n|move|p1a: Bisharp|Iron Head|p2a: Muk\n|-damage|p2a: Muk|14/321\n|cant|p2a: Muk|flinch\n|\n|-heal|p2a: Muk|34/321|[from] item: Leftovers\n|upkeep\n|turn|21\n|inactive|Time left: 300 sec this turn | 300 sec total\n|\n|t:|1783541124\n|switch|p2a: Ursaluna|Ursaluna, L79, M|155/335 brn\n|-terastallize|p1a: Bisharp|Flying\n|move|p1a: Bisharp|Iron Head|p2a: Ursaluna\n|-damage|p2a: Ursaluna|73/335 brn\n|\n|-damage|p2a: Ursaluna|53/335 brn|[from] brn\n|upkeep\n|turn|22\n|inactive|Time left: 300 sec this turn | 300 sec total\n|\n|t:|1783541125\n|move|p1a: Bisharp|Iron Head|p2a: Ursaluna\n|-damage|p2a: Ursaluna|0 fnt\n|faint|p2a: Ursaluna\n|\n|upkeep\n|inactive|Time left: 300 sec this turn | 300 sec total | 5 sec grace\n|\n|t:|1783541126\n|switch|p2a: Muk|Muk, L86, F|34/321\n|turn|23\n|inactive|Time left: 300 sec this turn | 300 sec total\n|\n|t:|1783541127\n|move|p1a: Bisharp|Throat Chop|p2a: Muk\n|-damage|p2a: Muk|0 fnt\n|faint|p2a: Muk\n|\n|win|p0x13754c0", "uploadtime": 1783541127, "views": 0, "rating": 0, "private": 0, "password": null, "_winner": "p0x13754c0", "_our_name": "p0y137e1dc"}