{"id": "battle-gen9randombattle-455", "formatid": "gen9randombattle", "format": "[Gen 9] Random Battle", "players": ["p0x455f1b5", "p0y455c0d0"], "log": "|init|battle\n|title|p0x455f1b5 vs. p0y455c0d0\n|j|\u2606p0x455f1b5\n|j|\u2606p0y455c0d0\n|t:|1783544347\n|gametype|singles\n|player|p1|p0x455f1b5|101|\n|player|p2|p0y455c0d0|266|\n|gen|9\n|tier|[Gen 9] Random Battle\n|rule|Species Clause: Limit one of each Pok\u00e9mon\n|rule|HP Percentage Mod: HP is shown in percentages\n|rule|Sleep Clause Mod: Limit one foe put to sleep\n|rule|Illusion Level Mod: Illusion disguises the Pok\u00e9mon's true level\n|\n|t:|1783544347\n|teamsize|p1|6\n|teamsize|p2|6\n|start\n|switch|p1a: Vaporeon|Vaporeon, L86, F|100/100\n|switch|p2a: Metagross|Metagross, L79|256/256\n|turn|1\n|inactive|Battle timer is ON: inactive players will automatically lose when time's up. (requested by p0x455f1b5)\n|inactive|Time left: 300 sec this turn | 300 sec total | 60 sec grace\n|inactive|p0y455c0d0 also wants the timer to be on.\n|\n|t:|1783544348\n|move|p1a: Vaporeon|Scald|p2a: Metagross\n|-damage|p2a: Metagross|157/256\n|-status|p2a: Metagross|brn\n|move|p2a: Metagross|Heavy Slam|p1a: Vaporeon\n|-resisted|p1a: Vaporeon\n|-damage|p1a: Vaporeon|83/100\n|\n|-heal|p1a: Vaporeon|89/100|[from] item: Leftovers\n|-damage|p2a: Metagross|141/256 brn|[from] brn\n|upkeep\n|turn|2\n|inactive|Time left: 300 sec this turn | 300 sec total\n|\n|t:|1783544350\n|move|p1a: Vaporeon|Calm Mind|p1a: Vaporeon\n|-boost|p1a: Vaporeon|spa|1\n|-boost|p1a: Vaporeon|spd|1\n|move|p2a: Metagross|Heavy Slam|p1a: Vaporeon\n|-resisted|p1a: Vaporeon\n|-damage|p1a: Vaporeon|69/100\n|\n|-heal|p1a: Vaporeon|75/100|[from] item: Leftovers\n|-damage|p2a: Metagross|125/256 brn|[from] brn\n|upkeep\n|turn|3\n|inactive|Time left: 300 sec this turn | 300 sec total\n|\n|t:|1783544351\n|move|p1a: Vaporeon|Scald|p2a: Metagross\n|-damage|p2a: Metagross|0 fnt\n|faint|p2a: Metagross\n|\n|-heal|p1a: Vaporeon|81/100|[from] item: Leftovers\n|upkeep\n|inactive|Time left: 300 sec this turn | 300 sec total | 5 sec grace\n|\n|t:|1783544352\n|switch|p2a: Hoopa|Hoopa, L85|275/275\n|turn|4\n|inactive|Time left: 300 sec this turn | 300 sec total\n|\n|t:|1783544353\n|move|p2a: Hoopa|Psychic|p1a: Vaporeon\n|-damage|p1a: Vaporeon|58/100\n|move|p1a: Vaporeon|Scald|p2a: Hoopa\n|-damage|p2a: Hoopa|176/275\n|\n|-heal|p1a: Vaporeon|64/100|[from] item: Leftovers\n|upkeep\n|turn|5\n|inactive|Time left: 300 sec this turn | 300 sec total\n|\n|t:|1783544354\n|move|p2a: Hoopa|Psychic|p1a: Vaporeon\n|-damage|p1a: Vaporeon|40/100\n|move|p1a: Vaporeon|Scald|p2a: Hoopa\n|-damage|p2a: Hoopa|76/275\n|-status|p2a: Hoopa|brn\n|\n|-heal|p1a: Vaporeon|46/100|[from] item: Leftovers\n|-damage|p2a: Hoopa|59/275 brn|[from] brn\n|upkeep\n|turn|6\n|inactive|Time left: 300 sec this turn | 300 sec total\n|\n|t:|1783544355\n|move|p2a: Hoopa|Psychic|p1a: Vaporeon\n|-damage|p1a: Vaporeon|23/100\n|move|p1a: Vaporeon|Scald|p2a: Hoopa\n|-damage|p2a: Hoopa|0 fnt\n|faint|p2a: Hoopa\n|\n|-heal|p1a: Vaporeon|29/100|[from] item: Leftovers\n|upkeep\n|inactive|Time left: 300 sec this turn | 300 sec total | 5 sec grace\n|\n|t:|1783544356\n|switch|p2a: Basculin|Basculin-Blue-Striped, L86, M|261/261\n|turn|7\n|inactive|Time left: 300 sec this turn | 300 sec total\n|\n|t:|1783544357\n|move|p2a: Basculin|Double-Edge|p1a: Vaporeon\n|-damage|p1a: Vaporeon|0 fnt\n|faint|p1a: Vaporeon\n|-damage|p2a: Basculin|227/261|[from] Recoil\n|\n|upkeep\n|\n|t:|1783544358\n|switch|p1a: Drednaw|Drednaw, L81, F|100/100\n|turn|8\n|inactive|Time left: 300 sec this turn | 300 sec total\n|\n|t:|1783544359\n|switch|p2a: Piloswine|Piloswine, L85, F|309/309\n|move|p1a: Drednaw|Shell Smash|p1a: Drednaw\n|-unboost|p1a: Drednaw|def|1\n|-unboost|p1a: Drednaw|spd|1\n|-boost|p1a: Drednaw|atk|2\n|-boost|p1a: Drednaw|spa|2\n|-boost|p1a: Drednaw|spe|2\n|-enditem|p1a: Drednaw|White Herb\n|-clearnegativeboost|p1a: Drednaw|[silent]\n|\n|upkeep\n|turn|9\n|inactive|Time left: 300 sec this turn | 300 sec total\n|\n|t:|1783544360\n|-terastallize|p2a: Piloswine|Poison\n|move|p1a: Drednaw|Liquidation|p2a: Piloswine\n|-damage|p2a: Piloswine|183/309\n|move|p2a: Piloswine|Roar|p1a: Drednaw\n|drag|p1a: Girafarig|Girafarig, L89, M|100/100\n|\n|upkeep\n|turn|10\n|inactive|Time left: 300 sec this turn | 300 sec total\n|\n|t:|1783544361\n|move|p1a: Girafarig|Nasty Plot|p1a: Girafarig\n|-boost|p1a: Girafarig|spa|2\n|move|p2a: Piloswine|Earthquake|p1a: Girafarig\n|-damage|p1a: Girafarig|64/100\n|\n|upkeep\n|turn|11\n|inactive|Time left: 300 sec this turn | 300 sec total\n|\n|t:|1783544362\n|switch|p2a: Probopass|Probopass, L91, M|257/257\n|move|p1a: Girafarig|Psyshock|p2a: Probopass\n|-resisted|p2a: Probopass\n|-damage|p2a: Probopass|200/257\n|\n|upkeep\n|turn|12\n|inactive|Time left: 300 sec this turn | 300 sec total\n|\n|t:|1783544363\n|move|p1a: Girafarig|Nasty Plot|p1a: Girafarig\n|-boost|p1a: Girafarig|spa|2\n|move|p2a: Probopass|Iron Defense|p2a: Probopass\n|-boost|p2a: Probopass|def|2\n|\n|upkeep\n|turn|13\n|inactive|Time left: 300 sec this turn | 300 sec total\n|\n|t:|1783544364\n|move|p1a: Girafarig|Thunderbolt|p2a: Probopass\n|-damage|p2a: Probopass|72/257\n|move|p2a: Probopass|Body Press|p1a: Girafarig\n|-damage|p1a: Girafarig|11/100\n|\n|upkeep\n|turn|14\n|inactive|Time left: 300 sec this turn | 300 sec total\n|\n|t:|1783544365\n|move|p1a: Girafarig|Thunderbolt|p2a: Probopass\n|-damage|p2a: Probopass|0 fnt\n|faint|p2a: Probopass\n|\n|upkeep\n|inactive|Time left: 300 sec this turn | 300 sec total | 5 sec grace\n|\n|t:|1783544366\n|switch|p2a: Basculin|Basculin-Blue-Striped, L86, M|227/261\n|turn|15\n|inactive|Time left: 300 sec this turn | 300 sec total\n|\n|t:|1783544366\n|switch|p1a: Drednaw|Drednaw, L81, F|100/100\n|move|p2a: Basculin|Flip Turn|p1a: Drednaw\n|-damage|p1a: Drednaw|57/100\n|inactive|Time left: 300 sec this turn | 300 sec total | 5 sec grace\n|\n|t:|1783544367\n|switch|p2a: Piloswine|Piloswine, L85, F, tera:Poison|183/309|[from] Flip Turn\n|\n|upkeep\n|turn|16\n|inactive|Time left: 300 sec this turn | 300 sec total\n|\n|t:|1783544368\n|switch|p1a: Granbull|Granbull, L88, M|100/100\n|-ability|p1a: Granbull|Intimidate|boost\n|-unboost|p2a: Piloswine|atk|1\n|move|p2a: Piloswine|Earthquake|p1a: Granbull\n|-damage|p1a: Granbull|75/100\n|\n|-heal|p1a: Granbull|81/100|[from] item: Leftovers\n|upkeep\n|turn|17\n|inactive|Time left: 300 sec this turn | 300 sec total\n|\n|t:|1783544369\n|move|p2a: Piloswine|Earthquake|p1a: Granbull\n|-damage|p1a: Granbull|54/100\n|move|p1a: Granbull|Play Rough|p2a: Piloswine\n|-resisted|p2a: Piloswine\n|-damage|p2a: Piloswine|139/309\n|\n|-heal|p1a: Granbull|60/100|[from] item: Leftovers\n|upkeep\n|turn|18\n|inactive|Time left: 300 sec this turn | 300 sec total\n|\n|t:|1783544370\n|move|p2a: Piloswine|Earthquake|p1a: Granbull\n|-damage|p1a: Granbull|33/100\n|move|p1a: Granbull|Play Rough|p2a: Piloswine\n|-resisted|p2a: Piloswine\n|-damage|p2a: Piloswine|91/309\n|\n|-heal|p1a: Granbull|39/100|[from] item: Leftovers\n|upkeep\n|turn|19\n|inactive|Time left: 300 sec this turn | 300 sec total\n|\n|t:|1783544371\n|move|p2a: Piloswine|Earthquake|p1a: Granbull\n|-damage|p1a: Granbull|12/100\n|move|p1a: Granbull|Play Rough|p2a: Piloswine\n|-resisted|p2a: Piloswine\n|-damage|p2a: Piloswine|50/309\n|\n|-heal|p1a: Granbull|18/100|[from] item: Leftovers\n|upkeep\n|turn|20\n|inactive|Time left: 300 sec this turn | 300 sec total\n|\n|t:|1783544372\n|switch|p1a: Hoopa|Hoopa, L85|100/100\n|move|p2a: Piloswine|Earthquake|p1a: Hoopa\n|-damage|p1a: Hoopa|66/100\n|\n|upkeep\n|turn|21\n|inactive|Time left: 300 sec this turn | 300 sec total\n|\n|t:|1783544373\n|move|p1a: Hoopa|Focus Blast|p2a: Piloswine\n|-resisted|p2a: Piloswine\n|-damage|p2a: Piloswine|0 fnt\n|faint|p2a: Piloswine\n|-damage|p1a: Hoopa|56/100|[from] item: Life Orb\n|\n|upkeep\n|inactive|Time left: 300 sec this turn | 300 sec total | 5 sec grace\n|\n|t:|1783544374\n|switch|p2a: Basculin|Basculin-Blue-Striped, L86, M|227/261\n|turn|22\n|inactive|Time left: 300 sec this turn | 300 sec total\n|\n|t:|1783544375\n|switch|p1a: Granbull|Granbull, L88, M|18/100\n|-ability|p1a: Granbull|Intimidate|boost\n|-unboost|p2a: Basculin|atk|1\n|move|p2a: Basculin|Wave Crash|p1a: Granbull\n|-damage|p1a: Granbull|0 fnt\n|faint|p1a: Granbull\n|-damage|p2a: Basculin|210/261|[from] Recoil\n|\n|upkeep\n|\n|t:|1783544376\n|switch|p1a: Stonjourner|Stonjourner, L91, F|100/100\n|turn|23\n|inactive|Time left: 300 sec this turn | 300 sec total\n|\n|t:|1783544377\n|move|p2a: Basculin|Wave Crash|p1a: Stonjourner\n|-supereffective|p1a: Stonjourner\n|-damage|p1a: Stonjourner|28/100\n|-damage|p2a: Basculin|131/261|[from] Recoil\n|move|p1a: Stonjourner|Rock Polish|p1a: Stonjourner\n|-boost|p1a: Stonjourner|spe|2\n|\n|upkeep\n|turn|24\n|inactive|Time left: 300 sec this turn | 300 sec total\n|\n|t:|1783544378\n|switch|p2a: Chandelure|Chandelure, L83, F|235/235\n|-terastallize|p1a: Stonjourner|Fire\n|move|p1a: Stonjourner|Heat Crash|p2a: Chandelure\n|-start|p2a: Chandelure|ability: Flash Fire\n|\n|upkeep\n|turn|25\n|inactive|Time left: 300 sec this turn | 300 sec total\n|\n|t:|1783544379\n|move|p1a: Stonjourner|Earthquake|p2a: Chandelure\n|-supereffective|p2a: Chandelure\n|-damage|p2a: Chandelure|0 fnt\n|faint|p2a: Chandelure\n|-damage|p1a: Stonjourner|18/100|[from] item: Life Orb\n|\n|upkeep\n|inactive|Time left: 300 sec this turn | 300 sec total | 5 sec grace\n|\n|t:|1783544380\n|switch|p2a: Basculin|Basculin-Blue-Striped, L86, M|131/261\n|turn|26\n|inactive|Time left: 300 sec this turn | 300 sec total\n|\n|t:|1783544380\n|move|p2a: Basculin|Aqua Jet|p1a: Stonjourner\n|-supereffective|p1a: Stonjourner\n|-damage|p1a: Stonjourner|0 fnt\n|faint|p1a: Stonjourner\n|\n|upkeep\n|\n|t:|1783544381\n|switch|p1a: Hoopa|Hoopa, L85|56/100\n|turn|27\n|inactive|Time left: 300 sec this turn | 300 sec total\n|\n|t:|1783544382\n|move|p2a: Basculin|Aqua Jet|p1a: Hoopa\n|-damage|p1a: Hoopa|14/100\n|move|p1a: Hoopa|Psychic|p2a: Basculin\n|-damage|p2a: Basculin|0 fnt\n|faint|p2a: Basculin\n|-damage|p1a: Hoopa|4/100|[from] item: Life Orb\n|\n|win|p0x455f1b5", "uploadtime": 1783544382, "views": 0, "rating": 0, "private": 0, "password": null, "_winner": "p0x455f1b5", "_our_name": "p0y455c0d0"}