{"id": "battle-gen9randombattle-1304", "formatid": "gen9randombattle", "format": "[Gen 9] Random Battle", "players": ["p0x1304e0c7", "p0y13041e5d"], "log": "|init|battle\n|title|p0x1304e0c7 vs. p0y13041e5d\n|j|\u2606p0x1304e0c7\n|j|\u2606p0y13041e5d\n|t:|1783554270\n|gametype|singles\n|player|p1|p0x1304e0c7|169|\n|player|p2|p0y13041e5d|266|\n|gen|9\n|tier|[Gen 9] Random Battle\n|rule|Species Clause: Limit one of each Pok\u00e9mon\n|rule|HP Percentage Mod: HP is shown in percentages\n|rule|Sleep Clause Mod: Limit one foe put to sleep\n|rule|Illusion Level Mod: Illusion disguises the Pok\u00e9mon's true level\n|\n|t:|1783554270\n|teamsize|p1|6\n|teamsize|p2|6\n|start\n|switch|p1a: Braviary|Braviary-Hisui, L85, M|100/100\n|switch|p2a: Iron Treads|Iron Treads, L77|265/265\n|turn|1\n|inactive|Battle timer is ON: inactive players will automatically lose when time's up. (requested by p0x1304e0c7)\n|inactive|Time left: 300 sec this turn | 300 sec total | 60 sec grace\n|inactive|p0y13041e5d also wants the timer to be on.\n|\n|t:|1783554272\n|move|p2a: Iron Treads|Iron Head|p1a: Braviary\n|-damage|p1a: Braviary|73/100\n|move|p1a: Braviary|Esper Wing|p2a: Iron Treads\n|-resisted|p2a: Iron Treads\n|-damage|p2a: Iron Treads|139/265\n|-boost|p1a: Braviary|spe|1\n|\n|upkeep\n|turn|2\n|inactive|Time left: 300 sec this turn | 300 sec total\n|\n|t:|1783554273\n|-end|p2a: Iron Treads|Quark Drive|[silent]\n|switch|p2a: Iron Jugulis|Iron Jugulis, L77|271/271\n|move|p1a: Braviary|Esper Wing|p2a: Iron Jugulis\n|-immune|p2a: Iron Jugulis\n|\n|upkeep\n|turn|3\n|inactive|Time left: 300 sec this turn | 300 sec total\n|\n|t:|1783554274\n|switch|p1a: Flareon|Flareon, L90, F|100/100\n|move|p2a: Iron Jugulis|Meteor Beam||[still]\n|-prepare|p2a: Iron Jugulis|Meteor Beam\n|-boost|p2a: Iron Jugulis|spa|1\n|-enditem|p2a: Iron Jugulis|Power Herb\n|-anim|p2a: Iron Jugulis|Meteor Beam|p1a: Flareon\n|-supereffective|p1a: Flareon\n|-damage|p1a: Flareon|23/100\n|\n|-status|p1a: Flareon|tox|[from] item: Toxic Orb\n|upkeep\n|turn|4\n|inactive|Time left: 300 sec this turn | 300 sec total\n|\n|t:|1783554275\n|move|p2a: Iron Jugulis|Dark Pulse|p1a: Flareon\n|-damage|p1a: Flareon|0 fnt\n|faint|p1a: Flareon\n|\n|upkeep\n|\n|t:|1783554276\n|switch|p1a: Regieleki|Regieleki, L79|100/100\n|turn|5\n|inactive|Time left: 300 sec this turn | 300 sec total\n|\n|t:|1783554277\n|-terastallize|p2a: Iron Jugulis|Ground\n|move|p1a: Regieleki|Thunderbolt|p2a: Iron Jugulis\n|-immune|p2a: Iron Jugulis\n|move|p2a: Iron Jugulis|Meteor Beam||[still]\n|-prepare|p2a: Iron Jugulis|Meteor Beam\n|-boost|p2a: Iron Jugulis|spa|1\n|\n|upkeep\n|turn|6\n|inactive|Time left: 300 sec this turn | 300 sec total\n|\n|t:|1783554277\n|move|p1a: Regieleki|Explosion|p2a: Iron Jugulis\n|-damage|p2a: Iron Jugulis|87/271\n|faint|p1a: Regieleki\n|move|p2a: Iron Jugulis|Meteor Beam|p1: Regieleki|[from] lockedmove|[notarget]\n|-fail|p2a: Iron Jugulis\n|\n|upkeep\n|\n|t:|1783554278\n|switch|p1a: Basculegion|Basculegion-F, L83, F|100/100\n|turn|7\n|inactive|Time left: 300 sec this turn | 300 sec total\n|\n|t:|1783554279\n|-terastallize|p1a: Basculegion|Water\n|move|p2a: Iron Jugulis|Dark Pulse|p1a: Basculegion\n|-damage|p1a: Basculegion|44/100\n|move|p1a: Basculegion|Flip Turn|p2a: Iron Jugulis\n|-supereffective|p2a: Iron Jugulis\n|-damage|p2a: Iron Jugulis|0 fnt\n|faint|p2a: Iron Jugulis\n|-end|p2a: Iron Jugulis|Quark Drive|[silent]\n|\n|t:|1783554280\n|switch|p1a: Malamar|Malamar, L82, F|100/100|[from] Flip Turn\n|\n|upkeep\n|inactive|Time left: 300 sec this turn | 300 sec total | 10 sec grace\n|\n|t:|1783554281\n|switch|p2a: Spiritomb|Spiritomb, L89, M|234/234\n|turn|8\n|inactive|Time left: 300 sec this turn | 300 sec total\n|\n|t:|1783554282\n|move|p1a: Malamar|Knock Off|p2a: Spiritomb\n|-damage|p2a: Spiritomb|164/234\n|-enditem|p2a: Spiritomb|Leftovers|[from] move: Knock Off|[of] p1a: Malamar\n|move|p2a: Spiritomb|Poltergeist|p1a: Malamar\n|-activate|p1a: Malamar|move: Poltergeist|Chesto Berry\n|-damage|p1a: Malamar|50/100\n|\n|upkeep\n|turn|9\n|inactive|Time left: 300 sec this turn | 300 sec total\n|\n|t:|1783554283\n|move|p1a: Malamar|Rest|p1a: Malamar\n|-status|p1a: Malamar|slp|[from] move: Rest\n|-heal|p1a: Malamar|100/100 slp|[silent]\n|-enditem|p1a: Malamar|Chesto Berry|[eat]\n|-curestatus|p1a: Malamar|slp|[msg]\n|move|p2a: Spiritomb|Poltergeist||[still]\n|-fail|p2a: Spiritomb\n|\n|upkeep\n|turn|10\n|inactive|Time left: 300 sec this turn | 300 sec total\n|\n|t:|1783554284\n|switch|p1a: Sudowoodo|Sudowoodo, L94, F|100/100\n|move|p2a: Spiritomb|Toxic|p1a: Sudowoodo\n|-status|p1a: Sudowoodo|tox\n|\n|-damage|p1a: Sudowoodo|95/100 tox|[from] psn\n|upkeep\n|turn|11\n|inactive|Time left: 300 sec this turn | 300 sec total\n|\n|t:|1783554285\n|move|p2a: Spiritomb|Foul Play|p1a: Sudowoodo\n|-damage|p1a: Sudowoodo|65/100 tox\n|move|p1a: Sudowoodo|Head Smash|p2a: Spiritomb\n|-damage|p2a: Spiritomb|2/234\n|\n|-heal|p1a: Sudowoodo|71/100 tox|[from] item: Leftovers\n|-damage|p1a: Sudowoodo|59/100 tox|[from] psn\n|upkeep\n|turn|12\n|inactive|Time left: 300 sec this turn | 300 sec total\n|\n|t:|1783554286\n|move|p2a: Spiritomb|Foul Play|p1a: Sudowoodo\n|-damage|p1a: Sudowoodo|30/100 tox\n|move|p1a: Sudowoodo|Stealth Rock|p2a: Spiritomb\n|-sidestart|p2: p0y13041e5d|move: Stealth Rock\n|\n|-heal|p1a: Sudowoodo|36/100 tox|[from] item: Leftovers\n|-damage|p1a: Sudowoodo|18/100 tox|[from] psn\n|upkeep\n|turn|13\n|inactive|Time left: 300 sec this turn | 300 sec total\n|\n|t:|1783554287\n|move|p1a: Sudowoodo|Sucker Punch|p2a: Spiritomb\n|-damage|p2a: Spiritomb|0 fnt\n|faint|p2a: Spiritomb\n|\n|-heal|p1a: Sudowoodo|24/100 tox|[from] item: Leftovers\n|-damage|p1a: Sudowoodo|0 fnt|[from] psn\n|faint|p1a: Sudowoodo\n|upkeep\n|inactive|Time left: 300 sec this turn | 300 sec total | 5 sec grace\n|\n|t:|1783554288\n|switch|p2a: Stonjourner|Stonjourner, L91, M|330/330\n|switch|p1a: Basculegion|Basculegion-F, L83, F, tera:Water|44/100\n|-damage|p2a: Stonjourner|289/330|[from] Stealth Rock\n|turn|14\n|inactive|Time left: 300 sec this turn | 300 sec total\n|\n|t:|1783554289\n|move|p2a: Stonjourner|Earthquake|p1a: Basculegion\n|-damage|p1a: Basculegion|0 fnt\n|faint|p1a: Basculegion\n|-damage|p2a: Stonjourner|256/330|[from] item: Life Orb\n|\n|upkeep\n|\n|t:|1783554290\n|switch|p1a: Malamar|Malamar, L82, F|100/100\n|turn|15\n|inactive|Time left: 300 sec this turn | 300 sec total\n|\n|t:|1783554291\n|move|p2a: Stonjourner|Stone Edge|p1a: Malamar\n|-damage|p1a: Malamar|32/100\n|-damage|p2a: Stonjourner|223/330|[from] item: Life Orb\n|move|p1a: Malamar|Superpower|p2a: Stonjourner\n|-supereffective|p2a: Stonjourner\n|-damage|p2a: Stonjourner|115/330\n|-boost|p1a: Malamar|atk|1\n|-boost|p1a: Malamar|def|1\n|\n|upkeep\n|turn|16\n|inactive|Time left: 300 sec this turn | 300 sec total\n|\n|t:|1783554292\n|move|p2a: Stonjourner|Heat Crash|p1a: Malamar\n|-damage|p1a: Malamar|0 fnt\n|faint|p1a: Malamar\n|-damage|p2a: Stonjourner|82/330|[from] item: Life Orb\n|\n|upkeep\n|\n|t:|1783554293\n|switch|p1a: Braviary|Braviary-Hisui, L85, M|73/100\n|turn|17\n|inactive|Time left: 300 sec this turn | 300 sec total\n|\n|t:|1783554294\n|move|p1a: Braviary|Vacuum Wave|p2a: Stonjourner\n|-supereffective|p2a: Stonjourner\n|-damage|p2a: Stonjourner|0 fnt\n|faint|p2a: Stonjourner\n|\n|upkeep\n|inactive|Time left: 300 sec this turn | 300 sec total | 5 sec grace\n|\n|t:|1783554295\n|switch|p2a: Grumpig|Grumpig, L92, F|297/297\n|-damage|p2a: Grumpig|260/297|[from] Stealth Rock\n|turn|18\n|inactive|Time left: 300 sec this turn | 300 sec total\n|\n|t:|1783554296\n|move|p1a: Braviary|Vacuum Wave|p2a: Grumpig\n|-resisted|p2a: Grumpig\n|-damage|p2a: Grumpig|226/297\n|move|p2a: Grumpig|Nasty Plot|p2a: Grumpig\n|-boost|p2a: Grumpig|spa|2\n|\n|-heal|p2a: Grumpig|244/297|[from] item: Leftovers\n|upkeep\n|turn|19\n|inactive|Time left: 300 sec this turn | 300 sec total\n|\n|t:|1783554297\n|move|p1a: Braviary|Vacuum Wave|p2a: Grumpig\n|-resisted|p2a: Grumpig\n|-damage|p2a: Grumpig|208/297\n|move|p2a: Grumpig|Shadow Ball|p1a: Braviary\n|-supereffective|p1a: Braviary\n|-damage|p1a: Braviary|0 fnt\n|faint|p1a: Braviary\n|\n|win|p0y13041e5d", "uploadtime": 1783554297, "views": 0, "rating": 0, "private": 0, "password": null, "_winner": "p0y13041e5d", "_our_name": "p0y13041e5d"}