{"id": "battle-gen9randombattle-287", "formatid": "gen9randombattle", "format": "[Gen 9] Random Battle", "players": ["p0x2873418", "p0y28731f9"], "log": "|init|battle\n|title|p0x2873418 vs. p0y28731f9\n|j|\u2606p0x2873418\n|j|\u2606p0y28731f9\n|t:|1783542904\n|gametype|singles\n|player|p1|p0x2873418|2|\n|player|p2|p0y28731f9|101|\n|gen|9\n|tier|[Gen 9] Random Battle\n|rule|Species Clause: Limit one of each Pok\u00e9mon\n|rule|HP Percentage Mod: HP is shown in percentages\n|rule|Sleep Clause Mod: Limit one foe put to sleep\n|rule|Illusion Level Mod: Illusion disguises the Pok\u00e9mon's true level\n|\n|t:|1783542905\n|teamsize|p1|6\n|teamsize|p2|6\n|start\n|switch|p1a: Flutter Mane|Flutter Mane, L74|203/203\n|switch|p2a: Urshifu|Urshifu, L74, F|100/100\n|turn|1\n|inactive|Battle timer is ON: inactive players will automatically lose when time's up. (requested by p0y28731f9)\n|inactive|Time left: 300 sec this turn | 300 sec total | 60 sec grace\n|inactive|p0x2873418 also wants the timer to be on.\n|\n|t:|1783542906\n|move|p2a: Urshifu|Wicked Blow|p1a: Flutter Mane\n|-crit|p1a: Flutter Mane\n|-damage|p1a: Flutter Mane|26/203\n|move|p1a: Flutter Mane|Moonblast|p2a: Urshifu\n|-supereffective|p2a: Urshifu\n|-damage|p2a: Urshifu|0 fnt\n|faint|p2a: Urshifu\n|\n|upkeep\n|\n|t:|1783542908\n|switch|p2a: Magcargo|Magcargo, L95, F|100/100\n|turn|2\n|inactive|Time left: 300 sec this turn | 300 sec total\n|\n|t:|1783542909\n|move|p1a: Flutter Mane|Moonblast|p2a: Magcargo\n|-resisted|p2a: Magcargo\n|-damage|p2a: Magcargo|73/100\n|move|p2a: Magcargo|Shell Smash|p2a: Magcargo\n|-unboost|p2a: Magcargo|def|1\n|-unboost|p2a: Magcargo|spd|1\n|-boost|p2a: Magcargo|atk|2\n|-boost|p2a: Magcargo|spa|2\n|-boost|p2a: Magcargo|spe|2\n|\n|upkeep\n|turn|3\n|inactive|Time left: 300 sec this turn | 300 sec total\n|\n|t:|1783542910\n|move|p1a: Flutter Mane|Moonblast|p2a: Magcargo\n|-resisted|p2a: Magcargo\n|-damage|p2a: Magcargo|34/100\n|move|p2a: Magcargo|Shell Smash|p2a: Magcargo\n|-unboost|p2a: Magcargo|def|1\n|-unboost|p2a: Magcargo|spd|1\n|-boost|p2a: Magcargo|atk|2\n|-boost|p2a: Magcargo|spa|2\n|-boost|p2a: Magcargo|spe|2\n|\n|upkeep\n|turn|4\n|inactive|Time left: 300 sec this turn | 300 sec total\n|\n|t:|1783542911\n|move|p2a: Magcargo|Power Gem|p1a: Flutter Mane\n|-damage|p1a: Flutter Mane|0 fnt\n|faint|p1a: Flutter Mane\n|-end|p1a: Flutter Mane|Protosynthesis|[silent]\n|\n|upkeep\n|inactive|Time left: 300 sec this turn | 300 sec total | 5 sec grace\n|\n|t:|1783542912\n|switch|p1a: Primarina|Primarina, L83, F|268/268\n|turn|5\n|inactive|Time left: 300 sec this turn | 300 sec total\n|\n|t:|1783542913\n|move|p2a: Magcargo|Power Gem|p1a: Primarina\n|-damage|p1a: Primarina|0 fnt\n|faint|p1a: Primarina\n|\n|upkeep\n|inactive|Time left: 300 sec this turn | 300 sec total | 5 sec grace\n|\n|t:|1783542914\n|switch|p1a: Toedscruel|Toedscruel, L87, F|281/281\n|turn|6\n|inactive|Time left: 300 sec this turn | 300 sec total\n|\n|t:|1783542915\n|-terastallize|p2a: Magcargo|Grass\n|-terastallize|p1a: Toedscruel|Water\n|move|p2a: Magcargo|Fire Blast|p1a: Toedscruel|[miss]\n|-miss|p2a: Magcargo|p1a: Toedscruel\n|move|p1a: Toedscruel|Earth Power|p2a: Magcargo\n|-resisted|p2a: Magcargo\n|-damage|p2a: Magcargo|5/100\n|\n|upkeep\n|turn|7\n|inactive|Time left: 300 sec this turn | 300 sec total\n|\n|t:|1783542916\n|move|p2a: Magcargo|Power Gem|p1a: Toedscruel\n|-damage|p1a: Toedscruel|137/281\n|move|p1a: Toedscruel|Earth Power|p2a: Magcargo\n|-resisted|p2a: Magcargo\n|-damage|p2a: Magcargo|0 fnt\n|faint|p2a: Magcargo\n|\n|upkeep\n|\n|t:|1783542917\n|switch|p2a: Toucannon|Toucannon, L88, M|100/100\n|turn|8\n|inactive|Time left: 300 sec this turn | 300 sec total\n|\n|t:|1783542918\n|switch|p1a: Dialga|Dialga-Origin, L73|266/266\n|-ability|p1a: Dialga|Pressure\n|-singleturn|p2a: Toucannon|move: Beak Blast\n|move|p2a: Toucannon|Beak Blast|p1a: Dialga\n|-resisted|p1a: Dialga\n|-damage|p1a: Dialga|201/266\n|\n|upkeep\n|turn|9\n|inactive|Time left: 300 sec this turn | 300 sec total\n|\n|t:|1783542919\n|move|p1a: Dialga|Heavy Slam|p2a: Toucannon\n|-damage|p2a: Toucannon|58/100\n|move|p2a: Toucannon|Roost|p2a: Toucannon\n|-heal|p2a: Toucannon|100/100\n|-singleturn|p2a: Toucannon|move: Roost\n|\n|upkeep\n|turn|10\n|inactive|Time left: 300 sec this turn | 300 sec total\n|\n|t:|1783542920\n|switch|p2a: Goodra|Goodra-Hisui, L82, F|100/100\n|move|p1a: Dialga|Heavy Slam|p2a: Goodra\n|-resisted|p2a: Goodra\n|-damage|p2a: Goodra|90/100\n|\n|upkeep\n|turn|11\n|inactive|Time left: 300 sec this turn | 300 sec total\n|\n|t:|1783542921\n|move|p1a: Dialga|Fire Blast|p2a: Goodra\n|-damage|p2a: Goodra|76/100\n|-status|p2a: Goodra|brn\n|move|p2a: Goodra|Earthquake|p1a: Dialga\n|-supereffective|p1a: Dialga\n|-damage|p1a: Dialga|137/266\n|\n|-damage|p2a: Goodra|70/100 brn|[from] brn\n|upkeep\n|turn|12\n|inactive|Time left: 300 sec this turn | 300 sec total\n|\n|t:|1783542922\n|move|p1a: Dialga|Stealth Rock|p2a: Goodra\n|-sidestart|p2: p0y28731f9|move: Stealth Rock\n|move|p2a: Goodra|Thunderbolt|p1a: Dialga\n|-resisted|p1a: Dialga\n|-damage|p1a: Dialga|106/266\n|\n|-damage|p2a: Goodra|64/100 brn|[from] brn\n|upkeep\n|turn|13\n|inactive|Time left: 300 sec this turn | 300 sec total\n|\n|t:|1783542923\n|move|p1a: Dialga|Fire Blast|p2a: Goodra\n|-damage|p2a: Goodra|50/100 brn\n|move|p2a: Goodra|Draco Meteor|p1a: Dialga\n|-damage|p1a: Dialga|0 fnt\n|-unboost|p2a: Goodra|spa|2\n|faint|p1a: Dialga\n|\n|-damage|p2a: Goodra|44/100 brn|[from] brn\n|upkeep\n|inactive|Time left: 300 sec this turn | 300 sec total | 5 sec grace\n|\n|t:|1783542924\n|switch|p1a: Bellossom|Bellossom, L84, F|263/263\n|turn|14\n|inactive|Time left: 300 sec this turn | 300 sec total\n|\n|t:|1783542925\n|switch|p2a: Toucannon|Toucannon, L88, M|100/100\n|move|p1a: Bellossom|Quiver Dance|p1a: Bellossom\n|-boost|p1a: Bellossom|spa|1\n|-boost|p1a: Bellossom|spd|1\n|-boost|p1a: Bellossom|spe|1\n|\n|upkeep\n|turn|15\n|inactive|Time left: 300 sec this turn | 300 sec total\n|\n|t:|1783542926\n|-singleturn|p2a: Toucannon|move: Beak Blast\n|move|p1a: Bellossom|Strength Sap|p2a: Toucannon\n|-unboost|p2a: Toucannon|atk|1\n|move|p2a: Toucannon|Beak Blast|p1a: Bellossom\n|-supereffective|p1a: Bellossom\n|-crit|p1a: Bellossom\n|-damage|p1a: Bellossom|0 fnt\n|faint|p1a: Bellossom\n|\n|upkeep\n|inactive|Time left: 300 sec this turn | 300 sec total | 5 sec grace\n|\n|t:|1783542926\n|switch|p1a: Indeedee|Indeedee-F, L90, F|272/272\n|-fieldstart|move: Psychic Terrain|[from] ability: Psychic Surge|[of] p1a: Indeedee\n|turn|16\n|inactive|Time left: 300 sec this turn | 300 sec total\n|\n|t:|1783542927\n|move|p1a: Indeedee|Psychic|p2a: Toucannon\n|-damage|p2a: Toucannon|26/100\n|move|p2a: Toucannon|Roost|p2a: Toucannon\n|-heal|p2a: Toucannon|76/100\n|-singleturn|p2a: Toucannon|move: Roost\n|\n|upkeep\n|turn|17\n|inactive|Time left: 300 sec this turn | 300 sec total\n|\n|t:|1783542929\n|switch|p2a: Hatterene|Hatterene, L85, F|100/100\n|-damage|p2a: Hatterene|88/100|[from] Stealth Rock\n|move|p1a: Indeedee|Psychic|p2a: Hatterene\n|-resisted|p2a: Hatterene\n|-damage|p2a: Hatterene|62/100\n|\n|upkeep\n|turn|18\n|inactive|Time left: 300 sec this turn | 300 sec total\n|\n|t:|1783542930\n|move|p1a: Indeedee|Psychic|p2a: Hatterene\n|-resisted|p2a: Hatterene\n|-damage|p2a: Hatterene|34/100\n|move|p2a: Hatterene|Nuzzle|p1a: Indeedee\n|-damage|p1a: Indeedee|254/272\n|-status|p1a: Indeedee|par\n|\n|upkeep\n|turn|19\n|inactive|Time left: 300 sec this turn | 300 sec total\n|\n|t:|1783542931\n|cant|p1a: Indeedee|par\n|move|p2a: Hatterene|Draining Kiss|p1a: Indeedee\n|-damage|p1a: Indeedee|199/272 par\n|-heal|p2a: Hatterene|51/100|[from] drain|[of] p1a: Indeedee\n|\n|upkeep\n|turn|20\n|inactive|Time left: 300 sec this turn | 300 sec total\n|\n|t:|1783542932\n|cant|p1a: Indeedee|par\n|move|p2a: Hatterene|Draining Kiss|p1a: Indeedee\n|-damage|p1a: Indeedee|136/272 par\n|-heal|p2a: Hatterene|71/100|[from] drain|[of] p1a: Indeedee\n|\n|-fieldend|move: Psychic Terrain\n|upkeep\n|turn|21\n|inactive|Time left: 300 sec this turn | 300 sec total\n|\n|t:|1783542933\n|move|p1a: Indeedee|Psychic|p2a: Hatterene\n|-resisted|p2a: Hatterene\n|-damage|p2a: Hatterene|50/100\n|move|p2a: Hatterene|Draining Kiss|p1a: Indeedee\n|-crit|p1a: Indeedee\n|-damage|p1a: Indeedee|40/272 par\n|-heal|p2a: Hatterene|81/100|[from] drain|[of] p1a: Indeedee\n|\n|upkeep\n|turn|22\n|inactive|Time left: 300 sec this turn | 300 sec total\n|\n|t:|1783542934\n|switch|p1a: Toedscruel|Toedscruel, L87, F, tera:Water|137/281\n|switch|p2a: Toucannon|Toucannon, L88, M|76/100\n|\n|upkeep\n|turn|23\n|inactive|Time left: 300 sec this turn | 300 sec total\n|\n|t:|1783542935\n|switch|p1a: Indeedee|Indeedee-F, L90, F|40/272 par\n|-fieldstart|move: Psychic Terrain|[from] ability: Psychic Surge|[of] p1a: Indeedee\n|-singleturn|p2a: Toucannon|move: Beak Blast\n|move|p2a: Toucannon|Beak Blast|p1a: Indeedee\n|-damage|p1a: Indeedee|0 fnt\n|faint|p1a: Indeedee\n|\n|upkeep\n|inactive|Time left: 300 sec this turn | 300 sec total | 5 sec grace\n|\n|t:|1783542936\n|switch|p1a: Toedscruel|Toedscruel, L87, F, tera:Water|137/281\n|turn|24\n|inactive|Time left: 300 sec this turn | 300 sec total\n|\n|t:|1783542937\n|move|p1a: Toedscruel|Earth Power|p2a: Toucannon\n|-immune|p2a: Toucannon\n|move|p2a: Toucannon|Bullet Seed|p1a: Toedscruel\n|-supereffective|p1a: Toedscruel\n|-damage|p1a: Toedscruel|83/281\n|-supereffective|p1a: Toedscruel\n|-damage|p1a: Toedscruel|29/281\n|-supereffective|p1a: Toedscruel\n|-damage|p1a: Toedscruel|0 fnt\n|faint|p1a: Toedscruel\n|-hitcount|p1: Toedscruel|3\n|\n|win|p0y28731f9", "uploadtime": 1783542937, "views": 0, "rating": 0, "private": 0, "password": null, "_winner": "p0y28731f9", "_our_name": "p0x2873418"}