{"id": "battle-gen9randombattle-337", "formatid": "gen9randombattle", "format": "[Gen 9] Random Battle", "players": ["p0x33706a6", "p0y337930b"], "log": "|init|battle\n|title|p0x33706a6 vs. p0y337930b\n|j|\u2606p0x33706a6\n|j|\u2606p0y337930b\n|t:|1783543003\n|gametype|singles\n|player|p1|p0x33706a6|2|\n|player|p2|p0y337930b|102|\n|gen|9\n|tier|[Gen 9] Random Battle\n|rule|Species Clause: Limit one of each Pok\u00e9mon\n|rule|HP Percentage Mod: HP is shown in percentages\n|rule|Sleep Clause Mod: Limit one foe put to sleep\n|rule|Illusion Level Mod: Illusion disguises the Pok\u00e9mon's true level\n|\n|t:|1783543003\n|teamsize|p1|6\n|teamsize|p2|6\n|start\n|switch|p1a: Stantler|Stantler, L92, F|284/284\n|switch|p2a: Arbok|Arbok, L87, M|100/100\n|-ability|p1a: Stantler|Intimidate|boost\n|-unboost|p2a: Arbok|atk|1\n|-ability|p2a: Arbok|Intimidate|boost\n|-unboost|p1a: Stantler|atk|1\n|turn|1\n|inactive|Battle timer is ON: inactive players will automatically lose when time's up. (requested by p0y337930b)\n|inactive|Time left: 300 sec this turn | 300 sec total | 60 sec grace\n|inactive|p0x33706a6 also wants the timer to be on.\n|\n|t:|1783543005\n|switch|p2a: Flareon|Flareon, L90, M|100/100\n|move|p1a: Stantler|Earth Power|p2a: Flareon\n|-supereffective|p2a: Flareon\n|-damage|p2a: Flareon|58/100\n|-unboost|p2a: Flareon|spd|1\n|\n|-status|p2a: Flareon|tox|[from] item: Toxic Orb\n|upkeep\n|turn|2\n|inactive|Time left: 300 sec this turn | 300 sec total\n|\n|t:|1783543007\n|-terastallize|p2a: Flareon|Normal\n|move|p1a: Stantler|Earth Power|p2a: Flareon\n|-damage|p2a: Flareon|28/100 tox\n|move|p2a: Flareon|Facade|p1a: Stantler\n|-damage|p1a: Stantler|43/284\n|\n|-damage|p2a: Flareon|22/100 tox|[from] psn\n|upkeep\n|turn|3\n|inactive|Time left: 300 sec this turn | 300 sec total\n|\n|t:|1783543008\n|move|p2a: Flareon|Quick Attack|p1a: Stantler\n|-damage|p1a: Stantler|0 fnt\n|faint|p1a: Stantler\n|\n|-damage|p2a: Flareon|10/100 tox|[from] psn\n|upkeep\n|inactive|Time left: 300 sec this turn | 300 sec total | 5 sec grace\n|\n|t:|1783543009\n|switch|p1a: Thundurus|Thundurus-Therian, L80, M|258/258\n|turn|4\n|inactive|Time left: 300 sec this turn | 300 sec total\n|\n|t:|1783543010\n|switch|p2a: Alcremie|Alcremie-Ruby-Cream, L90, F|100/100\n|move|p1a: Thundurus|Thunderbolt|p2a: Alcremie\n|-damage|p2a: Alcremie|46/100\n|\n|-heal|p2a: Alcremie|52/100|[from] item: Leftovers\n|upkeep\n|turn|5\n|inactive|Time left: 300 sec this turn | 300 sec total\n|\n|t:|1783543011\n|move|p1a: Thundurus|Thunderbolt|p2a: Alcremie\n|-damage|p2a: Alcremie|0 fnt\n|faint|p2a: Alcremie\n|\n|upkeep\n|\n|t:|1783543013\n|switch|p2a: Exeggutor|Exeggutor, L89, F|100/100\n|turn|6\n|inactive|Time left: 300 sec this turn | 300 sec total\n|\n|t:|1783543014\n|move|p1a: Thundurus|Thunderbolt|p2a: Exeggutor\n|-resisted|p2a: Exeggutor\n|-damage|p2a: Exeggutor|68/100\n|move|p2a: Exeggutor|Psychic Noise|p1a: Thundurus\n|-damage|p1a: Thundurus|138/258\n|-start|p1a: Thundurus|move: Heal Block\n|\n|upkeep\n|turn|7\n|inactive|Time left: 300 sec this turn | 300 sec total\n|\n|t:|1783543015\n|move|p1a: Thundurus|Thunderbolt|p2a: Exeggutor\n|-resisted|p2a: Exeggutor\n|-damage|p2a: Exeggutor|38/100\n|-enditem|p2a: Exeggutor|Sitrus Berry|[eat]\n|-heal|p2a: Exeggutor|63/100|[from] item: Sitrus Berry\n|move|p2a: Exeggutor|Psychic Noise|p1a: Thundurus\n|-damage|p1a: Thundurus|26/258\n|\n|-end|p1a: Thundurus|move: Heal Block\n|upkeep\n|turn|8\n|inactive|Time left: 300 sec this turn | 300 sec total\n|\n|t:|1783543017\n|move|p1a: Thundurus|Thunderbolt|p2a: Exeggutor\n|-resisted|p2a: Exeggutor\n|-damage|p2a: Exeggutor|31/100\n|move|p2a: Exeggutor|Psychic Noise|p1a: Thundurus\n|-damage|p1a: Thundurus|0 fnt\n|faint|p1a: Thundurus\n|\n|upkeep\n|inactive|Time left: 300 sec this turn | 300 sec total | 5 sec grace\n|\n|t:|1783543018\n|switch|p1a: Exeggutor|Exeggutor, L89, F|314/314\n|turn|9\n|inactive|Time left: 300 sec this turn | 300 sec total\n|\n|t:|1783543019\n|move|p2a: Exeggutor|Psychic Noise|p1a: Exeggutor\n|-resisted|p1a: Exeggutor\n|-damage|p1a: Exeggutor|254/314\n|-start|p1a: Exeggutor|move: Heal Block\n|move|p1a: Exeggutor|Calm Mind|p1a: Exeggutor\n|-boost|p1a: Exeggutor|spa|1\n|-boost|p1a: Exeggutor|spd|1\n|\n|-item|p2a: Exeggutor|Sitrus Berry|[from] ability: Harvest\n|upkeep\n|-enditem|p2a: Exeggutor|Sitrus Berry|[eat]\n|-heal|p2a: Exeggutor|56/100|[from] item: Sitrus Berry\n|turn|10\n|inactive|Time left: 300 sec this turn | 300 sec total\n|\n|t:|1783543020\n|move|p2a: Exeggutor|Protect|p2a: Exeggutor\n|-singleturn|p2a: Exeggutor|Protect\n|move|p1a: Exeggutor|Psyshock|p2a: Exeggutor\n|-activate|p2a: Exeggutor|move: Protect\n|\n|-end|p1a: Exeggutor|move: Heal Block\n|-item|p2a: Exeggutor|Sitrus Berry|[from] ability: Harvest\n|upkeep\n|turn|11\n|inactive|Time left: 300 sec this turn | 300 sec total\n|\n|t:|1783543021\n|move|p1a: Exeggutor|Giga Drain|p2a: Exeggutor\n|-resisted|p2a: Exeggutor\n|-damage|p2a: Exeggutor|30/100\n|-heal|p1a: Exeggutor|296/314|[from] drain|[of] p2a: Exeggutor\n|-enditem|p2a: Exeggutor|Sitrus Berry|[eat]\n|-heal|p2a: Exeggutor|55/100|[from] item: Sitrus Berry\n|move|p2a: Exeggutor|Psychic Noise|p1a: Exeggutor\n|-resisted|p1a: Exeggutor\n|-damage|p1a: Exeggutor|257/314\n|-start|p1a: Exeggutor|move: Heal Block\n|\n|-item|p2a: Exeggutor|Sitrus Berry|[from] ability: Harvest\n|upkeep\n|turn|12\n|inactive|Time left: 300 sec this turn | 300 sec total\n|\n|t:|1783543022\n|move|p2a: Exeggutor|Leech Seed|p1a: Exeggutor\n|-immune|p1a: Exeggutor\n|move|p1a: Exeggutor|Psyshock|p2a: Exeggutor\n|-resisted|p2a: Exeggutor\n|-damage|p2a: Exeggutor|27/100\n|-enditem|p2a: Exeggutor|Sitrus Berry|[eat]\n|-heal|p2a: Exeggutor|52/100|[from] item: Sitrus Berry\n|\n|-end|p1a: Exeggutor|move: Heal Block\n|-item|p2a: Exeggutor|Sitrus Berry|[from] ability: Harvest\n|upkeep\n|turn|13\n|inactive|Time left: 300 sec this turn | 300 sec total\n|\n|t:|1783543024\n|move|p2a: Exeggutor|Psychic Noise|p1a: Exeggutor\n|-resisted|p1a: Exeggutor\n|-damage|p1a: Exeggutor|221/314\n|-start|p1a: Exeggutor|move: Heal Block\n|move|p1a: Exeggutor|Calm Mind|p1a: Exeggutor\n|-boost|p1a: Exeggutor|spa|1\n|-boost|p1a: Exeggutor|spd|1\n|\n|upkeep\n|turn|14\n|inactive|Time left: 300 sec this turn | 300 sec total\n|\n|t:|1783543025\n|move|p2a: Exeggutor|Protect|p2a: Exeggutor\n|-singleturn|p2a: Exeggutor|Protect\n|move|p1a: Exeggutor|Psyshock|p2a: Exeggutor\n|-activate|p2a: Exeggutor|move: Protect\n|\n|-end|p1a: Exeggutor|move: Heal Block\n|upkeep\n|turn|15\n|inactive|Time left: 300 sec this turn | 300 sec total\n|\n|t:|1783543026\n|move|p1a: Exeggutor|Psyshock|p2a: Exeggutor\n|-resisted|p2a: Exeggutor\n|-damage|p2a: Exeggutor|17/100\n|-enditem|p2a: Exeggutor|Sitrus Berry|[eat]\n|-heal|p2a: Exeggutor|42/100|[from] item: Sitrus Berry\n|move|p2a: Exeggutor|Psychic Noise|p1a: Exeggutor\n|-resisted|p1a: Exeggutor\n|-damage|p1a: Exeggutor|191/314\n|-start|p1a: Exeggutor|move: Heal Block\n|\n|-item|p2a: Exeggutor|Sitrus Berry|[from] ability: Harvest\n|upkeep\n|-enditem|p2a: Exeggutor|Sitrus Berry|[eat]\n|-heal|p2a: Exeggutor|67/100|[from] item: Sitrus Berry\n|turn|16\n|inactive|Time left: 300 sec this turn | 300 sec total\n|\n|t:|1783543027\n|move|p2a: Exeggutor|Protect|p2a: Exeggutor\n|-singleturn|p2a: Exeggutor|Protect\n|move|p1a: Exeggutor|Psyshock|p2a: Exeggutor\n|-activate|p2a: Exeggutor|move: Protect\n|\n|-end|p1a: Exeggutor|move: Heal Block\n|upkeep\n|turn|17\n|inactive|Time left: 300 sec this turn | 300 sec total\n|\n|t:|1783543028\n|move|p1a: Exeggutor|Psyshock|p2a: Exeggutor\n|-resisted|p2a: Exeggutor\n|-crit|p2a: Exeggutor\n|-damage|p2a: Exeggutor|14/100\n|move|p2a: Exeggutor|Psychic Noise|p1a: Exeggutor\n|-resisted|p1a: Exeggutor\n|-damage|p1a: Exeggutor|162/314\n|-start|p1a: Exeggutor|move: Heal Block\n|\n|upkeep\n|turn|18\n|inactive|Time left: 300 sec this turn | 300 sec total\n|\n|t:|1783543029\n|move|p2a: Exeggutor|Leech Seed|p1a: Exeggutor\n|-immune|p1a: Exeggutor\n|move|p1a: Exeggutor|Psyshock|p2a: Exeggutor\n|-resisted|p2a: Exeggutor\n|-damage|p2a: Exeggutor|0 fnt\n|faint|p2a: Exeggutor\n|\n|-end|p1a: Exeggutor|move: Heal Block\n|upkeep\n|\n|t:|1783543030\n|switch|p2a: Flareon|Flareon, L90, M, tera:Normal|10/100 tox\n|turn|19\n|inactive|Time left: 300 sec this turn | 300 sec total\n|\n|t:|1783543031\n|move|p2a: Flareon|Flare Blitz|p1a: Exeggutor\n|-supereffective|p1a: Exeggutor\n|-crit|p1a: Exeggutor\n|-damage|p1a: Exeggutor|0 fnt\n|faint|p1a: Exeggutor\n|-damage|p2a: Flareon|0 fnt|[from] Recoil\n|faint|p2a: Flareon\n|\n|upkeep\n|inactive|Time left: 300 sec this turn | 300 sec total | 5 sec grace\n|\n|t:|1783543032\n|switch|p2a: Pecharunt|Pecharunt, L77|100/100\n|switch|p1a: Hippowdon|Hippowdon, L82, M|311/311\n|-weather|Sandstorm|[from] ability: Sand Stream|[of] p1a: Hippowdon\n|turn|20\n|inactive|Time left: 300 sec this turn | 300 sec total\n|\n|t:|1783543033\n|move|p2a: Pecharunt|Parting Shot|p1a: Hippowdon\n|-unboost|p1a: Hippowdon|atk|1\n|-unboost|p1a: Hippowdon|spa|1\n|\n|t:|1783543034\n|switch|p2a: Dachsbun|Dachsbun, L92, M|100/100|[from] Parting Shot\n|move|p1a: Hippowdon|Earthquake|p2a: Dachsbun\n|-damage|p2a: Dachsbun|78/100\n|\n|-weather|Sandstorm|[upkeep]\n|-damage|p2a: Dachsbun|72/100|[from] Sandstorm\n|-heal|p2a: Dachsbun|78/100|[from] item: Leftovers\n|upkeep\n|turn|21\n|inactive|Time left: 300 sec this turn | 300 sec total\n|\n|t:|1783543035\n|switch|p1a: Quagsire|Quagsire, L84, F|297/297\n|move|p2a: Dachsbun|Wish|p2a: Dachsbun\n|\n|-weather|Sandstorm|[upkeep]\n|-damage|p2a: Dachsbun|72/100|[from] Sandstorm\n|-heal|p2a: Dachsbun|78/100|[from] item: Leftovers\n|upkeep\n|turn|22\n|inactive|Time left: 300 sec this turn | 300 sec total\n|\n|t:|1783543036\n|move|p2a: Dachsbun|Body Press|p1a: Quagsire\n|-damage|p1a: Quagsire|222/297\n|move|p1a: Quagsire|Toxic|p2a: Dachsbun\n|-status|p2a: Dachsbun|tox\n|\n|-weather|Sandstorm|[upkeep]\n|-damage|p2a: Dachsbun|72/100 tox|[from] Sandstorm\n|-heal|p2a: Dachsbun|100/100 tox|[from] move: Wish|[wisher] Dachsbun\n|-heal|p1a: Quagsire|240/297|[from] item: Leftovers\n|-damage|p2a: Dachsbun|95/100 tox|[from] psn\n|upkeep\n|turn|23\n|inactive|Time left: 300 sec this turn | 300 sec total\n|\n|t:|1783543037\n|switch|p2a: Pecharunt|Pecharunt, L77|100/100\n|move|p1a: Quagsire|Earthquake|p2a: Pecharunt\n|-supereffective|p2a: Pecharunt\n|-damage|p2a: Pecharunt|55/100\n|\n|-weather|Sandstorm|[upkeep]\n|-damage|p2a: Pecharunt|49/100|[from] Sandstorm\n|-heal|p2a: Pecharunt|55/100|[from] item: Leftovers\n|-heal|p1a: Quagsire|258/297|[from] item: Leftovers\n|upkeep\n|turn|24\n|inactive|Time left: 300 sec this turn | 300 sec total\n|\n|t:|1783543038\n|move|p2a: Pecharunt|Recover|p2a: Pecharunt\n|-heal|p2a: Pecharunt|100/100\n|move|p1a: Quagsire|Earthquake|p2a: Pecharunt\n|-supereffective|p2a: Pecharunt\n|-damage|p2a: Pecharunt|54/100\n|\n|-weather|none\n|-heal|p2a: Pecharunt|60/100|[from] item: Leftovers\n|-heal|p1a: Quagsire|276/297|[from] item: Leftovers\n|upkeep\n|turn|25\n|inactive|Time left: 300 sec this turn | 300 sec total\n|\n|t:|1783543039\n|move|p2a: Pecharunt|Parting Shot|p1a: Quagsire\n|-unboost|p1a: Quagsire|atk|1\n|-unboost|p1a: Quagsire|spa|1\n|\n|t:|1783543039\n|switch|p2a: Dachsbun|Dachsbun, L92, M|95/100 tox|[from] Parting Shot\n|move|p1a: Quagsire|Earthquake|p2a: Dachsbun\n|-damage|p2a: Dachsbun|75/100 tox\n|\n|-heal|p2a: Dachsbun|81/100 tox|[from] item: Leftovers\n|-heal|p1a: Quagsire|294/297|[from] item: Leftovers\n|-damage|p2a: Dachsbun|75/100 tox|[from] psn\n|upkeep\n|turn|26\n|inactive|Time left: 300 sec this turn | 300 sec total\n|\n|t:|1783543041\n|switch|p2a: Pecharunt|Pecharunt, L77|60/100\n|switch|p1a: Hippowdon|Hippowdon, L82, M|311/311\n|-weather|Sandstorm|[from] ability: Sand Stream|[of] p1a: Hippowdon\n|\n|-weather|Sandstorm|[upkeep]\n|-damage|p2a: Pecharunt|54/100|[from] Sandstorm\n|-heal|p2a: Pecharunt|60/100|[from] item: Leftovers\n|upkeep\n|turn|27\n|inactive|Time left: 300 sec this turn | 300 sec total\n|\n|t:|1783543041\n|move|p2a: Pecharunt|Parting Shot|p1a: Hippowdon\n|-unboost|p1a: Hippowdon|atk|1\n|-unboost|p1a: Hippowdon|spa|1\n|\n|t:|1783543042\n|switch|p2a: Arbok|Arbok, L87, M|100/100|[from] Parting Shot\n|-ability|p2a: Arbok|Intimidate|boost\n|-unboost|p1a: Hippowdon|atk|1\n|move|p1a: Hippowdon|Earthquake|p2a: Arbok\n|-supereffective|p2a: Arbok\n|-damage|p2a: Arbok|44/100\n|\n|-weather|Sandstorm|[upkeep]\n|-damage|p2a: Arbok|37/100|[from] Sandstorm\n|-heal|p2a: Arbok|44/100|[from] item: Leftovers\n|upkeep\n|turn|28\n|inactive|Time left: 300 sec this turn | 300 sec total\n|\n|t:|1783543044\n|switch|p2a: Pecharunt|Pecharunt, L77|60/100\n|switch|p1a: Ursaring|Ursaring, L84, F|288/288\n|\n|-weather|Sandstorm|[upkeep]\n|-damage|p2a: Pecharunt|54/100|[from] Sandstorm\n|-damage|p1a: Ursaring|270/288|[from] Sandstorm\n|-heal|p2a: Pecharunt|60/100|[from] item: Leftovers\n|upkeep\n|turn|29\n|inactive|Time left: 300 sec this turn | 300 sec total\n|\n|t:|1783543045\n|-terastallize|p1a: Ursaring|Ground\n|move|p2a: Pecharunt|Recover|p2a: Pecharunt\n|-heal|p2a: Pecharunt|100/100\n|move|p1a: Ursaring|Earthquake|p2a: Pecharunt\n|-supereffective|p2a: Pecharunt\n|-damage|p2a: Pecharunt|32/100\n|\n|-weather|Sandstorm|[upkeep]\n|-damage|p2a: Pecharunt|26/100|[from] Sandstorm\n|-heal|p2a: Pecharunt|32/100|[from] item: Leftovers\n|upkeep\n|turn|30\n|inactive|Time left: 300 sec this turn | 300 sec total\n|\n|t:|1783543046\n|move|p2a: Pecharunt|Recover|p2a: Pecharunt\n|-heal|p2a: Pecharunt|82/100\n|move|p1a: Ursaring|Earthquake|p2a: Pecharunt\n|-supereffective|p2a: Pecharunt\n|-damage|p2a: Pecharunt|15/100\n|\n|-weather|none\n|-heal|p2a: Pecharunt|21/100|[from] item: Leftovers\n|upkeep\n|turn|31\n|inactive|Time left: 300 sec this turn | 300 sec total\n|\n|t:|1783543047\n|move|p2a: Pecharunt|Parting Shot|p1a: Ursaring\n|-unboost|p1a: Ursaring|atk|1\n|-unboost|p1a: Ursaring|spa|1\n|\n|t:|1783543048\n|switch|p2a: Arbok|Arbok, L87, M|44/100|[from] Parting Shot\n|-ability|p2a: Arbok|Intimidate|boost\n|-unboost|p1a: Ursaring|atk|1\n|move|p1a: Ursaring|Earthquake|p2a: Arbok\n|-supereffective|p2a: Arbok\n|-crit|p2a: Arbok\n|-damage|p2a: Arbok|0 fnt\n|faint|p2a: Arbok\n|\n|upkeep\n|\n|t:|1783543049\n|switch|p2a: Pecharunt|Pecharunt, L77|21/100\n|turn|32\n|inactive|Time left: 300 sec this turn | 300 sec total\n|\n|t:|1783543050\n|switch|p1a: Hippowdon|Hippowdon, L82, M|311/311\n|-weather|Sandstorm|[from] ability: Sand Stream|[of] p1a: Hippowdon\n|move|p2a: Pecharunt|Recover|p2a: Pecharunt\n|-heal|p2a: Pecharunt|71/100\n|\n|-weather|Sandstorm|[upkeep]\n|-damage|p2a: Pecharunt|65/100|[from] Sandstorm\n|-heal|p2a: Pecharunt|71/100|[from] item: Leftovers\n|upkeep\n|turn|33\n|inactive|Time left: 300 sec this turn | 300 sec total\n|\n|t:|1783543051\n|move|p2a: Pecharunt|Recover|p2a: Pecharunt\n|-heal|p2a: Pecharunt|100/100\n|move|p1a: Hippowdon|Earthquake|p2a: Pecharunt\n|-supereffective|p2a: Pecharunt\n|-crit|p2a: Pecharunt\n|-damage|p2a: Pecharunt|18/100\n|\n|-weather|Sandstorm|[upkeep]\n|-damage|p2a: Pecharunt|12/100|[from] Sandstorm\n|-heal|p2a: Pecharunt|18/100|[from] item: Leftovers\n|upkeep\n|turn|34\n|inactive|Time left: 300 sec this turn | 300 sec total\n|\n|t:|1783543052\n|move|p2a: Pecharunt|Recover|p2a: Pecharunt\n|-heal|p2a: Pecharunt|68/100\n|move|p1a: Hippowdon|Earthquake|p2a: Pecharunt\n|-supereffective|p2a: Pecharunt\n|-damage|p2a: Pecharunt|8/100\n|\n|-weather|Sandstorm|[upkeep]\n|-damage|p2a: Pecharunt|2/100|[from] Sandstorm\n|-heal|p2a: Pecharunt|8/100|[from] item: Leftovers\n|upkeep\n|turn|35\n|inactive|Time left: 300 sec this turn | 300 sec total\n|\n|t:|1783543053\n|move|p2a: Pecharunt|Parting Shot|p1a: Hippowdon\n|-unboost|p1a: Hippowdon|atk|1\n|-unboost|p1a: Hippowdon|spa|1\n|\n|t:|1783543054\n|switch|p2a: Dachsbun|Dachsbun, L92, M|75/100 tox|[from] Parting Shot\n|move|p1a: Hippowdon|Earthquake|p2a: Dachsbun\n|-damage|p2a: Dachsbun|54/100 tox\n|\n|-weather|Sandstorm|[upkeep]\n|-damage|p2a: Dachsbun|48/100 tox|[from] Sandstorm\n|-heal|p2a: Dachsbun|54/100 tox|[from] item: Leftovers\n|-damage|p2a: Dachsbun|48/100 tox|[from] psn\n|upkeep\n|turn|36\n|inactive|Time left: 300 sec this turn | 300 sec total\n|\n|t:|1783543055\n|switch|p2a: Pecharunt|Pecharunt, L77|8/100\n|move|p1a: Hippowdon|Earthquake|p2a: Pecharunt\n|-supereffective|p2a: Pecharunt\n|-damage|p2a: Pecharunt|0 fnt\n|faint|p2a: Pecharunt\n|\n|-weather|none\n|upkeep\n|\n|t:|1783543056\n|switch|p2a: Dachsbun|Dachsbun, L92, M|48/100 tox\n|turn|37\n|inactive|Time left: 300 sec this turn | 300 sec total\n|\n|t:|1783543057\n|switch|p1a: Ursaring|Ursaring, L84, F, tera:Ground|270/288\n|move|p2a: Dachsbun|Wish|p2a: Dachsbun\n|\n|-heal|p2a: Dachsbun|54/100 tox|[from] item: Leftovers\n|-damage|p2a: Dachsbun|48/100 tox|[from] psn\n|upkeep\n|turn|38\n|inactive|Time left: 300 sec this turn | 300 sec total\n|\n|t:|1783543058\n|move|p2a: Dachsbun|Protect|p2a: Dachsbun\n|-singleturn|p2a: Dachsbun|Protect\n|move|p1a: Ursaring|Earthquake|p2a: Dachsbun\n|-activate|p2a: Dachsbun|move: Protect\n|\n|-heal|p2a: Dachsbun|98/100 tox|[from] move: Wish|[wisher] Dachsbun\n|-heal|p2a: Dachsbun|100/100 tox|[from] item: Leftovers\n|-damage|p2a: Dachsbun|89/100 tox|[from] psn\n|upkeep\n|turn|39\n|inactive|Time left: 300 sec this turn | 300 sec total\n|\n|t:|1783543059\n|move|p2a: Dachsbun|Wish|p2a: Dachsbun\n|move|p1a: Ursaring|Earthquake|p2a: Dachsbun\n|-damage|p2a: Dachsbun|52/100 tox\n|\n|-heal|p2a: Dachsbun|58/100 tox|[from] item: Leftovers\n|-damage|p2a: Dachsbun|40/100 tox|[from] psn\n|upkeep\n|turn|40\n|inactive|Time left: 300 sec this turn | 300 sec total\n|\n|t:|1783543060\n|move|p2a: Dachsbun|Protect|p2a: Dachsbun\n|-singleturn|p2a: Dachsbun|Protect\n|move|p1a: Ursaring|Earthquake|p2a: Dachsbun\n|-activate|p2a: Dachsbun|move: Protect\n|\n|-heal|p2a: Dachsbun|90/100 tox|[from] move: Wish|[wisher] Dachsbun\n|-heal|p2a: Dachsbun|96/100 tox|[from] item: Leftovers\n|-damage|p2a: Dachsbun|73/100 tox|[from] psn\n|upkeep\n|turn|41\n|inactive|Time left: 300 sec this turn | 300 sec total\n|\n|t:|1783543061\n|move|p2a: Dachsbun|Wish|p2a: Dachsbun\n|move|p1a: Ursaring|Body Slam|p2a: Dachsbun\n|-damage|p2a: Dachsbun|38/100 tox\n|\n|-heal|p2a: Dachsbun|44/100 tox|[from] item: Leftovers\n|-damage|p2a: Dachsbun|14/100 tox|[from] psn\n|upkeep\n|turn|42\n|inactive|Time left: 300 sec this turn | 300 sec total\n|\n|t:|1783543062\n|move|p2a: Dachsbun|Protect|p2a: Dachsbun\n|-singleturn|p2a: Dachsbun|Protect\n|move|p1a: Ursaring|Sleep Talk||[still]\n|-fail|p1a: Ursaring\n|\n|-heal|p2a: Dachsbun|64/100 tox|[from] move: Wish|[wisher] Dachsbun\n|-heal|p2a: Dachsbun|70/100 tox|[from] item: Leftovers\n|-damage|p2a: Dachsbun|35/100 tox|[from] psn\n|upkeep\n|turn|43\n|inactive|Time left: 300 sec this turn | 300 sec total\n|\n|t:|1783543063\n|move|p2a: Dachsbun|Play Rough|p1a: Ursaring\n|-damage|p1a: Ursaring|198/288\n|move|p1a: Ursaring|Rest|p1a: Ursaring\n|-status|p1a: Ursaring|slp|[from] move: Rest\n|-heal|p1a: Ursaring|288/288 slp|[silent]\n|\n|-heal|p2a: Dachsbun|41/100 tox|[from] item: Leftovers\n|-damage|p2a: Dachsbun|0 fnt|[from] psn\n|faint|p2a: Dachsbun\n|\n|win|p0x33706a6", "uploadtime": 1783543063, "views": 0, "rating": 0, "private": 0, "password": null, "_winner": "p0x33706a6", "_our_name": "p0x33706a6"}