{"id": "battle-gen9randombattle-473", "formatid": "gen9randombattle", "format": "[Gen 9] Random Battle", "players": ["p0x473b95b", "p0y4736520"], "log": "|init|battle\n|title|p0x473b95b vs. p0y4736520\n|j|\u2606p0x473b95b\n|j|\u2606p0y4736520\n|t:|1783545267\n|gametype|singles\n|player|p1|p0x473b95b|170|\n|player|p2|p0y4736520|1|\n|gen|9\n|tier|[Gen 9] Random Battle\n|rule|Species Clause: Limit one of each Pok\u00e9mon\n|rule|HP Percentage Mod: HP is shown in percentages\n|rule|Sleep Clause Mod: Limit one foe put to sleep\n|rule|Illusion Level Mod: Illusion disguises the Pok\u00e9mon's true level\n|\n|t:|1783545267\n|teamsize|p1|6\n|teamsize|p2|6\n|start\n|switch|p1a: Vivillon|Vivillon-Elegant, L83, F|268/268\n|switch|p2a: Decidueye|Decidueye, L88, F|100/100\n|turn|1\n|inactive|Battle timer is ON: inactive players will automatically lose when time's up. (requested by p0y4736520)\n|inactive|Time left: 300 sec this turn | 300 sec total | 60 sec grace\n|inactive|p0x473b95b also wants the timer to be on.\n|\n|t:|1783545269\n|move|p1a: Vivillon|Quiver Dance|p1a: Vivillon\n|-boost|p1a: Vivillon|spa|1\n|-boost|p1a: Vivillon|spd|1\n|-boost|p1a: Vivillon|spe|1\n|move|p2a: Decidueye|Knock Off|p1a: Vivillon\n|-damage|p1a: Vivillon|152/268\n|-enditem|p1a: Vivillon|Heavy-Duty Boots|[from] move: Knock Off|[of] p2a: Decidueye\n|\n|upkeep\n|turn|2\n|inactive|Time left: 300 sec this turn | 300 sec total\n|\n|t:|1783545270\n|move|p1a: Vivillon|Hurricane|p2a: Decidueye\n|-supereffective|p2a: Decidueye\n|-damage|p2a: Decidueye|36/100\n|-start|p2a: Decidueye|confusion\n|-activate|p2a: Decidueye|confusion\n|move|p2a: Decidueye|Spirit Shackle|p1a: Vivillon\n|-damage|p1a: Vivillon|4/268\n|-activate|p1a: Vivillon|trapped\n|\n|upkeep\n|turn|3\n|inactive|Time left: 300 sec this turn | 300 sec total\n|\n|t:|1783545271\n|switch|p2a: Flareon|Flareon, L90, F|100/100\n|move|p1a: Vivillon|Hurricane|p2a: Flareon\n|-damage|p2a: Flareon|49/100\n|\n|-status|p2a: Flareon|tox|[from] item: Toxic Orb\n|upkeep\n|turn|4\n|inactive|Time left: 300 sec this turn | 300 sec total\n|\n|t:|1783545273\n|move|p1a: Vivillon|Hurricane|p2a: Flareon|[miss]\n|-miss|p1a: Vivillon|p2a: Flareon\n|move|p2a: Flareon|Trailblaze|p1a: Vivillon\n|-resisted|p1a: Vivillon\n|-damage|p1a: Vivillon|0 fnt\n|-boost|p2a: Flareon|spe|1\n|faint|p1a: Vivillon\n|\n|-damage|p2a: Flareon|43/100 tox|[from] psn\n|upkeep\n|inactive|Time left: 300 sec this turn | 300 sec total | 5 sec grace\n|\n|t:|1783545274\n|switch|p1a: Great Tusk|Great Tusk, L77|304/304\n|-enditem|p1a: Great Tusk|Booster Energy\n|-activate|p1a: Great Tusk|ability: Protosynthesis|[fromitem]\n|-start|p1a: Great Tusk|protosynthesisatk\n|turn|5\n|inactive|Time left: 300 sec this turn | 300 sec total\n|\n|t:|1783545275\n|move|p2a: Flareon|Facade|p1a: Great Tusk\n|-damage|p1a: Great Tusk|143/304\n|move|p1a: Great Tusk|Earthquake|p2a: Flareon\n|-supereffective|p2a: Flareon\n|-damage|p2a: Flareon|0 fnt\n|faint|p2a: Flareon\n|\n|upkeep\n|\n|t:|1783545276\n|switch|p2a: Polteageist|Polteageist, L78|100/100\n|turn|6\n|inactive|Time left: 300 sec this turn | 300 sec total\n|\n|t:|1783545277\n|-terastallize|p1a: Great Tusk|Ground\n|move|p1a: Great Tusk|Earthquake|p2a: Polteageist\n|-damage|p2a: Polteageist|0 fnt\n|-start|p1a: Great Tusk|Disable|Earthquake|[from] ability: Cursed Body|[of] p2a: Polteageist\n|faint|p2a: Polteageist\n|\n|upkeep\n|\n|t:|1783545278\n|switch|p2a: Rabsca|Rabsca, L91, F|100/100\n|turn|7\n|inactive|Time left: 300 sec this turn | 300 sec total\n|\n|t:|1783545279\n|move|p1a: Great Tusk|Close Combat|p2a: Rabsca\n|-resisted|p2a: Rabsca\n|-damage|p2a: Rabsca|85/100\n|-unboost|p1a: Great Tusk|def|1\n|-unboost|p1a: Great Tusk|spd|1\n|move|p2a: Rabsca|Psychic|p1a: Great Tusk\n|-damage|p1a: Great Tusk|0 fnt\n|faint|p1a: Great Tusk\n|-end|p1a: Great Tusk|Protosynthesis|[silent]\n|\n|upkeep\n|inactive|Time left: 300 sec this turn | 300 sec total | 5 sec grace\n|\n|t:|1783545281\n|switch|p1a: Dodrio|Dodrio, L85, M|241/241\n|turn|8\n|inactive|Time left: 300 sec this turn | 300 sec total\n|\n|t:|1783545282\n|-terastallize|p2a: Rabsca|Steel\n|move|p1a: Dodrio|Knock Off|p2a: Rabsca\n|-damage|p2a: Rabsca|43/100\n|-enditem|p2a: Rabsca|Heavy-Duty Boots|[from] move: Knock Off|[of] p1a: Dodrio\n|move|p2a: Rabsca|Psychic|p1a: Dodrio\n|-damage|p1a: Dodrio|79/241\n|\n|upkeep\n|turn|9\n|inactive|Time left: 300 sec this turn | 300 sec total\n|\n|t:|1783545283\n|move|p1a: Dodrio|Knock Off|p2a: Rabsca\n|-damage|p2a: Rabsca|17/100\n|move|p2a: Rabsca|Psychic|p1a: Dodrio\n|-damage|p1a: Dodrio|0 fnt\n|faint|p1a: Dodrio\n|\n|upkeep\n|inactive|Time left: 300 sec this turn | 300 sec total | 5 sec grace\n|\n|t:|1783545284\n|switch|p1a: Porygon-Z|Porygon-Z, L83|277/277\n|turn|10\n|inactive|Time left: 300 sec this turn | 300 sec total\n|\n|t:|1783545284\n|move|p1a: Porygon-Z|Ice Beam|p2a: Rabsca\n|-resisted|p2a: Rabsca\n|-damage|p2a: Rabsca|0 fnt\n|faint|p2a: Rabsca\n|\n|upkeep\n|\n|t:|1783545285\n|switch|p2a: Kingdra|Kingdra, L84, M|100/100\n|turn|11\n|inactive|Time left: 300 sec this turn | 300 sec total\n|\n|t:|1783545286\n|move|p1a: Porygon-Z|Ice Beam|p2a: Kingdra\n|-damage|p2a: Kingdra|56/100\n|move|p2a: Kingdra|Rain Dance|p2a: Kingdra\n|-weather|RainDance\n|\n|-weather|RainDance|[upkeep]\n|upkeep\n|turn|12\n|inactive|Time left: 300 sec this turn | 300 sec total\n|\n|t:|1783545287\n|switch|p1a: Phione|Phione, L91|293/293\n|move|p2a: Kingdra|Wave Crash|p1a: Phione\n|-resisted|p1a: Phione\n|-damage|p1a: Phione|168/293\n|-damage|p2a: Kingdra|40/100|[from] Recoil\n|-damage|p2a: Kingdra|30/100|[from] item: Life Orb\n|\n|-weather|RainDance|[upkeep]\n|-heal|p1a: Phione|186/293|[from] item: Leftovers\n|upkeep\n|turn|13\n|inactive|Time left: 300 sec this turn | 300 sec total\n|\n|t:|1783545288\n|move|p2a: Kingdra|Draco Meteor|p1a: Phione\n|-damage|p1a: Phione|21/293\n|-unboost|p2a: Kingdra|spa|2\n|-damage|p2a: Kingdra|20/100|[from] item: Life Orb\n|move|p1a: Phione|Rest|p1a: Phione\n|-status|p1a: Phione|slp|[from] move: Rest\n|-heal|p1a: Phione|293/293 slp|[silent]\n|\n|-weather|RainDance|[upkeep]\n|-activate|p1a: Phione|ability: Hydration\n|-curestatus|p1a: Phione|slp|[msg]\n|upkeep\n|turn|14\n|inactive|Time left: 300 sec this turn | 300 sec total\n|\n|t:|1783545289\n|switch|p2a: Decidueye|Decidueye, L88, F|36/100\n|move|p1a: Phione|Scald|p2a: Decidueye\n|-resisted|p2a: Decidueye\n|-damage|p2a: Decidueye|22/100\n|\n|-weather|RainDance|[upkeep]\n|upkeep\n|turn|15\n|inactive|Time left: 300 sec this turn | 300 sec total\n|\n|t:|1783545290\n|switch|p1a: Hypno|Hypno, L95, M|315/315\n|move|p2a: Decidueye|Leaf Storm|p1a: Hypno\n|-damage|p1a: Hypno|134/315\n|-unboost|p2a: Decidueye|spa|2\n|\n|-weather|none\n|-heal|p1a: Hypno|153/315|[from] item: Leftovers\n|upkeep\n|turn|16\n|inactive|Time left: 300 sec this turn | 300 sec total\n|\n|t:|1783545291\n|move|p1a: Hypno|Knock Off|p2a: Decidueye\n|-supereffective|p2a: Decidueye\n|-damage|p2a: Decidueye|0 fnt\n|-enditem|p2a: Decidueye|Assault Vest|[from] move: Knock Off|[of] p1a: Hypno\n|faint|p2a: Decidueye\n|\n|-heal|p1a: Hypno|172/315|[from] item: Leftovers\n|upkeep\n|\n|t:|1783545292\n|switch|p2a: Kingdra|Kingdra, L84, M|20/100\n|turn|17\n|inactive|Time left: 300 sec this turn | 300 sec total\n|\n|t:|1783545294\n|move|p2a: Kingdra|Draco Meteor|p1a: Hypno\n|-damage|p1a: Hypno|55/315\n|-unboost|p2a: Kingdra|spa|2\n|-damage|p2a: Kingdra|10/100|[from] item: Life Orb\n|move|p1a: Hypno|Thunder Wave|p2a: Kingdra\n|-status|p2a: Kingdra|par\n|\n|-heal|p1a: Hypno|74/315|[from] item: Leftovers\n|upkeep\n|turn|18\n|inactive|Time left: 300 sec this turn | 300 sec total\n|\n|t:|1783545295\n|switch|p2a: Volbeat|Volbeat, L90, M|100/100\n|move|p1a: Hypno|Thunder Wave|p2a: Volbeat\n|-status|p2a: Volbeat|par\n|\n|-heal|p1a: Hypno|93/315|[from] item: Leftovers\n|upkeep\n|turn|19\n|inactive|Time left: 300 sec this turn | 300 sec total\n|\n|t:|1783545296\n|move|p1a: Hypno|Psychic Noise|p2a: Volbeat\n|-damage|p2a: Volbeat|69/100 par\n|-start|p2a: Volbeat|move: Heal Block\n|move|p2a: Volbeat|U-turn|p1a: Hypno\n|-supereffective|p1a: Hypno\n|-damage|p1a: Hypno|0 fnt\n|faint|p1a: Hypno\n|\n|t:|1783545297\n|switch|p2a: Kingdra|Kingdra, L84, M|10/100 par|[from] U-turn\n|\n|upkeep\n|inactive|Time left: 300 sec this turn | 300 sec total | 10 sec grace\n|\n|t:|1783545298\n|switch|p1a: Porygon-Z|Porygon-Z, L83|277/277\n|turn|20\n|inactive|Time left: 300 sec this turn | 300 sec total\n|\n|t:|1783545299\n|move|p1a: Porygon-Z|Tri Attack|p2a: Kingdra\n|-damage|p2a: Kingdra|0 fnt\n|faint|p2a: Kingdra\n|\n|upkeep\n|\n|t:|1783545300\n|switch|p2a: Volbeat|Volbeat, L90, M|69/100 par\n|turn|21\n|inactive|Time left: 300 sec this turn | 300 sec total\n|\n|t:|1783545301\n|cant|p2a: Volbeat|par\n|move|p1a: Porygon-Z|Tri Attack|p2a: Volbeat\n|-damage|p2a: Volbeat|0 fnt\n|faint|p2a: Volbeat\n|\n|win|p0x473b95b", "uploadtime": 1783545301, "views": 0, "rating": 0, "private": 0, "password": null, "_winner": "p0x473b95b", "_our_name": "p0x473b95b"}