{"id": "battle-gen9randombattle-1739", "formatid": "gen9randombattle", "format": "[Gen 9] Random Battle", "players": ["p0x1739f997", "p0y17395f66"], "log": "|init|battle\n|title|p0x1739f997 vs. p0y17395f66\n|j|\u2606p0x1739f997\n|j|\u2606p0y17395f66\n|t:|1783560110\n|gametype|singles\n|player|p1|p0x1739f997|102|\n|player|p2|p0y17395f66|265|\n|gen|9\n|tier|[Gen 9] Random Battle\n|rule|Species Clause: Limit one of each Pok\u00e9mon\n|rule|HP Percentage Mod: HP is shown in percentages\n|rule|Sleep Clause Mod: Limit one foe put to sleep\n|rule|Illusion Level Mod: Illusion disguises the Pok\u00e9mon's true level\n|\n|t:|1783560110\n|teamsize|p1|6\n|teamsize|p2|6\n|start\n|switch|p1a: Rotom|Rotom-Heat, L83|219/219\n|switch|p2a: Braviary|Braviary-Hisui, L85, M|100/100\n|turn|1\n|inactive|Battle timer is ON: inactive players will automatically lose when time's up. (requested by p0y17395f66)\n|inactive|Time left: 300 sec this turn | 300 sec total | 60 sec grace\n|inactive|p0x1739f997 also wants the timer to be on.\n|\n|t:|1783560111\n|move|p1a: Rotom|Thunderbolt|p2a: Braviary\n|-supereffective|p2a: Braviary\n|-damage|p2a: Braviary|29/100\n|move|p2a: Braviary|Esper Wing|p1a: Rotom\n|-damage|p1a: Rotom|87/219\n|-boost|p2a: Braviary|spe|1\n|\n|upkeep\n|turn|2\n|inactive|Time left: 300 sec this turn | 300 sec total\n|\n|t:|1783560112\n|switch|p1a: Zarude|Zarude-Dada, L77|288/288\n|move|p2a: Braviary|Esper Wing|p1a: Zarude\n|-immune|p1a: Zarude\n|\n|upkeep\n|turn|3\n|inactive|Time left: 300 sec this turn | 300 sec total\n|\n|t:|1783560113\n|move|p2a: Braviary|Esper Wing|p1a: Zarude\n|-immune|p1a: Zarude\n|move|p1a: Zarude|Knock Off|p2a: Braviary\n|-supereffective|p2a: Braviary\n|-damage|p2a: Braviary|0 fnt\n|-enditem|p2a: Braviary|Choice Specs|[from] move: Knock Off|[of] p1a: Zarude\n|faint|p2a: Braviary\n|\n|upkeep\n|\n|t:|1783560114\n|switch|p2a: Pelipper|Pelipper, L86, F|100/100\n|-weather|RainDance|[from] ability: Drizzle|[of] p2a: Pelipper\n|turn|4\n|inactive|Time left: 300 sec this turn | 300 sec total\n|\n|t:|1783560114\n|move|p1a: Zarude|Knock Off|p2a: Pelipper\n|-damage|p2a: Pelipper|65/100\n|-enditem|p2a: Pelipper|Choice Specs|[from] move: Knock Off|[of] p1a: Zarude\n|move|p2a: Pelipper|Hurricane|p1a: Zarude\n|-supereffective|p1a: Zarude\n|-damage|p1a: Zarude|46/288\n|-start|p1a: Zarude|confusion\n|\n|-weather|RainDance|[upkeep]\n|-heal|p1a: Zarude|64/288|[from] item: Leftovers\n|upkeep\n|turn|5\n|inactive|Time left: 300 sec this turn | 300 sec total\n|\n|t:|1783560115\n|-activate|p1a: Zarude|confusion\n|move|p1a: Zarude|Power Whip|p2a: Pelipper\n|-damage|p2a: Pelipper|18/100\n|move|p2a: Pelipper|Weather Ball|p1a: Zarude\n|-resisted|p1a: Zarude\n|-damage|p1a: Zarude|0 fnt\n|faint|p1a: Zarude\n|\n|-weather|RainDance|[upkeep]\n|upkeep\n|inactive|Time left: 300 sec this turn | 300 sec total | 5 sec grace\n|\n|t:|1783560116\n|switch|p1a: Basculin|Basculin, L86, M|261/261\n|turn|6\n|inactive|Time left: 300 sec this turn | 300 sec total\n|\n|t:|1783560117\n|switch|p2a: Abomasnow|Abomasnow, L84, F|100/100\n|-weather|Snowscape|[from] ability: Snow Warning|[of] p2a: Abomasnow\n|move|p1a: Basculin|Wave Crash|p2a: Abomasnow\n|-resisted|p2a: Abomasnow\n|-crit|p2a: Abomasnow\n|-damage|p2a: Abomasnow|55/100\n|-damage|p1a: Basculin|217/261|[from] Recoil\n|\n|-weather|Snowscape|[upkeep]\n|upkeep\n|turn|7\n|inactive|Time left: 300 sec this turn | 300 sec total\n|\n|t:|1783560118\n|move|p1a: Basculin|Wave Crash|p2a: Abomasnow\n|-resisted|p2a: Abomasnow\n|-damage|p2a: Abomasnow|20/100\n|-damage|p1a: Basculin|184/261|[from] Recoil\n|move|p2a: Abomasnow|Aurora Veil|p2a: Abomasnow\n|-sidestart|p2: p0y17395f66|move: Aurora Veil\n|\n|-weather|Snowscape|[upkeep]\n|upkeep\n|turn|8\n|inactive|Time left: 300 sec this turn | 300 sec total\n|\n|t:|1783560119\n|move|p1a: Basculin|Wave Crash|p2a: Abomasnow\n|-resisted|p2a: Abomasnow\n|-damage|p2a: Abomasnow|4/100\n|-damage|p1a: Basculin|169/261|[from] Recoil\n|move|p2a: Abomasnow|Wood Hammer|p1a: Basculin\n|-supereffective|p1a: Basculin\n|-damage|p1a: Basculin|0 fnt\n|faint|p1a: Basculin\n|-damage|p2a: Abomasnow|0 fnt|[from] Recoil\n|faint|p2a: Abomasnow\n|\n|-weather|Snowscape|[upkeep]\n|upkeep\n|inactive|Time left: 300 sec this turn | 300 sec total | 5 sec grace\n|\n|t:|1783560120\n|switch|p1a: Leafeon|Leafeon, L88, M|258/258\n|switch|p2a: Pelipper|Pelipper, L86, F|18/100\n|-weather|RainDance|[from] ability: Drizzle|[of] p2a: Pelipper\n|turn|9\n|inactive|Time left: 300 sec this turn | 300 sec total\n|\n|t:|1783560121\n|switch|p2a: Lucario|Lucario, L84, F|100/100\n|move|p1a: Leafeon|Double-Edge|p2a: Lucario\n|-resisted|p2a: Lucario\n|-damage|p2a: Lucario|86/100\n|-damage|p1a: Leafeon|245/258|[from] Recoil\n|-damage|p1a: Leafeon|220/258|[from] item: Life Orb\n|\n|-weather|RainDance|[upkeep]\n|upkeep\n|turn|10\n|inactive|Time left: 300 sec this turn | 300 sec total\n|\n|t:|1783560122\n|move|p1a: Leafeon|Swords Dance|p1a: Leafeon\n|-boost|p1a: Leafeon|atk|2\n|move|p2a: Lucario|Nasty Plot|p2a: Lucario\n|-boost|p2a: Lucario|spa|2\n|\n|-weather|RainDance|[upkeep]\n|upkeep\n|turn|11\n|inactive|Time left: 300 sec this turn | 300 sec total\n|\n|t:|1783560123\n|move|p1a: Leafeon|Leaf Blade|p2a: Lucario\n|-resisted|p2a: Lucario\n|-damage|p2a: Lucario|51/100\n|-damage|p1a: Leafeon|195/258|[from] item: Life Orb\n|move|p2a: Lucario|Flash Cannon|p1a: Leafeon\n|-damage|p1a: Leafeon|0 fnt\n|faint|p1a: Leafeon\n|-damage|p2a: Lucario|41/100|[from] item: Life Orb\n|\n|-weather|RainDance|[upkeep]\n|upkeep\n|inactive|Time left: 300 sec this turn | 300 sec total | 5 sec grace\n|\n|t:|1783560124\n|switch|p1a: Rotom|Rotom-Heat, L83|87/219\n|turn|12\n|inactive|Time left: 300 sec this turn | 300 sec total\n|\n|t:|1783560125\n|move|p2a: Lucario|Vacuum Wave|p1a: Rotom\n|-damage|p1a: Rotom|0 fnt\n|faint|p1a: Rotom\n|-damage|p2a: Lucario|31/100|[from] item: Life Orb\n|\n|-weather|RainDance|[upkeep]\n|upkeep\n|inactive|Time left: 300 sec this turn | 300 sec total | 5 sec grace\n|\n|t:|1783560126\n|switch|p1a: Sudowoodo|Sudowoodo, L94, F|284/284\n|turn|13\n|inactive|Time left: 300 sec this turn | 300 sec total\n|\n|t:|1783560127\n|switch|p1a: Bellibolt|Bellibolt, L84, F|320/320\n|move|p2a: Lucario|Flash Cannon|p1a: Bellibolt\n|-resisted|p1a: Bellibolt\n|-damage|p1a: Bellibolt|187/320\n|-start|p1a: Bellibolt|Charge|Flash Cannon|[from] ability: Electromorphosis\n|-damage|p2a: Lucario|22/100|[from] item: Life Orb\n|\n|-weather|none\n|-heal|p1a: Bellibolt|207/320|[from] item: Leftovers\n|upkeep\n|turn|14\n|inactive|Time left: 300 sec this turn | 300 sec total\n|\n|t:|1783560128\n|-terastallize|p2a: Lucario|Fighting\n|move|p2a: Lucario|Aura Sphere|p1a: Bellibolt\n|-damage|p1a: Bellibolt|0 fnt\n|faint|p1a: Bellibolt\n|-damage|p2a: Lucario|12/100|[from] item: Life Orb\n|\n|-sideend|p2: p0y17395f66|move: Aurora Veil\n|upkeep\n|inactive|Time left: 300 sec this turn | 300 sec total | 5 sec grace\n|\n|t:|1783560128\n|switch|p1a: Sudowoodo|Sudowoodo, L94, F|284/284\n|turn|15\n|inactive|Time left: 300 sec this turn | 300 sec total\n|\n|t:|1783560129\n|-terastallize|p1a: Sudowoodo|Rock\n|move|p2a: Lucario|Vacuum Wave|p1a: Sudowoodo\n|-supereffective|p1a: Sudowoodo\n|-damage|p1a: Sudowoodo|0 fnt\n|faint|p1a: Sudowoodo\n|-damage|p2a: Lucario|2/100|[from] item: Life Orb\n|\n|win|p0y17395f66", "uploadtime": 1783560129, "views": 0, "rating": 0, "private": 0, "password": null, "_winner": "p0y17395f66", "_our_name": "p0x1739f997"}