{"id": "battle-gen9randombattle-1465", "formatid": "gen9randombattle", "format": "[Gen 9] Random Battle", "players": ["p0x14653ece", "p0y14650c64"], "log": "|init|battle\n|title|p0x14653ece vs. p0y14650c64\n|j|\u2606p0x14653ece\n|j|\u2606p0y14650c64\n|t:|1783556125\n|gametype|singles\n|player|p1|p0x14653ece|102|\n|player|p2|p0y14650c64|2|\n|gen|9\n|tier|[Gen 9] Random Battle\n|rule|Species Clause: Limit one of each Pok\u00e9mon\n|rule|HP Percentage Mod: HP is shown in percentages\n|rule|Sleep Clause Mod: Limit one foe put to sleep\n|rule|Illusion Level Mod: Illusion disguises the Pok\u00e9mon's true level\n|\n|t:|1783556125\n|teamsize|p1|6\n|teamsize|p2|6\n|start\n|switch|p1a: Rillaboom|Rillaboom, L79, F|288/288\n|switch|p2a: Chi-Yu|Chi-Yu, L77|100/100\n|-ability|p2a: Chi-Yu|Beads of Ruin\n|-fieldstart|move: Grassy Terrain|[from] ability: Grassy Surge|[of] p1a: Rillaboom\n|turn|1\n|inactive|Battle timer is ON: inactive players will automatically lose when time's up. (requested by p0y14650c64)\n|\n|t:|1783556126\n|switch|p1a: Iron Boulder|Iron Boulder, L77|265/265\n|move|p2a: Chi-Yu|Flamethrower|p1a: Iron Boulder\n|-resisted|p1a: Iron Boulder\n|-damage|p1a: Iron Boulder|204/265\n|\n|-heal|p1a: Iron Boulder|220/265|[from] Grassy Terrain\n|upkeep\n|turn|2\n|inactive|Time left: 300 sec this turn | 300 sec total | 60 sec grace\n|inactive|p0x14653ece also wants the timer to be on.\n|\n|t:|1783556127\n|switch|p2a: Exeggutor|Exeggutor-Alola, L89, M|100/100\n|move|p1a: Iron Boulder|Swords Dance|p1a: Iron Boulder\n|-boost|p1a: Iron Boulder|atk|2\n|\n|-heal|p1a: Iron Boulder|236/265|[from] Grassy Terrain\n|upkeep\n|turn|3\n|inactive|Time left: 300 sec this turn | 300 sec total\n|\n|t:|1783556128\n|-terastallize|p1a: Iron Boulder|Fighting\n|move|p1a: Iron Boulder|Close Combat|p2a: Exeggutor\n|-damage|p2a: Exeggutor|0 fnt\n|-unboost|p1a: Iron Boulder|def|1\n|-unboost|p1a: Iron Boulder|spd|1\n|faint|p2a: Exeggutor\n|-damage|p1a: Iron Boulder|210/265|[from] item: Life Orb\n|\n|-heal|p1a: Iron Boulder|226/265|[from] Grassy Terrain\n|upkeep\n|\n|t:|1783556129\n|switch|p2a: Chi-Yu|Chi-Yu, L77|100/100\n|-ability|p2a: Chi-Yu|Beads of Ruin\n|turn|4\n|inactive|Time left: 300 sec this turn | 300 sec total\n|\n|t:|1783556130\n|move|p2a: Chi-Yu|Psychic|p1a: Iron Boulder\n|-supereffective|p1a: Iron Boulder\n|-damage|p1a: Iron Boulder|0 fnt\n|faint|p1a: Iron Boulder\n|-end|p1a: Iron Boulder|Quark Drive|[silent]\n|\n|upkeep\n|inactive|Time left: 300 sec this turn | 300 sec total | 5 sec grace\n|\n|t:|1783556131\n|switch|p1a: Furret|Furret, L94, M|312/312\n|-item|p2a: Chi-Yu|Choice Scarf|[from] ability: Frisk|[of] p1a: Furret\n|turn|5\n|inactive|Time left: 300 sec this turn | 300 sec total\n|\n|t:|1783556132\n|switch|p2a: Decidueye|Decidueye-Hisui, L87, M|100/100\n|move|p1a: Furret|Double-Edge|p2a: Decidueye\n|-damage|p2a: Decidueye|35/100\n|-damage|p1a: Furret|248/312|[from] Recoil\n|\n|-heal|p1a: Furret|267/312|[from] Grassy Terrain\n|-heal|p2a: Decidueye|41/100|[from] Grassy Terrain\n|-heal|p2a: Decidueye|47/100|[from] item: Leftovers\n|-fieldend|move: Grassy Terrain\n|upkeep\n|turn|6\n|inactive|Time left: 300 sec this turn | 300 sec total\n|\n|t:|1783556133\n|-terastallize|p2a: Decidueye|Steel\n|move|p1a: Furret|Double-Edge|p2a: Decidueye\n|-resisted|p2a: Decidueye\n|-damage|p2a: Decidueye|13/100\n|-damage|p1a: Furret|234/312|[from] Recoil\n|move|p2a: Decidueye|Triple Arrows|p1a: Furret\n|-supereffective|p1a: Furret\n|-damage|p1a: Furret|0 fnt\n|faint|p1a: Furret\n|\n|-heal|p2a: Decidueye|19/100|[from] item: Leftovers\n|upkeep\n|inactive|Time left: 300 sec this turn | 300 sec total | 5 sec grace\n|\n|t:|1783556134\n|switch|p1a: Rillaboom|Rillaboom, L79, F|288/288\n|-fieldstart|move: Grassy Terrain|[from] ability: Grassy Surge|[of] p1a: Rillaboom\n|turn|7\n|inactive|Time left: 300 sec this turn | 300 sec total\n|\n|t:|1783556135\n|switch|p2a: Duraludon|Duraludon, L82, F|100/100\n|move|p1a: Rillaboom|Wood Hammer|p2a: Duraludon\n|-resisted|p2a: Duraludon\n|-damage|p2a: Duraludon|87/100\n|-damage|p1a: Rillaboom|277/288|[from] Recoil\n|\n|-heal|p2a: Duraludon|93/100|[from] Grassy Terrain\n|-heal|p1a: Rillaboom|288/288|[from] Grassy Terrain\n|upkeep\n|turn|8\n|inactive|Time left: 300 sec this turn | 300 sec total\n|\n|t:|1783556136\n|switch|p1a: Hitmontop|Hitmontop, L88, M|231/231\n|move|p2a: Duraludon|Flash Cannon|p1a: Hitmontop\n|-damage|p1a: Hitmontop|150/231\n|\n|-heal|p2a: Duraludon|99/100|[from] Grassy Terrain\n|-heal|p1a: Hitmontop|164/231|[from] Grassy Terrain\n|-heal|p1a: Hitmontop|178/231|[from] item: Leftovers\n|upkeep\n|turn|9\n|inactive|Time left: 300 sec this turn | 300 sec total\n|\n|t:|1783556137\n|move|p2a: Duraludon|Flash Cannon|p1a: Hitmontop\n|-damage|p1a: Hitmontop|103/231\n|move|p1a: Hitmontop|Bulk Up|p1a: Hitmontop\n|-boost|p1a: Hitmontop|atk|1\n|-boost|p1a: Hitmontop|def|1\n|\n|-heal|p2a: Duraludon|100/100|[from] Grassy Terrain\n|-heal|p1a: Hitmontop|117/231|[from] Grassy Terrain\n|-heal|p1a: Hitmontop|131/231|[from] item: Leftovers\n|upkeep\n|turn|10\n|inactive|Time left: 300 sec this turn | 300 sec total\n|\n|t:|1783556139\n|move|p2a: Duraludon|Draco Meteor|p1a: Hitmontop|[miss]\n|-miss|p2a: Duraludon|p1a: Hitmontop\n|move|p1a: Hitmontop|Close Combat|p2a: Duraludon\n|-supereffective|p2a: Duraludon\n|-damage|p2a: Duraludon|7/100\n|-unboost|p1a: Hitmontop|def|1\n|-unboost|p1a: Hitmontop|spd|1\n|\n|-heal|p2a: Duraludon|13/100|[from] Grassy Terrain\n|-heal|p1a: Hitmontop|145/231|[from] Grassy Terrain\n|-heal|p1a: Hitmontop|159/231|[from] item: Leftovers\n|upkeep\n|turn|11\n|inactive|Time left: 300 sec this turn | 300 sec total\n|\n|t:|1783556140\n|switch|p1a: Hitmonchan|Hitmonchan, L87, M|229/229\n|move|p2a: Duraludon|Draco Meteor|p1a: Hitmonchan|[miss]\n|-miss|p2a: Duraludon|p1a: Hitmonchan\n|\n|-heal|p2a: Duraludon|19/100|[from] Grassy Terrain\n|-fieldend|move: Grassy Terrain\n|upkeep\n|turn|12\n|inactive|Time left: 300 sec this turn | 300 sec total\n|\n|t:|1783556141\n|move|p2a: Duraludon|Thunder Wave|p1a: Hitmonchan\n|-status|p1a: Hitmonchan|par\n|move|p1a: Hitmonchan|Drain Punch|p2a: Duraludon\n|-supereffective|p2a: Duraludon\n|-damage|p2a: Duraludon|0 fnt\n|faint|p2a: Duraludon\n|\n|upkeep\n|\n|t:|1783556142\n|switch|p2a: Decidueye|Decidueye-Hisui, L87, M, tera:Steel|19/100\n|turn|13\n|inactive|Time left: 300 sec this turn | 300 sec total\n|\n|t:|1783556143\n|move|p2a: Decidueye|Triple Arrows|p1a: Hitmonchan\n|-crit|p1a: Hitmonchan\n|-damage|p1a: Hitmonchan|46/229 par\n|-unboost|p1a: Hitmonchan|def|1\n|cant|p1a: Hitmonchan|par\n|\n|-heal|p2a: Decidueye|25/100|[from] item: Leftovers\n|-heal|p1a: Hitmonchan|60/229 par|[from] item: Leftovers\n|upkeep\n|turn|14\n|inactive|Time left: 300 sec this turn | 300 sec total\n|\n|t:|1783556144\n|move|p2a: Decidueye|Triple Arrows|p1a: Hitmonchan\n|-damage|p1a: Hitmonchan|0 fnt\n|faint|p1a: Hitmonchan\n|\n|-heal|p2a: Decidueye|31/100|[from] item: Leftovers\n|upkeep\n|inactive|Time left: 300 sec this turn | 300 sec total | 5 sec grace\n|\n|t:|1783556145\n|switch|p1a: Rillaboom|Rillaboom, L79, F|288/288\n|-fieldstart|move: Grassy Terrain|[from] ability: Grassy Surge|[of] p1a: Rillaboom\n|turn|15\n|inactive|Time left: 300 sec this turn | 300 sec total\n|\n|t:|1783556146\n|switch|p2a: Chi-Yu|Chi-Yu, L77|100/100\n|-ability|p2a: Chi-Yu|Beads of Ruin\n|move|p1a: Rillaboom|Wood Hammer|p2a: Chi-Yu\n|-resisted|p2a: Chi-Yu\n|-damage|p2a: Chi-Yu|33/100\n|-damage|p1a: Rillaboom|241/288|[from] Recoil\n|\n|-heal|p2a: Chi-Yu|39/100|[from] Grassy Terrain\n|-heal|p1a: Rillaboom|259/288|[from] Grassy Terrain\n|upkeep\n|turn|16\n|inactive|Time left: 300 sec this turn | 300 sec total\n|\n|t:|1783556147\n|switch|p1a: Mismagius|Mismagius, L86, F|243/243\n|move|p2a: Chi-Yu|Flamethrower|p1a: Mismagius\n|-damage|p1a: Mismagius|125/243\n|\n|-heal|p2a: Chi-Yu|45/100|[from] Grassy Terrain\n|upkeep\n|turn|17\n|inactive|Time left: 300 sec this turn | 300 sec total\n|\n|t:|1783556148\n|move|p2a: Chi-Yu|Flamethrower|p1a: Mismagius\n|-damage|p1a: Mismagius|0 fnt\n|faint|p1a: Mismagius\n|\n|-heal|p2a: Chi-Yu|51/100|[from] Grassy Terrain\n|upkeep\n|inactive|Time left: 300 sec this turn | 300 sec total | 5 sec grace\n|\n|t:|1783556149\n|switch|p1a: Hitmontop|Hitmontop, L88, M|159/231\n|turn|18\n|inactive|Time left: 300 sec this turn | 300 sec total\n|\n|t:|1783556150\n|move|p2a: Chi-Yu|Flamethrower|p1a: Hitmontop\n|-damage|p1a: Hitmontop|47/231\n|move|p1a: Hitmontop|Close Combat|p2a: Chi-Yu\n|-supereffective|p2a: Chi-Yu\n|-damage|p2a: Chi-Yu|0 fnt\n|-unboost|p1a: Hitmontop|def|1\n|-unboost|p1a: Hitmontop|spd|1\n|faint|p2a: Chi-Yu\n|\n|-heal|p1a: Hitmontop|61/231|[from] Grassy Terrain\n|-heal|p1a: Hitmontop|75/231|[from] item: Leftovers\n|upkeep\n|\n|t:|1783556151\n|switch|p2a: Gholdengo|Gholdengo, L77|100/100\n|turn|19\n|inactive|Time left: 300 sec this turn | 300 sec total\n|\n|t:|1783556152\n|switch|p1a: Rillaboom|Rillaboom, L79, F|259/288\n|move|p2a: Gholdengo|Shadow Ball|p1a: Rillaboom\n|-damage|p1a: Rillaboom|138/288\n|\n|-heal|p1a: Rillaboom|156/288|[from] Grassy Terrain\n|-fieldend|move: Grassy Terrain\n|upkeep\n|turn|20\n|inactive|Time left: 300 sec this turn | 300 sec total\n|\n|t:|1783556153\n|move|p2a: Gholdengo|Shadow Ball|p1a: Rillaboom\n|-damage|p1a: Rillaboom|33/288\n|move|p1a: Rillaboom|High Horsepower|p2a: Gholdengo\n|-supereffective|p2a: Gholdengo\n|-damage|p2a: Gholdengo|14/100\n|\n|upkeep\n|turn|21\n|inactive|Time left: 300 sec this turn | 300 sec total\n|\n|t:|1783556154\n|switch|p1a: Hitmontop|Hitmontop, L88, M|75/231\n|move|p2a: Gholdengo|Shadow Ball|p1a: Hitmontop\n|-damage|p1a: Hitmontop|0 fnt\n|faint|p1a: Hitmontop\n|\n|upkeep\n|inactive|Time left: 300 sec this turn | 300 sec total | 5 sec grace\n|\n|t:|1783556155\n|switch|p1a: Rillaboom|Rillaboom, L79, F|33/288\n|-fieldstart|move: Grassy Terrain|[from] ability: Grassy Surge|[of] p1a: Rillaboom\n|turn|22\n|inactive|Time left: 300 sec this turn | 300 sec total\n|\n|t:|1783556156\n|move|p1a: Rillaboom|Grassy Glide|p2a: Gholdengo\n|-resisted|p2a: Gholdengo\n|-damage|p2a: Gholdengo|0 fnt\n|faint|p2a: Gholdengo\n|\n|-heal|p1a: Rillaboom|51/288|[from] Grassy Terrain\n|upkeep\n|\n|t:|1783556157\n|switch|p2a: Decidueye|Decidueye-Hisui, L87, M, tera:Steel|31/100\n|turn|23\n|inactive|Time left: 300 sec this turn | 300 sec total\n|\n|t:|1783556158\n|switch|p2a: Suicune|Suicune, L82|100/100\n|-ability|p2a: Suicune|Pressure\n|move|p1a: Rillaboom|Grassy Glide|p2a: Suicune\n|-supereffective|p2a: Suicune\n|-crit|p2a: Suicune\n|-damage|p2a: Suicune|0 fnt\n|faint|p2a: Suicune\n|\n|-heal|p1a: Rillaboom|69/288|[from] Grassy Terrain\n|upkeep\n|\n|t:|1783556159\n|switch|p2a: Decidueye|Decidueye-Hisui, L87, M, tera:Steel|31/100\n|turn|24\n|inactive|Time left: 300 sec this turn | 300 sec total\n|\n|t:|1783556159\n|move|p1a: Rillaboom|Grassy Glide|p2a: Decidueye\n|-resisted|p2a: Decidueye\n|-damage|p2a: Decidueye|10/100\n|move|p2a: Decidueye|U-turn|p1a: Rillaboom\n|-supereffective|p1a: Rillaboom\n|-damage|p1a: Rillaboom|0 fnt\n|faint|p1a: Rillaboom\n|\n|win|p0y14650c64", "uploadtime": 1783556160, "views": 0, "rating": 0, "private": 0, "password": null, "_winner": "p0y14650c64", "_our_name": "p0x14653ece"}