{"id": "battle-gen9randombattle-608", "formatid": "gen9randombattle", "format": "[Gen 9] Random Battle", "players": ["p0x608e12e", "p0y6084d26"], "log": "|init|battle\n|title|p0x608e12e vs. p0y6084d26\n|j|\u2606p0x608e12e\n|j|\u2606p0y6084d26\n|t:|1783546867\n|gametype|singles\n|player|p1|p0x608e12e|169|\n|player|p2|p0y6084d26|102|\n|gen|9\n|tier|[Gen 9] Random Battle\n|rule|Species Clause: Limit one of each Pok\u00e9mon\n|rule|HP Percentage Mod: HP is shown in percentages\n|rule|Sleep Clause Mod: Limit one foe put to sleep\n|rule|Illusion Level Mod: Illusion disguises the Pok\u00e9mon's true level\n|\n|t:|1783546867\n|teamsize|p1|6\n|teamsize|p2|6\n|start\n|switch|p1a: Ogerpon|Ogerpon-Hearthflame, L74, F|100/100\n|switch|p2a: Seviper|Seviper, L93, M|287/287\n|-ability|p1a: Ogerpon|Mold Breaker\n|turn|1\n|inactive|Battle timer is ON: inactive players will automatically lose when time's up. (requested by p0x608e12e)\n|inactive|Time left: 300 sec this turn | 300 sec total | 60 sec grace\n|inactive|p0y6084d26 also wants the timer to be on.\n|\n|t:|1783546868\n|move|p1a: Ogerpon|Ivy Cudgel|p2a: Seviper|[anim] Ivy Cudgel Fire\n|-damage|p2a: Seviper|146/287\n|move|p2a: Seviper|Gunk Shot|p1a: Ogerpon|[miss]\n|-miss|p2a: Seviper|p1a: Ogerpon\n|\n|-heal|p2a: Seviper|163/287|[from] item: Leftovers\n|upkeep\n|turn|2\n|inactive|Time left: 300 sec this turn | 300 sec total\n|\n|t:|1783546870\n|-terastallize|p1a: Ogerpon|Fire\n|detailschange|p1a: Ogerpon|Ogerpon-Hearthflame-Tera, L74, F, tera:Fire\n|-ability|p1a: Ogerpon|Embody Aspect (Hearthflame)|boost\n|-boost|p1a: Ogerpon|atk|1\n|move|p1a: Ogerpon|Ivy Cudgel|p2a: Seviper|[anim] Ivy Cudgel Fire\n|-damage|p2a: Seviper|0 fnt\n|faint|p2a: Seviper\n|\n|upkeep\n|inactive|Time left: 300 sec this turn | 300 sec total | 5 sec grace\n|\n|t:|1783546871\n|switch|p2a: Haxorus|Haxorus, L77, M|244/244\n|-ability|p2a: Haxorus|Mold Breaker\n|turn|3\n|inactive|Time left: 300 sec this turn | 300 sec total\n|\n|t:|1783546872\n|move|p1a: Ogerpon|Ivy Cudgel|p2a: Haxorus|[anim] Ivy Cudgel Fire\n|-resisted|p2a: Haxorus\n|-damage|p2a: Haxorus|115/244\n|move|p2a: Haxorus|Dragon Dance|p2a: Haxorus\n|-boost|p2a: Haxorus|atk|1\n|-boost|p2a: Haxorus|spe|1\n|\n|upkeep\n|turn|4\n|inactive|Time left: 300 sec this turn | 300 sec total\n|\n|t:|1783546873\n|move|p2a: Haxorus|Outrage|p1a: Ogerpon\n|-damage|p1a: Ogerpon|0 fnt\n|faint|p1a: Ogerpon\n|detailschange|p1: Ogerpon|Ogerpon-Hearthflame, L74, F|[silent]\n|\n|upkeep\n|\n|t:|1783546874\n|switch|p1a: Jumpluff|Jumpluff, L87, F|100/100\n|turn|5\n|inactive|Time left: 300 sec this turn | 300 sec total\n|\n|t:|1783546876\n|move|p2a: Haxorus|Outrage|p1a: Jumpluff|[from] lockedmove\n|-damage|p1a: Jumpluff|6/100\n|move|p1a: Jumpluff|Strength Sap|p2a: Haxorus\n|-unboost|p2a: Haxorus|atk|1\n|-heal|p1a: Jumpluff|100/100\n|\n|upkeep\n|turn|6\n|inactive|Time left: 300 sec this turn | 300 sec total\n|\n|t:|1783546877\n|move|p2a: Haxorus|Outrage|p1a: Jumpluff|[from] lockedmove\n|-damage|p1a: Jumpluff|43/100\n|-start|p2a: Haxorus|confusion|[fatigue]\n|-enditem|p2a: Haxorus|Lum Berry|[eat]\n|-end|p2a: Haxorus|confusion\n|move|p1a: Jumpluff|Strength Sap|p2a: Haxorus\n|-unboost|p2a: Haxorus|atk|1\n|-heal|p1a: Jumpluff|100/100\n|\n|upkeep\n|turn|7\n|inactive|Time left: 300 sec this turn | 300 sec total\n|\n|t:|1783546878\n|move|p2a: Haxorus|Dragon Dance|p2a: Haxorus\n|-boost|p2a: Haxorus|atk|1\n|-boost|p2a: Haxorus|spe|1\n|move|p1a: Jumpluff|Leech Seed|p2a: Haxorus\n|-start|p2a: Haxorus|move: Leech Seed\n|\n|-damage|p2a: Haxorus|85/244|[from] Leech Seed|[of] p1a: Jumpluff\n|upkeep\n|turn|8\n|inactive|Time left: 300 sec this turn | 300 sec total\n|\n|t:|1783546879\n|move|p2a: Haxorus|Outrage|p1a: Jumpluff\n|-damage|p1a: Jumpluff|35/100\n|move|p1a: Jumpluff|Strength Sap|p2a: Haxorus\n|-unboost|p2a: Haxorus|atk|1\n|-heal|p1a: Jumpluff|100/100\n|\n|-damage|p2a: Haxorus|55/244|[from] Leech Seed|[of] p1a: Jumpluff\n|upkeep\n|turn|9\n|inactive|Time left: 300 sec this turn | 300 sec total\n|\n|t:|1783546880\n|move|p2a: Haxorus|Outrage|p1a: Jumpluff|[from] lockedmove\n|-damage|p1a: Jumpluff|60/100\n|move|p1a: Jumpluff|Strength Sap|p2a: Haxorus\n|-unboost|p2a: Haxorus|atk|1\n|-heal|p1a: Jumpluff|100/100\n|\n|-damage|p2a: Haxorus|25/244|[from] Leech Seed|[of] p1a: Jumpluff\n|upkeep\n|turn|10\n|inactive|Time left: 300 sec this turn | 300 sec total\n|\n|t:|1783546880\n|move|p2a: Haxorus|Outrage|p1a: Jumpluff|[from] lockedmove\n|-damage|p1a: Jumpluff|67/100\n|-start|p2a: Haxorus|confusion|[fatigue]\n|move|p1a: Jumpluff|Strength Sap|p2a: Haxorus\n|-unboost|p2a: Haxorus|atk|1\n|-heal|p1a: Jumpluff|100/100\n|\n|-damage|p2a: Haxorus|0 fnt|[from] Leech Seed|[of] p1a: Jumpluff\n|faint|p2a: Haxorus\n|upkeep\n|inactive|Time left: 300 sec this turn | 300 sec total | 5 sec grace\n|\n|t:|1783546881\n|switch|p2a: Piloswine|Piloswine, L85, F|309/309\n|turn|11\n|inactive|Time left: 300 sec this turn | 300 sec total\n|\n|t:|1783546882\n|move|p1a: Jumpluff|Substitute|p1a: Jumpluff\n|-start|p1a: Jumpluff|Substitute\n|-damage|p1a: Jumpluff|76/100\n|move|p2a: Piloswine|Icicle Crash|p1a: Jumpluff|[miss]\n|-miss|p2a: Piloswine|p1a: Jumpluff\n|\n|upkeep\n|turn|12\n|inactive|Time left: 300 sec this turn | 300 sec total\n|\n|t:|1783546883\n|move|p1a: Jumpluff|Strength Sap|p2a: Piloswine\n|-unboost|p2a: Piloswine|atk|1\n|-heal|p1a: Jumpluff|100/100\n|move|p2a: Piloswine|Stealth Rock|p1a: Jumpluff\n|-sidestart|p1: p0x608e12e|move: Stealth Rock\n|\n|upkeep\n|turn|13\n|inactive|Time left: 300 sec this turn | 300 sec total\n|\n|t:|1783546884\n|switch|p2a: Primarina|Primarina, L83, F|268/268\n|move|p1a: Jumpluff|Leech Seed|p2a: Primarina\n|-start|p2a: Primarina|move: Leech Seed\n|\n|-damage|p2a: Primarina|235/268|[from] Leech Seed|[of] p1a: Jumpluff\n|upkeep\n|turn|14\n|inactive|Time left: 300 sec this turn | 300 sec total\n|\n|t:|1783546885\n|move|p1a: Jumpluff|Acrobatics|p2a: Primarina\n|-damage|p2a: Primarina|148/268\n|move|p2a: Primarina|Calm Mind|p2a: Primarina\n|-boost|p2a: Primarina|spa|1\n|-boost|p2a: Primarina|spd|1\n|\n|-heal|p2a: Primarina|164/268|[from] item: Leftovers\n|-damage|p2a: Primarina|131/268|[from] Leech Seed|[of] p1a: Jumpluff\n|upkeep\n|turn|15\n|inactive|Time left: 300 sec this turn | 300 sec total\n|\n|t:|1783546886\n|move|p1a: Jumpluff|Acrobatics|p2a: Primarina\n|-damage|p2a: Primarina|35/268\n|move|p2a: Primarina|Draining Kiss|p1a: Jumpluff\n|-end|p1a: Jumpluff|Substitute\n|-heal|p2a: Primarina|86/268|[from] drain|[of] p1a: Jumpluff\n|\n|-heal|p2a: Primarina|102/268|[from] item: Leftovers\n|-damage|p2a: Primarina|69/268|[from] Leech Seed|[of] p1a: Jumpluff\n|upkeep\n|turn|16\n|inactive|Time left: 300 sec this turn | 300 sec total\n|\n|t:|1783546887\n|switch|p2a: Piloswine|Piloswine, L85, F|309/309\n|move|p1a: Jumpluff|Acrobatics|p2a: Piloswine\n|-damage|p2a: Piloswine|245/309\n|\n|upkeep\n|turn|17\n|inactive|Time left: 300 sec this turn | 300 sec total\n|\n|t:|1783546888\n|move|p1a: Jumpluff|Substitute|p1a: Jumpluff\n|-start|p1a: Jumpluff|Substitute\n|-damage|p1a: Jumpluff|76/100\n|move|p2a: Piloswine|Icicle Crash|p1a: Jumpluff|[miss]\n|-miss|p2a: Piloswine|p1a: Jumpluff\n|\n|upkeep\n|turn|18\n|inactive|Time left: 300 sec this turn | 300 sec total\n|\n|t:|1783546889\n|move|p2a: Piloswine|Ice Shard|p1a: Jumpluff\n|-supereffective|p1a: Jumpluff\n|-end|p1a: Jumpluff|Substitute\n|move|p1a: Jumpluff|Leech Seed|p2a: Piloswine|[miss]\n|-miss|p1a: Jumpluff|p2a: Piloswine\n|\n|upkeep\n|turn|19\n|inactive|Time left: 300 sec this turn | 300 sec total\n|\n|t:|1783546890\n|move|p2a: Piloswine|Ice Shard|p1a: Jumpluff\n|-supereffective|p1a: Jumpluff\n|-damage|p1a: Jumpluff|0 fnt\n|faint|p1a: Jumpluff\n|\n|upkeep\n|\n|t:|1783546891\n|switch|p1a: Oricorio|Oricorio-Pa'u, L87, F|100/100\n|turn|20\n|inactive|Time left: 300 sec this turn | 300 sec total\n|\n|t:|1783546892\n|move|p1a: Oricorio|Hurricane|p2a: Piloswine\n|-damage|p2a: Piloswine|145/309\n|move|p2a: Piloswine|Icicle Crash|p1a: Oricorio\n|-supereffective|p1a: Oricorio\n|-damage|p1a: Oricorio|16/100\n|\n|upkeep\n|turn|21\n|inactive|Time left: 300 sec this turn | 300 sec total\n|\n|t:|1783546893\n|move|p2a: Piloswine|Ice Shard|p1a: Oricorio\n|-supereffective|p1a: Oricorio\n|-damage|p1a: Oricorio|0 fnt\n|faint|p1a: Oricorio\n|\n|upkeep\n|\n|t:|1783546894\n|switch|p1a: Spectrier|Spectrier, L75|100/100\n|-damage|p1a: Spectrier|88/100|[from] Stealth Rock\n|turn|22\n|inactive|Time left: 300 sec this turn | 300 sec total\n|\n|t:|1783546895\n|move|p1a: Spectrier|Nasty Plot|p1a: Spectrier\n|-boost|p1a: Spectrier|spa|2\n|move|p2a: Piloswine|Earthquake|p1a: Spectrier\n|-damage|p1a: Spectrier|29/100\n|\n|upkeep\n|turn|23\n|inactive|Time left: 300 sec this turn | 300 sec total\n|\n|t:|1783546896\n|move|p2a: Piloswine|Ice Shard|p1a: Spectrier\n|-damage|p1a: Spectrier|5/100\n|move|p1a: Spectrier|Shadow Ball|p2a: Piloswine\n|-damage|p2a: Piloswine|0 fnt\n|faint|p2a: Piloswine\n|-ability|p1a: Spectrier|Grim Neigh|boost\n|-boost|p1a: Spectrier|spa|1\n|-damage|p1a: Spectrier|0 fnt|[from] item: Life Orb\n|faint|p1a: Spectrier\n|\n|upkeep\n|inactive|Time left: 300 sec this turn | 300 sec total | 5 sec grace\n|\n|t:|1783546897\n|switch|p1a: Morpeko|Morpeko, L88, M|100/100\n|switch|p2a: Mimikyu|Mimikyu, L79, M|216/216\n|-damage|p1a: Morpeko|88/100|[from] Stealth Rock\n|turn|24\n|inactive|Time left: 300 sec this turn | 300 sec total\n|\n|t:|1783546898\n|move|p1a: Morpeko|Protect|p1a: Morpeko\n|-singleturn|p1a: Morpeko|Protect\n|move|p2a: Mimikyu|Swords Dance|p2a: Mimikyu\n|-boost|p2a: Mimikyu|atk|2\n|\n|-heal|p1a: Morpeko|94/100|[from] item: Leftovers\n|-formechange|p1a: Morpeko|Morpeko-Hangry||[from] ability: Hunger Switch\n|upkeep\n|turn|25\n|inactive|Time left: 300 sec this turn | 300 sec total\n|\n|t:|1783546899\n|move|p1a: Morpeko|Protect||[still]\n|-fail|p1a: Morpeko\n|move|p2a: Mimikyu|Drain Punch|p1a: Morpeko\n|-supereffective|p1a: Morpeko\n|-damage|p1a: Morpeko|0 fnt\n|faint|p1a: Morpeko\n|-damage|p2a: Mimikyu|195/216|[from] item: Life Orb\n|\n|upkeep\n|\n|t:|1783546900\n|switch|p1a: Haxorus|Haxorus, L77, F|100/100\n|-damage|p1a: Haxorus|88/100|[from] Stealth Rock\n|-ability|p1a: Haxorus|Mold Breaker\n|turn|26\n|inactive|Time left: 300 sec this turn | 300 sec total\n|\n|t:|1783546901\n|-terastallize|p2a: Mimikyu|Fairy\n|move|p2a: Mimikyu|Play Rough|p1a: Haxorus\n|-supereffective|p1a: Haxorus\n|-damage|p1a: Haxorus|0 fnt\n|faint|p1a: Haxorus\n|-damage|p2a: Mimikyu|174/216|[from] item: Life Orb\n|\n|win|p0y6084d26", "uploadtime": 1783546901, "views": 0, "rating": 0, "private": 0, "password": null, "_winner": "p0y6084d26", "_our_name": "p0y6084d26"}