{"id": "battle-gen9randombattle-508", "formatid": "gen9randombattle", "format": "[Gen 9] Random Battle", "players": ["p0x508864e", "p0y5089070"], "log": "|init|battle\n|title|p0x508864e vs. p0y5089070\n|j|\u2606p0x508864e\n|j|\u2606p0y5089070\n|t:|1783545657\n|gametype|singles\n|player|p1|p0x508864e|102|\n|player|p2|p0y5089070|101|\n|gen|9\n|tier|[Gen 9] Random Battle\n|rule|Species Clause: Limit one of each Pok\u00e9mon\n|rule|HP Percentage Mod: HP is shown in percentages\n|rule|Sleep Clause Mod: Limit one foe put to sleep\n|rule|Illusion Level Mod: Illusion disguises the Pok\u00e9mon's true level\n|\n|t:|1783545657\n|teamsize|p1|6\n|teamsize|p2|6\n|start\n|switch|p1a: Emboar|Emboar, L84, M|322/322\n|switch|p2a: Gogoat|Gogoat, L88, F|100/100\n|turn|1\n|inactive|Battle timer is ON: inactive players will automatically lose when time's up. (requested by p0y5089070)\n|inactive|Time left: 300 sec this turn | 300 sec total | 60 sec grace\n|inactive|p0x508864e also wants the timer to be on.\n|\n|t:|1783545658\n|move|p1a: Emboar|Flare Blitz|p2a: Gogoat\n|-supereffective|p2a: Gogoat\n|-damage|p2a: Gogoat|0 fnt\n|faint|p2a: Gogoat\n|-damage|p1a: Emboar|203/322|[from] Recoil\n|\n|upkeep\n|\n|t:|1783545659\n|switch|p2a: Quagsire|Quagsire, L84, F|100/100\n|turn|2\n|inactive|Time left: 300 sec this turn | 300 sec total\n|\n|t:|1783545660\n|switch|p1a: Iron Leaves|Iron Leaves, L80|275/275\n|move|p2a: Quagsire|Earthquake|p1a: Iron Leaves\n|-resisted|p1a: Iron Leaves\n|-damage|p1a: Iron Leaves|225/275\n|\n|upkeep\n|turn|3\n|inactive|Time left: 300 sec this turn | 300 sec total\n|\n|t:|1783545661\n|switch|p2a: Zacian|Zacian, L69|100/100\n|-ability|p2a: Zacian|Intrepid Sword|boost\n|-boost|p2a: Zacian|atk|1\n|move|p1a: Iron Leaves|Leaf Blade|p2a: Zacian\n|-damage|p2a: Zacian|36/100\n|-damage|p1a: Iron Leaves|198/275|[from] item: Life Orb\n|\n|upkeep\n|turn|4\n|inactive|Time left: 300 sec this turn | 300 sec total\n|\n|t:|1783545662\n|move|p2a: Zacian|Play Rough|p1a: Iron Leaves\n|-damage|p1a: Iron Leaves|50/275\n|-damage|p2a: Zacian|26/100|[from] item: Life Orb\n|move|p1a: Iron Leaves|Psyblade|p2a: Zacian\n|-damage|p2a: Zacian|0 fnt\n|faint|p2a: Zacian\n|-damage|p1a: Iron Leaves|23/275|[from] item: Life Orb\n|\n|upkeep\n|\n|t:|1783545663\n|switch|p2a: Hawlucha|Hawlucha, L80, F|100/100\n|turn|5\n|inactive|Time left: 300 sec this turn | 300 sec total\n|\n|t:|1783545664\n|-end|p1a: Iron Leaves|Quark Drive|[silent]\n|switch|p1a: Vespiquen|Vespiquen, L99, F|299/299\n|-ability|p1a: Vespiquen|Pressure\n|move|p2a: Hawlucha|Brave Bird|p1a: Vespiquen\n|-supereffective|p1a: Vespiquen\n|-damage|p1a: Vespiquen|137/299\n|-damage|p2a: Hawlucha|80/100|[from] Recoil\n|\n|upkeep\n|turn|6\n|inactive|Time left: 300 sec this turn | 300 sec total\n|\n|t:|1783545665\n|-terastallize|p1a: Vespiquen|Steel\n|move|p2a: Hawlucha|Brave Bird|p1a: Vespiquen\n|-resisted|p1a: Vespiquen\n|-damage|p1a: Vespiquen|96/299\n|-damage|p2a: Hawlucha|74/100|[from] Recoil\n|move|p1a: Vespiquen|Air Slash|p2a: Hawlucha\n|-supereffective|p2a: Hawlucha\n|-damage|p2a: Hawlucha|0 fnt\n|faint|p2a: Hawlucha\n|\n|upkeep\n|\n|t:|1783545665\n|switch|p2a: Hitmonchan|Hitmonchan, L87, M|100/100\n|turn|7\n|inactive|Time left: 300 sec this turn | 300 sec total\n|\n|t:|1783545666\n|move|p2a: Hitmonchan|Drain Punch|p1a: Vespiquen\n|-supereffective|p1a: Vespiquen\n|-damage|p1a: Vespiquen|0 fnt\n|faint|p1a: Vespiquen\n|\n|upkeep\n|inactive|Time left: 300 sec this turn | 300 sec total | 5 sec grace\n|\n|t:|1783545667\n|switch|p1a: Iron Leaves|Iron Leaves, L80|23/275\n|turn|8\n|inactive|Time left: 300 sec this turn | 300 sec total\n|\n|t:|1783545668\n|move|p1a: Iron Leaves|Psyblade|p2a: Hitmonchan\n|-supereffective|p2a: Hitmonchan\n|-damage|p2a: Hitmonchan|0 fnt\n|faint|p2a: Hitmonchan\n|-damage|p1a: Iron Leaves|0 fnt|[from] item: Life Orb\n|faint|p1a: Iron Leaves\n|-end|p1a: Iron Leaves|Quark Drive|[silent]\n|\n|upkeep\n|inactive|Time left: 300 sec this turn | 300 sec total | 5 sec grace\n|\n|t:|1783545669\n|switch|p1a: Tatsugiri|Tatsugiri, L87, F|260/260\n|switch|p2a: Quagsire|Quagsire, L84, F|100/100\n|turn|9\n|inactive|Time left: 300 sec this turn | 300 sec total\n|\n|t:|1783545670\n|move|p1a: Tatsugiri|Surf|p2a: Quagsire\n|-damage|p2a: Quagsire|51/100\n|move|p2a: Quagsire|Earthquake|p1a: Tatsugiri\n|-damage|p1a: Tatsugiri|149/260\n|\n|-heal|p2a: Quagsire|57/100|[from] item: Leftovers\n|upkeep\n|turn|10\n|inactive|Time left: 300 sec this turn | 300 sec total\n|\n|t:|1783545671\n|switch|p2a: Snorlax|Snorlax, L82, M|100/100\n|move|p1a: Tatsugiri|Draco Meteor|p2a: Snorlax\n|-damage|p2a: Snorlax|61/100\n|-unboost|p1a: Tatsugiri|spa|2\n|\n|-heal|p2a: Snorlax|67/100|[from] item: Leftovers\n|upkeep\n|turn|11\n|inactive|Time left: 300 sec this turn | 300 sec total\n|\n|t:|1783545672\n|switch|p1a: Copperajah|Copperajah, L86, M|350/350\n|move|p2a: Snorlax|Body Slam|p1a: Copperajah\n|-resisted|p1a: Copperajah\n|-damage|p1a: Copperajah|290/350\n|\n|-heal|p2a: Snorlax|73/100|[from] item: Leftovers\n|upkeep\n|turn|12\n|inactive|Time left: 300 sec this turn | 300 sec total\n|\n|t:|1783545673\n|switch|p2a: Quagsire|Quagsire, L84, F|57/100\n|move|p1a: Copperajah|Iron Head|p2a: Quagsire\n|-resisted|p2a: Quagsire\n|-damage|p2a: Quagsire|23/100\n|\n|-heal|p2a: Quagsire|29/100|[from] item: Leftovers\n|upkeep\n|turn|13\n|inactive|Time left: 300 sec this turn | 300 sec total\n|\n|t:|1783545674\n|move|p2a: Quagsire|Recover|p2a: Quagsire\n|-heal|p2a: Quagsire|79/100\n|move|p1a: Copperajah|Play Rough|p2a: Quagsire\n|-damage|p2a: Quagsire|31/100\n|\n|-heal|p2a: Quagsire|37/100|[from] item: Leftovers\n|upkeep\n|turn|14\n|inactive|Time left: 300 sec this turn | 300 sec total\n|\n|t:|1783545675\n|move|p2a: Quagsire|Recover|p2a: Quagsire\n|-heal|p2a: Quagsire|87/100\n|move|p1a: Copperajah|Play Rough|p2a: Quagsire\n|-crit|p2a: Quagsire\n|-damage|p2a: Quagsire|8/100\n|\n|-heal|p2a: Quagsire|14/100|[from] item: Leftovers\n|upkeep\n|turn|15\n|inactive|Time left: 300 sec this turn | 300 sec total\n|\n|t:|1783545676\n|move|p2a: Quagsire|Recover|p2a: Quagsire\n|-heal|p2a: Quagsire|64/100\n|move|p1a: Copperajah|Play Rough|p2a: Quagsire\n|-damage|p2a: Quagsire|18/100\n|\n|-heal|p2a: Quagsire|24/100|[from] item: Leftovers\n|upkeep\n|turn|16\n|inactive|Time left: 300 sec this turn | 300 sec total\n|\n|t:|1783545677\n|move|p2a: Quagsire|Recover|p2a: Quagsire\n|-heal|p2a: Quagsire|74/100\n|move|p1a: Copperajah|Iron Head|p2a: Quagsire\n|-resisted|p2a: Quagsire\n|-damage|p2a: Quagsire|42/100\n|\n|-heal|p2a: Quagsire|48/100|[from] item: Leftovers\n|upkeep\n|turn|17\n|inactive|Time left: 300 sec this turn | 300 sec total\n|\n|t:|1783545678\n|move|p2a: Quagsire|Recover|p2a: Quagsire\n|-heal|p2a: Quagsire|98/100\n|move|p1a: Copperajah|Play Rough|p2a: Quagsire\n|-damage|p2a: Quagsire|46/100\n|\n|-heal|p2a: Quagsire|52/100|[from] item: Leftovers\n|upkeep\n|turn|18\n|inactive|Time left: 300 sec this turn | 300 sec total\n|\n|t:|1783545680\n|move|p2a: Quagsire|Earthquake|p1a: Copperajah\n|-supereffective|p1a: Copperajah\n|-crit|p1a: Copperajah\n|-damage|p1a: Copperajah|0 fnt\n|faint|p1a: Copperajah\n|\n|-heal|p2a: Quagsire|58/100|[from] item: Leftovers\n|upkeep\n|inactive|Time left: 300 sec this turn | 300 sec total | 5 sec grace\n|\n|t:|1783545680\n|switch|p1a: Tatsugiri|Tatsugiri, L87, F|149/260\n|turn|19\n|inactive|Time left: 300 sec this turn | 300 sec total\n|\n|t:|1783545682\n|switch|p2a: Snorlax|Snorlax, L82, M|73/100\n|move|p1a: Tatsugiri|Draco Meteor|p2a: Snorlax\n|-damage|p2a: Snorlax|32/100\n|-unboost|p1a: Tatsugiri|spa|2\n|\n|-heal|p2a: Snorlax|39/100|[from] item: Leftovers\n|upkeep\n|turn|20\n|inactive|Time left: 300 sec this turn | 300 sec total\n|\n|t:|1783545683\n|switch|p1a: Emboar|Emboar, L84, M|203/322\n|move|p2a: Snorlax|Body Slam|p1a: Emboar\n|-damage|p1a: Emboar|85/322\n|\n|-heal|p2a: Snorlax|45/100|[from] item: Leftovers\n|upkeep\n|turn|21\n|inactive|Time left: 300 sec this turn | 300 sec total\n|\n|t:|1783545684\n|-terastallize|p2a: Snorlax|Fairy\n|move|p1a: Emboar|Close Combat|p2a: Snorlax\n|-resisted|p2a: Snorlax\n|-damage|p2a: Snorlax|22/100\n|-unboost|p1a: Emboar|def|1\n|-unboost|p1a: Emboar|spd|1\n|move|p2a: Snorlax|Rest|p2a: Snorlax\n|-status|p2a: Snorlax|slp|[from] move: Rest\n|-heal|p2a: Snorlax|100/100 slp|[silent]\n|\n|upkeep\n|turn|22\n|inactive|Time left: 300 sec this turn | 300 sec total\n|\n|t:|1783545685\n|switch|p1a: Tatsugiri|Tatsugiri, L87, F|149/260\n|cant|p2a: Snorlax|slp\n|move|p2a: Snorlax|Sleep Talk|p2a: Snorlax\n|move|p2a: Snorlax|Body Slam|p1a: Tatsugiri|[from] move: Sleep Talk\n|-damage|p1a: Tatsugiri|20/260\n|-status|p1a: Tatsugiri|par\n|\n|upkeep\n|turn|23\n|inactive|Time left: 300 sec this turn | 300 sec total\n|\n|t:|1783545686\n|move|p1a: Tatsugiri|Surf|p2a: Snorlax\n|-crit|p2a: Snorlax\n|-damage|p2a: Snorlax|64/100 slp\n|cant|p2a: Snorlax|slp\n|move|p2a: Snorlax|Sleep Talk|p2a: Snorlax\n|move|p2a: Snorlax|Body Slam|p1a: Tatsugiri|[from] move: Sleep Talk\n|-crit|p1a: Tatsugiri\n|-damage|p1a: Tatsugiri|0 fnt\n|faint|p1a: Tatsugiri\n|\n|-heal|p2a: Snorlax|70/100 slp|[from] item: Leftovers\n|upkeep\n|inactive|Time left: 300 sec this turn | 300 sec total | 5 sec grace\n|\n|t:|1783545687\n|switch|p1a: Emboar|Emboar, L84, M|85/322\n|turn|24\n|inactive|Time left: 300 sec this turn | 300 sec total\n|\n|t:|1783545688\n|move|p1a: Emboar|Close Combat|p2a: Snorlax\n|-resisted|p2a: Snorlax\n|-damage|p2a: Snorlax|44/100 slp\n|-unboost|p1a: Emboar|def|1\n|-unboost|p1a: Emboar|spd|1\n|-curestatus|p2a: Snorlax|slp|[msg]\n|move|p2a: Snorlax|Curse|p2a: Snorlax\n|-unboost|p2a: Snorlax|spe|1\n|-boost|p2a: Snorlax|atk|1\n|-boost|p2a: Snorlax|def|1\n|\n|-heal|p2a: Snorlax|50/100|[from] item: Leftovers\n|upkeep\n|turn|25\n|inactive|Time left: 300 sec this turn | 300 sec total\n|\n|t:|1783545689\n|move|p1a: Emboar|Close Combat|p2a: Snorlax\n|-resisted|p2a: Snorlax\n|-damage|p2a: Snorlax|33/100\n|-unboost|p1a: Emboar|def|1\n|-unboost|p1a: Emboar|spd|1\n|move|p2a: Snorlax|Body Slam|p1a: Emboar\n|-damage|p1a: Emboar|0 fnt\n|faint|p1a: Emboar\n|\n|-heal|p2a: Snorlax|39/100|[from] item: Leftovers\n|upkeep\n|inactive|Time left: 300 sec this turn | 300 sec total | 5 sec grace\n|\n|t:|1783545690\n|switch|p1a: Smeargle|Smeargle, L95, M|258/258\n|turn|26\n|inactive|Time left: 300 sec this turn | 300 sec total\n|\n|t:|1783545691\n|move|p1a: Smeargle|Spore|p2a: Snorlax\n|-status|p2a: Snorlax|slp|[from] move: Spore\n|cant|p2a: Snorlax|slp\n|\n|-heal|p2a: Snorlax|45/100 slp|[from] item: Leftovers\n|upkeep\n|turn|27\n|inactive|Time left: 300 sec this turn | 300 sec total\n|\n|t:|1783545692\n|move|p1a: Smeargle|Sticky Web|p2a: Snorlax\n|-sidestart|p2: p0y5089070|move: Sticky Web\n|cant|p2a: Snorlax|slp\n|\n|-heal|p2a: Snorlax|51/100 slp|[from] item: Leftovers\n|upkeep\n|turn|28\n|inactive|Time left: 300 sec this turn | 300 sec total\n|\n|t:|1783545692\n|move|p1a: Smeargle|Ceaseless Edge|p2a: Snorlax\n|-resisted|p2a: Snorlax\n|-damage|p2a: Snorlax|49/100 slp\n|-sidestart|p2: p0y5089070|Spikes\n|-curestatus|p2a: Snorlax|slp|[msg]\n|move|p2a: Snorlax|Body Slam|p1a: Smeargle\n|-damage|p1a: Smeargle|24/258\n|-status|p1a: Smeargle|par\n|\n|-heal|p2a: Snorlax|55/100|[from] item: Leftovers\n|upkeep\n|turn|29\n|inactive|Time left: 300 sec this turn | 300 sec total\n|\n|t:|1783545693\n|move|p1a: Smeargle|Spore|p2a: Snorlax\n|-status|p2a: Snorlax|slp|[from] move: Spore\n|cant|p2a: Snorlax|slp\n|\n|-heal|p2a: Snorlax|61/100 slp|[from] item: Leftovers\n|upkeep\n|turn|30\n|inactive|Time left: 300 sec this turn | 300 sec total\n|\n|t:|1783545694\n|move|p1a: Smeargle|Ceaseless Edge|p2a: Snorlax\n|-resisted|p2a: Snorlax\n|-damage|p2a: Snorlax|58/100 slp\n|-sidestart|p2: p0y5089070|Spikes\n|cant|p2a: Snorlax|slp\n|\n|-heal|p2a: Snorlax|64/100 slp|[from] item: Leftovers\n|upkeep\n|turn|31\n|inactive|Time left: 300 sec this turn | 300 sec total\n|\n|t:|1783545695\n|-curestatus|p2a: Snorlax|slp|[msg]\n|move|p2a: Snorlax|Body Slam|p1a: Smeargle\n|-damage|p1a: Smeargle|0 fnt\n|faint|p1a: Smeargle\n|\n|win|p0y5089070", "uploadtime": 1783545695, "views": 0, "rating": 0, "private": 0, "password": null, "_winner": "p0y5089070", "_our_name": "p0x508864e"}