{"id": "battle-gen9randombattle-1104", "formatid": "gen9randombattle", "format": "[Gen 9] Random Battle", "players": ["p0x11042b9d", "p0y1104819b"], "log": "|init|battle\n|title|p0x11042b9d vs. p0y1104819b\n|j|\u2606p0x11042b9d\n|j|\u2606p0y1104819b\n|t:|1783551963\n|gametype|singles\n|player|p1|p0x11042b9d|1|\n|player|p2|p0y1104819b|101|\n|gen|9\n|tier|[Gen 9] Random Battle\n|rule|Species Clause: Limit one of each Pok\u00e9mon\n|rule|HP Percentage Mod: HP is shown in percentages\n|rule|Sleep Clause Mod: Limit one foe put to sleep\n|rule|Illusion Level Mod: Illusion disguises the Pok\u00e9mon's true level\n|\n|t:|1783551963\n|teamsize|p1|6\n|teamsize|p2|6\n|start\n|switch|p1a: Wo-Chien|Wo-Chien, L83|100/100\n|switch|p2a: Oranguru|Oranguru, L92, M|315/315\n|-ability|p1a: Wo-Chien|Tablets of Ruin\n|turn|1\n|inactive|Battle timer is ON: inactive players will automatically lose when time's up. (requested by p0x11042b9d)\n|inactive|Time left: 300 sec this turn | 300 sec total | 60 sec grace\n|\n|t:|1783551965\n|move|p1a: Wo-Chien|Knock Off|p2a: Oranguru\n|-supereffective|p2a: Oranguru\n|-damage|p2a: Oranguru|121/315\n|-enditem|p2a: Oranguru|Leftovers|[from] move: Knock Off|[of] p1a: Wo-Chien\n|move|p2a: Oranguru|Nasty Plot|p2a: Oranguru\n|-boost|p2a: Oranguru|spa|2\n|\n|upkeep\n|turn|2\n|inactive|Time left: 300 sec this turn | 300 sec total\n|inactive|p0y1104819b also wants the timer to be on.\n|\n|t:|1783551966\n|move|p1a: Wo-Chien|Knock Off|p2a: Oranguru\n|-supereffective|p2a: Oranguru\n|-damage|p2a: Oranguru|5/315\n|move|p2a: Oranguru|Focus Blast|p1a: Wo-Chien\n|-supereffective|p1a: Wo-Chien\n|-damage|p1a: Wo-Chien|0 fnt\n|faint|p1a: Wo-Chien\n|\n|upkeep\n|\n|t:|1783551967\n|switch|p1a: Espathra|Espathra, L80, M|100/100\n|turn|3\n|inactive|Time left: 300 sec this turn | 300 sec total\n|\n|t:|1783551968\n|move|p1a: Espathra|Lumina Crash|p2a: Oranguru\n|-resisted|p2a: Oranguru\n|-damage|p2a: Oranguru|0 fnt\n|faint|p2a: Oranguru\n|\n|-ability|p1a: Espathra|Speed Boost|boost\n|-boost|p1a: Espathra|spe|1\n|upkeep\n|inactive|Time left: 300 sec this turn | 300 sec total | 5 sec grace\n|\n|t:|1783551969\n|switch|p2a: Weavile|Weavile, L79, F|239/239\n|turn|4\n|inactive|Time left: 300 sec this turn | 300 sec total\n|\n|t:|1783551971\n|move|p1a: Espathra|Lumina Crash|p2a: Weavile\n|-immune|p2a: Weavile\n|move|p2a: Weavile|Knock Off|p1a: Espathra\n|-supereffective|p1a: Espathra\n|-damage|p1a: Espathra|0 fnt\n|-enditem|p1a: Espathra|Choice Specs|[from] move: Knock Off|[of] p2a: Weavile\n|faint|p1a: Espathra\n|\n|upkeep\n|\n|t:|1783551972\n|switch|p1a: Zekrom|Zekrom, L71|100/100\n|-ability|p1a: Zekrom|Teravolt\n|turn|5\n|inactive|Time left: 300 sec this turn | 300 sec total\n|\n|t:|1783551973\n|move|p2a: Weavile|Knock Off|p1a: Zekrom\n|-damage|p1a: Zekrom|41/100\n|-enditem|p1a: Zekrom|Leftovers|[from] move: Knock Off|[of] p2a: Weavile\n|move|p1a: Zekrom|Dragon Dance|p1a: Zekrom\n|-boost|p1a: Zekrom|atk|1\n|-boost|p1a: Zekrom|spe|1\n|\n|upkeep\n|turn|6\n|inactive|Time left: 300 sec this turn | 300 sec total\n|\n|t:|1783551974\n|switch|p2a: Overqwil|Overqwil, L82, F|274/274\n|-ability|p2a: Overqwil|Intimidate|boost\n|-unboost|p1a: Zekrom|atk|1\n|move|p1a: Zekrom|Outrage|p2a: Overqwil\n|-damage|p2a: Overqwil|141/274\n|\n|upkeep\n|turn|7\n|inactive|Time left: 300 sec this turn | 300 sec total\n|\n|t:|1783551975\n|move|p1a: Zekrom|Outrage|p2a: Overqwil|[from] lockedmove\n|-damage|p2a: Overqwil|20/274\n|move|p2a: Overqwil|Crunch|p1a: Zekrom\n|-damage|p1a: Zekrom|2/100\n|-unboost|p1a: Zekrom|def|1\n|-damage|p2a: Overqwil|0 fnt|[from] item: Life Orb\n|faint|p2a: Overqwil\n|\n|upkeep\n|inactive|Time left: 300 sec this turn | 300 sec total | 5 sec grace\n|\n|t:|1783551976\n|switch|p2a: Hariyama|Hariyama, L87, M|392/392\n|turn|8\n|inactive|Time left: 300 sec this turn | 300 sec total\n|\n|t:|1783551977\n|move|p2a: Hariyama|Bullet Punch|p1a: Zekrom\n|-resisted|p1a: Zekrom\n|-damage|p1a: Zekrom|0 fnt\n|faint|p1a: Zekrom\n|\n|-status|p2a: Hariyama|brn|[from] item: Flame Orb\n|upkeep\n|\n|t:|1783551978\n|switch|p1a: Slowbro|Slowbro-Galar, L87, F|100/100\n|turn|9\n|inactive|Time left: 300 sec this turn | 300 sec total\n|\n|t:|1783551979\n|move|p2a: Hariyama|Knock Off|p1a: Slowbro\n|-supereffective|p1a: Slowbro\n|-damage|p1a: Slowbro|17/100\n|-enditem|p1a: Slowbro|Leftovers|[from] move: Knock Off|[of] p2a: Hariyama\n|move|p1a: Slowbro|Psychic|p2a: Hariyama\n|-supereffective|p2a: Hariyama\n|-damage|p2a: Hariyama|104/392 brn\n|\n|-damage|p2a: Hariyama|80/392 brn|[from] brn\n|upkeep\n|turn|10\n|inactive|Time left: 300 sec this turn | 300 sec total\n|\n|t:|1783551980\n|move|p2a: Hariyama|Facade|p1a: Slowbro\n|-damage|p1a: Slowbro|0 fnt\n|faint|p1a: Slowbro\n|\n|-damage|p2a: Hariyama|56/392 brn|[from] brn\n|upkeep\n|\n|t:|1783551981\n|switch|p1a: Regieleki|Regieleki, L79|100/100\n|turn|11\n|inactive|Time left: 300 sec this turn | 300 sec total\n|\n|t:|1783551982\n|switch|p2a: Gallade|Gallade, L80, M|240/240\n|move|p1a: Regieleki|Thunderbolt|p2a: Gallade\n|-damage|p2a: Gallade|123/240\n|\n|upkeep\n|turn|12\n|inactive|Time left: 300 sec this turn | 300 sec total\n|\n|t:|1783551983\n|move|p1a: Regieleki|Volt Switch|p2a: Gallade\n|-damage|p2a: Gallade|39/240\n|\n|t:|1783551985\n|switch|p1a: Altaria|Altaria, L89, F|100/100|[from] Volt Switch\n|move|p2a: Gallade|Sacred Sword|p1a: Altaria\n|-resisted|p1a: Altaria\n|-damage|p1a: Altaria|65/100\n|-damage|p2a: Gallade|15/240|[from] item: Life Orb\n|\n|upkeep\n|turn|13\n|inactive|Time left: 300 sec this turn | 300 sec total\n|\n|t:|1783551986\n|switch|p2a: Weavile|Weavile, L79, F|239/239\n|move|p1a: Altaria|Earthquake|p2a: Weavile\n|-damage|p2a: Weavile|153/239\n|\n|upkeep\n|turn|14\n|inactive|Time left: 300 sec this turn | 300 sec total\n|\n|t:|1783551987\n|-terastallize|p1a: Altaria|Steel\n|move|p2a: Weavile|Triple Axel|p1a: Altaria\n|-resisted|p1a: Altaria\n|-crit|p1a: Altaria\n|-damage|p1a: Altaria|56/100\n|-resisted|p1a: Altaria\n|-damage|p1a: Altaria|45/100\n|-hitcount|p1a: Altaria|2\n|move|p1a: Altaria|Brave Bird|p2a: Weavile\n|-damage|p2a: Weavile|15/239\n|-damage|p1a: Altaria|29/100|[from] Recoil\n|\n|upkeep\n|turn|15\n|inactive|Time left: 300 sec this turn | 300 sec total\n|\n|t:|1783551988\n|move|p2a: Weavile|Triple Axel|p1a: Altaria\n|-resisted|p1a: Altaria\n|-damage|p1a: Altaria|22/100\n|-resisted|p1a: Altaria\n|-damage|p1a: Altaria|12/100\n|-resisted|p1a: Altaria\n|-damage|p1a: Altaria|0 fnt\n|faint|p1a: Altaria\n|-hitcount|p1: Altaria|3\n|\n|upkeep\n|\n|t:|1783551989\n|switch|p1a: Regieleki|Regieleki, L79|100/100\n|turn|16\n|inactive|Time left: 300 sec this turn | 300 sec total\n|\n|t:|1783551990\n|switch|p2a: Arbok|Arbok, L87, F|246/246\n|-ability|p2a: Arbok|Intimidate|boost\n|-unboost|p1a: Regieleki|atk|1\n|move|p1a: Regieleki|Rapid Spin|p2a: Arbok\n|-damage|p2a: Arbok|220/246\n|-boost|p1a: Regieleki|spe|1\n|\n|upkeep\n|turn|17\n|inactive|Time left: 300 sec this turn | 300 sec total\n|\n|t:|1783551990\n|-terastallize|p2a: Arbok|Ground\n|move|p1a: Regieleki|Thunderbolt|p2a: Arbok\n|-immune|p2a: Arbok\n|move|p2a: Arbok|Earthquake|p1a: Regieleki\n|-supereffective|p1a: Regieleki\n|-damage|p1a: Regieleki|0 fnt\n|faint|p1a: Regieleki\n|-damage|p2a: Arbok|196/246|[from] item: Life Orb\n|\n|win|p0y1104819b", "uploadtime": 1783551990, "views": 0, "rating": 0, "private": 0, "password": null, "_winner": "p0y1104819b", "_our_name": "p0y1104819b"}