{"id": "battle-gen9randombattle-271", "formatid": "gen9randombattle", "format": "[Gen 9] Random Battle", "players": ["p0x271607d", "p0y2711704"], "log": "|init|battle\n|title|p0x271607d vs. p0y2711704\n|j|\u2606p0x271607d\n|j|\u2606p0y2711704\n|t:|1783542216\n|gametype|singles\n|player|p1|p0x271607d|265|\n|player|p2|p0y2711704|101|\n|gen|9\n|tier|[Gen 9] Random Battle\n|rule|Species Clause: Limit one of each Pok\u00e9mon\n|rule|HP Percentage Mod: HP is shown in percentages\n|rule|Sleep Clause Mod: Limit one foe put to sleep\n|rule|Illusion Level Mod: Illusion disguises the Pok\u00e9mon's true level\n|\n|t:|1783542216\n|teamsize|p1|6\n|teamsize|p2|6\n|start\n|switch|p1a: Basculegion|Basculegion-F, L83, F|100/100\n|switch|p2a: Maushold|Maushold, L76|238/238\n|turn|1\n|inactive|Battle timer is ON: inactive players will automatically lose when time's up. (requested by p0x271607d)\n|inactive|Time left: 300 sec this turn | 300 sec total | 60 sec grace\n|inactive|p0y2711704 also wants the timer to be on.\n|\n|t:|1783542217\n|move|p2a: Maushold|Tidy Up|p2a: Maushold\n|-boost|p2a: Maushold|atk|1\n|-boost|p2a: Maushold|spe|1\n|move|p1a: Basculegion|Hydro Pump|p2a: Maushold\n|-damage|p2a: Maushold|38/238\n|\n|upkeep\n|turn|2\n|inactive|Time left: 300 sec this turn | 300 sec total\n|\n|t:|1783542218\n|move|p2a: Maushold|Bite|p1a: Basculegion\n|-supereffective|p1a: Basculegion\n|-damage|p1a: Basculegion|53/100\n|move|p1a: Basculegion|Wave Crash|p2a: Maushold\n|-damage|p2a: Maushold|0 fnt\n|faint|p2a: Maushold\n|-damage|p1a: Basculegion|49/100|[from] Recoil\n|\n|upkeep\n|inactive|Time left: 300 sec this turn | 300 sec total | 5 sec grace\n|\n|t:|1783542219\n|switch|p2a: Flamigo|Flamigo, L82, M|269/269\n|turn|3\n|inactive|Time left: 300 sec this turn | 300 sec total\n|\n|t:|1783542220\n|switch|p1a: Moltres|Moltres, L81|100/100\n|move|p2a: Flamigo|Close Combat|p1a: Moltres\n|-resisted|p1a: Moltres\n|-damage|p1a: Moltres|62/100\n|-unboost|p2a: Flamigo|def|1\n|-unboost|p2a: Flamigo|spd|1\n|\n|upkeep\n|turn|4\n|inactive|Time left: 300 sec this turn | 300 sec total\n|\n|t:|1783542221\n|switch|p2a: Grumpig|Grumpig, L92, M|297/297\n|move|p1a: Moltres|Fire Blast|p2a: Grumpig\n|-damage|p2a: Grumpig|249/297\n|\n|-heal|p2a: Grumpig|267/297|[from] item: Leftovers\n|upkeep\n|turn|5\n|inactive|Time left: 300 sec this turn | 300 sec total\n|\n|t:|1783542223\n|move|p2a: Grumpig|Nasty Plot|p2a: Grumpig\n|-boost|p2a: Grumpig|spa|2\n|move|p1a: Moltres|Roost|p1a: Moltres\n|-heal|p1a: Moltres|100/100\n|-singleturn|p1a: Moltres|move: Roost\n|\n|-heal|p2a: Grumpig|285/297|[from] item: Leftovers\n|upkeep\n|turn|6\n|inactive|Time left: 300 sec this turn | 300 sec total\n|\n|t:|1783542224\n|move|p2a: Grumpig|Psyshock|p1a: Moltres\n|-damage|p1a: Moltres|27/100\n|move|p1a: Moltres|Roost|p1a: Moltres\n|-heal|p1a: Moltres|77/100\n|-singleturn|p1a: Moltres|move: Roost\n|\n|-heal|p2a: Grumpig|297/297|[from] item: Leftovers\n|upkeep\n|turn|7\n|inactive|Time left: 300 sec this turn | 300 sec total\n|\n|t:|1783542225\n|move|p2a: Grumpig|Psyshock|p1a: Moltres\n|-damage|p1a: Moltres|11/100\n|move|p1a: Moltres|U-turn|p2a: Grumpig\n|-supereffective|p2a: Grumpig\n|-damage|p2a: Grumpig|185/297\n|\n|t:|1783542226\n|switch|p1a: Leafeon|Leafeon, L88, M|100/100|[from] U-turn\n|\n|-heal|p2a: Grumpig|203/297|[from] item: Leftovers\n|upkeep\n|turn|8\n|inactive|Time left: 300 sec this turn | 300 sec total\n|\n|t:|1783542227\n|-terastallize|p2a: Grumpig|Fighting\n|move|p1a: Leafeon|Swords Dance|p1a: Leafeon\n|-boost|p1a: Leafeon|atk|2\n|move|p2a: Grumpig|Focus Blast|p1a: Leafeon\n|-damage|p1a: Leafeon|0 fnt\n|faint|p1a: Leafeon\n|\n|-heal|p2a: Grumpig|221/297|[from] item: Leftovers\n|upkeep\n|\n|t:|1783542229\n|switch|p1a: Zacian|Zacian-Crowned, L64|100/100\n|-ability|p1a: Zacian|Intrepid Sword|boost\n|-boost|p1a: Zacian|atk|1\n|turn|9\n|inactive|Time left: 300 sec this turn | 300 sec total\n|\n|t:|1783542230\n|switch|p2a: Typhlosion|Typhlosion-Hisui, L83, F|257/257\n|move|p1a: Zacian|Play Rough|p2a: Typhlosion\n|-resisted|p2a: Typhlosion\n|-damage|p2a: Typhlosion|194/257\n|\n|upkeep\n|turn|10\n|inactive|Time left: 300 sec this turn | 300 sec total\n|\n|t:|1783542231\n|switch|p1a: Basculegion|Basculegion-F, L83, F|49/100\n|move|p2a: Typhlosion|Fire Blast|p1a: Basculegion|[miss]\n|-miss|p2a: Typhlosion|p1a: Basculegion\n|\n|upkeep\n|turn|11\n|inactive|Time left: 300 sec this turn | 300 sec total\n|\n|t:|1783542232\n|move|p2a: Typhlosion|Shadow Ball|p1a: Basculegion\n|-supereffective|p1a: Basculegion\n|-damage|p1a: Basculegion|6/100\n|-unboost|p1a: Basculegion|spd|1\n|move|p1a: Basculegion|Shadow Ball|p2a: Typhlosion\n|-supereffective|p2a: Typhlosion\n|-damage|p2a: Typhlosion|0 fnt\n|faint|p2a: Typhlosion\n|\n|upkeep\n|inactive|Time left: 300 sec this turn | 300 sec total | 5 sec grace\n|\n|t:|1783542233\n|switch|p2a: Kricketune|Kricketune, L99, M|312/312\n|turn|12\n|inactive|Time left: 300 sec this turn | 300 sec total\n|\n|t:|1783542233\n|move|p2a: Kricketune|Sticky Web|p1a: Basculegion\n|-sidestart|p1: p0x271607d|move: Sticky Web\n|move|p1a: Basculegion|Shadow Ball|p2a: Kricketune\n|-damage|p2a: Kricketune|176/312\n|\n|upkeep\n|turn|13\n|inactive|Time left: 300 sec this turn | 300 sec total\n|\n|t:|1783542234\n|move|p2a: Kricketune|Pounce|p1a: Basculegion\n|-resisted|p1a: Basculegion\n|-damage|p1a: Basculegion|0 fnt\n|faint|p1a: Basculegion\n|\n|upkeep\n|\n|t:|1783542235\n|switch|p1a: Moltres|Moltres, L81|11/100\n|turn|14\n|inactive|Time left: 300 sec this turn | 300 sec total\n|\n|t:|1783542236\n|switch|p2a: Grumpig|Grumpig, L92, M, tera:Fighting|221/297\n|move|p1a: Moltres|Roost|p1a: Moltres\n|-heal|p1a: Moltres|61/100\n|-singleturn|p1a: Moltres|move: Roost\n|\n|-heal|p2a: Grumpig|239/297|[from] item: Leftovers\n|upkeep\n|turn|15\n|inactive|Time left: 300 sec this turn | 300 sec total\n|\n|t:|1783542237\n|move|p2a: Grumpig|Psyshock|p1a: Moltres\n|-damage|p1a: Moltres|27/100\n|move|p1a: Moltres|Brave Bird|p2a: Grumpig\n|-supereffective|p2a: Grumpig\n|-damage|p2a: Grumpig|0 fnt\n|faint|p2a: Grumpig\n|-damage|p1a: Moltres|0 fnt|[from] Recoil\n|faint|p1a: Moltres\n|\n|upkeep\n|inactive|Time left: 300 sec this turn | 300 sec total | 5 sec grace\n|\n|t:|1783542239\n|switch|p2a: Solgaleo|Solgaleo, L74|325/325\n|switch|p1a: Zacian|Zacian-Crowned, L64|100/100\n|-activate|p1a: Zacian|move: Sticky Web\n|-unboost|p1a: Zacian|spe|1\n|turn|16\n|inactive|Time left: 300 sec this turn | 300 sec total\n|\n|t:|1783542239\n|switch|p1a: Palossand|Palossand, L89, M|100/100\n|-activate|p1a: Palossand|move: Sticky Web\n|-unboost|p1a: Palossand|spe|1\n|move|p2a: Solgaleo|Sunsteel Strike|p1a: Palossand\n|-damage|p1a: Palossand|71/100\n|\n|-heal|p1a: Palossand|77/100|[from] item: Leftovers\n|upkeep\n|turn|17\n|inactive|Time left: 300 sec this turn | 300 sec total\n|\n|t:|1783542241\n|move|p2a: Solgaleo|Knock Off|p1a: Palossand\n|-supereffective|p1a: Palossand\n|-damage|p1a: Palossand|39/100\n|-enditem|p1a: Palossand|Leftovers|[from] move: Knock Off|[of] p2a: Solgaleo\n|move|p1a: Palossand|Shadow Ball|p2a: Solgaleo\n|-supereffective|p2a: Solgaleo\n|-crit|p2a: Solgaleo\n|-damage|p2a: Solgaleo|0 fnt\n|faint|p2a: Solgaleo\n|\n|upkeep\n|inactive|Time left: 300 sec this turn | 300 sec total | 5 sec grace\n|\n|t:|1783542242\n|switch|p2a: Flamigo|Flamigo, L82, M|269/269\n|turn|18\n|inactive|Time left: 300 sec this turn | 300 sec total\n|\n|t:|1783542242\n|-terastallize|p1a: Palossand|Poison\n|move|p2a: Flamigo|Close Combat|p1a: Palossand\n|-resisted|p1a: Palossand\n|-damage|p1a: Palossand|12/100\n|-unboost|p2a: Flamigo|def|1\n|-unboost|p2a: Flamigo|spd|1\n|move|p1a: Palossand|Shore Up|p1a: Palossand\n|-heal|p1a: Palossand|62/100\n|\n|upkeep\n|turn|19\n|inactive|Time left: 300 sec this turn | 300 sec total\n|\n|t:|1783542243\n|switch|p2a: Kricketune|Kricketune, L99, M|176/312\n|move|p1a: Palossand|Sludge Bomb|p2a: Kricketune\n|-damage|p2a: Kricketune|49/312\n|\n|upkeep\n|turn|20\n|inactive|Time left: 300 sec this turn | 300 sec total\n|\n|t:|1783542244\n|move|p2a: Kricketune|Pounce|p1a: Palossand\n|-resisted|p1a: Palossand\n|-damage|p1a: Palossand|50/100\n|-unboost|p1a: Palossand|spe|1\n|move|p1a: Palossand|Sludge Bomb|p2a: Kricketune\n|-damage|p2a: Kricketune|0 fnt\n|faint|p2a: Kricketune\n|\n|upkeep\n|inactive|Time left: 300 sec this turn | 300 sec total | 5 sec grace\n|\n|t:|1783542245\n|switch|p2a: Flamigo|Flamigo, L82, M|269/269\n|turn|21\n|inactive|Time left: 300 sec this turn | 300 sec total\n|\n|t:|1783542246\n|move|p2a: Flamigo|Throat Chop|p1a: Palossand\n|-crit|p1a: Palossand\n|-damage|p1a: Palossand|14/100\n|-start|p1a: Palossand|Throat Chop|[silent]\n|move|p1a: Palossand|Sludge Bomb|p2a: Flamigo\n|-damage|p2a: Flamigo|133/269\n|\n|upkeep\n|turn|22\n|inactive|Time left: 300 sec this turn | 300 sec total\n|\n|t:|1783542247\n|move|p2a: Flamigo|Throat Chop|p1a: Palossand\n|-damage|p1a: Palossand|0 fnt\n|faint|p1a: Palossand\n|\n|upkeep\n|\n|t:|1783542248\n|switch|p1a: Zacian|Zacian-Crowned, L64|100/100\n|-activate|p1a: Zacian|move: Sticky Web\n|-unboost|p1a: Zacian|spe|1\n|turn|23\n|inactive|Time left: 300 sec this turn | 300 sec total\n|\n|t:|1783542249\n|move|p2a: Flamigo|Throat Chop|p1a: Zacian\n|-resisted|p1a: Zacian\n|-damage|p1a: Zacian|77/100\n|-start|p1a: Zacian|Throat Chop|[silent]\n|move|p1a: Zacian|Play Rough|p2a: Flamigo\n|-supereffective|p2a: Flamigo\n|-damage|p2a: Flamigo|0 fnt\n|faint|p2a: Flamigo\n|\n|win|p0x271607d", "uploadtime": 1783542249, "views": 0, "rating": 0, "private": 0, "password": null, "_winner": "p0x271607d", "_our_name": "p0y2711704"}