{"id": "battle-gen9randombattle-842", "formatid": "gen9randombattle", "format": "[Gen 9] Random Battle", "players": ["p0x84298ae", "p0y8421acf"], "log": "|init|battle\n|title|p0x84298ae vs. p0y8421acf\n|j|\u2606p0x84298ae\n|j|\u2606p0y8421acf\n|t:|1783548904\n|gametype|singles\n|player|p1|p0x84298ae|101|\n|player|p2|p0y8421acf|169|\n|gen|9\n|tier|[Gen 9] Random Battle\n|rule|Species Clause: Limit one of each Pok\u00e9mon\n|rule|HP Percentage Mod: HP is shown in percentages\n|rule|Sleep Clause Mod: Limit one foe put to sleep\n|rule|Illusion Level Mod: Illusion disguises the Pok\u00e9mon's true level\n|\n|t:|1783548904\n|teamsize|p1|6\n|teamsize|p2|6\n|start\n|switch|p1a: Koraidon|Koraidon, L64|100/100\n|switch|p2a: Espathra|Espathra, L80, M|283/283\n|-weather|SunnyDay|[from] ability: Orichalcum Pulse|[of] p1a: Koraidon\n|-activate|p1a: Koraidon|Orichalcum Pulse|[source]\n|turn|1\n|inactive|Battle timer is ON: inactive players will automatically lose when time's up. (requested by p0x84298ae)\n|inactive|Time left: 300 sec this turn | 300 sec total | 60 sec grace\n|\n|t:|1783548906\n|switch|p1a: Magmortar|Magmortar, L88, M|100/100\n|move|p2a: Espathra|Lumina Crash|p1a: Magmortar\n|-damage|p1a: Magmortar|61/100\n|-unboost|p1a: Magmortar|spd|2\n|\n|-weather|SunnyDay|[upkeep]\n|-ability|p2a: Espathra|Speed Boost|boost\n|-boost|p2a: Espathra|spe|1\n|upkeep\n|turn|2\n|inactive|Time left: 300 sec this turn | 300 sec total\n|inactive|p0y8421acf also wants the timer to be on.\n|\n|t:|1783548907\n|switch|p1a: Zarude|Zarude-Dada, L77|100/100\n|move|p2a: Espathra|Lumina Crash|p1a: Zarude\n|-immune|p1a: Zarude\n|\n|-weather|SunnyDay|[upkeep]\n|-ability|p2a: Espathra|Speed Boost|boost\n|-boost|p2a: Espathra|spe|1\n|upkeep\n|turn|3\n|inactive|Time left: 300 sec this turn | 300 sec total\n|\n|t:|1783548909\n|switch|p2a: Gouging Fire|Gouging Fire, L74|277/277\n|-activate|p2a: Gouging Fire|ability: Protosynthesis\n|-start|p2a: Gouging Fire|protosynthesisdef\n|move|p1a: Zarude|Knock Off|p2a: Gouging Fire\n|-damage|p2a: Gouging Fire|202/277\n|-enditem|p2a: Gouging Fire|Heavy-Duty Boots|[from] move: Knock Off|[of] p1a: Zarude\n|\n|-weather|SunnyDay|[upkeep]\n|upkeep\n|turn|4\n|inactive|Time left: 300 sec this turn | 300 sec total\n|\n|t:|1783548910\n|switch|p1a: Mamoswine|Mamoswine, L81, M|100/100\n|move|p2a: Gouging Fire|Heat Crash|p1a: Mamoswine\n|-supereffective|p1a: Mamoswine\n|-damage|p1a: Mamoswine|70/100\n|\n|-weather|SunnyDay|[upkeep]\n|upkeep\n|turn|5\n|inactive|Time left: 300 sec this turn | 300 sec total\n|\n|t:|1783548911\n|move|p2a: Gouging Fire|Outrage|p1a: Mamoswine\n|-damage|p1a: Mamoswine|26/100\n|move|p1a: Mamoswine|Earthquake|p2a: Gouging Fire\n|-supereffective|p2a: Gouging Fire\n|-damage|p2a: Gouging Fire|0 fnt\n|faint|p2a: Gouging Fire\n|-end|p2a: Gouging Fire|Protosynthesis|[silent]\n|\n|-weather|none\n|upkeep\n|inactive|Time left: 300 sec this turn | 300 sec total | 5 sec grace\n|\n|t:|1783548912\n|switch|p2a: Slaking|Slaking, L84, F|389/389\n|turn|6\n|inactive|Time left: 300 sec this turn | 300 sec total\n|\n|t:|1783548913\n|switch|p1a: Magmortar|Magmortar, L88, M|61/100\n|move|p2a: Slaking|Giga Impact|p1a: Magmortar|[miss]\n|-miss|p2a: Slaking|p1a: Magmortar\n|\n|upkeep\n|turn|7\n|inactive|Time left: 300 sec this turn | 300 sec total\n|\n|t:|1783548914\n|cant|p2a: Slaking|ability: Truant\n|move|p1a: Magmortar|Knock Off|p2a: Slaking\n|-damage|p2a: Slaking|324/389\n|-enditem|p2a: Slaking|Choice Band|[from] move: Knock Off|[of] p1a: Magmortar\n|\n|upkeep\n|turn|8\n|inactive|Time left: 300 sec this turn | 300 sec total\n|\n|t:|1783548916\n|move|p2a: Slaking|Giga Impact|p1a: Magmortar\n|-damage|p1a: Magmortar|0 fnt\n|-mustrecharge|p2a: Slaking\n|faint|p1a: Magmortar\n|\n|upkeep\n|\n|t:|1783548917\n|switch|p1a: Quagsire|Quagsire, L84, F|100/100\n|turn|9\n|inactive|Time left: 300 sec this turn | 300 sec total\n|\n|t:|1783548918\n|cant|p2a: Slaking|recharge\n|move|p1a: Quagsire|Toxic|p2a: Slaking\n|-status|p2a: Slaking|tox\n|\n|-damage|p2a: Slaking|300/389 tox|[from] psn\n|upkeep\n|turn|10\n|inactive|Time left: 300 sec this turn | 300 sec total\n|\n|t:|1783548919\n|move|p2a: Slaking|Giga Impact|p1a: Quagsire\n|-damage|p1a: Quagsire|12/100\n|-mustrecharge|p2a: Slaking\n|move|p1a: Quagsire|Earthquake|p2a: Slaking\n|-damage|p2a: Slaking|216/389 tox\n|\n|-heal|p1a: Quagsire|18/100|[from] item: Leftovers\n|-damage|p2a: Slaking|168/389 tox|[from] psn\n|upkeep\n|turn|11\n|inactive|Time left: 300 sec this turn | 300 sec total\n|\n|t:|1783548920\n|cant|p2a: Slaking|recharge\n|move|p1a: Quagsire|Recover|p1a: Quagsire\n|-heal|p1a: Quagsire|68/100\n|\n|-heal|p1a: Quagsire|74/100|[from] item: Leftovers\n|-damage|p2a: Slaking|96/389 tox|[from] psn\n|upkeep\n|turn|12\n|inactive|Time left: 300 sec this turn | 300 sec total\n|\n|t:|1783548921\n|switch|p1a: Mamoswine|Mamoswine, L81, M|26/100\n|move|p2a: Slaking|Giga Impact|p1a: Mamoswine\n|-damage|p1a: Mamoswine|0 fnt\n|-mustrecharge|p2a: Slaking\n|faint|p1a: Mamoswine\n|\n|-damage|p2a: Slaking|0 fnt|[from] psn\n|faint|p2a: Slaking\n|upkeep\n|inactive|Time left: 300 sec this turn | 300 sec total | 5 sec grace\n|\n|t:|1783548922\n|switch|p2a: Hippowdon|Hippowdon, L82, M|311/311\n|switch|p1a: Goodra|Goodra, L85, M|100/100\n|-weather|Sandstorm|[from] ability: Sand Stream|[of] p2a: Hippowdon\n|turn|13\n|inactive|Time left: 300 sec this turn | 300 sec total\n|\n|t:|1783548923\n|move|p1a: Goodra|Scald|p2a: Hippowdon\n|-supereffective|p2a: Hippowdon\n|-damage|p2a: Hippowdon|167/311\n|-status|p2a: Hippowdon|brn\n|move|p2a: Hippowdon|Earthquake|p1a: Goodra\n|-damage|p1a: Goodra|78/100\n|\n|-weather|Sandstorm|[upkeep]\n|-damage|p1a: Goodra|72/100|[from] Sandstorm\n|-heal|p2a: Hippowdon|186/311 brn|[from] item: Leftovers\n|-damage|p2a: Hippowdon|167/311 brn|[from] brn\n|upkeep\n|turn|14\n|inactive|Time left: 300 sec this turn | 300 sec total\n|\n|t:|1783548925\n|move|p1a: Goodra|Scald|p2a: Hippowdon\n|-supereffective|p2a: Hippowdon\n|-damage|p2a: Hippowdon|17/311 brn\n|move|p2a: Hippowdon|Slack Off|p2a: Hippowdon\n|-heal|p2a: Hippowdon|173/311 brn\n|\n|-weather|Sandstorm|[upkeep]\n|-damage|p1a: Goodra|66/100|[from] Sandstorm\n|-heal|p2a: Hippowdon|192/311 brn|[from] item: Leftovers\n|-damage|p2a: Hippowdon|173/311 brn|[from] brn\n|upkeep\n|turn|15\n|inactive|Time left: 300 sec this turn | 300 sec total\n|\n|t:|1783548926\n|move|p1a: Goodra|Scald|p2a: Hippowdon\n|-supereffective|p2a: Hippowdon\n|-damage|p2a: Hippowdon|9/311 brn\n|move|p2a: Hippowdon|Slack Off|p2a: Hippowdon\n|-heal|p2a: Hippowdon|165/311 brn\n|\n|-weather|Sandstorm|[upkeep]\n|-damage|p1a: Goodra|60/100|[from] Sandstorm\n|-heal|p2a: Hippowdon|184/311 brn|[from] item: Leftovers\n|-damage|p2a: Hippowdon|165/311 brn|[from] brn\n|upkeep\n|turn|16\n|inactive|Time left: 300 sec this turn | 300 sec total\n|\n|t:|1783548928\n|move|p1a: Goodra|Scald|p2a: Hippowdon\n|-supereffective|p2a: Hippowdon\n|-damage|p2a: Hippowdon|21/311 brn\n|move|p2a: Hippowdon|Slack Off|p2a: Hippowdon\n|-heal|p2a: Hippowdon|177/311 brn\n|\n|-weather|Sandstorm|[upkeep]\n|-damage|p1a: Goodra|54/100|[from] Sandstorm\n|-heal|p2a: Hippowdon|196/311 brn|[from] item: Leftovers\n|-damage|p2a: Hippowdon|177/311 brn|[from] brn\n|upkeep\n|turn|17\n|inactive|Time left: 300 sec this turn | 300 sec total\n|\n|t:|1783548929\n|move|p1a: Goodra|Scald|p2a: Hippowdon\n|-supereffective|p2a: Hippowdon\n|-damage|p2a: Hippowdon|19/311 brn\n|move|p2a: Hippowdon|Slack Off|p2a: Hippowdon\n|-heal|p2a: Hippowdon|175/311 brn\n|\n|-weather|none\n|-heal|p2a: Hippowdon|194/311 brn|[from] item: Leftovers\n|-damage|p2a: Hippowdon|175/311 brn|[from] brn\n|upkeep\n|turn|18\n|inactive|Time left: 300 sec this turn | 300 sec total\n|\n|t:|1783548930\n|move|p1a: Goodra|Power Whip|p2a: Hippowdon\n|-supereffective|p2a: Hippowdon\n|-damage|p2a: Hippowdon|35/311 brn\n|move|p2a: Hippowdon|Slack Off|p2a: Hippowdon\n|-heal|p2a: Hippowdon|191/311 brn\n|\n|-heal|p2a: Hippowdon|210/311 brn|[from] item: Leftovers\n|-damage|p2a: Hippowdon|191/311 brn|[from] brn\n|upkeep\n|turn|19\n|inactive|Time left: 300 sec this turn | 300 sec total\n|\n|t:|1783548931\n|move|p1a: Goodra|Scald|p2a: Hippowdon\n|-supereffective|p2a: Hippowdon\n|-damage|p2a: Hippowdon|37/311 brn\n|move|p2a: Hippowdon|Slack Off|p2a: Hippowdon\n|-heal|p2a: Hippowdon|193/311 brn\n|\n|-heal|p2a: Hippowdon|212/311 brn|[from] item: Leftovers\n|-damage|p2a: Hippowdon|193/311 brn|[from] brn\n|upkeep\n|turn|20\n|inactive|Time left: 300 sec this turn | 300 sec total\n|\n|t:|1783548933\n|move|p1a: Goodra|Scald|p2a: Hippowdon\n|-supereffective|p2a: Hippowdon\n|-damage|p2a: Hippowdon|33/311 brn\n|move|p2a: Hippowdon|Slack Off|p2a: Hippowdon\n|-heal|p2a: Hippowdon|189/311 brn\n|\n|-heal|p2a: Hippowdon|208/311 brn|[from] item: Leftovers\n|-damage|p2a: Hippowdon|189/311 brn|[from] brn\n|upkeep\n|turn|21\n|inactive|Time left: 300 sec this turn | 300 sec total\n|\n|t:|1783548934\n|move|p1a: Goodra|Scald|p2a: Hippowdon\n|-supereffective|p2a: Hippowdon\n|-damage|p2a: Hippowdon|37/311 brn\n|move|p2a: Hippowdon|Slack Off|p2a: Hippowdon\n|-heal|p2a: Hippowdon|193/311 brn\n|\n|-heal|p2a: Hippowdon|212/311 brn|[from] item: Leftovers\n|-damage|p2a: Hippowdon|193/311 brn|[from] brn\n|upkeep\n|turn|22\n|inactive|Time left: 300 sec this turn | 300 sec total\n|\n|t:|1783548935\n|switch|p2a: Espathra|Espathra, L80, M|283/283\n|move|p1a: Goodra|Scald|p2a: Espathra\n|-damage|p2a: Espathra|196/283\n|\n|upkeep\n|turn|23\n|inactive|Time left: 300 sec this turn | 300 sec total\n|\n|t:|1783548936\n|move|p2a: Espathra|Lumina Crash|p1a: Goodra\n|-damage|p1a: Goodra|37/100\n|-unboost|p1a: Goodra|spd|2\n|move|p1a: Goodra|Draco Meteor|p2a: Espathra\n|-damage|p2a: Espathra|0 fnt\n|-unboost|p1a: Goodra|spa|2\n|faint|p2a: Espathra\n|\n|upkeep\n|inactive|Time left: 300 sec this turn | 300 sec total | 5 sec grace\n|\n|t:|1783548938\n|switch|p2a: Chi-Yu|Chi-Yu, L77|211/211\n|-ability|p2a: Chi-Yu|Beads of Ruin\n|turn|24\n|inactive|Time left: 300 sec this turn | 300 sec total\n|\n|t:|1783548939\n|switch|p1a: Quagsire|Quagsire, L84, F|74/100\n|move|p2a: Chi-Yu|Flamethrower|p1a: Quagsire\n|-resisted|p1a: Quagsire\n|-damage|p1a: Quagsire|34/100\n|\n|-heal|p1a: Quagsire|40/100|[from] item: Leftovers\n|upkeep\n|turn|25\n|inactive|Time left: 300 sec this turn | 300 sec total\n|\n|t:|1783548941\n|move|p2a: Chi-Yu|Flamethrower|p1a: Quagsire\n|-resisted|p1a: Quagsire\n|-damage|p1a: Quagsire|0 fnt\n|faint|p1a: Quagsire\n|\n|upkeep\n|\n|t:|1783548942\n|switch|p1a: Koraidon|Koraidon, L64|100/100\n|-weather|SunnyDay|[from] ability: Orichalcum Pulse|[of] p1a: Koraidon\n|-activate|p1a: Koraidon|Orichalcum Pulse|[source]\n|turn|26\n|inactive|Time left: 300 sec this turn | 300 sec total\n|\n|t:|1783548943\n|switch|p2a: Hippowdon|Hippowdon, L82, M|193/311 brn\n|-weather|Sandstorm|[from] ability: Sand Stream|[of] p2a: Hippowdon\n|move|p1a: Koraidon|Collision Course|p2a: Hippowdon\n|-damage|p2a: Hippowdon|124/311 brn\n|\n|-weather|Sandstorm|[upkeep]\n|-damage|p1a: Koraidon|95/100|[from] Sandstorm\n|-heal|p2a: Hippowdon|143/311 brn|[from] item: Leftovers\n|-damage|p2a: Hippowdon|124/311 brn|[from] brn\n|upkeep\n|turn|27\n|inactive|Time left: 300 sec this turn | 300 sec total\n|\n|t:|1783548943\n|move|p1a: Koraidon|Swords Dance|p1a: Koraidon\n|-boost|p1a: Koraidon|atk|2\n|move|p2a: Hippowdon|Earthquake|p1a: Koraidon\n|-damage|p1a: Koraidon|68/100\n|\n|-weather|Sandstorm|[upkeep]\n|-damage|p1a: Koraidon|62/100|[from] Sandstorm\n|-heal|p2a: Hippowdon|143/311 brn|[from] item: Leftovers\n|-damage|p2a: Hippowdon|124/311 brn|[from] brn\n|upkeep\n|turn|28\n|inactive|Time left: 300 sec this turn | 300 sec total\n|\n|t:|1783548944\n|-terastallize|p2a: Hippowdon|Steel\n|move|p1a: Koraidon|Scale Shot|p2a: Hippowdon\n|-resisted|p2a: Hippowdon\n|-damage|p2a: Hippowdon|106/311 brn\n|-resisted|p2a: Hippowdon\n|-damage|p2a: Hippowdon|90/311 brn\n|-resisted|p2a: Hippowdon\n|-crit|p2a: Hippowdon\n|-damage|p2a: Hippowdon|64/311 brn\n|-resisted|p2a: Hippowdon\n|-crit|p2a: Hippowdon\n|-damage|p2a: Hippowdon|38/311 brn\n|-resisted|p2a: Hippowdon\n|-damage|p2a: Hippowdon|20/311 brn\n|-hitcount|p2a: Hippowdon|5\n|-unboost|p1a: Koraidon|def|1\n|-boost|p1a: Koraidon|spe|1\n|move|p2a: Hippowdon|Earthquake|p1a: Koraidon\n|-damage|p1a: Koraidon|22/100\n|\n|-weather|Sandstorm|[upkeep]\n|-damage|p1a: Koraidon|16/100|[from] Sandstorm\n|-heal|p2a: Hippowdon|39/311 brn|[from] item: Leftovers\n|-damage|p2a: Hippowdon|20/311 brn|[from] brn\n|upkeep\n|turn|29\n|inactive|Time left: 300 sec this turn | 300 sec total\n|\n|t:|1783548945\n|move|p1a: Koraidon|Scale Shot|p2a: Hippowdon\n|-resisted|p2a: Hippowdon\n|-damage|p2a: Hippowdon|4/311 brn\n|-resisted|p2a: Hippowdon\n|-damage|p2a: Hippowdon|0 fnt\n|faint|p2a: Hippowdon\n|-hitcount|p2: Hippowdon|2\n|-unboost|p1a: Koraidon|def|1\n|-boost|p1a: Koraidon|spe|1\n|\n|-weather|Sandstorm|[upkeep]\n|-damage|p1a: Koraidon|10/100|[from] Sandstorm\n|upkeep\n|inactive|Time left: 300 sec this turn | 300 sec total | 5 sec grace\n|\n|t:|1783548946\n|switch|p2a: Tentacruel|Tentacruel, L84, M|272/272\n|turn|30\n|inactive|Time left: 300 sec this turn | 300 sec total\n|\n|t:|1783548947\n|move|p1a: Koraidon|Scale Shot|p2a: Tentacruel\n|-damage|p2a: Tentacruel|221/272\n|-damage|p2a: Tentacruel|172/272\n|-damage|p2a: Tentacruel|121/272\n|-damage|p2a: Tentacruel|70/272\n|-hitcount|p2a: Tentacruel|4\n|-unboost|p1a: Koraidon|def|1\n|-boost|p1a: Koraidon|spe|1\n|move|p2a: Tentacruel|Sludge Bomb|p1a: Koraidon\n|-damage|p1a: Koraidon|0 fnt\n|faint|p1a: Koraidon\n|\n|-weather|none\n|-heal|p2a: Tentacruel|87/272|[from] item: Leftovers\n|upkeep\n|\n|t:|1783548948\n|switch|p1a: Zarude|Zarude-Dada, L77|100/100\n|turn|31\n|inactive|Time left: 300 sec this turn | 300 sec total\n|\n|t:|1783548949\n|-terastallize|p1a: Zarude|Dark\n|move|p1a: Zarude|Knock Off|p2a: Tentacruel\n|-damage|p2a: Tentacruel|0 fnt\n|-enditem|p2a: Tentacruel|Leftovers|[from] move: Knock Off|[of] p1a: Zarude\n|faint|p2a: Tentacruel\n|\n|upkeep\n|inactive|Time left: 300 sec this turn | 300 sec total | 5 sec grace\n|\n|t:|1783548949\n|switch|p2a: Chi-Yu|Chi-Yu, L77|211/211\n|-ability|p2a: Chi-Yu|Beads of Ruin\n|turn|32\n|inactive|Time left: 300 sec this turn | 300 sec total\n|\n|t:|1783548950\n|move|p1a: Zarude|Knock Off|p2a: Chi-Yu\n|-resisted|p2a: Chi-Yu\n|-damage|p2a: Chi-Yu|134/211\n|-enditem|p2a: Chi-Yu|Choice Specs|[from] move: Knock Off|[of] p1a: Zarude\n|move|p2a: Chi-Yu|Flamethrower|p1a: Zarude\n|-damage|p1a: Zarude|49/100\n|\n|upkeep\n|turn|33\n|inactive|Time left: 300 sec this turn | 300 sec total\n|\n|t:|1783548951\n|move|p1a: Zarude|Knock Off|p2a: Chi-Yu\n|-resisted|p2a: Chi-Yu\n|-damage|p2a: Chi-Yu|83/211\n|move|p2a: Chi-Yu|Flamethrower|p1a: Zarude\n|-damage|p1a: Zarude|2/100\n|\n|upkeep\n|turn|34\n|inactive|Time left: 300 sec this turn | 300 sec total\n|\n|t:|1783548952\n|switch|p1a: Goodra|Goodra, L85, M|37/100\n|move|p2a: Chi-Yu|Flamethrower|p1a: Goodra\n|-resisted|p1a: Goodra\n|-damage|p1a: Goodra|27/100\n|\n|upkeep\n|turn|35\n|inactive|Time left: 300 sec this turn | 300 sec total\n|\n|t:|1783548953\n|move|p2a: Chi-Yu|Dark Pulse|p1a: Goodra\n|-damage|p1a: Goodra|10/100\n|move|p1a: Goodra|Scald|p2a: Chi-Yu\n|-supereffective|p2a: Chi-Yu\n|-crit|p2a: Chi-Yu\n|-damage|p2a: Chi-Yu|0 fnt\n|faint|p2a: Chi-Yu\n|\n|win|p0x84298ae", "uploadtime": 1783548953, "views": 0, "rating": 0, "private": 0, "password": null, "_winner": "p0x84298ae", "_our_name": "p0y8421acf"}