{"id": "battle-gen9randombattle-264", "formatid": "gen9randombattle", "format": "[Gen 9] Random Battle", "players": ["p0x2649349", "p0y26438e9"], "log": "|init|battle\n|title|p0x2649349 vs. p0y26438e9\n|j|\u2606p0x2649349\n|j|\u2606p0y26438e9\n|t:|1783542142\n|gametype|singles\n|player|p1|p0x2649349|1|\n|player|p2|p0y26438e9|1|\n|gen|9\n|tier|[Gen 9] Random Battle\n|rule|Species Clause: Limit one of each Pok\u00e9mon\n|rule|HP Percentage Mod: HP is shown in percentages\n|rule|Sleep Clause Mod: Limit one foe put to sleep\n|rule|Illusion Level Mod: Illusion disguises the Pok\u00e9mon's true level\n|\n|t:|1783542142\n|teamsize|p1|6\n|teamsize|p2|6\n|start\n|switch|p1a: Basculin|Basculin, L86, F|100/100\n|switch|p2a: Clefable|Clefable, L83, F|293/293\n|turn|1\n|inactive|Battle timer is ON: inactive players will automatically lose when time's up. (requested by p0y26438e9)\n|inactive|p0x2649349 also wants the timer to be on.\n|\n|t:|1783542144\n|move|p1a: Basculin|Wave Crash|p2a: Clefable\n|-damage|p2a: Clefable|13/293\n|-damage|p1a: Basculin|65/100|[from] Recoil\n|move|p2a: Clefable|Stealth Rock|p1a: Basculin\n|-sidestart|p1: p0x2649349|move: Stealth Rock\n|\n|-heal|p2a: Clefable|31/293|[from] item: Leftovers\n|upkeep\n|turn|2\n|inactive|Time left: 300 sec this turn | 300 sec total\n|\n|t:|1783542145\n|move|p1a: Basculin|Wave Crash|p2a: Clefable\n|-damage|p2a: Clefable|0 fnt\n|faint|p2a: Clefable\n|-damage|p1a: Basculin|61/100|[from] Recoil\n|\n|upkeep\n|inactive|Time left: 300 sec this turn | 300 sec total | 5 sec grace\n|\n|t:|1783542145\n|switch|p2a: Swalot|Swalot, L90, M|326/326\n|turn|3\n|inactive|Time left: 300 sec this turn | 300 sec total\n|\n|t:|1783542146\n|move|p1a: Basculin|Wave Crash|p2a: Swalot\n|-damage|p2a: Swalot|90/326\n|-damage|p1a: Basculin|32/100|[from] Recoil\n|move|p2a: Swalot|Gunk Shot|p1a: Basculin|[miss]\n|-miss|p2a: Swalot|p1a: Basculin\n|\n|-heal|p2a: Swalot|110/326|[from] item: Leftovers\n|upkeep\n|turn|4\n|inactive|Time left: 300 sec this turn | 300 sec total\n|\n|t:|1783542147\n|move|p1a: Basculin|Wave Crash|p2a: Swalot\n|-crit|p2a: Swalot\n|-damage|p2a: Swalot|0 fnt\n|faint|p2a: Swalot\n|-damage|p1a: Basculin|18/100|[from] Recoil\n|\n|upkeep\n|inactive|Time left: 300 sec this turn | 300 sec total | 5 sec grace\n|\n|t:|1783542148\n|switch|p2a: Deoxys|Deoxys-Defense, L84|221/221\n|-ability|p2a: Deoxys|Pressure\n|turn|5\n|inactive|Time left: 300 sec this turn | 300 sec total\n|\n|t:|1783542149\n|move|p1a: Basculin|Wave Crash|p2a: Deoxys\n|-damage|p2a: Deoxys|49/221\n|-damage|p1a: Basculin|0 fnt|[from] Recoil\n|faint|p1a: Basculin\n|move|p2a: Deoxys|Spikes|p1: Basculin\n|-sidestart|p1: p0x2649349|Spikes\n|\n|-heal|p2a: Deoxys|62/221|[from] item: Leftovers\n|upkeep\n|\n|t:|1783542150\n|switch|p1a: Koraidon|Koraidon, L64|100/100\n|-damage|p1a: Koraidon|95/100|[from] Stealth Rock\n|-damage|p1a: Koraidon|82/100|[from] Spikes\n|-weather|SunnyDay|[from] ability: Orichalcum Pulse|[of] p1a: Koraidon\n|-activate|p1a: Koraidon|Orichalcum Pulse|[source]\n|turn|6\n|inactive|Time left: 300 sec this turn | 300 sec total\n|\n|t:|1783542152\n|move|p1a: Koraidon|Flare Blitz|p2a: Deoxys\n|-damage|p2a: Deoxys|0 fnt\n|faint|p2a: Deoxys\n|-damage|p1a: Koraidon|74/100|[from] Recoil\n|\n|-weather|SunnyDay|[upkeep]\n|upkeep\n|inactive|Time left: 300 sec this turn | 300 sec total | 5 sec grace\n|\n|t:|1783542153\n|switch|p2a: Squawkabilly|Squawkabilly-White, L89, M|291/291\n|turn|7\n|inactive|Time left: 300 sec this turn | 300 sec total\n|\n|t:|1783542154\n|move|p2a: Squawkabilly|Brave Bird|p1a: Koraidon\n|-supereffective|p1a: Koraidon\n|-damage|p1a: Koraidon|0 fnt\n|faint|p1a: Koraidon\n|-damage|p2a: Squawkabilly|234/291|[from] Recoil\n|\n|-weather|SunnyDay|[upkeep]\n|upkeep\n|\n|t:|1783542155\n|switch|p1a: Rotom|Rotom-Fan, L86|100/100\n|turn|8\n|inactive|Time left: 300 sec this turn | 300 sec total\n|\n|t:|1783542156\n|-terastallize|p2a: Squawkabilly|Normal\n|move|p2a: Squawkabilly|Double-Edge|p1a: Rotom\n|-damage|p1a: Rotom|0 fnt\n|faint|p1a: Rotom\n|-damage|p2a: Squawkabilly|159/291|[from] Recoil\n|\n|-weather|SunnyDay|[upkeep]\n|upkeep\n|\n|t:|1783542157\n|switch|p1a: Qwilfish|Qwilfish-Hisui, L83, F|100/100\n|-damage|p1a: Qwilfish|88/100|[from] Stealth Rock\n|-damage|p1a: Qwilfish|76/100|[from] Spikes\n|-ability|p1a: Qwilfish|Intimidate|boost\n|-unboost|p2a: Squawkabilly|atk|1\n|turn|9\n|inactive|Time left: 300 sec this turn | 300 sec total\n|\n|t:|1783542158\n|switch|p1a: Cloyster|Cloyster, L80, M|100/100\n|-damage|p1a: Cloyster|76/100|[from] Stealth Rock\n|-damage|p1a: Cloyster|64/100|[from] Spikes\n|move|p2a: Squawkabilly|Parting Shot|p1a: Cloyster\n|-unboost|p1a: Cloyster|atk|1\n|-unboost|p1a: Cloyster|spa|1\n|-enditem|p1a: Cloyster|White Herb\n|-clearnegativeboost|p1a: Cloyster|[silent]\n|inactive|Time left: 300 sec this turn | 300 sec total | 5 sec grace\n|\n|t:|1783542159\n|switch|p2a: Zapdos|Zapdos, L78|268/268|[from] Parting Shot\n|\n|-weather|SunnyDay|[upkeep]\n|upkeep\n|turn|10\n|inactive|Time left: 300 sec this turn | 300 sec total\n|\n|t:|1783542160\n|switch|p1a: Magmortar|Magmortar, L88, F|100/100\n|move|p2a: Zapdos|Heat Wave|p1a: Magmortar\n|-resisted|p1a: Magmortar\n|-damage|p1a: Magmortar|83/100\n|\n|-weather|none\n|upkeep\n|turn|11\n|inactive|Time left: 300 sec this turn | 300 sec total\n|\n|t:|1783542161\n|move|p2a: Zapdos|Thunderbolt|p1a: Magmortar\n|-damage|p1a: Magmortar|52/100\n|move|p1a: Magmortar|Fire Blast|p2a: Zapdos|[miss]\n|-miss|p1a: Magmortar|p2a: Zapdos\n|\n|upkeep\n|turn|12\n|inactive|Time left: 300 sec this turn | 300 sec total\n|\n|t:|1783542162\n|move|p2a: Zapdos|Thunderbolt|p1a: Magmortar\n|-damage|p1a: Magmortar|19/100\n|move|p1a: Magmortar|Fire Blast|p2a: Zapdos\n|-damage|p2a: Zapdos|93/268\n|\n|upkeep\n|turn|13\n|inactive|Time left: 300 sec this turn | 300 sec total\n|\n|t:|1783542163\n|move|p2a: Zapdos|Thunderbolt|p1a: Magmortar\n|-damage|p1a: Magmortar|0 fnt\n|faint|p1a: Magmortar\n|\n|upkeep\n|\n|t:|1783542164\n|switch|p1a: Qwilfish|Qwilfish-Hisui, L83, F|76/100\n|-damage|p1a: Qwilfish|64/100|[from] Stealth Rock\n|-damage|p1a: Qwilfish|51/100|[from] Spikes\n|-ability|p1a: Qwilfish|Intimidate|boost\n|-unboost|p2a: Zapdos|atk|1\n|turn|14\n|inactive|Time left: 300 sec this turn | 300 sec total\n|\n|t:|1783542165\n|move|p2a: Zapdos|Thunderbolt|p1a: Qwilfish\n|-damage|p1a: Qwilfish|13/100\n|move|p1a: Qwilfish|Crunch|p2a: Zapdos\n|-damage|p2a: Zapdos|0 fnt\n|faint|p2a: Zapdos\n|\n|upkeep\n|inactive|Time left: 300 sec this turn | 300 sec total | 5 sec grace\n|\n|t:|1783542166\n|switch|p2a: Ursaring|Ursaring, L84, M|288/288\n|turn|15\n|inactive|Time left: 300 sec this turn | 300 sec total\n|\n|t:|1783542167\n|move|p1a: Qwilfish|Gunk Shot|p2a: Ursaring|[miss]\n|-miss|p1a: Qwilfish|p2a: Ursaring\n|move|p2a: Ursaring|Facade|p1a: Qwilfish\n|-damage|p1a: Qwilfish|0 fnt\n|faint|p1a: Qwilfish\n|\n|-status|p2a: Ursaring|tox|[from] item: Toxic Orb\n|upkeep\n|\n|t:|1783542168\n|switch|p1a: Cloyster|Cloyster, L80, M|64/100\n|-damage|p1a: Cloyster|39/100|[from] Stealth Rock\n|-damage|p1a: Cloyster|27/100|[from] Spikes\n|turn|16\n|inactive|Time left: 300 sec this turn | 300 sec total\n|\n|t:|1783542169\n|move|p2a: Ursaring|Close Combat|p1a: Cloyster\n|-supereffective|p1a: Cloyster\n|-damage|p1a: Cloyster|0 fnt\n|-unboost|p2a: Ursaring|def|1\n|-unboost|p2a: Ursaring|spd|1\n|faint|p1a: Cloyster\n|\n|win|p0y26438e9", "uploadtime": 1783542169, "views": 0, "rating": 0, "private": 0, "password": null, "_winner": "p0y26438e9", "_our_name": "p0y26438e9"}