{"id": "battle-gen9randombattle-1951", "formatid": "gen9randombattle", "format": "[Gen 9] Random Battle", "players": ["p0x195160f8", "p0y1951683e"], "log": "|init|battle\n|title|p0x195160f8 vs. p0y1951683e\n|j|\u2606p0x195160f8\n|j|\u2606p0y1951683e\n|t:|1783561834\n|gametype|singles\n|player|p1|p0x195160f8|102|\n|player|p2|p0y1951683e|101|\n|gen|9\n|tier|[Gen 9] Random Battle\n|rule|Species Clause: Limit one of each Pok\u00e9mon\n|rule|HP Percentage Mod: HP is shown in percentages\n|rule|Sleep Clause Mod: Limit one foe put to sleep\n|rule|Illusion Level Mod: Illusion disguises the Pok\u00e9mon's true level\n|\n|t:|1783561834\n|teamsize|p1|6\n|teamsize|p2|6\n|start\n|switch|p1a: Sceptile|Sceptile, L87, F|100/100\n|switch|p2a: Hawlucha|Hawlucha, L80, M|256/256\n|turn|1\n|inactive|Battle timer is ON: inactive players will automatically lose when time's up. (requested by p0x195160f8)\n|inactive|Time left: 300 sec this turn | 300 sec total | 60 sec grace\n|inactive|p0y1951683e also wants the timer to be on.\n|\n|t:|1783561835\n|switch|p1a: Florges|Florges-Yellow, L85, F|100/100\n|move|p2a: Hawlucha|Brave Bird|p1a: Florges\n|-damage|p1a: Florges|50/100\n|-damage|p2a: Hawlucha|210/256|[from] Recoil\n|\n|-heal|p1a: Florges|55/100|[from] item: Leftovers\n|upkeep\n|turn|2\n|inactive|Time left: 300 sec this turn | 300 sec total\n|\n|t:|1783561837\n|-terastallize|p2a: Hawlucha|Flying\n|move|p2a: Hawlucha|Brave Bird|p1a: Florges\n|-damage|p1a: Florges|0 fnt\n|faint|p1a: Florges\n|-damage|p2a: Hawlucha|161/256|[from] Recoil\n|\n|upkeep\n|\n|t:|1783561838\n|switch|p1a: Zacian|Zacian, L69|100/100\n|-ability|p1a: Zacian|Intrepid Sword|boost\n|-boost|p1a: Zacian|atk|1\n|turn|3\n|inactive|Time left: 300 sec this turn | 300 sec total\n|\n|t:|1783561839\n|move|p2a: Hawlucha|Brave Bird|p1a: Zacian\n|-damage|p1a: Zacian|38/100\n|-damage|p2a: Hawlucha|111/256|[from] Recoil\n|move|p1a: Zacian|Play Rough|p2a: Hawlucha\n|-damage|p2a: Hawlucha|0 fnt\n|faint|p2a: Hawlucha\n|-damage|p1a: Zacian|28/100|[from] item: Life Orb\n|\n|upkeep\n|inactive|Time left: 300 sec this turn | 300 sec total | 5 sec grace\n|\n|t:|1783561839\n|switch|p2a: Rhyperior|Rhyperior, L82, M|323/323\n|turn|4\n|inactive|Time left: 300 sec this turn | 300 sec total\n|\n|t:|1783561840\n|move|p1a: Zacian|Play Rough|p2a: Rhyperior\n|-damage|p2a: Rhyperior|216/323\n|-damage|p1a: Zacian|18/100|[from] item: Life Orb\n|move|p2a: Rhyperior|Earthquake|p1a: Zacian\n|-damage|p1a: Zacian|0 fnt\n|faint|p1a: Zacian\n|\n|upkeep\n|\n|t:|1783561841\n|switch|p1a: Sceptile|Sceptile, L87, F|100/100\n|turn|5\n|inactive|Time left: 300 sec this turn | 300 sec total\n|\n|t:|1783561843\n|switch|p2a: Latias|Latias, L79, F|256/256\n|move|p1a: Sceptile|Giga Drain|p2a: Latias\n|-resisted|p2a: Latias\n|-damage|p2a: Latias|209/256\n|-damage|p1a: Sceptile|91/100|[from] item: Life Orb\n|\n|upkeep\n|turn|6\n|inactive|Time left: 300 sec this turn | 300 sec total\n|\n|t:|1783561844\n|switch|p1a: Solgaleo|Solgaleo, L74|100/100\n|move|p2a: Latias|Calm Mind|p2a: Latias\n|-boost|p2a: Latias|spa|1\n|-boost|p2a: Latias|spd|1\n|\n|upkeep\n|turn|7\n|inactive|Time left: 300 sec this turn | 300 sec total\n|\n|t:|1783561845\n|move|p2a: Latias|Recover|p2a: Latias\n|-heal|p2a: Latias|256/256\n|move|p1a: Solgaleo|Knock Off|p2a: Latias\n|-supereffective|p2a: Latias\n|-damage|p2a: Latias|96/256\n|-enditem|p2a: Latias|Soul Dew|[from] move: Knock Off|[of] p1a: Solgaleo\n|\n|upkeep\n|turn|8\n|inactive|Time left: 300 sec this turn | 300 sec total\n|\n|t:|1783561846\n|move|p2a: Latias|Recover|p2a: Latias\n|-heal|p2a: Latias|224/256\n|move|p1a: Solgaleo|Sunsteel Strike|p2a: Latias\n|-damage|p2a: Latias|107/256\n|\n|upkeep\n|turn|9\n|inactive|Time left: 300 sec this turn | 300 sec total\n|\n|t:|1783561847\n|move|p2a: Latias|Recover|p2a: Latias\n|-heal|p2a: Latias|235/256\n|move|p1a: Solgaleo|Sunsteel Strike|p2a: Latias\n|-damage|p2a: Latias|130/256\n|\n|upkeep\n|turn|10\n|inactive|Time left: 300 sec this turn | 300 sec total\n|\n|t:|1783561847\n|move|p2a: Latias|Recover|p2a: Latias\n|-heal|p2a: Latias|256/256\n|move|p1a: Solgaleo|Sunsteel Strike|p2a: Latias\n|-damage|p2a: Latias|148/256\n|\n|upkeep\n|turn|11\n|inactive|Time left: 300 sec this turn | 300 sec total\n|\n|t:|1783561848\n|move|p2a: Latias|Recover|p2a: Latias\n|-heal|p2a: Latias|256/256\n|move|p1a: Solgaleo|Sunsteel Strike|p2a: Latias\n|-damage|p2a: Latias|141/256\n|\n|upkeep\n|turn|12\n|inactive|Time left: 300 sec this turn | 300 sec total\n|\n|t:|1783561849\n|move|p2a: Latias|Recover|p2a: Latias\n|-heal|p2a: Latias|256/256\n|move|p1a: Solgaleo|Knock Off|p2a: Latias\n|-supereffective|p2a: Latias\n|-damage|p2a: Latias|164/256\n|\n|upkeep\n|turn|13\n|inactive|Time left: 300 sec this turn | 300 sec total\n|\n|t:|1783561850\n|move|p2a: Latias|Recover|p2a: Latias\n|-heal|p2a: Latias|256/256\n|move|p1a: Solgaleo|Sunsteel Strike|p2a: Latias\n|-damage|p2a: Latias|151/256\n|\n|upkeep\n|turn|14\n|inactive|Time left: 300 sec this turn | 300 sec total\n|\n|t:|1783561851\n|move|p2a: Latias|Recover|p2a: Latias\n|-heal|p2a: Latias|256/256\n|move|p1a: Solgaleo|Sunsteel Strike|p2a: Latias\n|-damage|p2a: Latias|141/256\n|\n|upkeep\n|turn|15\n|inactive|Time left: 300 sec this turn | 300 sec total\n|\n|t:|1783561852\n|switch|p2a: Falinks|Falinks, L84|246/246\n|move|p1a: Solgaleo|Sunsteel Strike|p2a: Falinks\n|-damage|p2a: Falinks|150/246\n|\n|upkeep\n|turn|16\n|inactive|Time left: 300 sec this turn | 300 sec total\n|\n|t:|1783561853\n|move|p1a: Solgaleo|Sunsteel Strike|p2a: Falinks\n|-damage|p2a: Falinks|51/246\n|move|p2a: Falinks|No Retreat|p2a: Falinks\n|-boost|p2a: Falinks|atk|1\n|-boost|p2a: Falinks|def|1\n|-boost|p2a: Falinks|spa|1\n|-boost|p2a: Falinks|spd|1\n|-boost|p2a: Falinks|spe|1\n|-start|p2a: Falinks|move: No Retreat\n|\n|upkeep\n|turn|17\n|inactive|Time left: 300 sec this turn | 300 sec total\n|\n|t:|1783561854\n|move|p2a: Falinks|Knock Off|p1a: Solgaleo\n|-supereffective|p1a: Solgaleo\n|-damage|p1a: Solgaleo|20/100\n|-enditem|p1a: Solgaleo|Weakness Policy\n|-boost|p1a: Solgaleo|atk|2|[from] item: Weakness Policy\n|-boost|p1a: Solgaleo|spa|2|[from] item: Weakness Policy\n|-damage|p2a: Falinks|27/246|[from] item: Life Orb\n|move|p1a: Solgaleo|Flame Charge|p2a: Falinks\n|-damage|p2a: Falinks|0 fnt\n|-boost|p1a: Solgaleo|spe|1\n|faint|p2a: Falinks\n|\n|upkeep\n|inactive|Time left: 300 sec this turn | 300 sec total | 5 sec grace\n|\n|t:|1783561855\n|switch|p2a: Iron Thorns|Iron Thorns, L83|302/302\n|-item|p2a: Iron Thorns|Air Balloon\n|turn|18\n|inactive|Time left: 300 sec this turn | 300 sec total\n|\n|t:|1783561856\n|move|p1a: Solgaleo|Knock Off|p2a: Iron Thorns\n|-damage|p2a: Iron Thorns|175/302\n|-enditem|p2a: Iron Thorns|Air Balloon\n|move|p2a: Iron Thorns|Wild Charge|p1a: Solgaleo\n|-damage|p1a: Solgaleo|0 fnt\n|faint|p1a: Solgaleo\n|-damage|p2a: Iron Thorns|159/302|[from] Recoil\n|\n|upkeep\n|\n|t:|1783561857\n|switch|p1a: Passimian|Passimian, L83, M|100/100\n|turn|19\n|inactive|Time left: 300 sec this turn | 300 sec total\n|\n|t:|1783561857\n|-end|p2a: Iron Thorns|Quark Drive|[silent]\n|switch|p2a: Rabsca|Rabsca, L91, F|284/284\n|move|p1a: Passimian|Bulk Up|p1a: Passimian\n|-boost|p1a: Passimian|atk|1\n|-boost|p1a: Passimian|def|1\n|\n|upkeep\n|turn|20\n|inactive|Time left: 300 sec this turn | 300 sec total\n|\n|t:|1783561858\n|move|p1a: Passimian|Knock Off|p2a: Rabsca\n|-supereffective|p2a: Rabsca\n|-damage|p2a: Rabsca|38/284\n|-enditem|p2a: Rabsca|Heavy-Duty Boots|[from] move: Knock Off|[of] p1a: Passimian\n|move|p2a: Rabsca|Psychic|p1a: Passimian\n|-supereffective|p1a: Passimian\n|-damage|p1a: Passimian|0 fnt\n|faint|p1a: Passimian\n|\n|upkeep\n|\n|t:|1783561859\n|switch|p1a: Volcarona|Volcarona, L77, F|100/100\n|turn|21\n|inactive|Time left: 300 sec this turn | 300 sec total\n|\n|t:|1783561860\n|move|p1a: Volcarona|Quiver Dance|p1a: Volcarona\n|-boost|p1a: Volcarona|spa|1\n|-boost|p1a: Volcarona|spd|1\n|-boost|p1a: Volcarona|spe|1\n|move|p2a: Rabsca|Bug Buzz|p1a: Volcarona\n|-resisted|p1a: Volcarona\n|-damage|p1a: Volcarona|84/100\n|-unboost|p1a: Volcarona|spd|1\n|\n|upkeep\n|turn|22\n|inactive|Time left: 300 sec this turn | 300 sec total\n|\n|t:|1783561861\n|move|p1a: Volcarona|Quiver Dance|p1a: Volcarona\n|-boost|p1a: Volcarona|spa|1\n|-boost|p1a: Volcarona|spd|1\n|-boost|p1a: Volcarona|spe|1\n|move|p2a: Rabsca|Psychic|p1a: Volcarona\n|-damage|p1a: Volcarona|55/100\n|\n|upkeep\n|turn|23\n|inactive|Time left: 300 sec this turn | 300 sec total\n|\n|t:|1783561863\n|move|p1a: Volcarona|Bug Buzz|p2a: Rabsca\n|-supereffective|p2a: Rabsca\n|-crit|p2a: Rabsca\n|-damage|p2a: Rabsca|0 fnt\n|faint|p2a: Rabsca\n|\n|upkeep\n|inactive|Time left: 300 sec this turn | 300 sec total | 5 sec grace\n|\n|t:|1783561864\n|switch|p2a: Latias|Latias, L79, F|141/256\n|turn|24\n|inactive|Time left: 300 sec this turn | 300 sec total\n|\n|t:|1783561865\n|-terastallize|p1a: Volcarona|Ground\n|move|p1a: Volcarona|Bug Buzz|p2a: Latias\n|-supereffective|p2a: Latias\n|-damage|p2a: Latias|0 fnt\n|faint|p2a: Latias\n|\n|upkeep\n|inactive|Time left: 300 sec this turn | 300 sec total | 5 sec grace\n|\n|t:|1783561866\n|switch|p2a: Rhyperior|Rhyperior, L82, M|216/323\n|turn|25\n|inactive|Time left: 300 sec this turn | 300 sec total\n|\n|t:|1783561867\n|move|p1a: Volcarona|Tera Blast|p2a: Rhyperior|[anim] Tera Blast Ground\n|-supereffective|p2a: Rhyperior\n|-damage|p2a: Rhyperior|0 fnt\n|faint|p2a: Rhyperior\n|\n|upkeep\n|inactive|Time left: 300 sec this turn | 300 sec total | 5 sec grace\n|\n|t:|1783561868\n|switch|p2a: Iron Thorns|Iron Thorns, L83|159/302\n|turn|26\n|inactive|Time left: 300 sec this turn | 300 sec total\n|\n|t:|1783561869\n|move|p1a: Volcarona|Tera Blast|p2a: Iron Thorns|[anim] Tera Blast Ground\n|-supereffective|p2a: Iron Thorns\n|-damage|p2a: Iron Thorns|0 fnt\n|faint|p2a: Iron Thorns\n|-end|p2a: Iron Thorns|Quark Drive|[silent]\n|\n|win|p0x195160f8", "uploadtime": 1783561869, "views": 0, "rating": 0, "private": 0, "password": null, "_winner": "p0x195160f8", "_our_name": "p0y1951683e"}