{"id": "battle-gen9randombattle-241", "formatid": "gen9randombattle", "format": "[Gen 9] Random Battle", "players": ["p0x24136e7", "p0y2411016"], "log": "|init|battle\n|title|p0x24136e7 vs. p0y2411016\n|j|\u2606p0x24136e7\n|j|\u2606p0y2411016\n|t:|1783536058\n|gametype|singles\n|player|p1|p0x24136e7|265|\n|player|p2|p0y2411016|102|\n|gen|9\n|tier|[Gen 9] Random Battle\n|rule|Species Clause: Limit one of each Pok\u00e9mon\n|rule|HP Percentage Mod: HP is shown in percentages\n|rule|Sleep Clause Mod: Limit one foe put to sleep\n|rule|Illusion Level Mod: Illusion disguises the Pok\u00e9mon's true level\n|\n|t:|1783536058\n|teamsize|p1|6\n|teamsize|p2|6\n|start\n|switch|p1a: Shaymin|Shaymin, L82|298/298\n|switch|p2a: Raging Bolt|Raging Bolt, L78|100/100\n|turn|1\n|inactive|Battle timer is ON: inactive players will automatically lose when time's up. (requested by p0x24136e7)\n|inactive|p0y2411016 also wants the timer to be on.\n|\n|t:|1783536060\n|move|p1a: Shaymin|Seed Flare|p2a: Raging Bolt\n|-resisted|p2a: Raging Bolt\n|-damage|p2a: Raging Bolt|79/100\n|move|p2a: Raging Bolt|Calm Mind|p2a: Raging Bolt\n|-boost|p2a: Raging Bolt|spa|1\n|-boost|p2a: Raging Bolt|spd|1\n|\n|-heal|p2a: Raging Bolt|86/100|[from] item: Leftovers\n|upkeep\n|turn|2\n|inactive|Time left: 300 sec this turn | 300 sec total\n|\n|t:|1783536061\n|switch|p1a: Tyranitar|Tyranitar, L78, F|284/284\n|-weather|Sandstorm|[from] ability: Sand Stream|[of] p1a: Tyranitar\n|move|p2a: Raging Bolt|Calm Mind|p2a: Raging Bolt\n|-boost|p2a: Raging Bolt|spa|1\n|-boost|p2a: Raging Bolt|spd|1\n|\n|-weather|Sandstorm|[upkeep]\n|-damage|p2a: Raging Bolt|79/100|[from] Sandstorm\n|-heal|p2a: Raging Bolt|86/100|[from] item: Leftovers\n|upkeep\n|turn|3\n|inactive|Time left: 300 sec this turn | 300 sec total\n|\n|t:|1783536063\n|move|p2a: Raging Bolt|Thunderbolt|p1a: Tyranitar\n|-damage|p1a: Tyranitar|133/284\n|move|p1a: Tyranitar|Earthquake|p2a: Raging Bolt\n|-supereffective|p2a: Raging Bolt\n|-damage|p2a: Raging Bolt|30/100\n|\n|-weather|Sandstorm|[upkeep]\n|-damage|p2a: Raging Bolt|24/100|[from] Sandstorm\n|-heal|p2a: Raging Bolt|30/100|[from] item: Leftovers\n|-heal|p1a: Tyranitar|150/284|[from] item: Leftovers\n|upkeep\n|turn|4\n|inactive|Time left: 300 sec this turn | 300 sec total\n|\n|t:|1783536064\n|move|p2a: Raging Bolt|Draco Meteor|p1a: Tyranitar\n|-damage|p1a: Tyranitar|0 fnt\n|-unboost|p2a: Raging Bolt|spa|2\n|faint|p1a: Tyranitar\n|\n|-weather|Sandstorm|[upkeep]\n|-damage|p2a: Raging Bolt|24/100|[from] Sandstorm\n|-heal|p2a: Raging Bolt|30/100|[from] item: Leftovers\n|upkeep\n|inactive|Time left: 300 sec this turn | 300 sec total | 5 sec grace\n|\n|t:|1783536065\n|switch|p1a: Rhyperior|Rhyperior, L82, F|323/323\n|turn|5\n|inactive|Time left: 300 sec this turn | 300 sec total\n|\n|t:|1783536066\n|move|p2a: Raging Bolt|Draco Meteor|p1a: Rhyperior\n|-damage|p1a: Rhyperior|182/323\n|-unboost|p2a: Raging Bolt|spa|2\n|move|p1a: Rhyperior|Earthquake|p2a: Raging Bolt\n|-supereffective|p2a: Raging Bolt\n|-damage|p2a: Raging Bolt|0 fnt\n|faint|p2a: Raging Bolt\n|-end|p2a: Raging Bolt|Protosynthesis|[silent]\n|\n|-weather|Sandstorm|[upkeep]\n|upkeep\n|\n|t:|1783536067\n|switch|p2a: Volcanion|Volcanion, L79|100/100\n|turn|6\n|inactive|Time left: 300 sec this turn | 300 sec total\n|\n|t:|1783536069\n|move|p2a: Volcanion|Steam Eruption|p1a: Rhyperior\n|-supereffective|p1a: Rhyperior\n|-damage|p1a: Rhyperior|0 fnt\n|faint|p1a: Rhyperior\n|\n|-weather|none\n|upkeep\n|inactive|Time left: 300 sec this turn | 300 sec total | 5 sec grace\n|\n|t:|1783536070\n|switch|p1a: Blastoise|Blastoise, L80, M|258/258\n|turn|7\n|inactive|Time left: 300 sec this turn | 300 sec total\n|\n|t:|1783536071\n|move|p1a: Blastoise|Shell Smash|p1a: Blastoise\n|-unboost|p1a: Blastoise|def|1\n|-unboost|p1a: Blastoise|spd|1\n|-boost|p1a: Blastoise|atk|2\n|-boost|p1a: Blastoise|spa|2\n|-boost|p1a: Blastoise|spe|2\n|-enditem|p1a: Blastoise|White Herb\n|-clearnegativeboost|p1a: Blastoise|[silent]\n|move|p2a: Volcanion|Steam Eruption|p1a: Blastoise\n|-resisted|p1a: Blastoise\n|-damage|p1a: Blastoise|164/258\n|\n|upkeep\n|turn|8\n|inactive|Time left: 300 sec this turn | 300 sec total\n|\n|t:|1783536072\n|move|p1a: Blastoise|Ice Beam|p2a: Volcanion\n|-resisted|p2a: Volcanion\n|-damage|p2a: Volcanion|89/100\n|move|p2a: Volcanion|Steam Eruption|p1a: Blastoise\n|-resisted|p1a: Blastoise\n|-damage|p1a: Blastoise|68/258\n|-status|p1a: Blastoise|brn\n|\n|-damage|p1a: Blastoise|52/258 brn|[from] brn\n|upkeep\n|turn|9\n|inactive|Time left: 300 sec this turn | 300 sec total\n|\n|t:|1783536073\n|move|p1a: Blastoise|Tera Blast|p2a: Volcanion\n|-damage|p2a: Volcanion|52/100\n|move|p2a: Volcanion|Steam Eruption|p1a: Blastoise\n|-resisted|p1a: Blastoise\n|-damage|p1a: Blastoise|0 fnt\n|faint|p1a: Blastoise\n|\n|upkeep\n|inactive|Time left: 300 sec this turn | 300 sec total | 5 sec grace\n|\n|t:|1783536074\n|switch|p1a: Tsareena|Tsareena, L87, F|267/267\n|turn|10\n|inactive|Time left: 300 sec this turn | 300 sec total\n|\n|t:|1783536075\n|move|p1a: Tsareena|Power Whip|p2a: Volcanion\n|-damage|p2a: Volcanion|0 fnt\n|faint|p2a: Volcanion\n|-damage|p1a: Tsareena|241/267|[from] item: Life Orb\n|\n|upkeep\n|\n|t:|1783536076\n|switch|p2a: Sneasler|Sneasler, L74, M|100/100\n|turn|11\n|inactive|Time left: 300 sec this turn | 300 sec total\n|\n|t:|1783536077\n|switch|p1a: Magearna|Magearna, L77|250/250\n|move|p2a: Sneasler|Dire Claw|p1a: Magearna\n|-immune|p1a: Magearna\n|\n|upkeep\n|turn|12\n|inactive|Time left: 300 sec this turn | 300 sec total\n|\n|t:|1783536078\n|move|p2a: Sneasler|Dire Claw|p1a: Magearna\n|-immune|p1a: Magearna\n|move|p1a: Magearna|Flash Cannon|p2a: Sneasler\n|-damage|p2a: Sneasler|58/100\n|\n|upkeep\n|turn|13\n|inactive|Time left: 300 sec this turn | 300 sec total\n|\n|t:|1783536079\n|switch|p2a: Espeon|Espeon, L84, F|100/100\n|move|p1a: Magearna|Flash Cannon|p2a: Espeon\n|-damage|p2a: Espeon|63/100\n|\n|upkeep\n|turn|14\n|inactive|Time left: 300 sec this turn | 300 sec total\n|\n|t:|1783536080\n|move|p2a: Espeon|Morning Sun|p2a: Espeon\n|-heal|p2a: Espeon|100/100\n|move|p1a: Magearna|Flash Cannon|p2a: Espeon\n|-damage|p2a: Espeon|67/100\n|\n|upkeep\n|turn|15\n|inactive|Time left: 300 sec this turn | 300 sec total\n|\n|t:|1783536081\n|move|p2a: Espeon|Shadow Ball|p1a: Magearna\n|-damage|p1a: Magearna|172/250\n|-damage|p2a: Espeon|57/100|[from] item: Life Orb\n|move|p1a: Magearna|Flash Cannon|p2a: Espeon\n|-damage|p2a: Espeon|25/100\n|\n|-heal|p1a: Magearna|187/250|[from] item: Leftovers\n|upkeep\n|turn|16\n|inactive|Time left: 300 sec this turn | 300 sec total\n|\n|t:|1783536082\n|move|p2a: Espeon|Morning Sun|p2a: Espeon\n|-heal|p2a: Espeon|75/100\n|move|p1a: Magearna|Flash Cannon|p2a: Espeon\n|-damage|p2a: Espeon|40/100\n|\n|-heal|p1a: Magearna|202/250|[from] item: Leftovers\n|upkeep\n|turn|17\n|inactive|Time left: 300 sec this turn | 300 sec total\n|\n|t:|1783536083\n|move|p2a: Espeon|Morning Sun|p2a: Espeon\n|-heal|p2a: Espeon|90/100\n|move|p1a: Magearna|Flash Cannon|p2a: Espeon\n|-damage|p2a: Espeon|56/100\n|\n|-heal|p1a: Magearna|217/250|[from] item: Leftovers\n|upkeep\n|turn|18\n|inactive|Time left: 300 sec this turn | 300 sec total\n|\n|t:|1783536084\n|move|p2a: Espeon|Morning Sun|p2a: Espeon\n|-heal|p2a: Espeon|100/100\n|move|p1a: Magearna|Flash Cannon|p2a: Espeon\n|-damage|p2a: Espeon|64/100\n|\n|-heal|p1a: Magearna|232/250|[from] item: Leftovers\n|upkeep\n|turn|19\n|inactive|Time left: 300 sec this turn | 300 sec total\n|\n|t:|1783536084\n|move|p2a: Espeon|Morning Sun|p2a: Espeon\n|-heal|p2a: Espeon|100/100\n|move|p1a: Magearna|Flash Cannon|p2a: Espeon\n|-damage|p2a: Espeon|67/100\n|\n|-heal|p1a: Magearna|247/250|[from] item: Leftovers\n|upkeep\n|turn|20\n|inactive|Time left: 300 sec this turn | 300 sec total\n|\n|t:|1783536085\n|move|p2a: Espeon|Morning Sun|p2a: Espeon\n|-heal|p2a: Espeon|100/100\n|move|p1a: Magearna|Flash Cannon|p2a: Espeon\n|-damage|p2a: Espeon|67/100\n|\n|-heal|p1a: Magearna|250/250|[from] item: Leftovers\n|upkeep\n|turn|21\n|inactive|Time left: 300 sec this turn | 300 sec total\n|\n|t:|1783536087\n|move|p2a: Espeon|Morning Sun|p2a: Espeon\n|-heal|p2a: Espeon|100/100\n|move|p1a: Magearna|Volt Switch|p2a: Espeon\n|-damage|p2a: Espeon|81/100\n|inactive|Time left: 300 sec this turn | 300 sec total | 5 sec grace\n|\n|t:|1783536087\n|switch|p1a: Tsareena|Tsareena, L87, F|241/267|[from] Volt Switch\n|\n|upkeep\n|turn|22\n|inactive|Time left: 300 sec this turn | 300 sec total\n|\n|t:|1783536088\n|switch|p2a: Gurdurr|Gurdurr, L85, M|100/100\n|move|p1a: Tsareena|Triple Axel|p2a: Gurdurr\n|-damage|p2a: Gurdurr|94/100\n|-damage|p2a: Gurdurr|84/100\n|-damage|p2a: Gurdurr|67/100\n|-hitcount|p2a: Gurdurr|3\n|-damage|p1a: Tsareena|215/267|[from] item: Life Orb\n|\n|upkeep\n|turn|23\n|inactive|Time left: 300 sec this turn | 300 sec total\n|\n|t:|1783536089\n|move|p1a: Tsareena|Power Whip|p2a: Gurdurr\n|-damage|p2a: Gurdurr|16/100\n|-damage|p1a: Tsareena|189/267|[from] item: Life Orb\n|move|p2a: Gurdurr|Drain Punch|p1a: Tsareena\n|-damage|p1a: Tsareena|110/267\n|-heal|p2a: Gurdurr|30/100|[from] drain|[of] p1a: Tsareena\n|\n|upkeep\n|turn|24\n|inactive|Time left: 300 sec this turn | 300 sec total\n|\n|t:|1783536091\n|move|p1a: Tsareena|Power Whip|p2a: Gurdurr\n|-damage|p2a: Gurdurr|0 fnt\n|faint|p2a: Gurdurr\n|-damage|p1a: Tsareena|84/267|[from] item: Life Orb\n|\n|upkeep\n|\n|t:|1783536092\n|switch|p2a: Mabosstiff|Mabosstiff, L86, F|100/100\n|turn|25\n|inactive|Time left: 300 sec this turn | 300 sec total\n|\n|t:|1783536093\n|move|p2a: Mabosstiff|Crunch|p1a: Tsareena\n|-crit|p1a: Tsareena\n|-damage|p1a: Tsareena|0 fnt\n|faint|p1a: Tsareena\n|\n|upkeep\n|inactive|Time left: 300 sec this turn | 300 sec total | 5 sec grace\n|\n|t:|1783536094\n|switch|p1a: Magearna|Magearna, L77|250/250\n|turn|26\n|inactive|Time left: 300 sec this turn | 300 sec total\n|\n|t:|1783536095\n|move|p2a: Mabosstiff|Crunch|p1a: Magearna\n|-resisted|p1a: Magearna\n|-damage|p1a: Magearna|176/250\n|move|p1a: Magearna|Fleur Cannon|p2a: Mabosstiff\n|-supereffective|p2a: Mabosstiff\n|-damage|p2a: Mabosstiff|0 fnt\n|-unboost|p1a: Magearna|spa|2\n|faint|p2a: Mabosstiff\n|-ability|p1a: Magearna|Soul-Heart|boost\n|-boost|p1a: Magearna|spa|1\n|\n|-heal|p1a: Magearna|191/250|[from] item: Leftovers\n|upkeep\n|\n|t:|1783536096\n|switch|p2a: Sneasler|Sneasler, L74, M|58/100\n|turn|27\n|inactive|Time left: 300 sec this turn | 300 sec total\n|\n|t:|1783536097\n|move|p2a: Sneasler|Close Combat|p1a: Magearna\n|-damage|p1a: Magearna|29/250\n|-unboost|p2a: Sneasler|def|1\n|-unboost|p2a: Sneasler|spd|1\n|move|p1a: Magearna|Volt Switch|p2a: Sneasler\n|-damage|p2a: Sneasler|32/100\n|inactive|Time left: 300 sec this turn | 300 sec total | 5 sec grace\n|\n|t:|1783536098\n|switch|p1a: Shaymin|Shaymin, L82|298/298|[from] Volt Switch\n|\n|upkeep\n|turn|28\n|inactive|Time left: 300 sec this turn | 300 sec total\n|\n|t:|1783536099\n|move|p2a: Sneasler|Close Combat|p1a: Shaymin\n|-damage|p1a: Shaymin|109/298\n|-unboost|p2a: Sneasler|def|1\n|-unboost|p2a: Sneasler|spd|1\n|move|p1a: Shaymin|Earth Power|p2a: Sneasler\n|-supereffective|p2a: Sneasler\n|-damage|p2a: Sneasler|0 fnt\n|faint|p2a: Sneasler\n|\n|-heal|p1a: Shaymin|127/298|[from] item: Leftovers\n|upkeep\n|\n|t:|1783536100\n|switch|p2a: Espeon|Espeon, L84, F|81/100\n|turn|29\n|inactive|Time left: 300 sec this turn | 300 sec total\n|\n|t:|1783536102\n|-terastallize|p1a: Shaymin|Steel\n|move|p2a: Espeon|Psyshock|p1a: Shaymin\n|-resisted|p1a: Shaymin\n|-damage|p1a: Shaymin|63/298\n|-damage|p2a: Espeon|71/100|[from] item: Life Orb\n|move|p1a: Shaymin|Synthesis|p1a: Shaymin\n|-heal|p1a: Shaymin|212/298\n|\n|-heal|p1a: Shaymin|230/298|[from] item: Leftovers\n|upkeep\n|turn|30\n|inactive|Time left: 300 sec this turn | 300 sec total\n|\n|t:|1783536103\n|move|p2a: Espeon|Morning Sun|p2a: Espeon\n|-heal|p2a: Espeon|100/100\n|move|p1a: Shaymin|Seed Flare|p2a: Espeon\n|-crit|p2a: Espeon\n|-damage|p2a: Espeon|33/100\n|-unboost|p2a: Espeon|spd|2\n|\n|-heal|p1a: Shaymin|248/298|[from] item: Leftovers\n|upkeep\n|turn|31\n|inactive|Time left: 300 sec this turn | 300 sec total\n|\n|t:|1783536104\n|move|p2a: Espeon|Psyshock|p1a: Shaymin\n|-resisted|p1a: Shaymin\n|-damage|p1a: Shaymin|190/298\n|-damage|p2a: Espeon|24/100|[from] item: Life Orb\n|move|p1a: Shaymin|Earth Power|p2a: Espeon\n|-damage|p2a: Espeon|0 fnt\n|faint|p2a: Espeon\n|\n|win|p0x24136e7", "uploadtime": 1783536104, "views": 0, "rating": 0, "private": 0, "password": null, "_winner": "p0x24136e7", "_our_name": "p0x24136e7"}