{"id": "battle-gen9randombattle-1425", "formatid": "gen9randombattle", "format": "[Gen 9] Random Battle", "players": ["p0x1425e16e", "p0y142559b9"], "log": "|init|battle\n|title|p0x1425e16e vs. p0y142559b9\n|j|\u2606p0x1425e16e\n|j|\u2606p0y142559b9\n|t:|1783555649\n|gametype|singles\n|player|p1|p0x1425e16e|102|\n|player|p2|p0y142559b9|2|\n|gen|9\n|tier|[Gen 9] Random Battle\n|rule|Species Clause: Limit one of each Pok\u00e9mon\n|rule|HP Percentage Mod: HP is shown in percentages\n|rule|Sleep Clause Mod: Limit one foe put to sleep\n|rule|Illusion Level Mod: Illusion disguises the Pok\u00e9mon's true level\n|\n|t:|1783555649\n|teamsize|p1|6\n|teamsize|p2|6\n|start\n|switch|p1a: Wyrdeer|Wyrdeer, L87, F|321/321\n|switch|p2a: Clodsire|Clodsire, L81, F|100/100\n|-ability|p1a: Wyrdeer|Intimidate|boost\n|-unboost|p2a: Clodsire|atk|1\n|turn|1\n|inactive|Battle timer is ON: inactive players will automatically lose when time's up. (requested by p0y142559b9)\n|inactive|Time left: 300 sec this turn | 300 sec total | 60 sec grace\n|inactive|p0x1425e16e also wants the timer to be on.\n|\n|t:|1783555651\n|switch|p2a: Hariyama|Hariyama, L87, F|100/100\n|move|p1a: Wyrdeer|Earthquake|p2a: Hariyama\n|-damage|p2a: Hariyama|74/100\n|\n|-status|p2a: Hariyama|brn|[from] item: Flame Orb\n|upkeep\n|turn|2\n|inactive|Time left: 300 sec this turn | 300 sec total\n|\n|t:|1783555651\n|move|p1a: Wyrdeer|Psychic Noise|p2a: Hariyama\n|-supereffective|p2a: Hariyama\n|-damage|p2a: Hariyama|13/100 brn\n|-start|p2a: Hariyama|move: Heal Block\n|move|p2a: Hariyama|Knock Off|p1a: Wyrdeer\n|-supereffective|p1a: Wyrdeer\n|-damage|p1a: Wyrdeer|45/321\n|-enditem|p1a: Wyrdeer|Leftovers|[from] move: Knock Off|[of] p2a: Hariyama\n|\n|-damage|p2a: Hariyama|7/100 brn|[from] brn\n|upkeep\n|turn|3\n|inactive|Time left: 300 sec this turn | 300 sec total\n|\n|t:|1783555652\n|switch|p2a: Bellibolt|Bellibolt, L84, F|100/100\n|move|p1a: Wyrdeer|Psychic Noise|p2a: Bellibolt\n|-damage|p2a: Bellibolt|69/100\n|-start|p2a: Bellibolt|move: Heal Block\n|-start|p2a: Bellibolt|Charge|Psychic Noise|[from] ability: Electromorphosis\n|\n|upkeep\n|turn|4\n|inactive|Time left: 300 sec this turn | 300 sec total\n|\n|t:|1783555653\n|move|p1a: Wyrdeer|Earthquake|p2a: Bellibolt\n|-supereffective|p2a: Bellibolt\n|-crit|p2a: Bellibolt\n|-damage|p2a: Bellibolt|0 fnt\n|faint|p2a: Bellibolt\n|\n|upkeep\n|\n|t:|1783555654\n|switch|p2a: Falinks|Falinks, L84|100/100\n|turn|5\n|inactive|Time left: 300 sec this turn | 300 sec total\n|\n|t:|1783555655\n|move|p2a: Falinks|No Retreat|p2a: Falinks\n|-boost|p2a: Falinks|atk|1\n|-boost|p2a: Falinks|def|1\n|-boost|p2a: Falinks|spa|1\n|-boost|p2a: Falinks|spd|1\n|-boost|p2a: Falinks|spe|1\n|-start|p2a: Falinks|move: No Retreat\n|move|p1a: Wyrdeer|Psychic Noise|p2a: Falinks\n|-supereffective|p2a: Falinks\n|-crit|p2a: Falinks\n|-damage|p2a: Falinks|0 fnt\n|faint|p2a: Falinks\n|\n|upkeep\n|\n|t:|1783555655\n|switch|p2a: Clodsire|Clodsire, L81, F|100/100\n|turn|6\n|inactive|Time left: 300 sec this turn | 300 sec total\n|\n|t:|1783555656\n|move|p1a: Wyrdeer|Psychic Noise|p2a: Clodsire\n|-supereffective|p2a: Clodsire\n|-damage|p2a: Clodsire|56/100\n|-start|p2a: Clodsire|move: Heal Block\n|move|p2a: Clodsire|Poison Jab|p1a: Wyrdeer\n|-damage|p1a: Wyrdeer|0 fnt\n|faint|p1a: Wyrdeer\n|\n|upkeep\n|inactive|Time left: 300 sec this turn | 300 sec total | 5 sec grace\n|\n|t:|1783555658\n|switch|p1a: Beartic|Beartic, L91, M|321/321\n|turn|7\n|inactive|Time left: 300 sec this turn | 300 sec total\n|\n|t:|1783555659\n|switch|p2a: Coalossal|Coalossal, L89, F|100/100\n|move|p1a: Beartic|Icicle Crash|p2a: Coalossal\n|-resisted|p2a: Coalossal\n|-damage|p2a: Coalossal|86/100\n|\n|upkeep\n|turn|8\n|inactive|Time left: 300 sec this turn | 300 sec total\n|\n|t:|1783555660\n|move|p1a: Beartic|Earthquake|p2a: Coalossal\n|-supereffective|p2a: Coalossal\n|-damage|p2a: Coalossal|0 fnt\n|faint|p2a: Coalossal\n|\n|upkeep\n|\n|t:|1783555661\n|switch|p2a: Terapagos|Terapagos, L77, F|100/100\n|-activate|p2a: Terapagos|ability: Tera Shift\n|detailschange|p2a: Terapagos|Terapagos-Terastal, L77, F\n|-heal|p2a: Terapagos|100/100|[silent]\n|turn|9\n|inactive|Time left: 300 sec this turn | 300 sec total\n|\n|t:|1783555661\n|move|p2a: Terapagos|Calm Mind|p2a: Terapagos\n|-boost|p2a: Terapagos|spa|1\n|-boost|p2a: Terapagos|spd|1\n|move|p1a: Beartic|Swords Dance|p1a: Beartic\n|-boost|p1a: Beartic|atk|2\n|\n|upkeep\n|turn|10\n|inactive|Time left: 300 sec this turn | 300 sec total\n|\n|t:|1783555662\n|-terastallize|p1a: Beartic|Ground\n|move|p2a: Terapagos|Tera Starstorm|p1a: Beartic\n|-damage|p1a: Beartic|149/321\n|move|p1a: Beartic|Earthquake|p2a: Terapagos\n|-activate|p2a: Terapagos|ability: Tera Shell\n|-resisted|p2a: Terapagos\n|-damage|p2a: Terapagos|49/100\n|\n|upkeep\n|turn|11\n|inactive|Time left: 300 sec this turn | 300 sec total\n|\n|t:|1783555663\n|move|p1a: Beartic|Aqua Jet|p2a: Terapagos\n|-damage|p2a: Terapagos|22/100\n|move|p2a: Terapagos|Tera Starstorm|p1a: Beartic\n|-damage|p1a: Beartic|0 fnt\n|faint|p1a: Beartic\n|\n|upkeep\n|inactive|Time left: 300 sec this turn | 300 sec total | 5 sec grace\n|\n|t:|1783555664\n|switch|p1a: Incineroar|Incineroar, L82, M|290/290\n|-ability|p1a: Incineroar|Intimidate|boost\n|-unboost|p2a: Terapagos|atk|1\n|turn|12\n|inactive|Time left: 300 sec this turn | 300 sec total\n|\n|t:|1783555665\n|move|p2a: Terapagos|Tera Starstorm|p1a: Incineroar\n|-damage|p1a: Incineroar|125/290\n|move|p1a: Incineroar|Knock Off|p2a: Terapagos\n|-damage|p2a: Terapagos|0 fnt\n|-enditem|p2a: Terapagos|Chesto Berry|[from] move: Knock Off|[of] p1a: Incineroar\n|faint|p2a: Terapagos\n|\n|upkeep\n|\n|t:|1783555666\n|switch|p2a: Clodsire|Clodsire, L81, F|56/100\n|turn|13\n|inactive|Time left: 300 sec this turn | 300 sec total\n|\n|t:|1783555667\n|move|p1a: Incineroar|Flare Blitz|p2a: Clodsire\n|-damage|p2a: Clodsire|6/100\n|-damage|p1a: Incineroar|69/290|[from] Recoil\n|move|p2a: Clodsire|Recover|p2a: Clodsire\n|-heal|p2a: Clodsire|56/100\n|\n|-heal|p2a: Clodsire|63/100|[from] item: Leftovers\n|upkeep\n|turn|14\n|inactive|Time left: 300 sec this turn | 300 sec total\n|\n|t:|1783555668\n|move|p1a: Incineroar|Knock Off|p2a: Clodsire\n|-damage|p2a: Clodsire|18/100\n|-enditem|p2a: Clodsire|Leftovers|[from] move: Knock Off|[of] p1a: Incineroar\n|move|p2a: Clodsire|Recover|p2a: Clodsire\n|-heal|p2a: Clodsire|68/100\n|\n|upkeep\n|turn|15\n|inactive|Time left: 300 sec this turn | 300 sec total\n|\n|t:|1783555668\n|move|p1a: Incineroar|Flare Blitz|p2a: Clodsire\n|-damage|p2a: Clodsire|15/100\n|-damage|p1a: Incineroar|9/290|[from] Recoil\n|move|p2a: Clodsire|Recover|p2a: Clodsire\n|-heal|p2a: Clodsire|65/100\n|\n|upkeep\n|turn|16\n|inactive|Time left: 300 sec this turn | 300 sec total\n|\n|t:|1783555670\n|move|p1a: Incineroar|Flare Blitz|p2a: Clodsire\n|-damage|p2a: Clodsire|7/100\n|-status|p2a: Clodsire|brn\n|-damage|p1a: Incineroar|0 fnt|[from] Recoil\n|faint|p1a: Incineroar\n|move|p2a: Clodsire|Recover|p2a: Clodsire\n|-heal|p2a: Clodsire|57/100 brn\n|\n|-damage|p2a: Clodsire|51/100 brn|[from] brn\n|upkeep\n|inactive|Time left: 300 sec this turn | 300 sec total | 5 sec grace\n|\n|t:|1783555671\n|switch|p1a: Hatterene|Hatterene, L85, F|236/236\n|turn|17\n|inactive|Time left: 300 sec this turn | 300 sec total\n|\n|t:|1783555672\n|-terastallize|p2a: Clodsire|Flying\n|move|p1a: Hatterene|Psychic|p2a: Clodsire\n|-damage|p2a: Clodsire|13/100 brn\n|move|p2a: Clodsire|Recover|p2a: Clodsire\n|-heal|p2a: Clodsire|63/100 brn\n|\n|-damage|p2a: Clodsire|57/100 brn|[from] brn\n|upkeep\n|turn|18\n|inactive|Time left: 300 sec this turn | 300 sec total\n|\n|t:|1783555672\n|move|p1a: Hatterene|Mystical Fire|p2a: Clodsire\n|-damage|p2a: Clodsire|39/100 brn\n|-unboost|p2a: Clodsire|spa|1\n|move|p2a: Clodsire|Recover|p2a: Clodsire\n|-heal|p2a: Clodsire|89/100 brn\n|\n|-damage|p2a: Clodsire|83/100 brn|[from] brn\n|upkeep\n|turn|19\n|inactive|Time left: 300 sec this turn | 300 sec total\n|\n|t:|1783555674\n|move|p1a: Hatterene|Mystical Fire|p2a: Clodsire\n|-damage|p2a: Clodsire|63/100 brn\n|-unboost|p2a: Clodsire|spa|1\n|move|p2a: Clodsire|Poison Jab|p1a: Hatterene\n|-supereffective|p1a: Hatterene\n|-damage|p1a: Hatterene|173/236\n|-status|p1a: Hatterene|psn\n|\n|-damage|p1a: Hatterene|144/236 psn|[from] psn\n|-damage|p2a: Clodsire|57/100 brn|[from] brn\n|upkeep\n|turn|20\n|inactive|Time left: 300 sec this turn | 300 sec total\n|\n|t:|1783555675\n|switch|p1a: Arceus|Arceus-Electric, L70|284/284\n|move|p2a: Clodsire|Recover|p2a: Clodsire\n|-heal|p2a: Clodsire|100/100 brn\n|\n|-damage|p2a: Clodsire|94/100 brn|[from] brn\n|upkeep\n|turn|21\n|inactive|Time left: 300 sec this turn | 300 sec total\n|\n|t:|1783555676\n|move|p1a: Arceus|Calm Mind|p1a: Arceus\n|-boost|p1a: Arceus|spa|1\n|-boost|p1a: Arceus|spd|1\n|move|p2a: Clodsire|Recover|p2a: Clodsire\n|-heal|p2a: Clodsire|100/100 brn\n|\n|-damage|p2a: Clodsire|94/100 brn|[from] brn\n|upkeep\n|turn|22\n|inactive|Time left: 300 sec this turn | 300 sec total\n|\n|t:|1783555677\n|move|p1a: Arceus|Judgment|p2a: Clodsire\n|-supereffective|p2a: Clodsire\n|-damage|p2a: Clodsire|38/100 brn\n|move|p2a: Clodsire|Poison Jab|p1a: Arceus\n|-damage|p1a: Arceus|254/284\n|\n|-damage|p2a: Clodsire|32/100 brn|[from] brn\n|upkeep\n|turn|23\n|inactive|Time left: 300 sec this turn | 300 sec total\n|\n|t:|1783555678\n|switch|p2a: Hariyama|Hariyama, L87, F|7/100 brn\n|move|p1a: Arceus|Judgment|p2a: Hariyama\n|-damage|p2a: Hariyama|0 fnt\n|faint|p2a: Hariyama\n|\n|upkeep\n|\n|t:|1783555678\n|switch|p2a: Clodsire|Clodsire, L81, F, tera:Flying|32/100 brn\n|turn|24\n|inactive|Time left: 300 sec this turn | 300 sec total\n|\n|t:|1783555680\n|move|p1a: Arceus|Judgment|p2a: Clodsire\n|-supereffective|p2a: Clodsire\n|-damage|p2a: Clodsire|0 fnt\n|faint|p2a: Clodsire\n|\n|win|p0x1425e16e", "uploadtime": 1783555680, "views": 0, "rating": 0, "private": 0, "password": null, "_winner": "p0x1425e16e", "_our_name": "p0x1425e16e"}