{"id": "battle-gen9randombattle-2553", "formatid": "gen9randombattle", "format": "[Gen 9] Random Battle", "players": ["p0x2553a6c4", "p0y25538f92"], "log": "|init|battle\n|title|p0x2553a6c4 vs. p0y25538f92\n|j|\u2606p0x2553a6c4\n|j|\u2606p0y25538f92\n|t:|1783569528\n|gametype|singles\n|player|p1|p0x2553a6c4|170|\n|player|p2|p0y25538f92|102|\n|gen|9\n|tier|[Gen 9] Random Battle\n|rule|Species Clause: Limit one of each Pok\u00e9mon\n|rule|HP Percentage Mod: HP is shown in percentages\n|rule|Sleep Clause Mod: Limit one foe put to sleep\n|rule|Illusion Level Mod: Illusion disguises the Pok\u00e9mon's true level\n|\n|t:|1783569528\n|teamsize|p1|6\n|teamsize|p2|6\n|start\n|switch|p1a: Kilowattrel|Kilowattrel, L83, M|252/252\n|switch|p2a: Perrserker|Perrserker, L89, M|100/100\n|turn|1\n|inactive|Battle timer is ON: inactive players will automatically lose when time's up. (requested by p0x2553a6c4)\n|inactive|p0y25538f92 also wants the timer to be on.\n|\n|t:|1783569530\n|move|p1a: Kilowattrel|Discharge|p2a: Perrserker\n|-damage|p2a: Perrserker|57/100\n|-status|p2a: Perrserker|par\n|move|p2a: Perrserker|Knock Off|p1a: Kilowattrel\n|-damage|p1a: Kilowattrel|45/252\n|-enditem|p1a: Kilowattrel|Heavy-Duty Boots|[from] move: Knock Off|[of] p2a: Perrserker\n|-damage|p2a: Perrserker|47/100 par|[from] item: Life Orb\n|\n|upkeep\n|turn|2\n|inactive|Time left: 300 sec this turn | 300 sec total\n|\n|t:|1783569531\n|move|p1a: Kilowattrel|Roost|p1a: Kilowattrel\n|-heal|p1a: Kilowattrel|171/252\n|-singleturn|p1a: Kilowattrel|move: Roost\n|move|p2a: Perrserker|Close Combat|p1a: Kilowattrel\n|-damage|p1a: Kilowattrel|0 fnt\n|-unboost|p2a: Perrserker|def|1\n|-unboost|p2a: Perrserker|spd|1\n|faint|p1a: Kilowattrel\n|-damage|p2a: Perrserker|37/100 par|[from] item: Life Orb\n|\n|upkeep\n|inactive|Time left: 300 sec this turn | 300 sec total | 5 sec grace\n|\n|t:|1783569532\n|switch|p1a: Regieleki|Regieleki, L79|256/256\n|turn|3\n|inactive|Time left: 300 sec this turn | 300 sec total\n|\n|t:|1783569533\n|switch|p2a: Raging Bolt|Raging Bolt, L78|100/100\n|move|p1a: Regieleki|Volt Switch|p2a: Raging Bolt\n|-resisted|p2a: Raging Bolt\n|-damage|p2a: Raging Bolt|95/100\n|inactive|Time left: 300 sec this turn | 300 sec total | 5 sec grace\n|\n|t:|1783569534\n|switch|p1a: Kleavor|Kleavor, L78, M|237/237|[from] Volt Switch\n|\n|upkeep\n|turn|4\n|inactive|Time left: 300 sec this turn | 300 sec total\n|\n|t:|1783569535\n|move|p1a: Kleavor|Stone Axe|p2a: Raging Bolt\n|-damage|p2a: Raging Bolt|57/100\n|-sidestart|p2: p0y25538f92|move: Stealth Rock\n|move|p2a: Raging Bolt|Thunderbolt|p1a: Kleavor\n|-damage|p1a: Kleavor|108/237\n|\n|upkeep\n|turn|5\n|inactive|Time left: 300 sec this turn | 300 sec total\n|\n|t:|1783569536\n|switch|p1a: Great Tusk|Great Tusk, L77|304/304\n|move|p2a: Raging Bolt|Thunderbolt|p1a: Great Tusk\n|-immune|p1a: Great Tusk\n|\n|upkeep\n|turn|6\n|inactive|Time left: 300 sec this turn | 300 sec total\n|\n|t:|1783569537\n|-end|p2a: Raging Bolt|Protosynthesis|[silent]\n|switch|p2a: Reuniclus|Reuniclus, L88, F|100/100\n|move|p1a: Great Tusk|Headlong Rush|p2a: Reuniclus\n|-damage|p2a: Reuniclus|54/100\n|-unboost|p1a: Great Tusk|def|1\n|-unboost|p1a: Great Tusk|spd|1\n|\n|upkeep\n|turn|7\n|inactive|Time left: 300 sec this turn | 300 sec total\n|\n|t:|1783569538\n|-terastallize|p1a: Great Tusk|Ground\n|move|p1a: Great Tusk|Headlong Rush|p2a: Reuniclus\n|-damage|p2a: Reuniclus|0 fnt\n|-unboost|p1a: Great Tusk|def|1\n|-unboost|p1a: Great Tusk|spd|1\n|faint|p2a: Reuniclus\n|\n|upkeep\n|\n|t:|1783569539\n|switch|p2a: Araquanid|Araquanid, L82, M|100/100\n|turn|8\n|inactive|Time left: 300 sec this turn | 300 sec total\n|\n|t:|1783569540\n|-end|p1a: Great Tusk|Protosynthesis|[silent]\n|switch|p1a: Appletun|Appletun, L92, F|352/352\n|move|p2a: Araquanid|Liquidation|p1a: Appletun\n|-resisted|p1a: Appletun\n|-damage|p1a: Appletun|319/352\n|\n|-heal|p1a: Appletun|341/352|[from] item: Leftovers\n|upkeep\n|turn|9\n|inactive|Time left: 300 sec this turn | 300 sec total\n|\n|t:|1783569541\n|move|p2a: Araquanid|Sticky Web|p1a: Appletun\n|-sidestart|p1: p0x2553a6c4|move: Sticky Web\n|move|p1a: Appletun|Apple Acid|p2a: Araquanid\n|-damage|p2a: Araquanid|70/100\n|-unboost|p2a: Araquanid|spd|1\n|\n|-heal|p1a: Appletun|352/352|[from] item: Leftovers\n|upkeep\n|turn|10\n|inactive|Time left: 300 sec this turn | 300 sec total\n|\n|t:|1783569542\n|move|p2a: Araquanid|Leech Life|p1a: Appletun\n|-supereffective|p1a: Appletun\n|-crit|p1a: Appletun\n|-damage|p1a: Appletun|164/352\n|-heal|p2a: Araquanid|100/100|[from] drain|[of] p1a: Appletun\n|move|p1a: Appletun|Apple Acid|p2a: Araquanid\n|-damage|p2a: Araquanid|51/100\n|-unboost|p2a: Araquanid|spd|1\n|\n|-heal|p1a: Appletun|186/352|[from] item: Leftovers\n|upkeep\n|turn|11\n|inactive|Time left: 300 sec this turn | 300 sec total\n|\n|t:|1783569543\n|move|p2a: Araquanid|Leech Life|p1a: Appletun\n|-supereffective|p1a: Appletun\n|-damage|p1a: Appletun|54/352\n|-heal|p2a: Araquanid|78/100|[from] drain|[of] p1a: Appletun\n|move|p1a: Appletun|Recover|p1a: Appletun\n|-heal|p1a: Appletun|230/352\n|\n|-heal|p1a: Appletun|252/352|[from] item: Leftovers\n|upkeep\n|turn|12\n|inactive|Time left: 300 sec this turn | 300 sec total\n|\n|t:|1783569544\n|switch|p2a: Perrserker|Perrserker, L89, M|37/100 par\n|-damage|p2a: Perrserker|31/100 par|[from] Stealth Rock\n|move|p1a: Appletun|Dragon Pulse|p2a: Perrserker\n|-resisted|p2a: Perrserker\n|-damage|p2a: Perrserker|6/100 par\n|\n|-heal|p1a: Appletun|274/352|[from] item: Leftovers\n|upkeep\n|turn|13\n|inactive|Time left: 300 sec this turn | 300 sec total\n|\n|t:|1783569545\n|move|p1a: Appletun|Dragon Pulse|p2a: Perrserker\n|-resisted|p2a: Perrserker\n|-damage|p2a: Perrserker|0 fnt\n|faint|p2a: Perrserker\n|\n|-heal|p1a: Appletun|296/352|[from] item: Leftovers\n|upkeep\n|\n|t:|1783569546\n|switch|p2a: Staraptor|Staraptor, L79, M|100/100\n|-damage|p2a: Staraptor|76/100|[from] Stealth Rock\n|turn|14\n|inactive|Time left: 300 sec this turn | 300 sec total\n|\n|t:|1783569547\n|move|p2a: Staraptor|Brave Bird|p1a: Appletun\n|-supereffective|p1a: Appletun\n|-damage|p1a: Appletun|0 fnt\n|faint|p1a: Appletun\n|-damage|p2a: Staraptor|39/100|[from] Recoil\n|\n|upkeep\n|inactive|Time left: 300 sec this turn | 300 sec total | 5 sec grace\n|\n|t:|1783569548\n|switch|p1a: Great Tusk|Great Tusk, L77, tera:Ground|304/304\n|-activate|p1a: Great Tusk|move: Sticky Web\n|-unboost|p1a: Great Tusk|spe|1\n|turn|15\n|inactive|Time left: 300 sec this turn | 300 sec total\n|\n|t:|1783569549\n|switch|p2a: Politoed|Politoed, L88, M|100/100\n|-damage|p2a: Politoed|88/100|[from] Stealth Rock\n|-weather|RainDance|[from] ability: Drizzle|[of] p2a: Politoed\n|move|p1a: Great Tusk|Rapid Spin|p2a: Politoed\n|-damage|p2a: Politoed|74/100\n|-boost|p1a: Great Tusk|spe|1\n|-sideend|p1: p0x2553a6c4|Sticky Web|[from] move: Rapid Spin|[of] p1a: Great Tusk\n|\n|-weather|RainDance|[upkeep]\n|upkeep\n|turn|16\n|inactive|Time left: 300 sec this turn | 300 sec total\n|\n|t:|1783569550\n|move|p1a: Great Tusk|Headlong Rush|p2a: Politoed\n|-damage|p2a: Politoed|13/100\n|-unboost|p1a: Great Tusk|def|1\n|-unboost|p1a: Great Tusk|spd|1\n|move|p2a: Politoed|Weather Ball|p1a: Great Tusk\n|-supereffective|p1a: Great Tusk\n|-damage|p1a: Great Tusk|0 fnt\n|faint|p1a: Great Tusk\n|-end|p1a: Great Tusk|Protosynthesis|[silent]\n|\n|-weather|RainDance|[upkeep]\n|upkeep\n|inactive|Time left: 300 sec this turn | 300 sec total | 5 sec grace\n|\n|t:|1783569550\n|switch|p1a: Kleavor|Kleavor, L78, M|108/237\n|turn|17\n|inactive|Time left: 300 sec this turn | 300 sec total\n|\n|t:|1783569551\n|move|p1a: Kleavor|X-Scissor|p2a: Politoed\n|-damage|p2a: Politoed|0 fnt\n|faint|p2a: Politoed\n|\n|-weather|RainDance|[upkeep]\n|upkeep\n|\n|t:|1783569552\n|switch|p2a: Staraptor|Staraptor, L79, M|39/100\n|-damage|p2a: Staraptor|14/100|[from] Stealth Rock\n|turn|18\n|inactive|Time left: 300 sec this turn | 300 sec total\n|\n|t:|1783569553\n|move|p2a: Staraptor|Double-Edge|p1a: Kleavor\n|-resisted|p1a: Kleavor\n|-damage|p1a: Kleavor|0 fnt\n|faint|p1a: Kleavor\n|-damage|p2a: Staraptor|0 fnt|[from] Recoil\n|faint|p2a: Staraptor\n|\n|-weather|RainDance|[upkeep]\n|upkeep\n|inactive|Time left: 300 sec this turn | 300 sec total | 5 sec grace\n|\n|t:|1783569554\n|switch|p2a: Raging Bolt|Raging Bolt, L78|57/100\n|switch|p1a: Regieleki|Regieleki, L79|256/256\n|-damage|p2a: Raging Bolt|45/100|[from] Stealth Rock\n|turn|19\n|inactive|Time left: 300 sec this turn | 300 sec total\n|\n|t:|1783569555\n|move|p1a: Regieleki|Rapid Spin|p2a: Raging Bolt\n|-damage|p2a: Raging Bolt|34/100\n|-boost|p1a: Regieleki|spe|1\n|move|p2a: Raging Bolt|Draco Meteor|p1a: Regieleki\n|-damage|p1a: Regieleki|18/256\n|-unboost|p2a: Raging Bolt|spa|2\n|\n|-weather|none\n|upkeep\n|turn|20\n|inactive|Time left: 300 sec this turn | 300 sec total\n|\n|t:|1783569556\n|move|p1a: Regieleki|Explosion|p2a: Raging Bolt\n|-damage|p2a: Raging Bolt|0 fnt\n|faint|p1a: Regieleki\n|faint|p2a: Raging Bolt\n|-end|p2a: Raging Bolt|Protosynthesis|[silent]\n|\n|upkeep\n|inactive|Time left: 300 sec this turn | 300 sec total | 5 sec grace\n|\n|t:|1783569557\n|switch|p1a: Sneasler|Sneasler, L74, F|240/240\n|switch|p2a: Araquanid|Araquanid, L82, M|78/100\n|turn|21\n|inactive|Time left: 300 sec this turn | 300 sec total\n|\n|t:|1783569558\n|move|p1a: Sneasler|Dire Claw|p2a: Araquanid\n|-damage|p2a: Araquanid|45/100\n|move|p2a: Araquanid|Liquidation|p1a: Sneasler\n|-damage|p1a: Sneasler|35/240\n|\n|upkeep\n|turn|22\n|inactive|Time left: 300 sec this turn | 300 sec total\n|\n|t:|1783569559\n|-terastallize|p2a: Araquanid|Steel\n|move|p1a: Sneasler|Dire Claw|p2a: Araquanid\n|-immune|p2a: Araquanid\n|move|p2a: Araquanid|Liquidation|p1a: Sneasler\n|-damage|p1a: Sneasler|0 fnt\n|faint|p1a: Sneasler\n|\n|win|p0y25538f92", "uploadtime": 1783569559, "views": 0, "rating": 0, "private": 0, "password": null, "_winner": "p0y25538f92", "_our_name": "p0x2553a6c4"}