{"id": "battle-gen9randombattle-1029", "formatid": "gen9randombattle", "format": "[Gen 9] Random Battle", "players": ["p0x1029d4d7", "p0y10291cd3"], "log": "|init|battle\n|title|p0x1029d4d7 vs. p0y10291cd3\n|j|\u2606p0x1029d4d7\n|j|\u2606p0y10291cd3\n|t:|1783551120\n|gametype|singles\n|player|p1|p0x1029d4d7|101|\n|player|p2|p0y10291cd3|170|\n|gen|9\n|tier|[Gen 9] Random Battle\n|rule|Species Clause: Limit one of each Pok\u00e9mon\n|rule|HP Percentage Mod: HP is shown in percentages\n|rule|Sleep Clause Mod: Limit one foe put to sleep\n|rule|Illusion Level Mod: Illusion disguises the Pok\u00e9mon's true level\n|\n|t:|1783551120\n|teamsize|p1|6\n|teamsize|p2|6\n|start\n|switch|p1a: Arboliva|Arboliva, L91, F|288/288\n|switch|p2a: Leavanny|Leavanny, L86, M|100/100\n|turn|1\n|inactive|Battle timer is ON: inactive players will automatically lose when time's up. (requested by p0x1029d4d7)\n|inactive|p0y10291cd3 also wants the timer to be on.\n|\n|t:|1783551121\n|move|p2a: Leavanny|Sticky Web|p1a: Arboliva\n|-sidestart|p1: p0x1029d4d7|move: Sticky Web\n|move|p1a: Arboliva|Hyper Voice|p2a: Leavanny\n|-crit|p2a: Leavanny\n|-damage|p2a: Leavanny|21/100\n|\n|upkeep\n|turn|2\n|inactive|Time left: 300 sec this turn | 300 sec total\n|\n|t:|1783551122\n|move|p2a: Leavanny|Knock Off|p1a: Arboliva\n|-damage|p1a: Arboliva|220/288\n|-enditem|p1a: Arboliva|Sitrus Berry|[from] move: Knock Off|[of] p2a: Leavanny\n|move|p1a: Arboliva|Hyper Voice|p2a: Leavanny\n|-damage|p2a: Leavanny|0 fnt\n|faint|p2a: Leavanny\n|\n|upkeep\n|\n|t:|1783551123\n|switch|p2a: Golurk|Golurk, L87|100/100\n|turn|3\n|inactive|Time left: 300 sec this turn | 300 sec total\n|\n|t:|1783551125\n|move|p1a: Arboliva|Protect|p1a: Arboliva\n|-singleturn|p1a: Arboliva|Protect\n|move|p2a: Golurk|Dynamic Punch|p1a: Arboliva\n|-activate|p1a: Arboliva|move: Protect\n|\n|upkeep\n|turn|4\n|inactive|Time left: 300 sec this turn | 300 sec total\n|\n|t:|1783551126\n|switch|p1a: Leavanny|Leavanny, L86, F|269/269\n|move|p2a: Golurk|Dynamic Punch|p1a: Leavanny\n|-resisted|p1a: Leavanny\n|-damage|p1a: Leavanny|200/269\n|-start|p1a: Leavanny|confusion\n|\n|upkeep\n|turn|5\n|inactive|Time left: 300 sec this turn | 300 sec total\n|\n|t:|1783551127\n|-activate|p1a: Leavanny|confusion\n|move|p1a: Leavanny|Sticky Web|p2a: Golurk\n|-sidestart|p2: p0y10291cd3|move: Sticky Web\n|move|p2a: Golurk|Dynamic Punch|p1a: Leavanny\n|-resisted|p1a: Leavanny\n|-damage|p1a: Leavanny|129/269\n|\n|upkeep\n|turn|6\n|inactive|Time left: 300 sec this turn | 300 sec total\n|\n|t:|1783551128\n|-activate|p1a: Leavanny|confusion\n|-damage|p1a: Leavanny|96/269|[from] confusion\n|move|p2a: Golurk|Dynamic Punch|p1a: Leavanny\n|-resisted|p1a: Leavanny\n|-damage|p1a: Leavanny|22/269\n|\n|upkeep\n|turn|7\n|inactive|Time left: 300 sec this turn | 300 sec total\n|\n|t:|1783551129\n|-activate|p1a: Leavanny|confusion\n|move|p1a: Leavanny|Leaf Blade|p2a: Golurk\n|-supereffective|p2a: Golurk\n|-damage|p2a: Golurk|25/100\n|move|p2a: Golurk|Dynamic Punch|p1a: Leavanny\n|-resisted|p1a: Leavanny\n|-damage|p1a: Leavanny|0 fnt\n|faint|p1a: Leavanny\n|\n|upkeep\n|inactive|Time left: 300 sec this turn | 300 sec total | 5 sec grace\n|\n|t:|1783551130\n|switch|p1a: Arbok|Arbok, L87, F|246/246\n|-activate|p1a: Arbok|move: Sticky Web\n|-unboost|p1a: Arbok|spe|1\n|-ability|p1a: Arbok|Intimidate|boost\n|-unboost|p2a: Golurk|atk|1\n|turn|8\n|inactive|Time left: 300 sec this turn | 300 sec total\n|\n|t:|1783551131\n|move|p1a: Arbok|Sucker Punch|p2a: Golurk\n|-supereffective|p2a: Golurk\n|-damage|p2a: Golurk|0 fnt\n|faint|p2a: Golurk\n|\n|upkeep\n|\n|t:|1783551132\n|switch|p2a: Cryogonal|Cryogonal, L89|100/100\n|turn|9\n|inactive|Time left: 300 sec this turn | 300 sec total\n|\n|t:|1783551133\n|move|p2a: Cryogonal|Rapid Spin|p1a: Arbok\n|-damage|p1a: Arbok|219/246\n|-boost|p2a: Cryogonal|spe|1\n|-sideend|p2: p0y10291cd3|Sticky Web|[from] move: Rapid Spin|[of] p2a: Cryogonal\n|move|p1a: Arbok|Gunk Shot|p2a: Cryogonal\n|-damage|p2a: Cryogonal|30/100\n|\n|-heal|p1a: Arbok|234/246|[from] item: Leftovers\n|upkeep\n|turn|10\n|inactive|Time left: 300 sec this turn | 300 sec total\n|\n|t:|1783551134\n|move|p2a: Cryogonal|Recover|p2a: Cryogonal\n|-heal|p2a: Cryogonal|81/100\n|move|p1a: Arbok|Gunk Shot|p2a: Cryogonal\n|-damage|p2a: Cryogonal|14/100\n|-status|p2a: Cryogonal|psn\n|\n|-heal|p1a: Arbok|246/246|[from] item: Leftovers\n|-damage|p2a: Cryogonal|2/100 psn|[from] psn\n|upkeep\n|turn|11\n|inactive|Time left: 300 sec this turn | 300 sec total\n|\n|t:|1783551135\n|switch|p1a: Morpeko|Morpeko, L88, M|245/245\n|move|p2a: Cryogonal|Recover|p2a: Cryogonal\n|-heal|p2a: Cryogonal|52/100 psn\n|\n|-damage|p2a: Cryogonal|40/100 psn|[from] psn\n|-formechange|p1a: Morpeko|Morpeko-Hangry||[from] ability: Hunger Switch\n|upkeep\n|turn|12\n|inactive|Time left: 300 sec this turn | 300 sec total\n|\n|t:|1783551136\n|move|p2a: Cryogonal|Freeze-Dry|p1a: Morpeko\n|-damage|p1a: Morpeko|143/245\n|move|p1a: Morpeko|Rapid Spin|p2a: Cryogonal\n|-damage|p2a: Cryogonal|23/100 psn\n|-boost|p1a: Morpeko|spe|1\n|-sideend|p1: p0x1029d4d7|Sticky Web|[from] move: Rapid Spin|[of] p1a: Morpeko\n|\n|-damage|p2a: Cryogonal|11/100 psn|[from] psn\n|-formechange|p1a: Morpeko|Morpeko||[from] ability: Hunger Switch\n|upkeep\n|turn|13\n|inactive|Time left: 300 sec this turn | 300 sec total\n|\n|t:|1783551136\n|move|p2a: Cryogonal|Freeze-Dry|p1a: Morpeko\n|-damage|p1a: Morpeko|44/245\n|move|p1a: Morpeko|Aura Wheel|p2a: Cryogonal\n|-damage|p2a: Cryogonal|0 fnt\n|-boost|p1a: Morpeko|spe|1\n|faint|p2a: Cryogonal\n|\n|-formechange|p1a: Morpeko|Morpeko-Hangry||[from] ability: Hunger Switch\n|upkeep\n|\n|t:|1783551137\n|switch|p2a: Furret|Furret, L94, M|100/100\n|-item|p1a: Morpeko|Heavy-Duty Boots|[from] ability: Frisk|[of] p2a: Furret\n|turn|14\n|inactive|Time left: 300 sec this turn | 300 sec total\n|\n|t:|1783551138\n|move|p1a: Morpeko|Aura Wheel|p2a: Furret\n|-damage|p2a: Furret|52/100\n|-boost|p1a: Morpeko|spe|1\n|move|p2a: Furret|Double-Edge|p1a: Morpeko\n|-damage|p1a: Morpeko|0 fnt\n|faint|p1a: Morpeko\n|-damage|p2a: Furret|47/100|[from] Recoil\n|\n|upkeep\n|inactive|Time left: 300 sec this turn | 300 sec total | 5 sec grace\n|\n|t:|1783551138\n|switch|p1a: Magcargo|Magcargo, L95, M|268/268\n|turn|15\n|inactive|Time left: 300 sec this turn | 300 sec total\n|\n|t:|1783551139\n|switch|p2a: Hippowdon|Hippowdon, L82, F|100/100\n|-weather|Sandstorm|[from] ability: Sand Stream|[of] p2a: Hippowdon\n|move|p1a: Magcargo|Lava Plume|p2a: Hippowdon\n|-damage|p2a: Hippowdon|60/100\n|\n|-weather|Sandstorm|[upkeep]\n|upkeep\n|turn|16\n|inactive|Time left: 300 sec this turn | 300 sec total\n|\n|t:|1783551140\n|-terastallize|p1a: Magcargo|Dragon\n|move|p2a: Hippowdon|Earthquake|p1a: Magcargo\n|-damage|p1a: Magcargo|186/268\n|move|p1a: Magcargo|Lava Plume|p2a: Hippowdon\n|-crit|p2a: Hippowdon\n|-damage|p2a: Hippowdon|3/100\n|\n|-weather|Sandstorm|[upkeep]\n|-damage|p1a: Magcargo|170/268|[from] Sandstorm\n|upkeep\n|turn|17\n|inactive|Time left: 300 sec this turn | 300 sec total\n|\n|t:|1783551141\n|move|p2a: Hippowdon|Slack Off|p2a: Hippowdon\n|-heal|p2a: Hippowdon|53/100\n|move|p1a: Magcargo|Lava Plume|p2a: Hippowdon\n|-damage|p2a: Hippowdon|15/100\n|\n|-weather|Sandstorm|[upkeep]\n|-damage|p1a: Magcargo|154/268|[from] Sandstorm\n|upkeep\n|turn|18\n|inactive|Time left: 300 sec this turn | 300 sec total\n|\n|t:|1783551142\n|move|p2a: Hippowdon|Slack Off|p2a: Hippowdon\n|-heal|p2a: Hippowdon|65/100\n|move|p1a: Magcargo|Lava Plume|p2a: Hippowdon\n|-damage|p2a: Hippowdon|29/100\n|\n|-weather|Sandstorm|[upkeep]\n|-damage|p1a: Magcargo|138/268|[from] Sandstorm\n|upkeep\n|turn|19\n|inactive|Time left: 300 sec this turn | 300 sec total\n|\n|t:|1783551143\n|move|p2a: Hippowdon|Slack Off|p2a: Hippowdon\n|-heal|p2a: Hippowdon|79/100\n|move|p1a: Magcargo|Lava Plume|p2a: Hippowdon\n|-damage|p2a: Hippowdon|37/100\n|\n|-weather|none\n|upkeep\n|turn|20\n|inactive|Time left: 300 sec this turn | 300 sec total\n|\n|t:|1783551144\n|move|p2a: Hippowdon|Slack Off|p2a: Hippowdon\n|-heal|p2a: Hippowdon|87/100\n|move|p1a: Magcargo|Lava Plume|p2a: Hippowdon\n|-damage|p2a: Hippowdon|47/100\n|\n|upkeep\n|turn|21\n|inactive|Time left: 300 sec this turn | 300 sec total\n|\n|t:|1783551145\n|move|p2a: Hippowdon|Slack Off|p2a: Hippowdon\n|-heal|p2a: Hippowdon|97/100\n|move|p1a: Magcargo|Recover|p1a: Magcargo\n|-heal|p1a: Magcargo|268/268\n|\n|upkeep\n|turn|22\n|inactive|Time left: 300 sec this turn | 300 sec total\n|\n|t:|1783551146\n|move|p2a: Hippowdon|Stealth Rock|p1a: Magcargo\n|-sidestart|p1: p0x1029d4d7|move: Stealth Rock\n|move|p1a: Magcargo|Lava Plume|p2a: Hippowdon\n|-damage|p2a: Hippowdon|58/100\n|\n|upkeep\n|turn|23\n|inactive|Time left: 300 sec this turn | 300 sec total\n|\n|t:|1783551147\n|move|p2a: Hippowdon|Slack Off|p2a: Hippowdon\n|-heal|p2a: Hippowdon|100/100\n|move|p1a: Magcargo|Lava Plume|p2a: Hippowdon\n|-damage|p2a: Hippowdon|62/100\n|-status|p2a: Hippowdon|brn\n|\n|-damage|p2a: Hippowdon|56/100 brn|[from] brn\n|upkeep\n|turn|24\n|inactive|Time left: 300 sec this turn | 300 sec total\n|\n|t:|1783551148\n|move|p2a: Hippowdon|Slack Off|p2a: Hippowdon\n|-heal|p2a: Hippowdon|100/100 brn\n|move|p1a: Magcargo|Lava Plume|p2a: Hippowdon\n|-damage|p2a: Hippowdon|64/100 brn\n|\n|-damage|p2a: Hippowdon|58/100 brn|[from] brn\n|upkeep\n|turn|25\n|inactive|Time left: 300 sec this turn | 300 sec total\n|\n|t:|1783551150\n|move|p2a: Hippowdon|Slack Off|p2a: Hippowdon\n|-heal|p2a: Hippowdon|100/100 brn\n|move|p1a: Magcargo|Lava Plume|p2a: Hippowdon\n|-damage|p2a: Hippowdon|64/100 brn\n|\n|-damage|p2a: Hippowdon|58/100 brn|[from] brn\n|upkeep\n|turn|26\n|inactive|Time left: 300 sec this turn | 300 sec total\n|\n|t:|1783551151\n|switch|p2a: Furret|Furret, L94, M|47/100\n|-item|p1a: Magcargo|Heavy-Duty Boots|[from] ability: Frisk|[of] p2a: Furret\n|move|p1a: Magcargo|Lava Plume|p2a: Furret\n|-damage|p2a: Furret|9/100\n|-status|p2a: Furret|brn\n|\n|-damage|p2a: Furret|3/100 brn|[from] brn\n|upkeep\n|turn|27\n|inactive|Time left: 300 sec this turn | 300 sec total\n|\n|t:|1783551152\n|move|p2a: Furret|Knock Off|p1a: Magcargo\n|-damage|p1a: Magcargo|233/268\n|-enditem|p1a: Magcargo|Heavy-Duty Boots|[from] move: Knock Off|[of] p2a: Furret\n|move|p1a: Magcargo|Lava Plume|p2a: Furret\n|-damage|p2a: Furret|0 fnt\n|faint|p2a: Furret\n|\n|upkeep\n|\n|t:|1783551153\n|switch|p2a: Luxray|Luxray, L88, F|100/100\n|-ability|p2a: Luxray|Intimidate|boost\n|-unboost|p1a: Magcargo|atk|1\n|turn|28\n|inactive|Time left: 300 sec this turn | 300 sec total\n|\n|t:|1783551154\n|move|p2a: Luxray|Play Rough|p1a: Magcargo\n|-supereffective|p1a: Magcargo\n|-damage|p1a: Magcargo|125/268\n|-status|p2a: Luxray|brn|[from] ability: Flame Body|[of] p1a: Magcargo\n|move|p1a: Magcargo|Recover|p1a: Magcargo\n|-heal|p1a: Magcargo|259/268\n|\n|-damage|p2a: Luxray|95/100 brn|[from] brn\n|upkeep\n|turn|29\n|inactive|Time left: 300 sec this turn | 300 sec total\n|\n|t:|1783551155\n|switch|p1a: Alcremie|Alcremie-Caramel-Swirl, L90, F|263/263\n|-damage|p1a: Alcremie|231/263|[from] Stealth Rock\n|move|p2a: Luxray|Play Rough|p1a: Alcremie\n|-damage|p1a: Alcremie|186/263\n|\n|-heal|p1a: Alcremie|202/263|[from] item: Leftovers\n|-damage|p2a: Luxray|89/100 brn|[from] brn\n|upkeep\n|turn|30\n|inactive|Time left: 300 sec this turn | 300 sec total\n|\n|t:|1783551156\n|move|p2a: Luxray|Wild Charge|p1a: Alcremie\n|-damage|p1a: Alcremie|140/263\n|-damage|p2a: Luxray|83/100 brn|[from] Recoil\n|move|p1a: Alcremie|Calm Mind|p1a: Alcremie\n|-boost|p1a: Alcremie|spa|1\n|-boost|p1a: Alcremie|spd|1\n|\n|-heal|p1a: Alcremie|156/263|[from] item: Leftovers\n|-damage|p2a: Luxray|77/100 brn|[from] brn\n|upkeep\n|turn|31\n|inactive|Time left: 300 sec this turn | 300 sec total\n|\n|t:|1783551157\n|move|p2a: Luxray|Play Rough|p1a: Alcremie\n|-damage|p1a: Alcremie|110/263\n|move|p1a: Alcremie|Recover|p1a: Alcremie\n|-heal|p1a: Alcremie|242/263\n|\n|-heal|p1a: Alcremie|258/263|[from] item: Leftovers\n|-damage|p2a: Luxray|71/100 brn|[from] brn\n|upkeep\n|turn|32\n|inactive|Time left: 300 sec this turn | 300 sec total\n|\n|t:|1783551158\n|move|p2a: Luxray|Play Rough|p1a: Alcremie\n|-damage|p1a: Alcremie|218/263\n|-unboost|p1a: Alcremie|atk|1\n|move|p1a: Alcremie|Calm Mind|p1a: Alcremie\n|-boost|p1a: Alcremie|spa|1\n|-boost|p1a: Alcremie|spd|1\n|\n|-heal|p1a: Alcremie|234/263|[from] item: Leftovers\n|-damage|p2a: Luxray|65/100 brn|[from] brn\n|upkeep\n|turn|33\n|inactive|Time left: 300 sec this turn | 300 sec total\n|\n|t:|1783551159\n|move|p2a: Luxray|Wild Charge|p1a: Alcremie\n|-damage|p1a: Alcremie|163/263\n|-damage|p2a: Luxray|59/100 brn|[from] Recoil\n|move|p1a: Alcremie|Alluring Voice|p2a: Luxray\n|-damage|p2a: Luxray|3/100 brn\n|\n|-heal|p1a: Alcremie|179/263|[from] item: Leftovers\n|-damage|p2a: Luxray|0 fnt|[from] brn\n|faint|p2a: Luxray\n|upkeep\n|\n|t:|1783551160\n|switch|p2a: Hippowdon|Hippowdon, L82, F|58/100 brn\n|-weather|Sandstorm|[from] ability: Sand Stream|[of] p2a: Hippowdon\n|turn|34\n|inactive|Time left: 300 sec this turn | 300 sec total\n|\n|t:|1783551161\n|move|p1a: Alcremie|Alluring Voice|p2a: Hippowdon\n|-damage|p2a: Hippowdon|0 fnt\n|faint|p2a: Hippowdon\n|\n|win|p0x1029d4d7", "uploadtime": 1783551161, "views": 0, "rating": 0, "private": 0, "password": null, "_winner": "p0x1029d4d7", "_our_name": "p0x1029d4d7"}