{"id": "battle-gen9randombattle-1927", "formatid": "gen9randombattle", "format": "[Gen 9] Random Battle", "players": ["p0x1927339f", "p0y19279321"], "log": "|init|battle\n|title|p0x1927339f vs. p0y19279321\n|j|\u2606p0x1927339f\n|j|\u2606p0y19279321\n|t:|1783562293\n|gametype|singles\n|player|p1|p0x1927339f|2|\n|player|p2|p0y19279321|101|\n|gen|9\n|tier|[Gen 9] Random Battle\n|rule|Species Clause: Limit one of each Pok\u00e9mon\n|rule|HP Percentage Mod: HP is shown in percentages\n|rule|Sleep Clause Mod: Limit one foe put to sleep\n|rule|Illusion Level Mod: Illusion disguises the Pok\u00e9mon's true level\n|\n|t:|1783562293\n|teamsize|p1|6\n|teamsize|p2|6\n|start\n|switch|p1a: Greninja|Greninja, L80, M|246/246\n|switch|p2a: Dunsparce|Dunsparce, L86, M|100/100\n|turn|1\n|inactive|Battle timer is ON: inactive players will automatically lose when time's up. (requested by p0y19279321)\n|inactive|Time left: 300 sec this turn | 300 sec total | 60 sec grace\n|inactive|p0x1927339f also wants the timer to be on.\n|\n|t:|1783562294\n|switch|p1a: Magcargo|Magcargo, L95, F|268/268\n|move|p2a: Dunsparce|Body Slam|p1a: Magcargo\n|-resisted|p1a: Magcargo\n|-damage|p1a: Magcargo|242/268\n|-status|p1a: Magcargo|par\n|-ability|p1a: Magcargo|Weak Armor|boost\n|-unboost|p1a: Magcargo|def|1\n|-boost|p1a: Magcargo|spe|2\n|\n|upkeep\n|turn|2\n|inactive|Time left: 300 sec this turn | 300 sec total\n|\n|t:|1783562294\n|move|p2a: Dunsparce|Earthquake|p1a: Magcargo\n|-supereffective|p1a: Magcargo\n|-damage|p1a: Magcargo|0 fnt\n|faint|p1a: Magcargo\n|\n|upkeep\n|inactive|Time left: 300 sec this turn | 300 sec total | 5 sec grace\n|\n|t:|1783562295\n|switch|p1a: Ariados|Ariados, L95, F|287/287\n|turn|3\n|inactive|Time left: 300 sec this turn | 300 sec total\n|\n|t:|1783562296\n|move|p1a: Ariados|Sticky Web|p2a: Dunsparce\n|-sidestart|p2: p0y19279321|move: Sticky Web\n|move|p2a: Dunsparce|Coil|p2a: Dunsparce\n|-boost|p2a: Dunsparce|atk|1\n|-boost|p2a: Dunsparce|def|1\n|-boost|p2a: Dunsparce|accuracy|1\n|\n|upkeep\n|turn|4\n|inactive|Time left: 300 sec this turn | 300 sec total\n|\n|t:|1783562297\n|switch|p1a: Necrozma|Necrozma-Dawn-Wings, L76|272/272\n|move|p2a: Dunsparce|Coil|p2a: Dunsparce\n|-boost|p2a: Dunsparce|atk|1\n|-boost|p2a: Dunsparce|def|1\n|-boost|p2a: Dunsparce|accuracy|1\n|\n|upkeep\n|turn|5\n|inactive|Time left: 300 sec this turn | 300 sec total\n|\n|t:|1783562298\n|move|p1a: Necrozma|Dragon Dance|p1a: Necrozma\n|-boost|p1a: Necrozma|atk|1\n|-boost|p1a: Necrozma|spe|1\n|move|p2a: Dunsparce|Earthquake|p1a: Necrozma\n|-damage|p1a: Necrozma|167/272\n|\n|upkeep\n|turn|6\n|inactive|Time left: 300 sec this turn | 300 sec total\n|\n|t:|1783562299\n|move|p1a: Necrozma|Dragon Dance|p1a: Necrozma\n|-boost|p1a: Necrozma|atk|1\n|-boost|p1a: Necrozma|spe|1\n|move|p2a: Dunsparce|Earthquake|p1a: Necrozma\n|-damage|p1a: Necrozma|66/272\n|\n|upkeep\n|turn|7\n|inactive|Time left: 300 sec this turn | 300 sec total\n|\n|t:|1783562301\n|move|p1a: Necrozma|Brick Break|p2a: Dunsparce\n|-supereffective|p2a: Dunsparce\n|-damage|p2a: Dunsparce|67/100\n|-damage|p1a: Necrozma|39/272|[from] item: Life Orb\n|move|p2a: Dunsparce|Earthquake|p1a: Necrozma\n|-damage|p1a: Necrozma|0 fnt\n|faint|p1a: Necrozma\n|\n|upkeep\n|inactive|Time left: 300 sec this turn | 300 sec total | 5 sec grace\n|\n|t:|1783562302\n|switch|p1a: Slowbro|Slowbro, L85, F|300/300\n|turn|8\n|inactive|Time left: 300 sec this turn | 300 sec total\n|\n|t:|1783562303\n|move|p2a: Dunsparce|Body Slam|p1a: Slowbro\n|-damage|p1a: Slowbro|185/300\n|-status|p1a: Slowbro|par\n|move|p1a: Slowbro|Iron Defense|p1a: Slowbro\n|-boost|p1a: Slowbro|def|2\n|\n|-heal|p1a: Slowbro|203/300 par|[from] item: Leftovers\n|upkeep\n|turn|9\n|inactive|Time left: 300 sec this turn | 300 sec total\n|\n|t:|1783562304\n|move|p2a: Dunsparce|Roost|p2a: Dunsparce\n|-heal|p2a: Dunsparce|100/100\n|-singleturn|p2a: Dunsparce|move: Roost\n|move|p1a: Slowbro|Scald|p2a: Dunsparce\n|-damage|p2a: Dunsparce|77/100\n|-status|p2a: Dunsparce|brn\n|\n|-heal|p1a: Slowbro|221/300 par|[from] item: Leftovers\n|-damage|p2a: Dunsparce|71/100 brn|[from] brn\n|upkeep\n|turn|10\n|inactive|Time left: 300 sec this turn | 300 sec total\n|\n|t:|1783562305\n|move|p2a: Dunsparce|Coil|p2a: Dunsparce\n|-boost|p2a: Dunsparce|atk|1\n|-boost|p2a: Dunsparce|def|1\n|-boost|p2a: Dunsparce|accuracy|1\n|cant|p1a: Slowbro|par\n|\n|-heal|p1a: Slowbro|239/300 par|[from] item: Leftovers\n|-damage|p2a: Dunsparce|65/100 brn|[from] brn\n|upkeep\n|turn|11\n|inactive|Time left: 300 sec this turn | 300 sec total\n|\n|t:|1783562306\n|move|p2a: Dunsparce|Roost|p2a: Dunsparce\n|-heal|p2a: Dunsparce|100/100 brn\n|-singleturn|p2a: Dunsparce|move: Roost\n|move|p1a: Slowbro|Scald|p2a: Dunsparce\n|-damage|p2a: Dunsparce|78/100 brn\n|\n|-heal|p1a: Slowbro|257/300 par|[from] item: Leftovers\n|-damage|p2a: Dunsparce|72/100 brn|[from] brn\n|upkeep\n|turn|12\n|inactive|Time left: 300 sec this turn | 300 sec total\n|\n|t:|1783562308\n|move|p2a: Dunsparce|Coil|p2a: Dunsparce\n|-boost|p2a: Dunsparce|atk|1\n|-boost|p2a: Dunsparce|def|1\n|-boost|p2a: Dunsparce|accuracy|1\n|move|p1a: Slowbro|Body Press|p2a: Dunsparce\n|-supereffective|p2a: Dunsparce\n|-damage|p2a: Dunsparce|49/100 brn\n|\n|-heal|p1a: Slowbro|275/300 par|[from] item: Leftovers\n|-damage|p2a: Dunsparce|43/100 brn|[from] brn\n|upkeep\n|turn|13\n|inactive|Time left: 300 sec this turn | 300 sec total\n|\n|t:|1783562309\n|move|p2a: Dunsparce|Roost|p2a: Dunsparce\n|-heal|p2a: Dunsparce|93/100 brn\n|-singleturn|p2a: Dunsparce|move: Roost\n|cant|p1a: Slowbro|par\n|\n|-heal|p1a: Slowbro|293/300 par|[from] item: Leftovers\n|-damage|p2a: Dunsparce|87/100 brn|[from] brn\n|upkeep\n|turn|14\n|inactive|Time left: 300 sec this turn | 300 sec total\n|\n|t:|1783562310\n|move|p2a: Dunsparce|Roost|p2a: Dunsparce\n|-heal|p2a: Dunsparce|100/100 brn\n|-singleturn|p2a: Dunsparce|move: Roost\n|cant|p1a: Slowbro|par\n|\n|-heal|p1a: Slowbro|300/300 par|[from] item: Leftovers\n|-damage|p2a: Dunsparce|94/100 brn|[from] brn\n|upkeep\n|turn|15\n|inactive|Time left: 300 sec this turn | 300 sec total\n|\n|t:|1783562311\n|move|p2a: Dunsparce|Coil|p2a: Dunsparce\n|-boost|p2a: Dunsparce|atk|1\n|-boost|p2a: Dunsparce|def|1\n|-boost|p2a: Dunsparce|accuracy|1\n|cant|p1a: Slowbro|par\n|\n|-damage|p2a: Dunsparce|88/100 brn|[from] brn\n|upkeep\n|turn|16\n|inactive|Time left: 300 sec this turn | 300 sec total\n|\n|t:|1783562312\n|move|p2a: Dunsparce|Body Slam|p1a: Slowbro\n|-damage|p1a: Slowbro|245/300 par\n|move|p1a: Slowbro|Scald|p2a: Dunsparce\n|-damage|p2a: Dunsparce|63/100 brn\n|\n|-heal|p1a: Slowbro|263/300 par|[from] item: Leftovers\n|-damage|p2a: Dunsparce|57/100 brn|[from] brn\n|upkeep\n|turn|17\n|inactive|Time left: 300 sec this turn | 300 sec total\n|\n|t:|1783562314\n|move|p2a: Dunsparce|Roost|p2a: Dunsparce\n|-heal|p2a: Dunsparce|100/100 brn\n|-singleturn|p2a: Dunsparce|move: Roost\n|move|p1a: Slowbro|Iron Defense|p1a: Slowbro\n|-boost|p1a: Slowbro|def|2\n|\n|-heal|p1a: Slowbro|281/300 par|[from] item: Leftovers\n|-damage|p2a: Dunsparce|94/100 brn|[from] brn\n|upkeep\n|turn|18\n|inactive|Time left: 300 sec this turn | 300 sec total\n|\n|t:|1783562315\n|move|p2a: Dunsparce|Body Slam|p1a: Slowbro\n|-damage|p1a: Slowbro|244/300 par\n|move|p1a: Slowbro|Scald|p2a: Dunsparce\n|-damage|p2a: Dunsparce|69/100 brn\n|\n|-heal|p1a: Slowbro|262/300 par|[from] item: Leftovers\n|-damage|p2a: Dunsparce|63/100 brn|[from] brn\n|upkeep\n|turn|19\n|inactive|Time left: 300 sec this turn | 300 sec total\n|\n|t:|1783562316\n|move|p2a: Dunsparce|Roost|p2a: Dunsparce\n|-heal|p2a: Dunsparce|100/100 brn\n|-singleturn|p2a: Dunsparce|move: Roost\n|move|p1a: Slowbro|Body Press|p2a: Dunsparce\n|-supereffective|p2a: Dunsparce\n|-damage|p2a: Dunsparce|74/100 brn\n|\n|-heal|p1a: Slowbro|280/300 par|[from] item: Leftovers\n|-damage|p2a: Dunsparce|67/100 brn|[from] brn\n|upkeep\n|turn|20\n|inactive|Time left: 300 sec this turn | 300 sec total\n|\n|t:|1783562317\n|move|p2a: Dunsparce|Roost|p2a: Dunsparce\n|-heal|p2a: Dunsparce|100/100 brn\n|-singleturn|p2a: Dunsparce|move: Roost\n|move|p1a: Slowbro|Iron Defense|p1a: Slowbro\n|-boost|p1a: Slowbro|def|2\n|\n|-heal|p1a: Slowbro|298/300 par|[from] item: Leftovers\n|-damage|p2a: Dunsparce|94/100 brn|[from] brn\n|upkeep\n|turn|21\n|inactive|Time left: 300 sec this turn | 300 sec total\n|\n|t:|1783562318\n|move|p2a: Dunsparce|Coil|p2a: Dunsparce\n|-boost|p2a: Dunsparce|atk|1\n|-boost|p2a: Dunsparce|def|1\n|-boost|p2a: Dunsparce|accuracy|1\n|move|p1a: Slowbro|Body Press|p2a: Dunsparce\n|-supereffective|p2a: Dunsparce\n|-damage|p2a: Dunsparce|62/100 brn\n|\n|-heal|p1a: Slowbro|300/300 par|[from] item: Leftovers\n|-damage|p2a: Dunsparce|56/100 brn|[from] brn\n|upkeep\n|turn|22\n|inactive|Time left: 300 sec this turn | 300 sec total\n|\n|t:|1783562320\n|move|p2a: Dunsparce|Roost|p2a: Dunsparce\n|-heal|p2a: Dunsparce|100/100 brn\n|-singleturn|p2a: Dunsparce|move: Roost\n|cant|p1a: Slowbro|par\n|\n|-damage|p2a: Dunsparce|94/100 brn|[from] brn\n|upkeep\n|turn|23\n|inactive|Time left: 300 sec this turn | 300 sec total\n|\n|t:|1783562321\n|move|p2a: Dunsparce|Body Slam|p1a: Slowbro\n|-damage|p1a: Slowbro|266/300 par\n|move|p1a: Slowbro|Body Press|p2a: Dunsparce\n|-supereffective|p2a: Dunsparce\n|-damage|p2a: Dunsparce|61/100 brn\n|\n|-heal|p1a: Slowbro|284/300 par|[from] item: Leftovers\n|-damage|p2a: Dunsparce|55/100 brn|[from] brn\n|upkeep\n|turn|24\n|inactive|Time left: 300 sec this turn | 300 sec total\n|\n|t:|1783562322\n|move|p2a: Dunsparce|Earthquake|p1a: Slowbro\n|-damage|p1a: Slowbro|262/300 par\n|move|p1a: Slowbro|Scald|p2a: Dunsparce\n|-damage|p2a: Dunsparce|33/100 brn\n|\n|-heal|p1a: Slowbro|280/300 par|[from] item: Leftovers\n|-damage|p2a: Dunsparce|27/100 brn|[from] brn\n|upkeep\n|turn|25\n|inactive|Time left: 300 sec this turn | 300 sec total\n|\n|t:|1783562323\n|move|p2a: Dunsparce|Body Slam|p1a: Slowbro\n|-damage|p1a: Slowbro|247/300 par\n|cant|p1a: Slowbro|par\n|\n|-heal|p1a: Slowbro|265/300 par|[from] item: Leftovers\n|-damage|p2a: Dunsparce|21/100 brn|[from] brn\n|upkeep\n|turn|26\n|inactive|Time left: 300 sec this turn | 300 sec total\n|\n|t:|1783562325\n|move|p2a: Dunsparce|Body Slam|p1a: Slowbro\n|-damage|p1a: Slowbro|234/300 par\n|move|p1a: Slowbro|Body Press|p2a: Dunsparce\n|-supereffective|p2a: Dunsparce\n|-damage|p2a: Dunsparce|0 fnt\n|faint|p2a: Dunsparce\n|\n|-heal|p1a: Slowbro|252/300 par|[from] item: Leftovers\n|upkeep\n|\n|t:|1783562326\n|switch|p2a: Lurantis|Lurantis, L87, M|100/100\n|-activate|p2a: Lurantis|move: Sticky Web\n|-boost|p2a: Lurantis|spe|1\n|turn|27\n|inactive|Time left: 300 sec this turn | 300 sec total\n|\n|t:|1783562327\n|-terastallize|p1a: Slowbro|Fighting\n|move|p2a: Lurantis|Leaf Storm|p1a: Slowbro\n|-damage|p1a: Slowbro|129/300 par\n|-boost|p2a: Lurantis|spa|2\n|move|p1a: Slowbro|Body Press|p2a: Lurantis\n|-damage|p2a: Lurantis|0 fnt\n|faint|p2a: Lurantis\n|\n|-heal|p1a: Slowbro|147/300 par|[from] item: Leftovers\n|upkeep\n|\n|t:|1783562328\n|switch|p2a: Charizard|Charizard, L85, F|100/100\n|turn|28\n|inactive|Time left: 300 sec this turn | 300 sec total\n|\n|t:|1783562330\n|move|p2a: Charizard|Hurricane|p1a: Slowbro\n|-supereffective|p1a: Slowbro\n|-damage|p1a: Slowbro|0 fnt\n|faint|p1a: Slowbro\n|\n|upkeep\n|inactive|Time left: 300 sec this turn | 300 sec total | 5 sec grace\n|\n|t:|1783562331\n|switch|p1a: Greninja|Greninja, L80, M|246/246\n|turn|29\n|inactive|Time left: 300 sec this turn | 300 sec total\n|\n|t:|1783562332\n|-terastallize|p2a: Charizard|Dragon\n|move|p1a: Greninja|Hydro Pump|p2a: Charizard\n|-resisted|p2a: Charizard\n|-damage|p2a: Charizard|73/100\n|-damage|p1a: Greninja|222/246|[from] item: Life Orb\n|move|p2a: Charizard|Focus Blast|p1a: Greninja\n|-supereffective|p1a: Greninja\n|-damage|p1a: Greninja|0 fnt\n|faint|p1a: Greninja\n|\n|upkeep\n|inactive|Time left: 300 sec this turn | 300 sec total | 5 sec grace\n|\n|t:|1783562333\n|switch|p1a: Ariados|Ariados, L95, F|287/287\n|turn|30\n|inactive|Time left: 300 sec this turn | 300 sec total\n|\n|t:|1783562334\n|move|p2a: Charizard|Flamethrower|p1a: Ariados\n|-supereffective|p1a: Ariados\n|-damage|p1a: Ariados|75/287\n|move|p1a: Ariados|Megahorn|p2a: Charizard\n|-damage|p2a: Charizard|17/100\n|\n|upkeep\n|turn|31\n|inactive|Time left: 300 sec this turn | 300 sec total\n|\n|t:|1783562336\n|move|p1a: Ariados|Sucker Punch|p2a: Charizard\n|-damage|p2a: Charizard|0 fnt\n|faint|p2a: Charizard\n|\n|upkeep\n|\n|t:|1783562336\n|switch|p2a: Morpeko|Morpeko, L88, F|100/100\n|turn|32\n|inactive|Time left: 300 sec this turn | 300 sec total\n|\n|t:|1783562337\n|move|p2a: Morpeko|Aura Wheel|p1a: Ariados\n|-damage|p1a: Ariados|0 fnt\n|-boost|p2a: Morpeko|spe|1\n|faint|p1a: Ariados\n|\n|-formechange|p2a: Morpeko|Morpeko-Hangry||[from] ability: Hunger Switch\n|upkeep\n|inactive|Time left: 300 sec this turn | 300 sec total | 5 sec grace\n|\n|t:|1783562338\n|switch|p1a: Persian|Persian-Alola, L86, M|252/252\n|turn|33\n|inactive|Time left: 300 sec this turn | 300 sec total\n|\n|t:|1783562339\n|move|p2a: Morpeko|Rapid Spin|p1a: Persian\n|-damage|p1a: Persian|226/252\n|-boost|p2a: Morpeko|spe|1\n|-sideend|p2: p0y19279321|Sticky Web|[from] move: Rapid Spin|[of] p2a: Morpeko\n|move|p1a: Persian|Nasty Plot|p1a: Persian\n|-boost|p1a: Persian|spa|2\n|\n|-formechange|p2a: Morpeko|Morpeko||[from] ability: Hunger Switch\n|upkeep\n|turn|34\n|inactive|Time left: 300 sec this turn | 300 sec total\n|\n|t:|1783562340\n|move|p2a: Morpeko|Aura Wheel|p1a: Persian\n|-damage|p1a: Persian|138/252\n|-boost|p2a: Morpeko|spe|1\n|move|p1a: Persian|Nasty Plot|p1a: Persian\n|-boost|p1a: Persian|spa|2\n|\n|-formechange|p2a: Morpeko|Morpeko-Hangry||[from] ability: Hunger Switch\n|upkeep\n|turn|35\n|inactive|Time left: 300 sec this turn | 300 sec total\n|\n|t:|1783562341\n|move|p2a: Morpeko|Aura Wheel|p1a: Persian\n|-resisted|p1a: Persian\n|-damage|p1a: Persian|99/252\n|-boost|p2a: Morpeko|spe|1\n|move|p1a: Persian|Tera Blast|p2a: Morpeko\n|-damage|p2a: Morpeko|3/100\n|-damage|p1a: Persian|74/252|[from] item: Life Orb\n|\n|-formechange|p2a: Morpeko|Morpeko||[from] ability: Hunger Switch\n|upkeep\n|turn|36\n|inactive|Time left: 300 sec this turn | 300 sec total\n|\n|t:|1783562341\n|move|p2a: Morpeko|Aura Wheel|p1a: Persian\n|-damage|p1a: Persian|0 fnt\n|-boost|p2a: Morpeko|spe|1\n|faint|p1a: Persian\n|\n|win|p0y19279321", "uploadtime": 1783562341, "views": 0, "rating": 0, "private": 0, "password": null, "_winner": "p0y19279321", "_our_name": "p0x1927339f"}