{"id": "battle-gen9randombattle-2479", "formatid": "gen9randombattle", "format": "[Gen 9] Random Battle", "players": ["p0x2479a0ec", "p0y247964cc"], "log": "|init|battle\n|title|p0x2479a0ec vs. p0y247964cc\n|j|\u2606p0x2479a0ec\n|j|\u2606p0y247964cc\n|t:|1783568741\n|gametype|singles\n|player|p1|p0x2479a0ec|2|\n|player|p2|p0y247964cc|1|\n|gen|9\n|tier|[Gen 9] Random Battle\n|rule|Species Clause: Limit one of each Pok\u00e9mon\n|rule|HP Percentage Mod: HP is shown in percentages\n|rule|Sleep Clause Mod: Limit one foe put to sleep\n|rule|Illusion Level Mod: Illusion disguises the Pok\u00e9mon's true level\n|\n|t:|1783568741\n|teamsize|p1|6\n|teamsize|p2|6\n|start\n|switch|p1a: Terapagos|Terapagos, L77, M|265/265\n|switch|p2a: Minior|Minior-Violet, L79|100/100\n|-activate|p1a: Terapagos|ability: Tera Shift\n|detailschange|p1a: Terapagos|Terapagos-Terastal, L77, M\n|-heal|p1a: Terapagos|273/273|[silent]\n|-formechange|p2a: Minior|Minior-Meteor||[from] ability: Shields Down\n|turn|1\n|inactive|Battle timer is ON: inactive players will automatically lose when time's up. (requested by p0x2479a0ec)\n|inactive|p0y247964cc also wants the timer to be on.\n|\n|t:|1783568743\n|move|p1a: Terapagos|Calm Mind|p1a: Terapagos\n|-boost|p1a: Terapagos|spa|1\n|-boost|p1a: Terapagos|spd|1\n|move|p2a: Minior|Shell Smash|p2a: Minior\n|-unboost|p2a: Minior|def|1\n|-unboost|p2a: Minior|spd|1\n|-boost|p2a: Minior|atk|2\n|-boost|p2a: Minior|spa|2\n|-boost|p2a: Minior|spe|2\n|-enditem|p2a: Minior|White Herb\n|-clearnegativeboost|p2a: Minior|[silent]\n|\n|upkeep\n|turn|2\n|inactive|Time left: 300 sec this turn | 300 sec total\n|\n|t:|1783568744\n|move|p2a: Minior|Acrobatics|p1a: Terapagos\n|-activate|p1a: Terapagos|ability: Tera Shell\n|-resisted|p1a: Terapagos\n|-damage|p1a: Terapagos|209/273\n|move|p1a: Terapagos|Dark Pulse|p2a: Minior\n|-damage|p2a: Minior|68/100\n|\n|upkeep\n|turn|3\n|inactive|Time left: 300 sec this turn | 300 sec total\n|\n|t:|1783568745\n|move|p2a: Minior|Acrobatics|p1a: Terapagos\n|-damage|p1a: Terapagos|71/273\n|move|p1a: Terapagos|Rest|p1a: Terapagos\n|-status|p1a: Terapagos|slp|[from] move: Rest\n|-heal|p1a: Terapagos|273/273 slp|[silent]\n|-enditem|p1a: Terapagos|Chesto Berry|[eat]\n|-curestatus|p1a: Terapagos|slp|[msg]\n|\n|upkeep\n|turn|4\n|inactive|Time left: 300 sec this turn | 300 sec total\n|\n|t:|1783568746\n|move|p2a: Minior|Acrobatics|p1a: Terapagos\n|-activate|p1a: Terapagos|ability: Tera Shell\n|-resisted|p1a: Terapagos\n|-damage|p1a: Terapagos|204/273\n|move|p1a: Terapagos|Tera Starstorm|p2a: Minior\n|-resisted|p2a: Minior\n|-damage|p2a: Minior|34/100\n|\n|-formechange|p2a: Minior|Minior-Violet||[from] ability: Shields Down\n|upkeep\n|turn|5\n|inactive|Time left: 300 sec this turn | 300 sec total\n|\n|t:|1783568747\n|move|p2a: Minior|Acrobatics|p1a: Terapagos\n|-damage|p1a: Terapagos|3/273\n|move|p1a: Terapagos|Dark Pulse|p2a: Minior\n|-damage|p2a: Minior|0 fnt\n|faint|p2a: Minior\n|\n|upkeep\n|\n|t:|1783568748\n|switch|p2a: Ninetales|Ninetales-Alola, L78, F|100/100\n|-weather|Snowscape|[from] ability: Snow Warning|[of] p2a: Ninetales\n|turn|6\n|inactive|Time left: 300 sec this turn | 300 sec total\n|\n|t:|1783568748\n|move|p2a: Ninetales|Moonblast|p1a: Terapagos\n|-damage|p1a: Terapagos|0 fnt\n|faint|p1a: Terapagos\n|\n|-weather|Snowscape|[upkeep]\n|upkeep\n|inactive|Time left: 300 sec this turn | 300 sec total | 5 sec grace\n|\n|t:|1783568749\n|switch|p1a: Polteageist|Polteageist, L78|222/222\n|turn|7\n|inactive|Time left: 300 sec this turn | 300 sec total\n|\n|t:|1783568750\n|move|p2a: Ninetales|Aurora Veil|p2a: Ninetales\n|-sidestart|p2: p0y247964cc|move: Aurora Veil\n|move|p1a: Polteageist|Shell Smash|p1a: Polteageist\n|-unboost|p1a: Polteageist|def|1\n|-unboost|p1a: Polteageist|spd|1\n|-boost|p1a: Polteageist|atk|2\n|-boost|p1a: Polteageist|spa|2\n|-boost|p1a: Polteageist|spe|2\n|-enditem|p1a: Polteageist|White Herb\n|-clearnegativeboost|p1a: Polteageist|[silent]\n|\n|-weather|Snowscape|[upkeep]\n|upkeep\n|turn|8\n|inactive|Time left: 300 sec this turn | 300 sec total\n|\n|t:|1783568751\n|switch|p2a: Lurantis|Lurantis, L87, F|100/100\n|move|p1a: Polteageist|Stored Power|p2a: Lurantis\n|-damage|p2a: Lurantis|62/100\n|\n|-weather|Snowscape|[upkeep]\n|-heal|p2a: Lurantis|68/100|[from] item: Leftovers\n|upkeep\n|turn|9\n|inactive|Time left: 300 sec this turn | 300 sec total\n|\n|t:|1783568752\n|move|p1a: Polteageist|Stored Power|p2a: Lurantis\n|-damage|p2a: Lurantis|26/100\n|move|p2a: Lurantis|Leaf Storm|p1a: Polteageist\n|-damage|p1a: Polteageist|114/222\n|-boost|p2a: Lurantis|spa|2\n|-start|p2a: Lurantis|Disable|Leaf Storm|[from] ability: Cursed Body|[of] p1a: Polteageist\n|\n|-weather|Snowscape|[upkeep]\n|-heal|p2a: Lurantis|32/100|[from] item: Leftovers\n|upkeep\n|turn|10\n|inactive|Time left: 300 sec this turn | 300 sec total\n|\n|t:|1783568752\n|move|p1a: Polteageist|Stored Power|p2a: Lurantis\n|-damage|p2a: Lurantis|0 fnt\n|faint|p2a: Lurantis\n|\n|-weather|none\n|upkeep\n|\n|t:|1783568753\n|switch|p2a: Gengar|Gengar, L81, F|100/100\n|turn|11\n|inactive|Time left: 300 sec this turn | 300 sec total\n|\n|t:|1783568754\n|-terastallize|p2a: Gengar|Dark\n|move|p1a: Polteageist|Stored Power|p2a: Gengar\n|-immune|p2a: Gengar\n|move|p2a: Gengar|Shadow Ball|p1a: Polteageist\n|-supereffective|p1a: Polteageist\n|-damage|p1a: Polteageist|0 fnt\n|-start|p2a: Gengar|Disable|Shadow Ball|[from] ability: Cursed Body|[of] p1a: Polteageist\n|faint|p1a: Polteageist\n|\n|upkeep\n|inactive|Time left: 300 sec this turn | 300 sec total | 5 sec grace\n|\n|t:|1783568755\n|switch|p1a: Masquerain|Masquerain, L87, M|264/264\n|-ability|p1a: Masquerain|Intimidate|boost\n|-unboost|p2a: Gengar|atk|1\n|turn|12\n|inactive|Time left: 300 sec this turn | 300 sec total\n|\n|t:|1783568756\n|switch|p2a: Oricorio|Oricorio-Pom-Pom, L82, M|100/100\n|move|p1a: Masquerain|Quiver Dance|p1a: Masquerain\n|-boost|p1a: Masquerain|spa|1\n|-boost|p1a: Masquerain|spd|1\n|-boost|p1a: Masquerain|spe|1\n|-activate|p2a: Oricorio|ability: Dancer\n|move|p2a: Oricorio|Quiver Dance|p2a: Oricorio|[from] ability: Dancer\n|-boost|p2a: Oricorio|spa|1\n|-boost|p2a: Oricorio|spd|1\n|-boost|p2a: Oricorio|spe|1\n|\n|upkeep\n|turn|13\n|inactive|Time left: 300 sec this turn | 300 sec total\n|\n|t:|1783568757\n|switch|p1a: Mamoswine|Mamoswine, L81, F|311/311\n|move|p2a: Oricorio|Revelation Dance|p1a: Mamoswine\n|-immune|p1a: Mamoswine\n|\n|upkeep\n|turn|14\n|inactive|Time left: 300 sec this turn | 300 sec total\n|\n|t:|1783568758\n|move|p2a: Oricorio|Hurricane|p1a: Mamoswine|[miss]\n|-miss|p2a: Oricorio|p1a: Mamoswine\n|move|p1a: Mamoswine|Icicle Crash|p2a: Oricorio\n|-supereffective|p2a: Oricorio\n|-damage|p2a: Oricorio|41/100\n|-damage|p1a: Mamoswine|280/311|[from] item: Life Orb\n|\n|-sideend|p2: p0y247964cc|move: Aurora Veil\n|upkeep\n|turn|15\n|inactive|Time left: 300 sec this turn | 300 sec total\n|\n|t:|1783568759\n|switch|p2a: Ninetales|Ninetales-Alola, L78, F|100/100\n|-weather|Snowscape|[from] ability: Snow Warning|[of] p2a: Ninetales\n|move|p1a: Mamoswine|Ice Shard|p2a: Ninetales\n|-resisted|p2a: Ninetales\n|-damage|p2a: Ninetales|91/100\n|-damage|p1a: Mamoswine|249/311|[from] item: Life Orb\n|\n|-weather|Snowscape|[upkeep]\n|upkeep\n|turn|16\n|inactive|Time left: 300 sec this turn | 300 sec total\n|\n|t:|1783568760\n|move|p2a: Ninetales|Aurora Veil|p2a: Ninetales\n|-sidestart|p2: p0y247964cc|move: Aurora Veil\n|move|p1a: Mamoswine|Earthquake|p2a: Ninetales\n|-damage|p2a: Ninetales|65/100\n|-damage|p1a: Mamoswine|218/311|[from] item: Life Orb\n|\n|-weather|Snowscape|[upkeep]\n|upkeep\n|turn|17\n|inactive|Time left: 300 sec this turn | 300 sec total\n|\n|t:|1783568761\n|move|p2a: Ninetales|Moonblast|p1a: Mamoswine\n|-damage|p1a: Mamoswine|119/311\n|move|p1a: Mamoswine|Stealth Rock|p2a: Ninetales\n|-sidestart|p2: p0y247964cc|move: Stealth Rock\n|\n|-weather|Snowscape|[upkeep]\n|upkeep\n|turn|18\n|inactive|Time left: 300 sec this turn | 300 sec total\n|\n|t:|1783568762\n|switch|p1a: Masquerain|Masquerain, L87, M|264/264\n|-ability|p1a: Masquerain|Intimidate|boost\n|-unboost|p2a: Ninetales|atk|1\n|move|p2a: Ninetales|Blizzard|p1a: Masquerain\n|-supereffective|p1a: Masquerain\n|-damage|p1a: Masquerain|66/264\n|\n|-weather|Snowscape|[upkeep]\n|upkeep\n|turn|19\n|inactive|Time left: 300 sec this turn | 300 sec total\n|\n|t:|1783568763\n|switch|p1a: Mamoswine|Mamoswine, L81, F|119/311\n|move|p2a: Ninetales|Moonblast|p1a: Mamoswine\n|-damage|p1a: Mamoswine|7/311\n|\n|-weather|none\n|upkeep\n|turn|20\n|inactive|Time left: 300 sec this turn | 300 sec total\n|\n|t:|1783568764\n|switch|p2a: Oricorio|Oricorio-Pom-Pom, L82, M|41/100\n|move|p1a: Mamoswine|Icicle Crash|p2a: Oricorio\n|-supereffective|p2a: Oricorio\n|-damage|p2a: Oricorio|0 fnt\n|faint|p2a: Oricorio\n|-damage|p1a: Mamoswine|0 fnt|[from] item: Life Orb\n|faint|p1a: Mamoswine\n|\n|upkeep\n|inactive|Time left: 300 sec this turn | 300 sec total | 5 sec grace\n|\n|t:|1783568765\n|switch|p2a: Gengar|Gengar, L81, F, tera:Dark|100/100\n|switch|p1a: Zapdos|Zapdos, L78|268/268\n|-damage|p2a: Gengar|88/100|[from] Stealth Rock\n|turn|21\n|inactive|Time left: 300 sec this turn | 300 sec total\n|\n|t:|1783568766\n|move|p2a: Gengar|Shadow Ball|p1a: Zapdos\n|-damage|p1a: Zapdos|105/268\n|move|p1a: Zapdos|Roost|p1a: Zapdos\n|-heal|p1a: Zapdos|239/268\n|-singleturn|p1a: Zapdos|move: Roost\n|\n|upkeep\n|turn|22\n|inactive|Time left: 300 sec this turn | 300 sec total\n|\n|t:|1783568768\n|move|p2a: Gengar|Shadow Ball|p1a: Zapdos\n|-damage|p1a: Zapdos|82/268\n|-unboost|p1a: Zapdos|spd|1\n|move|p1a: Zapdos|Roost|p1a: Zapdos\n|-heal|p1a: Zapdos|216/268\n|-singleturn|p1a: Zapdos|move: Roost\n|\n|upkeep\n|turn|23\n|inactive|Time left: 300 sec this turn | 300 sec total\n|\n|t:|1783568769\n|switch|p1a: Masquerain|Masquerain, L87, M|66/264\n|-ability|p1a: Masquerain|Intimidate|boost\n|-unboost|p2a: Gengar|atk|1\n|move|p2a: Gengar|Shadow Ball|p1a: Masquerain\n|-damage|p1a: Masquerain|0 fnt\n|faint|p1a: Masquerain\n|\n|-sideend|p2: p0y247964cc|move: Aurora Veil\n|upkeep\n|inactive|Time left: 300 sec this turn | 300 sec total | 5 sec grace\n|\n|t:|1783568770\n|switch|p1a: Zapdos|Zapdos, L78|216/268\n|turn|24\n|inactive|Time left: 300 sec this turn | 300 sec total\n|\n|t:|1783568771\n|move|p2a: Gengar|Shadow Ball|p1a: Zapdos\n|-damage|p1a: Zapdos|66/268\n|-unboost|p1a: Zapdos|spd|1\n|move|p1a: Zapdos|Roost|p1a: Zapdos\n|-heal|p1a: Zapdos|200/268\n|-singleturn|p1a: Zapdos|move: Roost\n|\n|upkeep\n|turn|25\n|inactive|Time left: 300 sec this turn | 300 sec total\n|\n|t:|1783568772\n|switch|p1a: Froslass|Froslass, L87, F|263/263\n|move|p2a: Gengar|Shadow Ball|p1a: Froslass\n|-supereffective|p1a: Froslass\n|-damage|p1a: Froslass|0 fnt\n|faint|p1a: Froslass\n|\n|upkeep\n|inactive|Time left: 300 sec this turn | 300 sec total | 5 sec grace\n|\n|t:|1783568773\n|switch|p1a: Zapdos|Zapdos, L78|200/268\n|turn|26\n|inactive|Time left: 300 sec this turn | 300 sec total\n|\n|t:|1783568774\n|move|p2a: Gengar|Shadow Ball|p1a: Zapdos\n|-damage|p1a: Zapdos|31/268\n|-unboost|p1a: Zapdos|spd|1\n|move|p1a: Zapdos|Roost|p1a: Zapdos\n|-heal|p1a: Zapdos|165/268\n|-singleturn|p1a: Zapdos|move: Roost\n|\n|upkeep\n|turn|27\n|inactive|Time left: 300 sec this turn | 300 sec total\n|\n|t:|1783568775\n|move|p2a: Gengar|Shadow Ball|p1a: Zapdos\n|-damage|p1a: Zapdos|0 fnt\n|faint|p1a: Zapdos\n|\n|win|p0y247964cc", "uploadtime": 1783568775, "views": 0, "rating": 0, "private": 0, "password": null, "_winner": "p0y247964cc", "_our_name": "p0x2479a0ec"}