{"id": "battle-gen9randombattle-1584", "formatid": "gen9randombattle", "format": "[Gen 9] Random Battle", "players": ["p0x158494da", "p0y15847d7e"], "log": "|init|battle\n|title|p0x158494da vs. p0y15847d7e\n|j|\u2606p0x158494da\n|j|\u2606p0y15847d7e\n|t:|1783557548\n|gametype|singles\n|player|p1|p0x158494da|170|\n|player|p2|p0y15847d7e|101|\n|gen|9\n|tier|[Gen 9] Random Battle\n|rule|Species Clause: Limit one of each Pok\u00e9mon\n|rule|HP Percentage Mod: HP is shown in percentages\n|rule|Sleep Clause Mod: Limit one foe put to sleep\n|rule|Illusion Level Mod: Illusion disguises the Pok\u00e9mon's true level\n|\n|t:|1783557548\n|teamsize|p1|6\n|teamsize|p2|6\n|start\n|switch|p1a: Quaquaval|Quaquaval, L79, M|264/264\n|switch|p2a: Palafin|Palafin, L77, M|100/100\n|turn|1\n|inactive|Battle timer is ON: inactive players will automatically lose when time's up. (requested by p0y15847d7e)\n|inactive|Time left: 300 sec this turn | 300 sec total | 60 sec grace\n|inactive|p0x158494da also wants the timer to be on.\n|\n|t:|1783557549\n|move|p2a: Palafin|Bulk Up|p2a: Palafin\n|-boost|p2a: Palafin|atk|1\n|-boost|p2a: Palafin|def|1\n|move|p1a: Quaquaval|Close Combat|p2a: Palafin\n|-damage|p2a: Palafin|46/100\n|-unboost|p1a: Quaquaval|def|1\n|-unboost|p1a: Quaquaval|spd|1\n|\n|-heal|p2a: Palafin|52/100|[from] item: Leftovers\n|upkeep\n|turn|2\n|inactive|Time left: 300 sec this turn | 300 sec total\n|\n|t:|1783557551\n|move|p2a: Palafin|Bulk Up|p2a: Palafin\n|-boost|p2a: Palafin|atk|1\n|-boost|p2a: Palafin|def|1\n|move|p1a: Quaquaval|Close Combat|p2a: Palafin\n|-damage|p2a: Palafin|7/100\n|-unboost|p1a: Quaquaval|def|1\n|-unboost|p1a: Quaquaval|spd|1\n|\n|-heal|p2a: Palafin|13/100|[from] item: Leftovers\n|upkeep\n|turn|3\n|inactive|Time left: 300 sec this turn | 300 sec total\n|\n|t:|1783557552\n|move|p2a: Palafin|Drain Punch|p1a: Quaquaval\n|-damage|p1a: Quaquaval|119/264\n|-heal|p2a: Palafin|39/100|[from] drain|[of] p1a: Quaquaval\n|move|p1a: Quaquaval|Close Combat|p2a: Palafin\n|-damage|p2a: Palafin|0 fnt\n|-unboost|p1a: Quaquaval|def|1\n|-unboost|p1a: Quaquaval|spd|1\n|faint|p2a: Palafin\n|-ability|p1a: Quaquaval|Moxie|boost\n|-boost|p1a: Quaquaval|atk|1\n|\n|upkeep\n|\n|t:|1783557553\n|switch|p2a: Mewtwo|Mewtwo, L72|100/100\n|-ability|p2a: Mewtwo|Pressure\n|turn|4\n|inactive|Time left: 300 sec this turn | 300 sec total\n|\n|t:|1783557554\n|switch|p1a: Slaking|Slaking, L84, M|389/389\n|move|p2a: Mewtwo|Nasty Plot|p2a: Mewtwo\n|-boost|p2a: Mewtwo|spa|2\n|\n|upkeep\n|turn|5\n|inactive|Time left: 300 sec this turn | 300 sec total\n|\n|t:|1783557555\n|move|p2a: Mewtwo|Psystrike|p1a: Slaking\n|-damage|p1a: Slaking|134/389\n|-damage|p2a: Mewtwo|91/100|[from] item: Life Orb\n|move|p1a: Slaking|Giga Impact|p2a: Mewtwo\n|-damage|p2a: Mewtwo|0 fnt\n|-mustrecharge|p1a: Slaking\n|faint|p2a: Mewtwo\n|\n|upkeep\n|\n|t:|1783557556\n|switch|p2a: Perrserker|Perrserker, L89, M|100/100\n|turn|6\n|inactive|Time left: 300 sec this turn | 300 sec total\n|\n|t:|1783557557\n|cant|p1a: Slaking|recharge\n|move|p2a: Perrserker|Iron Head|p1a: Slaking\n|-damage|p1a: Slaking|0 fnt\n|faint|p1a: Slaking\n|-damage|p2a: Perrserker|91/100|[from] item: Life Orb\n|\n|upkeep\n|inactive|Time left: 300 sec this turn | 300 sec total | 5 sec grace\n|\n|t:|1783557558\n|switch|p1a: Quaquaval|Quaquaval, L79, M|119/264\n|turn|7\n|inactive|Time left: 300 sec this turn | 300 sec total\n|\n|t:|1783557559\n|switch|p2a: Granbull|Granbull, L88, F|100/100\n|-ability|p2a: Granbull|Intimidate|boost\n|-unboost|p1a: Quaquaval|atk|1\n|move|p1a: Quaquaval|Close Combat|p2a: Granbull\n|-resisted|p2a: Granbull\n|-damage|p2a: Granbull|78/100\n|-unboost|p1a: Quaquaval|def|1\n|-unboost|p1a: Quaquaval|spd|1\n|\n|-heal|p2a: Granbull|84/100|[from] item: Leftovers\n|upkeep\n|turn|8\n|inactive|Time left: 300 sec this turn | 300 sec total\n|\n|t:|1783557560\n|switch|p1a: Slowbro|Slowbro-Galar, L87, M|307/307\n|move|p2a: Granbull|Play Rough|p1a: Slowbro\n|-resisted|p1a: Slowbro\n|-damage|p1a: Slowbro|253/307\n|\n|-heal|p2a: Granbull|90/100|[from] item: Leftovers\n|upkeep\n|turn|9\n|inactive|Time left: 300 sec this turn | 300 sec total\n|\n|t:|1783557561\n|-terastallize|p2a: Granbull|Ground\n|move|p2a: Granbull|Earthquake|p1a: Slowbro\n|-supereffective|p1a: Slowbro\n|-damage|p1a: Slowbro|0 fnt\n|faint|p1a: Slowbro\n|\n|-heal|p2a: Granbull|96/100|[from] item: Leftovers\n|upkeep\n|inactive|Time left: 300 sec this turn | 300 sec total | 5 sec grace\n|\n|t:|1783557561\n|switch|p1a: Quaquaval|Quaquaval, L79, M|119/264\n|turn|10\n|inactive|Time left: 300 sec this turn | 300 sec total\n|\n|t:|1783557563\n|switch|p2a: Vileplume|Vileplume, L85, M|100/100\n|move|p1a: Quaquaval|Aqua Step|p2a: Vileplume\n|-resisted|p2a: Vileplume\n|-crit|p2a: Vileplume\n|-damage|p2a: Vileplume|60/100\n|-boost|p1a: Quaquaval|spe|1\n|\n|-heal|p2a: Vileplume|66/100|[from] item: Leftovers\n|upkeep\n|turn|11\n|inactive|Time left: 300 sec this turn | 300 sec total\n|\n|t:|1783557564\n|move|p1a: Quaquaval|Aqua Step|p2a: Vileplume\n|-resisted|p2a: Vileplume\n|-damage|p2a: Vileplume|41/100\n|-boost|p1a: Quaquaval|spe|1\n|move|p2a: Vileplume|Sludge Bomb|p1a: Quaquaval\n|-damage|p1a: Quaquaval|0 fnt\n|faint|p1a: Quaquaval\n|\n|-heal|p2a: Vileplume|47/100|[from] item: Leftovers\n|upkeep\n|inactive|Time left: 300 sec this turn | 300 sec total | 5 sec grace\n|\n|t:|1783557565\n|switch|p1a: Porygon-Z|Porygon-Z, L83|277/277\n|turn|12\n|inactive|Time left: 300 sec this turn | 300 sec total\n|\n|t:|1783557566\n|switch|p2a: Perrserker|Perrserker, L89, M|91/100\n|move|p1a: Porygon-Z|Tera Blast|p2a: Perrserker\n|-resisted|p2a: Perrserker\n|-damage|p2a: Perrserker|44/100\n|-damage|p1a: Porygon-Z|250/277|[from] item: Life Orb\n|\n|upkeep\n|turn|13\n|inactive|Time left: 300 sec this turn | 300 sec total\n|\n|t:|1783557567\n|move|p1a: Porygon-Z|Tera Blast|p2a: Perrserker\n|-resisted|p2a: Perrserker\n|-damage|p2a: Perrserker|3/100\n|-damage|p1a: Porygon-Z|223/277|[from] item: Life Orb\n|move|p2a: Perrserker|Close Combat|p1a: Porygon-Z\n|-supereffective|p1a: Porygon-Z\n|-damage|p1a: Porygon-Z|0 fnt\n|-unboost|p2a: Perrserker|def|1\n|-unboost|p2a: Perrserker|spd|1\n|faint|p1a: Porygon-Z\n|-damage|p2a: Perrserker|0 fnt|[from] item: Life Orb\n|faint|p2a: Perrserker\n|\n|upkeep\n|inactive|Time left: 300 sec this turn | 300 sec total | 5 sec grace\n|\n|t:|1783557568\n|switch|p1a: Appletun|Appletun, L92, M|352/352\n|switch|p2a: Vileplume|Vileplume, L85, M|47/100\n|turn|14\n|inactive|Time left: 300 sec this turn | 300 sec total\n|\n|t:|1783557569\n|move|p2a: Vileplume|Strength Sap|p1a: Appletun\n|-unboost|p1a: Appletun|atk|1\n|-heal|p2a: Vileplume|100/100\n|move|p1a: Appletun|Apple Acid|p2a: Vileplume\n|-resisted|p2a: Vileplume\n|-damage|p2a: Vileplume|91/100\n|-unboost|p2a: Vileplume|spd|1\n|\n|-heal|p2a: Vileplume|97/100|[from] item: Leftovers\n|upkeep\n|turn|15\n|inactive|Time left: 300 sec this turn | 300 sec total\n|\n|t:|1783557570\n|move|p2a: Vileplume|Sludge Bomb|p1a: Appletun\n|-supereffective|p1a: Appletun\n|-damage|p1a: Appletun|152/352\n|move|p1a: Appletun|Draco Meteor|p2a: Vileplume\n|-damage|p2a: Vileplume|13/100\n|-unboost|p1a: Appletun|spa|2\n|\n|-heal|p2a: Vileplume|19/100|[from] item: Leftovers\n|-heal|p1a: Appletun|174/352|[from] item: Leftovers\n|upkeep\n|turn|16\n|inactive|Time left: 300 sec this turn | 300 sec total\n|\n|t:|1783557571\n|switch|p1a: Muk|Muk-Alola, L82, M|306/306\n|move|p2a: Vileplume|Strength Sap|p1a: Muk\n|-unboost|p1a: Muk|atk|1\n|-heal|p2a: Vileplume|100/100\n|\n|upkeep\n|turn|17\n|inactive|Time left: 300 sec this turn | 300 sec total\n|\n|t:|1783557572\n|switch|p1a: Appletun|Appletun, L92, M|174/352\n|move|p2a: Vileplume|Sludge Bomb|p1a: Appletun\n|-supereffective|p1a: Appletun\n|-damage|p1a: Appletun|0 fnt\n|faint|p1a: Appletun\n|\n|upkeep\n|inactive|Time left: 300 sec this turn | 300 sec total | 5 sec grace\n|\n|t:|1783557574\n|switch|p1a: Muk|Muk-Alola, L82, M|306/306\n|turn|18\n|inactive|Time left: 300 sec this turn | 300 sec total\n|\n|t:|1783557575\n|switch|p2a: Granbull|Granbull, L88, F, tera:Ground|96/100\n|-ability|p2a: Granbull|Intimidate|boost\n|-unboost|p1a: Muk|atk|1\n|move|p1a: Muk|Knock Off|p2a: Granbull\n|-damage|p2a: Granbull|70/100\n|-enditem|p2a: Granbull|Leftovers|[from] move: Knock Off|[of] p1a: Muk\n|\n|upkeep\n|turn|19\n|inactive|Time left: 300 sec this turn | 300 sec total\n|\n|t:|1783557576\n|-terastallize|p1a: Muk|Fighting\n|move|p2a: Granbull|Earthquake|p1a: Muk\n|-damage|p1a: Muk|138/306\n|move|p1a: Muk|Ice Punch|p2a: Granbull\n|-supereffective|p2a: Granbull\n|-damage|p2a: Granbull|45/100\n|\n|upkeep\n|turn|20\n|inactive|Time left: 300 sec this turn | 300 sec total\n|\n|t:|1783557577\n|move|p2a: Granbull|Earthquake|p1a: Muk\n|-damage|p1a: Muk|0 fnt\n|faint|p1a: Muk\n|\n|win|p0y15847d7e", "uploadtime": 1783557577, "views": 0, "rating": 0, "private": 0, "password": null, "_winner": "p0y15847d7e", "_our_name": "p0x158494da"}