{"id": "battle-gen9randombattle-1874", "formatid": "gen9randombattle", "format": "[Gen 9] Random Battle", "players": ["p0x1874a895", "p0y18742ca9"], "log": "|init|battle\n|title|p0x1874a895 vs. p0y18742ca9\n|j|\u2606p0x1874a895\n|j|\u2606p0y18742ca9\n|t:|1783560947\n|gametype|singles\n|player|p1|p0x1874a895|2|\n|player|p2|p0y18742ca9|169|\n|gen|9\n|tier|[Gen 9] Random Battle\n|rule|Species Clause: Limit one of each Pok\u00e9mon\n|rule|HP Percentage Mod: HP is shown in percentages\n|rule|Sleep Clause Mod: Limit one foe put to sleep\n|rule|Illusion Level Mod: Illusion disguises the Pok\u00e9mon's true level\n|\n|t:|1783560947\n|teamsize|p1|6\n|teamsize|p2|6\n|start\n|switch|p1a: Quaquaval|Quaquaval, L79, M|264/264\n|switch|p2a: Ceruledge|Ceruledge, L78, M|100/100\n|turn|1\n|inactive|Battle timer is ON: inactive players will automatically lose when time's up. (requested by p0y18742ca9)\n|inactive|Time left: 300 sec this turn | 300 sec total | 60 sec grace\n|inactive|p0x1874a895 also wants the timer to be on.\n|\n|t:|1783560949\n|move|p1a: Quaquaval|Aqua Step|p2a: Ceruledge\n|-supereffective|p2a: Ceruledge\n|-damage|p2a: Ceruledge|0 fnt\n|-boost|p1a: Quaquaval|spe|1\n|faint|p2a: Ceruledge\n|-ability|p1a: Quaquaval|Moxie|boost\n|-boost|p1a: Quaquaval|atk|1\n|\n|upkeep\n|\n|t:|1783560950\n|switch|p2a: Sylveon|Sylveon, L85, F|100/100\n|turn|2\n|inactive|Time left: 300 sec this turn | 300 sec total\n|\n|t:|1783560951\n|move|p1a: Quaquaval|Aqua Step|p2a: Sylveon\n|-damage|p2a: Sylveon|19/100\n|-boost|p1a: Quaquaval|spe|1\n|move|p2a: Sylveon|Hyper Voice|p1a: Quaquaval\n|-supereffective|p1a: Quaquaval\n|-damage|p1a: Quaquaval|0 fnt\n|faint|p1a: Quaquaval\n|\n|-heal|p2a: Sylveon|25/100|[from] item: Leftovers\n|upkeep\n|inactive|Time left: 300 sec this turn | 300 sec total | 5 sec grace\n|\n|t:|1783560952\n|switch|p1a: Lycanroc|Lycanroc-Dusk, L81, M|254/254\n|turn|3\n|inactive|Time left: 300 sec this turn | 300 sec total\n|\n|t:|1783560953\n|move|p2a: Sylveon|Protect|p2a: Sylveon\n|-singleturn|p2a: Sylveon|Protect\n|move|p1a: Lycanroc|Close Combat|p2a: Sylveon\n|-activate|p2a: Sylveon|move: Protect\n|\n|-heal|p2a: Sylveon|31/100|[from] item: Leftovers\n|upkeep\n|turn|4\n|inactive|Time left: 300 sec this turn | 300 sec total\n|\n|t:|1783560954\n|move|p2a: Sylveon|Protect||[still]\n|-fail|p2a: Sylveon\n|move|p1a: Lycanroc|Close Combat|p2a: Sylveon\n|-resisted|p2a: Sylveon\n|-damage|p2a: Sylveon|0 fnt\n|-unboost|p1a: Lycanroc|def|1\n|-unboost|p1a: Lycanroc|spd|1\n|faint|p2a: Sylveon\n|\n|upkeep\n|\n|t:|1783560955\n|switch|p2a: Wigglytuff|Wigglytuff, L96, F|100/100\n|turn|5\n|inactive|Time left: 300 sec this turn | 300 sec total\n|\n|t:|1783560955\n|move|p1a: Lycanroc|Close Combat|p2a: Wigglytuff\n|-damage|p2a: Wigglytuff|37/100\n|-unboost|p1a: Lycanroc|def|1\n|-unboost|p1a: Lycanroc|spd|1\n|move|p2a: Wigglytuff|Alluring Voice|p1a: Lycanroc\n|-damage|p1a: Lycanroc|11/254\n|\n|-heal|p2a: Wigglytuff|43/100|[from] item: Leftovers\n|upkeep\n|turn|6\n|inactive|Time left: 300 sec this turn | 300 sec total\n|\n|t:|1783560956\n|move|p2a: Wigglytuff|Protect|p2a: Wigglytuff\n|-singleturn|p2a: Wigglytuff|Protect\n|move|p1a: Lycanroc|Close Combat|p2a: Wigglytuff\n|-activate|p2a: Wigglytuff|move: Protect\n|\n|-heal|p2a: Wigglytuff|50/100|[from] item: Leftovers\n|upkeep\n|turn|7\n|inactive|Time left: 300 sec this turn | 300 sec total\n|\n|t:|1783560957\n|move|p2a: Wigglytuff|Protect|p2a: Wigglytuff\n|-singleturn|p2a: Wigglytuff|Protect\n|move|p1a: Lycanroc|Close Combat|p2a: Wigglytuff\n|-activate|p2a: Wigglytuff|move: Protect\n|\n|-heal|p2a: Wigglytuff|56/100|[from] item: Leftovers\n|upkeep\n|turn|8\n|inactive|Time left: 300 sec this turn | 300 sec total\n|\n|t:|1783560958\n|move|p1a: Lycanroc|Close Combat|p2a: Wigglytuff\n|-damage|p2a: Wigglytuff|0 fnt\n|-unboost|p1a: Lycanroc|def|1\n|-unboost|p1a: Lycanroc|spd|1\n|faint|p2a: Wigglytuff\n|\n|upkeep\n|\n|t:|1783560959\n|switch|p2a: Lucario|Lucario, L84, M|100/100\n|turn|9\n|inactive|Time left: 300 sec this turn | 300 sec total\n|\n|t:|1783560960\n|move|p2a: Lucario|Extreme Speed|p1a: Lycanroc\n|-resisted|p1a: Lycanroc\n|-crit|p1a: Lycanroc\n|-damage|p1a: Lycanroc|0 fnt\n|faint|p1a: Lycanroc\n|-damage|p2a: Lucario|91/100|[from] item: Life Orb\n|\n|upkeep\n|inactive|Time left: 300 sec this turn | 300 sec total | 5 sec grace\n|\n|t:|1783560960\n|switch|p1a: Pawmot|Pawmot, L80, F|243/243\n|turn|10\n|inactive|Time left: 300 sec this turn | 300 sec total\n|\n|t:|1783560962\n|switch|p2a: Rotom|Rotom-Heat, L83|100/100\n|move|p1a: Pawmot|Close Combat|p2a: Rotom\n|-damage|p2a: Rotom|48/100\n|-unboost|p1a: Pawmot|def|1\n|-unboost|p1a: Pawmot|spd|1\n|\n|upkeep\n|turn|11\n|inactive|Time left: 300 sec this turn | 300 sec total\n|\n|t:|1783560962\n|move|p1a: Pawmot|Close Combat|p2a: Rotom\n|-damage|p2a: Rotom|0 fnt\n|-unboost|p1a: Pawmot|def|1\n|-unboost|p1a: Pawmot|spd|1\n|faint|p2a: Rotom\n|\n|upkeep\n|\n|t:|1783560963\n|switch|p2a: Lucario|Lucario, L84, M|91/100\n|turn|12\n|inactive|Time left: 300 sec this turn | 300 sec total\n|\n|t:|1783560964\n|-terastallize|p2a: Lucario|Normal\n|move|p2a: Lucario|Extreme Speed|p1a: Pawmot\n|-damage|p1a: Pawmot|0 fnt\n|faint|p1a: Pawmot\n|-damage|p2a: Lucario|81/100|[from] item: Life Orb\n|\n|upkeep\n|inactive|Time left: 300 sec this turn | 300 sec total | 5 sec grace\n|\n|t:|1783560965\n|switch|p1a: Furret|Furret, L94, F|312/312\n|-item|p2a: Lucario|Life Orb|[from] ability: Frisk|[of] p1a: Furret\n|turn|13\n|inactive|Time left: 300 sec this turn | 300 sec total\n|\n|t:|1783560966\n|switch|p2a: Zangoose|Zangoose, L85, F|100/100\n|move|p1a: Furret|Double-Edge|p2a: Zangoose\n|-damage|p2a: Zangoose|5/100\n|-damage|p1a: Furret|229/312|[from] Recoil\n|\n|-status|p2a: Zangoose|tox|[from] item: Toxic Orb\n|upkeep\n|turn|14\n|inactive|Time left: 300 sec this turn | 300 sec total\n|\n|t:|1783560967\n|move|p1a: Furret|Double-Edge|p2a: Zangoose\n|-damage|p2a: Zangoose|0 fnt\n|faint|p2a: Zangoose\n|-damage|p1a: Furret|225/312|[from] Recoil\n|\n|upkeep\n|\n|t:|1783560968\n|switch|p2a: Lucario|Lucario, L84, M, tera:Normal|81/100\n|turn|15\n|inactive|Time left: 300 sec this turn | 300 sec total\n|\n|t:|1783560969\n|move|p1a: Furret|Double-Edge|p2a: Lucario\n|-damage|p2a: Lucario|0 fnt\n|faint|p2a: Lucario\n|-damage|p1a: Furret|157/312|[from] Recoil\n|\n|win|p0x1874a895", "uploadtime": 1783560969, "views": 0, "rating": 0, "private": 0, "password": null, "_winner": "p0x1874a895", "_our_name": "p0x1874a895"}