{"id": "battle-gen9randombattle-1221", "formatid": "gen9randombattle", "format": "[Gen 9] Random Battle", "players": ["p0x12214b89", "p0y12213a14"], "log": "|init|battle\n|title|p0x12214b89 vs. p0y12213a14\n|j|\u2606p0x12214b89\n|j|\u2606p0y12213a14\n|t:|1783554137\n|gametype|singles\n|player|p1|p0x12214b89|2|\n|player|p2|p0y12213a14|1|\n|gen|9\n|tier|[Gen 9] Random Battle\n|rule|Species Clause: Limit one of each Pok\u00e9mon\n|rule|HP Percentage Mod: HP is shown in percentages\n|rule|Sleep Clause Mod: Limit one foe put to sleep\n|rule|Illusion Level Mod: Illusion disguises the Pok\u00e9mon's true level\n|\n|t:|1783554137\n|teamsize|p1|6\n|teamsize|p2|6\n|start\n|switch|p1a: Swalot|Swalot, L90, F|100/100\n|switch|p2a: Gothitelle|Gothitelle, L90, M|272/272\n|turn|1\n|inactive|Battle timer is ON: inactive players will automatically lose when time's up. (requested by p0y12213a14)\n|inactive|p0x12214b89 also wants the timer to be on.\n|\n|t:|1783554138\n|move|p2a: Gothitelle|Psychic|p1a: Swalot\n|-supereffective|p1a: Swalot\n|-damage|p1a: Swalot|39/100\n|move|p1a: Swalot|Knock Off|p2a: Gothitelle\n|-supereffective|p2a: Gothitelle\n|-damage|p2a: Gothitelle|166/272\n|-enditem|p2a: Gothitelle|Choice Scarf|[from] move: Knock Off|[of] p1a: Swalot\n|\n|-heal|p1a: Swalot|45/100|[from] item: Leftovers\n|upkeep\n|turn|2\n|inactive|Time left: 300 sec this turn | 300 sec total\n|\n|t:|1783554139\n|move|p2a: Gothitelle|Psychic|p1a: Swalot\n|-supereffective|p1a: Swalot\n|-damage|p1a: Swalot|0 fnt\n|faint|p1a: Swalot\n|\n|upkeep\n|\n|t:|1783554140\n|switch|p1a: Clawitzer|Clawitzer, L87, F|100/100\n|turn|3\n|inactive|Time left: 300 sec this turn | 300 sec total\n|\n|t:|1783554141\n|switch|p2a: Vaporeon|Vaporeon, L86, M|364/364\n|move|p1a: Clawitzer|Dark Pulse|p2a: Vaporeon\n|-damage|p2a: Vaporeon|263/364\n|\n|-heal|p2a: Vaporeon|285/364|[from] item: Leftovers\n|upkeep\n|turn|4\n|inactive|Time left: 300 sec this turn | 300 sec total\n|\n|t:|1783554142\n|move|p2a: Vaporeon|Protect|p2a: Vaporeon\n|-singleturn|p2a: Vaporeon|Protect\n|move|p1a: Clawitzer|U-turn|p2a: Vaporeon\n|-activate|p2a: Vaporeon|move: Protect\n|\n|-heal|p2a: Vaporeon|307/364|[from] item: Leftovers\n|upkeep\n|turn|5\n|inactive|Time left: 300 sec this turn | 300 sec total\n|\n|t:|1783554143\n|move|p2a: Vaporeon|Scald|p1a: Clawitzer\n|-resisted|p1a: Clawitzer\n|-damage|p1a: Clawitzer|89/100\n|-status|p1a: Clawitzer|brn\n|move|p1a: Clawitzer|U-turn|p2a: Vaporeon\n|-damage|p2a: Vaporeon|280/364\n|\n|t:|1783554144\n|switch|p1a: Okidogi|Okidogi, L77, M|100/100|[from] U-turn\n|\n|-heal|p2a: Vaporeon|302/364|[from] item: Leftovers\n|upkeep\n|turn|6\n|inactive|Time left: 300 sec this turn | 300 sec total\n|\n|t:|1783554145\n|move|p1a: Okidogi|Gunk Shot|p2a: Vaporeon\n|-damage|p2a: Vaporeon|136/364\n|move|p2a: Vaporeon|Scald|p1a: Okidogi\n|-damage|p1a: Okidogi|55/100\n|\n|-heal|p1a: Okidogi|62/100|[from] item: Leftovers\n|-heal|p2a: Vaporeon|158/364|[from] item: Leftovers\n|upkeep\n|turn|7\n|inactive|Time left: 300 sec this turn | 300 sec total\n|\n|t:|1783554146\n|move|p1a: Okidogi|Gunk Shot|p2a: Vaporeon\n|-damage|p2a: Vaporeon|0 fnt\n|faint|p2a: Vaporeon\n|\n|-heal|p1a: Okidogi|68/100|[from] item: Leftovers\n|upkeep\n|inactive|Time left: 300 sec this turn | 300 sec total | 5 sec grace\n|\n|t:|1783554147\n|switch|p2a: Falinks|Falinks, L84|246/246\n|turn|8\n|inactive|Time left: 300 sec this turn | 300 sec total\n|\n|t:|1783554148\n|move|p2a: Falinks|No Retreat|p2a: Falinks\n|-boost|p2a: Falinks|atk|1\n|-boost|p2a: Falinks|def|1\n|-boost|p2a: Falinks|spa|1\n|-boost|p2a: Falinks|spd|1\n|-boost|p2a: Falinks|spe|1\n|-start|p2a: Falinks|move: No Retreat\n|move|p1a: Okidogi|Bulk Up|p1a: Okidogi\n|-boost|p1a: Okidogi|atk|1\n|-boost|p1a: Okidogi|def|1\n|\n|-heal|p1a: Okidogi|74/100|[from] item: Leftovers\n|upkeep\n|turn|9\n|inactive|Time left: 300 sec this turn | 300 sec total\n|\n|t:|1783554149\n|move|p2a: Falinks|Iron Head|p1a: Okidogi\n|-damage|p1a: Okidogi|49/100\n|-damage|p2a: Falinks|222/246|[from] item: Life Orb\n|move|p1a: Okidogi|Drain Punch|p2a: Falinks\n|-damage|p2a: Falinks|153/246\n|-heal|p1a: Okidogi|62/100|[from] drain|[of] p2a: Falinks\n|-status|p2a: Falinks|tox|[from] ability: Toxic Chain|[of] p1a: Okidogi\n|\n|-heal|p1a: Okidogi|68/100|[from] item: Leftovers\n|-damage|p2a: Falinks|138/246 tox|[from] psn\n|upkeep\n|turn|10\n|inactive|Time left: 300 sec this turn | 300 sec total\n|\n|t:|1783554150\n|move|p2a: Falinks|Iron Head|p1a: Okidogi\n|-damage|p1a: Okidogi|45/100\n|-damage|p2a: Falinks|114/246 tox|[from] item: Life Orb\n|move|p1a: Okidogi|Drain Punch|p2a: Falinks\n|-damage|p2a: Falinks|42/246 tox\n|-heal|p1a: Okidogi|59/100|[from] drain|[of] p2a: Falinks\n|\n|-heal|p1a: Okidogi|65/100|[from] item: Leftovers\n|-damage|p2a: Falinks|12/246 tox|[from] psn\n|upkeep\n|turn|11\n|inactive|Time left: 300 sec this turn | 300 sec total\n|\n|t:|1783554152\n|move|p2a: Falinks|Close Combat|p1a: Okidogi\n|-resisted|p1a: Okidogi\n|-damage|p1a: Okidogi|37/100\n|-unboost|p2a: Falinks|def|1\n|-unboost|p2a: Falinks|spd|1\n|-damage|p2a: Falinks|0 fnt|[from] item: Life Orb\n|faint|p2a: Falinks\n|move|p1a: Okidogi|Bulk Up|p1a: Okidogi\n|-boost|p1a: Okidogi|atk|1\n|-boost|p1a: Okidogi|def|1\n|\n|-heal|p1a: Okidogi|43/100|[from] item: Leftovers\n|upkeep\n|inactive|Time left: 300 sec this turn | 300 sec total | 5 sec grace\n|\n|t:|1783554153\n|switch|p2a: Clefable|Clefable, L83, F|293/293\n|turn|12\n|inactive|Time left: 300 sec this turn | 300 sec total\n|\n|t:|1783554154\n|-terastallize|p2a: Clefable|Steel\n|move|p1a: Okidogi|Drain Punch|p2a: Clefable\n|-supereffective|p2a: Clefable\n|-damage|p2a: Clefable|113/293\n|-heal|p1a: Okidogi|77/100|[from] drain|[of] p2a: Clefable\n|move|p2a: Clefable|Moonblast|p1a: Okidogi\n|-damage|p1a: Okidogi|38/100\n|\n|-heal|p1a: Okidogi|44/100|[from] item: Leftovers\n|-heal|p2a: Clefable|131/293|[from] item: Leftovers\n|upkeep\n|turn|13\n|inactive|Time left: 300 sec this turn | 300 sec total\n|\n|t:|1783554155\n|switch|p2a: Gothitelle|Gothitelle, L90, M|166/272\n|move|p1a: Okidogi|Drain Punch|p2a: Gothitelle\n|-resisted|p2a: Gothitelle\n|-damage|p2a: Gothitelle|91/272\n|-heal|p1a: Okidogi|59/100|[from] drain|[of] p2a: Gothitelle\n|-status|p2a: Gothitelle|tox|[from] ability: Toxic Chain|[of] p1a: Okidogi\n|\n|-heal|p1a: Okidogi|65/100|[from] item: Leftovers\n|-damage|p2a: Gothitelle|74/272 tox|[from] psn\n|upkeep\n|turn|14\n|inactive|Time left: 300 sec this turn | 300 sec total\n|\n|t:|1783554156\n|move|p1a: Okidogi|Knock Off|p2a: Gothitelle\n|-supereffective|p2a: Gothitelle\n|-damage|p2a: Gothitelle|0 fnt\n|faint|p2a: Gothitelle\n|\n|-heal|p1a: Okidogi|71/100|[from] item: Leftovers\n|upkeep\n|inactive|Time left: 300 sec this turn | 300 sec total | 5 sec grace\n|\n|t:|1783554157\n|switch|p2a: Pincurchin|Pincurchin, F|258/258\n|-fieldstart|move: Electric Terrain|[from] ability: Electric Surge|[of] p2a: Pincurchin\n|turn|15\n|inactive|Time left: 300 sec this turn | 300 sec total\n|\n|t:|1783554158\n|move|p1a: Okidogi|Drain Punch|p2a: Pincurchin\n|-damage|p2a: Pincurchin|129/258\n|-heal|p1a: Okidogi|96/100|[from] drain|[of] p2a: Pincurchin\n|move|p2a: Pincurchin|Recover|p2a: Pincurchin\n|-heal|p2a: Pincurchin|258/258\n|\n|-heal|p1a: Okidogi|100/100|[from] item: Leftovers\n|upkeep\n|turn|16\n|inactive|Time left: 300 sec this turn | 300 sec total\n|\n|t:|1783554159\n|move|p1a: Okidogi|Gunk Shot|p2a: Pincurchin|[miss]\n|-miss|p1a: Okidogi|p2a: Pincurchin\n|move|p2a: Pincurchin|Recover||[still]\n|-fail|p2a: Pincurchin|heal\n|\n|upkeep\n|turn|17\n|inactive|Time left: 300 sec this turn | 300 sec total\n|\n|t:|1783554160\n|move|p1a: Okidogi|Gunk Shot|p2a: Pincurchin\n|-damage|p2a: Pincurchin|63/258\n|-status|p2a: Pincurchin|psn\n|move|p2a: Pincurchin|Recover|p2a: Pincurchin\n|-heal|p2a: Pincurchin|192/258 psn\n|\n|-heal|p2a: Pincurchin|208/258 psn|[from] item: Leftovers\n|-damage|p2a: Pincurchin|176/258 psn|[from] psn\n|upkeep\n|turn|18\n|inactive|Time left: 300 sec this turn | 300 sec total\n|\n|t:|1783554161\n|move|p1a: Okidogi|Gunk Shot|p2a: Pincurchin\n|-damage|p2a: Pincurchin|0 fnt\n|faint|p2a: Pincurchin\n|\n|upkeep\n|inactive|Time left: 300 sec this turn | 300 sec total | 5 sec grace\n|\n|t:|1783554162\n|switch|p2a: Blaziken|Blaziken, L76, M|247/247\n|turn|19\n|inactive|Time left: 300 sec this turn | 300 sec total\n|\n|t:|1783554163\n|switch|p2a: Clefable|Clefable, L83, F, tera:Steel|131/293\n|move|p1a: Okidogi|Gunk Shot|p2a: Clefable\n|-immune|p2a: Clefable\n|\n|-heal|p2a: Clefable|149/293|[from] item: Leftovers\n|-fieldend|move: Electric Terrain\n|upkeep\n|turn|20\n|inactive|Time left: 300 sec this turn | 300 sec total\n|\n|t:|1783554164\n|switch|p2a: Blaziken|Blaziken, L76, M|247/247\n|move|p1a: Okidogi|Drain Punch|p2a: Blaziken\n|-damage|p2a: Blaziken|25/247\n|-status|p2a: Blaziken|tox|[from] ability: Toxic Chain|[of] p1a: Okidogi\n|\n|-damage|p2a: Blaziken|10/247 tox|[from] psn\n|upkeep\n|turn|21\n|inactive|Time left: 300 sec this turn | 300 sec total\n|\n|t:|1783554165\n|move|p1a: Okidogi|Drain Punch|p2a: Blaziken\n|-damage|p2a: Blaziken|0 fnt\n|faint|p2a: Blaziken\n|\n|upkeep\n|inactive|Time left: 300 sec this turn | 300 sec total | 5 sec grace\n|\n|t:|1783554166\n|switch|p2a: Clefable|Clefable, L83, F, tera:Steel|149/293\n|turn|22\n|inactive|Time left: 300 sec this turn | 300 sec total\n|\n|t:|1783554167\n|move|p1a: Okidogi|Drain Punch|p2a: Clefable\n|-supereffective|p2a: Clefable\n|-damage|p2a: Clefable|0 fnt\n|faint|p2a: Clefable\n|\n|win|p0x12214b89", "uploadtime": 1783554167, "views": 0, "rating": 0, "private": 0, "password": null, "_winner": "p0x12214b89", "_our_name": "p0y12213a14"}