{"id": "battle-gen9randombattle-2523", "formatid": "gen9randombattle", "format": "[Gen 9] Random Battle", "players": ["p0x252358b9", "p0y2523cda5"], "log": "|init|battle\n|title|p0x252358b9 vs. p0y2523cda5\n|j|\u2606p0x252358b9\n|j|\u2606p0y2523cda5\n|t:|1783569202\n|gametype|singles\n|player|p1|p0x252358b9|1|\n|player|p2|p0y2523cda5|2|\n|gen|9\n|tier|[Gen 9] Random Battle\n|rule|Species Clause: Limit one of each Pok\u00e9mon\n|rule|HP Percentage Mod: HP is shown in percentages\n|rule|Sleep Clause Mod: Limit one foe put to sleep\n|rule|Illusion Level Mod: Illusion disguises the Pok\u00e9mon's true level\n|\n|t:|1783569202\n|teamsize|p1|6\n|teamsize|p2|6\n|start\n|switch|p1a: Swampert|Swampert, L83, F|302/302\n|switch|p2a: Lilligant|Lilligant, L86, F|100/100\n|turn|1\n|inactive|Battle timer is ON: inactive players will automatically lose when time's up. (requested by p0y2523cda5)\n|inactive|Time left: 300 sec this turn | 300 sec total | 60 sec grace\n|inactive|p0x252358b9 also wants the timer to be on.\n|\n|t:|1783569204\n|switch|p1a: Reshiram|Reshiram, L76|277/277\n|-ability|p1a: Reshiram|Turboblaze\n|move|p2a: Lilligant|Quiver Dance|p2a: Lilligant\n|-boost|p2a: Lilligant|spa|1\n|-boost|p2a: Lilligant|spd|1\n|-boost|p2a: Lilligant|spe|1\n|\n|upkeep\n|turn|2\n|inactive|Time left: 300 sec this turn | 300 sec total\n|\n|t:|1783569206\n|move|p2a: Lilligant|Sleep Powder|p1a: Reshiram|[miss]\n|-miss|p2a: Lilligant|p1a: Reshiram\n|move|p1a: Reshiram|Outrage|p2a: Lilligant\n|-damage|p2a: Lilligant|44/100\n|\n|upkeep\n|turn|3\n|inactive|Time left: 300 sec this turn | 300 sec total\n|\n|t:|1783569207\n|move|p2a: Lilligant|Sleep Powder|p1a: Reshiram\n|-status|p1a: Reshiram|slp|[from] move: Sleep Powder\n|cant|p1a: Reshiram|slp\n|\n|-start|p1a: Reshiram|confusion|[fatigue]\n|upkeep\n|turn|4\n|inactive|Time left: 300 sec this turn | 300 sec total\n|\n|t:|1783569208\n|move|p2a: Lilligant|Quiver Dance|p2a: Lilligant\n|-boost|p2a: Lilligant|spa|1\n|-boost|p2a: Lilligant|spd|1\n|-boost|p2a: Lilligant|spe|1\n|-curestatus|p1a: Reshiram|slp|[msg]\n|-activate|p1a: Reshiram|confusion\n|move|p1a: Reshiram|Flare Blitz|p2a: Lilligant\n|-supereffective|p2a: Lilligant\n|-damage|p2a: Lilligant|0 fnt\n|faint|p2a: Lilligant\n|-damage|p1a: Reshiram|240/277|[from] Recoil\n|\n|upkeep\n|\n|t:|1783569209\n|switch|p2a: Regirock|Regirock, L83|100/100\n|turn|5\n|inactive|Time left: 300 sec this turn | 300 sec total\n|\n|t:|1783569210\n|switch|p1a: Toxtricity|Toxtricity, L82, F|257/257\n|move|p2a: Regirock|Stone Edge|p1a: Toxtricity\n|-damage|p1a: Toxtricity|130/257\n|\n|upkeep\n|turn|6\n|inactive|Time left: 300 sec this turn | 300 sec total\n|\n|t:|1783569211\n|move|p1a: Toxtricity|Overdrive|p2a: Regirock\n|-damage|p2a: Regirock|45/100\n|move|p2a: Regirock|Stone Edge|p1a: Toxtricity|[miss]\n|-miss|p2a: Regirock|p1a: Toxtricity\n|\n|upkeep\n|turn|7\n|inactive|Time left: 300 sec this turn | 300 sec total\n|\n|t:|1783569212\n|move|p1a: Toxtricity|Overdrive|p2a: Regirock\n|-damage|p2a: Regirock|0 fnt\n|faint|p2a: Regirock\n|\n|upkeep\n|\n|t:|1783569213\n|switch|p2a: Bastiodon|Bastiodon, L89, M|100/100\n|turn|8\n|inactive|Time left: 300 sec this turn | 300 sec total\n|\n|t:|1783569214\n|switch|p1a: Reuniclus|Reuniclus, L88, F|337/337\n|move|p2a: Bastiodon|Iron Defense|p2a: Bastiodon\n|-boost|p2a: Bastiodon|def|2\n|\n|upkeep\n|turn|9\n|inactive|Time left: 300 sec this turn | 300 sec total\n|\n|t:|1783569215\n|-terastallize|p2a: Bastiodon|Fighting\n|move|p2a: Bastiodon|Body Press|p1a: Reuniclus\n|-resisted|p1a: Reuniclus\n|-damage|p1a: Reuniclus|166/337\n|move|p1a: Reuniclus|Focus Blast|p2a: Bastiodon\n|-damage|p2a: Bastiodon|61/100\n|\n|upkeep\n|turn|10\n|inactive|Time left: 300 sec this turn | 300 sec total\n|\n|t:|1783569216\n|move|p2a: Bastiodon|Body Press|p1a: Reuniclus\n|-resisted|p1a: Reuniclus\n|-damage|p1a: Reuniclus|14/337\n|move|p1a: Reuniclus|Recover|p1a: Reuniclus\n|-heal|p1a: Reuniclus|183/337\n|\n|upkeep\n|turn|11\n|inactive|Time left: 300 sec this turn | 300 sec total\n|\n|t:|1783569217\n|move|p2a: Bastiodon|Body Press|p1a: Reuniclus\n|-resisted|p1a: Reuniclus\n|-damage|p1a: Reuniclus|19/337\n|move|p1a: Reuniclus|Recover|p1a: Reuniclus\n|-heal|p1a: Reuniclus|188/337\n|\n|upkeep\n|turn|12\n|inactive|Time left: 300 sec this turn | 300 sec total\n|\n|t:|1783569218\n|move|p2a: Bastiodon|Body Press|p1a: Reuniclus\n|-resisted|p1a: Reuniclus\n|-damage|p1a: Reuniclus|24/337\n|move|p1a: Reuniclus|Recover|p1a: Reuniclus\n|-heal|p1a: Reuniclus|193/337\n|\n|upkeep\n|turn|13\n|inactive|Time left: 300 sec this turn | 300 sec total\n|\n|t:|1783569219\n|move|p2a: Bastiodon|Body Press|p1a: Reuniclus\n|-resisted|p1a: Reuniclus\n|-damage|p1a: Reuniclus|34/337\n|move|p1a: Reuniclus|Recover|p1a: Reuniclus\n|-heal|p1a: Reuniclus|203/337\n|\n|upkeep\n|turn|14\n|inactive|Time left: 300 sec this turn | 300 sec total\n|\n|t:|1783569220\n|move|p2a: Bastiodon|Body Press|p1a: Reuniclus\n|-resisted|p1a: Reuniclus\n|-damage|p1a: Reuniclus|46/337\n|move|p1a: Reuniclus|Recover|p1a: Reuniclus\n|-heal|p1a: Reuniclus|215/337\n|\n|upkeep\n|turn|15\n|inactive|Time left: 300 sec this turn | 300 sec total\n|\n|t:|1783569221\n|move|p2a: Bastiodon|Body Press|p1a: Reuniclus\n|-resisted|p1a: Reuniclus\n|-damage|p1a: Reuniclus|44/337\n|move|p1a: Reuniclus|Recover|p1a: Reuniclus\n|-heal|p1a: Reuniclus|213/337\n|\n|upkeep\n|turn|16\n|inactive|Time left: 300 sec this turn | 300 sec total\n|\n|t:|1783569222\n|move|p2a: Bastiodon|Body Press|p1a: Reuniclus\n|-resisted|p1a: Reuniclus\n|-damage|p1a: Reuniclus|63/337\n|move|p1a: Reuniclus|Recover|p1a: Reuniclus\n|-heal|p1a: Reuniclus|232/337\n|\n|upkeep\n|turn|17\n|inactive|Time left: 300 sec this turn | 300 sec total\n|\n|t:|1783569223\n|move|p2a: Bastiodon|Body Press|p1a: Reuniclus\n|-resisted|p1a: Reuniclus\n|-damage|p1a: Reuniclus|87/337\n|move|p1a: Reuniclus|Recover|p1a: Reuniclus\n|-heal|p1a: Reuniclus|256/337\n|\n|upkeep\n|turn|18\n|inactive|Time left: 300 sec this turn | 300 sec total\n|\n|t:|1783569224\n|move|p2a: Bastiodon|Body Press|p1a: Reuniclus\n|-resisted|p1a: Reuniclus\n|-damage|p1a: Reuniclus|100/337\n|move|p1a: Reuniclus|Psyshock|p2a: Bastiodon\n|-supereffective|p2a: Bastiodon\n|-damage|p2a: Bastiodon|27/100\n|\n|upkeep\n|turn|19\n|inactive|Time left: 300 sec this turn | 300 sec total\n|\n|t:|1783569225\n|move|p2a: Bastiodon|Body Press|p1a: Reuniclus\n|-resisted|p1a: Reuniclus\n|-damage|p1a: Reuniclus|0 fnt\n|faint|p1a: Reuniclus\n|\n|upkeep\n|inactive|Time left: 300 sec this turn | 300 sec total | 5 sec grace\n|\n|t:|1783569226\n|switch|p1a: Toxtricity|Toxtricity, L82, F|130/257\n|turn|20\n|inactive|Time left: 300 sec this turn | 300 sec total\n|\n|t:|1783569227\n|move|p1a: Toxtricity|Volt Switch|p2a: Bastiodon\n|-damage|p2a: Bastiodon|0 fnt\n|faint|p2a: Bastiodon\n|inactive|Time left: 300 sec this turn | 300 sec total | 5 sec grace\n|\n|t:|1783569227\n|switch|p1a: Excadrill|Excadrill, L79, F|303/303|[from] Volt Switch\n|-ability|p1a: Excadrill|Mold Breaker\n|\n|upkeep\n|\n|t:|1783569228\n|switch|p2a: Shaymin|Shaymin, L82|100/100\n|turn|21\n|inactive|Time left: 300 sec this turn | 300 sec total\n|\n|t:|1783569229\n|move|p2a: Shaymin|Earth Power|p1a: Excadrill\n|-supereffective|p1a: Excadrill\n|-damage|p1a: Excadrill|151/303\n|move|p1a: Excadrill|Swords Dance|p1a: Excadrill\n|-boost|p1a: Excadrill|atk|2\n|\n|-heal|p1a: Excadrill|169/303|[from] item: Leftovers\n|upkeep\n|turn|22\n|inactive|Time left: 300 sec this turn | 300 sec total\n|\n|t:|1783569230\n|move|p2a: Shaymin|Earth Power|p1a: Excadrill\n|-supereffective|p1a: Excadrill\n|-damage|p1a: Excadrill|13/303\n|move|p1a: Excadrill|Rapid Spin|p2a: Shaymin\n|-damage|p2a: Shaymin|76/100\n|-boost|p1a: Excadrill|spe|1\n|\n|-heal|p1a: Excadrill|31/303|[from] item: Leftovers\n|-heal|p2a: Shaymin|82/100|[from] item: Leftovers\n|upkeep\n|turn|23\n|inactive|Time left: 300 sec this turn | 300 sec total\n|\n|t:|1783569231\n|move|p1a: Excadrill|Iron Head|p2a: Shaymin\n|-damage|p2a: Shaymin|21/100\n|cant|p2a: Shaymin|flinch\n|\n|-heal|p1a: Excadrill|49/303|[from] item: Leftovers\n|-heal|p2a: Shaymin|27/100|[from] item: Leftovers\n|upkeep\n|turn|24\n|inactive|Time left: 300 sec this turn | 300 sec total\n|\n|t:|1783569232\n|move|p1a: Excadrill|Earthquake|p2a: Shaymin\n|-resisted|p2a: Shaymin\n|-damage|p2a: Shaymin|0 fnt\n|faint|p2a: Shaymin\n|\n|-heal|p1a: Excadrill|67/303|[from] item: Leftovers\n|upkeep\n|\n|t:|1783569233\n|switch|p2a: Eiscue|Eiscue, L88, M|100/100\n|turn|25\n|inactive|Time left: 300 sec this turn | 300 sec total\n|\n|t:|1783569234\n|move|p1a: Excadrill|Rapid Spin|p2a: Eiscue\n|-damage|p2a: Eiscue|75/100\n|-boost|p1a: Excadrill|spe|1\n|move|p2a: Eiscue|Ice Spinner|p1a: Excadrill\n|-damage|p1a: Excadrill|0 fnt\n|faint|p1a: Excadrill\n|\n|upkeep\n|inactive|Time left: 300 sec this turn | 300 sec total | 5 sec grace\n|\n|t:|1783569235\n|switch|p1a: Toxtricity|Toxtricity, L82, F|130/257\n|turn|26\n|inactive|Time left: 300 sec this turn | 300 sec total\n|\n|t:|1783569236\n|-terastallize|p1a: Toxtricity|Normal\n|move|p1a: Toxtricity|Boomburst|p2a: Eiscue\n|-damage|p2a: Eiscue|0 fnt\n|faint|p2a: Eiscue\n|\n|upkeep\n|\n|t:|1783569237\n|switch|p2a: Grafaiai|Grafaiai, L86, F|100/100\n|turn|27\n|inactive|Time left: 300 sec this turn | 300 sec total\n|\n|t:|1783569238\n|switch|p1a: Swampert|Swampert, L83, F|302/302\n|move|p2a: Grafaiai|Knock Off|p1a: Swampert\n|-damage|p1a: Swampert|228/302\n|-status|p1a: Swampert|psn|[from] ability: Poison Touch|[of] p2a: Grafaiai\n|-enditem|p1a: Swampert|Leftovers|[from] move: Knock Off|[of] p2a: Grafaiai\n|\n|-damage|p1a: Swampert|191/302 psn|[from] psn\n|upkeep\n|turn|28\n|inactive|Time left: 300 sec this turn | 300 sec total\n|\n|t:|1783569239\n|move|p2a: Grafaiai|Super Fang|p1a: Swampert\n|-damage|p1a: Swampert|96/302 psn\n|move|p1a: Swampert|Earthquake|p2a: Grafaiai\n|-supereffective|p2a: Grafaiai\n|-damage|p2a: Grafaiai|0 fnt\n|faint|p2a: Grafaiai\n|\n|win|p0x252358b9", "uploadtime": 1783569239, "views": 0, "rating": 0, "private": 0, "password": null, "_winner": "p0x252358b9", "_our_name": "p0x252358b9"}