{"id": "battle-gen9randombattle-2749", "formatid": "gen9randombattle", "format": "[Gen 9] Random Battle", "players": ["p0x27494ebf", "p0y2749006a"], "log": "|init|battle\n|title|p0x27494ebf vs. p0y2749006a\n|j|\u2606p0x27494ebf\n|j|\u2606p0y2749006a\n|t:|1783571686\n|gametype|singles\n|player|p1|p0x27494ebf|1|\n|player|p2|p0y2749006a|266|\n|gen|9\n|tier|[Gen 9] Random Battle\n|rule|Species Clause: Limit one of each Pok\u00e9mon\n|rule|HP Percentage Mod: HP is shown in percentages\n|rule|Sleep Clause Mod: Limit one foe put to sleep\n|rule|Illusion Level Mod: Illusion disguises the Pok\u00e9mon's true level\n|\n|t:|1783571686\n|teamsize|p1|6\n|teamsize|p2|6\n|start\n|switch|p1a: Morpeko|Morpeko, L88, M|100/100\n|switch|p2a: Cinderace|Cinderace, L77, M|250/250\n|turn|1\n|inactive|Battle timer is ON: inactive players will automatically lose when time's up. (requested by p0x27494ebf)\n|inactive|Time left: 300 sec this turn | 300 sec total | 60 sec grace\n|inactive|p0y2749006a also wants the timer to be on.\n|\n|t:|1783571688\n|move|p1a: Morpeko|Protect|p1a: Morpeko\n|-singleturn|p1a: Morpeko|Protect\n|move|p2a: Cinderace|U-turn|p1a: Morpeko\n|-start|p2a: Cinderace|typechange|Bug|[from] ability: Libero\n|-activate|p1a: Morpeko|move: Protect\n|\n|-formechange|p1a: Morpeko|Morpeko-Hangry||[from] ability: Hunger Switch\n|upkeep\n|turn|2\n|inactive|Time left: 300 sec this turn | 300 sec total\n|\n|t:|1783571689\n|switch|p1a: Sudowoodo|Sudowoodo, L94, F|100/100\n|move|p2a: Cinderace|U-turn|p1a: Sudowoodo\n|-damage|p1a: Sudowoodo|83/100\n|inactive|Time left: 300 sec this turn | 300 sec total | 5 sec grace\n|\n|t:|1783571690\n|switch|p2a: Shaymin|Shaymin, L82|298/298|[from] U-turn\n|\n|-heal|p1a: Sudowoodo|89/100|[from] item: Leftovers\n|upkeep\n|turn|3\n|inactive|Time left: 300 sec this turn | 300 sec total\n|\n|t:|1783571691\n|switch|p1a: Espathra|Espathra, L80, M|100/100\n|move|p2a: Shaymin|Seed Flare|p1a: Espathra\n|-damage|p1a: Espathra|41/100\n|\n|upkeep\n|turn|4\n|inactive|Time left: 300 sec this turn | 300 sec total\n|\n|t:|1783571692\n|move|p1a: Espathra|Lumina Crash|p2a: Shaymin\n|-damage|p2a: Shaymin|175/298\n|-unboost|p2a: Shaymin|spd|2\n|move|p2a: Shaymin|Seed Flare|p1a: Espathra\n|-damage|p1a: Espathra|0 fnt\n|faint|p1a: Espathra\n|\n|-heal|p2a: Shaymin|193/298|[from] item: Leftovers\n|upkeep\n|\n|t:|1783571693\n|switch|p1a: Morpeko|Morpeko, L88, M|100/100\n|turn|5\n|inactive|Time left: 300 sec this turn | 300 sec total\n|\n|t:|1783571694\n|move|p1a: Morpeko|Parting Shot|p2a: Shaymin\n|-unboost|p2a: Shaymin|atk|1\n|-unboost|p2a: Shaymin|spa|1\n|\n|t:|1783571695\n|switch|p1a: Hariyama|Hariyama, L87, F|100/100|[from] Parting Shot\n|move|p2a: Shaymin|Seed Flare|p1a: Hariyama\n|-damage|p1a: Hariyama|84/100\n|-unboost|p1a: Hariyama|spd|2\n|\n|-heal|p2a: Shaymin|211/298|[from] item: Leftovers\n|upkeep\n|turn|6\n|inactive|Time left: 300 sec this turn | 300 sec total\n|\n|t:|1783571696\n|switch|p2a: Vespiquen|Vespiquen, L99, F|299/299\n|-ability|p2a: Vespiquen|Pressure\n|move|p1a: Hariyama|Knock Off|p2a: Vespiquen\n|-damage|p2a: Vespiquen|238/299\n|-enditem|p2a: Vespiquen|Heavy-Duty Boots|[from] move: Knock Off|[of] p1a: Hariyama\n|\n|upkeep\n|turn|7\n|inactive|Time left: 300 sec this turn | 300 sec total\n|\n|t:|1783571697\n|switch|p1a: Basculegion|Basculegion, L80, M|100/100\n|move|p2a: Vespiquen|Hurricane|p1a: Basculegion\n|-damage|p1a: Basculegion|67/100\n|-start|p1a: Basculegion|confusion\n|\n|upkeep\n|turn|8\n|inactive|Time left: 300 sec this turn | 300 sec total\n|\n|t:|1783571697\n|switch|p1a: Morpeko|Morpeko, L88, M|100/100\n|move|p2a: Vespiquen|Hurricane|p1a: Morpeko\n|-resisted|p1a: Morpeko\n|-damage|p1a: Morpeko|64/100\n|\n|-formechange|p1a: Morpeko|Morpeko-Hangry||[from] ability: Hunger Switch\n|upkeep\n|turn|9\n|inactive|Time left: 300 sec this turn | 300 sec total\n|\n|t:|1783571698\n|move|p1a: Morpeko|Protect|p1a: Morpeko\n|-singleturn|p1a: Morpeko|Protect\n|move|p2a: Vespiquen|Roost|p2a: Vespiquen\n|-heal|p2a: Vespiquen|299/299\n|-singleturn|p2a: Vespiquen|move: Roost\n|\n|-formechange|p1a: Morpeko|Morpeko||[from] ability: Hunger Switch\n|upkeep\n|turn|10\n|inactive|Time left: 300 sec this turn | 300 sec total\n|\n|t:|1783571699\n|switch|p2a: Shaymin|Shaymin, L82|211/298\n|-terastallize|p1a: Morpeko|Electric\n|move|p1a: Morpeko|Aura Wheel|p2a: Shaymin\n|-resisted|p2a: Shaymin\n|-damage|p2a: Shaymin|135/298\n|-boost|p1a: Morpeko|spe|1\n|\n|-heal|p2a: Shaymin|153/298|[from] item: Leftovers\n|upkeep\n|turn|11\n|inactive|Time left: 300 sec this turn | 300 sec total\n|\n|t:|1783571700\n|move|p1a: Morpeko|Protect|p1a: Morpeko\n|-singleturn|p1a: Morpeko|Protect\n|move|p2a: Shaymin|Seed Flare|p1a: Morpeko\n|-activate|p1a: Morpeko|move: Protect\n|\n|-heal|p2a: Shaymin|171/298|[from] item: Leftovers\n|upkeep\n|turn|12\n|inactive|Time left: 300 sec this turn | 300 sec total\n|\n|t:|1783571701\n|move|p1a: Morpeko|Parting Shot|p2a: Shaymin\n|-unboost|p2a: Shaymin|atk|1\n|-unboost|p2a: Shaymin|spa|1\n|\n|t:|1783571702\n|switch|p1a: Sudowoodo|Sudowoodo, L94, F|89/100|[from] Parting Shot\n|move|p2a: Shaymin|Seed Flare|p1a: Sudowoodo\n|-supereffective|p1a: Sudowoodo\n|-damage|p1a: Sudowoodo|29/100\n|-unboost|p1a: Sudowoodo|spd|2\n|\n|-heal|p2a: Shaymin|189/298|[from] item: Leftovers\n|-heal|p1a: Sudowoodo|35/100|[from] item: Leftovers\n|upkeep\n|turn|13\n|inactive|Time left: 300 sec this turn | 300 sec total\n|\n|t:|1783571703\n|move|p2a: Shaymin|Seed Flare|p1a: Sudowoodo\n|-supereffective|p1a: Sudowoodo\n|-damage|p1a: Sudowoodo|0 fnt\n|faint|p1a: Sudowoodo\n|\n|-heal|p2a: Shaymin|207/298|[from] item: Leftovers\n|upkeep\n|\n|t:|1783571704\n|switch|p1a: Morpeko|Morpeko, L88, M, tera:Electric|64/100\n|turn|14\n|inactive|Time left: 300 sec this turn | 300 sec total\n|\n|t:|1783571705\n|switch|p2a: Incineroar|Incineroar, L82, M|290/290\n|-ability|p2a: Incineroar|Intimidate|boost\n|-unboost|p1a: Morpeko|atk|1\n|move|p1a: Morpeko|Aura Wheel|p2a: Incineroar\n|-damage|p2a: Incineroar|176/290\n|-boost|p1a: Morpeko|spe|1\n|\n|upkeep\n|turn|15\n|inactive|Time left: 300 sec this turn | 300 sec total\n|\n|t:|1783571706\n|move|p1a: Morpeko|Aura Wheel|p2a: Incineroar\n|-damage|p2a: Incineroar|52/290\n|-boost|p1a: Morpeko|spe|1\n|move|p2a: Incineroar|Knock Off|p1a: Morpeko\n|-damage|p1a: Morpeko|10/100\n|-enditem|p1a: Morpeko|Heavy-Duty Boots|[from] move: Knock Off|[of] p2a: Incineroar\n|\n|upkeep\n|turn|16\n|inactive|Time left: 300 sec this turn | 300 sec total\n|\n|t:|1783571707\n|switch|p2a: Shaymin|Shaymin, L82|207/298\n|move|p1a: Morpeko|Aura Wheel|p2a: Shaymin\n|-resisted|p2a: Shaymin\n|-damage|p2a: Shaymin|155/298\n|-boost|p1a: Morpeko|spe|1\n|\n|-heal|p2a: Shaymin|173/298|[from] item: Leftovers\n|upkeep\n|turn|17\n|inactive|Time left: 300 sec this turn | 300 sec total\n|\n|t:|1783571708\n|move|p1a: Morpeko|Protect|p1a: Morpeko\n|-singleturn|p1a: Morpeko|Protect\n|move|p2a: Shaymin|Seed Flare|p1a: Morpeko\n|-activate|p1a: Morpeko|move: Protect\n|\n|-heal|p2a: Shaymin|191/298|[from] item: Leftovers\n|upkeep\n|turn|18\n|inactive|Time left: 300 sec this turn | 300 sec total\n|\n|t:|1783571709\n|move|p1a: Morpeko|Parting Shot|p2a: Shaymin\n|-unboost|p2a: Shaymin|atk|1\n|-unboost|p2a: Shaymin|spa|1\n|\n|t:|1783571710\n|switch|p1a: Hariyama|Hariyama, L87, F|84/100|[from] Parting Shot\n|move|p2a: Shaymin|Seed Flare|p1a: Hariyama\n|-damage|p1a: Hariyama|65/100\n|-unboost|p1a: Hariyama|spd|2\n|\n|-heal|p2a: Shaymin|209/298|[from] item: Leftovers\n|upkeep\n|turn|19\n|inactive|Time left: 300 sec this turn | 300 sec total\n|\n|t:|1783571711\n|switch|p1a: Morpeko|Morpeko, L88, M, tera:Electric|10/100\n|move|p2a: Shaymin|Earth Power|p1a: Morpeko\n|-supereffective|p1a: Morpeko\n|-damage|p1a: Morpeko|0 fnt\n|faint|p1a: Morpeko\n|\n|-heal|p2a: Shaymin|227/298|[from] item: Leftovers\n|upkeep\n|\n|t:|1783571712\n|switch|p1a: Basculegion|Basculegion, L80, M|67/100\n|turn|20\n|inactive|Time left: 300 sec this turn | 300 sec total\n|\n|t:|1783571713\n|switch|p2a: Tatsugiri|Tatsugiri, L87, F|260/260\n|move|p1a: Basculegion|Shadow Ball|p2a: Tatsugiri\n|-damage|p2a: Tatsugiri|180/260\n|\n|upkeep\n|turn|21\n|inactive|Time left: 300 sec this turn | 300 sec total\n|\n|t:|1783571714\n|move|p2a: Tatsugiri|Nasty Plot|p2a: Tatsugiri\n|-boost|p2a: Tatsugiri|spa|2\n|move|p1a: Basculegion|Shadow Ball|p2a: Tatsugiri\n|-damage|p2a: Tatsugiri|88/260\n|\n|upkeep\n|turn|22\n|inactive|Time left: 300 sec this turn | 300 sec total\n|\n|t:|1783571715\n|move|p2a: Tatsugiri|Draco Meteor|p1a: Basculegion\n|-damage|p1a: Basculegion|0 fnt\n|-unboost|p2a: Tatsugiri|spa|2\n|faint|p1a: Basculegion\n|\n|upkeep\n|\n|t:|1783571716\n|switch|p1a: Hariyama|Hariyama, L87, F|65/100\n|turn|23\n|inactive|Time left: 300 sec this turn | 300 sec total\n|\n|t:|1783571717\n|switch|p2a: Incineroar|Incineroar, L82, M|52/290\n|-ability|p2a: Incineroar|Intimidate|boost\n|-unboost|p1a: Hariyama|atk|1\n|move|p1a: Hariyama|Knock Off|p2a: Incineroar\n|-resisted|p2a: Incineroar\n|-damage|p2a: Incineroar|24/290\n|-enditem|p2a: Incineroar|Heavy-Duty Boots|[from] move: Knock Off|[of] p1a: Hariyama\n|\n|upkeep\n|turn|24\n|inactive|Time left: 300 sec this turn | 300 sec total\n|\n|t:|1783571718\n|switch|p1a: Phione|Phione, L91|100/100\n|move|p2a: Incineroar|Will-O-Wisp|p1a: Phione\n|-status|p1a: Phione|brn\n|\n|-damage|p1a: Phione|94/100 brn|[from] brn\n|upkeep\n|turn|25\n|inactive|Time left: 300 sec this turn | 300 sec total\n|\n|t:|1783571719\n|switch|p2a: Tatsugiri|Tatsugiri, L87, F|88/260\n|move|p1a: Phione|Ice Beam|p2a: Tatsugiri\n|-damage|p2a: Tatsugiri|28/260\n|\n|-heal|p1a: Phione|100/100 brn|[from] item: Leftovers\n|-damage|p1a: Phione|94/100 brn|[from] brn\n|upkeep\n|turn|26\n|inactive|Time left: 300 sec this turn | 300 sec total\n|\n|t:|1783571720\n|switch|p2a: Indeedee|Indeedee, L84, M|238/238\n|-fieldstart|move: Psychic Terrain|[from] ability: Psychic Surge|[of] p2a: Indeedee\n|move|p1a: Phione|Ice Beam|p2a: Indeedee\n|-damage|p2a: Indeedee|180/238\n|\n|-heal|p1a: Phione|100/100 brn|[from] item: Leftovers\n|-damage|p1a: Phione|94/100 brn|[from] brn\n|upkeep\n|turn|27\n|inactive|Time left: 300 sec this turn | 300 sec total\n|\n|t:|1783571721\n|move|p2a: Indeedee|Expanding Force|p1a: Phione\n|-damage|p1a: Phione|32/100 brn\n|move|p1a: Phione|Ice Beam|p2a: Indeedee\n|-damage|p2a: Indeedee|120/238\n|\n|-heal|p1a: Phione|38/100 brn|[from] item: Leftovers\n|-damage|p1a: Phione|32/100 brn|[from] brn\n|upkeep\n|turn|28\n|inactive|Time left: 300 sec this turn | 300 sec total\n|\n|t:|1783571722\n|move|p2a: Indeedee|Expanding Force|p1a: Phione\n|-damage|p1a: Phione|0 fnt\n|faint|p1a: Phione\n|\n|upkeep\n|\n|t:|1783571723\n|switch|p1a: Hariyama|Hariyama, L87, F|65/100\n|turn|29\n|inactive|Time left: 300 sec this turn | 300 sec total\n|\n|t:|1783571724\n|move|p2a: Indeedee|Expanding Force|p1a: Hariyama\n|-supereffective|p1a: Hariyama\n|-damage|p1a: Hariyama|0 fnt\n|faint|p1a: Hariyama\n|\n|win|p0y2749006a", "uploadtime": 1783571724, "views": 0, "rating": 0, "private": 0, "password": null, "_winner": "p0y2749006a", "_our_name": "p0y2749006a"}