{"id": "battle-gen9randombattle-2135", "formatid": "gen9randombattle", "format": "[Gen 9] Random Battle", "players": ["p0x21359338", "p0y2135da8d"], "log": "|init|battle\n|title|p0x21359338 vs. p0y2135da8d\n|j|\u2606p0x21359338\n|j|\u2606p0y2135da8d\n|t:|1783564716\n|gametype|singles\n|player|p1|p0x21359338|169|\n|player|p2|p0y2135da8d|266|\n|gen|9\n|tier|[Gen 9] Random Battle\n|rule|Species Clause: Limit one of each Pok\u00e9mon\n|rule|HP Percentage Mod: HP is shown in percentages\n|rule|Sleep Clause Mod: Limit one foe put to sleep\n|rule|Illusion Level Mod: Illusion disguises the Pok\u00e9mon's true level\n|\n|t:|1783564716\n|teamsize|p1|6\n|teamsize|p2|6\n|start\n|switch|p1a: Brute Bonnet|Brute Bonnet, L80|100/100\n|switch|p2a: Drifblim|Drifblim, L86, M|398/398\n|turn|1\n|inactive|Battle timer is ON: inactive players will automatically lose when time's up. (requested by p0y2135da8d)\n|inactive|p0x21359338 also wants the timer to be on.\n|\n|t:|1783564717\n|move|p2a: Drifblim|Strength Sap|p1a: Brute Bonnet\n|-unboost|p1a: Brute Bonnet|atk|1\n|move|p1a: Brute Bonnet|Crunch|p2a: Drifblim\n|-supereffective|p2a: Drifblim\n|-damage|p2a: Drifblim|204/398\n|\n|upkeep\n|turn|2\n|inactive|Time left: 300 sec this turn | 300 sec total\n|\n|t:|1783564718\n|move|p2a: Drifblim|Strength Sap|p1a: Brute Bonnet\n|-unboost|p1a: Brute Bonnet|atk|1\n|-heal|p2a: Drifblim|370/398\n|move|p1a: Brute Bonnet|Spore|p2a: Drifblim\n|-status|p2a: Drifblim|slp|[from] move: Spore\n|\n|upkeep\n|turn|3\n|inactive|Time left: 300 sec this turn | 300 sec total\n|\n|t:|1783564719\n|switch|p2a: Glastrier|Glastrier, L86|312/312\n|-end|p1a: Brute Bonnet|Protosynthesis|[silent]\n|switch|p1a: Garchomp|Garchomp, L74, M|100/100\n|\n|upkeep\n|turn|4\n|inactive|Time left: 300 sec this turn | 300 sec total\n|\n|t:|1783564720\n|switch|p1a: Reuniclus|Reuniclus, L88, F|100/100\n|move|p2a: Glastrier|Icicle Crash|p1a: Reuniclus|[miss]\n|-miss|p2a: Glastrier|p1a: Reuniclus\n|\n|upkeep\n|turn|5\n|inactive|Time left: 300 sec this turn | 300 sec total\n|\n|t:|1783564721\n|move|p1a: Reuniclus|Focus Blast|p2a: Glastrier|[miss]\n|-miss|p1a: Reuniclus|p2a: Glastrier\n|move|p2a: Glastrier|Swords Dance|p2a: Glastrier\n|-boost|p2a: Glastrier|atk|2\n|\n|upkeep\n|turn|6\n|inactive|Time left: 300 sec this turn | 300 sec total\n|\n|t:|1783564722\n|move|p1a: Reuniclus|Focus Blast|p2a: Glastrier|[miss]\n|-miss|p1a: Reuniclus|p2a: Glastrier\n|move|p2a: Glastrier|Heavy Slam|p1a: Reuniclus\n|-damage|p1a: Reuniclus|25/100\n|\n|upkeep\n|turn|7\n|inactive|Time left: 300 sec this turn | 300 sec total\n|\n|t:|1783564722\n|move|p1a: Reuniclus|Focus Blast|p2a: Glastrier\n|-supereffective|p2a: Glastrier\n|-damage|p2a: Glastrier|83/312\n|move|p2a: Glastrier|Icicle Crash|p1a: Reuniclus\n|-damage|p1a: Reuniclus|0 fnt\n|faint|p1a: Reuniclus\n|-ability|p2a: Glastrier|Chilling Neigh|boost\n|-boost|p2a: Glastrier|atk|1\n|\n|upkeep\n|\n|t:|1783564724\n|switch|p1a: Hitmonlee|Hitmonlee, L85, M|100/100\n|turn|8\n|inactive|Time left: 300 sec this turn | 300 sec total\n|\n|t:|1783564725\n|switch|p2a: Brambleghast|Brambleghast, L88, M|240/240\n|move|p1a: Hitmonlee|Close Combat|p2a: Brambleghast\n|-immune|p2a: Brambleghast\n|\n|upkeep\n|turn|9\n|inactive|Time left: 300 sec this turn | 300 sec total\n|\n|t:|1783564726\n|switch|p1a: Brute Bonnet|Brute Bonnet, L80|100/100\n|move|p2a: Brambleghast|Power Whip|p1a: Brute Bonnet\n|-resisted|p1a: Brute Bonnet\n|-damage|p1a: Brute Bonnet|76/100\n|\n|-heal|p1a: Brute Bonnet|82/100|[from] item: Leftovers\n|upkeep\n|turn|10\n|inactive|Time left: 300 sec this turn | 300 sec total\n|\n|t:|1783564727\n|move|p2a: Brambleghast|Spikes|p1a: Brute Bonnet\n|-sidestart|p1: p0x21359338|Spikes\n|move|p1a: Brute Bonnet|Crunch|p2a: Brambleghast\n|-supereffective|p2a: Brambleghast\n|-damage|p2a: Brambleghast|30/240\n|\n|-heal|p2a: Brambleghast|45/240|[from] item: Leftovers\n|-heal|p1a: Brute Bonnet|88/100|[from] item: Leftovers\n|upkeep\n|turn|11\n|inactive|Time left: 300 sec this turn | 300 sec total\n|\n|t:|1783564728\n|move|p2a: Brambleghast|Strength Sap|p1a: Brute Bonnet\n|-unboost|p1a: Brute Bonnet|atk|1\n|-heal|p2a: Brambleghast|240/240\n|move|p1a: Brute Bonnet|Crunch|p2a: Brambleghast\n|-supereffective|p2a: Brambleghast\n|-damage|p2a: Brambleghast|84/240\n|\n|-heal|p2a: Brambleghast|99/240|[from] item: Leftovers\n|-heal|p1a: Brute Bonnet|94/100|[from] item: Leftovers\n|upkeep\n|turn|12\n|inactive|Time left: 300 sec this turn | 300 sec total\n|\n|t:|1783564729\n|move|p2a: Brambleghast|Strength Sap|p1a: Brute Bonnet\n|-unboost|p1a: Brute Bonnet|atk|1\n|-heal|p2a: Brambleghast|240/240\n|move|p1a: Brute Bonnet|Crunch|p2a: Brambleghast\n|-supereffective|p2a: Brambleghast\n|-damage|p2a: Brambleghast|130/240\n|\n|-heal|p2a: Brambleghast|145/240|[from] item: Leftovers\n|-heal|p1a: Brute Bonnet|99/100|[from] item: Leftovers\n|upkeep\n|turn|13\n|inactive|Time left: 300 sec this turn | 300 sec total\n|\n|t:|1783564730\n|move|p2a: Brambleghast|Strength Sap|p1a: Brute Bonnet\n|-unboost|p1a: Brute Bonnet|atk|1\n|-heal|p2a: Brambleghast|240/240\n|move|p1a: Brute Bonnet|Crunch|p2a: Brambleghast\n|-supereffective|p2a: Brambleghast\n|-damage|p2a: Brambleghast|150/240\n|\n|-heal|p2a: Brambleghast|165/240|[from] item: Leftovers\n|-heal|p1a: Brute Bonnet|100/100|[from] item: Leftovers\n|upkeep\n|turn|14\n|inactive|Time left: 300 sec this turn | 300 sec total\n|\n|t:|1783564731\n|-end|p1a: Brute Bonnet|Protosynthesis|[silent]\n|switch|p1a: Talonflame|Talonflame, L83, F|100/100\n|move|p2a: Brambleghast|Power Whip|p1a: Talonflame\n|-resisted|p1a: Talonflame\n|-damage|p1a: Talonflame|84/100\n|\n|-heal|p2a: Brambleghast|180/240|[from] item: Leftovers\n|upkeep\n|turn|15\n|inactive|Time left: 300 sec this turn | 300 sec total\n|\n|t:|1783564732\n|-terastallize|p2a: Brambleghast|Fairy\n|move|p1a: Talonflame|Brave Bird|p2a: Brambleghast\n|-damage|p2a: Brambleghast|65/240\n|-damage|p1a: Talonflame|70/100|[from] Recoil\n|move|p2a: Brambleghast|Poltergeist|p1a: Talonflame|[miss]\n|-miss|p2a: Brambleghast|p1a: Talonflame\n|\n|-heal|p2a: Brambleghast|80/240|[from] item: Leftovers\n|upkeep\n|turn|16\n|inactive|Time left: 300 sec this turn | 300 sec total\n|\n|t:|1783564733\n|move|p1a: Talonflame|Brave Bird|p2a: Brambleghast\n|-damage|p2a: Brambleghast|0 fnt\n|faint|p2a: Brambleghast\n|-damage|p1a: Talonflame|60/100|[from] Recoil\n|\n|upkeep\n|inactive|Time left: 300 sec this turn | 300 sec total | 5 sec grace\n|\n|t:|1783564734\n|switch|p2a: Greninja|Greninja, L80, M|246/246\n|turn|17\n|inactive|Time left: 300 sec this turn | 300 sec total\n|\n|t:|1783564735\n|move|p1a: Talonflame|Brave Bird|p2a: Greninja\n|-damage|p2a: Greninja|95/246\n|-damage|p1a: Talonflame|41/100|[from] Recoil\n|move|p2a: Greninja|Hydro Pump|p1a: Talonflame\n|-supereffective|p1a: Talonflame\n|-damage|p1a: Talonflame|0 fnt\n|faint|p1a: Talonflame\n|-ability|p2a: Greninja|Battle Bond|boost\n|-boost|p2a: Greninja|atk|1\n|-boost|p2a: Greninja|spa|1\n|-boost|p2a: Greninja|spe|1\n|-activate|p2a: Greninja|ability: Battle Bond\n|-damage|p2a: Greninja|71/246|[from] item: Life Orb\n|\n|upkeep\n|\n|t:|1783564737\n|switch|p1a: Brute Bonnet|Brute Bonnet, L80|100/100\n|-damage|p1a: Brute Bonnet|88/100|[from] Spikes\n|turn|18\n|inactive|Time left: 300 sec this turn | 300 sec total\n|\n|t:|1783564738\n|move|p1a: Brute Bonnet|Sucker Punch|p2a: Greninja\n|-resisted|p2a: Greninja\n|-damage|p2a: Greninja|18/246\n|move|p2a: Greninja|Gunk Shot|p1a: Brute Bonnet|[miss]\n|-miss|p2a: Greninja|p1a: Brute Bonnet\n|\n|-heal|p1a: Brute Bonnet|94/100|[from] item: Leftovers\n|upkeep\n|turn|19\n|inactive|Time left: 300 sec this turn | 300 sec total\n|\n|t:|1783564739\n|move|p1a: Brute Bonnet|Sucker Punch|p2a: Greninja\n|-resisted|p2a: Greninja\n|-damage|p2a: Greninja|0 fnt\n|faint|p2a: Greninja\n|\n|-heal|p1a: Brute Bonnet|100/100|[from] item: Leftovers\n|upkeep\n|inactive|Time left: 300 sec this turn | 300 sec total | 5 sec grace\n|\n|t:|1783564740\n|switch|p2a: Glastrier|Glastrier, L86|83/312\n|turn|20\n|inactive|Time left: 300 sec this turn | 300 sec total\n|\n|t:|1783564741\n|move|p1a: Brute Bonnet|Close Combat|p2a: Glastrier\n|-supereffective|p2a: Glastrier\n|-damage|p2a: Glastrier|0 fnt\n|-unboost|p1a: Brute Bonnet|def|1\n|-unboost|p1a: Brute Bonnet|spd|1\n|faint|p2a: Glastrier\n|\n|upkeep\n|inactive|Time left: 300 sec this turn | 300 sec total | 5 sec grace\n|\n|t:|1783564742\n|switch|p2a: Dodrio|Dodrio, L85, M|241/241\n|turn|21\n|inactive|Time left: 300 sec this turn | 300 sec total\n|\n|t:|1783564743\n|-end|p1a: Brute Bonnet|Protosynthesis|[silent]\n|switch|p1a: Groudon|Groudon, L72|100/100\n|-damage|p1a: Groudon|88/100|[from] Spikes\n|-weather|SunnyDay|[from] ability: Drought|[of] p1a: Groudon\n|move|p2a: Dodrio|Brave Bird|p1a: Groudon\n|-damage|p1a: Groudon|43/100\n|-damage|p2a: Dodrio|202/241|[from] Recoil\n|\n|-weather|SunnyDay|[upkeep]\n|-heal|p1a: Groudon|50/100|[from] item: Leftovers\n|upkeep\n|turn|22\n|inactive|Time left: 300 sec this turn | 300 sec total\n|\n|t:|1783564744\n|-terastallize|p1a: Groudon|Fire\n|move|p2a: Dodrio|Double-Edge|p1a: Groudon\n|-damage|p1a: Groudon|6/100\n|-damage|p2a: Dodrio|164/241|[from] Recoil\n|move|p1a: Groudon|Heat Crash|p2a: Dodrio\n|-damage|p2a: Dodrio|0 fnt\n|faint|p2a: Dodrio\n|\n|-weather|SunnyDay|[upkeep]\n|-heal|p1a: Groudon|12/100|[from] item: Leftovers\n|upkeep\n|inactive|Time left: 300 sec this turn | 300 sec total | 5 sec grace\n|\n|t:|1783564745\n|switch|p2a: Indeedee|Indeedee-F, L90, F|272/272\n|-fieldstart|move: Psychic Terrain|[from] ability: Psychic Surge|[of] p2a: Indeedee\n|turn|23\n|inactive|Time left: 300 sec this turn | 300 sec total\n|\n|t:|1783564746\n|move|p2a: Indeedee|Dazzling Gleam|p1a: Groudon\n|-resisted|p1a: Groudon\n|-damage|p1a: Groudon|0 fnt\n|faint|p1a: Groudon\n|\n|-weather|SunnyDay|[upkeep]\n|upkeep\n|\n|t:|1783564747\n|switch|p1a: Brute Bonnet|Brute Bonnet, L80|100/100\n|-damage|p1a: Brute Bonnet|88/100|[from] Spikes\n|-activate|p1a: Brute Bonnet|ability: Protosynthesis\n|-start|p1a: Brute Bonnet|protosynthesisatk\n|turn|24\n|inactive|Time left: 300 sec this turn | 300 sec total\n|\n|t:|1783564748\n|switch|p2a: Drifblim|Drifblim, L86, M|370/398 slp\n|move|p1a: Brute Bonnet|Crunch|p2a: Drifblim\n|-supereffective|p2a: Drifblim\n|-damage|p2a: Drifblim|0 fnt\n|-damage|p1a: Brute Bonnet|63/100|[from] ability: Aftermath|[of] p2a: Drifblim\n|faint|p2a: Drifblim\n|\n|-weather|SunnyDay|[upkeep]\n|-heal|p1a: Brute Bonnet|69/100|[from] item: Leftovers\n|upkeep\n|inactive|Time left: 300 sec this turn | 300 sec total | 5 sec grace\n|\n|t:|1783564749\n|switch|p2a: Indeedee|Indeedee-F, L90, F|272/272\n|turn|25\n|inactive|Time left: 300 sec this turn | 300 sec total\n|\n|t:|1783564750\n|move|p2a: Indeedee|Hyper Voice|p1a: Brute Bonnet\n|-damage|p1a: Brute Bonnet|34/100\n|move|p1a: Brute Bonnet|Crunch|p2a: Indeedee\n|-supereffective|p2a: Indeedee\n|-damage|p2a: Indeedee|0 fnt\n|faint|p2a: Indeedee\n|\n|win|p0x21359338", "uploadtime": 1783564750, "views": 0, "rating": 0, "private": 0, "password": null, "_winner": "p0x21359338", "_our_name": "p0y2135da8d"}