{"id": "battle-gen9randombattle-2084", "formatid": "gen9randombattle", "format": "[Gen 9] Random Battle", "players": ["p0x2084c0f1", "p0y20842c1b"], "log": "|init|battle\n|title|p0x2084c0f1 vs. p0y20842c1b\n|j|\u2606p0x2084c0f1\n|j|\u2606p0y20842c1b\n|t:|1783563327\n|gametype|singles\n|player|p1|p0x2084c0f1|101|\n|player|p2|p0y20842c1b|169|\n|gen|9\n|tier|[Gen 9] Random Battle\n|rule|Species Clause: Limit one of each Pok\u00e9mon\n|rule|HP Percentage Mod: HP is shown in percentages\n|rule|Sleep Clause Mod: Limit one foe put to sleep\n|rule|Illusion Level Mod: Illusion disguises the Pok\u00e9mon's true level\n|\n|t:|1783563327\n|teamsize|p1|6\n|teamsize|p2|6\n|start\n|switch|p1a: Typhlosion|Typhlosion-Hisui, L83, F|257/257\n|switch|p2a: Sawsbuck|Sawsbuck-Winter, L88, F|100/100\n|turn|1\n|inactive|Battle timer is ON: inactive players will automatically lose when time's up. (requested by p0y20842c1b)\n|inactive|Time left: 300 sec this turn | 300 sec total | 60 sec grace\n|inactive|p0x2084c0f1 also wants the timer to be on.\n|\n|t:|1783563329\n|move|p1a: Typhlosion|Eruption|p2a: Sawsbuck\n|-supereffective|p2a: Sawsbuck\n|-damage|p2a: Sawsbuck|0 fnt\n|faint|p2a: Sawsbuck\n|\n|upkeep\n|\n|t:|1783563330\n|switch|p2a: Chi-Yu|Chi-Yu, L77|100/100\n|-ability|p2a: Chi-Yu|Beads of Ruin\n|turn|2\n|inactive|Time left: 300 sec this turn | 300 sec total\n|\n|t:|1783563331\n|move|p1a: Typhlosion|Eruption|p2a: Chi-Yu\n|-resisted|p2a: Chi-Yu\n|-damage|p2a: Chi-Yu|64/100\n|move|p2a: Chi-Yu|Dark Pulse|p1a: Typhlosion\n|-supereffective|p1a: Typhlosion\n|-damage|p1a: Typhlosion|0 fnt\n|faint|p1a: Typhlosion\n|\n|upkeep\n|inactive|Time left: 300 sec this turn | 300 sec total | 5 sec grace\n|\n|t:|1783563332\n|switch|p1a: Crawdaunt|Crawdaunt, L84, F|243/243\n|turn|3\n|inactive|Time left: 300 sec this turn | 300 sec total\n|\n|t:|1783563333\n|move|p2a: Chi-Yu|Dark Pulse|p1a: Crawdaunt\n|-resisted|p1a: Crawdaunt\n|-damage|p1a: Crawdaunt|162/243\n|cant|p1a: Crawdaunt|flinch\n|\n|upkeep\n|turn|4\n|inactive|Time left: 300 sec this turn | 300 sec total\n|\n|t:|1783563335\n|move|p2a: Chi-Yu|Dark Pulse|p1a: Crawdaunt\n|-resisted|p1a: Crawdaunt\n|-damage|p1a: Crawdaunt|84/243\n|cant|p1a: Crawdaunt|flinch\n|\n|upkeep\n|turn|5\n|inactive|Time left: 300 sec this turn | 300 sec total\n|\n|t:|1783563336\n|move|p1a: Crawdaunt|Aqua Jet|p2a: Chi-Yu\n|-supereffective|p2a: Chi-Yu\n|-damage|p2a: Chi-Yu|0 fnt\n|faint|p2a: Chi-Yu\n|-damage|p1a: Crawdaunt|60/243|[from] item: Life Orb\n|\n|upkeep\n|\n|t:|1783563337\n|switch|p2a: Beartic|Beartic, L91, F|100/100\n|turn|6\n|inactive|Time left: 300 sec this turn | 300 sec total\n|\n|t:|1783563338\n|switch|p1a: Scrafty|Scrafty, L83, F|244/244\n|-ability|p1a: Scrafty|Intimidate|boost\n|-unboost|p2a: Beartic|atk|1\n|move|p2a: Beartic|Earthquake|p1a: Scrafty\n|-damage|p1a: Scrafty|163/244\n|\n|-heal|p1a: Scrafty|178/244|[from] item: Leftovers\n|upkeep\n|turn|7\n|inactive|Time left: 300 sec this turn | 300 sec total\n|\n|t:|1783563339\n|move|p1a: Scrafty|Drain Punch|p2a: Beartic\n|-supereffective|p2a: Beartic\n|-damage|p2a: Beartic|50/100\n|-heal|p1a: Scrafty|244/244|[from] drain|[of] p2a: Beartic\n|move|p2a: Beartic|Earthquake|p1a: Scrafty\n|-damage|p1a: Scrafty|151/244\n|\n|-heal|p1a: Scrafty|166/244|[from] item: Leftovers\n|upkeep\n|turn|8\n|inactive|Time left: 300 sec this turn | 300 sec total\n|\n|t:|1783563340\n|switch|p2a: Granbull|Granbull, L88, M|100/100\n|-ability|p2a: Granbull|Intimidate|boost\n|-unboost|p1a: Scrafty|atk|1\n|move|p1a: Scrafty|Drain Punch|p2a: Granbull\n|-resisted|p2a: Granbull\n|-damage|p2a: Granbull|92/100\n|-heal|p1a: Scrafty|180/244|[from] drain|[of] p2a: Granbull\n|\n|-heal|p1a: Scrafty|195/244|[from] item: Leftovers\n|-heal|p2a: Granbull|98/100|[from] item: Leftovers\n|upkeep\n|turn|9\n|inactive|Time left: 300 sec this turn | 300 sec total\n|\n|t:|1783563341\n|switch|p1a: Archaludon|Archaludon, L78, F|268/268\n|move|p2a: Granbull|Play Rough|p1a: Archaludon|[miss]\n|-miss|p2a: Granbull|p1a: Archaludon\n|\n|-heal|p2a: Granbull|100/100|[from] item: Leftovers\n|upkeep\n|turn|10\n|inactive|Time left: 300 sec this turn | 300 sec total\n|\n|t:|1783563342\n|move|p1a: Archaludon|Iron Head|p2a: Granbull\n|-supereffective|p2a: Granbull\n|-damage|p2a: Granbull|41/100\n|move|p2a: Granbull|Play Rough|p1a: Archaludon|[miss]\n|-miss|p2a: Granbull|p1a: Archaludon\n|\n|-heal|p2a: Granbull|47/100|[from] item: Leftovers\n|upkeep\n|turn|11\n|inactive|Time left: 300 sec this turn | 300 sec total\n|\n|t:|1783563343\n|switch|p2a: Barraskewda|Barraskewda, L81, F|100/100\n|move|p1a: Archaludon|Iron Head|p2a: Barraskewda\n|-resisted|p2a: Barraskewda\n|-damage|p2a: Barraskewda|79/100\n|\n|upkeep\n|turn|12\n|inactive|Time left: 300 sec this turn | 300 sec total\n|\n|t:|1783563344\n|-terastallize|p2a: Barraskewda|Fighting\n|move|p2a: Barraskewda|Close Combat|p1a: Archaludon\n|-supereffective|p1a: Archaludon\n|-damage|p1a: Archaludon|0 fnt\n|-unboost|p2a: Barraskewda|def|1\n|-unboost|p2a: Barraskewda|spd|1\n|faint|p1a: Archaludon\n|\n|upkeep\n|inactive|Time left: 300 sec this turn | 300 sec total | 5 sec grace\n|\n|t:|1783563344\n|switch|p1a: Falinks|Falinks, L84|246/246\n|turn|13\n|inactive|Time left: 300 sec this turn | 300 sec total\n|\n|t:|1783563345\n|move|p2a: Barraskewda|Close Combat|p1a: Falinks\n|-damage|p1a: Falinks|48/246\n|-unboost|p2a: Barraskewda|def|1\n|-unboost|p2a: Barraskewda|spd|1\n|move|p1a: Falinks|Iron Head|p2a: Barraskewda\n|-damage|p2a: Barraskewda|0 fnt\n|faint|p2a: Barraskewda\n|-damage|p1a: Falinks|24/246|[from] item: Life Orb\n|\n|upkeep\n|\n|t:|1783563346\n|switch|p2a: Beartic|Beartic, L91, F|50/100\n|turn|14\n|inactive|Time left: 300 sec this turn | 300 sec total\n|\n|t:|1783563346\n|move|p2a: Beartic|Aqua Jet|p1a: Falinks\n|-damage|p1a: Falinks|0 fnt\n|faint|p1a: Falinks\n|\n|upkeep\n|inactive|Time left: 300 sec this turn | 300 sec total | 5 sec grace\n|\n|t:|1783563347\n|switch|p1a: Crawdaunt|Crawdaunt, L84, F|60/243\n|turn|15\n|inactive|Time left: 300 sec this turn | 300 sec total\n|\n|t:|1783563348\n|switch|p2a: Granbull|Granbull, L88, M|47/100\n|-ability|p2a: Granbull|Intimidate|boost\n|-unboost|p1a: Crawdaunt|atk|1\n|move|p1a: Crawdaunt|Knock Off|p2a: Granbull\n|-resisted|p2a: Granbull\n|-damage|p2a: Granbull|21/100\n|-enditem|p2a: Granbull|Leftovers|[from] move: Knock Off|[of] p1a: Crawdaunt\n|-damage|p1a: Crawdaunt|36/243|[from] item: Life Orb\n|\n|upkeep\n|turn|16\n|inactive|Time left: 300 sec this turn | 300 sec total\n|\n|t:|1783563349\n|move|p1a: Crawdaunt|Crabhammer|p2a: Granbull\n|-damage|p2a: Granbull|0 fnt\n|faint|p2a: Granbull\n|-damage|p1a: Crawdaunt|12/243|[from] item: Life Orb\n|\n|upkeep\n|\n|t:|1783563350\n|switch|p2a: Beartic|Beartic, L91, F|50/100\n|turn|17\n|inactive|Time left: 300 sec this turn | 300 sec total\n|\n|t:|1783563350\n|move|p1a: Crawdaunt|Aqua Jet|p2a: Beartic\n|-damage|p2a: Beartic|32/100\n|-damage|p1a: Crawdaunt|0 fnt|[from] item: Life Orb\n|faint|p1a: Crawdaunt\n|move|p2a: Beartic|Icicle Crash|p1: Crawdaunt|[notarget]\n|-fail|p2a: Beartic\n|\n|upkeep\n|inactive|Time left: 300 sec this turn | 300 sec total | 5 sec grace\n|\n|t:|1783563351\n|switch|p1a: Scrafty|Scrafty, L83, F|195/244\n|-ability|p1a: Scrafty|Intimidate|boost\n|-unboost|p2a: Beartic|atk|1\n|turn|18\n|inactive|Time left: 300 sec this turn | 300 sec total\n|\n|t:|1783563352\n|move|p1a: Scrafty|Dragon Dance|p1a: Scrafty\n|-boost|p1a: Scrafty|atk|1\n|-boost|p1a: Scrafty|spe|1\n|move|p2a: Beartic|Icicle Crash|p1a: Scrafty|[miss]\n|-miss|p2a: Beartic|p1a: Scrafty\n|\n|-heal|p1a: Scrafty|210/244|[from] item: Leftovers\n|upkeep\n|turn|19\n|inactive|Time left: 300 sec this turn | 300 sec total\n|\n|t:|1783563353\n|-terastallize|p1a: Scrafty|Poison\n|move|p1a: Scrafty|Knock Off|p2a: Beartic\n|-damage|p2a: Beartic|0 fnt\n|-enditem|p2a: Beartic|Choice Band|[from] move: Knock Off|[of] p1a: Scrafty\n|faint|p2a: Beartic\n|\n|-heal|p1a: Scrafty|225/244|[from] item: Leftovers\n|upkeep\n|\n|t:|1783563354\n|switch|p2a: Chimecho|Chimecho, L93, F|100/100\n|turn|20\n|inactive|Time left: 300 sec this turn | 300 sec total\n|\n|t:|1783563355\n|move|p1a: Scrafty|Knock Off|p2a: Chimecho\n|-supereffective|p2a: Chimecho\n|-damage|p2a: Chimecho|0 fnt\n|-enditem|p2a: Chimecho|Leftovers|[from] move: Knock Off|[of] p1a: Scrafty\n|faint|p2a: Chimecho\n|\n|win|p0x2084c0f1", "uploadtime": 1783563355, "views": 0, "rating": 0, "private": 0, "password": null, "_winner": "p0x2084c0f1", "_our_name": "p0x2084c0f1"}