{"id": "battle-gen9randombattle-309", "formatid": "gen9randombattle", "format": "[Gen 9] Random Battle", "players": ["p0x3093ce7", "p0y309e48f"], "log": "|init|battle\n|title|p0x3093ce7 vs. p0y309e48f\n|j|\u2606p0x3093ce7\n|j|\u2606p0y309e48f\n|t:|1783542644\n|gametype|singles\n|player|p1|p0x3093ce7|265|\n|player|p2|p0y309e48f|2|\n|gen|9\n|tier|[Gen 9] Random Battle\n|rule|Species Clause: Limit one of each Pok\u00e9mon\n|rule|HP Percentage Mod: HP is shown in percentages\n|rule|Sleep Clause Mod: Limit one foe put to sleep\n|rule|Illusion Level Mod: Illusion disguises the Pok\u00e9mon's true level\n|\n|t:|1783542644\n|teamsize|p1|6\n|teamsize|p2|6\n|start\n|switch|p1a: Groudon|Groudon, L72|263/263\n|switch|p2a: Misdreavus|Misdreavus, L90, M|100/100\n|-weather|SunnyDay|[from] ability: Drought|[of] p1a: Groudon\n|turn|1\n|inactive|Battle timer is ON: inactive players will automatically lose when time's up. (requested by p0x3093ce7)\n|\n|t:|1783542646\n|move|p2a: Misdreavus|Shadow Ball|p1a: Groudon\n|-damage|p1a: Groudon|160/263\n|move|p1a: Groudon|Stealth Rock|p2a: Misdreavus\n|-sidestart|p2: p0y309e48f|move: Stealth Rock\n|\n|-weather|SunnyDay|[upkeep]\n|-heal|p1a: Groudon|176/263|[from] item: Leftovers\n|upkeep\n|turn|2\n|inactive|Time left: 300 sec this turn | 300 sec total\n|inactive|p0y309e48f also wants the timer to be on.\n|\n|t:|1783542647\n|move|p2a: Misdreavus|Shadow Ball|p1a: Groudon\n|-damage|p1a: Groudon|71/263\n|move|p1a: Groudon|Heat Crash|p2a: Misdreavus\n|-damage|p2a: Misdreavus|59/100\n|\n|-weather|SunnyDay|[upkeep]\n|-heal|p1a: Groudon|87/263|[from] item: Leftovers\n|upkeep\n|turn|3\n|inactive|Time left: 300 sec this turn | 300 sec total\n|\n|t:|1783542648\n|switch|p1a: Plusle|Plusle, L95, F|268/268\n|move|p2a: Misdreavus|Shadow Ball|p1a: Plusle\n|-crit|p1a: Plusle\n|-damage|p1a: Plusle|123/268\n|\n|-weather|SunnyDay|[upkeep]\n|upkeep\n|turn|4\n|inactive|Time left: 300 sec this turn | 300 sec total\n|\n|t:|1783542650\n|move|p1a: Plusle|Nasty Plot|p1a: Plusle\n|-boost|p1a: Plusle|spa|2\n|move|p2a: Misdreavus|Calm Mind|p2a: Misdreavus\n|-boost|p2a: Misdreavus|spa|1\n|-boost|p2a: Misdreavus|spd|1\n|\n|-weather|SunnyDay|[upkeep]\n|upkeep\n|turn|5\n|inactive|Time left: 300 sec this turn | 300 sec total\n|\n|t:|1783542651\n|move|p1a: Plusle|Encore|p2a: Misdreavus\n|-start|p2a: Misdreavus|Encore\n|move|p2a: Misdreavus|Calm Mind|p2a: Misdreavus\n|-boost|p2a: Misdreavus|spa|1\n|-boost|p2a: Misdreavus|spd|1\n|\n|-weather|none\n|upkeep\n|turn|6\n|inactive|Time left: 300 sec this turn | 300 sec total\n|\n|t:|1783542651\n|move|p1a: Plusle|Thunderbolt|p2a: Misdreavus\n|-damage|p2a: Misdreavus|21/100\n|-damage|p1a: Plusle|97/268|[from] item: Life Orb\n|move|p2a: Misdreavus|Calm Mind|p2a: Misdreavus\n|-boost|p2a: Misdreavus|spa|1\n|-boost|p2a: Misdreavus|spd|1\n|\n|upkeep\n|turn|7\n|inactive|Time left: 300 sec this turn | 300 sec total\n|\n|t:|1783542652\n|move|p1a: Plusle|Thunderbolt|p2a: Misdreavus\n|-damage|p2a: Misdreavus|0 fnt\n|faint|p2a: Misdreavus\n|-damage|p1a: Plusle|71/268|[from] item: Life Orb\n|\n|upkeep\n|\n|t:|1783542653\n|switch|p2a: Venusaur|Venusaur, L84, F|100/100\n|-damage|p2a: Venusaur|88/100|[from] Stealth Rock\n|turn|8\n|inactive|Time left: 300 sec this turn | 300 sec total\n|\n|t:|1783542655\n|move|p1a: Plusle|Thunderbolt|p2a: Venusaur\n|-resisted|p2a: Venusaur\n|-damage|p2a: Venusaur|37/100\n|-damage|p1a: Plusle|45/268|[from] item: Life Orb\n|move|p2a: Venusaur|Sludge Bomb|p1a: Plusle\n|-damage|p1a: Plusle|0 fnt\n|faint|p1a: Plusle\n|\n|-heal|p2a: Venusaur|43/100|[from] item: Leftovers\n|upkeep\n|inactive|Time left: 300 sec this turn | 300 sec total | 5 sec grace\n|\n|t:|1783542656\n|switch|p1a: Gallade|Gallade, L80, M|240/240\n|turn|9\n|inactive|Time left: 300 sec this turn | 300 sec total\n|\n|t:|1783542657\n|move|p1a: Gallade|Psycho Cut|p2a: Venusaur\n|-supereffective|p2a: Venusaur\n|-crit|p2a: Venusaur\n|-damage|p2a: Venusaur|0 fnt\n|faint|p2a: Venusaur\n|\n|upkeep\n|\n|t:|1783542658\n|switch|p2a: Torkoal|Torkoal, L88, M|100/100\n|-weather|SunnyDay|[from] ability: Drought|[of] p2a: Torkoal\n|turn|10\n|inactive|Time left: 300 sec this turn | 300 sec total\n|\n|t:|1783542659\n|switch|p1a: Armarouge|Armarouge, L80, M|267/267\n|move|p2a: Torkoal|Fire Blast|p1a: Armarouge\n|-resisted|p1a: Armarouge\n|-damage|p1a: Armarouge|163/267\n|\n|-weather|SunnyDay|[upkeep]\n|upkeep\n|turn|11\n|inactive|Time left: 300 sec this turn | 300 sec total\n|\n|t:|1783542660\n|switch|p2a: Terrakion|Terrakion, L79|100/100\n|-damage|p2a: Terrakion|94/100|[from] Stealth Rock\n|move|p1a: Armarouge|Meteor Beam||[still]\n|-prepare|p1a: Armarouge|Meteor Beam\n|-boost|p1a: Armarouge|spa|1\n|-enditem|p1a: Armarouge|Power Herb\n|-anim|p1a: Armarouge|Meteor Beam|p2a: Terrakion\n|-resisted|p2a: Terrakion\n|-damage|p2a: Terrakion|65/100\n|\n|-weather|SunnyDay|[upkeep]\n|upkeep\n|turn|12\n|inactive|Time left: 300 sec this turn | 300 sec total\n|\n|t:|1783542661\n|switch|p1a: Leafeon|Leafeon, L88, M|258/258\n|move|p2a: Terrakion|Earthquake|p1a: Leafeon\n|-resisted|p1a: Leafeon\n|-damage|p1a: Leafeon|218/258\n|\n|-weather|SunnyDay|[upkeep]\n|upkeep\n|turn|13\n|inactive|Time left: 300 sec this turn | 300 sec total\n|\n|t:|1783542662\n|switch|p2a: Torkoal|Torkoal, L88, M|100/100\n|move|p1a: Leafeon|Swords Dance|p1a: Leafeon\n|-boost|p1a: Leafeon|atk|2\n|\n|-weather|SunnyDay|[upkeep]\n|upkeep\n|turn|14\n|inactive|Time left: 300 sec this turn | 300 sec total\n|\n|t:|1783542663\n|-terastallize|p1a: Leafeon|Normal\n|move|p1a: Leafeon|Double-Edge|p2a: Torkoal\n|-damage|p2a: Torkoal|0 fnt\n|faint|p2a: Torkoal\n|-damage|p1a: Leafeon|130/258|[from] Recoil\n|-damage|p1a: Leafeon|105/258|[from] item: Life Orb\n|\n|-weather|none\n|upkeep\n|\n|t:|1783542665\n|switch|p2a: Jumpluff|Jumpluff, L87, F|100/100\n|-damage|p2a: Jumpluff|76/100|[from] Stealth Rock\n|turn|15\n|inactive|Time left: 300 sec this turn | 300 sec total\n|\n|t:|1783542666\n|move|p2a: Jumpluff|Leech Seed|p1a: Leafeon\n|-start|p1a: Leafeon|move: Leech Seed\n|move|p1a: Leafeon|Synthesis|p1a: Leafeon\n|-heal|p1a: Leafeon|234/258\n|\n|-damage|p1a: Leafeon|202/258|[from] Leech Seed|[of] p2a: Jumpluff\n|-heal|p2a: Jumpluff|88/100|[silent]\n|upkeep\n|turn|16\n|inactive|Time left: 300 sec this turn | 300 sec total\n|\n|t:|1783542667\n|move|p2a: Jumpluff|Substitute|p2a: Jumpluff\n|-start|p2a: Jumpluff|Substitute\n|-damage|p2a: Jumpluff|63/100\n|move|p1a: Leafeon|Double-Edge|p2a: Jumpluff\n|-end|p2a: Jumpluff|Substitute\n|-damage|p1a: Leafeon|180/258|[from] Recoil|[of] p2a: Jumpluff\n|-damage|p1a: Leafeon|155/258|[from] item: Life Orb\n|\n|-damage|p1a: Leafeon|123/258|[from] Leech Seed|[of] p2a: Jumpluff\n|-heal|p2a: Jumpluff|75/100|[silent]\n|upkeep\n|turn|17\n|inactive|Time left: 300 sec this turn | 300 sec total\n|\n|t:|1783542668\n|move|p2a: Jumpluff|Substitute|p2a: Jumpluff\n|-start|p2a: Jumpluff|Substitute\n|-damage|p2a: Jumpluff|50/100\n|move|p1a: Leafeon|Synthesis|p1a: Leafeon\n|-heal|p1a: Leafeon|252/258\n|\n|-damage|p1a: Leafeon|220/258|[from] Leech Seed|[of] p2a: Jumpluff\n|-heal|p2a: Jumpluff|62/100|[silent]\n|upkeep\n|turn|18\n|inactive|Time left: 300 sec this turn | 300 sec total\n|\n|t:|1783542668\n|move|p2a: Jumpluff|Strength Sap|p1a: Leafeon\n|-unboost|p1a: Leafeon|atk|1\n|-heal|p2a: Jumpluff|100/100\n|move|p1a: Leafeon|Swords Dance|p1a: Leafeon\n|-boost|p1a: Leafeon|atk|2\n|\n|-damage|p1a: Leafeon|188/258|[from] Leech Seed|[of] p2a: Jumpluff\n|upkeep\n|turn|19\n|inactive|Time left: 300 sec this turn | 300 sec total\n|\n|t:|1783542669\n|move|p2a: Jumpluff|Acrobatics|p1a: Leafeon\n|-damage|p1a: Leafeon|127/258\n|move|p1a: Leafeon|Synthesis|p1a: Leafeon\n|-heal|p1a: Leafeon|256/258\n|\n|-damage|p1a: Leafeon|224/258|[from] Leech Seed|[of] p2a: Jumpluff\n|upkeep\n|turn|20\n|inactive|Time left: 300 sec this turn | 300 sec total\n|\n|t:|1783542670\n|move|p2a: Jumpluff|Acrobatics|p1a: Leafeon\n|-damage|p1a: Leafeon|170/258\n|move|p1a: Leafeon|Synthesis|p1a: Leafeon\n|-heal|p1a: Leafeon|258/258\n|\n|-damage|p1a: Leafeon|226/258|[from] Leech Seed|[of] p2a: Jumpluff\n|upkeep\n|turn|21\n|inactive|Time left: 300 sec this turn | 300 sec total\n|\n|t:|1783542672\n|move|p2a: Jumpluff|Acrobatics|p1a: Leafeon\n|-damage|p1a: Leafeon|165/258\n|move|p1a: Leafeon|Synthesis|p1a: Leafeon\n|-heal|p1a: Leafeon|258/258\n|\n|-damage|p1a: Leafeon|226/258|[from] Leech Seed|[of] p2a: Jumpluff\n|upkeep\n|turn|22\n|inactive|Time left: 300 sec this turn | 300 sec total\n|\n|t:|1783542673\n|move|p2a: Jumpluff|Acrobatics|p1a: Leafeon\n|-damage|p1a: Leafeon|172/258\n|move|p1a: Leafeon|Leaf Blade|p2a: Jumpluff\n|-resisted|p2a: Jumpluff\n|-end|p2a: Jumpluff|Substitute\n|-damage|p1a: Leafeon|147/258|[from] item: Life Orb\n|\n|-damage|p1a: Leafeon|115/258|[from] Leech Seed|[of] p2a: Jumpluff\n|upkeep\n|turn|23\n|inactive|Time left: 300 sec this turn | 300 sec total\n|\n|t:|1783542673\n|move|p2a: Jumpluff|Substitute|p2a: Jumpluff\n|-start|p2a: Jumpluff|Substitute\n|-damage|p2a: Jumpluff|76/100\n|move|p1a: Leafeon|Synthesis|p1a: Leafeon\n|-heal|p1a: Leafeon|244/258\n|\n|-damage|p1a: Leafeon|212/258|[from] Leech Seed|[of] p2a: Jumpluff\n|-heal|p2a: Jumpluff|88/100|[silent]\n|upkeep\n|turn|24\n|inactive|Time left: 300 sec this turn | 300 sec total\n|\n|t:|1783542675\n|move|p2a: Jumpluff|Acrobatics|p1a: Leafeon\n|-damage|p1a: Leafeon|155/258\n|move|p1a: Leafeon|Synthesis|p1a: Leafeon\n|-heal|p1a: Leafeon|258/258\n|\n|-damage|p1a: Leafeon|226/258|[from] Leech Seed|[of] p2a: Jumpluff\n|-heal|p2a: Jumpluff|99/100|[silent]\n|upkeep\n|turn|25\n|inactive|Time left: 300 sec this turn | 300 sec total\n|\n|t:|1783542675\n|move|p2a: Jumpluff|Acrobatics|p1a: Leafeon\n|-damage|p1a: Leafeon|168/258\n|move|p1a: Leafeon|Leaf Blade|p2a: Jumpluff\n|-resisted|p2a: Jumpluff\n|-end|p2a: Jumpluff|Substitute\n|-damage|p1a: Leafeon|143/258|[from] item: Life Orb\n|\n|-damage|p1a: Leafeon|111/258|[from] Leech Seed|[of] p2a: Jumpluff\n|-heal|p2a: Jumpluff|100/100|[silent]\n|upkeep\n|turn|26\n|inactive|Time left: 300 sec this turn | 300 sec total\n|\n|t:|1783542677\n|move|p2a: Jumpluff|Substitute|p2a: Jumpluff\n|-start|p2a: Jumpluff|Substitute\n|-damage|p2a: Jumpluff|76/100\n|move|p1a: Leafeon|Synthesis|p1a: Leafeon\n|-heal|p1a: Leafeon|240/258\n|\n|-damage|p1a: Leafeon|208/258|[from] Leech Seed|[of] p2a: Jumpluff\n|-heal|p2a: Jumpluff|88/100|[silent]\n|upkeep\n|turn|27\n|inactive|Time left: 300 sec this turn | 300 sec total\n|\n|t:|1783542677\n|move|p2a: Jumpluff|Acrobatics|p1a: Leafeon\n|-damage|p1a: Leafeon|150/258\n|move|p1a: Leafeon|Leaf Blade|p2a: Jumpluff\n|-resisted|p2a: Jumpluff\n|-end|p2a: Jumpluff|Substitute\n|-damage|p1a: Leafeon|125/258|[from] item: Life Orb\n|\n|-damage|p1a: Leafeon|93/258|[from] Leech Seed|[of] p2a: Jumpluff\n|-heal|p2a: Jumpluff|99/100|[silent]\n|upkeep\n|turn|28\n|inactive|Time left: 300 sec this turn | 300 sec total\n|\n|t:|1783542679\n|move|p2a: Jumpluff|Substitute|p2a: Jumpluff\n|-start|p2a: Jumpluff|Substitute\n|-damage|p2a: Jumpluff|75/100\n|move|p1a: Leafeon|Double-Edge|p2a: Jumpluff\n|-crit|p2a: Jumpluff\n|-end|p2a: Jumpluff|Substitute\n|-damage|p1a: Leafeon|71/258|[from] Recoil|[of] p2a: Jumpluff\n|-damage|p1a: Leafeon|46/258|[from] item: Life Orb\n|\n|-damage|p1a: Leafeon|14/258|[from] Leech Seed|[of] p2a: Jumpluff\n|-heal|p2a: Jumpluff|86/100|[silent]\n|upkeep\n|turn|29\n|inactive|Time left: 300 sec this turn | 300 sec total\n|\n|t:|1783542680\n|switch|p1a: Armarouge|Armarouge, L80, M|163/267\n|move|p2a: Jumpluff|Acrobatics|p1a: Armarouge\n|-damage|p1a: Armarouge|81/267\n|-ability|p1a: Armarouge|Weak Armor|boost\n|-unboost|p1a: Armarouge|def|1\n|-boost|p1a: Armarouge|spe|2\n|\n|upkeep\n|turn|30\n|inactive|Time left: 300 sec this turn | 300 sec total\n|\n|t:|1783542681\n|switch|p2a: Hypno|Hypno, L95, M|100/100\n|-damage|p2a: Hypno|88/100|[from] Stealth Rock\n|move|p1a: Armarouge|Armor Cannon|p2a: Hypno\n|-damage|p2a: Hypno|54/100\n|-unboost|p1a: Armarouge|def|1\n|-unboost|p1a: Armarouge|spd|1\n|\n|-heal|p2a: Hypno|60/100|[from] item: Leftovers\n|upkeep\n|turn|31\n|inactive|Time left: 300 sec this turn | 300 sec total\n|\n|t:|1783542682\n|move|p1a: Armarouge|Armor Cannon|p2a: Hypno\n|-damage|p2a: Hypno|25/100\n|-unboost|p1a: Armarouge|def|1\n|-unboost|p1a: Armarouge|spd|1\n|move|p2a: Hypno|Knock Off|p1a: Armarouge\n|-supereffective|p1a: Armarouge\n|-damage|p1a: Armarouge|0 fnt\n|faint|p1a: Armarouge\n|\n|-heal|p2a: Hypno|31/100|[from] item: Leftovers\n|upkeep\n|inactive|Time left: 300 sec this turn | 300 sec total | 5 sec grace\n|\n|t:|1783542683\n|switch|p1a: Gallade|Gallade, L80, M|240/240\n|turn|32\n|inactive|Time left: 300 sec this turn | 300 sec total\n|\n|t:|1783542684\n|switch|p2a: Jumpluff|Jumpluff, L87, F|86/100\n|-damage|p2a: Jumpluff|62/100|[from] Stealth Rock\n|move|p1a: Gallade|Leaf Blade|p2a: Jumpluff\n|-resisted|p2a: Jumpluff\n|-damage|p2a: Jumpluff|51/100\n|\n|upkeep\n|turn|33\n|inactive|Time left: 300 sec this turn | 300 sec total\n|\n|t:|1783542685\n|switch|p1a: Groudon|Groudon, L72|87/263\n|-weather|SunnyDay|[from] ability: Drought|[of] p1a: Groudon\n|move|p2a: Jumpluff|Acrobatics|p1a: Groudon\n|-damage|p1a: Groudon|18/263\n|\n|-weather|SunnyDay|[upkeep]\n|-heal|p1a: Groudon|34/263|[from] item: Leftovers\n|upkeep\n|turn|34\n|inactive|Time left: 300 sec this turn | 300 sec total\n|\n|t:|1783542686\n|move|p2a: Jumpluff|Acrobatics|p1a: Groudon\n|-damage|p1a: Groudon|0 fnt\n|faint|p1a: Groudon\n|\n|-weather|SunnyDay|[upkeep]\n|upkeep\n|inactive|Time left: 300 sec this turn | 300 sec total | 5 sec grace\n|\n|t:|1783542687\n|switch|p1a: Gallade|Gallade, L80, M|240/240\n|turn|35\n|inactive|Time left: 300 sec this turn | 300 sec total\n|\n|t:|1783542688\n|move|p1a: Gallade|Psycho Cut|p2a: Jumpluff\n|-damage|p2a: Jumpluff|0 fnt\n|faint|p2a: Jumpluff\n|\n|-weather|SunnyDay|[upkeep]\n|upkeep\n|\n|t:|1783542689\n|switch|p2a: Hypno|Hypno, L95, M|31/100\n|-damage|p2a: Hypno|19/100|[from] Stealth Rock\n|turn|36\n|inactive|Time left: 300 sec this turn | 300 sec total\n|\n|t:|1783542690\n|-terastallize|p2a: Hypno|Dark\n|move|p1a: Gallade|Psycho Cut|p2a: Hypno\n|-immune|p2a: Hypno\n|move|p2a: Hypno|Knock Off|p1a: Gallade\n|-damage|p1a: Gallade|93/240\n|-enditem|p1a: Gallade|Choice Scarf|[from] move: Knock Off|[of] p2a: Hypno\n|\n|-weather|SunnyDay|[upkeep]\n|-heal|p2a: Hypno|25/100|[from] item: Leftovers\n|upkeep\n|turn|37\n|inactive|Time left: 300 sec this turn | 300 sec total\n|\n|t:|1783542691\n|switch|p1a: Skuntank|Skuntank, L84, M|310/310\n|move|p2a: Hypno|Knock Off|p1a: Skuntank\n|-resisted|p1a: Skuntank\n|-damage|p1a: Skuntank|248/310\n|-enditem|p1a: Skuntank|Assault Vest|[from] move: Knock Off|[of] p2a: Hypno\n|\n|-weather|none\n|-heal|p2a: Hypno|31/100|[from] item: Leftovers\n|upkeep\n|turn|38\n|inactive|Time left: 300 sec this turn | 300 sec total\n|\n|t:|1783542692\n|switch|p2a: Terrakion|Terrakion, L79|65/100\n|-damage|p2a: Terrakion|59/100|[from] Stealth Rock\n|move|p1a: Skuntank|Gunk Shot|p2a: Terrakion\n|-resisted|p2a: Terrakion\n|-damage|p2a: Terrakion|36/100\n|\n|upkeep\n|turn|39\n|inactive|Time left: 300 sec this turn | 300 sec total\n|\n|t:|1783542693\n|switch|p1a: Gallade|Gallade, L80, M|93/240\n|move|p2a: Terrakion|Earthquake|p1a: Gallade\n|-damage|p1a: Gallade|0 fnt\n|faint|p1a: Gallade\n|\n|upkeep\n|inactive|Time left: 300 sec this turn | 300 sec total | 5 sec grace\n|\n|t:|1783542693\n|switch|p1a: Leafeon|Leafeon, L88, M, tera:Normal|14/258\n|turn|40\n|inactive|Time left: 300 sec this turn | 300 sec total\n|\n|t:|1783542694\n|switch|p1a: Skuntank|Skuntank, L84, M|248/310\n|switch|p2a: Hypno|Hypno, L95, M, tera:Dark|31/100\n|-damage|p2a: Hypno|18/100|[from] Stealth Rock\n|\n|-heal|p2a: Hypno|24/100|[from] item: Leftovers\n|upkeep\n|turn|41\n|inactive|Time left: 300 sec this turn | 300 sec total\n|\n|t:|1783542695\n|switch|p2a: Terrakion|Terrakion, L79|36/100\n|-damage|p2a: Terrakion|30/100|[from] Stealth Rock\n|move|p1a: Skuntank|Fire Blast|p2a: Terrakion\n|-resisted|p2a: Terrakion\n|-damage|p2a: Terrakion|18/100\n|\n|upkeep\n|turn|42\n|inactive|Time left: 300 sec this turn | 300 sec total\n|\n|t:|1783542696\n|move|p1a: Skuntank|Sucker Punch|p2a: Terrakion\n|-resisted|p2a: Terrakion\n|-damage|p2a: Terrakion|5/100\n|-ability|p2a: Terrakion|Justified|boost\n|-boost|p2a: Terrakion|atk|1\n|move|p2a: Terrakion|Earthquake|p1a: Skuntank\n|-supereffective|p1a: Skuntank\n|-damage|p1a: Skuntank|0 fnt\n|faint|p1a: Skuntank\n|\n|upkeep\n|inactive|Time left: 300 sec this turn | 300 sec total | 5 sec grace\n|\n|t:|1783542697\n|switch|p1a: Leafeon|Leafeon, L88, M, tera:Normal|14/258\n|turn|43\n|inactive|Time left: 300 sec this turn | 300 sec total\n|\n|t:|1783542698\n|switch|p2a: Hypno|Hypno, L95, M, tera:Dark|24/100\n|-damage|p2a: Hypno|12/100|[from] Stealth Rock\n|move|p1a: Leafeon|Swords Dance|p1a: Leafeon\n|-boost|p1a: Leafeon|atk|2\n|\n|-heal|p2a: Hypno|18/100|[from] item: Leftovers\n|upkeep\n|turn|44\n|inactive|Time left: 300 sec this turn | 300 sec total\n|\n|t:|1783542699\n|move|p1a: Leafeon|Swords Dance|p1a: Leafeon\n|-boost|p1a: Leafeon|atk|2\n|move|p2a: Hypno|Knock Off|p1a: Leafeon\n|-damage|p1a: Leafeon|0 fnt\n|-enditem|p1a: Leafeon|Life Orb|[from] move: Knock Off|[of] p2a: Hypno\n|faint|p1a: Leafeon\n|\n|win|p0y309e48f", "uploadtime": 1783542699, "views": 0, "rating": 0, "private": 0, "password": null, "_winner": "p0y309e48f", "_our_name": "p0x3093ce7"}