{"id": "battle-gen9randombattle-2684", "formatid": "gen9randombattle", "format": "[Gen 9] Random Battle", "players": ["p0x268485ef", "p0y2684b85c"], "log": "|init|battle\n|title|p0x268485ef vs. p0y2684b85c\n|j|\u2606p0x268485ef\n|j|\u2606p0y2684b85c\n|t:|1783570970\n|gametype|singles\n|player|p1|p0x268485ef|170|\n|player|p2|p0y2684b85c|169|\n|gen|9\n|tier|[Gen 9] Random Battle\n|rule|Species Clause: Limit one of each Pok\u00e9mon\n|rule|HP Percentage Mod: HP is shown in percentages\n|rule|Sleep Clause Mod: Limit one foe put to sleep\n|rule|Illusion Level Mod: Illusion disguises the Pok\u00e9mon's true level\n|\n|t:|1783570970\n|teamsize|p1|6\n|teamsize|p2|6\n|start\n|switch|p1a: Gholdengo|Gholdengo, L77|100/100\n|switch|p2a: Illumise|Illumise, L91, F|266/266\n|turn|1\n|inactive|Battle timer is ON: inactive players will automatically lose when time's up. (requested by p0x268485ef)\n|inactive|Time left: 300 sec this turn | 300 sec total | 60 sec grace\n|inactive|p0y2684b85c also wants the timer to be on.\n|\n|t:|1783570972\n|switch|p2a: Tsareena|Tsareena, L87, F|267/267\n|move|p1a: Gholdengo|Shadow Ball|p2a: Tsareena\n|-damage|p2a: Tsareena|188/267\n|\n|upkeep\n|turn|2\n|inactive|Time left: 300 sec this turn | 300 sec total\n|\n|t:|1783570973\n|move|p2a: Tsareena|Knock Off|p1a: Gholdengo\n|-supereffective|p1a: Gholdengo\n|-damage|p1a: Gholdengo|9/100\n|-enditem|p1a: Gholdengo|Leftovers|[from] move: Knock Off|[of] p2a: Tsareena\n|-damage|p2a: Tsareena|162/267|[from] item: Life Orb\n|move|p1a: Gholdengo|Shadow Ball|p2a: Tsareena\n|-damage|p2a: Tsareena|87/267\n|\n|upkeep\n|turn|3\n|inactive|Time left: 300 sec this turn | 300 sec total\n|\n|t:|1783570975\n|move|p2a: Tsareena|Power Whip|p1a: Gholdengo\n|-resisted|p1a: Gholdengo\n|-damage|p1a: Gholdengo|0 fnt\n|faint|p1a: Gholdengo\n|-damage|p2a: Tsareena|61/267|[from] item: Life Orb\n|\n|upkeep\n|\n|t:|1783570976\n|switch|p1a: Keldeo|Keldeo-Resolute, L79|100/100\n|turn|4\n|inactive|Time left: 300 sec this turn | 300 sec total\n|\n|t:|1783570977\n|move|p1a: Keldeo|Secret Sword|p2a: Tsareena\n|-damage|p2a: Tsareena|0 fnt\n|faint|p2a: Tsareena\n|\n|upkeep\n|inactive|Time left: 300 sec this turn | 300 sec total | 5 sec grace\n|\n|t:|1783570978\n|switch|p2a: Exeggutor|Exeggutor-Alola, L89, F|314/314\n|turn|5\n|inactive|Time left: 300 sec this turn | 300 sec total\n|\n|t:|1783570979\n|switch|p1a: Exeggutor|Exeggutor-Alola, L89, M|100/100\n|-item|p2a: Exeggutor|Sitrus Berry|[from] ability: Frisk|[of] p1a: Exeggutor\n|move|p2a: Exeggutor|Calm Mind|p2a: Exeggutor\n|-boost|p2a: Exeggutor|spa|1\n|-boost|p2a: Exeggutor|spd|1\n|\n|upkeep\n|turn|6\n|inactive|Time left: 300 sec this turn | 300 sec total\n|\n|t:|1783570980\n|move|p1a: Exeggutor|Draco Meteor|p2a: Exeggutor\n|-supereffective|p2a: Exeggutor\n|-damage|p2a: Exeggutor|0 fnt\n|-unboost|p1a: Exeggutor|spa|2\n|faint|p2a: Exeggutor\n|\n|upkeep\n|inactive|Time left: 300 sec this turn | 300 sec total | 5 sec grace\n|\n|t:|1783570980\n|switch|p2a: Iron Boulder|Iron Boulder, L77|265/265\n|turn|7\n|inactive|Time left: 300 sec this turn | 300 sec total\n|\n|t:|1783570981\n|switch|p1a: Rhydon|Rhydon, L85, F|100/100\n|move|p2a: Iron Boulder|Swords Dance|p2a: Iron Boulder\n|-boost|p2a: Iron Boulder|atk|2\n|\n|upkeep\n|turn|8\n|inactive|Time left: 300 sec this turn | 300 sec total\n|\n|t:|1783570982\n|-terastallize|p2a: Iron Boulder|Fighting\n|-terastallize|p1a: Rhydon|Fairy\n|move|p2a: Iron Boulder|Close Combat|p1a: Rhydon\n|-resisted|p1a: Rhydon\n|-damage|p1a: Rhydon|75/100\n|-unboost|p2a: Iron Boulder|def|1\n|-unboost|p2a: Iron Boulder|spd|1\n|-damage|p2a: Iron Boulder|239/265|[from] item: Life Orb\n|move|p1a: Rhydon|Earthquake|p2a: Iron Boulder\n|-damage|p2a: Iron Boulder|0 fnt\n|faint|p2a: Iron Boulder\n|-end|p2a: Iron Boulder|Quark Drive|[silent]\n|\n|upkeep\n|inactive|Time left: 300 sec this turn | 300 sec total | 5 sec grace\n|\n|t:|1783570983\n|switch|p2a: Salazzle|Salazzle, L83, F|249/249\n|turn|9\n|inactive|Time left: 300 sec this turn | 300 sec total\n|\n|t:|1783570984\n|move|p2a: Salazzle|Substitute|p2a: Salazzle\n|-start|p2a: Salazzle|Substitute\n|-damage|p2a: Salazzle|187/249\n|move|p1a: Rhydon|Earthquake|p2a: Salazzle\n|-supereffective|p2a: Salazzle\n|-end|p2a: Salazzle|Substitute\n|\n|-heal|p2a: Salazzle|202/249|[from] item: Leftovers\n|upkeep\n|turn|10\n|inactive|Time left: 300 sec this turn | 300 sec total\n|\n|t:|1783570985\n|move|p2a: Salazzle|Protect|p2a: Salazzle\n|-singleturn|p2a: Salazzle|Protect\n|move|p1a: Rhydon|Earthquake|p2a: Salazzle\n|-activate|p2a: Salazzle|move: Protect\n|\n|-heal|p2a: Salazzle|217/249|[from] item: Leftovers\n|upkeep\n|turn|11\n|inactive|Time left: 300 sec this turn | 300 sec total\n|\n|t:|1783570986\n|move|p2a: Salazzle|Substitute|p2a: Salazzle\n|-start|p2a: Salazzle|Substitute\n|-damage|p2a: Salazzle|155/249\n|move|p1a: Rhydon|Earthquake|p2a: Salazzle\n|-supereffective|p2a: Salazzle\n|-end|p2a: Salazzle|Substitute\n|\n|-heal|p2a: Salazzle|170/249|[from] item: Leftovers\n|upkeep\n|turn|12\n|inactive|Time left: 300 sec this turn | 300 sec total\n|\n|t:|1783570987\n|move|p2a: Salazzle|Substitute|p2a: Salazzle\n|-start|p2a: Salazzle|Substitute\n|-damage|p2a: Salazzle|108/249\n|move|p1a: Rhydon|Earthquake|p2a: Salazzle\n|-supereffective|p2a: Salazzle\n|-end|p2a: Salazzle|Substitute\n|\n|-heal|p2a: Salazzle|123/249|[from] item: Leftovers\n|upkeep\n|turn|13\n|inactive|Time left: 300 sec this turn | 300 sec total\n|\n|t:|1783570988\n|move|p2a: Salazzle|Substitute|p2a: Salazzle\n|-start|p2a: Salazzle|Substitute\n|-damage|p2a: Salazzle|61/249\n|move|p1a: Rhydon|Earthquake|p2a: Salazzle\n|-supereffective|p2a: Salazzle\n|-end|p2a: Salazzle|Substitute\n|\n|-heal|p2a: Salazzle|76/249|[from] item: Leftovers\n|upkeep\n|turn|14\n|inactive|Time left: 300 sec this turn | 300 sec total\n|\n|t:|1783570988\n|move|p2a: Salazzle|Protect|p2a: Salazzle\n|-singleturn|p2a: Salazzle|Protect\n|move|p1a: Rhydon|Earthquake|p2a: Salazzle\n|-activate|p2a: Salazzle|move: Protect\n|\n|-heal|p2a: Salazzle|91/249|[from] item: Leftovers\n|upkeep\n|turn|15\n|inactive|Time left: 300 sec this turn | 300 sec total\n|\n|t:|1783570989\n|move|p2a: Salazzle|Substitute|p2a: Salazzle\n|-start|p2a: Salazzle|Substitute\n|-damage|p2a: Salazzle|29/249\n|move|p1a: Rhydon|Earthquake|p2a: Salazzle\n|-supereffective|p2a: Salazzle\n|-end|p2a: Salazzle|Substitute\n|\n|-heal|p2a: Salazzle|44/249|[from] item: Leftovers\n|upkeep\n|turn|16\n|inactive|Time left: 300 sec this turn | 300 sec total\n|\n|t:|1783570990\n|move|p2a: Salazzle|Toxic|p1a: Rhydon\n|-status|p1a: Rhydon|tox\n|move|p1a: Rhydon|Earthquake|p2a: Salazzle\n|-supereffective|p2a: Salazzle\n|-damage|p2a: Salazzle|0 fnt\n|faint|p2a: Salazzle\n|\n|-damage|p1a: Rhydon|69/100 tox|[from] psn\n|upkeep\n|inactive|Time left: 300 sec this turn | 300 sec total | 5 sec grace\n|\n|t:|1783570991\n|switch|p2a: Illumise|Illumise, L91, F|266/266\n|turn|17\n|inactive|Time left: 300 sec this turn | 300 sec total\n|\n|t:|1783570992\n|move|p2a: Illumise|Encore|p1a: Rhydon\n|-start|p1a: Rhydon|Encore\n|move|p1a: Rhydon|Earthquake|p2a: Illumise\n|-resisted|p2a: Illumise\n|-damage|p2a: Illumise|197/266\n|\n|-damage|p1a: Rhydon|57/100 tox|[from] psn\n|upkeep\n|turn|18\n|inactive|Time left: 300 sec this turn | 300 sec total\n|\n|t:|1783570993\n|switch|p1a: Diancie|Diancie, L82|100/100\n|move|p2a: Illumise|Bug Buzz|p1a: Diancie\n|-resisted|p1a: Diancie\n|-damage|p1a: Diancie|86/100\n|\n|-heal|p1a: Diancie|92/100|[from] item: Leftovers\n|upkeep\n|turn|19\n|inactive|Time left: 300 sec this turn | 300 sec total\n|\n|t:|1783570994\n|move|p2a: Illumise|Thunder Wave|p1a: Diancie\n|-status|p1a: Diancie|par\n|move|p1a: Diancie|Diamond Storm|p2a: Illumise\n|-supereffective|p2a: Illumise\n|-damage|p2a: Illumise|0 fnt\n|-boost|p1a: Diancie|def|2\n|faint|p2a: Illumise\n|\n|-heal|p1a: Diancie|98/100 par|[from] item: Leftovers\n|upkeep\n|inactive|Time left: 300 sec this turn | 300 sec total | 5 sec grace\n|\n|t:|1783570995\n|switch|p2a: Terapagos|Terapagos, L77, F|265/265\n|-activate|p2a: Terapagos|ability: Tera Shift\n|detailschange|p2a: Terapagos|Terapagos-Terastal, L77, F\n|-heal|p2a: Terapagos|273/273|[silent]\n|turn|20\n|inactive|Time left: 300 sec this turn | 300 sec total\n|\n|t:|1783570996\n|switch|p1a: Keldeo|Keldeo-Resolute, L79|100/100\n|move|p2a: Terapagos|Calm Mind|p2a: Terapagos\n|-boost|p2a: Terapagos|spa|1\n|-boost|p2a: Terapagos|spd|1\n|\n|upkeep\n|turn|21\n|inactive|Time left: 300 sec this turn | 300 sec total\n|\n|t:|1783570996\n|move|p1a: Keldeo|Secret Sword|p2a: Terapagos\n|-activate|p2a: Terapagos|ability: Tera Shell\n|-resisted|p2a: Terapagos\n|-crit|p2a: Terapagos\n|-damage|p2a: Terapagos|207/273\n|move|p2a: Terapagos|Rapid Spin|p1a: Keldeo\n|-damage|p1a: Keldeo|84/100\n|-boost|p2a: Terapagos|spe|1\n|\n|upkeep\n|turn|22\n|inactive|Time left: 300 sec this turn | 300 sec total\n|\n|t:|1783570997\n|move|p1a: Keldeo|Secret Sword|p2a: Terapagos\n|-supereffective|p2a: Terapagos\n|-damage|p2a: Terapagos|21/273\n|move|p2a: Terapagos|Tera Starstorm|p1a: Keldeo\n|-damage|p1a: Keldeo|22/100\n|\n|upkeep\n|turn|23\n|inactive|Time left: 300 sec this turn | 300 sec total\n|\n|t:|1783570998\n|move|p1a: Keldeo|Secret Sword|p2a: Terapagos\n|-supereffective|p2a: Terapagos\n|-damage|p2a: Terapagos|0 fnt\n|faint|p2a: Terapagos\n|\n|win|p0x268485ef", "uploadtime": 1783570998, "views": 0, "rating": 0, "private": 0, "password": null, "_winner": "p0x268485ef", "_our_name": "p0y2684b85c"}