{"id": "battle-gen9randombattle-1861", "formatid": "gen9randombattle", "format": "[Gen 9] Random Battle", "players": ["p0x186119f2", "p0y1861be28"], "log": "|init|battle\n|title|p0x186119f2 vs. p0y1861be28\n|j|\u2606p0x186119f2\n|j|\u2606p0y1861be28\n|t:|1783560825\n|gametype|singles\n|player|p1|p0x186119f2|265|\n|player|p2|p0y1861be28|1|\n|gen|9\n|tier|[Gen 9] Random Battle\n|rule|Species Clause: Limit one of each Pok\u00e9mon\n|rule|HP Percentage Mod: HP is shown in percentages\n|rule|Sleep Clause Mod: Limit one foe put to sleep\n|rule|Illusion Level Mod: Illusion disguises the Pok\u00e9mon's true level\n|\n|t:|1783560825\n|teamsize|p1|6\n|teamsize|p2|6\n|start\n|switch|p1a: Persian|Persian-Alola, L86, F|100/100\n|switch|p2a: Latias|Latias, L79, F|256/256\n|turn|1\n|inactive|Battle timer is ON: inactive players will automatically lose when time's up. (requested by p0y1861be28)\n|inactive|p0x186119f2 also wants the timer to be on.\n|\n|t:|1783560827\n|switch|p2a: Magmortar|Magmortar, L88, F|275/275\n|move|p1a: Persian|Nasty Plot|p1a: Persian\n|-boost|p1a: Persian|spa|2\n|\n|upkeep\n|turn|2\n|inactive|Time left: 300 sec this turn | 300 sec total\n|\n|t:|1783560828\n|move|p1a: Persian|Dark Pulse|p2a: Magmortar\n|-damage|p2a: Magmortar|107/275\n|-damage|p1a: Persian|91/100|[from] item: Life Orb\n|move|p2a: Magmortar|Fire Blast|p1a: Persian\n|-damage|p1a: Persian|0 fnt\n|faint|p1a: Persian\n|\n|upkeep\n|\n|t:|1783560829\n|switch|p1a: Politoed|Politoed, L88, M|100/100\n|-weather|RainDance|[from] ability: Drizzle|[of] p1a: Politoed\n|turn|3\n|inactive|Time left: 300 sec this turn | 300 sec total\n|\n|t:|1783560830\n|switch|p2a: Meloetta|Meloetta, L82|298/298\n|move|p1a: Politoed|Surf|p2a: Meloetta\n|-damage|p2a: Meloetta|183/298\n|\n|-weather|RainDance|[upkeep]\n|upkeep\n|turn|4\n|inactive|Time left: 300 sec this turn | 300 sec total\n|\n|t:|1783560831\n|move|p2a: Meloetta|Psyshock|p1a: Politoed\n|-crit|p1a: Politoed\n|-damage|p1a: Politoed|17/100\n|move|p1a: Politoed|Surf|p2a: Meloetta\n|-damage|p2a: Meloetta|57/298\n|\n|-weather|RainDance|[upkeep]\n|upkeep\n|turn|5\n|inactive|Time left: 300 sec this turn | 300 sec total\n|\n|t:|1783560832\n|switch|p1a: Bisharp|Bisharp, L79, F|100/100\n|move|p2a: Meloetta|Psyshock|p1a: Bisharp\n|-immune|p1a: Bisharp\n|\n|-weather|RainDance|[upkeep]\n|upkeep\n|turn|6\n|inactive|Time left: 300 sec this turn | 300 sec total\n|\n|t:|1783560832\n|switch|p2a: Rhyperior|Rhyperior, L82, M|323/323\n|move|p1a: Bisharp|Stealth Rock|p2a: Rhyperior\n|-sidestart|p2: p0y1861be28|move: Stealth Rock\n|\n|-weather|RainDance|[upkeep]\n|upkeep\n|turn|7\n|inactive|Time left: 300 sec this turn | 300 sec total\n|\n|t:|1783560833\n|switch|p1a: Bellossom|Bellossom, L84, M|100/100\n|move|p2a: Rhyperior|Stone Edge|p1a: Bellossom\n|-damage|p1a: Bellossom|54/100\n|\n|-weather|none\n|-heal|p1a: Bellossom|60/100|[from] item: Leftovers\n|upkeep\n|turn|8\n|inactive|Time left: 300 sec this turn | 300 sec total\n|\n|t:|1783560834\n|-terastallize|p2a: Rhyperior|Rock\n|move|p1a: Bellossom|Strength Sap|p2a: Rhyperior\n|-unboost|p2a: Rhyperior|atk|1\n|-heal|p1a: Bellossom|100/100\n|move|p2a: Rhyperior|Stone Edge|p1a: Bellossom\n|-damage|p1a: Bellossom|54/100\n|\n|-heal|p1a: Bellossom|60/100|[from] item: Leftovers\n|upkeep\n|turn|9\n|inactive|Time left: 300 sec this turn | 300 sec total\n|\n|t:|1783560835\n|move|p1a: Bellossom|Quiver Dance|p1a: Bellossom\n|-boost|p1a: Bellossom|spa|1\n|-boost|p1a: Bellossom|spd|1\n|-boost|p1a: Bellossom|spe|1\n|move|p2a: Rhyperior|Stone Edge|p1a: Bellossom\n|-damage|p1a: Bellossom|15/100\n|\n|-heal|p1a: Bellossom|21/100|[from] item: Leftovers\n|upkeep\n|turn|10\n|inactive|Time left: 300 sec this turn | 300 sec total\n|\n|t:|1783560836\n|move|p1a: Bellossom|Strength Sap|p2a: Rhyperior\n|-unboost|p2a: Rhyperior|atk|1\n|-heal|p1a: Bellossom|91/100\n|move|p2a: Rhyperior|Stone Edge|p1a: Bellossom\n|-damage|p1a: Bellossom|56/100\n|\n|-heal|p1a: Bellossom|62/100|[from] item: Leftovers\n|upkeep\n|turn|11\n|inactive|Time left: 300 sec this turn | 300 sec total\n|\n|t:|1783560837\n|switch|p2a: Hitmonchan|Hitmonchan, L87, M|229/229\n|-damage|p2a: Hitmonchan|215/229|[from] Stealth Rock\n|move|p1a: Bellossom|Quiver Dance|p1a: Bellossom\n|-boost|p1a: Bellossom|spa|1\n|-boost|p1a: Bellossom|spd|1\n|-boost|p1a: Bellossom|spe|1\n|\n|-heal|p1a: Bellossom|69/100|[from] item: Leftovers\n|-heal|p2a: Hitmonchan|229/229|[from] item: Leftovers\n|upkeep\n|turn|12\n|inactive|Time left: 300 sec this turn | 300 sec total\n|\n|t:|1783560838\n|move|p1a: Bellossom|Giga Drain|p2a: Hitmonchan\n|-damage|p2a: Hitmonchan|111/229\n|-heal|p1a: Bellossom|91/100|[from] drain|[of] p2a: Hitmonchan\n|move|p2a: Hitmonchan|Encore|p1a: Bellossom\n|-start|p1a: Bellossom|Encore\n|\n|-heal|p1a: Bellossom|97/100|[from] item: Leftovers\n|-heal|p2a: Hitmonchan|125/229|[from] item: Leftovers\n|upkeep\n|turn|13\n|inactive|Time left: 300 sec this turn | 300 sec total\n|\n|t:|1783560839\n|switch|p2a: Latias|Latias, L79, F|256/256\n|-damage|p2a: Latias|224/256|[from] Stealth Rock\n|move|p1a: Bellossom|Giga Drain|p2a: Latias\n|-resisted|p2a: Latias\n|-damage|p2a: Latias|170/256\n|-heal|p1a: Bellossom|100/100|[from] drain|[of] p2a: Latias\n|\n|upkeep\n|turn|14\n|inactive|Time left: 300 sec this turn | 300 sec total\n|\n|t:|1783560839\n|move|p1a: Bellossom|Giga Drain|p2a: Latias\n|-resisted|p2a: Latias\n|-damage|p2a: Latias|107/256\n|move|p2a: Latias|Calm Mind|p2a: Latias\n|-boost|p2a: Latias|spa|1\n|-boost|p2a: Latias|spd|1\n|\n|upkeep\n|turn|15\n|inactive|Time left: 300 sec this turn | 300 sec total\n|\n|t:|1783560840\n|move|p1a: Bellossom|Giga Drain|p2a: Latias\n|-resisted|p2a: Latias\n|-damage|p2a: Latias|69/256\n|move|p2a: Latias|Recover|p2a: Latias\n|-heal|p2a: Latias|197/256\n|\n|-end|p1a: Bellossom|Encore\n|upkeep\n|turn|16\n|inactive|Time left: 300 sec this turn | 300 sec total\n|\n|t:|1783560841\n|move|p1a: Bellossom|Quiver Dance|p1a: Bellossom\n|-boost|p1a: Bellossom|spa|1\n|-boost|p1a: Bellossom|spd|1\n|-boost|p1a: Bellossom|spe|1\n|move|p2a: Latias|Calm Mind|p2a: Latias\n|-boost|p2a: Latias|spa|1\n|-boost|p2a: Latias|spd|1\n|\n|upkeep\n|turn|17\n|inactive|Time left: 300 sec this turn | 300 sec total\n|\n|t:|1783560842\n|move|p1a: Bellossom|Sludge Bomb|p2a: Latias\n|-damage|p2a: Latias|143/256\n|move|p2a: Latias|Psyshock|p1a: Bellossom\n|-damage|p1a: Bellossom|35/100\n|\n|-heal|p1a: Bellossom|42/100|[from] item: Leftovers\n|upkeep\n|turn|18\n|inactive|Time left: 300 sec this turn | 300 sec total\n|\n|t:|1783560843\n|move|p1a: Bellossom|Strength Sap|p2a: Latias\n|-unboost|p2a: Latias|atk|1\n|-heal|p1a: Bellossom|91/100\n|move|p2a: Latias|Psyshock|p1a: Bellossom\n|-damage|p1a: Bellossom|18/100\n|\n|-heal|p1a: Bellossom|24/100|[from] item: Leftovers\n|upkeep\n|turn|19\n|inactive|Time left: 300 sec this turn | 300 sec total\n|\n|t:|1783560844\n|move|p1a: Bellossom|Strength Sap|p2a: Latias\n|-unboost|p2a: Latias|atk|1\n|-heal|p1a: Bellossom|57/100\n|move|p2a: Latias|Psyshock|p1a: Bellossom\n|-damage|p1a: Bellossom|0 fnt\n|faint|p1a: Bellossom\n|\n|upkeep\n|\n|t:|1783560844\n|switch|p1a: Bisharp|Bisharp, L79, F|100/100\n|turn|20\n|inactive|Time left: 300 sec this turn | 300 sec total\n|\n|t:|1783560845\n|move|p2a: Latias|Recover|p2a: Latias\n|-heal|p2a: Latias|256/256\n|move|p1a: Bisharp|Throat Chop|p2a: Latias\n|-supereffective|p2a: Latias\n|-damage|p2a: Latias|56/256\n|-start|p2a: Latias|Throat Chop|[silent]\n|\n|upkeep\n|turn|21\n|inactive|Time left: 300 sec this turn | 300 sec total\n|\n|t:|1783560846\n|move|p2a: Latias|Draco Meteor|p1a: Bisharp\n|-resisted|p1a: Bisharp\n|-damage|p1a: Bisharp|43/100\n|-unboost|p2a: Latias|spa|2\n|move|p1a: Bisharp|Throat Chop|p2a: Latias\n|-supereffective|p2a: Latias\n|-damage|p2a: Latias|0 fnt\n|faint|p2a: Latias\n|\n|upkeep\n|inactive|Time left: 300 sec this turn | 300 sec total | 5 sec grace\n|\n|t:|1783560847\n|switch|p2a: Rhyperior|Rhyperior, L82, M, tera:Rock|323/323\n|-damage|p2a: Rhyperior|283/323|[from] Stealth Rock\n|turn|22\n|inactive|Time left: 300 sec this turn | 300 sec total\n|\n|t:|1783560848\n|move|p1a: Bisharp|Throat Chop|p2a: Rhyperior\n|-damage|p2a: Rhyperior|213/323\n|-start|p2a: Rhyperior|Throat Chop|[silent]\n|move|p2a: Rhyperior|Rock Polish|p2a: Rhyperior\n|-boost|p2a: Rhyperior|spe|2\n|\n|upkeep\n|turn|23\n|inactive|Time left: 300 sec this turn | 300 sec total\n|\n|t:|1783560849\n|move|p2a: Rhyperior|Stone Edge|p1a: Bisharp\n|-resisted|p1a: Bisharp\n|-damage|p1a: Bisharp|19/100\n|move|p1a: Bisharp|Throat Chop|p2a: Rhyperior\n|-damage|p2a: Rhyperior|144/323\n|\n|-end|p2a: Rhyperior|Throat Chop|[silent]\n|upkeep\n|turn|24\n|inactive|Time left: 300 sec this turn | 300 sec total\n|\n|t:|1783560850\n|move|p1a: Bisharp|Sucker Punch|p2a: Rhyperior\n|-crit|p2a: Rhyperior\n|-damage|p2a: Rhyperior|45/323\n|move|p2a: Rhyperior|Stone Edge|p1a: Bisharp|[miss]\n|-miss|p2a: Rhyperior|p1a: Bisharp\n|\n|upkeep\n|turn|25\n|inactive|Time left: 300 sec this turn | 300 sec total\n|\n|t:|1783560851\n|move|p1a: Bisharp|Sucker Punch|p2a: Rhyperior\n|-damage|p2a: Rhyperior|0 fnt\n|faint|p2a: Rhyperior\n|\n|upkeep\n|inactive|Time left: 300 sec this turn | 300 sec total | 5 sec grace\n|\n|t:|1783560852\n|switch|p2a: Hitmonchan|Hitmonchan, L87, M|125/229\n|-damage|p2a: Hitmonchan|111/229|[from] Stealth Rock\n|turn|26\n|inactive|Time left: 300 sec this turn | 300 sec total\n|\n|t:|1783560853\n|move|p2a: Hitmonchan|Drain Punch|p1a: Bisharp\n|-supereffective|p1a: Bisharp\n|-damage|p1a: Bisharp|0 fnt\n|-heal|p2a: Hitmonchan|132/229|[from] drain|[of] p1a: Bisharp\n|faint|p1a: Bisharp\n|\n|-heal|p2a: Hitmonchan|146/229|[from] item: Leftovers\n|upkeep\n|\n|t:|1783560855\n|switch|p1a: Smeargle|Smeargle, L95, F|100/100\n|turn|27\n|inactive|Time left: 300 sec this turn | 300 sec total\n|\n|t:|1783560856\n|move|p1a: Smeargle|Population Bomb|p2a: Hitmonchan\n|-damage|p2a: Hitmonchan|128/229\n|-damage|p2a: Hitmonchan|112/229\n|-damage|p2a: Hitmonchan|96/229\n|-damage|p2a: Hitmonchan|78/229\n|-damage|p2a: Hitmonchan|60/229\n|-damage|p2a: Hitmonchan|42/229\n|-damage|p2a: Hitmonchan|24/229\n|-damage|p2a: Hitmonchan|5/229\n|-damage|p2a: Hitmonchan|0 fnt\n|faint|p2a: Hitmonchan\n|-hitcount|p2: Hitmonchan|9\n|\n|upkeep\n|inactive|Time left: 300 sec this turn | 300 sec total | 5 sec grace\n|\n|t:|1783560857\n|switch|p2a: Magmortar|Magmortar, L88, F|107/275\n|-damage|p2a: Magmortar|39/275|[from] Stealth Rock\n|turn|28\n|inactive|Time left: 300 sec this turn | 300 sec total\n|\n|t:|1783560858\n|move|p1a: Smeargle|Population Bomb|p2a: Magmortar\n|-damage|p2a: Magmortar|18/275\n|-status|p1a: Smeargle|brn|[from] ability: Flame Body|[of] p2a: Magmortar\n|-damage|p2a: Magmortar|8/275\n|-damage|p2a: Magmortar|0 fnt\n|faint|p2a: Magmortar\n|-hitcount|p2: Magmortar|3\n|\n|-damage|p1a: Smeargle|94/100 brn|[from] brn\n|upkeep\n|inactive|Time left: 300 sec this turn | 300 sec total | 5 sec grace\n|\n|t:|1783560859\n|switch|p2a: Swanna|Swanna, L89, M|278/278\n|turn|29\n|inactive|Time left: 300 sec this turn | 300 sec total\n|\n|t:|1783560860\n|move|p2a: Swanna|Brave Bird|p1a: Smeargle\n|-damage|p1a: Smeargle|17/100 brn\n|-damage|p2a: Swanna|212/278|[from] Recoil\n|move|p1a: Smeargle|Shell Smash|p1a: Smeargle\n|-unboost|p1a: Smeargle|def|1\n|-unboost|p1a: Smeargle|spd|1\n|-boost|p1a: Smeargle|atk|2\n|-boost|p1a: Smeargle|spa|2\n|-boost|p1a: Smeargle|spe|2\n|\n|-damage|p1a: Smeargle|11/100 brn|[from] brn\n|upkeep\n|turn|30\n|inactive|Time left: 300 sec this turn | 300 sec total\n|\n|t:|1783560861\n|-terastallize|p1a: Smeargle|Normal\n|move|p1a: Smeargle|Population Bomb|p2a: Swanna\n|-damage|p2a: Swanna|186/278\n|-damage|p2a: Swanna|162/278\n|-damage|p2a: Swanna|136/278\n|-damage|p2a: Swanna|110/278\n|-damage|p2a: Swanna|86/278\n|-damage|p2a: Swanna|58/278\n|-damage|p2a: Swanna|34/278\n|-damage|p2a: Swanna|7/278\n|-damage|p2a: Swanna|0 fnt\n|faint|p2a: Swanna\n|-hitcount|p2: Swanna|9\n|\n|-damage|p1a: Smeargle|5/100 brn|[from] brn\n|upkeep\n|inactive|Time left: 300 sec this turn | 300 sec total | 5 sec grace\n|\n|t:|1783560861\n|switch|p2a: Meloetta|Meloetta, L82|57/298\n|-damage|p2a: Meloetta|20/298|[from] Stealth Rock\n|turn|31\n|inactive|Time left: 300 sec this turn | 300 sec total\n|\n|t:|1783560862\n|move|p1a: Smeargle|Power Trip|p2a: Meloetta\n|-supereffective|p2a: Meloetta\n|-damage|p2a: Meloetta|0 fnt\n|faint|p2a: Meloetta\n|\n|win|p0x186119f2", "uploadtime": 1783560862, "views": 0, "rating": 0, "private": 0, "password": null, "_winner": "p0x186119f2", "_our_name": "p0y1861be28"}