{"id": "battle-gen9randombattle-2303", "formatid": "gen9randombattle", "format": "[Gen 9] Random Battle", "players": ["p0x2303ed7e", "p0y23039505"], "log": "|init|battle\n|title|p0x2303ed7e vs. p0y23039505\n|j|\u2606p0x2303ed7e\n|j|\u2606p0y23039505\n|t:|1783566743\n|gametype|singles\n|player|p1|p0x2303ed7e|1|\n|player|p2|p0y23039505|169|\n|gen|9\n|tier|[Gen 9] Random Battle\n|rule|Species Clause: Limit one of each Pok\u00e9mon\n|rule|HP Percentage Mod: HP is shown in percentages\n|rule|Sleep Clause Mod: Limit one foe put to sleep\n|rule|Illusion Level Mod: Illusion disguises the Pok\u00e9mon's true level\n|\n|t:|1783566743\n|teamsize|p1|6\n|teamsize|p2|6\n|start\n|switch|p1a: Rabsca|Rabsca, L91, F|284/284\n|switch|p2a: Malamar|Malamar, L82, F|100/100\n|turn|1\n|inactive|Battle timer is ON: inactive players will automatically lose when time's up. (requested by p0y23039505)\n|inactive|Time left: 300 sec this turn | 300 sec total | 60 sec grace\n|inactive|p0x2303ed7e also wants the timer to be on.\n|\n|t:|1783566744\n|switch|p2a: Alcremie|Alcremie-Salted-Cream, L90, F|100/100\n|move|p1a: Rabsca|Bug Buzz|p2a: Alcremie\n|-resisted|p2a: Alcremie\n|-damage|p2a: Alcremie|83/100\n|\n|-heal|p2a: Alcremie|89/100|[from] item: Leftovers\n|upkeep\n|turn|2\n|inactive|Time left: 300 sec this turn | 300 sec total\n|\n|t:|1783566746\n|move|p2a: Alcremie|Calm Mind|p2a: Alcremie\n|-boost|p2a: Alcremie|spa|1\n|-boost|p2a: Alcremie|spd|1\n|move|p1a: Rabsca|Psychic|p2a: Alcremie\n|-damage|p2a: Alcremie|65/100\n|\n|-heal|p2a: Alcremie|71/100|[from] item: Leftovers\n|upkeep\n|turn|3\n|inactive|Time left: 300 sec this turn | 300 sec total\n|\n|t:|1783566747\n|switch|p1a: Ninetales|Ninetales-Alola, L78, M|242/242\n|-weather|Snowscape|[from] ability: Snow Warning|[of] p1a: Ninetales\n|move|p2a: Alcremie|Alluring Voice|p1a: Ninetales\n|-damage|p1a: Ninetales|74/242\n|\n|-weather|Snowscape|[upkeep]\n|-heal|p2a: Alcremie|77/100|[from] item: Leftovers\n|upkeep\n|turn|4\n|inactive|Time left: 300 sec this turn | 300 sec total\n|\n|t:|1783566748\n|move|p1a: Ninetales|Aurora Veil|p1a: Ninetales\n|-sidestart|p1: p0x2303ed7e|move: Aurora Veil\n|move|p2a: Alcremie|Alluring Voice|p1a: Ninetales\n|-damage|p1a: Ninetales|0 fnt\n|faint|p1a: Ninetales\n|\n|-weather|Snowscape|[upkeep]\n|-heal|p2a: Alcremie|83/100|[from] item: Leftovers\n|upkeep\n|inactive|Time left: 300 sec this turn | 300 sec total | 5 sec grace\n|\n|t:|1783566749\n|switch|p1a: Baxcalibur|Baxcalibur, L75, F|296/296\n|turn|5\n|inactive|Time left: 300 sec this turn | 300 sec total\n|\n|t:|1783566750\n|move|p1a: Baxcalibur|Dragon Dance|p1a: Baxcalibur\n|-boost|p1a: Baxcalibur|atk|1\n|-boost|p1a: Baxcalibur|spe|1\n|move|p2a: Alcremie|Alluring Voice|p1a: Baxcalibur\n|-supereffective|p1a: Baxcalibur\n|-damage|p1a: Baxcalibur|100/296\n|-start|p1a: Baxcalibur|confusion\n|\n|-weather|Snowscape|[upkeep]\n|-heal|p2a: Alcremie|89/100|[from] item: Leftovers\n|upkeep\n|turn|6\n|inactive|Time left: 300 sec this turn | 300 sec total\n|\n|t:|1783566751\n|-activate|p1a: Baxcalibur|confusion\n|move|p1a: Baxcalibur|Icicle Crash|p2a: Alcremie\n|-damage|p2a: Alcremie|27/100\n|move|p2a: Alcremie|Alluring Voice|p1a: Baxcalibur\n|-supereffective|p1a: Baxcalibur\n|-damage|p1a: Baxcalibur|0 fnt\n|faint|p1a: Baxcalibur\n|\n|-weather|Snowscape|[upkeep]\n|-heal|p2a: Alcremie|33/100|[from] item: Leftovers\n|upkeep\n|inactive|Time left: 300 sec this turn | 300 sec total | 5 sec grace\n|\n|t:|1783566752\n|switch|p1a: Giratina|Giratina-Origin, L72|335/335\n|turn|7\n|inactive|Time left: 300 sec this turn | 300 sec total\n|\n|t:|1783566753\n|switch|p2a: Vigoroth|Vigoroth, L85, M|100/100\n|move|p1a: Giratina|Poltergeist|p2a: Vigoroth\n|-immune|p2a: Vigoroth\n|\n|-weather|none\n|upkeep\n|turn|8\n|inactive|Time left: 300 sec this turn | 300 sec total\n|\n|t:|1783566754\n|switch|p1a: Rabsca|Rabsca, L91, F|284/284\n|move|p2a: Vigoroth|Bulk Up|p2a: Vigoroth\n|-boost|p2a: Vigoroth|atk|1\n|-boost|p2a: Vigoroth|def|1\n|\n|upkeep\n|turn|9\n|inactive|Time left: 300 sec this turn | 300 sec total\n|\n|t:|1783566755\n|move|p2a: Vigoroth|Bulk Up|p2a: Vigoroth\n|-boost|p2a: Vigoroth|atk|1\n|-boost|p2a: Vigoroth|def|1\n|move|p1a: Rabsca|Psychic|p2a: Vigoroth\n|-damage|p2a: Vigoroth|56/100\n|-unboost|p2a: Vigoroth|spd|1\n|\n|upkeep\n|turn|10\n|inactive|Time left: 300 sec this turn | 300 sec total\n|\n|t:|1783566756\n|move|p2a: Vigoroth|Slack Off|p2a: Vigoroth\n|-heal|p2a: Vigoroth|100/100\n|move|p1a: Rabsca|Psychic|p2a: Vigoroth\n|-damage|p2a: Vigoroth|42/100\n|\n|upkeep\n|turn|11\n|inactive|Time left: 300 sec this turn | 300 sec total\n|\n|t:|1783566757\n|move|p2a: Vigoroth|Slack Off|p2a: Vigoroth\n|-heal|p2a: Vigoroth|92/100\n|move|p1a: Rabsca|Psychic|p2a: Vigoroth\n|-damage|p2a: Vigoroth|22/100\n|\n|-sideend|p1: p0x2303ed7e|move: Aurora Veil\n|upkeep\n|turn|12\n|inactive|Time left: 300 sec this turn | 300 sec total\n|\n|t:|1783566758\n|move|p2a: Vigoroth|Body Slam|p1a: Rabsca\n|-damage|p1a: Rabsca|143/284\n|move|p1a: Rabsca|Psychic|p2a: Vigoroth\n|-damage|p2a: Vigoroth|0 fnt\n|faint|p2a: Vigoroth\n|\n|upkeep\n|\n|t:|1783566759\n|switch|p2a: Basculegion|Basculegion, L80, M|100/100\n|turn|13\n|inactive|Time left: 300 sec this turn | 300 sec total\n|\n|t:|1783566760\n|switch|p1a: Corviknight|Corviknight, L80, F|288/288\n|move|p2a: Basculegion|Wave Crash|p1a: Corviknight\n|-damage|p1a: Corviknight|120/288\n|-damage|p2a: Basculegion|84/100|[from] item: Rocky Helmet|[of] p1a: Corviknight\n|-damage|p2a: Basculegion|67/100|[from] Recoil\n|\n|upkeep\n|turn|14\n|inactive|Time left: 300 sec this turn | 300 sec total\n|\n|t:|1783566761\n|-terastallize|p1a: Corviknight|Dragon\n|move|p2a: Basculegion|Wave Crash|p1a: Corviknight\n|-resisted|p1a: Corviknight\n|-crit|p1a: Corviknight\n|-damage|p1a: Corviknight|3/288\n|-damage|p2a: Basculegion|51/100|[from] item: Rocky Helmet|[of] p1a: Corviknight\n|-damage|p2a: Basculegion|39/100|[from] Recoil\n|move|p1a: Corviknight|Roost|p1a: Corviknight\n|-heal|p1a: Corviknight|147/288\n|\n|upkeep\n|turn|15\n|inactive|Time left: 300 sec this turn | 300 sec total\n|\n|t:|1783566762\n|move|p2a: Basculegion|Shadow Ball|p1a: Corviknight\n|-damage|p1a: Corviknight|43/288\n|move|p1a: Corviknight|Roost|p1a: Corviknight\n|-heal|p1a: Corviknight|187/288\n|\n|upkeep\n|turn|16\n|inactive|Time left: 300 sec this turn | 300 sec total\n|\n|t:|1783566764\n|switch|p2a: Manaphy|Manaphy, L78|100/100\n|move|p1a: Corviknight|Brave Bird|p2a: Manaphy\n|-damage|p2a: Manaphy|64/100\n|-damage|p1a: Corviknight|152/288|[from] Recoil\n|\n|-heal|p2a: Manaphy|70/100|[from] item: Leftovers\n|upkeep\n|turn|17\n|inactive|Time left: 300 sec this turn | 300 sec total\n|\n|t:|1783566765\n|move|p2a: Manaphy|Tail Glow|p2a: Manaphy\n|-boost|p2a: Manaphy|spa|3\n|move|p1a: Corviknight|Roost|p1a: Corviknight\n|-heal|p1a: Corviknight|288/288\n|\n|-heal|p2a: Manaphy|75/100|[from] item: Leftovers\n|upkeep\n|turn|18\n|inactive|Time left: 300 sec this turn | 300 sec total\n|\n|t:|1783566766\n|switch|p1a: Rabsca|Rabsca, L91, F|143/284\n|move|p2a: Manaphy|Ice Beam|p1a: Rabsca\n|-damage|p1a: Rabsca|25/284\n|\n|-heal|p2a: Manaphy|81/100|[from] item: Leftovers\n|upkeep\n|turn|19\n|inactive|Time left: 300 sec this turn | 300 sec total\n|\n|t:|1783566767\n|move|p2a: Manaphy|Ice Beam|p1a: Rabsca\n|-damage|p1a: Rabsca|0 fnt\n|faint|p1a: Rabsca\n|\n|-heal|p2a: Manaphy|87/100|[from] item: Leftovers\n|upkeep\n|inactive|Time left: 300 sec this turn | 300 sec total | 5 sec grace\n|\n|t:|1783566768\n|switch|p1a: Sableye|Sableye, L88, M|231/231\n|turn|20\n|inactive|Time left: 300 sec this turn | 300 sec total\n|\n|t:|1783566769\n|move|p2a: Manaphy|Surf|p1a: Sableye\n|-damage|p1a: Sableye|0 fnt\n|faint|p1a: Sableye\n|\n|-heal|p2a: Manaphy|93/100|[from] item: Leftovers\n|upkeep\n|inactive|Time left: 300 sec this turn | 300 sec total | 5 sec grace\n|\n|t:|1783566770\n|switch|p1a: Giratina|Giratina-Origin, L72|335/335\n|turn|21\n|inactive|Time left: 300 sec this turn | 300 sec total\n|\n|t:|1783566771\n|move|p2a: Manaphy|Ice Beam|p1a: Giratina\n|-supereffective|p1a: Giratina\n|-damage|p1a: Giratina|31/335\n|move|p1a: Giratina|Poltergeist|p2a: Manaphy\n|-activate|p2a: Manaphy|move: Poltergeist|Leftovers\n|-damage|p2a: Manaphy|54/100\n|\n|-heal|p2a: Manaphy|60/100|[from] item: Leftovers\n|upkeep\n|turn|22\n|inactive|Time left: 300 sec this turn | 300 sec total\n|\n|t:|1783566773\n|move|p2a: Manaphy|Ice Beam|p1a: Giratina\n|-supereffective|p1a: Giratina\n|-damage|p1a: Giratina|0 fnt\n|faint|p1a: Giratina\n|\n|-heal|p2a: Manaphy|66/100|[from] item: Leftovers\n|upkeep\n|inactive|Time left: 300 sec this turn | 300 sec total | 5 sec grace\n|\n|t:|1783566774\n|switch|p1a: Corviknight|Corviknight, L80, F, tera:Dragon|288/288\n|turn|23\n|inactive|Time left: 300 sec this turn | 300 sec total\n|\n|t:|1783566775\n|-terastallize|p2a: Manaphy|Water\n|move|p2a: Manaphy|Ice Beam|p1a: Corviknight\n|-supereffective|p1a: Corviknight\n|-damage|p1a: Corviknight|0 fnt\n|faint|p1a: Corviknight\n|\n|win|p0y23039505", "uploadtime": 1783566775, "views": 0, "rating": 0, "private": 0, "password": null, "_winner": "p0y23039505", "_our_name": "p0x2303ed7e"}