{"id": "battle-gen9randombattle-210", "formatid": "gen9randombattle", "format": "[Gen 9] Random Battle", "players": ["p0x210aac4", "p0y210430c"], "log": "|init|battle\n|title|p0x210aac4 vs. p0y210430c\n|j|\u2606p0x210aac4\n|j|\u2606p0y210430c\n|t:|1783541533\n|gametype|singles\n|player|p1|p0x210aac4|266|\n|player|p2|p0y210430c|102|\n|gen|9\n|tier|[Gen 9] Random Battle\n|rule|Species Clause: Limit one of each Pok\u00e9mon\n|rule|HP Percentage Mod: HP is shown in percentages\n|rule|Sleep Clause Mod: Limit one foe put to sleep\n|rule|Illusion Level Mod: Illusion disguises the Pok\u00e9mon's true level\n|\n|t:|1783541533\n|teamsize|p1|6\n|teamsize|p2|6\n|start\n|switch|p1a: Beartic|Beartic, L91, M|100/100\n|switch|p2a: Volbeat|Volbeat, L90, M|263/263\n|turn|1\n|inactive|Battle timer is ON: inactive players will automatically lose when time's up. (requested by p0y210430c)\n|inactive|p0x210aac4 also wants the timer to be on.\n|\n|t:|1783541535\n|move|p2a: Volbeat|U-turn|p1a: Beartic\n|-damage|p1a: Beartic|80/100\n|inactive|Time left: 300 sec this turn | 300 sec total | 65 sec grace\n|\n|t:|1783541536\n|switch|p2a: Stonjourner|Stonjourner, L91, F|330/330|[from] U-turn\n|move|p1a: Beartic|Swords Dance|p1a: Beartic\n|-boost|p1a: Beartic|atk|2\n|\n|upkeep\n|turn|2\n|inactive|Time left: 300 sec this turn | 300 sec total\n|\n|t:|1783541537\n|-terastallize|p1a: Beartic|Ground\n|move|p2a: Stonjourner|Stone Edge|p1a: Beartic|[miss]\n|-miss|p2a: Stonjourner|p1a: Beartic\n|move|p1a: Beartic|Earthquake|p2a: Stonjourner\n|-supereffective|p2a: Stonjourner\n|-damage|p2a: Stonjourner|0 fnt\n|faint|p2a: Stonjourner\n|\n|upkeep\n|inactive|Time left: 300 sec this turn | 300 sec total | 5 sec grace\n|\n|t:|1783541538\n|switch|p2a: Electrode|Electrode-Hisui, L87|246/246\n|turn|3\n|inactive|Time left: 300 sec this turn | 300 sec total\n|\n|t:|1783541540\n|move|p2a: Electrode|Leaf Storm|p1a: Beartic\n|-supereffective|p1a: Beartic\n|-damage|p1a: Beartic|0 fnt\n|-unboost|p2a: Electrode|spa|2\n|faint|p1a: Beartic\n|-damage|p2a: Electrode|222/246|[from] item: Life Orb\n|\n|upkeep\n|\n|t:|1783541541\n|switch|p1a: Dusknoir|Dusknoir, L89, M|100/100\n|-item|p2a: Electrode|Life Orb|[from] ability: Frisk|[of] p1a: Dusknoir\n|turn|4\n|inactive|Time left: 300 sec this turn | 300 sec total\n|\n|t:|1783541542\n|switch|p2a: Mudsdale|Mudsdale, L83, F|302/302\n|move|p1a: Dusknoir|Poltergeist|p2a: Mudsdale\n|-activate|p2a: Mudsdale|move: Poltergeist|Leftovers\n|-damage|p2a: Mudsdale|133/302\n|-ability|p2a: Mudsdale|Stamina|boost\n|-boost|p2a: Mudsdale|def|1\n|\n|-heal|p2a: Mudsdale|151/302|[from] item: Leftovers\n|upkeep\n|turn|5\n|inactive|Time left: 300 sec this turn | 300 sec total\n|\n|t:|1783541543\n|move|p1a: Dusknoir|Poltergeist|p2a: Mudsdale|[miss]\n|-miss|p1a: Dusknoir|p2a: Mudsdale\n|move|p2a: Mudsdale|Stealth Rock|p1a: Dusknoir\n|-sidestart|p1: p0x210aac4|move: Stealth Rock\n|\n|-heal|p2a: Mudsdale|169/302|[from] item: Leftovers\n|upkeep\n|turn|6\n|inactive|Time left: 300 sec this turn | 300 sec total\n|\n|t:|1783541544\n|move|p1a: Dusknoir|Poltergeist|p2a: Mudsdale\n|-activate|p2a: Mudsdale|move: Poltergeist|Leftovers\n|-damage|p2a: Mudsdale|39/302\n|-ability|p2a: Mudsdale|Stamina|boost\n|-boost|p2a: Mudsdale|def|1\n|move|p2a: Mudsdale|Earthquake|p1a: Dusknoir\n|-damage|p1a: Dusknoir|65/100\n|\n|-heal|p2a: Mudsdale|57/302|[from] item: Leftovers\n|upkeep\n|turn|7\n|inactive|Time left: 300 sec this turn | 300 sec total\n|\n|t:|1783541545\n|move|p1a: Dusknoir|Poltergeist|p2a: Mudsdale\n|-activate|p2a: Mudsdale|move: Poltergeist|Leftovers\n|-damage|p2a: Mudsdale|0 fnt\n|faint|p2a: Mudsdale\n|\n|upkeep\n|inactive|Time left: 300 sec this turn | 300 sec total | 5 sec grace\n|\n|t:|1783541546\n|switch|p2a: Whiscash|Whiscash, L88, F|337/337\n|turn|8\n|inactive|Time left: 300 sec this turn | 300 sec total\n|\n|t:|1783541547\n|move|p2a: Whiscash|Dragon Dance|p2a: Whiscash\n|-boost|p2a: Whiscash|atk|1\n|-boost|p2a: Whiscash|spe|1\n|move|p1a: Dusknoir|Poltergeist|p2a: Whiscash\n|-activate|p2a: Whiscash|move: Poltergeist|Life Orb\n|-damage|p2a: Whiscash|105/337\n|\n|upkeep\n|turn|9\n|inactive|Time left: 300 sec this turn | 300 sec total\n|\n|t:|1783541548\n|-terastallize|p2a: Whiscash|Ground\n|move|p2a: Whiscash|Earthquake|p1a: Dusknoir\n|-damage|p1a: Dusknoir|0 fnt\n|faint|p1a: Dusknoir\n|-damage|p2a: Whiscash|72/337|[from] item: Life Orb\n|\n|upkeep\n|\n|t:|1783541549\n|switch|p1a: Munkidori|Munkidori, L79, M|100/100\n|-damage|p1a: Munkidori|88/100|[from] Stealth Rock\n|turn|10\n|inactive|Time left: 300 sec this turn | 300 sec total\n|\n|t:|1783541550\n|move|p1a: Munkidori|Fake Out|p2a: Whiscash\n|-damage|p2a: Whiscash|46/337\n|cant|p2a: Whiscash|flinch\n|\n|upkeep\n|turn|11\n|inactive|Time left: 300 sec this turn | 300 sec total\n|\n|t:|1783541551\n|move|p1a: Munkidori|Fake Out||[still]\n|-hint|Fake Out only works on your first turn out.\n|-fail|p1a: Munkidori\n|move|p2a: Whiscash|Earthquake|p1a: Munkidori\n|-supereffective|p1a: Munkidori\n|-damage|p1a: Munkidori|0 fnt\n|faint|p1a: Munkidori\n|-damage|p2a: Whiscash|13/337|[from] item: Life Orb\n|\n|upkeep\n|\n|t:|1783541552\n|switch|p1a: Bruxish|Bruxish, L85, F|100/100\n|-damage|p1a: Bruxish|88/100|[from] Stealth Rock\n|turn|12\n|inactive|Time left: 300 sec this turn | 300 sec total\n|\n|t:|1783541553\n|move|p2a: Whiscash|Earthquake|p1a: Bruxish\n|-damage|p1a: Bruxish|0 fnt\n|faint|p1a: Bruxish\n|-damage|p2a: Whiscash|0 fnt|[from] item: Life Orb\n|faint|p2a: Whiscash\n|\n|upkeep\n|inactive|Time left: 300 sec this turn | 300 sec total | 5 sec grace\n|\n|t:|1783541554\n|switch|p1a: Emboar|Emboar, L84, M|100/100\n|switch|p2a: Gyarados|Gyarados, L79, F|280/280\n|-damage|p1a: Emboar|88/100|[from] Stealth Rock\n|turn|13\n|inactive|Time left: 300 sec this turn | 300 sec total\n|\n|t:|1783541554\n|switch|p1a: Granbull|Granbull, L88, M|100/100\n|-damage|p1a: Granbull|88/100|[from] Stealth Rock\n|-ability|p1a: Granbull|Intimidate|boost\n|-unboost|p2a: Gyarados|atk|1\n|move|p2a: Gyarados|Waterfall|p1a: Granbull\n|-damage|p1a: Granbull|66/100\n|\n|-heal|p1a: Granbull|72/100|[from] item: Leftovers\n|upkeep\n|turn|14\n|inactive|Time left: 300 sec this turn | 300 sec total\n|\n|t:|1783541556\n|move|p2a: Gyarados|Waterfall|p1a: Granbull\n|-damage|p1a: Granbull|50/100\n|move|p1a: Granbull|Play Rough|p2a: Gyarados\n|-damage|p2a: Gyarados|127/280\n|-unboost|p2a: Gyarados|atk|1\n|\n|-heal|p1a: Granbull|56/100|[from] item: Leftovers\n|upkeep\n|turn|15\n|inactive|Time left: 300 sec this turn | 300 sec total\n|\n|t:|1783541557\n|switch|p2a: Electrode|Electrode-Hisui, L87|222/246\n|move|p1a: Granbull|Play Rough|p2a: Electrode\n|-damage|p2a: Electrode|84/246\n|\n|-heal|p1a: Granbull|62/100|[from] item: Leftovers\n|upkeep\n|turn|16\n|inactive|Time left: 300 sec this turn | 300 sec total\n|\n|t:|1783541558\n|move|p2a: Electrode|Thunderbolt|p1a: Granbull\n|-damage|p1a: Granbull|10/100\n|-damage|p2a: Electrode|60/246|[from] item: Life Orb\n|move|p1a: Granbull|Thunder Wave|p2a: Electrode\n|-immune|p2a: Electrode\n|\n|-heal|p1a: Granbull|16/100|[from] item: Leftovers\n|upkeep\n|turn|17\n|inactive|Time left: 300 sec this turn | 300 sec total\n|\n|t:|1783541559\n|move|p2a: Electrode|Volt Switch|p1a: Granbull\n|-damage|p1a: Granbull|0 fnt\n|faint|p1a: Granbull\n|-damage|p2a: Electrode|36/246|[from] item: Life Orb\n|inactive|Time left: 300 sec this turn | 300 sec total | 5 sec grace\n|\n|t:|1783541560\n|switch|p2a: Gyarados|Gyarados, L79, F|127/280|[from] Volt Switch\n|\n|upkeep\n|\n|t:|1783541561\n|switch|p1a: Emboar|Emboar, L84, M|88/100\n|-damage|p1a: Emboar|76/100|[from] Stealth Rock\n|turn|18\n|inactive|Time left: 300 sec this turn | 300 sec total\n|\n|t:|1783541562\n|move|p2a: Gyarados|Waterfall|p1a: Emboar\n|-supereffective|p1a: Emboar\n|-damage|p1a: Emboar|7/100\n|cant|p1a: Emboar|flinch\n|\n|-heal|p1a: Emboar|13/100|[from] item: Leftovers\n|upkeep\n|turn|19\n|inactive|Time left: 300 sec this turn | 300 sec total\n|\n|t:|1783541563\n|move|p2a: Gyarados|Earthquake|p1a: Emboar\n|-supereffective|p1a: Emboar\n|-damage|p1a: Emboar|0 fnt\n|faint|p1a: Emboar\n|\n|win|p0y210430c", "uploadtime": 1783541563, "views": 0, "rating": 0, "private": 0, "password": null, "_winner": "p0y210430c", "_our_name": "p0y210430c"}