{"id": "battle-gen9randombattle-768", "formatid": "gen9randombattle", "format": "[Gen 9] Random Battle", "players": ["p0x76888bd", "p0y7688d04"], "log": "|init|battle\n|title|p0x76888bd vs. p0y7688d04\n|j|\u2606p0x76888bd\n|j|\u2606p0y7688d04\n|t:|1783548785\n|gametype|singles\n|player|p1|p0x76888bd|266|\n|player|p2|p0y7688d04|170|\n|gen|9\n|tier|[Gen 9] Random Battle\n|rule|Species Clause: Limit one of each Pok\u00e9mon\n|rule|HP Percentage Mod: HP is shown in percentages\n|rule|Sleep Clause Mod: Limit one foe put to sleep\n|rule|Illusion Level Mod: Illusion disguises the Pok\u00e9mon's true level\n|\n|t:|1783548785\n|teamsize|p1|6\n|teamsize|p2|6\n|start\n|switch|p1a: Florges|Florges-Yellow, L85, F|100/100\n|switch|p2a: Fezandipiti|Fezandipiti, L82, M|278/278\n|turn|1\n|inactive|Battle timer is ON: inactive players will automatically lose when time's up. (requested by p0x76888bd)\n|inactive|Time left: 300 sec this turn | 300 sec total | 60 sec grace\n|\n|t:|1783548786\n|move|p2a: Fezandipiti|Swords Dance|p2a: Fezandipiti\n|-boost|p2a: Fezandipiti|atk|2\n|move|p1a: Florges|Calm Mind|p1a: Florges\n|-boost|p1a: Florges|spa|1\n|-boost|p1a: Florges|spd|1\n|\n|upkeep\n|turn|2\n|inactive|Time left: 300 sec this turn | 300 sec total\n|inactive|p0y7688d04 also wants the timer to be on.\n|\n|t:|1783548787\n|-terastallize|p1a: Florges|Ground\n|move|p2a: Fezandipiti|Gunk Shot|p1a: Florges|[miss]\n|-miss|p2a: Fezandipiti|p1a: Florges\n|move|p1a: Florges|Tera Blast|p2a: Fezandipiti|[anim] Tera Blast Ground\n|-supereffective|p2a: Fezandipiti\n|-crit|p2a: Fezandipiti\n|-damage|p2a: Fezandipiti|0 fnt\n|faint|p2a: Fezandipiti\n|\n|upkeep\n|inactive|Time left: 300 sec this turn | 300 sec total | 5 sec grace\n|\n|t:|1783548788\n|switch|p2a: Veluza|Veluza, L85, F|292/292\n|turn|3\n|inactive|Time left: 300 sec this turn | 300 sec total\n|\n|t:|1783548789\n|move|p1a: Florges|Moonblast|p2a: Veluza\n|-damage|p2a: Veluza|87/292\n|move|p2a: Veluza|Aqua Cutter|p1a: Florges\n|-supereffective|p1a: Florges\n|-damage|p1a: Florges|0 fnt\n|faint|p1a: Florges\n|\n|upkeep\n|\n|t:|1783548790\n|switch|p1a: Tsareena|Tsareena, L87, F|100/100\n|turn|4\n|inactive|Time left: 300 sec this turn | 300 sec total\n|\n|t:|1783548791\n|switch|p2a: Granbull|Granbull, L88, F|302/302\n|-ability|p2a: Granbull|Intimidate|boost\n|-unboost|p1a: Tsareena|atk|1\n|move|p1a: Tsareena|U-turn|p2a: Granbull\n|-resisted|p2a: Granbull\n|-damage|p2a: Granbull|278/302\n|\n|t:|1783548792\n|switch|p1a: Manaphy|Manaphy, L78|100/100|[from] U-turn\n|\n|-heal|p2a: Granbull|296/302|[from] item: Leftovers\n|upkeep\n|turn|5\n|inactive|Time left: 300 sec this turn | 300 sec total\n|\n|t:|1783548794\n|move|p1a: Manaphy|Tail Glow|p1a: Manaphy\n|-boost|p1a: Manaphy|spa|3\n|move|p2a: Granbull|Earthquake|p1a: Manaphy\n|-damage|p1a: Manaphy|68/100\n|\n|-heal|p1a: Manaphy|74/100|[from] item: Leftovers\n|-heal|p2a: Granbull|302/302|[from] item: Leftovers\n|upkeep\n|turn|6\n|inactive|Time left: 300 sec this turn | 300 sec total\n|\n|t:|1783548795\n|switch|p2a: Pachirisu|Pachirisu, L96, M|271/271\n|move|p1a: Manaphy|Hydro Pump|p2a: Pachirisu|[miss]\n|-miss|p1a: Manaphy|p2a: Pachirisu\n|\n|-heal|p1a: Manaphy|80/100|[from] item: Leftovers\n|upkeep\n|turn|7\n|inactive|Time left: 300 sec this turn | 300 sec total\n|\n|t:|1783548796\n|move|p2a: Pachirisu|Thunderbolt|p1a: Manaphy\n|-supereffective|p1a: Manaphy\n|-damage|p1a: Manaphy|29/100\n|move|p1a: Manaphy|Hydro Pump|p2a: Pachirisu\n|-damage|p2a: Pachirisu|118/271\n|\n|-heal|p1a: Manaphy|35/100|[from] item: Leftovers\n|upkeep\n|turn|8\n|inactive|Time left: 300 sec this turn | 300 sec total\n|\n|t:|1783548797\n|move|p2a: Pachirisu|Thunderbolt|p1a: Manaphy\n|-supereffective|p1a: Manaphy\n|-damage|p1a: Manaphy|0 fnt\n|faint|p1a: Manaphy\n|\n|upkeep\n|\n|t:|1783548798\n|switch|p1a: Blaziken|Blaziken, L76, F|100/100\n|turn|9\n|inactive|Time left: 300 sec this turn | 300 sec total\n|\n|t:|1783548799\n|switch|p2a: Granbull|Granbull, L88, F|302/302\n|-ability|p2a: Granbull|Intimidate|boost\n|-unboost|p1a: Blaziken|atk|1\n|move|p1a: Blaziken|Swords Dance|p1a: Blaziken\n|-boost|p1a: Blaziken|atk|2\n|\n|-ability|p1a: Blaziken|Speed Boost|boost\n|-boost|p1a: Blaziken|spe|1\n|upkeep\n|turn|10\n|inactive|Time left: 300 sec this turn | 300 sec total\n|\n|t:|1783548800\n|move|p1a: Blaziken|Flare Blitz|p2a: Granbull\n|-damage|p2a: Granbull|55/302\n|-damage|p1a: Blaziken|67/100|[from] Recoil\n|-damage|p1a: Blaziken|58/100|[from] item: Life Orb\n|move|p2a: Granbull|Earthquake|p1a: Blaziken\n|-supereffective|p1a: Blaziken\n|-damage|p1a: Blaziken|0 fnt\n|faint|p1a: Blaziken\n|\n|-heal|p2a: Granbull|73/302|[from] item: Leftovers\n|upkeep\n|\n|t:|1783548802\n|switch|p1a: Tauros|Tauros-Paldea-Combat, L82, M|100/100\n|-ability|p1a: Tauros|Intimidate|boost\n|-unboost|p2a: Granbull|atk|1\n|turn|11\n|inactive|Time left: 300 sec this turn | 300 sec total\n|\n|t:|1783548803\n|switch|p2a: Pachirisu|Pachirisu, L96, M|118/271\n|move|p1a: Tauros|Close Combat|p2a: Pachirisu\n|-damage|p2a: Pachirisu|0 fnt\n|-unboost|p1a: Tauros|def|1\n|-unboost|p1a: Tauros|spd|1\n|faint|p2a: Pachirisu\n|\n|upkeep\n|inactive|Time left: 300 sec this turn | 300 sec total | 5 sec grace\n|\n|t:|1783548804\n|switch|p2a: Granbull|Granbull, L88, F|73/302\n|-ability|p2a: Granbull|Intimidate|boost\n|-unboost|p1a: Tauros|atk|1\n|turn|12\n|inactive|Time left: 300 sec this turn | 300 sec total\n|\n|t:|1783548805\n|switch|p1a: Tsareena|Tsareena, L87, F|100/100\n|move|p2a: Granbull|Play Rough|p1a: Tsareena\n|-damage|p1a: Tsareena|60/100\n|\n|-heal|p2a: Granbull|91/302|[from] item: Leftovers\n|upkeep\n|turn|13\n|inactive|Time left: 300 sec this turn | 300 sec total\n|\n|t:|1783548806\n|move|p1a: Tsareena|Power Whip|p2a: Granbull|[miss]\n|-miss|p1a: Tsareena|p2a: Granbull\n|move|p2a: Granbull|Thunder Wave|p1a: Tsareena\n|-status|p1a: Tsareena|par\n|\n|-heal|p2a: Granbull|109/302|[from] item: Leftovers\n|upkeep\n|turn|14\n|inactive|Time left: 300 sec this turn | 300 sec total\n|\n|t:|1783548807\n|move|p2a: Granbull|Play Rough|p1a: Tsareena\n|-damage|p1a: Tsareena|21/100 par\n|move|p1a: Tsareena|Power Whip|p2a: Granbull\n|-damage|p2a: Granbull|0 fnt\n|faint|p2a: Granbull\n|\n|upkeep\n|inactive|Time left: 300 sec this turn | 300 sec total | 5 sec grace\n|\n|t:|1783548808\n|switch|p2a: Veluza|Veluza, L85, F|87/292\n|turn|15\n|inactive|Time left: 300 sec this turn | 300 sec total\n|\n|t:|1783548809\n|move|p2a: Veluza|Aqua Cutter|p1a: Tsareena\n|-resisted|p1a: Tsareena\n|-damage|p1a: Tsareena|0 fnt\n|faint|p1a: Tsareena\n|\n|upkeep\n|\n|t:|1783548810\n|switch|p1a: Tauros|Tauros-Paldea-Combat, L82, M|100/100\n|-ability|p1a: Tauros|Intimidate|boost\n|-unboost|p2a: Veluza|atk|1\n|turn|16\n|inactive|Time left: 300 sec this turn | 300 sec total\n|\n|t:|1783548811\n|move|p1a: Tauros|Close Combat|p2a: Veluza\n|-resisted|p2a: Veluza\n|-damage|p2a: Veluza|0 fnt\n|-unboost|p1a: Tauros|def|1\n|-unboost|p1a: Tauros|spd|1\n|faint|p2a: Veluza\n|\n|upkeep\n|inactive|Time left: 300 sec this turn | 300 sec total | 5 sec grace\n|\n|t:|1783548812\n|switch|p2a: Persian|Persian, L92, M|269/269\n|turn|17\n|inactive|Time left: 300 sec this turn | 300 sec total\n|\n|t:|1783548813\n|switch|p1a: Chansey|Chansey, L85, F|100/100\n|-terastallize|p2a: Persian|Ghost\n|move|p2a: Persian|Double-Edge|p1a: Chansey\n|-damage|p1a: Chansey|25/100\n|-damage|p2a: Persian|129/269|[from] Recoil\n|\n|upkeep\n|turn|18\n|inactive|Time left: 300 sec this turn | 300 sec total\n|\n|t:|1783548814\n|switch|p2a: Blissey|Blissey, L85, F|572/572\n|switch|p1a: Tauros|Tauros-Paldea-Combat, L82, M|100/100\n|-ability|p1a: Tauros|Intimidate|boost\n|-unboost|p2a: Blissey|atk|1\n|\n|upkeep\n|turn|19\n|inactive|Time left: 300 sec this turn | 300 sec total\n|\n|t:|1783548815\n|switch|p2a: Persian|Persian, L92, M, tera:Ghost|129/269\n|move|p1a: Tauros|Earthquake|p2a: Persian\n|-damage|p2a: Persian|0 fnt\n|faint|p2a: Persian\n|\n|upkeep\n|inactive|Time left: 300 sec this turn | 300 sec total | 5 sec grace\n|\n|t:|1783548816\n|switch|p2a: Blissey|Blissey, L85, F|572/572\n|turn|20\n|inactive|Time left: 300 sec this turn | 300 sec total\n|\n|t:|1783548817\n|move|p1a: Tauros|Earthquake|p2a: Blissey\n|-damage|p2a: Blissey|247/572\n|move|p2a: Blissey|Thunder Wave|p1a: Tauros\n|-status|p1a: Tauros|par\n|\n|-heal|p2a: Blissey|282/572|[from] item: Leftovers\n|upkeep\n|turn|21\n|inactive|Time left: 300 sec this turn | 300 sec total\n|\n|t:|1783548818\n|move|p2a: Blissey|Soft-Boiled|p2a: Blissey\n|-heal|p2a: Blissey|568/572\n|cant|p1a: Tauros|par\n|\n|-heal|p2a: Blissey|572/572|[from] item: Leftovers\n|upkeep\n|turn|22\n|inactive|Time left: 300 sec this turn | 300 sec total\n|\n|t:|1783548819\n|move|p2a: Blissey|Seismic Toss|p1a: Tauros\n|-damage|p1a: Tauros|67/100 par\n|move|p1a: Tauros|Earthquake|p2a: Blissey\n|-damage|p2a: Blissey|218/572\n|\n|-heal|p2a: Blissey|253/572|[from] item: Leftovers\n|upkeep\n|turn|23\n|inactive|Time left: 300 sec this turn | 300 sec total\n|\n|t:|1783548820\n|move|p2a: Blissey|Soft-Boiled|p2a: Blissey\n|-heal|p2a: Blissey|539/572\n|cant|p1a: Tauros|par\n|\n|-heal|p2a: Blissey|572/572|[from] item: Leftovers\n|upkeep\n|turn|24\n|inactive|Time left: 300 sec this turn | 300 sec total\n|\n|t:|1783548821\n|move|p2a: Blissey|Seismic Toss|p1a: Tauros\n|-damage|p1a: Tauros|34/100 par\n|move|p1a: Tauros|Earthquake|p2a: Blissey\n|-damage|p2a: Blissey|265/572\n|\n|-heal|p2a: Blissey|300/572|[from] item: Leftovers\n|upkeep\n|turn|25\n|inactive|Time left: 300 sec this turn | 300 sec total\n|\n|t:|1783548822\n|move|p2a: Blissey|Soft-Boiled|p2a: Blissey\n|-heal|p2a: Blissey|572/572\n|move|p1a: Tauros|Earthquake|p2a: Blissey\n|-damage|p2a: Blissey|254/572\n|\n|-heal|p2a: Blissey|289/572|[from] item: Leftovers\n|upkeep\n|turn|26\n|inactive|Time left: 300 sec this turn | 300 sec total\n|\n|t:|1783548823\n|move|p2a: Blissey|Soft-Boiled|p2a: Blissey\n|-heal|p2a: Blissey|572/572\n|cant|p1a: Tauros|par\n|\n|upkeep\n|turn|27\n|inactive|Time left: 300 sec this turn | 300 sec total\n|\n|t:|1783548823\n|switch|p1a: Chansey|Chansey, L85, F|25/100\n|move|p2a: Blissey|Seismic Toss|p1a: Chansey\n|-damage|p1a: Chansey|10/100\n|\n|upkeep\n|turn|28\n|inactive|Time left: 300 sec this turn | 300 sec total\n|\n|t:|1783548824\n|move|p2a: Blissey|Thunder Wave|p1a: Chansey\n|-status|p1a: Chansey|par\n|move|p1a: Chansey|Soft-Boiled|p1a: Chansey\n|-heal|p1a: Chansey|60/100 par\n|\n|upkeep\n|turn|29\n|inactive|Time left: 300 sec this turn | 300 sec total\n|\n|t:|1783548825\n|-curestatus|p1a: Chansey|par|[from] ability: Natural Cure|[silent]\n|switch|p1a: Tauros|Tauros-Paldea-Combat, L82, M|34/100 par\n|-ability|p1a: Tauros|Intimidate|boost\n|-unboost|p2a: Blissey|atk|1\n|move|p2a: Blissey|Seismic Toss|p1a: Tauros\n|-damage|p1a: Tauros|1/100 par\n|\n|upkeep\n|turn|30\n|inactive|Time left: 300 sec this turn | 300 sec total\n|\n|t:|1783548826\n|switch|p1a: Chansey|Chansey, L85, F|60/100\n|move|p2a: Blissey|Seismic Toss|p1a: Chansey\n|-damage|p1a: Chansey|45/100\n|\n|upkeep\n|turn|31\n|inactive|Time left: 300 sec this turn | 300 sec total\n|\n|t:|1783548827\n|move|p2a: Blissey|Thunder Wave|p1a: Chansey\n|-status|p1a: Chansey|par\n|cant|p1a: Chansey|par\n|\n|upkeep\n|turn|32\n|inactive|Time left: 300 sec this turn | 300 sec total\n|\n|t:|1783548828\n|-curestatus|p1a: Chansey|par|[from] ability: Natural Cure|[silent]\n|switch|p1a: Tauros|Tauros-Paldea-Combat, L82, M|1/100 par\n|-ability|p1a: Tauros|Intimidate|boost\n|-unboost|p2a: Blissey|atk|1\n|move|p2a: Blissey|Seismic Toss|p1a: Tauros\n|-damage|p1a: Tauros|0 fnt\n|faint|p1a: Tauros\n|\n|upkeep\n|\n|t:|1783548829\n|switch|p1a: Chansey|Chansey, L85, F|45/100\n|turn|33\n|inactive|Time left: 300 sec this turn | 300 sec total\n|\n|t:|1783548830\n|move|p2a: Blissey|Thunder Wave|p1a: Chansey\n|-status|p1a: Chansey|par\n|cant|p1a: Chansey|par\n|\n|upkeep\n|turn|34\n|inactive|Time left: 300 sec this turn | 300 sec total\n|\n|t:|1783548831\n|move|p2a: Blissey|Seismic Toss|p1a: Chansey\n|-damage|p1a: Chansey|30/100 par\n|move|p1a: Chansey|Soft-Boiled|p1a: Chansey\n|-heal|p1a: Chansey|80/100 par\n|\n|upkeep\n|turn|35\n|inactive|Time left: 300 sec this turn | 300 sec total\n|\n|t:|1783548832\n|move|p2a: Blissey|Seismic Toss|p1a: Chansey\n|-damage|p1a: Chansey|65/100 par\n|cant|p1a: Chansey|par\n|\n|upkeep\n|turn|36\n|inactive|Time left: 300 sec this turn | 300 sec total\n|\n|t:|1783548833\n|move|p2a: Blissey|Seismic Toss|p1a: Chansey\n|-damage|p1a: Chansey|50/100 par\n|cant|p1a: Chansey|par\n|\n|upkeep\n|turn|37\n|inactive|Time left: 300 sec this turn | 300 sec total\n|\n|t:|1783548834\n|move|p2a: Blissey|Seismic Toss|p1a: Chansey\n|-damage|p1a: Chansey|35/100 par\n|move|p1a: Chansey|Soft-Boiled|p1a: Chansey\n|-heal|p1a: Chansey|85/100 par\n|\n|upkeep\n|turn|38\n|inactive|Time left: 300 sec this turn | 300 sec total\n|\n|t:|1783548835\n|move|p2a: Blissey|Seismic Toss|p1a: Chansey\n|-damage|p1a: Chansey|70/100 par\n|move|p1a: Chansey|Heal Bell|p1a: Chansey\n|-activate|p1a: Chansey|move: Heal Bell\n|-curestatus|p1a: Chansey|par|[msg]\n|\n|upkeep\n|turn|39\n|inactive|Time left: 300 sec this turn | 300 sec total\n|\n|t:|1783548836\n|move|p2a: Blissey|Thunder Wave|p1a: Chansey\n|-status|p1a: Chansey|par\n|move|p1a: Chansey|Soft-Boiled|p1a: Chansey\n|-heal|p1a: Chansey|100/100 par\n|\n|upkeep\n|turn|40\n|inactive|Time left: 300 sec this turn | 300 sec total\n|\n|t:|1783548837\n|move|p2a: Blissey|Seismic Toss|p1a: Chansey\n|-damage|p1a: Chansey|85/100 par\n|cant|p1a: Chansey|par\n|\n|upkeep\n|turn|41\n|inactive|Time left: 300 sec this turn | 300 sec total\n|\n|t:|1783548838\n|move|p2a: Blissey|Seismic Toss|p1a: Chansey\n|-damage|p1a: Chansey|70/100 par\n|move|p1a: Chansey|Soft-Boiled|p1a: Chansey\n|-heal|p1a: Chansey|100/100 par\n|\n|upkeep\n|turn|42\n|inactive|Time left: 300 sec this turn | 300 sec total\n|\n|t:|1783548840\n|move|p2a: Blissey|Seismic Toss|p1a: Chansey\n|-damage|p1a: Chansey|85/100 par\n|move|p1a: Chansey|Thunder Wave|p2a: Blissey\n|-status|p2a: Blissey|par\n|\n|upkeep\n|turn|43\n|inactive|Time left: 300 sec this turn | 300 sec total\n|\n|t:|1783548841\n|move|p2a: Blissey|Seismic Toss|p1a: Chansey\n|-damage|p1a: Chansey|70/100 par\n|cant|p1a: Chansey|par\n|\n|upkeep\n|turn|44\n|inactive|Time left: 300 sec this turn | 300 sec total\n|\n|t:|1783548842\n|move|p2a: Blissey|Seismic Toss|p1a: Chansey\n|-damage|p1a: Chansey|55/100 par\n|move|p1a: Chansey|Soft-Boiled|p1a: Chansey\n|-heal|p1a: Chansey|100/100 par\n|\n|upkeep\n|turn|45\n|inactive|Time left: 300 sec this turn | 300 sec total\n|\n|t:|1783548843\n|cant|p2a: Blissey|par\n|cant|p1a: Chansey|par\n|\n|upkeep\n|turn|46\n|inactive|Time left: 300 sec this turn | 300 sec total\n|\n|t:|1783548844\n|move|p2a: Blissey|Heal Bell|p2a: Blissey\n|-activate|p2a: Blissey|move: Heal Bell\n|-curestatus|p2a: Blissey|par|[msg]\n|cant|p1a: Chansey|par\n|\n|upkeep\n|turn|47\n|inactive|Time left: 300 sec this turn | 300 sec total\n|\n|t:|1783548845\n|move|p2a: Blissey|Seismic Toss|p1a: Chansey\n|-damage|p1a: Chansey|85/100 par\n|cant|p1a: Chansey|par\n|\n|upkeep\n|turn|48\n|inactive|Time left: 300 sec this turn | 300 sec total\n|\n|t:|1783548846\n|move|p2a: Blissey|Seismic Toss|p1a: Chansey\n|-damage|p1a: Chansey|70/100 par\n|move|p1a: Chansey|Heal Bell|p1a: Chansey\n|-activate|p1a: Chansey|move: Heal Bell\n|-curestatus|p1a: Chansey|par|[msg]\n|\n|upkeep\n|turn|49\n|inactive|Time left: 300 sec this turn | 300 sec total\n|\n|t:|1783548847\n|move|p2a: Blissey|Thunder Wave|p1a: Chansey\n|-status|p1a: Chansey|par\n|move|p1a: Chansey|Soft-Boiled|p1a: Chansey\n|-heal|p1a: Chansey|100/100 par\n|\n|upkeep\n|turn|50\n|inactive|Time left: 300 sec this turn | 300 sec total\n|\n|t:|1783548848\n|move|p2a: Blissey|Seismic Toss|p1a: Chansey\n|-damage|p1a: Chansey|85/100 par\n|cant|p1a: Chansey|par\n|\n|upkeep\n|turn|51\n|inactive|Time left: 300 sec this turn | 300 sec total\n|\n|t:|1783548849\n|move|p2a: Blissey|Seismic Toss|p1a: Chansey\n|-damage|p1a: Chansey|70/100 par\n|move|p1a: Chansey|Heal Bell|p1a: Chansey\n|-activate|p1a: Chansey|move: Heal Bell\n|-curestatus|p1a: Chansey|par|[msg]\n|\n|upkeep\n|turn|52\n|inactive|Time left: 300 sec this turn | 300 sec total\n|\n|t:|1783548851\n|move|p2a: Blissey|Thunder Wave|p1a: Chansey\n|-status|p1a: Chansey|par\n|move|p1a: Chansey|Soft-Boiled|p1a: Chansey\n|-heal|p1a: Chansey|100/100 par\n|\n|upkeep\n|turn|53\n|inactive|Time left: 300 sec this turn | 300 sec total\n|\n|t:|1783548852\n|move|p2a: Blissey|Seismic Toss|p1a: Chansey\n|-damage|p1a: Chansey|85/100 par\n|move|p1a: Chansey|Heal Bell|p1a: Chansey\n|-activate|p1a: Chansey|move: Heal Bell\n|-curestatus|p1a: Chansey|par|[msg]\n|\n|upkeep\n|turn|54\n|inactive|Time left: 300 sec this turn | 300 sec total\n|\n|t:|1783548853\n|move|p2a: Blissey|Seismic Toss|p1a: Chansey\n|-damage|p1a: Chansey|70/100\n|move|p1a: Chansey|Thunder Wave|p2a: Blissey\n|-status|p2a: Blissey|par\n|\n|upkeep\n|turn|55\n|inactive|Time left: 300 sec this turn | 300 sec total\n|\n|t:|1783548854\n|move|p1a: Chansey|Thunder Wave|p2a: Blissey\n|-fail|p2a: Blissey|par\n|move|p2a: Blissey|Seismic Toss|p1a: Chansey\n|-damage|p1a: Chansey|55/100\n|\n|upkeep\n|turn|56\n|inactive|Time left: 300 sec this turn | 300 sec total\n|\n|t:|1783548855\n|move|p1a: Chansey|Heal Bell||[still]\n|-activate|p1a: Chansey|move: Heal Bell\n|-fail|p1a: Chansey\n|cant|p2a: Blissey|par\n|\n|upkeep\n|turn|57\n|inactive|Time left: 300 sec this turn | 300 sec total\n|\n|t:|1783548856\n|move|p1a: Chansey|Seismic Toss|p2a: Blissey\n|-damage|p2a: Blissey|487/572 par\n|move|p2a: Blissey|Seismic Toss|p1a: Chansey\n|-damage|p1a: Chansey|40/100\n|\n|-heal|p2a: Blissey|522/572 par|[from] item: Leftovers\n|upkeep\n|turn|58\n|inactive|Time left: 300 sec this turn | 300 sec total\n|\n|t:|1783548857\n|move|p1a: Chansey|Thunder Wave|p2a: Blissey\n|-fail|p2a: Blissey|par\n|move|p2a: Blissey|Seismic Toss|p1a: Chansey\n|-damage|p1a: Chansey|25/100\n|\n|-heal|p2a: Blissey|557/572 par|[from] item: Leftovers\n|upkeep\n|turn|59\n|inactive|Time left: 300 sec this turn | 300 sec total\n|\n|t:|1783548858\n|move|p1a: Chansey|Thunder Wave|p2a: Blissey\n|-fail|p2a: Blissey|par\n|cant|p2a: Blissey|par\n|\n|-heal|p2a: Blissey|572/572 par|[from] item: Leftovers\n|upkeep\n|turn|60\n|inactive|Time left: 300 sec this turn | 300 sec total\n|\n|t:|1783548859\n|move|p1a: Chansey|Heal Bell||[still]\n|-activate|p1a: Chansey|move: Heal Bell\n|-fail|p1a: Chansey\n|move|p2a: Blissey|Seismic Toss|p1a: Chansey\n|-damage|p1a: Chansey|10/100\n|\n|upkeep\n|turn|61\n|inactive|Time left: 300 sec this turn | 300 sec total\n|\n|t:|1783548860\n|move|p1a: Chansey|Thunder Wave|p2a: Blissey\n|-fail|p2a: Blissey|par\n|move|p2a: Blissey|Seismic Toss|p1a: Chansey\n|-damage|p1a: Chansey|0 fnt\n|faint|p1a: Chansey\n|\n|win|p0y7688d04", "uploadtime": 1783548860, "views": 0, "rating": 0, "private": 0, "password": null, "_winner": "p0y7688d04", "_our_name": "p0y7688d04"}