{"id": "battle-gen9randombattle-1933", "formatid": "gen9randombattle", "format": "[Gen 9] Random Battle", "players": ["p0x19330e72", "p0y1933ec43"], "log": "|init|battle\n|title|p0x19330e72 vs. p0y1933ec43\n|j|\u2606p0x19330e72\n|j|\u2606p0y1933ec43\n|t:|1783561634\n|gametype|singles\n|player|p1|p0x19330e72|169|\n|player|p2|p0y1933ec43|266|\n|gen|9\n|tier|[Gen 9] Random Battle\n|rule|Species Clause: Limit one of each Pok\u00e9mon\n|rule|HP Percentage Mod: HP is shown in percentages\n|rule|Sleep Clause Mod: Limit one foe put to sleep\n|rule|Illusion Level Mod: Illusion disguises the Pok\u00e9mon's true level\n|\n|t:|1783561634\n|teamsize|p1|6\n|teamsize|p2|6\n|start\n|switch|p1a: Maushold|Maushold-Four, L76|238/238\n|switch|p2a: Arceus|Arceus-Steel, L70|100/100\n|turn|1\n|inactive|Battle timer is ON: inactive players will automatically lose when time's up. (requested by p0y1933ec43)\n|inactive|Time left: 300 sec this turn | 300 sec total | 60 sec grace\n|inactive|p0x19330e72 also wants the timer to be on.\n|\n|t:|1783561636\n|switch|p1a: Lunala|Lunala, L70|308/308\n|move|p2a: Arceus|Judgment|p1a: Lunala\n|-damage|p1a: Lunala|252/308\n|\n|-heal|p1a: Lunala|271/308|[from] item: Leftovers\n|upkeep\n|turn|2\n|inactive|Time left: 300 sec this turn | 300 sec total\n|\n|t:|1783561637\n|switch|p2a: Ursaluna|Ursaluna, L79, F|100/100\n|move|p1a: Lunala|Calm Mind|p1a: Lunala\n|-boost|p1a: Lunala|spa|1\n|-boost|p1a: Lunala|spd|1\n|\n|-heal|p1a: Lunala|290/308|[from] item: Leftovers\n|-status|p2a: Ursaluna|brn|[from] item: Flame Orb\n|upkeep\n|turn|3\n|inactive|Time left: 300 sec this turn | 300 sec total\n|\n|t:|1783561638\n|switch|p1a: Slaking|Slaking, L84, M|389/389\n|move|p2a: Ursaluna|Throat Chop|p1a: Slaking\n|-crit|p1a: Slaking\n|-damage|p1a: Slaking|258/389\n|-start|p1a: Slaking|Throat Chop|[silent]\n|\n|-damage|p2a: Ursaluna|95/100 brn|[from] brn\n|upkeep\n|turn|4\n|inactive|Time left: 300 sec this turn | 300 sec total\n|\n|t:|1783561639\n|move|p1a: Slaking|Giga Impact|p2a: Ursaluna\n|-damage|p2a: Ursaluna|0 fnt\n|-mustrecharge|p1a: Slaking\n|faint|p2a: Ursaluna\n|\n|-end|p1a: Slaking|Throat Chop|[silent]\n|upkeep\n|\n|t:|1783561639\n|switch|p2a: Golem|Golem, L87, F|100/100\n|turn|5\n|inactive|Time left: 300 sec this turn | 300 sec total\n|\n|t:|1783561640\n|cant|p1a: Slaking|recharge\n|move|p2a: Golem|Earthquake|p1a: Slaking\n|-damage|p1a: Slaking|128/389\n|\n|upkeep\n|turn|6\n|inactive|Time left: 300 sec this turn | 300 sec total\n|\n|t:|1783561641\n|move|p1a: Slaking|Giga Impact|p2a: Golem|[miss]\n|-miss|p1a: Slaking|p2a: Golem\n|move|p2a: Golem|Stealth Rock|p1a: Slaking\n|-sidestart|p1: p0x19330e72|move: Stealth Rock\n|\n|upkeep\n|turn|7\n|inactive|Time left: 300 sec this turn | 300 sec total\n|\n|t:|1783561642\n|cant|p1a: Slaking|ability: Truant\n|move|p2a: Golem|Earthquake|p1a: Slaking\n|-damage|p1a: Slaking|2/389\n|\n|upkeep\n|turn|8\n|inactive|Time left: 300 sec this turn | 300 sec total\n|\n|t:|1783561643\n|move|p1a: Slaking|Giga Impact|p2a: Golem\n|-resisted|p2a: Golem\n|-damage|p2a: Golem|59/100\n|-mustrecharge|p1a: Slaking\n|move|p2a: Golem|Earthquake|p1a: Slaking\n|-damage|p1a: Slaking|0 fnt\n|faint|p1a: Slaking\n|\n|upkeep\n|inactive|Time left: 300 sec this turn | 300 sec total | 5 sec grace\n|\n|t:|1783561644\n|switch|p1a: Lunala|Lunala, L70|290/308\n|-damage|p1a: Lunala|252/308|[from] Stealth Rock\n|turn|9\n|inactive|Time left: 300 sec this turn | 300 sec total\n|\n|t:|1783561646\n|move|p1a: Lunala|Calm Mind|p1a: Lunala\n|-boost|p1a: Lunala|spa|1\n|-boost|p1a: Lunala|spd|1\n|move|p2a: Golem|Earthquake|p1a: Lunala\n|-damage|p1a: Lunala|108/308\n|\n|-heal|p1a: Lunala|127/308|[from] item: Leftovers\n|upkeep\n|turn|10\n|inactive|Time left: 300 sec this turn | 300 sec total\n|\n|t:|1783561646\n|switch|p2a: Salamence|Salamence, L77, M|100/100\n|move|p1a: Lunala|Moongeist Beam|p2a: Salamence\n|-damage|p2a: Salamence|39/100\n|\n|-heal|p1a: Lunala|146/308|[from] item: Leftovers\n|upkeep\n|turn|11\n|inactive|Time left: 300 sec this turn | 300 sec total\n|\n|t:|1783561648\n|switch|p1a: Kleavor|Kleavor, L78, F|237/237\n|-damage|p1a: Kleavor|178/237|[from] Stealth Rock\n|move|p2a: Salamence|Outrage|p1a: Kleavor\n|-damage|p1a: Kleavor|48/237\n|\n|upkeep\n|turn|12\n|inactive|Time left: 300 sec this turn | 300 sec total\n|\n|t:|1783561649\n|move|p1a: Kleavor|Stone Axe|p2a: Salamence\n|-supereffective|p2a: Salamence\n|-damage|p2a: Salamence|0 fnt\n|-sidestart|p2: p0y1933ec43|move: Stealth Rock\n|faint|p2a: Salamence\n|\n|upkeep\n|\n|t:|1783561650\n|switch|p2a: Arceus|Arceus-Steel, L70|100/100\n|-damage|p2a: Arceus|95/100|[from] Stealth Rock\n|turn|13\n|inactive|Time left: 300 sec this turn | 300 sec total\n|\n|t:|1783561651\n|move|p1a: Kleavor|Stone Axe|p2a: Arceus\n|-resisted|p2a: Arceus\n|-damage|p2a: Arceus|77/100\n|move|p2a: Arceus|Calm Mind|p2a: Arceus\n|-boost|p2a: Arceus|spa|1\n|-boost|p2a: Arceus|spd|1\n|\n|upkeep\n|turn|14\n|inactive|Time left: 300 sec this turn | 300 sec total\n|\n|t:|1783561652\n|move|p1a: Kleavor|Stone Axe|p2a: Arceus\n|-resisted|p2a: Arceus\n|-damage|p2a: Arceus|56/100\n|move|p2a: Arceus|Judgment|p1a: Kleavor\n|-supereffective|p1a: Kleavor\n|-damage|p1a: Kleavor|0 fnt\n|faint|p1a: Kleavor\n|\n|upkeep\n|inactive|Time left: 300 sec this turn | 300 sec total | 5 sec grace\n|\n|t:|1783561653\n|switch|p1a: Rayquaza|Rayquaza, L72|270/270\n|-ability|p1a: Rayquaza|Air Lock\n|turn|15\n|inactive|Time left: 300 sec this turn | 300 sec total\n|\n|t:|1783561654\n|move|p2a: Arceus|Judgment|p1a: Rayquaza\n|-damage|p1a: Rayquaza|80/270\n|move|p1a: Rayquaza|Earthquake|p2a: Arceus\n|-supereffective|p2a: Arceus\n|-damage|p2a: Arceus|10/100\n|\n|upkeep\n|turn|16\n|inactive|Time left: 300 sec this turn | 300 sec total\n|\n|t:|1783561655\n|move|p1a: Rayquaza|Extreme Speed|p2a: Arceus\n|-resisted|p2a: Arceus\n|-damage|p2a: Arceus|0 fnt\n|faint|p2a: Arceus\n|\n|upkeep\n|\n|t:|1783561656\n|switch|p2a: Golem|Golem, L87, F|59/100\n|-damage|p2a: Golem|53/100|[from] Stealth Rock\n|turn|17\n|inactive|Time left: 300 sec this turn | 300 sec total\n|\n|t:|1783561657\n|move|p1a: Rayquaza|Earthquake|p2a: Golem\n|-supereffective|p2a: Golem\n|-damage|p2a: Golem|12/100\n|move|p2a: Golem|Stone Edge|p1a: Rayquaza\n|-supereffective|p1a: Rayquaza\n|-damage|p1a: Rayquaza|0 fnt\n|faint|p1a: Rayquaza\n|\n|upkeep\n|inactive|Time left: 300 sec this turn | 300 sec total | 5 sec grace\n|\n|t:|1783561658\n|switch|p1a: Ariados|Ariados, L95, F|287/287\n|turn|18\n|inactive|Time left: 300 sec this turn | 300 sec total\n|-enditem|p2a: Golem|Custap Berry|[eat]\n|-activate|p2a: Golem|item: Custap Berry|[consumed]\n|\n|t:|1783561659\n|move|p1a: Ariados|Sucker Punch|p2a: Golem\n|-damage|p2a: Golem|0 fnt\n|faint|p2a: Golem\n|\n|upkeep\n|\n|t:|1783561660\n|switch|p2a: Illumise|Illumise, L91, F|100/100\n|turn|19\n|inactive|Time left: 300 sec this turn | 300 sec total\n|\n|t:|1783561661\n|move|p2a: Illumise|Encore|p1a: Ariados\n|-start|p1a: Ariados|Encore\n|move|p1a: Ariados|Sucker Punch||[still]\n|-fail|p1a: Ariados\n|\n|upkeep\n|turn|20\n|inactive|Time left: 300 sec this turn | 300 sec total\n|\n|t:|1783561662\n|move|p1a: Ariados|Sucker Punch|p2a: Illumise\n|-damage|p2a: Illumise|78/100\n|move|p2a: Illumise|Bug Buzz|p1a: Ariados\n|-resisted|p1a: Ariados\n|-damage|p1a: Ariados|242/287\n|\n|upkeep\n|turn|21\n|inactive|Time left: 300 sec this turn | 300 sec total\n|\n|t:|1783561663\n|switch|p1a: Lunala|Lunala, L70|146/308\n|-damage|p1a: Lunala|108/308|[from] Stealth Rock\n|move|p2a: Illumise|Bug Buzz|p1a: Lunala\n|-damage|p1a: Lunala|12/308\n|-unboost|p1a: Lunala|spd|1\n|\n|-heal|p1a: Lunala|31/308|[from] item: Leftovers\n|upkeep\n|turn|22\n|inactive|Time left: 300 sec this turn | 300 sec total\n|\n|t:|1783561663\n|move|p2a: Illumise|Bug Buzz|p1a: Lunala\n|-crit|p1a: Lunala\n|-damage|p1a: Lunala|0 fnt\n|faint|p1a: Lunala\n|\n|upkeep\n|inactive|Time left: 300 sec this turn | 300 sec total | 5 sec grace\n|\n|t:|1783561664\n|switch|p1a: Ariados|Ariados, L95, F|242/287\n|turn|23\n|inactive|Time left: 300 sec this turn | 300 sec total\n|\n|t:|1783561665\n|move|p2a: Illumise|Thunder Wave|p1a: Ariados\n|-status|p1a: Ariados|par\n|move|p1a: Ariados|Megahorn|p2a: Illumise\n|-damage|p2a: Illumise|18/100\n|\n|upkeep\n|turn|24\n|inactive|Time left: 300 sec this turn | 300 sec total\n|\n|t:|1783561666\n|move|p2a: Illumise|Roost|p2a: Illumise\n|-heal|p2a: Illumise|68/100\n|-singleturn|p2a: Illumise|move: Roost\n|move|p1a: Ariados|Megahorn|p2a: Illumise\n|-damage|p2a: Illumise|6/100\n|\n|upkeep\n|turn|25\n|inactive|Time left: 300 sec this turn | 300 sec total\n|\n|t:|1783561667\n|move|p2a: Illumise|Roost|p2a: Illumise\n|-heal|p2a: Illumise|56/100\n|-singleturn|p2a: Illumise|move: Roost\n|move|p1a: Ariados|Megahorn|p2a: Illumise\n|-damage|p2a: Illumise|0 fnt\n|faint|p2a: Illumise\n|\n|upkeep\n|\n|t:|1783561668\n|switch|p2a: Ludicolo|Ludicolo, L90, F|100/100\n|-damage|p2a: Ludicolo|88/100|[from] Stealth Rock\n|turn|26\n|inactive|Time left: 300 sec this turn | 300 sec total\n|\n|t:|1783561668\n|-terastallize|p2a: Ludicolo|Steel\n|move|p2a: Ludicolo|Hydro Pump|p1a: Ariados\n|-damage|p1a: Ariados|57/287 par\n|-damage|p2a: Ludicolo|78/100|[from] item: Life Orb\n|move|p1a: Ariados|Megahorn|p2a: Ludicolo\n|-resisted|p2a: Ludicolo\n|-damage|p2a: Ludicolo|33/100\n|\n|upkeep\n|turn|27\n|inactive|Time left: 300 sec this turn | 300 sec total\n|\n|t:|1783561669\n|move|p2a: Ludicolo|Rain Dance|p2a: Ludicolo\n|-weather|RainDance\n|move|p1a: Ariados|Megahorn|p2a: Ludicolo\n|-resisted|p2a: Ludicolo\n|-damage|p2a: Ludicolo|0 fnt\n|faint|p2a: Ludicolo\n|\n|win|p0x19330e72", "uploadtime": 1783561669, "views": 0, "rating": 0, "private": 0, "password": null, "_winner": "p0x19330e72", "_our_name": "p0x19330e72"}