{"id": "battle-gen9randombattle-352", "formatid": "gen9randombattle", "format": "[Gen 9] Random Battle", "players": ["p0x35297ed", "p0y352e171"], "log": "|init|battle\n|title|p0x35297ed vs. p0y352e171\n|j|\u2606p0x35297ed\n|j|\u2606p0y352e171\n|t:|1783543212\n|gametype|singles\n|player|p1|p0x35297ed|2|\n|player|p2|p0y352e171|101|\n|gen|9\n|tier|[Gen 9] Random Battle\n|rule|Species Clause: Limit one of each Pok\u00e9mon\n|rule|HP Percentage Mod: HP is shown in percentages\n|rule|Sleep Clause Mod: Limit one foe put to sleep\n|rule|Illusion Level Mod: Illusion disguises the Pok\u00e9mon's true level\n|\n|t:|1783543212\n|teamsize|p1|6\n|teamsize|p2|6\n|start\n|switch|p1a: Politoed|Politoed, L88, M|302/302\n|switch|p2a: Orthworm|Orthworm, L88, F|100/100\n|-weather|RainDance|[from] ability: Drizzle|[of] p1a: Politoed\n|turn|1\n|inactive|Battle timer is ON: inactive players will automatically lose when time's up. (requested by p0y352e171)\n|inactive|Time left: 300 sec this turn | 300 sec total | 60 sec grace\n|inactive|p0x35297ed also wants the timer to be on.\n|\n|t:|1783543213\n|switch|p2a: Dipplin|Dipplin, L88, M|100/100\n|move|p1a: Politoed|Weather Ball|p2a: Dipplin\n|-resisted|p2a: Dipplin\n|-damage|p2a: Dipplin|85/100\n|\n|-weather|RainDance|[upkeep]\n|upkeep\n|turn|2\n|inactive|Time left: 300 sec this turn | 300 sec total\n|\n|t:|1783543215\n|move|p1a: Politoed|Weather Ball|p2a: Dipplin\n|-resisted|p2a: Dipplin\n|-crit|p2a: Dipplin\n|-damage|p2a: Dipplin|64/100\n|move|p2a: Dipplin|Giga Drain|p1a: Politoed\n|-supereffective|p1a: Politoed\n|-damage|p1a: Politoed|164/302\n|-heal|p2a: Dipplin|89/100|[from] drain|[of] p1a: Politoed\n|\n|-weather|RainDance|[upkeep]\n|upkeep\n|turn|3\n|inactive|Time left: 300 sec this turn | 300 sec total\n|\n|t:|1783543216\n|move|p1a: Politoed|Weather Ball|p2a: Dipplin\n|-resisted|p2a: Dipplin\n|-damage|p2a: Dipplin|75/100\n|move|p2a: Dipplin|Giga Drain|p1a: Politoed\n|-supereffective|p1a: Politoed\n|-damage|p1a: Politoed|0 fnt\n|-heal|p2a: Dipplin|100/100|[from] drain|[of] p1a: Politoed\n|faint|p1a: Politoed\n|\n|-weather|RainDance|[upkeep]\n|upkeep\n|inactive|Time left: 300 sec this turn | 300 sec total | 5 sec grace\n|\n|t:|1783543217\n|switch|p1a: Hitmonlee|Hitmonlee, L85, M|223/223\n|turn|4\n|inactive|Time left: 300 sec this turn | 300 sec total\n|\n|t:|1783543218\n|move|p1a: Hitmonlee|High Jump Kick|p2a: Dipplin\n|-damage|p2a: Dipplin|41/100\n|move|p2a: Dipplin|Giga Drain|p1a: Hitmonlee\n|-damage|p1a: Hitmonlee|144/223\n|-heal|p2a: Dipplin|55/100|[from] drain|[of] p1a: Hitmonlee\n|\n|-weather|RainDance|[upkeep]\n|upkeep\n|turn|5\n|inactive|Time left: 300 sec this turn | 300 sec total\n|\n|t:|1783543219\n|switch|p2a: Pecharunt|Pecharunt, L77|100/100\n|move|p1a: Hitmonlee|High Jump Kick|p2a: Pecharunt\n|-immune|p2a: Pecharunt\n|-damage|p1a: Hitmonlee|33/223|[from] highjumpkick\n|\n|-weather|none\n|upkeep\n|turn|6\n|inactive|Time left: 300 sec this turn | 300 sec total\n|\n|t:|1783543220\n|move|p1a: Hitmonlee|High Jump Kick|p2a: Pecharunt\n|-immune|p2a: Pecharunt\n|-damage|p1a: Hitmonlee|0 fnt|[from] highjumpkick\n|faint|p1a: Hitmonlee\n|move|p2a: Pecharunt|Malignant Chain|p1: Hitmonlee|[notarget]\n|-fail|p2a: Pecharunt\n|\n|upkeep\n|inactive|Time left: 300 sec this turn | 300 sec total | 5 sec grace\n|\n|t:|1783543221\n|switch|p1a: Sandslash|Sandslash, L89, F|278/278\n|turn|7\n|inactive|Time left: 300 sec this turn | 300 sec total\n|\n|t:|1783543222\n|move|p2a: Pecharunt|Parting Shot|p1a: Sandslash\n|-unboost|p1a: Sandslash|atk|1\n|-unboost|p1a: Sandslash|spa|1\n|\n|t:|1783543224\n|switch|p2a: Dipplin|Dipplin, L88, M|55/100|[from] Parting Shot\n|move|p1a: Sandslash|Earthquake|p2a: Dipplin\n|-resisted|p2a: Dipplin\n|-damage|p2a: Dipplin|48/100\n|\n|upkeep\n|turn|8\n|inactive|Time left: 300 sec this turn | 300 sec total\n|\n|t:|1783543225\n|switch|p1a: Ho-Oh|Ho-Oh, L71|268/268\n|move|p2a: Dipplin|Giga Drain|p1a: Ho-Oh\n|-resisted|p1a: Ho-Oh\n|-damage|p1a: Ho-Oh|251/268\n|-heal|p2a: Dipplin|51/100|[from] drain|[of] p1a: Ho-Oh\n|\n|upkeep\n|turn|9\n|inactive|Time left: 300 sec this turn | 300 sec total\n|\n|t:|1783543226\n|move|p1a: Ho-Oh|Brave Bird|p2a: Dipplin\n|-supereffective|p2a: Dipplin\n|-damage|p2a: Dipplin|6/100\n|-damage|p1a: Ho-Oh|209/268|[from] Recoil\n|move|p2a: Dipplin|Recover|p2a: Dipplin\n|-heal|p2a: Dipplin|56/100\n|\n|upkeep\n|turn|10\n|inactive|Time left: 300 sec this turn | 300 sec total\n|\n|t:|1783543227\n|move|p1a: Ho-Oh|Sacred Fire|p2a: Dipplin\n|-damage|p2a: Dipplin|36/100\n|move|p2a: Dipplin|Recover|p2a: Dipplin\n|-heal|p2a: Dipplin|86/100\n|\n|upkeep\n|turn|11\n|inactive|Time left: 300 sec this turn | 300 sec total\n|\n|t:|1783543227\n|move|p1a: Ho-Oh|Sacred Fire|p2a: Dipplin\n|-damage|p2a: Dipplin|68/100\n|move|p2a: Dipplin|Dragon Pulse|p1a: Ho-Oh\n|-crit|p1a: Ho-Oh\n|-damage|p1a: Ho-Oh|100/268\n|\n|upkeep\n|turn|12\n|inactive|Time left: 300 sec this turn | 300 sec total\n|\n|t:|1783543228\n|move|p1a: Ho-Oh|Recover|p1a: Ho-Oh\n|-heal|p1a: Ho-Oh|234/268\n|move|p2a: Dipplin|Dragon Pulse|p1a: Ho-Oh\n|-damage|p1a: Ho-Oh|159/268\n|\n|upkeep\n|turn|13\n|inactive|Time left: 300 sec this turn | 300 sec total\n|\n|t:|1783543229\n|move|p1a: Ho-Oh|Recover|p1a: Ho-Oh\n|-heal|p1a: Ho-Oh|268/268\n|move|p2a: Dipplin|Recover|p2a: Dipplin\n|-heal|p2a: Dipplin|100/100\n|\n|upkeep\n|turn|14\n|inactive|Time left: 300 sec this turn | 300 sec total\n|\n|t:|1783543230\n|move|p1a: Ho-Oh|Sacred Fire|p2a: Dipplin\n|-damage|p2a: Dipplin|80/100\n|move|p2a: Dipplin|Recover|p2a: Dipplin\n|-heal|p2a: Dipplin|100/100\n|\n|upkeep\n|turn|15\n|inactive|Time left: 300 sec this turn | 300 sec total\n|\n|t:|1783543231\n|move|p1a: Ho-Oh|Sacred Fire|p2a: Dipplin\n|-damage|p2a: Dipplin|81/100\n|move|p2a: Dipplin|Giga Drain|p1a: Ho-Oh\n|-resisted|p1a: Ho-Oh\n|-damage|p1a: Ho-Oh|253/268\n|-heal|p2a: Dipplin|84/100|[from] drain|[of] p1a: Ho-Oh\n|\n|upkeep\n|turn|16\n|inactive|Time left: 300 sec this turn | 300 sec total\n|\n|t:|1783543231\n|move|p1a: Ho-Oh|Sacred Fire|p2a: Dipplin\n|-damage|p2a: Dipplin|66/100\n|-status|p2a: Dipplin|brn\n|move|p2a: Dipplin|Recover|p2a: Dipplin\n|-heal|p2a: Dipplin|100/100 brn\n|\n|-damage|p2a: Dipplin|95/100 brn|[from] brn\n|upkeep\n|turn|17\n|inactive|Time left: 300 sec this turn | 300 sec total\n|\n|t:|1783543232\n|move|p1a: Ho-Oh|Sacred Fire|p2a: Dipplin\n|-damage|p2a: Dipplin|76/100 brn\n|move|p2a: Dipplin|Recover|p2a: Dipplin\n|-heal|p2a: Dipplin|100/100 brn\n|\n|-damage|p2a: Dipplin|95/100 brn|[from] brn\n|upkeep\n|turn|18\n|inactive|Time left: 300 sec this turn | 300 sec total\n|\n|t:|1783543233\n|move|p1a: Ho-Oh|Sacred Fire|p2a: Dipplin\n|-damage|p2a: Dipplin|74/100 brn\n|move|p2a: Dipplin|Dragon Pulse|p1a: Ho-Oh\n|-damage|p1a: Ho-Oh|174/268\n|\n|-damage|p2a: Dipplin|68/100 brn|[from] brn\n|upkeep\n|turn|19\n|inactive|Time left: 300 sec this turn | 300 sec total\n|\n|t:|1783543234\n|move|p1a: Ho-Oh|Sacred Fire|p2a: Dipplin\n|-damage|p2a: Dipplin|48/100 brn\n|move|p2a: Dipplin|Recover|p2a: Dipplin\n|-heal|p2a: Dipplin|98/100 brn\n|\n|-damage|p2a: Dipplin|92/100 brn|[from] brn\n|upkeep\n|turn|20\n|inactive|Time left: 300 sec this turn | 300 sec total\n|\n|t:|1783543235\n|move|p1a: Ho-Oh|Brave Bird|p2a: Dipplin\n|-supereffective|p2a: Dipplin\n|-damage|p2a: Dipplin|50/100 brn\n|-damage|p1a: Ho-Oh|134/268|[from] Recoil\n|move|p2a: Dipplin|Dragon Pulse|p1a: Ho-Oh\n|-damage|p1a: Ho-Oh|65/268\n|\n|-damage|p2a: Dipplin|44/100 brn|[from] brn\n|upkeep\n|turn|21\n|inactive|Time left: 300 sec this turn | 300 sec total\n|\n|t:|1783543236\n|move|p1a: Ho-Oh|Recover|p1a: Ho-Oh\n|-heal|p1a: Ho-Oh|199/268\n|move|p2a: Dipplin|Recover|p2a: Dipplin\n|-heal|p2a: Dipplin|94/100 brn\n|\n|-damage|p2a: Dipplin|88/100 brn|[from] brn\n|upkeep\n|turn|22\n|inactive|Time left: 300 sec this turn | 300 sec total\n|\n|t:|1783543237\n|move|p1a: Ho-Oh|Brave Bird|p2a: Dipplin\n|-supereffective|p2a: Dipplin\n|-damage|p2a: Dipplin|46/100 brn\n|-damage|p1a: Ho-Oh|159/268|[from] Recoil\n|move|p2a: Dipplin|Dragon Pulse|p1a: Ho-Oh\n|-damage|p1a: Ho-Oh|84/268\n|\n|-damage|p2a: Dipplin|40/100 brn|[from] brn\n|upkeep\n|turn|23\n|inactive|Time left: 300 sec this turn | 300 sec total\n|\n|t:|1783543238\n|switch|p2a: Orthworm|Orthworm, L88, F|100/100\n|move|p1a: Ho-Oh|Recover|p1a: Ho-Oh\n|-heal|p1a: Ho-Oh|218/268\n|\n|upkeep\n|turn|24\n|inactive|Time left: 300 sec this turn | 300 sec total\n|\n|t:|1783543239\n|move|p1a: Ho-Oh|Brave Bird|p2a: Orthworm\n|-resisted|p2a: Orthworm\n|-damage|p2a: Orthworm|87/100\n|-damage|p1a: Ho-Oh|206/268|[from] Recoil\n|move|p2a: Orthworm|Stealth Rock|p1a: Ho-Oh\n|-sidestart|p1: p0x35297ed|move: Stealth Rock\n|\n|-heal|p2a: Orthworm|93/100|[from] item: Leftovers\n|upkeep\n|turn|25\n|inactive|Time left: 300 sec this turn | 300 sec total\n|\n|t:|1783543241\n|move|p1a: Ho-Oh|Recover|p1a: Ho-Oh\n|-heal|p1a: Ho-Oh|268/268\n|move|p2a: Orthworm|Body Press|p1a: Ho-Oh\n|-resisted|p1a: Ho-Oh\n|-damage|p1a: Ho-Oh|214/268\n|\n|-heal|p2a: Orthworm|99/100|[from] item: Leftovers\n|upkeep\n|turn|26\n|inactive|Time left: 300 sec this turn | 300 sec total\n|\n|t:|1783543242\n|move|p1a: Ho-Oh|Brave Bird|p2a: Orthworm\n|-resisted|p2a: Orthworm\n|-damage|p2a: Orthworm|86/100\n|-damage|p1a: Ho-Oh|203/268|[from] Recoil\n|move|p2a: Orthworm|Body Press|p1a: Ho-Oh\n|-resisted|p1a: Ho-Oh\n|-damage|p1a: Ho-Oh|157/268\n|\n|-heal|p2a: Orthworm|92/100|[from] item: Leftovers\n|upkeep\n|turn|27\n|inactive|Time left: 300 sec this turn | 300 sec total\n|\n|t:|1783543243\n|move|p1a: Ho-Oh|Recover|p1a: Ho-Oh\n|-heal|p1a: Ho-Oh|268/268\n|move|p2a: Orthworm|Heavy Slam|p1a: Ho-Oh\n|-resisted|p1a: Ho-Oh\n|-damage|p1a: Ho-Oh|245/268\n|\n|-heal|p2a: Orthworm|98/100|[from] item: Leftovers\n|upkeep\n|turn|28\n|inactive|Time left: 300 sec this turn | 300 sec total\n|\n|t:|1783543244\n|move|p1a: Ho-Oh|Brave Bird|p2a: Orthworm\n|-resisted|p2a: Orthworm\n|-damage|p2a: Orthworm|85/100\n|-damage|p1a: Ho-Oh|234/268|[from] Recoil\n|move|p2a: Orthworm|Spikes|p1a: Ho-Oh\n|-sidestart|p1: p0x35297ed|Spikes\n|\n|-heal|p2a: Orthworm|91/100|[from] item: Leftovers\n|upkeep\n|turn|29\n|inactive|Time left: 300 sec this turn | 300 sec total\n|\n|t:|1783543245\n|move|p1a: Ho-Oh|Brave Bird|p2a: Orthworm\n|-resisted|p2a: Orthworm\n|-damage|p2a: Orthworm|78/100\n|-damage|p1a: Ho-Oh|223/268|[from] Recoil\n|move|p2a: Orthworm|Spikes|p1a: Ho-Oh\n|-sidestart|p1: p0x35297ed|Spikes\n|\n|-heal|p2a: Orthworm|84/100|[from] item: Leftovers\n|upkeep\n|turn|30\n|inactive|Time left: 300 sec this turn | 300 sec total\n|\n|t:|1783543246\n|move|p1a: Ho-Oh|Brave Bird|p2a: Orthworm\n|-resisted|p2a: Orthworm\n|-damage|p2a: Orthworm|70/100\n|-damage|p1a: Ho-Oh|210/268|[from] Recoil\n|move|p2a: Orthworm|Spikes|p1a: Ho-Oh\n|-sidestart|p1: p0x35297ed|Spikes\n|\n|-heal|p2a: Orthworm|76/100|[from] item: Leftovers\n|upkeep\n|turn|31\n|inactive|Time left: 300 sec this turn | 300 sec total\n|\n|t:|1783543247\n|move|p1a: Ho-Oh|Brave Bird|p2a: Orthworm\n|-resisted|p2a: Orthworm\n|-damage|p2a: Orthworm|61/100\n|-damage|p1a: Ho-Oh|197/268|[from] Recoil\n|move|p2a: Orthworm|Body Press|p1a: Ho-Oh\n|-resisted|p1a: Ho-Oh\n|-damage|p1a: Ho-Oh|145/268\n|\n|-heal|p2a: Orthworm|67/100|[from] item: Leftovers\n|upkeep\n|turn|32\n|inactive|Time left: 300 sec this turn | 300 sec total\n|\n|t:|1783543248\n|move|p1a: Ho-Oh|Recover|p1a: Ho-Oh\n|-heal|p1a: Ho-Oh|268/268\n|move|p2a: Orthworm|Heavy Slam|p1a: Ho-Oh\n|-resisted|p1a: Ho-Oh\n|-damage|p1a: Ho-Oh|243/268\n|\n|-heal|p2a: Orthworm|73/100|[from] item: Leftovers\n|upkeep\n|turn|33\n|inactive|Time left: 300 sec this turn | 300 sec total\n|\n|t:|1783543249\n|move|p1a: Ho-Oh|Brave Bird|p2a: Orthworm\n|-resisted|p2a: Orthworm\n|-damage|p2a: Orthworm|60/100\n|-damage|p1a: Ho-Oh|231/268|[from] Recoil\n|move|p2a: Orthworm|Body Press|p1a: Ho-Oh\n|-resisted|p1a: Ho-Oh\n|-damage|p1a: Ho-Oh|178/268\n|\n|-heal|p2a: Orthworm|66/100|[from] item: Leftovers\n|upkeep\n|turn|34\n|inactive|Time left: 300 sec this turn | 300 sec total\n|\n|t:|1783543249\n|move|p1a: Ho-Oh|Recover|p1a: Ho-Oh\n|-heal|p1a: Ho-Oh|268/268\n|move|p2a: Orthworm|Body Press|p1a: Ho-Oh\n|-resisted|p1a: Ho-Oh\n|-damage|p1a: Ho-Oh|220/268\n|\n|-heal|p2a: Orthworm|72/100|[from] item: Leftovers\n|upkeep\n|turn|35\n|inactive|Time left: 300 sec this turn | 300 sec total\n|\n|t:|1783543250\n|move|p1a: Ho-Oh|Brave Bird|p2a: Orthworm\n|-resisted|p2a: Orthworm\n|-damage|p2a: Orthworm|59/100\n|-damage|p1a: Ho-Oh|209/268|[from] Recoil\n|move|p2a: Orthworm|Body Press|p1a: Ho-Oh\n|-resisted|p1a: Ho-Oh\n|-damage|p1a: Ho-Oh|159/268\n|\n|-heal|p2a: Orthworm|65/100|[from] item: Leftovers\n|upkeep\n|turn|36\n|inactive|Time left: 300 sec this turn | 300 sec total\n|\n|t:|1783543251\n|move|p1a: Ho-Oh|Brave Bird|p2a: Orthworm\n|-resisted|p2a: Orthworm\n|-damage|p2a: Orthworm|50/100\n|-damage|p1a: Ho-Oh|146/268|[from] Recoil\n|move|p2a: Orthworm|Body Press|p1a: Ho-Oh\n|-resisted|p1a: Ho-Oh\n|-damage|p1a: Ho-Oh|93/268\n|\n|-heal|p2a: Orthworm|56/100|[from] item: Leftovers\n|upkeep\n|turn|37\n|inactive|Time left: 300 sec this turn | 300 sec total\n|\n|t:|1783543252\n|move|p1a: Ho-Oh|Brave Bird|p2a: Orthworm\n|-resisted|p2a: Orthworm\n|-damage|p2a: Orthworm|43/100\n|-damage|p1a: Ho-Oh|81/268|[from] Recoil\n|move|p2a: Orthworm|Body Press|p1a: Ho-Oh\n|-resisted|p1a: Ho-Oh\n|-damage|p1a: Ho-Oh|31/268\n|\n|-heal|p2a: Orthworm|49/100|[from] item: Leftovers\n|upkeep\n|turn|38\n|inactive|Time left: 300 sec this turn | 300 sec total\n|\n|t:|1783543253\n|switch|p1a: Kyurem|Kyurem, L77|319/319\n|-ability|p1a: Kyurem|Pressure\n|move|p2a: Orthworm|Body Press|p1a: Kyurem\n|-supereffective|p1a: Kyurem\n|-crit|p1a: Kyurem\n|-damage|p1a: Kyurem|25/319\n|\n|-heal|p2a: Orthworm|55/100|[from] item: Leftovers\n|upkeep\n|turn|39\n|inactive|Time left: 300 sec this turn | 300 sec total\n|\n|t:|1783543254\n|switch|p1a: Ho-Oh|Ho-Oh, L71|120/268\n|move|p2a: Orthworm|Body Press|p1a: Ho-Oh\n|-resisted|p1a: Ho-Oh\n|-damage|p1a: Ho-Oh|71/268\n|\n|-heal|p2a: Orthworm|61/100|[from] item: Leftovers\n|upkeep\n|turn|40\n|inactive|Time left: 300 sec this turn | 300 sec total\n|\n|t:|1783543255\n|move|p1a: Ho-Oh|Brave Bird|p2a: Orthworm\n|-resisted|p2a: Orthworm\n|-damage|p2a: Orthworm|46/100\n|-damage|p1a: Ho-Oh|58/268|[from] Recoil\n|move|p2a: Orthworm|Body Press|p1a: Ho-Oh\n|-resisted|p1a: Ho-Oh\n|-damage|p1a: Ho-Oh|6/268\n|\n|-heal|p2a: Orthworm|52/100|[from] item: Leftovers\n|upkeep\n|turn|41\n|inactive|Time left: 300 sec this turn | 300 sec total\n|\n|t:|1783543256\n|switch|p1a: Kyurem|Kyurem, L77|25/319\n|-ability|p1a: Kyurem|Pressure\n|move|p2a: Orthworm|Body Press|p1a: Kyurem\n|-supereffective|p1a: Kyurem\n|-damage|p1a: Kyurem|0 fnt\n|faint|p1a: Kyurem\n|\n|-heal|p2a: Orthworm|58/100|[from] item: Leftovers\n|upkeep\n|inactive|Time left: 300 sec this turn | 300 sec total | 5 sec grace\n|\n|t:|1783543257\n|switch|p1a: Ho-Oh|Ho-Oh, L71|95/268\n|turn|42\n|inactive|Time left: 300 sec this turn | 300 sec total\n|\n|t:|1783543259\n|move|p1a: Ho-Oh|Brave Bird|p2a: Orthworm\n|-resisted|p2a: Orthworm\n|-damage|p2a: Orthworm|44/100\n|-damage|p1a: Ho-Oh|82/268|[from] Recoil\n|move|p2a: Orthworm|Body Press|p1a: Ho-Oh\n|-resisted|p1a: Ho-Oh\n|-damage|p1a: Ho-Oh|32/268\n|\n|-heal|p2a: Orthworm|50/100|[from] item: Leftovers\n|upkeep\n|turn|43\n|inactive|Time left: 300 sec this turn | 300 sec total\n|\n|t:|1783543260\n|switch|p1a: Sandslash|Sandslash, L89, F|278/278\n|-damage|p1a: Sandslash|261/278|[from] Stealth Rock\n|-damage|p1a: Sandslash|192/278|[from] Spikes\n|move|p2a: Orthworm|Heavy Slam|p1a: Sandslash\n|-damage|p1a: Sandslash|87/278\n|\n|-heal|p1a: Sandslash|104/278|[from] item: Leftovers\n|-heal|p2a: Orthworm|56/100|[from] item: Leftovers\n|upkeep\n|turn|44\n|inactive|Time left: 300 sec this turn | 300 sec total\n|\n|t:|1783543261\n|move|p1a: Sandslash|Rapid Spin|p2a: Orthworm\n|-resisted|p2a: Orthworm\n|-damage|p2a: Orthworm|51/100\n|-boost|p1a: Sandslash|spe|1\n|-sideend|p1: p0x35297ed|Spikes|[from] move: Rapid Spin|[of] p1a: Sandslash\n|-sideend|p1: p0x35297ed|Stealth Rock|[from] move: Rapid Spin|[of] p1a: Sandslash\n|move|p2a: Orthworm|Heavy Slam|p1a: Sandslash\n|-damage|p1a: Sandslash|8/278\n|\n|-heal|p1a: Sandslash|25/278|[from] item: Leftovers\n|-heal|p2a: Orthworm|57/100|[from] item: Leftovers\n|upkeep\n|turn|45\n|inactive|Time left: 300 sec this turn | 300 sec total\n|\n|t:|1783543262\n|switch|p1a: Ho-Oh|Ho-Oh, L71|121/268\n|move|p2a: Orthworm|Body Press|p1a: Ho-Oh\n|-resisted|p1a: Ho-Oh\n|-damage|p1a: Ho-Oh|71/268\n|\n|-heal|p2a: Orthworm|63/100|[from] item: Leftovers\n|upkeep\n|turn|46\n|inactive|Time left: 300 sec this turn | 300 sec total\n|\n|t:|1783543263\n|switch|p1a: Sandslash|Sandslash, L89, F|25/278\n|move|p2a: Orthworm|Heavy Slam|p1a: Sandslash\n|-damage|p1a: Sandslash|0 fnt\n|faint|p1a: Sandslash\n|\n|-heal|p2a: Orthworm|69/100|[from] item: Leftovers\n|upkeep\n|inactive|Time left: 300 sec this turn | 300 sec total | 5 sec grace\n|\n|t:|1783543264\n|switch|p1a: Ho-Oh|Ho-Oh, L71|160/268\n|turn|47\n|inactive|Time left: 300 sec this turn | 300 sec total\n|\n|t:|1783543265\n|move|p1a: Ho-Oh|Brave Bird|p2a: Orthworm\n|-resisted|p2a: Orthworm\n|-damage|p2a: Orthworm|55/100\n|-damage|p1a: Ho-Oh|147/268|[from] Recoil\n|move|p2a: Orthworm|Heavy Slam|p1a: Ho-Oh\n|-resisted|p1a: Ho-Oh\n|-damage|p1a: Ho-Oh|123/268\n|\n|-heal|p2a: Orthworm|61/100|[from] item: Leftovers\n|upkeep\n|turn|48\n|inactive|Time left: 300 sec this turn | 300 sec total\n|\n|t:|1783543266\n|move|p1a: Ho-Oh|Brave Bird|p2a: Orthworm\n|-resisted|p2a: Orthworm\n|-damage|p2a: Orthworm|47/100\n|-damage|p1a: Ho-Oh|111/268|[from] Recoil\n|move|p2a: Orthworm|Heavy Slam|p1a: Ho-Oh\n|-resisted|p1a: Ho-Oh\n|-damage|p1a: Ho-Oh|85/268\n|\n|-heal|p2a: Orthworm|53/100|[from] item: Leftovers\n|upkeep\n|turn|49\n|inactive|Time left: 300 sec this turn | 300 sec total\n|\n|t:|1783543267\n|move|p1a: Ho-Oh|Brave Bird|p2a: Orthworm\n|-resisted|p2a: Orthworm\n|-damage|p2a: Orthworm|38/100\n|-damage|p1a: Ho-Oh|72/268|[from] Recoil\n|move|p2a: Orthworm|Heavy Slam|p1a: Ho-Oh\n|-resisted|p1a: Ho-Oh\n|-damage|p1a: Ho-Oh|48/268\n|\n|-heal|p2a: Orthworm|44/100|[from] item: Leftovers\n|upkeep\n|turn|50\n|inactive|Time left: 300 sec this turn | 300 sec total\n|\n|t:|1783543268\n|switch|p1a: Ditto|Ditto, L87|225/225\n|-transform|p1a: Ditto|p2a: Orthworm|[from] ability: Imposter\n|move|p2a: Orthworm|Heavy Slam|p1a: Ditto\n|-resisted|p1a: Ditto\n|-damage|p1a: Ditto|210/225\n|\n|-heal|p2a: Orthworm|50/100|[from] item: Leftovers\n|upkeep\n|turn|51\n|inactive|Time left: 300 sec this turn | 300 sec total\n|\n|t:|1783543269\n|switch|p2a: Coalossal|Coalossal, L89, M|100/100\n|move|p1a: Ditto|Stealth Rock|p2a: Coalossal\n|-sidestart|p2: p0y352e171|move: Stealth Rock\n|\n|upkeep\n|turn|52\n|inactive|Time left: 300 sec this turn | 300 sec total\n|\n|t:|1783543271\n|switch|p1a: Ho-Oh|Ho-Oh, L71|137/268\n|move|p2a: Coalossal|Rapid Spin|p1a: Ho-Oh\n|-damage|p1a: Ho-Oh|96/268\n|-boost|p2a: Coalossal|spe|1\n|-sideend|p2: p0y352e171|Stealth Rock|[from] move: Rapid Spin|[of] p2a: Coalossal\n|\n|upkeep\n|turn|53\n|inactive|Time left: 300 sec this turn | 300 sec total\n|\n|t:|1783543272\n|-terastallize|p1a: Ho-Oh|Steel\n|move|p1a: Ho-Oh|Earthquake|p2a: Coalossal\n|-supereffective|p2a: Coalossal\n|-damage|p2a: Coalossal|41/100\n|move|p2a: Coalossal|Stone Edge|p1a: Ho-Oh\n|-resisted|p1a: Ho-Oh\n|-damage|p1a: Ho-Oh|34/268\n|\n|upkeep\n|turn|54\n|inactive|Time left: 300 sec this turn | 300 sec total\n|\n|t:|1783543273\n|switch|p1a: Ditto|Ditto, L87|210/225\n|-transform|p1a: Ditto|p2a: Coalossal|[from] ability: Imposter\n|-terastallize|p2a: Coalossal|Grass\n|move|p2a: Coalossal|Flamethrower|p1a: Ditto\n|-resisted|p1a: Ditto\n|-damage|p1a: Ditto|187/225\n|\n|upkeep\n|turn|55\n|inactive|Time left: 300 sec this turn | 300 sec total\n|\n|t:|1783543274\n|switch|p2a: Pecharunt|Pecharunt, L77|100/100\n|move|p1a: Ditto|Flamethrower|p2a: Pecharunt\n|-damage|p2a: Pecharunt|62/100\n|\n|-heal|p2a: Pecharunt|68/100|[from] item: Leftovers\n|upkeep\n|turn|56\n|inactive|Time left: 300 sec this turn | 300 sec total\n|\n|t:|1783543275\n|move|p1a: Ditto|Flamethrower|p2a: Pecharunt\n|-damage|p2a: Pecharunt|30/100\n|move|p2a: Pecharunt|Malignant Chain|p1a: Ditto\n|-resisted|p1a: Ditto\n|-damage|p1a: Ditto|148/225\n|\n|-heal|p2a: Pecharunt|36/100|[from] item: Leftovers\n|upkeep\n|turn|57\n|inactive|Time left: 300 sec this turn | 300 sec total\n|\n|t:|1783543276\n|move|p1a: Ditto|Flamethrower|p2a: Pecharunt\n|-damage|p2a: Pecharunt|0 fnt\n|faint|p2a: Pecharunt\n|\n|upkeep\n|\n|t:|1783543277\n|switch|p2a: Dipplin|Dipplin, L88, M|40/100 brn\n|turn|58\n|inactive|Time left: 300 sec this turn | 300 sec total\n|\n|t:|1783543278\n|move|p1a: Ditto|Flamethrower|p2a: Dipplin\n|-damage|p2a: Dipplin|20/100 brn\n|move|p2a: Dipplin|Giga Drain|p1a: Ditto\n|-damage|p1a: Ditto|69/225\n|-heal|p2a: Dipplin|34/100 brn|[from] drain|[of] p1a: Ditto\n|\n|-damage|p2a: Dipplin|28/100 brn|[from] brn\n|upkeep\n|turn|59\n|inactive|Time left: 300 sec this turn | 300 sec total\n|\n|t:|1783543279\n|switch|p1a: Ho-Oh|Ho-Oh, L71, tera:Steel|123/268\n|move|p2a: Dipplin|Giga Drain|p1a: Ho-Oh\n|-resisted|p1a: Ho-Oh\n|-damage|p1a: Ho-Oh|89/268\n|-heal|p2a: Dipplin|34/100 brn|[from] drain|[of] p1a: Ho-Oh\n|\n|-damage|p2a: Dipplin|28/100 brn|[from] brn\n|upkeep\n|turn|60\n|inactive|Time left: 300 sec this turn | 300 sec total\n|\n|t:|1783543280\n|move|p1a: Ho-Oh|Brave Bird|p2a: Dipplin\n|-supereffective|p2a: Dipplin\n|-damage|p2a: Dipplin|0 fnt\n|faint|p2a: Dipplin\n|-damage|p1a: Ho-Oh|64/268|[from] Recoil\n|\n|upkeep\n|\n|t:|1783543281\n|switch|p2a: Scizor|Scizor, L79, M|100/100\n|turn|61\n|inactive|Time left: 300 sec this turn | 300 sec total\n|\n|t:|1783543281\n|switch|p1a: Ditto|Ditto, L87|69/225\n|-transform|p1a: Ditto|p2a: Scizor|[from] ability: Imposter\n|move|p2a: Scizor|Close Combat|p1a: Ditto\n|-damage|p1a: Ditto|0 fnt\n|-unboost|p2a: Scizor|def|1\n|-unboost|p2a: Scizor|spd|1\n|faint|p1a: Ditto\n|-damage|p2a: Scizor|90/100|[from] item: Life Orb\n|\n|upkeep\n|inactive|Time left: 300 sec this turn | 300 sec total | 5 sec grace\n|\n|t:|1783543282\n|switch|p1a: Ho-Oh|Ho-Oh, L71, tera:Steel|153/268\n|turn|62\n|inactive|Time left: 300 sec this turn | 300 sec total\n|\n|t:|1783543283\n|move|p1a: Ho-Oh|Earthquake|p2a: Scizor\n|-damage|p2a: Scizor|55/100\n|move|p2a: Scizor|Close Combat|p1a: Ho-Oh\n|-supereffective|p1a: Ho-Oh\n|-damage|p1a: Ho-Oh|0 fnt\n|-unboost|p2a: Scizor|def|1\n|-unboost|p2a: Scizor|spd|1\n|faint|p1a: Ho-Oh\n|-damage|p2a: Scizor|45/100|[from] item: Life Orb\n|\n|win|p0y352e171", "uploadtime": 1783543283, "views": 0, "rating": 0, "private": 0, "password": null, "_winner": "p0y352e171", "_our_name": "p0x35297ed"}