{"id": "battle-gen9randombattle-1863", "formatid": "gen9randombattle", "format": "[Gen 9] Random Battle", "players": ["p0x1863896f", "p0y186385dd"], "log": "|init|battle\n|title|p0x1863896f vs. p0y186385dd\n|j|\u2606p0x1863896f\n|j|\u2606p0y186385dd\n|t:|1783561576\n|gametype|singles\n|player|p1|p0x1863896f|266|\n|player|p2|p0y186385dd|265|\n|gen|9\n|tier|[Gen 9] Random Battle\n|rule|Species Clause: Limit one of each Pok\u00e9mon\n|rule|HP Percentage Mod: HP is shown in percentages\n|rule|Sleep Clause Mod: Limit one foe put to sleep\n|rule|Illusion Level Mod: Illusion disguises the Pok\u00e9mon's true level\n|\n|t:|1783561576\n|teamsize|p1|6\n|teamsize|p2|6\n|start\n|switch|p1a: Gardevoir|Gardevoir, L83, M|100/100\n|switch|p2a: Flareon|Flareon, L90, M|263/263\n|-ability|p1a: Gardevoir|Guts|Trace|[from] ability: Trace|[of] p2a: Flareon\n|turn|1\n|inactive|Battle timer is ON: inactive players will automatically lose when time's up. (requested by p0x1863896f)\n|inactive|Time left: 300 sec this turn | 300 sec total | 60 sec grace\n|\n|t:|1783561578\n|move|p1a: Gardevoir|Psychic|p2a: Flareon\n|-damage|p2a: Flareon|178/263\n|move|p2a: Flareon|Flare Blitz|p1a: Gardevoir\n|-damage|p1a: Gardevoir|2/100\n|-damage|p2a: Flareon|97/263|[from] Recoil\n|\n|-status|p2a: Flareon|tox|[from] item: Toxic Orb\n|upkeep\n|turn|2\n|inactive|Time left: 300 sec this turn | 300 sec total\n|inactive|p0y186385dd also wants the timer to be on.\n|\n|t:|1783561579\n|move|p2a: Flareon|Quick Attack|p1a: Gardevoir\n|-damage|p1a: Gardevoir|0 fnt\n|faint|p1a: Gardevoir\n|\n|-damage|p2a: Flareon|81/263 tox|[from] psn\n|upkeep\n|\n|t:|1783561580\n|switch|p1a: Morpeko|Morpeko, L88, M|100/100\n|turn|3\n|inactive|Time left: 300 sec this turn | 300 sec total\n|\n|t:|1783561581\n|switch|p2a: Gogoat|Gogoat, L88, M|360/360\n|move|p1a: Morpeko|Knock Off|p2a: Gogoat\n|-damage|p2a: Gogoat|213/360\n|-enditem|p2a: Gogoat|Leftovers|[from] move: Knock Off|[of] p1a: Morpeko\n|\n|-formechange|p1a: Morpeko|Morpeko-Hangry||[from] ability: Hunger Switch\n|upkeep\n|turn|4\n|inactive|Time left: 300 sec this turn | 300 sec total\n|\n|t:|1783561582\n|move|p1a: Morpeko|Aura Wheel|p2a: Gogoat\n|-damage|p2a: Gogoat|59/360\n|-boost|p1a: Morpeko|spe|1\n|move|p2a: Gogoat|Milk Drink|p2a: Gogoat\n|-heal|p2a: Gogoat|239/360\n|\n|-formechange|p1a: Morpeko|Morpeko||[from] ability: Hunger Switch\n|upkeep\n|turn|5\n|inactive|Time left: 300 sec this turn | 300 sec total\n|\n|t:|1783561583\n|switch|p1a: Toucannon|Toucannon, L88, M|100/100\n|move|p2a: Gogoat|Bulk Up|p2a: Gogoat\n|-boost|p2a: Gogoat|atk|1\n|-boost|p2a: Gogoat|def|1\n|\n|upkeep\n|turn|6\n|inactive|Time left: 300 sec this turn | 300 sec total\n|\n|t:|1783561584\n|-singleturn|p1a: Toucannon|move: Beak Blast\n|move|p2a: Gogoat|Bulk Up|p2a: Gogoat\n|-boost|p2a: Gogoat|atk|1\n|-boost|p2a: Gogoat|def|1\n|move|p1a: Toucannon|Beak Blast|p2a: Gogoat\n|-supereffective|p2a: Gogoat\n|-damage|p2a: Gogoat|83/360\n|\n|upkeep\n|turn|7\n|inactive|Time left: 300 sec this turn | 300 sec total\n|\n|t:|1783561585\n|-singleturn|p1a: Toucannon|move: Beak Blast\n|move|p2a: Gogoat|Milk Drink|p2a: Gogoat\n|-heal|p2a: Gogoat|263/360\n|move|p1a: Toucannon|Beak Blast|p2a: Gogoat\n|-supereffective|p2a: Gogoat\n|-crit|p2a: Gogoat\n|-damage|p2a: Gogoat|0 fnt\n|faint|p2a: Gogoat\n|\n|upkeep\n|inactive|Time left: 300 sec this turn | 300 sec total | 5 sec grace\n|\n|t:|1783561586\n|switch|p2a: Flareon|Flareon, L90, M|81/263 tox\n|turn|8\n|inactive|Time left: 300 sec this turn | 300 sec total\n|\n|t:|1783561586\n|move|p2a: Flareon|Flare Blitz|p1a: Toucannon\n|-damage|p1a: Toucannon|0 fnt\n|faint|p1a: Toucannon\n|-damage|p2a: Flareon|0 fnt|[from] Recoil\n|faint|p2a: Flareon\n|\n|upkeep\n|inactive|Time left: 300 sec this turn | 300 sec total | 5 sec grace\n|\n|t:|1783561587\n|switch|p2a: Inteleon|Inteleon, L81, F|246/246\n|switch|p1a: Venusaur|Venusaur, L84, F|100/100\n|turn|9\n|inactive|Time left: 300 sec this turn | 300 sec total\n|\n|t:|1783561588\n|move|p2a: Inteleon|U-turn|p1a: Venusaur\n|-damage|p1a: Venusaur|84/100\n|inactive|Time left: 300 sec this turn | 300 sec total | 5 sec grace\n|\n|t:|1783561589\n|switch|p2a: Articuno|Articuno, L86|295/295|[from] U-turn\n|-ability|p2a: Articuno|Pressure\n|move|p1a: Venusaur|Sludge Bomb|p2a: Articuno\n|-damage|p2a: Articuno|226/295\n|\n|-heal|p1a: Venusaur|90/100|[from] item: Leftovers\n|upkeep\n|turn|10\n|inactive|Time left: 300 sec this turn | 300 sec total\n|\n|t:|1783561590\n|switch|p1a: Raikou|Raikou, L81|100/100\n|-ability|p1a: Raikou|Pressure\n|move|p2a: Articuno|Brave Bird|p1a: Raikou\n|-resisted|p1a: Raikou\n|-damage|p1a: Raikou|75/100\n|-damage|p2a: Articuno|202/295|[from] Recoil\n|\n|upkeep\n|turn|11\n|inactive|Time left: 300 sec this turn | 300 sec total\n|\n|t:|1783561591\n|switch|p2a: Scovillain|Scovillain, L91, F|266/266\n|move|p1a: Raikou|Calm Mind|p1a: Raikou\n|-boost|p1a: Raikou|spa|1\n|-boost|p1a: Raikou|spd|1\n|\n|upkeep\n|turn|12\n|inactive|Time left: 300 sec this turn | 300 sec total\n|\n|t:|1783561592\n|move|p1a: Raikou|Calm Mind|p1a: Raikou\n|-boost|p1a: Raikou|spa|1\n|-boost|p1a: Raikou|spd|1\n|move|p2a: Scovillain|Stomping Tantrum|p1a: Raikou\n|-supereffective|p1a: Raikou\n|-damage|p1a: Raikou|17/100\n|\n|upkeep\n|turn|13\n|inactive|Time left: 300 sec this turn | 300 sec total\n|\n|t:|1783561593\n|move|p1a: Raikou|Scald|p2a: Scovillain\n|-damage|p2a: Scovillain|115/266\n|move|p2a: Scovillain|Stomping Tantrum|p1a: Raikou\n|-supereffective|p1a: Raikou\n|-damage|p1a: Raikou|0 fnt\n|faint|p1a: Raikou\n|\n|upkeep\n|\n|t:|1783561594\n|switch|p1a: Morpeko|Morpeko, L88, M|100/100\n|turn|14\n|inactive|Time left: 300 sec this turn | 300 sec total\n|\n|t:|1783561595\n|move|p1a: Morpeko|Knock Off|p2a: Scovillain\n|-damage|p2a: Scovillain|0 fnt\n|-enditem|p2a: Scovillain|Heavy-Duty Boots|[from] move: Knock Off|[of] p1a: Morpeko\n|faint|p2a: Scovillain\n|\n|-formechange|p1a: Morpeko|Morpeko-Hangry||[from] ability: Hunger Switch\n|upkeep\n|inactive|Time left: 300 sec this turn | 300 sec total | 5 sec grace\n|\n|t:|1783561595\n|switch|p2a: Inteleon|Inteleon, L81, F|246/246\n|turn|15\n|inactive|Time left: 300 sec this turn | 300 sec total\n|\n|t:|1783561596\n|switch|p1a: Venusaur|Venusaur, L84, F|90/100\n|move|p2a: Inteleon|Hydro Pump|p1a: Venusaur\n|-resisted|p1a: Venusaur\n|-damage|p1a: Venusaur|59/100\n|\n|-heal|p1a: Venusaur|65/100|[from] item: Leftovers\n|upkeep\n|turn|16\n|inactive|Time left: 300 sec this turn | 300 sec total\n|\n|t:|1783561597\n|switch|p2a: Articuno|Articuno, L86|202/295\n|-ability|p2a: Articuno|Pressure\n|move|p1a: Venusaur|Synthesis|p1a: Venusaur\n|-heal|p1a: Venusaur|100/100\n|\n|upkeep\n|turn|17\n|inactive|Time left: 300 sec this turn | 300 sec total\n|\n|t:|1783561598\n|switch|p1a: Morpeko|Morpeko, L88, M|100/100\n|move|p2a: Articuno|Brave Bird|p1a: Morpeko\n|-resisted|p1a: Morpeko\n|-damage|p1a: Morpeko|67/100\n|-damage|p2a: Articuno|175/295|[from] Recoil\n|\n|-heal|p1a: Morpeko|73/100|[from] item: Leftovers\n|-formechange|p1a: Morpeko|Morpeko-Hangry||[from] ability: Hunger Switch\n|upkeep\n|turn|18\n|inactive|Time left: 300 sec this turn | 300 sec total\n|\n|t:|1783561599\n|move|p1a: Morpeko|Aura Wheel|p2a: Articuno\n|-damage|p2a: Articuno|69/295\n|-boost|p1a: Morpeko|spe|1\n|move|p2a: Articuno|U-turn|p1a: Morpeko\n|-supereffective|p1a: Morpeko\n|-damage|p1a: Morpeko|27/100\n|inactive|Time left: 300 sec this turn | 300 sec total | 5 sec grace\n|\n|t:|1783561600\n|switch|p2a: Kingdra|Kingdra, L84, F|263/263|[from] U-turn\n|\n|-heal|p1a: Morpeko|33/100|[from] item: Leftovers\n|-formechange|p1a: Morpeko|Morpeko||[from] ability: Hunger Switch\n|upkeep\n|turn|19\n|inactive|Time left: 300 sec this turn | 300 sec total\n|\n|t:|1783561601\n|move|p1a: Morpeko|Knock Off|p2a: Kingdra\n|-crit|p2a: Kingdra\n|-damage|p2a: Kingdra|112/263\n|-enditem|p2a: Kingdra|Lum Berry|[from] move: Knock Off|[of] p1a: Morpeko\n|move|p2a: Kingdra|Outrage|p1a: Morpeko\n|-damage|p1a: Morpeko|0 fnt\n|faint|p1a: Morpeko\n|\n|upkeep\n|\n|t:|1783561602\n|switch|p1a: Vivillon|Vivillon-Continental, L83, M|100/100\n|turn|20\n|inactive|Time left: 300 sec this turn | 300 sec total\n|\n|t:|1783561603\n|-terastallize|p1a: Vivillon|Steel\n|move|p1a: Vivillon|Quiver Dance|p1a: Vivillon\n|-boost|p1a: Vivillon|spa|1\n|-boost|p1a: Vivillon|spd|1\n|-boost|p1a: Vivillon|spe|1\n|move|p2a: Kingdra|Outrage|p1a: Vivillon|[from] lockedmove\n|-resisted|p1a: Vivillon\n|-damage|p1a: Vivillon|67/100\n|\n|upkeep\n|turn|21\n|inactive|Time left: 300 sec this turn | 300 sec total\n|\n|t:|1783561604\n|move|p1a: Vivillon|Sleep Powder|p2a: Kingdra\n|-status|p2a: Kingdra|slp|[from] move: Sleep Powder\n|cant|p2a: Kingdra|slp\n|\n|-start|p2a: Kingdra|confusion|[fatigue]\n|upkeep\n|turn|22\n|inactive|Time left: 300 sec this turn | 300 sec total\n|\n|t:|1783561605\n|-terastallize|p2a: Kingdra|Steel\n|move|p1a: Vivillon|Quiver Dance|p1a: Vivillon\n|-boost|p1a: Vivillon|spa|1\n|-boost|p1a: Vivillon|spd|1\n|-boost|p1a: Vivillon|spe|1\n|cant|p2a: Kingdra|slp\n|\n|upkeep\n|turn|23\n|inactive|Time left: 300 sec this turn | 300 sec total\n|\n|t:|1783561606\n|move|p1a: Vivillon|Quiver Dance|p1a: Vivillon\n|-boost|p1a: Vivillon|spa|1\n|-boost|p1a: Vivillon|spd|1\n|-boost|p1a: Vivillon|spe|1\n|-curestatus|p2a: Kingdra|slp|[msg]\n|-activate|p2a: Kingdra|confusion\n|move|p2a: Kingdra|Wave Crash|p1a: Vivillon\n|-damage|p1a: Vivillon|2/100\n|-damage|p2a: Kingdra|55/263|[from] Recoil\n|\n|upkeep\n|turn|24\n|inactive|Time left: 300 sec this turn | 300 sec total\n|\n|t:|1783561607\n|move|p1a: Vivillon|Bug Buzz|p2a: Kingdra\n|-resisted|p2a: Kingdra\n|-damage|p2a: Kingdra|0 fnt\n|faint|p2a: Kingdra\n|\n|upkeep\n|inactive|Time left: 300 sec this turn | 300 sec total | 5 sec grace\n|\n|t:|1783561608\n|switch|p2a: Inteleon|Inteleon, L81, F|246/246\n|turn|25\n|inactive|Time left: 300 sec this turn | 300 sec total\n|\n|t:|1783561608\n|move|p1a: Vivillon|Bug Buzz|p2a: Inteleon\n|-damage|p2a: Inteleon|0 fnt\n|faint|p2a: Inteleon\n|\n|upkeep\n|inactive|Time left: 300 sec this turn | 300 sec total | 5 sec grace\n|\n|t:|1783561609\n|switch|p2a: Articuno|Articuno, L86|69/295\n|-ability|p2a: Articuno|Pressure\n|turn|26\n|inactive|Time left: 300 sec this turn | 300 sec total\n|\n|t:|1783561610\n|move|p1a: Vivillon|Bug Buzz|p2a: Articuno\n|-resisted|p2a: Articuno\n|-damage|p2a: Articuno|0 fnt\n|faint|p2a: Articuno\n|\n|win|p0x1863896f", "uploadtime": 1783561610, "views": 0, "rating": 0, "private": 0, "password": null, "_winner": "p0x1863896f", "_our_name": "p0y186385dd"}