{"id": "battle-gen9randombattle-1032", "formatid": "gen9randombattle", "format": "[Gen 9] Random Battle", "players": ["p0x1032cfb8", "p0y10321366"], "log": "|init|battle\n|title|p0x1032cfb8 vs. p0y10321366\n|j|\u2606p0x1032cfb8\n|j|\u2606p0y10321366\n|t:|1783551144\n|gametype|singles\n|player|p1|p0x1032cfb8|2|\n|player|p2|p0y10321366|169|\n|gen|9\n|tier|[Gen 9] Random Battle\n|rule|Species Clause: Limit one of each Pok\u00e9mon\n|rule|HP Percentage Mod: HP is shown in percentages\n|rule|Sleep Clause Mod: Limit one foe put to sleep\n|rule|Illusion Level Mod: Illusion disguises the Pok\u00e9mon's true level\n|\n|t:|1783551144\n|teamsize|p1|6\n|teamsize|p2|6\n|start\n|switch|p1a: Groudon|Groudon, L72|100/100\n|switch|p2a: Rillaboom|Rillaboom, L79, M|288/288\n|-fieldstart|move: Grassy Terrain|[from] ability: Grassy Surge|[of] p2a: Rillaboom\n|-weather|SunnyDay|[from] ability: Drought|[of] p1a: Groudon\n|turn|1\n|inactive|Battle timer is ON: inactive players will automatically lose when time's up. (requested by p0y10321366)\n|inactive|p0x1032cfb8 also wants the timer to be on.\n|\n|t:|1783551146\n|-terastallize|p1a: Groudon|Fire\n|move|p2a: Rillaboom|Wood Hammer|p1a: Groudon\n|-resisted|p1a: Groudon\n|-damage|p1a: Groudon|68/100\n|-damage|p2a: Rillaboom|260/288|[from] Recoil\n|-damage|p2a: Rillaboom|232/288|[from] item: Life Orb\n|move|p1a: Groudon|Heat Crash|p2a: Rillaboom\n|-supereffective|p2a: Rillaboom\n|-damage|p2a: Rillaboom|0 fnt\n|faint|p2a: Rillaboom\n|\n|-weather|SunnyDay|[upkeep]\n|-heal|p1a: Groudon|74/100|[from] Grassy Terrain\n|-heal|p1a: Groudon|80/100|[from] item: Leftovers\n|upkeep\n|inactive|Time left: 300 sec this turn | 300 sec total | 65 sec grace\n|\n|t:|1783551147\n|switch|p2a: Mienshao|Mienshao, L83, F|243/243\n|turn|2\n|inactive|Time left: 300 sec this turn | 300 sec total\n|\n|t:|1783551148\n|move|p2a: Mienshao|High Jump Kick|p1a: Groudon\n|-damage|p1a: Groudon|0 fnt\n|faint|p1a: Groudon\n|\n|-weather|SunnyDay|[upkeep]\n|upkeep\n|\n|t:|1783551149\n|switch|p1a: Gholdengo|Gholdengo, L77|100/100\n|turn|3\n|inactive|Time left: 300 sec this turn | 300 sec total\n|\n|t:|1783551150\n|switch|p2a: Palossand|Palossand, L89, M|296/296\n|move|p1a: Gholdengo|Make It Rain|p2a: Palossand\n|-damage|p2a: Palossand|158/296\n|-unboost|p1a: Gholdengo|spa|1\n|\n|-weather|SunnyDay|[upkeep]\n|-heal|p2a: Palossand|176/296|[from] Grassy Terrain\n|-heal|p2a: Palossand|194/296|[from] item: Leftovers\n|upkeep\n|turn|4\n|inactive|Time left: 300 sec this turn | 300 sec total\n|\n|t:|1783551152\n|switch|p1a: Squawkabilly|Squawkabilly-Blue, L85, F|100/100\n|move|p2a: Palossand|Earth Power|p1a: Squawkabilly\n|-immune|p1a: Squawkabilly\n|\n|-weather|SunnyDay|[upkeep]\n|-heal|p2a: Palossand|212/296|[from] Grassy Terrain\n|-heal|p2a: Palossand|230/296|[from] item: Leftovers\n|-status|p1a: Squawkabilly|brn|[from] item: Flame Orb\n|upkeep\n|turn|5\n|inactive|Time left: 300 sec this turn | 300 sec total\n|\n|t:|1783551153\n|move|p1a: Squawkabilly|Brave Bird|p2a: Palossand\n|-damage|p2a: Palossand|68/296\n|-damage|p1a: Squawkabilly|81/100 brn|[from] Recoil\n|move|p2a: Palossand|Stealth Rock|p1a: Squawkabilly\n|-sidestart|p1: p0x1032cfb8|move: Stealth Rock\n|\n|-weather|none\n|-heal|p2a: Palossand|86/296|[from] Grassy Terrain\n|-heal|p2a: Palossand|104/296|[from] item: Leftovers\n|-damage|p1a: Squawkabilly|75/100 brn|[from] brn\n|-fieldend|move: Grassy Terrain\n|upkeep\n|turn|6\n|inactive|Time left: 300 sec this turn | 300 sec total\n|\n|t:|1783551154\n|switch|p2a: Gholdengo|Gholdengo, L77|261/261\n|move|p1a: Squawkabilly|Brave Bird|p2a: Gholdengo\n|-resisted|p2a: Gholdengo\n|-damage|p2a: Gholdengo|156/261\n|-damage|p1a: Squawkabilly|63/100 brn|[from] Recoil\n|\n|-heal|p2a: Gholdengo|172/261|[from] item: Leftovers\n|-damage|p1a: Squawkabilly|57/100 brn|[from] brn\n|upkeep\n|turn|7\n|inactive|Time left: 300 sec this turn | 300 sec total\n|\n|t:|1783551155\n|switch|p1a: Tauros|Tauros-Paldea-Combat, L82, M|100/100\n|-damage|p1a: Tauros|94/100|[from] Stealth Rock\n|-ability|p1a: Tauros|Intimidate|boost\n|-unboost|p2a: Gholdengo|atk|1\n|move|p2a: Gholdengo|Make It Rain|p1a: Tauros\n|-damage|p1a: Tauros|35/100\n|-unboost|p2a: Gholdengo|spa|1\n|\n|-heal|p2a: Gholdengo|188/261|[from] item: Leftovers\n|upkeep\n|turn|8\n|inactive|Time left: 300 sec this turn | 300 sec total\n|\n|t:|1783551156\n|switch|p2a: Oricorio|Oricorio-Pa'u, L87, M|272/272\n|move|p1a: Tauros|Earthquake|p2a: Oricorio\n|-immune|p2a: Oricorio\n|\n|upkeep\n|turn|9\n|inactive|Time left: 300 sec this turn | 300 sec total\n|\n|t:|1783551157\n|switch|p1a: Granbull|Granbull, L88, M|100/100\n|-damage|p1a: Granbull|88/100|[from] Stealth Rock\n|-ability|p1a: Granbull|Intimidate|boost\n|-unboost|p2a: Oricorio|atk|1\n|move|p2a: Oricorio|Quiver Dance|p2a: Oricorio\n|-boost|p2a: Oricorio|spa|1\n|-boost|p2a: Oricorio|spd|1\n|-boost|p2a: Oricorio|spe|1\n|\n|-heal|p1a: Granbull|94/100|[from] item: Leftovers\n|upkeep\n|turn|10\n|inactive|Time left: 300 sec this turn | 300 sec total\n|\n|t:|1783551158\n|move|p2a: Oricorio|Revelation Dance|p1a: Granbull\n|-damage|p1a: Granbull|26/100\n|move|p1a: Granbull|Play Rough|p2a: Oricorio\n|-damage|p2a: Oricorio|142/272\n|\n|-heal|p1a: Granbull|32/100|[from] item: Leftovers\n|upkeep\n|turn|11\n|inactive|Time left: 300 sec this turn | 300 sec total\n|\n|t:|1783551159\n|move|p2a: Oricorio|Revelation Dance|p1a: Granbull\n|-damage|p1a: Granbull|0 fnt\n|faint|p1a: Granbull\n|\n|upkeep\n|\n|t:|1783551160\n|switch|p1a: Porygon-Z|Porygon-Z, L83|100/100\n|-damage|p1a: Porygon-Z|88/100|[from] Stealth Rock\n|turn|12\n|inactive|Time left: 300 sec this turn | 300 sec total\n|\n|t:|1783551161\n|move|p2a: Oricorio|Quiver Dance|p2a: Oricorio\n|-boost|p2a: Oricorio|spa|1\n|-boost|p2a: Oricorio|spd|1\n|-boost|p2a: Oricorio|spe|1\n|move|p1a: Porygon-Z|Ice Beam|p2a: Oricorio\n|-supereffective|p2a: Oricorio\n|-damage|p2a: Oricorio|2/272\n|\n|upkeep\n|turn|13\n|inactive|Time left: 300 sec this turn | 300 sec total\n|\n|t:|1783551162\n|move|p2a: Oricorio|Roost|p2a: Oricorio\n|-heal|p2a: Oricorio|138/272\n|-singleturn|p2a: Oricorio|move: Roost\n|move|p1a: Porygon-Z|Ice Beam|p2a: Oricorio\n|-damage|p2a: Oricorio|63/272\n|\n|upkeep\n|turn|14\n|inactive|Time left: 300 sec this turn | 300 sec total\n|\n|t:|1783551163\n|move|p2a: Oricorio|Roost|p2a: Oricorio\n|-heal|p2a: Oricorio|199/272\n|-singleturn|p2a: Oricorio|move: Roost\n|move|p1a: Porygon-Z|Ice Beam|p2a: Oricorio\n|-damage|p2a: Oricorio|125/272\n|\n|upkeep\n|turn|15\n|inactive|Time left: 300 sec this turn | 300 sec total\n|\n|t:|1783551164\n|move|p2a: Oricorio|Hurricane|p1a: Porygon-Z\n|-damage|p1a: Porygon-Z|0 fnt\n|faint|p1a: Porygon-Z\n|\n|upkeep\n|\n|t:|1783551165\n|switch|p1a: Gholdengo|Gholdengo, L77|100/100\n|-damage|p1a: Gholdengo|94/100|[from] Stealth Rock\n|turn|16\n|inactive|Time left: 300 sec this turn | 300 sec total\n|\n|t:|1783551166\n|-terastallize|p2a: Oricorio|Ground\n|move|p2a: Oricorio|Revelation Dance|p1a: Gholdengo\n|-supereffective|p1a: Gholdengo\n|-damage|p1a: Gholdengo|0 fnt\n|faint|p1a: Gholdengo\n|\n|upkeep\n|\n|t:|1783551167\n|switch|p1a: Tauros|Tauros-Paldea-Combat, L82, M|35/100\n|-damage|p1a: Tauros|29/100|[from] Stealth Rock\n|-ability|p1a: Tauros|Intimidate|boost\n|-unboost|p2a: Oricorio|atk|1\n|turn|17\n|inactive|Time left: 300 sec this turn | 300 sec total\n|\n|t:|1783551168\n|switch|p1a: Squawkabilly|Squawkabilly-Blue, L85, F|57/100 brn\n|-damage|p1a: Squawkabilly|32/100 brn|[from] Stealth Rock\n|move|p2a: Oricorio|Revelation Dance|p1a: Squawkabilly\n|-immune|p1a: Squawkabilly\n|\n|-damage|p1a: Squawkabilly|26/100 brn|[from] brn\n|upkeep\n|turn|18\n|inactive|Time left: 300 sec this turn | 300 sec total\n|\n|t:|1783551169\n|move|p1a: Squawkabilly|Protect|p1a: Squawkabilly\n|-singleturn|p1a: Squawkabilly|Protect\n|move|p2a: Oricorio|Hurricane|p1a: Squawkabilly\n|-activate|p1a: Squawkabilly|move: Protect\n|\n|-damage|p1a: Squawkabilly|20/100 brn|[from] brn\n|upkeep\n|turn|19\n|inactive|Time left: 300 sec this turn | 300 sec total\n|\n|t:|1783551170\n|move|p1a: Squawkabilly|Protect|p1a: Squawkabilly\n|-singleturn|p1a: Squawkabilly|Protect\n|move|p2a: Oricorio|Hurricane|p1a: Squawkabilly\n|-activate|p1a: Squawkabilly|move: Protect\n|\n|-damage|p1a: Squawkabilly|13/100 brn|[from] brn\n|upkeep\n|turn|20\n|inactive|Time left: 300 sec this turn | 300 sec total\n|\n|t:|1783551171\n|move|p2a: Oricorio|Hurricane|p1a: Squawkabilly|[miss]\n|-miss|p2a: Oricorio|p1a: Squawkabilly\n|move|p1a: Squawkabilly|Facade|p2a: Oricorio\n|-damage|p2a: Oricorio|0 fnt\n|faint|p2a: Oricorio\n|\n|-damage|p1a: Squawkabilly|7/100 brn|[from] brn\n|upkeep\n|inactive|Time left: 300 sec this turn | 300 sec total | 5 sec grace\n|\n|t:|1783551171\n|switch|p2a: Mienshao|Mienshao, L83, F|243/243\n|turn|21\n|inactive|Time left: 300 sec this turn | 300 sec total\n|\n|t:|1783551172\n|move|p1a: Squawkabilly|Protect|p1a: Squawkabilly\n|-singleturn|p1a: Squawkabilly|Protect\n|move|p2a: Mienshao|Poison Jab|p1a: Squawkabilly\n|-activate|p1a: Squawkabilly|move: Protect\n|\n|-damage|p1a: Squawkabilly|1/100 brn|[from] brn\n|upkeep\n|turn|22\n|inactive|Time left: 300 sec this turn | 300 sec total\n|\n|t:|1783551173\n|move|p1a: Squawkabilly|Protect||[still]\n|-fail|p1a: Squawkabilly\n|move|p2a: Mienshao|Poison Jab|p1a: Squawkabilly\n|-damage|p1a: Squawkabilly|0 fnt\n|faint|p1a: Squawkabilly\n|\n|upkeep\n|\n|t:|1783551174\n|switch|p1a: Tauros|Tauros-Paldea-Combat, L82, M|29/100\n|-damage|p1a: Tauros|22/100|[from] Stealth Rock\n|-ability|p1a: Tauros|Intimidate|boost\n|-unboost|p2a: Mienshao|atk|1\n|turn|23\n|inactive|Time left: 300 sec this turn | 300 sec total\n|\n|t:|1783551175\n|move|p2a: Mienshao|Poison Jab|p1a: Tauros\n|-damage|p1a: Tauros|0 fnt\n|faint|p1a: Tauros\n|\n|win|p0y10321366", "uploadtime": 1783551175, "views": 0, "rating": 0, "private": 0, "password": null, "_winner": "p0y10321366", "_our_name": "p0y10321366"}