{"id": "battle-gen9randombattle-695", "formatid": "gen9randombattle", "format": "[Gen 9] Random Battle", "players": ["p0x6959268", "p0y69537bd"], "log": "|init|battle\n|title|p0x6959268 vs. p0y69537bd\n|j|\u2606p0x6959268\n|j|\u2606p0y69537bd\n|t:|1783547883\n|gametype|singles\n|player|p1|p0x6959268|102|\n|player|p2|p0y69537bd|1|\n|gen|9\n|tier|[Gen 9] Random Battle\n|rule|Species Clause: Limit one of each Pok\u00e9mon\n|rule|HP Percentage Mod: HP is shown in percentages\n|rule|Sleep Clause Mod: Limit one foe put to sleep\n|rule|Illusion Level Mod: Illusion disguises the Pok\u00e9mon's true level\n|\n|t:|1783547883\n|teamsize|p1|6\n|teamsize|p2|6\n|start\n|switch|p1a: Hypno|Hypno, L95, M|315/315\n|switch|p2a: Heatran|Heatran, L79, F|100/100\n|-item|p2a: Heatran|Air Balloon\n|turn|1\n|inactive|Battle timer is ON: inactive players will automatically lose when time's up. (requested by p0y69537bd)\n|inactive|Time left: 300 sec this turn | 300 sec total | 60 sec grace\n|inactive|p0x6959268 also wants the timer to be on.\n|\n|t:|1783547884\n|move|p1a: Hypno|Focus Blast|p2a: Heatran\n|-supereffective|p2a: Heatran\n|-damage|p2a: Heatran|43/100\n|-enditem|p2a: Heatran|Air Balloon\n|move|p2a: Heatran|Stealth Rock|p1a: Hypno\n|-sidestart|p1: p0x6959268|move: Stealth Rock\n|\n|upkeep\n|turn|2\n|inactive|Time left: 300 sec this turn | 300 sec total\n|\n|t:|1783547886\n|switch|p2a: Spidops|Spidops, L96, M|100/100\n|move|p1a: Hypno|Focus Blast|p2a: Spidops|[miss]\n|-miss|p1a: Hypno|p2a: Spidops\n|\n|upkeep\n|turn|3\n|inactive|Time left: 300 sec this turn | 300 sec total\n|\n|t:|1783547887\n|move|p1a: Hypno|Psychic Noise|p2a: Spidops\n|-damage|p2a: Spidops|72/100\n|-start|p2a: Spidops|move: Heal Block\n|move|p2a: Spidops|Sticky Web|p1a: Hypno\n|-sidestart|p1: p0x6959268|move: Sticky Web\n|\n|upkeep\n|turn|4\n|inactive|Time left: 300 sec this turn | 300 sec total\n|\n|t:|1783547888\n|move|p1a: Hypno|Psychic Noise|p2a: Spidops\n|-damage|p2a: Spidops|45/100\n|move|p2a: Spidops|Knock Off|p1a: Hypno\n|-supereffective|p1a: Hypno\n|-damage|p1a: Hypno|155/315\n|-enditem|p1a: Hypno|Leftovers|[from] move: Knock Off|[of] p2a: Spidops\n|\n|-end|p2a: Spidops|move: Heal Block\n|upkeep\n|turn|5\n|inactive|Time left: 300 sec this turn | 300 sec total\n|\n|t:|1783547889\n|move|p1a: Hypno|Psychic Noise|p2a: Spidops\n|-damage|p2a: Spidops|17/100\n|-start|p2a: Spidops|move: Heal Block\n|move|p2a: Spidops|Toxic Spikes|p1a: Hypno\n|-sidestart|p1: p0x6959268|move: Toxic Spikes\n|\n|upkeep\n|turn|6\n|inactive|Time left: 300 sec this turn | 300 sec total\n|\n|t:|1783547890\n|move|p1a: Hypno|Psychic Noise|p2a: Spidops\n|-damage|p2a: Spidops|0 fnt\n|faint|p2a: Spidops\n|\n|upkeep\n|\n|t:|1783547891\n|switch|p2a: Samurott|Samurott, L88, F|100/100\n|turn|7\n|inactive|Time left: 300 sec this turn | 300 sec total\n|\n|t:|1783547892\n|move|p1a: Hypno|Psychic Noise|p2a: Samurott\n|-damage|p2a: Samurott|80/100\n|-start|p2a: Samurott|move: Heal Block\n|move|p2a: Samurott|Megahorn|p1a: Hypno\n|-supereffective|p1a: Hypno\n|-damage|p1a: Hypno|0 fnt\n|faint|p1a: Hypno\n|\n|upkeep\n|inactive|Time left: 300 sec this turn | 300 sec total | 5 sec grace\n|\n|t:|1783547893\n|switch|p1a: Salamence|Salamence, L77, M|273/273\n|turn|8\n|inactive|Time left: 300 sec this turn | 300 sec total\n|\n|t:|1783547894\n|move|p1a: Salamence|Outrage|p2a: Samurott\n|-damage|p2a: Samurott|40/100\n|move|p2a: Samurott|Flip Turn|p1a: Salamence\n|-resisted|p1a: Salamence\n|-damage|p1a: Salamence|230/273\n|\n|t:|1783547895\n|switch|p2a: Lucario|Lucario, L84, M|100/100|[from] Flip Turn\n|\n|upkeep\n|turn|9\n|inactive|Time left: 300 sec this turn | 300 sec total\n|\n|t:|1783547896\n|move|p2a: Lucario|Swords Dance|p2a: Lucario\n|-boost|p2a: Lucario|atk|2\n|move|p1a: Salamence|Outrage|p2a: Lucario|[from] lockedmove\n|-resisted|p2a: Lucario\n|-damage|p2a: Lucario|66/100\n|-start|p1a: Salamence|confusion|[fatigue]\n|\n|upkeep\n|turn|10\n|inactive|Time left: 300 sec this turn | 300 sec total\n|\n|t:|1783547897\n|-activate|p1a: Salamence|confusion\n|move|p1a: Salamence|Earthquake|p2a: Lucario\n|-supereffective|p2a: Lucario\n|-damage|p2a: Lucario|0 fnt\n|faint|p2a: Lucario\n|-ability|p1a: Salamence|Moxie|boost\n|-boost|p1a: Salamence|atk|1\n|\n|upkeep\n|\n|t:|1783547898\n|switch|p2a: Ludicolo|Ludicolo, L90, M|100/100\n|turn|11\n|inactive|Time left: 300 sec this turn | 300 sec total\n|\n|t:|1783547899\n|-terastallize|p1a: Salamence|Dragon\n|-terastallize|p2a: Ludicolo|Water\n|-activate|p1a: Salamence|confusion\n|move|p1a: Salamence|Outrage|p2a: Ludicolo\n|-damage|p2a: Ludicolo|0 fnt\n|faint|p2a: Ludicolo\n|-ability|p1a: Salamence|Moxie|boost\n|-boost|p1a: Salamence|atk|1\n|\n|upkeep\n|\n|t:|1783547900\n|switch|p2a: Heatran|Heatran, L79, F|43/100\n|turn|12\n|inactive|Time left: 300 sec this turn | 300 sec total\n|\n|t:|1783547901\n|-activate|p1a: Salamence|confusion\n|move|p1a: Salamence|Outrage|p2a: Heatran|[from] lockedmove\n|-resisted|p2a: Heatran\n|-damage|p2a: Heatran|0 fnt\n|faint|p2a: Heatran\n|-ability|p1a: Salamence|Moxie|boost\n|-boost|p1a: Salamence|atk|1\n|\n|upkeep\n|\n|t:|1783547902\n|switch|p2a: Samurott|Samurott, L88, F|40/100\n|turn|13\n|inactive|Time left: 300 sec this turn | 300 sec total\n|\n|t:|1783547903\n|-end|p1a: Salamence|confusion\n|move|p1a: Salamence|Earthquake|p2a: Samurott\n|-damage|p2a: Samurott|0 fnt\n|faint|p2a: Samurott\n|-ability|p1a: Salamence|Moxie|boost\n|-boost|p1a: Salamence|atk|1\n|\n|upkeep\n|\n|t:|1783547904\n|switch|p2a: Terapagos|Terapagos, L77, M|100/100\n|-activate|p2a: Terapagos|ability: Tera Shift\n|detailschange|p2a: Terapagos|Terapagos-Terastal, L77, M\n|-heal|p2a: Terapagos|100/100|[silent]\n|turn|14\n|inactive|Time left: 300 sec this turn | 300 sec total\n|\n|t:|1783547905\n|move|p1a: Salamence|Outrage|p2a: Terapagos\n|-activate|p2a: Terapagos|ability: Tera Shell\n|-resisted|p2a: Terapagos\n|-damage|p2a: Terapagos|8/100\n|move|p2a: Terapagos|Rapid Spin|p1a: Salamence\n|-damage|p1a: Salamence|181/273\n|-boost|p2a: Terapagos|spe|1\n|\n|upkeep\n|turn|15\n|inactive|Time left: 300 sec this turn | 300 sec total\n|\n|t:|1783547906\n|move|p2a: Terapagos|Dark Pulse|p1a: Salamence\n|-damage|p1a: Salamence|120/273\n|cant|p1a: Salamence|flinch\n|\n|upkeep\n|turn|16\n|inactive|Time left: 300 sec this turn | 300 sec total\n|\n|t:|1783547906\n|move|p2a: Terapagos|Tera Starstorm|p1a: Salamence\n|-damage|p1a: Salamence|0 fnt\n|faint|p1a: Salamence\n|\n|upkeep\n|inactive|Time left: 300 sec this turn | 300 sec total | 5 sec grace\n|\n|t:|1783547907\n|switch|p1a: Frosmoth|Frosmoth, L82, F|249/249\n|turn|17\n|inactive|Time left: 300 sec this turn | 300 sec total\n|\n|t:|1783547908\n|move|p2a: Terapagos|Dark Pulse|p1a: Frosmoth\n|-crit|p1a: Frosmoth\n|-damage|p1a: Frosmoth|213/249\n|move|p1a: Frosmoth|Ice Beam|p2a: Terapagos\n|-damage|p2a: Terapagos|0 fnt\n|faint|p2a: Terapagos\n|\n|win|p0x6959268", "uploadtime": 1783547908, "views": 0, "rating": 0, "private": 0, "password": null, "_winner": "p0x6959268", "_our_name": "p0x6959268"}