{"id": "battle-gen9randombattle-2335", "formatid": "gen9randombattle", "format": "[Gen 9] Random Battle", "players": ["p0x2335441f", "p0y23356f8e"], "log": "|init|battle\n|title|p0x2335441f vs. p0y23356f8e\n|j|\u2606p0x2335441f\n|j|\u2606p0y23356f8e\n|t:|1783566108\n|gametype|singles\n|player|p1|p0x2335441f|101|\n|player|p2|p0y23356f8e|265|\n|gen|9\n|tier|[Gen 9] Random Battle\n|rule|Species Clause: Limit one of each Pok\u00e9mon\n|rule|HP Percentage Mod: HP is shown in percentages\n|rule|Sleep Clause Mod: Limit one foe put to sleep\n|rule|Illusion Level Mod: Illusion disguises the Pok\u00e9mon's true level\n|\n|t:|1783566108\n|teamsize|p1|6\n|teamsize|p2|6\n|start\n|switch|p1a: Flutter Mane|Flutter Mane, L74|100/100\n|switch|p2a: Iron Moth|Iron Moth, L78|253/253\n|turn|1\n|inactive|Battle timer is ON: inactive players will automatically lose when time's up. (requested by p0y23356f8e)\n|inactive|p0x2335441f also wants the timer to be on.\n|\n|t:|1783566109\n|move|p1a: Flutter Mane|Calm Mind|p1a: Flutter Mane\n|-boost|p1a: Flutter Mane|spa|1\n|-boost|p1a: Flutter Mane|spd|1\n|move|p2a: Iron Moth|Sludge Wave|p1a: Flutter Mane\n|-damage|p1a: Flutter Mane|51/100\n|\n|upkeep\n|turn|2\n|inactive|Time left: 300 sec this turn | 300 sec total\n|\n|t:|1783566110\n|move|p1a: Flutter Mane|Calm Mind|p1a: Flutter Mane\n|-boost|p1a: Flutter Mane|spa|1\n|-boost|p1a: Flutter Mane|spd|1\n|move|p2a: Iron Moth|Sludge Wave|p1a: Flutter Mane\n|-damage|p1a: Flutter Mane|18/100\n|\n|upkeep\n|turn|3\n|inactive|Time left: 300 sec this turn | 300 sec total\n|\n|t:|1783566111\n|move|p1a: Flutter Mane|Shadow Ball|p2a: Iron Moth\n|-damage|p2a: Iron Moth|42/253\n|-damage|p1a: Flutter Mane|8/100|[from] item: Life Orb\n|move|p2a: Iron Moth|Sludge Wave|p1a: Flutter Mane\n|-damage|p1a: Flutter Mane|0 fnt\n|faint|p1a: Flutter Mane\n|-end|p1a: Flutter Mane|Protosynthesis|[silent]\n|\n|upkeep\n|\n|t:|1783566112\n|switch|p1a: Quaquaval|Quaquaval, L79, M|100/100\n|turn|4\n|inactive|Time left: 300 sec this turn | 300 sec total\n|\n|t:|1783566113\n|move|p2a: Iron Moth|Sludge Wave|p1a: Quaquaval\n|-damage|p1a: Quaquaval|25/100\n|move|p1a: Quaquaval|Aqua Step|p2a: Iron Moth\n|-supereffective|p2a: Iron Moth\n|-damage|p2a: Iron Moth|0 fnt\n|-boost|p1a: Quaquaval|spe|1\n|faint|p2a: Iron Moth\n|-end|p2a: Iron Moth|Quark Drive|[silent]\n|-ability|p1a: Quaquaval|Moxie|boost\n|-boost|p1a: Quaquaval|atk|1\n|\n|-heal|p1a: Quaquaval|31/100|[from] item: Leftovers\n|upkeep\n|inactive|Time left: 300 sec this turn | 300 sec total | 5 sec grace\n|\n|t:|1783566114\n|switch|p2a: Tauros|Tauros-Paldea-Aqua, L81, M|254/254\n|-ability|p2a: Tauros|Intimidate|boost\n|-unboost|p1a: Quaquaval|atk|1\n|turn|5\n|inactive|Time left: 300 sec this turn | 300 sec total\n|\n|t:|1783566115\n|move|p1a: Quaquaval|Roost|p1a: Quaquaval\n|-heal|p1a: Quaquaval|81/100\n|-singleturn|p1a: Quaquaval|move: Roost\n|move|p2a: Tauros|Close Combat|p1a: Quaquaval\n|-damage|p1a: Quaquaval|0 fnt\n|-unboost|p2a: Tauros|def|1\n|-unboost|p2a: Tauros|spd|1\n|faint|p1a: Quaquaval\n|\n|upkeep\n|\n|t:|1783566116\n|switch|p1a: Armarouge|Armarouge, L80, M|100/100\n|turn|6\n|inactive|Time left: 300 sec this turn | 300 sec total\n|\n|t:|1783566117\n|switch|p2a: Porygon2|Porygon2, L81|270/270\n|-ability|p2a: Porygon2|Download|boost\n|-boost|p2a: Porygon2|spa|1\n|move|p1a: Armarouge|Armor Cannon|p2a: Porygon2\n|-damage|p2a: Porygon2|138/270\n|-unboost|p1a: Armarouge|def|1\n|-unboost|p1a: Armarouge|spd|1\n|\n|upkeep\n|turn|7\n|inactive|Time left: 300 sec this turn | 300 sec total\n|\n|t:|1783566118\n|move|p1a: Armarouge|Armor Cannon|p2a: Porygon2\n|-damage|p2a: Porygon2|0 fnt\n|-unboost|p1a: Armarouge|def|1\n|-unboost|p1a: Armarouge|spd|1\n|faint|p2a: Porygon2\n|\n|upkeep\n|inactive|Time left: 300 sec this turn | 300 sec total | 5 sec grace\n|\n|t:|1783566119\n|switch|p2a: Hitmonlee|Hitmonlee, L85, M|223/223\n|turn|8\n|inactive|Time left: 300 sec this turn | 300 sec total\n|\n|t:|1783566120\n|switch|p1a: Urshifu|Urshifu-Rapid-Strike, L75, F|100/100\n|move|p2a: Hitmonlee|High Jump Kick|p1a: Urshifu\n|-damage|p1a: Urshifu|0 fnt\n|faint|p1a: Urshifu\n|\n|upkeep\n|\n|t:|1783566121\n|switch|p1a: Armarouge|Armarouge, L80, M|100/100\n|turn|9\n|inactive|Time left: 300 sec this turn | 300 sec total\n|\n|t:|1783566122\n|move|p2a: Hitmonlee|High Jump Kick|p1a: Armarouge\n|-resisted|p1a: Armarouge\n|-damage|p1a: Armarouge|47/100\n|-ability|p1a: Armarouge|Weak Armor|boost\n|-unboost|p1a: Armarouge|def|1\n|-boost|p1a: Armarouge|spe|2\n|move|p1a: Armarouge|Psyshock|p2a: Hitmonlee\n|-supereffective|p2a: Hitmonlee\n|-damage|p2a: Hitmonlee|0 fnt\n|faint|p2a: Hitmonlee\n|\n|upkeep\n|inactive|Time left: 300 sec this turn | 300 sec total | 5 sec grace\n|\n|t:|1783566123\n|switch|p2a: Meowscarada|Meowscarada, L78, F|247/247\n|turn|10\n|inactive|Time left: 300 sec this turn | 300 sec total\n|\n|t:|1783566124\n|switch|p1a: Florges|Florges-White, L85, F|100/100\n|switch|p2a: Tauros|Tauros-Paldea-Aqua, L81, M|254/254\n|-ability|p2a: Tauros|Intimidate|boost\n|-unboost|p1a: Florges|atk|1\n|\n|upkeep\n|turn|11\n|inactive|Time left: 300 sec this turn | 300 sec total\n|\n|t:|1783566125\n|-terastallize|p2a: Tauros|Water\n|move|p2a: Tauros|Wave Crash|p1a: Florges\n|-damage|p1a: Florges|0 fnt\n|faint|p1a: Florges\n|-damage|p2a: Tauros|165/254|[from] Recoil\n|\n|upkeep\n|\n|t:|1783566126\n|switch|p1a: Mesprit|Mesprit, L85|100/100\n|turn|12\n|inactive|Time left: 300 sec this turn | 300 sec total\n|\n|t:|1783566126\n|move|p2a: Tauros|Wave Crash|p1a: Mesprit\n|-damage|p1a: Mesprit|12/100\n|-damage|p2a: Tauros|85/254|[from] Recoil\n|move|p1a: Mesprit|Thunder Wave|p2a: Tauros\n|-status|p2a: Tauros|par\n|\n|-heal|p1a: Mesprit|19/100|[from] item: Leftovers\n|upkeep\n|turn|13\n|inactive|Time left: 300 sec this turn | 300 sec total\n|\n|t:|1783566128\n|move|p1a: Mesprit|Thunder Wave|p2a: Tauros\n|-fail|p2a: Tauros|par\n|move|p2a: Tauros|Wave Crash|p1a: Mesprit\n|-damage|p1a: Mesprit|0 fnt\n|faint|p1a: Mesprit\n|-damage|p2a: Tauros|68/254 par|[from] Recoil\n|\n|upkeep\n|\n|t:|1783566128\n|switch|p1a: Armarouge|Armarouge, L80, M|47/100\n|turn|14\n|inactive|Time left: 300 sec this turn | 300 sec total\n|\n|t:|1783566129\n|move|p1a: Armarouge|Focus Blast|p2a: Tauros\n|-damage|p2a: Tauros|0 fnt\n|faint|p2a: Tauros\n|\n|upkeep\n|inactive|Time left: 300 sec this turn | 300 sec total | 5 sec grace\n|\n|t:|1783566130\n|switch|p2a: Meowscarada|Meowscarada, L78, F|247/247\n|turn|15\n|inactive|Time left: 300 sec this turn | 300 sec total\n|\n|t:|1783566131\n|move|p2a: Meowscarada|Knock Off|p1a: Armarouge\n|-start|p2a: Meowscarada|typechange|Dark|[from] ability: Protean\n|-supereffective|p1a: Armarouge\n|-damage|p1a: Armarouge|0 fnt\n|-enditem|p1a: Armarouge|Choice Specs|[from] move: Knock Off|[of] p2a: Meowscarada\n|faint|p1a: Armarouge\n|\n|win|p0y23356f8e", "uploadtime": 1783566131, "views": 0, "rating": 0, "private": 0, "password": null, "_winner": "p0y23356f8e", "_our_name": "p0y23356f8e"}