{"id": "battle-gen9randombattle-809", "formatid": "gen9randombattle", "format": "[Gen 9] Random Battle", "players": ["p0x809f835", "p0y809ecd4"], "log": "|init|battle\n|title|p0x809f835 vs. p0y809ecd4\n|j|\u2606p0x809f835\n|j|\u2606p0y809ecd4\n|t:|1783549275\n|gametype|singles\n|player|p1|p0x809f835|2|\n|player|p2|p0y809ecd4|2|\n|gen|9\n|tier|[Gen 9] Random Battle\n|rule|Species Clause: Limit one of each Pok\u00e9mon\n|rule|HP Percentage Mod: HP is shown in percentages\n|rule|Sleep Clause Mod: Limit one foe put to sleep\n|rule|Illusion Level Mod: Illusion disguises the Pok\u00e9mon's true level\n|\n|t:|1783549275\n|teamsize|p1|6\n|teamsize|p2|6\n|start\n|switch|p1a: Minun|Minun, L95, F|268/268\n|switch|p2a: Sandy Shocks|Sandy Shocks, L80|100/100\n|turn|1\n|inactive|Battle timer is ON: inactive players will automatically lose when time's up. (requested by p0y809ecd4)\n|inactive|Time left: 300 sec this turn | 300 sec total | 60 sec grace\n|inactive|p0x809f835 also wants the timer to be on.\n|\n|t:|1783549276\n|switch|p1a: Rhyperior|Rhyperior, L82, M|323/323\n|move|p2a: Sandy Shocks|Stealth Rock|p1a: Rhyperior\n|-sidestart|p1: p0x809f835|move: Stealth Rock\n|\n|upkeep\n|turn|2\n|inactive|Time left: 300 sec this turn | 300 sec total\n|\n|t:|1783549278\n|move|p2a: Sandy Shocks|Spikes|p1a: Rhyperior\n|-sidestart|p1: p0x809f835|Spikes\n|move|p1a: Rhyperior|Earthquake|p2a: Sandy Shocks\n|-supereffective|p2a: Sandy Shocks\n|-damage|p2a: Sandy Shocks|1/100\n|\n|-heal|p2a: Sandy Shocks|7/100|[from] item: Leftovers\n|upkeep\n|turn|3\n|inactive|Time left: 300 sec this turn | 300 sec total\n|\n|t:|1783549279\n|move|p2a: Sandy Shocks|Earth Power|p1a: Rhyperior\n|-supereffective|p1a: Rhyperior\n|-crit|p1a: Rhyperior\n|-damage|p1a: Rhyperior|0 fnt\n|faint|p1a: Rhyperior\n|\n|-heal|p2a: Sandy Shocks|13/100|[from] item: Leftovers\n|upkeep\n|inactive|Time left: 300 sec this turn | 300 sec total | 5 sec grace\n|\n|t:|1783549280\n|switch|p1a: Donphan|Donphan, L84, F|288/288\n|-damage|p1a: Donphan|270/288|[from] Stealth Rock\n|-damage|p1a: Donphan|234/288|[from] Spikes\n|turn|4\n|inactive|Time left: 300 sec this turn | 300 sec total\n|\n|t:|1783549281\n|move|p2a: Sandy Shocks|Earth Power|p1a: Donphan\n|-damage|p1a: Donphan|135/288\n|move|p1a: Donphan|Rapid Spin|p2a: Sandy Shocks\n|-damage|p2a: Sandy Shocks|0 fnt\n|-boost|p1a: Donphan|spe|1\n|-sideend|p1: p0x809f835|Spikes|[from] move: Rapid Spin|[of] p1a: Donphan\n|-sideend|p1: p0x809f835|Stealth Rock|[from] move: Rapid Spin|[of] p1a: Donphan\n|faint|p2a: Sandy Shocks\n|-end|p2a: Sandy Shocks|Protosynthesis|[silent]\n|\n|upkeep\n|\n|t:|1783549283\n|switch|p2a: Oranguru|Oranguru, L92, F|100/100\n|turn|5\n|inactive|Time left: 300 sec this turn | 300 sec total\n|\n|t:|1783549284\n|move|p1a: Donphan|Earthquake|p2a: Oranguru\n|-damage|p2a: Oranguru|60/100\n|move|p2a: Oranguru|Hyper Voice|p1a: Donphan\n|-damage|p1a: Donphan|0 fnt\n|faint|p1a: Donphan\n|\n|upkeep\n|inactive|Time left: 300 sec this turn | 300 sec total | 5 sec grace\n|\n|t:|1783549285\n|switch|p1a: Necrozma|Necrozma-Dusk-Mane, L69|248/248\n|turn|6\n|inactive|Time left: 300 sec this turn | 300 sec total\n|\n|t:|1783549286\n|move|p2a: Oranguru|Hyper Voice|p1a: Necrozma\n|-resisted|p1a: Necrozma\n|-damage|p1a: Necrozma|170/248\n|move|p1a: Necrozma|Dragon Dance|p1a: Necrozma\n|-boost|p1a: Necrozma|atk|1\n|-boost|p1a: Necrozma|spe|1\n|\n|upkeep\n|turn|7\n|inactive|Time left: 300 sec this turn | 300 sec total\n|\n|t:|1783549287\n|-terastallize|p1a: Necrozma|Steel\n|move|p1a: Necrozma|Sunsteel Strike|p2a: Oranguru\n|-damage|p2a: Oranguru|0 fnt\n|faint|p2a: Oranguru\n|\n|upkeep\n|\n|t:|1783549288\n|switch|p2a: Volcanion|Volcanion, L79|100/100\n|turn|8\n|inactive|Time left: 300 sec this turn | 300 sec total\n|\n|t:|1783549290\n|-terastallize|p2a: Volcanion|Water\n|move|p1a: Necrozma|Earthquake|p2a: Volcanion\n|-damage|p2a: Volcanion|68/100\n|move|p2a: Volcanion|Steam Eruption|p1a: Necrozma\n|-damage|p1a: Necrozma|2/248\n|\n|upkeep\n|turn|9\n|inactive|Time left: 300 sec this turn | 300 sec total\n|\n|t:|1783549291\n|move|p1a: Necrozma|Photon Geyser|p2a: Volcanion\n|-damage|p2a: Volcanion|15/100\n|move|p2a: Volcanion|Flamethrower|p1a: Necrozma\n|-supereffective|p1a: Necrozma\n|-damage|p1a: Necrozma|0 fnt\n|faint|p1a: Necrozma\n|\n|upkeep\n|inactive|Time left: 300 sec this turn | 300 sec total | 5 sec grace\n|\n|t:|1783549292\n|switch|p1a: Kyurem|Kyurem-Black, L71|295/295\n|-ability|p1a: Kyurem|Teravolt\n|turn|10\n|inactive|Time left: 300 sec this turn | 300 sec total\n|\n|t:|1783549293\n|switch|p2a: Beartic|Beartic, L91, F|100/100\n|move|p1a: Kyurem|Dragon Dance|p1a: Kyurem\n|-boost|p1a: Kyurem|atk|1\n|-boost|p1a: Kyurem|spe|1\n|\n|upkeep\n|turn|11\n|inactive|Time left: 300 sec this turn | 300 sec total\n|\n|t:|1783549294\n|move|p1a: Kyurem|Scale Shot|p2a: Beartic\n|-damage|p2a: Beartic|87/100\n|-damage|p2a: Beartic|73/100\n|-damage|p2a: Beartic|59/100\n|-damage|p2a: Beartic|43/100\n|-hitcount|p2a: Beartic|4\n|-unboost|p1a: Kyurem|def|1\n|-boost|p1a: Kyurem|spe|1\n|move|p2a: Beartic|Close Combat|p1a: Kyurem\n|-supereffective|p1a: Kyurem\n|-damage|p1a: Kyurem|0 fnt\n|-unboost|p2a: Beartic|def|1\n|-unboost|p2a: Beartic|spd|1\n|faint|p1a: Kyurem\n|\n|upkeep\n|inactive|Time left: 300 sec this turn | 300 sec total | 5 sec grace\n|\n|t:|1783549295\n|switch|p1a: Minun|Minun, L95, F|268/268\n|turn|12\n|inactive|Time left: 300 sec this turn | 300 sec total\n|\n|t:|1783549296\n|move|p1a: Minun|Thunderbolt|p2a: Beartic\n|-damage|p2a: Beartic|0 fnt\n|faint|p2a: Beartic\n|-damage|p1a: Minun|242/268|[from] item: Life Orb\n|\n|upkeep\n|\n|t:|1783549297\n|switch|p2a: Arbok|Arbok, L87, M|100/100\n|-ability|p2a: Arbok|Intimidate|boost\n|-unboost|p1a: Minun|atk|1\n|turn|13\n|inactive|Time left: 300 sec this turn | 300 sec total\n|\n|t:|1783549298\n|move|p1a: Minun|Thunderbolt|p2a: Arbok\n|-damage|p2a: Arbok|45/100\n|-damage|p1a: Minun|216/268|[from] item: Life Orb\n|move|p2a: Arbok|Earthquake|p1a: Minun\n|-supereffective|p1a: Minun\n|-damage|p1a: Minun|26/268\n|\n|-heal|p2a: Arbok|51/100|[from] item: Leftovers\n|upkeep\n|turn|14\n|inactive|Time left: 300 sec this turn | 300 sec total\n|\n|t:|1783549299\n|move|p2a: Arbok|Sucker Punch|p1a: Minun\n|-damage|p1a: Minun|0 fnt\n|faint|p1a: Minun\n|\n|-heal|p2a: Arbok|57/100|[from] item: Leftovers\n|upkeep\n|inactive|Time left: 300 sec this turn | 300 sec total | 5 sec grace\n|\n|t:|1783549300\n|switch|p1a: Arboliva|Arboliva, L91, M|288/288\n|turn|15\n|inactive|Time left: 300 sec this turn | 300 sec total\n|\n|t:|1783549301\n|move|p2a: Arbok|Gunk Shot|p1a: Arboliva|[miss]\n|-miss|p2a: Arbok|p1a: Arboliva\n|move|p1a: Arboliva|Hyper Voice|p2a: Arbok\n|-damage|p2a: Arbok|0 fnt\n|faint|p2a: Arbok\n|\n|upkeep\n|\n|t:|1783549302\n|switch|p2a: Terapagos|Terapagos, L77, F|100/100\n|-activate|p2a: Terapagos|ability: Tera Shift\n|detailschange|p2a: Terapagos|Terapagos-Terastal, L77, F\n|-heal|p2a: Terapagos|100/100|[silent]\n|turn|16\n|inactive|Time left: 300 sec this turn | 300 sec total\n|\n|t:|1783549303\n|move|p2a: Terapagos|Calm Mind|p2a: Terapagos\n|-boost|p2a: Terapagos|spa|1\n|-boost|p2a: Terapagos|spd|1\n|move|p1a: Arboliva|Leech Seed|p2a: Terapagos|[miss]\n|-miss|p1a: Arboliva|p2a: Terapagos\n|\n|upkeep\n|turn|17\n|inactive|Time left: 300 sec this turn | 300 sec total\n|\n|t:|1783549304\n|move|p2a: Terapagos|Calm Mind|p2a: Terapagos\n|-boost|p2a: Terapagos|spa|1\n|-boost|p2a: Terapagos|spd|1\n|move|p1a: Arboliva|Leech Seed|p2a: Terapagos\n|-start|p2a: Terapagos|move: Leech Seed\n|\n|-damage|p2a: Terapagos|88/100|[from] Leech Seed|[of] p1a: Arboliva\n|upkeep\n|turn|18\n|inactive|Time left: 300 sec this turn | 300 sec total\n|\n|t:|1783549305\n|move|p2a: Terapagos|Tera Starstorm|p1a: Arboliva\n|-damage|p1a: Arboliva|107/288\n|-enditem|p1a: Arboliva|Sitrus Berry|[eat]\n|-heal|p1a: Arboliva|179/288|[from] item: Sitrus Berry\n|move|p1a: Arboliva|Hyper Voice|p2a: Terapagos\n|-damage|p2a: Terapagos|64/100\n|\n|-damage|p2a: Terapagos|51/100|[from] Leech Seed|[of] p1a: Arboliva\n|-heal|p1a: Arboliva|213/288|[silent]\n|upkeep\n|turn|19\n|inactive|Time left: 300 sec this turn | 300 sec total\n|\n|t:|1783549306\n|move|p1a: Arboliva|Protect|p1a: Arboliva\n|-singleturn|p1a: Arboliva|Protect\n|move|p2a: Terapagos|Tera Starstorm|p1a: Arboliva\n|-activate|p1a: Arboliva|move: Protect\n|\n|-damage|p2a: Terapagos|39/100|[from] Leech Seed|[of] p1a: Arboliva\n|-heal|p1a: Arboliva|247/288|[silent]\n|-item|p1a: Arboliva|Sitrus Berry|[from] ability: Harvest\n|upkeep\n|turn|20\n|inactive|Time left: 300 sec this turn | 300 sec total\n|\n|t:|1783549307\n|move|p2a: Terapagos|Tera Starstorm|p1a: Arboliva\n|-damage|p1a: Arboliva|82/288\n|-enditem|p1a: Arboliva|Sitrus Berry|[eat]\n|-heal|p1a: Arboliva|154/288|[from] item: Sitrus Berry\n|move|p1a: Arboliva|Substitute|p1a: Arboliva\n|-start|p1a: Arboliva|Substitute\n|-damage|p1a: Arboliva|82/288\n|\n|-damage|p2a: Terapagos|26/100|[from] Leech Seed|[of] p1a: Arboliva\n|-heal|p1a: Arboliva|116/288|[silent]\n|upkeep\n|turn|21\n|inactive|Time left: 300 sec this turn | 300 sec total\n|\n|t:|1783549308\n|move|p1a: Arboliva|Protect|p1a: Arboliva\n|-singleturn|p1a: Arboliva|Protect\n|move|p2a: Terapagos|Rest|p2a: Terapagos\n|-status|p2a: Terapagos|slp|[from] move: Rest\n|-heal|p2a: Terapagos|100/100 slp|[silent]\n|-enditem|p2a: Terapagos|Chesto Berry|[eat]\n|-curestatus|p2a: Terapagos|slp|[msg]\n|\n|-damage|p2a: Terapagos|88/100|[from] Leech Seed|[of] p1a: Arboliva\n|-heal|p1a: Arboliva|150/288|[silent]\n|-item|p1a: Arboliva|Sitrus Berry|[from] ability: Harvest\n|upkeep\n|turn|22\n|inactive|Time left: 300 sec this turn | 300 sec total\n|\n|t:|1783549309\n|move|p2a: Terapagos|Tera Starstorm|p1a: Arboliva\n|-end|p1a: Arboliva|Substitute\n|move|p1a: Arboliva|Substitute|p1a: Arboliva\n|-start|p1a: Arboliva|Substitute\n|-damage|p1a: Arboliva|78/288\n|-enditem|p1a: Arboliva|Sitrus Berry|[eat]\n|-heal|p1a: Arboliva|150/288|[from] item: Sitrus Berry\n|\n|-damage|p2a: Terapagos|76/100|[from] Leech Seed|[of] p1a: Arboliva\n|-heal|p1a: Arboliva|184/288|[silent]\n|upkeep\n|turn|23\n|inactive|Time left: 300 sec this turn | 300 sec total\n|\n|t:|1783549310\n|move|p2a: Terapagos|Tera Starstorm|p1a: Arboliva\n|-end|p1a: Arboliva|Substitute\n|move|p1a: Arboliva|Hyper Voice|p2a: Terapagos\n|-damage|p2a: Terapagos|54/100\n|\n|-damage|p2a: Terapagos|41/100|[from] Leech Seed|[of] p1a: Arboliva\n|-heal|p1a: Arboliva|218/288|[silent]\n|-item|p1a: Arboliva|Sitrus Berry|[from] ability: Harvest\n|upkeep\n|turn|24\n|inactive|Time left: 300 sec this turn | 300 sec total\n|\n|t:|1783549311\n|move|p1a: Arboliva|Protect|p1a: Arboliva\n|-singleturn|p1a: Arboliva|Protect\n|move|p2a: Terapagos|Tera Starstorm|p1a: Arboliva\n|-activate|p1a: Arboliva|move: Protect\n|\n|-damage|p2a: Terapagos|29/100|[from] Leech Seed|[of] p1a: Arboliva\n|-heal|p1a: Arboliva|252/288|[silent]\n|upkeep\n|turn|25\n|inactive|Time left: 300 sec this turn | 300 sec total\n|\n|t:|1783549312\n|move|p2a: Terapagos|Tera Starstorm|p1a: Arboliva\n|-crit|p1a: Arboliva\n|-damage|p1a: Arboliva|0 fnt\n|faint|p1a: Arboliva\n|\n|win|p0y809ecd4", "uploadtime": 1783549312, "views": 0, "rating": 0, "private": 0, "password": null, "_winner": "p0y809ecd4", "_our_name": "p0x809f835"}