{"id": "battle-gen9randombattle-563", "formatid": "gen9randombattle", "format": "[Gen 9] Random Battle", "players": ["p0x563cdbe", "p0y5635d81"], "log": "|init|battle\n|title|p0x563cdbe vs. p0y5635d81\n|j|\u2606p0x563cdbe\n|j|\u2606p0y5635d81\n|t:|1783546307\n|gametype|singles\n|player|p1|p0x563cdbe|265|\n|player|p2|p0y5635d81|2|\n|gen|9\n|tier|[Gen 9] Random Battle\n|rule|Species Clause: Limit one of each Pok\u00e9mon\n|rule|HP Percentage Mod: HP is shown in percentages\n|rule|Sleep Clause Mod: Limit one foe put to sleep\n|rule|Illusion Level Mod: Illusion disguises the Pok\u00e9mon's true level\n|\n|t:|1783546307\n|teamsize|p1|6\n|teamsize|p2|6\n|start\n|switch|p1a: Hawlucha|Hawlucha, L80, M|256/256\n|switch|p2a: Hydrapple|Hydrapple, L83, F|100/100\n|turn|1\n|inactive|Battle timer is ON: inactive players will automatically lose when time's up. (requested by p0y5635d81)\n|inactive|Time left: 300 sec this turn | 300 sec total | 60 sec grace\n|inactive|p0x563cdbe also wants the timer to be on.\n|\n|t:|1783546309\n|move|p1a: Hawlucha|Swords Dance|p1a: Hawlucha\n|-boost|p1a: Hawlucha|atk|2\n|move|p2a: Hydrapple|Fickle Beam|p1a: Hawlucha\n|-damage|p1a: Hawlucha|123/256\n|\n|upkeep\n|turn|2\n|inactive|Time left: 300 sec this turn | 300 sec total\n|\n|t:|1783546310\n|move|p1a: Hawlucha|Brave Bird|p2a: Hydrapple\n|-supereffective|p2a: Hydrapple\n|-damage|p2a: Hydrapple|0 fnt\n|faint|p2a: Hydrapple\n|-damage|p1a: Hawlucha|20/256|[from] Recoil\n|\n|upkeep\n|\n|t:|1783546310\n|switch|p2a: Alomomola|Alomomola, L87, F|100/100\n|turn|3\n|inactive|Time left: 300 sec this turn | 300 sec total\n|\n|t:|1783546312\n|move|p1a: Hawlucha|Close Combat|p2a: Alomomola\n|-damage|p2a: Alomomola|49/100\n|-unboost|p1a: Hawlucha|def|1\n|-unboost|p1a: Hawlucha|spd|1\n|-enditem|p1a: Hawlucha|White Herb\n|-clearnegativeboost|p1a: Hawlucha|[silent]\n|move|p2a: Alomomola|Flip Turn|p1a: Hawlucha\n|-damage|p1a: Hawlucha|0 fnt\n|faint|p1a: Hawlucha\n|\n|t:|1783546312\n|switch|p2a: Palkia|Palkia, L75|100/100|[from] Flip Turn\n|-ability|p2a: Palkia|Pressure\n|\n|upkeep\n|inactive|Time left: 300 sec this turn | 300 sec total | 10 sec grace\n|\n|t:|1783546314\n|switch|p1a: Mightyena|Mightyena, L96, M|290/290\n|-ability|p1a: Mightyena|Intimidate|boost\n|-unboost|p2a: Palkia|atk|1\n|turn|4\n|inactive|Time left: 300 sec this turn | 300 sec total\n|\n|t:|1783546315\n|move|p2a: Palkia|Hydro Pump|p1a: Mightyena\n|-damage|p1a: Mightyena|59/290\n|move|p1a: Mightyena|Play Rough|p2a: Palkia\n|-supereffective|p2a: Palkia\n|-damage|p2a: Palkia|6/100\n|-unboost|p2a: Palkia|atk|1\n|\n|upkeep\n|turn|5\n|inactive|Time left: 300 sec this turn | 300 sec total\n|\n|t:|1783546316\n|move|p2a: Palkia|Hydro Pump|p1a: Mightyena\n|-damage|p1a: Mightyena|0 fnt\n|faint|p1a: Mightyena\n|\n|upkeep\n|inactive|Time left: 300 sec this turn | 300 sec total | 5 sec grace\n|\n|t:|1783546317\n|switch|p1a: Munkidori|Munkidori, L79, M|269/269\n|turn|6\n|inactive|Time left: 300 sec this turn | 300 sec total\n|\n|t:|1783546319\n|move|p1a: Munkidori|Sludge Wave|p2a: Palkia\n|-damage|p2a: Palkia|0 fnt\n|faint|p2a: Palkia\n|\n|upkeep\n|\n|t:|1783546320\n|switch|p2a: Noctowl|Noctowl, L95, F|100/100\n|turn|7\n|inactive|Time left: 300 sec this turn | 300 sec total\n|\n|t:|1783546321\n|move|p1a: Munkidori|Sludge Wave|p2a: Noctowl\n|-damage|p2a: Noctowl|76/100\n|move|p2a: Noctowl|Calm Mind|p2a: Noctowl\n|-boost|p2a: Noctowl|spa|1\n|-boost|p2a: Noctowl|spd|1\n|\n|upkeep\n|turn|8\n|inactive|Time left: 300 sec this turn | 300 sec total\n|\n|t:|1783546322\n|move|p1a: Munkidori|Psychic Noise|p2a: Noctowl\n|-damage|p2a: Noctowl|61/100\n|-start|p2a: Noctowl|move: Heal Block\n|move|p2a: Noctowl|Hyper Voice|p1a: Munkidori\n|-damage|p1a: Munkidori|161/269\n|\n|upkeep\n|turn|9\n|inactive|Time left: 300 sec this turn | 300 sec total\n|\n|t:|1783546323\n|move|p1a: Munkidori|Sludge Wave|p2a: Noctowl\n|-crit|p2a: Noctowl\n|-damage|p2a: Noctowl|19/100\n|-status|p2a: Noctowl|tox|[from] ability: Toxic Chain|[of] p1a: Munkidori\n|move|p2a: Noctowl|Hurricane|p1a: Munkidori|[miss]\n|-miss|p2a: Noctowl|p1a: Munkidori\n|\n|-damage|p2a: Noctowl|13/100 tox|[from] psn\n|-end|p2a: Noctowl|move: Heal Block\n|upkeep\n|turn|10\n|inactive|Time left: 300 sec this turn | 300 sec total\n|\n|t:|1783546324\n|move|p1a: Munkidori|Psychic Noise|p2a: Noctowl\n|-damage|p2a: Noctowl|0 fnt\n|faint|p2a: Noctowl\n|\n|upkeep\n|\n|t:|1783546325\n|switch|p2a: Alcremie|Alcremie-Caramel-Swirl, L90, F|100/100\n|turn|11\n|inactive|Time left: 300 sec this turn | 300 sec total\n|\n|t:|1783546326\n|move|p1a: Munkidori|Sludge Wave|p2a: Alcremie\n|-supereffective|p2a: Alcremie\n|-damage|p2a: Alcremie|41/100\n|-status|p2a: Alcremie|tox|[from] ability: Toxic Chain|[of] p1a: Munkidori\n|move|p2a: Alcremie|Calm Mind|p2a: Alcremie\n|-boost|p2a: Alcremie|spa|1\n|-boost|p2a: Alcremie|spd|1\n|\n|-heal|p2a: Alcremie|47/100 tox|[from] item: Leftovers\n|-damage|p2a: Alcremie|41/100 tox|[from] psn\n|upkeep\n|turn|12\n|inactive|Time left: 300 sec this turn | 300 sec total\n|\n|t:|1783546327\n|-terastallize|p2a: Alcremie|Steel\n|move|p1a: Munkidori|Sludge Wave|p2a: Alcremie\n|-immune|p2a: Alcremie\n|move|p2a: Alcremie|Recover|p2a: Alcremie\n|-heal|p2a: Alcremie|91/100 tox\n|\n|-heal|p2a: Alcremie|97/100 tox|[from] item: Leftovers\n|-damage|p2a: Alcremie|85/100 tox|[from] psn\n|upkeep\n|turn|13\n|inactive|Time left: 300 sec this turn | 300 sec total\n|\n|t:|1783546328\n|move|p1a: Munkidori|U-turn|p2a: Alcremie\n|-resisted|p2a: Alcremie\n|-damage|p2a: Alcremie|78/100 tox\n|inactive|Time left: 300 sec this turn | 300 sec total | 5 sec grace\n|\n|t:|1783546330\n|switch|p1a: Hypno|Hypno, L95, F|315/315|[from] U-turn\n|move|p2a: Alcremie|Alluring Voice|p1a: Hypno\n|-damage|p1a: Hypno|207/315\n|\n|-heal|p1a: Hypno|226/315|[from] item: Leftovers\n|-heal|p2a: Alcremie|85/100 tox|[from] item: Leftovers\n|-damage|p2a: Alcremie|66/100 tox|[from] psn\n|upkeep\n|turn|14\n|inactive|Time left: 300 sec this turn | 300 sec total\n|\n|t:|1783546331\n|move|p1a: Hypno|Knock Off|p2a: Alcremie\n|-damage|p2a: Alcremie|40/100 tox\n|-enditem|p2a: Alcremie|Leftovers|[from] move: Knock Off|[of] p1a: Hypno\n|move|p2a: Alcremie|Recover|p2a: Alcremie\n|-heal|p2a: Alcremie|90/100 tox\n|\n|-heal|p1a: Hypno|245/315|[from] item: Leftovers\n|-damage|p2a: Alcremie|66/100 tox|[from] psn\n|upkeep\n|turn|15\n|inactive|Time left: 300 sec this turn | 300 sec total\n|\n|t:|1783546332\n|move|p1a: Hypno|Knock Off|p2a: Alcremie\n|-damage|p2a: Alcremie|45/100 tox\n|move|p2a: Alcremie|Recover|p2a: Alcremie\n|-heal|p2a: Alcremie|95/100 tox\n|\n|-heal|p1a: Hypno|264/315|[from] item: Leftovers\n|-damage|p2a: Alcremie|64/100 tox|[from] psn\n|upkeep\n|turn|16\n|inactive|Time left: 300 sec this turn | 300 sec total\n|\n|t:|1783546333\n|move|p1a: Hypno|Toxic|p2a: Alcremie\n|-fail|p2a: Alcremie|tox\n|move|p2a: Alcremie|Alluring Voice|p1a: Hypno\n|-damage|p1a: Hypno|143/315\n|\n|-heal|p1a: Hypno|162/315|[from] item: Leftovers\n|-damage|p2a: Alcremie|28/100 tox|[from] psn\n|upkeep\n|turn|17\n|inactive|Time left: 300 sec this turn | 300 sec total\n|\n|t:|1783546334\n|move|p1a: Hypno|Knock Off|p2a: Alcremie\n|-damage|p2a: Alcremie|8/100 tox\n|move|p2a: Alcremie|Alluring Voice|p1a: Hypno\n|-damage|p1a: Hypno|51/315\n|\n|-heal|p1a: Hypno|70/315|[from] item: Leftovers\n|-damage|p2a: Alcremie|0 fnt|[from] psn\n|faint|p2a: Alcremie\n|upkeep\n|\n|t:|1783546335\n|switch|p2a: Alomomola|Alomomola, L87, F|83/100\n|turn|18\n|inactive|Time left: 300 sec this turn | 300 sec total\n|\n|t:|1783546336\n|move|p1a: Hypno|Toxic|p2a: Alomomola\n|-status|p2a: Alomomola|tox\n|move|p2a: Alomomola|Flip Turn|p1a: Hypno\n|-damage|p1a: Hypno|13/315\n|\n|t:|1783546337\n|switch|p2a: Terapagos|Terapagos, L77, M|100/100|[from] Flip Turn\n|-activate|p2a: Terapagos|ability: Tera Shift\n|detailschange|p2a: Terapagos|Terapagos-Terastal, L77, M\n|-heal|p2a: Terapagos|100/100|[silent]\n|\n|-heal|p1a: Hypno|32/315|[from] item: Leftovers\n|upkeep\n|turn|19\n|inactive|Time left: 300 sec this turn | 300 sec total\n|\n|t:|1783546338\n|move|p1a: Hypno|Knock Off|p2a: Terapagos\n|-activate|p2a: Terapagos|ability: Tera Shell\n|-resisted|p2a: Terapagos\n|-damage|p2a: Terapagos|90/100\n|-enditem|p2a: Terapagos|Heavy-Duty Boots|[from] move: Knock Off|[of] p1a: Hypno\n|move|p2a: Terapagos|Rapid Spin|p1a: Hypno\n|-damage|p1a: Hypno|0 fnt\n|-boost|p2a: Terapagos|spe|1\n|faint|p1a: Hypno\n|\n|upkeep\n|inactive|Time left: 300 sec this turn | 300 sec total | 5 sec grace\n|\n|t:|1783546339\n|switch|p1a: Great Tusk|Great Tusk, L77|304/304\n|turn|20\n|inactive|Time left: 300 sec this turn | 300 sec total\n|\n|t:|1783546340\n|switch|p2a: Alomomola|Alomomola, L87, F|100/100 tox\n|move|p1a: Great Tusk|Close Combat|p2a: Alomomola\n|-damage|p2a: Alomomola|70/100 tox\n|-unboost|p1a: Great Tusk|def|1\n|-unboost|p1a: Great Tusk|spd|1\n|\n|-damage|p2a: Alomomola|64/100 tox|[from] psn\n|upkeep\n|turn|21\n|inactive|Time left: 300 sec this turn | 300 sec total\n|\n|t:|1783546341\n|move|p1a: Great Tusk|Rapid Spin|p2a: Alomomola\n|-damage|p2a: Alomomola|56/100 tox\n|-boost|p1a: Great Tusk|spe|1\n|move|p2a: Alomomola|Flip Turn|p1a: Great Tusk\n|-supereffective|p1a: Great Tusk\n|-damage|p1a: Great Tusk|178/304\n|\n|t:|1783546342\n|switch|p2a: Terapagos|Terapagos-Terastal, L77, M|90/100|[from] Flip Turn\n|\n|upkeep\n|turn|22\n|inactive|Time left: 300 sec this turn | 300 sec total\n|\n|t:|1783546343\n|switch|p2a: Alomomola|Alomomola, L87, F|89/100 tox\n|move|p1a: Great Tusk|Close Combat|p2a: Alomomola\n|-damage|p2a: Alomomola|59/100 tox\n|-unboost|p1a: Great Tusk|def|1\n|-unboost|p1a: Great Tusk|spd|1\n|\n|-damage|p2a: Alomomola|52/100 tox|[from] psn\n|upkeep\n|turn|23\n|inactive|Time left: 300 sec this turn | 300 sec total\n|\n|t:|1783546344\n|-end|p1a: Great Tusk|Protosynthesis|[silent]\n|switch|p1a: Munkidori|Munkidori, L79, M|161/269\n|move|p2a: Alomomola|Flip Turn|p1a: Munkidori\n|-damage|p1a: Munkidori|85/269\n|\n|t:|1783546345\n|switch|p2a: Terapagos|Terapagos-Terastal, L77, M|90/100|[from] Flip Turn\n|\n|upkeep\n|turn|24\n|inactive|Time left: 300 sec this turn | 300 sec total\n|\n|t:|1783546346\n|move|p1a: Munkidori|Fake Out|p2a: Terapagos\n|-damage|p2a: Terapagos|81/100\n|cant|p2a: Terapagos|flinch\n|\n|upkeep\n|turn|25\n|inactive|Time left: 300 sec this turn | 300 sec total\n|\n|t:|1783546347\n|move|p1a: Munkidori|Sludge Wave|p2a: Terapagos\n|-damage|p2a: Terapagos|42/100\n|move|p2a: Terapagos|Rapid Spin|p1a: Munkidori\n|-damage|p1a: Munkidori|25/269\n|-boost|p2a: Terapagos|spe|1\n|\n|upkeep\n|turn|26\n|inactive|Time left: 300 sec this turn | 300 sec total\n|\n|t:|1783546348\n|switch|p1a: Great Tusk|Great Tusk, L77|178/304\n|move|p2a: Terapagos|Tera Starstorm|p1a: Great Tusk\n|-damage|p1a: Great Tusk|63/304\n|\n|upkeep\n|turn|27\n|inactive|Time left: 300 sec this turn | 300 sec total\n|\n|t:|1783546350\n|-terastallize|p1a: Great Tusk|Steel\n|move|p2a: Terapagos|Tera Starstorm|p1a: Great Tusk\n|-resisted|p1a: Great Tusk\n|-damage|p1a: Great Tusk|8/304\n|move|p1a: Great Tusk|Close Combat|p2a: Terapagos\n|-supereffective|p2a: Terapagos\n|-damage|p2a: Terapagos|0 fnt\n|-unboost|p1a: Great Tusk|def|1\n|-unboost|p1a: Great Tusk|spd|1\n|faint|p2a: Terapagos\n|\n|upkeep\n|\n|t:|1783546350\n|switch|p2a: Alomomola|Alomomola, L87, F|86/100 tox\n|turn|28\n|inactive|Time left: 300 sec this turn | 300 sec total\n|\n|t:|1783546351\n|-end|p1a: Great Tusk|Protosynthesis|[silent]\n|switch|p1a: Sceptile|Sceptile, L87, M|264/264\n|move|p2a: Alomomola|Wish|p2a: Alomomola\n|\n|-damage|p2a: Alomomola|80/100 tox|[from] psn\n|upkeep\n|turn|29\n|inactive|Time left: 300 sec this turn | 300 sec total\n|\n|t:|1783546352\n|move|p2a: Alomomola|Protect|p2a: Alomomola\n|-singleturn|p2a: Alomomola|Protect\n|move|p1a: Sceptile|Leaf Storm|p2a: Alomomola\n|-activate|p2a: Alomomola|move: Protect\n|\n|-heal|p2a: Alomomola|100/100 tox|[from] move: Wish|[wisher] Alomomola\n|-damage|p2a: Alomomola|88/100 tox|[from] psn\n|upkeep\n|turn|30\n|inactive|Time left: 300 sec this turn | 300 sec total\n|\n|t:|1783546353\n|move|p2a: Alomomola|Protect||[still]\n|-fail|p2a: Alomomola\n|move|p1a: Sceptile|Leaf Storm|p2a: Alomomola\n|-supereffective|p2a: Alomomola\n|-damage|p2a: Alomomola|0 fnt\n|-unboost|p1a: Sceptile|spa|2\n|faint|p2a: Alomomola\n|-damage|p1a: Sceptile|238/264|[from] item: Life Orb\n|\n|win|p0x563cdbe", "uploadtime": 1783546353, "views": 0, "rating": 0, "private": 0, "password": null, "_winner": "p0x563cdbe", "_our_name": "p0x563cdbe"}