{"id": "battle-gen9randombattle-1196", "formatid": "gen9randombattle", "format": "[Gen 9] Random Battle", "players": ["p0x11967716", "p0y11962f06"], "log": "|init|battle\n|title|p0x11967716 vs. p0y11962f06\n|j|\u2606p0x11967716\n|j|\u2606p0y11962f06\n|t:|1783553852\n|gametype|singles\n|player|p1|p0x11967716|101|\n|player|p2|p0y11962f06|266|\n|gen|9\n|tier|[Gen 9] Random Battle\n|rule|Species Clause: Limit one of each Pok\u00e9mon\n|rule|HP Percentage Mod: HP is shown in percentages\n|rule|Sleep Clause Mod: Limit one foe put to sleep\n|rule|Illusion Level Mod: Illusion disguises the Pok\u00e9mon's true level\n|\n|t:|1783553852\n|teamsize|p1|6\n|teamsize|p2|6\n|start\n|switch|p1a: Oranguru|Oranguru, L92, F|315/315\n|switch|p2a: Gothitelle|Gothitelle, L90, M|100/100\n|turn|1\n|inactive|Battle timer is ON: inactive players will automatically lose when time's up. (requested by p0x11967716)\n|inactive|p0y11962f06 also wants the timer to be on.\n|\n|t:|1783553854\n|move|p2a: Gothitelle|Psychic|p1a: Oranguru\n|-resisted|p1a: Oranguru\n|-damage|p1a: Oranguru|270/315\n|move|p1a: Oranguru|Nasty Plot|p1a: Oranguru\n|-boost|p1a: Oranguru|spa|2\n|\n|-heal|p1a: Oranguru|289/315|[from] item: Leftovers\n|upkeep\n|turn|2\n|inactive|Time left: 300 sec this turn | 300 sec total\n|\n|t:|1783553855\n|switch|p2a: Dunsparce|Dunsparce, L86, M|100/100\n|move|p1a: Oranguru|Psychic|p2a: Dunsparce\n|-damage|p2a: Dunsparce|41/100\n|\n|-heal|p1a: Oranguru|308/315|[from] item: Leftovers\n|upkeep\n|turn|3\n|inactive|Time left: 300 sec this turn | 300 sec total\n|\n|t:|1783553856\n|move|p1a: Oranguru|Psychic|p2a: Dunsparce\n|-damage|p2a: Dunsparce|0 fnt\n|faint|p2a: Dunsparce\n|\n|-heal|p1a: Oranguru|315/315|[from] item: Leftovers\n|upkeep\n|\n|t:|1783553857\n|switch|p2a: Arboliva|Arboliva, L91, M|100/100\n|turn|4\n|inactive|Time left: 300 sec this turn | 300 sec total\n|\n|t:|1783553858\n|move|p1a: Oranguru|Focus Blast|p2a: Arboliva\n|-supereffective|p2a: Arboliva\n|-damage|p2a: Arboliva|0 fnt\n|-fieldstart|move: Grassy Terrain|[from] ability: Seed Sower|[of] p2a: Arboliva\n|faint|p2a: Arboliva\n|\n|upkeep\n|\n|t:|1783553859\n|switch|p2a: Ceruledge|Ceruledge, L78, F|100/100\n|turn|5\n|inactive|Time left: 300 sec this turn | 300 sec total\n|\n|t:|1783553860\n|move|p2a: Ceruledge|Swords Dance|p2a: Ceruledge\n|-boost|p2a: Ceruledge|atk|2\n|move|p1a: Oranguru|Psychic|p2a: Ceruledge\n|-damage|p2a: Ceruledge|20/100\n|\n|-heal|p2a: Ceruledge|26/100|[from] Grassy Terrain\n|upkeep\n|turn|6\n|inactive|Time left: 300 sec this turn | 300 sec total\n|\n|t:|1783553861\n|move|p2a: Ceruledge|Bitter Blade|p1a: Oranguru\n|-damage|p1a: Oranguru|111/315\n|-heal|p2a: Ceruledge|67/100|[from] drain|[of] p1a: Oranguru\n|move|p1a: Oranguru|Psychic|p2a: Ceruledge\n|-damage|p2a: Ceruledge|0 fnt\n|faint|p2a: Ceruledge\n|\n|-heal|p1a: Oranguru|130/315|[from] Grassy Terrain\n|-heal|p1a: Oranguru|149/315|[from] item: Leftovers\n|upkeep\n|\n|t:|1783553863\n|switch|p2a: Conkeldurr|Conkeldurr, L80, M|100/100\n|turn|7\n|inactive|Time left: 300 sec this turn | 300 sec total\n|\n|t:|1783553864\n|-terastallize|p2a: Conkeldurr|Normal\n|move|p1a: Oranguru|Psychic|p2a: Conkeldurr\n|-damage|p2a: Conkeldurr|8/100\n|move|p2a: Conkeldurr|Knock Off|p1a: Oranguru\n|-supereffective|p1a: Oranguru\n|-damage|p1a: Oranguru|0 fnt\n|-enditem|p1a: Oranguru|Leftovers|[from] move: Knock Off|[of] p2a: Conkeldurr\n|faint|p1a: Oranguru\n|\n|-heal|p2a: Conkeldurr|14/100|[from] Grassy Terrain\n|-status|p2a: Conkeldurr|brn|[from] item: Flame Orb\n|upkeep\n|inactive|Time left: 300 sec this turn | 300 sec total | 5 sec grace\n|\n|t:|1783553865\n|switch|p1a: Golduck|Golduck, L90, M|290/290\n|-ability|p1a: Golduck|Cloud Nine\n|turn|8\n|inactive|Time left: 300 sec this turn | 300 sec total\n|\n|t:|1783553866\n|switch|p2a: Polteageist|Polteageist-Antique, L78|100/100\n|move|p1a: Golduck|Ice Beam|p2a: Polteageist\n|-damage|p2a: Polteageist|55/100\n|\n|-heal|p2a: Polteageist|60/100|[from] Grassy Terrain\n|-fieldend|move: Grassy Terrain\n|upkeep\n|turn|9\n|inactive|Time left: 300 sec this turn | 300 sec total\n|\n|t:|1783553867\n|move|p1a: Golduck|Ice Beam|p2a: Polteageist\n|-damage|p2a: Polteageist|17/100\n|move|p2a: Polteageist|Shell Smash|p2a: Polteageist\n|-unboost|p2a: Polteageist|def|1\n|-unboost|p2a: Polteageist|spd|1\n|-boost|p2a: Polteageist|atk|2\n|-boost|p2a: Polteageist|spa|2\n|-boost|p2a: Polteageist|spe|2\n|-enditem|p2a: Polteageist|White Herb\n|-clearnegativeboost|p2a: Polteageist|[silent]\n|\n|upkeep\n|turn|10\n|inactive|Time left: 300 sec this turn | 300 sec total\n|\n|t:|1783553868\n|move|p2a: Polteageist|Stored Power|p1a: Golduck\n|-damage|p1a: Golduck|56/290\n|move|p1a: Golduck|Ice Beam|p2a: Polteageist\n|-damage|p2a: Polteageist|0 fnt\n|-start|p1a: Golduck|Disable|Ice Beam|[from] ability: Cursed Body|[of] p2a: Polteageist\n|faint|p2a: Polteageist\n|\n|upkeep\n|\n|t:|1783553869\n|switch|p2a: Conkeldurr|Conkeldurr, L80, M, tera:Normal|14/100 brn\n|turn|11\n|inactive|Time left: 300 sec this turn | 300 sec total\n|\n|t:|1783553870\n|move|p2a: Conkeldurr|Mach Punch|p1a: Golduck\n|-damage|p1a: Golduck|0 fnt\n|faint|p1a: Golduck\n|\n|-damage|p2a: Conkeldurr|8/100 brn|[from] brn\n|upkeep\n|inactive|Time left: 300 sec this turn | 300 sec total | 5 sec grace\n|\n|t:|1783553871\n|switch|p1a: Trevenant|Trevenant, L89, F|296/296\n|turn|12\n|inactive|Time left: 300 sec this turn | 300 sec total\n|\n|t:|1783553872\n|switch|p2a: Gothitelle|Gothitelle, L90, M|100/100\n|move|p1a: Trevenant|Wood Hammer|p2a: Gothitelle\n|-damage|p2a: Gothitelle|35/100\n|-damage|p1a: Trevenant|237/296|[from] Recoil\n|-damage|p1a: Trevenant|208/296|[from] item: Life Orb\n|\n|upkeep\n|turn|13\n|inactive|Time left: 300 sec this turn | 300 sec total\n|\n|t:|1783553873\n|move|p2a: Gothitelle|Dark Pulse|p1a: Trevenant\n|-supereffective|p1a: Trevenant\n|-damage|p1a: Trevenant|84/296\n|move|p1a: Trevenant|Wood Hammer|p2a: Gothitelle\n|-damage|p2a: Gothitelle|0 fnt\n|faint|p2a: Gothitelle\n|-damage|p1a: Trevenant|53/296|[from] Recoil\n|-damage|p1a: Trevenant|24/296|[from] item: Life Orb\n|\n|upkeep\n|\n|t:|1783553874\n|switch|p2a: Conkeldurr|Conkeldurr, L80, M, tera:Normal|8/100 brn\n|turn|14\n|inactive|Time left: 300 sec this turn | 300 sec total\n|\n|t:|1783553875\n|move|p1a: Trevenant|Drain Punch|p2a: Conkeldurr\n|-supereffective|p2a: Conkeldurr\n|-damage|p2a: Conkeldurr|0 fnt\n|-heal|p1a: Trevenant|36/296|[from] drain|[of] p2a: Conkeldurr\n|faint|p2a: Conkeldurr\n|-damage|p1a: Trevenant|7/296|[from] item: Life Orb\n|\n|win|p0x11967716", "uploadtime": 1783553875, "views": 0, "rating": 0, "private": 0, "password": null, "_winner": "p0x11967716", "_our_name": "p0x11967716"}