{"id": "battle-gen9randombattle-162", "formatid": "gen9randombattle", "format": "[Gen 9] Random Battle", "players": ["p0x1625086", "p0y162091e"], "log": "|init|battle\n|title|p0x1625086 vs. p0y162091e\n|j|\u2606p0x1625086\n|j|\u2606p0y162091e\n|t:|1783541461\n|gametype|singles\n|player|p1|p0x1625086|265|\n|player|p2|p0y162091e|170|\n|gen|9\n|tier|[Gen 9] Random Battle\n|rule|Species Clause: Limit one of each Pok\u00e9mon\n|rule|HP Percentage Mod: HP is shown in percentages\n|rule|Sleep Clause Mod: Limit one foe put to sleep\n|rule|Illusion Level Mod: Illusion disguises the Pok\u00e9mon's true level\n|\n|t:|1783541461\n|teamsize|p1|6\n|teamsize|p2|6\n|start\n|switch|p1a: Gogoat|Gogoat, L88, M|100/100\n|switch|p2a: Volbeat|Volbeat, L90, M|263/263\n|turn|1\n|inactive|Battle timer is ON: inactive players will automatically lose when time's up. (requested by p0x1625086)\n|inactive|Time left: 300 sec this turn | 300 sec total | 60 sec grace\n|inactive|p0y162091e also wants the timer to be on.\n|\n|t:|1783541462\n|move|p2a: Volbeat|U-turn|p1a: Gogoat\n|-supereffective|p1a: Gogoat\n|-crit|p1a: Gogoat\n|-damage|p1a: Gogoat|33/100\n|inactive|Time left: 300 sec this turn | 300 sec total | 65 sec grace\n|\n|t:|1783541463\n|switch|p2a: Vikavolt|Vikavolt, L83, F|263/263|[from] U-turn\n|move|p1a: Gogoat|Bulk Up|p1a: Gogoat\n|-boost|p1a: Gogoat|atk|1\n|-boost|p1a: Gogoat|def|1\n|\n|-heal|p1a: Gogoat|39/100|[from] item: Leftovers\n|upkeep\n|turn|2\n|inactive|Time left: 300 sec this turn | 300 sec total\n|\n|t:|1783541463\n|move|p1a: Gogoat|Milk Drink|p1a: Gogoat\n|-heal|p1a: Gogoat|89/100\n|move|p2a: Vikavolt|Sticky Web|p1a: Gogoat\n|-sidestart|p1: p0x1625086|move: Sticky Web\n|\n|-heal|p1a: Gogoat|95/100|[from] item: Leftovers\n|upkeep\n|turn|3\n|inactive|Time left: 300 sec this turn | 300 sec total\n|\n|t:|1783541464\n|move|p1a: Gogoat|Horn Leech|p2a: Vikavolt\n|-resisted|p2a: Vikavolt\n|-damage|p2a: Vikavolt|197/263\n|-heal|p1a: Gogoat|100/100|[from] drain|[of] p2a: Vikavolt\n|move|p2a: Vikavolt|Bug Buzz|p1a: Gogoat\n|-supereffective|p1a: Gogoat\n|-damage|p1a: Gogoat|30/100\n|\n|-heal|p1a: Gogoat|36/100|[from] item: Leftovers\n|upkeep\n|turn|4\n|inactive|Time left: 300 sec this turn | 300 sec total\n|\n|t:|1783541465\n|move|p1a: Gogoat|Milk Drink|p1a: Gogoat\n|-heal|p1a: Gogoat|86/100\n|move|p2a: Vikavolt|Bug Buzz|p1a: Gogoat\n|-supereffective|p1a: Gogoat\n|-damage|p1a: Gogoat|13/100\n|\n|-heal|p1a: Gogoat|19/100|[from] item: Leftovers\n|upkeep\n|turn|5\n|inactive|Time left: 300 sec this turn | 300 sec total\n|\n|t:|1783541466\n|move|p1a: Gogoat|Horn Leech|p2a: Vikavolt\n|-resisted|p2a: Vikavolt\n|-damage|p2a: Vikavolt|127/263\n|-heal|p1a: Gogoat|29/100|[from] drain|[of] p2a: Vikavolt\n|move|p2a: Vikavolt|Bug Buzz|p1a: Gogoat\n|-supereffective|p1a: Gogoat\n|-damage|p1a: Gogoat|0 fnt\n|faint|p1a: Gogoat\n|\n|upkeep\n|\n|t:|1783541467\n|switch|p1a: Ho-Oh|Ho-Oh, L71|100/100\n|turn|6\n|inactive|Time left: 300 sec this turn | 300 sec total\n|\n|t:|1783541468\n|-terastallize|p2a: Vikavolt|Electric\n|move|p1a: Ho-Oh|Sacred Fire|p2a: Vikavolt\n|-damage|p2a: Vikavolt|30/263\n|move|p2a: Vikavolt|Volt Switch|p1a: Ho-Oh\n|-supereffective|p1a: Ho-Oh\n|-damage|p1a: Ho-Oh|27/100\n|inactive|Time left: 300 sec this turn | 300 sec total | 5 sec grace\n|\n|t:|1783541469\n|switch|p2a: Lycanroc|Lycanroc-Dusk, L81, F|254/254|[from] Volt Switch\n|\n|upkeep\n|turn|7\n|inactive|Time left: 300 sec this turn | 300 sec total\n|\n|t:|1783541470\n|switch|p1a: Slowbro|Slowbro, L85, M|100/100\n|-activate|p1a: Slowbro|move: Sticky Web\n|-unboost|p1a: Slowbro|spe|1\n|move|p2a: Lycanroc|Close Combat|p1a: Slowbro\n|-resisted|p1a: Slowbro\n|-damage|p1a: Slowbro|74/100\n|-unboost|p2a: Lycanroc|def|1\n|-unboost|p2a: Lycanroc|spd|1\n|-damage|p2a: Lycanroc|212/254|[from] item: Rocky Helmet|[of] p1a: Slowbro\n|\n|upkeep\n|turn|8\n|inactive|Time left: 300 sec this turn | 300 sec total\n|\n|t:|1783541471\n|switch|p2a: Hoopa|Hoopa, L85|275/275\n|move|p1a: Slowbro|Scald|p2a: Hoopa\n|-damage|p2a: Hoopa|211/275\n|-status|p2a: Hoopa|brn\n|\n|-damage|p2a: Hoopa|194/275 brn|[from] brn\n|upkeep\n|turn|9\n|inactive|Time left: 300 sec this turn | 300 sec total\n|\n|t:|1783541472\n|switch|p1a: Ho-Oh|Ho-Oh, L71|61/100\n|move|p2a: Hoopa|Shadow Ball|p1a: Ho-Oh\n|-damage|p1a: Ho-Oh|17/100\n|-damage|p2a: Hoopa|167/275 brn|[from] item: Life Orb\n|\n|-damage|p2a: Hoopa|150/275 brn|[from] brn\n|upkeep\n|turn|10\n|inactive|Time left: 300 sec this turn | 300 sec total\n|\n|t:|1783541473\n|move|p1a: Ho-Oh|Recover|p1a: Ho-Oh\n|-heal|p1a: Ho-Oh|67/100\n|move|p2a: Hoopa|Psyshock|p1a: Ho-Oh\n|-damage|p1a: Ho-Oh|0 fnt\n|faint|p1a: Ho-Oh\n|-damage|p2a: Hoopa|123/275 brn|[from] item: Life Orb\n|\n|-damage|p2a: Hoopa|106/275 brn|[from] brn\n|upkeep\n|\n|t:|1783541475\n|switch|p1a: Rotom|Rotom, L88|100/100\n|turn|11\n|inactive|Time left: 300 sec this turn | 300 sec total\n|\n|t:|1783541476\n|switch|p2a: Brute Bonnet|Brute Bonnet, L80|309/309\n|move|p1a: Rotom|Shadow Ball|p2a: Brute Bonnet\n|-resisted|p2a: Brute Bonnet\n|-damage|p2a: Brute Bonnet|267/309\n|\n|-heal|p2a: Brute Bonnet|286/309|[from] item: Leftovers\n|upkeep\n|turn|12\n|inactive|Time left: 300 sec this turn | 300 sec total\n|\n|t:|1783541477\n|switch|p1a: Whimsicott|Whimsicott, L84, M|100/100\n|move|p2a: Brute Bonnet|Crunch|p1a: Whimsicott\n|-resisted|p1a: Whimsicott\n|-damage|p1a: Whimsicott|79/100\n|\n|-heal|p2a: Brute Bonnet|305/309|[from] item: Leftovers\n|upkeep\n|turn|13\n|inactive|Time left: 300 sec this turn | 300 sec total\n|\n|t:|1783541477\n|move|p1a: Whimsicott|Moonblast|p2a: Brute Bonnet\n|-supereffective|p2a: Brute Bonnet\n|-damage|p2a: Brute Bonnet|137/309\n|-unboost|p2a: Brute Bonnet|spa|1\n|move|p2a: Brute Bonnet|Crunch|p1a: Whimsicott\n|-resisted|p1a: Whimsicott\n|-damage|p1a: Whimsicott|57/100\n|-unboost|p1a: Whimsicott|def|1\n|\n|-heal|p2a: Brute Bonnet|156/309|[from] item: Leftovers\n|upkeep\n|turn|14\n|inactive|Time left: 300 sec this turn | 300 sec total\n|\n|t:|1783541478\n|-end|p2a: Brute Bonnet|Protosynthesis|[silent]\n|switch|p2a: Zapdos|Zapdos, L78|268/268\n|move|p1a: Whimsicott|Moonblast|p2a: Zapdos\n|-damage|p2a: Zapdos|181/268\n|\n|upkeep\n|turn|15\n|inactive|Time left: 300 sec this turn | 300 sec total\n|\n|t:|1783541479\n|move|p1a: Whimsicott|Moonblast|p2a: Zapdos\n|-damage|p2a: Zapdos|96/268\n|-unboost|p2a: Zapdos|spa|1\n|move|p2a: Zapdos|Roost|p2a: Zapdos\n|-heal|p2a: Zapdos|230/268\n|-singleturn|p2a: Zapdos|move: Roost\n|\n|upkeep\n|turn|16\n|inactive|Time left: 300 sec this turn | 300 sec total\n|\n|t:|1783541480\n|switch|p1a: Rotom|Rotom, L88|100/100\n|move|p2a: Zapdos|Hurricane|p1a: Rotom|[miss]\n|-miss|p2a: Zapdos|p1a: Rotom\n|\n|upkeep\n|turn|17\n|inactive|Time left: 300 sec this turn | 300 sec total\n|\n|t:|1783541481\n|move|p1a: Rotom|Shadow Ball|p2a: Zapdos\n|-damage|p2a: Zapdos|136/268\n|-unboost|p2a: Zapdos|spd|1\n|move|p2a: Zapdos|Roost|p2a: Zapdos\n|-heal|p2a: Zapdos|268/268\n|-singleturn|p2a: Zapdos|move: Roost\n|\n|upkeep\n|turn|18\n|inactive|Time left: 300 sec this turn | 300 sec total\n|\n|t:|1783541482\n|switch|p2a: Brute Bonnet|Brute Bonnet, L80|156/309\n|move|p1a: Rotom|Shadow Ball|p2a: Brute Bonnet\n|-resisted|p2a: Brute Bonnet\n|-damage|p2a: Brute Bonnet|115/309\n|\n|-heal|p2a: Brute Bonnet|134/309|[from] item: Leftovers\n|upkeep\n|turn|19\n|inactive|Time left: 300 sec this turn | 300 sec total\n|\n|t:|1783541483\n|switch|p1a: Whimsicott|Whimsicott, L84, M|57/100\n|move|p2a: Brute Bonnet|Crunch|p1a: Whimsicott\n|-resisted|p1a: Whimsicott\n|-damage|p1a: Whimsicott|36/100\n|\n|-heal|p2a: Brute Bonnet|153/309|[from] item: Leftovers\n|upkeep\n|turn|20\n|inactive|Time left: 300 sec this turn | 300 sec total\n|\n|t:|1783541484\n|-end|p2a: Brute Bonnet|Protosynthesis|[silent]\n|switch|p2a: Zapdos|Zapdos, L78|268/268\n|move|p1a: Whimsicott|Moonblast|p2a: Zapdos\n|-damage|p2a: Zapdos|183/268\n|\n|upkeep\n|turn|21\n|inactive|Time left: 300 sec this turn | 300 sec total\n|\n|t:|1783541485\n|move|p1a: Whimsicott|Moonblast|p2a: Zapdos\n|-damage|p2a: Zapdos|101/268\n|-unboost|p2a: Zapdos|spa|1\n|move|p2a: Zapdos|Thunderbolt|p1a: Whimsicott\n|-resisted|p1a: Whimsicott\n|-damage|p1a: Whimsicott|19/100\n|\n|upkeep\n|turn|22\n|inactive|Time left: 300 sec this turn | 300 sec total\n|\n|t:|1783541486\n|move|p1a: Whimsicott|Moonblast|p2a: Zapdos\n|-damage|p2a: Zapdos|7/268\n|-unboost|p2a: Zapdos|spa|1\n|move|p2a: Zapdos|Roost|p2a: Zapdos\n|-heal|p2a: Zapdos|141/268\n|-singleturn|p2a: Zapdos|move: Roost\n|\n|upkeep\n|turn|23\n|inactive|Time left: 300 sec this turn | 300 sec total\n|\n|t:|1783541487\n|move|p1a: Whimsicott|Moonblast|p2a: Zapdos\n|-damage|p2a: Zapdos|44/268\n|move|p2a: Zapdos|Roost|p2a: Zapdos\n|-heal|p2a: Zapdos|178/268\n|-singleturn|p2a: Zapdos|move: Roost\n|\n|upkeep\n|turn|24\n|inactive|Time left: 300 sec this turn | 300 sec total\n|\n|t:|1783541488\n|move|p1a: Whimsicott|Moonblast|p2a: Zapdos\n|-damage|p2a: Zapdos|88/268\n|move|p2a: Zapdos|Roost|p2a: Zapdos\n|-heal|p2a: Zapdos|222/268\n|-singleturn|p2a: Zapdos|move: Roost\n|\n|upkeep\n|turn|25\n|inactive|Time left: 300 sec this turn | 300 sec total\n|\n|t:|1783541489\n|move|p1a: Whimsicott|Moonblast|p2a: Zapdos\n|-crit|p2a: Zapdos\n|-damage|p2a: Zapdos|86/268\n|move|p2a: Zapdos|U-turn|p1a: Whimsicott\n|-damage|p1a: Whimsicott|3/100\n|inactive|Time left: 300 sec this turn | 300 sec total | 5 sec grace\n|\n|t:|1783541490\n|switch|p2a: Brute Bonnet|Brute Bonnet, L80|153/309|[from] U-turn\n|\n|-heal|p2a: Brute Bonnet|172/309|[from] item: Leftovers\n|upkeep\n|turn|26\n|inactive|Time left: 300 sec this turn | 300 sec total\n|\n|t:|1783541491\n|move|p2a: Brute Bonnet|Sucker Punch|p1a: Whimsicott\n|-resisted|p1a: Whimsicott\n|-damage|p1a: Whimsicott|0 fnt\n|faint|p1a: Whimsicott\n|\n|-heal|p2a: Brute Bonnet|191/309|[from] item: Leftovers\n|upkeep\n|\n|t:|1783541492\n|switch|p1a: Slowbro|Slowbro, L85, M|100/100\n|-activate|p1a: Slowbro|move: Sticky Web\n|-unboost|p1a: Slowbro|spe|1\n|turn|27\n|inactive|Time left: 300 sec this turn | 300 sec total\n|\n|t:|1783541493\n|move|p2a: Brute Bonnet|Spore|p1a: Slowbro\n|-status|p1a: Slowbro|slp|[from] move: Spore\n|cant|p1a: Slowbro|slp\n|\n|-heal|p2a: Brute Bonnet|210/309|[from] item: Leftovers\n|upkeep\n|turn|28\n|inactive|Time left: 300 sec this turn | 300 sec total\n|\n|t:|1783541494\n|move|p2a: Brute Bonnet|Crunch|p1a: Slowbro\n|-supereffective|p1a: Slowbro\n|-damage|p1a: Slowbro|50/100 slp\n|-unboost|p1a: Slowbro|def|1\n|-damage|p2a: Brute Bonnet|159/309|[from] item: Rocky Helmet|[of] p1a: Slowbro\n|cant|p1a: Slowbro|slp\n|\n|-heal|p2a: Brute Bonnet|178/309|[from] item: Leftovers\n|upkeep\n|turn|29\n|inactive|Time left: 300 sec this turn | 300 sec total\n|\n|t:|1783541495\n|switch|p1a: Chansey|Chansey, L85, F|100/100\n|-activate|p1a: Chansey|move: Sticky Web\n|-unboost|p1a: Chansey|spe|1\n|move|p2a: Brute Bonnet|Crunch|p1a: Chansey\n|-damage|p1a: Chansey|62/100\n|-unboost|p1a: Chansey|def|1\n|\n|-heal|p2a: Brute Bonnet|197/309|[from] item: Leftovers\n|upkeep\n|turn|30\n|inactive|Time left: 300 sec this turn | 300 sec total\n|\n|t:|1783541496\n|switch|p1a: Slowbro|Slowbro, L85, M|83/100 slp\n|-activate|p1a: Slowbro|move: Sticky Web\n|-unboost|p1a: Slowbro|spe|1\n|move|p2a: Brute Bonnet|Crunch|p1a: Slowbro\n|-supereffective|p1a: Slowbro\n|-damage|p1a: Slowbro|33/100 slp\n|-damage|p2a: Brute Bonnet|146/309|[from] item: Rocky Helmet|[of] p1a: Slowbro\n|\n|-heal|p2a: Brute Bonnet|165/309|[from] item: Leftovers\n|upkeep\n|turn|31\n|inactive|Time left: 300 sec this turn | 300 sec total\n|\n|t:|1783541497\n|move|p2a: Brute Bonnet|Crunch|p1a: Slowbro\n|-supereffective|p1a: Slowbro\n|-damage|p1a: Slowbro|0 fnt\n|-damage|p2a: Brute Bonnet|114/309|[from] item: Rocky Helmet|[of] p1a: Slowbro\n|faint|p1a: Slowbro\n|\n|-heal|p2a: Brute Bonnet|133/309|[from] item: Leftovers\n|upkeep\n|\n|t:|1783541498\n|switch|p1a: Chansey|Chansey, L85, F|62/100\n|-activate|p1a: Chansey|move: Sticky Web\n|-unboost|p1a: Chansey|spe|1\n|turn|32\n|inactive|Time left: 300 sec this turn | 300 sec total\n|\n|t:|1783541499\n|move|p2a: Brute Bonnet|Close Combat|p1a: Chansey\n|-supereffective|p1a: Chansey\n|-damage|p1a: Chansey|0 fnt\n|-unboost|p2a: Brute Bonnet|def|1\n|-unboost|p2a: Brute Bonnet|spd|1\n|faint|p1a: Chansey\n|\n|-heal|p2a: Brute Bonnet|152/309|[from] item: Leftovers\n|upkeep\n|\n|t:|1783541500\n|switch|p1a: Rotom|Rotom, L88|100/100\n|turn|33\n|inactive|Time left: 300 sec this turn | 300 sec total\n|\n|t:|1783541501\n|-terastallize|p1a: Rotom|Ghost\n|move|p1a: Rotom|Shadow Ball|p2a: Brute Bonnet\n|-resisted|p2a: Brute Bonnet\n|-damage|p2a: Brute Bonnet|68/309\n|move|p2a: Brute Bonnet|Crunch|p1a: Rotom\n|-supereffective|p1a: Rotom\n|-damage|p1a: Rotom|10/100\n|\n|-heal|p2a: Brute Bonnet|87/309|[from] item: Leftovers\n|upkeep\n|turn|34\n|inactive|Time left: 300 sec this turn | 300 sec total\n|\n|t:|1783541502\n|move|p2a: Brute Bonnet|Sucker Punch|p1a: Rotom\n|-supereffective|p1a: Rotom\n|-damage|p1a: Rotom|0 fnt\n|faint|p1a: Rotom\n|\n|win|p0y162091e", "uploadtime": 1783541502, "views": 0, "rating": 0, "private": 0, "password": null, "_winner": "p0y162091e", "_our_name": "p0y162091e"}