{"id": "battle-gen9randombattle-2199", "formatid": "gen9randombattle", "format": "[Gen 9] Random Battle", "players": ["p0x21996bb8", "p0y21997554"], "log": "|init|battle\n|title|p0x21996bb8 vs. p0y21997554\n|j|\u2606p0x21996bb8\n|j|\u2606p0y21997554\n|t:|1783565490\n|gametype|singles\n|player|p1|p0x21996bb8|2|\n|player|p2|p0y21997554|265|\n|gen|9\n|tier|[Gen 9] Random Battle\n|rule|Species Clause: Limit one of each Pok\u00e9mon\n|rule|HP Percentage Mod: HP is shown in percentages\n|rule|Sleep Clause Mod: Limit one foe put to sleep\n|rule|Illusion Level Mod: Illusion disguises the Pok\u00e9mon's true level\n|\n|t:|1783565490\n|teamsize|p1|6\n|teamsize|p2|6\n|start\n|switch|p1a: Moltres|Moltres, L81|278/278\n|switch|p2a: Wyrdeer|Wyrdeer, L87, F|100/100\n|-ability|p2a: Wyrdeer|Intimidate|boost\n|-unboost|p1a: Moltres|atk|1\n|turn|1\n|inactive|Battle timer is ON: inactive players will automatically lose when time's up. (requested by p0y21997554)\n|inactive|Time left: 300 sec this turn | 300 sec total | 60 sec grace\n|inactive|p0x21996bb8 also wants the timer to be on.\n|\n|t:|1783565492\n|switch|p2a: Ursaluna|Ursaluna, L79, M|100/100\n|move|p1a: Moltres|Fire Blast|p2a: Ursaluna|[miss]\n|-miss|p1a: Moltres|p2a: Ursaluna\n|\n|-status|p2a: Ursaluna|brn|[from] item: Flame Orb\n|upkeep\n|turn|2\n|inactive|Time left: 300 sec this turn | 300 sec total\n|\n|t:|1783565493\n|switch|p1a: Zamazenta|Zamazenta-Crowned, L68|238/238\n|-ability|p1a: Zamazenta|Dauntless Shield|boost\n|-boost|p1a: Zamazenta|def|1\n|move|p2a: Ursaluna|Facade|p1a: Zamazenta\n|-resisted|p1a: Zamazenta\n|-damage|p1a: Zamazenta|160/238\n|\n|-damage|p2a: Ursaluna|95/100 brn|[from] brn\n|upkeep\n|turn|3\n|inactive|Time left: 300 sec this turn | 300 sec total\n|\n|t:|1783565494\n|move|p1a: Zamazenta|Body Press|p2a: Ursaluna\n|-supereffective|p2a: Ursaluna\n|-damage|p2a: Ursaluna|33/100 brn\n|move|p2a: Ursaluna|Headlong Rush|p1a: Zamazenta\n|-supereffective|p1a: Zamazenta\n|-damage|p1a: Zamazenta|0 fnt\n|-unboost|p2a: Ursaluna|def|1\n|-unboost|p2a: Ursaluna|spd|1\n|faint|p1a: Zamazenta\n|\n|-damage|p2a: Ursaluna|27/100 brn|[from] brn\n|upkeep\n|inactive|Time left: 300 sec this turn | 300 sec total | 5 sec grace\n|\n|t:|1783565495\n|switch|p1a: Azelf|Azelf, L82|257/257\n|turn|4\n|inactive|Time left: 300 sec this turn | 300 sec total\n|\n|t:|1783565496\n|switch|p2a: Wyrdeer|Wyrdeer, L87, F|100/100\n|-ability|p2a: Wyrdeer|Intimidate|boost\n|-unboost|p1a: Azelf|atk|1\n|move|p1a: Azelf|Dazzling Gleam|p2a: Wyrdeer\n|-crit|p2a: Wyrdeer\n|-damage|p2a: Wyrdeer|48/100\n|\n|-heal|p2a: Wyrdeer|54/100|[from] item: Leftovers\n|upkeep\n|turn|5\n|inactive|Time left: 300 sec this turn | 300 sec total\n|\n|t:|1783565497\n|move|p1a: Azelf|Dazzling Gleam|p2a: Wyrdeer\n|-damage|p2a: Wyrdeer|23/100\n|move|p2a: Wyrdeer|Body Slam|p1a: Azelf\n|-damage|p1a: Azelf|140/257\n|\n|-heal|p2a: Wyrdeer|29/100|[from] item: Leftovers\n|upkeep\n|turn|6\n|inactive|Time left: 300 sec this turn | 300 sec total\n|\n|t:|1783565498\n|switch|p2a: Torkoal|Torkoal, L88, F|100/100\n|-weather|SunnyDay|[from] ability: Drought|[of] p2a: Torkoal\n|move|p1a: Azelf|Dazzling Gleam|p2a: Torkoal\n|-resisted|p2a: Torkoal\n|-damage|p2a: Torkoal|78/100\n|\n|-weather|SunnyDay|[upkeep]\n|upkeep\n|turn|7\n|inactive|Time left: 300 sec this turn | 300 sec total\n|\n|t:|1783565500\n|switch|p1a: Moltres|Moltres, L81|278/278\n|move|p2a: Torkoal|Lava Plume|p1a: Moltres\n|-resisted|p1a: Moltres\n|-damage|p1a: Moltres|204/278\n|\n|-weather|SunnyDay|[upkeep]\n|upkeep\n|turn|8\n|inactive|Time left: 300 sec this turn | 300 sec total\n|\n|t:|1783565501\n|move|p1a: Moltres|Fire Blast|p2a: Torkoal\n|-resisted|p2a: Torkoal\n|-damage|p2a: Torkoal|37/100\n|move|p2a: Torkoal|Lava Plume|p1a: Moltres\n|-resisted|p1a: Moltres\n|-damage|p1a: Moltres|135/278\n|\n|-weather|SunnyDay|[upkeep]\n|upkeep\n|turn|9\n|inactive|Time left: 300 sec this turn | 300 sec total\n|\n|t:|1783565502\n|switch|p2a: Wyrdeer|Wyrdeer, L87, F|29/100\n|-ability|p2a: Wyrdeer|Intimidate|boost\n|-unboost|p1a: Moltres|atk|1\n|move|p1a: Moltres|Fire Blast|p2a: Wyrdeer\n|-damage|p2a: Wyrdeer|0 fnt\n|faint|p2a: Wyrdeer\n|\n|-weather|SunnyDay|[upkeep]\n|upkeep\n|\n|t:|1783565503\n|switch|p2a: Regice|Regice, L88|100/100\n|turn|10\n|inactive|Time left: 300 sec this turn | 300 sec total\n|\n|t:|1783565504\n|move|p1a: Moltres|Roost|p1a: Moltres\n|-heal|p1a: Moltres|274/278\n|-singleturn|p1a: Moltres|move: Roost\n|move|p2a: Regice|Thunderbolt|p1a: Moltres\n|-damage|p1a: Moltres|204/278\n|\n|-weather|none\n|upkeep\n|turn|11\n|inactive|Time left: 300 sec this turn | 300 sec total\n|\n|t:|1783565505\n|move|p1a: Moltres|Roost|p1a: Moltres\n|-heal|p1a: Moltres|278/278\n|-singleturn|p1a: Moltres|move: Roost\n|move|p2a: Regice|Ice Beam|p1a: Moltres\n|-resisted|p1a: Moltres\n|-damage|p1a: Moltres|216/278\n|\n|upkeep\n|turn|12\n|inactive|Time left: 300 sec this turn | 300 sec total\n|\n|t:|1783565506\n|switch|p1a: Komala|Komala, L87, F|255/255\n|-ability|p1a: Komala|Comatose\n|move|p2a: Regice|Ice Beam|p1a: Komala\n|-damage|p1a: Komala|191/255\n|\n|upkeep\n|turn|13\n|inactive|Time left: 300 sec this turn | 300 sec total\n|\n|t:|1783565507\n|move|p1a: Komala|Knock Off|p2a: Regice\n|-damage|p2a: Regice|73/100\n|-enditem|p2a: Regice|Heavy-Duty Boots|[from] move: Knock Off|[of] p1a: Komala\n|move|p2a: Regice|Body Press|p1a: Komala\n|-supereffective|p1a: Komala\n|-damage|p1a: Komala|33/255\n|\n|upkeep\n|turn|14\n|inactive|Time left: 300 sec this turn | 300 sec total\n|\n|t:|1783565508\n|move|p1a: Komala|Body Slam|p2a: Regice\n|-damage|p2a: Regice|41/100\n|-status|p2a: Regice|par\n|move|p2a: Regice|Thunderbolt|p1a: Komala\n|-damage|p1a: Komala|0 fnt\n|faint|p1a: Komala\n|\n|upkeep\n|inactive|Time left: 300 sec this turn | 300 sec total | 5 sec grace\n|\n|t:|1783565508\n|switch|p1a: Azelf|Azelf, L82|140/257\n|turn|15\n|inactive|Time left: 300 sec this turn | 300 sec total\n|\n|t:|1783565509\n|move|p1a: Azelf|Fire Blast|p2a: Regice\n|-supereffective|p2a: Regice\n|-damage|p2a: Regice|0 fnt\n|faint|p2a: Regice\n|\n|upkeep\n|\n|t:|1783565510\n|switch|p2a: Spidops|Spidops, L96, M|100/100\n|turn|16\n|inactive|Time left: 300 sec this turn | 300 sec total\n|\n|t:|1783565512\n|-terastallize|p2a: Spidops|Ghost\n|move|p1a: Azelf|Fire Blast|p2a: Spidops\n|-damage|p2a: Spidops|57/100\n|move|p2a: Spidops|Knock Off|p1a: Azelf\n|-supereffective|p1a: Azelf\n|-damage|p1a: Azelf|0 fnt\n|-enditem|p1a: Azelf|Choice Specs|[from] move: Knock Off|[of] p2a: Spidops\n|faint|p1a: Azelf\n|\n|upkeep\n|inactive|Time left: 300 sec this turn | 300 sec total | 5 sec grace\n|\n|t:|1783565513\n|switch|p1a: Deoxys|Deoxys-Attack, L72|191/191\n|-ability|p1a: Deoxys|Pressure\n|turn|17\n|inactive|Time left: 300 sec this turn | 300 sec total\n|\n|t:|1783565514\n|switch|p2a: Skarmory|Skarmory, L80, F|100/100\n|move|p1a: Deoxys|Knock Off|p2a: Skarmory\n|-damage|p2a: Skarmory|65/100\n|-enditem|p2a: Skarmory|Leftovers|[from] move: Knock Off|[of] p1a: Deoxys\n|-damage|p1a: Deoxys|172/191|[from] item: Life Orb\n|\n|upkeep\n|turn|18\n|inactive|Time left: 300 sec this turn | 300 sec total\n|\n|t:|1783565515\n|switch|p1a: Moltres|Moltres, L81|216/278\n|move|p2a: Skarmory|Roost|p2a: Skarmory\n|-heal|p2a: Skarmory|100/100\n|-singleturn|p2a: Skarmory|move: Roost\n|\n|upkeep\n|turn|19\n|inactive|Time left: 300 sec this turn | 300 sec total\n|\n|t:|1783565516\n|move|p1a: Moltres|Fire Blast|p2a: Skarmory\n|-supereffective|p2a: Skarmory\n|-ability|p2a: Skarmory|Sturdy\n|-damage|p2a: Skarmory|1/100\n|move|p2a: Skarmory|Roost|p2a: Skarmory\n|-heal|p2a: Skarmory|51/100\n|-singleturn|p2a: Skarmory|move: Roost\n|\n|upkeep\n|turn|20\n|inactive|Time left: 300 sec this turn | 300 sec total\n|\n|t:|1783565517\n|move|p1a: Moltres|Fire Blast|p2a: Skarmory\n|-supereffective|p2a: Skarmory\n|-crit|p2a: Skarmory\n|-damage|p2a: Skarmory|0 fnt\n|faint|p2a: Skarmory\n|\n|upkeep\n|\n|t:|1783565518\n|switch|p2a: Spidops|Spidops, L96, M, tera:Ghost|57/100\n|turn|21\n|inactive|Time left: 300 sec this turn | 300 sec total\n|\n|t:|1783565519\n|move|p1a: Moltres|Fire Blast|p2a: Spidops\n|-damage|p2a: Spidops|15/100\n|move|p2a: Spidops|Sticky Web|p1a: Moltres\n|-sidestart|p1: p0x21996bb8|move: Sticky Web\n|\n|upkeep\n|turn|22\n|inactive|Time left: 300 sec this turn | 300 sec total\n|\n|t:|1783565520\n|switch|p2a: Torkoal|Torkoal, L88, F|37/100\n|-weather|SunnyDay|[from] ability: Drought|[of] p2a: Torkoal\n|move|p1a: Moltres|Scorching Sands|p2a: Torkoal\n|-supereffective|p2a: Torkoal\n|-damage|p2a: Torkoal|0 fnt\n|faint|p2a: Torkoal\n|\n|-weather|SunnyDay|[upkeep]\n|upkeep\n|\n|t:|1783565520\n|switch|p2a: Ursaluna|Ursaluna, L79, M|27/100 brn\n|turn|23\n|inactive|Time left: 300 sec this turn | 300 sec total\n|\n|t:|1783565521\n|move|p1a: Moltres|Brave Bird|p2a: Ursaluna\n|-damage|p2a: Ursaluna|0 fnt\n|faint|p2a: Ursaluna\n|-damage|p1a: Moltres|187/278|[from] Recoil\n|\n|-weather|SunnyDay|[upkeep]\n|upkeep\n|\n|t:|1783565522\n|switch|p2a: Spidops|Spidops, L96, M, tera:Ghost|15/100\n|turn|24\n|inactive|Time left: 300 sec this turn | 300 sec total\n|\n|t:|1783565523\n|move|p1a: Moltres|Scorching Sands|p2a: Spidops\n|-damage|p2a: Spidops|0 fnt\n|faint|p2a: Spidops\n|\n|win|p0x21996bb8", "uploadtime": 1783565523, "views": 0, "rating": 0, "private": 0, "password": null, "_winner": "p0x21996bb8", "_our_name": "p0x21996bb8"}