{"id": "battle-gen9randombattle-1640", "formatid": "gen9randombattle", "format": "[Gen 9] Random Battle", "players": ["p0x1640e36b", "p0y1640da5d"], "log": "|init|battle\n|title|p0x1640e36b vs. p0y1640da5d\n|j|\u2606p0x1640e36b\n|j|\u2606p0y1640da5d\n|t:|1783558242\n|gametype|singles\n|player|p1|p0x1640e36b|265|\n|player|p2|p0y1640da5d|101|\n|gen|9\n|tier|[Gen 9] Random Battle\n|rule|Species Clause: Limit one of each Pok\u00e9mon\n|rule|HP Percentage Mod: HP is shown in percentages\n|rule|Sleep Clause Mod: Limit one foe put to sleep\n|rule|Illusion Level Mod: Illusion disguises the Pok\u00e9mon's true level\n|\n|t:|1783558242\n|teamsize|p1|6\n|teamsize|p2|6\n|start\n|switch|p1a: Regieleki|Regieleki, L79|100/100\n|switch|p2a: Banette|Banette, L93, F|270/270\n|turn|1\n|inactive|Battle timer is ON: inactive players will automatically lose when time's up. (requested by p0y1640da5d)\n|inactive|p0x1640e36b also wants the timer to be on.\n|\n|t:|1783558243\n|move|p1a: Regieleki|Volt Switch|p2a: Banette\n|-damage|p2a: Banette|159/270\n|\n|t:|1783558245\n|switch|p1a: Chansey|Chansey, L85, F|100/100|[from] Volt Switch\n|move|p2a: Banette|Poltergeist|p1a: Chansey\n|-immune|p1a: Chansey\n|\n|upkeep\n|turn|2\n|inactive|Time left: 300 sec this turn | 300 sec total\n|\n|t:|1783558246\n|move|p2a: Banette|Swords Dance|p2a: Banette\n|-boost|p2a: Banette|atk|2\n|move|p1a: Chansey|Stealth Rock|p2a: Banette\n|-sidestart|p2: p0y1640da5d|move: Stealth Rock\n|\n|upkeep\n|turn|3\n|inactive|Time left: 300 sec this turn | 300 sec total\n|\n|t:|1783558247\n|move|p2a: Banette|Gunk Shot|p1a: Chansey\n|-damage|p1a: Chansey|0 fnt\n|faint|p1a: Chansey\n|-damage|p2a: Banette|132/270|[from] item: Life Orb\n|\n|upkeep\n|\n|t:|1783558249\n|switch|p1a: Venusaur|Venusaur, L84, M|100/100\n|turn|4\n|inactive|Time left: 300 sec this turn | 300 sec total\n|\n|t:|1783558250\n|move|p1a: Venusaur|Energy Ball|p2a: Banette\n|-damage|p2a: Banette|21/270\n|move|p2a: Banette|Poltergeist|p1a: Venusaur\n|-activate|p1a: Venusaur|move: Poltergeist|Leftovers\n|-damage|p1a: Venusaur|0 fnt\n|faint|p1a: Venusaur\n|-damage|p2a: Banette|0 fnt|[from] item: Life Orb\n|faint|p2a: Banette\n|\n|upkeep\n|inactive|Time left: 300 sec this turn | 300 sec total | 5 sec grace\n|\n|t:|1783558251\n|switch|p1a: Bruxish|Bruxish, L85, M|100/100\n|switch|p2a: Quagsire|Quagsire, L84, F|297/297\n|-damage|p2a: Quagsire|279/297|[from] Stealth Rock\n|turn|5\n|inactive|Time left: 300 sec this turn | 300 sec total\n|\n|t:|1783558252\n|move|p1a: Bruxish|Psychic Fangs|p2a: Quagsire\n|-damage|p2a: Quagsire|51/297\n|move|p2a: Quagsire|Earthquake|p1a: Bruxish\n|-damage|p1a: Bruxish|56/100\n|\n|-heal|p2a: Quagsire|69/297|[from] item: Leftovers\n|upkeep\n|turn|6\n|inactive|Time left: 300 sec this turn | 300 sec total\n|\n|t:|1783558253\n|switch|p2a: Crawdaunt|Crawdaunt, L84, F|243/243\n|-damage|p2a: Crawdaunt|213/243|[from] Stealth Rock\n|move|p1a: Bruxish|Psychic Fangs|p2a: Crawdaunt\n|-immune|p2a: Crawdaunt\n|\n|upkeep\n|turn|7\n|inactive|Time left: 300 sec this turn | 300 sec total\n|\n|t:|1783558255\n|switch|p1a: Vileplume|Vileplume, L85, M|100/100\n|move|p2a: Crawdaunt|Knock Off|p1a: Vileplume\n|-damage|p1a: Vileplume|19/100\n|-enditem|p1a: Vileplume|Leftovers|[from] move: Knock Off|[of] p2a: Crawdaunt\n|-damage|p2a: Crawdaunt|189/243|[from] item: Life Orb\n|\n|upkeep\n|turn|8\n|inactive|Time left: 300 sec this turn | 300 sec total\n|\n|t:|1783558256\n|move|p2a: Crawdaunt|Knock Off|p1a: Vileplume\n|-damage|p1a: Vileplume|0 fnt\n|faint|p1a: Vileplume\n|-damage|p2a: Crawdaunt|165/243|[from] item: Life Orb\n|\n|upkeep\n|\n|t:|1783558257\n|switch|p1a: Frosmoth|Frosmoth, L82, M|100/100\n|turn|9\n|inactive|Time left: 300 sec this turn | 300 sec total\n|\n|t:|1783558258\n|switch|p2a: Excadrill|Excadrill, L79, F|303/303\n|-damage|p2a: Excadrill|294/303|[from] Stealth Rock\n|-ability|p2a: Excadrill|Mold Breaker\n|move|p1a: Frosmoth|Giga Drain|p2a: Excadrill\n|-damage|p2a: Excadrill|244/303\n|\n|upkeep\n|turn|10\n|inactive|Time left: 300 sec this turn | 300 sec total\n|\n|t:|1783558259\n|switch|p1a: Bruxish|Bruxish, L85, M|56/100\n|move|p2a: Excadrill|Rapid Spin|p1a: Bruxish\n|-damage|p1a: Bruxish|36/100\n|-boost|p2a: Excadrill|spe|1\n|-sideend|p2: p0y1640da5d|Stealth Rock|[from] move: Rapid Spin|[of] p2a: Excadrill\n|\n|upkeep\n|turn|11\n|inactive|Time left: 300 sec this turn | 300 sec total\n|\n|t:|1783558260\n|switch|p1a: Frosmoth|Frosmoth, L82, M|100/100\n|move|p2a: Excadrill|Earthquake|p1a: Frosmoth\n|-resisted|p1a: Frosmoth\n|-damage|p1a: Frosmoth|69/100\n|\n|upkeep\n|turn|12\n|inactive|Time left: 300 sec this turn | 300 sec total\n|\n|t:|1783558261\n|-terastallize|p1a: Frosmoth|Water\n|move|p2a: Excadrill|Iron Head|p1a: Frosmoth\n|-resisted|p1a: Frosmoth\n|-damage|p1a: Frosmoth|41/100\n|move|p1a: Frosmoth|Ice Beam|p2a: Excadrill\n|-damage|p2a: Excadrill|153/303\n|\n|upkeep\n|turn|13\n|inactive|Time left: 300 sec this turn | 300 sec total\n|\n|t:|1783558262\n|move|p2a: Excadrill|Earthquake|p1a: Frosmoth\n|-damage|p1a: Frosmoth|0 fnt\n|faint|p1a: Frosmoth\n|\n|upkeep\n|\n|t:|1783558262\n|switch|p1a: Bruxish|Bruxish, L85, M|36/100\n|turn|14\n|inactive|Time left: 300 sec this turn | 300 sec total\n|\n|t:|1783558263\n|move|p2a: Excadrill|Earthquake|p1a: Bruxish\n|-damage|p1a: Bruxish|0 fnt\n|faint|p1a: Bruxish\n|\n|upkeep\n|\n|t:|1783558264\n|switch|p1a: Regieleki|Regieleki, L79|100/100\n|turn|15\n|inactive|Time left: 300 sec this turn | 300 sec total\n|\n|t:|1783558265\n|move|p1a: Regieleki|Thunderbolt|p2a: Excadrill\n|-immune|p2a: Excadrill\n|move|p2a: Excadrill|Earthquake|p1a: Regieleki\n|-supereffective|p1a: Regieleki\n|-damage|p1a: Regieleki|0 fnt\n|faint|p1a: Regieleki\n|\n|win|p0y1640da5d", "uploadtime": 1783558265, "views": 0, "rating": 0, "private": 0, "password": null, "_winner": "p0y1640da5d", "_our_name": "p0y1640da5d"}