{"id": "battle-gen9randombattle-2258", "formatid": "gen9randombattle", "format": "[Gen 9] Random Battle", "players": ["p0x225855b5", "p0y22585e84"], "log": "|init|battle\n|title|p0x225855b5 vs. p0y22585e84\n|j|\u2606p0x225855b5\n|j|\u2606p0y22585e84\n|t:|1783565235\n|gametype|singles\n|player|p1|p0x225855b5|101|\n|player|p2|p0y22585e84|170|\n|gen|9\n|tier|[Gen 9] Random Battle\n|rule|Species Clause: Limit one of each Pok\u00e9mon\n|rule|HP Percentage Mod: HP is shown in percentages\n|rule|Sleep Clause Mod: Limit one foe put to sleep\n|rule|Illusion Level Mod: Illusion disguises the Pok\u00e9mon's true level\n|\n|t:|1783565235\n|teamsize|p1|6\n|teamsize|p2|6\n|start\n|switch|p1a: Quaquaval|Quaquaval, L79, F|100/100\n|switch|p2a: Cloyster|Cloyster, L80, F|211/211\n|turn|1\n|inactive|Battle timer is ON: inactive players will automatically lose when time's up. (requested by p0x225855b5)\n|inactive|Time left: 300 sec this turn | 300 sec total | 60 sec grace\n|\n|t:|1783565236\n|move|p1a: Quaquaval|Swords Dance|p1a: Quaquaval\n|-boost|p1a: Quaquaval|atk|2\n|move|p2a: Cloyster|Shell Smash|p2a: Cloyster\n|-unboost|p2a: Cloyster|def|1\n|-unboost|p2a: Cloyster|spd|1\n|-boost|p2a: Cloyster|atk|2\n|-boost|p2a: Cloyster|spa|2\n|-boost|p2a: Cloyster|spe|2\n|-enditem|p2a: Cloyster|White Herb\n|-clearnegativeboost|p2a: Cloyster|[silent]\n|\n|upkeep\n|turn|2\n|inactive|Time left: 300 sec this turn | 300 sec total\n|inactive|p0y22585e84 also wants the timer to be on.\n|\n|t:|1783565237\n|switch|p2a: Trevenant|Trevenant, L89, M|296/296\n|move|p1a: Quaquaval|Close Combat|p2a: Trevenant\n|-immune|p2a: Trevenant\n|\n|upkeep\n|turn|3\n|inactive|Time left: 300 sec this turn | 300 sec total\n|\n|t:|1783565238\n|move|p1a: Quaquaval|Aqua Step|p2a: Trevenant\n|-resisted|p2a: Trevenant\n|-damage|p2a: Trevenant|211/296\n|-boost|p1a: Quaquaval|spe|1\n|move|p2a: Trevenant|Poltergeist|p1a: Quaquaval\n|-activate|p1a: Quaquaval|move: Poltergeist|Leftovers\n|-damage|p1a: Quaquaval|4/100\n|\n|-heal|p1a: Quaquaval|10/100|[from] item: Leftovers\n|upkeep\n|turn|4\n|inactive|Time left: 300 sec this turn | 300 sec total\n|\n|t:|1783565239\n|switch|p1a: Squawkabilly|Squawkabilly, L85, M|100/100\n|move|p2a: Trevenant|Poltergeist|p1a: Squawkabilly\n|-immune|p1a: Squawkabilly\n|\n|-status|p1a: Squawkabilly|brn|[from] item: Flame Orb\n|upkeep\n|turn|5\n|inactive|Time left: 300 sec this turn | 300 sec total\n|\n|t:|1783565240\n|switch|p2a: Regirock|Regirock, L83|268/268\n|move|p1a: Squawkabilly|Brave Bird|p2a: Regirock\n|-resisted|p2a: Regirock\n|-damage|p2a: Regirock|220/268\n|-damage|p1a: Squawkabilly|95/100 brn|[from] Recoil\n|\n|-heal|p2a: Regirock|236/268|[from] item: Leftovers\n|-damage|p1a: Squawkabilly|89/100 brn|[from] brn\n|upkeep\n|turn|6\n|inactive|Time left: 300 sec this turn | 300 sec total\n|\n|t:|1783565242\n|move|p1a: Squawkabilly|U-turn|p2a: Regirock\n|-damage|p2a: Regirock|198/268\n|\n|t:|1783565243\n|switch|p1a: Slither Wing|Slither Wing, L81|100/100|[from] U-turn\n|-enditem|p1a: Slither Wing|Booster Energy\n|-activate|p1a: Slither Wing|ability: Protosynthesis|[fromitem]\n|-start|p1a: Slither Wing|protosynthesisatk\n|move|p2a: Regirock|Stealth Rock|p1a: Slither Wing\n|-sidestart|p1: p0x225855b5|move: Stealth Rock\n|\n|-heal|p2a: Regirock|214/268|[from] item: Leftovers\n|upkeep\n|turn|7\n|inactive|Time left: 300 sec this turn | 300 sec total\n|\n|t:|1783565244\n|move|p1a: Slither Wing|Close Combat|p2a: Regirock\n|-supereffective|p2a: Regirock\n|-damage|p2a: Regirock|8/268\n|-unboost|p1a: Slither Wing|def|1\n|-unboost|p1a: Slither Wing|spd|1\n|move|p2a: Regirock|Stone Edge|p1a: Slither Wing|[miss]\n|-miss|p2a: Regirock|p1a: Slither Wing\n|\n|-heal|p2a: Regirock|24/268|[from] item: Leftovers\n|upkeep\n|turn|8\n|inactive|Time left: 300 sec this turn | 300 sec total\n|\n|t:|1783565245\n|move|p1a: Slither Wing|Acrobatics|p2a: Regirock\n|-resisted|p2a: Regirock\n|-damage|p2a: Regirock|0 fnt\n|faint|p2a: Regirock\n|\n|upkeep\n|inactive|Time left: 300 sec this turn | 300 sec total | 5 sec grace\n|\n|t:|1783565246\n|switch|p2a: Reshiram|Reshiram, L76|277/277\n|-ability|p2a: Reshiram|Turboblaze\n|turn|9\n|inactive|Time left: 300 sec this turn | 300 sec total\n|\n|t:|1783565247\n|-end|p1a: Slither Wing|Protosynthesis|[silent]\n|switch|p1a: Quaquaval|Quaquaval, L79, F|10/100\n|-damage|p1a: Quaquaval|4/100|[from] Stealth Rock\n|move|p2a: Reshiram|Blue Flare|p1a: Quaquaval\n|-resisted|p1a: Quaquaval\n|-damage|p1a: Quaquaval|0 fnt\n|faint|p1a: Quaquaval\n|\n|upkeep\n|\n|t:|1783565248\n|switch|p1a: Samurott|Samurott, L88, F|100/100\n|-damage|p1a: Samurott|88/100|[from] Stealth Rock\n|turn|10\n|inactive|Time left: 300 sec this turn | 300 sec total\n|\n|t:|1783565249\n|move|p2a: Reshiram|Blue Flare|p1a: Samurott\n|-resisted|p1a: Samurott\n|-damage|p1a: Samurott|70/100\n|move|p1a: Samurott|Hydro Pump|p2a: Reshiram\n|-damage|p2a: Reshiram|163/277\n|\n|upkeep\n|turn|11\n|inactive|Time left: 300 sec this turn | 300 sec total\n|\n|t:|1783565251\n|move|p1a: Samurott|Hydro Pump|p2a: Reshiram\n|-damage|p2a: Reshiram|34/277\n|move|p2a: Reshiram|Dragon Tail|p1a: Samurott\n|-damage|p1a: Samurott|51/100\n|drag|p1a: Iron Moth|Iron Moth, L78|100/100\n|\n|upkeep\n|turn|12\n|inactive|Time left: 300 sec this turn | 300 sec total\n|\n|t:|1783565252\n|move|p1a: Iron Moth|Sludge Wave|p2a: Reshiram\n|-damage|p2a: Reshiram|0 fnt\n|faint|p2a: Reshiram\n|\n|upkeep\n|inactive|Time left: 300 sec this turn | 300 sec total | 5 sec grace\n|\n|t:|1783565253\n|switch|p2a: Spidops|Spidops, L96, F|271/271\n|turn|13\n|inactive|Time left: 300 sec this turn | 300 sec total\n|\n|t:|1783565254\n|-terastallize|p2a: Spidops|Ghost\n|move|p1a: Iron Moth|Fiery Dance|p2a: Spidops\n|-damage|p2a: Spidops|187/271\n|-boost|p1a: Iron Moth|spa|1\n|move|p2a: Spidops|Sticky Web|p1a: Iron Moth\n|-sidestart|p1: p0x225855b5|move: Sticky Web\n|\n|upkeep\n|turn|14\n|inactive|Time left: 300 sec this turn | 300 sec total\n|\n|t:|1783565255\n|move|p1a: Iron Moth|Fiery Dance|p2a: Spidops\n|-damage|p2a: Spidops|60/271\n|move|p2a: Spidops|Circle Throw|p1a: Iron Moth\n|-resisted|p1a: Iron Moth\n|-damage|p1a: Iron Moth|88/100\n|-end|p1a: Iron Moth|Quark Drive|[silent]\n|drag|p1a: Slither Wing|Slither Wing, L81|100/100\n|-damage|p1a: Slither Wing|88/100|[from] Stealth Rock\n|-activate|p1a: Slither Wing|move: Sticky Web\n|-unboost|p1a: Slither Wing|spe|1\n|\n|upkeep\n|turn|15\n|inactive|Time left: 300 sec this turn | 300 sec total\n|\n|t:|1783565256\n|move|p1a: Slither Wing|Acrobatics|p2a: Spidops\n|-damage|p2a: Spidops|0 fnt\n|faint|p2a: Spidops\n|\n|upkeep\n|inactive|Time left: 300 sec this turn | 300 sec total | 5 sec grace\n|\n|t:|1783565257\n|switch|p2a: Bronzong|Bronzong, L88|261/261\n|turn|16\n|inactive|Time left: 300 sec this turn | 300 sec total\n|\n|t:|1783565258\n|move|p1a: Slither Wing|Bulk Up|p1a: Slither Wing\n|-boost|p1a: Slither Wing|atk|1\n|-boost|p1a: Slither Wing|def|1\n|move|p2a: Bronzong|Psychic Noise|p1a: Slither Wing\n|-supereffective|p1a: Slither Wing\n|-damage|p1a: Slither Wing|34/100\n|-start|p1a: Slither Wing|move: Heal Block\n|\n|upkeep\n|turn|17\n|inactive|Time left: 300 sec this turn | 300 sec total\n|\n|t:|1783565259\n|move|p1a: Slither Wing|Close Combat|p2a: Bronzong\n|-damage|p2a: Bronzong|83/261\n|-unboost|p1a: Slither Wing|def|1\n|-unboost|p1a: Slither Wing|spd|1\n|move|p2a: Bronzong|Psychic Noise|p1a: Slither Wing\n|-supereffective|p1a: Slither Wing\n|-damage|p1a: Slither Wing|0 fnt\n|faint|p1a: Slither Wing\n|-end|p1a: Slither Wing|Protosynthesis|[silent]\n|\n|upkeep\n|\n|t:|1783565260\n|switch|p1a: Iron Moth|Iron Moth, L78|88/100\n|turn|18\n|inactive|Time left: 300 sec this turn | 300 sec total\n|\n|t:|1783565261\n|move|p1a: Iron Moth|Fiery Dance|p2a: Bronzong\n|-supereffective|p2a: Bronzong\n|-damage|p2a: Bronzong|0 fnt\n|faint|p2a: Bronzong\n|\n|upkeep\n|inactive|Time left: 300 sec this turn | 300 sec total | 5 sec grace\n|\n|t:|1783565262\n|switch|p2a: Cloyster|Cloyster, L80, F|211/211\n|turn|19\n|inactive|Time left: 300 sec this turn | 300 sec total\n|\n|t:|1783565263\n|move|p1a: Iron Moth|Energy Ball|p2a: Cloyster\n|-supereffective|p2a: Cloyster\n|-damage|p2a: Cloyster|0 fnt\n|faint|p2a: Cloyster\n|\n|upkeep\n|inactive|Time left: 300 sec this turn | 300 sec total | 5 sec grace\n|\n|t:|1783565264\n|switch|p2a: Trevenant|Trevenant, L89, M|211/296\n|turn|20\n|inactive|Time left: 300 sec this turn | 300 sec total\n|\n|t:|1783565265\n|move|p1a: Iron Moth|Fiery Dance|p2a: Trevenant\n|-supereffective|p2a: Trevenant\n|-damage|p2a: Trevenant|13/296\n|-boost|p1a: Iron Moth|spa|1\n|move|p2a: Trevenant|Horn Leech|p1a: Iron Moth\n|-resisted|p1a: Iron Moth\n|-damage|p1a: Iron Moth|67/100\n|-heal|p2a: Trevenant|41/296|[from] drain|[of] p1a: Iron Moth\n|\n|upkeep\n|turn|21\n|inactive|Time left: 300 sec this turn | 300 sec total\n|\n|t:|1783565266\n|move|p1a: Iron Moth|Sludge Wave|p2a: Trevenant\n|-damage|p2a: Trevenant|0 fnt\n|faint|p2a: Trevenant\n|\n|win|p0x225855b5", "uploadtime": 1783565266, "views": 0, "rating": 0, "private": 0, "password": null, "_winner": "p0x225855b5", "_our_name": "p0y22585e84"}