{"id": "battle-gen9randombattle-2379", "formatid": "gen9randombattle", "format": "[Gen 9] Random Battle", "players": ["p0x2379996d", "p0y2379d7af"], "log": "|init|battle\n|title|p0x2379996d vs. p0y2379d7af\n|j|\u2606p0x2379996d\n|j|\u2606p0y2379d7af\n|t:|1783566599\n|gametype|singles\n|player|p1|p0x2379996d|265|\n|player|p2|p0y2379d7af|169|\n|gen|9\n|tier|[Gen 9] Random Battle\n|rule|Species Clause: Limit one of each Pok\u00e9mon\n|rule|HP Percentage Mod: HP is shown in percentages\n|rule|Sleep Clause Mod: Limit one foe put to sleep\n|rule|Illusion Level Mod: Illusion disguises the Pok\u00e9mon's true level\n|\n|t:|1783566599\n|teamsize|p1|6\n|teamsize|p2|6\n|start\n|switch|p1a: Scrafty|Scrafty, L83, F|100/100\n|switch|p2a: Gogoat|Gogoat, L88, F|360/360\n|turn|1\n|inactive|Battle timer is ON: inactive players will automatically lose when time's up. (requested by p0y2379d7af)\n|inactive|p0x2379996d also wants the timer to be on.\n|\n|t:|1783566601\n|move|p2a: Gogoat|Bulk Up|p2a: Gogoat\n|-boost|p2a: Gogoat|atk|1\n|-boost|p2a: Gogoat|def|1\n|move|p1a: Scrafty|Bulk Up|p1a: Scrafty\n|-boost|p1a: Scrafty|atk|1\n|-boost|p1a: Scrafty|def|1\n|\n|upkeep\n|turn|2\n|inactive|Time left: 300 sec this turn | 300 sec total\n|\n|t:|1783566602\n|move|p2a: Gogoat|Bulk Up|p2a: Gogoat\n|-boost|p2a: Gogoat|atk|1\n|-boost|p2a: Gogoat|def|1\n|move|p1a: Scrafty|Bulk Up|p1a: Scrafty\n|-boost|p1a: Scrafty|atk|1\n|-boost|p1a: Scrafty|def|1\n|\n|upkeep\n|turn|3\n|inactive|Time left: 300 sec this turn | 300 sec total\n|\n|t:|1783566603\n|move|p2a: Gogoat|Bulk Up|p2a: Gogoat\n|-boost|p2a: Gogoat|atk|1\n|-boost|p2a: Gogoat|def|1\n|move|p1a: Scrafty|Bulk Up|p1a: Scrafty\n|-boost|p1a: Scrafty|atk|1\n|-boost|p1a: Scrafty|def|1\n|\n|upkeep\n|turn|4\n|inactive|Time left: 300 sec this turn | 300 sec total\n|\n|t:|1783566604\n|move|p2a: Gogoat|Bulk Up|p2a: Gogoat\n|-boost|p2a: Gogoat|atk|1\n|-boost|p2a: Gogoat|def|1\n|move|p1a: Scrafty|Knock Off|p2a: Gogoat\n|-damage|p2a: Gogoat|267/360\n|-enditem|p2a: Gogoat|Leftovers|[from] move: Knock Off|[of] p1a: Scrafty\n|\n|upkeep\n|turn|5\n|inactive|Time left: 300 sec this turn | 300 sec total\n|\n|t:|1783566605\n|move|p2a: Gogoat|Earthquake|p1a: Scrafty\n|-damage|p1a: Scrafty|66/100\n|move|p1a: Scrafty|Bulk Up|p1a: Scrafty\n|-boost|p1a: Scrafty|atk|1\n|-boost|p1a: Scrafty|def|1\n|\n|-heal|p1a: Scrafty|73/100|[from] item: Leftovers\n|upkeep\n|turn|6\n|inactive|Time left: 300 sec this turn | 300 sec total\n|\n|t:|1783566606\n|move|p2a: Gogoat|Horn Leech|p1a: Scrafty\n|-damage|p1a: Scrafty|41/100\n|-heal|p2a: Gogoat|306/360|[from] drain|[of] p1a: Scrafty\n|move|p1a: Scrafty|Drain Punch|p2a: Gogoat\n|-damage|p2a: Gogoat|213/360\n|-heal|p1a: Scrafty|60/100|[from] drain|[of] p2a: Gogoat\n|\n|-heal|p1a: Scrafty|66/100|[from] item: Leftovers\n|upkeep\n|turn|7\n|inactive|Time left: 300 sec this turn | 300 sec total\n|\n|t:|1783566607\n|move|p2a: Gogoat|Horn Leech|p1a: Scrafty\n|-damage|p1a: Scrafty|37/100\n|-heal|p2a: Gogoat|248/360|[from] drain|[of] p1a: Scrafty\n|move|p1a: Scrafty|Drain Punch|p2a: Gogoat\n|-damage|p2a: Gogoat|160/360\n|-heal|p1a: Scrafty|55/100|[from] drain|[of] p2a: Gogoat\n|\n|-heal|p1a: Scrafty|62/100|[from] item: Leftovers\n|upkeep\n|turn|8\n|inactive|Time left: 300 sec this turn | 300 sec total\n|\n|t:|1783566608\n|move|p2a: Gogoat|Horn Leech|p1a: Scrafty\n|-damage|p1a: Scrafty|32/100\n|-heal|p2a: Gogoat|196/360|[from] drain|[of] p1a: Scrafty\n|move|p1a: Scrafty|Drain Punch|p2a: Gogoat\n|-damage|p2a: Gogoat|100/360\n|-heal|p1a: Scrafty|52/100|[from] drain|[of] p2a: Gogoat\n|\n|-heal|p1a: Scrafty|58/100|[from] item: Leftovers\n|upkeep\n|turn|9\n|inactive|Time left: 300 sec this turn | 300 sec total\n|\n|t:|1783566609\n|move|p2a: Gogoat|Milk Drink|p2a: Gogoat\n|-heal|p2a: Gogoat|280/360\n|move|p1a: Scrafty|Drain Punch|p2a: Gogoat\n|-damage|p2a: Gogoat|193/360\n|-heal|p1a: Scrafty|76/100|[from] drain|[of] p2a: Gogoat\n|\n|-heal|p1a: Scrafty|82/100|[from] item: Leftovers\n|upkeep\n|turn|10\n|inactive|Time left: 300 sec this turn | 300 sec total\n|\n|t:|1783566610\n|move|p2a: Gogoat|Milk Drink|p2a: Gogoat\n|-heal|p2a: Gogoat|360/360\n|move|p1a: Scrafty|Drain Punch|p2a: Gogoat\n|-damage|p2a: Gogoat|273/360\n|-heal|p1a: Scrafty|99/100|[from] drain|[of] p2a: Gogoat\n|\n|-heal|p1a: Scrafty|100/100|[from] item: Leftovers\n|upkeep\n|turn|11\n|inactive|Time left: 300 sec this turn | 300 sec total\n|\n|t:|1783566611\n|move|p2a: Gogoat|Earthquake|p1a: Scrafty\n|-damage|p1a: Scrafty|75/100\n|move|p1a: Scrafty|Drain Punch|p2a: Gogoat\n|-damage|p2a: Gogoat|186/360\n|-heal|p1a: Scrafty|93/100|[from] drain|[of] p2a: Gogoat\n|\n|-heal|p1a: Scrafty|99/100|[from] item: Leftovers\n|upkeep\n|turn|12\n|inactive|Time left: 300 sec this turn | 300 sec total\n|\n|t:|1783566612\n|move|p2a: Gogoat|Milk Drink|p2a: Gogoat\n|-heal|p2a: Gogoat|360/360\n|move|p1a: Scrafty|Drain Punch|p2a: Gogoat\n|-damage|p2a: Gogoat|270/360\n|-heal|p1a: Scrafty|100/100|[from] drain|[of] p2a: Gogoat\n|\n|upkeep\n|turn|13\n|inactive|Time left: 300 sec this turn | 300 sec total\n|\n|t:|1783566613\n|move|p2a: Gogoat|Earthquake|p1a: Scrafty\n|-damage|p1a: Scrafty|75/100\n|move|p1a: Scrafty|Drain Punch|p2a: Gogoat\n|-crit|p2a: Gogoat\n|-damage|p2a: Gogoat|0 fnt\n|-heal|p1a: Scrafty|100/100|[from] drain|[of] p2a: Gogoat\n|faint|p2a: Gogoat\n|\n|upkeep\n|inactive|Time left: 300 sec this turn | 300 sec total | 5 sec grace\n|\n|t:|1783566613\n|switch|p2a: Iron Jugulis|Iron Jugulis, L77|271/271\n|turn|14\n|inactive|Time left: 300 sec this turn | 300 sec total\n|\n|t:|1783566615\n|move|p2a: Iron Jugulis|Hurricane|p1a: Scrafty\n|-supereffective|p1a: Scrafty\n|-damage|p1a: Scrafty|0 fnt\n|faint|p1a: Scrafty\n|\n|upkeep\n|\n|t:|1783566616\n|switch|p1a: Cinderace|Cinderace, L77, F|100/100\n|turn|15\n|inactive|Time left: 300 sec this turn | 300 sec total\n|\n|t:|1783566617\n|move|p1a: Cinderace|High Jump Kick|p2a: Iron Jugulis\n|-start|p1a: Cinderace|typechange|Fighting|[from] ability: Libero\n|-damage|p2a: Iron Jugulis|54/271\n|move|p2a: Iron Jugulis|Hurricane|p1a: Cinderace\n|-supereffective|p1a: Cinderace\n|-damage|p1a: Cinderace|0 fnt\n|faint|p1a: Cinderace\n|\n|upkeep\n|\n|t:|1783566617\n|switch|p1a: Shiftry|Shiftry, L89, M|100/100\n|turn|16\n|inactive|Time left: 300 sec this turn | 300 sec total\n|\n|t:|1783566618\n|-end|p2a: Iron Jugulis|Quark Drive|[silent]\n|switch|p2a: Sandslash|Sandslash-Alola, L88, M|275/275\n|move|p1a: Shiftry|Swords Dance|p1a: Shiftry\n|-boost|p1a: Shiftry|atk|2\n|\n|upkeep\n|turn|17\n|inactive|Time left: 300 sec this turn | 300 sec total\n|\n|t:|1783566619\n|-terastallize|p1a: Shiftry|Poison\n|move|p1a: Shiftry|Knock Off|p2a: Sandslash\n|-damage|p2a: Sandslash|61/275\n|-enditem|p2a: Sandslash|Leftovers|[from] move: Knock Off|[of] p1a: Shiftry\n|-damage|p1a: Shiftry|91/100|[from] item: Life Orb\n|move|p2a: Sandslash|Triple Axel|p1a: Shiftry\n|-damage|p1a: Shiftry|81/100\n|-damage|p1a: Shiftry|61/100\n|-damage|p1a: Shiftry|31/100\n|-hitcount|p1a: Shiftry|3\n|\n|upkeep\n|turn|18\n|inactive|Time left: 300 sec this turn | 300 sec total\n|\n|t:|1783566619\n|move|p1a: Shiftry|Knock Off|p2a: Sandslash\n|-damage|p2a: Sandslash|0 fnt\n|faint|p2a: Sandslash\n|-damage|p1a: Shiftry|21/100|[from] item: Life Orb\n|\n|upkeep\n|inactive|Time left: 300 sec this turn | 300 sec total | 5 sec grace\n|\n|t:|1783566620\n|switch|p2a: Mismagius|Mismagius, L86, M|243/243\n|turn|19\n|inactive|Time left: 300 sec this turn | 300 sec total\n|\n|t:|1783566621\n|move|p1a: Shiftry|Sucker Punch||[still]\n|-fail|p1a: Shiftry\n|move|p2a: Mismagius|Substitute|p2a: Mismagius\n|-start|p2a: Mismagius|Substitute\n|-damage|p2a: Mismagius|183/243\n|\n|-heal|p2a: Mismagius|198/243|[from] item: Leftovers\n|upkeep\n|turn|20\n|inactive|Time left: 300 sec this turn | 300 sec total\n|\n|t:|1783566622\n|move|p1a: Shiftry|Sucker Punch|p2a: Mismagius\n|-supereffective|p2a: Mismagius\n|-end|p2a: Mismagius|Substitute\n|-damage|p1a: Shiftry|11/100|[from] item: Life Orb\n|move|p2a: Mismagius|Shadow Ball|p1a: Shiftry\n|-damage|p1a: Shiftry|0 fnt\n|faint|p1a: Shiftry\n|\n|-heal|p2a: Mismagius|213/243|[from] item: Leftovers\n|upkeep\n|\n|t:|1783566622\n|switch|p1a: Plusle|Plusle, L95, M|100/100\n|turn|21\n|inactive|Time left: 300 sec this turn | 300 sec total\n|\n|t:|1783566623\n|move|p1a: Plusle|Nasty Plot|p1a: Plusle\n|-boost|p1a: Plusle|spa|2\n|move|p2a: Mismagius|Shadow Ball|p1a: Plusle\n|-damage|p1a: Plusle|63/100\n|\n|-heal|p2a: Mismagius|228/243|[from] item: Leftovers\n|upkeep\n|turn|22\n|inactive|Time left: 300 sec this turn | 300 sec total\n|\n|t:|1783566624\n|switch|p2a: Iron Jugulis|Iron Jugulis, L77|54/271\n|move|p1a: Plusle|Thunderbolt|p2a: Iron Jugulis\n|-supereffective|p2a: Iron Jugulis\n|-damage|p2a: Iron Jugulis|0 fnt\n|faint|p2a: Iron Jugulis\n|-end|p2a: Iron Jugulis|Quark Drive|[silent]\n|-damage|p1a: Plusle|53/100|[from] item: Life Orb\n|\n|upkeep\n|inactive|Time left: 300 sec this turn | 300 sec total | 5 sec grace\n|\n|t:|1783566625\n|switch|p2a: Milotic|Milotic, L83, M|293/293\n|turn|23\n|inactive|Time left: 300 sec this turn | 300 sec total\n|\n|t:|1783566626\n|-terastallize|p2a: Milotic|Steel\n|move|p1a: Plusle|Thunderbolt|p2a: Milotic\n|-damage|p2a: Milotic|71/293\n|-damage|p1a: Plusle|44/100|[from] item: Life Orb\n|move|p2a: Milotic|Scald|p1a: Plusle\n|-damage|p1a: Plusle|11/100\n|\n|-heal|p2a: Milotic|89/293|[from] item: Leftovers\n|upkeep\n|turn|24\n|inactive|Time left: 300 sec this turn | 300 sec total\n|\n|t:|1783566627\n|move|p1a: Plusle|Thunderbolt|p2a: Milotic\n|-damage|p2a: Milotic|0 fnt\n|faint|p2a: Milotic\n|-damage|p1a: Plusle|1/100|[from] item: Life Orb\n|\n|upkeep\n|inactive|Time left: 300 sec this turn | 300 sec total | 5 sec grace\n|\n|t:|1783566628\n|switch|p2a: Mismagius|Mismagius, L86, M|228/243\n|turn|25\n|inactive|Time left: 300 sec this turn | 300 sec total\n|\n|t:|1783566629\n|move|p1a: Plusle|Thunderbolt|p2a: Mismagius\n|-damage|p2a: Mismagius|4/243\n|-status|p2a: Mismagius|par\n|-damage|p1a: Plusle|0 fnt|[from] item: Life Orb\n|faint|p1a: Plusle\n|move|p2a: Mismagius|Nasty Plot|p2a: Mismagius\n|-boost|p2a: Mismagius|spa|2\n|\n|-heal|p2a: Mismagius|19/243 par|[from] item: Leftovers\n|upkeep\n|\n|t:|1783566630\n|switch|p1a: Zebstrika|Zebstrika, L87, F|100/100\n|turn|26\n|inactive|Time left: 300 sec this turn | 300 sec total\n|\n|t:|1783566631\n|move|p1a: Zebstrika|Supercell Slam|p2a: Mismagius\n|-damage|p2a: Mismagius|0 fnt\n|faint|p2a: Mismagius\n|-damage|p1a: Zebstrika|91/100|[from] item: Life Orb\n|\n|upkeep\n|inactive|Time left: 300 sec this turn | 300 sec total | 5 sec grace\n|\n|t:|1783566632\n|switch|p2a: Primarina|Primarina, L83, M|268/268\n|turn|27\n|inactive|Time left: 300 sec this turn | 300 sec total\n|\n|t:|1783566633\n|move|p1a: Zebstrika|Supercell Slam|p2a: Primarina\n|-supereffective|p2a: Primarina\n|-damage|p2a: Primarina|0 fnt\n|faint|p2a: Primarina\n|-damage|p1a: Zebstrika|81/100|[from] item: Life Orb\n|\n|win|p0x2379996d", "uploadtime": 1783566633, "views": 0, "rating": 0, "private": 0, "password": null, "_winner": "p0x2379996d", "_our_name": "p0y2379d7af"}