{"id": "battle-gen9randombattle-862", "formatid": "gen9randombattle", "format": "[Gen 9] Random Battle", "players": ["p0x8627399", "p0y8624b46"], "log": "|init|battle\n|title|p0x8627399 vs. p0y8624b46\n|j|\u2606p0x8627399\n|j|\u2606p0y8624b46\n|t:|1783549885\n|gametype|singles\n|player|p1|p0x8627399|101|\n|player|p2|p0y8624b46|102|\n|gen|9\n|tier|[Gen 9] Random Battle\n|rule|Species Clause: Limit one of each Pok\u00e9mon\n|rule|HP Percentage Mod: HP is shown in percentages\n|rule|Sleep Clause Mod: Limit one foe put to sleep\n|rule|Illusion Level Mod: Illusion disguises the Pok\u00e9mon's true level\n|\n|t:|1783549885\n|teamsize|p1|6\n|teamsize|p2|6\n|start\n|switch|p1a: Swalot|Swalot, L90, M|326/326\n|switch|p2a: Arceus|Arceus-Flying, L69|100/100\n|turn|1\n|inactive|Battle timer is ON: inactive players will automatically lose when time's up. (requested by p0y8624b46)\n|inactive|Time left: 300 sec this turn | 300 sec total | 60 sec grace\n|inactive|p0x8627399 also wants the timer to be on.\n|\n|t:|1783549887\n|move|p2a: Arceus|Calm Mind|p2a: Arceus\n|-boost|p2a: Arceus|spa|1\n|-boost|p2a: Arceus|spd|1\n|move|p1a: Swalot|Swords Dance|p1a: Swalot\n|-boost|p1a: Swalot|atk|2\n|\n|upkeep\n|turn|2\n|inactive|Time left: 300 sec this turn | 300 sec total\n|\n|t:|1783549888\n|move|p2a: Arceus|Earth Power|p1a: Swalot\n|-supereffective|p1a: Swalot\n|-damage|p1a: Swalot|182/326\n|move|p1a: Swalot|Gunk Shot|p2a: Arceus\n|-damage|p2a: Arceus|21/100\n|\n|-heal|p1a: Swalot|202/326|[from] item: Leftovers\n|upkeep\n|turn|3\n|inactive|Time left: 300 sec this turn | 300 sec total\n|\n|t:|1783549889\n|move|p2a: Arceus|Judgment|p1a: Swalot\n|-crit|p1a: Swalot\n|-damage|p1a: Swalot|0 fnt\n|faint|p1a: Swalot\n|\n|upkeep\n|inactive|Time left: 300 sec this turn | 300 sec total | 5 sec grace\n|\n|t:|1783549890\n|switch|p1a: Koraidon|Koraidon, L64|235/235\n|-weather|SunnyDay|[from] ability: Orichalcum Pulse|[of] p1a: Koraidon\n|-activate|p1a: Koraidon|Orichalcum Pulse|[source]\n|turn|4\n|inactive|Time left: 300 sec this turn | 300 sec total\n|\n|t:|1783549892\n|move|p1a: Koraidon|Outrage|p2a: Arceus\n|-damage|p2a: Arceus|0 fnt\n|faint|p2a: Arceus\n|\n|-weather|SunnyDay|[upkeep]\n|upkeep\n|\n|t:|1783549893\n|switch|p2a: Grimmsnarl|Grimmsnarl, L83, M|100/100\n|turn|5\n|inactive|Time left: 300 sec this turn | 300 sec total\n|\n|t:|1783549894\n|move|p1a: Koraidon|Outrage|p2a: Grimmsnarl|[from] lockedmove\n|-immune|p2a: Grimmsnarl\n|-start|p1a: Koraidon|confusion|[fatigue]\n|move|p2a: Grimmsnarl|Spirit Break|p1a: Koraidon\n|-supereffective|p1a: Koraidon\n|-damage|p1a: Koraidon|0 fnt\n|faint|p1a: Koraidon\n|\n|-weather|SunnyDay|[upkeep]\n|upkeep\n|inactive|Time left: 300 sec this turn | 300 sec total | 5 sec grace\n|\n|t:|1783549895\n|switch|p1a: Pyroar|Pyroar, L88, F|295/295\n|-ability|p1a: Pyroar|Unnerve\n|turn|6\n|inactive|Time left: 300 sec this turn | 300 sec total\n|\n|t:|1783549896\n|move|p2a: Grimmsnarl|Parting Shot|p1a: Pyroar\n|-unboost|p1a: Pyroar|atk|1\n|-unboost|p1a: Pyroar|spa|1\n|\n|t:|1783549897\n|switch|p2a: Blaziken|Blaziken, L76, F|100/100|[from] Parting Shot\n|move|p1a: Pyroar|Fire Blast|p2a: Blaziken\n|-resisted|p2a: Blaziken\n|-damage|p2a: Blaziken|61/100\n|\n|-weather|SunnyDay|[upkeep]\n|upkeep\n|turn|7\n|inactive|Time left: 300 sec this turn | 300 sec total\n|\n|t:|1783549898\n|switch|p1a: Lanturn|Lanturn, L89, M|367/367\n|move|p2a: Blaziken|Swords Dance|p2a: Blaziken\n|-boost|p2a: Blaziken|atk|2\n|\n|-weather|SunnyDay|[upkeep]\n|-ability|p2a: Blaziken|Speed Boost|boost\n|-boost|p2a: Blaziken|spe|1\n|upkeep\n|turn|8\n|inactive|Time left: 300 sec this turn | 300 sec total\n|\n|t:|1783549899\n|-terastallize|p1a: Lanturn|Flying\n|move|p2a: Blaziken|Close Combat|p1a: Lanturn\n|-resisted|p1a: Lanturn\n|-crit|p1a: Lanturn\n|-damage|p1a: Lanturn|76/367\n|-unboost|p2a: Blaziken|def|1\n|-unboost|p2a: Blaziken|spd|1\n|-damage|p2a: Blaziken|52/100|[from] item: Life Orb\n|move|p1a: Lanturn|Thunderbolt|p2a: Blaziken\n|-damage|p2a: Blaziken|0 fnt\n|faint|p2a: Blaziken\n|\n|-weather|none\n|-heal|p1a: Lanturn|98/367|[from] item: Leftovers\n|upkeep\n|\n|t:|1783549900\n|switch|p2a: Basculin|Basculin-Blue-Striped, L86, M|100/100\n|turn|9\n|inactive|Time left: 300 sec this turn | 300 sec total\n|\n|t:|1783549901\n|switch|p1a: Blissey|Blissey, L85, F|572/572\n|move|p2a: Basculin|Wave Crash|p1a: Blissey\n|-damage|p1a: Blissey|0 fnt\n|faint|p1a: Blissey\n|-damage|p2a: Basculin|28/100|[from] Recoil\n|\n|upkeep\n|inactive|Time left: 300 sec this turn | 300 sec total | 5 sec grace\n|\n|t:|1783549902\n|switch|p1a: Pyroar|Pyroar, L88, F|295/295\n|-ability|p1a: Pyroar|Unnerve\n|turn|10\n|inactive|Time left: 300 sec this turn | 300 sec total\n|\n|t:|1783549903\n|move|p1a: Pyroar|Hyper Voice|p2a: Basculin\n|-damage|p2a: Basculin|0 fnt\n|faint|p2a: Basculin\n|\n|upkeep\n|\n|t:|1783549904\n|switch|p2a: Grimmsnarl|Grimmsnarl, L83, M|100/100\n|turn|11\n|inactive|Time left: 300 sec this turn | 300 sec total\n|\n|t:|1783549905\n|move|p2a: Grimmsnarl|Parting Shot|p1a: Pyroar\n|-unboost|p1a: Pyroar|atk|1\n|-unboost|p1a: Pyroar|spa|1\n|\n|t:|1783549906\n|switch|p2a: Pecharunt|Pecharunt, L77|100/100|[from] Parting Shot\n|move|p1a: Pyroar|Work Up|p1a: Pyroar\n|-boost|p1a: Pyroar|atk|1\n|-boost|p1a: Pyroar|spa|1\n|\n|upkeep\n|turn|12\n|inactive|Time left: 300 sec this turn | 300 sec total\n|\n|t:|1783549907\n|move|p1a: Pyroar|Fire Blast|p2a: Pecharunt\n|-damage|p2a: Pecharunt|41/100\n|move|p2a: Pecharunt|Parting Shot|p1a: Pyroar\n|-unboost|p1a: Pyroar|atk|1\n|-unboost|p1a: Pyroar|spa|1\n|\n|t:|1783549908\n|switch|p2a: Torterra|Torterra, L78, M|100/100|[from] Parting Shot\n|\n|upkeep\n|turn|13\n|inactive|Time left: 300 sec this turn | 300 sec total\n|\n|t:|1783549909\n|move|p1a: Pyroar|Will-O-Wisp|p2a: Torterra\n|-status|p2a: Torterra|brn\n|move|p2a: Torterra|Shell Smash|p2a: Torterra\n|-unboost|p2a: Torterra|def|1\n|-unboost|p2a: Torterra|spd|1\n|-boost|p2a: Torterra|atk|2\n|-boost|p2a: Torterra|spa|2\n|-boost|p2a: Torterra|spe|2\n|\n|-damage|p2a: Torterra|94/100 brn|[from] brn\n|upkeep\n|turn|14\n|inactive|Time left: 300 sec this turn | 300 sec total\n|\n|t:|1783549910\n|move|p2a: Torterra|Rock Blast|p1a: Pyroar\n|-supereffective|p1a: Pyroar\n|-damage|p1a: Pyroar|258/295\n|-supereffective|p1a: Pyroar\n|-damage|p1a: Pyroar|223/295\n|-supereffective|p1a: Pyroar\n|-damage|p1a: Pyroar|185/295\n|-supereffective|p1a: Pyroar\n|-damage|p1a: Pyroar|146/295\n|-hitcount|p1a: Pyroar|4\n|move|p1a: Pyroar|Fire Blast|p2a: Torterra\n|-supereffective|p2a: Torterra\n|-damage|p2a: Torterra|0 fnt\n|faint|p2a: Torterra\n|\n|upkeep\n|\n|t:|1783549911\n|switch|p2a: Grimmsnarl|Grimmsnarl, L83, M|100/100\n|turn|15\n|inactive|Time left: 300 sec this turn | 300 sec total\n|\n|t:|1783549912\n|switch|p1a: Lanturn|Lanturn, L89, M, tera:Flying|98/367\n|move|p2a: Grimmsnarl|Parting Shot|p1a: Lanturn\n|-unboost|p1a: Lanturn|atk|1\n|-unboost|p1a: Lanturn|spa|1\n|\n|t:|1783549913\n|switch|p2a: Pecharunt|Pecharunt, L77|41/100|[from] Parting Shot\n|\n|-heal|p2a: Pecharunt|47/100|[from] item: Leftovers\n|-heal|p1a: Lanturn|120/367|[from] item: Leftovers\n|upkeep\n|turn|16\n|inactive|Time left: 300 sec this turn | 300 sec total\n|\n|t:|1783549914\n|switch|p1a: Pyroar|Pyroar, L88, F|146/295\n|-ability|p1a: Pyroar|Unnerve\n|move|p2a: Pecharunt|Recover|p2a: Pecharunt\n|-heal|p2a: Pecharunt|97/100\n|\n|-heal|p2a: Pecharunt|100/100|[from] item: Leftovers\n|upkeep\n|turn|17\n|inactive|Time left: 300 sec this turn | 300 sec total\n|\n|t:|1783549915\n|move|p1a: Pyroar|Fire Blast|p2a: Pecharunt\n|-damage|p2a: Pecharunt|44/100\n|-status|p2a: Pecharunt|brn\n|move|p2a: Pecharunt|Malignant Chain|p1a: Pyroar\n|-damage|p1a: Pyroar|47/295\n|\n|-heal|p2a: Pecharunt|50/100 brn|[from] item: Leftovers\n|-damage|p2a: Pecharunt|44/100 brn|[from] brn\n|upkeep\n|turn|18\n|inactive|Time left: 300 sec this turn | 300 sec total\n|\n|t:|1783549917\n|move|p1a: Pyroar|Fire Blast|p2a: Pecharunt\n|-damage|p2a: Pecharunt|0 fnt\n|faint|p2a: Pecharunt\n|\n|upkeep\n|\n|t:|1783549917\n|switch|p2a: Grimmsnarl|Grimmsnarl, L83, M|100/100\n|turn|19\n|inactive|Time left: 300 sec this turn | 300 sec total\n|\n|t:|1783549918\n|move|p1a: Pyroar|Will-O-Wisp|p2a: Grimmsnarl\n|-status|p2a: Grimmsnarl|brn\n|move|p2a: Grimmsnarl|Spirit Break|p1a: Pyroar\n|-resisted|p1a: Pyroar\n|-damage|p1a: Pyroar|23/295\n|-unboost|p1a: Pyroar|spa|1\n|\n|-damage|p2a: Grimmsnarl|94/100 brn|[from] brn\n|upkeep\n|turn|20\n|inactive|Time left: 300 sec this turn | 300 sec total\n|\n|t:|1783549920\n|move|p2a: Grimmsnarl|Sucker Punch|p1a: Pyroar\n|-damage|p1a: Pyroar|0 fnt\n|faint|p1a: Pyroar\n|\n|-heal|p2a: Grimmsnarl|100/100 brn|[from] item: Leftovers\n|-damage|p2a: Grimmsnarl|94/100 brn|[from] brn\n|upkeep\n|inactive|Time left: 300 sec this turn | 300 sec total | 5 sec grace\n|\n|t:|1783549920\n|switch|p1a: Cramorant|Cramorant, L86, M|261/261\n|turn|21\n|inactive|Time left: 300 sec this turn | 300 sec total\n|\n|t:|1783549921\n|move|p2a: Grimmsnarl|Parting Shot|p1a: Cramorant\n|-unboost|p1a: Cramorant|atk|1\n|-unboost|p1a: Cramorant|spa|1\n|move|p1a: Cramorant|Surf|p2a: Grimmsnarl\n|-formechange|p1a: Cramorant|Cramorant-Gulping|\n|-damage|p2a: Grimmsnarl|69/100 brn\n|\n|-heal|p2a: Grimmsnarl|75/100 brn|[from] item: Leftovers\n|-damage|p2a: Grimmsnarl|69/100 brn|[from] brn\n|upkeep\n|turn|22\n|inactive|Time left: 300 sec this turn | 300 sec total\n|\n|t:|1783549922\n|move|p2a: Grimmsnarl|Parting Shot|p1a: Cramorant\n|-unboost|p1a: Cramorant|atk|1\n|-unboost|p1a: Cramorant|spa|1\n|move|p1a: Cramorant|Brave Bird|p2a: Grimmsnarl\n|-damage|p2a: Grimmsnarl|43/100 brn\n|-damage|p1a: Cramorant|236/261|[from] Recoil\n|\n|-heal|p2a: Grimmsnarl|49/100 brn|[from] item: Leftovers\n|-damage|p2a: Grimmsnarl|43/100 brn|[from] brn\n|upkeep\n|turn|23\n|inactive|Time left: 300 sec this turn | 300 sec total\n|\n|t:|1783549923\n|move|p2a: Grimmsnarl|Parting Shot|p1a: Cramorant\n|-unboost|p1a: Cramorant|atk|1\n|-unboost|p1a: Cramorant|spa|1\n|move|p1a: Cramorant|Brave Bird|p2a: Grimmsnarl\n|-damage|p2a: Grimmsnarl|22/100 brn\n|-damage|p1a: Cramorant|216/261|[from] Recoil\n|\n|-heal|p2a: Grimmsnarl|28/100 brn|[from] item: Leftovers\n|-damage|p2a: Grimmsnarl|22/100 brn|[from] brn\n|upkeep\n|turn|24\n|inactive|Time left: 300 sec this turn | 300 sec total\n|\n|t:|1783549924\n|move|p2a: Grimmsnarl|Parting Shot|p1a: Cramorant\n|-unboost|p1a: Cramorant|atk|1\n|-unboost|p1a: Cramorant|spa|1\n|move|p1a: Cramorant|Brave Bird|p2a: Grimmsnarl\n|-damage|p2a: Grimmsnarl|4/100 brn\n|-damage|p1a: Cramorant|198/261|[from] Recoil\n|\n|-heal|p2a: Grimmsnarl|10/100 brn|[from] item: Leftovers\n|-damage|p2a: Grimmsnarl|4/100 brn|[from] brn\n|upkeep\n|turn|25\n|inactive|Time left: 300 sec this turn | 300 sec total\n|\n|t:|1783549925\n|-terastallize|p2a: Grimmsnarl|Poison\n|move|p2a: Grimmsnarl|Parting Shot|p1a: Cramorant\n|-unboost|p1a: Cramorant|atk|1\n|-unboost|p1a: Cramorant|spa|1\n|move|p1a: Cramorant|Roost|p1a: Cramorant\n|-heal|p1a: Cramorant|261/261\n|-singleturn|p1a: Cramorant|move: Roost\n|\n|-heal|p2a: Grimmsnarl|10/100 brn|[from] item: Leftovers\n|-damage|p2a: Grimmsnarl|4/100 brn|[from] brn\n|upkeep\n|turn|26\n|inactive|Time left: 300 sec this turn | 300 sec total\n|\n|t:|1783549926\n|move|p2a: Grimmsnarl|Taunt|p1a: Cramorant\n|-start|p1a: Cramorant|move: Taunt\n|cant|p1a: Cramorant|move: Taunt|Defog\n|\n|-heal|p2a: Grimmsnarl|10/100 brn|[from] item: Leftovers\n|-damage|p2a: Grimmsnarl|4/100 brn|[from] brn\n|upkeep\n|turn|27\n|inactive|Time left: 300 sec this turn | 300 sec total\n|\n|t:|1783549927\n|switch|p1a: Lanturn|Lanturn, L89, M, tera:Flying|120/367\n|move|p2a: Grimmsnarl|Sucker Punch||[still]\n|-fail|p2a: Grimmsnarl\n|\n|-heal|p1a: Lanturn|142/367|[from] item: Leftovers\n|-heal|p2a: Grimmsnarl|10/100 brn|[from] item: Leftovers\n|-damage|p2a: Grimmsnarl|4/100 brn|[from] brn\n|upkeep\n|turn|28\n|inactive|Time left: 300 sec this turn | 300 sec total\n|\n|t:|1783549928\n|move|p2a: Grimmsnarl|Sucker Punch|p1a: Lanturn\n|-crit|p1a: Lanturn\n|-damage|p1a: Lanturn|55/367\n|move|p1a: Lanturn|Thunderbolt|p2a: Grimmsnarl\n|-damage|p2a: Grimmsnarl|0 fnt\n|faint|p2a: Grimmsnarl\n|\n|win|p0x8627399", "uploadtime": 1783549928, "views": 0, "rating": 0, "private": 0, "password": null, "_winner": "p0x8627399", "_our_name": "p0x8627399"}