{"id": "battle-gen9randombattle-2919", "formatid": "gen9randombattle", "format": "[Gen 9] Random Battle", "players": ["p0x291913f4", "p0y2919371e"], "log": "|init|battle\n|title|p0x291913f4 vs. p0y2919371e\n|j|\u2606p0x291913f4\n|j|\u2606p0y2919371e\n|t:|1783573608\n|gametype|singles\n|player|p1|p0x291913f4|170|\n|player|p2|p0y2919371e|1|\n|gen|9\n|tier|[Gen 9] Random Battle\n|rule|Species Clause: Limit one of each Pok\u00e9mon\n|rule|HP Percentage Mod: HP is shown in percentages\n|rule|Sleep Clause Mod: Limit one foe put to sleep\n|rule|Illusion Level Mod: Illusion disguises the Pok\u00e9mon's true level\n|\n|t:|1783573608\n|teamsize|p1|6\n|teamsize|p2|6\n|start\n|switch|p1a: Iron Bundle|Iron Bundle, L78|100/100\n|switch|p2a: Abomasnow|Abomasnow, L84, F|287/287\n|-weather|Snowscape|[from] ability: Snow Warning|[of] p2a: Abomasnow\n|turn|1\n|inactive|Battle timer is ON: inactive players will automatically lose when time's up. (requested by p0x291913f4)\n|inactive|Time left: 300 sec this turn | 300 sec total | 60 sec grace\n|\n|t:|1783573610\n|move|p1a: Iron Bundle|Ice Beam|p2a: Abomasnow\n|-damage|p2a: Abomasnow|190/287\n|move|p2a: Abomasnow|Aurora Veil|p2a: Abomasnow\n|-sidestart|p2: p0y2919371e|move: Aurora Veil\n|\n|-weather|Snowscape|[upkeep]\n|upkeep\n|turn|2\n|inactive|Time left: 300 sec this turn | 300 sec total\n|inactive|p0y2919371e also wants the timer to be on.\n|\n|t:|1783573611\n|move|p1a: Iron Bundle|Encore|p2a: Abomasnow\n|-start|p2a: Abomasnow|Encore\n|move|p2a: Abomasnow|Aurora Veil||[still]\n|-fail|p2a: Abomasnow\n|\n|-weather|Snowscape|[upkeep]\n|upkeep\n|turn|3\n|inactive|Time left: 300 sec this turn | 300 sec total\n|\n|t:|1783573612\n|-end|p1a: Iron Bundle|Quark Drive|[silent]\n|switch|p1a: Squawkabilly|Squawkabilly, L85, F|100/100\n|switch|p2a: Mew|Mew, L82|298/298\n|\n|-weather|Snowscape|[upkeep]\n|-status|p1a: Squawkabilly|brn|[from] item: Flame Orb\n|upkeep\n|turn|4\n|inactive|Time left: 300 sec this turn | 300 sec total\n|\n|t:|1783573613\n|move|p2a: Mew|Nasty Plot|p2a: Mew\n|-boost|p2a: Mew|spa|2\n|move|p1a: Squawkabilly|Facade|p2a: Mew\n|-damage|p2a: Mew|198/298\n|\n|-weather|Snowscape|[upkeep]\n|-damage|p1a: Squawkabilly|94/100 brn|[from] brn\n|upkeep\n|turn|5\n|inactive|Time left: 300 sec this turn | 300 sec total\n|\n|t:|1783573615\n|switch|p1a: Decidueye|Decidueye, L88, M|100/100\n|move|p2a: Mew|Psyshock|p1a: Decidueye\n|-damage|p1a: Decidueye|24/100\n|-damage|p2a: Mew|169/298|[from] item: Life Orb\n|\n|-weather|none\n|upkeep\n|turn|6\n|inactive|Time left: 300 sec this turn | 300 sec total\n|\n|t:|1783573616\n|move|p1a: Decidueye|Shadow Sneak|p2a: Mew\n|-supereffective|p2a: Mew\n|-damage|p2a: Mew|113/298\n|-damage|p1a: Decidueye|14/100|[from] item: Life Orb\n|move|p2a: Mew|Psyshock|p1a: Decidueye\n|-damage|p1a: Decidueye|0 fnt\n|faint|p1a: Decidueye\n|-damage|p2a: Mew|84/298|[from] item: Life Orb\n|\n|upkeep\n|\n|t:|1783573618\n|switch|p1a: Bisharp|Bisharp, L79, M|100/100\n|turn|7\n|inactive|Time left: 300 sec this turn | 300 sec total\n|\n|t:|1783573619\n|move|p1a: Bisharp|Sucker Punch|p2a: Mew\n|-supereffective|p2a: Mew\n|-damage|p2a: Mew|2/298\n|move|p2a: Mew|Aura Sphere|p1a: Bisharp\n|-supereffective|p1a: Bisharp\n|-damage|p1a: Bisharp|0 fnt\n|faint|p1a: Bisharp\n|-damage|p2a: Mew|0 fnt|[from] item: Life Orb\n|faint|p2a: Mew\n|\n|upkeep\n|inactive|Time left: 300 sec this turn | 300 sec total | 5 sec grace\n|\n|t:|1783573621\n|switch|p2a: Heracross|Heracross, L80, F|259/259\n|switch|p1a: Tinkaton|Tinkaton, L82, F|100/100\n|-ability|p1a: Tinkaton|Mold Breaker\n|turn|8\n|inactive|Time left: 300 sec this turn | 300 sec total\n|\n|t:|1783573622\n|move|p2a: Heracross|Close Combat|p1a: Tinkaton\n|-damage|p1a: Tinkaton|44/100\n|-unboost|p2a: Heracross|def|1\n|-unboost|p2a: Heracross|spd|1\n|move|p1a: Tinkaton|Swords Dance|p1a: Tinkaton\n|-boost|p1a: Tinkaton|atk|2\n|\n|-heal|p1a: Tinkaton|50/100|[from] item: Leftovers\n|-sideend|p2: p0y2919371e|move: Aurora Veil\n|upkeep\n|turn|9\n|inactive|Time left: 300 sec this turn | 300 sec total\n|\n|t:|1783573623\n|switch|p1a: Typhlosion|Typhlosion-Hisui, L83, F|100/100\n|move|p2a: Heracross|Close Combat|p1a: Typhlosion\n|-immune|p1a: Typhlosion\n|\n|upkeep\n|turn|10\n|inactive|Time left: 300 sec this turn | 300 sec total\n|\n|t:|1783573624\n|switch|p2a: Primarina|Primarina, L83, F|268/268\n|move|p1a: Typhlosion|Eruption|p2a: Primarina\n|-resisted|p2a: Primarina\n|-damage|p2a: Primarina|162/268\n|\n|-heal|p2a: Primarina|178/268|[from] item: Leftovers\n|upkeep\n|turn|11\n|inactive|Time left: 300 sec this turn | 300 sec total\n|\n|t:|1783573625\n|move|p1a: Typhlosion|Eruption|p2a: Primarina\n|-resisted|p2a: Primarina\n|-damage|p2a: Primarina|66/268\n|move|p2a: Primarina|Sparkling Aria|p1a: Typhlosion\n|-supereffective|p1a: Typhlosion\n|-damage|p1a: Typhlosion|0 fnt\n|faint|p1a: Typhlosion\n|\n|-heal|p2a: Primarina|82/268|[from] item: Leftovers\n|upkeep\n|\n|t:|1783573626\n|switch|p1a: Squawkabilly|Squawkabilly, L85, F|94/100 brn\n|turn|12\n|inactive|Time left: 300 sec this turn | 300 sec total\n|\n|t:|1783573627\n|switch|p2a: Palossand|Palossand, L89, M|296/296\n|move|p1a: Squawkabilly|Facade|p2a: Palossand\n|-immune|p2a: Palossand\n|\n|-damage|p1a: Squawkabilly|88/100 brn|[from] brn\n|upkeep\n|turn|13\n|inactive|Time left: 300 sec this turn | 300 sec total\n|\n|t:|1783573628\n|move|p1a: Squawkabilly|Brave Bird|p2a: Palossand\n|-damage|p2a: Palossand|136/296\n|-damage|p1a: Squawkabilly|69/100 brn|[from] Recoil\n|move|p2a: Palossand|Shore Up|p2a: Palossand\n|-heal|p2a: Palossand|284/296\n|\n|-heal|p2a: Palossand|296/296|[from] item: Leftovers\n|-damage|p1a: Squawkabilly|63/100 brn|[from] brn\n|upkeep\n|turn|14\n|inactive|Time left: 300 sec this turn | 300 sec total\n|\n|t:|1783573628\n|move|p1a: Squawkabilly|Brave Bird|p2a: Palossand\n|-damage|p2a: Palossand|136/296\n|-damage|p1a: Squawkabilly|44/100 brn|[from] Recoil\n|move|p2a: Palossand|Stealth Rock|p1a: Squawkabilly\n|-sidestart|p1: p0x291913f4|move: Stealth Rock\n|\n|-heal|p2a: Palossand|154/296|[from] item: Leftovers\n|-damage|p1a: Squawkabilly|38/100 brn|[from] brn\n|upkeep\n|turn|15\n|inactive|Time left: 300 sec this turn | 300 sec total\n|\n|t:|1783573629\n|move|p1a: Squawkabilly|Brave Bird|p2a: Palossand\n|-damage|p2a: Palossand|0 fnt\n|faint|p2a: Palossand\n|-damage|p1a: Squawkabilly|20/100 brn|[from] Recoil\n|\n|-damage|p1a: Squawkabilly|13/100 brn|[from] brn\n|upkeep\n|inactive|Time left: 300 sec this turn | 300 sec total | 5 sec grace\n|\n|t:|1783573630\n|switch|p2a: Heracross|Heracross, L80, F|259/259\n|turn|16\n|inactive|Time left: 300 sec this turn | 300 sec total\n|\n|t:|1783573631\n|move|p1a: Squawkabilly|Quick Attack|p2a: Heracross\n|-damage|p2a: Heracross|180/259\n|move|p2a: Heracross|Close Combat|p1a: Squawkabilly\n|-damage|p1a: Squawkabilly|0 fnt\n|-unboost|p2a: Heracross|def|1\n|-unboost|p2a: Heracross|spd|1\n|faint|p1a: Squawkabilly\n|-ability|p2a: Heracross|Moxie|boost\n|-boost|p2a: Heracross|atk|1\n|\n|upkeep\n|\n|t:|1783573632\n|switch|p1a: Iron Bundle|Iron Bundle, L78|100/100\n|turn|17\n|inactive|Time left: 300 sec this turn | 300 sec total\n|\n|t:|1783573633\n|-terastallize|p1a: Iron Bundle|Water\n|move|p2a: Heracross|Close Combat|p1a: Iron Bundle\n|-damage|p1a: Iron Bundle|7/100\n|-unboost|p2a: Heracross|def|1\n|-unboost|p2a: Heracross|spd|1\n|move|p1a: Iron Bundle|Ice Beam|p2a: Heracross\n|-damage|p2a: Heracross|0 fnt\n|faint|p2a: Heracross\n|\n|upkeep\n|inactive|Time left: 300 sec this turn | 300 sec total | 5 sec grace\n|\n|t:|1783573634\n|switch|p2a: Abomasnow|Abomasnow, L84, F|190/287\n|-weather|Snowscape|[from] ability: Snow Warning|[of] p2a: Abomasnow\n|turn|18\n|inactive|Time left: 300 sec this turn | 300 sec total\n|\n|t:|1783573635\n|move|p1a: Iron Bundle|Ice Beam|p2a: Abomasnow\n|-damage|p2a: Abomasnow|91/287\n|move|p2a: Abomasnow|Earthquake|p1a: Iron Bundle\n|-damage|p1a: Iron Bundle|0 fnt\n|faint|p1a: Iron Bundle\n|-end|p1a: Iron Bundle|Quark Drive|[silent]\n|\n|-weather|Snowscape|[upkeep]\n|upkeep\n|\n|t:|1783573636\n|switch|p1a: Tinkaton|Tinkaton, L82, F|50/100\n|-damage|p1a: Tinkaton|44/100|[from] Stealth Rock\n|-ability|p1a: Tinkaton|Mold Breaker\n|turn|19\n|inactive|Time left: 300 sec this turn | 300 sec total\n|\n|t:|1783573636\n|move|p1a: Tinkaton|Gigaton Hammer|p2a: Abomasnow\n|-supereffective|p2a: Abomasnow\n|-damage|p2a: Abomasnow|0 fnt\n|faint|p2a: Abomasnow\n|\n|-weather|Snowscape|[upkeep]\n|-heal|p1a: Tinkaton|50/100|[from] item: Leftovers\n|upkeep\n|inactive|Time left: 300 sec this turn | 300 sec total | 5 sec grace\n|\n|t:|1783573637\n|switch|p2a: Primarina|Primarina, L83, F|82/268\n|turn|20\n|inactive|Time left: 300 sec this turn | 300 sec total\n|\n|t:|1783573638\n|-terastallize|p2a: Primarina|Steel\n|move|p1a: Tinkaton|Protect|p1a: Tinkaton\n|-singleturn|p1a: Tinkaton|Protect\n|move|p2a: Primarina|Sparkling Aria|p1a: Tinkaton\n|-activate|p1a: Tinkaton|move: Protect\n|\n|-weather|Snowscape|[upkeep]\n|-heal|p1a: Tinkaton|57/100|[from] item: Leftovers\n|-heal|p2a: Primarina|98/268|[from] item: Leftovers\n|upkeep\n|turn|21\n|inactive|Time left: 300 sec this turn | 300 sec total\n|\n|t:|1783573639\n|move|p1a: Tinkaton|Swords Dance|p1a: Tinkaton\n|-boost|p1a: Tinkaton|atk|2\n|move|p2a: Primarina|Sparkling Aria|p1a: Tinkaton\n|-damage|p1a: Tinkaton|18/100\n|\n|-weather|Snowscape|[upkeep]\n|-heal|p1a: Tinkaton|25/100|[from] item: Leftovers\n|-heal|p2a: Primarina|114/268|[from] item: Leftovers\n|upkeep\n|turn|22\n|inactive|Time left: 300 sec this turn | 300 sec total\n|\n|t:|1783573640\n|switch|p2a: Amoonguss|Amoonguss, L82, M|321/321\n|move|p1a: Tinkaton|Protect||[still]\n|-fail|p1a: Tinkaton\n|\n|-weather|none\n|-heal|p1a: Tinkaton|31/100|[from] item: Leftovers\n|upkeep\n|turn|23\n|inactive|Time left: 300 sec this turn | 300 sec total\n|\n|t:|1783573640\n|move|p1a: Tinkaton|Gigaton Hammer|p2a: Amoonguss\n|-damage|p2a: Amoonguss|11/321\n|move|p2a: Amoonguss|Spore|p1a: Tinkaton\n|-status|p1a: Tinkaton|slp|[from] move: Spore\n|\n|-heal|p1a: Tinkaton|37/100 slp|[from] item: Leftovers\n|-heal|p2a: Amoonguss|31/321|[from] item: Leftovers\n|upkeep\n|turn|24\n|inactive|Time left: 300 sec this turn | 300 sec total\n|\n|t:|1783573641\n|switch|p2a: Primarina|Primarina, L83, F, tera:Steel|114/268\n|cant|p1a: Tinkaton|slp\n|\n|-heal|p1a: Tinkaton|43/100 slp|[from] item: Leftovers\n|-heal|p2a: Primarina|130/268|[from] item: Leftovers\n|upkeep\n|turn|25\n|inactive|Time left: 300 sec this turn | 300 sec total\n|\n|t:|1783573642\n|cant|p1a: Tinkaton|slp\n|move|p2a: Primarina|Sparkling Aria|p1a: Tinkaton\n|-damage|p1a: Tinkaton|6/100 slp\n|\n|-heal|p1a: Tinkaton|12/100 slp|[from] item: Leftovers\n|-heal|p2a: Primarina|146/268|[from] item: Leftovers\n|upkeep\n|turn|26\n|inactive|Time left: 300 sec this turn | 300 sec total\n|\n|t:|1783573643\n|cant|p1a: Tinkaton|slp\n|move|p2a: Primarina|Sparkling Aria|p1a: Tinkaton\n|-damage|p1a: Tinkaton|0 fnt\n|faint|p1a: Tinkaton\n|\n|win|p0y2919371e", "uploadtime": 1783573643, "views": 0, "rating": 0, "private": 0, "password": null, "_winner": "p0y2919371e", "_our_name": "p0y2919371e"}