{"id": "battle-gen9randombattle-1634", "formatid": "gen9randombattle", "format": "[Gen 9] Random Battle", "players": ["p0x16349ac4", "p0y16347ff5"], "log": "|init|battle\n|title|p0x16349ac4 vs. p0y16347ff5\n|j|\u2606p0x16349ac4\n|j|\u2606p0y16347ff5\n|t:|1783558187\n|gametype|singles\n|player|p1|p0x16349ac4|2|\n|player|p2|p0y16347ff5|266|\n|gen|9\n|tier|[Gen 9] Random Battle\n|rule|Species Clause: Limit one of each Pok\u00e9mon\n|rule|HP Percentage Mod: HP is shown in percentages\n|rule|Sleep Clause Mod: Limit one foe put to sleep\n|rule|Illusion Level Mod: Illusion disguises the Pok\u00e9mon's true level\n|\n|t:|1783558187\n|teamsize|p1|6\n|teamsize|p2|6\n|start\n|switch|p1a: Emboar|Emboar, L84, M|100/100\n|switch|p2a: Spiritomb|Spiritomb, L89, F|234/234\n|turn|1\n|inactive|Battle timer is ON: inactive players will automatically lose when time's up. (requested by p0y16347ff5)\n|inactive|p0x16349ac4 also wants the timer to be on.\n|\n|t:|1783558188\n|move|p1a: Emboar|Flare Blitz|p2a: Spiritomb\n|-damage|p2a: Spiritomb|92/234\n|-damage|p1a: Emboar|86/100|[from] Recoil\n|move|p2a: Spiritomb|Poltergeist|p1a: Emboar\n|-activate|p1a: Emboar|move: Poltergeist|Assault Vest\n|-damage|p1a: Emboar|37/100\n|\n|-heal|p2a: Spiritomb|106/234|[from] item: Leftovers\n|upkeep\n|turn|2\n|inactive|Time left: 300 sec this turn | 300 sec total\n|\n|t:|1783558189\n|move|p1a: Emboar|Flare Blitz|p2a: Spiritomb\n|-damage|p2a: Spiritomb|0 fnt\n|faint|p2a: Spiritomb\n|-damage|p1a: Emboar|26/100|[from] Recoil\n|\n|upkeep\n|inactive|Time left: 300 sec this turn | 300 sec total | 5 sec grace\n|\n|t:|1783558190\n|switch|p2a: Espathra|Espathra, L80, M|283/283\n|turn|3\n|inactive|Time left: 300 sec this turn | 300 sec total\n|\n|t:|1783558191\n|move|p2a: Espathra|Lumina Crash|p1a: Emboar\n|-supereffective|p1a: Emboar\n|-damage|p1a: Emboar|0 fnt\n|faint|p1a: Emboar\n|\n|-ability|p2a: Espathra|Speed Boost|boost\n|-boost|p2a: Espathra|spe|1\n|upkeep\n|\n|t:|1783558192\n|switch|p1a: Vespiquen|Vespiquen, L99, F|100/100\n|-ability|p1a: Vespiquen|Pressure\n|turn|4\n|inactive|Time left: 300 sec this turn | 300 sec total\n|\n|t:|1783558193\n|move|p2a: Espathra|Lumina Crash|p1a: Vespiquen\n|-damage|p1a: Vespiquen|72/100\n|-unboost|p1a: Vespiquen|spd|2\n|move|p1a: Vespiquen|U-turn|p2a: Espathra\n|-supereffective|p2a: Espathra\n|-damage|p2a: Espathra|59/283\n|\n|t:|1783558194\n|switch|p1a: Lycanroc|Lycanroc-Dusk, L81, F|100/100|[from] U-turn\n|\n|-ability|p2a: Espathra|Speed Boost|boost\n|-boost|p2a: Espathra|spe|1\n|upkeep\n|turn|5\n|inactive|Time left: 300 sec this turn | 300 sec total\n|\n|t:|1783558195\n|move|p1a: Lycanroc|Accelerock|p2a: Espathra\n|-damage|p2a: Espathra|0 fnt\n|faint|p2a: Espathra\n|\n|upkeep\n|inactive|Time left: 300 sec this turn | 300 sec total | 5 sec grace\n|\n|t:|1783558196\n|switch|p2a: Drednaw|Drednaw, L81, F|278/278\n|turn|6\n|inactive|Time left: 300 sec this turn | 300 sec total\n|\n|t:|1783558197\n|switch|p1a: Avalugg|Avalugg-Hisui, L90, F|100/100\n|move|p2a: Drednaw|Shell Smash|p2a: Drednaw\n|-unboost|p2a: Drednaw|def|1\n|-unboost|p2a: Drednaw|spd|1\n|-boost|p2a: Drednaw|atk|2\n|-boost|p2a: Drednaw|spa|2\n|-boost|p2a: Drednaw|spe|2\n|-enditem|p2a: Drednaw|White Herb\n|-clearnegativeboost|p2a: Drednaw|[silent]\n|\n|upkeep\n|turn|7\n|inactive|Time left: 300 sec this turn | 300 sec total\n|\n|t:|1783558198\n|-terastallize|p1a: Avalugg|Ghost\n|move|p2a: Drednaw|Stone Edge|p1a: Avalugg\n|-damage|p1a: Avalugg|63/100\n|move|p1a: Avalugg|Body Press|p2a: Drednaw\n|-supereffective|p2a: Drednaw\n|-damage|p2a: Drednaw|32/278\n|\n|upkeep\n|turn|8\n|inactive|Time left: 300 sec this turn | 300 sec total\n|\n|t:|1783558199\n|-terastallize|p2a: Drednaw|Dark\n|move|p2a: Drednaw|Crunch|p1a: Avalugg\n|-supereffective|p1a: Avalugg\n|-damage|p1a: Avalugg|0 fnt\n|faint|p1a: Avalugg\n|\n|upkeep\n|\n|t:|1783558200\n|switch|p1a: Lycanroc|Lycanroc-Dusk, L81, F|100/100\n|turn|9\n|inactive|Time left: 300 sec this turn | 300 sec total\n|\n|t:|1783558201\n|switch|p2a: Urshifu|Urshifu-Rapid-Strike, L75, M|274/274\n|move|p1a: Lycanroc|Accelerock|p2a: Urshifu\n|-resisted|p2a: Urshifu\n|-damage|p2a: Urshifu|226/274\n|\n|upkeep\n|turn|10\n|inactive|Time left: 300 sec this turn | 300 sec total\n|\n|t:|1783558202\n|switch|p1a: Suicune|Suicune, L82|100/100\n|-ability|p1a: Suicune|Pressure\n|move|p2a: Urshifu|Surging Strikes|p1a: Suicune\n|-resisted|p1a: Suicune\n|-crit|p1a: Suicune\n|-damage|p1a: Suicune|92/100\n|-resisted|p1a: Suicune\n|-crit|p1a: Suicune\n|-damage|p1a: Suicune|84/100\n|-resisted|p1a: Suicune\n|-crit|p1a: Suicune\n|-damage|p1a: Suicune|75/100\n|-hitcount|p1a: Suicune|3\n|\n|-heal|p1a: Suicune|81/100|[from] item: Leftovers\n|upkeep\n|turn|11\n|inactive|Time left: 300 sec this turn | 300 sec total\n|\n|t:|1783558203\n|move|p2a: Urshifu|Surging Strikes|p1a: Suicune\n|-resisted|p1a: Suicune\n|-crit|p1a: Suicune\n|-damage|p1a: Suicune|72/100\n|-resisted|p1a: Suicune\n|-crit|p1a: Suicune\n|-damage|p1a: Suicune|62/100\n|-resisted|p1a: Suicune\n|-crit|p1a: Suicune\n|-damage|p1a: Suicune|53/100\n|-hitcount|p1a: Suicune|3\n|move|p1a: Suicune|Calm Mind|p1a: Suicune\n|-boost|p1a: Suicune|spa|1\n|-boost|p1a: Suicune|spd|1\n|\n|-heal|p1a: Suicune|59/100|[from] item: Leftovers\n|upkeep\n|turn|12\n|inactive|Time left: 300 sec this turn | 300 sec total\n|\n|t:|1783558204\n|move|p2a: Urshifu|Surging Strikes|p1a: Suicune\n|-resisted|p1a: Suicune\n|-crit|p1a: Suicune\n|-damage|p1a: Suicune|50/100\n|-resisted|p1a: Suicune\n|-crit|p1a: Suicune\n|-damage|p1a: Suicune|41/100\n|-resisted|p1a: Suicune\n|-crit|p1a: Suicune\n|-damage|p1a: Suicune|32/100\n|-hitcount|p1a: Suicune|3\n|move|p1a: Suicune|Scald|p2a: Urshifu\n|-resisted|p2a: Urshifu\n|-damage|p2a: Urshifu|140/274\n|\n|-heal|p1a: Suicune|38/100|[from] item: Leftovers\n|upkeep\n|turn|13\n|inactive|Time left: 300 sec this turn | 300 sec total\n|\n|t:|1783558205\n|move|p2a: Urshifu|Surging Strikes|p1a: Suicune\n|-resisted|p1a: Suicune\n|-crit|p1a: Suicune\n|-damage|p1a: Suicune|29/100\n|-resisted|p1a: Suicune\n|-crit|p1a: Suicune\n|-damage|p1a: Suicune|21/100\n|-resisted|p1a: Suicune\n|-crit|p1a: Suicune\n|-damage|p1a: Suicune|12/100\n|-hitcount|p1a: Suicune|3\n|move|p1a: Suicune|Scald|p2a: Urshifu\n|-resisted|p2a: Urshifu\n|-damage|p2a: Urshifu|53/274\n|\n|-heal|p1a: Suicune|18/100|[from] item: Leftovers\n|upkeep\n|turn|14\n|inactive|Time left: 300 sec this turn | 300 sec total\n|\n|t:|1783558206\n|-activate|p2a: Urshifu|move: Struggle\n|move|p2a: Urshifu|Struggle|p1a: Suicune\n|-damage|p1a: Suicune|4/100\n|-damage|p2a: Urshifu|0 fnt|[from] recoil\n|faint|p2a: Urshifu\n|move|p1a: Suicune|Ice Beam|p2: Urshifu|[notarget]\n|-fail|p1a: Suicune\n|\n|-heal|p1a: Suicune|10/100|[from] item: Leftovers\n|upkeep\n|inactive|Time left: 300 sec this turn | 300 sec total | 5 sec grace\n|\n|t:|1783558207\n|switch|p2a: Gengar|Gengar, L81, M|230/230\n|turn|15\n|inactive|Time left: 300 sec this turn | 300 sec total\n|\n|t:|1783558208\n|move|p2a: Gengar|Shadow Ball|p1a: Suicune\n|-damage|p1a: Suicune|0 fnt\n|faint|p1a: Suicune\n|-damage|p2a: Gengar|207/230|[from] item: Life Orb\n|\n|upkeep\n|\n|t:|1783558209\n|switch|p1a: Lycanroc|Lycanroc-Dusk, L81, F|100/100\n|turn|16\n|inactive|Time left: 300 sec this turn | 300 sec total\n|\n|t:|1783558210\n|move|p1a: Lycanroc|Stone Edge|p2a: Gengar\n|-damage|p2a: Gengar|0 fnt\n|faint|p2a: Gengar\n|\n|upkeep\n|inactive|Time left: 300 sec this turn | 300 sec total | 5 sec grace\n|\n|t:|1783558211\n|switch|p2a: Cyclizar|Cyclizar, L84, F|255/255\n|turn|17\n|inactive|Time left: 300 sec this turn | 300 sec total\n|\n|t:|1783558212\n|move|p2a: Cyclizar|Shed Tail|p2a: Cyclizar\n|-start|p2a: Cyclizar|Substitute|[from] move: Shed Tail\n|-damage|p2a: Cyclizar|127/255\n|inactive|Time left: 300 sec this turn | 300 sec total | 5 sec grace\n|\n|t:|1783558213\n|switch|p2a: Drednaw|Drednaw, L81, F, tera:Dark|32/278|[from] Shed Tail\n|move|p1a: Lycanroc|Stone Edge|p2a: Drednaw\n|-end|p2a: Drednaw|Substitute\n|\n|upkeep\n|turn|18\n|inactive|Time left: 300 sec this turn | 300 sec total\n|\n|t:|1783558214\n|move|p1a: Lycanroc|Stone Edge|p2a: Drednaw\n|-damage|p2a: Drednaw|0 fnt\n|faint|p2a: Drednaw\n|\n|upkeep\n|inactive|Time left: 300 sec this turn | 300 sec total | 5 sec grace\n|\n|t:|1783558215\n|switch|p2a: Cyclizar|Cyclizar, L84, F|212/255\n|turn|19\n|inactive|Time left: 300 sec this turn | 300 sec total\n|\n|t:|1783558216\n|move|p2a: Cyclizar|Shed Tail|p2a: Cyclizar\n|-fail|p2a: Cyclizar\n|move|p1a: Lycanroc|Stone Edge|p2a: Cyclizar|[miss]\n|-miss|p1a: Lycanroc|p2a: Cyclizar\n|\n|upkeep\n|turn|20\n|inactive|Time left: 300 sec this turn | 300 sec total\n|\n|t:|1783558217\n|move|p2a: Cyclizar|Shed Tail|p2a: Cyclizar\n|-fail|p2a: Cyclizar\n|move|p1a: Lycanroc|Stone Edge|p2a: Cyclizar|[miss]\n|-miss|p1a: Lycanroc|p2a: Cyclizar\n|\n|upkeep\n|turn|21\n|inactive|Time left: 300 sec this turn | 300 sec total\n|\n|t:|1783558218\n|move|p2a: Cyclizar|Shed Tail|p2a: Cyclizar\n|-fail|p2a: Cyclizar\n|move|p1a: Lycanroc|Stone Edge|p2a: Cyclizar|[miss]\n|-miss|p1a: Lycanroc|p2a: Cyclizar\n|\n|upkeep\n|turn|22\n|inactive|Time left: 300 sec this turn | 300 sec total\n|\n|t:|1783558219\n|move|p2a: Cyclizar|Shed Tail|p2a: Cyclizar\n|-fail|p2a: Cyclizar\n|move|p1a: Lycanroc|Stone Edge|p2a: Cyclizar\n|-damage|p2a: Cyclizar|0 fnt\n|faint|p2a: Cyclizar\n|\n|win|p0x16349ac4", "uploadtime": 1783558219, "views": 0, "rating": 0, "private": 0, "password": null, "_winner": "p0x16349ac4", "_our_name": "p0y16347ff5"}