{"id": "battle-gen9randombattle-118", "formatid": "gen9randombattle", "format": "[Gen 9] Random Battle", "players": ["p0x118da43", "p0y1180ee2"], "log": "|init|battle\n|title|p0x118da43 vs. p0y1180ee2\n|j|\u2606p0x118da43\n|j|\u2606p0y1180ee2\n|t:|1783534635\n|gametype|singles\n|player|p1|p0x118da43|102|\n|player|p2|p0y1180ee2|266|\n|gen|9\n|tier|[Gen 9] Random Battle\n|rule|Species Clause: Limit one of each Pok\u00e9mon\n|rule|HP Percentage Mod: HP is shown in percentages\n|rule|Sleep Clause Mod: Limit one foe put to sleep\n|rule|Illusion Level Mod: Illusion disguises the Pok\u00e9mon's true level\n|\n|t:|1783534635\n|teamsize|p1|6\n|teamsize|p2|6\n|start\n|switch|p1a: Dunsparce|Dunsparce, L86, M|100/100\n|switch|p2a: Basculegion|Basculegion, L80, M|323/323\n|turn|1\n|inactive|Battle timer is ON: inactive players will automatically lose when time's up. (requested by p0x118da43)\n|inactive|Time left: 300 sec this turn | 300 sec total | 60 sec grace\n|inactive|p0y1180ee2 also wants the timer to be on.\n|\n|t:|1783534637\n|move|p2a: Basculegion|Wave Crash|p1a: Dunsparce\n|-damage|p1a: Dunsparce|54/100\n|-damage|p2a: Basculegion|275/323|[from] Recoil\n|move|p1a: Dunsparce|Coil|p1a: Dunsparce\n|-boost|p1a: Dunsparce|atk|1\n|-boost|p1a: Dunsparce|def|1\n|-boost|p1a: Dunsparce|accuracy|1\n|\n|upkeep\n|turn|2\n|inactive|Time left: 300 sec this turn | 300 sec total\n|\n|t:|1783534638\n|move|p2a: Basculegion|Wave Crash|p1a: Dunsparce\n|-damage|p1a: Dunsparce|25/100\n|-damage|p2a: Basculegion|245/323|[from] Recoil\n|move|p1a: Dunsparce|Roost|p1a: Dunsparce\n|-heal|p1a: Dunsparce|75/100\n|-singleturn|p1a: Dunsparce|move: Roost\n|\n|upkeep\n|turn|3\n|inactive|Time left: 300 sec this turn | 300 sec total\n|\n|t:|1783534639\n|move|p2a: Basculegion|Wave Crash|p1a: Dunsparce\n|-damage|p1a: Dunsparce|43/100\n|-damage|p2a: Basculegion|213/323|[from] Recoil\n|move|p1a: Dunsparce|Coil|p1a: Dunsparce\n|-boost|p1a: Dunsparce|atk|1\n|-boost|p1a: Dunsparce|def|1\n|-boost|p1a: Dunsparce|accuracy|1\n|\n|upkeep\n|turn|4\n|inactive|Time left: 300 sec this turn | 300 sec total\n|\n|t:|1783534640\n|move|p2a: Basculegion|Wave Crash|p1a: Dunsparce\n|-damage|p1a: Dunsparce|20/100\n|-damage|p2a: Basculegion|189/323|[from] Recoil\n|move|p1a: Dunsparce|Roost|p1a: Dunsparce\n|-heal|p1a: Dunsparce|70/100\n|-singleturn|p1a: Dunsparce|move: Roost\n|\n|upkeep\n|turn|5\n|inactive|Time left: 300 sec this turn | 300 sec total\n|\n|t:|1783534641\n|switch|p2a: Reuniclus|Reuniclus, L88, M|337/337\n|move|p1a: Dunsparce|Body Slam|p2a: Reuniclus\n|-damage|p2a: Reuniclus|190/337\n|-status|p2a: Reuniclus|par\n|\n|upkeep\n|turn|6\n|inactive|Time left: 300 sec this turn | 300 sec total\n|\n|t:|1783534643\n|move|p1a: Dunsparce|Earthquake|p2a: Reuniclus\n|-damage|p2a: Reuniclus|60/337 par\n|cant|p2a: Reuniclus|par\n|\n|upkeep\n|turn|7\n|inactive|Time left: 300 sec this turn | 300 sec total\n|\n|t:|1783534644\n|move|p1a: Dunsparce|Earthquake|p2a: Reuniclus\n|-damage|p2a: Reuniclus|0 fnt\n|faint|p2a: Reuniclus\n|\n|upkeep\n|inactive|Time left: 300 sec this turn | 300 sec total | 5 sec grace\n|\n|t:|1783534645\n|switch|p2a: Rhydon|Rhydon, L85, M|317/317\n|turn|8\n|inactive|Time left: 300 sec this turn | 300 sec total\n|\n|t:|1783534646\n|move|p1a: Dunsparce|Body Slam|p2a: Rhydon\n|-resisted|p2a: Rhydon\n|-damage|p2a: Rhydon|280/317\n|-status|p2a: Rhydon|par\n|move|p2a: Rhydon|Swords Dance|p2a: Rhydon\n|-boost|p2a: Rhydon|atk|2\n|\n|upkeep\n|turn|9\n|inactive|Time left: 300 sec this turn | 300 sec total\n|\n|t:|1783534647\n|move|p1a: Dunsparce|Earthquake|p2a: Rhydon\n|-supereffective|p2a: Rhydon\n|-damage|p2a: Rhydon|160/317 par\n|cant|p2a: Rhydon|par\n|\n|upkeep\n|turn|10\n|inactive|Time left: 300 sec this turn | 300 sec total\n|\n|t:|1783534648\n|move|p1a: Dunsparce|Earthquake|p2a: Rhydon\n|-supereffective|p2a: Rhydon\n|-damage|p2a: Rhydon|32/317 par\n|cant|p2a: Rhydon|par\n|\n|upkeep\n|turn|11\n|inactive|Time left: 300 sec this turn | 300 sec total\n|\n|t:|1783534649\n|move|p1a: Dunsparce|Body Slam|p2a: Rhydon\n|-resisted|p2a: Rhydon\n|-damage|p2a: Rhydon|0 fnt\n|faint|p2a: Rhydon\n|\n|upkeep\n|inactive|Time left: 300 sec this turn | 300 sec total | 5 sec grace\n|\n|t:|1783534650\n|switch|p2a: Rillaboom|Rillaboom, L79, M|288/288\n|-fieldstart|move: Grassy Terrain|[from] ability: Grassy Surge|[of] p2a: Rillaboom\n|turn|12\n|inactive|Time left: 300 sec this turn | 300 sec total\n|\n|t:|1783534651\n|switch|p2a: Basculegion|Basculegion, L80, M|189/323\n|move|p1a: Dunsparce|Body Slam|p2a: Basculegion\n|-immune|p2a: Basculegion\n|\n|-heal|p2a: Basculegion|209/323|[from] Grassy Terrain\n|-heal|p1a: Dunsparce|76/100|[from] Grassy Terrain\n|upkeep\n|turn|13\n|inactive|Time left: 300 sec this turn | 300 sec total\n|\n|t:|1783534652\n|move|p2a: Basculegion|Wave Crash|p1a: Dunsparce\n|-damage|p1a: Dunsparce|52/100\n|-damage|p2a: Basculegion|185/323|[from] Recoil\n|move|p1a: Dunsparce|Coil|p1a: Dunsparce\n|-boost|p1a: Dunsparce|atk|1\n|-boost|p1a: Dunsparce|def|1\n|-boost|p1a: Dunsparce|accuracy|1\n|\n|-heal|p2a: Basculegion|205/323|[from] Grassy Terrain\n|-heal|p1a: Dunsparce|58/100|[from] Grassy Terrain\n|upkeep\n|turn|14\n|inactive|Time left: 300 sec this turn | 300 sec total\n|\n|t:|1783534653\n|move|p2a: Basculegion|Wave Crash|p1a: Dunsparce\n|-damage|p1a: Dunsparce|40/100\n|-damage|p2a: Basculegion|186/323|[from] Recoil\n|move|p1a: Dunsparce|Roost|p1a: Dunsparce\n|-heal|p1a: Dunsparce|90/100\n|-singleturn|p1a: Dunsparce|move: Roost\n|\n|-heal|p2a: Basculegion|206/323|[from] Grassy Terrain\n|-heal|p1a: Dunsparce|96/100|[from] Grassy Terrain\n|upkeep\n|turn|15\n|inactive|Time left: 300 sec this turn | 300 sec total\n|\n|t:|1783534654\n|move|p2a: Basculegion|Wave Crash|p1a: Dunsparce\n|-damage|p1a: Dunsparce|78/100\n|-damage|p2a: Basculegion|188/323|[from] Recoil\n|move|p1a: Dunsparce|Body Slam|p2a: Basculegion\n|-immune|p2a: Basculegion\n|\n|-heal|p2a: Basculegion|208/323|[from] Grassy Terrain\n|-heal|p1a: Dunsparce|84/100|[from] Grassy Terrain\n|upkeep\n|turn|16\n|inactive|Time left: 300 sec this turn | 300 sec total\n|\n|t:|1783534655\n|move|p2a: Basculegion|Aqua Jet|p1a: Dunsparce\n|-damage|p1a: Dunsparce|79/100\n|move|p1a: Dunsparce|Coil|p1a: Dunsparce\n|-boost|p1a: Dunsparce|atk|1\n|-boost|p1a: Dunsparce|def|1\n|-boost|p1a: Dunsparce|accuracy|1\n|\n|-heal|p2a: Basculegion|228/323|[from] Grassy Terrain\n|-heal|p1a: Dunsparce|85/100|[from] Grassy Terrain\n|-fieldend|move: Grassy Terrain\n|upkeep\n|turn|17\n|inactive|Time left: 300 sec this turn | 300 sec total\n|\n|t:|1783534656\n|switch|p2a: Rillaboom|Rillaboom, L79, M|288/288\n|-fieldstart|move: Grassy Terrain|[from] ability: Grassy Surge|[of] p2a: Rillaboom\n|move|p1a: Dunsparce|Earthquake|p2a: Rillaboom\n|-resisted|p2a: Rillaboom\n|-damage|p2a: Rillaboom|242/288\n|\n|-heal|p2a: Rillaboom|260/288|[from] Grassy Terrain\n|-heal|p1a: Dunsparce|91/100|[from] Grassy Terrain\n|upkeep\n|turn|18\n|inactive|Time left: 300 sec this turn | 300 sec total\n|\n|t:|1783534656\n|switch|p2a: Basculegion|Basculegion, L80, M|228/323\n|move|p1a: Dunsparce|Body Slam|p2a: Basculegion\n|-immune|p2a: Basculegion\n|\n|-heal|p2a: Basculegion|248/323|[from] Grassy Terrain\n|-heal|p1a: Dunsparce|97/100|[from] Grassy Terrain\n|upkeep\n|turn|19\n|inactive|Time left: 300 sec this turn | 300 sec total\n|\n|t:|1783534657\n|move|p2a: Basculegion|Aqua Jet|p1a: Dunsparce\n|-damage|p1a: Dunsparce|91/100\n|move|p1a: Dunsparce|Earthquake|p2a: Basculegion\n|-damage|p2a: Basculegion|132/323\n|\n|-heal|p2a: Basculegion|152/323|[from] Grassy Terrain\n|-heal|p1a: Dunsparce|97/100|[from] Grassy Terrain\n|upkeep\n|turn|20\n|inactive|Time left: 300 sec this turn | 300 sec total\n|\n|t:|1783534658\n|move|p2a: Basculegion|Shadow Ball|p1a: Dunsparce\n|-immune|p1a: Dunsparce\n|move|p1a: Dunsparce|Body Slam|p2a: Basculegion\n|-immune|p2a: Basculegion\n|\n|-heal|p2a: Basculegion|172/323|[from] Grassy Terrain\n|-heal|p1a: Dunsparce|100/100|[from] Grassy Terrain\n|upkeep\n|turn|21\n|inactive|Time left: 300 sec this turn | 300 sec total\n|\n|t:|1783534659\n|move|p2a: Basculegion|Wave Crash|p1a: Dunsparce\n|-damage|p1a: Dunsparce|84/100\n|-damage|p2a: Basculegion|155/323|[from] Recoil\n|move|p1a: Dunsparce|Earthquake|p2a: Basculegion\n|-damage|p2a: Basculegion|40/323\n|\n|-heal|p2a: Basculegion|60/323|[from] Grassy Terrain\n|-heal|p1a: Dunsparce|91/100|[from] Grassy Terrain\n|-fieldend|move: Grassy Terrain\n|upkeep\n|turn|22\n|inactive|Time left: 300 sec this turn | 300 sec total\n|\n|t:|1783534660\n|switch|p2a: Rillaboom|Rillaboom, L79, M|260/288\n|-fieldstart|move: Grassy Terrain|[from] ability: Grassy Surge|[of] p2a: Rillaboom\n|move|p1a: Dunsparce|Earthquake|p2a: Rillaboom\n|-resisted|p2a: Rillaboom\n|-damage|p2a: Rillaboom|216/288\n|\n|-heal|p2a: Rillaboom|234/288|[from] Grassy Terrain\n|-heal|p1a: Dunsparce|97/100|[from] Grassy Terrain\n|upkeep\n|turn|23\n|inactive|Time left: 300 sec this turn | 300 sec total\n|\n|t:|1783534661\n|switch|p2a: Basculegion|Basculegion, L80, M|60/323\n|move|p1a: Dunsparce|Body Slam|p2a: Basculegion\n|-immune|p2a: Basculegion\n|\n|-heal|p2a: Basculegion|80/323|[from] Grassy Terrain\n|-heal|p1a: Dunsparce|100/100|[from] Grassy Terrain\n|upkeep\n|turn|24\n|inactive|Time left: 300 sec this turn | 300 sec total\n|\n|t:|1783534662\n|switch|p2a: Rillaboom|Rillaboom, L79, M|234/288\n|move|p1a: Dunsparce|Earthquake|p2a: Rillaboom\n|-resisted|p2a: Rillaboom\n|-crit|p2a: Rillaboom\n|-damage|p2a: Rillaboom|163/288\n|\n|-heal|p2a: Rillaboom|181/288|[from] Grassy Terrain\n|upkeep\n|turn|25\n|inactive|Time left: 300 sec this turn | 300 sec total\n|\n|t:|1783534663\n|switch|p2a: Basculegion|Basculegion, L80, M|80/323\n|move|p1a: Dunsparce|Body Slam|p2a: Basculegion\n|-immune|p2a: Basculegion\n|\n|-heal|p2a: Basculegion|100/323|[from] Grassy Terrain\n|upkeep\n|turn|26\n|inactive|Time left: 300 sec this turn | 300 sec total\n|\n|t:|1783534664\n|move|p2a: Basculegion|Flip Turn|p1a: Dunsparce\n|-damage|p1a: Dunsparce|92/100\n|inactive|Time left: 300 sec this turn | 300 sec total | 5 sec grace\n|\n|t:|1783534665\n|switch|p2a: Dewgong|Dewgong, L94, F|322/322|[from] Flip Turn\n|move|p1a: Dunsparce|Body Slam|p2a: Dewgong\n|-damage|p2a: Dewgong|93/322\n|\n|-heal|p2a: Dewgong|113/322|[from] Grassy Terrain\n|-heal|p1a: Dunsparce|98/100|[from] Grassy Terrain\n|-fieldend|move: Grassy Terrain\n|upkeep\n|turn|27\n|inactive|Time left: 300 sec this turn | 300 sec total\n|\n|t:|1783534666\n|switch|p2a: Basculegion|Basculegion, L80, M|100/323\n|move|p1a: Dunsparce|Earthquake|p2a: Basculegion\n|-damage|p2a: Basculegion|0 fnt\n|faint|p2a: Basculegion\n|\n|upkeep\n|inactive|Time left: 300 sec this turn | 300 sec total | 5 sec grace\n|\n|t:|1783534667\n|switch|p2a: Dewgong|Dewgong, L94, F|113/322\n|turn|28\n|inactive|Time left: 300 sec this turn | 300 sec total\n|\n|t:|1783534668\n|move|p2a: Dewgong|Surf|p1a: Dunsparce\n|-damage|p1a: Dunsparce|72/100\n|move|p1a: Dunsparce|Body Slam|p2a: Dewgong\n|-damage|p2a: Dewgong|0 fnt\n|faint|p2a: Dewgong\n|\n|upkeep\n|inactive|Time left: 300 sec this turn | 300 sec total | 5 sec grace\n|\n|t:|1783534669\n|switch|p2a: Rillaboom|Rillaboom, L79, M|181/288\n|-fieldstart|move: Grassy Terrain|[from] ability: Grassy Surge|[of] p2a: Rillaboom\n|turn|29\n|inactive|Time left: 300 sec this turn | 300 sec total\n|\n|t:|1783534670\n|move|p2a: Rillaboom|Wood Hammer|p1a: Dunsparce\n|-damage|p1a: Dunsparce|51/100\n|-damage|p2a: Rillaboom|160/288|[from] Recoil\n|-damage|p2a: Rillaboom|132/288|[from] item: Life Orb\n|move|p1a: Dunsparce|Body Slam|p2a: Rillaboom\n|-damage|p2a: Rillaboom|0 fnt\n|faint|p2a: Rillaboom\n|\n|-heal|p1a: Dunsparce|58/100|[from] Grassy Terrain\n|upkeep\n|inactive|Time left: 300 sec this turn | 300 sec total | 5 sec grace\n|\n|t:|1783534671\n|switch|p2a: Gouging Fire|Gouging Fire, L74|277/277\n|turn|30\n|inactive|Time left: 300 sec this turn | 300 sec total\n|\n|t:|1783534672\n|move|p2a: Gouging Fire|Dragon Dance|p2a: Gouging Fire\n|-boost|p2a: Gouging Fire|atk|1\n|-boost|p2a: Gouging Fire|spe|1\n|move|p1a: Dunsparce|Body Slam|p2a: Gouging Fire\n|-damage|p2a: Gouging Fire|79/277\n|\n|-heal|p2a: Gouging Fire|96/277|[from] Grassy Terrain\n|-heal|p1a: Dunsparce|64/100|[from] Grassy Terrain\n|upkeep\n|turn|31\n|inactive|Time left: 300 sec this turn | 300 sec total\n|\n|t:|1783534673\n|-terastallize|p2a: Gouging Fire|Ground\n|move|p2a: Gouging Fire|Heat Crash|p1a: Dunsparce\n|-damage|p1a: Dunsparce|49/100\n|move|p1a: Dunsparce|Body Slam|p2a: Gouging Fire\n|-damage|p2a: Gouging Fire|0 fnt\n|faint|p2a: Gouging Fire\n|-end|p2a: Gouging Fire|Protosynthesis|[silent]\n|\n|win|p0x118da43", "uploadtime": 1783534673, "views": 0, "rating": 0, "private": 0, "password": null, "_winner": "p0x118da43", "_our_name": "p0y1180ee2"}