{"id": "battle-gen9randombattle-946", "formatid": "gen9randombattle", "format": "[Gen 9] Random Battle", "players": ["p0x9462798", "p0y946f026"], "log": "|init|battle\n|title|p0x9462798 vs. p0y946f026\n|j|\u2606p0x9462798\n|j|\u2606p0y946f026\n|t:|1783550834\n|gametype|singles\n|player|p1|p0x9462798|2|\n|player|p2|p0y946f026|101|\n|gen|9\n|tier|[Gen 9] Random Battle\n|rule|Species Clause: Limit one of each Pok\u00e9mon\n|rule|HP Percentage Mod: HP is shown in percentages\n|rule|Sleep Clause Mod: Limit one foe put to sleep\n|rule|Illusion Level Mod: Illusion disguises the Pok\u00e9mon's true level\n|\n|t:|1783550834\n|teamsize|p1|6\n|teamsize|p2|6\n|start\n|switch|p1a: Delibird|Delibird, F|100/100\n|switch|p2a: Dragalge|Dragalge, L88, F|258/258\n|turn|1\n|inactive|Battle timer is ON: inactive players will automatically lose when time's up. (requested by p0x9462798)\n|inactive|Time left: 300 sec this turn | 300 sec total | 60 sec grace\n|inactive|p0y946f026 also wants the timer to be on.\n|\n|t:|1783550835\n|move|p1a: Delibird|Ice Spinner|p2a: Dragalge\n|-supereffective|p2a: Dragalge\n|-damage|p2a: Dragalge|46/258\n|move|p2a: Dragalge|Sludge Wave|p1a: Delibird\n|-crit|p1a: Delibird\n|-damage|p1a: Delibird|0 fnt\n|faint|p1a: Delibird\n|\n|upkeep\n|\n|t:|1783550836\n|switch|p1a: Chandelure|Chandelure, L83, F|100/100\n|turn|2\n|inactive|Time left: 300 sec this turn | 300 sec total\n|\n|t:|1783550838\n|move|p1a: Chandelure|Shadow Ball|p2a: Dragalge\n|-damage|p2a: Dragalge|0 fnt\n|faint|p2a: Dragalge\n|\n|upkeep\n|inactive|Time left: 300 sec this turn | 300 sec total | 5 sec grace\n|\n|t:|1783550839\n|switch|p2a: Mudsdale|Mudsdale, L83, F|302/302\n|turn|3\n|inactive|Time left: 300 sec this turn | 300 sec total\n|\n|t:|1783550840\n|move|p1a: Chandelure|Will-O-Wisp|p2a: Mudsdale\n|-status|p2a: Mudsdale|brn\n|move|p2a: Mudsdale|Earthquake|p1a: Chandelure\n|-supereffective|p1a: Chandelure\n|-damage|p1a: Chandelure|51/100\n|\n|-damage|p2a: Mudsdale|284/302 brn|[from] brn\n|upkeep\n|turn|4\n|inactive|Time left: 300 sec this turn | 300 sec total\n|\n|t:|1783550841\n|move|p1a: Chandelure|Fire Blast|p2a: Mudsdale|[miss]\n|-miss|p1a: Chandelure|p2a: Mudsdale\n|move|p2a: Mudsdale|Earthquake|p1a: Chandelure\n|-supereffective|p1a: Chandelure\n|-damage|p1a: Chandelure|0 fnt\n|faint|p1a: Chandelure\n|\n|-heal|p2a: Mudsdale|302/302 brn|[from] item: Leftovers\n|-damage|p2a: Mudsdale|284/302 brn|[from] brn\n|upkeep\n|\n|t:|1783550842\n|switch|p1a: Leafeon|Leafeon, L88, M|100/100\n|turn|5\n|inactive|Time left: 300 sec this turn | 300 sec total\n|\n|t:|1783550843\n|move|p1a: Leafeon|Leaf Blade|p2a: Mudsdale\n|-supereffective|p2a: Mudsdale\n|-damage|p2a: Mudsdale|1/302 brn\n|-ability|p2a: Mudsdale|Stamina|boost\n|-boost|p2a: Mudsdale|def|1\n|-damage|p1a: Leafeon|91/100|[from] item: Life Orb\n|move|p2a: Mudsdale|Heavy Slam|p1a: Leafeon\n|-damage|p1a: Leafeon|77/100\n|\n|-heal|p2a: Mudsdale|19/302 brn|[from] item: Leftovers\n|-damage|p2a: Mudsdale|1/302 brn|[from] brn\n|upkeep\n|turn|6\n|inactive|Time left: 300 sec this turn | 300 sec total\n|\n|t:|1783550844\n|switch|p2a: Entei|Entei, L78|307/307\n|move|p1a: Leafeon|Swords Dance|p1a: Leafeon\n|-boost|p1a: Leafeon|atk|2\n|\n|upkeep\n|turn|7\n|inactive|Time left: 300 sec this turn | 300 sec total\n|\n|t:|1783550846\n|switch|p2a: Mudsdale|Mudsdale, L83, F|1/302 brn\n|-terastallize|p1a: Leafeon|Normal\n|move|p1a: Leafeon|Double-Edge|p2a: Mudsdale\n|-damage|p2a: Mudsdale|0 fnt\n|faint|p2a: Mudsdale\n|-damage|p1a: Leafeon|76/100|[from] Recoil\n|-damage|p1a: Leafeon|67/100|[from] item: Life Orb\n|\n|upkeep\n|inactive|Time left: 300 sec this turn | 300 sec total | 5 sec grace\n|\n|t:|1783550847\n|switch|p2a: Drifblim|Drifblim, L86, F|398/398\n|turn|8\n|inactive|Time left: 300 sec this turn | 300 sec total\n|\n|t:|1783550848\n|move|p1a: Leafeon|Knock Off|p2a: Drifblim\n|-supereffective|p2a: Drifblim\n|-damage|p2a: Drifblim|0 fnt\n|-damage|p1a: Leafeon|42/100|[from] ability: Aftermath|[of] p2a: Drifblim\n|-enditem|p2a: Drifblim|Heavy-Duty Boots|[from] move: Knock Off|[of] p1a: Leafeon\n|faint|p2a: Drifblim\n|-damage|p1a: Leafeon|32/100|[from] item: Life Orb\n|\n|upkeep\n|inactive|Time left: 300 sec this turn | 300 sec total | 5 sec grace\n|\n|t:|1783550849\n|switch|p2a: Entei|Entei, L78|307/307\n|turn|9\n|inactive|Time left: 300 sec this turn | 300 sec total\n|\n|t:|1783550850\n|move|p1a: Leafeon|Double-Edge|p2a: Entei\n|-damage|p2a: Entei|0 fnt\n|faint|p2a: Entei\n|-damage|p1a: Leafeon|0 fnt|[from] Recoil\n|faint|p1a: Leafeon\n|\n|upkeep\n|inactive|Time left: 300 sec this turn | 300 sec total | 5 sec grace\n|\n|t:|1783550851\n|switch|p1a: Mimikyu|Mimikyu, L79, M|100/100\n|switch|p2a: Oinkologne|Oinkologne, L92, M|352/352\n|turn|10\n|inactive|Time left: 300 sec this turn | 300 sec total\n|\n|t:|1783550851\n|move|p1a: Mimikyu|Swords Dance|p1a: Mimikyu\n|-boost|p1a: Mimikyu|atk|2\n|move|p2a: Oinkologne|Curse|p2a: Oinkologne\n|-unboost|p2a: Oinkologne|spe|1\n|-boost|p2a: Oinkologne|atk|1\n|-boost|p2a: Oinkologne|def|1\n|\n|upkeep\n|turn|11\n|inactive|Time left: 300 sec this turn | 300 sec total\n|\n|t:|1783550852\n|move|p1a: Mimikyu|Play Rough|p2a: Oinkologne\n|-damage|p2a: Oinkologne|212/352\n|-damage|p1a: Mimikyu|91/100|[from] item: Life Orb\n|move|p2a: Oinkologne|Lash Out|p1a: Mimikyu\n|-activate|p1a: Mimikyu|ability: Disguise\n|-damage|p1a: Mimikyu|91/100\n|detailschange|p1a: Mimikyu|Mimikyu-Busted, L79, M\n|-damage|p1a: Mimikyu|78/100|[from] pokemon: Mimikyu-Busted\n|\n|-heal|p2a: Oinkologne|234/352|[from] item: Leftovers\n|upkeep\n|turn|12\n|inactive|Time left: 300 sec this turn | 300 sec total\n|\n|t:|1783550853\n|-terastallize|p2a: Oinkologne|Ground\n|move|p1a: Mimikyu|Play Rough|p2a: Oinkologne\n|-damage|p2a: Oinkologne|81/352\n|-damage|p1a: Mimikyu|69/100|[from] item: Life Orb\n|move|p2a: Oinkologne|High Horsepower|p1a: Mimikyu\n|-damage|p1a: Mimikyu|0 fnt\n|faint|p1a: Mimikyu\n|\n|-heal|p2a: Oinkologne|103/352|[from] item: Leftovers\n|upkeep\n|\n|t:|1783550854\n|switch|p1a: Oinkologne|Oinkologne, L92, M|100/100\n|turn|13\n|inactive|Time left: 300 sec this turn | 300 sec total\n|\n|t:|1783550855\n|move|p1a: Oinkologne|Body Slam|p2a: Oinkologne\n|-damage|p2a: Oinkologne|27/352\n|move|p2a: Oinkologne|Body Slam|p1a: Oinkologne\n|-damage|p1a: Oinkologne|52/100\n|-status|p1a: Oinkologne|par\n|\n|-heal|p2a: Oinkologne|49/352|[from] item: Leftovers\n|-heal|p1a: Oinkologne|58/100 par|[from] item: Leftovers\n|upkeep\n|turn|14\n|inactive|Time left: 300 sec this turn | 300 sec total\n|\n|t:|1783550857\n|move|p2a: Oinkologne|Body Slam|p1a: Oinkologne\n|-damage|p1a: Oinkologne|10/100 par\n|move|p1a: Oinkologne|Body Slam|p2a: Oinkologne\n|-damage|p2a: Oinkologne|0 fnt\n|faint|p2a: Oinkologne\n|\n|-heal|p1a: Oinkologne|17/100 par|[from] item: Leftovers\n|upkeep\n|inactive|Time left: 300 sec this turn | 300 sec total | 5 sec grace\n|\n|t:|1783550858\n|switch|p2a: Urshifu|Urshifu-Rapid-Strike, L75, M|274/274\n|turn|15\n|inactive|Time left: 300 sec this turn | 300 sec total\n|\n|t:|1783550859\n|switch|p1a: Whimsicott|Whimsicott, L84, M|100/100\n|move|p2a: Urshifu|Swords Dance|p2a: Urshifu\n|-boost|p2a: Urshifu|atk|2\n|\n|upkeep\n|turn|16\n|inactive|Time left: 300 sec this turn | 300 sec total\n|\n|t:|1783550860\n|move|p1a: Whimsicott|Moonblast|p2a: Urshifu\n|-supereffective|p2a: Urshifu\n|-damage|p2a: Urshifu|32/274\n|move|p2a: Urshifu|Swords Dance|p2a: Urshifu\n|-boost|p2a: Urshifu|atk|2\n|\n|upkeep\n|turn|17\n|inactive|Time left: 300 sec this turn | 300 sec total\n|\n|t:|1783550861\n|move|p1a: Whimsicott|Moonblast|p2a: Urshifu\n|-supereffective|p2a: Urshifu\n|-damage|p2a: Urshifu|0 fnt\n|faint|p2a: Urshifu\n|\n|win|p0x9462798", "uploadtime": 1783550861, "views": 0, "rating": 0, "private": 0, "password": null, "_winner": "p0x9462798", "_our_name": "p0y946f026"}