{"id": "battle-gen9randombattle-400", "formatid": "gen9randombattle", "format": "[Gen 9] Random Battle", "players": ["p0x4003b7e", "p0y400297a"], "log": "|init|battle\n|title|p0x4003b7e vs. p0y400297a\n|j|\u2606p0x4003b7e\n|j|\u2606p0y400297a\n|t:|1783544334\n|gametype|singles\n|player|p1|p0x4003b7e|1|\n|player|p2|p0y400297a|265|\n|gen|9\n|tier|[Gen 9] Random Battle\n|rule|Species Clause: Limit one of each Pok\u00e9mon\n|rule|HP Percentage Mod: HP is shown in percentages\n|rule|Sleep Clause Mod: Limit one foe put to sleep\n|rule|Illusion Level Mod: Illusion disguises the Pok\u00e9mon's true level\n|\n|t:|1783544334\n|teamsize|p1|6\n|teamsize|p2|6\n|start\n|switch|p1a: Gliscor|Gliscor, L76, M|239/239\n|switch|p2a: Mudsdale|Mudsdale, L83, F|100/100\n|turn|1\n|inactive|Battle timer is ON: inactive players will automatically lose when time's up. (requested by p0x4003b7e)\n|inactive|p0y400297a also wants the timer to be on.\n|\n|t:|1783544336\n|move|p1a: Gliscor|Toxic Spikes|p2a: Mudsdale\n|-sidestart|p2: p0y400297a|move: Toxic Spikes\n|move|p2a: Mudsdale|Stealth Rock|p1a: Gliscor\n|-sidestart|p1: p0x4003b7e|move: Stealth Rock\n|\n|-status|p1a: Gliscor|tox|[from] item: Toxic Orb\n|upkeep\n|turn|2\n|inactive|Time left: 300 sec this turn | 300 sec total\n|\n|t:|1783544337\n|move|p1a: Gliscor|Toxic Spikes|p2a: Mudsdale\n|-sidestart|p2: p0y400297a|move: Toxic Spikes\n|move|p2a: Mudsdale|Earthquake|p1a: Gliscor\n|-immune|p1a: Gliscor\n|\n|upkeep\n|turn|3\n|inactive|Time left: 300 sec this turn | 300 sec total\n|\n|t:|1783544337\n|move|p1a: Gliscor|Knock Off|p2a: Mudsdale\n|-damage|p2a: Mudsdale|84/100\n|-ability|p2a: Mudsdale|Stamina|boost\n|-boost|p2a: Mudsdale|def|1\n|-enditem|p2a: Mudsdale|Leftovers|[from] move: Knock Off|[of] p1a: Gliscor\n|move|p2a: Mudsdale|Stone Edge|p1a: Gliscor\n|-crit|p1a: Gliscor\n|-damage|p1a: Gliscor|139/239 tox\n|\n|-heal|p1a: Gliscor|168/239 tox|[from] ability: Poison Heal\n|upkeep\n|turn|4\n|inactive|Time left: 300 sec this turn | 300 sec total\n|\n|t:|1783544338\n|move|p1a: Gliscor|Protect|p1a: Gliscor\n|-singleturn|p1a: Gliscor|Protect\n|move|p2a: Mudsdale|Heavy Slam|p1a: Gliscor\n|-activate|p1a: Gliscor|move: Protect\n|\n|-heal|p1a: Gliscor|197/239 tox|[from] ability: Poison Heal\n|upkeep\n|turn|5\n|inactive|Time left: 300 sec this turn | 300 sec total\n|\n|t:|1783544339\n|move|p1a: Gliscor|Earthquake|p2a: Mudsdale\n|-damage|p2a: Mudsdale|65/100\n|-ability|p2a: Mudsdale|Stamina|boost\n|-boost|p2a: Mudsdale|def|1\n|move|p2a: Mudsdale|Heavy Slam|p1a: Gliscor\n|-damage|p1a: Gliscor|113/239 tox\n|\n|-heal|p1a: Gliscor|142/239 tox|[from] ability: Poison Heal\n|upkeep\n|turn|6\n|inactive|Time left: 300 sec this turn | 300 sec total\n|\n|t:|1783544340\n|move|p1a: Gliscor|Earthquake|p2a: Mudsdale\n|-damage|p2a: Mudsdale|52/100\n|-ability|p2a: Mudsdale|Stamina|boost\n|-boost|p2a: Mudsdale|def|1\n|move|p2a: Mudsdale|Heavy Slam|p1a: Gliscor\n|-damage|p1a: Gliscor|62/239 tox\n|\n|-heal|p1a: Gliscor|91/239 tox|[from] ability: Poison Heal\n|upkeep\n|turn|7\n|inactive|Time left: 300 sec this turn | 300 sec total\n|\n|t:|1783544341\n|move|p1a: Gliscor|Protect|p1a: Gliscor\n|-singleturn|p1a: Gliscor|Protect\n|move|p2a: Mudsdale|Heavy Slam|p1a: Gliscor\n|-activate|p1a: Gliscor|move: Protect\n|\n|-heal|p1a: Gliscor|120/239 tox|[from] ability: Poison Heal\n|upkeep\n|turn|8\n|inactive|Time left: 300 sec this turn | 300 sec total\n|\n|t:|1783544342\n|move|p1a: Gliscor|Earthquake|p2a: Mudsdale\n|-damage|p2a: Mudsdale|42/100\n|-ability|p2a: Mudsdale|Stamina|boost\n|-boost|p2a: Mudsdale|def|1\n|move|p2a: Mudsdale|Heavy Slam|p1a: Gliscor\n|-damage|p1a: Gliscor|27/239 tox\n|\n|-heal|p1a: Gliscor|56/239 tox|[from] ability: Poison Heal\n|upkeep\n|turn|9\n|inactive|Time left: 300 sec this turn | 300 sec total\n|\n|t:|1783544343\n|move|p1a: Gliscor|Protect|p1a: Gliscor\n|-singleturn|p1a: Gliscor|Protect\n|move|p2a: Mudsdale|Stone Edge|p1a: Gliscor\n|-activate|p1a: Gliscor|move: Protect\n|\n|-heal|p1a: Gliscor|85/239 tox|[from] ability: Poison Heal\n|upkeep\n|turn|10\n|inactive|Time left: 300 sec this turn | 300 sec total\n|\n|t:|1783544344\n|switch|p1a: Suicune|Suicune, L82|298/298\n|-damage|p1a: Suicune|261/298|[from] Stealth Rock\n|-ability|p1a: Suicune|Pressure\n|move|p2a: Mudsdale|Heavy Slam|p1a: Suicune\n|-resisted|p1a: Suicune\n|-damage|p1a: Suicune|224/298\n|\n|-heal|p1a: Suicune|242/298|[from] item: Leftovers\n|upkeep\n|turn|11\n|inactive|Time left: 300 sec this turn | 300 sec total\n|\n|t:|1783544346\n|move|p1a: Suicune|Scald|p2a: Mudsdale\n|-supereffective|p2a: Mudsdale\n|-damage|p2a: Mudsdale|0 fnt\n|faint|p2a: Mudsdale\n|\n|-heal|p1a: Suicune|260/298|[from] item: Leftovers\n|upkeep\n|\n|t:|1783544347\n|switch|p2a: Zangoose|Zangoose, L85, F|100/100\n|-status|p2a: Zangoose|tox\n|turn|12\n|inactive|Time left: 300 sec this turn | 300 sec total\n|\n|t:|1783544348\n|move|p2a: Zangoose|Facade|p1a: Suicune\n|-damage|p1a: Suicune|31/298\n|move|p1a: Suicune|Scald|p2a: Zangoose\n|-damage|p2a: Zangoose|60/100 tox\n|\n|-heal|p1a: Suicune|49/298|[from] item: Leftovers\n|-damage|p2a: Zangoose|54/100 tox|[from] psn\n|upkeep\n|turn|13\n|inactive|Time left: 300 sec this turn | 300 sec total\n|\n|t:|1783544349\n|move|p2a: Zangoose|Facade|p1a: Suicune\n|-damage|p1a: Suicune|0 fnt\n|faint|p1a: Suicune\n|\n|-damage|p2a: Zangoose|42/100 tox|[from] psn\n|upkeep\n|inactive|Time left: 300 sec this turn | 300 sec total | 5 sec grace\n|\n|t:|1783544350\n|switch|p1a: Registeel|Registeel, L81|262/262\n|-damage|p1a: Registeel|246/262|[from] Stealth Rock\n|turn|14\n|inactive|Time left: 300 sec this turn | 300 sec total\n|\n|t:|1783544351\n|switch|p2a: Delphox|Delphox, L84, M|100/100\n|move|p1a: Registeel|Iron Head|p2a: Delphox\n|-resisted|p2a: Delphox\n|-damage|p2a: Delphox|87/100\n|\n|upkeep\n|turn|15\n|inactive|Time left: 300 sec this turn | 300 sec total\n|\n|t:|1783544353\n|move|p2a: Delphox|Fire Blast|p1a: Registeel\n|-supereffective|p1a: Registeel\n|-damage|p1a: Registeel|52/262\n|move|p1a: Registeel|Iron Defense|p1a: Registeel\n|-boost|p1a: Registeel|def|2\n|\n|upkeep\n|turn|16\n|inactive|Time left: 300 sec this turn | 300 sec total\n|\n|t:|1783544354\n|move|p2a: Delphox|Fire Blast|p1a: Registeel\n|-supereffective|p1a: Registeel\n|-damage|p1a: Registeel|0 fnt\n|faint|p1a: Registeel\n|\n|upkeep\n|inactive|Time left: 300 sec this turn | 300 sec total | 5 sec grace\n|\n|t:|1783544355\n|switch|p1a: Arcanine|Arcanine-Hisui, L79, M|279/279\n|-damage|p1a: Arcanine|210/279|[from] Stealth Rock\n|turn|17\n|inactive|Time left: 300 sec this turn | 300 sec total\n|\n|t:|1783544356\n|move|p2a: Delphox|Focus Blast|p1a: Arcanine\n|-supereffective|p1a: Arcanine\n|-crit|p1a: Arcanine\n|-damage|p1a: Arcanine|0 fnt\n|faint|p1a: Arcanine\n|\n|upkeep\n|inactive|Time left: 300 sec this turn | 300 sec total | 5 sec grace\n|\n|t:|1783544357\n|switch|p1a: Gogoat|Gogoat, L88, F|360/360\n|-damage|p1a: Gogoat|315/360|[from] Stealth Rock\n|turn|18\n|inactive|Time left: 300 sec this turn | 300 sec total\n|\n|t:|1783544358\n|move|p2a: Delphox|Fire Blast|p1a: Gogoat\n|-supereffective|p1a: Gogoat\n|-damage|p1a: Gogoat|39/360\n|move|p1a: Gogoat|Rock Slide|p2a: Delphox\n|-supereffective|p2a: Delphox\n|-damage|p2a: Delphox|31/100\n|\n|-heal|p1a: Gogoat|61/360|[from] item: Leftovers\n|upkeep\n|turn|19\n|inactive|Time left: 300 sec this turn | 300 sec total\n|\n|t:|1783544360\n|move|p2a: Delphox|Psyshock|p1a: Gogoat\n|-damage|p1a: Gogoat|0 fnt\n|faint|p1a: Gogoat\n|\n|upkeep\n|inactive|Time left: 300 sec this turn | 300 sec total | 5 sec grace\n|\n|t:|1783544361\n|switch|p1a: Gliscor|Gliscor, L76, M|85/239 tox\n|-damage|p1a: Gliscor|56/239 tox|[from] Stealth Rock\n|turn|20\n|inactive|Time left: 300 sec this turn | 300 sec total\n|\n|t:|1783544362\n|move|p1a: Gliscor|Protect|p1a: Gliscor\n|-singleturn|p1a: Gliscor|Protect\n|move|p2a: Delphox|Psyshock|p1a: Gliscor\n|-activate|p1a: Gliscor|move: Protect\n|\n|-heal|p1a: Gliscor|85/239 tox|[from] ability: Poison Heal\n|upkeep\n|turn|21\n|inactive|Time left: 300 sec this turn | 300 sec total\n|\n|t:|1783544363\n|move|p1a: Gliscor|Protect||[still]\n|-fail|p1a: Gliscor\n|move|p2a: Delphox|Fire Blast|p1a: Gliscor\n|-damage|p1a: Gliscor|0 fnt\n|faint|p1a: Gliscor\n|\n|upkeep\n|inactive|Time left: 300 sec this turn | 300 sec total | 5 sec grace\n|\n|t:|1783544364\n|switch|p1a: Vileplume|Vileplume, L85, M|266/266\n|-damage|p1a: Vileplume|233/266|[from] Stealth Rock\n|turn|22\n|inactive|Time left: 300 sec this turn | 300 sec total\n|\n|t:|1783544365\n|move|p2a: Delphox|Fire Blast|p1a: Vileplume\n|-supereffective|p1a: Vileplume\n|-damage|p1a: Vileplume|0 fnt\n|faint|p1a: Vileplume\n|\n|win|p0y400297a", "uploadtime": 1783544365, "views": 0, "rating": 0, "private": 0, "password": null, "_winner": "p0y400297a", "_our_name": "p0x4003b7e"}