{"id": "battle-gen9randombattle-390", "formatid": "gen9randombattle", "format": "[Gen 9] Random Battle", "players": ["p0x390f901", "p0y39061b1"], "log": "|init|battle\n|title|p0x390f901 vs. p0y39061b1\n|j|\u2606p0x390f901\n|j|\u2606p0y39061b1\n|t:|1783544205\n|gametype|singles\n|player|p1|p0x390f901|170|\n|player|p2|p0y39061b1|169|\n|gen|9\n|tier|[Gen 9] Random Battle\n|rule|Species Clause: Limit one of each Pok\u00e9mon\n|rule|HP Percentage Mod: HP is shown in percentages\n|rule|Sleep Clause Mod: Limit one foe put to sleep\n|rule|Illusion Level Mod: Illusion disguises the Pok\u00e9mon's true level\n|\n|t:|1783544206\n|teamsize|p1|6\n|teamsize|p2|6\n|start\n|switch|p1a: Espathra|Espathra, L80, F|100/100\n|switch|p2a: Manaphy|Manaphy, L78|284/284\n|turn|1\n|inactive|Battle timer is ON: inactive players will automatically lose when time's up. (requested by p0y39061b1)\n|inactive|p0x390f901 also wants the timer to be on.\n|\n|t:|1783544207\n|move|p1a: Espathra|Lumina Crash|p2a: Manaphy\n|-damage|p2a: Manaphy|158/284\n|-unboost|p2a: Manaphy|spd|2\n|move|p2a: Manaphy|Tail Glow|p2a: Manaphy\n|-boost|p2a: Manaphy|spa|3\n|\n|-heal|p2a: Manaphy|175/284|[from] item: Leftovers\n|-ability|p1a: Espathra|Speed Boost|boost\n|-boost|p1a: Espathra|spe|1\n|upkeep\n|turn|2\n|inactive|Time left: 300 sec this turn | 300 sec total\n|\n|t:|1783544208\n|switch|p2a: Muk|Muk-Alola, L82, M|306/306\n|move|p1a: Espathra|Lumina Crash|p2a: Muk\n|-immune|p2a: Muk\n|\n|-ability|p1a: Espathra|Speed Boost|boost\n|-boost|p1a: Espathra|spe|1\n|upkeep\n|turn|3\n|inactive|Time left: 300 sec this turn | 300 sec total\n|\n|t:|1783544210\n|move|p1a: Espathra|Lumina Crash|p2a: Muk\n|-immune|p2a: Muk\n|move|p2a: Muk|Knock Off|p1a: Espathra\n|-supereffective|p1a: Espathra\n|-damage|p1a: Espathra|5/100\n|-enditem|p1a: Espathra|Choice Specs|[from] move: Knock Off|[of] p2a: Muk\n|\n|-ability|p1a: Espathra|Speed Boost|boost\n|-boost|p1a: Espathra|spe|1\n|upkeep\n|turn|4\n|inactive|Time left: 300 sec this turn | 300 sec total\n|\n|t:|1783544211\n|move|p1a: Espathra|Lumina Crash|p2a: Muk\n|-immune|p2a: Muk\n|move|p2a: Muk|Ice Punch|p1a: Espathra\n|-damage|p1a: Espathra|0 fnt\n|faint|p1a: Espathra\n|\n|upkeep\n|\n|t:|1783544212\n|switch|p1a: Donphan|Donphan, L84, M|100/100\n|turn|5\n|inactive|Time left: 300 sec this turn | 300 sec total\n|\n|t:|1783544213\n|move|p1a: Donphan|Earthquake|p2a: Muk\n|-supereffective|p2a: Muk\n|-damage|p2a: Muk|4/306\n|move|p2a: Muk|Knock Off|p1a: Donphan\n|-damage|p1a: Donphan|74/100\n|-enditem|p1a: Donphan|Leftovers|[from] move: Knock Off|[of] p2a: Muk\n|\n|upkeep\n|turn|6\n|inactive|Time left: 300 sec this turn | 300 sec total\n|\n|t:|1783544214\n|switch|p2a: Manaphy|Manaphy, L78|175/284\n|move|p1a: Donphan|Earthquake|p2a: Manaphy\n|-damage|p2a: Manaphy|57/284\n|\n|-heal|p2a: Manaphy|74/284|[from] item: Leftovers\n|upkeep\n|turn|7\n|inactive|Time left: 300 sec this turn | 300 sec total\n|\n|t:|1783544216\n|move|p2a: Manaphy|Hydro Pump|p1a: Donphan|[miss]\n|-miss|p2a: Manaphy|p1a: Donphan\n|move|p1a: Donphan|Earthquake|p2a: Manaphy\n|-damage|p2a: Manaphy|0 fnt\n|faint|p2a: Manaphy\n|\n|upkeep\n|inactive|Time left: 300 sec this turn | 300 sec total | 5 sec grace\n|\n|t:|1783544217\n|switch|p2a: Mienshao|Mienshao, L83, M|243/243\n|turn|8\n|inactive|Time left: 300 sec this turn | 300 sec total\n|\n|t:|1783544218\n|move|p2a: Mienshao|High Jump Kick|p1a: Donphan\n|-damage|p1a: Donphan|0 fnt\n|faint|p1a: Donphan\n|\n|upkeep\n|\n|t:|1783544219\n|switch|p1a: Slowbro|Slowbro, L85, F|100/100\n|turn|9\n|inactive|Time left: 300 sec this turn | 300 sec total\n|\n|t:|1783544219\n|move|p2a: Mienshao|High Jump Kick|p1a: Slowbro\n|-resisted|p1a: Slowbro\n|-damage|p1a: Slowbro|60/100\n|move|p1a: Slowbro|Iron Defense|p1a: Slowbro\n|-boost|p1a: Slowbro|def|2\n|\n|-heal|p1a: Slowbro|66/100|[from] item: Leftovers\n|upkeep\n|turn|10\n|inactive|Time left: 300 sec this turn | 300 sec total\n|\n|t:|1783544221\n|switch|p2a: Muk|Muk-Alola, L82, M|4/306\n|move|p1a: Slowbro|Scald|p2a: Muk\n|-damage|p2a: Muk|0 fnt\n|faint|p2a: Muk\n|\n|-heal|p1a: Slowbro|72/100|[from] item: Leftovers\n|upkeep\n|inactive|Time left: 300 sec this turn | 300 sec total | 5 sec grace\n|\n|t:|1783544221\n|switch|p2a: Mienshao|Mienshao, L83, M|243/243\n|turn|11\n|inactive|Time left: 300 sec this turn | 300 sec total\n|\n|t:|1783544222\n|move|p2a: Mienshao|U-turn|p1a: Slowbro\n|-supereffective|p1a: Slowbro\n|-damage|p1a: Slowbro|46/100\n|inactive|Time left: 300 sec this turn | 300 sec total | 5 sec grace\n|\n|t:|1783544224\n|switch|p2a: Gallade|Gallade, L80, M|240/240|[from] U-turn\n|move|p1a: Slowbro|Body Press|p2a: Gallade\n|-resisted|p2a: Gallade\n|-damage|p2a: Gallade|151/240\n|\n|-heal|p1a: Slowbro|52/100|[from] item: Leftovers\n|upkeep\n|turn|12\n|inactive|Time left: 300 sec this turn | 300 sec total\n|\n|t:|1783544225\n|move|p2a: Gallade|Night Slash|p1a: Slowbro\n|-supereffective|p1a: Slowbro\n|-damage|p1a: Slowbro|22/100\n|-damage|p2a: Gallade|127/240|[from] item: Life Orb\n|move|p1a: Slowbro|Scald|p2a: Gallade\n|-damage|p2a: Gallade|46/240\n|\n|-heal|p1a: Slowbro|28/100|[from] item: Leftovers\n|upkeep\n|turn|13\n|inactive|Time left: 300 sec this turn | 300 sec total\n|\n|t:|1783544226\n|switch|p1a: Mandibuzz|Mandibuzz, L85, F|100/100\n|move|p2a: Gallade|Night Slash|p1a: Mandibuzz\n|-resisted|p1a: Mandibuzz\n|-damage|p1a: Mandibuzz|85/100\n|-damage|p2a: Gallade|22/240|[from] item: Life Orb\n|\n|upkeep\n|turn|14\n|inactive|Time left: 300 sec this turn | 300 sec total\n|\n|t:|1783544228\n|move|p1a: Mandibuzz|Brave Bird|p2a: Gallade\n|-supereffective|p2a: Gallade\n|-damage|p2a: Gallade|0 fnt\n|faint|p2a: Gallade\n|-damage|p1a: Mandibuzz|83/100|[from] Recoil\n|\n|upkeep\n|inactive|Time left: 300 sec this turn | 300 sec total | 5 sec grace\n|\n|t:|1783544229\n|switch|p2a: Mienshao|Mienshao, L83, M|243/243\n|turn|15\n|inactive|Time left: 300 sec this turn | 300 sec total\n|\n|t:|1783544230\n|-terastallize|p2a: Mienshao|Fighting\n|move|p2a: Mienshao|High Jump Kick|p1a: Mandibuzz\n|-damage|p1a: Mandibuzz|0 fnt\n|faint|p1a: Mandibuzz\n|\n|upkeep\n|\n|t:|1783544231\n|switch|p1a: Whimsicott|Whimsicott, L84, F|100/100\n|turn|16\n|inactive|Time left: 300 sec this turn | 300 sec total\n|\n|t:|1783544232\n|move|p1a: Whimsicott|Moonblast|p2a: Mienshao\n|-supereffective|p2a: Mienshao\n|-damage|p2a: Mienshao|21/243\n|-unboost|p2a: Mienshao|spa|1\n|move|p2a: Mienshao|High Jump Kick|p1a: Whimsicott\n|-resisted|p1a: Whimsicott\n|-crit|p1a: Whimsicott\n|-damage|p1a: Whimsicott|0 fnt\n|faint|p1a: Whimsicott\n|\n|upkeep\n|\n|t:|1783544233\n|switch|p1a: Slowbro|Slowbro, L85, F|62/100\n|turn|17\n|inactive|Time left: 300 sec this turn | 300 sec total\n|\n|t:|1783544234\n|move|p2a: Mienshao|High Jump Kick|p1a: Slowbro\n|-resisted|p1a: Slowbro\n|-damage|p1a: Slowbro|2/100\n|move|p1a: Slowbro|Slack Off|p1a: Slowbro\n|-heal|p1a: Slowbro|52/100\n|\n|-heal|p1a: Slowbro|58/100|[from] item: Leftovers\n|upkeep\n|turn|18\n|inactive|Time left: 300 sec this turn | 300 sec total\n|\n|t:|1783544235\n|move|p2a: Mienshao|High Jump Kick|p1a: Slowbro|[miss]\n|-miss|p2a: Mienshao|p1a: Slowbro\n|-damage|p2a: Mienshao|0 fnt|[from] highjumpkick\n|faint|p2a: Mienshao\n|move|p1a: Slowbro|Slack Off|p1a: Slowbro\n|-heal|p1a: Slowbro|100/100\n|\n|upkeep\n|inactive|Time left: 300 sec this turn | 300 sec total | 5 sec grace\n|\n|t:|1783544236\n|switch|p2a: Solgaleo|Solgaleo, L74|325/325\n|turn|19\n|inactive|Time left: 300 sec this turn | 300 sec total\n|\n|t:|1783544237\n|move|p2a: Solgaleo|Knock Off|p1a: Slowbro\n|-supereffective|p1a: Slowbro\n|-damage|p1a: Slowbro|60/100\n|-enditem|p1a: Slowbro|Leftovers|[from] move: Knock Off|[of] p2a: Solgaleo\n|move|p1a: Slowbro|Iron Defense|p1a: Slowbro\n|-boost|p1a: Slowbro|def|2\n|\n|upkeep\n|turn|20\n|inactive|Time left: 300 sec this turn | 300 sec total\n|\n|t:|1783544238\n|move|p2a: Solgaleo|Flame Charge|p1a: Slowbro\n|-resisted|p1a: Slowbro\n|-crit|p1a: Slowbro\n|-damage|p1a: Slowbro|52/100\n|-boost|p2a: Solgaleo|spe|1\n|move|p1a: Slowbro|Scald|p2a: Solgaleo\n|-damage|p2a: Solgaleo|228/325\n|\n|upkeep\n|turn|21\n|inactive|Time left: 300 sec this turn | 300 sec total\n|\n|t:|1783544240\n|move|p2a: Solgaleo|Knock Off|p1a: Slowbro\n|-supereffective|p1a: Slowbro\n|-damage|p1a: Slowbro|38/100\n|move|p1a: Slowbro|Scald|p2a: Solgaleo\n|-damage|p2a: Solgaleo|126/325\n|-status|p2a: Solgaleo|brn\n|\n|-damage|p2a: Solgaleo|106/325 brn|[from] brn\n|upkeep\n|turn|22\n|inactive|Time left: 300 sec this turn | 300 sec total\n|\n|t:|1783544241\n|move|p2a: Solgaleo|Sunsteel Strike|p1a: Slowbro\n|-resisted|p1a: Slowbro\n|-damage|p1a: Slowbro|34/100\n|move|p1a: Slowbro|Slack Off|p1a: Slowbro\n|-heal|p1a: Slowbro|84/100\n|\n|-damage|p2a: Solgaleo|86/325 brn|[from] brn\n|upkeep\n|turn|23\n|inactive|Time left: 300 sec this turn | 300 sec total\n|\n|t:|1783544242\n|move|p2a: Solgaleo|Knock Off|p1a: Slowbro\n|-supereffective|p1a: Slowbro\n|-damage|p1a: Slowbro|78/100\n|move|p1a: Slowbro|Body Press|p2a: Solgaleo\n|-damage|p2a: Solgaleo|0 fnt\n|faint|p2a: Solgaleo\n|\n|upkeep\n|inactive|Time left: 300 sec this turn | 300 sec total | 5 sec grace\n|\n|t:|1783544243\n|switch|p2a: Roaring Moon|Roaring Moon, L72|270/270\n|turn|24\n|inactive|Time left: 300 sec this turn | 300 sec total\n|\n|t:|1783544244\n|-terastallize|p1a: Slowbro|Fighting\n|move|p2a: Roaring Moon|Dragon Dance|p2a: Roaring Moon\n|-boost|p2a: Roaring Moon|atk|1\n|-boost|p2a: Roaring Moon|spe|1\n|move|p1a: Slowbro|Body Press|p2a: Roaring Moon\n|-supereffective|p2a: Roaring Moon\n|-damage|p2a: Roaring Moon|0 fnt\n|faint|p2a: Roaring Moon\n|-end|p2a: Roaring Moon|Protosynthesis|[silent]\n|\n|win|p0x390f901", "uploadtime": 1783544244, "views": 0, "rating": 0, "private": 0, "password": null, "_winner": "p0x390f901", "_our_name": "p0y39061b1"}