{"id": "battle-gen9randombattle-675", "formatid": "gen9randombattle", "format": "[Gen 9] Random Battle", "players": ["p0x6750fb3", "p0y675997e"], "log": "|init|battle\n|title|p0x6750fb3 vs. p0y675997e\n|j|\u2606p0x6750fb3\n|j|\u2606p0y675997e\n|t:|1783547657\n|gametype|singles\n|player|p1|p0x6750fb3|2|\n|player|p2|p0y675997e|102|\n|gen|9\n|tier|[Gen 9] Random Battle\n|rule|Species Clause: Limit one of each Pok\u00e9mon\n|rule|HP Percentage Mod: HP is shown in percentages\n|rule|Sleep Clause Mod: Limit one foe put to sleep\n|rule|Illusion Level Mod: Illusion disguises the Pok\u00e9mon's true level\n|\n|t:|1783547657\n|teamsize|p1|6\n|teamsize|p2|6\n|start\n|switch|p1a: Clefable|Clefable, L83, F|293/293\n|switch|p2a: Bastiodon|Bastiodon, L89, F|100/100\n|turn|1\n|inactive|Battle timer is ON: inactive players will automatically lose when time's up. (requested by p0y675997e)\n|inactive|Time left: 300 sec this turn | 300 sec total | 60 sec grace\n|inactive|p0x6750fb3 also wants the timer to be on.\n|\n|t:|1783547659\n|move|p1a: Clefable|Fire Blast|p2a: Bastiodon|[miss]\n|-miss|p1a: Clefable|p2a: Bastiodon\n|move|p2a: Bastiodon|Iron Defense|p2a: Bastiodon\n|-boost|p2a: Bastiodon|def|2\n|\n|upkeep\n|turn|2\n|inactive|Time left: 300 sec this turn | 300 sec total\n|\n|t:|1783547660\n|move|p1a: Clefable|Fire Blast|p2a: Bastiodon\n|-damage|p2a: Bastiodon|76/100\n|move|p2a: Bastiodon|Body Press|p1a: Clefable\n|-resisted|p1a: Clefable\n|-damage|p1a: Clefable|175/293\n|\n|upkeep\n|turn|3\n|inactive|Time left: 300 sec this turn | 300 sec total\n|\n|t:|1783547661\n|move|p1a: Clefable|Moonlight|p1a: Clefable\n|-heal|p1a: Clefable|293/293\n|move|p2a: Bastiodon|Body Press|p1a: Clefable\n|-resisted|p1a: Clefable\n|-damage|p1a: Clefable|172/293\n|\n|upkeep\n|turn|4\n|inactive|Time left: 300 sec this turn | 300 sec total\n|\n|t:|1783547663\n|move|p1a: Clefable|Moonblast|p2a: Bastiodon\n|-resisted|p2a: Bastiodon\n|-damage|p2a: Bastiodon|60/100\n|move|p2a: Bastiodon|Body Press|p1a: Clefable\n|-resisted|p1a: Clefable\n|-damage|p1a: Clefable|59/293\n|\n|upkeep\n|turn|5\n|inactive|Time left: 300 sec this turn | 300 sec total\n|\n|t:|1783547664\n|move|p1a: Clefable|Moonlight|p1a: Clefable\n|-heal|p1a: Clefable|205/293\n|move|p2a: Bastiodon|Body Press|p1a: Clefable\n|-resisted|p1a: Clefable\n|-damage|p1a: Clefable|98/293\n|\n|upkeep\n|turn|6\n|inactive|Time left: 300 sec this turn | 300 sec total\n|\n|t:|1783547665\n|move|p1a: Clefable|Moonlight|p1a: Clefable\n|-heal|p1a: Clefable|244/293\n|move|p2a: Bastiodon|Body Press|p1a: Clefable\n|-resisted|p1a: Clefable\n|-damage|p1a: Clefable|133/293\n|\n|upkeep\n|turn|7\n|inactive|Time left: 300 sec this turn | 300 sec total\n|\n|t:|1783547667\n|move|p1a: Clefable|Moonlight|p1a: Clefable\n|-heal|p1a: Clefable|279/293\n|move|p2a: Bastiodon|Body Press|p1a: Clefable\n|-resisted|p1a: Clefable\n|-damage|p1a: Clefable|163/293\n|\n|upkeep\n|turn|8\n|inactive|Time left: 300 sec this turn | 300 sec total\n|\n|t:|1783547668\n|move|p1a: Clefable|Moonlight|p1a: Clefable\n|-heal|p1a: Clefable|293/293\n|move|p2a: Bastiodon|Body Press|p1a: Clefable\n|-resisted|p1a: Clefable\n|-damage|p1a: Clefable|177/293\n|\n|upkeep\n|turn|9\n|inactive|Time left: 300 sec this turn | 300 sec total\n|\n|t:|1783547669\n|move|p1a: Clefable|Moonlight|p1a: Clefable\n|-heal|p1a: Clefable|293/293\n|move|p2a: Bastiodon|Body Press|p1a: Clefable\n|-resisted|p1a: Clefable\n|-crit|p1a: Clefable\n|-damage|p1a: Clefable|118/293\n|\n|upkeep\n|turn|10\n|inactive|Time left: 300 sec this turn | 300 sec total\n|\n|t:|1783547670\n|move|p1a: Clefable|Moonlight|p1a: Clefable\n|-heal|p1a: Clefable|264/293\n|move|p2a: Bastiodon|Body Press|p1a: Clefable\n|-resisted|p1a: Clefable\n|-damage|p1a: Clefable|150/293\n|\n|upkeep\n|turn|11\n|inactive|Time left: 300 sec this turn | 300 sec total\n|\n|t:|1783547672\n|move|p1a: Clefable|Moonlight|p1a: Clefable\n|-heal|p1a: Clefable|293/293\n|move|p2a: Bastiodon|Body Press|p1a: Clefable\n|-resisted|p1a: Clefable\n|-damage|p1a: Clefable|172/293\n|\n|upkeep\n|turn|12\n|inactive|Time left: 300 sec this turn | 300 sec total\n|\n|t:|1783547673\n|move|p1a: Clefable|Moonblast|p2a: Bastiodon\n|-resisted|p2a: Bastiodon\n|-damage|p2a: Bastiodon|44/100\n|move|p2a: Bastiodon|Body Press|p1a: Clefable\n|-resisted|p1a: Clefable\n|-damage|p1a: Clefable|66/293\n|\n|upkeep\n|turn|13\n|inactive|Time left: 300 sec this turn | 300 sec total\n|\n|t:|1783547674\n|move|p1a: Clefable|Thunder Wave|p2a: Bastiodon|[miss]\n|-miss|p1a: Clefable|p2a: Bastiodon\n|move|p2a: Bastiodon|Body Press|p1a: Clefable\n|-resisted|p1a: Clefable\n|-damage|p1a: Clefable|0 fnt\n|faint|p1a: Clefable\n|\n|upkeep\n|inactive|Time left: 300 sec this turn | 300 sec total | 5 sec grace\n|\n|t:|1783547674\n|switch|p1a: Walking Wake|Walking Wake, L79|286/286\n|turn|14\n|inactive|Time left: 300 sec this turn | 300 sec total\n|\n|t:|1783547675\n|move|p1a: Walking Wake|Hydro Pump|p2a: Bastiodon\n|-supereffective|p2a: Bastiodon\n|-damage|p2a: Bastiodon|0 fnt\n|faint|p2a: Bastiodon\n|\n|upkeep\n|\n|t:|1783547676\n|switch|p2a: Eternatus|Eternatus, L69|100/100\n|-ability|p2a: Eternatus|Pressure\n|turn|15\n|inactive|Time left: 300 sec this turn | 300 sec total\n|\n|t:|1783547677\n|-end|p1a: Walking Wake|Protosynthesis|[silent]\n|switch|p1a: Sandaconda|Sandaconda, L84, F|258/258\n|move|p2a: Eternatus|Meteor Beam||[still]\n|-prepare|p2a: Eternatus|Meteor Beam\n|-boost|p2a: Eternatus|spa|1\n|-enditem|p2a: Eternatus|Power Herb\n|-anim|p2a: Eternatus|Meteor Beam|p1a: Sandaconda\n|-resisted|p1a: Sandaconda\n|-damage|p1a: Sandaconda|189/258\n|\n|-heal|p1a: Sandaconda|205/258|[from] item: Leftovers\n|upkeep\n|turn|16\n|inactive|Time left: 300 sec this turn | 300 sec total\n|\n|t:|1783547677\n|move|p2a: Eternatus|Dynamax Cannon|p1a: Sandaconda\n|-damage|p1a: Sandaconda|15/258\n|move|p1a: Sandaconda|Earthquake|p2a: Eternatus\n|-supereffective|p2a: Eternatus\n|-damage|p2a: Eternatus|18/100\n|\n|-heal|p1a: Sandaconda|31/258|[from] item: Leftovers\n|upkeep\n|turn|17\n|inactive|Time left: 300 sec this turn | 300 sec total\n|\n|t:|1783547678\n|switch|p1a: Tornadus|Tornadus-Therian, L79, M|254/254\n|move|p2a: Eternatus|Dynamax Cannon|p1a: Tornadus\n|-damage|p1a: Tornadus|155/254\n|\n|upkeep\n|turn|18\n|inactive|Time left: 300 sec this turn | 300 sec total\n|\n|t:|1783547679\n|move|p1a: Tornadus|Bleakwind Storm|p2a: Eternatus\n|-damage|p2a: Eternatus|0 fnt\n|faint|p2a: Eternatus\n|\n|upkeep\n|\n|t:|1783547680\n|switch|p2a: Glaceon|Glaceon, L94, F|100/100\n|turn|19\n|inactive|Time left: 300 sec this turn | 300 sec total\n|\n|t:|1783547681\n|switch|p1a: Abomasnow|Abomasnow, L84, F|287/287\n|-weather|Snowscape|[from] ability: Snow Warning|[of] p1a: Abomasnow\n|move|p2a: Glaceon|Freeze-Dry|p1a: Abomasnow\n|-damage|p1a: Abomasnow|167/287\n|\n|-weather|Snowscape|[upkeep]\n|upkeep\n|turn|20\n|inactive|Time left: 300 sec this turn | 300 sec total\n|\n|t:|1783547683\n|move|p2a: Glaceon|Freeze-Dry|p1a: Abomasnow\n|-damage|p1a: Abomasnow|37/287\n|move|p1a: Abomasnow|Aurora Veil|p1a: Abomasnow\n|-sidestart|p1: p0x6750fb3|move: Aurora Veil\n|\n|-weather|Snowscape|[upkeep]\n|upkeep\n|turn|21\n|inactive|Time left: 300 sec this turn | 300 sec total\n|\n|t:|1783547684\n|switch|p1a: Hydreigon|Hydreigon, L79, F|275/275\n|move|p2a: Glaceon|Freeze-Dry|p1a: Hydreigon\n|-supereffective|p1a: Hydreigon\n|-damage|p1a: Hydreigon|161/275\n|\n|-weather|Snowscape|[upkeep]\n|upkeep\n|turn|22\n|inactive|Time left: 300 sec this turn | 300 sec total\n|\n|t:|1783547685\n|move|p1a: Hydreigon|Nasty Plot|p1a: Hydreigon\n|-boost|p1a: Hydreigon|spa|2\n|move|p2a: Glaceon|Freeze-Dry|p1a: Hydreigon\n|-supereffective|p1a: Hydreigon\n|-damage|p1a: Hydreigon|31/275\n|\n|-weather|Snowscape|[upkeep]\n|upkeep\n|turn|23\n|inactive|Time left: 300 sec this turn | 300 sec total\n|\n|t:|1783547686\n|switch|p2a: Wigglytuff|Wigglytuff, L96, M|100/100\n|move|p1a: Hydreigon|Draco Meteor|p2a: Wigglytuff\n|-immune|p2a: Wigglytuff\n|\n|-weather|none\n|upkeep\n|turn|24\n|inactive|Time left: 300 sec this turn | 300 sec total\n|\n|t:|1783547687\n|move|p1a: Hydreigon|Flash Cannon|p2a: Wigglytuff\n|-supereffective|p2a: Wigglytuff\n|-damage|p2a: Wigglytuff|7/100\n|-damage|p1a: Hydreigon|4/275|[from] item: Life Orb\n|move|p2a: Wigglytuff|Dazzling Gleam|p1a: Hydreigon\n|-supereffective|p1a: Hydreigon\n|-damage|p1a: Hydreigon|0 fnt\n|faint|p1a: Hydreigon\n|\n|-heal|p2a: Wigglytuff|13/100|[from] item: Leftovers\n|upkeep\n|inactive|Time left: 300 sec this turn | 300 sec total | 5 sec grace\n|\n|t:|1783547687\n|switch|p1a: Sandaconda|Sandaconda, L84, F|31/258\n|turn|25\n|inactive|Time left: 300 sec this turn | 300 sec total\n|\n|t:|1783547689\n|switch|p2a: Overqwil|Overqwil, L82, F|100/100\n|-ability|p2a: Overqwil|Intimidate|boost\n|-unboost|p1a: Sandaconda|atk|1\n|move|p1a: Sandaconda|Rest|p1a: Sandaconda\n|-status|p1a: Sandaconda|slp|[from] move: Rest\n|-heal|p1a: Sandaconda|258/258 slp|[silent]\n|\n|-activate|p1a: Sandaconda|ability: Shed Skin\n|-curestatus|p1a: Sandaconda|slp|[msg]\n|upkeep\n|turn|26\n|inactive|Time left: 300 sec this turn | 300 sec total\n|\n|t:|1783547690\n|switch|p1a: Walking Wake|Walking Wake, L79|286/286\n|move|p2a: Overqwil|Gunk Shot|p1a: Walking Wake\n|-damage|p1a: Walking Wake|189/286\n|\n|upkeep\n|turn|27\n|inactive|Time left: 300 sec this turn | 300 sec total\n|\n|t:|1783547691\n|switch|p2a: Oinkologne|Oinkologne-F, L92, F|100/100\n|move|p1a: Walking Wake|Hydro Pump|p2a: Oinkologne\n|-damage|p2a: Oinkologne|51/100\n|\n|-heal|p2a: Oinkologne|57/100|[from] item: Leftovers\n|-sideend|p1: p0x6750fb3|move: Aurora Veil\n|upkeep\n|turn|28\n|inactive|Time left: 300 sec this turn | 300 sec total\n|\n|t:|1783547692\n|move|p1a: Walking Wake|Hydro Pump|p2a: Oinkologne\n|-damage|p2a: Oinkologne|12/100\n|move|p2a: Oinkologne|Body Slam|p1a: Walking Wake\n|-damage|p1a: Walking Wake|92/286\n|-status|p1a: Walking Wake|par\n|\n|-heal|p2a: Oinkologne|19/100|[from] item: Leftovers\n|upkeep\n|turn|29\n|inactive|Time left: 300 sec this turn | 300 sec total\n|\n|t:|1783547693\n|move|p2a: Oinkologne|Body Slam|p1a: Walking Wake\n|-damage|p1a: Walking Wake|0 fnt\n|faint|p1a: Walking Wake\n|-end|p1a: Walking Wake|Protosynthesis|[silent]\n|\n|-heal|p2a: Oinkologne|25/100|[from] item: Leftovers\n|upkeep\n|inactive|Time left: 300 sec this turn | 300 sec total | 5 sec grace\n|\n|t:|1783547694\n|switch|p1a: Tornadus|Tornadus-Therian, L79, M|239/254\n|turn|30\n|inactive|Time left: 300 sec this turn | 300 sec total\n|\n|t:|1783547695\n|move|p1a: Tornadus|Bleakwind Storm|p2a: Oinkologne\n|-damage|p2a: Oinkologne|0 fnt\n|faint|p2a: Oinkologne\n|\n|upkeep\n|\n|t:|1783547696\n|switch|p2a: Glaceon|Glaceon, L94, F|100/100\n|turn|31\n|inactive|Time left: 300 sec this turn | 300 sec total\n|\n|t:|1783547697\n|move|p1a: Tornadus|Heat Wave|p2a: Glaceon\n|-supereffective|p2a: Glaceon\n|-damage|p2a: Glaceon|59/100\n|move|p2a: Glaceon|Freeze-Dry|p1a: Tornadus\n|-supereffective|p1a: Tornadus\n|-damage|p1a: Tornadus|65/254\n|\n|upkeep\n|turn|32\n|inactive|Time left: 300 sec this turn | 300 sec total\n|\n|t:|1783547698\n|move|p1a: Tornadus|Bleakwind Storm|p2a: Glaceon\n|-damage|p2a: Glaceon|25/100\n|move|p2a: Glaceon|Freeze-Dry|p1a: Tornadus\n|-supereffective|p1a: Tornadus\n|-damage|p1a: Tornadus|0 fnt\n|faint|p1a: Tornadus\n|\n|upkeep\n|inactive|Time left: 300 sec this turn | 300 sec total | 5 sec grace\n|\n|t:|1783547699\n|switch|p1a: Sandaconda|Sandaconda, L84, F|258/258\n|turn|33\n|inactive|Time left: 300 sec this turn | 300 sec total\n|\n|t:|1783547700\n|move|p2a: Glaceon|Freeze-Dry|p1a: Sandaconda\n|-supereffective|p1a: Sandaconda\n|-damage|p1a: Sandaconda|0 fnt\n|faint|p1a: Sandaconda\n|\n|upkeep\n|inactive|Time left: 300 sec this turn | 300 sec total | 5 sec grace\n|\n|t:|1783547701\n|switch|p1a: Abomasnow|Abomasnow, L84, F|37/287\n|-weather|Snowscape|[from] ability: Snow Warning|[of] p1a: Abomasnow\n|turn|34\n|inactive|Time left: 300 sec this turn | 300 sec total\n|\n|t:|1783547702\n|-terastallize|p2a: Glaceon|Ground\n|move|p2a: Glaceon|Freeze-Dry|p1a: Abomasnow\n|-damage|p1a: Abomasnow|0 fnt\n|faint|p1a: Abomasnow\n|\n|win|p0y675997e", "uploadtime": 1783547702, "views": 0, "rating": 0, "private": 0, "password": null, "_winner": "p0y675997e", "_our_name": "p0x6750fb3"}