{"id": "battle-gen9randombattle-793", "formatid": "gen9randombattle", "format": "[Gen 9] Random Battle", "players": ["p0x79352f3", "p0y793758c"], "log": "|init|battle\n|title|p0x79352f3 vs. p0y793758c\n|j|\u2606p0x79352f3\n|j|\u2606p0y793758c\n|t:|1783549063\n|gametype|singles\n|player|p1|p0x79352f3|266|\n|player|p2|p0y793758c|170|\n|gen|9\n|tier|[Gen 9] Random Battle\n|rule|Species Clause: Limit one of each Pok\u00e9mon\n|rule|HP Percentage Mod: HP is shown in percentages\n|rule|Sleep Clause Mod: Limit one foe put to sleep\n|rule|Illusion Level Mod: Illusion disguises the Pok\u00e9mon's true level\n|\n|t:|1783549063\n|teamsize|p1|6\n|teamsize|p2|6\n|start\n|switch|p1a: Luvdisc|Luvdisc, M|100/100\n|switch|p2a: Tornadus|Tornadus-Therian, L79, M|254/254\n|turn|1\n|inactive|Battle timer is ON: inactive players will automatically lose when time's up. (requested by p0x79352f3)\n|inactive|Time left: 300 sec this turn | 300 sec total | 60 sec grace\n|inactive|p0y793758c also wants the timer to be on.\n|\n|t:|1783549065\n|switch|p1a: Dedenne|Dedenne, L88, M|100/100\n|move|p2a: Tornadus|Knock Off|p1a: Dedenne\n|-resisted|p1a: Dedenne\n|-damage|p1a: Dedenne|85/100\n|-enditem|p1a: Dedenne|Sitrus Berry|[from] move: Knock Off|[of] p2a: Tornadus\n|\n|upkeep\n|turn|2\n|inactive|Time left: 300 sec this turn | 300 sec total\n|\n|t:|1783549066\n|move|p2a: Tornadus|Heat Wave|p1a: Dedenne\n|-damage|p1a: Dedenne|54/100\n|-status|p1a: Dedenne|brn\n|move|p1a: Dedenne|Nuzzle|p2a: Tornadus\n|-supereffective|p2a: Tornadus\n|-damage|p2a: Tornadus|235/254\n|-status|p2a: Tornadus|par\n|\n|-damage|p1a: Dedenne|48/100 brn|[from] brn\n|upkeep\n|turn|3\n|inactive|Time left: 300 sec this turn | 300 sec total\n|\n|t:|1783549067\n|switch|p2a: Incineroar|Incineroar, L82, M|290/290\n|-ability|p2a: Incineroar|Intimidate|boost\n|-unboost|p1a: Dedenne|atk|1\n|move|p1a: Dedenne|Thunderbolt|p2a: Incineroar\n|-crit|p2a: Incineroar\n|-damage|p2a: Incineroar|140/290\n|\n|-damage|p1a: Dedenne|42/100 brn|[from] brn\n|upkeep\n|turn|4\n|inactive|Time left: 300 sec this turn | 300 sec total\n|\n|t:|1783549069\n|move|p1a: Dedenne|Dazzling Gleam|p2a: Incineroar\n|-damage|p2a: Incineroar|55/290\n|move|p2a: Incineroar|Trailblaze|p1a: Dedenne\n|-damage|p1a: Dedenne|24/100 brn\n|-boost|p2a: Incineroar|spe|1\n|\n|-damage|p1a: Dedenne|18/100 brn|[from] brn\n|upkeep\n|turn|5\n|inactive|Time left: 300 sec this turn | 300 sec total\n|\n|t:|1783549070\n|switch|p2a: Ho-Oh|Ho-Oh, L71|268/268\n|move|p1a: Dedenne|Dazzling Gleam|p2a: Ho-Oh\n|-resisted|p2a: Ho-Oh\n|-damage|p2a: Ho-Oh|237/268\n|\n|-damage|p1a: Dedenne|12/100 brn|[from] brn\n|upkeep\n|turn|6\n|inactive|Time left: 300 sec this turn | 300 sec total\n|\n|t:|1783549071\n|move|p1a: Dedenne|Thunderbolt|p2a: Ho-Oh\n|-supereffective|p2a: Ho-Oh\n|-damage|p2a: Ho-Oh|97/268\n|move|p2a: Ho-Oh|Recover|p2a: Ho-Oh\n|-heal|p2a: Ho-Oh|231/268\n|\n|-damage|p1a: Dedenne|5/100 brn|[from] brn\n|upkeep\n|turn|7\n|inactive|Time left: 300 sec this turn | 300 sec total\n|\n|t:|1783549072\n|move|p1a: Dedenne|Thunderbolt|p2a: Ho-Oh\n|-supereffective|p2a: Ho-Oh\n|-damage|p2a: Ho-Oh|85/268\n|move|p2a: Ho-Oh|Recover|p2a: Ho-Oh\n|-heal|p2a: Ho-Oh|219/268\n|\n|-damage|p1a: Dedenne|0 fnt|[from] brn\n|faint|p1a: Dedenne\n|upkeep\n|\n|t:|1783549074\n|switch|p1a: Donphan|Donphan, L84, F|100/100\n|turn|8\n|inactive|Time left: 300 sec this turn | 300 sec total\n|\n|t:|1783549075\n|move|p2a: Ho-Oh|Sacred Fire|p1a: Donphan\n|-damage|p1a: Donphan|75/100\n|move|p1a: Donphan|Knock Off|p2a: Ho-Oh\n|-damage|p2a: Ho-Oh|89/268\n|-enditem|p2a: Ho-Oh|Heavy-Duty Boots|[from] move: Knock Off|[of] p1a: Donphan\n|\n|upkeep\n|turn|9\n|inactive|Time left: 300 sec this turn | 300 sec total\n|\n|t:|1783549076\n|move|p2a: Ho-Oh|Sacred Fire|p1a: Donphan\n|-damage|p1a: Donphan|49/100\n|-status|p1a: Donphan|brn\n|move|p1a: Donphan|Knock Off|p2a: Ho-Oh\n|-damage|p2a: Ho-Oh|46/268\n|\n|-damage|p1a: Donphan|43/100 brn|[from] brn\n|upkeep\n|turn|10\n|inactive|Time left: 300 sec this turn | 300 sec total\n|\n|t:|1783549077\n|move|p2a: Ho-Oh|Recover|p2a: Ho-Oh\n|-heal|p2a: Ho-Oh|180/268\n|move|p1a: Donphan|Knock Off|p2a: Ho-Oh\n|-damage|p2a: Ho-Oh|131/268\n|\n|-damage|p1a: Donphan|36/100 brn|[from] brn\n|upkeep\n|turn|11\n|inactive|Time left: 300 sec this turn | 300 sec total\n|\n|t:|1783549078\n|move|p2a: Ho-Oh|Recover|p2a: Ho-Oh\n|-heal|p2a: Ho-Oh|265/268\n|move|p1a: Donphan|Knock Off|p2a: Ho-Oh\n|-damage|p2a: Ho-Oh|220/268\n|\n|-damage|p1a: Donphan|30/100 brn|[from] brn\n|upkeep\n|turn|12\n|inactive|Time left: 300 sec this turn | 300 sec total\n|\n|t:|1783549079\n|move|p2a: Ho-Oh|Brave Bird|p1a: Donphan\n|-damage|p1a: Donphan|0 fnt\n|faint|p1a: Donphan\n|-damage|p2a: Ho-Oh|192/268|[from] Recoil\n|\n|upkeep\n|\n|t:|1783549080\n|switch|p1a: Terapagos|Terapagos, L77, F|100/100\n|-activate|p1a: Terapagos|ability: Tera Shift\n|detailschange|p1a: Terapagos|Terapagos-Terastal, L77, F\n|-heal|p1a: Terapagos|100/100|[silent]\n|turn|13\n|inactive|Time left: 300 sec this turn | 300 sec total\n|\n|t:|1783549081\n|move|p1a: Terapagos|Rapid Spin|p2a: Ho-Oh\n|-damage|p2a: Ho-Oh|143/268\n|-boost|p1a: Terapagos|spe|1\n|move|p2a: Ho-Oh|Sacred Fire|p1a: Terapagos\n|-activate|p1a: Terapagos|ability: Tera Shell\n|-resisted|p1a: Terapagos\n|-damage|p1a: Terapagos|85/100\n|\n|upkeep\n|turn|14\n|inactive|Time left: 300 sec this turn | 300 sec total\n|\n|t:|1783549082\n|move|p1a: Terapagos|Calm Mind|p1a: Terapagos\n|-boost|p1a: Terapagos|spa|1\n|-boost|p1a: Terapagos|spd|1\n|move|p2a: Ho-Oh|Sacred Fire|p1a: Terapagos\n|-damage|p1a: Terapagos|54/100\n|-status|p1a: Terapagos|brn\n|\n|-damage|p1a: Terapagos|48/100 brn|[from] brn\n|upkeep\n|turn|15\n|inactive|Time left: 300 sec this turn | 300 sec total\n|\n|t:|1783549083\n|move|p1a: Terapagos|Tera Starstorm|p2a: Ho-Oh\n|-damage|p2a: Ho-Oh|16/268\n|move|p2a: Ho-Oh|Brave Bird|p1a: Terapagos\n|-damage|p1a: Terapagos|10/100 brn\n|-damage|p2a: Ho-Oh|0 fnt|[from] Recoil\n|faint|p2a: Ho-Oh\n|\n|-damage|p1a: Terapagos|4/100 brn|[from] brn\n|upkeep\n|inactive|Time left: 300 sec this turn | 300 sec total | 5 sec grace\n|\n|t:|1783549084\n|switch|p2a: Flutter Mane|Flutter Mane, L74|203/203\n|turn|16\n|inactive|Time left: 300 sec this turn | 300 sec total\n|\n|t:|1783549085\n|move|p1a: Terapagos|Earth Power|p2a: Flutter Mane\n|-damage|p2a: Flutter Mane|131/203\n|move|p2a: Flutter Mane|Calm Mind|p2a: Flutter Mane\n|-boost|p2a: Flutter Mane|spa|1\n|-boost|p2a: Flutter Mane|spd|1\n|\n|-damage|p1a: Terapagos|0 fnt|[from] brn\n|faint|p1a: Terapagos\n|upkeep\n|\n|t:|1783549086\n|switch|p1a: Decidueye|Decidueye-Hisui, L87, M|100/100\n|turn|17\n|inactive|Time left: 300 sec this turn | 300 sec total\n|\n|t:|1783549087\n|-terastallize|p1a: Decidueye|Steel\n|move|p2a: Flutter Mane|Moonblast|p1a: Decidueye\n|-resisted|p1a: Decidueye\n|-damage|p1a: Decidueye|70/100\n|-damage|p2a: Flutter Mane|111/203|[from] item: Life Orb\n|move|p1a: Decidueye|Leaf Blade|p2a: Flutter Mane\n|-damage|p2a: Flutter Mane|0 fnt\n|faint|p2a: Flutter Mane\n|-end|p2a: Flutter Mane|Protosynthesis|[silent]\n|\n|-heal|p1a: Decidueye|76/100|[from] item: Leftovers\n|upkeep\n|inactive|Time left: 300 sec this turn | 300 sec total | 5 sec grace\n|\n|t:|1783549088\n|switch|p2a: Heracross|Heracross, L80, M|259/259\n|turn|18\n|inactive|Time left: 300 sec this turn | 300 sec total\n|\n|t:|1783549089\n|switch|p1a: Forretress|Forretress, L84, F|100/100\n|move|p2a: Heracross|Close Combat|p1a: Forretress\n|-damage|p1a: Forretress|64/100\n|-unboost|p2a: Heracross|def|1\n|-unboost|p2a: Heracross|spd|1\n|\n|-heal|p1a: Forretress|70/100|[from] item: Leftovers\n|upkeep\n|turn|19\n|inactive|Time left: 300 sec this turn | 300 sec total\n|\n|t:|1783549090\n|move|p2a: Heracross|Close Combat|p1a: Forretress\n|-damage|p1a: Forretress|31/100\n|-unboost|p2a: Heracross|def|1\n|-unboost|p2a: Heracross|spd|1\n|move|p1a: Forretress|Iron Head|p2a: Heracross\n|-damage|p2a: Heracross|75/259\n|\n|-heal|p1a: Forretress|37/100|[from] item: Leftovers\n|upkeep\n|turn|20\n|inactive|Time left: 300 sec this turn | 300 sec total\n|\n|t:|1783549092\n|move|p2a: Heracross|Close Combat|p1a: Forretress\n|-damage|p1a: Forretress|0 fnt\n|-unboost|p2a: Heracross|def|1\n|-unboost|p2a: Heracross|spd|1\n|faint|p1a: Forretress\n|-ability|p2a: Heracross|Moxie|boost\n|-boost|p2a: Heracross|atk|1\n|\n|upkeep\n|\n|t:|1783549093\n|switch|p1a: Luvdisc|Luvdisc, M|100/100\n|turn|21\n|inactive|Time left: 300 sec this turn | 300 sec total\n|\n|t:|1783549094\n|move|p2a: Heracross|Close Combat|p1a: Luvdisc\n|-damage|p1a: Luvdisc|5/100\n|-unboost|p2a: Heracross|def|1\n|-unboost|p2a: Heracross|spd|1\n|move|p1a: Luvdisc|Surf|p2a: Heracross\n|-damage|p2a: Heracross|0 fnt\n|faint|p2a: Heracross\n|\n|upkeep\n|inactive|Time left: 300 sec this turn | 300 sec total | 5 sec grace\n|\n|t:|1783549095\n|switch|p2a: Incineroar|Incineroar, L82, M|55/290\n|-ability|p2a: Incineroar|Intimidate|boost\n|-unboost|p1a: Luvdisc|atk|1\n|turn|22\n|inactive|Time left: 300 sec this turn | 300 sec total\n|\n|t:|1783549096\n|switch|p1a: Decidueye|Decidueye-Hisui, L87, M, tera:Steel|76/100\n|-terastallize|p2a: Incineroar|Grass\n|move|p2a: Incineroar|Trailblaze|p1a: Decidueye\n|-resisted|p1a: Decidueye\n|-damage|p1a: Decidueye|63/100\n|-boost|p2a: Incineroar|spe|1\n|\n|-heal|p1a: Decidueye|69/100|[from] item: Leftovers\n|upkeep\n|turn|23\n|inactive|Time left: 300 sec this turn | 300 sec total\n|\n|t:|1783549097\n|move|p2a: Incineroar|Flare Blitz|p1a: Decidueye\n|-supereffective|p1a: Decidueye\n|-crit|p1a: Decidueye\n|-damage|p1a: Decidueye|0 fnt\n|faint|p1a: Decidueye\n|-damage|p2a: Incineroar|0 fnt|[from] Recoil\n|faint|p2a: Incineroar\n|\n|upkeep\n|inactive|Time left: 300 sec this turn | 300 sec total | 5 sec grace\n|\n|t:|1783549098\n|switch|p1a: Luvdisc|Luvdisc, M|5/100\n|switch|p2a: Tatsugiri|Tatsugiri, L87, F|260/260\n|turn|24\n|inactive|Time left: 300 sec this turn | 300 sec total\n|\n|t:|1783549099\n|move|p1a: Luvdisc|Substitute|p1a: Luvdisc\n|-fail|p1a: Luvdisc|move: Substitute|[weak]\n|move|p2a: Tatsugiri|Rapid Spin|p1a: Luvdisc\n|-damage|p1a: Luvdisc|0 fnt\n|-boost|p2a: Tatsugiri|spe|1\n|faint|p1a: Luvdisc\n|\n|win|p0y793758c", "uploadtime": 1783549099, "views": 0, "rating": 0, "private": 0, "password": null, "_winner": "p0y793758c", "_our_name": "p0y793758c"}