{"id": "battle-gen9randombattle-1426", "formatid": "gen9randombattle", "format": "[Gen 9] Random Battle", "players": ["p0x142671b0", "p0y14263e77"], "log": "|init|battle\n|title|p0x142671b0 vs. p0y14263e77\n|j|\u2606p0x142671b0\n|j|\u2606p0y14263e77\n|t:|1783555655\n|gametype|singles\n|player|p1|p0x142671b0|101|\n|player|p2|p0y14263e77|101|\n|gen|9\n|tier|[Gen 9] Random Battle\n|rule|Species Clause: Limit one of each Pok\u00e9mon\n|rule|HP Percentage Mod: HP is shown in percentages\n|rule|Sleep Clause Mod: Limit one foe put to sleep\n|rule|Illusion Level Mod: Illusion disguises the Pok\u00e9mon's true level\n|\n|t:|1783555655\n|teamsize|p1|6\n|teamsize|p2|6\n|start\n|switch|p1a: Quagsire|Quagsire, L84, M|100/100\n|switch|p2a: Indeedee|Indeedee-F, L90, F|272/272\n|-fieldstart|move: Psychic Terrain|[from] ability: Psychic Surge|[of] p2a: Indeedee\n|turn|1\n|inactive|Battle timer is ON: inactive players will automatically lose when time's up. (requested by p0y14263e77)\n|inactive|p0x142671b0 also wants the timer to be on.\n|\n|t:|1783555656\n|move|p2a: Indeedee|Psychic|p1a: Quagsire\n|-damage|p1a: Quagsire|19/100\n|move|p1a: Quagsire|Earthquake|p2a: Indeedee\n|-damage|p2a: Indeedee|167/272\n|\n|-heal|p1a: Quagsire|25/100|[from] item: Leftovers\n|upkeep\n|turn|2\n|inactive|Time left: 300 sec this turn | 300 sec total\n|\n|t:|1783555657\n|switch|p1a: Registeel|Registeel, L81|100/100\n|move|p2a: Indeedee|Psychic|p1a: Registeel\n|-resisted|p1a: Registeel\n|-damage|p1a: Registeel|74/100\n|\n|upkeep\n|turn|3\n|inactive|Time left: 300 sec this turn | 300 sec total\n|\n|t:|1783555658\n|move|p2a: Indeedee|Psychic|p1a: Registeel\n|-resisted|p1a: Registeel\n|-damage|p1a: Registeel|47/100\n|move|p1a: Registeel|Iron Defense|p1a: Registeel\n|-boost|p1a: Registeel|def|2\n|\n|upkeep\n|turn|4\n|inactive|Time left: 300 sec this turn | 300 sec total\n|\n|t:|1783555659\n|move|p2a: Indeedee|Psychic|p1a: Registeel\n|-resisted|p1a: Registeel\n|-damage|p1a: Registeel|17/100\n|move|p1a: Registeel|Body Press|p2a: Indeedee\n|-damage|p2a: Indeedee|0 fnt\n|faint|p2a: Indeedee\n|\n|upkeep\n|inactive|Time left: 300 sec this turn | 300 sec total | 5 sec grace\n|\n|t:|1783555660\n|switch|p2a: Basculin|Basculin-Blue-Striped, L86, F|261/261\n|turn|5\n|inactive|Time left: 300 sec this turn | 300 sec total\n|\n|t:|1783555661\n|move|p2a: Basculin|Wave Crash|p1a: Registeel\n|-damage|p1a: Registeel|0 fnt\n|faint|p1a: Registeel\n|-damage|p2a: Basculin|247/261|[from] Recoil\n|\n|-fieldend|move: Psychic Terrain\n|upkeep\n|\n|t:|1783555662\n|switch|p1a: Regidrago|Regidrago, L77|100/100\n|turn|6\n|inactive|Time left: 300 sec this turn | 300 sec total\n|\n|t:|1783555663\n|switch|p2a: Hitmontop|Hitmontop, L88, M|231/231\n|-ability|p2a: Hitmontop|Intimidate|boost\n|-unboost|p1a: Regidrago|atk|1\n|-terastallize|p1a: Regidrago|Dragon\n|move|p1a: Regidrago|Outrage|p2a: Hitmontop\n|-damage|p2a: Hitmontop|87/231\n|\n|upkeep\n|turn|7\n|inactive|Time left: 300 sec this turn | 300 sec total\n|\n|t:|1783555664\n|switch|p2a: Greedent|Greedent, L86, M|347/347\n|move|p1a: Regidrago|Outrage|p2a: Greedent|[from] lockedmove\n|-damage|p2a: Greedent|223/347\n|-start|p1a: Regidrago|confusion|[fatigue]\n|\n|upkeep\n|turn|8\n|inactive|Time left: 300 sec this turn | 300 sec total\n|\n|t:|1783555665\n|switch|p1a: Dipplin|Dipplin, L88, F|100/100\n|move|p2a: Greedent|Swords Dance|p2a: Greedent\n|-boost|p2a: Greedent|atk|2\n|\n|upkeep\n|turn|9\n|inactive|Time left: 300 sec this turn | 300 sec total\n|\n|t:|1783555665\n|move|p2a: Greedent|Body Slam|p1a: Dipplin\n|-damage|p1a: Dipplin|62/100\n|move|p1a: Dipplin|Dragon Tail|p2a: Greedent\n|-damage|p2a: Greedent|172/347\n|-enditem|p2a: Greedent|Sitrus Berry|[eat]\n|-heal|p2a: Greedent|258/347|[from] item: Sitrus Berry\n|-heal|p2a: Greedent|347/347|[from] ability: Cheek Pouch\n|drag|p2a: Vileplume|Vileplume, L85, F|266/266\n|\n|upkeep\n|turn|10\n|inactive|Time left: 300 sec this turn | 300 sec total\n|\n|t:|1783555666\n|move|p2a: Vileplume|Sludge Bomb|p1a: Dipplin\n|-supereffective|p1a: Dipplin\n|-damage|p1a: Dipplin|13/100\n|move|p1a: Dipplin|Recover|p1a: Dipplin\n|-heal|p1a: Dipplin|63/100\n|\n|upkeep\n|turn|11\n|inactive|Time left: 300 sec this turn | 300 sec total\n|\n|t:|1783555667\n|move|p2a: Vileplume|Sludge Bomb|p1a: Dipplin\n|-supereffective|p1a: Dipplin\n|-crit|p1a: Dipplin\n|-damage|p1a: Dipplin|0 fnt\n|faint|p1a: Dipplin\n|\n|upkeep\n|\n|t:|1783555668\n|switch|p1a: Regidrago|Regidrago, L77, tera:Dragon|100/100\n|turn|12\n|inactive|Time left: 300 sec this turn | 300 sec total\n|\n|t:|1783555669\n|move|p1a: Regidrago|Dragon Energy|p2a: Vileplume\n|-crit|p2a: Vileplume\n|-damage|p2a: Vileplume|0 fnt\n|faint|p2a: Vileplume\n|\n|upkeep\n|inactive|Time left: 300 sec this turn | 300 sec total | 5 sec grace\n|\n|t:|1783555670\n|switch|p2a: Hitmontop|Hitmontop, L88, M|87/231\n|-ability|p2a: Hitmontop|Intimidate|boost\n|-unboost|p1a: Regidrago|atk|1\n|turn|13\n|inactive|Time left: 300 sec this turn | 300 sec total\n|\n|t:|1783555671\n|-terastallize|p2a: Hitmontop|Steel\n|move|p1a: Regidrago|Dragon Energy|p2a: Hitmontop\n|-resisted|p2a: Hitmontop\n|-damage|p2a: Hitmontop|8/231\n|move|p2a: Hitmontop|Close Combat|p1a: Regidrago\n|-damage|p1a: Regidrago|49/100\n|-unboost|p2a: Hitmontop|def|1\n|-unboost|p2a: Hitmontop|spd|1\n|\n|upkeep\n|turn|14\n|inactive|Time left: 300 sec this turn | 300 sec total\n|\n|t:|1783555672\n|move|p2a: Hitmontop|Sucker Punch|p1a: Regidrago\n|-damage|p1a: Regidrago|30/100\n|move|p1a: Regidrago|Dragon Energy|p2a: Hitmontop\n|-resisted|p2a: Hitmontop\n|-damage|p2a: Hitmontop|0 fnt\n|faint|p2a: Hitmontop\n|\n|upkeep\n|inactive|Time left: 300 sec this turn | 300 sec total | 5 sec grace\n|\n|t:|1783555673\n|switch|p2a: Greedent|Greedent, L86, M|347/347\n|turn|15\n|inactive|Time left: 300 sec this turn | 300 sec total\n|\n|t:|1783555674\n|switch|p1a: Quagsire|Quagsire, L84, M|25/100\n|move|p2a: Greedent|Swords Dance|p2a: Greedent\n|-boost|p2a: Greedent|atk|2\n|\n|-heal|p1a: Quagsire|31/100|[from] item: Leftovers\n|upkeep\n|turn|16\n|inactive|Time left: 300 sec this turn | 300 sec total\n|\n|t:|1783555675\n|move|p1a: Quagsire|Recover|p1a: Quagsire\n|-heal|p1a: Quagsire|82/100\n|move|p2a: Greedent|Body Slam|p1a: Quagsire\n|-damage|p1a: Quagsire|48/100\n|\n|-heal|p1a: Quagsire|54/100|[from] item: Leftovers\n|upkeep\n|turn|17\n|inactive|Time left: 300 sec this turn | 300 sec total\n|\n|t:|1783555676\n|move|p1a: Quagsire|Toxic|p2a: Greedent|[miss]\n|-miss|p1a: Quagsire|p2a: Greedent\n|move|p2a: Greedent|Body Slam|p1a: Quagsire\n|-damage|p1a: Quagsire|23/100\n|\n|-heal|p1a: Quagsire|29/100|[from] item: Leftovers\n|upkeep\n|turn|18\n|inactive|Time left: 300 sec this turn | 300 sec total\n|\n|t:|1783555677\n|move|p1a: Quagsire|Recover|p1a: Quagsire\n|-heal|p1a: Quagsire|80/100\n|move|p2a: Greedent|Body Slam|p1a: Quagsire\n|-damage|p1a: Quagsire|49/100\n|-status|p1a: Quagsire|par\n|\n|-heal|p1a: Quagsire|55/100 par|[from] item: Leftovers\n|upkeep\n|turn|19\n|inactive|Time left: 300 sec this turn | 300 sec total\n|\n|t:|1783555678\n|move|p2a: Greedent|Body Slam|p1a: Quagsire\n|-damage|p1a: Quagsire|23/100 par\n|move|p1a: Quagsire|Toxic|p2a: Greedent\n|-status|p2a: Greedent|tox\n|\n|-heal|p1a: Quagsire|29/100 par|[from] item: Leftovers\n|-damage|p2a: Greedent|326/347 tox|[from] psn\n|upkeep\n|turn|20\n|inactive|Time left: 300 sec this turn | 300 sec total\n|\n|t:|1783555679\n|move|p2a: Greedent|Body Slam|p1a: Quagsire\n|-damage|p1a: Quagsire|0 fnt\n|faint|p1a: Quagsire\n|\n|-damage|p2a: Greedent|284/347 tox|[from] psn\n|upkeep\n|\n|t:|1783555680\n|switch|p1a: Regidrago|Regidrago, L77, tera:Dragon|30/100\n|turn|21\n|inactive|Time left: 300 sec this turn | 300 sec total\n|\n|t:|1783555681\n|move|p1a: Regidrago|Outrage|p2a: Greedent\n|-damage|p2a: Greedent|90/347 tox\n|move|p2a: Greedent|Body Slam|p1a: Regidrago\n|-damage|p1a: Regidrago|0 fnt\n|faint|p1a: Regidrago\n|\n|-damage|p2a: Greedent|27/347 tox|[from] psn\n|upkeep\n|\n|t:|1783555682\n|switch|p1a: Staraptor|Staraptor, L79, F|100/100\n|turn|22\n|inactive|Time left: 300 sec this turn | 300 sec total\n|\n|t:|1783555683\n|move|p1a: Staraptor|U-turn|p2a: Greedent\n|-damage|p2a: Greedent|0 fnt\n|faint|p2a: Greedent\n|\n|t:|1783555683\n|switch|p1a: Furret|Furret, L94, M|100/100|[from] U-turn\n|\n|upkeep\n|inactive|Time left: 300 sec this turn | 300 sec total | 10 sec grace\n|\n|t:|1783555684\n|switch|p2a: Darkrai|Darkrai, L77|234/234\n|turn|23\n|inactive|Time left: 300 sec this turn | 300 sec total\n|\n|t:|1783555685\n|move|p2a: Darkrai|Dark Pulse|p1a: Furret\n|-damage|p1a: Furret|65/100\n|cant|p1a: Furret|flinch\n|\n|upkeep\n|turn|24\n|inactive|Time left: 300 sec this turn | 300 sec total\n|\n|t:|1783555686\n|move|p2a: Darkrai|Dark Pulse|p1a: Furret\n|-damage|p1a: Furret|26/100\n|cant|p1a: Furret|flinch\n|\n|upkeep\n|turn|25\n|inactive|Time left: 300 sec this turn | 300 sec total\n|\n|t:|1783555687\n|switch|p1a: Staraptor|Staraptor, L79, F|100/100\n|move|p2a: Darkrai|Dark Pulse|p1a: Staraptor\n|-damage|p1a: Staraptor|53/100\n|\n|upkeep\n|turn|26\n|inactive|Time left: 300 sec this turn | 300 sec total\n|\n|t:|1783555688\n|move|p1a: Staraptor|Quick Attack|p2a: Darkrai\n|-damage|p2a: Darkrai|165/234\n|move|p2a: Darkrai|Dark Pulse|p1a: Staraptor\n|-damage|p1a: Staraptor|0 fnt\n|faint|p1a: Staraptor\n|\n|-heal|p2a: Darkrai|179/234|[from] item: Leftovers\n|upkeep\n|\n|t:|1783555688\n|switch|p1a: Furret|Furret, L94, M|26/100\n|-item|p2a: Darkrai|Leftovers|[from] ability: Frisk|[of] p1a: Furret\n|turn|27\n|inactive|Time left: 300 sec this turn | 300 sec total\n|\n|t:|1783555689\n|move|p2a: Darkrai|Sludge Bomb|p1a: Furret\n|-damage|p1a: Furret|0 fnt\n|faint|p1a: Furret\n|\n|win|p0y14263e77", "uploadtime": 1783555689, "views": 0, "rating": 0, "private": 0, "password": null, "_winner": "p0y14263e77", "_our_name": "p0y14263e77"}