{"id": "battle-gen9randombattle-2763", "formatid": "gen9randombattle", "format": "[Gen 9] Random Battle", "players": ["p0x27630683", "p0y2763a667"], "log": "|init|battle\n|title|p0x27630683 vs. p0y2763a667\n|j|\u2606p0x27630683\n|j|\u2606p0y2763a667\n|t:|1783571848\n|gametype|singles\n|player|p1|p0x27630683|2|\n|player|p2|p0y2763a667|1|\n|gen|9\n|tier|[Gen 9] Random Battle\n|rule|Species Clause: Limit one of each Pok\u00e9mon\n|rule|HP Percentage Mod: HP is shown in percentages\n|rule|Sleep Clause Mod: Limit one foe put to sleep\n|rule|Illusion Level Mod: Illusion disguises the Pok\u00e9mon's true level\n|\n|t:|1783571848\n|teamsize|p1|6\n|teamsize|p2|6\n|start\n|switch|p1a: Kommo-o|Kommo-o, L77, M|242/242\n|switch|p2a: Haxorus|Haxorus, L77, M|100/100\n|-ability|p2a: Haxorus|Mold Breaker\n|turn|1\n|inactive|Battle timer is ON: inactive players will automatically lose when time's up. (requested by p0x27630683)\n|inactive|p0y2763a667 also wants the timer to be on.\n|\n|t:|1783571849\n|move|p2a: Haxorus|Outrage|p1a: Kommo-o\n|-supereffective|p1a: Kommo-o\n|-damage|p1a: Kommo-o|0 fnt\n|faint|p1a: Kommo-o\n|\n|upkeep\n|inactive|Time left: 300 sec this turn | 300 sec total | 65 sec grace\n|\n|t:|1783571850\n|switch|p1a: Arceus|Arceus-Fairy, L69|280/280\n|turn|2\n|inactive|Time left: 300 sec this turn | 300 sec total\n|\n|t:|1783571851\n|move|p1a: Arceus|Judgment|p2a: Haxorus\n|-supereffective|p2a: Haxorus\n|-damage|p2a: Haxorus|0 fnt\n|faint|p2a: Haxorus\n|\n|upkeep\n|\n|t:|1783571852\n|switch|p2a: Vigoroth|Vigoroth, L85, F|100/100\n|turn|3\n|inactive|Time left: 300 sec this turn | 300 sec total\n|\n|t:|1783571853\n|move|p1a: Arceus|Calm Mind|p1a: Arceus\n|-boost|p1a: Arceus|spa|1\n|-boost|p1a: Arceus|spd|1\n|move|p2a: Vigoroth|Bulk Up|p2a: Vigoroth\n|-boost|p2a: Vigoroth|atk|1\n|-boost|p2a: Vigoroth|def|1\n|\n|upkeep\n|turn|4\n|inactive|Time left: 300 sec this turn | 300 sec total\n|\n|t:|1783571854\n|move|p1a: Arceus|Judgment|p2a: Vigoroth\n|-damage|p2a: Vigoroth|51/100\n|move|p2a: Vigoroth|Body Slam|p1a: Arceus\n|-damage|p1a: Arceus|171/280\n|\n|upkeep\n|turn|5\n|inactive|Time left: 300 sec this turn | 300 sec total\n|\n|t:|1783571855\n|move|p1a: Arceus|Judgment|p2a: Vigoroth\n|-damage|p2a: Vigoroth|0 fnt\n|faint|p2a: Vigoroth\n|\n|upkeep\n|\n|t:|1783571856\n|switch|p2a: Donphan|Donphan, L84, M|100/100\n|turn|6\n|inactive|Time left: 300 sec this turn | 300 sec total\n|\n|t:|1783571857\n|move|p1a: Arceus|Judgment|p2a: Donphan\n|-damage|p2a: Donphan|55/100\n|move|p2a: Donphan|Earthquake|p1a: Arceus\n|-damage|p1a: Arceus|53/280\n|\n|upkeep\n|turn|7\n|inactive|Time left: 300 sec this turn | 300 sec total\n|\n|t:|1783571858\n|move|p1a: Arceus|Recover|p1a: Arceus\n|-heal|p1a: Arceus|193/280\n|move|p2a: Donphan|Earthquake|p1a: Arceus\n|-damage|p1a: Arceus|84/280\n|\n|upkeep\n|turn|8\n|inactive|Time left: 300 sec this turn | 300 sec total\n|\n|t:|1783571859\n|move|p1a: Arceus|Recover|p1a: Arceus\n|-heal|p1a: Arceus|224/280\n|move|p2a: Donphan|Earthquake|p1a: Arceus\n|-damage|p1a: Arceus|95/280\n|\n|upkeep\n|turn|9\n|inactive|Time left: 300 sec this turn | 300 sec total\n|\n|t:|1783571860\n|move|p1a: Arceus|Recover|p1a: Arceus\n|-heal|p1a: Arceus|235/280\n|move|p2a: Donphan|Earthquake|p1a: Arceus\n|-damage|p1a: Arceus|126/280\n|\n|upkeep\n|turn|10\n|inactive|Time left: 300 sec this turn | 300 sec total\n|\n|t:|1783571860\n|move|p1a: Arceus|Recover|p1a: Arceus\n|-heal|p1a: Arceus|266/280\n|move|p2a: Donphan|Earthquake|p1a: Arceus\n|-damage|p1a: Arceus|149/280\n|\n|upkeep\n|turn|11\n|inactive|Time left: 300 sec this turn | 300 sec total\n|\n|t:|1783571861\n|move|p1a: Arceus|Judgment|p2a: Donphan\n|-damage|p2a: Donphan|6/100\n|move|p2a: Donphan|Earthquake|p1a: Arceus\n|-damage|p1a: Arceus|25/280\n|\n|upkeep\n|turn|12\n|inactive|Time left: 300 sec this turn | 300 sec total\n|\n|t:|1783571862\n|move|p2a: Donphan|Ice Shard|p1a: Arceus\n|-damage|p1a: Arceus|0 fnt\n|faint|p1a: Arceus\n|\n|upkeep\n|inactive|Time left: 300 sec this turn | 300 sec total | 5 sec grace\n|\n|t:|1783571863\n|switch|p1a: Volcanion|Volcanion, L79|255/255\n|turn|13\n|inactive|Time left: 300 sec this turn | 300 sec total\n|\n|t:|1783571864\n|switch|p2a: Slowking|Slowking, L88, F|100/100\n|move|p1a: Volcanion|Steam Eruption|p2a: Slowking\n|-resisted|p2a: Slowking\n|-damage|p2a: Slowking|84/100\n|-status|p2a: Slowking|brn\n|\n|-damage|p2a: Slowking|78/100 brn|[from] brn\n|upkeep\n|turn|14\n|inactive|Time left: 300 sec this turn | 300 sec total\n|\n|t:|1783571865\n|move|p1a: Volcanion|Steam Eruption|p2a: Slowking\n|-resisted|p2a: Slowking\n|-damage|p2a: Slowking|62/100 brn\n|move|p2a: Slowking|Future Sight|p1a: Volcanion\n|-start|p2a: Slowking|move: Future Sight\n|\n|-damage|p2a: Slowking|56/100 brn|[from] brn\n|upkeep\n|turn|15\n|inactive|Time left: 300 sec this turn | 300 sec total\n|\n|t:|1783571866\n|move|p1a: Volcanion|Steam Eruption|p2a: Slowking\n|-resisted|p2a: Slowking\n|-damage|p2a: Slowking|39/100 brn\n|move|p2a: Slowking|Slack Off|p2a: Slowking\n|-heal|p2a: Slowking|89/100 brn\n|\n|-damage|p2a: Slowking|83/100 brn|[from] brn\n|upkeep\n|turn|16\n|inactive|Time left: 300 sec this turn | 300 sec total\n|\n|t:|1783571868\n|switch|p1a: Persian|Persian-Alola, L86, M|252/252\n|move|p2a: Slowking|Scald|p1a: Persian\n|-damage|p1a: Persian|128/252\n|\n|-end|p1a: Persian|move: Future Sight\n|-immune|p1a: Persian\n|-damage|p2a: Slowking|77/100 brn|[from] brn\n|upkeep\n|turn|17\n|inactive|Time left: 300 sec this turn | 300 sec total\n|\n|t:|1783571869\n|move|p1a: Persian|Parting Shot|p2a: Slowking\n|-unboost|p2a: Slowking|atk|1\n|-unboost|p2a: Slowking|spa|1\n|inactive|Time left: 300 sec this turn | 300 sec total | 5 sec grace\n|\n|t:|1783571870\n|switch|p1a: Sunflora|Sunflora, M|312/312|[from] Parting Shot\n|move|p2a: Slowking|Scald|p1a: Sunflora\n|-resisted|p1a: Sunflora\n|-damage|p1a: Sunflora|284/312\n|\n|-damage|p2a: Slowking|71/100 brn|[from] brn\n|upkeep\n|turn|18\n|inactive|Time left: 300 sec this turn | 300 sec total\n|\n|t:|1783571871\n|switch|p2a: Donphan|Donphan, L84, M|6/100\n|move|p1a: Sunflora|Earth Power|p2a: Donphan\n|-damage|p2a: Donphan|0 fnt\n|faint|p2a: Donphan\n|\n|upkeep\n|\n|t:|1783571872\n|switch|p2a: Cinderace|Cinderace, L77, F|100/100\n|turn|19\n|inactive|Time left: 300 sec this turn | 300 sec total\n|\n|t:|1783571873\n|switch|p1a: Altaria|Altaria, L89, M|278/278\n|move|p2a: Cinderace|Pyro Ball|p1a: Altaria\n|-resisted|p1a: Altaria\n|-damage|p1a: Altaria|226/278\n|\n|upkeep\n|turn|20\n|inactive|Time left: 300 sec this turn | 300 sec total\n|\n|t:|1783571874\n|move|p2a: Cinderace|U-turn|p1a: Altaria\n|-start|p2a: Cinderace|typechange|Bug|[from] ability: Libero\n|-resisted|p1a: Altaria\n|-crit|p1a: Altaria\n|-damage|p1a: Altaria|178/278\n|\n|t:|1783571875\n|switch|p2a: Quagsire|Quagsire, L84, M|100/100|[from] U-turn\n|move|p1a: Altaria|Dragon Dance|p1a: Altaria\n|-boost|p1a: Altaria|atk|1\n|-boost|p1a: Altaria|spe|1\n|\n|upkeep\n|turn|21\n|inactive|Time left: 300 sec this turn | 300 sec total\n|\n|t:|1783571876\n|move|p1a: Altaria|Roost|p1a: Altaria\n|-heal|p1a: Altaria|278/278\n|-singleturn|p1a: Altaria|move: Roost\n|move|p2a: Quagsire|Ice Beam|p1a: Altaria\n|-supereffective|p1a: Altaria\n|-damage|p1a: Altaria|200/278\n|\n|upkeep\n|turn|22\n|inactive|Time left: 300 sec this turn | 300 sec total\n|\n|t:|1783571877\n|move|p1a: Altaria|Dragon Dance|p1a: Altaria\n|-boost|p1a: Altaria|atk|1\n|-boost|p1a: Altaria|spe|1\n|move|p2a: Quagsire|Ice Beam|p1a: Altaria\n|-supereffective|p1a: Altaria\n|-damage|p1a: Altaria|36/278\n|\n|upkeep\n|turn|23\n|inactive|Time left: 300 sec this turn | 300 sec total\n|\n|t:|1783571878\n|move|p1a: Altaria|Roost|p1a: Altaria\n|-heal|p1a: Altaria|175/278\n|-singleturn|p1a: Altaria|move: Roost\n|move|p2a: Quagsire|Toxic|p1a: Altaria\n|-status|p1a: Altaria|tox\n|\n|-damage|p1a: Altaria|158/278 tox|[from] psn\n|upkeep\n|turn|24\n|inactive|Time left: 300 sec this turn | 300 sec total\n|\n|t:|1783571879\n|move|p1a: Altaria|Roost|p1a: Altaria\n|-heal|p1a: Altaria|278/278 tox\n|-singleturn|p1a: Altaria|move: Roost\n|move|p2a: Quagsire|Ice Beam|p1a: Altaria\n|-supereffective|p1a: Altaria\n|-damage|p1a: Altaria|194/278 tox\n|\n|-damage|p1a: Altaria|160/278 tox|[from] psn\n|upkeep\n|turn|25\n|inactive|Time left: 300 sec this turn | 300 sec total\n|\n|t:|1783571880\n|move|p1a: Altaria|Roost|p1a: Altaria\n|-heal|p1a: Altaria|278/278 tox\n|-singleturn|p1a: Altaria|move: Roost\n|move|p2a: Quagsire|Ice Beam|p1a: Altaria\n|-supereffective|p1a: Altaria\n|-damage|p1a: Altaria|204/278 tox\n|\n|-damage|p1a: Altaria|153/278 tox|[from] psn\n|upkeep\n|turn|26\n|inactive|Time left: 300 sec this turn | 300 sec total\n|\n|t:|1783571882\n|-curestatus|p1a: Altaria|tox|[from] ability: Natural Cure|[silent]\n|switch|p1a: Sunflora|Sunflora, M|284/312\n|move|p2a: Quagsire|Ice Beam|p1a: Sunflora\n|-supereffective|p1a: Sunflora\n|-damage|p1a: Sunflora|208/312\n|\n|upkeep\n|turn|27\n|inactive|Time left: 300 sec this turn | 300 sec total\n|\n|t:|1783571883\n|move|p1a: Sunflora|Leaf Storm|p2a: Quagsire\n|-supereffective|p2a: Quagsire\n|-damage|p2a: Quagsire|0 fnt\n|-unboost|p1a: Sunflora|spa|2\n|faint|p2a: Quagsire\n|\n|upkeep\n|\n|t:|1783571884\n|switch|p2a: Cinderace|Cinderace, L77, F|100/100\n|turn|28\n|inactive|Time left: 300 sec this turn | 300 sec total\n|\n|t:|1783571885\n|switch|p1a: Volcanion|Volcanion, L79|255/255\n|move|p2a: Cinderace|Pyro Ball|p1a: Volcanion\n|-resisted|p1a: Volcanion\n|-damage|p1a: Volcanion|229/255\n|\n|upkeep\n|turn|29\n|inactive|Time left: 300 sec this turn | 300 sec total\n|\n|t:|1783571886\n|move|p1a: Volcanion|Steam Eruption|p2a: Cinderace\n|-supereffective|p2a: Cinderace\n|-damage|p2a: Cinderace|0 fnt\n|faint|p2a: Cinderace\n|\n|upkeep\n|\n|t:|1783571887\n|switch|p2a: Slowking|Slowking, L88, F|100/100 brn\n|turn|30\n|inactive|Time left: 300 sec this turn | 300 sec total\n|\n|t:|1783571888\n|switch|p1a: Sunflora|Sunflora, M|208/312\n|move|p2a: Slowking|Future Sight|p1a: Sunflora\n|-start|p2a: Slowking|move: Future Sight\n|\n|-damage|p2a: Slowking|94/100 brn|[from] brn\n|upkeep\n|turn|31\n|inactive|Time left: 300 sec this turn | 300 sec total\n|\n|t:|1783571889\n|-terastallize|p2a: Slowking|Dragon\n|move|p1a: Sunflora|Leaf Storm|p2a: Slowking\n|-resisted|p2a: Slowking\n|-damage|p2a: Slowking|52/100 brn\n|-unboost|p1a: Sunflora|spa|2\n|move|p2a: Slowking|Slack Off|p2a: Slowking\n|-heal|p2a: Slowking|100/100 brn\n|\n|-damage|p2a: Slowking|94/100 brn|[from] brn\n|upkeep\n|turn|32\n|inactive|Time left: 300 sec this turn | 300 sec total\n|\n|t:|1783571890\n|switch|p1a: Persian|Persian-Alola, L86, M|128/252\n|move|p2a: Slowking|Scald|p1a: Persian\n|-damage|p1a: Persian|10/252\n|\n|-end|p1a: Persian|move: Future Sight\n|-immune|p1a: Persian\n|-damage|p2a: Slowking|88/100 brn|[from] brn\n|upkeep\n|turn|33\n|inactive|Time left: 300 sec this turn | 300 sec total\n|\n|t:|1783571891\n|switch|p1a: Sunflora|Sunflora, M|208/312\n|move|p2a: Slowking|Future Sight|p1a: Sunflora\n|-start|p2a: Slowking|move: Future Sight\n|\n|-damage|p2a: Slowking|82/100 brn|[from] brn\n|upkeep\n|turn|34\n|inactive|Time left: 300 sec this turn | 300 sec total\n|\n|t:|1783571891\n|-terastallize|p1a: Sunflora|Fairy\n|move|p1a: Sunflora|Dazzling Gleam|p2a: Slowking\n|-supereffective|p2a: Slowking\n|-damage|p2a: Slowking|0 fnt\n|faint|p2a: Slowking\n|\n|win|p0x27630683", "uploadtime": 1783571891, "views": 0, "rating": 0, "private": 0, "password": null, "_winner": "p0x27630683", "_our_name": "p0x27630683"}