{"id": "battle-gen9randombattle-148", "formatid": "gen9randombattle", "format": "[Gen 9] Random Battle", "players": ["p0x1480fa4", "p0y148d4b8"], "log": "|init|battle\n|title|p0x1480fa4 vs. p0y148d4b8\n|j|\u2606p0x1480fa4\n|j|\u2606p0y148d4b8\n|t:|1783534965\n|gametype|singles\n|player|p1|p0x1480fa4|101|\n|player|p2|p0y148d4b8|170|\n|gen|9\n|tier|[Gen 9] Random Battle\n|rule|Species Clause: Limit one of each Pok\u00e9mon\n|rule|HP Percentage Mod: HP is shown in percentages\n|rule|Sleep Clause Mod: Limit one foe put to sleep\n|rule|Illusion Level Mod: Illusion disguises the Pok\u00e9mon's true level\n|\n|t:|1783534965\n|teamsize|p1|6\n|teamsize|p2|6\n|start\n|switch|p1a: Exeggutor|Exeggutor, L89, F|100/100\n|switch|p2a: Chien-Pao|Chien-Pao, L72|234/234\n|-ability|p2a: Chien-Pao|Sword of Ruin\n|turn|1\n|inactive|Battle timer is ON: inactive players will automatically lose when time's up. (requested by p0x1480fa4)\n|inactive|Time left: 300 sec this turn | 300 sec total | 60 sec grace\n|inactive|p0y148d4b8 also wants the timer to be on.\n|\n|t:|1783534967\n|switch|p1a: Wyrdeer|Wyrdeer, L87, F|100/100\n|-ability|p1a: Wyrdeer|Intimidate|boost\n|-unboost|p2a: Chien-Pao|atk|1\n|move|p2a: Chien-Pao|Swords Dance|p2a: Chien-Pao\n|-boost|p2a: Chien-Pao|atk|2\n|\n|upkeep\n|turn|2\n|inactive|Time left: 300 sec this turn | 300 sec total\n|\n|t:|1783534968\n|switch|p1a: Alcremie|Alcremie-Caramel-Swirl, L90, F|100/100\n|move|p2a: Chien-Pao|Throat Chop|p1a: Alcremie\n|-resisted|p1a: Alcremie\n|-damage|p1a: Alcremie|71/100\n|-start|p1a: Alcremie|Throat Chop|[silent]\n|\n|-heal|p1a: Alcremie|77/100|[from] item: Leftovers\n|upkeep\n|turn|3\n|inactive|Time left: 300 sec this turn | 300 sec total\n|\n|t:|1783534970\n|switch|p1a: Manaphy|Manaphy, L78|100/100\n|move|p2a: Chien-Pao|Icicle Crash|p1a: Manaphy\n|-resisted|p1a: Manaphy\n|-damage|p1a: Manaphy|73/100\n|\n|-heal|p1a: Manaphy|79/100|[from] item: Leftovers\n|upkeep\n|turn|4\n|inactive|Time left: 300 sec this turn | 300 sec total\n|\n|t:|1783534971\n|move|p2a: Chien-Pao|Throat Chop|p1a: Manaphy\n|-damage|p1a: Manaphy|25/100\n|-start|p1a: Manaphy|Throat Chop|[silent]\n|move|p1a: Manaphy|Hydro Pump|p2a: Chien-Pao\n|-damage|p2a: Chien-Pao|74/234\n|\n|-heal|p1a: Manaphy|31/100|[from] item: Leftovers\n|upkeep\n|turn|5\n|inactive|Time left: 300 sec this turn | 300 sec total\n|\n|t:|1783534972\n|move|p2a: Chien-Pao|Throat Chop|p1a: Manaphy\n|-damage|p1a: Manaphy|0 fnt\n|faint|p1a: Manaphy\n|\n|upkeep\n|\n|t:|1783534973\n|switch|p1a: Wugtrio|Wugtrio, L91, M|100/100\n|turn|6\n|inactive|Time left: 300 sec this turn | 300 sec total\n|\n|t:|1783534974\n|switch|p2a: Metagross|Metagross, L79|256/256\n|move|p1a: Wugtrio|Liquidation|p2a: Metagross\n|-damage|p2a: Metagross|124/256\n|\n|-heal|p2a: Metagross|140/256|[from] item: Leftovers\n|upkeep\n|turn|7\n|inactive|Time left: 300 sec this turn | 300 sec total\n|\n|t:|1783534975\n|-terastallize|p2a: Metagross|Water\n|move|p1a: Wugtrio|Liquidation|p2a: Metagross\n|-resisted|p2a: Metagross\n|-damage|p2a: Metagross|77/256\n|move|p2a: Metagross|Knock Off|p1a: Wugtrio\n|-damage|p1a: Wugtrio|50/100\n|-ability|p1a: Wugtrio|Gooey\n|-fail|p2a: Metagross|unboost|[from] ability: Clear Body|[of] p2a: Metagross\n|-enditem|p1a: Wugtrio|Choice Band|[from] move: Knock Off|[of] p2a: Metagross\n|\n|-heal|p2a: Metagross|93/256|[from] item: Leftovers\n|upkeep\n|turn|8\n|inactive|Time left: 300 sec this turn | 300 sec total\n|\n|t:|1783534976\n|move|p1a: Wugtrio|Throat Chop|p2a: Metagross\n|-damage|p2a: Metagross|37/256\n|-start|p2a: Metagross|Throat Chop|[silent]\n|move|p2a: Metagross|Stealth Rock|p1a: Wugtrio\n|-sidestart|p1: p0x1480fa4|move: Stealth Rock\n|\n|-heal|p2a: Metagross|53/256|[from] item: Leftovers\n|upkeep\n|turn|9\n|inactive|Time left: 300 sec this turn | 300 sec total\n|\n|t:|1783534978\n|move|p1a: Wugtrio|Throat Chop|p2a: Metagross\n|-damage|p2a: Metagross|0 fnt\n|faint|p2a: Metagross\n|\n|upkeep\n|inactive|Time left: 300 sec this turn | 300 sec total | 5 sec grace\n|\n|t:|1783534978\n|switch|p2a: Incineroar|Incineroar, L82, F|290/290\n|-ability|p2a: Incineroar|Intimidate|boost\n|-unboost|p1a: Wugtrio|atk|1\n|turn|10\n|inactive|Time left: 300 sec this turn | 300 sec total\n|\n|t:|1783534980\n|move|p1a: Wugtrio|Liquidation|p2a: Incineroar\n|-supereffective|p2a: Incineroar\n|-damage|p2a: Incineroar|146/290\n|move|p2a: Incineroar|Trailblaze|p1a: Wugtrio\n|-supereffective|p1a: Wugtrio\n|-damage|p1a: Wugtrio|0 fnt\n|-boost|p2a: Incineroar|spe|1\n|-ability|p1a: Wugtrio|Gooey\n|-unboost|p2a: Incineroar|spe|1\n|faint|p1a: Wugtrio\n|\n|upkeep\n|\n|t:|1783534981\n|switch|p1a: Wyrdeer|Wyrdeer, L87, F|100/100\n|-damage|p1a: Wyrdeer|88/100|[from] Stealth Rock\n|-ability|p1a: Wyrdeer|Intimidate|boost\n|-unboost|p2a: Incineroar|atk|1\n|turn|11\n|inactive|Time left: 300 sec this turn | 300 sec total\n|\n|t:|1783534982\n|switch|p2a: Oricorio|Oricorio-Sensu, L85, F|266/266\n|move|p1a: Wyrdeer|Earthquake|p2a: Oricorio\n|-immune|p2a: Oricorio\n|\n|upkeep\n|turn|12\n|inactive|Time left: 300 sec this turn | 300 sec total\n|\n|t:|1783534983\n|move|p2a: Oricorio|Quiver Dance|p2a: Oricorio\n|-boost|p2a: Oricorio|spa|1\n|-boost|p2a: Oricorio|spd|1\n|-boost|p2a: Oricorio|spe|1\n|move|p1a: Wyrdeer|Psychic Noise|p2a: Oricorio\n|-damage|p2a: Oricorio|194/266\n|-start|p2a: Oricorio|move: Heal Block\n|\n|upkeep\n|turn|13\n|inactive|Time left: 300 sec this turn | 300 sec total\n|\n|t:|1783534983\n|move|p2a: Oricorio|Quiver Dance|p2a: Oricorio\n|-boost|p2a: Oricorio|spa|1\n|-boost|p2a: Oricorio|spd|1\n|-boost|p2a: Oricorio|spe|1\n|move|p1a: Wyrdeer|Psychic Noise|p2a: Oricorio\n|-damage|p2a: Oricorio|140/266\n|\n|-end|p2a: Oricorio|move: Heal Block\n|upkeep\n|turn|14\n|inactive|Time left: 300 sec this turn | 300 sec total\n|\n|t:|1783534984\n|move|p2a: Oricorio|Quiver Dance|p2a: Oricorio\n|-boost|p2a: Oricorio|spa|1\n|-boost|p2a: Oricorio|spd|1\n|-boost|p2a: Oricorio|spe|1\n|move|p1a: Wyrdeer|Psychic Noise|p2a: Oricorio\n|-damage|p2a: Oricorio|98/266\n|-start|p2a: Oricorio|move: Heal Block\n|\n|upkeep\n|turn|15\n|inactive|Time left: 300 sec this turn | 300 sec total\n|\n|t:|1783534985\n|move|p2a: Oricorio|Hurricane|p1a: Wyrdeer|[miss]\n|-miss|p2a: Oricorio|p1a: Wyrdeer\n|move|p1a: Wyrdeer|Psychic Noise|p2a: Oricorio\n|-damage|p2a: Oricorio|55/266\n|\n|-end|p2a: Oricorio|move: Heal Block\n|upkeep\n|turn|16\n|inactive|Time left: 300 sec this turn | 300 sec total\n|\n|t:|1783534986\n|move|p2a: Oricorio|Roost|p2a: Oricorio\n|-heal|p2a: Oricorio|188/266\n|-singleturn|p2a: Oricorio|move: Roost\n|move|p1a: Wyrdeer|Psychic Noise|p2a: Oricorio\n|-damage|p2a: Oricorio|142/266\n|-start|p2a: Oricorio|move: Heal Block\n|\n|upkeep\n|turn|17\n|inactive|Time left: 300 sec this turn | 300 sec total\n|\n|t:|1783534987\n|move|p2a: Oricorio|Hurricane|p1a: Wyrdeer\n|-damage|p1a: Wyrdeer|15/100\n|move|p1a: Wyrdeer|Psychic Noise|p2a: Oricorio\n|-damage|p2a: Oricorio|97/266\n|\n|-end|p2a: Oricorio|move: Heal Block\n|upkeep\n|turn|18\n|inactive|Time left: 300 sec this turn | 300 sec total\n|\n|t:|1783534988\n|move|p2a: Oricorio|Roost|p2a: Oricorio\n|-heal|p2a: Oricorio|230/266\n|-singleturn|p2a: Oricorio|move: Roost\n|move|p1a: Wyrdeer|Psychic Noise|p2a: Oricorio\n|-damage|p2a: Oricorio|184/266\n|-start|p2a: Oricorio|move: Heal Block\n|\n|upkeep\n|turn|19\n|inactive|Time left: 300 sec this turn | 300 sec total\n|\n|t:|1783534989\n|move|p2a: Oricorio|Hurricane|p1a: Wyrdeer|[miss]\n|-miss|p2a: Oricorio|p1a: Wyrdeer\n|move|p1a: Wyrdeer|Psychic Noise|p2a: Oricorio\n|-damage|p2a: Oricorio|145/266\n|\n|-end|p2a: Oricorio|move: Heal Block\n|upkeep\n|turn|20\n|inactive|Time left: 300 sec this turn | 300 sec total\n|\n|t:|1783534990\n|move|p2a: Oricorio|Roost|p2a: Oricorio\n|-heal|p2a: Oricorio|266/266\n|-singleturn|p2a: Oricorio|move: Roost\n|move|p1a: Wyrdeer|Psychic Noise|p2a: Oricorio\n|-damage|p2a: Oricorio|221/266\n|-start|p2a: Oricorio|move: Heal Block\n|\n|upkeep\n|turn|21\n|inactive|Time left: 300 sec this turn | 300 sec total\n|\n|t:|1783534991\n|move|p2a: Oricorio|Hurricane|p1a: Wyrdeer|[miss]\n|-miss|p2a: Oricorio|p1a: Wyrdeer\n|move|p1a: Wyrdeer|Psychic Noise|p2a: Oricorio\n|-damage|p2a: Oricorio|181/266\n|\n|-end|p2a: Oricorio|move: Heal Block\n|upkeep\n|turn|22\n|inactive|Time left: 300 sec this turn | 300 sec total\n|\n|t:|1783534992\n|move|p2a: Oricorio|Quiver Dance|p2a: Oricorio\n|-boost|p2a: Oricorio|spa|1\n|-boost|p2a: Oricorio|spd|1\n|-boost|p2a: Oricorio|spe|1\n|move|p1a: Wyrdeer|Psychic Noise|p2a: Oricorio\n|-damage|p2a: Oricorio|144/266\n|-start|p2a: Oricorio|move: Heal Block\n|\n|upkeep\n|turn|23\n|inactive|Time left: 300 sec this turn | 300 sec total\n|\n|t:|1783534993\n|move|p2a: Oricorio|Hurricane|p1a: Wyrdeer|[miss]\n|-miss|p2a: Oricorio|p1a: Wyrdeer\n|move|p1a: Wyrdeer|Megahorn|p2a: Oricorio\n|-resisted|p2a: Oricorio\n|-damage|p2a: Oricorio|118/266\n|\n|-end|p2a: Oricorio|move: Heal Block\n|upkeep\n|turn|24\n|inactive|Time left: 300 sec this turn | 300 sec total\n|\n|t:|1783534994\n|move|p2a: Oricorio|Roost|p2a: Oricorio\n|-heal|p2a: Oricorio|251/266\n|-singleturn|p2a: Oricorio|move: Roost\n|move|p1a: Wyrdeer|Psychic Noise|p2a: Oricorio\n|-damage|p2a: Oricorio|218/266\n|-start|p2a: Oricorio|move: Heal Block\n|\n|upkeep\n|turn|25\n|inactive|Time left: 300 sec this turn | 300 sec total\n|\n|t:|1783534995\n|move|p2a: Oricorio|Hurricane|p1a: Wyrdeer\n|-damage|p1a: Wyrdeer|0 fnt\n|faint|p1a: Wyrdeer\n|\n|-end|p2a: Oricorio|move: Heal Block\n|upkeep\n|\n|t:|1783534996\n|switch|p1a: Exeggutor|Exeggutor, L89, F|100/100\n|-damage|p1a: Exeggutor|88/100|[from] Stealth Rock\n|turn|26\n|inactive|Time left: 300 sec this turn | 300 sec total\n|\n|t:|1783534997\n|move|p1a: Exeggutor|Protect|p1a: Exeggutor\n|-singleturn|p1a: Exeggutor|Protect\n|move|p2a: Oricorio|Revelation Dance|p1a: Exeggutor\n|-activate|p1a: Exeggutor|move: Protect\n|\n|upkeep\n|turn|27\n|inactive|Time left: 300 sec this turn | 300 sec total\n|\n|t:|1783534998\n|-terastallize|p1a: Exeggutor|Steel\n|move|p2a: Oricorio|Revelation Dance|p1a: Exeggutor\n|-damage|p1a: Exeggutor|0 fnt\n|faint|p1a: Exeggutor\n|\n|upkeep\n|\n|t:|1783534999\n|switch|p1a: Alcremie|Alcremie-Caramel-Swirl, L90, F|77/100\n|-damage|p1a: Alcremie|65/100|[from] Stealth Rock\n|turn|28\n|inactive|Time left: 300 sec this turn | 300 sec total\n|\n|t:|1783535000\n|move|p2a: Oricorio|Revelation Dance|p1a: Alcremie\n|-crit|p1a: Alcremie\n|-damage|p1a: Alcremie|0 fnt\n|faint|p1a: Alcremie\n|\n|upkeep\n|\n|t:|1783535001\n|switch|p1a: Rotom|Rotom-Fan, L86|100/100\n|turn|29\n|inactive|Time left: 300 sec this turn | 300 sec total\n|\n|t:|1783535002\n|move|p2a: Oricorio|Revelation Dance|p1a: Rotom\n|-damage|p1a: Rotom|0 fnt\n|faint|p1a: Rotom\n|\n|win|p0y148d4b8", "uploadtime": 1783535002, "views": 0, "rating": 0, "private": 0, "password": null, "_winner": "p0y148d4b8", "_our_name": "p0y148d4b8"}