{"id": "battle-gen9randombattle-1472", "formatid": "gen9randombattle", "format": "[Gen 9] Random Battle", "players": ["p0x147210d5", "p0y14720984"], "log": "|init|battle\n|title|p0x147210d5 vs. p0y14720984\n|j|\u2606p0x147210d5\n|j|\u2606p0y14720984\n|t:|1783556220\n|gametype|singles\n|player|p1|p0x147210d5|1|\n|player|p2|p0y14720984|170|\n|gen|9\n|tier|[Gen 9] Random Battle\n|rule|Species Clause: Limit one of each Pok\u00e9mon\n|rule|HP Percentage Mod: HP is shown in percentages\n|rule|Sleep Clause Mod: Limit one foe put to sleep\n|rule|Illusion Level Mod: Illusion disguises the Pok\u00e9mon's true level\n|\n|t:|1783556220\n|teamsize|p1|6\n|teamsize|p2|6\n|start\n|switch|p1a: Skuntank|Skuntank, L84, F|100/100\n|switch|p2a: Granbull|Granbull, L88, F|302/302\n|-ability|p2a: Granbull|Intimidate|boost\n|-unboost|p1a: Skuntank|atk|1\n|turn|1\n|inactive|Battle timer is ON: inactive players will automatically lose when time's up. (requested by p0x147210d5)\n|inactive|Time left: 300 sec this turn | 300 sec total | 60 sec grace\n|inactive|p0y14720984 also wants the timer to be on.\n|\n|t:|1783556222\n|switch|p1a: Glimmora|Glimmora, L75, F|100/100\n|-item|p1a: Glimmora|Air Balloon\n|move|p2a: Granbull|Play Rough|p1a: Glimmora\n|-resisted|p1a: Glimmora\n|-damage|p1a: Glimmora|73/100\n|-activate|p1a: Glimmora|ability: Toxic Debris\n|-sidestart|p2: p0y14720984|move: Toxic Spikes\n|-enditem|p1a: Glimmora|Air Balloon\n|\n|upkeep\n|turn|2\n|inactive|Time left: 300 sec this turn | 300 sec total\n|\n|t:|1783556223\n|move|p1a: Glimmora|Sludge Wave|p2a: Granbull\n|-supereffective|p2a: Granbull\n|-crit|p2a: Granbull\n|-damage|p2a: Granbull|0 fnt\n|faint|p2a: Granbull\n|\n|upkeep\n|inactive|Time left: 300 sec this turn | 300 sec total | 5 sec grace\n|\n|t:|1783556224\n|switch|p2a: Koraidon|Koraidon, L64|235/235\n|-status|p2a: Koraidon|psn\n|-weather|SunnyDay|[from] ability: Orichalcum Pulse|[of] p2a: Koraidon\n|-activate|p2a: Koraidon|Orichalcum Pulse|[source]\n|turn|3\n|inactive|Time left: 300 sec this turn | 300 sec total\n|\n|t:|1783556225\n|move|p2a: Koraidon|Outrage|p1a: Glimmora\n|-damage|p1a: Glimmora|0 fnt\n|-activate|p1a: Glimmora|ability: Toxic Debris\n|-sidestart|p2: p0y14720984|move: Toxic Spikes\n|faint|p1a: Glimmora\n|\n|-weather|SunnyDay|[upkeep]\n|-damage|p2a: Koraidon|206/235 psn|[from] psn\n|upkeep\n|\n|t:|1783556226\n|switch|p1a: Skarmory|Skarmory, L80, M|100/100\n|turn|4\n|inactive|Time left: 300 sec this turn | 300 sec total\n|\n|t:|1783556227\n|move|p2a: Koraidon|Outrage|p1a: Skarmory|[from] lockedmove\n|-resisted|p1a: Skarmory\n|-damage|p1a: Skarmory|69/100\n|move|p1a: Skarmory|Brave Bird|p2a: Koraidon\n|-supereffective|p2a: Koraidon\n|-damage|p2a: Koraidon|0 fnt\n|faint|p2a: Koraidon\n|-damage|p1a: Skarmory|40/100|[from] Recoil\n|\n|-weather|SunnyDay|[upkeep]\n|-heal|p1a: Skarmory|46/100|[from] item: Leftovers\n|upkeep\n|inactive|Time left: 300 sec this turn | 300 sec total | 5 sec grace\n|\n|t:|1783556228\n|switch|p2a: Ninetales|Ninetales-Alola, L78, M|242/242\n|-status|p2a: Ninetales|tox\n|-weather|Snowscape|[from] ability: Snow Warning|[of] p2a: Ninetales\n|turn|5\n|inactive|Time left: 300 sec this turn | 300 sec total\n|\n|t:|1783556229\n|move|p2a: Ninetales|Aurora Veil|p2a: Ninetales\n|-sidestart|p2: p0y14720984|move: Aurora Veil\n|move|p1a: Skarmory|Roost|p1a: Skarmory\n|-heal|p1a: Skarmory|97/100\n|-singleturn|p1a: Skarmory|move: Roost\n|\n|-weather|Snowscape|[upkeep]\n|-heal|p1a: Skarmory|100/100|[from] item: Leftovers\n|-damage|p2a: Ninetales|227/242 tox|[from] psn\n|upkeep\n|turn|6\n|inactive|Time left: 300 sec this turn | 300 sec total\n|\n|t:|1783556230\n|move|p2a: Ninetales|Nasty Plot|p2a: Ninetales\n|-boost|p2a: Ninetales|spa|2\n|move|p1a: Skarmory|Spikes|p2a: Ninetales\n|-sidestart|p2: p0y14720984|Spikes\n|\n|-weather|Snowscape|[upkeep]\n|-damage|p2a: Ninetales|197/242 tox|[from] psn\n|upkeep\n|turn|7\n|inactive|Time left: 300 sec this turn | 300 sec total\n|\n|t:|1783556231\n|move|p2a: Ninetales|Blizzard|p1a: Skarmory\n|-damage|p1a: Skarmory|12/100\n|move|p1a: Skarmory|Spikes|p2a: Ninetales\n|-sidestart|p2: p0y14720984|Spikes\n|\n|-weather|Snowscape|[upkeep]\n|-heal|p1a: Skarmory|18/100|[from] item: Leftovers\n|-damage|p2a: Ninetales|152/242 tox|[from] psn\n|upkeep\n|turn|8\n|inactive|Time left: 300 sec this turn | 300 sec total\n|\n|t:|1783556232\n|move|p2a: Ninetales|Moonblast|p1a: Skarmory\n|-resisted|p1a: Skarmory\n|-damage|p1a: Skarmory|0 fnt\n|faint|p1a: Skarmory\n|\n|-weather|Snowscape|[upkeep]\n|-damage|p2a: Ninetales|92/242 tox|[from] psn\n|upkeep\n|\n|t:|1783556233\n|switch|p1a: Gothitelle|Gothitelle, L90, M|100/100\n|turn|9\n|inactive|Time left: 300 sec this turn | 300 sec total\n|\n|t:|1783556234\n|move|p2a: Ninetales|Blizzard|p1a: Gothitelle\n|-damage|p1a: Gothitelle|45/100\n|move|p1a: Gothitelle|Calm Mind|p1a: Gothitelle\n|-boost|p1a: Gothitelle|spa|1\n|-boost|p1a: Gothitelle|spd|1\n|\n|-weather|none\n|-heal|p1a: Gothitelle|51/100|[from] item: Leftovers\n|-damage|p2a: Ninetales|17/242 tox|[from] psn\n|upkeep\n|turn|10\n|inactive|Time left: 300 sec this turn | 300 sec total\n|\n|t:|1783556235\n|move|p2a: Ninetales|Moonblast|p1a: Gothitelle\n|-damage|p1a: Gothitelle|20/100\n|move|p1a: Gothitelle|Calm Mind|p1a: Gothitelle\n|-boost|p1a: Gothitelle|spa|1\n|-boost|p1a: Gothitelle|spd|1\n|\n|-heal|p1a: Gothitelle|27/100|[from] item: Leftovers\n|-damage|p2a: Ninetales|0 fnt|[from] psn\n|faint|p2a: Ninetales\n|upkeep\n|inactive|Time left: 300 sec this turn | 300 sec total | 5 sec grace\n|\n|t:|1783556236\n|switch|p2a: Kingdra|Kingdra, L84, F|263/263\n|-status|p2a: Kingdra|tox\n|-enditem|p2a: Kingdra|Lum Berry|[eat]\n|-curestatus|p2a: Kingdra|tox|[msg]\n|-damage|p2a: Kingdra|220/263|[from] Spikes\n|turn|11\n|inactive|Time left: 300 sec this turn | 300 sec total\n|\n|t:|1783556237\n|switch|p1a: Lumineon|Lumineon, L93, M|100/100\n|move|p2a: Kingdra|Dragon Dance|p2a: Kingdra\n|-boost|p2a: Kingdra|atk|1\n|-boost|p2a: Kingdra|spe|1\n|\n|upkeep\n|turn|12\n|inactive|Time left: 300 sec this turn | 300 sec total\n|\n|t:|1783556238\n|move|p2a: Kingdra|Outrage|p1a: Lumineon\n|-damage|p1a: Lumineon|34/100\n|move|p1a: Lumineon|Ice Beam|p2a: Kingdra\n|-damage|p2a: Kingdra|180/263\n|-damage|p1a: Lumineon|24/100|[from] item: Life Orb\n|\n|-sideend|p2: p0y14720984|move: Aurora Veil\n|upkeep\n|turn|13\n|inactive|Time left: 300 sec this turn | 300 sec total\n|\n|t:|1783556240\n|switch|p1a: Gothitelle|Gothitelle, L90, M|27/100\n|move|p2a: Kingdra|Outrage|p1a: Gothitelle|[from] lockedmove\n|-damage|p1a: Gothitelle|0 fnt\n|faint|p1a: Gothitelle\n|\n|upkeep\n|\n|t:|1783556241\n|switch|p1a: Skuntank|Skuntank, L84, F|100/100\n|turn|14\n|inactive|Time left: 300 sec this turn | 300 sec total\n|\n|t:|1783556242\n|move|p2a: Kingdra|Outrage|p1a: Skuntank|[from] lockedmove\n|-damage|p1a: Skuntank|23/100\n|-start|p2a: Kingdra|confusion|[fatigue]\n|move|p1a: Skuntank|Gunk Shot|p2a: Kingdra|[miss]\n|-miss|p1a: Skuntank|p2a: Kingdra\n|\n|upkeep\n|turn|15\n|inactive|Time left: 300 sec this turn | 300 sec total\n|\n|t:|1783556243\n|-activate|p2a: Kingdra|confusion\n|move|p2a: Kingdra|Outrage|p1a: Skuntank\n|-damage|p1a: Skuntank|0 fnt\n|-damage|p2a: Kingdra|115/263|[from] ability: Aftermath|[of] p1a: Skuntank\n|faint|p1a: Skuntank\n|\n|upkeep\n|\n|t:|1783556244\n|switch|p1a: Zangoose|Zangoose, L85, F|100/100\n|turn|16\n|inactive|Time left: 300 sec this turn | 300 sec total\n|\n|t:|1783556245\n|-end|p2a: Kingdra|confusion\n|move|p2a: Kingdra|Outrage|p1a: Zangoose|[from] lockedmove\n|-damage|p1a: Zangoose|12/100\n|move|p1a: Zangoose|Facade|p2a: Kingdra\n|-damage|p2a: Kingdra|28/263\n|\n|-status|p1a: Zangoose|tox|[from] item: Toxic Orb\n|upkeep\n|turn|17\n|inactive|Time left: 300 sec this turn | 300 sec total\n|\n|t:|1783556246\n|move|p2a: Kingdra|Outrage|p1a: Zangoose|[from] lockedmove\n|-damage|p1a: Zangoose|0 fnt\n|faint|p1a: Zangoose\n|-start|p2a: Kingdra|confusion|[fatigue]\n|\n|upkeep\n|\n|t:|1783556247\n|switch|p1a: Lumineon|Lumineon, L93, M|24/100\n|turn|18\n|inactive|Time left: 300 sec this turn | 300 sec total\n|\n|t:|1783556248\n|switch|p2a: Kyogre|Kyogre, L71|259/259\n|-status|p2a: Kyogre|tox\n|-damage|p2a: Kyogre|216/259 tox|[from] Spikes\n|-weather|RainDance|[from] ability: Drizzle|[of] p2a: Kyogre\n|-terastallize|p1a: Lumineon|Water\n|move|p1a: Lumineon|Encore||[still]\n|-fail|p1a: Lumineon\n|\n|-weather|RainDance|[upkeep]\n|-heal|p2a: Kyogre|232/259 tox|[from] item: Leftovers\n|-damage|p2a: Kyogre|216/259 tox|[from] psn\n|upkeep\n|turn|19\n|inactive|Time left: 300 sec this turn | 300 sec total\n|\n|t:|1783556249\n|move|p1a: Lumineon|Hydro Pump|p2a: Kyogre\n|-resisted|p2a: Kyogre\n|-damage|p2a: Kyogre|96/259 tox\n|-damage|p1a: Lumineon|14/100|[from] item: Life Orb\n|move|p2a: Kyogre|Thunder|p1a: Lumineon\n|-supereffective|p1a: Lumineon\n|-damage|p1a: Lumineon|0 fnt\n|faint|p1a: Lumineon\n|\n|win|p0y14720984", "uploadtime": 1783556249, "views": 0, "rating": 0, "private": 0, "password": null, "_winner": "p0y14720984", "_our_name": "p0y14720984"}