{"id": "battle-gen9randombattle-345", "formatid": "gen9randombattle", "format": "[Gen 9] Random Battle", "players": ["p0x345c32a", "p0y3454f0b"], "log": "|init|battle\n|title|p0x345c32a vs. p0y3454f0b\n|j|\u2606p0x345c32a\n|j|\u2606p0y3454f0b\n|t:|1783543123\n|gametype|singles\n|player|p1|p0x345c32a|169|\n|player|p2|p0y3454f0b|102|\n|gen|9\n|tier|[Gen 9] Random Battle\n|rule|Species Clause: Limit one of each Pok\u00e9mon\n|rule|HP Percentage Mod: HP is shown in percentages\n|rule|Sleep Clause Mod: Limit one foe put to sleep\n|rule|Illusion Level Mod: Illusion disguises the Pok\u00e9mon's true level\n|\n|t:|1783543123\n|teamsize|p1|6\n|teamsize|p2|6\n|start\n|switch|p1a: Luxray|Luxray, L88, M|284/284\n|switch|p2a: Noctowl|Noctowl, L95, F|100/100\n|-ability|p1a: Luxray|Intimidate|boost\n|-unboost|p2a: Noctowl|atk|1\n|turn|1\n|inactive|Battle timer is ON: inactive players will automatically lose when time's up. (requested by p0y3454f0b)\n|inactive|Time left: 300 sec this turn | 300 sec total | 60 sec grace\n|inactive|p0x345c32a also wants the timer to be on.\n|\n|t:|1783543125\n|switch|p2a: Trevenant|Trevenant, L89, M|100/100\n|move|p1a: Luxray|Wild Charge|p2a: Trevenant\n|-resisted|p2a: Trevenant\n|-damage|p2a: Trevenant|79/100\n|-damage|p1a: Luxray|268/284|[from] Recoil\n|\n|upkeep\n|turn|2\n|inactive|Time left: 300 sec this turn | 300 sec total\n|\n|t:|1783543126\n|move|p1a: Luxray|Wild Charge|p2a: Trevenant\n|-resisted|p2a: Trevenant\n|-crit|p2a: Trevenant\n|-damage|p2a: Trevenant|46/100\n|-damage|p1a: Luxray|243/284|[from] Recoil\n|move|p2a: Trevenant|Horn Leech|p1a: Luxray\n|-damage|p1a: Luxray|117/284\n|-heal|p2a: Trevenant|67/100|[from] drain|[of] p1a: Luxray\n|-damage|p2a: Trevenant|57/100|[from] item: Life Orb\n|\n|upkeep\n|turn|3\n|inactive|Time left: 300 sec this turn | 300 sec total\n|\n|t:|1783543127\n|move|p1a: Luxray|Throat Chop|p2a: Trevenant\n|-supereffective|p2a: Trevenant\n|-damage|p2a: Trevenant|0 fnt\n|faint|p2a: Trevenant\n|\n|upkeep\n|\n|t:|1783543128\n|switch|p2a: Galvantula|Galvantula, L82, F|100/100\n|turn|4\n|inactive|Time left: 300 sec this turn | 300 sec total\n|\n|t:|1783543129\n|move|p2a: Galvantula|Sticky Web|p1a: Luxray\n|-sidestart|p1: p0x345c32a|move: Sticky Web\n|move|p1a: Luxray|Volt Switch|p2a: Galvantula\n|-resisted|p2a: Galvantula\n|-damage|p2a: Galvantula|78/100\n|inactive|Time left: 300 sec this turn | 300 sec total | 5 sec grace\n|\n|t:|1783543130\n|switch|p1a: Beartic|Beartic, L91, F|321/321|[from] Volt Switch\n|-activate|p1a: Beartic|move: Sticky Web\n|-unboost|p1a: Beartic|spe|1\n|\n|upkeep\n|turn|5\n|inactive|Time left: 300 sec this turn | 300 sec total\n|\n|t:|1783543131\n|move|p2a: Galvantula|Volt Switch|p1a: Beartic\n|-damage|p1a: Beartic|254/321\n|\n|t:|1783543132\n|switch|p2a: Alcremie|Alcremie-Caramel-Swirl, L90, F|100/100|[from] Volt Switch\n|move|p1a: Beartic|Icicle Crash|p2a: Alcremie\n|-damage|p2a: Alcremie|26/100\n|\n|-heal|p2a: Alcremie|32/100|[from] item: Leftovers\n|upkeep\n|turn|6\n|inactive|Time left: 300 sec this turn | 300 sec total\n|\n|t:|1783543134\n|move|p2a: Alcremie|Alluring Voice|p1a: Beartic\n|-damage|p1a: Beartic|139/321\n|move|p1a: Beartic|Icicle Crash|p2a: Alcremie\n|-damage|p2a: Alcremie|0 fnt\n|faint|p2a: Alcremie\n|\n|upkeep\n|\n|t:|1783543135\n|switch|p2a: Revavroom|Revavroom, L79, M|100/100\n|turn|7\n|inactive|Time left: 300 sec this turn | 300 sec total\n|\n|t:|1783543136\n|move|p2a: Revavroom|Shift Gear|p2a: Revavroom\n|-boost|p2a: Revavroom|spe|2\n|-boost|p2a: Revavroom|atk|1\n|move|p1a: Beartic|Icicle Crash|p2a: Revavroom\n|-resisted|p2a: Revavroom\n|-damage|p2a: Revavroom|63/100\n|\n|upkeep\n|turn|8\n|inactive|Time left: 300 sec this turn | 300 sec total\n|\n|t:|1783543137\n|switch|p1a: Luxray|Luxray, L88, M|117/284\n|-activate|p1a: Luxray|move: Sticky Web\n|-unboost|p1a: Luxray|spe|1\n|-ability|p1a: Luxray|Intimidate|boost\n|-unboost|p2a: Revavroom|atk|1\n|move|p2a: Revavroom|Gunk Shot|p1a: Luxray|[miss]\n|-miss|p2a: Revavroom|p1a: Luxray\n|\n|upkeep\n|turn|9\n|inactive|Time left: 300 sec this turn | 300 sec total\n|\n|t:|1783543138\n|move|p2a: Revavroom|High Horsepower|p1a: Luxray\n|-supereffective|p1a: Luxray\n|-damage|p1a: Luxray|0 fnt\n|faint|p1a: Luxray\n|-damage|p2a: Revavroom|53/100|[from] item: Life Orb\n|\n|upkeep\n|inactive|Time left: 300 sec this turn | 300 sec total | 5 sec grace\n|\n|t:|1783543139\n|switch|p1a: Klawf|Klawf, L90, F|272/272\n|-activate|p1a: Klawf|move: Sticky Web\n|-unboost|p1a: Klawf|spe|1\n|turn|10\n|inactive|Time left: 300 sec this turn | 300 sec total\n|\n|t:|1783543140\n|move|p2a: Revavroom|Iron Head|p1a: Klawf\n|-supereffective|p1a: Klawf\n|-damage|p1a: Klawf|106/272\n|-damage|p2a: Revavroom|43/100|[from] item: Life Orb\n|move|p1a: Klawf|High Horsepower|p2a: Revavroom\n|-supereffective|p2a: Revavroom\n|-damage|p2a: Revavroom|0 fnt\n|faint|p2a: Revavroom\n|\n|upkeep\n|\n|t:|1783543142\n|switch|p2a: Plusle|Plusle, L95, F|100/100\n|turn|11\n|inactive|Time left: 300 sec this turn | 300 sec total\n|\n|t:|1783543143\n|move|p2a: Plusle|Thunderbolt|p1a: Klawf\n|-damage|p1a: Klawf|0 fnt\n|faint|p1a: Klawf\n|-damage|p2a: Plusle|91/100|[from] item: Life Orb\n|\n|upkeep\n|inactive|Time left: 300 sec this turn | 300 sec total | 5 sec grace\n|\n|t:|1783543144\n|switch|p1a: Zekrom|Zekrom, L71|259/259\n|-activate|p1a: Zekrom|move: Sticky Web\n|-unboost|p1a: Zekrom|spe|1\n|-ability|p1a: Zekrom|Teravolt\n|turn|12\n|inactive|Time left: 300 sec this turn | 300 sec total\n|\n|t:|1783543145\n|switch|p2a: Noctowl|Noctowl, L95, F|100/100\n|move|p1a: Zekrom|Outrage|p2a: Noctowl\n|-damage|p2a: Noctowl|50/100\n|\n|upkeep\n|turn|13\n|inactive|Time left: 300 sec this turn | 300 sec total\n|\n|t:|1783543146\n|-terastallize|p2a: Noctowl|Steel\n|move|p2a: Noctowl|Roost|p2a: Noctowl\n|-heal|p2a: Noctowl|100/100\n|move|p1a: Zekrom|Outrage|p2a: Noctowl|[from] lockedmove\n|-resisted|p2a: Noctowl\n|-damage|p2a: Noctowl|74/100\n|\n|upkeep\n|turn|14\n|inactive|Time left: 300 sec this turn | 300 sec total\n|\n|t:|1783543147\n|move|p2a: Noctowl|Hyper Voice|p1a: Zekrom\n|-damage|p1a: Zekrom|145/259\n|move|p1a: Zekrom|Outrage|p2a: Noctowl|[from] lockedmove\n|-resisted|p2a: Noctowl\n|-damage|p2a: Noctowl|50/100\n|-start|p1a: Zekrom|confusion|[fatigue]\n|\n|-heal|p1a: Zekrom|161/259|[from] item: Leftovers\n|upkeep\n|turn|15\n|inactive|Time left: 300 sec this turn | 300 sec total\n|\n|t:|1783543148\n|move|p2a: Noctowl|Hyper Voice|p1a: Zekrom\n|-damage|p1a: Zekrom|43/259\n|-activate|p1a: Zekrom|confusion\n|-damage|p1a: Zekrom|17/259|[from] confusion\n|\n|-heal|p1a: Zekrom|33/259|[from] item: Leftovers\n|upkeep\n|turn|16\n|inactive|Time left: 300 sec this turn | 300 sec total\n|\n|t:|1783543149\n|move|p2a: Noctowl|Roost|p2a: Noctowl\n|-heal|p2a: Noctowl|99/100\n|-activate|p1a: Zekrom|confusion\n|move|p1a: Zekrom|Bolt Strike|p2a: Noctowl\n|-damage|p2a: Noctowl|48/100\n|\n|-heal|p1a: Zekrom|49/259|[from] item: Leftovers\n|upkeep\n|turn|17\n|inactive|Time left: 300 sec this turn | 300 sec total\n|\n|t:|1783543150\n|switch|p1a: Beartic|Beartic, L91, F|139/321\n|-activate|p1a: Beartic|move: Sticky Web\n|-unboost|p1a: Beartic|spe|1\n|move|p2a: Noctowl|Roost|p2a: Noctowl\n|-heal|p2a: Noctowl|98/100\n|\n|upkeep\n|turn|18\n|inactive|Time left: 300 sec this turn | 300 sec total\n|\n|t:|1783543151\n|move|p2a: Noctowl|Hurricane|p1a: Beartic|[miss]\n|-miss|p2a: Noctowl|p1a: Beartic\n|move|p1a: Beartic|Earthquake|p2a: Noctowl\n|-supereffective|p2a: Noctowl\n|-damage|p2a: Noctowl|0 fnt\n|faint|p2a: Noctowl\n|\n|upkeep\n|\n|t:|1783543152\n|switch|p2a: Plusle|Plusle, L95, F|91/100\n|turn|19\n|inactive|Time left: 300 sec this turn | 300 sec total\n|\n|t:|1783543153\n|move|p2a: Plusle|Thunderbolt|p1a: Beartic\n|-damage|p1a: Beartic|3/321\n|-status|p1a: Beartic|par\n|-damage|p2a: Plusle|81/100|[from] item: Life Orb\n|move|p1a: Beartic|Earthquake|p2a: Plusle\n|-supereffective|p2a: Plusle\n|-damage|p2a: Plusle|0 fnt\n|faint|p2a: Plusle\n|\n|upkeep\n|\n|t:|1783543154\n|switch|p2a: Galvantula|Galvantula, L82, F|78/100\n|turn|20\n|inactive|Time left: 300 sec this turn | 300 sec total\n|\n|t:|1783543154\n|move|p2a: Galvantula|Bug Buzz|p1a: Beartic\n|-damage|p1a: Beartic|0 fnt\n|faint|p1a: Beartic\n|\n|upkeep\n|inactive|Time left: 300 sec this turn | 300 sec total | 5 sec grace\n|\n|t:|1783543155\n|switch|p1a: Glaceon|Glaceon, L94, M|275/275\n|turn|21\n|inactive|Time left: 300 sec this turn | 300 sec total\n|\n|t:|1783543156\n|move|p2a: Galvantula|Thunder|p1a: Glaceon|[miss]\n|-miss|p2a: Galvantula|p1a: Glaceon\n|move|p1a: Glaceon|Calm Mind|p1a: Glaceon\n|-boost|p1a: Glaceon|spa|1\n|-boost|p1a: Glaceon|spd|1\n|\n|upkeep\n|turn|22\n|inactive|Time left: 300 sec this turn | 300 sec total\n|\n|t:|1783543158\n|move|p2a: Galvantula|Thunder|p1a: Glaceon|[miss]\n|-miss|p2a: Galvantula|p1a: Glaceon\n|move|p1a: Glaceon|Freeze-Dry|p2a: Galvantula\n|-damage|p2a: Galvantula|0 fnt\n|faint|p2a: Galvantula\n|\n|win|p0x345c32a", "uploadtime": 1783543158, "views": 0, "rating": 0, "private": 0, "password": null, "_winner": "p0x345c32a", "_our_name": "p0x345c32a"}