{"id": "battle-gen9randombattle-1247", "formatid": "gen9randombattle", "format": "[Gen 9] Random Battle", "players": ["p0x124726ee", "p0y12475702"], "log": "|init|battle\n|title|p0x124726ee vs. p0y12475702\n|j|\u2606p0x124726ee\n|j|\u2606p0y12475702\n|t:|1783553590\n|gametype|singles\n|player|p1|p0x124726ee|266|\n|player|p2|p0y12475702|169|\n|gen|9\n|tier|[Gen 9] Random Battle\n|rule|Species Clause: Limit one of each Pok\u00e9mon\n|rule|HP Percentage Mod: HP is shown in percentages\n|rule|Sleep Clause Mod: Limit one foe put to sleep\n|rule|Illusion Level Mod: Illusion disguises the Pok\u00e9mon's true level\n|\n|t:|1783553590\n|teamsize|p1|6\n|teamsize|p2|6\n|start\n|switch|p1a: Mismagius|Mismagius, L86, F|243/243\n|switch|p2a: Noctowl|Noctowl, L95, F|100/100\n|turn|1\n|inactive|Battle timer is ON: inactive players will automatically lose when time's up. (requested by p0y12475702)\n|inactive|Time left: 300 sec this turn | 300 sec total | 60 sec grace\n|\n|t:|1783553591\n|move|p1a: Mismagius|Nasty Plot|p1a: Mismagius\n|-boost|p1a: Mismagius|spa|2\n|move|p2a: Noctowl|Hurricane|p1a: Mismagius\n|-damage|p1a: Mismagius|128/243\n|-start|p1a: Mismagius|confusion\n|\n|-heal|p1a: Mismagius|143/243|[from] item: Leftovers\n|upkeep\n|turn|2\n|inactive|Time left: 300 sec this turn | 300 sec total\n|inactive|p0x124726ee also wants the timer to be on.\n|\n|t:|1783553592\n|-activate|p1a: Mismagius|confusion\n|-damage|p1a: Mismagius|124/243|[from] confusion\n|move|p2a: Noctowl|Hurricane|p1a: Mismagius\n|-damage|p1a: Mismagius|0 fnt\n|faint|p1a: Mismagius\n|\n|upkeep\n|inactive|Time left: 300 sec this turn | 300 sec total | 5 sec grace\n|\n|t:|1783553593\n|switch|p1a: Carbink|Carbink, L90|236/236\n|turn|3\n|inactive|Time left: 300 sec this turn | 300 sec total\n|\n|t:|1783553594\n|move|p2a: Noctowl|Hurricane|p1a: Carbink\n|-resisted|p1a: Carbink\n|-damage|p1a: Carbink|148/236\n|-start|p1a: Carbink|confusion\n|-activate|p1a: Carbink|confusion\n|move|p1a: Carbink|Iron Defense|p1a: Carbink\n|-boost|p1a: Carbink|def|2\n|\n|-heal|p1a: Carbink|162/236|[from] item: Leftovers\n|upkeep\n|turn|4\n|inactive|Time left: 300 sec this turn | 300 sec total\n|\n|t:|1783553595\n|move|p2a: Noctowl|Hurricane|p1a: Carbink\n|-resisted|p1a: Carbink\n|-damage|p1a: Carbink|86/236\n|-end|p1a: Carbink|confusion\n|move|p1a: Carbink|Body Press|p2a: Noctowl\n|-damage|p2a: Noctowl|32/100\n|\n|-heal|p1a: Carbink|100/236|[from] item: Leftovers\n|upkeep\n|turn|5\n|inactive|Time left: 300 sec this turn | 300 sec total\n|\n|t:|1783553596\n|move|p2a: Noctowl|Hyper Voice|p1a: Carbink\n|-resisted|p1a: Carbink\n|-damage|p1a: Carbink|32/236\n|move|p1a: Carbink|Body Press|p2a: Noctowl\n|-damage|p2a: Noctowl|0 fnt\n|faint|p2a: Noctowl\n|\n|-heal|p1a: Carbink|46/236|[from] item: Leftovers\n|upkeep\n|\n|t:|1783553597\n|switch|p2a: Gardevoir|Gardevoir, L83, F|100/100\n|-ability|p2a: Gardevoir|Clear Body|Trace|[from] ability: Trace|[of] p1a: Carbink\n|turn|6\n|inactive|Time left: 300 sec this turn | 300 sec total\n|\n|t:|1783553598\n|switch|p1a: Lunala|Lunala, L70|308/308\n|move|p2a: Gardevoir|Moonblast|p1a: Lunala\n|-damage|p1a: Lunala|251/308\n|\n|-heal|p1a: Lunala|270/308|[from] item: Leftovers\n|upkeep\n|turn|7\n|inactive|Time left: 300 sec this turn | 300 sec total\n|\n|t:|1783553600\n|move|p2a: Gardevoir|Moonblast|p1a: Lunala\n|-damage|p1a: Lunala|143/308\n|move|p1a: Lunala|Moongeist Beam|p2a: Gardevoir\n|-supereffective|p2a: Gardevoir\n|-damage|p2a: Gardevoir|39/100\n|\n|-heal|p1a: Lunala|162/308|[from] item: Leftovers\n|upkeep\n|turn|8\n|inactive|Time left: 300 sec this turn | 300 sec total\n|\n|t:|1783553601\n|move|p2a: Gardevoir|Moonblast|p1a: Lunala\n|-damage|p1a: Lunala|35/308\n|move|p1a: Lunala|Moongeist Beam|p2a: Gardevoir\n|-supereffective|p2a: Gardevoir\n|-damage|p2a: Gardevoir|0 fnt\n|faint|p2a: Gardevoir\n|\n|-heal|p1a: Lunala|54/308|[from] item: Leftovers\n|upkeep\n|\n|t:|1783553602\n|switch|p2a: Rillaboom|Rillaboom, L79, M|100/100\n|-fieldstart|move: Grassy Terrain|[from] ability: Grassy Surge|[of] p2a: Rillaboom\n|turn|9\n|inactive|Time left: 300 sec this turn | 300 sec total\n|\n|t:|1783553603\n|switch|p1a: Talonflame|Talonflame, L83, M|265/265\n|move|p2a: Rillaboom|Wood Hammer|p1a: Talonflame\n|-resisted|p1a: Talonflame\n|-damage|p1a: Talonflame|193/265\n|-damage|p2a: Rillaboom|92/100|[from] Recoil\n|\n|-heal|p2a: Rillaboom|98/100|[from] Grassy Terrain\n|upkeep\n|turn|10\n|inactive|Time left: 300 sec this turn | 300 sec total\n|\n|t:|1783553604\n|move|p1a: Talonflame|Brave Bird|p2a: Rillaboom\n|-supereffective|p2a: Rillaboom\n|-damage|p2a: Rillaboom|25/100\n|-damage|p1a: Talonflame|124/265|[from] Recoil\n|move|p2a: Rillaboom|Wood Hammer|p1a: Talonflame\n|-resisted|p1a: Talonflame\n|-damage|p1a: Talonflame|51/265\n|-damage|p2a: Rillaboom|17/100|[from] Recoil\n|\n|-heal|p2a: Rillaboom|23/100|[from] Grassy Terrain\n|upkeep\n|turn|11\n|inactive|Time left: 300 sec this turn | 300 sec total\n|\n|t:|1783553605\n|switch|p2a: Seviper|Seviper, L93, F|100/100\n|move|p1a: Talonflame|Roost|p1a: Talonflame\n|-heal|p1a: Talonflame|184/265\n|-singleturn|p1a: Talonflame|move: Roost\n|\n|-heal|p1a: Talonflame|200/265|[from] Grassy Terrain\n|upkeep\n|turn|12\n|inactive|Time left: 300 sec this turn | 300 sec total\n|\n|t:|1783553606\n|move|p1a: Talonflame|Brave Bird|p2a: Seviper\n|-damage|p2a: Seviper|56/100\n|-damage|p1a: Talonflame|158/265|[from] Recoil\n|move|p2a: Seviper|Gunk Shot|p1a: Talonflame\n|-damage|p1a: Talonflame|0 fnt\n|faint|p1a: Talonflame\n|\n|-heal|p2a: Seviper|62/100|[from] Grassy Terrain\n|-heal|p2a: Seviper|68/100|[from] item: Leftovers\n|upkeep\n|inactive|Time left: 300 sec this turn | 300 sec total | 5 sec grace\n|\n|t:|1783553607\n|switch|p1a: Azelf|Azelf, L82|257/257\n|turn|13\n|inactive|Time left: 300 sec this turn | 300 sec total\n|\n|t:|1783553608\n|switch|p2a: Cresselia|Cresselia, L80, F|100/100\n|move|p1a: Azelf|Psychic|p2a: Cresselia\n|-resisted|p2a: Cresselia\n|-damage|p2a: Cresselia|80/100\n|\n|-heal|p2a: Cresselia|86/100|[from] item: Leftovers\n|-fieldend|move: Grassy Terrain\n|upkeep\n|turn|14\n|inactive|Time left: 300 sec this turn | 300 sec total\n|\n|t:|1783553609\n|move|p1a: Azelf|Psychic|p2a: Cresselia\n|-resisted|p2a: Cresselia\n|-crit|p2a: Cresselia\n|-damage|p2a: Cresselia|52/100\n|move|p2a: Cresselia|Calm Mind|p2a: Cresselia\n|-boost|p2a: Cresselia|spa|1\n|-boost|p2a: Cresselia|spd|1\n|\n|-heal|p2a: Cresselia|58/100|[from] item: Leftovers\n|upkeep\n|turn|15\n|inactive|Time left: 300 sec this turn | 300 sec total\n|\n|t:|1783553611\n|move|p1a: Azelf|Psychic|p2a: Cresselia\n|-resisted|p2a: Cresselia\n|-damage|p2a: Cresselia|45/100\n|move|p2a: Cresselia|Moonlight|p2a: Cresselia\n|-heal|p2a: Cresselia|95/100\n|\n|-heal|p2a: Cresselia|100/100|[from] item: Leftovers\n|upkeep\n|turn|16\n|inactive|Time left: 300 sec this turn | 300 sec total\n|\n|t:|1783553612\n|move|p1a: Azelf|Psychic|p2a: Cresselia\n|-resisted|p2a: Cresselia\n|-damage|p2a: Cresselia|87/100\n|move|p2a: Cresselia|Calm Mind|p2a: Cresselia\n|-boost|p2a: Cresselia|spa|1\n|-boost|p2a: Cresselia|spd|1\n|\n|-heal|p2a: Cresselia|93/100|[from] item: Leftovers\n|upkeep\n|turn|17\n|inactive|Time left: 300 sec this turn | 300 sec total\n|\n|t:|1783553613\n|move|p1a: Azelf|Psychic|p2a: Cresselia\n|-resisted|p2a: Cresselia\n|-damage|p2a: Cresselia|83/100\n|move|p2a: Cresselia|Psyshock|p1a: Azelf\n|-resisted|p1a: Azelf\n|-damage|p1a: Azelf|183/257\n|\n|-heal|p2a: Cresselia|89/100|[from] item: Leftovers\n|upkeep\n|turn|18\n|inactive|Time left: 300 sec this turn | 300 sec total\n|\n|t:|1783553615\n|move|p1a: Azelf|Psychic|p2a: Cresselia\n|-resisted|p2a: Cresselia\n|-damage|p2a: Cresselia|78/100\n|move|p2a: Cresselia|Moonblast|p1a: Azelf\n|-damage|p1a: Azelf|63/257\n|\n|-heal|p2a: Cresselia|84/100|[from] item: Leftovers\n|upkeep\n|turn|19\n|inactive|Time left: 300 sec this turn | 300 sec total\n|\n|t:|1783553616\n|switch|p1a: Cobalion|Cobalion, L80|277/277\n|move|p2a: Cresselia|Moonblast|p1a: Cobalion\n|-damage|p1a: Cobalion|148/277\n|\n|-heal|p1a: Cobalion|165/277|[from] item: Leftovers\n|-heal|p2a: Cresselia|90/100|[from] item: Leftovers\n|upkeep\n|turn|20\n|inactive|Time left: 300 sec this turn | 300 sec total\n|\n|t:|1783553617\n|move|p1a: Cobalion|Thunder Wave|p2a: Cresselia\n|-status|p2a: Cresselia|par\n|cant|p2a: Cresselia|par\n|\n|-heal|p1a: Cobalion|182/277|[from] item: Leftovers\n|-heal|p2a: Cresselia|96/100 par|[from] item: Leftovers\n|upkeep\n|turn|21\n|inactive|Time left: 300 sec this turn | 300 sec total\n|\n|t:|1783553618\n|move|p1a: Cobalion|Iron Head|p2a: Cresselia\n|-damage|p2a: Cresselia|74/100 par\n|cant|p2a: Cresselia|flinch\n|\n|-heal|p1a: Cobalion|199/277|[from] item: Leftovers\n|-heal|p2a: Cresselia|80/100 par|[from] item: Leftovers\n|upkeep\n|turn|22\n|inactive|Time left: 300 sec this turn | 300 sec total\n|\n|t:|1783553619\n|move|p1a: Cobalion|Iron Head|p2a: Cresselia\n|-damage|p2a: Cresselia|61/100 par\n|cant|p2a: Cresselia|par\n|\n|-heal|p1a: Cobalion|216/277|[from] item: Leftovers\n|-heal|p2a: Cresselia|68/100 par|[from] item: Leftovers\n|upkeep\n|turn|23\n|inactive|Time left: 300 sec this turn | 300 sec total\n|\n|t:|1783553620\n|move|p1a: Cobalion|Iron Head|p2a: Cresselia\n|-damage|p2a: Cresselia|49/100 par\n|cant|p2a: Cresselia|par\n|\n|-heal|p1a: Cobalion|233/277|[from] item: Leftovers\n|-heal|p2a: Cresselia|55/100 par|[from] item: Leftovers\n|upkeep\n|turn|24\n|inactive|Time left: 300 sec this turn | 300 sec total\n|\n|t:|1783553621\n|move|p1a: Cobalion|Iron Head|p2a: Cresselia\n|-damage|p2a: Cresselia|35/100 par\n|move|p2a: Cresselia|Moonblast|p1a: Cobalion\n|-damage|p1a: Cobalion|100/277\n|-unboost|p1a: Cobalion|spa|1\n|\n|-heal|p1a: Cobalion|117/277|[from] item: Leftovers\n|-heal|p2a: Cresselia|41/100 par|[from] item: Leftovers\n|upkeep\n|turn|25\n|inactive|Time left: 300 sec this turn | 300 sec total\n|\n|t:|1783553622\n|move|p1a: Cobalion|Iron Head|p2a: Cresselia\n|-damage|p2a: Cresselia|20/100 par\n|move|p2a: Cresselia|Moonlight|p2a: Cresselia\n|-heal|p2a: Cresselia|70/100 par\n|\n|-heal|p1a: Cobalion|134/277|[from] item: Leftovers\n|-heal|p2a: Cresselia|76/100 par|[from] item: Leftovers\n|upkeep\n|turn|26\n|inactive|Time left: 300 sec this turn | 300 sec total\n|\n|t:|1783553623\n|move|p1a: Cobalion|Iron Head|p2a: Cresselia\n|-damage|p2a: Cresselia|56/100 par\n|move|p2a: Cresselia|Moonblast|p1a: Cobalion\n|-damage|p1a: Cobalion|8/277\n|-unboost|p1a: Cobalion|spa|1\n|\n|-heal|p1a: Cobalion|25/277|[from] item: Leftovers\n|-heal|p2a: Cresselia|62/100 par|[from] item: Leftovers\n|upkeep\n|turn|27\n|inactive|Time left: 300 sec this turn | 300 sec total\n|\n|t:|1783553624\n|move|p1a: Cobalion|Iron Head|p2a: Cresselia\n|-damage|p2a: Cresselia|41/100 par\n|move|p2a: Cresselia|Moonblast|p1a: Cobalion\n|-damage|p1a: Cobalion|0 fnt\n|faint|p1a: Cobalion\n|\n|-heal|p2a: Cresselia|47/100 par|[from] item: Leftovers\n|upkeep\n|inactive|Time left: 300 sec this turn | 300 sec total | 5 sec grace\n|\n|t:|1783553625\n|switch|p1a: Lunala|Lunala, L70|54/308\n|turn|28\n|inactive|Time left: 300 sec this turn | 300 sec total\n|\n|t:|1783553626\n|move|p1a: Lunala|Moonlight|p1a: Lunala\n|-heal|p1a: Lunala|208/308\n|cant|p2a: Cresselia|par\n|\n|-heal|p1a: Lunala|227/308|[from] item: Leftovers\n|-heal|p2a: Cresselia|53/100 par|[from] item: Leftovers\n|upkeep\n|turn|29\n|inactive|Time left: 300 sec this turn | 300 sec total\n|\n|t:|1783553627\n|move|p1a: Lunala|Calm Mind|p1a: Lunala\n|-boost|p1a: Lunala|spa|1\n|-boost|p1a: Lunala|spd|1\n|move|p2a: Cresselia|Calm Mind|p2a: Cresselia\n|-boost|p2a: Cresselia|spa|1\n|-boost|p2a: Cresselia|spd|1\n|\n|-heal|p1a: Lunala|246/308|[from] item: Leftovers\n|-heal|p2a: Cresselia|59/100 par|[from] item: Leftovers\n|upkeep\n|turn|30\n|inactive|Time left: 300 sec this turn | 300 sec total\n|\n|t:|1783553628\n|move|p1a: Lunala|Calm Mind|p1a: Lunala\n|-boost|p1a: Lunala|spa|1\n|-boost|p1a: Lunala|spd|1\n|cant|p2a: Cresselia|par\n|\n|-heal|p1a: Lunala|265/308|[from] item: Leftovers\n|-heal|p2a: Cresselia|66/100 par|[from] item: Leftovers\n|upkeep\n|turn|31\n|inactive|Time left: 300 sec this turn | 300 sec total\n|\n|t:|1783553629\n|move|p1a: Lunala|Moongeist Beam|p2a: Cresselia\n|-supereffective|p2a: Cresselia\n|-damage|p2a: Cresselia|25/100 par\n|move|p2a: Cresselia|Moonlight|p2a: Cresselia\n|-heal|p2a: Cresselia|74/100 par\n|\n|-heal|p1a: Lunala|284/308|[from] item: Leftovers\n|-heal|p2a: Cresselia|81/100 par|[from] item: Leftovers\n|upkeep\n|turn|32\n|inactive|Time left: 300 sec this turn | 300 sec total\n|\n|t:|1783553630\n|move|p1a: Lunala|Moongeist Beam|p2a: Cresselia\n|-supereffective|p2a: Cresselia\n|-damage|p2a: Cresselia|39/100 par\n|move|p2a: Cresselia|Calm Mind|p2a: Cresselia\n|-boost|p2a: Cresselia|spa|1\n|-boost|p2a: Cresselia|spd|1\n|\n|-heal|p1a: Lunala|303/308|[from] item: Leftovers\n|-heal|p2a: Cresselia|45/100 par|[from] item: Leftovers\n|upkeep\n|turn|33\n|inactive|Time left: 300 sec this turn | 300 sec total\n|\n|t:|1783553631\n|move|p1a: Lunala|Moongeist Beam|p2a: Cresselia\n|-supereffective|p2a: Cresselia\n|-damage|p2a: Cresselia|13/100 par\n|move|p2a: Cresselia|Moonlight|p2a: Cresselia\n|-heal|p2a: Cresselia|63/100 par\n|\n|-heal|p1a: Lunala|308/308|[from] item: Leftovers\n|-heal|p2a: Cresselia|69/100 par|[from] item: Leftovers\n|upkeep\n|turn|34\n|inactive|Time left: 300 sec this turn | 300 sec total\n|\n|t:|1783553632\n|move|p1a: Lunala|Calm Mind|p1a: Lunala\n|-boost|p1a: Lunala|spa|1\n|-boost|p1a: Lunala|spd|1\n|move|p2a: Cresselia|Moonlight|p2a: Cresselia\n|-heal|p2a: Cresselia|100/100 par\n|\n|upkeep\n|turn|35\n|inactive|Time left: 300 sec this turn | 300 sec total\n|\n|t:|1783553633\n|move|p1a: Lunala|Moongeist Beam|p2a: Cresselia\n|-supereffective|p2a: Cresselia\n|-damage|p2a: Cresselia|55/100 par\n|move|p2a: Cresselia|Psyshock|p1a: Lunala\n|-resisted|p1a: Lunala\n|-damage|p1a: Lunala|254/308\n|\n|-heal|p1a: Lunala|273/308|[from] item: Leftovers\n|-heal|p2a: Cresselia|61/100 par|[from] item: Leftovers\n|upkeep\n|turn|36\n|inactive|Time left: 300 sec this turn | 300 sec total\n|\n|t:|1783553634\n|move|p1a: Lunala|Moongeist Beam|p2a: Cresselia\n|-supereffective|p2a: Cresselia\n|-damage|p2a: Cresselia|19/100 par\n|move|p2a: Cresselia|Moonlight|p2a: Cresselia\n|-heal|p2a: Cresselia|69/100 par\n|\n|-heal|p1a: Lunala|292/308|[from] item: Leftovers\n|-heal|p2a: Cresselia|75/100 par|[from] item: Leftovers\n|upkeep\n|turn|37\n|inactive|Time left: 300 sec this turn | 300 sec total\n|\n|t:|1783553635\n|move|p1a: Lunala|Moongeist Beam|p2a: Cresselia\n|-supereffective|p2a: Cresselia\n|-damage|p2a: Cresselia|30/100 par\n|move|p2a: Cresselia|Psyshock|p1a: Lunala\n|-resisted|p1a: Lunala\n|-damage|p1a: Lunala|180/308\n|\n|-heal|p1a: Lunala|199/308|[from] item: Leftovers\n|-heal|p2a: Cresselia|36/100 par|[from] item: Leftovers\n|upkeep\n|turn|38\n|inactive|Time left: 300 sec this turn | 300 sec total\n|\n|t:|1783553636\n|move|p1a: Lunala|Psyshock|p2a: Cresselia\n|-resisted|p2a: Cresselia\n|-damage|p2a: Cresselia|11/100 par\n|move|p2a: Cresselia|Moonlight|p2a: Cresselia\n|-heal|p2a: Cresselia|61/100 par\n|\n|-heal|p1a: Lunala|218/308|[from] item: Leftovers\n|-heal|p2a: Cresselia|67/100 par|[from] item: Leftovers\n|upkeep\n|turn|39\n|inactive|Time left: 300 sec this turn | 300 sec total\n|\n|t:|1783553637\n|move|p1a: Lunala|Psyshock|p2a: Cresselia\n|-resisted|p2a: Cresselia\n|-damage|p2a: Cresselia|40/100 par\n|move|p2a: Cresselia|Psyshock|p1a: Lunala\n|-resisted|p1a: Lunala\n|-damage|p1a: Lunala|110/308\n|\n|-heal|p1a: Lunala|129/308|[from] item: Leftovers\n|-heal|p2a: Cresselia|47/100 par|[from] item: Leftovers\n|upkeep\n|turn|40\n|inactive|Time left: 300 sec this turn | 300 sec total\n|\n|t:|1783553638\n|move|p1a: Lunala|Psyshock|p2a: Cresselia\n|-resisted|p2a: Cresselia\n|-damage|p2a: Cresselia|22/100 par\n|move|p2a: Cresselia|Moonlight|p2a: Cresselia\n|-heal|p2a: Cresselia|72/100 par\n|\n|-heal|p1a: Lunala|148/308|[from] item: Leftovers\n|-heal|p2a: Cresselia|78/100 par|[from] item: Leftovers\n|upkeep\n|turn|41\n|inactive|Time left: 300 sec this turn | 300 sec total\n|\n|t:|1783553639\n|move|p1a: Lunala|Moonlight|p1a: Lunala\n|-heal|p1a: Lunala|302/308\n|move|p2a: Cresselia|Psyshock|p1a: Lunala\n|-resisted|p1a: Lunala\n|-damage|p1a: Lunala|179/308\n|\n|-heal|p1a: Lunala|198/308|[from] item: Leftovers\n|-heal|p2a: Cresselia|84/100 par|[from] item: Leftovers\n|upkeep\n|turn|42\n|inactive|Time left: 300 sec this turn | 300 sec total\n|\n|t:|1783553640\n|move|p1a: Lunala|Moonlight|p1a: Lunala\n|-heal|p1a: Lunala|308/308\n|cant|p2a: Cresselia|par\n|\n|-heal|p2a: Cresselia|90/100 par|[from] item: Leftovers\n|upkeep\n|turn|43\n|inactive|Time left: 300 sec this turn | 300 sec total\n|\n|t:|1783553641\n|move|p1a: Lunala|Psyshock|p2a: Cresselia\n|-resisted|p2a: Cresselia\n|-damage|p2a: Cresselia|63/100 par\n|cant|p2a: Cresselia|par\n|\n|-heal|p2a: Cresselia|70/100 par|[from] item: Leftovers\n|upkeep\n|turn|44\n|inactive|Time left: 300 sec this turn | 300 sec total\n|\n|t:|1783553642\n|move|p1a: Lunala|Psyshock|p2a: Cresselia\n|-resisted|p2a: Cresselia\n|-damage|p2a: Cresselia|44/100 par\n|move|p2a: Cresselia|Psyshock|p1a: Lunala\n|-resisted|p1a: Lunala\n|-damage|p1a: Lunala|247/308\n|\n|-heal|p1a: Lunala|266/308|[from] item: Leftovers\n|-heal|p2a: Cresselia|51/100 par|[from] item: Leftovers\n|upkeep\n|turn|45\n|inactive|Time left: 300 sec this turn | 300 sec total\n|\n|t:|1783553643\n|move|p1a: Lunala|Psyshock|p2a: Cresselia\n|-resisted|p2a: Cresselia\n|-crit|p2a: Cresselia\n|-damage|p2a: Cresselia|13/100 par\n|move|p2a: Cresselia|Moonblast|p1a: Lunala\n|-damage|p1a: Lunala|200/308\n|\n|-heal|p1a: Lunala|219/308|[from] item: Leftovers\n|-heal|p2a: Cresselia|19/100 par|[from] item: Leftovers\n|upkeep\n|turn|46\n|inactive|Time left: 300 sec this turn | 300 sec total\n|\n|t:|1783553644\n|move|p1a: Lunala|Moonlight|p1a: Lunala\n|-heal|p1a: Lunala|308/308\n|move|p2a: Cresselia|Psyshock|p1a: Lunala\n|-resisted|p1a: Lunala\n|-crit|p1a: Lunala\n|-damage|p1a: Lunala|226/308\n|\n|-heal|p1a: Lunala|245/308|[from] item: Leftovers\n|-heal|p2a: Cresselia|25/100 par|[from] item: Leftovers\n|upkeep\n|turn|47\n|inactive|Time left: 300 sec this turn | 300 sec total\n|\n|t:|1783553645\n|move|p1a: Lunala|Psyshock|p2a: Cresselia\n|-resisted|p2a: Cresselia\n|-damage|p2a: Cresselia|0 fnt\n|faint|p2a: Cresselia\n|\n|-heal|p1a: Lunala|264/308|[from] item: Leftovers\n|upkeep\n|\n|t:|1783553646\n|switch|p2a: Rillaboom|Rillaboom, L79, M|23/100\n|-fieldstart|move: Grassy Terrain|[from] ability: Grassy Surge|[of] p2a: Rillaboom\n|turn|48\n|inactive|Time left: 300 sec this turn | 300 sec total\n|\n|t:|1783553647\n|move|p2a: Rillaboom|Wood Hammer|p1a: Lunala\n|-damage|p1a: Lunala|0 fnt\n|faint|p1a: Lunala\n|-damage|p2a: Rillaboom|0 fnt|[from] Recoil\n|faint|p2a: Rillaboom\n|\n|upkeep\n|inactive|Time left: 300 sec this turn | 300 sec total | 5 sec grace\n|\n|t:|1783553648\n|switch|p2a: Exeggutor|Exeggutor-Alola, L89, M|100/100\n|switch|p1a: Azelf|Azelf, L82|63/257\n|turn|49\n|inactive|Time left: 300 sec this turn | 300 sec total\n|\n|t:|1783553649\n|-terastallize|p2a: Exeggutor|Fire\n|move|p1a: Azelf|Fire Blast|p2a: Exeggutor\n|-resisted|p2a: Exeggutor\n|-damage|p2a: Exeggutor|77/100\n|move|p2a: Exeggutor|Wood Hammer|p1a: Azelf\n|-damage|p1a: Azelf|0 fnt\n|faint|p1a: Azelf\n|-damage|p2a: Exeggutor|71/100|[from] Recoil\n|\n|-heal|p2a: Exeggutor|77/100|[from] Grassy Terrain\n|upkeep\n|inactive|Time left: 300 sec this turn | 300 sec total | 5 sec grace\n|\n|t:|1783553650\n|switch|p1a: Carbink|Carbink, L90|46/236\n|turn|50\n|inactive|Time left: 300 sec this turn | 300 sec total\n|\n|t:|1783553651\n|move|p1a: Carbink|Iron Defense|p1a: Carbink\n|-boost|p1a: Carbink|def|2\n|move|p2a: Exeggutor|Wood Hammer|p1a: Carbink\n|-supereffective|p1a: Carbink\n|-damage|p1a: Carbink|0 fnt\n|faint|p1a: Carbink\n|-damage|p2a: Exeggutor|72/100|[from] Recoil\n|\n|win|p0y12475702", "uploadtime": 1783553651, "views": 0, "rating": 0, "private": 0, "password": null, "_winner": "p0y12475702", "_our_name": "p0x124726ee"}