{"id": "battle-gen9randombattle-1895", "formatid": "gen9randombattle", "format": "[Gen 9] Random Battle", "players": ["p0x1895c801", "p0y18950d56"], "log": "|init|battle\n|title|p0x1895c801 vs. p0y18950d56\n|j|\u2606p0x1895c801\n|j|\u2606p0y18950d56\n|t:|1783561932\n|gametype|singles\n|player|p1|p0x1895c801|266|\n|player|p2|p0y18950d56|266|\n|gen|9\n|tier|[Gen 9] Random Battle\n|rule|Species Clause: Limit one of each Pok\u00e9mon\n|rule|HP Percentage Mod: HP is shown in percentages\n|rule|Sleep Clause Mod: Limit one foe put to sleep\n|rule|Illusion Level Mod: Illusion disguises the Pok\u00e9mon's true level\n|\n|t:|1783561932\n|teamsize|p1|6\n|teamsize|p2|6\n|start\n|switch|p1a: Dialga|Dialga-Origin, L73|100/100\n|switch|p2a: Yanmega|Yanmega, L82, M|275/275\n|-ability|p1a: Dialga|Pressure\n|turn|1\n|inactive|Battle timer is ON: inactive players will automatically lose when time's up. (requested by p0x1895c801)\n|inactive|Time left: 300 sec this turn | 300 sec total | 60 sec grace\n|inactive|p0y18950d56 also wants the timer to be on.\n|\n|t:|1783561933\n|move|p2a: Yanmega|Protect|p2a: Yanmega\n|-singleturn|p2a: Yanmega|Protect\n|move|p1a: Dialga|Heavy Slam|p2a: Yanmega\n|-activate|p2a: Yanmega|move: Protect\n|\n|-ability|p2a: Yanmega|Speed Boost|boost\n|-boost|p2a: Yanmega|spe|1\n|upkeep\n|turn|2\n|inactive|Time left: 300 sec this turn | 300 sec total\n|\n|t:|1783561934\n|move|p2a: Yanmega|Air Slash|p1a: Dialga\n|-resisted|p1a: Dialga\n|-damage|p1a: Dialga|85/100\n|cant|p1a: Dialga|flinch\n|\n|-ability|p2a: Yanmega|Speed Boost|boost\n|-boost|p2a: Yanmega|spe|1\n|upkeep\n|turn|3\n|inactive|Time left: 300 sec this turn | 300 sec total\n|\n|t:|1783561935\n|move|p2a: Yanmega|Air Slash|p1a: Dialga\n|-resisted|p1a: Dialga\n|-damage|p1a: Dialga|72/100\n|move|p1a: Dialga|Dragon Tail|p2a: Yanmega\n|-damage|p2a: Yanmega|208/275\n|drag|p2a: Azelf|Azelf, L82|257/257\n|\n|upkeep\n|turn|4\n|inactive|Time left: 300 sec this turn | 300 sec total\n|\n|t:|1783561936\n|move|p2a: Azelf|Fire Blast|p1a: Dialga\n|-damage|p1a: Dialga|43/100\n|move|p1a: Dialga|Draco Meteor|p2a: Azelf\n|-damage|p2a: Azelf|103/257\n|-unboost|p1a: Dialga|spa|2\n|\n|upkeep\n|turn|5\n|inactive|Time left: 300 sec this turn | 300 sec total\n|\n|t:|1783561937\n|switch|p1a: Rampardos|Rampardos, L90, F|100/100\n|move|p2a: Azelf|Fire Blast|p1a: Rampardos\n|-resisted|p1a: Rampardos\n|-damage|p1a: Rampardos|82/100\n|\n|upkeep\n|turn|6\n|inactive|Time left: 300 sec this turn | 300 sec total\n|\n|t:|1783561938\n|move|p2a: Azelf|Psychic|p1a: Rampardos\n|-damage|p1a: Rampardos|38/100\n|move|p1a: Rampardos|Rock Slide|p2a: Azelf\n|-damage|p2a: Azelf|0 fnt\n|faint|p2a: Azelf\n|\n|upkeep\n|inactive|Time left: 300 sec this turn | 300 sec total | 5 sec grace\n|\n|t:|1783561939\n|switch|p2a: Glimmora|Glimmora, L75, M|248/248\n|turn|7\n|inactive|Time left: 300 sec this turn | 300 sec total\n|\n|t:|1783561940\n|move|p1a: Rampardos|Rock Slide|p2a: Glimmora\n|-damage|p2a: Glimmora|50/248\n|-activate|p2a: Glimmora|ability: Toxic Debris\n|-sidestart|p1: p0x1895c801|move: Toxic Spikes\n|move|p2a: Glimmora|Meteor Beam||[still]\n|-prepare|p2a: Glimmora|Meteor Beam\n|-boost|p2a: Glimmora|spa|1\n|-enditem|p2a: Glimmora|Power Herb\n|-anim|p2a: Glimmora|Meteor Beam|p1a: Rampardos\n|-damage|p1a: Rampardos|0 fnt\n|faint|p1a: Rampardos\n|\n|upkeep\n|\n|t:|1783561941\n|switch|p1a: Munkidori|Munkidori, L79, M|100/100\n|-sideend|p1: p0x1895c801|move: Toxic Spikes|[of] p1a: Munkidori\n|turn|8\n|inactive|Time left: 300 sec this turn | 300 sec total\n|\n|t:|1783561942\n|move|p1a: Munkidori|Psychic Noise|p2a: Glimmora\n|-supereffective|p2a: Glimmora\n|-damage|p2a: Glimmora|0 fnt\n|faint|p2a: Glimmora\n|\n|upkeep\n|inactive|Time left: 300 sec this turn | 300 sec total | 5 sec grace\n|\n|t:|1783561943\n|switch|p2a: Slowking|Slowking-Galar, L85, M|300/300\n|turn|9\n|inactive|Time left: 300 sec this turn | 300 sec total\n|\n|t:|1783561944\n|switch|p1a: Hoopa|Hoopa-Unbound, L80|100/100\n|move|p2a: Slowking|Fire Blast|p1a: Hoopa|[miss]\n|-miss|p2a: Slowking|p1a: Hoopa\n|\n|upkeep\n|turn|10\n|inactive|Time left: 300 sec this turn | 300 sec total\n|\n|t:|1783561944\n|switch|p2a: Yanmega|Yanmega, L82, M|208/275\n|move|p1a: Hoopa|Hyperspace Fury|p2a: Yanmega\n|-damage|p2a: Yanmega|48/275\n|-unboost|p1a: Hoopa|def|1\n|\n|upkeep\n|turn|11\n|inactive|Time left: 300 sec this turn | 300 sec total\n|\n|t:|1783561945\n|move|p2a: Yanmega|Bug Buzz|p1a: Hoopa\n|-supereffective|p1a: Hoopa\n|-damage|p1a: Hoopa|12/100\n|-unboost|p1a: Hoopa|spd|1\n|move|p1a: Hoopa|Psychic|p2a: Yanmega\n|-damage|p2a: Yanmega|0 fnt\n|faint|p2a: Yanmega\n|\n|upkeep\n|inactive|Time left: 300 sec this turn | 300 sec total | 5 sec grace\n|\n|t:|1783561946\n|switch|p2a: Shaymin|Shaymin, L82|298/298\n|turn|12\n|inactive|Time left: 300 sec this turn | 300 sec total\n|\n|t:|1783561947\n|switch|p1a: Munkidori|Munkidori, L79, M|100/100\n|move|p2a: Shaymin|Earth Power|p1a: Munkidori\n|-supereffective|p1a: Munkidori\n|-damage|p1a: Munkidori|67/100\n|-unboost|p1a: Munkidori|spd|1\n|\n|upkeep\n|turn|13\n|inactive|Time left: 300 sec this turn | 300 sec total\n|\n|t:|1783561948\n|switch|p2a: Slowking|Slowking-Galar, L85, M|300/300\n|move|p1a: Munkidori|Sludge Wave|p2a: Slowking\n|-resisted|p2a: Slowking\n|-damage|p2a: Slowking|270/300\n|\n|upkeep\n|turn|14\n|inactive|Time left: 300 sec this turn | 300 sec total\n|\n|t:|1783561950\n|move|p1a: Munkidori|Psychic Noise|p2a: Slowking\n|-damage|p2a: Slowking|222/300\n|-start|p2a: Slowking|move: Heal Block\n|move|p2a: Slowking|Sludge Bomb|p1a: Munkidori\n|-resisted|p1a: Munkidori\n|-damage|p1a: Munkidori|47/100\n|\n|upkeep\n|turn|15\n|inactive|Time left: 300 sec this turn | 300 sec total\n|\n|t:|1783561951\n|move|p1a: Munkidori|U-turn|p2a: Slowking\n|-damage|p2a: Slowking|181/300\n|\n|t:|1783561952\n|switch|p1a: Dialga|Dialga-Origin, L73|43/100|[from] U-turn\n|-ability|p1a: Dialga|Pressure\n|move|p2a: Slowking|Fire Blast|p1a: Dialga\n|-damage|p1a: Dialga|14/100\n|\n|-end|p2a: Slowking|move: Heal Block\n|upkeep\n|turn|16\n|inactive|Time left: 300 sec this turn | 300 sec total\n|\n|t:|1783561953\n|move|p1a: Dialga|Heavy Slam|p2a: Slowking\n|-damage|p2a: Slowking|61/300\n|move|p2a: Slowking|Fire Blast|p1a: Dialga\n|-damage|p1a: Dialga|0 fnt\n|faint|p1a: Dialga\n|\n|upkeep\n|\n|t:|1783561954\n|switch|p1a: Falinks|Falinks, L84|100/100\n|turn|17\n|inactive|Time left: 300 sec this turn | 300 sec total\n|\n|t:|1783561955\n|switch|p2a: Sunflora|Sunflora, F|312/312\n|move|p1a: Falinks|No Retreat|p1a: Falinks\n|-boost|p1a: Falinks|atk|1\n|-boost|p1a: Falinks|def|1\n|-boost|p1a: Falinks|spa|1\n|-boost|p1a: Falinks|spd|1\n|-boost|p1a: Falinks|spe|1\n|-start|p1a: Falinks|move: No Retreat\n|\n|upkeep\n|turn|18\n|inactive|Time left: 300 sec this turn | 300 sec total\n|\n|t:|1783561956\n|-terastallize|p1a: Falinks|Dark\n|move|p1a: Falinks|Knock Off|p2a: Sunflora\n|-damage|p2a: Sunflora|92/312\n|-enditem|p2a: Sunflora|Choice Specs|[from] move: Knock Off|[of] p1a: Falinks\n|-damage|p1a: Falinks|91/100|[from] item: Life Orb\n|move|p2a: Sunflora|Earth Power|p1a: Falinks\n|-damage|p1a: Falinks|58/100\n|\n|upkeep\n|turn|19\n|inactive|Time left: 300 sec this turn | 300 sec total\n|\n|t:|1783561957\n|move|p1a: Falinks|Iron Head|p2a: Sunflora\n|-damage|p2a: Sunflora|0 fnt\n|faint|p2a: Sunflora\n|-damage|p1a: Falinks|48/100|[from] item: Life Orb\n|\n|upkeep\n|inactive|Time left: 300 sec this turn | 300 sec total | 5 sec grace\n|\n|t:|1783561957\n|switch|p2a: Shaymin|Shaymin, L82|298/298\n|turn|20\n|inactive|Time left: 300 sec this turn | 300 sec total\n|\n|t:|1783561958\n|move|p1a: Falinks|Iron Head|p2a: Shaymin\n|-damage|p2a: Shaymin|185/298\n|-damage|p1a: Falinks|39/100|[from] item: Life Orb\n|move|p2a: Shaymin|Seed Flare|p1a: Falinks\n|-damage|p1a: Falinks|0 fnt\n|faint|p1a: Falinks\n|\n|-heal|p2a: Shaymin|203/298|[from] item: Leftovers\n|upkeep\n|\n|t:|1783561959\n|switch|p1a: Delibird|Delibird, F|100/100\n|turn|21\n|inactive|Time left: 300 sec this turn | 300 sec total\n|\n|t:|1783561960\n|move|p2a: Shaymin|Seed Flare|p1a: Delibird\n|-resisted|p1a: Delibird\n|-damage|p1a: Delibird|71/100\n|-unboost|p1a: Delibird|spd|2\n|move|p1a: Delibird|Ice Spinner|p2a: Shaymin\n|-supereffective|p2a: Shaymin\n|-damage|p2a: Shaymin|0 fnt\n|faint|p2a: Shaymin\n|\n|upkeep\n|inactive|Time left: 300 sec this turn | 300 sec total | 5 sec grace\n|\n|t:|1783561961\n|switch|p2a: Slowking|Slowking-Galar, L85, M|161/300\n|turn|22\n|inactive|Time left: 300 sec this turn | 300 sec total\n|\n|t:|1783561962\n|move|p1a: Delibird|Brave Bird|p2a: Slowking\n|-damage|p2a: Slowking|0 fnt\n|faint|p2a: Slowking\n|-damage|p1a: Delibird|50/100|[from] Recoil\n|\n|win|p0x1895c801", "uploadtime": 1783561962, "views": 0, "rating": 0, "private": 0, "password": null, "_winner": "p0x1895c801", "_our_name": "p0y18950d56"}