{"id": "battle-gen9randombattle-1337", "formatid": "gen9randombattle", "format": "[Gen 9] Random Battle", "players": ["p0x1337bdfc", "p0y1337519a"], "log": "|init|battle\n|title|p0x1337bdfc vs. p0y1337519a\n|j|\u2606p0x1337bdfc\n|j|\u2606p0y1337519a\n|t:|1783554664\n|gametype|singles\n|player|p1|p0x1337bdfc|170|\n|player|p2|p0y1337519a|265|\n|gen|9\n|tier|[Gen 9] Random Battle\n|rule|Species Clause: Limit one of each Pok\u00e9mon\n|rule|HP Percentage Mod: HP is shown in percentages\n|rule|Sleep Clause Mod: Limit one foe put to sleep\n|rule|Illusion Level Mod: Illusion disguises the Pok\u00e9mon's true level\n|\n|t:|1783554664\n|teamsize|p1|6\n|teamsize|p2|6\n|start\n|switch|p1a: Luvdisc|Luvdisc, F|247/247\n|switch|p2a: Falinks|Falinks, L84|100/100\n|turn|1\n|inactive|Battle timer is ON: inactive players will automatically lose when time's up. (requested by p0x1337bdfc)\n|inactive|p0y1337519a also wants the timer to be on.\n|\n|t:|1783554665\n|switch|p1a: Clefable|Clefable, L83, F|293/293\n|move|p2a: Falinks|No Retreat|p2a: Falinks\n|-boost|p2a: Falinks|atk|1\n|-boost|p2a: Falinks|def|1\n|-boost|p2a: Falinks|spa|1\n|-boost|p2a: Falinks|spd|1\n|-boost|p2a: Falinks|spe|1\n|-start|p2a: Falinks|move: No Retreat\n|\n|upkeep\n|turn|2\n|inactive|Time left: 300 sec this turn | 300 sec total\n|\n|t:|1783554666\n|-terastallize|p2a: Falinks|Steel\n|-terastallize|p1a: Clefable|Poison\n|move|p2a: Falinks|Iron Head|p1a: Clefable\n|-damage|p1a: Clefable|172/293\n|-damage|p2a: Falinks|91/100|[from] item: Life Orb\n|cant|p1a: Clefable|flinch\n|\n|-heal|p1a: Clefable|190/293|[from] item: Leftovers\n|upkeep\n|turn|3\n|inactive|Time left: 300 sec this turn | 300 sec total\n|\n|t:|1783554667\n|move|p2a: Falinks|Iron Head|p1a: Clefable\n|-damage|p1a: Clefable|56/293\n|-damage|p2a: Falinks|81/100|[from] item: Life Orb\n|move|p1a: Clefable|Fire Blast|p2a: Falinks\n|-supereffective|p2a: Falinks\n|-damage|p2a: Falinks|5/100\n|\n|-heal|p1a: Clefable|74/293|[from] item: Leftovers\n|upkeep\n|turn|4\n|inactive|Time left: 300 sec this turn | 300 sec total\n|\n|t:|1783554668\n|move|p2a: Falinks|Close Combat|p1a: Clefable\n|-resisted|p1a: Clefable\n|-damage|p1a: Clefable|0 fnt\n|-unboost|p2a: Falinks|def|1\n|-unboost|p2a: Falinks|spd|1\n|faint|p1a: Clefable\n|-damage|p2a: Falinks|0 fnt|[from] item: Life Orb\n|faint|p2a: Falinks\n|\n|upkeep\n|inactive|Time left: 300 sec this turn | 300 sec total | 5 sec grace\n|\n|t:|1783554669\n|switch|p2a: Lurantis|Lurantis, L87, F|100/100\n|switch|p1a: Kingdra|Kingdra, L84, M|263/263\n|turn|5\n|inactive|Time left: 300 sec this turn | 300 sec total\n|\n|t:|1783554670\n|move|p1a: Kingdra|Outrage|p2a: Lurantis\n|-damage|p2a: Lurantis|59/100\n|move|p2a: Lurantis|Superpower|p1a: Kingdra\n|-damage|p1a: Kingdra|174/263\n|-boost|p2a: Lurantis|atk|1\n|-boost|p2a: Lurantis|def|1\n|\n|-heal|p2a: Lurantis|65/100|[from] item: Leftovers\n|upkeep\n|turn|6\n|inactive|Time left: 300 sec this turn | 300 sec total\n|\n|t:|1783554671\n|move|p1a: Kingdra|Outrage|p2a: Lurantis|[from] lockedmove\n|-damage|p2a: Lurantis|36/100\n|-start|p1a: Kingdra|confusion|[fatigue]\n|-enditem|p1a: Kingdra|Lum Berry|[eat]\n|-end|p1a: Kingdra|confusion\n|move|p2a: Lurantis|Synthesis|p2a: Lurantis\n|-heal|p2a: Lurantis|86/100\n|\n|-heal|p2a: Lurantis|93/100|[from] item: Leftovers\n|upkeep\n|turn|7\n|inactive|Time left: 300 sec this turn | 300 sec total\n|\n|t:|1783554672\n|switch|p1a: Delphox|Delphox, L84, F|263/263\n|move|p2a: Lurantis|Superpower|p1a: Delphox\n|-resisted|p1a: Delphox\n|-damage|p1a: Delphox|187/263\n|-boost|p2a: Lurantis|atk|1\n|-boost|p2a: Lurantis|def|1\n|\n|-heal|p2a: Lurantis|99/100|[from] item: Leftovers\n|upkeep\n|turn|8\n|inactive|Time left: 300 sec this turn | 300 sec total\n|\n|t:|1783554673\n|move|p1a: Delphox|Fire Blast|p2a: Lurantis\n|-supereffective|p2a: Lurantis\n|-damage|p2a: Lurantis|0 fnt\n|faint|p2a: Lurantis\n|\n|upkeep\n|\n|t:|1783554674\n|switch|p2a: Basculegion|Basculegion-F, L83, F|100/100\n|turn|9\n|inactive|Time left: 300 sec this turn | 300 sec total\n|\n|t:|1783554675\n|switch|p1a: Kingdra|Kingdra, L84, M|174/263\n|move|p2a: Basculegion|Shadow Ball|p1a: Kingdra\n|-damage|p1a: Kingdra|4/263\n|\n|upkeep\n|turn|10\n|inactive|Time left: 300 sec this turn | 300 sec total\n|\n|t:|1783554676\n|move|p1a: Kingdra|Outrage|p2a: Basculegion\n|-damage|p2a: Basculegion|57/100\n|move|p2a: Basculegion|Shadow Ball|p1a: Kingdra\n|-damage|p1a: Kingdra|0 fnt\n|faint|p1a: Kingdra\n|\n|upkeep\n|inactive|Time left: 300 sec this turn | 300 sec total | 5 sec grace\n|\n|t:|1783554677\n|switch|p1a: Rotom|Rotom-Fan, L86|226/226\n|turn|11\n|inactive|Time left: 300 sec this turn | 300 sec total\n|\n|t:|1783554678\n|switch|p2a: Whiscash|Whiscash, L88, F|100/100\n|move|p1a: Rotom|Thunderbolt|p2a: Whiscash\n|-immune|p2a: Whiscash\n|\n|upkeep\n|turn|12\n|inactive|Time left: 300 sec this turn | 300 sec total\n|\n|t:|1783554679\n|switch|p1a: Cinccino|Cinccino, L83, M|260/260\n|move|p2a: Whiscash|Ice Beam|p1a: Cinccino\n|-damage|p1a: Cinccino|188/260\n|\n|upkeep\n|turn|13\n|inactive|Time left: 300 sec this turn | 300 sec total\n|\n|t:|1783554680\n|switch|p2a: Hatterene|Hatterene, L85, F|100/100\n|move|p1a: Cinccino|Bullet Seed|p2a: Hatterene\n|-damage|p2a: Hatterene|90/100\n|-damage|p2a: Hatterene|80/100\n|-damage|p2a: Hatterene|70/100\n|-damage|p2a: Hatterene|60/100\n|-crit|p2a: Hatterene\n|-damage|p2a: Hatterene|44/100\n|-hitcount|p2a: Hatterene|5\n|\n|upkeep\n|turn|14\n|inactive|Time left: 300 sec this turn | 300 sec total\n|\n|t:|1783554682\n|switch|p2a: Basculegion|Basculegion-F, L83, F|57/100\n|move|p1a: Cinccino|Triple Axel|p2a: Basculegion\n|-resisted|p2a: Basculegion\n|-damage|p2a: Basculegion|53/100\n|-resisted|p2a: Basculegion\n|-damage|p2a: Basculegion|46/100\n|-resisted|p2a: Basculegion\n|-damage|p2a: Basculegion|33/100\n|-hitcount|p2a: Basculegion|3\n|\n|upkeep\n|turn|15\n|inactive|Time left: 300 sec this turn | 300 sec total\n|\n|t:|1783554682\n|switch|p2a: Virizion|Virizion, L82|100/100\n|move|p1a: Cinccino|Bullet Seed|p2a: Virizion\n|-resisted|p2a: Virizion\n|-damage|p2a: Virizion|96/100\n|-resisted|p2a: Virizion\n|-damage|p2a: Virizion|90/100\n|-resisted|p2a: Virizion\n|-damage|p2a: Virizion|85/100\n|-resisted|p2a: Virizion\n|-damage|p2a: Virizion|80/100\n|-resisted|p2a: Virizion\n|-damage|p2a: Virizion|75/100\n|-hitcount|p2a: Virizion|5\n|\n|upkeep\n|turn|16\n|inactive|Time left: 300 sec this turn | 300 sec total\n|\n|t:|1783554684\n|switch|p2a: Basculegion|Basculegion-F, L83, F|33/100\n|move|p1a: Cinccino|Triple Axel|p2a: Basculegion\n|-resisted|p2a: Basculegion\n|-damage|p2a: Basculegion|29/100\n|-resisted|p2a: Basculegion\n|-damage|p2a: Basculegion|22/100\n|-resisted|p2a: Basculegion\n|-damage|p2a: Basculegion|10/100\n|-hitcount|p2a: Basculegion|3\n|\n|upkeep\n|turn|17\n|inactive|Time left: 300 sec this turn | 300 sec total\n|\n|t:|1783554685\n|move|p1a: Cinccino|Bullet Seed|p2a: Basculegion\n|-supereffective|p2a: Basculegion\n|-damage|p2a: Basculegion|0 fnt\n|faint|p2a: Basculegion\n|-hitcount|p2: Basculegion|1\n|\n|upkeep\n|\n|t:|1783554686\n|switch|p2a: Virizion|Virizion, L82|75/100\n|turn|18\n|inactive|Time left: 300 sec this turn | 300 sec total\n|\n|t:|1783554687\n|move|p1a: Cinccino|Triple Axel|p2a: Virizion\n|-supereffective|p2a: Virizion\n|-damage|p2a: Virizion|57/100\n|-supereffective|p2a: Virizion\n|-damage|p2a: Virizion|25/100\n|-supereffective|p2a: Virizion\n|-damage|p2a: Virizion|0 fnt\n|faint|p2a: Virizion\n|-hitcount|p2: Virizion|3\n|\n|upkeep\n|\n|t:|1783554688\n|switch|p2a: Hatterene|Hatterene, L85, F|44/100\n|turn|19\n|inactive|Time left: 300 sec this turn | 300 sec total\n|\n|t:|1783554689\n|switch|p2a: Whiscash|Whiscash, L88, F|100/100\n|move|p1a: Cinccino|Triple Axel|p2a: Whiscash\n|-damage|p2a: Whiscash|93/100\n|-damage|p2a: Whiscash|80/100\n|-damage|p2a: Whiscash|58/100\n|-hitcount|p2a: Whiscash|3\n|\n|-heal|p2a: Whiscash|65/100|[from] item: Leftovers\n|upkeep\n|turn|20\n|inactive|Time left: 300 sec this turn | 300 sec total\n|\n|t:|1783554690\n|switch|p2a: Hatterene|Hatterene, L85, F|44/100\n|move|p1a: Cinccino|Bullet Seed|p2a: Hatterene\n|-damage|p2a: Hatterene|33/100\n|-damage|p2a: Hatterene|23/100\n|-damage|p2a: Hatterene|13/100\n|-damage|p2a: Hatterene|3/100\n|-damage|p2a: Hatterene|0 fnt\n|faint|p2a: Hatterene\n|-hitcount|p2: Hatterene|5\n|\n|upkeep\n|\n|t:|1783554691\n|switch|p2a: Whiscash|Whiscash, L88, F|65/100\n|turn|21\n|inactive|Time left: 300 sec this turn | 300 sec total\n|\n|t:|1783554692\n|move|p1a: Cinccino|Bullet Seed|p2a: Whiscash\n|-supereffective|p2a: Whiscash\n|-damage|p2a: Whiscash|29/100\n|-supereffective|p2a: Whiscash\n|-damage|p2a: Whiscash|0 fnt\n|faint|p2a: Whiscash\n|-hitcount|p2: Whiscash|2\n|\n|win|p0x1337bdfc", "uploadtime": 1783554692, "views": 0, "rating": 0, "private": 0, "password": null, "_winner": "p0x1337bdfc", "_our_name": "p0x1337bdfc"}