{"id": "battle-gen9randombattle-86", "formatid": "gen9randombattle", "format": "[Gen 9] Random Battle", "players": ["p0x086361f", "p0y0863118"], "log": "|init|battle\n|title|p0x086361f vs. p0y0863118\n|j|\u2606p0x086361f\n|j|\u2606p0y0863118\n|t:|1783540468\n|gametype|singles\n|player|p1|p0x086361f|102|\n|player|p2|p0y0863118|102|\n|gen|9\n|tier|[Gen 9] Random Battle\n|rule|Species Clause: Limit one of each Pok\u00e9mon\n|rule|HP Percentage Mod: HP is shown in percentages\n|rule|Sleep Clause Mod: Limit one foe put to sleep\n|rule|Illusion Level Mod: Illusion disguises the Pok\u00e9mon's true level\n|\n|t:|1783540468\n|teamsize|p1|6\n|teamsize|p2|6\n|start\n|switch|p1a: Dragapult|Dragapult, L77, F|262/262\n|switch|p2a: Quagsire|Quagsire, L84, M|100/100\n|turn|1\n|inactive|Battle timer is ON: inactive players will automatically lose when time's up. (requested by p0x086361f)\n|inactive|p0y0863118 also wants the timer to be on.\n|\n|t:|1783540470\n|move|p1a: Dragapult|Dragon Dance|p1a: Dragapult\n|-boost|p1a: Dragapult|atk|1\n|-boost|p1a: Dragapult|spe|1\n|move|p2a: Quagsire|Earthquake|p1a: Dragapult\n|-damage|p1a: Dragapult|142/262\n|\n|upkeep\n|turn|2\n|inactive|Time left: 300 sec this turn | 300 sec total\n|\n|t:|1783540471\n|move|p1a: Dragapult|Dragon Darts|p2a: Quagsire\n|-damage|p2a: Quagsire|78/100\n|-anim|p1a: Dragapult|Dragon Darts|p2a: Quagsire\n|-damage|p2a: Quagsire|55/100\n|-damage|p1a: Dragapult|116/262|[from] item: Life Orb\n|move|p2a: Quagsire|Earthquake|p1a: Dragapult\n|-damage|p1a: Dragapult|0 fnt\n|faint|p1a: Dragapult\n|\n|-heal|p2a: Quagsire|61/100|[from] item: Leftovers\n|upkeep\n|inactive|Time left: 300 sec this turn | 300 sec total | 5 sec grace\n|\n|t:|1783540472\n|switch|p1a: Reuniclus|Reuniclus, L88, F|337/337\n|turn|3\n|inactive|Time left: 300 sec this turn | 300 sec total\n|\n|t:|1783540473\n|move|p2a: Quagsire|Recover|p2a: Quagsire\n|-heal|p2a: Quagsire|100/100\n|move|p1a: Reuniclus|Psychic|p2a: Quagsire\n|-damage|p2a: Quagsire|28/100\n|\n|-heal|p2a: Quagsire|34/100|[from] item: Leftovers\n|upkeep\n|turn|4\n|inactive|Time left: 300 sec this turn | 300 sec total\n|\n|t:|1783540474\n|move|p2a: Quagsire|Recover|p2a: Quagsire\n|-heal|p2a: Quagsire|84/100\n|move|p1a: Reuniclus|Psychic|p2a: Quagsire\n|-damage|p2a: Quagsire|20/100\n|\n|-heal|p2a: Quagsire|26/100|[from] item: Leftovers\n|upkeep\n|turn|5\n|inactive|Time left: 300 sec this turn | 300 sec total\n|\n|t:|1783540475\n|move|p2a: Quagsire|Recover|p2a: Quagsire\n|-heal|p2a: Quagsire|76/100\n|move|p1a: Reuniclus|Psychic|p2a: Quagsire\n|-damage|p2a: Quagsire|5/100\n|\n|-heal|p2a: Quagsire|11/100|[from] item: Leftovers\n|upkeep\n|turn|6\n|inactive|Time left: 300 sec this turn | 300 sec total\n|\n|t:|1783540476\n|move|p2a: Quagsire|Spikes|p1a: Reuniclus\n|-sidestart|p1: p0x086361f|Spikes\n|move|p1a: Reuniclus|Psychic|p2a: Quagsire\n|-damage|p2a: Quagsire|0 fnt\n|faint|p2a: Quagsire\n|\n|upkeep\n|\n|t:|1783540477\n|switch|p2a: Meowstic|Meowstic-F, L89, F|100/100\n|turn|7\n|inactive|Time left: 300 sec this turn | 300 sec total\n|\n|t:|1783540478\n|move|p2a: Meowstic|Nasty Plot|p2a: Meowstic\n|-boost|p2a: Meowstic|spa|2\n|move|p1a: Reuniclus|Calm Mind|p1a: Reuniclus\n|-boost|p1a: Reuniclus|spa|1\n|-boost|p1a: Reuniclus|spd|1\n|\n|upkeep\n|turn|8\n|inactive|Time left: 300 sec this turn | 300 sec total\n|\n|t:|1783540479\n|move|p2a: Meowstic|Thunderbolt|p1a: Reuniclus\n|-damage|p1a: Reuniclus|220/337\n|-damage|p2a: Meowstic|91/100|[from] item: Life Orb\n|move|p1a: Reuniclus|Psychic|p2a: Meowstic\n|-resisted|p2a: Meowstic\n|-damage|p2a: Meowstic|45/100\n|\n|upkeep\n|turn|9\n|inactive|Time left: 300 sec this turn | 300 sec total\n|\n|t:|1783540480\n|move|p2a: Meowstic|Thunderbolt|p1a: Reuniclus\n|-damage|p1a: Reuniclus|110/337\n|-damage|p2a: Meowstic|35/100|[from] item: Life Orb\n|move|p1a: Reuniclus|Psychic|p2a: Meowstic\n|-resisted|p2a: Meowstic\n|-damage|p2a: Meowstic|0 fnt\n|faint|p2a: Meowstic\n|\n|upkeep\n|\n|t:|1783540481\n|switch|p2a: Tsareena|Tsareena, L87, F|100/100\n|turn|10\n|inactive|Time left: 300 sec this turn | 300 sec total\n|\n|t:|1783540482\n|move|p2a: Tsareena|Power Whip|p1a: Reuniclus\n|-damage|p1a: Reuniclus|0 fnt\n|faint|p1a: Reuniclus\n|\n|upkeep\n|inactive|Time left: 300 sec this turn | 300 sec total | 5 sec grace\n|\n|t:|1783540484\n|switch|p1a: Eternatus|Eternatus, L69|308/308\n|-damage|p1a: Eternatus|270/308|[from] Spikes\n|-ability|p1a: Eternatus|Pressure\n|turn|11\n|inactive|Time left: 300 sec this turn | 300 sec total\n|\n|t:|1783540485\n|switch|p2a: Hypno|Hypno, L95, M|100/100\n|move|p1a: Eternatus|Flamethrower|p2a: Hypno\n|-damage|p2a: Hypno|86/100\n|\n|-heal|p1a: Eternatus|289/308|[from] item: Leftovers\n|-heal|p2a: Hypno|92/100|[from] item: Leftovers\n|upkeep\n|turn|12\n|inactive|Time left: 300 sec this turn | 300 sec total\n|\n|t:|1783540486\n|move|p1a: Eternatus|Dynamax Cannon|p2a: Hypno\n|-damage|p2a: Hypno|70/100\n|move|p2a: Hypno|Psychic Noise|p1a: Eternatus\n|-supereffective|p1a: Eternatus\n|-crit|p1a: Eternatus\n|-damage|p1a: Eternatus|0 fnt\n|faint|p1a: Eternatus\n|\n|-heal|p2a: Hypno|76/100|[from] item: Leftovers\n|upkeep\n|inactive|Time left: 300 sec this turn | 300 sec total | 5 sec grace\n|\n|t:|1783540487\n|switch|p1a: Excadrill|Excadrill, L79, M|303/303\n|-damage|p1a: Excadrill|266/303|[from] Spikes\n|-ability|p1a: Excadrill|Mold Breaker\n|turn|13\n|inactive|Time left: 300 sec this turn | 300 sec total\n|\n|t:|1783540488\n|move|p1a: Excadrill|Earthquake|p2a: Hypno\n|-damage|p2a: Hypno|35/100\n|move|p2a: Hypno|Focus Blast|p1a: Excadrill\n|-supereffective|p1a: Excadrill\n|-damage|p1a: Excadrill|102/303\n|\n|-heal|p2a: Hypno|41/100|[from] item: Leftovers\n|upkeep\n|turn|14\n|inactive|Time left: 300 sec this turn | 300 sec total\n|\n|t:|1783540489\n|move|p1a: Excadrill|Earthquake|p2a: Hypno\n|-damage|p2a: Hypno|0 fnt\n|faint|p2a: Hypno\n|\n|upkeep\n|\n|t:|1783540490\n|switch|p2a: Hawlucha|Hawlucha, L80, F|100/100\n|turn|15\n|inactive|Time left: 300 sec this turn | 300 sec total\n|\n|t:|1783540491\n|switch|p1a: Calyrex|Calyrex, L93|337/337\n|-ability|p1a: Calyrex|Unnerve\n|-damage|p1a: Calyrex|295/337|[from] Spikes\n|move|p2a: Hawlucha|Close Combat|p1a: Calyrex\n|-resisted|p1a: Calyrex\n|-damage|p1a: Calyrex|240/337\n|-unboost|p2a: Hawlucha|def|1\n|-unboost|p2a: Hawlucha|spd|1\n|-enditem|p2a: Hawlucha|White Herb\n|-clearnegativeboost|p2a: Hawlucha|[silent]\n|\n|-heal|p1a: Calyrex|261/337|[from] item: Leftovers\n|upkeep\n|turn|16\n|inactive|Time left: 300 sec this turn | 300 sec total\n|\n|t:|1783540492\n|switch|p2a: Tsareena|Tsareena, L87, F|100/100\n|move|p1a: Calyrex|Psychic|p2a: Tsareena\n|-damage|p2a: Tsareena|67/100\n|\n|-heal|p1a: Calyrex|282/337|[from] item: Leftovers\n|upkeep\n|turn|17\n|inactive|Time left: 300 sec this turn | 300 sec total\n|\n|t:|1783540494\n|move|p1a: Calyrex|Psychic|p2a: Tsareena\n|-damage|p2a: Tsareena|35/100\n|move|p2a: Tsareena|U-turn|p1a: Calyrex\n|-supereffective|p1a: Calyrex\n|-damage|p1a: Calyrex|34/337\n|\n|t:|1783540495\n|switch|p2a: Hawlucha|Hawlucha, L80, F|100/100|[from] U-turn\n|\n|-heal|p1a: Calyrex|55/337|[from] item: Leftovers\n|upkeep\n|turn|18\n|inactive|Time left: 300 sec this turn | 300 sec total\n|\n|t:|1783540496\n|move|p2a: Hawlucha|Acrobatics|p1a: Calyrex\n|-supereffective|p1a: Calyrex\n|-damage|p1a: Calyrex|0 fnt\n|faint|p1a: Calyrex\n|\n|upkeep\n|inactive|Time left: 300 sec this turn | 300 sec total | 5 sec grace\n|\n|t:|1783540497\n|switch|p1a: Pikachu|Pikachu-Partner, L93, M|216/216\n|-damage|p1a: Pikachu|189/216|[from] Spikes\n|turn|19\n|inactive|Time left: 300 sec this turn | 300 sec total\n|\n|t:|1783540498\n|-terastallize|p2a: Hawlucha|Fighting\n|move|p1a: Pikachu|Fake Out|p2a: Hawlucha\n|-damage|p2a: Hawlucha|80/100\n|cant|p2a: Hawlucha|flinch\n|\n|upkeep\n|turn|20\n|inactive|Time left: 300 sec this turn | 300 sec total\n|\n|t:|1783540499\n|switch|p1a: Excadrill|Excadrill, L79, M|102/303\n|-damage|p1a: Excadrill|65/303|[from] Spikes\n|-ability|p1a: Excadrill|Mold Breaker\n|move|p2a: Hawlucha|Close Combat|p1a: Excadrill\n|-supereffective|p1a: Excadrill\n|-damage|p1a: Excadrill|0 fnt\n|-unboost|p2a: Hawlucha|def|1\n|-unboost|p2a: Hawlucha|spd|1\n|faint|p1a: Excadrill\n|\n|upkeep\n|inactive|Time left: 300 sec this turn | 300 sec total | 5 sec grace\n|\n|t:|1783540500\n|switch|p1a: Pikachu|Pikachu-Partner, L93, M|189/216\n|-damage|p1a: Pikachu|162/216|[from] Spikes\n|turn|21\n|inactive|Time left: 300 sec this turn | 300 sec total\n|\n|t:|1783540501\n|-terastallize|p1a: Pikachu|Water\n|move|p1a: Pikachu|Fake Out|p2a: Hawlucha\n|-damage|p2a: Hawlucha|50/100\n|cant|p2a: Hawlucha|flinch\n|\n|upkeep\n|turn|22\n|inactive|Time left: 300 sec this turn | 300 sec total\n|\n|t:|1783540501\n|move|p2a: Hawlucha|Close Combat|p1a: Pikachu\n|-damage|p1a: Pikachu|0 fnt\n|-unboost|p2a: Hawlucha|def|1\n|-unboost|p2a: Hawlucha|spd|1\n|faint|p1a: Pikachu\n|\n|win|p0y0863118", "uploadtime": 1783540501, "views": 0, "rating": 0, "private": 0, "password": null, "_winner": "p0y0863118", "_our_name": "p0x086361f"}