{"id": "battle-gen9randombattle-2753", "formatid": "gen9randombattle", "format": "[Gen 9] Random Battle", "players": ["p0x2753b000", "p0y2753dd74"], "log": "|init|battle\n|title|p0x2753b000 vs. p0y2753dd74\n|j|\u2606p0x2753b000\n|j|\u2606p0y2753dd74\n|t:|1783570725\n|gametype|singles\n|player|p1|p0x2753b000|1|\n|player|p2|p0y2753dd74|102|\n|gen|9\n|tier|[Gen 9] Random Battle\n|rule|Species Clause: Limit one of each Pok\u00e9mon\n|rule|HP Percentage Mod: HP is shown in percentages\n|rule|Sleep Clause Mod: Limit one foe put to sleep\n|rule|Illusion Level Mod: Illusion disguises the Pok\u00e9mon's true level\n|\n|t:|1783570725\n|teamsize|p1|6\n|teamsize|p2|6\n|start\n|switch|p1a: Ludicolo|Ludicolo, L90, M|100/100\n|switch|p2a: Oranguru|Oranguru, L92, M|315/315\n|turn|1\n|inactive|Battle timer is ON: inactive players will automatically lose when time's up. (requested by p0x2753b000)\n|inactive|Time left: 300 sec this turn | 300 sec total | 60 sec grace\n|inactive|p0y2753dd74 also wants the timer to be on.\n|\n|t:|1783570726\n|move|p1a: Ludicolo|Ice Beam|p2a: Oranguru\n|-damage|p2a: Oranguru|249/315\n|-damage|p1a: Ludicolo|90/100|[from] item: Life Orb\n|move|p2a: Oranguru|Hyper Voice|p1a: Ludicolo\n|-damage|p1a: Ludicolo|45/100\n|\n|upkeep\n|turn|2\n|inactive|Time left: 300 sec this turn | 300 sec total\n|\n|t:|1783570727\n|switch|p1a: Gengar|Gengar, L81, M|100/100\n|move|p2a: Oranguru|Hyper Voice|p1a: Gengar\n|-immune|p1a: Gengar\n|\n|upkeep\n|turn|3\n|inactive|Time left: 300 sec this turn | 300 sec total\n|\n|t:|1783570728\n|move|p1a: Gengar|Nasty Plot|p1a: Gengar\n|-boost|p1a: Gengar|spa|2\n|move|p2a: Oranguru|Hyper Voice|p1a: Gengar\n|-immune|p1a: Gengar\n|\n|upkeep\n|turn|4\n|inactive|Time left: 300 sec this turn | 300 sec total\n|\n|t:|1783570729\n|switch|p2a: Smeargle|Smeargle, L95, M|258/258\n|move|p1a: Gengar|Sludge Wave|p2a: Smeargle\n|-enditem|p2a: Smeargle|Focus Sash\n|-damage|p2a: Smeargle|1/258\n|-damage|p1a: Gengar|90/100|[from] item: Life Orb\n|\n|upkeep\n|turn|5\n|inactive|Time left: 300 sec this turn | 300 sec total\n|\n|t:|1783570730\n|move|p1a: Gengar|Sludge Wave|p2a: Smeargle\n|-damage|p2a: Smeargle|0 fnt\n|faint|p2a: Smeargle\n|-damage|p1a: Gengar|80/100|[from] item: Life Orb\n|\n|upkeep\n|inactive|Time left: 300 sec this turn | 300 sec total | 5 sec grace\n|\n|t:|1783570731\n|switch|p2a: Froslass|Froslass, L87, F|263/263\n|turn|6\n|inactive|Time left: 300 sec this turn | 300 sec total\n|\n|t:|1783570732\n|switch|p1a: Volcanion|Volcanion, L79|100/100\n|move|p2a: Froslass|Poltergeist|p1a: Volcanion\n|-activate|p1a: Volcanion|move: Poltergeist|Assault Vest\n|-damage|p1a: Volcanion|63/100\n|\n|upkeep\n|turn|7\n|inactive|Time left: 300 sec this turn | 300 sec total\n|\n|t:|1783570733\n|switch|p2a: Oranguru|Oranguru, L92, M|249/315\n|move|p1a: Volcanion|Flamethrower|p2a: Oranguru\n|-damage|p2a: Oranguru|167/315\n|\n|upkeep\n|turn|8\n|inactive|Time left: 300 sec this turn | 300 sec total\n|\n|t:|1783570734\n|move|p2a: Oranguru|Psyshock|p1a: Volcanion\n|-damage|p1a: Volcanion|12/100\n|move|p1a: Volcanion|Steam Eruption|p2a: Oranguru\n|-damage|p2a: Oranguru|68/315\n|-status|p2a: Oranguru|brn\n|\n|-damage|p2a: Oranguru|49/315 brn|[from] brn\n|upkeep\n|turn|9\n|inactive|Time left: 300 sec this turn | 300 sec total\n|\n|t:|1783570736\n|switch|p1a: Exeggutor|Exeggutor, L89, M|100/100\n|move|p2a: Oranguru|Psyshock|p1a: Exeggutor\n|-resisted|p1a: Exeggutor\n|-damage|p1a: Exeggutor|78/100\n|\n|-damage|p2a: Oranguru|30/315 brn|[from] brn\n|upkeep\n|turn|10\n|inactive|Time left: 300 sec this turn | 300 sec total\n|\n|t:|1783570737\n|move|p2a: Oranguru|Psyshock|p1a: Exeggutor\n|-resisted|p1a: Exeggutor\n|-damage|p1a: Exeggutor|56/100\n|move|p1a: Exeggutor|Calm Mind|p1a: Exeggutor\n|-boost|p1a: Exeggutor|spa|1\n|-boost|p1a: Exeggutor|spd|1\n|\n|-damage|p2a: Oranguru|11/315 brn|[from] brn\n|upkeep\n|turn|11\n|inactive|Time left: 300 sec this turn | 300 sec total\n|\n|t:|1783570738\n|switch|p2a: Flareon|Flareon, L90, M|263/263\n|move|p1a: Exeggutor|Giga Drain|p2a: Flareon\n|-resisted|p2a: Flareon\n|-damage|p2a: Flareon|204/263\n|-heal|p1a: Exeggutor|65/100|[from] drain|[of] p2a: Flareon\n|\n|-status|p2a: Flareon|tox|[from] item: Toxic Orb\n|upkeep\n|turn|12\n|inactive|Time left: 300 sec this turn | 300 sec total\n|\n|t:|1783570739\n|switch|p1a: Raging Bolt|Raging Bolt, L78|100/100\n|move|p2a: Flareon|Flare Blitz|p1a: Raging Bolt\n|-resisted|p1a: Raging Bolt\n|-damage|p1a: Raging Bolt|55/100\n|-damage|p2a: Flareon|155/263 tox|[from] Recoil\n|\n|-damage|p2a: Flareon|139/263 tox|[from] psn\n|upkeep\n|turn|13\n|inactive|Time left: 300 sec this turn | 300 sec total\n|\n|t:|1783570740\n|-end|p1a: Raging Bolt|Protosynthesis|[silent]\n|switch|p1a: Gengar|Gengar, L81, M|80/100\n|move|p2a: Flareon|Facade|p1a: Gengar\n|-immune|p1a: Gengar\n|\n|-damage|p2a: Flareon|107/263 tox|[from] psn\n|upkeep\n|turn|14\n|inactive|Time left: 300 sec this turn | 300 sec total\n|\n|t:|1783570741\n|switch|p2a: Gliscor|Gliscor, L76, M|239/239\n|move|p1a: Gengar|Sludge Wave|p2a: Gliscor\n|-resisted|p2a: Gliscor\n|-damage|p2a: Gliscor|138/239\n|-damage|p1a: Gengar|70/100|[from] item: Life Orb\n|\n|-status|p2a: Gliscor|tox|[from] item: Toxic Orb\n|upkeep\n|turn|15\n|inactive|Time left: 300 sec this turn | 300 sec total\n|\n|t:|1783570742\n|move|p2a: Gliscor|Protect|p2a: Gliscor\n|-singleturn|p2a: Gliscor|Protect\n|move|p1a: Gengar|Shadow Ball|p2a: Gliscor\n|-activate|p2a: Gliscor|move: Protect\n|\n|-heal|p2a: Gliscor|167/239 tox|[from] ability: Poison Heal\n|upkeep\n|turn|16\n|inactive|Time left: 300 sec this turn | 300 sec total\n|\n|t:|1783570743\n|move|p1a: Gengar|Shadow Ball|p2a: Gliscor\n|-damage|p2a: Gliscor|0 fnt\n|faint|p2a: Gliscor\n|-damage|p1a: Gengar|60/100|[from] item: Life Orb\n|\n|upkeep\n|inactive|Time left: 300 sec this turn | 300 sec total | 5 sec grace\n|\n|t:|1783570744\n|switch|p2a: Froslass|Froslass, L87, F|263/263\n|turn|17\n|inactive|Time left: 300 sec this turn | 300 sec total\n|\n|t:|1783570745\n|switch|p1a: Volcanion|Volcanion, L79|12/100\n|move|p2a: Froslass|Poltergeist|p1a: Volcanion\n|-activate|p1a: Volcanion|move: Poltergeist|Assault Vest\n|-damage|p1a: Volcanion|0 fnt\n|faint|p1a: Volcanion\n|\n|upkeep\n|\n|t:|1783570746\n|switch|p1a: Exeggutor|Exeggutor, L89, M|65/100\n|turn|18\n|inactive|Time left: 300 sec this turn | 300 sec total\n|\n|t:|1783570747\n|-terastallize|p1a: Exeggutor|Steel\n|move|p2a: Froslass|Triple Axel|p1a: Exeggutor\n|-resisted|p1a: Exeggutor\n|-damage|p1a: Exeggutor|62/100\n|-resisted|p1a: Exeggutor\n|-damage|p1a: Exeggutor|57/100\n|-resisted|p1a: Exeggutor\n|-damage|p1a: Exeggutor|47/100\n|-enditem|p1a: Exeggutor|Sitrus Berry|[eat]\n|-heal|p1a: Exeggutor|72/100|[from] item: Sitrus Berry\n|-hitcount|p1a: Exeggutor|3\n|move|p1a: Exeggutor|Psychic|p2a: Froslass\n|-damage|p2a: Froslass|113/263\n|\n|-item|p1a: Exeggutor|Sitrus Berry|[from] ability: Harvest\n|upkeep\n|turn|19\n|inactive|Time left: 300 sec this turn | 300 sec total\n|\n|t:|1783570749\n|switch|p2a: Forretress|Forretress, L84, M|263/263\n|move|p1a: Exeggutor|Giga Drain|p2a: Forretress\n|-resisted|p2a: Forretress\n|-damage|p2a: Forretress|226/263\n|-heal|p1a: Exeggutor|78/100|[from] drain|[of] p2a: Forretress\n|\n|-heal|p2a: Forretress|242/263|[from] item: Leftovers\n|upkeep\n|turn|20\n|inactive|Time left: 300 sec this turn | 300 sec total\n|\n|t:|1783570750\n|move|p1a: Exeggutor|Psychic|p2a: Forretress\n|-resisted|p2a: Forretress\n|-damage|p2a: Forretress|155/263\n|move|p2a: Forretress|Spikes|p1a: Exeggutor\n|-sidestart|p1: p0x2753b000|Spikes\n|\n|-heal|p2a: Forretress|171/263|[from] item: Leftovers\n|upkeep\n|turn|21\n|inactive|Time left: 300 sec this turn | 300 sec total\n|\n|t:|1783570751\n|move|p1a: Exeggutor|Psychic|p2a: Forretress\n|-resisted|p2a: Forretress\n|-damage|p2a: Forretress|92/263\n|move|p2a: Forretress|Rapid Spin|p1a: Exeggutor\n|-resisted|p1a: Exeggutor\n|-damage|p1a: Exeggutor|73/100\n|-boost|p2a: Forretress|spe|1\n|\n|-heal|p2a: Forretress|108/263|[from] item: Leftovers\n|upkeep\n|turn|22\n|inactive|Time left: 300 sec this turn | 300 sec total\n|\n|t:|1783570752\n|move|p2a: Forretress|Spikes|p1a: Exeggutor\n|-sidestart|p1: p0x2753b000|Spikes\n|move|p1a: Exeggutor|Psychic|p2a: Forretress\n|-resisted|p2a: Forretress\n|-crit|p2a: Forretress\n|-damage|p2a: Forretress|0 fnt\n|faint|p2a: Forretress\n|\n|upkeep\n|inactive|Time left: 300 sec this turn | 300 sec total | 5 sec grace\n|\n|t:|1783570753\n|switch|p2a: Flareon|Flareon, L90, M|107/263 tox\n|turn|23\n|inactive|Time left: 300 sec this turn | 300 sec total\n|\n|t:|1783570753\n|move|p2a: Flareon|Flare Blitz|p1a: Exeggutor\n|-supereffective|p1a: Exeggutor\n|-crit|p1a: Exeggutor\n|-damage|p1a: Exeggutor|0 fnt\n|faint|p1a: Exeggutor\n|-damage|p2a: Flareon|32/263 tox|[from] Recoil\n|\n|-damage|p2a: Flareon|16/263 tox|[from] psn\n|upkeep\n|\n|t:|1783570754\n|switch|p1a: Scyther|Scyther, L82, F|100/100\n|turn|24\n|inactive|Time left: 300 sec this turn | 300 sec total\n|\n|t:|1783570756\n|move|p1a: Scyther|U-turn|p2a: Flareon\n|-resisted|p2a: Flareon\n|-damage|p2a: Flareon|0 fnt\n|faint|p2a: Flareon\n|\n|t:|1783570757\n|switch|p1a: Ludicolo|Ludicolo, L90, M|45/100|[from] U-turn\n|-damage|p1a: Ludicolo|28/100|[from] Spikes\n|\n|upkeep\n|inactive|Time left: 300 sec this turn | 300 sec total | 10 sec grace\n|\n|t:|1783570757\n|switch|p2a: Froslass|Froslass, L87, F|113/263\n|turn|25\n|inactive|Time left: 300 sec this turn | 300 sec total\n|\n|t:|1783570758\n|move|p2a: Froslass|Triple Axel|p1a: Ludicolo\n|-crit|p1a: Ludicolo\n|-damage|p1a: Ludicolo|15/100\n|-damage|p1a: Ludicolo|0 fnt\n|faint|p1a: Ludicolo\n|-hitcount|p1: Ludicolo|2\n|\n|upkeep\n|\n|t:|1783570759\n|switch|p1a: Raging Bolt|Raging Bolt, L78|55/100\n|-damage|p1a: Raging Bolt|39/100|[from] Spikes\n|turn|26\n|inactive|Time left: 300 sec this turn | 300 sec total\n|\n|t:|1783570760\n|move|p1a: Raging Bolt|Thunderclap|p2a: Froslass\n|-damage|p2a: Froslass|20/263\n|move|p2a: Froslass|Triple Axel|p1a: Raging Bolt\n|-supereffective|p1a: Raging Bolt\n|-damage|p1a: Raging Bolt|26/100\n|-supereffective|p1a: Raging Bolt\n|-damage|p1a: Raging Bolt|0 fnt\n|faint|p1a: Raging Bolt\n|-end|p1a: Raging Bolt|Protosynthesis|[silent]\n|-hitcount|p1: Raging Bolt|2\n|\n|upkeep\n|\n|t:|1783570761\n|switch|p1a: Gengar|Gengar, L81, M|60/100\n|-damage|p1a: Gengar|44/100|[from] Spikes\n|turn|27\n|inactive|Time left: 300 sec this turn | 300 sec total\n|\n|t:|1783570762\n|-terastallize|p2a: Froslass|Ghost\n|move|p2a: Froslass|Triple Axel|p1a: Gengar\n|-damage|p1a: Gengar|32/100\n|-damage|p1a: Gengar|10/100\n|-crit|p1a: Gengar\n|-damage|p1a: Gengar|0 fnt\n|faint|p1a: Gengar\n|-hitcount|p1: Gengar|3\n|\n|upkeep\n|\n|t:|1783570762\n|switch|p1a: Scyther|Scyther, L82, F|100/100\n|turn|28\n|inactive|Time left: 300 sec this turn | 300 sec total\n|\n|t:|1783570763\n|move|p2a: Froslass|Triple Axel|p1a: Scyther\n|-supereffective|p1a: Scyther\n|-damage|p1a: Scyther|81/100\n|-supereffective|p1a: Scyther\n|-damage|p1a: Scyther|43/100\n|-supereffective|p1a: Scyther\n|-damage|p1a: Scyther|0 fnt\n|faint|p1a: Scyther\n|-hitcount|p1: Scyther|3\n|\n|win|p0y2753dd74", "uploadtime": 1783570763, "views": 0, "rating": 0, "private": 0, "password": null, "_winner": "p0y2753dd74", "_our_name": "p0y2753dd74"}