{"id": "battle-gen9randombattle-1107", "formatid": "gen9randombattle", "format": "[Gen 9] Random Battle", "players": ["p0x1107a303", "p0y1107e8ae"], "log": "|init|battle\n|title|p0x1107a303 vs. p0y1107e8ae\n|j|\u2606p0x1107a303\n|j|\u2606p0y1107e8ae\n|t:|1783552805\n|gametype|singles\n|player|p1|p0x1107a303|2|\n|player|p2|p0y1107e8ae|102|\n|gen|9\n|tier|[Gen 9] Random Battle\n|rule|Species Clause: Limit one of each Pok\u00e9mon\n|rule|HP Percentage Mod: HP is shown in percentages\n|rule|Sleep Clause Mod: Limit one foe put to sleep\n|rule|Illusion Level Mod: Illusion disguises the Pok\u00e9mon's true level\n|\n|t:|1783552805\n|teamsize|p1|6\n|teamsize|p2|6\n|start\n|switch|p1a: Manaphy|Manaphy, L78|284/284\n|switch|p2a: Annihilape|Annihilape, L76, M|100/100\n|turn|1\n|inactive|Battle timer is ON: inactive players will automatically lose when time's up. (requested by p0x1107a303)\n|inactive|p0y1107e8ae also wants the timer to be on.\n|\n|t:|1783552806\n|move|p1a: Manaphy|Tail Glow|p1a: Manaphy\n|-boost|p1a: Manaphy|spa|3\n|move|p2a: Annihilape|Bulk Up|p2a: Annihilape\n|-boost|p2a: Annihilape|atk|1\n|-boost|p2a: Annihilape|def|1\n|\n|upkeep\n|turn|2\n|inactive|Time left: 300 sec this turn | 300 sec total\n|\n|t:|1783552808\n|move|p1a: Manaphy|Surf|p2a: Annihilape\n|-damage|p2a: Annihilape|25/100\n|move|p2a: Annihilape|Rest|p2a: Annihilape\n|-status|p2a: Annihilape|slp|[from] move: Rest\n|-heal|p2a: Annihilape|100/100 slp|[silent]\n|-enditem|p2a: Annihilape|Chesto Berry|[eat]\n|-curestatus|p2a: Annihilape|slp|[msg]\n|\n|upkeep\n|turn|3\n|inactive|Time left: 300 sec this turn | 300 sec total\n|\n|t:|1783552809\n|move|p1a: Manaphy|Surf|p2a: Annihilape\n|-damage|p2a: Annihilape|28/100\n|move|p2a: Annihilape|Drain Punch|p1a: Manaphy\n|-damage|p1a: Manaphy|164/284\n|-heal|p2a: Annihilape|49/100|[from] drain|[of] p1a: Manaphy\n|\n|-heal|p1a: Manaphy|181/284|[from] item: Leftovers\n|upkeep\n|turn|4\n|inactive|Time left: 300 sec this turn | 300 sec total\n|\n|t:|1783552810\n|switch|p2a: Electrode|Electrode, L92|100/100\n|move|p1a: Manaphy|Surf|p2a: Electrode\n|-damage|p2a: Electrode|23/100\n|\n|-heal|p1a: Manaphy|198/284|[from] item: Leftovers\n|upkeep\n|turn|5\n|inactive|Time left: 300 sec this turn | 300 sec total\n|\n|t:|1783552811\n|move|p2a: Electrode|Thunderbolt|p1a: Manaphy\n|-supereffective|p1a: Manaphy\n|-damage|p1a: Manaphy|0 fnt\n|faint|p1a: Manaphy\n|-damage|p2a: Electrode|13/100|[from] item: Life Orb\n|\n|upkeep\n|inactive|Time left: 300 sec this turn | 300 sec total | 5 sec grace\n|\n|t:|1783552812\n|switch|p1a: Glastrier|Glastrier, L86|311/311\n|turn|6\n|inactive|Time left: 300 sec this turn | 300 sec total\n|\n|t:|1783552813\n|switch|p2a: Ceruledge|Ceruledge, L78, F|100/100\n|move|p1a: Glastrier|Icicle Crash|p2a: Ceruledge\n|-resisted|p2a: Ceruledge\n|-damage|p2a: Ceruledge|54/100\n|-ability|p2a: Ceruledge|Weak Armor|boost\n|-unboost|p2a: Ceruledge|def|1\n|-boost|p2a: Ceruledge|spe|2\n|\n|upkeep\n|turn|7\n|inactive|Time left: 300 sec this turn | 300 sec total\n|\n|t:|1783552814\n|move|p2a: Ceruledge|Bitter Blade|p1a: Glastrier\n|-supereffective|p1a: Glastrier\n|-damage|p1a: Glastrier|177/311\n|-heal|p2a: Ceruledge|81/100|[from] drain|[of] p1a: Glastrier\n|move|p1a: Glastrier|Icicle Crash|p2a: Ceruledge\n|-resisted|p2a: Ceruledge\n|-damage|p2a: Ceruledge|13/100\n|-ability|p2a: Ceruledge|Weak Armor|boost\n|-unboost|p2a: Ceruledge|def|1\n|-boost|p2a: Ceruledge|spe|2\n|\n|upkeep\n|turn|8\n|inactive|Time left: 300 sec this turn | 300 sec total\n|\n|t:|1783552815\n|move|p2a: Ceruledge|Bitter Blade|p1a: Glastrier\n|-supereffective|p1a: Glastrier\n|-damage|p1a: Glastrier|37/311\n|-heal|p2a: Ceruledge|41/100|[from] drain|[of] p1a: Glastrier\n|move|p1a: Glastrier|Icicle Crash|p2a: Ceruledge\n|-resisted|p2a: Ceruledge\n|-damage|p2a: Ceruledge|0 fnt\n|faint|p2a: Ceruledge\n|-ability|p1a: Glastrier|Chilling Neigh|boost\n|-boost|p1a: Glastrier|atk|1\n|\n|upkeep\n|\n|t:|1783552816\n|switch|p2a: Roaring Moon|Roaring Moon, L72|100/100\n|-enditem|p2a: Roaring Moon|Booster Energy\n|-activate|p2a: Roaring Moon|ability: Protosynthesis|[fromitem]\n|-start|p2a: Roaring Moon|protosynthesisatk\n|turn|9\n|inactive|Time left: 300 sec this turn | 300 sec total\n|\n|t:|1783552817\n|move|p2a: Roaring Moon|Knock Off|p1a: Glastrier\n|-damage|p1a: Glastrier|0 fnt\n|-enditem|p1a: Glastrier|Choice Band|[from] move: Knock Off|[of] p2a: Roaring Moon\n|faint|p1a: Glastrier\n|\n|upkeep\n|inactive|Time left: 300 sec this turn | 300 sec total | 5 sec grace\n|\n|t:|1783552818\n|switch|p1a: Braviary|Braviary, L85, M|309/309\n|turn|10\n|inactive|Time left: 300 sec this turn | 300 sec total\n|\n|t:|1783552819\n|-terastallize|p2a: Roaring Moon|Flying\n|move|p2a: Roaring Moon|Outrage|p1a: Braviary\n|-damage|p1a: Braviary|134/309\n|move|p1a: Braviary|Close Combat|p2a: Roaring Moon\n|-resisted|p2a: Roaring Moon\n|-damage|p2a: Roaring Moon|72/100\n|-unboost|p1a: Braviary|def|1\n|-unboost|p1a: Braviary|spd|1\n|\n|upkeep\n|turn|11\n|inactive|Time left: 300 sec this turn | 300 sec total\n|\n|t:|1783552820\n|move|p2a: Roaring Moon|Outrage|p1a: Braviary|[from] lockedmove\n|-damage|p1a: Braviary|0 fnt\n|faint|p1a: Braviary\n|\n|upkeep\n|inactive|Time left: 300 sec this turn | 300 sec total | 5 sec grace\n|\n|t:|1783552821\n|switch|p1a: Entei|Entei, L78|307/307\n|turn|12\n|inactive|Time left: 300 sec this turn | 300 sec total\n|\n|t:|1783552822\n|move|p2a: Roaring Moon|Outrage|p1a: Entei|[from] lockedmove\n|-damage|p1a: Entei|118/307\n|-start|p2a: Roaring Moon|confusion|[fatigue]\n|move|p1a: Entei|Sacred Fire|p2a: Roaring Moon\n|-damage|p2a: Roaring Moon|0 fnt\n|faint|p2a: Roaring Moon\n|-end|p2a: Roaring Moon|Protosynthesis|[silent]\n|\n|upkeep\n|\n|t:|1783552823\n|switch|p2a: Oricorio|Oricorio, L84, F|100/100\n|turn|13\n|inactive|Time left: 300 sec this turn | 300 sec total\n|\n|t:|1783552824\n|move|p2a: Oricorio|Quiver Dance|p2a: Oricorio\n|-boost|p2a: Oricorio|spa|1\n|-boost|p2a: Oricorio|spd|1\n|-boost|p2a: Oricorio|spe|1\n|move|p1a: Entei|Sacred Fire|p2a: Oricorio\n|-resisted|p2a: Oricorio\n|-damage|p2a: Oricorio|64/100\n|\n|upkeep\n|turn|14\n|inactive|Time left: 300 sec this turn | 300 sec total\n|\n|t:|1783552825\n|move|p2a: Oricorio|Hurricane|p1a: Entei\n|-crit|p1a: Entei\n|-damage|p1a: Entei|0 fnt\n|faint|p1a: Entei\n|\n|upkeep\n|inactive|Time left: 300 sec this turn | 300 sec total | 5 sec grace\n|\n|t:|1783552826\n|switch|p1a: Kommo-o|Kommo-o, L77, M|242/242\n|turn|15\n|inactive|Time left: 300 sec this turn | 300 sec total\n|\n|t:|1783552827\n|move|p2a: Oricorio|Hurricane|p1a: Kommo-o\n|-supereffective|p1a: Kommo-o\n|-damage|p1a: Kommo-o|0 fnt\n|faint|p1a: Kommo-o\n|\n|upkeep\n|inactive|Time left: 300 sec this turn | 300 sec total | 5 sec grace\n|\n|t:|1783552828\n|switch|p1a: Annihilape|Annihilape, L76, M|292/292\n|turn|16\n|inactive|Time left: 300 sec this turn | 300 sec total\n|\n|t:|1783552829\n|-terastallize|p1a: Annihilape|Water\n|move|p2a: Oricorio|Hurricane|p1a: Annihilape|[miss]\n|-miss|p2a: Oricorio|p1a: Annihilape\n|move|p1a: Annihilape|Bulk Up|p1a: Annihilape\n|-boost|p1a: Annihilape|atk|1\n|-boost|p1a: Annihilape|def|1\n|\n|upkeep\n|turn|17\n|inactive|Time left: 300 sec this turn | 300 sec total\n|\n|t:|1783552829\n|move|p2a: Oricorio|Hurricane|p1a: Annihilape\n|-damage|p1a: Annihilape|114/292\n|-start|p1a: Annihilape|confusion\n|-activate|p1a: Annihilape|confusion\n|move|p1a: Annihilape|Rest|p1a: Annihilape\n|-status|p1a: Annihilape|slp|[from] move: Rest\n|-heal|p1a: Annihilape|292/292 slp|[silent]\n|-enditem|p1a: Annihilape|Chesto Berry|[eat]\n|-curestatus|p1a: Annihilape|slp|[msg]\n|\n|upkeep\n|turn|18\n|inactive|Time left: 300 sec this turn | 300 sec total\n|\n|t:|1783552830\n|move|p2a: Oricorio|Hurricane|p1a: Annihilape\n|-damage|p1a: Annihilape|102/292\n|-activate|p1a: Annihilape|confusion\n|move|p1a: Annihilape|Bulk Up|p1a: Annihilape\n|-boost|p1a: Annihilape|atk|1\n|-boost|p1a: Annihilape|def|1\n|\n|upkeep\n|turn|19\n|inactive|Time left: 300 sec this turn | 300 sec total\n|\n|t:|1783552831\n|move|p2a: Oricorio|Hurricane|p1a: Annihilape\n|-damage|p1a: Annihilape|0 fnt\n|faint|p1a: Annihilape\n|\n|win|p0y1107e8ae", "uploadtime": 1783552831, "views": 0, "rating": 0, "private": 0, "password": null, "_winner": "p0y1107e8ae", "_our_name": "p0x1107a303"}