{"id": "battle-gen9randombattle-1665", "formatid": "gen9randombattle", "format": "[Gen 9] Random Battle", "players": ["p0x16650154", "p0y1665d62e"], "log": "|init|battle\n|title|p0x16650154 vs. p0y1665d62e\n|j|\u2606p0x16650154\n|j|\u2606p0y1665d62e\n|t:|1783559301\n|gametype|singles\n|player|p1|p0x16650154|1|\n|player|p2|p0y1665d62e|169|\n|gen|9\n|tier|[Gen 9] Random Battle\n|rule|Species Clause: Limit one of each Pok\u00e9mon\n|rule|HP Percentage Mod: HP is shown in percentages\n|rule|Sleep Clause Mod: Limit one foe put to sleep\n|rule|Illusion Level Mod: Illusion disguises the Pok\u00e9mon's true level\n|\n|t:|1783559301\n|teamsize|p1|6\n|teamsize|p2|6\n|start\n|switch|p1a: Mesprit|Mesprit, L85|275/275\n|switch|p2a: Gurdurr|Gurdurr, L85, M|100/100\n|turn|1\n|inactive|Battle timer is ON: inactive players will automatically lose when time's up. (requested by p0x16650154)\n|inactive|p0y1665d62e also wants the timer to be on.\n|\n|t:|1783559303\n|move|p1a: Mesprit|Psychic Noise|p2a: Gurdurr\n|-supereffective|p2a: Gurdurr\n|-damage|p2a: Gurdurr|45/100\n|-start|p2a: Gurdurr|move: Heal Block\n|move|p2a: Gurdurr|Knock Off|p1a: Mesprit\n|-supereffective|p1a: Mesprit\n|-damage|p1a: Mesprit|135/275\n|-enditem|p1a: Mesprit|Assault Vest|[from] move: Knock Off|[of] p2a: Gurdurr\n|\n|upkeep\n|turn|2\n|inactive|Time left: 300 sec this turn | 300 sec total\n|\n|t:|1783559304\n|switch|p2a: Greninja|Greninja, L80, M|100/100\n|move|p1a: Mesprit|Psychic Noise|p2a: Greninja\n|-immune|p2a: Greninja\n|\n|upkeep\n|turn|3\n|inactive|Time left: 300 sec this turn | 300 sec total\n|\n|t:|1783559305\n|move|p2a: Greninja|Dark Pulse|p1a: Mesprit\n|-supereffective|p1a: Mesprit\n|-damage|p1a: Mesprit|0 fnt\n|faint|p1a: Mesprit\n|-ability|p2a: Greninja|Battle Bond|boost\n|-boost|p2a: Greninja|atk|1\n|-boost|p2a: Greninja|spa|1\n|-boost|p2a: Greninja|spe|1\n|-activate|p2a: Greninja|ability: Battle Bond\n|-damage|p2a: Greninja|91/100|[from] item: Life Orb\n|\n|upkeep\n|inactive|Time left: 300 sec this turn | 300 sec total | 5 sec grace\n|\n|t:|1783559307\n|switch|p1a: Goodra|Goodra-Hisui, L82, M|265/265\n|turn|4\n|inactive|Time left: 300 sec this turn | 300 sec total\n|\n|t:|1783559308\n|move|p2a: Greninja|Dark Pulse|p1a: Goodra\n|-damage|p1a: Goodra|186/265\n|-damage|p2a: Greninja|81/100|[from] item: Life Orb\n|cant|p1a: Goodra|flinch\n|\n|upkeep\n|turn|5\n|inactive|Time left: 300 sec this turn | 300 sec total\n|\n|t:|1783559310\n|move|p2a: Greninja|Ice Beam|p1a: Goodra\n|-damage|p1a: Goodra|131/265\n|-damage|p2a: Greninja|71/100|[from] item: Life Orb\n|move|p1a: Goodra|Draco Meteor|p2a: Greninja\n|-damage|p2a: Greninja|1/100\n|-unboost|p1a: Goodra|spa|2\n|\n|upkeep\n|turn|6\n|inactive|Time left: 300 sec this turn | 300 sec total\n|\n|t:|1783559311\n|switch|p1a: Wugtrio|Wugtrio, L91, M|212/212\n|move|p2a: Greninja|Ice Beam|p1a: Wugtrio\n|-resisted|p1a: Wugtrio\n|-damage|p1a: Wugtrio|150/212\n|-damage|p2a: Greninja|0 fnt|[from] item: Life Orb\n|faint|p2a: Greninja\n|\n|upkeep\n|\n|t:|1783559312\n|switch|p2a: Dragalge|Dragalge, L88, F|100/100\n|turn|7\n|inactive|Time left: 300 sec this turn | 300 sec total\n|\n|t:|1783559313\n|move|p1a: Wugtrio|Stomping Tantrum|p2a: Dragalge\n|-supereffective|p2a: Dragalge\n|-damage|p2a: Dragalge|36/100\n|move|p2a: Dragalge|Sludge Wave|p1a: Wugtrio\n|-damage|p1a: Wugtrio|0 fnt\n|faint|p1a: Wugtrio\n|\n|upkeep\n|inactive|Time left: 300 sec this turn | 300 sec total | 5 sec grace\n|\n|t:|1783559314\n|switch|p1a: Golem|Golem-Alola, L93, M|300/300\n|turn|8\n|inactive|Time left: 300 sec this turn | 300 sec total\n|\n|t:|1783559315\n|switch|p2a: Gurdurr|Gurdurr, L85, M|45/100\n|move|p1a: Golem|Earthquake|p2a: Gurdurr\n|-crit|p2a: Gurdurr\n|-damage|p2a: Gurdurr|0 fnt\n|faint|p2a: Gurdurr\n|-damage|p1a: Golem|270/300|[from] item: Life Orb\n|\n|upkeep\n|\n|t:|1783559316\n|switch|p2a: Heatran|Heatran, L79, F|100/100\n|-item|p2a: Heatran|Air Balloon\n|turn|9\n|inactive|Time left: 300 sec this turn | 300 sec total\n|\n|t:|1783559317\n|-terastallize|p1a: Golem|Flying\n|move|p2a: Heatran|Earth Power|p1a: Golem\n|-immune|p1a: Golem\n|move|p1a: Golem|Stone Edge|p2a: Heatran\n|-crit|p2a: Heatran\n|-damage|p2a: Heatran|0 fnt\n|-enditem|p2a: Heatran|Air Balloon\n|faint|p2a: Heatran\n|-damage|p1a: Golem|240/300|[from] item: Life Orb\n|\n|upkeep\n|\n|t:|1783559318\n|switch|p2a: Chandelure|Chandelure, L83, M|100/100\n|turn|10\n|inactive|Time left: 300 sec this turn | 300 sec total\n|\n|t:|1783559319\n|-terastallize|p2a: Chandelure|Fire\n|move|p2a: Chandelure|Fire Blast|p1a: Golem\n|-damage|p1a: Golem|0 fnt\n|faint|p1a: Golem\n|\n|upkeep\n|inactive|Time left: 300 sec this turn | 300 sec total | 5 sec grace\n|\n|t:|1783559320\n|switch|p1a: Goodra|Goodra-Hisui, L82, M|131/265\n|turn|11\n|inactive|Time left: 300 sec this turn | 300 sec total\n|\n|t:|1783559321\n|move|p2a: Chandelure|Fire Blast|p1a: Goodra\n|-damage|p1a: Goodra|43/265\n|move|p1a: Goodra|Dragon Tail|p2a: Chandelure\n|-damage|p2a: Chandelure|75/100\n|drag|p2a: Dragalge|Dragalge, L88, F|36/100\n|\n|upkeep\n|turn|12\n|inactive|Time left: 300 sec this turn | 300 sec total\n|\n|t:|1783559323\n|switch|p2a: Oricorio|Oricorio-Sensu, L85, F|100/100\n|move|p1a: Goodra|Heavy Slam|p2a: Oricorio\n|-damage|p2a: Oricorio|49/100\n|\n|upkeep\n|turn|13\n|inactive|Time left: 300 sec this turn | 300 sec total\n|\n|t:|1783559323\n|move|p2a: Oricorio|Revelation Dance|p1a: Goodra\n|-damage|p1a: Goodra|0 fnt\n|faint|p1a: Goodra\n|\n|upkeep\n|inactive|Time left: 300 sec this turn | 300 sec total | 5 sec grace\n|\n|t:|1783559324\n|switch|p1a: Cloyster|Cloyster, L80, F|211/211\n|turn|14\n|inactive|Time left: 300 sec this turn | 300 sec total\n|\n|t:|1783559325\n|move|p2a: Oricorio|Hurricane|p1a: Cloyster\n|-damage|p1a: Cloyster|4/211\n|-start|p1a: Cloyster|confusion\n|-activate|p1a: Cloyster|confusion\n|-damage|p1a: Cloyster|0 fnt|[from] confusion\n|faint|p1a: Cloyster\n|\n|upkeep\n|inactive|Time left: 300 sec this turn | 300 sec total | 5 sec grace\n|\n|t:|1783559326\n|switch|p1a: Hawlucha|Hawlucha, L80, M|256/256\n|turn|15\n|inactive|Time left: 300 sec this turn | 300 sec total\n|\n|t:|1783559327\n|move|p1a: Hawlucha|Swords Dance|p1a: Hawlucha\n|-boost|p1a: Hawlucha|atk|2\n|-activate|p2a: Oricorio|ability: Dancer\n|move|p2a: Oricorio|Swords Dance|p2a: Oricorio|[from] ability: Dancer\n|-boost|p2a: Oricorio|atk|2\n|move|p2a: Oricorio|Hurricane|p1a: Hawlucha\n|-supereffective|p1a: Hawlucha\n|-crit|p1a: Hawlucha\n|-damage|p1a: Hawlucha|0 fnt\n|faint|p1a: Hawlucha\n|\n|win|p0y1665d62e", "uploadtime": 1783559327, "views": 0, "rating": 0, "private": 0, "password": null, "_winner": "p0y1665d62e", "_our_name": "p0x16650154"}