{"id": "battle-gen9randombattle-397", "formatid": "gen9randombattle", "format": "[Gen 9] Random Battle", "players": ["p0x39738b0", "p0y397370f"], "log": "|init|battle\n|title|p0x39738b0 vs. p0y397370f\n|j|\u2606p0x39738b0\n|j|\u2606p0y397370f\n|t:|1783544289\n|gametype|singles\n|player|p1|p0x39738b0|1|\n|player|p2|p0y397370f|169|\n|gen|9\n|tier|[Gen 9] Random Battle\n|rule|Species Clause: Limit one of each Pok\u00e9mon\n|rule|HP Percentage Mod: HP is shown in percentages\n|rule|Sleep Clause Mod: Limit one foe put to sleep\n|rule|Illusion Level Mod: Illusion disguises the Pok\u00e9mon's true level\n|\n|t:|1783544289\n|teamsize|p1|6\n|teamsize|p2|6\n|start\n|switch|p1a: Wugtrio|Wugtrio, L91, M|212/212\n|switch|p2a: Darkrai|Darkrai, L77|100/100\n|turn|1\n|inactive|Battle timer is ON: inactive players will automatically lose when time's up. (requested by p0x39738b0)\n|inactive|p0y397370f also wants the timer to be on.\n|\n|t:|1783544291\n|move|p1a: Wugtrio|Liquidation|p2a: Darkrai\n|-damage|p2a: Darkrai|21/100\n|move|p2a: Darkrai|Nasty Plot|p2a: Darkrai\n|-boost|p2a: Darkrai|spa|2\n|\n|upkeep\n|turn|2\n|inactive|Time left: 300 sec this turn | 300 sec total\n|\n|t:|1783544292\n|switch|p2a: Bruxish|Bruxish, L85, F|100/100\n|move|p1a: Wugtrio|Liquidation|p2a: Bruxish\n|-resisted|p2a: Bruxish\n|-damage|p2a: Bruxish|64/100\n|\n|upkeep\n|turn|3\n|inactive|Time left: 300 sec this turn | 300 sec total\n|\n|t:|1783544293\n|move|p1a: Wugtrio|Liquidation|p2a: Bruxish\n|-resisted|p2a: Bruxish\n|-damage|p2a: Bruxish|26/100\n|move|p2a: Bruxish|Psychic Fangs|p1a: Wugtrio\n|-damage|p1a: Wugtrio|0 fnt\n|-ability|p1a: Wugtrio|Gooey\n|-unboost|p2a: Bruxish|spe|1\n|faint|p1a: Wugtrio\n|\n|upkeep\n|inactive|Time left: 300 sec this turn | 300 sec total | 5 sec grace\n|\n|t:|1783544294\n|switch|p1a: Kricketune|Kricketune, L99, F|312/312\n|turn|4\n|inactive|Time left: 300 sec this turn | 300 sec total\n|\n|t:|1783544296\n|move|p1a: Kricketune|Sticky Web|p2a: Bruxish\n|-sidestart|p2: p0y397370f|move: Sticky Web\n|move|p2a: Bruxish|Psychic Fangs|p1a: Kricketune\n|-damage|p1a: Kricketune|18/312\n|\n|upkeep\n|turn|5\n|inactive|Time left: 300 sec this turn | 300 sec total\n|\n|t:|1783544297\n|move|p1a: Kricketune|Pounce|p2a: Bruxish\n|-supereffective|p2a: Bruxish\n|-damage|p2a: Bruxish|0 fnt\n|faint|p2a: Bruxish\n|\n|upkeep\n|\n|t:|1783544298\n|switch|p2a: Yanmega|Yanmega, L82, F|100/100\n|turn|6\n|inactive|Time left: 300 sec this turn | 300 sec total\n|\n|t:|1783544299\n|switch|p1a: Blissey|Blissey, L85, F|572/572\n|move|p2a: Yanmega|Bug Buzz|p1a: Blissey\n|-damage|p1a: Blissey|466/572\n|-unboost|p1a: Blissey|spd|1\n|\n|-heal|p1a: Blissey|501/572|[from] item: Leftovers\n|upkeep\n|turn|7\n|inactive|Time left: 300 sec this turn | 300 sec total\n|\n|t:|1783544301\n|move|p2a: Yanmega|Bug Buzz|p1a: Blissey\n|-damage|p1a: Blissey|327/572\n|move|p1a: Blissey|Thunder Wave|p2a: Yanmega\n|-status|p2a: Yanmega|par\n|\n|-heal|p1a: Blissey|362/572|[from] item: Leftovers\n|upkeep\n|turn|8\n|inactive|Time left: 300 sec this turn | 300 sec total\n|\n|t:|1783544302\n|move|p1a: Blissey|Soft-Boiled|p1a: Blissey\n|-heal|p1a: Blissey|572/572\n|move|p2a: Yanmega|Bug Buzz|p1a: Blissey\n|-damage|p1a: Blissey|397/572\n|\n|-heal|p1a: Blissey|432/572|[from] item: Leftovers\n|upkeep\n|turn|9\n|inactive|Time left: 300 sec this turn | 300 sec total\n|\n|t:|1783544303\n|switch|p2a: Torterra|Torterra, L78, F|100/100\n|-activate|p2a: Torterra|move: Sticky Web\n|-unboost|p2a: Torterra|spe|1\n|move|p1a: Blissey|Seismic Toss|p2a: Torterra\n|-damage|p2a: Torterra|70/100\n|\n|-heal|p1a: Blissey|467/572|[from] item: Leftovers\n|upkeep\n|turn|10\n|inactive|Time left: 300 sec this turn | 300 sec total\n|\n|t:|1783544304\n|switch|p1a: Muk|Muk, L86, M|321/321\n|move|p2a: Torterra|Shell Smash|p2a: Torterra\n|-unboost|p2a: Torterra|def|1\n|-unboost|p2a: Torterra|spd|1\n|-boost|p2a: Torterra|atk|2\n|-boost|p2a: Torterra|spa|2\n|-boost|p2a: Torterra|spe|2\n|\n|upkeep\n|turn|11\n|inactive|Time left: 300 sec this turn | 300 sec total\n|\n|t:|1783544305\n|-terastallize|p2a: Torterra|Ground\n|-terastallize|p1a: Muk|Dark\n|move|p2a: Torterra|Headlong Rush|p1a: Muk\n|-damage|p1a: Muk|0 fnt\n|-unboost|p2a: Torterra|def|1\n|-unboost|p2a: Torterra|spd|1\n|faint|p1a: Muk\n|\n|upkeep\n|inactive|Time left: 300 sec this turn | 300 sec total | 5 sec grace\n|\n|t:|1783544306\n|switch|p1a: Uxie|Uxie, L83|260/260\n|turn|12\n|inactive|Time left: 300 sec this turn | 300 sec total\n|\n|t:|1783544307\n|move|p1a: Uxie|Encore|p2a: Torterra\n|-start|p2a: Torterra|Encore\n|move|p2a: Torterra|Headlong Rush|p1a: Uxie\n|-immune|p1a: Uxie|[from] ability: Levitate\n|\n|upkeep\n|turn|13\n|inactive|Time left: 300 sec this turn | 300 sec total\n|\n|t:|1783544308\n|move|p1a: Uxie|Psychic Noise|p2a: Torterra\n|-damage|p2a: Torterra|19/100\n|-start|p2a: Torterra|move: Heal Block\n|move|p2a: Torterra|Headlong Rush|p1a: Uxie\n|-immune|p1a: Uxie|[from] ability: Levitate\n|\n|upkeep\n|turn|14\n|inactive|Time left: 300 sec this turn | 300 sec total\n|\n|t:|1783544309\n|move|p1a: Uxie|Stealth Rock|p2a: Torterra\n|-sidestart|p2: p0y397370f|move: Stealth Rock\n|move|p2a: Torterra|Headlong Rush|p1a: Uxie\n|-immune|p1a: Uxie|[from] ability: Levitate\n|\n|-end|p2a: Torterra|Encore\n|-end|p2a: Torterra|move: Heal Block\n|upkeep\n|turn|15\n|inactive|Time left: 300 sec this turn | 300 sec total\n|\n|t:|1783544310\n|move|p1a: Uxie|Psychic Noise|p2a: Torterra\n|-damage|p2a: Torterra|0 fnt\n|faint|p2a: Torterra\n|\n|upkeep\n|\n|t:|1783544311\n|switch|p2a: Maushold|Maushold-Four, L76|100/100\n|-activate|p2a: Maushold|move: Sticky Web\n|-unboost|p2a: Maushold|spe|1\n|-damage|p2a: Maushold|88/100|[from] Stealth Rock\n|turn|16\n|inactive|Time left: 300 sec this turn | 300 sec total\n|\n|t:|1783544312\n|move|p1a: Uxie|Thunder Wave|p2a: Maushold\n|-status|p2a: Maushold|par\n|move|p2a: Maushold|Tidy Up|p2a: Maushold\n|-sideend|p2: p0y397370f|Stealth Rock\n|-sideend|p2: p0y397370f|Sticky Web\n|-activate|p2a: Maushold|move: Tidy Up\n|-boost|p2a: Maushold|atk|1\n|-boost|p2a: Maushold|spe|1\n|\n|upkeep\n|turn|17\n|inactive|Time left: 300 sec this turn | 300 sec total\n|\n|t:|1783544313\n|switch|p1a: Poliwrath|Poliwrath, L88, F|302/302\n|move|p2a: Maushold|Population Bomb|p1a: Poliwrath\n|-damage|p1a: Poliwrath|271/302\n|-damage|p1a: Poliwrath|240/302\n|-damage|p1a: Poliwrath|207/302\n|-damage|p1a: Poliwrath|177/302\n|-damage|p1a: Poliwrath|149/302\n|-damage|p1a: Poliwrath|122/302\n|-damage|p1a: Poliwrath|95/302\n|-damage|p1a: Poliwrath|65/302\n|-damage|p1a: Poliwrath|35/302\n|-damage|p1a: Poliwrath|7/302\n|-hitcount|p1a: Poliwrath|10\n|\n|upkeep\n|turn|18\n|inactive|Time left: 300 sec this turn | 300 sec total\n|\n|t:|1783544315\n|switch|p2a: Ribombee|Ribombee, L83, M|100/100\n|move|p1a: Poliwrath|Close Combat|p2a: Ribombee\n|-resisted|p2a: Ribombee\n|-damage|p2a: Ribombee|82/100\n|-unboost|p1a: Poliwrath|def|1\n|-unboost|p1a: Poliwrath|spd|1\n|\n|upkeep\n|turn|19\n|inactive|Time left: 300 sec this turn | 300 sec total\n|\n|t:|1783544316\n|switch|p1a: Blissey|Blissey, L85, F|467/572\n|move|p2a: Ribombee|Quiver Dance|p2a: Ribombee\n|-boost|p2a: Ribombee|spa|1\n|-boost|p2a: Ribombee|spd|1\n|-boost|p2a: Ribombee|spe|1\n|\n|-heal|p1a: Blissey|502/572|[from] item: Leftovers\n|upkeep\n|turn|20\n|inactive|Time left: 300 sec this turn | 300 sec total\n|\n|t:|1783544317\n|move|p2a: Ribombee|Quiver Dance|p2a: Ribombee\n|-boost|p2a: Ribombee|spa|1\n|-boost|p2a: Ribombee|spd|1\n|-boost|p2a: Ribombee|spe|1\n|move|p1a: Blissey|Seismic Toss|p2a: Ribombee\n|-damage|p2a: Ribombee|46/100\n|\n|-heal|p1a: Blissey|537/572|[from] item: Leftovers\n|upkeep\n|turn|21\n|inactive|Time left: 300 sec this turn | 300 sec total\n|\n|t:|1783544318\n|move|p2a: Ribombee|Moonblast|p1a: Blissey\n|-damage|p1a: Blissey|393/572\n|move|p1a: Blissey|Seismic Toss|p2a: Ribombee\n|-damage|p2a: Ribombee|10/100\n|\n|-heal|p1a: Blissey|428/572|[from] item: Leftovers\n|upkeep\n|turn|22\n|inactive|Time left: 300 sec this turn | 300 sec total\n|\n|t:|1783544319\n|move|p2a: Ribombee|Moonblast|p1a: Blissey\n|-damage|p1a: Blissey|278/572\n|move|p1a: Blissey|Seismic Toss|p2a: Ribombee\n|-damage|p2a: Ribombee|0 fnt\n|faint|p2a: Ribombee\n|\n|-heal|p1a: Blissey|313/572|[from] item: Leftovers\n|upkeep\n|\n|t:|1783544320\n|switch|p2a: Maushold|Maushold-Four, L76|88/100 par\n|turn|23\n|inactive|Time left: 300 sec this turn | 300 sec total\n|\n|t:|1783544321\n|move|p1a: Blissey|Seismic Toss|p2a: Maushold\n|-damage|p2a: Maushold|53/100 par\n|move|p2a: Maushold|Population Bomb|p1a: Blissey\n|-damage|p1a: Blissey|244/572\n|-damage|p1a: Blissey|174/572\n|-damage|p1a: Blissey|105/572\n|-damage|p1a: Blissey|42/572\n|-damage|p1a: Blissey|0 fnt\n|faint|p1a: Blissey\n|-hitcount|p1: Blissey|5\n|\n|upkeep\n|inactive|Time left: 300 sec this turn | 300 sec total | 5 sec grace\n|\n|t:|1783544323\n|switch|p1a: Poliwrath|Poliwrath, L88, F|7/302\n|turn|24\n|inactive|Time left: 300 sec this turn | 300 sec total\n|\n|t:|1783544324\n|move|p1a: Poliwrath|Liquidation|p2a: Maushold\n|-crit|p2a: Maushold\n|-damage|p2a: Maushold|0 fnt\n|faint|p2a: Maushold\n|\n|upkeep\n|\n|t:|1783544325\n|switch|p2a: Darkrai|Darkrai, L77|21/100\n|turn|25\n|inactive|Time left: 300 sec this turn | 300 sec total\n|\n|t:|1783544326\n|move|p2a: Darkrai|Dark Pulse|p1a: Poliwrath\n|-resisted|p1a: Poliwrath\n|-crit|p1a: Poliwrath\n|-damage|p1a: Poliwrath|0 fnt\n|faint|p1a: Poliwrath\n|-damage|p2a: Darkrai|11/100|[from] item: Life Orb\n|\n|upkeep\n|inactive|Time left: 300 sec this turn | 300 sec total | 5 sec grace\n|\n|t:|1783544327\n|switch|p1a: Kricketune|Kricketune, L99, F|18/312\n|turn|26\n|inactive|Time left: 300 sec this turn | 300 sec total\n|\n|t:|1783544328\n|move|p2a: Darkrai|Dark Pulse|p1a: Kricketune\n|-damage|p1a: Kricketune|0 fnt\n|faint|p1a: Kricketune\n|-damage|p2a: Darkrai|1/100|[from] item: Life Orb\n|\n|upkeep\n|inactive|Time left: 300 sec this turn | 300 sec total | 5 sec grace\n|\n|t:|1783544329\n|switch|p1a: Uxie|Uxie, L83|260/260\n|turn|27\n|inactive|Time left: 300 sec this turn | 300 sec total\n|\n|t:|1783544330\n|move|p2a: Darkrai|Dark Pulse|p1a: Uxie\n|-supereffective|p1a: Uxie\n|-damage|p1a: Uxie|73/260\n|-damage|p2a: Darkrai|0 fnt|[from] item: Life Orb\n|faint|p2a: Darkrai\n|move|p1a: Uxie|Stealth Rock|p2: Darkrai\n|-sidestart|p2: p0y397370f|move: Stealth Rock\n|\n|-heal|p1a: Uxie|89/260|[from] item: Leftovers\n|upkeep\n|\n|t:|1783544331\n|switch|p2a: Yanmega|Yanmega, L82, F|100/100 par\n|-damage|p2a: Yanmega|51/100 par|[from] Stealth Rock\n|turn|28\n|inactive|Time left: 300 sec this turn | 300 sec total\n|\n|t:|1783544331\n|move|p1a: Uxie|Psychic Noise|p2a: Yanmega\n|-damage|p2a: Yanmega|20/100 par\n|-start|p2a: Yanmega|move: Heal Block\n|move|p2a: Yanmega|Bug Buzz|p1a: Uxie\n|-supereffective|p1a: Uxie\n|-damage|p1a: Uxie|0 fnt\n|faint|p1a: Uxie\n|\n|win|p0y397370f", "uploadtime": 1783544331, "views": 0, "rating": 0, "private": 0, "password": null, "_winner": "p0y397370f", "_our_name": "p0x39738b0"}