{"id": "battle-gen9randombattle-283", "formatid": "gen9randombattle", "format": "[Gen 9] Random Battle", "players": ["p0x2834344", "p0y2832286"], "log": "|init|battle\n|title|p0x2834344 vs. p0y2832286\n|j|\u2606p0x2834344\n|j|\u2606p0y2832286\n|t:|1783542870\n|gametype|singles\n|player|p1|p0x2834344|170|\n|player|p2|p0y2832286|170|\n|gen|9\n|tier|[Gen 9] Random Battle\n|rule|Species Clause: Limit one of each Pok\u00e9mon\n|rule|HP Percentage Mod: HP is shown in percentages\n|rule|Sleep Clause Mod: Limit one foe put to sleep\n|rule|Illusion Level Mod: Illusion disguises the Pok\u00e9mon's true level\n|\n|t:|1783542870\n|teamsize|p1|6\n|teamsize|p2|6\n|start\n|switch|p1a: Feraligatr|Feraligatr, L79, F|264/264\n|switch|p2a: Brute Bonnet|Brute Bonnet, L80|100/100\n|turn|1\n|inactive|Battle timer is ON: inactive players will automatically lose when time's up. (requested by p0y2832286)\n|inactive|Time left: 300 sec this turn | 300 sec total | 60 sec grace\n|inactive|p0x2834344 also wants the timer to be on.\n|\n|t:|1783542872\n|move|p1a: Feraligatr|Dragon Dance|p1a: Feraligatr\n|-boost|p1a: Feraligatr|atk|1\n|-boost|p1a: Feraligatr|spe|1\n|move|p2a: Brute Bonnet|Seed Bomb|p1a: Feraligatr\n|-supereffective|p1a: Feraligatr\n|-damage|p1a: Feraligatr|94/264\n|\n|upkeep\n|turn|2\n|inactive|Time left: 300 sec this turn | 300 sec total\n|\n|t:|1783542873\n|move|p1a: Feraligatr|Ice Punch|p2a: Brute Bonnet\n|-supereffective|p2a: Brute Bonnet\n|-damage|p2a: Brute Bonnet|23/100\n|move|p2a: Brute Bonnet|Seed Bomb|p1a: Feraligatr\n|-supereffective|p1a: Feraligatr\n|-damage|p1a: Feraligatr|0 fnt\n|faint|p1a: Feraligatr\n|\n|-heal|p2a: Brute Bonnet|29/100|[from] item: Leftovers\n|upkeep\n|inactive|Time left: 300 sec this turn | 300 sec total | 5 sec grace\n|\n|t:|1783542874\n|switch|p1a: Flapple|Flapple, L88, F|266/266\n|turn|3\n|inactive|Time left: 300 sec this turn | 300 sec total\n|\n|t:|1783542876\n|-end|p2a: Brute Bonnet|Protosynthesis|[silent]\n|switch|p2a: Grimmsnarl|Grimmsnarl, L83, M|100/100\n|move|p1a: Flapple|Outrage|p2a: Grimmsnarl\n|-immune|p2a: Grimmsnarl\n|\n|upkeep\n|turn|4\n|inactive|Time left: 300 sec this turn | 300 sec total\n|\n|t:|1783542877\n|move|p1a: Flapple|Dragon Dance|p1a: Flapple\n|-boost|p1a: Flapple|atk|1\n|-boost|p1a: Flapple|spe|1\n|move|p2a: Grimmsnarl|Spirit Break|p1a: Flapple\n|-supereffective|p1a: Flapple\n|-damage|p1a: Flapple|74/266\n|-unboost|p1a: Flapple|spa|1\n|\n|upkeep\n|turn|5\n|inactive|Time left: 300 sec this turn | 300 sec total\n|\n|t:|1783542878\n|move|p1a: Flapple|Grav Apple|p2a: Grimmsnarl|[miss]\n|-miss|p1a: Flapple|p2a: Grimmsnarl\n|move|p2a: Grimmsnarl|Spirit Break|p1a: Flapple\n|-supereffective|p1a: Flapple\n|-damage|p1a: Flapple|0 fnt\n|faint|p1a: Flapple\n|\n|upkeep\n|inactive|Time left: 300 sec this turn | 300 sec total | 5 sec grace\n|\n|t:|1783542879\n|switch|p1a: Manaphy|Manaphy, L78|284/284\n|turn|6\n|inactive|Time left: 300 sec this turn | 300 sec total\n|\n|t:|1783542880\n|move|p2a: Grimmsnarl|Light Screen|p2a: Grimmsnarl\n|-sidestart|p2: p0y2832286|move: Light Screen\n|move|p1a: Manaphy|Tail Glow|p1a: Manaphy\n|-boost|p1a: Manaphy|spa|3\n|\n|upkeep\n|turn|7\n|inactive|Time left: 300 sec this turn | 300 sec total\n|\n|t:|1783542881\n|move|p2a: Grimmsnarl|Parting Shot|p1a: Manaphy\n|-unboost|p1a: Manaphy|atk|1\n|-unboost|p1a: Manaphy|spa|1\n|\n|t:|1783542881\n|switch|p2a: Polteageist|Polteageist, L78|100/100|[from] Parting Shot\n|move|p1a: Manaphy|Surf|p2a: Polteageist\n|-damage|p2a: Polteageist|66/100\n|\n|upkeep\n|turn|8\n|inactive|Time left: 300 sec this turn | 300 sec total\n|\n|t:|1783542882\n|move|p1a: Manaphy|Tail Glow|p1a: Manaphy\n|-boost|p1a: Manaphy|spa|3\n|move|p2a: Polteageist|Shell Smash|p2a: Polteageist\n|-unboost|p2a: Polteageist|def|1\n|-unboost|p2a: Polteageist|spd|1\n|-boost|p2a: Polteageist|atk|2\n|-boost|p2a: Polteageist|spa|2\n|-boost|p2a: Polteageist|spe|2\n|-enditem|p2a: Polteageist|White Herb\n|-clearnegativeboost|p2a: Polteageist|[silent]\n|\n|upkeep\n|turn|9\n|inactive|Time left: 300 sec this turn | 300 sec total\n|\n|t:|1783542883\n|-terastallize|p2a: Polteageist|Psychic\n|-terastallize|p1a: Manaphy|Water\n|move|p2a: Polteageist|Stored Power|p1a: Manaphy\n|-damage|p1a: Manaphy|0 fnt\n|faint|p1a: Manaphy\n|\n|upkeep\n|inactive|Time left: 300 sec this turn | 300 sec total | 5 sec grace\n|\n|t:|1783542884\n|switch|p1a: Skarmory|Skarmory, L80, F|235/235\n|turn|10\n|inactive|Time left: 300 sec this turn | 300 sec total\n|\n|t:|1783542885\n|move|p2a: Polteageist|Shadow Ball|p1a: Skarmory\n|-resisted|p1a: Skarmory\n|-damage|p1a: Skarmory|100/235\n|-unboost|p1a: Skarmory|spd|1\n|replace|p1a: Zoroark|Zoroark, L83, F\n|-end|p1a: Zoroark|Illusion\n|-hint|Illusion Level Mod is active, so this Pok\u00e9mon's true level was hidden.\n|move|p1a: Zoroark|Dark Pulse|p2a: Polteageist\n|-supereffective|p2a: Polteageist\n|-damage|p2a: Polteageist|11/100\n|\n|upkeep\n|turn|11\n|inactive|Time left: 300 sec this turn | 300 sec total\n|\n|t:|1783542886\n|move|p2a: Polteageist|Shadow Ball|p1a: Zoroark\n|-resisted|p1a: Zoroark\n|-damage|p1a: Zoroark|0 fnt\n|faint|p1a: Zoroark\n|\n|upkeep\n|inactive|Time left: 300 sec this turn | 300 sec total | 5 sec grace\n|\n|t:|1783542887\n|switch|p1a: Skarmory|Skarmory, L80, F|235/235\n|turn|12\n|inactive|Time left: 300 sec this turn | 300 sec total\n|\n|t:|1783542888\n|move|p2a: Polteageist|Strength Sap|p1a: Skarmory\n|-unboost|p1a: Skarmory|atk|1\n|-heal|p2a: Polteageist|90/100\n|move|p1a: Skarmory|Body Press|p2a: Polteageist\n|-resisted|p2a: Polteageist\n|-damage|p2a: Polteageist|69/100\n|\n|upkeep\n|turn|13\n|inactive|Time left: 300 sec this turn | 300 sec total\n|\n|t:|1783542889\n|move|p2a: Polteageist|Stored Power|p1a: Skarmory\n|-resisted|p1a: Skarmory\n|-damage|p1a: Skarmory|40/235\n|move|p1a: Skarmory|Body Press|p2a: Polteageist\n|-resisted|p2a: Polteageist\n|-damage|p2a: Polteageist|47/100\n|\n|-heal|p1a: Skarmory|54/235|[from] item: Leftovers\n|-sideend|p2: p0y2832286|move: Light Screen\n|upkeep\n|turn|14\n|inactive|Time left: 300 sec this turn | 300 sec total\n|\n|t:|1783542891\n|move|p2a: Polteageist|Stored Power|p1a: Skarmory\n|-resisted|p1a: Skarmory\n|-damage|p1a: Skarmory|0 fnt\n|faint|p1a: Skarmory\n|\n|upkeep\n|inactive|Time left: 300 sec this turn | 300 sec total | 5 sec grace\n|\n|t:|1783542892\n|switch|p1a: Iron Boulder|Iron Boulder, L77|265/265\n|turn|15\n|inactive|Time left: 300 sec this turn | 300 sec total\n|\n|t:|1783542893\n|move|p2a: Polteageist|Shadow Ball|p1a: Iron Boulder\n|-supereffective|p1a: Iron Boulder\n|-damage|p1a: Iron Boulder|0 fnt\n|faint|p1a: Iron Boulder\n|-end|p1a: Iron Boulder|Quark Drive|[silent]\n|\n|win|p0y2832286", "uploadtime": 1783542893, "views": 0, "rating": 0, "private": 0, "password": null, "_winner": "p0y2832286", "_our_name": "p0x2834344"}