{"id": "battle-gen9randombattle-107", "formatid": "gen9randombattle", "format": "[Gen 9] Random Battle", "players": ["p0x1075f93", "p0y1073acb"], "log": "|init|battle\n|title|p0x1075f93 vs. p0y1073acb\n|j|\u2606p0x1075f93\n|j|\u2606p0y1073acb\n|t:|1783534497\n|gametype|singles\n|player|p1|p0x1075f93|102|\n|player|p2|p0y1073acb|1|\n|gen|9\n|tier|[Gen 9] Random Battle\n|rule|Species Clause: Limit one of each Pok\u00e9mon\n|rule|HP Percentage Mod: HP is shown in percentages\n|rule|Sleep Clause Mod: Limit one foe put to sleep\n|rule|Illusion Level Mod: Illusion disguises the Pok\u00e9mon's true level\n|\n|t:|1783534497\n|teamsize|p1|6\n|teamsize|p2|6\n|start\n|switch|p1a: Medicham|Medicham, L86, F|243/243\n|switch|p2a: Iron Leaves|Iron Leaves, L80|100/100\n|turn|1\n|inactive|Battle timer is ON: inactive players will automatically lose when time's up. (requested by p0y1073acb)\n|inactive|Time left: 300 sec this turn | 300 sec total | 60 sec grace\n|inactive|p0x1075f93 also wants the timer to be on.\n|\n|t:|1783534499\n|move|p1a: Medicham|Ice Punch|p2a: Iron Leaves\n|-supereffective|p2a: Iron Leaves\n|-damage|p2a: Iron Leaves|40/100\n|move|p2a: Iron Leaves|Psyblade|p1a: Medicham\n|-damage|p1a: Medicham|113/243\n|-damage|p2a: Iron Leaves|30/100|[from] item: Life Orb\n|\n|upkeep\n|turn|2\n|inactive|Time left: 300 sec this turn | 300 sec total\n|\n|t:|1783534500\n|-end|p2a: Iron Leaves|Quark Drive|[silent]\n|switch|p2a: Diancie|Diancie, L82|100/100\n|move|p1a: Medicham|Ice Punch|p2a: Diancie\n|-damage|p2a: Diancie|75/100\n|\n|-heal|p2a: Diancie|81/100|[from] item: Leftovers\n|upkeep\n|turn|3\n|inactive|Time left: 300 sec this turn | 300 sec total\n|\n|t:|1783534501\n|move|p1a: Medicham|Ice Punch|p2a: Diancie\n|-damage|p2a: Diancie|57/100\n|move|p2a: Diancie|Diamond Storm|p1a: Medicham\n|-resisted|p1a: Medicham\n|-damage|p1a: Medicham|55/243\n|-boost|p2a: Diancie|def|2\n|\n|-heal|p2a: Diancie|63/100|[from] item: Leftovers\n|upkeep\n|turn|4\n|inactive|Time left: 300 sec this turn | 300 sec total\n|\n|t:|1783534502\n|move|p1a: Medicham|Ice Punch|p2a: Diancie\n|-damage|p2a: Diancie|50/100\n|move|p2a: Diancie|Calm Mind|p2a: Diancie\n|-boost|p2a: Diancie|spa|1\n|-boost|p2a: Diancie|spd|1\n|\n|-heal|p2a: Diancie|57/100|[from] item: Leftovers\n|upkeep\n|turn|5\n|inactive|Time left: 300 sec this turn | 300 sec total\n|\n|t:|1783534504\n|move|p1a: Medicham|Ice Punch|p2a: Diancie\n|-damage|p2a: Diancie|44/100\n|move|p2a: Diancie|Draining Kiss|p1a: Medicham\n|-supereffective|p1a: Medicham\n|-damage|p1a: Medicham|0 fnt\n|-heal|p2a: Diancie|63/100|[from] drain|[of] p1a: Medicham\n|faint|p1a: Medicham\n|\n|-heal|p2a: Diancie|69/100|[from] item: Leftovers\n|upkeep\n|inactive|Time left: 300 sec this turn | 300 sec total | 5 sec grace\n|\n|t:|1783534505\n|switch|p1a: Furret|Furret, L94, F|312/312\n|-item|p2a: Diancie|Leftovers|[from] ability: Frisk|[of] p1a: Furret\n|turn|6\n|inactive|Time left: 300 sec this turn | 300 sec total\n|\n|t:|1783534506\n|move|p1a: Furret|Tidy Up|p1a: Furret\n|-boost|p1a: Furret|atk|1\n|-boost|p1a: Furret|spe|1\n|move|p2a: Diancie|Diamond Storm|p1a: Furret\n|-damage|p1a: Furret|204/312\n|\n|-heal|p2a: Diancie|75/100|[from] item: Leftovers\n|upkeep\n|turn|7\n|inactive|Time left: 300 sec this turn | 300 sec total\n|\n|t:|1783534507\n|move|p1a: Furret|Knock Off|p2a: Diancie\n|-resisted|p2a: Diancie\n|-damage|p2a: Diancie|65/100\n|-enditem|p2a: Diancie|Leftovers|[from] move: Knock Off|[of] p1a: Furret\n|-damage|p1a: Furret|173/312|[from] item: Life Orb\n|move|p2a: Diancie|Draining Kiss|p1a: Furret\n|-crit|p1a: Furret\n|-damage|p1a: Furret|26/312\n|-heal|p2a: Diancie|100/100|[from] drain|[of] p1a: Furret\n|\n|upkeep\n|turn|8\n|inactive|Time left: 300 sec this turn | 300 sec total\n|\n|t:|1783534508\n|move|p1a: Furret|Double-Edge|p2a: Diancie\n|-resisted|p2a: Diancie\n|-damage|p2a: Diancie|81/100\n|-damage|p1a: Furret|12/312|[from] Recoil\n|-damage|p1a: Furret|0 fnt|[from] item: Life Orb\n|faint|p1a: Furret\n|move|p2a: Diancie|Earth Power|p1: Furret|[notarget]\n|-fail|p2a: Diancie\n|\n|upkeep\n|inactive|Time left: 300 sec this turn | 300 sec total | 5 sec grace\n|\n|t:|1783534509\n|switch|p1a: Sneasler|Sneasler, L74, F|240/240\n|turn|9\n|inactive|Time left: 300 sec this turn | 300 sec total\n|\n|t:|1783534511\n|move|p1a: Sneasler|Dire Claw|p2a: Diancie\n|-damage|p2a: Diancie|62/100\n|move|p2a: Diancie|Earth Power|p1a: Sneasler\n|-supereffective|p1a: Sneasler\n|-damage|p1a: Sneasler|18/240\n|\n|upkeep\n|turn|10\n|inactive|Time left: 300 sec this turn | 300 sec total\n|\n|t:|1783534512\n|move|p1a: Sneasler|Dire Claw|p2a: Diancie\n|-damage|p2a: Diancie|41/100\n|-status|p2a: Diancie|psn\n|move|p2a: Diancie|Draining Kiss|p1a: Sneasler\n|-damage|p1a: Sneasler|0 fnt\n|-heal|p2a: Diancie|47/100 psn|[from] drain|[of] p1a: Sneasler\n|faint|p1a: Sneasler\n|\n|-damage|p2a: Diancie|35/100 psn|[from] psn\n|upkeep\n|inactive|Time left: 300 sec this turn | 300 sec total | 5 sec grace\n|\n|t:|1783534513\n|switch|p1a: Frosmoth|Frosmoth, L82, F|249/249\n|turn|11\n|inactive|Time left: 300 sec this turn | 300 sec total\n|\n|t:|1783534514\n|-terastallize|p1a: Frosmoth|Water\n|move|p1a: Frosmoth|Quiver Dance|p1a: Frosmoth\n|-boost|p1a: Frosmoth|spa|1\n|-boost|p1a: Frosmoth|spd|1\n|-boost|p1a: Frosmoth|spe|1\n|move|p2a: Diancie|Diamond Storm|p1a: Frosmoth\n|-damage|p1a: Frosmoth|101/249\n|\n|-damage|p2a: Diancie|22/100 psn|[from] psn\n|upkeep\n|turn|12\n|inactive|Time left: 300 sec this turn | 300 sec total\n|\n|t:|1783534515\n|move|p1a: Frosmoth|Ice Beam|p2a: Diancie\n|-damage|p2a: Diancie|0 fnt\n|faint|p2a: Diancie\n|\n|upkeep\n|\n|t:|1783534516\n|switch|p2a: Pawmot|Pawmot, L80, M|100/100\n|turn|13\n|inactive|Time left: 300 sec this turn | 300 sec total\n|\n|t:|1783534518\n|move|p1a: Frosmoth|Ice Beam|p2a: Pawmot\n|-damage|p2a: Pawmot|5/100\n|-status|p2a: Pawmot|frz\n|-curestatus|p2a: Pawmot|frz|[msg]\n|move|p2a: Pawmot|Double Shock|p1a: Frosmoth\n|-supereffective|p1a: Frosmoth\n|-damage|p1a: Frosmoth|0 fnt\n|-start|p2a: Pawmot|typechange|???/Fighting|[from] move: Double Shock\n|faint|p1a: Frosmoth\n|\n|upkeep\n|inactive|Time left: 300 sec this turn | 300 sec total | 5 sec grace\n|\n|t:|1783534519\n|switch|p1a: Grafaiai|Grafaiai, L86, M|249/249\n|turn|14\n|inactive|Time left: 300 sec this turn | 300 sec total\n|\n|t:|1783534520\n|move|p1a: Grafaiai|Knock Off|p2a: Pawmot\n|-resisted|p2a: Pawmot\n|-damage|p2a: Pawmot|0 fnt\n|-enditem|p2a: Pawmot|Leppa Berry|[from] move: Knock Off|[of] p1a: Grafaiai\n|faint|p2a: Pawmot\n|\n|upkeep\n|\n|t:|1783534521\n|switch|p2a: Alcremie|Alcremie-Rainbow-Swirl, L90, F|100/100\n|turn|15\n|inactive|Time left: 300 sec this turn | 300 sec total\n|\n|t:|1783534522\n|-terastallize|p2a: Alcremie|Steel\n|move|p1a: Grafaiai|Gunk Shot|p2a: Alcremie\n|-immune|p2a: Alcremie\n|move|p2a: Alcremie|Psyshock|p1a: Grafaiai\n|-supereffective|p1a: Grafaiai\n|-damage|p1a: Grafaiai|65/249\n|\n|upkeep\n|turn|16\n|inactive|Time left: 300 sec this turn | 300 sec total\n|\n|t:|1783534523\n|move|p1a: Grafaiai|Parting Shot|p2a: Alcremie\n|-unboost|p2a: Alcremie|atk|1\n|-unboost|p2a: Alcremie|spa|1\n|inactive|Time left: 300 sec this turn | 300 sec total | 5 sec grace\n|\n|t:|1783534524\n|switch|p1a: Swanna|Swanna, L89, F|278/278|[from] Parting Shot\n|move|p2a: Alcremie|Calm Mind|p2a: Alcremie\n|-boost|p2a: Alcremie|spa|1\n|-boost|p2a: Alcremie|spd|1\n|\n|upkeep\n|turn|17\n|inactive|Time left: 300 sec this turn | 300 sec total\n|\n|t:|1783534525\n|move|p1a: Swanna|Hydro Pump|p2a: Alcremie|[miss]\n|-miss|p1a: Swanna|p2a: Alcremie\n|move|p2a: Alcremie|Calm Mind|p2a: Alcremie\n|-boost|p2a: Alcremie|spa|1\n|-boost|p2a: Alcremie|spd|1\n|\n|upkeep\n|turn|18\n|inactive|Time left: 300 sec this turn | 300 sec total\n|\n|t:|1783534526\n|move|p1a: Swanna|Brave Bird|p2a: Alcremie\n|-resisted|p2a: Alcremie\n|-damage|p2a: Alcremie|75/100\n|-damage|p1a: Swanna|256/278|[from] Recoil\n|move|p2a: Alcremie|Alluring Voice|p1a: Swanna\n|-damage|p1a: Swanna|45/278\n|\n|-heal|p2a: Alcremie|81/100|[from] item: Leftovers\n|upkeep\n|turn|19\n|inactive|Time left: 300 sec this turn | 300 sec total\n|\n|t:|1783534527\n|move|p1a: Swanna|Roost|p1a: Swanna\n|-heal|p1a: Swanna|184/278\n|-singleturn|p1a: Swanna|move: Roost\n|move|p2a: Alcremie|Alluring Voice|p1a: Swanna\n|-damage|p1a: Swanna|0 fnt\n|faint|p1a: Swanna\n|\n|-heal|p2a: Alcremie|87/100|[from] item: Leftovers\n|upkeep\n|inactive|Time left: 300 sec this turn | 300 sec total | 5 sec grace\n|\n|t:|1783534527\n|switch|p1a: Grafaiai|Grafaiai, L86, M|65/249\n|turn|20\n|inactive|Time left: 300 sec this turn | 300 sec total\n|\n|t:|1783534528\n|move|p1a: Grafaiai|Parting Shot|p2a: Alcremie\n|-unboost|p2a: Alcremie|atk|1\n|-unboost|p2a: Alcremie|spa|1\n|move|p2a: Alcremie|Psyshock|p1a: Grafaiai\n|-supereffective|p1a: Grafaiai\n|-damage|p1a: Grafaiai|0 fnt\n|faint|p1a: Grafaiai\n|\n|win|p0y1073acb", "uploadtime": 1783534528, "views": 0, "rating": 0, "private": 0, "password": null, "_winner": "p0y1073acb", "_our_name": "p0x1075f93"}