{"id": "battle-gen9randombattle-2873", "formatid": "gen9randombattle", "format": "[Gen 9] Random Battle", "players": ["p0x2873f872", "p0y2873472c"], "log": "|init|battle\n|title|p0x2873f872 vs. p0y2873472c\n|j|\u2606p0x2873f872\n|j|\u2606p0y2873472c\n|t:|1783573090\n|gametype|singles\n|player|p1|p0x2873f872|265|\n|player|p2|p0y2873472c|265|\n|gen|9\n|tier|[Gen 9] Random Battle\n|rule|Species Clause: Limit one of each Pok\u00e9mon\n|rule|HP Percentage Mod: HP is shown in percentages\n|rule|Sleep Clause Mod: Limit one foe put to sleep\n|rule|Illusion Level Mod: Illusion disguises the Pok\u00e9mon's true level\n|\n|t:|1783573090\n|teamsize|p1|6\n|teamsize|p2|6\n|start\n|switch|p1a: Dedenne|Dedenne, L88, M|100/100\n|switch|p2a: Ursaluna|Ursaluna-Bloodmoon, L79, M|308/308\n|turn|1\n|inactive|Battle timer is ON: inactive players will automatically lose when time's up. (requested by p0x2873f872)\n|inactive|Time left: 300 sec this turn | 300 sec total | 60 sec grace\n|inactive|p0y2873472c also wants the timer to be on.\n|\n|t:|1783573092\n|move|p1a: Dedenne|U-turn|p2a: Ursaluna\n|-damage|p2a: Ursaluna|277/308\n|\n|t:|1783573093\n|switch|p1a: Gastrodon|Gastrodon-East, L86, F|100/100|[from] U-turn\n|move|p2a: Ursaluna|Blood Moon|p1a: Gastrodon\n|-damage|p1a: Gastrodon|49/100\n|\n|-heal|p2a: Ursaluna|296/308|[from] item: Leftovers\n|-heal|p1a: Gastrodon|55/100|[from] item: Leftovers\n|upkeep\n|turn|2\n|inactive|Time left: 300 sec this turn | 300 sec total\n|\n|t:|1783573094\n|move|p2a: Ursaluna|Calm Mind|p2a: Ursaluna\n|-boost|p2a: Ursaluna|spa|1\n|-boost|p2a: Ursaluna|spd|1\n|move|p1a: Gastrodon|Surf|p2a: Ursaluna\n|-supereffective|p2a: Ursaluna\n|-damage|p2a: Ursaluna|126/308\n|\n|-heal|p2a: Ursaluna|145/308|[from] item: Leftovers\n|-heal|p1a: Gastrodon|62/100|[from] item: Leftovers\n|upkeep\n|turn|3\n|inactive|Time left: 300 sec this turn | 300 sec total\n|\n|t:|1783573095\n|move|p2a: Ursaluna|Blood Moon|p1a: Gastrodon\n|-damage|p1a: Gastrodon|0 fnt\n|faint|p1a: Gastrodon\n|\n|-heal|p2a: Ursaluna|164/308|[from] item: Leftovers\n|upkeep\n|\n|t:|1783573096\n|switch|p1a: Floatzel|Floatzel, L86, F|100/100\n|turn|4\n|inactive|Time left: 300 sec this turn | 300 sec total\n|\n|t:|1783573097\n|-terastallize|p2a: Ursaluna|Ghost\n|move|p1a: Floatzel|Wave Crash|p2a: Ursaluna\n|-damage|p2a: Ursaluna|0 fnt\n|faint|p2a: Ursaluna\n|-damage|p1a: Floatzel|82/100|[from] Recoil\n|\n|upkeep\n|inactive|Time left: 300 sec this turn | 300 sec total | 5 sec grace\n|\n|t:|1783573098\n|switch|p2a: Clawitzer|Clawitzer, L87, F|265/265\n|turn|5\n|inactive|Time left: 300 sec this turn | 300 sec total\n|\n|t:|1783573099\n|move|p1a: Floatzel|Wave Crash|p2a: Clawitzer\n|-resisted|p2a: Clawitzer\n|-damage|p2a: Clawitzer|168/265\n|-damage|p1a: Floatzel|70/100|[from] Recoil\n|move|p2a: Clawitzer|Water Pulse|p1a: Floatzel\n|-resisted|p1a: Floatzel\n|-damage|p1a: Floatzel|24/100\n|-start|p1a: Floatzel|confusion\n|\n|upkeep\n|turn|6\n|inactive|Time left: 300 sec this turn | 300 sec total\n|\n|t:|1783573100\n|-activate|p1a: Floatzel|confusion\n|move|p1a: Floatzel|Wave Crash|p2a: Clawitzer\n|-resisted|p2a: Clawitzer\n|-damage|p2a: Clawitzer|69/265\n|-damage|p1a: Floatzel|13/100|[from] Recoil\n|move|p2a: Clawitzer|Water Pulse|p1a: Floatzel\n|-resisted|p1a: Floatzel\n|-damage|p1a: Floatzel|0 fnt\n|faint|p1a: Floatzel\n|\n|upkeep\n|\n|t:|1783573101\n|switch|p1a: Heracross|Heracross, L80, F|100/100\n|turn|7\n|inactive|Time left: 300 sec this turn | 300 sec total\n|\n|t:|1783573102\n|switch|p2a: Tauros|Tauros-Paldea-Combat, L82, M|257/257\n|-ability|p2a: Tauros|Intimidate|boost\n|-unboost|p1a: Heracross|atk|1\n|move|p1a: Heracross|Megahorn|p2a: Tauros|[miss]\n|-miss|p1a: Heracross|p2a: Tauros\n|\n|upkeep\n|turn|8\n|inactive|Time left: 300 sec this turn | 300 sec total\n|\n|t:|1783573103\n|move|p1a: Heracross|Megahorn|p2a: Tauros\n|-resisted|p2a: Tauros\n|-damage|p2a: Tauros|216/257\n|move|p2a: Tauros|Stone Edge|p1a: Heracross|[miss]\n|-miss|p2a: Tauros|p1a: Heracross\n|\n|upkeep\n|turn|9\n|inactive|Time left: 300 sec this turn | 300 sec total\n|\n|t:|1783573104\n|switch|p1a: Spiritomb|Spiritomb, L89, M|100/100\n|move|p2a: Tauros|Stone Edge|p1a: Spiritomb\n|-damage|p1a: Spiritomb|63/100\n|\n|-heal|p1a: Spiritomb|69/100|[from] item: Leftovers\n|upkeep\n|turn|10\n|inactive|Time left: 300 sec this turn | 300 sec total\n|\n|t:|1783573105\n|move|p2a: Tauros|Stone Edge|p1a: Spiritomb\n|-damage|p1a: Spiritomb|32/100\n|move|p1a: Spiritomb|Pain Split|p2a: Tauros\n|-sethp|p2a: Tauros|144/257|[from] move: Pain Split|[silent]\n|-sethp|p1a: Spiritomb|62/100|[from] move: Pain Split\n|\n|-heal|p1a: Spiritomb|68/100|[from] item: Leftovers\n|upkeep\n|turn|11\n|inactive|Time left: 300 sec this turn | 300 sec total\n|\n|t:|1783573106\n|move|p2a: Tauros|Stone Edge|p1a: Spiritomb|[miss]\n|-miss|p2a: Tauros|p1a: Spiritomb\n|move|p1a: Spiritomb|Poltergeist|p2a: Tauros\n|-activate|p2a: Tauros|move: Poltergeist|Choice Band\n|-damage|p2a: Tauros|38/257\n|\n|-heal|p1a: Spiritomb|74/100|[from] item: Leftovers\n|upkeep\n|turn|12\n|inactive|Time left: 300 sec this turn | 300 sec total\n|\n|t:|1783573107\n|move|p2a: Tauros|Stone Edge|p1a: Spiritomb\n|-damage|p1a: Spiritomb|39/100\n|move|p1a: Spiritomb|Foul Play|p2a: Tauros\n|-resisted|p2a: Tauros\n|-damage|p2a: Tauros|0 fnt\n|faint|p2a: Tauros\n|\n|-heal|p1a: Spiritomb|45/100|[from] item: Leftovers\n|upkeep\n|inactive|Time left: 300 sec this turn | 300 sec total | 5 sec grace\n|\n|t:|1783573108\n|switch|p2a: Clawitzer|Clawitzer, L87, F|69/265\n|turn|13\n|inactive|Time left: 300 sec this turn | 300 sec total\n|\n|t:|1783573109\n|switch|p1a: Heracross|Heracross, L80, F|100/100\n|move|p2a: Clawitzer|Water Pulse|p1a: Heracross\n|-damage|p1a: Heracross|29/100\n|\n|upkeep\n|turn|14\n|inactive|Time left: 300 sec this turn | 300 sec total\n|\n|t:|1783573110\n|switch|p2a: Talonflame|Talonflame, L83, M|265/265\n|move|p1a: Heracross|Close Combat|p2a: Talonflame\n|-resisted|p2a: Talonflame\n|-damage|p2a: Talonflame|184/265\n|-unboost|p1a: Heracross|def|1\n|-unboost|p1a: Heracross|spd|1\n|-status|p1a: Heracross|brn|[from] ability: Flame Body|[of] p2a: Talonflame\n|\n|-damage|p1a: Heracross|23/100 brn|[from] brn\n|upkeep\n|turn|15\n|inactive|Time left: 300 sec this turn | 300 sec total\n|\n|t:|1783573111\n|switch|p1a: Houndstone|Houndstone, L86, F|100/100\n|move|p2a: Talonflame|Brave Bird|p1a: Houndstone\n|-damage|p1a: Houndstone|81/100\n|-damage|p2a: Talonflame|167/265|[from] Recoil\n|\n|-heal|p1a: Houndstone|87/100|[from] item: Leftovers\n|upkeep\n|turn|16\n|inactive|Time left: 300 sec this turn | 300 sec total\n|\n|t:|1783573112\n|move|p2a: Talonflame|Overheat|p1a: Houndstone\n|-damage|p1a: Houndstone|14/100\n|-unboost|p2a: Talonflame|spa|2\n|move|p1a: Houndstone|Poltergeist|p2a: Talonflame\n|-activate|p2a: Talonflame|move: Poltergeist|Heavy-Duty Boots\n|-damage|p2a: Talonflame|16/265\n|\n|-heal|p1a: Houndstone|20/100|[from] item: Leftovers\n|upkeep\n|turn|17\n|inactive|Time left: 300 sec this turn | 300 sec total\n|\n|t:|1783573113\n|move|p2a: Talonflame|Overheat|p1a: Houndstone\n|-damage|p1a: Houndstone|0 fnt\n|-unboost|p2a: Talonflame|spa|2\n|faint|p1a: Houndstone\n|\n|upkeep\n|\n|t:|1783573114\n|switch|p1a: Spiritomb|Spiritomb, L89, M|45/100\n|turn|18\n|inactive|Time left: 300 sec this turn | 300 sec total\n|\n|t:|1783573115\n|move|p2a: Talonflame|Brave Bird|p1a: Spiritomb\n|-damage|p1a: Spiritomb|9/100\n|-damage|p2a: Talonflame|0 fnt|[from] Recoil\n|faint|p2a: Talonflame\n|move|p1a: Spiritomb|Poltergeist|p2: Talonflame|[notarget]\n|-fail|p1a: Spiritomb\n|\n|-heal|p1a: Spiritomb|15/100|[from] item: Leftovers\n|upkeep\n|inactive|Time left: 300 sec this turn | 300 sec total | 5 sec grace\n|\n|t:|1783573116\n|switch|p2a: Torterra|Torterra, L78, F|276/276\n|turn|19\n|inactive|Time left: 300 sec this turn | 300 sec total\n|\n|t:|1783573117\n|switch|p1a: Heracross|Heracross, L80, F|23/100 brn\n|move|p2a: Torterra|Bullet Seed|p1a: Heracross\n|-resisted|p1a: Heracross\n|-damage|p1a: Heracross|17/100 brn\n|-resisted|p1a: Heracross\n|-damage|p1a: Heracross|11/100 brn\n|-resisted|p1a: Heracross\n|-damage|p1a: Heracross|5/100 brn\n|-resisted|p1a: Heracross\n|-crit|p1a: Heracross\n|-damage|p1a: Heracross|0 fnt\n|faint|p1a: Heracross\n|-hitcount|p1: Heracross|4\n|\n|upkeep\n|\n|t:|1783573118\n|switch|p1a: Dedenne|Dedenne, L88, M|100/100\n|turn|20\n|inactive|Time left: 300 sec this turn | 300 sec total\n|\n|t:|1783573119\n|-terastallize|p1a: Dedenne|Flying\n|move|p1a: Dedenne|Dazzling Gleam|p2a: Torterra\n|-damage|p2a: Torterra|191/276\n|move|p2a: Torterra|Shell Smash|p2a: Torterra\n|-unboost|p2a: Torterra|def|1\n|-unboost|p2a: Torterra|spd|1\n|-boost|p2a: Torterra|atk|2\n|-boost|p2a: Torterra|spa|2\n|-boost|p2a: Torterra|spe|2\n|\n|upkeep\n|turn|21\n|inactive|Time left: 300 sec this turn | 300 sec total\n|\n|t:|1783573120\n|switch|p1a: Spiritomb|Spiritomb, L89, M|15/100\n|move|p2a: Torterra|Rock Blast|p1a: Spiritomb\n|-damage|p1a: Spiritomb|3/100\n|-damage|p1a: Spiritomb|0 fnt\n|faint|p1a: Spiritomb\n|-hitcount|p1: Spiritomb|2\n|\n|upkeep\n|\n|t:|1783573120\n|switch|p1a: Dedenne|Dedenne, L88, M, tera:Flying|100/100\n|turn|22\n|inactive|Time left: 300 sec this turn | 300 sec total\n|\n|t:|1783573121\n|move|p2a: Torterra|Rock Blast|p1a: Dedenne\n|-supereffective|p1a: Dedenne\n|-damage|p1a: Dedenne|68/100\n|-supereffective|p1a: Dedenne\n|-damage|p1a: Dedenne|35/100\n|-enditem|p1a: Dedenne|Sitrus Berry|[eat]\n|-heal|p1a: Dedenne|60/100|[from] item: Sitrus Berry\n|-heal|p1a: Dedenne|93/100|[from] ability: Cheek Pouch\n|-supereffective|p1a: Dedenne\n|-damage|p1a: Dedenne|56/100\n|-supereffective|p1a: Dedenne\n|-damage|p1a: Dedenne|19/100\n|-hitcount|p1a: Dedenne|4\n|move|p1a: Dedenne|U-turn|p2a: Torterra\n|-supereffective|p2a: Torterra\n|-damage|p2a: Torterra|83/276\n|\n|upkeep\n|turn|23\n|inactive|Time left: 300 sec this turn | 300 sec total\n|\n|t:|1783573122\n|move|p2a: Torterra|Bullet Seed|p1a: Dedenne\n|-resisted|p1a: Dedenne\n|-damage|p1a: Dedenne|1/100\n|-resisted|p1a: Dedenne\n|-damage|p1a: Dedenne|0 fnt\n|faint|p1a: Dedenne\n|-hitcount|p1: Dedenne|2\n|\n|win|p0y2873472c", "uploadtime": 1783573122, "views": 0, "rating": 0, "private": 0, "password": null, "_winner": "p0y2873472c", "_our_name": "p0y2873472c"}