{"id": "battle-gen9randombattle-2409", "formatid": "gen9randombattle", "format": "[Gen 9] Random Battle", "players": ["p0x2409ac7b", "p0y24095cea"], "log": "|init|battle\n|title|p0x2409ac7b vs. p0y24095cea\n|j|\u2606p0x2409ac7b\n|j|\u2606p0y24095cea\n|t:|1783567975\n|gametype|singles\n|player|p1|p0x2409ac7b|170|\n|player|p2|p0y24095cea|170|\n|gen|9\n|tier|[Gen 9] Random Battle\n|rule|Species Clause: Limit one of each Pok\u00e9mon\n|rule|HP Percentage Mod: HP is shown in percentages\n|rule|Sleep Clause Mod: Limit one foe put to sleep\n|rule|Illusion Level Mod: Illusion disguises the Pok\u00e9mon's true level\n|\n|t:|1783567975\n|teamsize|p1|6\n|teamsize|p2|6\n|start\n|switch|p1a: Noctowl|Noctowl, L95, M|100/100\n|switch|p2a: Diancie|Diancie, L82|216/216\n|turn|1\n|inactive|Battle timer is ON: inactive players will automatically lose when time's up. (requested by p0y24095cea)\n|inactive|p0x2409ac7b also wants the timer to be on.\n|\n|t:|1783567976\n|move|p1a: Noctowl|Nasty Plot|p1a: Noctowl\n|-boost|p1a: Noctowl|spa|2\n|move|p2a: Diancie|Diamond Storm|p1a: Noctowl\n|-supereffective|p1a: Noctowl\n|-damage|p1a: Noctowl|24/100\n|-boost|p2a: Diancie|def|2\n|\n|upkeep\n|turn|2\n|inactive|Time left: 300 sec this turn | 300 sec total\n|\n|t:|1783567977\n|move|p1a: Noctowl|Roost|p1a: Noctowl\n|-heal|p1a: Noctowl|74/100\n|-singleturn|p1a: Noctowl|move: Roost\n|move|p2a: Diancie|Body Press|p1a: Noctowl\n|-supereffective|p1a: Noctowl\n|-damage|p1a: Noctowl|0 fnt\n|faint|p1a: Noctowl\n|\n|upkeep\n|\n|t:|1783567978\n|switch|p1a: Scovillain|Scovillain, L91, F|100/100\n|turn|3\n|inactive|Time left: 300 sec this turn | 300 sec total\n|\n|t:|1783567979\n|-terastallize|p2a: Diancie|Fighting\n|move|p1a: Scovillain|Energy Ball|p2a: Diancie\n|-damage|p2a: Diancie|96/216\n|move|p2a: Diancie|Body Press|p1a: Scovillain\n|-damage|p1a: Scovillain|1/100\n|\n|-heal|p2a: Diancie|109/216|[from] item: Leftovers\n|upkeep\n|turn|4\n|inactive|Time left: 300 sec this turn | 300 sec total\n|\n|t:|1783567980\n|move|p1a: Scovillain|Energy Ball|p2a: Diancie\n|-damage|p2a: Diancie|0 fnt\n|faint|p2a: Diancie\n|\n|upkeep\n|inactive|Time left: 300 sec this turn | 300 sec total | 5 sec grace\n|\n|t:|1783567981\n|switch|p2a: Vivillon|Vivillon-Continental, L83, F|268/268\n|turn|5\n|inactive|Time left: 300 sec this turn | 300 sec total\n|\n|t:|1783567982\n|move|p2a: Vivillon|Quiver Dance|p2a: Vivillon\n|-boost|p2a: Vivillon|spa|1\n|-boost|p2a: Vivillon|spd|1\n|-boost|p2a: Vivillon|spe|1\n|move|p1a: Scovillain|Energy Ball|p2a: Vivillon\n|-resisted|p2a: Vivillon\n|-damage|p2a: Vivillon|227/268\n|-unboost|p2a: Vivillon|spd|1\n|\n|upkeep\n|turn|6\n|inactive|Time left: 300 sec this turn | 300 sec total\n|\n|t:|1783567983\n|switch|p1a: Corviknight|Corviknight, L80, M|100/100\n|move|p2a: Vivillon|Hurricane|p1a: Corviknight|[miss]\n|-miss|p2a: Vivillon|p1a: Corviknight\n|\n|upkeep\n|turn|7\n|inactive|Time left: 300 sec this turn | 300 sec total\n|\n|t:|1783567985\n|move|p2a: Vivillon|Sleep Powder|p1a: Corviknight\n|-status|p1a: Corviknight|slp|[from] move: Sleep Powder\n|cant|p1a: Corviknight|slp\n|\n|upkeep\n|turn|8\n|inactive|Time left: 300 sec this turn | 300 sec total\n|\n|t:|1783567986\n|move|p2a: Vivillon|Quiver Dance|p2a: Vivillon\n|-boost|p2a: Vivillon|spa|1\n|-boost|p2a: Vivillon|spd|1\n|-boost|p2a: Vivillon|spe|1\n|cant|p1a: Corviknight|slp\n|\n|upkeep\n|turn|9\n|inactive|Time left: 300 sec this turn | 300 sec total\n|\n|t:|1783567987\n|move|p2a: Vivillon|Hurricane|p1a: Corviknight\n|-resisted|p1a: Corviknight\n|-damage|p1a: Corviknight|61/100 slp\n|-start|p1a: Corviknight|confusion\n|cant|p1a: Corviknight|slp\n|\n|-heal|p1a: Corviknight|67/100 slp|[from] item: Leftovers\n|upkeep\n|turn|10\n|inactive|Time left: 300 sec this turn | 300 sec total\n|\n|t:|1783567988\n|move|p2a: Vivillon|Hurricane|p1a: Corviknight\n|-resisted|p1a: Corviknight\n|-damage|p1a: Corviknight|24/100 slp\n|-curestatus|p1a: Corviknight|slp|[msg]\n|-activate|p1a: Corviknight|confusion\n|move|p1a: Corviknight|Brave Bird|p2a: Vivillon\n|-supereffective|p2a: Vivillon\n|-damage|p2a: Vivillon|0 fnt\n|faint|p2a: Vivillon\n|-damage|p1a: Corviknight|0 fnt|[from] Recoil\n|faint|p1a: Corviknight\n|\n|upkeep\n|inactive|Time left: 300 sec this turn | 300 sec total | 5 sec grace\n|\n|t:|1783567990\n|switch|p2a: Torkoal|Torkoal, L88, M|266/266\n|switch|p1a: Greninja|Greninja, L80, M|100/100\n|-weather|SunnyDay|[from] ability: Drought|[of] p2a: Torkoal\n|turn|11\n|inactive|Time left: 300 sec this turn | 300 sec total\n|\n|t:|1783567991\n|move|p1a: Greninja|Dark Pulse|p2a: Torkoal\n|-damage|p2a: Torkoal|144/266\n|-damage|p1a: Greninja|91/100|[from] item: Life Orb\n|move|p2a: Torkoal|Lava Plume|p1a: Greninja\n|-resisted|p1a: Greninja\n|-damage|p1a: Greninja|57/100\n|-status|p1a: Greninja|brn\n|\n|-weather|SunnyDay|[upkeep]\n|-damage|p1a: Greninja|51/100 brn|[from] brn\n|upkeep\n|turn|12\n|inactive|Time left: 300 sec this turn | 300 sec total\n|\n|t:|1783567992\n|switch|p2a: Zarude|Zarude, L77|288/288\n|move|p1a: Greninja|Hydro Pump|p2a: Zarude\n|-resisted|p2a: Zarude\n|-damage|p2a: Zarude|249/288\n|-damage|p1a: Greninja|42/100 brn|[from] item: Life Orb\n|\n|-weather|SunnyDay|[upkeep]\n|-damage|p1a: Greninja|35/100 brn|[from] brn\n|upkeep\n|turn|13\n|inactive|Time left: 300 sec this turn | 300 sec total\n|\n|t:|1783567993\n|move|p1a: Greninja|Ice Beam|p2a: Zarude\n|-supereffective|p2a: Zarude\n|-damage|p2a: Zarude|93/288\n|-damage|p1a: Greninja|26/100 brn|[from] item: Life Orb\n|move|p2a: Zarude|Knock Off|p1a: Greninja\n|-resisted|p1a: Greninja\n|-damage|p1a: Greninja|0 fnt\n|-enditem|p1a: Greninja|Life Orb|[from] move: Knock Off|[of] p2a: Zarude\n|faint|p1a: Greninja\n|\n|-weather|SunnyDay|[upkeep]\n|upkeep\n|\n|t:|1783567994\n|switch|p1a: Scovillain|Scovillain, L91, F|1/100\n|turn|14\n|inactive|Time left: 300 sec this turn | 300 sec total\n|\n|t:|1783567995\n|move|p1a: Scovillain|Flamethrower|p2a: Zarude\n|-supereffective|p2a: Zarude\n|-damage|p2a: Zarude|0 fnt\n|faint|p2a: Zarude\n|\n|-weather|SunnyDay|[upkeep]\n|upkeep\n|inactive|Time left: 300 sec this turn | 300 sec total | 5 sec grace\n|\n|t:|1783567996\n|switch|p2a: Primarina|Primarina, L83, F|268/268\n|turn|15\n|inactive|Time left: 300 sec this turn | 300 sec total\n|\n|t:|1783567997\n|move|p1a: Scovillain|Flamethrower|p2a: Primarina\n|-resisted|p2a: Primarina\n|-damage|p2a: Primarina|164/268\n|move|p2a: Primarina|Moonblast|p1a: Scovillain\n|-resisted|p1a: Scovillain\n|-damage|p1a: Scovillain|0 fnt\n|faint|p1a: Scovillain\n|\n|-weather|none\n|upkeep\n|\n|t:|1783567998\n|switch|p1a: Sandaconda|Sandaconda, L84, M|100/100\n|turn|16\n|inactive|Time left: 300 sec this turn | 300 sec total\n|\n|t:|1783567999\n|move|p1a: Sandaconda|Earthquake|p2a: Primarina\n|-damage|p2a: Primarina|43/268\n|move|p2a: Primarina|Moonblast|p1a: Sandaconda\n|-damage|p1a: Sandaconda|16/100\n|-unboost|p1a: Sandaconda|spa|1\n|\n|upkeep\n|turn|17\n|inactive|Time left: 300 sec this turn | 300 sec total\n|\n|t:|1783568000\n|move|p1a: Sandaconda|Earthquake|p2a: Primarina\n|-damage|p2a: Primarina|0 fnt\n|faint|p2a: Primarina\n|\n|upkeep\n|inactive|Time left: 300 sec this turn | 300 sec total | 5 sec grace\n|\n|t:|1783568001\n|switch|p2a: Veluza|Veluza, L85, M|292/292\n|turn|18\n|inactive|Time left: 300 sec this turn | 300 sec total\n|\n|t:|1783568002\n|move|p2a: Veluza|Fillet Away|p2a: Veluza\n|-boost|p2a: Veluza|atk|2\n|-boost|p2a: Veluza|spa|2\n|-boost|p2a: Veluza|spe|2\n|-damage|p2a: Veluza|146/292\n|-enditem|p2a: Veluza|Sitrus Berry|[eat]\n|-heal|p2a: Veluza|219/292|[from] item: Sitrus Berry\n|move|p1a: Sandaconda|Scale Shot|p2a: Veluza\n|-damage|p2a: Veluza|196/292\n|-damage|p2a: Veluza|175/292\n|-damage|p2a: Veluza|151/292\n|-damage|p2a: Veluza|129/292\n|-hitcount|p2a: Veluza|4\n|-unboost|p1a: Sandaconda|def|1\n|-boost|p1a: Sandaconda|spe|1\n|\n|upkeep\n|turn|19\n|inactive|Time left: 300 sec this turn | 300 sec total\n|\n|t:|1783568003\n|move|p2a: Veluza|Psycho Cut|p1a: Sandaconda\n|-damage|p1a: Sandaconda|0 fnt\n|faint|p1a: Sandaconda\n|\n|upkeep\n|\n|t:|1783568003\n|switch|p1a: Kleavor|Kleavor, L78, M|100/100\n|turn|20\n|inactive|Time left: 300 sec this turn | 300 sec total\n|\n|t:|1783568004\n|-terastallize|p1a: Kleavor|Bug\n|move|p2a: Veluza|Aqua Cutter|p1a: Kleavor\n|-damage|p1a: Kleavor|0 fnt\n|faint|p1a: Kleavor\n|\n|win|p0y24095cea", "uploadtime": 1783568004, "views": 0, "rating": 0, "private": 0, "password": null, "_winner": "p0y24095cea", "_our_name": "p0y24095cea"}