{"id": "battle-gen9randombattle-2837", "formatid": "gen9randombattle", "format": "[Gen 9] Random Battle", "players": ["p0x283780e9", "p0y2837efea"], "log": "|init|battle\n|title|p0x283780e9 vs. p0y2837efea\n|j|\u2606p0x283780e9\n|j|\u2606p0y2837efea\n|t:|1783571702\n|gametype|singles\n|player|p1|p0x283780e9|170|\n|player|p2|p0y2837efea|2|\n|gen|9\n|tier|[Gen 9] Random Battle\n|rule|Species Clause: Limit one of each Pok\u00e9mon\n|rule|HP Percentage Mod: HP is shown in percentages\n|rule|Sleep Clause Mod: Limit one foe put to sleep\n|rule|Illusion Level Mod: Illusion disguises the Pok\u00e9mon's true level\n|\n|t:|1783571702\n|teamsize|p1|6\n|teamsize|p2|6\n|start\n|switch|p1a: Thundurus|Thundurus-Therian, L80, M|258/258\n|switch|p2a: Raichu|Raichu, L88, F|100/100\n|turn|1\n|inactive|Battle timer is ON: inactive players will automatically lose when time's up. (requested by p0y2837efea)\n|inactive|Time left: 300 sec this turn | 300 sec total | 60 sec grace\n|inactive|p0x283780e9 also wants the timer to be on.\n|\n|t:|1783571704\n|move|p1a: Thundurus|Sludge Wave|p2a: Raichu\n|-damage|p2a: Raichu|65/100\n|move|p2a: Raichu|Alluring Voice|p1a: Thundurus\n|-damage|p1a: Thundurus|162/258\n|\n|upkeep\n|turn|2\n|inactive|Time left: 300 sec this turn | 300 sec total\n|\n|t:|1783571707\n|move|p1a: Thundurus|Sludge Wave|p2a: Raichu\n|-damage|p2a: Raichu|32/100\n|move|p2a: Raichu|Alluring Voice|p1a: Thundurus\n|-damage|p1a: Thundurus|57/258\n|\n|upkeep\n|turn|3\n|inactive|Time left: 300 sec this turn | 300 sec total\n|\n|t:|1783571709\n|switch|p2a: Toxtricity|Toxtricity, L82, M|100/100\n|move|p1a: Thundurus|Sludge Wave|p2a: Toxtricity\n|-resisted|p2a: Toxtricity\n|-damage|p2a: Toxtricity|82/100\n|\n|upkeep\n|turn|4\n|inactive|Time left: 300 sec this turn | 300 sec total\n|\n|t:|1783571710\n|move|p1a: Thundurus|Sludge Wave|p2a: Toxtricity\n|-resisted|p2a: Toxtricity\n|-damage|p2a: Toxtricity|60/100\n|move|p2a: Toxtricity|Boomburst|p1a: Thundurus\n|-damage|p1a: Thundurus|0 fnt\n|faint|p1a: Thundurus\n|-enditem|p2a: Toxtricity|Throat Spray\n|-boost|p2a: Toxtricity|spa|1|[from] item: Throat Spray\n|\n|upkeep\n|inactive|Time left: 300 sec this turn | 300 sec total | 5 sec grace\n|\n|t:|1783571711\n|switch|p1a: Ambipom|Ambipom, L84, F|263/263\n|turn|5\n|inactive|Time left: 300 sec this turn | 300 sec total\n|\n|t:|1783571712\n|move|p1a: Ambipom|Triple Axel|p2a: Toxtricity\n|-damage|p2a: Toxtricity|45/100\n|-damage|p2a: Toxtricity|13/100\n|-damage|p2a: Toxtricity|0 fnt\n|faint|p2a: Toxtricity\n|-hitcount|p2: Toxtricity|3\n|\n|upkeep\n|\n|t:|1783571713\n|switch|p2a: Weavile|Weavile, L79, F|100/100\n|turn|6\n|inactive|Time left: 300 sec this turn | 300 sec total\n|\n|t:|1783571714\n|move|p2a: Weavile|Knock Off|p1a: Ambipom\n|-damage|p1a: Ambipom|80/263\n|-enditem|p1a: Ambipom|Choice Band|[from] move: Knock Off|[of] p2a: Weavile\n|move|p1a: Ambipom|Triple Axel|p2a: Weavile\n|-resisted|p2a: Weavile\n|-damage|p2a: Weavile|95/100\n|-hitcount|p2a: Weavile|1\n|\n|upkeep\n|turn|7\n|inactive|Time left: 300 sec this turn | 300 sec total\n|\n|t:|1783571716\n|move|p2a: Weavile|Knock Off|p1a: Ambipom\n|-damage|p1a: Ambipom|0 fnt\n|faint|p1a: Ambipom\n|\n|upkeep\n|inactive|Time left: 300 sec this turn | 300 sec total | 5 sec grace\n|\n|t:|1783571717\n|switch|p1a: Revavroom|Revavroom, L79, F|256/256\n|turn|8\n|inactive|Time left: 300 sec this turn | 300 sec total\n|\n|t:|1783571718\n|move|p2a: Weavile|Knock Off|p1a: Revavroom\n|-damage|p1a: Revavroom|96/256\n|-enditem|p1a: Revavroom|Life Orb|[from] move: Knock Off|[of] p2a: Weavile\n|move|p1a: Revavroom|Shift Gear|p1a: Revavroom\n|-boost|p1a: Revavroom|spe|2\n|-boost|p1a: Revavroom|atk|1\n|\n|upkeep\n|turn|9\n|inactive|Time left: 300 sec this turn | 300 sec total\n|\n|t:|1783571719\n|switch|p2a: Whiscash|Whiscash, L88, M|100/100\n|move|p1a: Revavroom|Iron Head|p2a: Whiscash\n|-resisted|p2a: Whiscash\n|-damage|p2a: Whiscash|80/100\n|\n|upkeep\n|turn|10\n|inactive|Time left: 300 sec this turn | 300 sec total\n|\n|t:|1783571720\n|move|p1a: Revavroom|Iron Head|p2a: Whiscash\n|-resisted|p2a: Whiscash\n|-damage|p2a: Whiscash|59/100\n|move|p2a: Whiscash|Liquidation|p1a: Revavroom\n|-damage|p1a: Revavroom|0 fnt\n|faint|p1a: Revavroom\n|-damage|p2a: Whiscash|49/100|[from] item: Life Orb\n|\n|upkeep\n|inactive|Time left: 300 sec this turn | 300 sec total | 5 sec grace\n|\n|t:|1783571721\n|switch|p1a: Hawlucha|Hawlucha, L80, M|256/256\n|turn|11\n|inactive|Time left: 300 sec this turn | 300 sec total\n|\n|t:|1783571722\n|move|p1a: Hawlucha|Swords Dance|p1a: Hawlucha\n|-boost|p1a: Hawlucha|atk|2\n|move|p2a: Whiscash|Liquidation|p1a: Hawlucha\n|-damage|p1a: Hawlucha|120/256\n|-unboost|p1a: Hawlucha|def|1\n|-damage|p2a: Whiscash|39/100|[from] item: Life Orb\n|-enditem|p1a: Hawlucha|White Herb\n|-clearnegativeboost|p1a: Hawlucha|[silent]\n|\n|upkeep\n|turn|12\n|inactive|Time left: 300 sec this turn | 300 sec total\n|\n|t:|1783571722\n|switch|p2a: Weezing|Weezing-Galar, L86, M|100/100\n|move|p1a: Hawlucha|Close Combat|p2a: Weezing\n|-resisted|p2a: Weezing\n|-damage|p2a: Weezing|84/100\n|-unboost|p1a: Hawlucha|def|1\n|-unboost|p1a: Hawlucha|spd|1\n|\n|-heal|p2a: Weezing|90/100|[from] item: Leftovers\n|upkeep\n|turn|13\n|inactive|Time left: 300 sec this turn | 300 sec total\n|\n|t:|1783571724\n|move|p1a: Hawlucha|Brave Bird|p2a: Weezing\n|-crit|p2a: Weezing\n|-damage|p2a: Weezing|0 fnt\n|faint|p2a: Weezing\n|-damage|p1a: Hawlucha|45/256|[from] Recoil\n|\n|upkeep\n|\n|t:|1783571724\n|switch|p2a: Weavile|Weavile, L79, F|95/100\n|turn|14\n|inactive|Time left: 300 sec this turn | 300 sec total\n|\n|t:|1783571725\n|move|p2a: Weavile|Ice Shard|p1a: Hawlucha\n|-supereffective|p1a: Hawlucha\n|-damage|p1a: Hawlucha|0 fnt\n|faint|p1a: Hawlucha\n|\n|upkeep\n|inactive|Time left: 300 sec this turn | 300 sec total | 5 sec grace\n|\n|t:|1783571726\n|switch|p1a: Duraludon|Duraludon, L82, M|249/249\n|turn|15\n|inactive|Time left: 300 sec this turn | 300 sec total\n|\n|t:|1783571727\n|switch|p2a: Dragapult|Dragapult, L77, F|100/100\n|move|p1a: Duraludon|Body Press|p2a: Dragapult\n|-immune|p2a: Dragapult\n|\n|upkeep\n|turn|16\n|inactive|Time left: 300 sec this turn | 300 sec total\n|\n|t:|1783571728\n|move|p2a: Dragapult|Draco Meteor|p1a: Duraludon\n|-damage|p1a: Duraludon|74/249\n|-unboost|p2a: Dragapult|spa|2\n|move|p1a: Duraludon|Draco Meteor|p2a: Dragapult\n|-supereffective|p2a: Dragapult\n|-damage|p2a: Dragapult|0 fnt\n|-unboost|p1a: Duraludon|spa|2\n|faint|p2a: Dragapult\n|\n|upkeep\n|\n|t:|1783571729\n|switch|p2a: Weavile|Weavile, L79, F|95/100\n|turn|17\n|inactive|Time left: 300 sec this turn | 300 sec total\n|\n|t:|1783571730\n|move|p2a: Weavile|Triple Axel|p1a: Duraludon\n|-damage|p1a: Duraludon|53/249\n|-damage|p1a: Duraludon|17/249\n|-damage|p1a: Duraludon|0 fnt\n|faint|p1a: Duraludon\n|-hitcount|p1: Duraludon|3\n|\n|upkeep\n|inactive|Time left: 300 sec this turn | 300 sec total | 5 sec grace\n|\n|t:|1783571731\n|switch|p1a: Volbeat|Volbeat, L90, M|263/263\n|turn|18\n|inactive|Time left: 300 sec this turn | 300 sec total\n|\n|t:|1783571731\n|-terastallize|p1a: Volbeat|Steel\n|move|p2a: Weavile|Triple Axel|p1a: Volbeat\n|-resisted|p1a: Volbeat\n|-damage|p1a: Volbeat|245/263\n|-resisted|p1a: Volbeat\n|-damage|p1a: Volbeat|212/263\n|-resisted|p1a: Volbeat\n|-damage|p1a: Volbeat|158/263\n|-hitcount|p1a: Volbeat|3\n|move|p1a: Volbeat|U-turn|p2a: Weavile\n|-supereffective|p2a: Weavile\n|-damage|p2a: Weavile|24/100\n|\n|upkeep\n|turn|19\n|inactive|Time left: 300 sec this turn | 300 sec total\n|\n|t:|1783571732\n|move|p1a: Volbeat|Thunder Wave|p2a: Weavile\n|-hint|Since gen 7, Dark is immune to Prankster moves.\n|-immune|p2a: Weavile\n|move|p2a: Weavile|Triple Axel|p1a: Volbeat\n|-resisted|p1a: Volbeat\n|-crit|p1a: Volbeat\n|-damage|p1a: Volbeat|133/263\n|-resisted|p1a: Volbeat\n|-damage|p1a: Volbeat|100/263\n|-resisted|p1a: Volbeat\n|-damage|p1a: Volbeat|51/263\n|-hitcount|p1a: Volbeat|3\n|\n|upkeep\n|turn|20\n|inactive|Time left: 300 sec this turn | 300 sec total\n|\n|t:|1783571733\n|-terastallize|p2a: Weavile|Dark\n|move|p1a: Volbeat|Thunder Wave|p2a: Weavile\n|-hint|Since gen 7, Dark is immune to Prankster moves.\n|-immune|p2a: Weavile\n|move|p2a: Weavile|Triple Axel|p1a: Volbeat\n|-resisted|p1a: Volbeat\n|-damage|p1a: Volbeat|35/263\n|-resisted|p1a: Volbeat\n|-damage|p1a: Volbeat|0 fnt\n|faint|p1a: Volbeat\n|-hitcount|p1: Volbeat|2\n|\n|win|p0y2837efea", "uploadtime": 1783571733, "views": 0, "rating": 0, "private": 0, "password": null, "_winner": "p0y2837efea", "_our_name": "p0x283780e9"}