{"id": "battle-gen9randombattle-288", "formatid": "gen9randombattle", "format": "[Gen 9] Random Battle", "players": ["p0x2885302", "p0y288a252"], "log": "|init|battle\n|title|p0x2885302 vs. p0y288a252\n|j|\u2606p0x2885302\n|j|\u2606p0y288a252\n|t:|1783542921\n|gametype|singles\n|player|p1|p0x2885302|265|\n|player|p2|p0y288a252|265|\n|gen|9\n|tier|[Gen 9] Random Battle\n|rule|Species Clause: Limit one of each Pok\u00e9mon\n|rule|HP Percentage Mod: HP is shown in percentages\n|rule|Sleep Clause Mod: Limit one foe put to sleep\n|rule|Illusion Level Mod: Illusion disguises the Pok\u00e9mon's true level\n|\n|t:|1783542921\n|teamsize|p1|6\n|teamsize|p2|6\n|start\n|switch|p1a: Toxicroak|Toxicroak, L84, F|277/277\n|switch|p2a: Staraptor|Staraptor, L79, M|100/100\n|turn|1\n|inactive|Battle timer is ON: inactive players will automatically lose when time's up. (requested by p0y288a252)\n|inactive|Time left: 300 sec this turn | 300 sec total | 60 sec grace\n|\n|t:|1783542923\n|switch|p1a: Perrserker|Perrserker, L89, F|269/269\n|move|p2a: Staraptor|Brave Bird|p1a: Perrserker\n|-resisted|p1a: Perrserker\n|-damage|p1a: Perrserker|164/269\n|-damage|p2a: Staraptor|87/100|[from] Recoil\n|\n|upkeep\n|turn|2\n|inactive|Time left: 300 sec this turn | 300 sec total\n|inactive|p0x2885302 also wants the timer to be on.\n|\n|t:|1783542924\n|move|p2a: Staraptor|Brave Bird|p1a: Perrserker\n|-resisted|p1a: Perrserker\n|-damage|p1a: Perrserker|57/269\n|-damage|p2a: Staraptor|74/100|[from] Recoil\n|move|p1a: Perrserker|Iron Head|p2a: Staraptor\n|-damage|p2a: Staraptor|0 fnt\n|faint|p2a: Staraptor\n|\n|upkeep\n|\n|t:|1783542924\n|switch|p2a: Groudon|Groudon, L72|100/100\n|-weather|SunnyDay|[from] ability: Drought|[of] p2a: Groudon\n|turn|3\n|inactive|Time left: 300 sec this turn | 300 sec total\n|\n|t:|1783542926\n|move|p2a: Groudon|Heat Crash|p1a: Perrserker\n|-supereffective|p1a: Perrserker\n|-damage|p1a: Perrserker|0 fnt\n|faint|p1a: Perrserker\n|\n|-weather|SunnyDay|[upkeep]\n|upkeep\n|inactive|Time left: 300 sec this turn | 300 sec total | 5 sec grace\n|\n|t:|1783542927\n|switch|p1a: Haxorus|Haxorus, L77, M|244/244\n|-ability|p1a: Haxorus|Mold Breaker\n|turn|4\n|inactive|Time left: 300 sec this turn | 300 sec total\n|\n|t:|1783542928\n|move|p1a: Haxorus|Outrage|p2a: Groudon\n|-damage|p2a: Groudon|52/100\n|move|p2a: Groudon|Precipice Blades|p1a: Haxorus\n|-damage|p1a: Haxorus|99/244\n|\n|-weather|SunnyDay|[upkeep]\n|-heal|p2a: Groudon|58/100|[from] item: Leftovers\n|upkeep\n|turn|5\n|inactive|Time left: 300 sec this turn | 300 sec total\n|\n|t:|1783542929\n|switch|p2a: Grimmsnarl|Grimmsnarl, L83, M|100/100\n|move|p1a: Haxorus|Outrage|p2a: Grimmsnarl|[from] lockedmove\n|-immune|p2a: Grimmsnarl\n|\n|-weather|SunnyDay|[upkeep]\n|upkeep\n|turn|6\n|inactive|Time left: 300 sec this turn | 300 sec total\n|\n|t:|1783542931\n|move|p1a: Haxorus|Iron Head|p2a: Grimmsnarl\n|-supereffective|p2a: Grimmsnarl\n|-damage|p2a: Grimmsnarl|47/100\n|move|p2a: Grimmsnarl|Spirit Break|p1a: Haxorus\n|-supereffective|p1a: Haxorus\n|-damage|p1a: Haxorus|0 fnt\n|faint|p1a: Haxorus\n|\n|-weather|SunnyDay|[upkeep]\n|upkeep\n|inactive|Time left: 300 sec this turn | 300 sec total | 5 sec grace\n|\n|t:|1783542932\n|switch|p1a: Kleavor|Kleavor, L78, M|237/237\n|turn|7\n|inactive|Time left: 300 sec this turn | 300 sec total\n|\n|t:|1783542933\n|move|p2a: Grimmsnarl|Reflect|p2a: Grimmsnarl\n|-sidestart|p2: p0y288a252|Reflect\n|move|p1a: Kleavor|Stone Axe|p2a: Grimmsnarl\n|-damage|p2a: Grimmsnarl|21/100\n|-sidestart|p2: p0y288a252|move: Stealth Rock\n|\n|-weather|none\n|upkeep\n|turn|8\n|inactive|Time left: 300 sec this turn | 300 sec total\n|\n|t:|1783542934\n|move|p2a: Grimmsnarl|Light Screen|p2a: Grimmsnarl\n|-sidestart|p2: p0y288a252|move: Light Screen\n|move|p1a: Kleavor|X-Scissor|p2a: Grimmsnarl\n|-damage|p2a: Grimmsnarl|0 fnt\n|faint|p2a: Grimmsnarl\n|\n|upkeep\n|\n|t:|1783542935\n|switch|p2a: Revavroom|Revavroom, L79, M|100/100\n|-damage|p2a: Revavroom|94/100|[from] Stealth Rock\n|turn|9\n|inactive|Time left: 300 sec this turn | 300 sec total\n|\n|t:|1783542936\n|switch|p1a: Garchomp|Garchomp, L74, F|282/282\n|move|p2a: Revavroom|Shift Gear|p2a: Revavroom\n|-boost|p2a: Revavroom|spe|2\n|-boost|p2a: Revavroom|atk|1\n|\n|upkeep\n|turn|10\n|inactive|Time left: 300 sec this turn | 300 sec total\n|\n|t:|1783542937\n|-terastallize|p2a: Revavroom|Ground\n|move|p2a: Revavroom|Shift Gear|p2a: Revavroom\n|-boost|p2a: Revavroom|spe|2\n|-boost|p2a: Revavroom|atk|1\n|move|p1a: Garchomp|Earthquake|p2a: Revavroom\n|-damage|p2a: Revavroom|72/100\n|\n|upkeep\n|turn|11\n|inactive|Time left: 300 sec this turn | 300 sec total\n|\n|t:|1783542938\n|move|p2a: Revavroom|High Horsepower|p1a: Garchomp\n|-damage|p1a: Garchomp|4/282\n|-damage|p2a: Revavroom|60/100|[from] ability: Rough Skin|[of] p1a: Garchomp\n|-damage|p2a: Revavroom|50/100|[from] item: Life Orb\n|move|p1a: Garchomp|Earthquake|p2a: Revavroom\n|-damage|p2a: Revavroom|27/100\n|\n|upkeep\n|turn|12\n|inactive|Time left: 300 sec this turn | 300 sec total\n|\n|t:|1783542939\n|-terastallize|p1a: Garchomp|Steel\n|move|p2a: Revavroom|Gunk Shot|p1a: Garchomp\n|-immune|p1a: Garchomp\n|move|p1a: Garchomp|Earthquake|p2a: Revavroom\n|-damage|p2a: Revavroom|5/100\n|\n|upkeep\n|turn|13\n|inactive|Time left: 300 sec this turn | 300 sec total\n|\n|t:|1783542940\n|move|p2a: Revavroom|Iron Head|p1a: Garchomp\n|-resisted|p1a: Garchomp\n|-damage|p1a: Garchomp|0 fnt\n|-damage|p2a: Revavroom|0 fnt|[from] ability: Rough Skin|[of] p1a: Garchomp\n|faint|p1a: Garchomp\n|faint|p2a: Revavroom\n|\n|upkeep\n|inactive|Time left: 300 sec this turn | 300 sec total | 5 sec grace\n|\n|t:|1783542941\n|switch|p1a: Kleavor|Kleavor, L78, M|237/237\n|switch|p2a: Groudon|Groudon, L72|58/100\n|-damage|p2a: Groudon|52/100|[from] Stealth Rock\n|-weather|SunnyDay|[from] ability: Drought|[of] p2a: Groudon\n|turn|14\n|inactive|Time left: 300 sec this turn | 300 sec total\n|\n|t:|1783542942\n|move|p1a: Kleavor|X-Scissor|p2a: Groudon\n|-damage|p2a: Groudon|32/100\n|move|p2a: Groudon|Will-O-Wisp|p1a: Kleavor\n|-status|p1a: Kleavor|brn\n|\n|-weather|SunnyDay|[upkeep]\n|-heal|p2a: Groudon|38/100|[from] item: Leftovers\n|-damage|p1a: Kleavor|223/237 brn|[from] brn\n|-sideend|p2: p0y288a252|Reflect\n|upkeep\n|turn|15\n|inactive|Time left: 300 sec this turn | 300 sec total\n|\n|t:|1783542942\n|move|p1a: Kleavor|X-Scissor|p2a: Groudon\n|-damage|p2a: Groudon|15/100\n|move|p2a: Groudon|Stone Edge|p1a: Kleavor\n|-supereffective|p1a: Kleavor\n|-crit|p1a: Kleavor\n|-damage|p1a: Kleavor|1/237 brn\n|\n|-weather|SunnyDay|[upkeep]\n|-heal|p2a: Groudon|21/100|[from] item: Leftovers\n|-damage|p1a: Kleavor|0 fnt|[from] brn\n|faint|p1a: Kleavor\n|-sideend|p2: p0y288a252|move: Light Screen\n|upkeep\n|inactive|Time left: 300 sec this turn | 300 sec total | 5 sec grace\n|\n|t:|1783542943\n|switch|p1a: Meowscarada|Meowscarada, L78, M|247/247\n|turn|16\n|inactive|Time left: 300 sec this turn | 300 sec total\n|\n|t:|1783542944\n|move|p1a: Meowscarada|U-turn|p2a: Groudon\n|-start|p1a: Meowscarada|typechange|Bug|[from] ability: Protean\n|-damage|p2a: Groudon|0 fnt\n|faint|p2a: Groudon\n|inactive|Time left: 300 sec this turn | 300 sec total | 5 sec grace\n|\n|t:|1783542945\n|switch|p1a: Toxicroak|Toxicroak, L84, F|277/277|[from] U-turn\n|\n|-weather|SunnyDay|[upkeep]\n|-damage|p1a: Toxicroak|243/277|[from] ability: Dry Skin|[of] p1a: Toxicroak\n|upkeep\n|\n|t:|1783542946\n|switch|p2a: Floatzel|Floatzel, L86, F|100/100\n|-damage|p2a: Floatzel|88/100|[from] Stealth Rock\n|turn|17\n|inactive|Time left: 300 sec this turn | 300 sec total\n|\n|t:|1783542947\n|move|p2a: Floatzel|Ice Spinner|p1a: Toxicroak\n|-damage|p1a: Toxicroak|119/277\n|move|p1a: Toxicroak|Swords Dance|p1a: Toxicroak\n|-boost|p1a: Toxicroak|atk|2\n|\n|-weather|SunnyDay|[upkeep]\n|-damage|p1a: Toxicroak|85/277|[from] ability: Dry Skin|[of] p1a: Toxicroak\n|upkeep\n|turn|18\n|inactive|Time left: 300 sec this turn | 300 sec total\n|\n|t:|1783542948\n|move|p1a: Toxicroak|Sucker Punch|p2a: Floatzel\n|-damage|p2a: Floatzel|27/100\n|-damage|p1a: Toxicroak|58/277|[from] item: Life Orb\n|move|p2a: Floatzel|Ice Spinner|p1a: Toxicroak\n|-damage|p1a: Toxicroak|0 fnt\n|faint|p1a: Toxicroak\n|\n|-weather|none\n|upkeep\n|inactive|Time left: 300 sec this turn | 300 sec total | 5 sec grace\n|\n|t:|1783542948\n|switch|p1a: Meowscarada|Meowscarada, L78, M|247/247\n|turn|19\n|inactive|Time left: 300 sec this turn | 300 sec total\n|\n|t:|1783542949\n|move|p2a: Floatzel|Ice Spinner|p1a: Meowscarada\n|-supereffective|p1a: Meowscarada\n|-damage|p1a: Meowscarada|13/247\n|move|p1a: Meowscarada|Toxic Spikes|p2a: Floatzel\n|-start|p1a: Meowscarada|typechange|Poison|[from] ability: Protean\n|-sidestart|p2: p0y288a252|move: Toxic Spikes\n|\n|upkeep\n|turn|20\n|inactive|Time left: 300 sec this turn | 300 sec total\n|\n|t:|1783542950\n|move|p2a: Floatzel|Ice Spinner|p1a: Meowscarada\n|-damage|p1a: Meowscarada|0 fnt\n|faint|p1a: Meowscarada\n|\n|win|p0y288a252", "uploadtime": 1783542950, "views": 0, "rating": 0, "private": 0, "password": null, "_winner": "p0y288a252", "_our_name": "p0x2885302"}