{"id": "battle-gen9randombattle-1728", "formatid": "gen9randombattle", "format": "[Gen 9] Random Battle", "players": ["p0x1728e65c", "p0y1728e777"], "log": "|init|battle\n|title|p0x1728e65c vs. p0y1728e777\n|j|\u2606p0x1728e65c\n|j|\u2606p0y1728e777\n|t:|1783560001\n|gametype|singles\n|player|p1|p0x1728e65c|102|\n|player|p2|p0y1728e777|1|\n|gen|9\n|tier|[Gen 9] Random Battle\n|rule|Species Clause: Limit one of each Pok\u00e9mon\n|rule|HP Percentage Mod: HP is shown in percentages\n|rule|Sleep Clause Mod: Limit one foe put to sleep\n|rule|Illusion Level Mod: Illusion disguises the Pok\u00e9mon's true level\n|\n|t:|1783560001\n|teamsize|p1|6\n|teamsize|p2|6\n|start\n|switch|p1a: Shiftry|Shiftry, L89, F|100/100\n|switch|p2a: Spiritomb|Spiritomb, L89, M|234/234\n|turn|1\n|inactive|Battle timer is ON: inactive players will automatically lose when time's up. (requested by p0y1728e777)\n|inactive|p0x1728e65c also wants the timer to be on.\n|\n|t:|1783560002\n|move|p1a: Shiftry|Knock Off|p2a: Spiritomb\n|-damage|p2a: Spiritomb|113/234\n|-enditem|p2a: Spiritomb|Choice Band|[from] move: Knock Off|[of] p1a: Shiftry\n|-damage|p1a: Shiftry|91/100|[from] item: Life Orb\n|move|p2a: Spiritomb|Foul Play|p1a: Shiftry\n|-resisted|p1a: Shiftry\n|-damage|p1a: Shiftry|69/100\n|\n|upkeep\n|turn|2\n|inactive|Time left: 300 sec this turn | 300 sec total\n|\n|t:|1783560003\n|move|p1a: Shiftry|Knock Off|p2a: Spiritomb\n|-damage|p2a: Spiritomb|31/234\n|-damage|p1a: Shiftry|60/100|[from] item: Life Orb\n|move|p2a: Spiritomb|Foul Play|p1a: Shiftry\n|-resisted|p1a: Shiftry\n|-damage|p1a: Shiftry|35/100\n|\n|upkeep\n|turn|3\n|inactive|Time left: 300 sec this turn | 300 sec total\n|\n|t:|1783560004\n|move|p1a: Shiftry|Knock Off|p2a: Spiritomb\n|-damage|p2a: Spiritomb|0 fnt\n|faint|p2a: Spiritomb\n|-damage|p1a: Shiftry|25/100|[from] item: Life Orb\n|\n|upkeep\n|inactive|Time left: 300 sec this turn | 300 sec total | 5 sec grace\n|\n|t:|1783560005\n|switch|p2a: Dunsparce|Dunsparce, L86, F|312/312\n|turn|4\n|inactive|Time left: 300 sec this turn | 300 sec total\n|\n|t:|1783560006\n|move|p1a: Shiftry|Knock Off|p2a: Dunsparce\n|-damage|p2a: Dunsparce|190/312\n|-enditem|p2a: Dunsparce|Eviolite|[from] move: Knock Off|[of] p1a: Shiftry\n|-damage|p1a: Shiftry|15/100|[from] item: Life Orb\n|move|p2a: Dunsparce|Body Slam|p1a: Shiftry\n|-damage|p1a: Shiftry|0 fnt\n|faint|p1a: Shiftry\n|\n|upkeep\n|\n|t:|1783560007\n|switch|p1a: Glalie|Glalie, L96, F|100/100\n|turn|5\n|inactive|Time left: 300 sec this turn | 300 sec total\n|\n|t:|1783560008\n|move|p1a: Glalie|Freeze-Dry|p2a: Dunsparce\n|-damage|p2a: Dunsparce|93/312\n|-status|p2a: Dunsparce|frz\n|cant|p2a: Dunsparce|frz\n|\n|upkeep\n|turn|6\n|inactive|Time left: 300 sec this turn | 300 sec total\n|\n|t:|1783560008\n|move|p1a: Glalie|Freeze-Dry|p2a: Dunsparce\n|-damage|p2a: Dunsparce|0 fnt\n|faint|p2a: Dunsparce\n|\n|upkeep\n|inactive|Time left: 300 sec this turn | 300 sec total | 5 sec grace\n|\n|t:|1783560009\n|switch|p2a: Wo-Chien|Wo-Chien, L83|277/277\n|-ability|p2a: Wo-Chien|Tablets of Ruin\n|turn|7\n|inactive|Time left: 300 sec this turn | 300 sec total\n|\n|t:|1783560010\n|move|p1a: Glalie|Freeze-Dry|p2a: Wo-Chien\n|-supereffective|p2a: Wo-Chien\n|-damage|p2a: Wo-Chien|157/277\n|-status|p2a: Wo-Chien|frz\n|-curestatus|p2a: Wo-Chien|frz|[msg]\n|move|p2a: Wo-Chien|Ruination|p1a: Glalie\n|-damage|p1a: Glalie|51/100\n|\n|-heal|p2a: Wo-Chien|174/277|[from] item: Leftovers\n|upkeep\n|turn|8\n|inactive|Time left: 300 sec this turn | 300 sec total\n|\n|t:|1783560011\n|move|p1a: Glalie|Freeze-Dry|p2a: Wo-Chien\n|-supereffective|p2a: Wo-Chien\n|-damage|p2a: Wo-Chien|48/277\n|-status|p2a: Wo-Chien|frz\n|cant|p2a: Wo-Chien|frz\n|\n|-heal|p2a: Wo-Chien|65/277 frz|[from] item: Leftovers\n|upkeep\n|turn|9\n|inactive|Time left: 300 sec this turn | 300 sec total\n|\n|t:|1783560012\n|move|p1a: Glalie|Spikes|p2a: Wo-Chien\n|-sidestart|p2: p0y1728e777|Spikes\n|cant|p2a: Wo-Chien|frz\n|\n|-heal|p2a: Wo-Chien|82/277 frz|[from] item: Leftovers\n|upkeep\n|turn|10\n|inactive|Time left: 300 sec this turn | 300 sec total\n|\n|t:|1783560013\n|move|p1a: Glalie|Freeze-Dry|p2a: Wo-Chien\n|-supereffective|p2a: Wo-Chien\n|-crit|p2a: Wo-Chien\n|-damage|p2a: Wo-Chien|0 fnt\n|faint|p2a: Wo-Chien\n|\n|upkeep\n|inactive|Time left: 300 sec this turn | 300 sec total | 5 sec grace\n|\n|t:|1783560013\n|switch|p2a: Hypno|Hypno, L95, F|315/315\n|-damage|p2a: Hypno|276/315|[from] Spikes\n|turn|11\n|inactive|Time left: 300 sec this turn | 300 sec total\n|\n|t:|1783560014\n|move|p1a: Glalie|Freeze-Dry|p2a: Hypno\n|-damage|p2a: Hypno|218/315\n|move|p2a: Hypno|Knock Off|p1a: Glalie\n|-damage|p1a: Glalie|30/100\n|-enditem|p1a: Glalie|Heavy-Duty Boots|[from] move: Knock Off|[of] p2a: Hypno\n|\n|-heal|p2a: Hypno|237/315|[from] item: Leftovers\n|upkeep\n|turn|12\n|inactive|Time left: 300 sec this turn | 300 sec total\n|\n|t:|1783560015\n|move|p1a: Glalie|Freeze-Dry|p2a: Hypno\n|-damage|p2a: Hypno|176/315\n|move|p2a: Hypno|Knock Off|p1a: Glalie\n|-damage|p1a: Glalie|14/100\n|\n|-heal|p2a: Hypno|195/315|[from] item: Leftovers\n|upkeep\n|turn|13\n|inactive|Time left: 300 sec this turn | 300 sec total\n|\n|t:|1783560016\n|move|p1a: Glalie|Earthquake|p2a: Hypno\n|-damage|p2a: Hypno|114/315\n|move|p2a: Hypno|Psychic Noise|p1a: Glalie\n|-damage|p1a: Glalie|0 fnt\n|faint|p1a: Glalie\n|\n|-heal|p2a: Hypno|133/315|[from] item: Leftovers\n|upkeep\n|\n|t:|1783560017\n|switch|p1a: Minun|Minun, L95, M|100/100\n|turn|14\n|inactive|Time left: 300 sec this turn | 300 sec total\n|\n|t:|1783560018\n|move|p1a: Minun|Nasty Plot|p1a: Minun\n|-boost|p1a: Minun|spa|2\n|move|p2a: Hypno|Toxic|p1a: Minun\n|-status|p1a: Minun|tox\n|\n|-heal|p2a: Hypno|152/315|[from] item: Leftovers\n|-damage|p1a: Minun|95/100 tox|[from] psn\n|upkeep\n|turn|15\n|inactive|Time left: 300 sec this turn | 300 sec total\n|\n|t:|1783560019\n|switch|p2a: Landorus|Landorus-Therian, L76, M|260/260\n|-ability|p2a: Landorus|Intimidate|boost\n|-unboost|p1a: Minun|atk|1\n|move|p1a: Minun|Thunderbolt|p2a: Landorus\n|-immune|p2a: Landorus\n|\n|-damage|p1a: Minun|83/100 tox|[from] psn\n|upkeep\n|turn|16\n|inactive|Time left: 300 sec this turn | 300 sec total\n|\n|t:|1783560020\n|-terastallize|p1a: Minun|Grass\n|move|p1a: Minun|Grass Knot|p2a: Landorus\n|-damage|p2a: Landorus|7/260\n|-damage|p1a: Minun|73/100 tox|[from] item: Life Orb\n|move|p2a: Landorus|Earthquake|p1a: Minun\n|-resisted|p1a: Minun\n|-damage|p1a: Minun|43/100 tox\n|\n|-heal|p2a: Landorus|23/260|[from] item: Leftovers\n|-damage|p1a: Minun|25/100 tox|[from] psn\n|upkeep\n|turn|17\n|inactive|Time left: 300 sec this turn | 300 sec total\n|\n|t:|1783560021\n|move|p1a: Minun|Grass Knot|p2a: Landorus\n|-damage|p2a: Landorus|0 fnt\n|faint|p2a: Landorus\n|-damage|p1a: Minun|15/100 tox|[from] item: Life Orb\n|\n|-damage|p1a: Minun|0 fnt|[from] psn\n|faint|p1a: Minun\n|upkeep\n|inactive|Time left: 300 sec this turn | 300 sec total | 5 sec grace\n|\n|t:|1783560023\n|switch|p1a: Wigglytuff|Wigglytuff, L96, M|100/100\n|switch|p2a: Hypno|Hypno, L95, F|152/315\n|-damage|p2a: Hypno|113/315|[from] Spikes\n|turn|18\n|inactive|Time left: 300 sec this turn | 300 sec total\n|\n|t:|1783560024\n|move|p2a: Hypno|Toxic|p1a: Wigglytuff\n|-status|p1a: Wigglytuff|tox\n|move|p1a: Wigglytuff|Alluring Voice|p2a: Hypno\n|-damage|p2a: Hypno|43/315\n|\n|-heal|p2a: Hypno|62/315|[from] item: Leftovers\n|-damage|p1a: Wigglytuff|94/100 tox|[from] psn\n|upkeep\n|turn|19\n|inactive|Time left: 300 sec this turn | 300 sec total\n|\n|t:|1783560025\n|move|p2a: Hypno|Knock Off|p1a: Wigglytuff\n|-resisted|p1a: Wigglytuff\n|-damage|p1a: Wigglytuff|82/100 tox\n|-enditem|p1a: Wigglytuff|Leftovers|[from] move: Knock Off|[of] p2a: Hypno\n|move|p1a: Wigglytuff|Alluring Voice|p2a: Hypno\n|-damage|p2a: Hypno|0 fnt\n|faint|p2a: Hypno\n|\n|-damage|p1a: Wigglytuff|70/100 tox|[from] psn\n|upkeep\n|inactive|Time left: 300 sec this turn | 300 sec total | 5 sec grace\n|\n|t:|1783560026\n|switch|p2a: Brambleghast|Brambleghast, L88, M|240/240\n|-damage|p2a: Brambleghast|210/240|[from] Spikes\n|turn|20\n|inactive|Time left: 300 sec this turn | 300 sec total\n|\n|t:|1783560027\n|-terastallize|p2a: Brambleghast|Fairy\n|move|p2a: Brambleghast|Leech Seed|p1a: Wigglytuff|[miss]\n|-miss|p2a: Brambleghast|p1a: Wigglytuff\n|move|p1a: Wigglytuff|Fire Blast|p2a: Brambleghast\n|-damage|p2a: Brambleghast|101/240\n|\n|-heal|p2a: Brambleghast|116/240|[from] item: Leftovers\n|-damage|p1a: Wigglytuff|51/100 tox|[from] psn\n|upkeep\n|turn|21\n|inactive|Time left: 300 sec this turn | 300 sec total\n|\n|t:|1783560028\n|move|p2a: Brambleghast|Power Whip|p1a: Wigglytuff|[miss]\n|-miss|p2a: Brambleghast|p1a: Wigglytuff\n|move|p1a: Wigglytuff|Alluring Voice|p2a: Brambleghast\n|-damage|p2a: Brambleghast|4/240\n|\n|-heal|p2a: Brambleghast|19/240|[from] item: Leftovers\n|-damage|p1a: Wigglytuff|27/100 tox|[from] psn\n|upkeep\n|turn|22\n|inactive|Time left: 300 sec this turn | 300 sec total\n|\n|t:|1783560029\n|move|p2a: Brambleghast|Power Whip|p1a: Wigglytuff\n|-damage|p1a: Wigglytuff|0 fnt\n|faint|p1a: Wigglytuff\n|\n|-heal|p2a: Brambleghast|34/240|[from] item: Leftovers\n|upkeep\n|\n|t:|1783560030\n|switch|p1a: Jumpluff|Jumpluff, L87, M|100/100\n|turn|23\n|inactive|Time left: 300 sec this turn | 300 sec total\n|\n|t:|1783560030\n|move|p1a: Jumpluff|Acrobatics|p2a: Brambleghast\n|-damage|p2a: Brambleghast|0 fnt\n|faint|p2a: Brambleghast\n|\n|win|p0x1728e65c", "uploadtime": 1783560030, "views": 0, "rating": 0, "private": 0, "password": null, "_winner": "p0x1728e65c", "_our_name": "p0y1728e777"}