{"id": "battle-gen9randombattle-1198", "formatid": "gen9randombattle", "format": "[Gen 9] Random Battle", "players": ["p0x11985bf4", "p0y1198b946"], "log": "|init|battle\n|title|p0x11985bf4 vs. p0y1198b946\n|j|\u2606p0x11985bf4\n|j|\u2606p0y1198b946\n|t:|1783553880\n|gametype|singles\n|player|p1|p0x11985bf4|265|\n|player|p2|p0y1198b946|170|\n|gen|9\n|tier|[Gen 9] Random Battle\n|rule|Species Clause: Limit one of each Pok\u00e9mon\n|rule|HP Percentage Mod: HP is shown in percentages\n|rule|Sleep Clause Mod: Limit one foe put to sleep\n|rule|Illusion Level Mod: Illusion disguises the Pok\u00e9mon's true level\n|\n|t:|1783553880\n|teamsize|p1|6\n|teamsize|p2|6\n|start\n|switch|p1a: Palkia|Palkia, L75|259/259\n|switch|p2a: Floatzel|Floatzel, L86, M|100/100\n|-ability|p1a: Palkia|Pressure\n|turn|1\n|inactive|Battle timer is ON: inactive players will automatically lose when time's up. (requested by p0x11985bf4)\n|inactive|p0y1198b946 also wants the timer to be on.\n|\n|t:|1783553881\n|switch|p2a: Porygon2|Porygon2, L81|100/100\n|-ability|p2a: Porygon2|Download|boost\n|-boost|p2a: Porygon2|atk|1\n|move|p1a: Palkia|Spacial Rend|p2a: Porygon2\n|-damage|p2a: Porygon2|54/100\n|\n|upkeep\n|turn|2\n|inactive|Time left: 300 sec this turn | 300 sec total\n|\n|t:|1783553882\n|move|p1a: Palkia|Spacial Rend|p2a: Porygon2\n|-crit|p2a: Porygon2\n|-damage|p2a: Porygon2|0 fnt\n|faint|p2a: Porygon2\n|\n|upkeep\n|\n|t:|1783553883\n|switch|p2a: Trevenant|Trevenant, L89, F|100/100\n|turn|3\n|inactive|Time left: 300 sec this turn | 300 sec total\n|\n|t:|1783553884\n|move|p1a: Palkia|Spacial Rend|p2a: Trevenant\n|-damage|p2a: Trevenant|39/100\n|move|p2a: Trevenant|Poltergeist|p1a: Palkia\n|-activate|p1a: Palkia|move: Poltergeist|Choice Specs\n|-damage|p1a: Palkia|24/259\n|\n|upkeep\n|turn|4\n|inactive|Time left: 300 sec this turn | 300 sec total\n|\n|t:|1783553885\n|move|p1a: Palkia|Spacial Rend|p2a: Trevenant|[miss]\n|-miss|p1a: Palkia|p2a: Trevenant\n|move|p2a: Trevenant|Poltergeist|p1a: Palkia\n|-activate|p1a: Palkia|move: Poltergeist|Choice Specs\n|-damage|p1a: Palkia|0 fnt\n|faint|p1a: Palkia\n|\n|upkeep\n|inactive|Time left: 300 sec this turn | 300 sec total | 5 sec grace\n|\n|t:|1783553886\n|switch|p1a: Glastrier|Glastrier, L86|312/312\n|turn|5\n|inactive|Time left: 300 sec this turn | 300 sec total\n|\n|t:|1783553888\n|move|p2a: Trevenant|Poltergeist|p1a: Glastrier\n|-activate|p1a: Glastrier|move: Poltergeist|Heavy-Duty Boots\n|-damage|p1a: Glastrier|162/312\n|move|p1a: Glastrier|Swords Dance|p1a: Glastrier\n|-boost|p1a: Glastrier|atk|2\n|\n|upkeep\n|turn|6\n|inactive|Time left: 300 sec this turn | 300 sec total\n|\n|t:|1783553889\n|move|p2a: Trevenant|Poltergeist|p1a: Glastrier\n|-activate|p1a: Glastrier|move: Poltergeist|Heavy-Duty Boots\n|-damage|p1a: Glastrier|17/312\n|move|p1a: Glastrier|Heavy Slam|p2a: Trevenant\n|-damage|p2a: Trevenant|0 fnt\n|faint|p2a: Trevenant\n|-ability|p1a: Glastrier|Chilling Neigh|boost\n|-boost|p1a: Glastrier|atk|1\n|\n|upkeep\n|\n|t:|1783553890\n|switch|p2a: Barraskewda|Barraskewda, L81, M|100/100\n|turn|7\n|inactive|Time left: 300 sec this turn | 300 sec total\n|\n|t:|1783553891\n|move|p2a: Barraskewda|Flip Turn|p1a: Glastrier\n|-damage|p1a: Glastrier|0 fnt\n|faint|p1a: Glastrier\n|\n|t:|1783553892\n|switch|p2a: Typhlosion|Typhlosion-Hisui, L83, M|100/100|[from] Flip Turn\n|\n|upkeep\n|inactive|Time left: 300 sec this turn | 300 sec total | 10 sec grace\n|\n|t:|1783553893\n|switch|p1a: Hypno|Hypno, L95, M|315/315\n|turn|8\n|inactive|Time left: 300 sec this turn | 300 sec total\n|\n|t:|1783553894\n|move|p2a: Typhlosion|Calm Mind|p2a: Typhlosion\n|-boost|p2a: Typhlosion|spa|1\n|-boost|p2a: Typhlosion|spd|1\n|move|p1a: Hypno|Knock Off|p2a: Typhlosion\n|-supereffective|p2a: Typhlosion\n|-damage|p2a: Typhlosion|36/100\n|-enditem|p2a: Typhlosion|Heavy-Duty Boots|[from] move: Knock Off|[of] p1a: Hypno\n|\n|upkeep\n|turn|9\n|inactive|Time left: 300 sec this turn | 300 sec total\n|\n|t:|1783553895\n|move|p2a: Typhlosion|Shadow Ball|p1a: Hypno\n|-supereffective|p1a: Hypno\n|-damage|p1a: Hypno|97/315\n|move|p1a: Hypno|Knock Off|p2a: Typhlosion\n|-supereffective|p2a: Typhlosion\n|-damage|p2a: Typhlosion|0 fnt\n|faint|p2a: Typhlosion\n|\n|-heal|p1a: Hypno|116/315|[from] item: Leftovers\n|upkeep\n|\n|t:|1783553897\n|switch|p2a: Roaring Moon|Roaring Moon, L72|100/100\n|turn|10\n|inactive|Time left: 300 sec this turn | 300 sec total\n|\n|t:|1783553898\n|switch|p1a: Orthworm|Orthworm, L88, M|266/266\n|move|p2a: Roaring Moon|Knock Off|p1a: Orthworm\n|-damage|p1a: Orthworm|199/266\n|-enditem|p1a: Orthworm|Chesto Berry|[from] move: Knock Off|[of] p2a: Roaring Moon\n|\n|upkeep\n|turn|11\n|inactive|Time left: 300 sec this turn | 300 sec total\n|\n|t:|1783553899\n|-end|p2a: Roaring Moon|Protosynthesis|[silent]\n|switch|p2a: Floatzel|Floatzel, L86, M|100/100\n|move|p1a: Orthworm|Coil|p1a: Orthworm\n|-boost|p1a: Orthworm|atk|1\n|-boost|p1a: Orthworm|def|1\n|-boost|p1a: Orthworm|accuracy|1\n|\n|upkeep\n|turn|12\n|inactive|Time left: 300 sec this turn | 300 sec total\n|\n|t:|1783553900\n|-terastallize|p1a: Orthworm|Fighting\n|move|p2a: Floatzel|Bulk Up|p2a: Floatzel\n|-boost|p2a: Floatzel|atk|1\n|-boost|p2a: Floatzel|def|1\n|move|p1a: Orthworm|Body Press|p2a: Floatzel\n|-damage|p2a: Floatzel|41/100\n|\n|-heal|p2a: Floatzel|47/100|[from] item: Leftovers\n|upkeep\n|turn|13\n|inactive|Time left: 300 sec this turn | 300 sec total\n|\n|t:|1783553901\n|move|p2a: Floatzel|Bulk Up|p2a: Floatzel\n|-boost|p2a: Floatzel|atk|1\n|-boost|p2a: Floatzel|def|1\n|move|p1a: Orthworm|Body Press|p2a: Floatzel\n|-damage|p2a: Floatzel|3/100\n|\n|-heal|p2a: Floatzel|9/100|[from] item: Leftovers\n|upkeep\n|turn|14\n|inactive|Time left: 300 sec this turn | 300 sec total\n|\n|t:|1783553902\n|-terastallize|p2a: Floatzel|Water\n|move|p2a: Floatzel|Wave Crash|p1a: Orthworm\n|-damage|p1a: Orthworm|27/266\n|-damage|p2a: Floatzel|0 fnt|[from] Recoil\n|faint|p2a: Floatzel\n|move|p1a: Orthworm|Body Press|p2: Floatzel|[notarget]\n|-fail|p1a: Orthworm\n|\n|upkeep\n|\n|t:|1783553903\n|switch|p2a: Roaring Moon|Roaring Moon, L72|100/100\n|turn|15\n|inactive|Time left: 300 sec this turn | 300 sec total\n|\n|t:|1783553904\n|move|p2a: Roaring Moon|Outrage|p1a: Orthworm\n|-damage|p1a: Orthworm|0 fnt\n|faint|p1a: Orthworm\n|\n|upkeep\n|inactive|Time left: 300 sec this turn | 300 sec total | 5 sec grace\n|\n|t:|1783553905\n|switch|p1a: Munkidori|Munkidori, L79, M|269/269\n|turn|16\n|inactive|Time left: 300 sec this turn | 300 sec total\n|\n|t:|1783553906\n|move|p1a: Munkidori|Fake Out|p2a: Roaring Moon\n|-damage|p2a: Roaring Moon|90/100\n|cant|p2a: Roaring Moon|flinch\n|\n|-start|p2a: Roaring Moon|confusion|[fatigue]\n|upkeep\n|-enditem|p2a: Roaring Moon|Lum Berry|[eat]\n|-end|p2a: Roaring Moon|confusion\n|turn|17\n|inactive|Time left: 300 sec this turn | 300 sec total\n|\n|t:|1783553907\n|move|p2a: Roaring Moon|Knock Off|p1a: Munkidori\n|-supereffective|p1a: Munkidori\n|-damage|p1a: Munkidori|17/269\n|-enditem|p1a: Munkidori|Assault Vest|[from] move: Knock Off|[of] p2a: Roaring Moon\n|move|p1a: Munkidori|U-turn|p2a: Roaring Moon\n|-supereffective|p2a: Roaring Moon\n|-damage|p2a: Roaring Moon|50/100\n|-status|p2a: Roaring Moon|tox|[from] ability: Toxic Chain|[of] p1a: Munkidori\n|inactive|Time left: 300 sec this turn | 300 sec total | 5 sec grace\n|\n|t:|1783553908\n|switch|p1a: Arceus|Arceus-Flying, L69|279/279|[from] U-turn\n|\n|-damage|p2a: Roaring Moon|45/100 tox|[from] psn\n|upkeep\n|turn|18\n|inactive|Time left: 300 sec this turn | 300 sec total\n|\n|t:|1783553909\n|move|p2a: Roaring Moon|Outrage|p1a: Arceus\n|-damage|p1a: Arceus|165/279\n|move|p1a: Arceus|Recover|p1a: Arceus\n|-heal|p1a: Arceus|279/279\n|\n|-damage|p2a: Roaring Moon|33/100 tox|[from] psn\n|upkeep\n|turn|19\n|inactive|Time left: 300 sec this turn | 300 sec total\n|\n|t:|1783553910\n|move|p2a: Roaring Moon|Outrage|p1a: Arceus|[from] lockedmove\n|-damage|p1a: Arceus|152/279\n|-start|p2a: Roaring Moon|confusion|[fatigue]\n|move|p1a: Arceus|Recover|p1a: Arceus\n|-heal|p1a: Arceus|279/279\n|\n|-damage|p2a: Roaring Moon|15/100 tox|[from] psn\n|upkeep\n|turn|20\n|inactive|Time left: 300 sec this turn | 300 sec total\n|\n|t:|1783553911\n|-end|p2a: Roaring Moon|Protosynthesis|[silent]\n|switch|p2a: Barraskewda|Barraskewda, L81, M|100/100\n|move|p1a: Arceus|Calm Mind|p1a: Arceus\n|-boost|p1a: Arceus|spa|1\n|-boost|p1a: Arceus|spd|1\n|\n|upkeep\n|turn|21\n|inactive|Time left: 300 sec this turn | 300 sec total\n|\n|t:|1783553912\n|move|p2a: Barraskewda|Waterfall|p1a: Arceus\n|-damage|p1a: Arceus|131/279\n|move|p1a: Arceus|Judgment|p2a: Barraskewda\n|-damage|p2a: Barraskewda|0 fnt\n|faint|p2a: Barraskewda\n|\n|upkeep\n|\n|t:|1783553913\n|switch|p2a: Roaring Moon|Roaring Moon, L72|15/100 tox\n|turn|22\n|inactive|Time left: 300 sec this turn | 300 sec total\n|\n|t:|1783553914\n|move|p2a: Roaring Moon|Earthquake|p1a: Arceus\n|-immune|p1a: Arceus\n|move|p1a: Arceus|Judgment|p2a: Roaring Moon\n|-damage|p2a: Roaring Moon|0 fnt\n|faint|p2a: Roaring Moon\n|-end|p2a: Roaring Moon|Protosynthesis|[silent]\n|\n|win|p0x11985bf4", "uploadtime": 1783553914, "views": 0, "rating": 0, "private": 0, "password": null, "_winner": "p0x11985bf4", "_our_name": "p0x11985bf4"}