{"id": "battle-gen9randombattle-2998", "formatid": "gen9randombattle", "format": "[Gen 9] Random Battle", "players": ["p0x2998b207", "p0y29983092"], "log": "|init|battle\n|title|p0x2998b207 vs. p0y29983092\n|j|\u2606p0x2998b207\n|j|\u2606p0y29983092\n|t:|1783574554\n|gametype|singles\n|player|p1|p0x2998b207|2|\n|player|p2|p0y29983092|170|\n|gen|9\n|tier|[Gen 9] Random Battle\n|rule|Species Clause: Limit one of each Pok\u00e9mon\n|rule|HP Percentage Mod: HP is shown in percentages\n|rule|Sleep Clause Mod: Limit one foe put to sleep\n|rule|Illusion Level Mod: Illusion disguises the Pok\u00e9mon's true level\n|\n|t:|1783574554\n|teamsize|p1|6\n|teamsize|p2|6\n|start\n|switch|p1a: Espeon|Espeon, L84, F|246/246\n|switch|p2a: Sunflora|Sunflora, F|100/100\n|turn|1\n|inactive|Battle timer is ON: inactive players will automatically lose when time's up. (requested by p0x2998b207)\n|inactive|p0y29983092 also wants the timer to be on.\n|\n|t:|1783574556\n|move|p1a: Espeon|Psychic|p2a: Sunflora\n|-damage|p2a: Sunflora|58/100\n|-damage|p1a: Espeon|222/246|[from] item: Life Orb\n|move|p2a: Sunflora|Leaf Storm|p1a: Espeon\n|-damage|p1a: Espeon|0 fnt\n|-unboost|p2a: Sunflora|spa|2\n|faint|p1a: Espeon\n|\n|upkeep\n|inactive|Time left: 300 sec this turn | 300 sec total | 65 sec grace\n|\n|t:|1783574557\n|switch|p1a: Eternatus|Eternatus, L69|308/308\n|-ability|p1a: Eternatus|Pressure\n|turn|2\n|inactive|Time left: 300 sec this turn | 300 sec total\n|\n|t:|1783574558\n|switch|p2a: Bastiodon|Bastiodon, L89, F|100/100\n|move|p1a: Eternatus|Meteor Beam||[still]\n|-prepare|p1a: Eternatus|Meteor Beam\n|-boost|p1a: Eternatus|spa|1\n|-enditem|p1a: Eternatus|Power Herb\n|-anim|p1a: Eternatus|Meteor Beam|p2a: Bastiodon\n|-resisted|p2a: Bastiodon\n|-damage|p2a: Bastiodon|85/100\n|\n|upkeep\n|turn|3\n|inactive|Time left: 300 sec this turn | 300 sec total\n|\n|t:|1783574559\n|move|p1a: Eternatus|Meteor Beam||[still]\n|-prepare|p1a: Eternatus|Meteor Beam\n|-boost|p1a: Eternatus|spa|1\n|move|p2a: Bastiodon|Foul Play|p1a: Eternatus\n|-damage|p1a: Eternatus|260/308\n|\n|upkeep\n|turn|4\n|inactive|Time left: 300 sec this turn | 300 sec total\n|\n|t:|1783574560\n|move|p1a: Eternatus|Meteor Beam|p2a: Bastiodon|[from] lockedmove\n|-resisted|p2a: Bastiodon\n|-damage|p2a: Bastiodon|64/100\n|move|p2a: Bastiodon|Body Press|p1a: Eternatus\n|-resisted|p1a: Eternatus\n|-damage|p1a: Eternatus|199/308\n|\n|upkeep\n|turn|5\n|inactive|Time left: 300 sec this turn | 300 sec total\n|\n|t:|1783574561\n|move|p1a: Eternatus|Meteor Beam||[still]\n|-prepare|p1a: Eternatus|Meteor Beam\n|-boost|p1a: Eternatus|spa|1\n|move|p2a: Bastiodon|Rest|p2a: Bastiodon\n|-status|p2a: Bastiodon|slp|[from] move: Rest\n|-heal|p2a: Bastiodon|100/100 slp|[silent]\n|-enditem|p2a: Bastiodon|Chesto Berry|[eat]\n|-curestatus|p2a: Bastiodon|slp|[msg]\n|\n|upkeep\n|turn|6\n|inactive|Time left: 300 sec this turn | 300 sec total\n|\n|t:|1783574562\n|move|p1a: Eternatus|Meteor Beam|p2a: Bastiodon|[from] lockedmove|[miss]\n|-miss|p1a: Eternatus|p2a: Bastiodon\n|move|p2a: Bastiodon|Iron Defense|p2a: Bastiodon\n|-boost|p2a: Bastiodon|def|2\n|\n|upkeep\n|turn|7\n|inactive|Time left: 300 sec this turn | 300 sec total\n|\n|t:|1783574563\n|move|p1a: Eternatus|Fire Blast|p2a: Bastiodon\n|-damage|p2a: Bastiodon|49/100\n|move|p2a: Bastiodon|Body Press|p1a: Eternatus\n|-resisted|p1a: Eternatus\n|-damage|p1a: Eternatus|79/308\n|\n|upkeep\n|turn|8\n|inactive|Time left: 300 sec this turn | 300 sec total\n|\n|t:|1783574564\n|move|p1a: Eternatus|Fire Blast|p2a: Bastiodon|[miss]\n|-miss|p1a: Eternatus|p2a: Bastiodon\n|move|p2a: Bastiodon|Body Press|p1a: Eternatus\n|-resisted|p1a: Eternatus\n|-damage|p1a: Eternatus|0 fnt\n|faint|p1a: Eternatus\n|\n|upkeep\n|inactive|Time left: 300 sec this turn | 300 sec total | 5 sec grace\n|\n|t:|1783574565\n|switch|p1a: Suicune|Suicune, L82|298/298\n|-ability|p1a: Suicune|Pressure\n|turn|9\n|inactive|Time left: 300 sec this turn | 300 sec total\n|\n|t:|1783574566\n|move|p1a: Suicune|Scald|p2a: Bastiodon\n|-supereffective|p2a: Bastiodon\n|-damage|p2a: Bastiodon|8/100\n|move|p2a: Bastiodon|Body Press|p1a: Suicune\n|-damage|p1a: Suicune|148/298\n|\n|-heal|p1a: Suicune|166/298|[from] item: Leftovers\n|upkeep\n|turn|10\n|inactive|Time left: 300 sec this turn | 300 sec total\n|\n|t:|1783574567\n|move|p1a: Suicune|Scald|p2a: Bastiodon\n|-supereffective|p2a: Bastiodon\n|-damage|p2a: Bastiodon|0 fnt\n|faint|p2a: Bastiodon\n|\n|-heal|p1a: Suicune|184/298|[from] item: Leftovers\n|upkeep\n|\n|t:|1783574568\n|switch|p2a: Miraidon|Miraidon, L65|100/100\n|-fieldstart|move: Electric Terrain|[from] ability: Hadron Engine|[of] p2a: Miraidon\n|turn|11\n|inactive|Time left: 300 sec this turn | 300 sec total\n|\n|t:|1783574569\n|switch|p1a: Decidueye|Decidueye, L88, F|281/281\n|move|p2a: Miraidon|Electro Drift|p1a: Decidueye\n|-resisted|p1a: Decidueye\n|-crit|p1a: Decidueye\n|-damage|p1a: Decidueye|158/281\n|-damage|p2a: Miraidon|91/100|[from] item: Life Orb\n|\n|upkeep\n|turn|12\n|inactive|Time left: 300 sec this turn | 300 sec total\n|\n|t:|1783574570\n|move|p2a: Miraidon|Draco Meteor|p1a: Decidueye\n|-damage|p1a: Decidueye|0 fnt\n|-unboost|p2a: Miraidon|spa|2\n|faint|p1a: Decidueye\n|-damage|p2a: Miraidon|81/100|[from] item: Life Orb\n|\n|upkeep\n|inactive|Time left: 300 sec this turn | 300 sec total | 5 sec grace\n|\n|t:|1783574571\n|switch|p1a: Furret|Furret, L94, F|312/312\n|-item|p2a: Miraidon|Life Orb|[from] ability: Frisk|[of] p1a: Furret\n|turn|13\n|inactive|Time left: 300 sec this turn | 300 sec total\n|\n|t:|1783574572\n|switch|p2a: Hippowdon|Hippowdon, L82, M|100/100\n|-weather|Sandstorm|[from] ability: Sand Stream|[of] p2a: Hippowdon\n|move|p1a: Furret|Tidy Up|p1a: Furret\n|-boost|p1a: Furret|atk|1\n|-boost|p1a: Furret|spe|1\n|\n|-weather|Sandstorm|[upkeep]\n|-damage|p1a: Furret|293/312|[from] Sandstorm\n|upkeep\n|turn|14\n|inactive|Time left: 300 sec this turn | 300 sec total\n|\n|t:|1783574573\n|move|p1a: Furret|Knock Off|p2a: Hippowdon\n|-damage|p2a: Hippowdon|66/100\n|-enditem|p2a: Hippowdon|Leftovers|[from] move: Knock Off|[of] p1a: Furret\n|-damage|p1a: Furret|262/312|[from] item: Life Orb\n|move|p2a: Hippowdon|Earthquake|p1a: Furret\n|-damage|p1a: Furret|141/312\n|\n|-weather|Sandstorm|[upkeep]\n|-damage|p1a: Furret|122/312|[from] Sandstorm\n|upkeep\n|turn|15\n|inactive|Time left: 300 sec this turn | 300 sec total\n|\n|t:|1783574574\n|move|p1a: Furret|Double-Edge|p2a: Hippowdon\n|-damage|p2a: Hippowdon|5/100\n|-damage|p1a: Furret|59/312|[from] Recoil\n|-damage|p1a: Furret|28/312|[from] item: Life Orb\n|move|p2a: Hippowdon|Earthquake|p1a: Furret\n|-damage|p1a: Furret|0 fnt\n|faint|p1a: Furret\n|\n|-weather|Sandstorm|[upkeep]\n|-fieldend|move: Electric Terrain\n|upkeep\n|inactive|Time left: 300 sec this turn | 300 sec total | 5 sec grace\n|\n|t:|1783574575\n|switch|p1a: Suicune|Suicune, L82|184/298\n|-ability|p1a: Suicune|Pressure\n|turn|16\n|inactive|Time left: 300 sec this turn | 300 sec total\n|\n|t:|1783574576\n|move|p1a: Suicune|Scald|p2a: Hippowdon\n|-supereffective|p2a: Hippowdon\n|-damage|p2a: Hippowdon|0 fnt\n|faint|p2a: Hippowdon\n|\n|-weather|Sandstorm|[upkeep]\n|-damage|p1a: Suicune|166/298|[from] Sandstorm\n|-heal|p1a: Suicune|184/298|[from] item: Leftovers\n|upkeep\n|\n|t:|1783574577\n|switch|p2a: Miraidon|Miraidon, L65|81/100\n|-fieldstart|move: Electric Terrain|[from] ability: Hadron Engine|[of] p2a: Miraidon\n|turn|17\n|inactive|Time left: 300 sec this turn | 300 sec total\n|\n|t:|1783574578\n|-terastallize|p1a: Suicune|Steel\n|move|p2a: Miraidon|Electro Drift|p1a: Suicune\n|-damage|p1a: Suicune|12/298\n|-damage|p2a: Miraidon|72/100|[from] item: Life Orb\n|move|p1a: Suicune|Rest||[still]\n|-activate|p1a: Suicune|move: Electric Terrain\n|-fail|p1a: Suicune\n|\n|-weather|none\n|-heal|p1a: Suicune|30/298|[from] item: Leftovers\n|upkeep\n|turn|18\n|inactive|Time left: 300 sec this turn | 300 sec total\n|\n|t:|1783574579\n|move|p2a: Miraidon|Electro Drift|p1a: Suicune\n|-damage|p1a: Suicune|0 fnt\n|faint|p1a: Suicune\n|-damage|p2a: Miraidon|62/100|[from] item: Life Orb\n|\n|upkeep\n|inactive|Time left: 300 sec this turn | 300 sec total | 5 sec grace\n|\n|t:|1783574580\n|switch|p1a: Maushold|Maushold, L76|238/238\n|turn|19\n|inactive|Time left: 300 sec this turn | 300 sec total\n|\n|t:|1783574580\n|-terastallize|p2a: Miraidon|Electric\n|move|p2a: Miraidon|Electro Drift|p1a: Maushold\n|-damage|p1a: Maushold|0 fnt\n|faint|p1a: Maushold\n|-damage|p2a: Miraidon|52/100|[from] item: Life Orb\n|\n|win|p0y29983092", "uploadtime": 1783574580, "views": 0, "rating": 0, "private": 0, "password": null, "_winner": "p0y29983092", "_our_name": "p0x2998b207"}