{"id": "battle-gen9randombattle-205", "formatid": "gen9randombattle", "format": "[Gen 9] Random Battle", "players": ["p0x2051ab3", "p0y2057a21"], "log": "|init|battle\n|title|p0x2051ab3 vs. p0y2057a21\n|j|\u2606p0x2051ab3\n|j|\u2606p0y2057a21\n|t:|1783541486\n|gametype|singles\n|player|p1|p0x2051ab3|1|\n|player|p2|p0y2057a21|2|\n|gen|9\n|tier|[Gen 9] Random Battle\n|rule|Species Clause: Limit one of each Pok\u00e9mon\n|rule|HP Percentage Mod: HP is shown in percentages\n|rule|Sleep Clause Mod: Limit one foe put to sleep\n|rule|Illusion Level Mod: Illusion disguises the Pok\u00e9mon's true level\n|\n|t:|1783541486\n|teamsize|p1|6\n|teamsize|p2|6\n|start\n|switch|p1a: Charizard|Charizard, L85, M|100/100\n|switch|p2a: Girafarig|Girafarig, L89, F|269/269\n|turn|1\n|inactive|Battle timer is ON: inactive players will automatically lose when time's up. (requested by p0x2051ab3)\n|inactive|Time left: 300 sec this turn | 300 sec total | 60 sec grace\n|inactive|p0y2057a21 also wants the timer to be on.\n|\n|t:|1783541487\n|move|p1a: Charizard|Hurricane|p2a: Girafarig\n|-damage|p2a: Girafarig|158/269\n|-start|p2a: Girafarig|confusion\n|-activate|p2a: Girafarig|confusion\n|move|p2a: Girafarig|Nasty Plot|p2a: Girafarig\n|-boost|p2a: Girafarig|spa|2\n|\n|upkeep\n|turn|2\n|inactive|Time left: 300 sec this turn | 300 sec total\n|\n|t:|1783541488\n|move|p1a: Charizard|Flamethrower|p2a: Girafarig\n|-damage|p2a: Girafarig|68/269\n|-activate|p2a: Girafarig|confusion\n|move|p2a: Girafarig|Thunderbolt|p1a: Charizard\n|-supereffective|p1a: Charizard\n|-damage|p1a: Charizard|0 fnt\n|faint|p1a: Charizard\n|\n|upkeep\n|\n|t:|1783541489\n|switch|p1a: Komala|Komala, L87, F|100/100\n|-ability|p1a: Komala|Comatose\n|turn|3\n|inactive|Time left: 300 sec this turn | 300 sec total\n|\n|t:|1783541490\n|-activate|p2a: Girafarig|confusion\n|-damage|p2a: Girafarig|44/269|[from] confusion\n|move|p1a: Komala|Body Slam|p2a: Girafarig\n|-damage|p2a: Girafarig|0 fnt\n|faint|p2a: Girafarig\n|\n|upkeep\n|inactive|Time left: 300 sec this turn | 300 sec total | 5 sec grace\n|\n|t:|1783541490\n|switch|p2a: Garchomp|Garchomp, L74, M|282/282\n|turn|4\n|inactive|Time left: 300 sec this turn | 300 sec total\n|\n|t:|1783541491\n|move|p2a: Garchomp|Outrage|p1a: Komala\n|-damage|p1a: Komala|40/100\n|move|p1a: Komala|Body Slam|p2a: Garchomp\n|-damage|p2a: Garchomp|164/282\n|-damage|p1a: Komala|28/100|[from] ability: Rough Skin|[of] p2a: Garchomp\n|-damage|p1a: Komala|12/100|[from] item: Rocky Helmet|[of] p2a: Garchomp\n|\n|upkeep\n|turn|5\n|inactive|Time left: 300 sec this turn | 300 sec total\n|\n|t:|1783541492\n|switch|p1a: Gliscor|Gliscor, L76, M|100/100\n|move|p2a: Garchomp|Outrage|p1a: Gliscor|[from] lockedmove\n|-damage|p1a: Gliscor|60/100\n|-start|p2a: Garchomp|confusion|[fatigue]\n|\n|-status|p1a: Gliscor|tox|[from] item: Toxic Orb\n|upkeep\n|turn|6\n|inactive|Time left: 300 sec this turn | 300 sec total\n|\n|t:|1783541493\n|-activate|p2a: Garchomp|confusion\n|move|p2a: Garchomp|Outrage|p1a: Gliscor\n|-damage|p1a: Gliscor|16/100 tox\n|move|p1a: Gliscor|Toxic Spikes|p2a: Garchomp\n|-sidestart|p2: p0y2057a21|move: Toxic Spikes\n|\n|-heal|p1a: Gliscor|29/100 tox|[from] ability: Poison Heal\n|upkeep\n|turn|7\n|inactive|Time left: 300 sec this turn | 300 sec total\n|\n|t:|1783541494\n|move|p1a: Gliscor|Protect|p1a: Gliscor\n|-singleturn|p1a: Gliscor|Protect\n|-activate|p2a: Garchomp|confusion\n|move|p2a: Garchomp|Outrage|p1a: Gliscor|[from] lockedmove\n|-activate|p1a: Gliscor|move: Protect\n|\n|-heal|p1a: Gliscor|41/100 tox|[from] ability: Poison Heal\n|upkeep\n|turn|8\n|inactive|Time left: 300 sec this turn | 300 sec total\n|\n|t:|1783541495\n|move|p1a: Gliscor|Protect||[still]\n|-fail|p1a: Gliscor\n|-end|p2a: Garchomp|confusion\n|move|p2a: Garchomp|Outrage|p1a: Gliscor\n|-damage|p1a: Gliscor|0 fnt\n|faint|p1a: Gliscor\n|\n|upkeep\n|\n|t:|1783541496\n|switch|p1a: Chi-Yu|Chi-Yu, L77|100/100\n|-ability|p1a: Chi-Yu|Beads of Ruin\n|turn|9\n|inactive|Time left: 300 sec this turn | 300 sec total\n|\n|t:|1783541497\n|-terastallize|p1a: Chi-Yu|Dark\n|move|p1a: Chi-Yu|Dark Pulse|p2a: Garchomp\n|-damage|p2a: Garchomp|0 fnt\n|faint|p2a: Garchomp\n|\n|upkeep\n|inactive|Time left: 300 sec this turn | 300 sec total | 5 sec grace\n|\n|t:|1783541498\n|switch|p2a: Venusaur|Venusaur, L84, F|272/272\n|-sideend|p2: p0y2057a21|move: Toxic Spikes|[of] p2a: Venusaur\n|turn|10\n|inactive|Time left: 300 sec this turn | 300 sec total\n|\n|t:|1783541500\n|switch|p2a: Gastrodon|Gastrodon-East, L86, M|331/331\n|move|p1a: Chi-Yu|Fire Blast|p2a: Gastrodon\n|-resisted|p2a: Gastrodon\n|-damage|p2a: Gastrodon|239/331\n|\n|-heal|p2a: Gastrodon|259/331|[from] item: Leftovers\n|upkeep\n|turn|11\n|inactive|Time left: 300 sec this turn | 300 sec total\n|\n|t:|1783541501\n|move|p1a: Chi-Yu|Nasty Plot|p1a: Chi-Yu\n|-boost|p1a: Chi-Yu|spa|2\n|move|p2a: Gastrodon|Earthquake|p1a: Chi-Yu\n|-crit|p1a: Chi-Yu\n|-damage|p1a: Chi-Yu|15/100\n|\n|-heal|p2a: Gastrodon|279/331|[from] item: Leftovers\n|upkeep\n|turn|12\n|inactive|Time left: 300 sec this turn | 300 sec total\n|\n|t:|1783541502\n|move|p1a: Chi-Yu|Dark Pulse|p2a: Gastrodon\n|-damage|p2a: Gastrodon|0 fnt\n|faint|p2a: Gastrodon\n|\n|upkeep\n|inactive|Time left: 300 sec this turn | 300 sec total | 5 sec grace\n|\n|t:|1783541503\n|switch|p2a: Pyroar|Pyroar, L88, M|295/295\n|-ability|p2a: Pyroar|Unnerve\n|turn|13\n|inactive|Time left: 300 sec this turn | 300 sec total\n|\n|t:|1783541504\n|move|p2a: Pyroar|Hyper Voice|p1a: Chi-Yu\n|-damage|p1a: Chi-Yu|0 fnt\n|faint|p1a: Chi-Yu\n|\n|upkeep\n|\n|t:|1783541505\n|switch|p1a: Latios|Latios, L78, M|100/100\n|turn|14\n|inactive|Time left: 300 sec this turn | 300 sec total\n|\n|t:|1783541506\n|move|p2a: Pyroar|Dark Pulse|p1a: Latios\n|-supereffective|p1a: Latios\n|-damage|p1a: Latios|54/100\n|move|p1a: Latios|Calm Mind|p1a: Latios\n|-boost|p1a: Latios|spa|1\n|-boost|p1a: Latios|spd|1\n|\n|upkeep\n|turn|15\n|inactive|Time left: 300 sec this turn | 300 sec total\n|\n|t:|1783541507\n|move|p2a: Pyroar|Dark Pulse|p1a: Latios\n|-supereffective|p1a: Latios\n|-damage|p1a: Latios|19/100\n|cant|p1a: Latios|flinch\n|\n|upkeep\n|turn|16\n|inactive|Time left: 300 sec this turn | 300 sec total\n|\n|t:|1783541508\n|switch|p1a: Trevenant|Trevenant, L89, M|100/100\n|move|p2a: Pyroar|Hyper Voice|p1a: Trevenant\n|-immune|p1a: Trevenant\n|\n|upkeep\n|turn|17\n|inactive|Time left: 300 sec this turn | 300 sec total\n|\n|t:|1783541509\n|switch|p1a: Komala|Komala, L87, F|12/100\n|-ability|p1a: Komala|Comatose\n|-terastallize|p2a: Pyroar|Fire\n|move|p2a: Pyroar|Fire Blast|p1a: Komala\n|-damage|p1a: Komala|0 fnt\n|faint|p1a: Komala\n|\n|upkeep\n|\n|t:|1783541510\n|switch|p1a: Latios|Latios, L78, M|19/100\n|turn|18\n|inactive|Time left: 300 sec this turn | 300 sec total\n|\n|t:|1783541511\n|switch|p1a: Trevenant|Trevenant, L89, M|100/100\n|move|p2a: Pyroar|Dark Pulse|p1a: Trevenant\n|-supereffective|p1a: Trevenant\n|-crit|p1a: Trevenant\n|-damage|p1a: Trevenant|28/100\n|\n|upkeep\n|turn|19\n|inactive|Time left: 300 sec this turn | 300 sec total\n|\n|t:|1783541512\n|switch|p1a: Latios|Latios, L78, M|19/100\n|move|p2a: Pyroar|Dark Pulse|p1a: Latios\n|-supereffective|p1a: Latios\n|-damage|p1a: Latios|0 fnt\n|faint|p1a: Latios\n|\n|upkeep\n|\n|t:|1783541513\n|switch|p1a: Trevenant|Trevenant, L89, M|28/100\n|turn|20\n|inactive|Time left: 300 sec this turn | 300 sec total\n|\n|t:|1783541514\n|move|p2a: Pyroar|Dark Pulse|p1a: Trevenant\n|-supereffective|p1a: Trevenant\n|-damage|p1a: Trevenant|0 fnt\n|faint|p1a: Trevenant\n|\n|win|p0y2057a21", "uploadtime": 1783541514, "views": 0, "rating": 0, "private": 0, "password": null, "_winner": "p0y2057a21", "_our_name": "p0y2057a21"}