{"id": "battle-gen9randombattle-2547", "formatid": "gen9randombattle", "format": "[Gen 9] Random Battle", "players": ["p0x2547cc90", "p0y25477198"], "log": "|init|battle\n|title|p0x2547cc90 vs. p0y25477198\n|j|\u2606p0x2547cc90\n|j|\u2606p0y25477198\n|t:|1783569452\n|gametype|singles\n|player|p1|p0x2547cc90|102|\n|player|p2|p0y25477198|101|\n|gen|9\n|tier|[Gen 9] Random Battle\n|rule|Species Clause: Limit one of each Pok\u00e9mon\n|rule|HP Percentage Mod: HP is shown in percentages\n|rule|Sleep Clause Mod: Limit one foe put to sleep\n|rule|Illusion Level Mod: Illusion disguises the Pok\u00e9mon's true level\n|\n|t:|1783569452\n|teamsize|p1|6\n|teamsize|p2|6\n|start\n|switch|p1a: Slowbro|Slowbro-Galar, L87, F|100/100\n|switch|p2a: Skuntank|Skuntank, L84, M|310/310\n|turn|1\n|inactive|Battle timer is ON: inactive players will automatically lose when time's up. (requested by p0x2547cc90)\n|inactive|Time left: 300 sec this turn | 300 sec total | 60 sec grace\n|inactive|p0y25477198 also wants the timer to be on.\n|\n|t:|1783569453\n|switch|p1a: Incineroar|Incineroar, L82, M|100/100\n|-ability|p1a: Incineroar|Intimidate|boost\n|-unboost|p2a: Skuntank|atk|1\n|move|p2a: Skuntank|Knock Off|p1a: Incineroar\n|-resisted|p1a: Incineroar\n|-damage|p1a: Incineroar|89/100\n|-enditem|p1a: Incineroar|Heavy-Duty Boots|[from] move: Knock Off|[of] p2a: Skuntank\n|\n|upkeep\n|turn|2\n|inactive|Time left: 300 sec this turn | 300 sec total\n|\n|t:|1783569455\n|move|p2a: Skuntank|Gunk Shot|p1a: Incineroar|[miss]\n|-miss|p2a: Skuntank|p1a: Incineroar\n|move|p1a: Incineroar|Swords Dance|p1a: Incineroar\n|-boost|p1a: Incineroar|atk|2\n|\n|upkeep\n|turn|3\n|inactive|Time left: 300 sec this turn | 300 sec total\n|\n|t:|1783569456\n|move|p2a: Skuntank|Gunk Shot|p1a: Incineroar\n|-damage|p1a: Incineroar|62/100\n|move|p1a: Incineroar|Knock Off|p2a: Skuntank\n|-resisted|p2a: Skuntank\n|-damage|p2a: Skuntank|181/310\n|-enditem|p2a: Skuntank|Focus Sash|[from] move: Knock Off|[of] p1a: Incineroar\n|\n|upkeep\n|turn|4\n|inactive|Time left: 300 sec this turn | 300 sec total\n|\n|t:|1783569457\n|move|p2a: Skuntank|Gunk Shot|p1a: Incineroar\n|-damage|p1a: Incineroar|33/100\n|move|p1a: Incineroar|Trailblaze|p2a: Skuntank\n|-resisted|p2a: Skuntank\n|-damage|p2a: Skuntank|132/310\n|-boost|p1a: Incineroar|spe|1\n|\n|upkeep\n|turn|5\n|inactive|Time left: 300 sec this turn | 300 sec total\n|\n|t:|1783569458\n|move|p1a: Incineroar|Knock Off|p2a: Skuntank\n|-resisted|p2a: Skuntank\n|-damage|p2a: Skuntank|45/310\n|move|p2a: Skuntank|Gunk Shot|p1a: Incineroar\n|-damage|p1a: Incineroar|2/100\n|-status|p1a: Incineroar|psn\n|\n|-damage|p1a: Incineroar|0 fnt|[from] psn\n|faint|p1a: Incineroar\n|upkeep\n|\n|t:|1783569459\n|switch|p1a: Garchomp|Garchomp, L74, F|100/100\n|turn|6\n|inactive|Time left: 300 sec this turn | 300 sec total\n|\n|t:|1783569460\n|move|p1a: Garchomp|Stealth Rock|p2a: Skuntank\n|-sidestart|p2: p0y25477198|move: Stealth Rock\n|move|p2a: Skuntank|Toxic Spikes|p1a: Garchomp\n|-sidestart|p1: p0x2547cc90|move: Toxic Spikes\n|\n|upkeep\n|turn|7\n|inactive|Time left: 300 sec this turn | 300 sec total\n|\n|t:|1783569461\n|move|p1a: Garchomp|Outrage|p2a: Skuntank\n|-damage|p2a: Skuntank|0 fnt\n|-damage|p1a: Garchomp|76/100|[from] ability: Aftermath|[of] p2a: Skuntank\n|faint|p2a: Skuntank\n|\n|upkeep\n|inactive|Time left: 300 sec this turn | 300 sec total | 5 sec grace\n|\n|t:|1783569462\n|switch|p2a: Meowstic|Meowstic, L89, M|277/277\n|-damage|p2a: Meowstic|243/277|[from] Stealth Rock\n|turn|8\n|inactive|Time left: 300 sec this turn | 300 sec total\n|\n|t:|1783569463\n|-terastallize|p2a: Meowstic|Fairy\n|move|p2a: Meowstic|Psychic Noise|p1a: Garchomp\n|-damage|p1a: Garchomp|44/100\n|-start|p1a: Garchomp|move: Heal Block\n|move|p1a: Garchomp|Outrage|p2a: Meowstic|[from] lockedmove\n|-immune|p2a: Meowstic\n|-start|p1a: Garchomp|confusion|[fatigue]\n|\n|upkeep\n|turn|9\n|inactive|Time left: 300 sec this turn | 300 sec total\n|\n|t:|1783569464\n|switch|p1a: Slowbro|Slowbro-Galar, L87, F|100/100\n|-sideend|p1: p0x2547cc90|move: Toxic Spikes|[of] p1a: Slowbro\n|move|p2a: Meowstic|Light Screen|p2a: Meowstic\n|-sidestart|p2: p0y25477198|move: Light Screen\n|\n|upkeep\n|turn|10\n|inactive|Time left: 300 sec this turn | 300 sec total\n|\n|t:|1783569465\n|move|p2a: Meowstic|Reflect|p2a: Meowstic\n|-sidestart|p2: p0y25477198|Reflect\n|move|p1a: Slowbro|Shell Side Arm|p2a: Meowstic|[anim] Shell Side Arm Physical\n|-supereffective|p2a: Meowstic\n|-damage|p2a: Meowstic|103/277\n|-hint|Physical Shell Side Arm\n|-damage|p1a: Slowbro|91/100|[from] item: Life Orb\n|\n|upkeep\n|turn|11\n|inactive|Time left: 300 sec this turn | 300 sec total\n|\n|t:|1783569466\n|switch|p1a: Groudon|Groudon, L72|100/100\n|-weather|SunnyDay|[from] ability: Drought|[of] p1a: Groudon\n|move|p2a: Meowstic|Psychic Noise|p1a: Groudon\n|-damage|p1a: Groudon|63/100\n|-start|p1a: Groudon|move: Heal Block\n|\n|-weather|SunnyDay|[upkeep]\n|upkeep\n|turn|12\n|inactive|Time left: 300 sec this turn | 300 sec total\n|\n|t:|1783569467\n|move|p2a: Meowstic|Psychic Noise|p1a: Groudon\n|-damage|p1a: Groudon|30/100\n|move|p1a: Groudon|Swords Dance|p1a: Groudon\n|-boost|p1a: Groudon|atk|2\n|\n|-weather|SunnyDay|[upkeep]\n|-end|p1a: Groudon|move: Heal Block\n|upkeep\n|turn|13\n|inactive|Time left: 300 sec this turn | 300 sec total\n|\n|t:|1783569468\n|switch|p1a: Gardevoir|Gardevoir, L83, M|100/100\n|-ability|p1a: Gardevoir|Prankster|Trace|[from] ability: Trace|[of] p2a: Meowstic\n|move|p2a: Meowstic|Psychic Noise|p1a: Gardevoir\n|-resisted|p1a: Gardevoir\n|-damage|p1a: Gardevoir|88/100\n|-start|p1a: Gardevoir|move: Heal Block\n|\n|-weather|SunnyDay|[upkeep]\n|upkeep\n|turn|14\n|inactive|Time left: 300 sec this turn | 300 sec total\n|\n|t:|1783569469\n|move|p1a: Gardevoir|Moonblast|p2a: Meowstic\n|-damage|p2a: Meowstic|45/277\n|move|p2a: Meowstic|Psychic Noise|p1a: Gardevoir\n|-resisted|p1a: Gardevoir\n|-damage|p1a: Gardevoir|76/100\n|\n|-weather|SunnyDay|[upkeep]\n|-end|p1a: Gardevoir|move: Heal Block\n|upkeep\n|turn|15\n|inactive|Time left: 300 sec this turn | 300 sec total\n|\n|t:|1783569471\n|move|p1a: Gardevoir|Moonblast|p2a: Meowstic\n|-damage|p2a: Meowstic|0 fnt\n|faint|p2a: Meowstic\n|\n|-weather|none\n|upkeep\n|inactive|Time left: 300 sec this turn | 300 sec total | 5 sec grace\n|\n|t:|1783569472\n|switch|p2a: Sawsbuck|Sawsbuck-Winter, L88, F|284/284\n|-damage|p2a: Sawsbuck|249/284|[from] Stealth Rock\n|turn|16\n|inactive|Time left: 300 sec this turn | 300 sec total\n|\n|t:|1783569473\n|move|p1a: Gardevoir|Moonblast|p2a: Sawsbuck\n|-damage|p2a: Sawsbuck|186/284\n|move|p2a: Sawsbuck|Swords Dance|p2a: Sawsbuck\n|-boost|p2a: Sawsbuck|atk|2\n|\n|-sideend|p2: p0y25477198|move: Light Screen\n|upkeep\n|turn|17\n|inactive|Time left: 300 sec this turn | 300 sec total\n|\n|t:|1783569474\n|-terastallize|p1a: Gardevoir|Fairy\n|move|p1a: Gardevoir|Moonblast|p2a: Sawsbuck\n|-damage|p2a: Sawsbuck|0 fnt\n|faint|p2a: Sawsbuck\n|\n|-sideend|p2: p0y25477198|Reflect\n|upkeep\n|inactive|Time left: 300 sec this turn | 300 sec total | 5 sec grace\n|\n|t:|1783569475\n|switch|p2a: Sneasler|Sneasler, L74, M|240/240\n|-damage|p2a: Sneasler|225/240|[from] Stealth Rock\n|turn|18\n|inactive|Time left: 300 sec this turn | 300 sec total\n|\n|t:|1783569476\n|move|p1a: Gardevoir|Moonblast|p2a: Sneasler\n|-damage|p2a: Sneasler|37/240\n|-unboost|p2a: Sneasler|spa|1\n|-enditem|p2a: Sneasler|White Herb\n|-clearnegativeboost|p2a: Sneasler|[silent]\n|move|p2a: Sneasler|Dire Claw|p1a: Gardevoir\n|-supereffective|p1a: Gardevoir\n|-damage|p1a: Gardevoir|0 fnt\n|faint|p1a: Gardevoir\n|\n|upkeep\n|\n|t:|1783569477\n|switch|p1a: Slowbro|Slowbro-Galar, L87, F|100/100\n|turn|19\n|inactive|Time left: 300 sec this turn | 300 sec total\n|\n|t:|1783569478\n|move|p2a: Sneasler|Dire Claw|p1a: Slowbro\n|-resisted|p1a: Slowbro\n|-damage|p1a: Slowbro|88/100\n|move|p1a: Slowbro|Psychic|p2a: Sneasler\n|-supereffective|p2a: Sneasler\n|-damage|p2a: Sneasler|0 fnt\n|faint|p2a: Sneasler\n|-damage|p1a: Slowbro|78/100|[from] item: Life Orb\n|\n|upkeep\n|inactive|Time left: 300 sec this turn | 300 sec total | 5 sec grace\n|\n|t:|1783569479\n|switch|p2a: Regieleki|Regieleki, L79|256/256\n|-damage|p2a: Regieleki|224/256|[from] Stealth Rock\n|turn|20\n|inactive|Time left: 300 sec this turn | 300 sec total\n|\n|t:|1783569480\n|switch|p1a: Groudon|Groudon, L72|30/100\n|-weather|SunnyDay|[from] ability: Drought|[of] p1a: Groudon\n|move|p2a: Regieleki|Thunderbolt|p1a: Groudon\n|-immune|p1a: Groudon\n|\n|-weather|SunnyDay|[upkeep]\n|-heal|p1a: Groudon|36/100|[from] item: Leftovers\n|upkeep\n|turn|21\n|inactive|Time left: 300 sec this turn | 300 sec total\n|\n|t:|1783569481\n|switch|p2a: Falinks|Falinks, L84|246/246\n|-damage|p2a: Falinks|231/246|[from] Stealth Rock\n|move|p1a: Groudon|Heat Crash|p2a: Falinks\n|-damage|p2a: Falinks|118/246\n|\n|-weather|SunnyDay|[upkeep]\n|-heal|p1a: Groudon|42/100|[from] item: Leftovers\n|upkeep\n|turn|22\n|inactive|Time left: 300 sec this turn | 300 sec total\n|\n|t:|1783569481\n|move|p2a: Falinks|No Retreat|p2a: Falinks\n|-boost|p2a: Falinks|atk|1\n|-boost|p2a: Falinks|def|1\n|-boost|p2a: Falinks|spa|1\n|-boost|p2a: Falinks|spd|1\n|-boost|p2a: Falinks|spe|1\n|-start|p2a: Falinks|move: No Retreat\n|move|p1a: Groudon|Heat Crash|p2a: Falinks\n|-damage|p2a: Falinks|38/246\n|\n|-weather|SunnyDay|[upkeep]\n|-heal|p1a: Groudon|48/100|[from] item: Leftovers\n|upkeep\n|turn|23\n|inactive|Time left: 300 sec this turn | 300 sec total\n|\n|t:|1783569482\n|switch|p1a: Garchomp|Garchomp, L74, F|44/100\n|move|p2a: Falinks|No Retreat||[still]\n|-fail|p2a: Falinks\n|\n|-weather|SunnyDay|[upkeep]\n|upkeep\n|turn|24\n|inactive|Time left: 300 sec this turn | 300 sec total\n|\n|t:|1783569483\n|move|p2a: Falinks|Iron Head|p1a: Garchomp\n|-damage|p1a: Garchomp|1/100\n|-damage|p2a: Falinks|8/246|[from] ability: Rough Skin|[of] p1a: Garchomp\n|-damage|p2a: Falinks|0 fnt|[from] item: Rocky Helmet|[of] p1a: Garchomp\n|faint|p2a: Falinks\n|move|p1a: Garchomp|Outrage|p2: Falinks|[notarget]\n|-fail|p1a: Garchomp\n|\n|-weather|none\n|upkeep\n|inactive|Time left: 300 sec this turn | 300 sec total | 5 sec grace\n|\n|t:|1783569484\n|switch|p2a: Regieleki|Regieleki, L79|224/256\n|-damage|p2a: Regieleki|192/256|[from] Stealth Rock\n|turn|25\n|inactive|Time left: 300 sec this turn | 300 sec total\n|\n|t:|1783569485\n|move|p2a: Regieleki|Rapid Spin|p1a: Garchomp\n|-damage|p1a: Garchomp|0 fnt\n|-boost|p2a: Regieleki|spe|1\n|-damage|p2a: Regieleki|160/256|[from] ability: Rough Skin|[of] p1a: Garchomp\n|-damage|p2a: Regieleki|118/256|[from] item: Rocky Helmet|[of] p1a: Garchomp\n|-sideend|p2: p0y25477198|Stealth Rock|[from] move: Rapid Spin|[of] p2a: Regieleki\n|faint|p1a: Garchomp\n|\n|upkeep\n|\n|t:|1783569486\n|switch|p1a: Ribombee|Ribombee, L83, F|100/100\n|turn|26\n|inactive|Time left: 300 sec this turn | 300 sec total\n|\n|t:|1783569487\n|move|p2a: Regieleki|Thunderbolt|p1a: Ribombee\n|-damage|p1a: Ribombee|37/100\n|move|p1a: Ribombee|Bug Buzz|p2a: Regieleki\n|-damage|p2a: Regieleki|0 fnt\n|faint|p2a: Regieleki\n|\n|win|p0x2547cc90", "uploadtime": 1783569487, "views": 0, "rating": 0, "private": 0, "password": null, "_winner": "p0x2547cc90", "_our_name": "p0y25477198"}