{"id": "battle-gen9randombattle-2259", "formatid": "gen9randombattle", "format": "[Gen 9] Random Battle", "players": ["p0x2259b280", "p0y2259ca25"], "log": "|init|battle\n|title|p0x2259b280 vs. p0y2259ca25\n|j|\u2606p0x2259b280\n|j|\u2606p0y2259ca25\n|t:|1783566189\n|gametype|singles\n|player|p1|p0x2259b280|102|\n|player|p2|p0y2259ca25|101|\n|gen|9\n|tier|[Gen 9] Random Battle\n|rule|Species Clause: Limit one of each Pok\u00e9mon\n|rule|HP Percentage Mod: HP is shown in percentages\n|rule|Sleep Clause Mod: Limit one foe put to sleep\n|rule|Illusion Level Mod: Illusion disguises the Pok\u00e9mon's true level\n|\n|t:|1783566189\n|teamsize|p1|6\n|teamsize|p2|6\n|start\n|switch|p1a: Samurott|Samurott, L88, M|310/310\n|switch|p2a: Gallade|Gallade, L80, M|100/100\n|turn|1\n|inactive|Battle timer is ON: inactive players will automatically lose when time's up. (requested by p0x2259b280)\n|inactive|p0y2259ca25 also wants the timer to be on.\n|\n|t:|1783566190\n|move|p2a: Gallade|Sacred Sword|p1a: Samurott\n|-damage|p1a: Samurott|103/310\n|-damage|p2a: Gallade|90/100|[from] item: Life Orb\n|move|p1a: Samurott|Liquidation|p2a: Gallade\n|-damage|p2a: Gallade|0 fnt\n|faint|p2a: Gallade\n|-damage|p1a: Samurott|72/310|[from] item: Life Orb\n|\n|upkeep\n|\n|t:|1783566191\n|switch|p2a: Shiftry|Shiftry, L89, M|100/100\n|turn|2\n|inactive|Time left: 300 sec this turn | 300 sec total\n|\n|t:|1783566192\n|switch|p1a: Overqwil|Overqwil, L82, M|274/274\n|-ability|p1a: Overqwil|Intimidate|boost\n|-unboost|p2a: Shiftry|atk|1\n|move|p2a: Shiftry|Knock Off|p1a: Overqwil\n|-resisted|p1a: Overqwil\n|-damage|p1a: Overqwil|223/274\n|-enditem|p1a: Overqwil|Life Orb|[from] move: Knock Off|[of] p2a: Shiftry\n|-damage|p2a: Shiftry|91/100|[from] item: Life Orb\n|\n|upkeep\n|turn|3\n|inactive|Time left: 300 sec this turn | 300 sec total\n|\n|t:|1783566193\n|switch|p2a: Great Tusk|Great Tusk, L77|100/100\n|-enditem|p2a: Great Tusk|Booster Energy\n|-activate|p2a: Great Tusk|ability: Protosynthesis|[fromitem]\n|-start|p2a: Great Tusk|protosynthesisatk\n|move|p1a: Overqwil|Gunk Shot|p2a: Great Tusk\n|-resisted|p2a: Great Tusk\n|-damage|p2a: Great Tusk|83/100\n|\n|upkeep\n|turn|4\n|inactive|Time left: 300 sec this turn | 300 sec total\n|\n|t:|1783566194\n|switch|p1a: Flapple|Flapple, L88, F|266/266\n|move|p2a: Great Tusk|Earthquake|p1a: Flapple\n|-resisted|p1a: Flapple\n|-damage|p1a: Flapple|194/266\n|\n|upkeep\n|turn|5\n|inactive|Time left: 300 sec this turn | 300 sec total\n|\n|t:|1783566195\n|move|p2a: Great Tusk|Close Combat|p1a: Flapple\n|-damage|p1a: Flapple|28/266\n|-unboost|p2a: Great Tusk|def|1\n|-unboost|p2a: Great Tusk|spd|1\n|move|p1a: Flapple|Grav Apple|p2a: Great Tusk\n|-supereffective|p2a: Great Tusk\n|-damage|p2a: Great Tusk|0 fnt\n|faint|p2a: Great Tusk\n|-end|p2a: Great Tusk|Protosynthesis|[silent]\n|\n|upkeep\n|\n|t:|1783566196\n|switch|p2a: Espathra|Espathra, L80, M|100/100\n|turn|6\n|inactive|Time left: 300 sec this turn | 300 sec total\n|\n|t:|1783566197\n|switch|p1a: Overqwil|Overqwil, L82, M|223/274\n|-ability|p1a: Overqwil|Intimidate|boost\n|-unboost|p2a: Espathra|atk|1\n|move|p2a: Espathra|Dazzling Gleam|p1a: Overqwil\n|-damage|p1a: Overqwil|160/274\n|\n|-ability|p2a: Espathra|Speed Boost|boost\n|-boost|p2a: Espathra|spe|1\n|upkeep\n|turn|7\n|inactive|Time left: 300 sec this turn | 300 sec total\n|\n|t:|1783566198\n|move|p2a: Espathra|Substitute|p2a: Espathra\n|-start|p2a: Espathra|Substitute\n|-damage|p2a: Espathra|76/100\n|move|p1a: Overqwil|Gunk Shot|p2a: Espathra\n|-end|p2a: Espathra|Substitute\n|\n|-heal|p2a: Espathra|82/100|[from] item: Leftovers\n|-ability|p2a: Espathra|Speed Boost|boost\n|-boost|p2a: Espathra|spe|1\n|upkeep\n|turn|8\n|inactive|Time left: 300 sec this turn | 300 sec total\n|\n|t:|1783566199\n|move|p2a: Espathra|Substitute|p2a: Espathra\n|-start|p2a: Espathra|Substitute\n|-damage|p2a: Espathra|57/100\n|move|p1a: Overqwil|Gunk Shot|p2a: Espathra\n|-end|p2a: Espathra|Substitute\n|\n|-heal|p2a: Espathra|63/100|[from] item: Leftovers\n|-ability|p2a: Espathra|Speed Boost|boost\n|-boost|p2a: Espathra|spe|1\n|upkeep\n|turn|9\n|inactive|Time left: 300 sec this turn | 300 sec total\n|\n|t:|1783566200\n|move|p2a: Espathra|Substitute|p2a: Espathra\n|-start|p2a: Espathra|Substitute\n|-damage|p2a: Espathra|38/100\n|move|p1a: Overqwil|Gunk Shot|p2a: Espathra\n|-end|p2a: Espathra|Substitute\n|\n|-heal|p2a: Espathra|44/100|[from] item: Leftovers\n|-ability|p2a: Espathra|Speed Boost|boost\n|-boost|p2a: Espathra|spe|1\n|upkeep\n|turn|10\n|inactive|Time left: 300 sec this turn | 300 sec total\n|\n|t:|1783566201\n|move|p2a: Espathra|Substitute|p2a: Espathra\n|-start|p2a: Espathra|Substitute\n|-damage|p2a: Espathra|20/100\n|move|p1a: Overqwil|Gunk Shot|p2a: Espathra\n|-end|p2a: Espathra|Substitute\n|\n|-heal|p2a: Espathra|26/100|[from] item: Leftovers\n|-ability|p2a: Espathra|Speed Boost|boost\n|-boost|p2a: Espathra|spe|1\n|upkeep\n|turn|11\n|inactive|Time left: 300 sec this turn | 300 sec total\n|\n|t:|1783566202\n|move|p2a: Espathra|Substitute|p2a: Espathra\n|-start|p2a: Espathra|Substitute\n|-damage|p2a: Espathra|1/100\n|move|p1a: Overqwil|Liquidation|p2a: Espathra\n|-end|p2a: Espathra|Substitute\n|\n|-heal|p2a: Espathra|7/100|[from] item: Leftovers\n|-ability|p2a: Espathra|Speed Boost|boost\n|-boost|p2a: Espathra|spe|1\n|upkeep\n|turn|12\n|inactive|Time left: 300 sec this turn | 300 sec total\n|\n|t:|1783566203\n|move|p2a: Espathra|Dazzling Gleam|p1a: Overqwil\n|-damage|p1a: Overqwil|94/274\n|move|p1a: Overqwil|Liquidation|p2a: Espathra\n|-damage|p2a: Espathra|0 fnt\n|faint|p2a: Espathra\n|\n|upkeep\n|\n|t:|1783566204\n|switch|p2a: Vigoroth|Vigoroth, L85, F|100/100\n|turn|13\n|inactive|Time left: 300 sec this turn | 300 sec total\n|\n|t:|1783566205\n|switch|p1a: Blastoise|Blastoise, L80, M|258/258\n|move|p2a: Vigoroth|Bulk Up|p2a: Vigoroth\n|-boost|p2a: Vigoroth|atk|1\n|-boost|p2a: Vigoroth|def|1\n|\n|upkeep\n|turn|14\n|inactive|Time left: 300 sec this turn | 300 sec total\n|\n|t:|1783566206\n|move|p2a: Vigoroth|Body Slam|p1a: Blastoise\n|-damage|p1a: Blastoise|152/258\n|-status|p1a: Blastoise|par\n|cant|p1a: Blastoise|par\n|\n|upkeep\n|turn|15\n|inactive|Time left: 300 sec this turn | 300 sec total\n|\n|t:|1783566207\n|move|p2a: Vigoroth|Bulk Up|p2a: Vigoroth\n|-boost|p2a: Vigoroth|atk|1\n|-boost|p2a: Vigoroth|def|1\n|move|p1a: Blastoise|Ice Beam|p2a: Vigoroth\n|-damage|p2a: Vigoroth|84/100\n|\n|upkeep\n|turn|16\n|inactive|Time left: 300 sec this turn | 300 sec total\n|\n|t:|1783566208\n|move|p2a: Vigoroth|Body Slam|p1a: Blastoise\n|-damage|p1a: Blastoise|0 fnt\n|faint|p1a: Blastoise\n|\n|upkeep\n|inactive|Time left: 300 sec this turn | 300 sec total | 5 sec grace\n|\n|t:|1783566209\n|switch|p1a: Overqwil|Overqwil, L82, M|94/274\n|-ability|p1a: Overqwil|Intimidate|boost\n|-unboost|p2a: Vigoroth|atk|1\n|turn|17\n|inactive|Time left: 300 sec this turn | 300 sec total\n|\n|t:|1783566210\n|switch|p1a: Froslass|Froslass, L87, F|263/263\n|move|p2a: Vigoroth|Body Slam|p1a: Froslass\n|-immune|p1a: Froslass\n|\n|upkeep\n|turn|18\n|inactive|Time left: 300 sec this turn | 300 sec total\n|\n|t:|1783566211\n|switch|p1a: Overqwil|Overqwil, L82, M|94/274\n|-ability|p1a: Overqwil|Intimidate|boost\n|-unboost|p2a: Vigoroth|atk|1\n|move|p2a: Vigoroth|Earthquake|p1a: Overqwil\n|-supereffective|p1a: Overqwil\n|-damage|p1a: Overqwil|0 fnt\n|faint|p1a: Overqwil\n|\n|upkeep\n|inactive|Time left: 300 sec this turn | 300 sec total | 5 sec grace\n|\n|t:|1783566212\n|switch|p1a: Dedenne|Dedenne, L88, M|261/261\n|turn|19\n|inactive|Time left: 300 sec this turn | 300 sec total\n|\n|t:|1783566213\n|move|p1a: Dedenne|Super Fang|p2a: Vigoroth\n|-damage|p2a: Vigoroth|42/100\n|move|p2a: Vigoroth|Slack Off|p2a: Vigoroth\n|-heal|p2a: Vigoroth|92/100\n|\n|upkeep\n|turn|20\n|inactive|Time left: 300 sec this turn | 300 sec total\n|\n|t:|1783566214\n|move|p1a: Dedenne|Nuzzle|p2a: Vigoroth\n|-damage|p2a: Vigoroth|90/100\n|-status|p2a: Vigoroth|par\n|move|p2a: Vigoroth|Body Slam|p1a: Dedenne\n|-damage|p1a: Dedenne|153/261\n|\n|upkeep\n|turn|21\n|inactive|Time left: 300 sec this turn | 300 sec total\n|\n|t:|1783566215\n|move|p1a: Dedenne|Super Fang|p2a: Vigoroth\n|-damage|p2a: Vigoroth|45/100 par\n|move|p2a: Vigoroth|Earthquake|p1a: Dedenne\n|-supereffective|p1a: Dedenne\n|-damage|p1a: Dedenne|0 fnt\n|faint|p1a: Dedenne\n|\n|upkeep\n|inactive|Time left: 300 sec this turn | 300 sec total | 5 sec grace\n|\n|t:|1783566216\n|switch|p1a: Flapple|Flapple, L88, F|28/266\n|turn|22\n|inactive|Time left: 300 sec this turn | 300 sec total\n|\n|t:|1783566217\n|move|p1a: Flapple|Outrage|p2a: Vigoroth\n|-damage|p2a: Vigoroth|0 fnt\n|faint|p2a: Vigoroth\n|\n|upkeep\n|\n|t:|1783566217\n|switch|p2a: Shiftry|Shiftry, L89, M|91/100\n|turn|23\n|inactive|Time left: 300 sec this turn | 300 sec total\n|\n|t:|1783566218\n|-terastallize|p2a: Shiftry|Dark\n|move|p2a: Shiftry|Leaf Blade|p1a: Flapple\n|-resisted|p1a: Flapple\n|-damage|p1a: Flapple|0 fnt\n|faint|p1a: Flapple\n|-damage|p2a: Shiftry|81/100|[from] item: Life Orb\n|\n|upkeep\n|inactive|Time left: 300 sec this turn | 300 sec total | 5 sec grace\n|\n|t:|1783566219\n|switch|p1a: Samurott|Samurott, L88, M|72/310\n|turn|24\n|inactive|Time left: 300 sec this turn | 300 sec total\n|\n|t:|1783566220\n|move|p1a: Samurott|Aqua Jet|p2a: Shiftry\n|-damage|p2a: Shiftry|40/100\n|-damage|p1a: Samurott|41/310|[from] item: Life Orb\n|move|p2a: Shiftry|Knock Off|p1a: Samurott\n|-damage|p1a: Samurott|0 fnt\n|-enditem|p1a: Samurott|Life Orb|[from] move: Knock Off|[of] p2a: Shiftry\n|faint|p1a: Samurott\n|-damage|p2a: Shiftry|30/100|[from] item: Life Orb\n|\n|upkeep\n|inactive|Time left: 300 sec this turn | 300 sec total | 5 sec grace\n|\n|t:|1783566221\n|switch|p1a: Froslass|Froslass, L87, F|263/263\n|turn|25\n|inactive|Time left: 300 sec this turn | 300 sec total\n|\n|t:|1783566222\n|-terastallize|p1a: Froslass|Ghost\n|move|p1a: Froslass|Triple Axel|p2a: Shiftry\n|-damage|p2a: Shiftry|21/100\n|-damage|p2a: Shiftry|6/100\n|-damage|p2a: Shiftry|0 fnt\n|faint|p2a: Shiftry\n|-hitcount|p2: Shiftry|3\n|\n|upkeep\n|\n|t:|1783566223\n|switch|p2a: Cryogonal|Cryogonal, L89|100/100\n|turn|26\n|inactive|Time left: 300 sec this turn | 300 sec total\n|\n|t:|1783566224\n|move|p1a: Froslass|Poltergeist|p2a: Cryogonal\n|-activate|p2a: Cryogonal|move: Poltergeist|Heavy-Duty Boots\n|-damage|p2a: Cryogonal|33/100\n|move|p2a: Cryogonal|Recover|p2a: Cryogonal\n|-heal|p2a: Cryogonal|83/100\n|\n|upkeep\n|turn|27\n|inactive|Time left: 300 sec this turn | 300 sec total\n|\n|t:|1783566225\n|move|p1a: Froslass|Poltergeist|p2a: Cryogonal\n|-activate|p2a: Cryogonal|move: Poltergeist|Heavy-Duty Boots\n|-damage|p2a: Cryogonal|14/100\n|move|p2a: Cryogonal|Freeze-Dry|p1a: Froslass\n|-damage|p1a: Froslass|166/263\n|-start|p2a: Cryogonal|Disable|Freeze-Dry|[from] ability: Cursed Body|[of] p1a: Froslass\n|\n|upkeep\n|turn|28\n|inactive|Time left: 300 sec this turn | 300 sec total\n|\n|t:|1783566225\n|move|p1a: Froslass|Poltergeist|p2a: Cryogonal\n|-activate|p2a: Cryogonal|move: Poltergeist|Heavy-Duty Boots\n|-damage|p2a: Cryogonal|0 fnt\n|faint|p2a: Cryogonal\n|\n|win|p0x2259b280", "uploadtime": 1783566225, "views": 0, "rating": 0, "private": 0, "password": null, "_winner": "p0x2259b280", "_our_name": "p0x2259b280"}