{"id": "battle-gen9randombattle-2162", "formatid": "gen9randombattle", "format": "[Gen 9] Random Battle", "players": ["p0x216262af", "p0y2162b6fa"], "log": "|init|battle\n|title|p0x216262af vs. p0y2162b6fa\n|j|\u2606p0x216262af\n|j|\u2606p0y2162b6fa\n|t:|1783565032\n|gametype|singles\n|player|p1|p0x216262af|170|\n|player|p2|p0y2162b6fa|101|\n|gen|9\n|tier|[Gen 9] Random Battle\n|rule|Species Clause: Limit one of each Pok\u00e9mon\n|rule|HP Percentage Mod: HP is shown in percentages\n|rule|Sleep Clause Mod: Limit one foe put to sleep\n|rule|Illusion Level Mod: Illusion disguises the Pok\u00e9mon's true level\n|\n|t:|1783565032\n|teamsize|p1|6\n|teamsize|p2|6\n|start\n|switch|p1a: Cramorant|Cramorant, L86, M|261/261\n|switch|p2a: Kommo-o|Kommo-o, L77, M|100/100\n|turn|1\n|inactive|Battle timer is ON: inactive players will automatically lose when time's up. (requested by p0y2162b6fa)\n|inactive|Time left: 300 sec this turn | 300 sec total | 60 sec grace\n|inactive|p0x216262af also wants the timer to be on.\n|\n|t:|1783565034\n|move|p1a: Cramorant|Brave Bird|p2a: Kommo-o\n|-supereffective|p2a: Kommo-o\n|-damage|p2a: Kommo-o|21/100\n|-damage|p1a: Cramorant|198/261|[from] Recoil\n|move|p2a: Kommo-o|Clangorous Soul||[still]\n|-fail|p2a: Kommo-o\n|\n|upkeep\n|turn|2\n|inactive|Time left: 300 sec this turn | 300 sec total\n|\n|t:|1783565035\n|switch|p2a: Wyrdeer|Wyrdeer, L87, M|100/100\n|-ability|p2a: Wyrdeer|Intimidate|boost\n|-unboost|p1a: Cramorant|atk|1\n|move|p1a: Cramorant|Brave Bird|p2a: Wyrdeer\n|-damage|p2a: Wyrdeer|70/100\n|-damage|p1a: Cramorant|166/261|[from] Recoil\n|\n|-heal|p2a: Wyrdeer|77/100|[from] item: Leftovers\n|upkeep\n|turn|3\n|inactive|Time left: 300 sec this turn | 300 sec total\n|\n|t:|1783565036\n|move|p1a: Cramorant|Surf|p2a: Wyrdeer\n|-formechange|p1a: Cramorant|Cramorant-Gulping|\n|-damage|p2a: Wyrdeer|48/100\n|move|p2a: Wyrdeer|Body Slam|p1a: Cramorant\n|-damage|p1a: Cramorant|30/261\n|-damage|p2a: Wyrdeer|23/100|[from] ability: Gulp Missile|[of] p1a: Cramorant\n|-unboost|p2a: Wyrdeer|def|1\n|-formechange|p1a: Cramorant|Cramorant|\n|\n|-heal|p2a: Wyrdeer|29/100|[from] item: Leftovers\n|upkeep\n|turn|4\n|inactive|Time left: 300 sec this turn | 300 sec total\n|\n|t:|1783565037\n|switch|p2a: Exeggutor|Exeggutor, L89, F|100/100\n|move|p1a: Cramorant|Surf|p2a: Exeggutor\n|-formechange|p1a: Cramorant|Cramorant-Gorging|\n|-resisted|p2a: Exeggutor\n|-damage|p2a: Exeggutor|84/100\n|\n|upkeep\n|turn|5\n|inactive|Time left: 300 sec this turn | 300 sec total\n|\n|t:|1783565038\n|move|p1a: Cramorant|Roost|p1a: Cramorant\n|-heal|p1a: Cramorant|161/261\n|-singleturn|p1a: Cramorant|move: Roost\n|move|p2a: Exeggutor|Leech Seed|p1a: Cramorant\n|-start|p1a: Cramorant|move: Leech Seed\n|\n|-damage|p1a: Cramorant|129/261|[from] Leech Seed|[of] p2a: Exeggutor\n|-heal|p2a: Exeggutor|94/100|[silent]\n|upkeep\n|turn|6\n|inactive|Time left: 300 sec this turn | 300 sec total\n|\n|t:|1783565039\n|switch|p1a: Reuniclus|Reuniclus, L88, F|337/337\n|move|p2a: Exeggutor|Sleep Powder|p1a: Reuniclus\n|-status|p1a: Reuniclus|slp|[from] move: Sleep Powder\n|\n|upkeep\n|turn|7\n|inactive|Time left: 300 sec this turn | 300 sec total\n|\n|t:|1783565040\n|move|p2a: Exeggutor|Psychic Noise|p1a: Reuniclus\n|-resisted|p1a: Reuniclus\n|-damage|p1a: Reuniclus|287/337 slp\n|-start|p1a: Reuniclus|move: Heal Block\n|cant|p1a: Reuniclus|slp\n|\n|upkeep\n|turn|8\n|inactive|Time left: 300 sec this turn | 300 sec total\n|\n|t:|1783565041\n|move|p2a: Exeggutor|Leech Seed|p1a: Reuniclus\n|-start|p1a: Reuniclus|move: Leech Seed\n|cant|p1a: Reuniclus|slp\n|\n|-end|p1a: Reuniclus|move: Heal Block\n|upkeep\n|turn|9\n|inactive|Time left: 300 sec this turn | 300 sec total\n|\n|t:|1783565042\n|move|p2a: Exeggutor|Psychic Noise|p1a: Reuniclus\n|-resisted|p1a: Reuniclus\n|-damage|p1a: Reuniclus|233/337 slp\n|-start|p1a: Reuniclus|move: Heal Block\n|cant|p1a: Reuniclus|slp\n|\n|upkeep\n|turn|10\n|inactive|Time left: 300 sec this turn | 300 sec total\n|\n|t:|1783565044\n|switch|p2a: Wyrdeer|Wyrdeer, L87, M|29/100\n|-ability|p2a: Wyrdeer|Intimidate|boost\n|-unboost|p1a: Reuniclus|atk|1\n|-curestatus|p1a: Reuniclus|slp|[msg]\n|move|p1a: Reuniclus|Focus Blast|p2a: Wyrdeer|[miss]\n|-miss|p1a: Reuniclus|p2a: Wyrdeer\n|\n|-heal|p2a: Wyrdeer|36/100|[from] item: Leftovers\n|-end|p1a: Reuniclus|move: Heal Block\n|upkeep\n|turn|11\n|inactive|Time left: 300 sec this turn | 300 sec total\n|\n|t:|1783565045\n|move|p2a: Wyrdeer|Body Slam|p1a: Reuniclus\n|-damage|p1a: Reuniclus|125/337\n|move|p1a: Reuniclus|Focus Blast|p2a: Wyrdeer\n|-damage|p2a: Wyrdeer|0 fnt\n|faint|p2a: Wyrdeer\n|\n|upkeep\n|\n|t:|1783565046\n|switch|p2a: Flapple|Flapple, L88, M|100/100\n|turn|12\n|inactive|Time left: 300 sec this turn | 300 sec total\n|\n|t:|1783565047\n|switch|p1a: Tinkaton|Tinkaton, L82, F|274/274\n|-ability|p1a: Tinkaton|Mold Breaker\n|move|p2a: Flapple|Outrage|p1a: Tinkaton\n|-immune|p1a: Tinkaton\n|\n|upkeep\n|turn|13\n|inactive|Time left: 300 sec this turn | 300 sec total\n|\n|t:|1783565048\n|move|p1a: Tinkaton|Gigaton Hammer|p2a: Flapple\n|-damage|p2a: Flapple|46/100\n|move|p2a: Flapple|Dragon Dance|p2a: Flapple\n|-boost|p2a: Flapple|atk|1\n|-boost|p2a: Flapple|spe|1\n|\n|upkeep\n|turn|14\n|inactive|Time left: 300 sec this turn | 300 sec total\n|\n|t:|1783565049\n|move|p2a: Flapple|Grav Apple|p1a: Tinkaton\n|-resisted|p1a: Tinkaton\n|-damage|p1a: Tinkaton|139/274\n|-unboost|p1a: Tinkaton|def|1\n|move|p1a: Tinkaton|Play Rough|p2a: Flapple\n|-supereffective|p2a: Flapple\n|-crit|p2a: Flapple\n|-damage|p2a: Flapple|0 fnt\n|faint|p2a: Flapple\n|\n|-heal|p1a: Tinkaton|156/274|[from] item: Leftovers\n|upkeep\n|\n|t:|1783565050\n|switch|p2a: Magearna|Magearna, L77|100/100\n|turn|15\n|inactive|Time left: 300 sec this turn | 300 sec total\n|\n|t:|1783565051\n|move|p1a: Tinkaton|Gigaton Hammer|p2a: Magearna\n|-damage|p2a: Magearna|57/100\n|move|p2a: Magearna|Shift Gear|p2a: Magearna\n|-boost|p2a: Magearna|spe|2\n|-boost|p2a: Magearna|atk|1\n|\n|-heal|p1a: Tinkaton|173/274|[from] item: Leftovers\n|upkeep\n|turn|16\n|inactive|Time left: 300 sec this turn | 300 sec total\n|\n|t:|1783565052\n|switch|p1a: Cramorant|Cramorant, L86, M|129/261\n|move|p2a: Magearna|Iron Head|p1a: Cramorant\n|-resisted|p1a: Cramorant\n|-crit|p1a: Cramorant\n|-damage|p1a: Cramorant|30/261\n|\n|upkeep\n|turn|17\n|inactive|Time left: 300 sec this turn | 300 sec total\n|\n|t:|1783565053\n|move|p2a: Magearna|Iron Head|p1a: Cramorant\n|-resisted|p1a: Cramorant\n|-damage|p1a: Cramorant|0 fnt\n|faint|p1a: Cramorant\n|-ability|p2a: Magearna|Soul-Heart|boost\n|-boost|p2a: Magearna|spa|1\n|\n|upkeep\n|inactive|Time left: 300 sec this turn | 300 sec total | 5 sec grace\n|\n|t:|1783565054\n|switch|p1a: Tinkaton|Tinkaton, L82, F|173/274\n|-ability|p1a: Tinkaton|Mold Breaker\n|turn|18\n|inactive|Time left: 300 sec this turn | 300 sec total\n|\n|t:|1783565055\n|-terastallize|p2a: Magearna|Ground\n|move|p2a: Magearna|Tera Blast|p1a: Tinkaton|[anim] Tera Blast Ground\n|-supereffective|p1a: Tinkaton\n|-damage|p1a: Tinkaton|0 fnt\n|faint|p1a: Tinkaton\n|-ability|p2a: Magearna|Soul-Heart|boost\n|-boost|p2a: Magearna|spa|1\n|\n|upkeep\n|inactive|Time left: 300 sec this turn | 300 sec total | 5 sec grace\n|\n|t:|1783565056\n|switch|p1a: Regidrago|Regidrago, L77|435/435\n|turn|19\n|inactive|Time left: 300 sec this turn | 300 sec total\n|\n|t:|1783565057\n|move|p2a: Magearna|Fleur Cannon|p1a: Regidrago|[miss]\n|-miss|p2a: Magearna|p1a: Regidrago\n|move|p1a: Regidrago|Draco Meteor|p2a: Magearna\n|-damage|p2a: Magearna|0 fnt\n|-unboost|p1a: Regidrago|spa|2\n|faint|p2a: Magearna\n|\n|upkeep\n|\n|t:|1783565058\n|switch|p2a: Porygon-Z|Porygon-Z, L83|100/100\n|turn|20\n|inactive|Time left: 300 sec this turn | 300 sec total\n|\n|t:|1783565059\n|move|p2a: Porygon-Z|Tri Attack|p1a: Regidrago\n|-damage|p1a: Regidrago|205/435\n|move|p1a: Regidrago|Dragon Dance|p1a: Regidrago\n|-boost|p1a: Regidrago|atk|1\n|-boost|p1a: Regidrago|spe|1\n|\n|upkeep\n|turn|21\n|inactive|Time left: 300 sec this turn | 300 sec total\n|\n|t:|1783565060\n|move|p2a: Porygon-Z|Tri Attack|p1a: Regidrago\n|-damage|p1a: Regidrago|0 fnt\n|faint|p1a: Regidrago\n|\n|upkeep\n|inactive|Time left: 300 sec this turn | 300 sec total | 5 sec grace\n|\n|t:|1783565061\n|switch|p1a: Ambipom|Ambipom, L84, F|263/263\n|turn|22\n|inactive|Time left: 300 sec this turn | 300 sec total\n|\n|t:|1783565062\n|-terastallize|p1a: Ambipom|Ice\n|move|p2a: Porygon-Z|Tri Attack|p1a: Ambipom\n|-damage|p1a: Ambipom|85/263\n|move|p1a: Ambipom|Triple Axel|p2a: Porygon-Z\n|-damage|p2a: Porygon-Z|80/100\n|-damage|p2a: Porygon-Z|39/100\n|-crit|p2a: Porygon-Z\n|-damage|p2a: Porygon-Z|0 fnt\n|faint|p2a: Porygon-Z\n|-hitcount|p2: Porygon-Z|3\n|\n|upkeep\n|\n|t:|1783565063\n|switch|p2a: Kommo-o|Kommo-o, L77, M|21/100\n|turn|23\n|inactive|Time left: 300 sec this turn | 300 sec total\n|\n|t:|1783565064\n|move|p1a: Ambipom|Triple Axel|p2a: Kommo-o\n|-supereffective|p2a: Kommo-o\n|-damage|p2a: Kommo-o|0 fnt\n|faint|p2a: Kommo-o\n|-hitcount|p2: Kommo-o|1\n|\n|upkeep\n|\n|t:|1783565065\n|switch|p2a: Exeggutor|Exeggutor, L89, F|94/100\n|turn|24\n|inactive|Time left: 300 sec this turn | 300 sec total\n|\n|t:|1783565066\n|move|p1a: Ambipom|Triple Axel|p2a: Exeggutor\n|-supereffective|p2a: Exeggutor\n|-crit|p2a: Exeggutor\n|-damage|p2a: Exeggutor|48/100\n|-enditem|p2a: Exeggutor|Sitrus Berry|[eat]\n|-heal|p2a: Exeggutor|73/100|[from] item: Sitrus Berry\n|-supereffective|p2a: Exeggutor\n|-damage|p2a: Exeggutor|11/100\n|-supereffective|p2a: Exeggutor\n|-damage|p2a: Exeggutor|0 fnt\n|faint|p2a: Exeggutor\n|-hitcount|p2: Exeggutor|3\n|\n|win|p0x216262af", "uploadtime": 1783565066, "views": 0, "rating": 0, "private": 0, "password": null, "_winner": "p0x216262af", "_our_name": "p0x216262af"}