{"id": "battle-gen9randombattle-1630", "formatid": "gen9randombattle", "format": "[Gen 9] Random Battle", "players": ["p0x163038c3", "p0y163084c2"], "log": "|init|battle\n|title|p0x163038c3 vs. p0y163084c2\n|j|\u2606p0x163038c3\n|j|\u2606p0y163084c2\n|t:|1783558843\n|gametype|singles\n|player|p1|p0x163038c3|266|\n|player|p2|p0y163084c2|2|\n|gen|9\n|tier|[Gen 9] Random Battle\n|rule|Species Clause: Limit one of each Pok\u00e9mon\n|rule|HP Percentage Mod: HP is shown in percentages\n|rule|Sleep Clause Mod: Limit one foe put to sleep\n|rule|Illusion Level Mod: Illusion disguises the Pok\u00e9mon's true level\n|\n|t:|1783558843\n|teamsize|p1|6\n|teamsize|p2|6\n|start\n|switch|p1a: Mudsdale|Mudsdale, L83, F|302/302\n|switch|p2a: Exeggutor|Exeggutor, L89, F|100/100\n|turn|1\n|inactive|Battle timer is ON: inactive players will automatically lose when time's up. (requested by p0y163084c2)\n|inactive|Time left: 300 sec this turn | 300 sec total | 60 sec grace\n|inactive|p0x163038c3 also wants the timer to be on.\n|\n|t:|1783558845\n|move|p2a: Exeggutor|Psychic|p1a: Mudsdale\n|-damage|p1a: Mudsdale|163/302\n|-unboost|p1a: Mudsdale|spd|1\n|-ability|p1a: Mudsdale|Stamina|boost\n|-boost|p1a: Mudsdale|def|1\n|move|p1a: Mudsdale|Earthquake|p2a: Exeggutor\n|-resisted|p2a: Exeggutor\n|-damage|p2a: Exeggutor|80/100\n|\n|-heal|p1a: Mudsdale|181/302|[from] item: Leftovers\n|upkeep\n|turn|2\n|inactive|Time left: 300 sec this turn | 300 sec total\n|\n|t:|1783558846\n|switch|p1a: Magnezone|Magnezone, L85|258/258\n|move|p2a: Exeggutor|Psychic|p1a: Magnezone\n|-resisted|p1a: Magnezone\n|-damage|p1a: Magnezone|213/258\n|\n|upkeep\n|turn|3\n|inactive|Time left: 300 sec this turn | 300 sec total\n|\n|t:|1783558848\n|move|p1a: Magnezone|Thunderbolt|p2a: Exeggutor\n|-resisted|p2a: Exeggutor\n|-damage|p2a: Exeggutor|59/100\n|move|p2a: Exeggutor|Leech Seed|p1a: Magnezone|[miss]\n|-miss|p2a: Exeggutor|p1a: Magnezone\n|\n|upkeep\n|turn|4\n|inactive|Time left: 300 sec this turn | 300 sec total\n|\n|t:|1783558849\n|move|p1a: Magnezone|Flash Cannon|p2a: Exeggutor\n|-damage|p2a: Exeggutor|20/100\n|-enditem|p2a: Exeggutor|Sitrus Berry|[eat]\n|-heal|p2a: Exeggutor|45/100|[from] item: Sitrus Berry\n|move|p2a: Exeggutor|Leech Seed|p1a: Magnezone\n|-start|p1a: Magnezone|move: Leech Seed\n|\n|-damage|p1a: Magnezone|181/258|[from] Leech Seed|[of] p2a: Exeggutor\n|-heal|p2a: Exeggutor|55/100|[silent]\n|upkeep\n|turn|5\n|inactive|Time left: 300 sec this turn | 300 sec total\n|\n|t:|1783558850\n|move|p1a: Magnezone|Volt Switch|p2a: Exeggutor\n|-resisted|p2a: Exeggutor\n|-damage|p2a: Exeggutor|40/100\n|inactive|Time left: 300 sec this turn | 300 sec total | 5 sec grace\n|\n|t:|1783558851\n|switch|p1a: Chimecho|Chimecho, L93, F|290/290|[from] Volt Switch\n|move|p2a: Exeggutor|Psychic|p1a: Chimecho\n|-resisted|p1a: Chimecho\n|-crit|p1a: Chimecho\n|-damage|p1a: Chimecho|203/290\n|-unboost|p1a: Chimecho|spd|1\n|\n|-heal|p1a: Chimecho|221/290|[from] item: Leftovers\n|upkeep\n|turn|6\n|inactive|Time left: 300 sec this turn | 300 sec total\n|\n|t:|1783558852\n|move|p1a: Chimecho|Knock Off|p2a: Exeggutor\n|-supereffective|p2a: Exeggutor\n|-damage|p2a: Exeggutor|17/100\n|move|p2a: Exeggutor|Psychic|p1a: Chimecho\n|-resisted|p1a: Chimecho\n|-damage|p1a: Chimecho|140/290\n|\n|-heal|p1a: Chimecho|158/290|[from] item: Leftovers\n|upkeep\n|turn|7\n|inactive|Time left: 300 sec this turn | 300 sec total\n|\n|t:|1783558854\n|move|p1a: Chimecho|Knock Off|p2a: Exeggutor\n|-supereffective|p2a: Exeggutor\n|-damage|p2a: Exeggutor|0 fnt\n|faint|p2a: Exeggutor\n|\n|-heal|p1a: Chimecho|176/290|[from] item: Leftovers\n|upkeep\n|\n|t:|1783558855\n|switch|p2a: Tornadus|Tornadus-Therian, L79, M|100/100\n|turn|8\n|inactive|Time left: 300 sec this turn | 300 sec total\n|\n|t:|1783558856\n|move|p2a: Tornadus|Bleakwind Storm|p1a: Chimecho|[miss]\n|-miss|p2a: Tornadus|p1a: Chimecho\n|move|p1a: Chimecho|Recover|p1a: Chimecho\n|-heal|p1a: Chimecho|290/290\n|\n|upkeep\n|turn|9\n|inactive|Time left: 300 sec this turn | 300 sec total\n|\n|t:|1783558857\n|switch|p1a: Magnezone|Magnezone, L85|181/258\n|move|p2a: Tornadus|Bleakwind Storm|p1a: Magnezone|[miss]\n|-miss|p2a: Tornadus|p1a: Magnezone\n|\n|upkeep\n|turn|10\n|inactive|Time left: 300 sec this turn | 300 sec total\n|\n|t:|1783558858\n|switch|p2a: Regice|Regice, L88|100/100\n|move|p1a: Magnezone|Thunderbolt|p2a: Regice\n|-damage|p2a: Regice|77/100\n|\n|upkeep\n|turn|11\n|inactive|Time left: 300 sec this turn | 300 sec total\n|\n|t:|1783558859\n|move|p1a: Magnezone|Body Press|p2a: Regice\n|-supereffective|p2a: Regice\n|-damage|p2a: Regice|37/100\n|move|p2a: Regice|Body Press|p1a: Magnezone\n|-supereffective|p1a: Magnezone\n|-crit|p1a: Magnezone\n|-damage|p1a: Magnezone|25/258\n|\n|upkeep\n|turn|12\n|inactive|Time left: 300 sec this turn | 300 sec total\n|\n|t:|1783558860\n|-terastallize|p2a: Regice|Electric\n|move|p1a: Magnezone|Flash Cannon|p2a: Regice\n|-resisted|p2a: Regice\n|-damage|p2a: Regice|28/100\n|move|p2a: Regice|Ice Beam|p1a: Magnezone\n|-resisted|p1a: Magnezone\n|-damage|p1a: Magnezone|0 fnt\n|faint|p1a: Magnezone\n|\n|upkeep\n|inactive|Time left: 300 sec this turn | 300 sec total | 5 sec grace\n|\n|t:|1783558861\n|switch|p1a: Haxorus|Haxorus, L77, M|244/244\n|-ability|p1a: Haxorus|Mold Breaker\n|turn|13\n|inactive|Time left: 300 sec this turn | 300 sec total\n|\n|t:|1783558862\n|move|p1a: Haxorus|Outrage|p2a: Regice\n|-damage|p2a: Regice|0 fnt\n|faint|p2a: Regice\n|\n|upkeep\n|\n|t:|1783558862\n|switch|p2a: Bisharp|Bisharp, L79, M|100/100\n|turn|14\n|inactive|Time left: 300 sec this turn | 300 sec total\n|\n|t:|1783558863\n|move|p1a: Haxorus|Outrage|p2a: Bisharp|[from] lockedmove\n|-resisted|p2a: Bisharp\n|-damage|p2a: Bisharp|80/100\n|-start|p1a: Haxorus|confusion|[fatigue]\n|-enditem|p1a: Haxorus|Lum Berry|[eat]\n|-end|p1a: Haxorus|confusion\n|move|p2a: Bisharp|Throat Chop|p1a: Haxorus\n|-damage|p1a: Haxorus|138/244\n|-start|p1a: Haxorus|Throat Chop|[silent]\n|\n|upkeep\n|turn|15\n|inactive|Time left: 300 sec this turn | 300 sec total\n|\n|t:|1783558864\n|move|p1a: Haxorus|Close Combat|p2a: Bisharp\n|-supereffective|p2a: Bisharp\n|-damage|p2a: Bisharp|0 fnt\n|-unboost|p1a: Haxorus|def|1\n|-unboost|p1a: Haxorus|spd|1\n|faint|p2a: Bisharp\n|\n|-end|p1a: Haxorus|Throat Chop|[silent]\n|upkeep\n|\n|t:|1783558865\n|switch|p2a: Tornadus|Tornadus-Therian, L79, M|100/100\n|turn|16\n|inactive|Time left: 300 sec this turn | 300 sec total\n|\n|t:|1783558866\n|move|p2a: Tornadus|Bleakwind Storm|p1a: Haxorus\n|-damage|p1a: Haxorus|0 fnt\n|faint|p1a: Haxorus\n|\n|upkeep\n|inactive|Time left: 300 sec this turn | 300 sec total | 5 sec grace\n|\n|t:|1783558867\n|switch|p1a: Spectrier|Spectrier, L75|274/274\n|turn|17\n|inactive|Time left: 300 sec this turn | 300 sec total\n|\n|t:|1783558868\n|move|p1a: Spectrier|Nasty Plot|p1a: Spectrier\n|-boost|p1a: Spectrier|spa|2\n|move|p2a: Tornadus|Bleakwind Storm|p1a: Spectrier\n|-damage|p1a: Spectrier|90/274\n|\n|upkeep\n|turn|18\n|inactive|Time left: 300 sec this turn | 300 sec total\n|\n|t:|1783558869\n|move|p1a: Spectrier|Shadow Ball|p2a: Tornadus\n|-damage|p2a: Tornadus|0 fnt\n|faint|p2a: Tornadus\n|-ability|p1a: Spectrier|Grim Neigh|boost\n|-boost|p1a: Spectrier|spa|1\n|-damage|p1a: Spectrier|63/274|[from] item: Life Orb\n|\n|upkeep\n|\n|t:|1783558870\n|switch|p2a: Tauros|Tauros, L82, M|100/100\n|turn|19\n|inactive|Time left: 300 sec this turn | 300 sec total\n|\n|t:|1783558871\n|switch|p2a: Uxie|Uxie, L83|100/100\n|-terastallize|p1a: Spectrier|Fairy\n|move|p1a: Spectrier|Draining Kiss|p2a: Uxie\n|-damage|p2a: Uxie|35/100\n|-heal|p1a: Spectrier|190/274|[from] drain|[of] p2a: Uxie\n|-damage|p1a: Spectrier|163/274|[from] item: Life Orb\n|\n|-heal|p2a: Uxie|42/100|[from] item: Leftovers\n|upkeep\n|turn|20\n|inactive|Time left: 300 sec this turn | 300 sec total\n|\n|t:|1783558872\n|move|p1a: Spectrier|Draining Kiss|p2a: Uxie\n|-damage|p2a: Uxie|0 fnt\n|-heal|p1a: Spectrier|243/274|[from] drain|[of] p2a: Uxie\n|faint|p2a: Uxie\n|-ability|p1a: Spectrier|Grim Neigh|boost\n|-boost|p1a: Spectrier|spa|1\n|-damage|p1a: Spectrier|216/274|[from] item: Life Orb\n|\n|upkeep\n|\n|t:|1783558873\n|switch|p2a: Tauros|Tauros, L82, M|100/100\n|turn|21\n|inactive|Time left: 300 sec this turn | 300 sec total\n|\n|t:|1783558873\n|move|p1a: Spectrier|Dark Pulse|p2a: Tauros\n|-damage|p2a: Tauros|0 fnt\n|faint|p2a: Tauros\n|-damage|p1a: Spectrier|189/274|[from] item: Life Orb\n|\n|win|p0x163038c3", "uploadtime": 1783558873, "views": 0, "rating": 0, "private": 0, "password": null, "_winner": "p0x163038c3", "_our_name": "p0x163038c3"}