{"id": "battle-gen9randombattle-456", "formatid": "gen9randombattle", "format": "[Gen 9] Random Battle", "players": ["p0x456ba98", "p0y4564d94"], "log": "|init|battle\n|title|p0x456ba98 vs. p0y4564d94\n|j|\u2606p0x456ba98\n|j|\u2606p0y4564d94\n|t:|1783544355\n|gametype|singles\n|player|p1|p0x456ba98|170|\n|player|p2|p0y4564d94|266|\n|gen|9\n|tier|[Gen 9] Random Battle\n|rule|Species Clause: Limit one of each Pok\u00e9mon\n|rule|HP Percentage Mod: HP is shown in percentages\n|rule|Sleep Clause Mod: Limit one foe put to sleep\n|rule|Illusion Level Mod: Illusion disguises the Pok\u00e9mon's true level\n|\n|t:|1783544355\n|teamsize|p1|6\n|teamsize|p2|6\n|start\n|switch|p1a: Golem|Golem-Alola, L93, M|300/300\n|switch|p2a: Victreebel|Victreebel, L90, M|100/100\n|turn|1\n|inactive|Battle timer is ON: inactive players will automatically lose when time's up. (requested by p0x456ba98)\n|inactive|p0y4564d94 also wants the timer to be on.\n|\n|t:|1783544356\n|move|p2a: Victreebel|Power Whip|p1a: Golem\n|-supereffective|p1a: Golem\n|-damage|p1a: Golem|32/300\n|-damage|p2a: Victreebel|90/100|[from] item: Life Orb\n|move|p1a: Golem|Stone Edge|p2a: Victreebel\n|-damage|p2a: Victreebel|0 fnt\n|faint|p2a: Victreebel\n|\n|upkeep\n|\n|t:|1783544358\n|switch|p2a: Hoopa|Hoopa, L85|100/100\n|turn|2\n|inactive|Time left: 300 sec this turn | 300 sec total\n|\n|t:|1783544359\n|move|p2a: Hoopa|Shadow Ball|p1a: Golem\n|-damage|p1a: Golem|0 fnt\n|faint|p1a: Golem\n|\n|upkeep\n|inactive|Time left: 300 sec this turn | 300 sec total | 5 sec grace\n|\n|t:|1783544360\n|switch|p1a: Mienshao|Mienshao, L83, F|243/243\n|turn|3\n|inactive|Time left: 300 sec this turn | 300 sec total\n|\n|t:|1783544361\n|move|p2a: Hoopa|Shadow Ball|p1a: Mienshao\n|-damage|p1a: Mienshao|72/243\n|-unboost|p1a: Mienshao|spd|1\n|move|p1a: Mienshao|Knock Off|p2a: Hoopa\n|-supereffective|p2a: Hoopa\n|-damage|p2a: Hoopa|0 fnt\n|-enditem|p2a: Hoopa|Choice Scarf|[from] move: Knock Off|[of] p1a: Mienshao\n|faint|p2a: Hoopa\n|\n|upkeep\n|\n|t:|1783544362\n|switch|p2a: Hawlucha|Hawlucha, L80, M|100/100\n|turn|4\n|inactive|Time left: 300 sec this turn | 300 sec total\n|\n|t:|1783544363\n|switch|p1a: Cloyster|Cloyster, L80, F|211/211\n|move|p2a: Hawlucha|Swords Dance|p2a: Hawlucha\n|-boost|p2a: Hawlucha|atk|2\n|\n|upkeep\n|turn|5\n|inactive|Time left: 300 sec this turn | 300 sec total\n|\n|t:|1783544364\n|-terastallize|p1a: Cloyster|Ground\n|move|p2a: Hawlucha|Close Combat|p1a: Cloyster\n|-damage|p1a: Cloyster|81/211\n|-unboost|p2a: Hawlucha|def|1\n|-unboost|p2a: Hawlucha|spd|1\n|-enditem|p2a: Hawlucha|White Herb\n|-clearnegativeboost|p2a: Hawlucha|[silent]\n|move|p1a: Cloyster|Shell Smash|p1a: Cloyster\n|-unboost|p1a: Cloyster|def|1\n|-unboost|p1a: Cloyster|spd|1\n|-boost|p1a: Cloyster|atk|2\n|-boost|p1a: Cloyster|spa|2\n|-boost|p1a: Cloyster|spe|2\n|-enditem|p1a: Cloyster|White Herb\n|-clearnegativeboost|p1a: Cloyster|[silent]\n|\n|upkeep\n|turn|6\n|inactive|Time left: 300 sec this turn | 300 sec total\n|\n|t:|1783544365\n|move|p2a: Hawlucha|Brave Bird|p1a: Cloyster\n|-damage|p1a: Cloyster|0 fnt\n|faint|p1a: Cloyster\n|-damage|p2a: Hawlucha|90/100|[from] Recoil\n|\n|upkeep\n|inactive|Time left: 300 sec this turn | 300 sec total | 5 sec grace\n|\n|t:|1783544366\n|switch|p1a: Malamar|Malamar, L82, F|275/275\n|turn|7\n|inactive|Time left: 300 sec this turn | 300 sec total\n|\n|t:|1783544366\n|-terastallize|p2a: Hawlucha|Flying\n|move|p2a: Hawlucha|Acrobatics|p1a: Malamar\n|-damage|p1a: Malamar|1/275\n|move|p1a: Malamar|Superpower|p2a: Hawlucha\n|-resisted|p2a: Hawlucha\n|-damage|p2a: Hawlucha|72/100\n|-boost|p1a: Malamar|atk|1\n|-boost|p1a: Malamar|def|1\n|\n|-heal|p1a: Malamar|18/275|[from] item: Leftovers\n|upkeep\n|turn|8\n|inactive|Time left: 300 sec this turn | 300 sec total\n|\n|t:|1783544367\n|move|p2a: Hawlucha|Acrobatics|p1a: Malamar\n|-crit|p1a: Malamar\n|-damage|p1a: Malamar|0 fnt\n|faint|p1a: Malamar\n|\n|upkeep\n|inactive|Time left: 300 sec this turn | 300 sec total | 5 sec grace\n|\n|t:|1783544368\n|switch|p1a: Garganacl|Garganacl, L80, F|291/291\n|turn|9\n|inactive|Time left: 300 sec this turn | 300 sec total\n|\n|t:|1783544369\n|move|p1a: Garganacl|Protect|p1a: Garganacl\n|-singleturn|p1a: Garganacl|Protect\n|move|p2a: Hawlucha|Close Combat|p1a: Garganacl\n|-activate|p1a: Garganacl|move: Protect\n|\n|upkeep\n|turn|10\n|inactive|Time left: 300 sec this turn | 300 sec total\n|\n|t:|1783544370\n|switch|p1a: Mienshao|Mienshao, L83, F|72/243\n|move|p2a: Hawlucha|Close Combat|p1a: Mienshao\n|-damage|p1a: Mienshao|0 fnt\n|-unboost|p2a: Hawlucha|def|1\n|-unboost|p2a: Hawlucha|spd|1\n|faint|p1a: Mienshao\n|\n|upkeep\n|inactive|Time left: 300 sec this turn | 300 sec total | 5 sec grace\n|\n|t:|1783544371\n|switch|p1a: Virizion|Virizion, L82|283/283\n|turn|11\n|inactive|Time left: 300 sec this turn | 300 sec total\n|\n|t:|1783544371\n|switch|p1a: Garganacl|Garganacl, L80, F|291/291\n|move|p2a: Hawlucha|Acrobatics|p1a: Garganacl\n|-resisted|p1a: Garganacl\n|-damage|p1a: Garganacl|182/291\n|\n|-heal|p1a: Garganacl|200/291|[from] item: Leftovers\n|upkeep\n|turn|12\n|inactive|Time left: 300 sec this turn | 300 sec total\n|\n|t:|1783544372\n|move|p1a: Garganacl|Protect|p1a: Garganacl\n|-singleturn|p1a: Garganacl|Protect\n|move|p2a: Hawlucha|Close Combat|p1a: Garganacl\n|-activate|p1a: Garganacl|move: Protect\n|\n|-heal|p1a: Garganacl|218/291|[from] item: Leftovers\n|upkeep\n|turn|13\n|inactive|Time left: 300 sec this turn | 300 sec total\n|\n|t:|1783544373\n|switch|p1a: Virizion|Virizion, L82|283/283\n|move|p2a: Hawlucha|Close Combat|p1a: Virizion\n|-damage|p1a: Virizion|31/283\n|-unboost|p2a: Hawlucha|def|1\n|-unboost|p2a: Hawlucha|spd|1\n|\n|upkeep\n|turn|14\n|inactive|Time left: 300 sec this turn | 300 sec total\n|\n|t:|1783544374\n|move|p2a: Hawlucha|Close Combat|p1a: Virizion\n|-damage|p1a: Virizion|0 fnt\n|-unboost|p2a: Hawlucha|def|1\n|-unboost|p2a: Hawlucha|spd|1\n|faint|p1a: Virizion\n|\n|upkeep\n|inactive|Time left: 300 sec this turn | 300 sec total | 5 sec grace\n|\n|t:|1783544375\n|switch|p1a: Garganacl|Garganacl, L80, F|218/291\n|turn|15\n|inactive|Time left: 300 sec this turn | 300 sec total\n|\n|t:|1783544376\n|move|p1a: Garganacl|Protect|p1a: Garganacl\n|-singleturn|p1a: Garganacl|Protect\n|move|p2a: Hawlucha|Close Combat|p1a: Garganacl\n|-activate|p1a: Garganacl|move: Protect\n|\n|-heal|p1a: Garganacl|236/291|[from] item: Leftovers\n|upkeep\n|turn|16\n|inactive|Time left: 300 sec this turn | 300 sec total\n|\n|t:|1783544377\n|move|p1a: Garganacl|Protect||[still]\n|-fail|p1a: Garganacl\n|move|p2a: Hawlucha|Close Combat|p1a: Garganacl\n|-supereffective|p1a: Garganacl\n|-damage|p1a: Garganacl|0 fnt\n|-unboost|p2a: Hawlucha|def|1\n|-unboost|p2a: Hawlucha|spd|1\n|faint|p1a: Garganacl\n|\n|win|p0y4564d94", "uploadtime": 1783544377, "views": 0, "rating": 0, "private": 0, "password": null, "_winner": "p0y4564d94", "_our_name": "p0x456ba98"}