{"id": "battle-gen9randombattle-2133", "formatid": "gen9randombattle", "format": "[Gen 9] Random Battle", "players": ["p0x213302cb", "p0y2133ed37"], "log": "|init|battle\n|title|p0x213302cb vs. p0y2133ed37\n|j|\u2606p0x213302cb\n|j|\u2606p0y2133ed37\n|t:|1783564687\n|gametype|singles\n|player|p1|p0x213302cb|102|\n|player|p2|p0y2133ed37|2|\n|gen|9\n|tier|[Gen 9] Random Battle\n|rule|Species Clause: Limit one of each Pok\u00e9mon\n|rule|HP Percentage Mod: HP is shown in percentages\n|rule|Sleep Clause Mod: Limit one foe put to sleep\n|rule|Illusion Level Mod: Illusion disguises the Pok\u00e9mon's true level\n|\n|t:|1783564687\n|teamsize|p1|6\n|teamsize|p2|6\n|start\n|switch|p1a: Ogerpon|Ogerpon-Hearthflame, L74, F|100/100\n|switch|p2a: Iron Bundle|Iron Bundle, L78|215/215\n|-ability|p1a: Ogerpon|Mold Breaker\n|turn|1\n|inactive|Battle timer is ON: inactive players will automatically lose when time's up. (requested by p0y2133ed37)\n|inactive|p0x213302cb also wants the timer to be on.\n|\n|t:|1783564689\n|move|p2a: Iron Bundle|Ice Beam|p1a: Ogerpon\n|-damage|p1a: Ogerpon|34/100\n|move|p1a: Ogerpon|Power Whip|p2a: Iron Bundle\n|-supereffective|p2a: Iron Bundle\n|-damage|p2a: Iron Bundle|0 fnt\n|faint|p2a: Iron Bundle\n|-end|p2a: Iron Bundle|Quark Drive|[silent]\n|\n|upkeep\n|inactive|Time left: 300 sec this turn | 300 sec total | 65 sec grace\n|\n|t:|1783564690\n|switch|p2a: Minior|Minior-Orange, L79|224/224\n|-formechange|p2a: Minior|Minior-Meteor||[from] ability: Shields Down\n|turn|2\n|inactive|Time left: 300 sec this turn | 300 sec total\n|\n|t:|1783564691\n|switch|p1a: Glaceon|Glaceon, L94, F|100/100\n|move|p2a: Minior|Shell Smash|p2a: Minior\n|-unboost|p2a: Minior|def|1\n|-unboost|p2a: Minior|spd|1\n|-boost|p2a: Minior|atk|2\n|-boost|p2a: Minior|spa|2\n|-boost|p2a: Minior|spe|2\n|-enditem|p2a: Minior|White Herb\n|-clearnegativeboost|p2a: Minior|[silent]\n|\n|upkeep\n|turn|3\n|inactive|Time left: 300 sec this turn | 300 sec total\n|\n|t:|1783564692\n|-terastallize|p1a: Glaceon|Ground\n|move|p2a: Minior|Power Gem|p1a: Glaceon\n|-resisted|p1a: Glaceon\n|-damage|p1a: Glaceon|85/100\n|move|p1a: Glaceon|Freeze-Dry|p2a: Minior\n|-supereffective|p2a: Minior\n|-damage|p2a: Minior|0 fnt\n|faint|p2a: Minior\n|\n|upkeep\n|inactive|Time left: 300 sec this turn | 300 sec total | 5 sec grace\n|\n|t:|1783564693\n|switch|p2a: Appletun|Appletun, L92, M|352/352\n|turn|4\n|inactive|Time left: 300 sec this turn | 300 sec total\n|\n|t:|1783564694\n|move|p1a: Glaceon|Freeze-Dry|p2a: Appletun\n|-supereffective|p2a: Appletun\n|-damage|p2a: Appletun|124/352\n|move|p2a: Appletun|Apple Acid|p1a: Glaceon\n|-supereffective|p1a: Glaceon\n|-damage|p1a: Glaceon|16/100\n|-unboost|p1a: Glaceon|spd|1\n|\n|-heal|p2a: Appletun|146/352|[from] item: Leftovers\n|upkeep\n|turn|5\n|inactive|Time left: 300 sec this turn | 300 sec total\n|\n|t:|1783564695\n|move|p1a: Glaceon|Freeze-Dry|p2a: Appletun\n|-supereffective|p2a: Appletun\n|-damage|p2a: Appletun|0 fnt\n|faint|p2a: Appletun\n|\n|upkeep\n|inactive|Time left: 300 sec this turn | 300 sec total | 5 sec grace\n|\n|t:|1783564696\n|switch|p2a: Cinderace|Cinderace, L77, F|249/249\n|turn|6\n|inactive|Time left: 300 sec this turn | 300 sec total\n|\n|t:|1783564697\n|move|p2a: Cinderace|Pyro Ball|p1a: Glaceon\n|-damage|p1a: Glaceon|0 fnt\n|faint|p1a: Glaceon\n|\n|upkeep\n|\n|t:|1783564698\n|switch|p1a: Dugtrio|Dugtrio, L84, F|100/100\n|turn|7\n|inactive|Time left: 300 sec this turn | 300 sec total\n|\n|t:|1783564700\n|move|p1a: Dugtrio|Earthquake|p2a: Cinderace\n|-supereffective|p2a: Cinderace\n|-damage|p2a: Cinderace|0 fnt\n|faint|p2a: Cinderace\n|-damage|p1a: Dugtrio|91/100|[from] item: Life Orb\n|\n|upkeep\n|inactive|Time left: 300 sec this turn | 300 sec total | 5 sec grace\n|\n|t:|1783564701\n|switch|p2a: Golem|Golem-Alola, L93, M|300/300\n|turn|8\n|inactive|Time left: 300 sec this turn | 300 sec total\n|\n|t:|1783564702\n|-terastallize|p2a: Golem|Ground\n|move|p1a: Dugtrio|Earthquake|p2a: Golem\n|-damage|p2a: Golem|203/300\n|-damage|p1a: Dugtrio|81/100|[from] item: Life Orb\n|move|p2a: Golem|Earthquake|p1a: Dugtrio\n|-damage|p1a: Dugtrio|0 fnt\n|faint|p1a: Dugtrio\n|\n|upkeep\n|\n|t:|1783564703\n|switch|p1a: Braviary|Braviary, L85, M|100/100\n|turn|9\n|inactive|Time left: 300 sec this turn | 300 sec total\n|\n|t:|1783564704\n|move|p1a: Braviary|Bulk Up|p1a: Braviary\n|-boost|p1a: Braviary|atk|1\n|-boost|p1a: Braviary|def|1\n|move|p2a: Golem|Earthquake|p1a: Braviary\n|-immune|p1a: Braviary\n|\n|upkeep\n|turn|10\n|inactive|Time left: 300 sec this turn | 300 sec total\n|\n|t:|1783564705\n|switch|p2a: Maushold|Maushold, L76|238/238\n|move|p1a: Braviary|Brave Bird|p2a: Maushold\n|-damage|p2a: Maushold|0 fnt\n|faint|p2a: Maushold\n|-damage|p1a: Braviary|75/100|[from] Recoil\n|\n|upkeep\n|inactive|Time left: 300 sec this turn | 300 sec total | 5 sec grace\n|\n|t:|1783564706\n|switch|p2a: Golem|Golem-Alola, L93, M, tera:Ground|203/300\n|turn|11\n|inactive|Time left: 300 sec this turn | 300 sec total\n|\n|t:|1783564706\n|move|p1a: Braviary|Brave Bird|p2a: Golem\n|-damage|p2a: Golem|31/300\n|-damage|p1a: Braviary|56/100|[from] Recoil\n|move|p2a: Golem|Stone Edge|p1a: Braviary|[miss]\n|-miss|p2a: Golem|p1a: Braviary\n|\n|upkeep\n|turn|12\n|inactive|Time left: 300 sec this turn | 300 sec total\n|\n|t:|1783564707\n|move|p1a: Braviary|Brave Bird|p2a: Golem\n|-damage|p2a: Golem|0 fnt\n|faint|p2a: Golem\n|-damage|p1a: Braviary|53/100|[from] Recoil\n|\n|win|p0x213302cb", "uploadtime": 1783564707, "views": 0, "rating": 0, "private": 0, "password": null, "_winner": "p0x213302cb", "_our_name": "p0y2133ed37"}