{"id": "battle-gen9randombattle-2977", "formatid": "gen9randombattle", "format": "[Gen 9] Random Battle", "players": ["p0x297790ce", "p0y2977e2ac"], "log": "|init|battle\n|title|p0x297790ce vs. p0y2977e2ac\n|j|\u2606p0x297790ce\n|j|\u2606p0y2977e2ac\n|t:|1783573283\n|gametype|singles\n|player|p1|p0x297790ce|102|\n|player|p2|p0y2977e2ac|170|\n|gen|9\n|tier|[Gen 9] Random Battle\n|rule|Species Clause: Limit one of each Pok\u00e9mon\n|rule|HP Percentage Mod: HP is shown in percentages\n|rule|Sleep Clause Mod: Limit one foe put to sleep\n|rule|Illusion Level Mod: Illusion disguises the Pok\u00e9mon's true level\n|\n|t:|1783573283\n|teamsize|p1|6\n|teamsize|p2|6\n|start\n|switch|p1a: Ogerpon|Ogerpon-Wellspring, L76, F|247/247\n|switch|p2a: Venomoth|Venomoth, L84, M|100/100\n|turn|1\n|inactive|Battle timer is ON: inactive players will automatically lose when time's up. (requested by p0x297790ce)\n|inactive|p0y2977e2ac also wants the timer to be on.\n|\n|t:|1783573284\n|move|p1a: Ogerpon|Ivy Cudgel|p2a: Venomoth|[anim] Ivy Cudgel Water\n|-crit|p2a: Venomoth\n|-damage|p2a: Venomoth|5/100\n|move|p2a: Venomoth|Quiver Dance|p2a: Venomoth\n|-boost|p2a: Venomoth|spa|1\n|-boost|p2a: Venomoth|spd|1\n|-boost|p2a: Venomoth|spe|1\n|\n|upkeep\n|turn|2\n|inactive|Time left: 300 sec this turn | 300 sec total\n|\n|t:|1783573285\n|switch|p1a: Grafaiai|Grafaiai, L86, M|249/249\n|move|p2a: Venomoth|Sludge Wave|p1a: Grafaiai\n|-resisted|p1a: Grafaiai\n|-damage|p1a: Grafaiai|149/249\n|\n|upkeep\n|turn|3\n|inactive|Time left: 300 sec this turn | 300 sec total\n|\n|t:|1783573286\n|move|p2a: Venomoth|Sleep Powder|p1a: Grafaiai\n|-status|p1a: Grafaiai|slp|[from] move: Sleep Powder\n|cant|p1a: Grafaiai|slp\n|\n|upkeep\n|turn|4\n|inactive|Time left: 300 sec this turn | 300 sec total\n|\n|t:|1783573287\n|move|p2a: Venomoth|Sludge Wave|p1a: Grafaiai\n|-resisted|p1a: Grafaiai\n|-damage|p1a: Grafaiai|43/249 slp\n|-curestatus|p1a: Grafaiai|slp|[msg]\n|move|p1a: Grafaiai|Knock Off|p2a: Venomoth\n|-damage|p2a: Venomoth|0 fnt\n|-enditem|p2a: Venomoth|Heavy-Duty Boots|[from] move: Knock Off|[of] p1a: Grafaiai\n|faint|p2a: Venomoth\n|\n|upkeep\n|\n|t:|1783573288\n|switch|p2a: Golurk|Golurk, L87|100/100\n|turn|5\n|inactive|Time left: 300 sec this turn | 300 sec total\n|\n|t:|1783573289\n|move|p1a: Grafaiai|Knock Off|p2a: Golurk\n|-supereffective|p2a: Golurk\n|-damage|p2a: Golurk|49/100\n|-status|p2a: Golurk|psn|[from] ability: Poison Touch|[of] p1a: Grafaiai\n|-enditem|p2a: Golurk|Choice Band|[from] move: Knock Off|[of] p1a: Grafaiai\n|move|p2a: Golurk|Dynamic Punch|p1a: Grafaiai\n|-damage|p1a: Grafaiai|0 fnt\n|faint|p1a: Grafaiai\n|\n|-damage|p2a: Golurk|37/100 psn|[from] psn\n|upkeep\n|inactive|Time left: 300 sec this turn | 300 sec total | 5 sec grace\n|\n|t:|1783573290\n|switch|p1a: Noivern|Noivern, L82, F|274/274\n|turn|6\n|inactive|Time left: 300 sec this turn | 300 sec total\n|\n|t:|1783573291\n|switch|p2a: Espathra|Espathra, L80, M|100/100\n|move|p1a: Noivern|Hurricane|p2a: Espathra\n|-damage|p2a: Espathra|25/100\n|\n|upkeep\n|turn|7\n|inactive|Time left: 300 sec this turn | 300 sec total\n|\n|t:|1783573293\n|move|p1a: Noivern|Hurricane|p2a: Espathra\n|-damage|p2a: Espathra|0 fnt\n|faint|p2a: Espathra\n|\n|upkeep\n|\n|t:|1783573294\n|switch|p2a: Zacian|Zacian, L69|100/100\n|-ability|p2a: Zacian|Intrepid Sword|boost\n|-boost|p2a: Zacian|atk|1\n|turn|8\n|inactive|Time left: 300 sec this turn | 300 sec total\n|\n|t:|1783573295\n|move|p1a: Noivern|Hurricane|p2a: Zacian\n|-damage|p2a: Zacian|28/100\n|move|p2a: Zacian|Play Rough|p1a: Noivern\n|-supereffective|p1a: Noivern\n|-damage|p1a: Noivern|0 fnt\n|faint|p1a: Noivern\n|-damage|p2a: Zacian|18/100|[from] item: Life Orb\n|\n|upkeep\n|inactive|Time left: 300 sec this turn | 300 sec total | 5 sec grace\n|\n|t:|1783573295\n|switch|p1a: Okidogi|Okidogi, L77, M|262/262\n|turn|9\n|inactive|Time left: 300 sec this turn | 300 sec total\n|\n|t:|1783573296\n|move|p2a: Zacian|Play Rough|p1a: Okidogi\n|-damage|p1a: Okidogi|124/262\n|-damage|p2a: Zacian|8/100|[from] item: Life Orb\n|move|p1a: Okidogi|Bulk Up|p1a: Okidogi\n|-boost|p1a: Okidogi|atk|1\n|-boost|p1a: Okidogi|def|1\n|\n|-heal|p1a: Okidogi|140/262|[from] item: Leftovers\n|upkeep\n|turn|10\n|inactive|Time left: 300 sec this turn | 300 sec total\n|\n|t:|1783573297\n|move|p2a: Zacian|Play Rough|p1a: Okidogi\n|-damage|p1a: Okidogi|53/262\n|-damage|p2a: Zacian|0 fnt|[from] item: Life Orb\n|faint|p2a: Zacian\n|move|p1a: Okidogi|Bulk Up|p1a: Okidogi\n|-boost|p1a: Okidogi|atk|1\n|-boost|p1a: Okidogi|def|1\n|\n|-heal|p1a: Okidogi|69/262|[from] item: Leftovers\n|upkeep\n|\n|t:|1783573298\n|switch|p2a: Deoxys|Deoxys, L74|100/100\n|-ability|p2a: Deoxys|Pressure\n|turn|11\n|inactive|Time left: 300 sec this turn | 300 sec total\n|\n|t:|1783573299\n|move|p2a: Deoxys|Ice Beam|p1a: Okidogi\n|-damage|p1a: Okidogi|0 fnt\n|faint|p1a: Okidogi\n|-damage|p2a: Deoxys|91/100|[from] item: Life Orb\n|\n|upkeep\n|inactive|Time left: 300 sec this turn | 300 sec total | 5 sec grace\n|\n|t:|1783573300\n|switch|p1a: Ogerpon|Ogerpon-Wellspring, L76, F|247/247\n|turn|12\n|inactive|Time left: 300 sec this turn | 300 sec total\n|\n|t:|1783573301\n|move|p2a: Deoxys|Psycho Boost|p1a: Ogerpon\n|-crit|p1a: Ogerpon\n|-damage|p1a: Ogerpon|0 fnt\n|-unboost|p2a: Deoxys|spa|2\n|faint|p1a: Ogerpon\n|-damage|p2a: Deoxys|81/100|[from] item: Life Orb\n|\n|upkeep\n|inactive|Time left: 300 sec this turn | 300 sec total | 5 sec grace\n|\n|t:|1783573302\n|switch|p1a: Iron Hands|Iron Hands, L79|373/373\n|turn|13\n|inactive|Time left: 300 sec this turn | 300 sec total\n|\n|t:|1783573303\n|move|p2a: Deoxys|Psycho Boost|p1a: Iron Hands|[miss]\n|-miss|p2a: Deoxys|p1a: Iron Hands\n|move|p1a: Iron Hands|Swords Dance|p1a: Iron Hands\n|-boost|p1a: Iron Hands|atk|2\n|\n|upkeep\n|turn|14\n|inactive|Time left: 300 sec this turn | 300 sec total\n|\n|t:|1783573303\n|move|p2a: Deoxys|Psycho Boost|p1a: Iron Hands\n|-supereffective|p1a: Iron Hands\n|-damage|p1a: Iron Hands|108/373\n|-unboost|p2a: Deoxys|spa|2\n|-damage|p2a: Deoxys|71/100|[from] item: Life Orb\n|move|p1a: Iron Hands|Drain Punch|p2a: Deoxys\n|-resisted|p2a: Deoxys\n|-damage|p2a: Deoxys|0 fnt\n|-heal|p1a: Iron Hands|178/373|[from] drain|[of] p2a: Deoxys\n|faint|p2a: Deoxys\n|\n|-heal|p1a: Iron Hands|201/373|[from] item: Leftovers\n|upkeep\n|\n|t:|1783573305\n|switch|p2a: Golurk|Golurk, L87|37/100 psn\n|turn|15\n|inactive|Time left: 300 sec this turn | 300 sec total\n|\n|t:|1783573306\n|-end|p1a: Iron Hands|Quark Drive|[silent]\n|switch|p1a: Luvdisc|Luvdisc, F|247/247\n|move|p2a: Golurk|Earthquake|p1a: Luvdisc\n|-damage|p1a: Luvdisc|94/247\n|\n|-damage|p2a: Golurk|24/100 psn|[from] psn\n|upkeep\n|turn|16\n|inactive|Time left: 300 sec this turn | 300 sec total\n|\n|t:|1783573307\n|switch|p2a: Palkia|Palkia-Origin, L72|100/100\n|-ability|p2a: Palkia|Pressure\n|move|p1a: Luvdisc|Flip Turn|p2a: Palkia\n|-resisted|p2a: Palkia\n|-damage|p2a: Palkia|96/100\n|inactive|Time left: 300 sec this turn | 300 sec total | 5 sec grace\n|\n|t:|1783573308\n|switch|p1a: Iron Hands|Iron Hands, L79|201/373|[from] Flip Turn\n|\n|-heal|p1a: Iron Hands|224/373|[from] item: Leftovers\n|upkeep\n|turn|17\n|inactive|Time left: 300 sec this turn | 300 sec total\n|\n|t:|1783573309\n|move|p2a: Palkia|Hydro Pump|p1a: Iron Hands\n|-damage|p1a: Iron Hands|41/373\n|move|p1a: Iron Hands|Thunder Punch|p2a: Palkia\n|-damage|p2a: Palkia|56/100\n|\n|-heal|p1a: Iron Hands|64/373|[from] item: Leftovers\n|upkeep\n|turn|18\n|inactive|Time left: 300 sec this turn | 300 sec total\n|\n|t:|1783573310\n|move|p2a: Palkia|Fire Blast|p1a: Iron Hands\n|-damage|p1a: Iron Hands|0 fnt\n|faint|p1a: Iron Hands\n|-end|p1a: Iron Hands|Quark Drive|[silent]\n|\n|upkeep\n|inactive|Time left: 300 sec this turn | 300 sec total | 5 sec grace\n|\n|t:|1783573311\n|switch|p1a: Luvdisc|Luvdisc, F|94/247\n|turn|19\n|inactive|Time left: 300 sec this turn | 300 sec total\n|\n|t:|1783573311\n|move|p1a: Luvdisc|Substitute|p1a: Luvdisc\n|-start|p1a: Luvdisc|Substitute\n|-damage|p1a: Luvdisc|33/247\n|move|p2a: Palkia|Draco Meteor|p1a: Luvdisc\n|-end|p1a: Luvdisc|Substitute\n|-unboost|p2a: Palkia|spa|2\n|\n|upkeep\n|turn|20\n|inactive|Time left: 300 sec this turn | 300 sec total\n|\n|t:|1783573312\n|move|p1a: Luvdisc|Endeavor|p2a: Palkia\n|-damage|p2a: Palkia|14/100\n|move|p2a: Palkia|Draco Meteor|p1a: Luvdisc\n|-damage|p1a: Luvdisc|0 fnt\n|-unboost|p2a: Palkia|spa|2\n|faint|p1a: Luvdisc\n|\n|win|p0y2977e2ac", "uploadtime": 1783573312, "views": 0, "rating": 0, "private": 0, "password": null, "_winner": "p0y2977e2ac", "_our_name": "p0x297790ce"}