{"id": "battle-gen9randombattle-1135", "formatid": "gen9randombattle", "format": "[Gen 9] Random Battle", "players": ["p0x11351321", "p0y11352d26"], "log": "|init|battle\n|title|p0x11351321 vs. p0y11352d26\n|j|\u2606p0x11351321\n|j|\u2606p0y11352d26\n|t:|1783552296\n|gametype|singles\n|player|p1|p0x11351321|170|\n|player|p2|p0y11352d26|101|\n|gen|9\n|tier|[Gen 9] Random Battle\n|rule|Species Clause: Limit one of each Pok\u00e9mon\n|rule|HP Percentage Mod: HP is shown in percentages\n|rule|Sleep Clause Mod: Limit one foe put to sleep\n|rule|Illusion Level Mod: Illusion disguises the Pok\u00e9mon's true level\n|\n|t:|1783552296\n|teamsize|p1|6\n|teamsize|p2|6\n|start\n|switch|p1a: Dipplin|Dipplin, L88, M|100/100\n|switch|p2a: Minun|Minun, L95, F|268/268\n|turn|1\n|inactive|Battle timer is ON: inactive players will automatically lose when time's up. (requested by p0x11351321)\n|inactive|Time left: 300 sec this turn | 300 sec total | 60 sec grace\n|inactive|p0y11352d26 also wants the timer to be on.\n|\n|t:|1783552297\n|move|p2a: Minun|Nasty Plot|p2a: Minun\n|-boost|p2a: Minun|spa|2\n|move|p1a: Dipplin|Dragon Pulse|p2a: Minun\n|-damage|p2a: Minun|172/268\n|\n|upkeep\n|turn|2\n|inactive|Time left: 300 sec this turn | 300 sec total\n|\n|t:|1783552298\n|-terastallize|p2a: Minun|Fairy\n|move|p2a: Minun|Alluring Voice|p1a: Dipplin\n|-supereffective|p1a: Dipplin\n|-damage|p1a: Dipplin|0 fnt\n|faint|p1a: Dipplin\n|-damage|p2a: Minun|146/268|[from] item: Life Orb\n|\n|upkeep\n|\n|t:|1783552299\n|switch|p1a: Duraludon|Duraludon, L82, F|100/100\n|turn|3\n|inactive|Time left: 300 sec this turn | 300 sec total\n|\n|t:|1783552301\n|move|p2a: Minun|Alluring Voice|p1a: Duraludon\n|-damage|p1a: Duraludon|14/100\n|-damage|p2a: Minun|120/268|[from] item: Life Orb\n|move|p1a: Duraludon|Flash Cannon|p2a: Minun\n|-supereffective|p2a: Minun\n|-damage|p2a: Minun|0 fnt\n|faint|p2a: Minun\n|\n|upkeep\n|inactive|Time left: 300 sec this turn | 300 sec total | 5 sec grace\n|\n|t:|1783552302\n|switch|p2a: Abomasnow|Abomasnow, L84, M|287/287\n|-weather|Snowscape|[from] ability: Snow Warning|[of] p2a: Abomasnow\n|turn|4\n|inactive|Time left: 300 sec this turn | 300 sec total\n|\n|t:|1783552303\n|move|p1a: Duraludon|Flash Cannon|p2a: Abomasnow\n|-supereffective|p2a: Abomasnow\n|-damage|p2a: Abomasnow|77/287\n|-unboost|p2a: Abomasnow|spd|1\n|move|p2a: Abomasnow|Aurora Veil|p2a: Abomasnow\n|-sidestart|p2: p0y11352d26|move: Aurora Veil\n|\n|-weather|Snowscape|[upkeep]\n|upkeep\n|turn|5\n|inactive|Time left: 300 sec this turn | 300 sec total\n|\n|t:|1783552304\n|switch|p2a: Mienshao|Mienshao, L83, F|244/244\n|move|p1a: Duraludon|Stealth Rock|p2a: Mienshao\n|-sidestart|p2: p0y11352d26|move: Stealth Rock\n|\n|-weather|Snowscape|[upkeep]\n|upkeep\n|turn|6\n|inactive|Time left: 300 sec this turn | 300 sec total\n|\n|t:|1783552306\n|move|p2a: Mienshao|Knock Off|p1a: Duraludon\n|-damage|p1a: Duraludon|0 fnt\n|-enditem|p1a: Duraludon|Eviolite|[from] move: Knock Off|[of] p2a: Mienshao\n|faint|p1a: Duraludon\n|\n|-weather|Snowscape|[upkeep]\n|upkeep\n|\n|t:|1783552307\n|switch|p1a: Revavroom|Revavroom, L79, F|100/100\n|turn|7\n|inactive|Time left: 300 sec this turn | 300 sec total\n|\n|t:|1783552308\n|move|p2a: Mienshao|Close Combat|p1a: Revavroom\n|-damage|p1a: Revavroom|40/100\n|-unboost|p2a: Mienshao|def|1\n|-unboost|p2a: Mienshao|spd|1\n|move|p1a: Revavroom|Shift Gear|p1a: Revavroom\n|-boost|p1a: Revavroom|spe|2\n|-boost|p1a: Revavroom|atk|1\n|\n|-weather|Snowscape|[upkeep]\n|upkeep\n|turn|8\n|inactive|Time left: 300 sec this turn | 300 sec total\n|\n|t:|1783552309\n|move|p1a: Revavroom|Gunk Shot|p2a: Mienshao\n|-damage|p2a: Mienshao|0 fnt\n|faint|p2a: Mienshao\n|-damage|p1a: Revavroom|30/100|[from] item: Life Orb\n|\n|-weather|none\n|upkeep\n|inactive|Time left: 300 sec this turn | 300 sec total | 5 sec grace\n|\n|t:|1783552310\n|switch|p2a: Arceus|Arceus-Dragon, L71|288/288\n|-damage|p2a: Arceus|252/288|[from] Stealth Rock\n|turn|9\n|inactive|Time left: 300 sec this turn | 300 sec total\n|\n|t:|1783552311\n|move|p1a: Revavroom|Iron Head|p2a: Arceus\n|-damage|p2a: Arceus|170/288\n|-damage|p1a: Revavroom|20/100|[from] item: Life Orb\n|cant|p2a: Arceus|flinch\n|\n|upkeep\n|turn|10\n|inactive|Time left: 300 sec this turn | 300 sec total\n|\n|t:|1783552312\n|move|p1a: Revavroom|Iron Head|p2a: Arceus\n|-damage|p2a: Arceus|96/288\n|-damage|p1a: Revavroom|10/100|[from] item: Life Orb\n|move|p2a: Arceus|Judgment|p1a: Revavroom\n|-resisted|p1a: Revavroom\n|-damage|p1a: Revavroom|0 fnt\n|faint|p1a: Revavroom\n|\n|upkeep\n|\n|t:|1783552313\n|switch|p1a: Vigoroth|Vigoroth, L85, M|100/100\n|turn|11\n|inactive|Time left: 300 sec this turn | 300 sec total\n|\n|t:|1783552314\n|move|p2a: Arceus|Recover|p2a: Arceus\n|-heal|p2a: Arceus|240/288\n|move|p1a: Vigoroth|Bulk Up|p1a: Vigoroth\n|-boost|p1a: Vigoroth|atk|1\n|-boost|p1a: Vigoroth|def|1\n|\n|-sideend|p2: p0y11352d26|move: Aurora Veil\n|upkeep\n|turn|12\n|inactive|Time left: 300 sec this turn | 300 sec total\n|\n|t:|1783552315\n|move|p2a: Arceus|Calm Mind|p2a: Arceus\n|-boost|p2a: Arceus|spa|1\n|-boost|p2a: Arceus|spd|1\n|move|p1a: Vigoroth|Body Slam|p2a: Arceus\n|-damage|p2a: Arceus|138/288\n|\n|upkeep\n|turn|13\n|inactive|Time left: 300 sec this turn | 300 sec total\n|\n|t:|1783552316\n|move|p2a: Arceus|Judgment|p1a: Vigoroth\n|-damage|p1a: Vigoroth|44/100\n|move|p1a: Vigoroth|Body Slam|p2a: Arceus\n|-damage|p2a: Arceus|20/288\n|\n|upkeep\n|turn|14\n|inactive|Time left: 300 sec this turn | 300 sec total\n|\n|t:|1783552316\n|switch|p1a: Umbreon|Umbreon, L84, F|100/100\n|move|p2a: Arceus|Judgment|p1a: Umbreon\n|-damage|p1a: Umbreon|59/100\n|\n|-heal|p1a: Umbreon|65/100|[from] item: Leftovers\n|upkeep\n|turn|15\n|inactive|Time left: 300 sec this turn | 300 sec total\n|\n|t:|1783552317\n|move|p2a: Arceus|Recover|p2a: Arceus\n|-heal|p2a: Arceus|164/288\n|move|p1a: Umbreon|Toxic|p2a: Arceus\n|-status|p2a: Arceus|tox\n|\n|-heal|p1a: Umbreon|71/100|[from] item: Leftovers\n|-damage|p2a: Arceus|146/288 tox|[from] psn\n|upkeep\n|turn|16\n|inactive|Time left: 300 sec this turn | 300 sec total\n|\n|t:|1783552318\n|move|p2a: Arceus|Recover|p2a: Arceus\n|-heal|p2a: Arceus|288/288 tox\n|move|p1a: Umbreon|Foul Play|p2a: Arceus\n|-damage|p2a: Arceus|207/288 tox\n|\n|-heal|p1a: Umbreon|77/100|[from] item: Leftovers\n|-damage|p2a: Arceus|171/288 tox|[from] psn\n|upkeep\n|turn|17\n|inactive|Time left: 300 sec this turn | 300 sec total\n|\n|t:|1783552319\n|move|p2a: Arceus|Judgment|p1a: Umbreon\n|-damage|p1a: Umbreon|34/100\n|move|p1a: Umbreon|Foul Play|p2a: Arceus\n|-damage|p2a: Arceus|87/288 tox\n|\n|-heal|p1a: Umbreon|40/100|[from] item: Leftovers\n|-damage|p2a: Arceus|33/288 tox|[from] psn\n|upkeep\n|turn|18\n|inactive|Time left: 300 sec this turn | 300 sec total\n|\n|t:|1783552320\n|move|p1a: Umbreon|Protect|p1a: Umbreon\n|-singleturn|p1a: Umbreon|Protect\n|move|p2a: Arceus|Judgment|p1a: Umbreon\n|-activate|p1a: Umbreon|move: Protect\n|\n|-heal|p1a: Umbreon|46/100|[from] item: Leftovers\n|-damage|p2a: Arceus|0 fnt|[from] psn\n|faint|p2a: Arceus\n|upkeep\n|inactive|Time left: 300 sec this turn | 300 sec total | 5 sec grace\n|\n|t:|1783552320\n|switch|p2a: Oricorio|Oricorio-Pom-Pom, L82, M|257/257\n|turn|19\n|inactive|Time left: 300 sec this turn | 300 sec total\n|\n|t:|1783552321\n|move|p2a: Oricorio|Quiver Dance|p2a: Oricorio\n|-boost|p2a: Oricorio|spa|1\n|-boost|p2a: Oricorio|spd|1\n|-boost|p2a: Oricorio|spe|1\n|move|p1a: Umbreon|Toxic|p2a: Oricorio|[miss]\n|-miss|p1a: Umbreon|p2a: Oricorio\n|\n|-heal|p1a: Umbreon|52/100|[from] item: Leftovers\n|upkeep\n|turn|20\n|inactive|Time left: 300 sec this turn | 300 sec total\n|\n|t:|1783552322\n|switch|p1a: Brambleghast|Brambleghast, L88, M|100/100\n|move|p2a: Oricorio|Quiver Dance|p2a: Oricorio\n|-boost|p2a: Oricorio|spa|1\n|-boost|p2a: Oricorio|spd|1\n|-boost|p2a: Oricorio|spe|1\n|\n|upkeep\n|turn|21\n|inactive|Time left: 300 sec this turn | 300 sec total\n|\n|t:|1783552323\n|move|p2a: Oricorio|Revelation Dance|p1a: Brambleghast\n|-resisted|p1a: Brambleghast\n|-damage|p1a: Brambleghast|59/100\n|move|p1a: Brambleghast|Poltergeist|p2a: Oricorio|[miss]\n|-miss|p1a: Brambleghast|p2a: Oricorio\n|\n|-heal|p1a: Brambleghast|65/100|[from] item: Leftovers\n|upkeep\n|turn|22\n|inactive|Time left: 300 sec this turn | 300 sec total\n|\n|t:|1783552324\n|move|p2a: Oricorio|Revelation Dance|p1a: Brambleghast\n|-resisted|p1a: Brambleghast\n|-damage|p1a: Brambleghast|25/100\n|move|p1a: Brambleghast|Leech Seed|p2a: Oricorio|[miss]\n|-miss|p1a: Brambleghast|p2a: Oricorio\n|\n|-heal|p1a: Brambleghast|32/100|[from] item: Leftovers\n|upkeep\n|turn|23\n|inactive|Time left: 300 sec this turn | 300 sec total\n|\n|t:|1783552325\n|switch|p1a: Umbreon|Umbreon, L84, F|52/100\n|move|p2a: Oricorio|Revelation Dance|p1a: Umbreon\n|-damage|p1a: Umbreon|9/100\n|\n|-heal|p1a: Umbreon|15/100|[from] item: Leftovers\n|upkeep\n|turn|24\n|inactive|Time left: 300 sec this turn | 300 sec total\n|\n|t:|1783552326\n|move|p1a: Umbreon|Protect|p1a: Umbreon\n|-singleturn|p1a: Umbreon|Protect\n|move|p2a: Oricorio|Revelation Dance|p1a: Umbreon\n|-activate|p1a: Umbreon|move: Protect\n|\n|-heal|p1a: Umbreon|21/100|[from] item: Leftovers\n|upkeep\n|turn|25\n|inactive|Time left: 300 sec this turn | 300 sec total\n|\n|t:|1783552327\n|move|p2a: Oricorio|Revelation Dance|p1a: Umbreon\n|-damage|p1a: Umbreon|0 fnt\n|faint|p1a: Umbreon\n|\n|upkeep\n|\n|t:|1783552328\n|switch|p1a: Vigoroth|Vigoroth, L85, M|44/100\n|turn|26\n|inactive|Time left: 300 sec this turn | 300 sec total\n|\n|t:|1783552329\n|move|p2a: Oricorio|Hurricane|p1a: Vigoroth\n|-damage|p1a: Vigoroth|0 fnt\n|faint|p1a: Vigoroth\n|\n|upkeep\n|\n|t:|1783552330\n|switch|p1a: Brambleghast|Brambleghast, L88, M|32/100\n|turn|27\n|inactive|Time left: 300 sec this turn | 300 sec total\n|\n|t:|1783552331\n|-terastallize|p1a: Brambleghast|Water\n|move|p2a: Oricorio|Revelation Dance|p1a: Brambleghast\n|-supereffective|p1a: Brambleghast\n|-damage|p1a: Brambleghast|0 fnt\n|faint|p1a: Brambleghast\n|\n|win|p0y11352d26", "uploadtime": 1783552331, "views": 0, "rating": 0, "private": 0, "password": null, "_winner": "p0y11352d26", "_our_name": "p0y11352d26"}