{"id": "battle-gen9randombattle-1548", "formatid": "gen9randombattle", "format": "[Gen 9] Random Battle", "players": ["p0x15483bc0", "p0y15486275"], "log": "|init|battle\n|title|p0x15483bc0 vs. p0y15486275\n|j|\u2606p0x15483bc0\n|j|\u2606p0y15486275\n|t:|1783557996\n|gametype|singles\n|player|p1|p0x15483bc0|1|\n|player|p2|p0y15486275|1|\n|gen|9\n|tier|[Gen 9] Random Battle\n|rule|Species Clause: Limit one of each Pok\u00e9mon\n|rule|HP Percentage Mod: HP is shown in percentages\n|rule|Sleep Clause Mod: Limit one foe put to sleep\n|rule|Illusion Level Mod: Illusion disguises the Pok\u00e9mon's true level\n|\n|t:|1783557996\n|teamsize|p1|6\n|teamsize|p2|6\n|start\n|switch|p1a: Regidrago|Regidrago, L77|435/435\n|switch|p2a: Heracross|Heracross, L80, F|100/100\n|turn|1\n|inactive|Battle timer is ON: inactive players will automatically lose when time's up. (requested by p0x15483bc0)\n|inactive|p0y15486275 also wants the timer to be on.\n|\n|t:|1783557997\n|-terastallize|p1a: Regidrago|Dragon\n|move|p1a: Regidrago|Outrage|p2a: Heracross\n|-damage|p2a: Heracross|3/100\n|move|p2a: Heracross|Knock Off|p1a: Regidrago\n|-damage|p1a: Regidrago|317/435\n|-enditem|p1a: Regidrago|Choice Scarf|[from] move: Knock Off|[of] p2a: Heracross\n|\n|-status|p2a: Heracross|brn|[from] item: Flame Orb\n|upkeep\n|turn|2\n|inactive|Time left: 300 sec this turn | 300 sec total\n|\n|t:|1783557998\n|switch|p2a: Flutter Mane|Flutter Mane, L74|100/100\n|move|p1a: Regidrago|Outrage|p2a: Flutter Mane|[from] lockedmove\n|-immune|p2a: Flutter Mane\n|\n|upkeep\n|turn|3\n|inactive|Time left: 300 sec this turn | 300 sec total\n|\n|t:|1783557999\n|move|p2a: Flutter Mane|Moonblast|p1a: Regidrago\n|-supereffective|p1a: Regidrago\n|-damage|p1a: Regidrago|0 fnt\n|faint|p1a: Regidrago\n|\n|upkeep\n|inactive|Time left: 300 sec this turn | 300 sec total | 5 sec grace\n|\n|t:|1783558000\n|switch|p1a: Floatzel|Floatzel, L86, F|286/286\n|turn|4\n|inactive|Time left: 300 sec this turn | 300 sec total\n|\n|t:|1783558001\n|-end|p2a: Flutter Mane|Protosynthesis|[silent]\n|switch|p2a: Volcanion|Volcanion, L79|100/100\n|move|p1a: Floatzel|Wave Crash|p2a: Volcanion\n|-immune|p2a: Volcanion|[from] ability: Water Absorb\n|\n|upkeep\n|turn|5\n|inactive|Time left: 300 sec this turn | 300 sec total\n|\n|t:|1783558002\n|move|p1a: Floatzel|Wave Crash|p2a: Volcanion\n|-immune|p2a: Volcanion|[from] ability: Water Absorb\n|move|p2a: Volcanion|Steam Eruption|p1a: Floatzel\n|-resisted|p1a: Floatzel\n|-damage|p1a: Floatzel|194/286\n|\n|upkeep\n|turn|6\n|inactive|Time left: 300 sec this turn | 300 sec total\n|\n|t:|1783558003\n|switch|p1a: Espeon|Espeon, L84, M|246/246\n|move|p2a: Volcanion|Steam Eruption|p1a: Espeon\n|-damage|p1a: Espeon|120/246\n|\n|upkeep\n|turn|7\n|inactive|Time left: 300 sec this turn | 300 sec total\n|\n|t:|1783558004\n|move|p1a: Espeon|Morning Sun|p1a: Espeon\n|-heal|p1a: Espeon|243/246\n|move|p2a: Volcanion|Flame Charge|p1a: Espeon\n|-crit|p1a: Espeon\n|-damage|p1a: Espeon|135/246\n|-boost|p2a: Volcanion|spe|1\n|\n|upkeep\n|turn|8\n|inactive|Time left: 300 sec this turn | 300 sec total\n|\n|t:|1783558005\n|move|p2a: Volcanion|Steam Eruption|p1a: Espeon\n|-damage|p1a: Espeon|3/246\n|move|p1a: Espeon|Morning Sun|p1a: Espeon\n|-heal|p1a: Espeon|126/246\n|\n|upkeep\n|turn|9\n|inactive|Time left: 300 sec this turn | 300 sec total\n|\n|t:|1783558006\n|move|p2a: Volcanion|Steam Eruption|p1a: Espeon\n|-damage|p1a: Espeon|2/246\n|move|p1a: Espeon|Morning Sun|p1a: Espeon\n|-heal|p1a: Espeon|125/246\n|\n|upkeep\n|turn|10\n|inactive|Time left: 300 sec this turn | 300 sec total\n|\n|t:|1783558007\n|move|p2a: Volcanion|Steam Eruption|p1a: Espeon\n|-damage|p1a: Espeon|7/246\n|move|p1a: Espeon|Morning Sun|p1a: Espeon\n|-heal|p1a: Espeon|130/246\n|\n|upkeep\n|turn|11\n|inactive|Time left: 300 sec this turn | 300 sec total\n|\n|t:|1783558008\n|move|p2a: Volcanion|Steam Eruption|p1a: Espeon\n|-damage|p1a: Espeon|0 fnt\n|faint|p1a: Espeon\n|\n|upkeep\n|inactive|Time left: 300 sec this turn | 300 sec total | 5 sec grace\n|\n|t:|1783558008\n|switch|p1a: Porygon-Z|Porygon-Z, L83|277/277\n|turn|12\n|inactive|Time left: 300 sec this turn | 300 sec total\n|\n|t:|1783558009\n|move|p1a: Porygon-Z|Trick|p2a: Volcanion\n|-activate|p1a: Porygon-Z|move: Trick|[of] p2a: Volcanion\n|-item|p2a: Volcanion|Choice Scarf|[from] move: Trick\n|-item|p1a: Porygon-Z|Assault Vest|[from] move: Trick\n|move|p2a: Volcanion|Steam Eruption|p1a: Porygon-Z\n|-damage|p1a: Porygon-Z|180/277\n|\n|upkeep\n|turn|13\n|inactive|Time left: 300 sec this turn | 300 sec total\n|\n|t:|1783558011\n|switch|p2a: Iron Hands|Iron Hands, L79|100/100\n|move|p1a: Porygon-Z|Tri Attack|p2a: Iron Hands\n|-damage|p2a: Iron Hands|64/100\n|\n|upkeep\n|turn|14\n|inactive|Time left: 300 sec this turn | 300 sec total\n|\n|t:|1783558012\n|switch|p1a: Krookodile|Krookodile, L79, M|280/280\n|-ability|p1a: Krookodile|Intimidate|boost\n|-unboost|p2a: Iron Hands|atk|1\n|move|p2a: Iron Hands|Drain Punch|p1a: Krookodile\n|-supereffective|p1a: Krookodile\n|-damage|p1a: Krookodile|130/280\n|-heal|p2a: Iron Hands|84/100|[from] drain|[of] p1a: Krookodile\n|\n|-heal|p1a: Krookodile|147/280|[from] item: Leftovers\n|upkeep\n|turn|15\n|inactive|Time left: 300 sec this turn | 300 sec total\n|\n|t:|1783558013\n|move|p1a: Krookodile|Bulk Up|p1a: Krookodile\n|-boost|p1a: Krookodile|atk|1\n|-boost|p1a: Krookodile|def|1\n|move|p2a: Iron Hands|Drain Punch|p1a: Krookodile\n|-supereffective|p1a: Krookodile\n|-damage|p1a: Krookodile|55/280\n|-heal|p2a: Iron Hands|96/100|[from] drain|[of] p1a: Krookodile\n|\n|-heal|p1a: Krookodile|72/280|[from] item: Leftovers\n|upkeep\n|turn|16\n|inactive|Time left: 300 sec this turn | 300 sec total\n|\n|t:|1783558014\n|move|p1a: Krookodile|Earthquake|p2a: Iron Hands\n|-supereffective|p2a: Iron Hands\n|-damage|p2a: Iron Hands|14/100\n|move|p2a: Iron Hands|Drain Punch|p1a: Krookodile\n|-supereffective|p1a: Krookodile\n|-damage|p1a: Krookodile|0 fnt\n|-heal|p2a: Iron Hands|24/100|[from] drain|[of] p1a: Krookodile\n|faint|p1a: Krookodile\n|\n|upkeep\n|inactive|Time left: 300 sec this turn | 300 sec total | 5 sec grace\n|\n|t:|1783558015\n|switch|p1a: Porygon-Z|Porygon-Z, L83|180/277\n|turn|17\n|inactive|Time left: 300 sec this turn | 300 sec total\n|\n|t:|1783558016\n|-end|p2a: Iron Hands|Quark Drive|[silent]\n|switch|p2a: Flutter Mane|Flutter Mane, L74|100/100\n|move|p1a: Porygon-Z|Tri Attack|p2a: Flutter Mane\n|-immune|p2a: Flutter Mane\n|\n|upkeep\n|turn|18\n|inactive|Time left: 300 sec this turn | 300 sec total\n|\n|t:|1783558017\n|move|p2a: Flutter Mane|Moonblast|p1a: Porygon-Z\n|-damage|p1a: Porygon-Z|63/277\n|move|p1a: Porygon-Z|Shadow Ball|p2a: Flutter Mane\n|-supereffective|p2a: Flutter Mane\n|-damage|p2a: Flutter Mane|37/100\n|\n|upkeep\n|turn|19\n|inactive|Time left: 300 sec this turn | 300 sec total\n|\n|t:|1783558018\n|switch|p1a: Magnezone|Magnezone, L85|258/258\n|move|p2a: Flutter Mane|Moonblast|p1a: Magnezone\n|-resisted|p1a: Magnezone\n|-damage|p1a: Magnezone|186/258\n|-unboost|p1a: Magnezone|spa|1\n|\n|-heal|p1a: Magnezone|202/258|[from] item: Leftovers\n|upkeep\n|turn|20\n|inactive|Time left: 300 sec this turn | 300 sec total\n|\n|t:|1783558019\n|move|p2a: Flutter Mane|Moonblast|p1a: Magnezone\n|-resisted|p1a: Magnezone\n|-damage|p1a: Magnezone|128/258\n|-unboost|p1a: Magnezone|spa|1\n|move|p1a: Magnezone|Flash Cannon|p2a: Flutter Mane\n|-supereffective|p2a: Flutter Mane\n|-damage|p2a: Flutter Mane|0 fnt\n|faint|p2a: Flutter Mane\n|-end|p2a: Flutter Mane|Protosynthesis|[silent]\n|\n|-heal|p1a: Magnezone|144/258|[from] item: Leftovers\n|upkeep\n|\n|t:|1783558020\n|switch|p2a: Vivillon|Vivillon-Continental, L83, F|100/100\n|turn|21\n|inactive|Time left: 300 sec this turn | 300 sec total\n|\n|t:|1783558021\n|move|p2a: Vivillon|Quiver Dance|p2a: Vivillon\n|-boost|p2a: Vivillon|spa|1\n|-boost|p2a: Vivillon|spd|1\n|-boost|p2a: Vivillon|spe|1\n|move|p1a: Magnezone|Discharge|p2a: Vivillon\n|-supereffective|p2a: Vivillon\n|-damage|p2a: Vivillon|59/100\n|\n|-heal|p1a: Magnezone|160/258|[from] item: Leftovers\n|upkeep\n|turn|22\n|inactive|Time left: 300 sec this turn | 300 sec total\n|\n|t:|1783558022\n|move|p2a: Vivillon|Quiver Dance|p2a: Vivillon\n|-boost|p2a: Vivillon|spa|1\n|-boost|p2a: Vivillon|spd|1\n|-boost|p2a: Vivillon|spe|1\n|move|p1a: Magnezone|Discharge|p2a: Vivillon\n|-supereffective|p2a: Vivillon\n|-damage|p2a: Vivillon|30/100\n|\n|-heal|p1a: Magnezone|176/258|[from] item: Leftovers\n|upkeep\n|turn|23\n|inactive|Time left: 300 sec this turn | 300 sec total\n|\n|t:|1783558023\n|-terastallize|p2a: Vivillon|Ground\n|move|p2a: Vivillon|Tera Blast|p1a: Magnezone|[anim] Tera Blast Ground\n|-supereffective|p1a: Magnezone\n|-damage|p1a: Magnezone|0 fnt\n|faint|p1a: Magnezone\n|\n|upkeep\n|inactive|Time left: 300 sec this turn | 300 sec total | 5 sec grace\n|\n|t:|1783558024\n|switch|p1a: Floatzel|Floatzel, L86, F|194/286\n|turn|24\n|inactive|Time left: 300 sec this turn | 300 sec total\n|\n|t:|1783558025\n|move|p2a: Vivillon|Tera Blast|p1a: Floatzel|[anim] Tera Blast Ground\n|-damage|p1a: Floatzel|0 fnt\n|faint|p1a: Floatzel\n|\n|upkeep\n|inactive|Time left: 300 sec this turn | 300 sec total | 5 sec grace\n|\n|t:|1783558026\n|switch|p1a: Porygon-Z|Porygon-Z, L83|63/277\n|turn|25\n|inactive|Time left: 300 sec this turn | 300 sec total\n|\n|t:|1783558026\n|move|p2a: Vivillon|Tera Blast|p1a: Porygon-Z|[anim] Tera Blast Ground\n|-damage|p1a: Porygon-Z|0 fnt\n|faint|p1a: Porygon-Z\n|\n|win|p0y15486275", "uploadtime": 1783558026, "views": 0, "rating": 0, "private": 0, "password": null, "_winner": "p0y15486275", "_our_name": "p0x15483bc0"}