{"id": "battle-gen9randombattle-379", "formatid": "gen9randombattle", "format": "[Gen 9] Random Battle", "players": ["p0x3794d9e", "p0y3795c71"], "log": "|init|battle\n|title|p0x3794d9e vs. p0y3795c71\n|j|\u2606p0x3794d9e\n|j|\u2606p0y3795c71\n|t:|1783544046\n|gametype|singles\n|player|p1|p0x3794d9e|101|\n|player|p2|p0y3795c71|2|\n|gen|9\n|tier|[Gen 9] Random Battle\n|rule|Species Clause: Limit one of each Pok\u00e9mon\n|rule|HP Percentage Mod: HP is shown in percentages\n|rule|Sleep Clause Mod: Limit one foe put to sleep\n|rule|Illusion Level Mod: Illusion disguises the Pok\u00e9mon's true level\n|\n|t:|1783544047\n|teamsize|p1|6\n|teamsize|p2|6\n|start\n|switch|p1a: Toxtricity|Toxtricity, L82, F|257/257\n|switch|p2a: Falinks|Falinks, L84|100/100\n|turn|1\n|inactive|Battle timer is ON: inactive players will automatically lose when time's up. (requested by p0x3794d9e)\n|inactive|p0y3795c71 also wants the timer to be on.\n|\n|t:|1783544048\n|move|p2a: Falinks|No Retreat|p2a: Falinks\n|-boost|p2a: Falinks|atk|1\n|-boost|p2a: Falinks|def|1\n|-boost|p2a: Falinks|spa|1\n|-boost|p2a: Falinks|spd|1\n|-boost|p2a: Falinks|spe|1\n|-start|p2a: Falinks|move: No Retreat\n|move|p1a: Toxtricity|Boomburst|p2a: Falinks\n|-damage|p2a: Falinks|47/100\n|-enditem|p1a: Toxtricity|Throat Spray\n|-boost|p1a: Toxtricity|spa|1|[from] item: Throat Spray\n|\n|upkeep\n|turn|2\n|inactive|Time left: 300 sec this turn | 300 sec total\n|\n|t:|1783544049\n|move|p2a: Falinks|Close Combat|p1a: Toxtricity\n|-resisted|p1a: Toxtricity\n|-damage|p1a: Toxtricity|105/257\n|-unboost|p2a: Falinks|def|1\n|-unboost|p2a: Falinks|spd|1\n|-damage|p2a: Falinks|37/100|[from] item: Life Orb\n|move|p1a: Toxtricity|Overdrive|p2a: Falinks\n|-damage|p2a: Falinks|0 fnt\n|faint|p2a: Falinks\n|\n|upkeep\n|\n|t:|1783544050\n|switch|p2a: Rhyperior|Rhyperior, L82, M|100/100\n|turn|3\n|inactive|Time left: 300 sec this turn | 300 sec total\n|\n|t:|1783544051\n|move|p1a: Toxtricity|Boomburst|p2a: Rhyperior\n|-resisted|p2a: Rhyperior\n|-damage|p2a: Rhyperior|58/100\n|move|p2a: Rhyperior|Earthquake|p1a: Toxtricity\n|-supereffective|p1a: Toxtricity\n|-damage|p1a: Toxtricity|0 fnt\n|faint|p1a: Toxtricity\n|\n|upkeep\n|inactive|Time left: 300 sec this turn | 300 sec total | 5 sec grace\n|\n|t:|1783544052\n|switch|p1a: Golduck|Golduck, L90, M|290/290\n|-ability|p1a: Golduck|Cloud Nine\n|turn|4\n|inactive|Time left: 300 sec this turn | 300 sec total\n|\n|t:|1783544053\n|switch|p2a: Archaludon|Archaludon, L78, M|100/100\n|move|p1a: Golduck|Hydro Pump|p2a: Archaludon\n|-resisted|p2a: Archaludon\n|-damage|p2a: Archaludon|77/100\n|-ability|p2a: Archaludon|Stamina|boost\n|-boost|p2a: Archaludon|def|1\n|\n|upkeep\n|turn|5\n|inactive|Time left: 300 sec this turn | 300 sec total\n|\n|t:|1783544054\n|move|p1a: Golduck|Nasty Plot|p1a: Golduck\n|-boost|p1a: Golduck|spa|2\n|move|p2a: Archaludon|Thunderbolt|p1a: Golduck\n|-supereffective|p1a: Golduck\n|-damage|p1a: Golduck|154/290\n|\n|-heal|p1a: Golduck|172/290|[from] item: Leftovers\n|upkeep\n|turn|6\n|inactive|Time left: 300 sec this turn | 300 sec total\n|\n|t:|1783544055\n|move|p1a: Golduck|Hydro Pump|p2a: Archaludon\n|-resisted|p2a: Archaludon\n|-damage|p2a: Archaludon|36/100\n|-ability|p2a: Archaludon|Stamina|boost\n|-boost|p2a: Archaludon|def|1\n|move|p2a: Archaludon|Thunderbolt|p1a: Golduck\n|-supereffective|p1a: Golduck\n|-damage|p1a: Golduck|34/290\n|\n|-heal|p1a: Golduck|52/290|[from] item: Leftovers\n|upkeep\n|turn|7\n|inactive|Time left: 300 sec this turn | 300 sec total\n|\n|t:|1783544056\n|switch|p2a: Blissey|Blissey, L85, F|100/100\n|move|p1a: Golduck|Ice Beam|p2a: Blissey\n|-damage|p2a: Blissey|81/100\n|\n|-heal|p1a: Golduck|70/290|[from] item: Leftovers\n|-heal|p2a: Blissey|87/100|[from] item: Leftovers\n|upkeep\n|turn|8\n|inactive|Time left: 300 sec this turn | 300 sec total\n|\n|t:|1783544057\n|move|p1a: Golduck|Ice Beam|p2a: Blissey\n|-damage|p2a: Blissey|68/100\n|move|p2a: Blissey|Seismic Toss|p1a: Golduck\n|-damage|p1a: Golduck|0 fnt\n|faint|p1a: Golduck\n|\n|-heal|p2a: Blissey|74/100|[from] item: Leftovers\n|upkeep\n|inactive|Time left: 300 sec this turn | 300 sec total | 5 sec grace\n|\n|t:|1783544059\n|switch|p1a: Medicham|Medicham, L86, F|243/243\n|turn|9\n|inactive|Time left: 300 sec this turn | 300 sec total\n|\n|t:|1783544060\n|switch|p2a: Archaludon|Archaludon, L78, M|36/100\n|move|p1a: Medicham|Close Combat|p2a: Archaludon\n|-supereffective|p2a: Archaludon\n|-damage|p2a: Archaludon|0 fnt\n|-unboost|p1a: Medicham|def|1\n|-unboost|p1a: Medicham|spd|1\n|faint|p2a: Archaludon\n|\n|upkeep\n|\n|t:|1783544061\n|switch|p2a: Rhyperior|Rhyperior, L82, M|58/100\n|turn|10\n|inactive|Time left: 300 sec this turn | 300 sec total\n|\n|t:|1783544062\n|-terastallize|p2a: Rhyperior|Bug\n|move|p1a: Medicham|Close Combat|p2a: Rhyperior\n|-resisted|p2a: Rhyperior\n|-damage|p2a: Rhyperior|23/100\n|-unboost|p1a: Medicham|def|1\n|-unboost|p1a: Medicham|spd|1\n|move|p2a: Rhyperior|Earthquake|p1a: Medicham\n|-damage|p1a: Medicham|0 fnt\n|faint|p1a: Medicham\n|\n|upkeep\n|inactive|Time left: 300 sec this turn | 300 sec total | 5 sec grace\n|\n|t:|1783544063\n|switch|p1a: Vikavolt|Vikavolt, L83, F|263/263\n|turn|11\n|inactive|Time left: 300 sec this turn | 300 sec total\n|\n|t:|1783544064\n|switch|p2a: Flareon|Flareon, L90, M|100/100\n|move|p1a: Vikavolt|Sticky Web|p2a: Flareon\n|-sidestart|p2: p0y3795c71|move: Sticky Web\n|\n|-status|p2a: Flareon|tox|[from] item: Toxic Orb\n|upkeep\n|turn|12\n|inactive|Time left: 300 sec this turn | 300 sec total\n|\n|t:|1783544065\n|move|p2a: Flareon|Flare Blitz|p1a: Vikavolt\n|-supereffective|p1a: Vikavolt\n|-damage|p1a: Vikavolt|0 fnt\n|faint|p1a: Vikavolt\n|-damage|p2a: Flareon|67/100 tox|[from] Recoil\n|\n|-damage|p2a: Flareon|61/100 tox|[from] psn\n|upkeep\n|inactive|Time left: 300 sec this turn | 300 sec total | 5 sec grace\n|\n|t:|1783544066\n|switch|p1a: Meowscarada|Meowscarada, L78, F|247/247\n|turn|13\n|inactive|Time left: 300 sec this turn | 300 sec total\n|\n|t:|1783544067\n|-terastallize|p1a: Meowscarada|Dark\n|move|p1a: Meowscarada|Knock Off|p2a: Flareon\n|-damage|p2a: Flareon|0 fnt\n|-enditem|p2a: Flareon|Toxic Orb|[from] move: Knock Off|[of] p1a: Meowscarada\n|faint|p2a: Flareon\n|\n|upkeep\n|\n|t:|1783544068\n|switch|p2a: Keldeo|Keldeo-Resolute, L79|100/100\n|-activate|p2a: Keldeo|move: Sticky Web\n|-unboost|p2a: Keldeo|spe|1\n|turn|14\n|inactive|Time left: 300 sec this turn | 300 sec total\n|\n|t:|1783544069\n|move|p1a: Meowscarada|Flower Trick|p2a: Keldeo\n|-supereffective|p2a: Keldeo\n|-crit|p2a: Keldeo\n|-damage|p2a: Keldeo|24/100\n|move|p2a: Keldeo|Secret Sword|p1a: Meowscarada\n|-supereffective|p1a: Meowscarada\n|-damage|p1a: Meowscarada|0 fnt\n|faint|p1a: Meowscarada\n|\n|-heal|p2a: Keldeo|30/100|[from] item: Leftovers\n|upkeep\n|inactive|Time left: 300 sec this turn | 300 sec total | 5 sec grace\n|\n|t:|1783544070\n|switch|p1a: Grimmsnarl|Grimmsnarl, L83, M|293/293\n|turn|15\n|inactive|Time left: 300 sec this turn | 300 sec total\n|\n|t:|1783544071\n|move|p1a: Grimmsnarl|Spirit Break|p2a: Keldeo\n|-supereffective|p2a: Keldeo\n|-damage|p2a: Keldeo|0 fnt\n|faint|p2a: Keldeo\n|\n|upkeep\n|\n|t:|1783544072\n|switch|p2a: Rhyperior|Rhyperior, L82, M, tera:Bug|23/100\n|-activate|p2a: Rhyperior|move: Sticky Web\n|-unboost|p2a: Rhyperior|spe|1\n|turn|16\n|inactive|Time left: 300 sec this turn | 300 sec total\n|\n|t:|1783544073\n|move|p1a: Grimmsnarl|Spirit Break|p2a: Rhyperior\n|-damage|p2a: Rhyperior|0 fnt\n|faint|p2a: Rhyperior\n|\n|upkeep\n|\n|t:|1783544074\n|switch|p2a: Blissey|Blissey, L85, F|74/100\n|-activate|p2a: Blissey|move: Sticky Web\n|-unboost|p2a: Blissey|spe|1\n|turn|17\n|inactive|Time left: 300 sec this turn | 300 sec total\n|\n|t:|1783544075\n|move|p1a: Grimmsnarl|Spirit Break|p2a: Blissey\n|-damage|p2a: Blissey|28/100\n|-unboost|p2a: Blissey|spa|1\n|move|p2a: Blissey|Thunder Wave|p1a: Grimmsnarl\n|-status|p1a: Grimmsnarl|par\n|\n|-heal|p2a: Blissey|34/100|[from] item: Leftovers\n|upkeep\n|turn|18\n|inactive|Time left: 300 sec this turn | 300 sec total\n|\n|t:|1783544076\n|move|p2a: Blissey|Soft-Boiled|p2a: Blissey\n|-heal|p2a: Blissey|84/100\n|move|p1a: Grimmsnarl|Spirit Break|p2a: Blissey\n|-damage|p2a: Blissey|39/100\n|-unboost|p2a: Blissey|spa|1\n|\n|-heal|p2a: Blissey|45/100|[from] item: Leftovers\n|upkeep\n|turn|19\n|inactive|Time left: 300 sec this turn | 300 sec total\n|\n|t:|1783544077\n|move|p2a: Blissey|Soft-Boiled|p2a: Blissey\n|-heal|p2a: Blissey|95/100\n|move|p1a: Grimmsnarl|Spirit Break|p2a: Blissey\n|-damage|p2a: Blissey|43/100\n|-unboost|p2a: Blissey|spa|1\n|\n|-heal|p2a: Blissey|49/100|[from] item: Leftovers\n|upkeep\n|turn|20\n|inactive|Time left: 300 sec this turn | 300 sec total\n|\n|t:|1783544078\n|move|p2a: Blissey|Soft-Boiled|p2a: Blissey\n|-heal|p2a: Blissey|99/100\n|move|p1a: Grimmsnarl|Spirit Break|p2a: Blissey\n|-damage|p2a: Blissey|49/100\n|-unboost|p2a: Blissey|spa|1\n|\n|-heal|p2a: Blissey|55/100|[from] item: Leftovers\n|upkeep\n|turn|21\n|inactive|Time left: 300 sec this turn | 300 sec total\n|\n|t:|1783544079\n|move|p2a: Blissey|Soft-Boiled|p2a: Blissey\n|-heal|p2a: Blissey|100/100\n|cant|p1a: Grimmsnarl|par\n|\n|upkeep\n|turn|22\n|inactive|Time left: 300 sec this turn | 300 sec total\n|\n|t:|1783544080\n|cant|p1a: Grimmsnarl|par\n|move|p2a: Blissey|Seismic Toss|p1a: Grimmsnarl\n|-damage|p1a: Grimmsnarl|208/293 par\n|\n|-heal|p1a: Grimmsnarl|226/293 par|[from] item: Leftovers\n|upkeep\n|turn|23\n|inactive|Time left: 300 sec this turn | 300 sec total\n|\n|t:|1783544081\n|move|p2a: Blissey|Seismic Toss|p1a: Grimmsnarl\n|-damage|p1a: Grimmsnarl|141/293 par\n|move|p1a: Grimmsnarl|Spirit Break|p2a: Blissey\n|-damage|p2a: Blissey|50/100\n|-unboost|p2a: Blissey|spa|1\n|\n|-heal|p2a: Blissey|56/100|[from] item: Leftovers\n|-heal|p1a: Grimmsnarl|159/293 par|[from] item: Leftovers\n|upkeep\n|turn|24\n|inactive|Time left: 300 sec this turn | 300 sec total\n|\n|t:|1783544082\n|move|p2a: Blissey|Soft-Boiled|p2a: Blissey\n|-heal|p2a: Blissey|100/100\n|move|p1a: Grimmsnarl|Spirit Break|p2a: Blissey\n|-damage|p2a: Blissey|56/100\n|-unboost|p2a: Blissey|spa|1\n|\n|-heal|p2a: Blissey|62/100|[from] item: Leftovers\n|-heal|p1a: Grimmsnarl|177/293 par|[from] item: Leftovers\n|upkeep\n|turn|25\n|inactive|Time left: 300 sec this turn | 300 sec total\n|\n|t:|1783544083\n|move|p2a: Blissey|Seismic Toss|p1a: Grimmsnarl\n|-damage|p1a: Grimmsnarl|92/293 par\n|move|p1a: Grimmsnarl|Spirit Break|p2a: Blissey\n|-damage|p2a: Blissey|17/100\n|\n|-heal|p2a: Blissey|24/100|[from] item: Leftovers\n|-heal|p1a: Grimmsnarl|110/293 par|[from] item: Leftovers\n|upkeep\n|turn|26\n|inactive|Time left: 300 sec this turn | 300 sec total\n|\n|t:|1783544084\n|move|p2a: Blissey|Soft-Boiled|p2a: Blissey\n|-heal|p2a: Blissey|74/100\n|move|p1a: Grimmsnarl|Spirit Break|p2a: Blissey\n|-damage|p2a: Blissey|25/100\n|\n|-heal|p2a: Blissey|31/100|[from] item: Leftovers\n|-heal|p1a: Grimmsnarl|128/293 par|[from] item: Leftovers\n|upkeep\n|turn|27\n|inactive|Time left: 300 sec this turn | 300 sec total\n|\n|t:|1783544085\n|move|p2a: Blissey|Soft-Boiled|p2a: Blissey\n|-heal|p2a: Blissey|81/100\n|move|p1a: Grimmsnarl|Spirit Break|p2a: Blissey\n|-damage|p2a: Blissey|32/100\n|\n|-heal|p2a: Blissey|38/100|[from] item: Leftovers\n|-heal|p1a: Grimmsnarl|146/293 par|[from] item: Leftovers\n|upkeep\n|turn|28\n|inactive|Time left: 300 sec this turn | 300 sec total\n|\n|t:|1783544086\n|move|p2a: Blissey|Soft-Boiled|p2a: Blissey\n|-heal|p2a: Blissey|88/100\n|move|p1a: Grimmsnarl|Spirit Break|p2a: Blissey\n|-damage|p2a: Blissey|38/100\n|\n|-heal|p2a: Blissey|44/100|[from] item: Leftovers\n|-heal|p1a: Grimmsnarl|164/293 par|[from] item: Leftovers\n|upkeep\n|turn|29\n|inactive|Time left: 300 sec this turn | 300 sec total\n|\n|t:|1783544087\n|move|p2a: Blissey|Seismic Toss|p1a: Grimmsnarl\n|-damage|p1a: Grimmsnarl|79/293 par\n|move|p1a: Grimmsnarl|Spirit Break|p2a: Blissey\n|-damage|p2a: Blissey|0 fnt\n|faint|p2a: Blissey\n|\n|win|p0x3794d9e", "uploadtime": 1783544087, "views": 0, "rating": 0, "private": 0, "password": null, "_winner": "p0x3794d9e", "_our_name": "p0x3794d9e"}