{"id": "battle-gen9randombattle-887", "formatid": "gen9randombattle", "format": "[Gen 9] Random Battle", "players": ["p0x8879f3f", "p0y8879695"], "log": "|init|battle\n|title|p0x8879f3f vs. p0y8879695\n|j|\u2606p0x8879f3f\n|j|\u2606p0y8879695\n|t:|1783549439\n|gametype|singles\n|player|p1|p0x8879f3f|101|\n|player|p2|p0y8879695|266|\n|gen|9\n|tier|[Gen 9] Random Battle\n|rule|Species Clause: Limit one of each Pok\u00e9mon\n|rule|HP Percentage Mod: HP is shown in percentages\n|rule|Sleep Clause Mod: Limit one foe put to sleep\n|rule|Illusion Level Mod: Illusion disguises the Pok\u00e9mon's true level\n|\n|t:|1783549439\n|teamsize|p1|6\n|teamsize|p2|6\n|start\n|switch|p1a: Blastoise|Blastoise, L80, F|100/100\n|switch|p2a: Electivire|Electivire, L84, F|263/263\n|turn|1\n|inactive|Battle timer is ON: inactive players will automatically lose when time's up. (requested by p0x8879f3f)\n|inactive|Time left: 300 sec this turn | 300 sec total | 60 sec grace\n|inactive|p0y8879695 also wants the timer to be on.\n|\n|t:|1783549440\n|switch|p1a: Flapple|Flapple, L88, M|100/100\n|move|p2a: Electivire|Supercell Slam|p1a: Flapple\n|-resisted|p1a: Flapple\n|-damage|p1a: Flapple|86/100\n|-damage|p2a: Electivire|237/263|[from] item: Life Orb\n|\n|upkeep\n|turn|2\n|inactive|Time left: 300 sec this turn | 300 sec total\n|\n|t:|1783549441\n|move|p2a: Electivire|Ice Punch|p1a: Flapple\n|-supereffective|p1a: Flapple\n|-damage|p1a: Flapple|0 fnt\n|faint|p1a: Flapple\n|-damage|p2a: Electivire|211/263|[from] item: Life Orb\n|\n|upkeep\n|\n|t:|1783549442\n|switch|p1a: Iron Crown|Iron Crown, L78|100/100\n|turn|3\n|inactive|Time left: 300 sec this turn | 300 sec total\n|\n|t:|1783549443\n|move|p2a: Electivire|Supercell Slam|p1a: Iron Crown\n|-damage|p1a: Iron Crown|42/100\n|-damage|p2a: Electivire|185/263|[from] item: Life Orb\n|move|p1a: Iron Crown|Psyshock|p2a: Electivire\n|-damage|p2a: Electivire|22/263\n|\n|upkeep\n|turn|4\n|inactive|Time left: 300 sec this turn | 300 sec total\n|\n|t:|1783549445\n|-end|p1a: Iron Crown|Quark Drive|[silent]\n|switch|p1a: Brute Bonnet|Brute Bonnet, L80|100/100\n|move|p2a: Electivire|Supercell Slam|p1a: Brute Bonnet\n|-resisted|p1a: Brute Bonnet\n|-damage|p1a: Brute Bonnet|73/100\n|-damage|p2a: Electivire|0 fnt|[from] item: Life Orb\n|faint|p2a: Electivire\n|\n|-heal|p1a: Brute Bonnet|79/100|[from] item: Leftovers\n|upkeep\n|inactive|Time left: 300 sec this turn | 300 sec total | 5 sec grace\n|\n|t:|1783549446\n|switch|p2a: Frosmoth|Frosmoth, L82, F|249/249\n|turn|5\n|inactive|Time left: 300 sec this turn | 300 sec total\n|\n|t:|1783549447\n|move|p2a: Frosmoth|Quiver Dance|p2a: Frosmoth\n|-boost|p2a: Frosmoth|spa|1\n|-boost|p2a: Frosmoth|spd|1\n|-boost|p2a: Frosmoth|spe|1\n|move|p1a: Brute Bonnet|Spore|p2a: Frosmoth\n|-status|p2a: Frosmoth|slp|[from] move: Spore\n|\n|-heal|p1a: Brute Bonnet|85/100|[from] item: Leftovers\n|upkeep\n|turn|6\n|inactive|Time left: 300 sec this turn | 300 sec total\n|\n|t:|1783549448\n|cant|p2a: Frosmoth|slp\n|move|p1a: Brute Bonnet|Crunch|p2a: Frosmoth\n|-damage|p2a: Frosmoth|119/249 slp\n|\n|-heal|p1a: Brute Bonnet|91/100|[from] item: Leftovers\n|upkeep\n|turn|7\n|inactive|Time left: 300 sec this turn | 300 sec total\n|\n|t:|1783549450\n|cant|p2a: Frosmoth|slp\n|move|p1a: Brute Bonnet|Crunch|p2a: Frosmoth\n|-damage|p2a: Frosmoth|0 fnt\n|faint|p2a: Frosmoth\n|\n|-heal|p1a: Brute Bonnet|97/100|[from] item: Leftovers\n|upkeep\n|inactive|Time left: 300 sec this turn | 300 sec total | 5 sec grace\n|\n|t:|1783549451\n|switch|p2a: Hitmontop|Hitmontop, L88, M|231/231\n|-ability|p2a: Hitmontop|Intimidate|boost\n|-unboost|p1a: Brute Bonnet|atk|1\n|turn|8\n|inactive|Time left: 300 sec this turn | 300 sec total\n|\n|t:|1783549452\n|-end|p1a: Brute Bonnet|Protosynthesis|[silent]\n|switch|p1a: Slowking|Slowking, L88, M|100/100\n|move|p2a: Hitmontop|Close Combat|p1a: Slowking\n|-resisted|p1a: Slowking\n|-damage|p1a: Slowking|78/100\n|-unboost|p2a: Hitmontop|def|1\n|-unboost|p2a: Hitmontop|spd|1\n|\n|-heal|p1a: Slowking|84/100|[from] item: Leftovers\n|upkeep\n|turn|9\n|inactive|Time left: 300 sec this turn | 300 sec total\n|\n|t:|1783549453\n|switch|p2a: Deoxys|Deoxys-Defense, L84|221/221\n|-ability|p2a: Deoxys|Pressure\n|move|p1a: Slowking|Scald|p2a: Deoxys\n|-damage|p2a: Deoxys|163/221\n|\n|-heal|p2a: Deoxys|176/221|[from] item: Leftovers\n|-heal|p1a: Slowking|90/100|[from] item: Leftovers\n|upkeep\n|turn|10\n|inactive|Time left: 300 sec this turn | 300 sec total\n|\n|t:|1783549454\n|switch|p1a: Blastoise|Blastoise, L80, F|100/100\n|move|p2a: Deoxys|Cosmic Power|p2a: Deoxys\n|-boost|p2a: Deoxys|def|1\n|-boost|p2a: Deoxys|spd|1\n|\n|-heal|p2a: Deoxys|189/221|[from] item: Leftovers\n|upkeep\n|turn|11\n|inactive|Time left: 300 sec this turn | 300 sec total\n|\n|t:|1783549455\n|move|p2a: Deoxys|Night Shade|p1a: Blastoise\n|-damage|p1a: Blastoise|68/100\n|move|p1a: Blastoise|Shell Smash|p1a: Blastoise\n|-unboost|p1a: Blastoise|def|1\n|-unboost|p1a: Blastoise|spd|1\n|-boost|p1a: Blastoise|atk|2\n|-boost|p1a: Blastoise|spa|2\n|-boost|p1a: Blastoise|spe|2\n|-enditem|p1a: Blastoise|White Herb\n|-clearnegativeboost|p1a: Blastoise|[silent]\n|\n|-heal|p2a: Deoxys|202/221|[from] item: Leftovers\n|upkeep\n|turn|12\n|inactive|Time left: 300 sec this turn | 300 sec total\n|\n|t:|1783549456\n|move|p1a: Blastoise|Shell Smash|p1a: Blastoise\n|-unboost|p1a: Blastoise|def|1\n|-unboost|p1a: Blastoise|spd|1\n|-boost|p1a: Blastoise|atk|2\n|-boost|p1a: Blastoise|spa|2\n|-boost|p1a: Blastoise|spe|2\n|move|p2a: Deoxys|Cosmic Power|p2a: Deoxys\n|-boost|p2a: Deoxys|def|1\n|-boost|p2a: Deoxys|spd|1\n|\n|-heal|p2a: Deoxys|215/221|[from] item: Leftovers\n|upkeep\n|turn|13\n|inactive|Time left: 300 sec this turn | 300 sec total\n|\n|t:|1783549457\n|move|p1a: Blastoise|Hydro Pump|p2a: Deoxys|[miss]\n|-miss|p1a: Blastoise|p2a: Deoxys\n|move|p2a: Deoxys|Stored Power|p1a: Blastoise\n|-damage|p1a: Blastoise|25/100\n|\n|-heal|p2a: Deoxys|221/221|[from] item: Leftovers\n|upkeep\n|turn|14\n|inactive|Time left: 300 sec this turn | 300 sec total\n|\n|t:|1783549458\n|move|p1a: Blastoise|Ice Beam|p2a: Deoxys\n|-damage|p2a: Deoxys|169/221\n|-status|p2a: Deoxys|frz\n|cant|p2a: Deoxys|frz\n|\n|-heal|p2a: Deoxys|182/221 frz|[from] item: Leftovers\n|upkeep\n|turn|15\n|inactive|Time left: 300 sec this turn | 300 sec total\n|\n|t:|1783549459\n|move|p1a: Blastoise|Hydro Pump|p2a: Deoxys\n|-damage|p2a: Deoxys|56/221 frz\n|cant|p2a: Deoxys|frz\n|\n|-heal|p2a: Deoxys|69/221 frz|[from] item: Leftovers\n|upkeep\n|turn|16\n|inactive|Time left: 300 sec this turn | 300 sec total\n|\n|t:|1783549460\n|move|p1a: Blastoise|Ice Beam|p2a: Deoxys\n|-damage|p2a: Deoxys|19/221 frz\n|cant|p2a: Deoxys|frz\n|\n|-heal|p2a: Deoxys|32/221 frz|[from] item: Leftovers\n|upkeep\n|turn|17\n|inactive|Time left: 300 sec this turn | 300 sec total\n|\n|t:|1783549462\n|move|p1a: Blastoise|Ice Beam|p2a: Deoxys\n|-damage|p2a: Deoxys|0 fnt\n|faint|p2a: Deoxys\n|\n|upkeep\n|inactive|Time left: 300 sec this turn | 300 sec total | 5 sec grace\n|\n|t:|1783549462\n|switch|p2a: Hitmontop|Hitmontop, L88, M|231/231\n|-ability|p2a: Hitmontop|Intimidate|boost\n|-unboost|p1a: Blastoise|atk|1\n|turn|18\n|inactive|Time left: 300 sec this turn | 300 sec total\n|\n|t:|1783549463\n|move|p2a: Hitmontop|Sucker Punch|p1a: Blastoise\n|-damage|p1a: Blastoise|0 fnt\n|faint|p1a: Blastoise\n|\n|upkeep\n|\n|t:|1783549464\n|switch|p1a: Spectrier|Spectrier, L75|100/100\n|turn|19\n|inactive|Time left: 300 sec this turn | 300 sec total\n|\n|t:|1783549465\n|move|p1a: Spectrier|Nasty Plot|p1a: Spectrier\n|-boost|p1a: Spectrier|spa|2\n|move|p2a: Hitmontop|Earthquake|p1a: Spectrier\n|-damage|p1a: Spectrier|60/100\n|\n|upkeep\n|turn|20\n|inactive|Time left: 300 sec this turn | 300 sec total\n|\n|t:|1783549466\n|move|p1a: Spectrier|Nasty Plot|p1a: Spectrier\n|-boost|p1a: Spectrier|spa|2\n|move|p2a: Hitmontop|Earthquake|p1a: Spectrier\n|-damage|p1a: Spectrier|22/100\n|\n|upkeep\n|turn|21\n|inactive|Time left: 300 sec this turn | 300 sec total\n|\n|t:|1783549467\n|move|p1a: Spectrier|Shadow Ball|p2a: Hitmontop\n|-damage|p2a: Hitmontop|40/231\n|-unboost|p2a: Hitmontop|spd|1\n|-damage|p1a: Spectrier|13/100|[from] item: Life Orb\n|move|p2a: Hitmontop|Earthquake|p1a: Spectrier\n|-damage|p1a: Spectrier|0 fnt\n|faint|p1a: Spectrier\n|\n|upkeep\n|\n|t:|1783549468\n|switch|p1a: Iron Crown|Iron Crown, L78|42/100\n|turn|22\n|inactive|Time left: 300 sec this turn | 300 sec total\n|\n|t:|1783549469\n|move|p2a: Hitmontop|Sucker Punch|p1a: Iron Crown\n|-supereffective|p1a: Iron Crown\n|-damage|p1a: Iron Crown|5/100\n|move|p1a: Iron Crown|Psyshock|p2a: Hitmontop\n|-supereffective|p2a: Hitmontop\n|-damage|p2a: Hitmontop|0 fnt\n|faint|p2a: Hitmontop\n|\n|upkeep\n|inactive|Time left: 300 sec this turn | 300 sec total | 5 sec grace\n|\n|t:|1783549470\n|switch|p2a: Tauros|Tauros-Paldea-Aqua, L81, M|252/252\n|turn|23\n|inactive|Time left: 300 sec this turn | 300 sec total\n|\n|t:|1783549471\n|-end|p1a: Iron Crown|Quark Drive|[silent]\n|switch|p1a: Slowking|Slowking, L88, M|100/100\n|move|p2a: Tauros|Bulk Up|p2a: Tauros\n|-boost|p2a: Tauros|atk|1\n|-boost|p2a: Tauros|def|1\n|\n|upkeep\n|turn|24\n|inactive|Time left: 300 sec this turn | 300 sec total\n|\n|t:|1783549472\n|move|p2a: Tauros|Bulk Up|p2a: Tauros\n|-boost|p2a: Tauros|atk|1\n|-boost|p2a: Tauros|def|1\n|move|p1a: Slowking|Psychic Noise|p2a: Tauros\n|-supereffective|p2a: Tauros\n|-damage|p2a: Tauros|18/252\n|-start|p2a: Tauros|move: Heal Block\n|\n|upkeep\n|turn|25\n|inactive|Time left: 300 sec this turn | 300 sec total\n|\n|t:|1783549473\n|move|p2a: Tauros|Substitute|p2a: Tauros\n|-fail|p2a: Tauros|move: Substitute|[weak]\n|move|p1a: Slowking|Psychic Noise|p2a: Tauros\n|-supereffective|p2a: Tauros\n|-damage|p2a: Tauros|0 fnt\n|faint|p2a: Tauros\n|\n|upkeep\n|inactive|Time left: 300 sec this turn | 300 sec total | 5 sec grace\n|\n|t:|1783549474\n|switch|p2a: Meloetta|Meloetta, L82|298/298\n|turn|26\n|inactive|Time left: 300 sec this turn | 300 sec total\n|\n|t:|1783549475\n|move|p2a: Meloetta|Relic Song|p1a: Slowking\n|-damage|p1a: Slowking|66/100\n|-formechange|p2a: Meloetta|Meloetta-Pirouette|[msg]\n|-damage|p2a: Meloetta|269/298|[from] item: Life Orb\n|move|p1a: Slowking|Thunder Wave|p2a: Meloetta\n|-status|p2a: Meloetta|par\n|\n|-heal|p1a: Slowking|72/100|[from] item: Leftovers\n|upkeep\n|turn|27\n|inactive|Time left: 300 sec this turn | 300 sec total\n|\n|t:|1783549476\n|cant|p2a: Meloetta|par\n|move|p1a: Slowking|Psychic Noise|p2a: Meloetta\n|-supereffective|p2a: Meloetta\n|-damage|p2a: Meloetta|81/298 par\n|-start|p2a: Meloetta|move: Heal Block\n|\n|-heal|p1a: Slowking|78/100|[from] item: Leftovers\n|upkeep\n|turn|28\n|inactive|Time left: 300 sec this turn | 300 sec total\n|\n|t:|1783549476\n|cant|p2a: Meloetta|par\n|move|p1a: Slowking|Scald|p2a: Meloetta\n|-damage|p2a: Meloetta|0 fnt\n|faint|p2a: Meloetta\n|\n|win|p0x8879f3f", "uploadtime": 1783549476, "views": 0, "rating": 0, "private": 0, "password": null, "_winner": "p0x8879f3f", "_our_name": "p0y8879695"}