{"id": "battle-gen9randombattle-87", "formatid": "gen9randombattle", "format": "[Gen 9] Random Battle", "players": ["p0x08789d5", "p0y0871097"], "log": "|init|battle\n|title|p0x08789d5 vs. p0y0871097\n|j|\u2606p0x08789d5\n|j|\u2606p0y0871097\n|t:|1783534785\n|gametype|singles\n|player|p1|p0x08789d5|2|\n|player|p2|p0y0871097|2|\n|gen|9\n|tier|[Gen 9] Random Battle\n|rule|Species Clause: Limit one of each Pok\u00e9mon\n|rule|HP Percentage Mod: HP is shown in percentages\n|rule|Sleep Clause Mod: Limit one foe put to sleep\n|rule|Illusion Level Mod: Illusion disguises the Pok\u00e9mon's true level\n|\n|t:|1783534786\n|teamsize|p1|6\n|teamsize|p2|6\n|start\n|switch|p1a: Bastiodon|Bastiodon, L89, M|252/252\n|switch|p2a: Terapagos|Terapagos, L77, F|100/100\n|-activate|p2a: Terapagos|ability: Tera Shift\n|detailschange|p2a: Terapagos|Terapagos-Terastal, L77, F\n|-heal|p2a: Terapagos|100/100|[silent]\n|turn|1\n|inactive|Battle timer is ON: inactive players will automatically lose when time's up. (requested by p0x08789d5)\n|inactive|p0y0871097 also wants the timer to be on.\n|\n|t:|1783534787\n|switch|p2a: Diancie|Diancie, L82|100/100\n|move|p1a: Bastiodon|Body Press|p2a: Diancie\n|-damage|p2a: Diancie|69/100\n|\n|-heal|p2a: Diancie|75/100|[from] item: Leftovers\n|upkeep\n|turn|2\n|inactive|Time left: 300 sec this turn | 300 sec total\n|\n|t:|1783534788\n|move|p2a: Diancie|Body Press|p1a: Bastiodon\n|-supereffective|p1a: Bastiodon\n|-damage|p1a: Bastiodon|64/252\n|move|p1a: Bastiodon|Body Press|p2a: Diancie\n|-damage|p2a: Diancie|43/100\n|\n|-heal|p2a: Diancie|49/100|[from] item: Leftovers\n|upkeep\n|turn|3\n|inactive|Time left: 300 sec this turn | 300 sec total\n|\n|t:|1783534789\n|move|p2a: Diancie|Body Press|p1a: Bastiodon\n|-supereffective|p1a: Bastiodon\n|-damage|p1a: Bastiodon|0 fnt\n|faint|p1a: Bastiodon\n|\n|-heal|p2a: Diancie|55/100|[from] item: Leftovers\n|upkeep\n|inactive|Time left: 300 sec this turn | 300 sec total | 5 sec grace\n|\n|t:|1783534790\n|switch|p1a: Poliwrath|Poliwrath, L88, M|302/302\n|turn|4\n|inactive|Time left: 300 sec this turn | 300 sec total\n|\n|t:|1783534791\n|switch|p2a: Wyrdeer|Wyrdeer, L87, M|100/100\n|-ability|p2a: Wyrdeer|Intimidate|boost\n|-unboost|p1a: Poliwrath|atk|1\n|move|p1a: Poliwrath|Liquidation|p2a: Wyrdeer\n|-damage|p2a: Wyrdeer|80/100\n|\n|-heal|p2a: Wyrdeer|86/100|[from] item: Leftovers\n|upkeep\n|turn|5\n|inactive|Time left: 300 sec this turn | 300 sec total\n|\n|t:|1783534792\n|switch|p1a: Flygon|Flygon, L82, M|265/265\n|move|p2a: Wyrdeer|Psychic Noise|p1a: Flygon\n|-damage|p1a: Flygon|165/265\n|-start|p1a: Flygon|move: Heal Block\n|\n|-heal|p2a: Wyrdeer|92/100|[from] item: Leftovers\n|upkeep\n|turn|6\n|inactive|Time left: 300 sec this turn | 300 sec total\n|\n|t:|1783534793\n|move|p1a: Flygon|Dragon Dance|p1a: Flygon\n|-boost|p1a: Flygon|atk|1\n|-boost|p1a: Flygon|spe|1\n|move|p2a: Wyrdeer|Body Slam|p1a: Flygon\n|-damage|p1a: Flygon|56/265\n|\n|-heal|p2a: Wyrdeer|98/100|[from] item: Leftovers\n|-end|p1a: Flygon|move: Heal Block\n|upkeep\n|turn|7\n|inactive|Time left: 300 sec this turn | 300 sec total\n|\n|t:|1783534794\n|move|p1a: Flygon|Outrage|p2a: Wyrdeer\n|-damage|p2a: Wyrdeer|29/100\n|move|p2a: Wyrdeer|Psychic Noise|p1a: Flygon\n|-damage|p1a: Flygon|0 fnt\n|faint|p1a: Flygon\n|\n|-heal|p2a: Wyrdeer|35/100|[from] item: Leftovers\n|upkeep\n|inactive|Time left: 300 sec this turn | 300 sec total | 5 sec grace\n|\n|t:|1783534795\n|switch|p1a: Poliwrath|Poliwrath, L88, M|302/302\n|turn|8\n|inactive|Time left: 300 sec this turn | 300 sec total\n|\n|t:|1783534796\n|switch|p2a: Lugia|Lugia, L73|100/100\n|move|p1a: Poliwrath|Liquidation|p2a: Lugia\n|-damage|p2a: Lugia|86/100\n|\n|upkeep\n|turn|9\n|inactive|Time left: 300 sec this turn | 300 sec total\n|\n|t:|1783534797\n|move|p2a: Lugia|Aeroblast|p1a: Poliwrath|[miss]\n|-miss|p2a: Lugia|p1a: Poliwrath\n|move|p1a: Poliwrath|Knock Off|p2a: Lugia\n|-supereffective|p2a: Lugia\n|-damage|p2a: Lugia|39/100\n|-enditem|p2a: Lugia|Heavy-Duty Boots|[from] move: Knock Off|[of] p1a: Poliwrath\n|\n|upkeep\n|turn|10\n|inactive|Time left: 300 sec this turn | 300 sec total\n|\n|t:|1783534798\n|move|p2a: Lugia|Recover|p2a: Lugia\n|-heal|p2a: Lugia|89/100\n|move|p1a: Poliwrath|Liquidation|p2a: Lugia\n|-crit|p2a: Lugia\n|-damage|p2a: Lugia|41/100\n|\n|upkeep\n|turn|11\n|inactive|Time left: 300 sec this turn | 300 sec total\n|\n|t:|1783534799\n|move|p2a: Lugia|Recover|p2a: Lugia\n|-heal|p2a: Lugia|91/100\n|move|p1a: Poliwrath|Liquidation|p2a: Lugia\n|-damage|p2a: Lugia|60/100\n|\n|upkeep\n|turn|12\n|inactive|Time left: 300 sec this turn | 300 sec total\n|\n|t:|1783534800\n|move|p2a: Lugia|Recover|p2a: Lugia\n|-heal|p2a: Lugia|100/100\n|move|p1a: Poliwrath|Liquidation|p2a: Lugia\n|-damage|p2a: Lugia|86/100\n|\n|upkeep\n|turn|13\n|inactive|Time left: 300 sec this turn | 300 sec total\n|\n|t:|1783534801\n|move|p2a: Lugia|Recover|p2a: Lugia\n|-heal|p2a: Lugia|100/100\n|move|p1a: Poliwrath|Knock Off|p2a: Lugia\n|-supereffective|p2a: Lugia\n|-damage|p2a: Lugia|86/100\n|\n|upkeep\n|turn|14\n|inactive|Time left: 300 sec this turn | 300 sec total\n|\n|t:|1783534802\n|move|p2a: Lugia|Aeroblast|p1a: Poliwrath\n|-supereffective|p1a: Poliwrath\n|-damage|p1a: Poliwrath|206/302\n|move|p1a: Poliwrath|Knock Off|p2a: Lugia\n|-supereffective|p2a: Lugia\n|-damage|p2a: Lugia|54/100\n|\n|upkeep\n|turn|15\n|inactive|Time left: 300 sec this turn | 300 sec total\n|\n|t:|1783534803\n|move|p2a: Lugia|Recover|p2a: Lugia\n|-heal|p2a: Lugia|100/100\n|move|p1a: Poliwrath|Liquidation|p2a: Lugia\n|-damage|p2a: Lugia|87/100\n|\n|upkeep\n|turn|16\n|inactive|Time left: 300 sec this turn | 300 sec total\n|\n|t:|1783534804\n|move|p2a: Lugia|Calm Mind|p2a: Lugia\n|-boost|p2a: Lugia|spa|1\n|-boost|p2a: Lugia|spd|1\n|move|p1a: Poliwrath|Knock Off|p2a: Lugia\n|-supereffective|p2a: Lugia\n|-damage|p2a: Lugia|58/100\n|\n|upkeep\n|turn|17\n|inactive|Time left: 300 sec this turn | 300 sec total\n|\n|t:|1783534805\n|move|p2a: Lugia|Aeroblast|p1a: Poliwrath\n|-supereffective|p1a: Poliwrath\n|-damage|p1a: Poliwrath|66/302\n|move|p1a: Poliwrath|Liquidation|p2a: Lugia\n|-damage|p2a: Lugia|27/100\n|-unboost|p2a: Lugia|def|1\n|\n|upkeep\n|turn|18\n|inactive|Time left: 300 sec this turn | 300 sec total\n|\n|t:|1783534806\n|move|p2a: Lugia|Aeroblast|p1a: Poliwrath\n|-supereffective|p1a: Poliwrath\n|-damage|p1a: Poliwrath|0 fnt\n|faint|p1a: Poliwrath\n|\n|upkeep\n|inactive|Time left: 300 sec this turn | 300 sec total | 5 sec grace\n|\n|t:|1783534807\n|switch|p1a: Maushold|Maushold, L76|238/238\n|turn|19\n|inactive|Time left: 300 sec this turn | 300 sec total\n|\n|t:|1783534808\n|switch|p2a: Diancie|Diancie, L82|55/100\n|move|p1a: Maushold|Population Bomb|p2a: Diancie\n|-resisted|p2a: Diancie\n|-damage|p2a: Diancie|51/100\n|-resisted|p2a: Diancie\n|-damage|p2a: Diancie|47/100\n|-resisted|p2a: Diancie\n|-damage|p2a: Diancie|43/100\n|-resisted|p2a: Diancie\n|-damage|p2a: Diancie|40/100\n|-resisted|p2a: Diancie\n|-damage|p2a: Diancie|37/100\n|-resisted|p2a: Diancie\n|-damage|p2a: Diancie|33/100\n|-resisted|p2a: Diancie\n|-damage|p2a: Diancie|29/100\n|-resisted|p2a: Diancie\n|-damage|p2a: Diancie|25/100\n|-resisted|p2a: Diancie\n|-damage|p2a: Diancie|21/100\n|-resisted|p2a: Diancie\n|-damage|p2a: Diancie|18/100\n|-hitcount|p2a: Diancie|10\n|\n|-heal|p2a: Diancie|24/100|[from] item: Leftovers\n|upkeep\n|turn|20\n|inactive|Time left: 300 sec this turn | 300 sec total\n|\n|t:|1783534809\n|move|p1a: Maushold|Population Bomb|p2a: Diancie\n|-resisted|p2a: Diancie\n|-damage|p2a: Diancie|20/100\n|-resisted|p2a: Diancie\n|-damage|p2a: Diancie|17/100\n|-resisted|p2a: Diancie\n|-damage|p2a: Diancie|13/100\n|-resisted|p2a: Diancie\n|-damage|p2a: Diancie|10/100\n|-resisted|p2a: Diancie\n|-damage|p2a: Diancie|6/100\n|-resisted|p2a: Diancie\n|-damage|p2a: Diancie|3/100\n|-resisted|p2a: Diancie\n|-damage|p2a: Diancie|0 fnt\n|faint|p2a: Diancie\n|-hitcount|p2: Diancie|7\n|\n|upkeep\n|\n|t:|1783534810\n|switch|p2a: Wyrdeer|Wyrdeer, L87, M|35/100\n|-ability|p2a: Wyrdeer|Intimidate|boost\n|-unboost|p1a: Maushold|atk|1\n|turn|21\n|inactive|Time left: 300 sec this turn | 300 sec total\n|\n|t:|1783534811\n|move|p1a: Maushold|Population Bomb|p2a: Wyrdeer\n|-damage|p2a: Wyrdeer|30/100\n|-damage|p2a: Wyrdeer|25/100\n|-damage|p2a: Wyrdeer|20/100\n|-damage|p2a: Wyrdeer|15/100\n|-damage|p2a: Wyrdeer|10/100\n|-damage|p2a: Wyrdeer|5/100\n|-crit|p2a: Wyrdeer\n|-damage|p2a: Wyrdeer|0 fnt\n|faint|p2a: Wyrdeer\n|-hitcount|p2: Wyrdeer|7\n|\n|upkeep\n|\n|t:|1783534812\n|switch|p2a: Hitmonlee|Hitmonlee, L85, M|100/100\n|turn|22\n|inactive|Time left: 300 sec this turn | 300 sec total\n|\n|t:|1783534813\n|-terastallize|p1a: Maushold|Normal\n|move|p1a: Maushold|Population Bomb|p2a: Hitmonlee\n|-damage|p2a: Hitmonlee|87/100\n|-damage|p2a: Hitmonlee|74/100\n|-damage|p2a: Hitmonlee|62/100\n|-damage|p2a: Hitmonlee|48/100\n|-damage|p2a: Hitmonlee|36/100\n|-damage|p2a: Hitmonlee|22/100\n|-damage|p2a: Hitmonlee|9/100\n|-damage|p2a: Hitmonlee|0 fnt\n|faint|p2a: Hitmonlee\n|-hitcount|p2: Hitmonlee|8\n|\n|upkeep\n|\n|t:|1783534814\n|switch|p2a: Terapagos|Terapagos-Terastal, L77, F|100/100\n|turn|23\n|inactive|Time left: 300 sec this turn | 300 sec total\n|\n|t:|1783534815\n|move|p1a: Maushold|Population Bomb|p2a: Terapagos\n|-activate|p2a: Terapagos|ability: Tera Shell\n|-resisted|p2a: Terapagos\n|-damage|p2a: Terapagos|97/100\n|-resisted|p2a: Terapagos\n|-crit|p2a: Terapagos\n|-damage|p2a: Terapagos|89/100\n|-resisted|p2a: Terapagos\n|-damage|p2a: Terapagos|85/100\n|-resisted|p2a: Terapagos\n|-damage|p2a: Terapagos|81/100\n|-resisted|p2a: Terapagos\n|-damage|p2a: Terapagos|77/100\n|-resisted|p2a: Terapagos\n|-damage|p2a: Terapagos|73/100\n|-resisted|p2a: Terapagos\n|-damage|p2a: Terapagos|70/100\n|-resisted|p2a: Terapagos\n|-damage|p2a: Terapagos|67/100\n|-resisted|p2a: Terapagos\n|-damage|p2a: Terapagos|64/100\n|-resisted|p2a: Terapagos\n|-crit|p2a: Terapagos\n|-damage|p2a: Terapagos|55/100\n|-hitcount|p2a: Terapagos|10\n|move|p2a: Terapagos|Tera Starstorm|p1a: Maushold\n|-damage|p1a: Maushold|90/238\n|\n|upkeep\n|turn|24\n|inactive|Time left: 300 sec this turn | 300 sec total\n|\n|t:|1783534816\n|move|p1a: Maushold|Population Bomb|p2a: Terapagos\n|-damage|p2a: Terapagos|48/100\n|-damage|p2a: Terapagos|42/100\n|-damage|p2a: Terapagos|34/100\n|-damage|p2a: Terapagos|27/100\n|-damage|p2a: Terapagos|20/100\n|-damage|p2a: Terapagos|13/100\n|-damage|p2a: Terapagos|6/100\n|-damage|p2a: Terapagos|0 fnt\n|faint|p2a: Terapagos\n|-hitcount|p2: Terapagos|8\n|\n|upkeep\n|\n|t:|1783534817\n|switch|p2a: Golduck|Golduck, L90, F|100/100\n|-ability|p2a: Golduck|Cloud Nine\n|turn|25\n|inactive|Time left: 300 sec this turn | 300 sec total\n|\n|t:|1783534818\n|move|p1a: Maushold|Population Bomb|p2a: Golduck\n|-damage|p2a: Golduck|94/100\n|-damage|p2a: Golduck|87/100\n|-damage|p2a: Golduck|79/100\n|-crit|p2a: Golduck\n|-damage|p2a: Golduck|64/100\n|-damage|p2a: Golduck|57/100\n|-damage|p2a: Golduck|49/100\n|-damage|p2a: Golduck|43/100\n|-damage|p2a: Golduck|35/100\n|-damage|p2a: Golduck|28/100\n|-damage|p2a: Golduck|20/100\n|-hitcount|p2a: Golduck|10\n|move|p2a: Golduck|Hydro Pump|p1a: Maushold\n|-damage|p1a: Maushold|0 fnt\n|faint|p1a: Maushold\n|-damage|p2a: Golduck|10/100|[from] item: Life Orb\n|\n|upkeep\n|inactive|Time left: 300 sec this turn | 300 sec total | 5 sec grace\n|\n|t:|1783534819\n|switch|p1a: Sunflora|Sunflora, M|312/312\n|turn|26\n|inactive|Time left: 300 sec this turn | 300 sec total\n|\n|t:|1783534820\n|move|p2a: Golduck|Ice Beam|p1a: Sunflora\n|-supereffective|p1a: Sunflora\n|-damage|p1a: Sunflora|138/312\n|-damage|p2a: Golduck|0 fnt|[from] item: Life Orb\n|faint|p2a: Golduck\n|move|p1a: Sunflora|Sunny Day|p1a: Sunflora\n|-weather|SunnyDay\n|\n|-weather|SunnyDay|[upkeep]\n|upkeep\n|\n|t:|1783534820\n|switch|p2a: Lugia|Lugia, L73|27/100\n|turn|27\n|inactive|Time left: 300 sec this turn | 300 sec total\n|\n|t:|1783534821\n|-terastallize|p2a: Lugia|Steel\n|move|p1a: Sunflora|Solar Beam||[still]\n|-prepare|p1a: Sunflora|Solar Beam\n|-anim|p1a: Sunflora|Solar Beam|p2a: Lugia\n|-resisted|p2a: Lugia\n|-damage|p2a: Lugia|0 fnt\n|faint|p2a: Lugia\n|-damage|p1a: Sunflora|107/312|[from] item: Life Orb\n|\n|win|p0x08789d5", "uploadtime": 1783534821, "views": 0, "rating": 0, "private": 0, "password": null, "_winner": "p0x08789d5", "_our_name": "p0x08789d5"}