{"id": "battle-gen9randombattle-175", "formatid": "gen9randombattle", "format": "[Gen 9] Random Battle", "players": ["p0x1758b42", "p0y175ea89"], "log": "|init|battle\n|title|p0x1758b42 vs. p0y175ea89\n|j|\u2606p0x1758b42\n|j|\u2606p0y175ea89\n|t:|1783535267\n|gametype|singles\n|player|p1|p0x1758b42|1|\n|player|p2|p0y175ea89|266|\n|gen|9\n|tier|[Gen 9] Random Battle\n|rule|Species Clause: Limit one of each Pok\u00e9mon\n|rule|HP Percentage Mod: HP is shown in percentages\n|rule|Sleep Clause Mod: Limit one foe put to sleep\n|rule|Illusion Level Mod: Illusion disguises the Pok\u00e9mon's true level\n|\n|t:|1783535267\n|teamsize|p1|6\n|teamsize|p2|6\n|start\n|switch|p1a: Solgaleo|Solgaleo, L74|100/100\n|switch|p2a: Meowscarada|Meowscarada, L78, M|247/247\n|turn|1\n|inactive|Battle timer is ON: inactive players will automatically lose when time's up. (requested by p0x1758b42)\n|inactive|Time left: 300 sec this turn | 300 sec total | 60 sec grace\n|inactive|p0y175ea89 also wants the timer to be on.\n|\n|t:|1783535268\n|move|p2a: Meowscarada|Knock Off|p1a: Solgaleo\n|-start|p2a: Meowscarada|typechange|Dark|[from] ability: Protean\n|-supereffective|p1a: Solgaleo\n|-damage|p1a: Solgaleo|43/100\n|-enditem|p1a: Solgaleo|Weakness Policy\n|-boost|p1a: Solgaleo|atk|2|[from] item: Weakness Policy\n|-boost|p1a: Solgaleo|spa|2|[from] item: Weakness Policy\n|move|p1a: Solgaleo|Flame Charge|p2a: Meowscarada\n|-damage|p2a: Meowscarada|160/247\n|-boost|p1a: Solgaleo|spe|1\n|\n|upkeep\n|turn|2\n|inactive|Time left: 300 sec this turn | 300 sec total\n|\n|t:|1783535270\n|move|p1a: Solgaleo|Sunsteel Strike|p2a: Meowscarada\n|-damage|p2a: Meowscarada|0 fnt\n|faint|p2a: Meowscarada\n|\n|upkeep\n|inactive|Time left: 300 sec this turn | 300 sec total | 5 sec grace\n|\n|t:|1783535271\n|switch|p2a: Dudunsparce|Dudunsparce-Three-Segment, L83, F|343/343\n|turn|3\n|inactive|Time left: 300 sec this turn | 300 sec total\n|\n|t:|1783535272\n|-terastallize|p2a: Dudunsparce|Ground\n|move|p1a: Solgaleo|Sunsteel Strike|p2a: Dudunsparce\n|-damage|p2a: Dudunsparce|115/343\n|move|p2a: Dudunsparce|Earthquake|p1a: Solgaleo\n|-supereffective|p1a: Solgaleo\n|-damage|p1a: Solgaleo|0 fnt\n|faint|p1a: Solgaleo\n|\n|-heal|p2a: Dudunsparce|136/343|[from] item: Leftovers\n|upkeep\n|\n|t:|1783535273\n|switch|p1a: Falinks|Falinks, L84|100/100\n|turn|4\n|inactive|Time left: 300 sec this turn | 300 sec total\n|\n|t:|1783535274\n|move|p1a: Falinks|No Retreat|p1a: Falinks\n|-boost|p1a: Falinks|atk|1\n|-boost|p1a: Falinks|def|1\n|-boost|p1a: Falinks|spa|1\n|-boost|p1a: Falinks|spd|1\n|-boost|p1a: Falinks|spe|1\n|-start|p1a: Falinks|move: No Retreat\n|move|p2a: Dudunsparce|Roost|p2a: Dudunsparce\n|-heal|p2a: Dudunsparce|308/343\n|\n|-heal|p2a: Dudunsparce|329/343|[from] item: Leftovers\n|upkeep\n|turn|5\n|inactive|Time left: 300 sec this turn | 300 sec total\n|\n|t:|1783535275\n|move|p1a: Falinks|Knock Off|p2a: Dudunsparce\n|-damage|p2a: Dudunsparce|174/343\n|-enditem|p2a: Dudunsparce|Leftovers|[from] move: Knock Off|[of] p1a: Falinks\n|-damage|p1a: Falinks|91/100|[from] item: Life Orb\n|move|p2a: Dudunsparce|Glare|p1a: Falinks\n|-status|p1a: Falinks|par\n|\n|upkeep\n|turn|6\n|inactive|Time left: 300 sec this turn | 300 sec total\n|\n|t:|1783535276\n|move|p2a: Dudunsparce|Roost|p2a: Dudunsparce\n|-heal|p2a: Dudunsparce|343/343\n|cant|p1a: Falinks|par\n|\n|upkeep\n|turn|7\n|inactive|Time left: 300 sec this turn | 300 sec total\n|\n|t:|1783535277\n|move|p2a: Dudunsparce|Earthquake|p1a: Falinks\n|-damage|p1a: Falinks|61/100 par\n|move|p1a: Falinks|Close Combat|p2a: Dudunsparce\n|-damage|p2a: Dudunsparce|49/343\n|-unboost|p1a: Falinks|def|1\n|-unboost|p1a: Falinks|spd|1\n|-damage|p1a: Falinks|52/100 par|[from] item: Life Orb\n|\n|upkeep\n|turn|8\n|inactive|Time left: 300 sec this turn | 300 sec total\n|\n|t:|1783535278\n|move|p2a: Dudunsparce|Earthquake|p1a: Falinks\n|-damage|p1a: Falinks|11/100 par\n|move|p1a: Falinks|Knock Off|p2a: Dudunsparce\n|-damage|p2a: Dudunsparce|0 fnt\n|faint|p2a: Dudunsparce\n|-damage|p1a: Falinks|2/100 par|[from] item: Life Orb\n|\n|upkeep\n|inactive|Time left: 300 sec this turn | 300 sec total | 5 sec grace\n|\n|t:|1783535279\n|switch|p2a: Floatzel|Floatzel, L86, M|286/286\n|turn|9\n|inactive|Time left: 300 sec this turn | 300 sec total\n|\n|t:|1783535280\n|move|p2a: Floatzel|Ice Spinner|p1a: Falinks\n|-damage|p1a: Falinks|0 fnt\n|faint|p1a: Falinks\n|\n|upkeep\n|\n|t:|1783535281\n|switch|p1a: Venomoth|Venomoth, L84, M|100/100\n|turn|10\n|inactive|Time left: 300 sec this turn | 300 sec total\n|\n|t:|1783535282\n|move|p2a: Floatzel|Wave Crash|p1a: Venomoth\n|-damage|p1a: Venomoth|25/100\n|-damage|p2a: Floatzel|222/286|[from] Recoil\n|move|p1a: Venomoth|Quiver Dance|p1a: Venomoth\n|-boost|p1a: Venomoth|spa|1\n|-boost|p1a: Venomoth|spd|1\n|-boost|p1a: Venomoth|spe|1\n|\n|-heal|p2a: Floatzel|239/286|[from] item: Leftovers\n|upkeep\n|turn|11\n|inactive|Time left: 300 sec this turn | 300 sec total\n|\n|t:|1783535283\n|move|p1a: Venomoth|Sleep Powder|p2a: Floatzel|[miss]\n|-miss|p1a: Venomoth|p2a: Floatzel\n|move|p2a: Floatzel|Wave Crash|p1a: Venomoth\n|-damage|p1a: Venomoth|0 fnt\n|faint|p1a: Venomoth\n|-damage|p2a: Floatzel|219/286|[from] Recoil\n|\n|-heal|p2a: Floatzel|236/286|[from] item: Leftovers\n|upkeep\n|\n|t:|1783535284\n|switch|p1a: Rabsca|Rabsca, L91, F|100/100\n|turn|12\n|inactive|Time left: 300 sec this turn | 300 sec total\n|\n|t:|1783535284\n|move|p2a: Floatzel|Wave Crash|p1a: Rabsca\n|-damage|p1a: Rabsca|53/100\n|-damage|p2a: Floatzel|191/286|[from] Recoil\n|move|p1a: Rabsca|Bug Buzz|p2a: Floatzel\n|-damage|p2a: Floatzel|0 fnt\n|faint|p2a: Floatzel\n|\n|upkeep\n|inactive|Time left: 300 sec this turn | 300 sec total | 5 sec grace\n|\n|t:|1783535285\n|switch|p2a: Mienshao|Mienshao, L83, M|244/244\n|turn|13\n|inactive|Time left: 300 sec this turn | 300 sec total\n|\n|t:|1783535286\n|move|p2a: Mienshao|Knock Off|p1a: Rabsca\n|-supereffective|p1a: Rabsca\n|-damage|p1a: Rabsca|0 fnt\n|-enditem|p1a: Rabsca|Heavy-Duty Boots|[from] move: Knock Off|[of] p2a: Mienshao\n|faint|p1a: Rabsca\n|-damage|p2a: Mienshao|220/244|[from] item: Life Orb\n|\n|upkeep\n|\n|t:|1783535287\n|switch|p1a: Incineroar|Incineroar, L82, F|100/100\n|-ability|p1a: Incineroar|Intimidate|boost\n|-unboost|p2a: Mienshao|atk|1\n|turn|14\n|inactive|Time left: 300 sec this turn | 300 sec total\n|\n|t:|1783535288\n|move|p2a: Mienshao|Close Combat|p1a: Incineroar\n|-supereffective|p1a: Incineroar\n|-damage|p1a: Incineroar|0 fnt\n|-unboost|p2a: Mienshao|def|1\n|-unboost|p2a: Mienshao|spd|1\n|faint|p1a: Incineroar\n|-damage|p2a: Mienshao|196/244|[from] item: Life Orb\n|\n|upkeep\n|\n|t:|1783535289\n|switch|p1a: Dialga|Dialga-Origin, L73|100/100\n|-ability|p1a: Dialga|Pressure\n|turn|15\n|inactive|Time left: 300 sec this turn | 300 sec total\n|\n|t:|1783535290\n|move|p2a: Mienshao|Close Combat|p1a: Dialga\n|-supereffective|p1a: Dialga\n|-damage|p1a: Dialga|14/100\n|-unboost|p2a: Mienshao|def|1\n|-unboost|p2a: Mienshao|spd|1\n|-damage|p2a: Mienshao|172/244|[from] item: Life Orb\n|move|p1a: Dialga|Flash Cannon|p2a: Mienshao\n|-damage|p2a: Mienshao|0 fnt\n|faint|p2a: Mienshao\n|\n|upkeep\n|inactive|Time left: 300 sec this turn | 300 sec total | 5 sec grace\n|\n|t:|1783535291\n|switch|p2a: Gengar|Gengar, L81, F|230/230\n|turn|16\n|inactive|Time left: 300 sec this turn | 300 sec total\n|\n|t:|1783535292\n|-terastallize|p1a: Dialga|Steel\n|move|p2a: Gengar|Shadow Ball|p1a: Dialga\n|-damage|p1a: Dialga|0 fnt\n|faint|p1a: Dialga\n|-damage|p2a: Gengar|207/230|[from] item: Life Orb\n|\n|win|p0y175ea89", "uploadtime": 1783535292, "views": 0, "rating": 0, "private": 0, "password": null, "_winner": "p0y175ea89", "_our_name": "p0y175ea89"}