{"id": "battle-gen9randombattle-2615", "formatid": "gen9randombattle", "format": "[Gen 9] Random Battle", "players": ["p0x26153eab", "p0y26153dc9"], "log": "|init|battle\n|title|p0x26153eab vs. p0y26153dc9\n|j|\u2606p0x26153eab\n|j|\u2606p0y26153dc9\n|t:|1783570186\n|gametype|singles\n|player|p1|p0x26153eab|266|\n|player|p2|p0y26153dc9|2|\n|gen|9\n|tier|[Gen 9] Random Battle\n|rule|Species Clause: Limit one of each Pok\u00e9mon\n|rule|HP Percentage Mod: HP is shown in percentages\n|rule|Sleep Clause Mod: Limit one foe put to sleep\n|rule|Illusion Level Mod: Illusion disguises the Pok\u00e9mon's true level\n|\n|t:|1783570186\n|teamsize|p1|6\n|teamsize|p2|6\n|start\n|switch|p1a: Latias|Latias, L79, F|100/100\n|switch|p2a: Breloom|Breloom, L83, F|235/235\n|turn|1\n|inactive|Battle timer is ON: inactive players will automatically lose when time's up. (requested by p0y26153dc9)\n|inactive|p0x26153eab also wants the timer to be on.\n|\n|t:|1783570187\n|switch|p2a: Darkrai|Darkrai, L77|234/234\n|move|p1a: Latias|Psyshock|p2a: Darkrai\n|-immune|p2a: Darkrai\n|\n|upkeep\n|turn|2\n|inactive|Time left: 300 sec this turn | 300 sec total\n|\n|t:|1783570188\n|switch|p1a: Overqwil|Overqwil, L82, F|100/100\n|-ability|p1a: Overqwil|Intimidate|boost\n|-unboost|p2a: Darkrai|atk|1\n|move|p2a: Darkrai|Dark Pulse|p1a: Overqwil\n|-resisted|p1a: Overqwil\n|-damage|p1a: Overqwil|78/100\n|\n|upkeep\n|turn|3\n|inactive|Time left: 300 sec this turn | 300 sec total\n|\n|t:|1783570190\n|move|p2a: Darkrai|Dark Pulse|p1a: Overqwil\n|-resisted|p1a: Overqwil\n|-damage|p1a: Overqwil|56/100\n|move|p1a: Overqwil|Gunk Shot|p2a: Darkrai\n|-damage|p2a: Darkrai|2/234\n|\n|-heal|p2a: Darkrai|16/234|[from] item: Leftovers\n|upkeep\n|turn|4\n|inactive|Time left: 300 sec this turn | 300 sec total\n|\n|t:|1783570191\n|move|p2a: Darkrai|Dark Pulse|p1a: Overqwil\n|-resisted|p1a: Overqwil\n|-damage|p1a: Overqwil|35/100\n|move|p1a: Overqwil|Gunk Shot|p2a: Darkrai\n|-damage|p2a: Darkrai|0 fnt\n|faint|p2a: Darkrai\n|\n|upkeep\n|inactive|Time left: 300 sec this turn | 300 sec total | 5 sec grace\n|\n|t:|1783570192\n|switch|p2a: Falinks|Falinks, L84|246/246\n|turn|5\n|inactive|Time left: 300 sec this turn | 300 sec total\n|\n|t:|1783570193\n|move|p1a: Overqwil|Gunk Shot|p2a: Falinks\n|-damage|p2a: Falinks|47/246\n|move|p2a: Falinks|No Retreat|p2a: Falinks\n|-boost|p2a: Falinks|atk|1\n|-boost|p2a: Falinks|def|1\n|-boost|p2a: Falinks|spa|1\n|-boost|p2a: Falinks|spd|1\n|-boost|p2a: Falinks|spe|1\n|-start|p2a: Falinks|move: No Retreat\n|\n|upkeep\n|turn|6\n|inactive|Time left: 300 sec this turn | 300 sec total\n|\n|t:|1783570194\n|move|p2a: Falinks|Close Combat|p1a: Overqwil\n|-damage|p1a: Overqwil|0 fnt\n|-unboost|p2a: Falinks|def|1\n|-unboost|p2a: Falinks|spd|1\n|faint|p1a: Overqwil\n|-damage|p2a: Falinks|23/246|[from] item: Life Orb\n|\n|upkeep\n|\n|t:|1783570195\n|switch|p1a: Ting-Lu|Ting-Lu, L78|100/100\n|-ability|p1a: Ting-Lu|Vessel of Ruin\n|turn|7\n|inactive|Time left: 300 sec this turn | 300 sec total\n|\n|t:|1783570196\n|-terastallize|p1a: Ting-Lu|Ghost\n|move|p2a: Falinks|Close Combat|p1a: Ting-Lu\n|-immune|p1a: Ting-Lu\n|move|p1a: Ting-Lu|Earthquake|p2a: Falinks\n|-damage|p2a: Falinks|0 fnt\n|faint|p2a: Falinks\n|\n|upkeep\n|inactive|Time left: 300 sec this turn | 300 sec total | 5 sec grace\n|\n|t:|1783570197\n|switch|p2a: Breloom|Breloom, L83, F|235/235\n|turn|8\n|inactive|Time left: 300 sec this turn | 300 sec total\n|\n|t:|1783570198\n|move|p2a: Breloom|Swords Dance|p2a: Breloom\n|-boost|p2a: Breloom|atk|2\n|move|p1a: Ting-Lu|Earthquake|p2a: Breloom\n|-resisted|p2a: Breloom\n|-damage|p2a: Breloom|181/235\n|\n|upkeep\n|turn|9\n|inactive|Time left: 300 sec this turn | 300 sec total\n|\n|t:|1783570199\n|move|p2a: Breloom|Bullet Seed|p1a: Ting-Lu\n|-damage|p1a: Ting-Lu|70/100\n|-damage|p1a: Ting-Lu|43/100\n|-hitcount|p1a: Ting-Lu|2\n|-damage|p2a: Breloom|158/235|[from] item: Life Orb\n|move|p1a: Ting-Lu|Stealth Rock|p2a: Breloom\n|-sidestart|p2: p0y26153dc9|move: Stealth Rock\n|\n|-heal|p1a: Ting-Lu|49/100|[from] item: Leftovers\n|upkeep\n|turn|10\n|inactive|Time left: 300 sec this turn | 300 sec total\n|\n|t:|1783570200\n|move|p2a: Breloom|Bullet Seed|p1a: Ting-Lu\n|-damage|p1a: Ting-Lu|19/100\n|-damage|p1a: Ting-Lu|0 fnt\n|faint|p1a: Ting-Lu\n|-hitcount|p1: Ting-Lu|2\n|-damage|p2a: Breloom|135/235|[from] item: Life Orb\n|\n|upkeep\n|\n|t:|1783570201\n|switch|p1a: Latias|Latias, L79, F|100/100\n|turn|11\n|inactive|Time left: 300 sec this turn | 300 sec total\n|\n|t:|1783570202\n|-terastallize|p2a: Breloom|Rock\n|move|p1a: Latias|Psyshock|p2a: Breloom\n|-damage|p2a: Breloom|24/235\n|move|p2a: Breloom|Rock Tomb|p1a: Latias\n|-damage|p1a: Latias|0 fnt\n|faint|p1a: Latias\n|-damage|p2a: Breloom|1/235|[from] item: Life Orb\n|\n|upkeep\n|\n|t:|1783570203\n|switch|p1a: Iron Crown|Iron Crown, L78|100/100\n|turn|12\n|inactive|Time left: 300 sec this turn | 300 sec total\n|\n|t:|1783570204\n|move|p2a: Breloom|Mach Punch|p1a: Iron Crown\n|-damage|p1a: Iron Crown|31/100\n|-damage|p2a: Breloom|0 fnt|[from] item: Life Orb\n|faint|p2a: Breloom\n|move|p1a: Iron Crown|Tachyon Cutter|p2: Breloom|[notarget]\n|-fail|p1a: Iron Crown\n|\n|upkeep\n|inactive|Time left: 300 sec this turn | 300 sec total | 5 sec grace\n|\n|t:|1783570205\n|switch|p2a: Bellibolt|Bellibolt, L84, F|320/320\n|-damage|p2a: Bellibolt|280/320|[from] Stealth Rock\n|turn|13\n|inactive|Time left: 300 sec this turn | 300 sec total\n|\n|t:|1783570205\n|-end|p1a: Iron Crown|Quark Drive|[silent]\n|switch|p1a: Electivire|Electivire, L84, M|100/100\n|move|p2a: Bellibolt|Thunderbolt|p1a: Electivire\n|-ability|p1a: Electivire|Motor Drive|boost\n|-boost|p1a: Electivire|spe|1\n|\n|-heal|p2a: Bellibolt|300/320|[from] item: Leftovers\n|upkeep\n|turn|14\n|inactive|Time left: 300 sec this turn | 300 sec total\n|\n|t:|1783570206\n|move|p1a: Electivire|Bulk Up|p1a: Electivire\n|-boost|p1a: Electivire|atk|1\n|-boost|p1a: Electivire|def|1\n|move|p2a: Bellibolt|Slack Off|p2a: Bellibolt\n|-heal|p2a: Bellibolt|320/320\n|\n|upkeep\n|turn|15\n|inactive|Time left: 300 sec this turn | 300 sec total\n|\n|t:|1783570207\n|move|p1a: Electivire|Earthquake|p2a: Bellibolt\n|-supereffective|p2a: Bellibolt\n|-damage|p2a: Bellibolt|8/320\n|-start|p2a: Bellibolt|Charge|Earthquake|[from] ability: Electromorphosis\n|-damage|p1a: Electivire|91/100|[from] item: Life Orb\n|move|p2a: Bellibolt|Slack Off|p2a: Bellibolt\n|-heal|p2a: Bellibolt|168/320\n|\n|-heal|p2a: Bellibolt|188/320|[from] item: Leftovers\n|upkeep\n|turn|16\n|inactive|Time left: 300 sec this turn | 300 sec total\n|\n|t:|1783570208\n|move|p1a: Electivire|Earthquake|p2a: Bellibolt\n|-supereffective|p2a: Bellibolt\n|-damage|p2a: Bellibolt|0 fnt\n|faint|p2a: Bellibolt\n|-damage|p1a: Electivire|81/100|[from] item: Life Orb\n|\n|upkeep\n|inactive|Time left: 300 sec this turn | 300 sec total | 5 sec grace\n|\n|t:|1783570209\n|switch|p2a: Plusle|Plusle, L95, M|268/268\n|-damage|p2a: Plusle|235/268|[from] Stealth Rock\n|turn|17\n|inactive|Time left: 300 sec this turn | 300 sec total\n|\n|t:|1783570210\n|switch|p2a: Glimmora|Glimmora, L75, F|248/248\n|move|p1a: Electivire|Earthquake|p2a: Glimmora\n|-supereffective|p2a: Glimmora\n|-damage|p2a: Glimmora|0 fnt\n|-activate|p2a: Glimmora|ability: Toxic Debris\n|-sidestart|p1: p0x26153eab|move: Toxic Spikes\n|faint|p2a: Glimmora\n|-damage|p1a: Electivire|71/100|[from] item: Life Orb\n|\n|upkeep\n|inactive|Time left: 300 sec this turn | 300 sec total | 5 sec grace\n|\n|t:|1783570211\n|switch|p2a: Plusle|Plusle, L95, M|235/268\n|-damage|p2a: Plusle|202/268|[from] Stealth Rock\n|turn|18\n|inactive|Time left: 300 sec this turn | 300 sec total\n|\n|t:|1783570211\n|move|p1a: Electivire|Earthquake|p2a: Plusle\n|-supereffective|p2a: Plusle\n|-crit|p2a: Plusle\n|-damage|p2a: Plusle|0 fnt\n|faint|p2a: Plusle\n|-damage|p1a: Electivire|61/100|[from] item: Life Orb\n|\n|win|p0x26153eab", "uploadtime": 1783570211, "views": 0, "rating": 0, "private": 0, "password": null, "_winner": "p0x26153eab", "_our_name": "p0y26153dc9"}