{"id": "battle-gen9randombattle-2985", "formatid": "gen9randombattle", "format": "[Gen 9] Random Battle", "players": ["p0x29857ec6", "p0y2985aeb7"], "log": "|init|battle\n|title|p0x29857ec6 vs. p0y2985aeb7\n|j|\u2606p0x29857ec6\n|j|\u2606p0y2985aeb7\n|t:|1783574369\n|gametype|singles\n|player|p1|p0x29857ec6|170|\n|player|p2|p0y2985aeb7|101|\n|gen|9\n|tier|[Gen 9] Random Battle\n|rule|Species Clause: Limit one of each Pok\u00e9mon\n|rule|HP Percentage Mod: HP is shown in percentages\n|rule|Sleep Clause Mod: Limit one foe put to sleep\n|rule|Illusion Level Mod: Illusion disguises the Pok\u00e9mon's true level\n|\n|t:|1783574369\n|teamsize|p1|6\n|teamsize|p2|6\n|start\n|switch|p1a: Inteleon|Inteleon, L81, M|246/246\n|switch|p2a: Volcarona|Volcarona, L77, F|100/100\n|turn|1\n|inactive|Battle timer is ON: inactive players will automatically lose when time's up. (requested by p0x29857ec6)\n|inactive|p0y2985aeb7 also wants the timer to be on.\n|\n|t:|1783574370\n|switch|p2a: Lurantis|Lurantis, L87, M|100/100\n|move|p1a: Inteleon|Scald|p2a: Lurantis\n|-resisted|p2a: Lurantis\n|-damage|p2a: Lurantis|83/100\n|\n|upkeep\n|turn|2\n|inactive|Time left: 300 sec this turn | 300 sec total\n|\n|t:|1783574371\n|switch|p1a: Dodrio|Dodrio, L85, M|241/241\n|move|p2a: Lurantis|Leaf Storm|p1a: Dodrio\n|-resisted|p1a: Dodrio\n|-damage|p1a: Dodrio|159/241\n|-boost|p2a: Lurantis|spa|2\n|\n|upkeep\n|turn|3\n|inactive|Time left: 300 sec this turn | 300 sec total\n|\n|t:|1783574373\n|-terastallize|p2a: Lurantis|Steel\n|move|p1a: Dodrio|Brave Bird|p2a: Lurantis\n|-resisted|p2a: Lurantis\n|-damage|p2a: Lurantis|47/100\n|-damage|p1a: Dodrio|128/241|[from] Recoil\n|move|p2a: Lurantis|Superpower|p1a: Dodrio\n|-damage|p1a: Dodrio|26/241\n|-boost|p2a: Lurantis|atk|1\n|-boost|p2a: Lurantis|def|1\n|\n|upkeep\n|turn|4\n|inactive|Time left: 300 sec this turn | 300 sec total\n|\n|t:|1783574374\n|move|p1a: Dodrio|Brave Bird|p2a: Lurantis\n|-resisted|p2a: Lurantis\n|-damage|p2a: Lurantis|24/100\n|-damage|p1a: Dodrio|5/241|[from] Recoil\n|move|p2a: Lurantis|Superpower|p1a: Dodrio\n|-damage|p1a: Dodrio|0 fnt\n|-boost|p2a: Lurantis|atk|1\n|-boost|p2a: Lurantis|def|1\n|faint|p1a: Dodrio\n|\n|upkeep\n|inactive|Time left: 300 sec this turn | 300 sec total | 5 sec grace\n|\n|t:|1783574375\n|switch|p1a: Inteleon|Inteleon, L81, M|246/246\n|turn|5\n|inactive|Time left: 300 sec this turn | 300 sec total\n|\n|t:|1783574376\n|move|p1a: Inteleon|Scald|p2a: Lurantis\n|-damage|p2a: Lurantis|0 fnt\n|faint|p2a: Lurantis\n|\n|upkeep\n|\n|t:|1783574376\n|switch|p2a: Kingdra|Kingdra, L84, M|100/100\n|turn|6\n|inactive|Time left: 300 sec this turn | 300 sec total\n|\n|t:|1783574377\n|switch|p1a: Iron Leaves|Iron Leaves, L80|275/275\n|move|p2a: Kingdra|Outrage|p1a: Iron Leaves\n|-damage|p1a: Iron Leaves|133/275\n|\n|upkeep\n|turn|7\n|inactive|Time left: 300 sec this turn | 300 sec total\n|\n|t:|1783574378\n|move|p1a: Iron Leaves|Leaf Blade|p2a: Kingdra\n|-damage|p2a: Kingdra|42/100\n|move|p2a: Kingdra|Outrage|p1a: Iron Leaves|[from] lockedmove\n|-crit|p1a: Iron Leaves\n|-damage|p1a: Iron Leaves|0 fnt\n|faint|p1a: Iron Leaves\n|-end|p1a: Iron Leaves|Quark Drive|[silent]\n|-start|p2a: Kingdra|confusion|[fatigue]\n|-enditem|p2a: Kingdra|Lum Berry|[eat]\n|-end|p2a: Kingdra|confusion\n|\n|upkeep\n|inactive|Time left: 300 sec this turn | 300 sec total | 5 sec grace\n|\n|t:|1783574379\n|switch|p1a: Persian|Persian, L92, M|269/269\n|turn|8\n|inactive|Time left: 300 sec this turn | 300 sec total\n|\n|t:|1783574380\n|move|p1a: Persian|Double-Edge|p2a: Kingdra\n|-damage|p2a: Kingdra|0 fnt\n|faint|p2a: Kingdra\n|-damage|p1a: Persian|233/269|[from] Recoil\n|\n|upkeep\n|\n|t:|1783574380\n|switch|p2a: Mabosstiff|Mabosstiff, L86, F|100/100\n|turn|9\n|inactive|Time left: 300 sec this turn | 300 sec total\n|\n|t:|1783574381\n|move|p2a: Mabosstiff|Crunch|p1a: Persian\n|-damage|p1a: Persian|112/269\n|-unboost|p1a: Persian|def|1\n|move|p1a: Persian|U-turn|p2a: Mabosstiff\n|-supereffective|p2a: Mabosstiff\n|-damage|p2a: Mabosstiff|70/100\n|inactive|Time left: 300 sec this turn | 300 sec total | 5 sec grace\n|\n|t:|1783574382\n|switch|p1a: Inteleon|Inteleon, L81, M|246/246|[from] U-turn\n|\n|upkeep\n|turn|10\n|inactive|Time left: 300 sec this turn | 300 sec total\n|\n|t:|1783574383\n|move|p2a: Mabosstiff|Crunch|p1a: Inteleon\n|-damage|p1a: Inteleon|98/246\n|-unboost|p1a: Inteleon|def|1\n|move|p1a: Inteleon|Hydro Pump|p2a: Mabosstiff\n|-damage|p2a: Mabosstiff|0 fnt\n|faint|p2a: Mabosstiff\n|\n|upkeep\n|\n|t:|1783574384\n|switch|p2a: Crawdaunt|Crawdaunt, L84, F|100/100\n|turn|11\n|inactive|Time left: 300 sec this turn | 300 sec total\n|\n|t:|1783574384\n|move|p1a: Inteleon|Hydro Pump|p2a: Crawdaunt\n|-resisted|p2a: Crawdaunt\n|-damage|p2a: Crawdaunt|47/100\n|move|p2a: Crawdaunt|Knock Off|p1a: Inteleon\n|-damage|p1a: Inteleon|0 fnt\n|-enditem|p1a: Inteleon|Choice Specs|[from] move: Knock Off|[of] p2a: Crawdaunt\n|faint|p1a: Inteleon\n|-damage|p2a: Crawdaunt|37/100|[from] item: Life Orb\n|\n|upkeep\n|inactive|Time left: 300 sec this turn | 300 sec total | 5 sec grace\n|\n|t:|1783574385\n|switch|p1a: Mandibuzz|Mandibuzz, L85, F|326/326\n|turn|12\n|inactive|Time left: 300 sec this turn | 300 sec total\n|\n|t:|1783574386\n|move|p1a: Mandibuzz|Brave Bird|p2a: Crawdaunt\n|-damage|p2a: Crawdaunt|0 fnt\n|faint|p2a: Crawdaunt\n|-damage|p1a: Mandibuzz|297/326|[from] Recoil\n|\n|upkeep\n|\n|t:|1783574387\n|switch|p2a: Tornadus|Tornadus, L82, M|100/100\n|turn|13\n|inactive|Time left: 300 sec this turn | 300 sec total\n|\n|t:|1783574388\n|move|p2a: Tornadus|Bleakwind Storm|p1a: Mandibuzz\n|-damage|p1a: Mandibuzz|174/326\n|move|p1a: Mandibuzz|Brave Bird|p2a: Tornadus\n|-damage|p2a: Tornadus|57/100\n|-damage|p1a: Mandibuzz|136/326|[from] Recoil\n|\n|upkeep\n|turn|14\n|inactive|Time left: 300 sec this turn | 300 sec total\n|\n|t:|1783574389\n|-terastallize|p1a: Mandibuzz|Steel\n|move|p2a: Tornadus|Bleakwind Storm|p1a: Mandibuzz|[miss]\n|-miss|p2a: Tornadus|p1a: Mandibuzz\n|move|p1a: Mandibuzz|Roost|p1a: Mandibuzz\n|-heal|p1a: Mandibuzz|299/326\n|\n|upkeep\n|turn|15\n|inactive|Time left: 300 sec this turn | 300 sec total\n|\n|t:|1783574390\n|move|p2a: Tornadus|Nasty Plot|p2a: Tornadus\n|-boost|p2a: Tornadus|spa|2\n|move|p1a: Mandibuzz|Brave Bird|p2a: Tornadus\n|-damage|p2a: Tornadus|9/100\n|-damage|p1a: Mandibuzz|257/326|[from] Recoil\n|\n|upkeep\n|turn|16\n|inactive|Time left: 300 sec this turn | 300 sec total\n|\n|t:|1783574391\n|move|p2a: Tornadus|Focus Blast|p1a: Mandibuzz|[miss]\n|-miss|p2a: Tornadus|p1a: Mandibuzz\n|move|p1a: Mandibuzz|Knock Off|p2a: Tornadus\n|-damage|p2a: Tornadus|0 fnt\n|-enditem|p2a: Tornadus|Heavy-Duty Boots|[from] move: Knock Off|[of] p1a: Mandibuzz\n|faint|p2a: Tornadus\n|\n|upkeep\n|\n|t:|1783574392\n|switch|p2a: Volcarona|Volcarona, L77, F|100/100\n|turn|17\n|inactive|Time left: 300 sec this turn | 300 sec total\n|\n|t:|1783574393\n|move|p2a: Volcarona|Fire Blast|p1a: Mandibuzz\n|-supereffective|p1a: Mandibuzz\n|-damage|p1a: Mandibuzz|29/326\n|move|p1a: Mandibuzz|Brave Bird|p2a: Volcarona\n|-supereffective|p2a: Volcarona\n|-damage|p2a: Volcarona|2/100\n|-damage|p1a: Mandibuzz|0 fnt|[from] Recoil\n|faint|p1a: Mandibuzz\n|\n|upkeep\n|inactive|Time left: 300 sec this turn | 300 sec total | 5 sec grace\n|\n|t:|1783574394\n|switch|p1a: Persian|Persian, L92, M|112/269\n|turn|18\n|inactive|Time left: 300 sec this turn | 300 sec total\n|\n|t:|1783574395\n|move|p1a: Persian|Fake Out|p2a: Volcarona\n|-crit|p2a: Volcarona\n|-damage|p2a: Volcarona|0 fnt\n|faint|p2a: Volcarona\n|\n|win|p0x29857ec6", "uploadtime": 1783574395, "views": 0, "rating": 0, "private": 0, "password": null, "_winner": "p0x29857ec6", "_our_name": "p0x29857ec6"}