{"id": "battle-gen9randombattle-231", "formatid": "gen9randombattle", "format": "[Gen 9] Random Battle", "players": ["p0x231f42b", "p0y2317d3f"], "log": "|init|battle\n|title|p0x231f42b vs. p0y2317d3f\n|j|\u2606p0x231f42b\n|j|\u2606p0y2317d3f\n|t:|1783542256\n|gametype|singles\n|player|p1|p0x231f42b|265|\n|player|p2|p0y2317d3f|2|\n|gen|9\n|tier|[Gen 9] Random Battle\n|rule|Species Clause: Limit one of each Pok\u00e9mon\n|rule|HP Percentage Mod: HP is shown in percentages\n|rule|Sleep Clause Mod: Limit one foe put to sleep\n|rule|Illusion Level Mod: Illusion disguises the Pok\u00e9mon's true level\n|\n|t:|1783542256\n|teamsize|p1|6\n|teamsize|p2|6\n|start\n|switch|p1a: Cramorant|Cramorant, L86, F|261/261\n|switch|p2a: Arcanine|Arcanine-Hisui, L79, M|100/100\n|turn|1\n|inactive|Battle timer is ON: inactive players will automatically lose when time's up. (requested by p0y2317d3f)\n|inactive|Time left: 300 sec this turn | 300 sec total | 60 sec grace\n|inactive|p0x231f42b also wants the timer to be on.\n|\n|t:|1783542258\n|switch|p2a: Zangoose|Zangoose, L85, F|100/100\n|move|p1a: Cramorant|Surf|p2a: Zangoose\n|-formechange|p1a: Cramorant|Cramorant-Gulping|\n|-damage|p2a: Zangoose|59/100\n|\n|-status|p2a: Zangoose|tox|[from] item: Toxic Orb\n|upkeep\n|turn|2\n|inactive|Time left: 300 sec this turn | 300 sec total\n|\n|t:|1783542259\n|move|p2a: Zangoose|Facade|p1a: Cramorant\n|-crit|p1a: Cramorant\n|-damage|p1a: Cramorant|0 fnt\n|-damage|p2a: Zangoose|34/100 tox|[from] ability: Gulp Missile|[of] p1a: Cramorant\n|-unboost|p2a: Zangoose|def|1\n|-formechange|p1a: Cramorant|Cramorant|\n|faint|p1a: Cramorant\n|\n|-damage|p2a: Zangoose|28/100 tox|[from] psn\n|upkeep\n|inactive|Time left: 300 sec this turn | 300 sec total | 5 sec grace\n|\n|t:|1783542260\n|switch|p1a: Mabosstiff|Mabosstiff, L86, M|278/278\n|turn|3\n|inactive|Time left: 300 sec this turn | 300 sec total\n|\n|t:|1783542261\n|move|p1a: Mabosstiff|Crunch|p2a: Zangoose\n|-damage|p2a: Zangoose|0 fnt\n|faint|p2a: Zangoose\n|\n|upkeep\n|\n|t:|1783542262\n|switch|p2a: Zacian|Zacian, L69|100/100\n|-ability|p2a: Zacian|Intrepid Sword|boost\n|-boost|p2a: Zacian|atk|1\n|turn|4\n|inactive|Time left: 300 sec this turn | 300 sec total\n|\n|t:|1783542263\n|move|p1a: Mabosstiff|Crunch|p2a: Zacian\n|-resisted|p2a: Zacian\n|-damage|p2a: Zacian|80/100\n|move|p2a: Zacian|Play Rough|p1a: Mabosstiff\n|-supereffective|p1a: Mabosstiff\n|-damage|p1a: Mabosstiff|0 fnt\n|faint|p1a: Mabosstiff\n|-damage|p2a: Zacian|70/100|[from] item: Life Orb\n|\n|upkeep\n|inactive|Time left: 300 sec this turn | 300 sec total | 5 sec grace\n|\n|t:|1783542264\n|switch|p1a: Araquanid|Araquanid, L82, F|246/246\n|turn|5\n|inactive|Time left: 300 sec this turn | 300 sec total\n|\n|t:|1783542265\n|move|p2a: Zacian|Swords Dance|p2a: Zacian\n|-boost|p2a: Zacian|atk|2\n|move|p1a: Araquanid|Liquidation|p2a: Zacian\n|-damage|p2a: Zacian|13/100\n|\n|upkeep\n|turn|6\n|inactive|Time left: 300 sec this turn | 300 sec total\n|\n|t:|1783542266\n|move|p2a: Zacian|Play Rough|p1a: Araquanid\n|-crit|p1a: Araquanid\n|-damage|p1a: Araquanid|0 fnt\n|faint|p1a: Araquanid\n|-damage|p2a: Zacian|3/100|[from] item: Life Orb\n|\n|upkeep\n|inactive|Time left: 300 sec this turn | 300 sec total | 5 sec grace\n|\n|t:|1783542267\n|switch|p1a: Komala|Komala, L87, F|255/255\n|-ability|p1a: Komala|Comatose\n|turn|7\n|inactive|Time left: 300 sec this turn | 300 sec total\n|\n|t:|1783542267\n|move|p1a: Komala|Earthquake|p2a: Zacian\n|-damage|p2a: Zacian|0 fnt\n|faint|p2a: Zacian\n|\n|upkeep\n|\n|t:|1783542268\n|switch|p2a: Braviary|Braviary-Hisui, L85, M|100/100\n|turn|8\n|inactive|Time left: 300 sec this turn | 300 sec total\n|\n|t:|1783542269\n|switch|p1a: Zekrom|Zekrom, L71|259/259\n|-ability|p1a: Zekrom|Teravolt\n|move|p2a: Braviary|Hurricane|p1a: Zekrom\n|-resisted|p1a: Zekrom\n|-damage|p1a: Zekrom|123/259\n|-start|p1a: Zekrom|confusion\n|\n|-heal|p1a: Zekrom|139/259|[from] item: Leftovers\n|upkeep\n|turn|9\n|inactive|Time left: 300 sec this turn | 300 sec total\n|\n|t:|1783542270\n|-activate|p1a: Zekrom|confusion\n|move|p1a: Zekrom|Bolt Strike|p2a: Braviary|[miss]\n|-miss|p1a: Zekrom|p2a: Braviary\n|move|p2a: Braviary|Esper Wing|p1a: Zekrom\n|-damage|p1a: Zekrom|27/259\n|-boost|p2a: Braviary|spe|1\n|\n|-heal|p1a: Zekrom|43/259|[from] item: Leftovers\n|upkeep\n|turn|10\n|inactive|Time left: 300 sec this turn | 300 sec total\n|\n|t:|1783542271\n|switch|p1a: Komala|Komala, L87, F|255/255\n|-ability|p1a: Komala|Comatose\n|move|p2a: Braviary|Esper Wing|p1a: Komala\n|-damage|p1a: Komala|159/255\n|-boost|p2a: Braviary|spe|1\n|\n|upkeep\n|turn|11\n|inactive|Time left: 300 sec this turn | 300 sec total\n|\n|t:|1783542271\n|move|p2a: Braviary|Esper Wing|p1a: Komala\n|-damage|p1a: Komala|66/255\n|-boost|p2a: Braviary|spe|1\n|move|p1a: Komala|Body Slam|p2a: Braviary\n|-damage|p2a: Braviary|59/100\n|-status|p2a: Braviary|par\n|\n|upkeep\n|turn|12\n|inactive|Time left: 300 sec this turn | 300 sec total\n|\n|t:|1783542272\n|move|p1a: Komala|Body Slam|p2a: Braviary\n|-damage|p2a: Braviary|18/100 par\n|cant|p2a: Braviary|par\n|\n|upkeep\n|turn|13\n|inactive|Time left: 300 sec this turn | 300 sec total\n|\n|t:|1783542273\n|move|p1a: Komala|Body Slam|p2a: Braviary\n|-damage|p2a: Braviary|0 fnt\n|faint|p2a: Braviary\n|\n|upkeep\n|\n|t:|1783542274\n|switch|p2a: Arcanine|Arcanine-Hisui, L79, M|100/100\n|turn|14\n|inactive|Time left: 300 sec this turn | 300 sec total\n|\n|t:|1783542275\n|switch|p1a: Zekrom|Zekrom, L71|43/259\n|-ability|p1a: Zekrom|Teravolt\n|move|p2a: Arcanine|Flare Blitz|p1a: Zekrom\n|-resisted|p1a: Zekrom\n|-damage|p1a: Zekrom|0 fnt\n|faint|p1a: Zekrom\n|\n|upkeep\n|inactive|Time left: 300 sec this turn | 300 sec total | 5 sec grace\n|\n|t:|1783542276\n|switch|p1a: Komala|Komala, L87, F|66/255\n|-ability|p1a: Komala|Comatose\n|turn|15\n|inactive|Time left: 300 sec this turn | 300 sec total\n|\n|t:|1783542278\n|move|p1a: Komala|Earthquake|p2a: Arcanine\n|-supereffective|p2a: Arcanine\n|-damage|p2a: Arcanine|0 fnt\n|faint|p2a: Arcanine\n|\n|upkeep\n|\n|t:|1783542279\n|switch|p2a: Basculin|Basculin, L86, F|100/100\n|turn|16\n|inactive|Time left: 300 sec this turn | 300 sec total\n|\n|t:|1783542280\n|-terastallize|p2a: Basculin|Water\n|move|p1a: Komala|Earthquake|p2a: Basculin\n|-damage|p2a: Basculin|63/100\n|move|p2a: Basculin|Wave Crash|p1a: Komala\n|-crit|p1a: Komala\n|-damage|p1a: Komala|0 fnt\n|faint|p1a: Komala\n|-damage|p2a: Basculin|54/100|[from] Recoil\n|\n|upkeep\n|inactive|Time left: 300 sec this turn | 300 sec total | 5 sec grace\n|\n|t:|1783542281\n|switch|p1a: Illumise|Illumise, L91, F|266/266\n|turn|17\n|inactive|Time left: 300 sec this turn | 300 sec total\n|\n|t:|1783542282\n|-terastallize|p1a: Illumise|Water\n|move|p1a: Illumise|Thunder Wave|p2a: Basculin\n|-status|p2a: Basculin|par\n|move|p2a: Basculin|Wave Crash|p1a: Illumise\n|-resisted|p1a: Illumise\n|-damage|p1a: Illumise|107/266\n|-damage|p2a: Basculin|34/100 par|[from] Recoil\n|\n|upkeep\n|turn|18\n|inactive|Time left: 300 sec this turn | 300 sec total\n|\n|t:|1783542283\n|switch|p2a: Greninja|Greninja, L80, M|100/100\n|move|p1a: Illumise|Roost|p1a: Illumise\n|-heal|p1a: Illumise|240/266\n|\n|upkeep\n|turn|19\n|inactive|Time left: 300 sec this turn | 300 sec total\n|\n|t:|1783542284\n|move|p2a: Greninja|Gunk Shot|p1a: Illumise\n|-start|p2a: Greninja|typechange|Poison|[from] ability: Protean\n|-damage|p1a: Illumise|72/266\n|-damage|p2a: Greninja|91/100|[from] item: Life Orb\n|move|p1a: Illumise|Bug Buzz|p2a: Greninja\n|-resisted|p2a: Greninja\n|-damage|p2a: Greninja|66/100\n|\n|upkeep\n|turn|20\n|inactive|Time left: 300 sec this turn | 300 sec total\n|\n|t:|1783542286\n|move|p1a: Illumise|Roost|p1a: Illumise\n|-heal|p1a: Illumise|205/266\n|move|p2a: Greninja|Gunk Shot|p1a: Illumise|[miss]\n|-miss|p2a: Greninja|p1a: Illumise\n|\n|upkeep\n|turn|21\n|inactive|Time left: 300 sec this turn | 300 sec total\n|\n|t:|1783542287\n|move|p1a: Illumise|Thunder Wave|p2a: Greninja\n|-status|p2a: Greninja|par\n|cant|p2a: Greninja|par\n|\n|upkeep\n|turn|22\n|inactive|Time left: 300 sec this turn | 300 sec total\n|\n|t:|1783542288\n|move|p1a: Illumise|Roost|p1a: Illumise\n|-heal|p1a: Illumise|266/266\n|move|p2a: Greninja|Gunk Shot|p1a: Illumise\n|-damage|p1a: Illumise|113/266\n|-damage|p2a: Greninja|57/100 par|[from] item: Life Orb\n|\n|upkeep\n|turn|23\n|inactive|Time left: 300 sec this turn | 300 sec total\n|\n|t:|1783542289\n|move|p1a: Illumise|Roost|p1a: Illumise\n|-heal|p1a: Illumise|246/266\n|cant|p2a: Greninja|par\n|\n|upkeep\n|turn|24\n|inactive|Time left: 300 sec this turn | 300 sec total\n|\n|t:|1783542291\n|move|p1a: Illumise|Bug Buzz|p2a: Greninja\n|-resisted|p2a: Greninja\n|-damage|p2a: Greninja|36/100 par\n|move|p2a: Greninja|Gunk Shot|p1a: Illumise\n|-damage|p1a: Illumise|90/266\n|-damage|p2a: Greninja|26/100 par|[from] item: Life Orb\n|\n|upkeep\n|turn|25\n|inactive|Time left: 300 sec this turn | 300 sec total\n|\n|t:|1783542292\n|move|p1a: Illumise|Roost|p1a: Illumise\n|-heal|p1a: Illumise|223/266\n|cant|p2a: Greninja|par\n|\n|upkeep\n|turn|26\n|inactive|Time left: 300 sec this turn | 300 sec total\n|\n|t:|1783542293\n|move|p1a: Illumise|Bug Buzz|p2a: Greninja\n|-resisted|p2a: Greninja\n|-damage|p2a: Greninja|5/100 par\n|-unboost|p2a: Greninja|spd|1\n|move|p2a: Greninja|Gunk Shot|p1a: Illumise\n|-crit|p1a: Illumise\n|-damage|p1a: Illumise|0 fnt\n|faint|p1a: Illumise\n|-damage|p2a: Greninja|0 fnt|[from] item: Life Orb\n|faint|p2a: Greninja\n|\n|win|p0y2317d3f", "uploadtime": 1783542293, "views": 0, "rating": 0, "private": 0, "password": null, "_winner": "p0y2317d3f", "_our_name": "p0x231f42b"}