{"id": "battle-gen9randombattle-511", "formatid": "gen9randombattle", "format": "[Gen 9] Random Battle", "players": ["p0x511afda", "p0y511c4dc"], "log": "|init|battle\n|title|p0x511afda vs. p0y511c4dc\n|j|\u2606p0x511afda\n|j|\u2606p0y511c4dc\n|t:|1783544970\n|gametype|singles\n|player|p1|p0x511afda|101|\n|player|p2|p0y511c4dc|170|\n|gen|9\n|tier|[Gen 9] Random Battle\n|rule|Species Clause: Limit one of each Pok\u00e9mon\n|rule|HP Percentage Mod: HP is shown in percentages\n|rule|Sleep Clause Mod: Limit one foe put to sleep\n|rule|Illusion Level Mod: Illusion disguises the Pok\u00e9mon's true level\n|\n|t:|1783544971\n|teamsize|p1|6\n|teamsize|p2|6\n|start\n|switch|p1a: Ampharos|Ampharos, L88, F|302/302\n|switch|p2a: Grimmsnarl|Grimmsnarl, L83, M|100/100\n|turn|1\n|inactive|Battle timer is ON: inactive players will automatically lose when time's up. (requested by p0x511afda)\n|\n|t:|1783544972\n|move|p2a: Grimmsnarl|Parting Shot|p1a: Ampharos\n|-unboost|p1a: Ampharos|atk|1\n|-unboost|p1a: Ampharos|spa|1\n|inactive|p0y511c4dc also wants the timer to be on.\n|\n|t:|1783544974\n|switch|p2a: Sandslash|Sandslash, L89, M|100/100|[from] Parting Shot\n|move|p1a: Ampharos|Thunderbolt|p2a: Sandslash\n|-immune|p2a: Sandslash\n|\n|upkeep\n|turn|2\n|inactive|Time left: 300 sec this turn | 300 sec total\n|\n|t:|1783544975\n|switch|p1a: Glaceon|Glaceon, L94, M|275/275\n|move|p2a: Sandslash|Earthquake|p1a: Glaceon\n|-damage|p1a: Glaceon|185/275\n|\n|upkeep\n|turn|3\n|inactive|Time left: 300 sec this turn | 300 sec total\n|\n|t:|1783544977\n|switch|p2a: Grimmsnarl|Grimmsnarl, L83, M|100/100\n|move|p1a: Glaceon|Freeze-Dry|p2a: Grimmsnarl\n|-crit|p2a: Grimmsnarl\n|-damage|p2a: Grimmsnarl|31/100\n|\n|-heal|p2a: Grimmsnarl|37/100|[from] item: Leftovers\n|upkeep\n|turn|4\n|inactive|Time left: 300 sec this turn | 300 sec total\n|\n|t:|1783544978\n|move|p2a: Grimmsnarl|Parting Shot|p1a: Glaceon\n|-unboost|p1a: Glaceon|atk|1\n|-unboost|p1a: Glaceon|spa|1\n|\n|t:|1783544979\n|switch|p2a: Delphox|Delphox, L84, F|100/100|[from] Parting Shot\n|move|p1a: Glaceon|Freeze-Dry|p2a: Delphox\n|-resisted|p2a: Delphox\n|-damage|p2a: Delphox|87/100\n|\n|upkeep\n|turn|5\n|inactive|Time left: 300 sec this turn | 300 sec total\n|\n|t:|1783544980\n|switch|p1a: Salamence|Salamence, L77, F|273/273\n|-ability|p1a: Salamence|Intimidate|boost\n|-unboost|p2a: Delphox|atk|1\n|move|p2a: Delphox|Fire Blast|p1a: Salamence\n|-resisted|p1a: Salamence\n|-damage|p1a: Salamence|192/273\n|\n|upkeep\n|turn|6\n|inactive|Time left: 300 sec this turn | 300 sec total\n|\n|t:|1783544981\n|switch|p2a: Grimmsnarl|Grimmsnarl, L83, M|37/100\n|move|p1a: Salamence|Dragon Dance|p1a: Salamence\n|-boost|p1a: Salamence|atk|1\n|-boost|p1a: Salamence|spe|1\n|\n|-heal|p2a: Grimmsnarl|43/100|[from] item: Leftovers\n|upkeep\n|turn|7\n|inactive|Time left: 300 sec this turn | 300 sec total\n|\n|t:|1783544982\n|move|p2a: Grimmsnarl|Parting Shot|p1a: Salamence\n|-unboost|p1a: Salamence|atk|1\n|-unboost|p1a: Salamence|spa|1\n|\n|t:|1783544983\n|switch|p2a: Sandslash|Sandslash, L89, M|100/100|[from] Parting Shot\n|move|p1a: Salamence|Earthquake|p2a: Sandslash\n|-damage|p2a: Sandslash|79/100\n|\n|-heal|p2a: Sandslash|85/100|[from] item: Leftovers\n|upkeep\n|turn|8\n|inactive|Time left: 300 sec this turn | 300 sec total\n|\n|t:|1783544984\n|move|p1a: Salamence|Outrage|p2a: Sandslash\n|-damage|p2a: Sandslash|45/100\n|move|p2a: Sandslash|Knock Off|p1a: Salamence\n|-damage|p1a: Salamence|101/273\n|-enditem|p1a: Salamence|Heavy-Duty Boots|[from] move: Knock Off|[of] p2a: Sandslash\n|\n|-heal|p2a: Sandslash|52/100|[from] item: Leftovers\n|upkeep\n|turn|9\n|inactive|Time left: 300 sec this turn | 300 sec total\n|\n|t:|1783544985\n|switch|p2a: Grimmsnarl|Grimmsnarl, L83, M|43/100\n|move|p1a: Salamence|Outrage|p2a: Grimmsnarl|[from] lockedmove\n|-immune|p2a: Grimmsnarl\n|-start|p1a: Salamence|confusion|[fatigue]\n|\n|-heal|p2a: Grimmsnarl|49/100|[from] item: Leftovers\n|upkeep\n|turn|10\n|inactive|Time left: 300 sec this turn | 300 sec total\n|\n|t:|1783544986\n|switch|p1a: Ampharos|Ampharos, L88, F|302/302\n|move|p2a: Grimmsnarl|Spirit Break|p1a: Ampharos\n|-damage|p1a: Ampharos|205/302\n|-unboost|p1a: Ampharos|spa|1\n|-status|p2a: Grimmsnarl|par|[from] ability: Static|[of] p1a: Ampharos\n|\n|-heal|p2a: Grimmsnarl|55/100 par|[from] item: Leftovers\n|upkeep\n|turn|11\n|inactive|Time left: 300 sec this turn | 300 sec total\n|\n|t:|1783544988\n|move|p2a: Grimmsnarl|Parting Shot|p1a: Ampharos\n|-unboost|p1a: Ampharos|atk|1\n|-unboost|p1a: Ampharos|spa|1\n|\n|t:|1783544989\n|switch|p2a: Sandslash|Sandslash, L89, M|52/100|[from] Parting Shot\n|move|p1a: Ampharos|Thunderbolt|p2a: Sandslash\n|-immune|p2a: Sandslash\n|\n|-heal|p2a: Sandslash|58/100|[from] item: Leftovers\n|upkeep\n|turn|12\n|inactive|Time left: 300 sec this turn | 300 sec total\n|\n|t:|1783544990\n|switch|p1a: Salamence|Salamence, L77, F|101/273\n|-ability|p1a: Salamence|Intimidate|boost\n|-unboost|p2a: Sandslash|atk|1\n|move|p2a: Sandslash|Knock Off|p1a: Salamence\n|-damage|p1a: Salamence|63/273\n|\n|-heal|p2a: Sandslash|64/100|[from] item: Leftovers\n|upkeep\n|turn|13\n|inactive|Time left: 300 sec this turn | 300 sec total\n|\n|t:|1783544991\n|switch|p2a: Grimmsnarl|Grimmsnarl, L83, M|55/100 par\n|move|p1a: Salamence|Outrage|p2a: Grimmsnarl\n|-immune|p2a: Grimmsnarl\n|\n|-heal|p2a: Grimmsnarl|62/100 par|[from] item: Leftovers\n|upkeep\n|turn|14\n|inactive|Time left: 300 sec this turn | 300 sec total\n|\n|t:|1783544992\n|move|p2a: Grimmsnarl|Sucker Punch||[still]\n|-fail|p2a: Grimmsnarl\n|move|p1a: Salamence|Dragon Dance|p1a: Salamence\n|-boost|p1a: Salamence|atk|1\n|-boost|p1a: Salamence|spe|1\n|\n|-heal|p2a: Grimmsnarl|68/100 par|[from] item: Leftovers\n|upkeep\n|turn|15\n|inactive|Time left: 300 sec this turn | 300 sec total\n|\n|t:|1783544993\n|move|p1a: Salamence|Dual Wingbeat|p2a: Grimmsnarl\n|-damage|p2a: Grimmsnarl|40/100 par\n|-damage|p2a: Grimmsnarl|11/100 par\n|-hitcount|p2a: Grimmsnarl|2\n|move|p2a: Grimmsnarl|Spirit Break|p1a: Salamence\n|-supereffective|p1a: Salamence\n|-damage|p1a: Salamence|0 fnt\n|faint|p1a: Salamence\n|\n|-heal|p2a: Grimmsnarl|17/100 par|[from] item: Leftovers\n|upkeep\n|inactive|Time left: 300 sec this turn | 300 sec total | 5 sec grace\n|\n|t:|1783544994\n|switch|p1a: Quaquaval|Quaquaval, L79, M|264/264\n|turn|16\n|inactive|Time left: 300 sec this turn | 300 sec total\n|\n|t:|1783544995\n|move|p2a: Grimmsnarl|Parting Shot|p1a: Quaquaval\n|-unboost|p1a: Quaquaval|atk|1\n|-unboost|p1a: Quaquaval|spa|1\n|\n|t:|1783544996\n|switch|p2a: Hydrapple|Hydrapple, L83, M|100/100|[from] Parting Shot\n|move|p1a: Quaquaval|Aqua Step|p2a: Hydrapple\n|-resisted|p2a: Hydrapple\n|-damage|p2a: Hydrapple|95/100\n|-boost|p1a: Quaquaval|spe|1\n|-damage|p1a: Quaquaval|238/264|[from] item: Life Orb\n|\n|upkeep\n|turn|17\n|inactive|Time left: 300 sec this turn | 300 sec total\n|\n|t:|1783544997\n|switch|p1a: Iron Treads|Iron Treads, L77|265/265\n|move|p2a: Hydrapple|Fickle Beam|p1a: Iron Treads|[anim] Fickle Beam All Out\n|-activate|p2a: Hydrapple|move: Fickle Beam\n|-resisted|p1a: Iron Treads\n|-damage|p1a: Iron Treads|148/265\n|-damage|p2a: Hydrapple|85/100|[from] item: Life Orb\n|\n|upkeep\n|turn|18\n|inactive|Time left: 300 sec this turn | 300 sec total\n|\n|t:|1783544998\n|-end|p1a: Iron Treads|Quark Drive|[silent]\n|switch|p1a: Weezing|Weezing, L88, F|258/258\n|move|p2a: Hydrapple|Earth Power|p1a: Weezing\n|-immune|p1a: Weezing|[from] ability: Levitate\n|\n|upkeep\n|turn|19\n|inactive|Time left: 300 sec this turn | 300 sec total\n|\n|t:|1783544999\n|move|p1a: Weezing|Gunk Shot|p2a: Hydrapple\n|-supereffective|p2a: Hydrapple\n|-damage|p2a: Hydrapple|17/100\n|move|p2a: Hydrapple|Nasty Plot|p2a: Hydrapple\n|-boost|p2a: Hydrapple|spa|2\n|\n|upkeep\n|turn|20\n|inactive|Time left: 300 sec this turn | 300 sec total\n|\n|t:|1783545000\n|switch|p2a: Delphox|Delphox, L84, F|87/100\n|move|p1a: Weezing|Fire Blast|p2a: Delphox\n|-resisted|p2a: Delphox\n|-crit|p2a: Delphox\n|-damage|p2a: Delphox|67/100\n|\n|upkeep\n|turn|21\n|inactive|Time left: 300 sec this turn | 300 sec total\n|\n|t:|1783545000\n|move|p2a: Delphox|Fire Blast|p1a: Weezing\n|-damage|p1a: Weezing|102/258\n|move|p1a: Weezing|Gunk Shot|p2a: Delphox\n|-damage|p2a: Delphox|8/100\n|\n|-heal|p1a: Weezing|118/258|[from] item: Leftovers\n|upkeep\n|turn|22\n|inactive|Time left: 300 sec this turn | 300 sec total\n|\n|t:|1783545001\n|move|p2a: Delphox|Fire Blast|p1a: Weezing\n|-crit|p1a: Weezing\n|-damage|p1a: Weezing|0 fnt\n|faint|p1a: Weezing\n|\n|upkeep\n|inactive|Time left: 300 sec this turn | 300 sec total | 5 sec grace\n|\n|t:|1783545002\n|switch|p1a: Ampharos|Ampharos, L88, F|205/302\n|turn|23\n|inactive|Time left: 300 sec this turn | 300 sec total\n|\n|t:|1783545003\n|move|p2a: Delphox|Fire Blast|p1a: Ampharos\n|-damage|p1a: Ampharos|4/302\n|move|p1a: Ampharos|Dazzling Gleam|p2a: Delphox\n|-resisted|p2a: Delphox\n|-damage|p2a: Delphox|0 fnt\n|faint|p2a: Delphox\n|\n|upkeep\n|\n|t:|1783545004\n|switch|p2a: Keldeo|Keldeo-Resolute, L79|100/100\n|turn|24\n|inactive|Time left: 300 sec this turn | 300 sec total\n|\n|t:|1783545005\n|move|p2a: Keldeo|Secret Sword|p1a: Ampharos\n|-damage|p1a: Ampharos|0 fnt\n|faint|p1a: Ampharos\n|\n|upkeep\n|inactive|Time left: 300 sec this turn | 300 sec total | 5 sec grace\n|\n|t:|1783545007\n|switch|p1a: Glaceon|Glaceon, L94, M|185/275\n|turn|25\n|inactive|Time left: 300 sec this turn | 300 sec total\n|\n|t:|1783545008\n|-terastallize|p1a: Glaceon|Ground\n|move|p2a: Keldeo|Calm Mind|p2a: Keldeo\n|-boost|p2a: Keldeo|spa|1\n|-boost|p2a: Keldeo|spd|1\n|move|p1a: Glaceon|Freeze-Dry|p2a: Keldeo\n|-supereffective|p2a: Keldeo\n|-damage|p2a: Keldeo|37/100\n|\n|-heal|p2a: Keldeo|43/100|[from] item: Leftovers\n|upkeep\n|turn|26\n|inactive|Time left: 300 sec this turn | 300 sec total\n|\n|t:|1783545009\n|move|p2a: Keldeo|Surf|p1a: Glaceon\n|-supereffective|p1a: Glaceon\n|-damage|p1a: Glaceon|0 fnt\n|faint|p1a: Glaceon\n|\n|-heal|p2a: Keldeo|49/100|[from] item: Leftovers\n|upkeep\n|inactive|Time left: 300 sec this turn | 300 sec total | 5 sec grace\n|\n|t:|1783545010\n|switch|p1a: Quaquaval|Quaquaval, L79, M|238/264\n|turn|27\n|inactive|Time left: 300 sec this turn | 300 sec total\n|\n|t:|1783545011\n|move|p2a: Keldeo|Substitute|p2a: Keldeo\n|-start|p2a: Keldeo|Substitute\n|-damage|p2a: Keldeo|24/100\n|move|p1a: Quaquaval|Aqua Step|p2a: Keldeo\n|-resisted|p2a: Keldeo\n|-activate|p2a: Keldeo|move: Substitute|[damage]\n|-boost|p1a: Quaquaval|spe|1\n|-damage|p1a: Quaquaval|212/264|[from] item: Life Orb\n|\n|-heal|p2a: Keldeo|31/100|[from] item: Leftovers\n|upkeep\n|turn|28\n|inactive|Time left: 300 sec this turn | 300 sec total\n|\n|t:|1783545012\n|move|p1a: Quaquaval|Swords Dance|p1a: Quaquaval\n|-boost|p1a: Quaquaval|atk|2\n|move|p2a: Keldeo|Secret Sword|p1a: Quaquaval\n|-damage|p1a: Quaquaval|46/264\n|\n|-heal|p2a: Keldeo|37/100|[from] item: Leftovers\n|upkeep\n|turn|29\n|inactive|Time left: 300 sec this turn | 300 sec total\n|\n|t:|1783545013\n|move|p1a: Quaquaval|Close Combat|p2a: Keldeo\n|-end|p2a: Keldeo|Substitute\n|-unboost|p1a: Quaquaval|def|1\n|-unboost|p1a: Quaquaval|spd|1\n|-damage|p1a: Quaquaval|20/264|[from] item: Life Orb\n|move|p2a: Keldeo|Secret Sword|p1a: Quaquaval\n|-damage|p1a: Quaquaval|0 fnt\n|faint|p1a: Quaquaval\n|\n|-heal|p2a: Keldeo|43/100|[from] item: Leftovers\n|upkeep\n|inactive|Time left: 300 sec this turn | 300 sec total | 5 sec grace\n|\n|t:|1783545014\n|switch|p1a: Iron Treads|Iron Treads, L77|148/265\n|turn|30\n|inactive|Time left: 300 sec this turn | 300 sec total\n|\n|t:|1783545015\n|move|p2a: Keldeo|Secret Sword|p1a: Iron Treads\n|-supereffective|p1a: Iron Treads\n|-damage|p1a: Iron Treads|0 fnt\n|faint|p1a: Iron Treads\n|-end|p1a: Iron Treads|Quark Drive|[silent]\n|\n|win|p0y511c4dc", "uploadtime": 1783545015, "views": 0, "rating": 0, "private": 0, "password": null, "_winner": "p0y511c4dc", "_our_name": "p0x511afda"}