{"id": "battle-gen9randombattle-860", "formatid": "gen9randombattle", "format": "[Gen 9] Random Battle", "players": ["p0x860a983", "p0y860942b"], "log": "|init|battle\n|title|p0x860a983 vs. p0y860942b\n|j|\u2606p0x860a983\n|j|\u2606p0y860942b\n|t:|1783549856\n|gametype|singles\n|player|p1|p0x860a983|170|\n|player|p2|p0y860942b|102|\n|gen|9\n|tier|[Gen 9] Random Battle\n|rule|Species Clause: Limit one of each Pok\u00e9mon\n|rule|HP Percentage Mod: HP is shown in percentages\n|rule|Sleep Clause Mod: Limit one foe put to sleep\n|rule|Illusion Level Mod: Illusion disguises the Pok\u00e9mon's true level\n|\n|t:|1783549856\n|teamsize|p1|6\n|teamsize|p2|6\n|start\n|switch|p1a: Pawmot|Pawmot, L80, F|243/243\n|switch|p2a: Golduck|Golduck, L90, F|100/100\n|-ability|p2a: Golduck|Cloud Nine\n|turn|1\n|inactive|Battle timer is ON: inactive players will automatically lose when time's up. (requested by p0y860942b)\n|inactive|Time left: 300 sec this turn | 300 sec total | 60 sec grace\n|inactive|p0x860a983 also wants the timer to be on.\n|\n|t:|1783549858\n|switch|p2a: Ampharos|Ampharos, L88, M|100/100\n|move|p1a: Pawmot|Double Shock|p2a: Ampharos\n|-resisted|p2a: Ampharos\n|-damage|p2a: Ampharos|75/100\n|-start|p1a: Pawmot|typechange|???/Fighting|[from] move: Double Shock\n|-status|p1a: Pawmot|par|[from] ability: Static|[of] p2a: Ampharos\n|-damage|p1a: Pawmot|219/243 par|[from] item: Life Orb\n|\n|upkeep\n|turn|2\n|inactive|Time left: 300 sec this turn | 300 sec total\n|\n|t:|1783549859\n|switch|p1a: Donphan|Donphan, L84, M|288/288\n|move|p2a: Ampharos|Dazzling Gleam|p1a: Donphan\n|-damage|p1a: Donphan|226/288\n|\n|upkeep\n|turn|3\n|inactive|Time left: 300 sec this turn | 300 sec total\n|\n|t:|1783549861\n|switch|p2a: Brute Bonnet|Brute Bonnet, L80|100/100\n|move|p1a: Donphan|Earthquake|p2a: Brute Bonnet\n|-resisted|p2a: Brute Bonnet\n|-damage|p2a: Brute Bonnet|79/100\n|\n|-heal|p2a: Brute Bonnet|86/100|[from] item: Leftovers\n|upkeep\n|turn|4\n|inactive|Time left: 300 sec this turn | 300 sec total\n|\n|t:|1783549862\n|move|p2a: Brute Bonnet|Spore|p1a: Donphan\n|-status|p1a: Donphan|slp|[from] move: Spore\n|cant|p1a: Donphan|slp\n|\n|-heal|p2a: Brute Bonnet|92/100|[from] item: Leftovers\n|upkeep\n|turn|5\n|inactive|Time left: 300 sec this turn | 300 sec total\n|\n|t:|1783549863\n|switch|p1a: Farigiraf|Farigiraf, L90, F|362/362\n|move|p2a: Brute Bonnet|Crunch|p1a: Farigiraf\n|-supereffective|p1a: Farigiraf\n|-damage|p1a: Farigiraf|140/362\n|\n|-heal|p1a: Farigiraf|162/362|[from] item: Leftovers\n|-heal|p2a: Brute Bonnet|98/100|[from] item: Leftovers\n|upkeep\n|turn|6\n|inactive|Time left: 300 sec this turn | 300 sec total\n|\n|t:|1783549864\n|move|p1a: Farigiraf|Protect|p1a: Farigiraf\n|-singleturn|p1a: Farigiraf|Protect\n|move|p2a: Brute Bonnet|Crunch|p1a: Farigiraf\n|-activate|p1a: Farigiraf|move: Protect\n|\n|-heal|p1a: Farigiraf|184/362|[from] item: Leftovers\n|-heal|p2a: Brute Bonnet|100/100|[from] item: Leftovers\n|upkeep\n|turn|7\n|inactive|Time left: 300 sec this turn | 300 sec total\n|\n|t:|1783549865\n|switch|p1a: Magearna|Magearna, L77|250/250\n|move|p2a: Brute Bonnet|Crunch|p1a: Magearna\n|-resisted|p1a: Magearna\n|-damage|p1a: Magearna|203/250\n|\n|upkeep\n|turn|8\n|inactive|Time left: 300 sec this turn | 300 sec total\n|\n|t:|1783549866\n|-end|p2a: Brute Bonnet|Protosynthesis|[silent]\n|switch|p2a: Golduck|Golduck, L90, F|100/100\n|-ability|p2a: Golduck|Cloud Nine\n|move|p1a: Magearna|Shift Gear|p1a: Magearna\n|-boost|p1a: Magearna|spe|2\n|-boost|p1a: Magearna|atk|1\n|\n|upkeep\n|turn|9\n|inactive|Time left: 300 sec this turn | 300 sec total\n|\n|t:|1783549867\n|move|p1a: Magearna|Iron Head|p2a: Golduck\n|-resisted|p2a: Golduck\n|-damage|p2a: Golduck|81/100\n|move|p2a: Golduck|Hydro Pump|p1a: Magearna\n|-damage|p1a: Magearna|83/250\n|\n|-heal|p2a: Golduck|87/100|[from] item: Leftovers\n|upkeep\n|turn|10\n|inactive|Time left: 300 sec this turn | 300 sec total\n|\n|t:|1783549868\n|move|p1a: Magearna|Fleur Cannon|p2a: Golduck\n|-damage|p2a: Golduck|40/100\n|-unboost|p1a: Magearna|spa|2\n|move|p2a: Golduck|Hydro Pump|p1a: Magearna|[miss]\n|-miss|p2a: Golduck|p1a: Magearna\n|\n|-heal|p2a: Golduck|47/100|[from] item: Leftovers\n|upkeep\n|turn|11\n|inactive|Time left: 300 sec this turn | 300 sec total\n|\n|t:|1783549869\n|move|p1a: Magearna|Iron Head|p2a: Golduck\n|-resisted|p2a: Golduck\n|-damage|p2a: Golduck|28/100\n|cant|p2a: Golduck|flinch\n|\n|-heal|p2a: Golduck|34/100|[from] item: Leftovers\n|upkeep\n|turn|12\n|inactive|Time left: 300 sec this turn | 300 sec total\n|\n|t:|1783549871\n|move|p1a: Magearna|Iron Head|p2a: Golduck\n|-resisted|p2a: Golduck\n|-damage|p2a: Golduck|17/100\n|move|p2a: Golduck|Hydro Pump|p1a: Magearna|[miss]\n|-miss|p2a: Golduck|p1a: Magearna\n|\n|-heal|p2a: Golduck|23/100|[from] item: Leftovers\n|upkeep\n|turn|13\n|inactive|Time left: 300 sec this turn | 300 sec total\n|\n|t:|1783549872\n|move|p1a: Magearna|Fleur Cannon|p2a: Golduck\n|-damage|p2a: Golduck|0 fnt\n|-unboost|p1a: Magearna|spa|2\n|faint|p2a: Golduck\n|-ability|p1a: Magearna|Soul-Heart|boost\n|-boost|p1a: Magearna|spa|1\n|\n|upkeep\n|\n|t:|1783549873\n|switch|p2a: Bellibolt|Bellibolt, L84, M|100/100\n|turn|14\n|inactive|Time left: 300 sec this turn | 300 sec total\n|\n|t:|1783549874\n|switch|p1a: Donphan|Donphan, L84, M|226/288 slp\n|move|p2a: Bellibolt|Muddy Water|p1a: Donphan\n|-supereffective|p1a: Donphan\n|-damage|p1a: Donphan|112/288 slp\n|\n|upkeep\n|turn|15\n|inactive|Time left: 300 sec this turn | 300 sec total\n|\n|t:|1783549875\n|cant|p1a: Donphan|slp\n|move|p2a: Bellibolt|Muddy Water|p1a: Donphan\n|-supereffective|p1a: Donphan\n|-damage|p1a: Donphan|0 fnt\n|faint|p1a: Donphan\n|\n|upkeep\n|inactive|Time left: 300 sec this turn | 300 sec total | 5 sec grace\n|\n|t:|1783549876\n|switch|p1a: Farigiraf|Farigiraf, L90, F|184/362\n|turn|16\n|inactive|Time left: 300 sec this turn | 300 sec total\n|\n|t:|1783549877\n|move|p1a: Farigiraf|Wish|p1a: Farigiraf\n|move|p2a: Bellibolt|Thunderbolt|p1a: Farigiraf\n|-damage|p1a: Farigiraf|81/362\n|\n|-heal|p1a: Farigiraf|103/362|[from] item: Leftovers\n|upkeep\n|turn|17\n|inactive|Time left: 300 sec this turn | 300 sec total\n|\n|t:|1783549878\n|move|p1a: Farigiraf|Protect|p1a: Farigiraf\n|-singleturn|p1a: Farigiraf|Protect\n|move|p2a: Bellibolt|Thunderbolt|p1a: Farigiraf\n|-activate|p1a: Farigiraf|move: Protect\n|\n|-heal|p1a: Farigiraf|284/362|[from] move: Wish|[wisher] Farigiraf\n|-heal|p1a: Farigiraf|306/362|[from] item: Leftovers\n|upkeep\n|turn|18\n|inactive|Time left: 300 sec this turn | 300 sec total\n|\n|t:|1783549879\n|move|p1a: Farigiraf|Wish|p1a: Farigiraf\n|move|p2a: Bellibolt|Thunderbolt|p1a: Farigiraf\n|-damage|p1a: Farigiraf|189/362\n|\n|-heal|p1a: Farigiraf|211/362|[from] item: Leftovers\n|upkeep\n|turn|19\n|inactive|Time left: 300 sec this turn | 300 sec total\n|\n|t:|1783549880\n|move|p1a: Farigiraf|Psychic Noise|p2a: Bellibolt\n|-damage|p2a: Bellibolt|67/100\n|-start|p2a: Bellibolt|move: Heal Block\n|-start|p2a: Bellibolt|Charge|Psychic Noise|[from] ability: Electromorphosis\n|move|p2a: Bellibolt|Thunderbolt|p1a: Farigiraf\n|-damage|p1a: Farigiraf|7/362\n|-end|p2a: Bellibolt|Charge|[silent]\n|\n|-heal|p1a: Farigiraf|188/362|[from] move: Wish|[wisher] Farigiraf\n|-heal|p1a: Farigiraf|210/362|[from] item: Leftovers\n|upkeep\n|turn|20\n|inactive|Time left: 300 sec this turn | 300 sec total\n|\n|t:|1783549881\n|move|p1a: Farigiraf|Psychic Noise|p2a: Bellibolt\n|-damage|p2a: Bellibolt|32/100\n|-start|p2a: Bellibolt|Charge|Psychic Noise|[from] ability: Electromorphosis\n|move|p2a: Bellibolt|Thunderbolt|p1a: Farigiraf\n|-damage|p1a: Farigiraf|0 fnt\n|faint|p1a: Farigiraf\n|-end|p2a: Bellibolt|Charge|[silent]\n|\n|-end|p2a: Bellibolt|move: Heal Block\n|upkeep\n|inactive|Time left: 300 sec this turn | 300 sec total | 5 sec grace\n|\n|t:|1783549882\n|switch|p1a: Bruxish|Bruxish, L85, M|254/254\n|turn|21\n|inactive|Time left: 300 sec this turn | 300 sec total\n|\n|t:|1783549883\n|switch|p2a: Bisharp|Bisharp, L79, M|100/100\n|move|p1a: Bruxish|Psychic Fangs|p2a: Bisharp\n|-immune|p2a: Bisharp\n|\n|upkeep\n|turn|22\n|inactive|Time left: 300 sec this turn | 300 sec total\n|\n|t:|1783549884\n|switch|p1a: Milotic|Milotic, L83, F|293/293\n|move|p2a: Bisharp|Swords Dance|p2a: Bisharp\n|-boost|p2a: Bisharp|atk|2\n|\n|upkeep\n|turn|23\n|inactive|Time left: 300 sec this turn | 300 sec total\n|\n|t:|1783549885\n|move|p1a: Milotic|Scald|p2a: Bisharp\n|-damage|p2a: Bisharp|69/100\n|move|p2a: Bisharp|Throat Chop|p1a: Milotic\n|-damage|p1a: Milotic|109/293\n|-start|p1a: Milotic|Throat Chop|[silent]\n|\n|-heal|p1a: Milotic|127/293|[from] item: Leftovers\n|upkeep\n|turn|24\n|inactive|Time left: 300 sec this turn | 300 sec total\n|\n|t:|1783549886\n|move|p1a: Milotic|Haze|p1a: Milotic\n|-clearallboost\n|move|p2a: Bisharp|Throat Chop|p1a: Milotic\n|-damage|p1a: Milotic|18/293\n|\n|-heal|p1a: Milotic|36/293|[from] item: Leftovers\n|-end|p1a: Milotic|Throat Chop|[silent]\n|upkeep\n|turn|25\n|inactive|Time left: 300 sec this turn | 300 sec total\n|\n|t:|1783549887\n|move|p1a: Milotic|Recover|p1a: Milotic\n|-heal|p1a: Milotic|183/293\n|move|p2a: Bisharp|Swords Dance|p2a: Bisharp\n|-boost|p2a: Bisharp|atk|2\n|\n|-heal|p1a: Milotic|201/293|[from] item: Leftovers\n|upkeep\n|turn|26\n|inactive|Time left: 300 sec this turn | 300 sec total\n|\n|t:|1783549888\n|move|p1a: Milotic|Haze|p1a: Milotic\n|-clearallboost\n|move|p2a: Bisharp|Throat Chop|p1a: Milotic\n|-damage|p1a: Milotic|105/293\n|-start|p1a: Milotic|Throat Chop|[silent]\n|\n|-heal|p1a: Milotic|123/293|[from] item: Leftovers\n|upkeep\n|turn|27\n|inactive|Time left: 300 sec this turn | 300 sec total\n|\n|t:|1783549890\n|move|p1a: Milotic|Scald|p2a: Bisharp\n|-damage|p2a: Bisharp|40/100\n|move|p2a: Bisharp|Swords Dance|p2a: Bisharp\n|-boost|p2a: Bisharp|atk|2\n|\n|-heal|p1a: Milotic|141/293|[from] item: Leftovers\n|-end|p1a: Milotic|Throat Chop|[silent]\n|upkeep\n|turn|28\n|inactive|Time left: 300 sec this turn | 300 sec total\n|\n|t:|1783549891\n|move|p1a: Milotic|Haze|p1a: Milotic\n|-clearallboost\n|move|p2a: Bisharp|Throat Chop|p1a: Milotic\n|-damage|p1a: Milotic|45/293\n|-start|p1a: Milotic|Throat Chop|[silent]\n|\n|-heal|p1a: Milotic|63/293|[from] item: Leftovers\n|upkeep\n|turn|29\n|inactive|Time left: 300 sec this turn | 300 sec total\n|\n|t:|1783549892\n|move|p1a: Milotic|Recover|p1a: Milotic\n|-heal|p1a: Milotic|210/293\n|move|p2a: Bisharp|Throat Chop|p1a: Milotic\n|-damage|p1a: Milotic|105/293\n|\n|-heal|p1a: Milotic|123/293|[from] item: Leftovers\n|-end|p1a: Milotic|Throat Chop|[silent]\n|upkeep\n|turn|30\n|inactive|Time left: 300 sec this turn | 300 sec total\n|\n|t:|1783549893\n|move|p1a: Milotic|Recover|p1a: Milotic\n|-heal|p1a: Milotic|270/293\n|move|p2a: Bisharp|Throat Chop|p1a: Milotic\n|-damage|p1a: Milotic|162/293\n|-start|p1a: Milotic|Throat Chop|[silent]\n|\n|-heal|p1a: Milotic|180/293|[from] item: Leftovers\n|upkeep\n|turn|31\n|inactive|Time left: 300 sec this turn | 300 sec total\n|\n|t:|1783549894\n|switch|p2a: Ampharos|Ampharos, L88, M|75/100\n|move|p1a: Milotic|Scald|p2a: Ampharos\n|-crit|p2a: Ampharos\n|-damage|p2a: Ampharos|48/100\n|\n|-heal|p1a: Milotic|198/293|[from] item: Leftovers\n|-end|p1a: Milotic|Throat Chop|[silent]\n|upkeep\n|turn|32\n|inactive|Time left: 300 sec this turn | 300 sec total\n|\n|t:|1783549895\n|move|p1a: Milotic|Recover|p1a: Milotic\n|-heal|p1a: Milotic|293/293\n|move|p2a: Ampharos|Thunderbolt|p1a: Milotic\n|-supereffective|p1a: Milotic\n|-damage|p1a: Milotic|89/293\n|\n|-heal|p1a: Milotic|107/293|[from] item: Leftovers\n|upkeep\n|turn|33\n|inactive|Time left: 300 sec this turn | 300 sec total\n|\n|t:|1783549896\n|move|p1a: Milotic|Recover|p1a: Milotic\n|-heal|p1a: Milotic|254/293\n|move|p2a: Ampharos|Thunderbolt|p1a: Milotic\n|-supereffective|p1a: Milotic\n|-damage|p1a: Milotic|60/293\n|\n|-heal|p1a: Milotic|78/293|[from] item: Leftovers\n|upkeep\n|turn|34\n|inactive|Time left: 300 sec this turn | 300 sec total\n|\n|t:|1783549897\n|-terastallize|p1a: Milotic|Dragon\n|move|p1a: Milotic|Recover|p1a: Milotic\n|-heal|p1a: Milotic|225/293\n|move|p2a: Ampharos|Thunderbolt|p1a: Milotic\n|-resisted|p1a: Milotic\n|-damage|p1a: Milotic|177/293\n|\n|-heal|p1a: Milotic|195/293|[from] item: Leftovers\n|upkeep\n|turn|35\n|inactive|Time left: 300 sec this turn | 300 sec total\n|\n|t:|1783549898\n|move|p1a: Milotic|Scald|p2a: Ampharos\n|-damage|p2a: Ampharos|30/100\n|move|p2a: Ampharos|Dazzling Gleam|p1a: Milotic\n|-supereffective|p1a: Milotic\n|-damage|p1a: Milotic|83/293\n|\n|-heal|p1a: Milotic|101/293|[from] item: Leftovers\n|upkeep\n|turn|36\n|inactive|Time left: 300 sec this turn | 300 sec total\n|\n|t:|1783549900\n|move|p1a: Milotic|Recover|p1a: Milotic\n|-heal|p1a: Milotic|248/293\n|move|p2a: Ampharos|Dazzling Gleam|p1a: Milotic\n|-supereffective|p1a: Milotic\n|-damage|p1a: Milotic|138/293\n|\n|-heal|p1a: Milotic|156/293|[from] item: Leftovers\n|upkeep\n|turn|37\n|inactive|Time left: 300 sec this turn | 300 sec total\n|\n|t:|1783549900\n|-terastallize|p2a: Ampharos|Fairy\n|move|p1a: Milotic|Recover|p1a: Milotic\n|-heal|p1a: Milotic|293/293\n|move|p2a: Ampharos|Dazzling Gleam|p1a: Milotic\n|-supereffective|p1a: Milotic\n|-damage|p1a: Milotic|137/293\n|\n|-heal|p1a: Milotic|155/293|[from] item: Leftovers\n|upkeep\n|turn|38\n|inactive|Time left: 300 sec this turn | 300 sec total\n|\n|t:|1783549901\n|move|p1a: Milotic|Ice Beam|p2a: Ampharos\n|-damage|p2a: Ampharos|16/100\n|move|p2a: Ampharos|Dazzling Gleam|p1a: Milotic\n|-supereffective|p1a: Milotic\n|-damage|p1a: Milotic|0 fnt\n|faint|p1a: Milotic\n|\n|upkeep\n|inactive|Time left: 300 sec this turn | 300 sec total | 5 sec grace\n|\n|t:|1783549903\n|switch|p1a: Bruxish|Bruxish, L85, M|254/254\n|turn|39\n|inactive|Time left: 300 sec this turn | 300 sec total\n|\n|t:|1783549903\n|switch|p2a: Brute Bonnet|Brute Bonnet, L80|100/100\n|move|p1a: Bruxish|Wave Crash|p2a: Brute Bonnet\n|-resisted|p2a: Brute Bonnet\n|-damage|p2a: Brute Bonnet|80/100\n|-damage|p1a: Bruxish|233/254|[from] Recoil\n|\n|-heal|p2a: Brute Bonnet|86/100|[from] item: Leftovers\n|upkeep\n|turn|40\n|inactive|Time left: 300 sec this turn | 300 sec total\n|\n|t:|1783549904\n|switch|p1a: Magearna|Magearna, L77|83/250\n|move|p2a: Brute Bonnet|Crunch|p1a: Magearna\n|-resisted|p1a: Magearna\n|-damage|p1a: Magearna|39/250\n|\n|-heal|p2a: Brute Bonnet|92/100|[from] item: Leftovers\n|upkeep\n|turn|41\n|inactive|Time left: 300 sec this turn | 300 sec total\n|\n|t:|1783549906\n|-end|p2a: Brute Bonnet|Protosynthesis|[silent]\n|switch|p2a: Ampharos|Ampharos, L88, M, tera:Fairy|16/100\n|move|p1a: Magearna|Fleur Cannon|p2a: Ampharos|[miss]\n|-miss|p1a: Magearna|p2a: Ampharos\n|\n|upkeep\n|turn|42\n|inactive|Time left: 300 sec this turn | 300 sec total\n|\n|t:|1783549907\n|move|p2a: Ampharos|Volt Switch|p1a: Magearna\n|-damage|p1a: Magearna|0 fnt\n|faint|p1a: Magearna\n|\n|t:|1783549908\n|switch|p2a: Brute Bonnet|Brute Bonnet, L80|92/100|[from] Volt Switch\n|\n|-heal|p2a: Brute Bonnet|99/100|[from] item: Leftovers\n|upkeep\n|inactive|Time left: 300 sec this turn | 300 sec total | 10 sec grace\n|\n|t:|1783549909\n|switch|p1a: Pawmot|Pawmot, L80, F|219/243 par\n|turn|43\n|inactive|Time left: 300 sec this turn | 300 sec total\n|\n|t:|1783549910\n|-end|p2a: Brute Bonnet|Protosynthesis|[silent]\n|switch|p2a: Bellibolt|Bellibolt, L84, M|32/100\n|move|p1a: Pawmot|Close Combat|p2a: Bellibolt\n|-damage|p2a: Bellibolt|0 fnt\n|-unboost|p1a: Pawmot|def|1\n|-unboost|p1a: Pawmot|spd|1\n|faint|p2a: Bellibolt\n|-damage|p1a: Pawmot|195/243 par|[from] item: Life Orb\n|\n|upkeep\n|\n|t:|1783549911\n|switch|p2a: Ampharos|Ampharos, L88, M, tera:Fairy|16/100\n|turn|44\n|inactive|Time left: 300 sec this turn | 300 sec total\n|\n|t:|1783549912\n|move|p2a: Ampharos|Dazzling Gleam|p1a: Pawmot\n|-supereffective|p1a: Pawmot\n|-damage|p1a: Pawmot|0 fnt\n|faint|p1a: Pawmot\n|\n|upkeep\n|inactive|Time left: 300 sec this turn | 300 sec total | 5 sec grace\n|\n|t:|1783549913\n|switch|p1a: Bruxish|Bruxish, L85, M|233/254\n|turn|45\n|inactive|Time left: 300 sec this turn | 300 sec total\n|\n|t:|1783549914\n|switch|p2a: Brute Bonnet|Brute Bonnet, L80|99/100\n|move|p1a: Bruxish|Ice Fang|p2a: Brute Bonnet\n|-supereffective|p2a: Brute Bonnet\n|-damage|p2a: Brute Bonnet|50/100\n|\n|-heal|p2a: Brute Bonnet|56/100|[from] item: Leftovers\n|upkeep\n|turn|46\n|inactive|Time left: 300 sec this turn | 300 sec total\n|\n|t:|1783549915\n|move|p2a: Brute Bonnet|Sucker Punch|p1a: Bruxish\n|-supereffective|p1a: Bruxish\n|-damage|p1a: Bruxish|51/254\n|move|p1a: Bruxish|Ice Fang|p2a: Brute Bonnet\n|-supereffective|p2a: Brute Bonnet\n|-damage|p2a: Brute Bonnet|6/100\n|\n|-heal|p2a: Brute Bonnet|12/100|[from] item: Leftovers\n|upkeep\n|turn|47\n|inactive|Time left: 300 sec this turn | 300 sec total\n|\n|t:|1783549916\n|move|p2a: Brute Bonnet|Sucker Punch|p1a: Bruxish\n|-supereffective|p1a: Bruxish\n|-damage|p1a: Bruxish|0 fnt\n|faint|p1a: Bruxish\n|\n|win|p0y860942b", "uploadtime": 1783549916, "views": 0, "rating": 0, "private": 0, "password": null, "_winner": "p0y860942b", "_our_name": "p0x860a983"}