{"id": "battle-gen9randombattle-1063", "formatid": "gen9randombattle", "format": "[Gen 9] Random Battle", "players": ["p0x106336cf", "p0y1063d90d"], "log": "|init|battle\n|title|p0x106336cf vs. p0y1063d90d\n|j|\u2606p0x106336cf\n|j|\u2606p0y1063d90d\n|t:|1783552209\n|gametype|singles\n|player|p1|p0x106336cf|101|\n|player|p2|p0y1063d90d|2|\n|gen|9\n|tier|[Gen 9] Random Battle\n|rule|Species Clause: Limit one of each Pok\u00e9mon\n|rule|HP Percentage Mod: HP is shown in percentages\n|rule|Sleep Clause Mod: Limit one foe put to sleep\n|rule|Illusion Level Mod: Illusion disguises the Pok\u00e9mon's true level\n|\n|t:|1783552209\n|teamsize|p1|6\n|teamsize|p2|6\n|start\n|switch|p1a: Dragonite|Dragonite, L74, F|257/257\n|switch|p2a: Cobalion|Cobalion, L80|100/100\n|turn|1\n|inactive|Battle timer is ON: inactive players will automatically lose when time's up. (requested by p0x106336cf)\n|\n|t:|1783552210\n|move|p2a: Cobalion|Calm Mind|p2a: Cobalion\n|-boost|p2a: Cobalion|spa|1\n|-boost|p2a: Cobalion|spd|1\n|move|p1a: Dragonite|Dragon Dance|p1a: Dragonite\n|-boost|p1a: Dragonite|atk|1\n|-boost|p1a: Dragonite|spe|1\n|\n|upkeep\n|turn|2\n|inactive|Time left: 300 sec this turn | 300 sec total\n|inactive|p0y1063d90d also wants the timer to be on.\n|\n|t:|1783552212\n|move|p1a: Dragonite|Earthquake|p2a: Cobalion\n|-supereffective|p2a: Cobalion\n|-damage|p2a: Cobalion|41/100\n|move|p2a: Cobalion|Flash Cannon|p1a: Dragonite\n|-damage|p1a: Dragonite|196/257\n|\n|-heal|p2a: Cobalion|47/100|[from] item: Leftovers\n|upkeep\n|turn|3\n|inactive|Time left: 300 sec this turn | 300 sec total\n|\n|t:|1783552213\n|move|p1a: Dragonite|Outrage|p2a: Cobalion\n|-resisted|p2a: Cobalion\n|-damage|p2a: Cobalion|21/100\n|move|p2a: Cobalion|Flash Cannon|p1a: Dragonite\n|-damage|p1a: Dragonite|88/257\n|\n|-heal|p2a: Cobalion|27/100|[from] item: Leftovers\n|upkeep\n|turn|4\n|inactive|Time left: 300 sec this turn | 300 sec total\n|\n|t:|1783552214\n|switch|p2a: Bisharp|Bisharp, L79, F|100/100\n|move|p1a: Dragonite|Outrage|p2a: Bisharp|[from] lockedmove\n|-resisted|p2a: Bisharp\n|-damage|p2a: Bisharp|72/100\n|\n|upkeep\n|turn|5\n|inactive|Time left: 300 sec this turn | 300 sec total\n|\n|t:|1783552216\n|move|p1a: Dragonite|Outrage|p2a: Bisharp|[from] lockedmove\n|-resisted|p2a: Bisharp\n|-damage|p2a: Bisharp|47/100\n|-start|p1a: Dragonite|confusion|[fatigue]\n|move|p2a: Bisharp|Throat Chop|p1a: Dragonite\n|-damage|p1a: Dragonite|0 fnt\n|faint|p1a: Dragonite\n|\n|upkeep\n|inactive|Time left: 300 sec this turn | 300 sec total | 5 sec grace\n|\n|t:|1783552217\n|switch|p1a: Miraidon|Miraidon, L65|238/238\n|-fieldstart|move: Electric Terrain|[from] ability: Hadron Engine|[of] p1a: Miraidon\n|turn|6\n|inactive|Time left: 300 sec this turn | 300 sec total\n|\n|t:|1783552218\n|move|p2a: Bisharp|Sucker Punch|p1a: Miraidon\n|-damage|p1a: Miraidon|150/238\n|move|p1a: Miraidon|Electro Drift|p2a: Bisharp\n|-damage|p2a: Bisharp|0 fnt\n|faint|p2a: Bisharp\n|\n|upkeep\n|\n|t:|1783552219\n|switch|p2a: Grumpig|Grumpig, L92, F|100/100\n|turn|7\n|inactive|Time left: 300 sec this turn | 300 sec total\n|\n|t:|1783552220\n|move|p1a: Miraidon|Electro Drift|p2a: Grumpig\n|-damage|p2a: Grumpig|40/100\n|move|p2a: Grumpig|Nasty Plot|p2a: Grumpig\n|-boost|p2a: Grumpig|spa|2\n|\n|-heal|p2a: Grumpig|46/100|[from] item: Leftovers\n|upkeep\n|turn|8\n|inactive|Time left: 300 sec this turn | 300 sec total\n|\n|t:|1783552222\n|-terastallize|p2a: Grumpig|Ground\n|move|p1a: Miraidon|Electro Drift|p2a: Grumpig\n|-immune|p2a: Grumpig\n|move|p2a: Grumpig|Earth Power|p1a: Miraidon\n|-supereffective|p1a: Miraidon\n|-crit|p1a: Miraidon\n|-damage|p1a: Miraidon|0 fnt\n|faint|p1a: Miraidon\n|\n|-heal|p2a: Grumpig|52/100|[from] item: Leftovers\n|upkeep\n|inactive|Time left: 300 sec this turn | 300 sec total | 5 sec grace\n|\n|t:|1783552223\n|switch|p1a: Meowscarada|Meowscarada, L78, M|247/247\n|turn|9\n|inactive|Time left: 300 sec this turn | 300 sec total\n|\n|t:|1783552224\n|switch|p2a: Kricketune|Kricketune, L99, M|100/100\n|move|p1a: Meowscarada|Flower Trick|p2a: Kricketune\n|-start|p1a: Meowscarada|typechange|Grass|[from] ability: Protean\n|-resisted|p2a: Kricketune\n|-crit|p2a: Kricketune\n|-damage|p2a: Kricketune|78/100\n|\n|upkeep\n|turn|10\n|inactive|Time left: 300 sec this turn | 300 sec total\n|\n|t:|1783552225\n|move|p1a: Meowscarada|U-turn|p2a: Kricketune\n|-damage|p2a: Kricketune|59/100\n|inactive|Time left: 300 sec this turn | 300 sec total | 5 sec grace\n|\n|t:|1783552226\n|switch|p1a: Diancie|Diancie, L82|216/216|[from] U-turn\n|move|p2a: Kricketune|Sticky Web|p1a: Diancie\n|-sidestart|p1: p0x106336cf|move: Sticky Web\n|\n|-fieldend|move: Electric Terrain\n|upkeep\n|turn|11\n|inactive|Time left: 300 sec this turn | 300 sec total\n|\n|t:|1783552227\n|switch|p2a: Grumpig|Grumpig, L92, F, tera:Ground|52/100\n|move|p1a: Diancie|Diamond Storm|p2a: Grumpig\n|-resisted|p2a: Grumpig\n|-damage|p2a: Grumpig|33/100\n|\n|-heal|p2a: Grumpig|40/100|[from] item: Leftovers\n|upkeep\n|turn|12\n|inactive|Time left: 300 sec this turn | 300 sec total\n|\n|t:|1783552228\n|move|p2a: Grumpig|Earth Power|p1a: Diancie\n|-supereffective|p1a: Diancie\n|-damage|p1a: Diancie|84/216\n|move|p1a: Diancie|Calm Mind|p1a: Diancie\n|-boost|p1a: Diancie|spa|1\n|-boost|p1a: Diancie|spd|1\n|\n|-heal|p2a: Grumpig|46/100|[from] item: Leftovers\n|-heal|p1a: Diancie|97/216|[from] item: Leftovers\n|upkeep\n|turn|13\n|inactive|Time left: 300 sec this turn | 300 sec total\n|\n|t:|1783552229\n|-terastallize|p1a: Diancie|Fairy\n|move|p2a: Grumpig|Earth Power|p1a: Diancie\n|-damage|p1a: Diancie|48/216\n|move|p1a: Diancie|Draining Kiss|p2a: Grumpig\n|-damage|p2a: Grumpig|11/100\n|-heal|p1a: Diancie|125/216|[from] drain|[of] p2a: Grumpig\n|\n|-heal|p2a: Grumpig|17/100|[from] item: Leftovers\n|-heal|p1a: Diancie|138/216|[from] item: Leftovers\n|upkeep\n|turn|14\n|inactive|Time left: 300 sec this turn | 300 sec total\n|\n|t:|1783552231\n|move|p2a: Grumpig|Earth Power|p1a: Diancie\n|-damage|p1a: Diancie|89/216\n|move|p1a: Diancie|Draining Kiss|p2a: Grumpig\n|-damage|p2a: Grumpig|0 fnt\n|-heal|p1a: Diancie|127/216|[from] drain|[of] p2a: Grumpig\n|faint|p2a: Grumpig\n|\n|-heal|p1a: Diancie|140/216|[from] item: Leftovers\n|upkeep\n|\n|t:|1783552231\n|switch|p2a: Rampardos|Rampardos, L90, F|100/100\n|turn|15\n|inactive|Time left: 300 sec this turn | 300 sec total\n|\n|t:|1783552232\n|move|p2a: Rampardos|Rock Slide|p1a: Diancie\n|-damage|p1a: Diancie|0 fnt\n|faint|p1a: Diancie\n|\n|upkeep\n|inactive|Time left: 300 sec this turn | 300 sec total | 5 sec grace\n|\n|t:|1783552233\n|switch|p1a: Camerupt|Camerupt, L91, F|275/275\n|-activate|p1a: Camerupt|move: Sticky Web\n|-unboost|p1a: Camerupt|spe|1\n|turn|16\n|inactive|Time left: 300 sec this turn | 300 sec total\n|\n|t:|1783552234\n|move|p2a: Rampardos|Earthquake|p1a: Camerupt\n|-supereffective|p1a: Camerupt\n|-damage|p1a: Camerupt|20/275\n|-damage|p2a: Rampardos|91/100|[from] item: Life Orb\n|move|p1a: Camerupt|Earthquake|p2a: Rampardos\n|-supereffective|p2a: Rampardos\n|-damage|p2a: Rampardos|0 fnt\n|faint|p2a: Rampardos\n|\n|-heal|p1a: Camerupt|37/275|[from] item: Leftovers\n|upkeep\n|\n|t:|1783552235\n|switch|p2a: Cobalion|Cobalion, L80|27/100\n|turn|17\n|inactive|Time left: 300 sec this turn | 300 sec total\n|\n|t:|1783552236\n|move|p2a: Cobalion|Aura Sphere|p1a: Camerupt\n|-damage|p1a: Camerupt|0 fnt\n|faint|p1a: Camerupt\n|\n|-heal|p2a: Cobalion|33/100|[from] item: Leftovers\n|upkeep\n|inactive|Time left: 300 sec this turn | 300 sec total | 5 sec grace\n|\n|t:|1783552237\n|switch|p1a: Manaphy|Manaphy, L78|284/284\n|-activate|p1a: Manaphy|move: Sticky Web\n|-unboost|p1a: Manaphy|spe|1\n|turn|18\n|inactive|Time left: 300 sec this turn | 300 sec total\n|\n|t:|1783552238\n|move|p2a: Cobalion|Calm Mind|p2a: Cobalion\n|-boost|p2a: Cobalion|spa|1\n|-boost|p2a: Cobalion|spd|1\n|move|p1a: Manaphy|Tail Glow|p1a: Manaphy\n|-boost|p1a: Manaphy|spa|3\n|\n|-heal|p2a: Cobalion|39/100|[from] item: Leftovers\n|upkeep\n|turn|19\n|inactive|Time left: 300 sec this turn | 300 sec total\n|\n|t:|1783552239\n|move|p2a: Cobalion|Aura Sphere|p1a: Manaphy\n|-damage|p1a: Manaphy|179/284\n|move|p1a: Manaphy|Surf|p2a: Cobalion\n|-damage|p2a: Cobalion|0 fnt\n|faint|p2a: Cobalion\n|\n|-heal|p1a: Manaphy|196/284|[from] item: Leftovers\n|upkeep\n|\n|t:|1783552240\n|switch|p2a: Kricketune|Kricketune, L99, M|59/100\n|turn|20\n|inactive|Time left: 300 sec this turn | 300 sec total\n|\n|t:|1783552241\n|move|p2a: Kricketune|Knock Off|p1a: Manaphy\n|-damage|p1a: Manaphy|114/284\n|-enditem|p1a: Manaphy|Leftovers|[from] move: Knock Off|[of] p2a: Kricketune\n|move|p1a: Manaphy|Surf|p2a: Kricketune\n|-crit|p2a: Kricketune\n|-damage|p2a: Kricketune|0 fnt\n|faint|p2a: Kricketune\n|\n|upkeep\n|\n|t:|1783552242\n|switch|p2a: Poliwrath|Poliwrath, L88, F|100/100\n|turn|21\n|inactive|Time left: 300 sec this turn | 300 sec total\n|\n|t:|1783552243\n|move|p2a: Poliwrath|Bulk Up|p2a: Poliwrath\n|-boost|p2a: Poliwrath|atk|1\n|-boost|p2a: Poliwrath|def|1\n|move|p1a: Manaphy|Energy Ball|p2a: Poliwrath\n|-supereffective|p2a: Poliwrath\n|-crit|p2a: Poliwrath\n|-damage|p2a: Poliwrath|0 fnt\n|faint|p2a: Poliwrath\n|\n|win|p0x106336cf", "uploadtime": 1783552243, "views": 0, "rating": 0, "private": 0, "password": null, "_winner": "p0x106336cf", "_our_name": "p0x106336cf"}