{"id": "battle-gen9randombattle-2379", "formatid": "gen9randombattle", "format": "[Gen 9] Random Battle", "players": ["p0x237959d8", "p0y237944a8"], "log": "|init|battle\n|title|p0x237959d8 vs. p0y237944a8\n|j|\u2606p0x237959d8\n|j|\u2606p0y237944a8\n|t:|1783567625\n|gametype|singles\n|player|p1|p0x237959d8|101|\n|player|p2|p0y237944a8|2|\n|gen|9\n|tier|[Gen 9] Random Battle\n|rule|Species Clause: Limit one of each Pok\u00e9mon\n|rule|HP Percentage Mod: HP is shown in percentages\n|rule|Sleep Clause Mod: Limit one foe put to sleep\n|rule|Illusion Level Mod: Illusion disguises the Pok\u00e9mon's true level\n|\n|t:|1783567625\n|teamsize|p1|6\n|teamsize|p2|6\n|start\n|switch|p1a: Ursaring|Ursaring, L84, M|288/288\n|switch|p2a: Magmortar|Magmortar, L88, M|100/100\n|turn|1\n|inactive|Battle timer is ON: inactive players will automatically lose when time's up. (requested by p0x237959d8)\n|inactive|p0y237944a8 also wants the timer to be on.\n|\n|t:|1783567626\n|move|p2a: Magmortar|Fire Blast|p1a: Ursaring\n|-damage|p1a: Ursaring|159/288\n|move|p1a: Ursaring|Earthquake|p2a: Magmortar\n|-supereffective|p2a: Magmortar\n|-damage|p2a: Magmortar|21/100\n|\n|upkeep\n|turn|2\n|inactive|Time left: 300 sec this turn | 300 sec total\n|\n|t:|1783567628\n|move|p2a: Magmortar|Focus Blast|p1a: Ursaring\n|-supereffective|p1a: Ursaring\n|-damage|p1a: Ursaring|0 fnt\n|faint|p1a: Ursaring\n|\n|upkeep\n|inactive|Time left: 300 sec this turn | 300 sec total | 5 sec grace\n|\n|t:|1783567629\n|switch|p1a: Armarouge|Armarouge, L80, M|267/267\n|turn|3\n|inactive|Time left: 300 sec this turn | 300 sec total\n|\n|t:|1783567630\n|move|p2a: Magmortar|Fire Blast|p1a: Armarouge\n|-resisted|p1a: Armarouge\n|-damage|p1a: Armarouge|173/267\n|move|p1a: Armarouge|Meteor Beam||[still]\n|-prepare|p1a: Armarouge|Meteor Beam\n|-boost|p1a: Armarouge|spa|1\n|-enditem|p1a: Armarouge|Power Herb\n|-anim|p1a: Armarouge|Meteor Beam|p2a: Magmortar\n|-supereffective|p2a: Magmortar\n|-damage|p2a: Magmortar|0 fnt\n|faint|p2a: Magmortar\n|\n|upkeep\n|\n|t:|1783567631\n|switch|p2a: Vaporeon|Vaporeon, L86, F|100/100\n|turn|4\n|inactive|Time left: 300 sec this turn | 300 sec total\n|\n|t:|1783567632\n|switch|p1a: Masquerain|Masquerain, L87, F|264/264\n|-ability|p1a: Masquerain|Intimidate|boost\n|-unboost|p2a: Vaporeon|atk|1\n|move|p2a: Vaporeon|Scald|p1a: Masquerain\n|-damage|p1a: Masquerain|164/264\n|-status|p1a: Masquerain|brn\n|\n|-damage|p1a: Masquerain|148/264 brn|[from] brn\n|upkeep\n|turn|5\n|inactive|Time left: 300 sec this turn | 300 sec total\n|\n|t:|1783567633\n|move|p1a: Masquerain|Sticky Web|p2a: Vaporeon\n|-sidestart|p2: p0y237944a8|move: Sticky Web\n|move|p2a: Vaporeon|Scald|p1a: Masquerain\n|-damage|p1a: Masquerain|51/264 brn\n|\n|-damage|p1a: Masquerain|35/264 brn|[from] brn\n|upkeep\n|turn|6\n|inactive|Time left: 300 sec this turn | 300 sec total\n|\n|t:|1783567634\n|move|p1a: Masquerain|Hurricane|p2a: Vaporeon|[miss]\n|-miss|p1a: Masquerain|p2a: Vaporeon\n|move|p2a: Vaporeon|Scald|p1a: Masquerain\n|-damage|p1a: Masquerain|0 fnt\n|faint|p1a: Masquerain\n|\n|upkeep\n|inactive|Time left: 300 sec this turn | 300 sec total | 5 sec grace\n|\n|t:|1783567635\n|switch|p1a: Chesnaught|Chesnaught, L84, M|285/285\n|turn|7\n|inactive|Time left: 300 sec this turn | 300 sec total\n|\n|t:|1783567636\n|move|p2a: Vaporeon|Scald|p1a: Chesnaught\n|-resisted|p1a: Chesnaught\n|-damage|p1a: Chesnaught|229/285\n|move|p1a: Chesnaught|Wood Hammer|p2a: Vaporeon\n|-supereffective|p2a: Vaporeon\n|-damage|p2a: Vaporeon|6/100\n|-damage|p1a: Chesnaught|115/285|[from] Recoil\n|\n|-heal|p2a: Vaporeon|12/100|[from] item: Leftovers\n|upkeep\n|turn|8\n|inactive|Time left: 300 sec this turn | 300 sec total\n|\n|t:|1783567637\n|move|p2a: Vaporeon|Scald|p1a: Chesnaught\n|-resisted|p1a: Chesnaught\n|-damage|p1a: Chesnaught|58/285\n|-status|p1a: Chesnaught|brn\n|move|p1a: Chesnaught|Synthesis|p1a: Chesnaught\n|-heal|p1a: Chesnaught|200/285 brn\n|\n|-heal|p2a: Vaporeon|18/100|[from] item: Leftovers\n|-damage|p1a: Chesnaught|183/285 brn|[from] brn\n|upkeep\n|turn|9\n|inactive|Time left: 300 sec this turn | 300 sec total\n|\n|t:|1783567638\n|switch|p2a: Shaymin|Shaymin-Sky, L73|100/100\n|move|p1a: Chesnaught|Knock Off|p2a: Shaymin\n|-damage|p2a: Shaymin|82/100\n|-enditem|p2a: Shaymin|Leftovers|[from] move: Knock Off|[of] p1a: Chesnaught\n|\n|-damage|p1a: Chesnaught|166/285 brn|[from] brn\n|upkeep\n|turn|10\n|inactive|Time left: 300 sec this turn | 300 sec total\n|\n|t:|1783567639\n|move|p2a: Shaymin|Seed Flare|p1a: Chesnaught\n|-resisted|p1a: Chesnaught\n|-damage|p1a: Chesnaught|103/285 brn\n|move|p1a: Chesnaught|Synthesis|p1a: Chesnaught\n|-heal|p1a: Chesnaught|245/285 brn\n|\n|-damage|p1a: Chesnaught|228/285 brn|[from] brn\n|upkeep\n|turn|11\n|inactive|Time left: 300 sec this turn | 300 sec total\n|\n|t:|1783567640\n|move|p2a: Shaymin|Seed Flare|p1a: Chesnaught\n|-resisted|p1a: Chesnaught\n|-damage|p1a: Chesnaught|158/285 brn\n|-unboost|p1a: Chesnaught|spd|2\n|move|p1a: Chesnaught|Wood Hammer|p2a: Shaymin\n|-resisted|p2a: Shaymin\n|-damage|p2a: Shaymin|74/100\n|-damage|p1a: Chesnaught|150/285 brn|[from] Recoil\n|\n|-damage|p1a: Chesnaught|133/285 brn|[from] brn\n|upkeep\n|turn|12\n|inactive|Time left: 300 sec this turn | 300 sec total\n|\n|t:|1783567641\n|move|p2a: Shaymin|Seed Flare|p1a: Chesnaught\n|-resisted|p1a: Chesnaught\n|-damage|p1a: Chesnaught|11/285 brn\n|-unboost|p1a: Chesnaught|spd|2\n|move|p1a: Chesnaught|Synthesis|p1a: Chesnaught\n|-heal|p1a: Chesnaught|153/285 brn\n|\n|-damage|p1a: Chesnaught|136/285 brn|[from] brn\n|upkeep\n|turn|13\n|inactive|Time left: 300 sec this turn | 300 sec total\n|\n|t:|1783567642\n|move|p2a: Shaymin|Seed Flare|p1a: Chesnaught\n|-resisted|p1a: Chesnaught\n|-damage|p1a: Chesnaught|0 fnt\n|faint|p1a: Chesnaught\n|\n|upkeep\n|inactive|Time left: 300 sec this turn | 300 sec total | 5 sec grace\n|\n|t:|1783567643\n|switch|p1a: Diancie|Diancie, L82|216/216\n|turn|14\n|inactive|Time left: 300 sec this turn | 300 sec total\n|\n|t:|1783567643\n|move|p2a: Shaymin|Seed Flare|p1a: Diancie\n|-supereffective|p1a: Diancie\n|-damage|p1a: Diancie|52/216\n|move|p1a: Diancie|Diamond Storm|p2a: Shaymin\n|-supereffective|p2a: Shaymin\n|-crit|p2a: Shaymin\n|-damage|p2a: Shaymin|0 fnt\n|faint|p2a: Shaymin\n|\n|-heal|p1a: Diancie|65/216|[from] item: Leftovers\n|upkeep\n|\n|t:|1783567644\n|switch|p2a: Excadrill|Excadrill, L79, F|100/100\n|-activate|p2a: Excadrill|move: Sticky Web\n|-unboost|p2a: Excadrill|spe|1\n|-ability|p2a: Excadrill|Mold Breaker\n|turn|15\n|inactive|Time left: 300 sec this turn | 300 sec total\n|\n|t:|1783567645\n|-terastallize|p1a: Diancie|Fighting\n|move|p1a: Diancie|Body Press|p2a: Excadrill\n|-supereffective|p2a: Excadrill\n|-damage|p2a: Excadrill|0 fnt\n|faint|p2a: Excadrill\n|\n|-heal|p1a: Diancie|78/216|[from] item: Leftovers\n|upkeep\n|\n|t:|1783567646\n|switch|p2a: Zapdos|Zapdos, L78|100/100\n|turn|16\n|inactive|Time left: 300 sec this turn | 300 sec total\n|\n|t:|1783567647\n|move|p2a: Zapdos|Hurricane|p1a: Diancie\n|-supereffective|p1a: Diancie\n|-damage|p1a: Diancie|0 fnt\n|faint|p1a: Diancie\n|\n|upkeep\n|inactive|Time left: 300 sec this turn | 300 sec total | 5 sec grace\n|\n|t:|1783567648\n|switch|p1a: Armarouge|Armarouge, L80, M|173/267\n|turn|17\n|inactive|Time left: 300 sec this turn | 300 sec total\n|\n|t:|1783567649\n|move|p2a: Zapdos|Thunderbolt|p1a: Armarouge\n|-damage|p1a: Armarouge|56/267\n|move|p1a: Armarouge|Armor Cannon|p2a: Zapdos\n|-damage|p2a: Zapdos|47/100\n|-unboost|p1a: Armarouge|def|1\n|-unboost|p1a: Armarouge|spd|1\n|\n|upkeep\n|turn|18\n|inactive|Time left: 300 sec this turn | 300 sec total\n|\n|t:|1783567650\n|move|p2a: Zapdos|Thunderbolt|p1a: Armarouge\n|-damage|p1a: Armarouge|0 fnt\n|faint|p1a: Armarouge\n|\n|upkeep\n|inactive|Time left: 300 sec this turn | 300 sec total | 5 sec grace\n|\n|t:|1783567651\n|switch|p1a: Orthworm|Orthworm, L88, F|266/266\n|turn|19\n|inactive|Time left: 300 sec this turn | 300 sec total\n|\n|t:|1783567652\n|move|p2a: Zapdos|Heat Wave|p1a: Orthworm\n|-supereffective|p1a: Orthworm\n|-damage|p1a: Orthworm|90/266\n|move|p1a: Orthworm|Heavy Slam|p2a: Zapdos\n|-resisted|p2a: Zapdos\n|-damage|p2a: Zapdos|23/100\n|\n|-heal|p1a: Orthworm|106/266|[from] item: Leftovers\n|upkeep\n|turn|20\n|inactive|Time left: 300 sec this turn | 300 sec total\n|\n|t:|1783567653\n|move|p2a: Zapdos|Thunderbolt|p1a: Orthworm\n|-damage|p1a: Orthworm|0 fnt\n|faint|p1a: Orthworm\n|\n|win|p0y237944a8", "uploadtime": 1783567653, "views": 0, "rating": 0, "private": 0, "password": null, "_winner": "p0y237944a8", "_our_name": "p0x237959d8"}