{"id": "battle-gen9randombattle-1129", "formatid": "gen9randombattle", "format": "[Gen 9] Random Battle", "players": ["p0x11293280", "p0y11292fef"], "log": "|init|battle\n|title|p0x11293280 vs. p0y11292fef\n|j|\u2606p0x11293280\n|j|\u2606p0y11292fef\n|t:|1783552235\n|gametype|singles\n|player|p1|p0x11293280|169|\n|player|p2|p0y11292fef|266|\n|gen|9\n|tier|[Gen 9] Random Battle\n|rule|Species Clause: Limit one of each Pok\u00e9mon\n|rule|HP Percentage Mod: HP is shown in percentages\n|rule|Sleep Clause Mod: Limit one foe put to sleep\n|rule|Illusion Level Mod: Illusion disguises the Pok\u00e9mon's true level\n|\n|t:|1783552235\n|teamsize|p1|6\n|teamsize|p2|6\n|start\n|switch|p1a: Chimecho|Chimecho, L93, F|100/100\n|switch|p2a: Meganium|Meganium, L90, F|290/290\n|turn|1\n|inactive|Battle timer is ON: inactive players will automatically lose when time's up. (requested by p0y11292fef)\n|inactive|p0x11293280 also wants the timer to be on.\n|\n|t:|1783552236\n|move|p2a: Meganium|Swords Dance|p2a: Meganium\n|-boost|p2a: Meganium|atk|2\n|move|p1a: Chimecho|Calm Mind|p1a: Chimecho\n|-boost|p1a: Chimecho|spa|1\n|-boost|p1a: Chimecho|spd|1\n|\n|upkeep\n|turn|2\n|inactive|Time left: 300 sec this turn | 300 sec total\n|\n|t:|1783552238\n|-terastallize|p1a: Chimecho|Fairy\n|move|p2a: Meganium|Knock Off|p1a: Chimecho\n|-resisted|p1a: Chimecho\n|-damage|p1a: Chimecho|75/100\n|-enditem|p1a: Chimecho|Leftovers|[from] move: Knock Off|[of] p2a: Meganium\n|move|p1a: Chimecho|Dazzling Gleam|p2a: Meganium\n|-damage|p2a: Meganium|152/290\n|\n|-heal|p2a: Meganium|170/290|[from] item: Leftovers\n|upkeep\n|turn|3\n|inactive|Time left: 300 sec this turn | 300 sec total\n|\n|t:|1783552239\n|switch|p1a: Shiftry|Shiftry, L89, M|100/100\n|move|p2a: Meganium|Petal Blizzard|p1a: Shiftry\n|-ability|p1a: Shiftry|Wind Rider|boost\n|-boost|p1a: Shiftry|atk|1\n|\n|-heal|p2a: Meganium|188/290|[from] item: Leftovers\n|upkeep\n|turn|4\n|inactive|Time left: 300 sec this turn | 300 sec total\n|\n|t:|1783552240\n|move|p2a: Meganium|Knock Off|p1a: Shiftry\n|-resisted|p1a: Shiftry\n|-damage|p1a: Shiftry|72/100\n|-enditem|p1a: Shiftry|Life Orb|[from] move: Knock Off|[of] p2a: Meganium\n|move|p1a: Shiftry|Knock Off|p2a: Meganium\n|-damage|p2a: Meganium|38/290\n|-enditem|p2a: Meganium|Leftovers|[from] move: Knock Off|[of] p1a: Shiftry\n|\n|upkeep\n|turn|5\n|inactive|Time left: 300 sec this turn | 300 sec total\n|\n|t:|1783552242\n|move|p2a: Meganium|Earthquake|p1a: Shiftry\n|-resisted|p1a: Shiftry\n|-damage|p1a: Shiftry|42/100\n|move|p1a: Shiftry|Leaf Blade|p2a: Meganium\n|-resisted|p2a: Meganium\n|-crit|p2a: Meganium\n|-damage|p2a: Meganium|0 fnt\n|faint|p2a: Meganium\n|\n|upkeep\n|inactive|Time left: 300 sec this turn | 300 sec total | 5 sec grace\n|\n|t:|1783552243\n|switch|p2a: Yanmega|Yanmega, L82, F|275/275\n|turn|6\n|inactive|Time left: 300 sec this turn | 300 sec total\n|\n|t:|1783552244\n|switch|p1a: Chimecho|Chimecho, L93, F, tera:Fairy|75/100\n|move|p2a: Yanmega|Bug Buzz|p1a: Chimecho\n|-resisted|p1a: Chimecho\n|-damage|p1a: Chimecho|30/100\n|\n|upkeep\n|turn|7\n|inactive|Time left: 300 sec this turn | 300 sec total\n|\n|t:|1783552245\n|move|p2a: Yanmega|Bug Buzz|p1a: Chimecho\n|-resisted|p1a: Chimecho\n|-damage|p1a: Chimecho|0 fnt\n|faint|p1a: Chimecho\n|\n|upkeep\n|\n|t:|1783552246\n|switch|p1a: Blissey|Blissey, L85, F|100/100\n|turn|8\n|inactive|Time left: 300 sec this turn | 300 sec total\n|\n|t:|1783552248\n|move|p2a: Yanmega|Bug Buzz|p1a: Blissey\n|-damage|p1a: Blissey|80/100\n|move|p1a: Blissey|Seismic Toss|p2a: Yanmega\n|-damage|p2a: Yanmega|190/275\n|\n|-heal|p1a: Blissey|86/100|[from] item: Leftovers\n|upkeep\n|turn|9\n|inactive|Time left: 300 sec this turn | 300 sec total\n|\n|t:|1783552249\n|move|p2a: Yanmega|Bug Buzz|p1a: Blissey\n|-damage|p1a: Blissey|65/100\n|move|p1a: Blissey|Seismic Toss|p2a: Yanmega\n|-damage|p2a: Yanmega|105/275\n|\n|-heal|p1a: Blissey|71/100|[from] item: Leftovers\n|upkeep\n|turn|10\n|inactive|Time left: 300 sec this turn | 300 sec total\n|\n|t:|1783552250\n|switch|p2a: Regidrago|Regidrago, L77|435/435\n|move|p1a: Blissey|Seismic Toss|p2a: Regidrago\n|-damage|p2a: Regidrago|350/435\n|\n|-heal|p1a: Blissey|78/100|[from] item: Leftovers\n|upkeep\n|turn|11\n|inactive|Time left: 300 sec this turn | 300 sec total\n|\n|t:|1783552251\n|switch|p1a: Overqwil|Overqwil, L82, F|100/100\n|-ability|p1a: Overqwil|Intimidate|boost\n|-unboost|p2a: Regidrago|atk|1\n|move|p2a: Regidrago|Outrage|p1a: Overqwil\n|-damage|p1a: Overqwil|65/100\n|\n|upkeep\n|turn|12\n|inactive|Time left: 300 sec this turn | 300 sec total\n|\n|t:|1783552252\n|move|p2a: Regidrago|Outrage|p1a: Overqwil|[from] lockedmove\n|-damage|p1a: Overqwil|26/100\n|-start|p2a: Regidrago|confusion|[fatigue]\n|move|p1a: Overqwil|Scale Shot|p2a: Regidrago\n|-supereffective|p2a: Regidrago\n|-damage|p2a: Regidrago|282/435\n|-supereffective|p2a: Regidrago\n|-damage|p2a: Regidrago|224/435\n|-supereffective|p2a: Regidrago\n|-damage|p2a: Regidrago|162/435\n|-supereffective|p2a: Regidrago\n|-damage|p2a: Regidrago|98/435\n|-hitcount|p2a: Regidrago|4\n|-unboost|p1a: Overqwil|def|1\n|-boost|p1a: Overqwil|spe|1\n|\n|upkeep\n|turn|13\n|inactive|Time left: 300 sec this turn | 300 sec total\n|\n|t:|1783552253\n|switch|p2a: Tinkaton|Tinkaton, L82, F|274/274\n|-ability|p2a: Tinkaton|Mold Breaker\n|move|p1a: Overqwil|Gunk Shot|p2a: Tinkaton\n|-immune|p2a: Tinkaton\n|\n|upkeep\n|turn|14\n|inactive|Time left: 300 sec this turn | 300 sec total\n|\n|t:|1783552254\n|switch|p1a: Gogoat|Gogoat, L88, F|100/100\n|move|p2a: Tinkaton|Swords Dance|p2a: Tinkaton\n|-boost|p2a: Tinkaton|atk|2\n|\n|upkeep\n|turn|15\n|inactive|Time left: 300 sec this turn | 300 sec total\n|\n|t:|1783552255\n|switch|p1a: Overqwil|Overqwil, L82, F|26/100\n|-ability|p1a: Overqwil|Intimidate|boost\n|-unboost|p2a: Tinkaton|atk|1\n|move|p2a: Tinkaton|Gigaton Hammer|p1a: Overqwil\n|-damage|p1a: Overqwil|0 fnt\n|faint|p1a: Overqwil\n|\n|upkeep\n|\n|t:|1783552256\n|switch|p1a: Gogoat|Gogoat, L88, F|100/100\n|turn|16\n|inactive|Time left: 300 sec this turn | 300 sec total\n|\n|t:|1783552256\n|move|p2a: Tinkaton|Swords Dance|p2a: Tinkaton\n|-boost|p2a: Tinkaton|atk|2\n|move|p1a: Gogoat|Bulk Up|p1a: Gogoat\n|-boost|p1a: Gogoat|atk|1\n|-boost|p1a: Gogoat|def|1\n|\n|upkeep\n|turn|17\n|inactive|Time left: 300 sec this turn | 300 sec total\n|\n|t:|1783552257\n|-terastallize|p2a: Tinkaton|Steel\n|move|p2a: Tinkaton|Gigaton Hammer|p1a: Gogoat\n|-damage|p1a: Gogoat|0 fnt\n|faint|p1a: Gogoat\n|\n|upkeep\n|\n|t:|1783552258\n|switch|p1a: Klawf|Klawf, L90, F|100/100\n|turn|18\n|inactive|Time left: 300 sec this turn | 300 sec total\n|\n|t:|1783552259\n|move|p2a: Tinkaton|Play Rough|p1a: Klawf\n|-damage|p1a: Klawf|46/100\n|-ability|p1a: Klawf|Anger Shell|boost\n|-boost|p1a: Klawf|atk|1\n|-boost|p1a: Klawf|spa|1\n|-boost|p1a: Klawf|spe|1\n|-unboost|p1a: Klawf|def|1\n|-unboost|p1a: Klawf|spd|1\n|move|p1a: Klawf|Knock Off|p2a: Tinkaton\n|-damage|p2a: Tinkaton|131/274\n|-enditem|p2a: Tinkaton|Leftovers|[from] move: Knock Off|[of] p1a: Klawf\n|\n|upkeep\n|turn|19\n|inactive|Time left: 300 sec this turn | 300 sec total\n|\n|t:|1783552260\n|move|p1a: Klawf|Crabhammer|p2a: Tinkaton\n|-damage|p2a: Tinkaton|0 fnt\n|faint|p2a: Tinkaton\n|\n|upkeep\n|inactive|Time left: 300 sec this turn | 300 sec total | 5 sec grace\n|\n|t:|1783552261\n|switch|p2a: Regirock|Regirock, L83|268/268\n|turn|20\n|inactive|Time left: 300 sec this turn | 300 sec total\n|\n|t:|1783552262\n|move|p1a: Klawf|Crabhammer|p2a: Regirock\n|-supereffective|p2a: Regirock\n|-damage|p2a: Regirock|122/268\n|move|p2a: Regirock|Body Press|p1a: Klawf\n|-supereffective|p1a: Klawf\n|-damage|p1a: Klawf|0 fnt\n|faint|p1a: Klawf\n|\n|upkeep\n|\n|t:|1783552263\n|switch|p1a: Shiftry|Shiftry, L89, M|42/100\n|turn|21\n|inactive|Time left: 300 sec this turn | 300 sec total\n|\n|t:|1783552264\n|move|p1a: Shiftry|Leaf Blade|p2a: Regirock\n|-supereffective|p2a: Regirock\n|-damage|p2a: Regirock|8/268\n|move|p2a: Regirock|Body Press|p1a: Shiftry\n|-supereffective|p1a: Shiftry\n|-damage|p1a: Shiftry|0 fnt\n|faint|p1a: Shiftry\n|\n|upkeep\n|\n|t:|1783552265\n|switch|p1a: Blissey|Blissey, L85, F|78/100\n|turn|22\n|inactive|Time left: 300 sec this turn | 300 sec total\n|\n|t:|1783552266\n|move|p1a: Blissey|Thunder Wave|p2a: Regirock\n|-status|p2a: Regirock|par\n|move|p2a: Regirock|Body Press|p1a: Blissey\n|-supereffective|p1a: Blissey\n|-damage|p1a: Blissey|0 fnt\n|faint|p1a: Blissey\n|\n|win|p0y11292fef", "uploadtime": 1783552266, "views": 0, "rating": 0, "private": 0, "password": null, "_winner": "p0y11292fef", "_our_name": "p0y11292fef"}