{"id": "battle-gen9randombattle-2012", "formatid": "gen9randombattle", "format": "[Gen 9] Random Battle", "players": ["p0x2012d006", "p0y20123260"], "log": "|init|battle\n|title|p0x2012d006 vs. p0y20123260\n|j|\u2606p0x2012d006\n|j|\u2606p0y20123260\n|t:|1783562553\n|gametype|singles\n|player|p1|p0x2012d006|1|\n|player|p2|p0y20123260|170|\n|gen|9\n|tier|[Gen 9] Random Battle\n|rule|Species Clause: Limit one of each Pok\u00e9mon\n|rule|HP Percentage Mod: HP is shown in percentages\n|rule|Sleep Clause Mod: Limit one foe put to sleep\n|rule|Illusion Level Mod: Illusion disguises the Pok\u00e9mon's true level\n|\n|t:|1783562553\n|teamsize|p1|6\n|teamsize|p2|6\n|start\n|switch|p1a: Dudunsparce|Dudunsparce-Three-Segment, L83, M|100/100\n|switch|p2a: Enamorus|Enamorus, L79, F|247/247\n|turn|1\n|inactive|Battle timer is ON: inactive players will automatically lose when time's up. (requested by p0y20123260)\n|inactive|p0x2012d006 also wants the timer to be on.\n|\n|t:|1783562554\n|move|p2a: Enamorus|Superpower|p1a: Dudunsparce\n|-supereffective|p1a: Dudunsparce\n|-damage|p1a: Dudunsparce|43/100\n|-boost|p2a: Enamorus|atk|1\n|-boost|p2a: Enamorus|def|1\n|move|p1a: Dudunsparce|Glare|p2a: Enamorus\n|-status|p2a: Enamorus|par\n|\n|-heal|p1a: Dudunsparce|49/100|[from] item: Leftovers\n|upkeep\n|turn|2\n|inactive|Time left: 300 sec this turn | 300 sec total\n|\n|t:|1783562555\n|move|p1a: Dudunsparce|Headbutt|p2a: Enamorus\n|-damage|p2a: Enamorus|186/247 par\n|move|p2a: Enamorus|Superpower|p1a: Dudunsparce\n|-supereffective|p1a: Dudunsparce\n|-damage|p1a: Dudunsparce|0 fnt\n|-boost|p2a: Enamorus|atk|1\n|-boost|p2a: Enamorus|def|1\n|faint|p1a: Dudunsparce\n|\n|upkeep\n|\n|t:|1783562556\n|switch|p1a: Ursaluna|Ursaluna-Bloodmoon, L79, M|100/100\n|turn|3\n|inactive|Time left: 300 sec this turn | 300 sec total\n|\n|t:|1783562557\n|move|p1a: Ursaluna|Blood Moon|p2a: Enamorus\n|-damage|p2a: Enamorus|8/247 par\n|move|p2a: Enamorus|Superpower|p1a: Ursaluna\n|-supereffective|p1a: Ursaluna\n|-damage|p1a: Ursaluna|10/100\n|-boost|p2a: Enamorus|atk|1\n|-boost|p2a: Enamorus|def|1\n|\n|-heal|p1a: Ursaluna|16/100|[from] item: Leftovers\n|upkeep\n|turn|4\n|inactive|Time left: 300 sec this turn | 300 sec total\n|\n|t:|1783562558\n|switch|p1a: Mimikyu|Mimikyu, L79, M|100/100\n|move|p2a: Enamorus|Superpower|p1a: Mimikyu\n|-immune|p1a: Mimikyu\n|\n|upkeep\n|turn|5\n|inactive|Time left: 300 sec this turn | 300 sec total\n|\n|t:|1783562559\n|move|p1a: Mimikyu|Shadow Sneak|p2a: Enamorus\n|-damage|p2a: Enamorus|0 fnt\n|faint|p2a: Enamorus\n|-damage|p1a: Mimikyu|91/100|[from] item: Life Orb\n|\n|upkeep\n|inactive|Time left: 300 sec this turn | 300 sec total | 5 sec grace\n|\n|t:|1783562560\n|switch|p2a: Magcargo|Magcargo, L95, M|268/268\n|turn|6\n|inactive|Time left: 300 sec this turn | 300 sec total\n|\n|t:|1783562561\n|move|p1a: Mimikyu|Swords Dance|p1a: Mimikyu\n|-boost|p1a: Mimikyu|atk|2\n|move|p2a: Magcargo|Shell Smash|p2a: Magcargo\n|-unboost|p2a: Magcargo|def|1\n|-unboost|p2a: Magcargo|spd|1\n|-boost|p2a: Magcargo|atk|2\n|-boost|p2a: Magcargo|spa|2\n|-boost|p2a: Magcargo|spe|2\n|\n|upkeep\n|turn|7\n|inactive|Time left: 300 sec this turn | 300 sec total\n|\n|t:|1783562562\n|-terastallize|p1a: Mimikyu|Fighting\n|move|p2a: Magcargo|Fire Blast|p1a: Mimikyu\n|-activate|p1a: Mimikyu|ability: Disguise\n|-damage|p1a: Mimikyu|91/100\n|detailschange|p1a: Mimikyu|Mimikyu-Busted, L79, M, tera:Fighting\n|-damage|p1a: Mimikyu|78/100|[from] pokemon: Mimikyu-Busted\n|move|p1a: Mimikyu|Drain Punch|p2a: Magcargo\n|-supereffective|p2a: Magcargo\n|-damage|p2a: Magcargo|0 fnt\n|-heal|p1a: Mimikyu|100/100|[from] drain|[of] p2a: Magcargo\n|faint|p2a: Magcargo\n|-damage|p1a: Mimikyu|91/100|[from] item: Life Orb\n|\n|upkeep\n|inactive|Time left: 300 sec this turn | 300 sec total | 5 sec grace\n|\n|t:|1783562563\n|switch|p2a: Yanmega|Yanmega, L82, M|275/275\n|turn|8\n|inactive|Time left: 300 sec this turn | 300 sec total\n|\n|t:|1783562564\n|move|p2a: Yanmega|Air Slash|p1a: Mimikyu\n|-supereffective|p1a: Mimikyu\n|-damage|p1a: Mimikyu|0 fnt\n|faint|p1a: Mimikyu\n|\n|upkeep\n|\n|t:|1783562565\n|switch|p1a: Milotic|Milotic, L83, M|100/100\n|turn|9\n|inactive|Time left: 300 sec this turn | 300 sec total\n|\n|t:|1783562566\n|move|p2a: Yanmega|Air Slash|p1a: Milotic\n|-damage|p1a: Milotic|67/100\n|move|p1a: Milotic|Ice Beam|p2a: Yanmega\n|-supereffective|p2a: Yanmega\n|-damage|p2a: Yanmega|99/275\n|\n|-heal|p1a: Milotic|74/100|[from] item: Leftovers\n|upkeep\n|turn|10\n|inactive|Time left: 300 sec this turn | 300 sec total\n|\n|t:|1783562567\n|move|p2a: Yanmega|Air Slash|p1a: Milotic\n|-damage|p1a: Milotic|39/100\n|cant|p1a: Milotic|flinch\n|\n|-heal|p1a: Milotic|45/100|[from] item: Leftovers\n|upkeep\n|turn|11\n|inactive|Time left: 300 sec this turn | 300 sec total\n|\n|t:|1783562568\n|move|p2a: Yanmega|Air Slash|p1a: Milotic|[miss]\n|-miss|p2a: Yanmega|p1a: Milotic\n|move|p1a: Milotic|Ice Beam|p2a: Yanmega\n|-supereffective|p2a: Yanmega\n|-damage|p2a: Yanmega|0 fnt\n|faint|p2a: Yanmega\n|\n|-heal|p1a: Milotic|51/100|[from] item: Leftovers\n|upkeep\n|inactive|Time left: 300 sec this turn | 300 sec total | 5 sec grace\n|\n|t:|1783562569\n|switch|p2a: Rotom|Rotom, L88|231/231\n|turn|12\n|inactive|Time left: 300 sec this turn | 300 sec total\n|\n|t:|1783562570\n|switch|p1a: Ursaluna|Ursaluna-Bloodmoon, L79, M|16/100\n|move|p2a: Rotom|Thunderbolt|p1a: Ursaluna\n|-immune|p1a: Ursaluna\n|\n|-heal|p1a: Ursaluna|23/100|[from] item: Leftovers\n|upkeep\n|turn|13\n|inactive|Time left: 300 sec this turn | 300 sec total\n|\n|t:|1783562571\n|switch|p2a: Hydrapple|Hydrapple, L83, F|312/312\n|move|p1a: Ursaluna|Moonlight|p1a: Ursaluna\n|-heal|p1a: Ursaluna|73/100\n|\n|-heal|p1a: Ursaluna|79/100|[from] item: Leftovers\n|upkeep\n|turn|14\n|inactive|Time left: 300 sec this turn | 300 sec total\n|\n|t:|1783562572\n|move|p1a: Ursaluna|Calm Mind|p1a: Ursaluna\n|-boost|p1a: Ursaluna|spa|1\n|-boost|p1a: Ursaluna|spd|1\n|move|p2a: Hydrapple|Fickle Beam|p1a: Ursaluna|[anim] Fickle Beam All Out\n|-activate|p2a: Hydrapple|move: Fickle Beam\n|-crit|p1a: Ursaluna\n|-damage|p1a: Ursaluna|0 fnt\n|faint|p1a: Ursaluna\n|\n|upkeep\n|\n|t:|1783562573\n|switch|p1a: Milotic|Milotic, L83, M|51/100\n|turn|15\n|inactive|Time left: 300 sec this turn | 300 sec total\n|\n|t:|1783562574\n|-terastallize|p2a: Hydrapple|Dragon\n|move|p1a: Milotic|Ice Beam|p2a: Hydrapple\n|-supereffective|p2a: Hydrapple\n|-damage|p2a: Hydrapple|168/312\n|move|p2a: Hydrapple|Fickle Beam|p1a: Milotic\n|-damage|p1a: Milotic|0 fnt\n|faint|p1a: Milotic\n|\n|upkeep\n|\n|t:|1783562575\n|switch|p1a: Sinistcha|Sinistcha, L83|100/100\n|turn|16\n|inactive|Time left: 300 sec this turn | 300 sec total\n|\n|t:|1783562576\n|move|p1a: Sinistcha|Calm Mind|p1a: Sinistcha\n|-boost|p1a: Sinistcha|spa|1\n|-boost|p1a: Sinistcha|spd|1\n|move|p2a: Hydrapple|Fickle Beam|p1a: Sinistcha\n|-damage|p1a: Sinistcha|47/100\n|\n|-heal|p1a: Sinistcha|53/100|[from] item: Leftovers\n|upkeep\n|turn|17\n|inactive|Time left: 300 sec this turn | 300 sec total\n|\n|t:|1783562577\n|move|p1a: Sinistcha|Calm Mind|p1a: Sinistcha\n|-boost|p1a: Sinistcha|spa|1\n|-boost|p1a: Sinistcha|spd|1\n|move|p2a: Hydrapple|Fickle Beam|p1a: Sinistcha\n|-damage|p1a: Sinistcha|8/100\n|\n|-heal|p1a: Sinistcha|14/100|[from] item: Leftovers\n|upkeep\n|turn|18\n|inactive|Time left: 300 sec this turn | 300 sec total\n|\n|t:|1783562578\n|move|p1a: Sinistcha|Strength Sap|p2a: Hydrapple\n|-unboost|p2a: Hydrapple|atk|1\n|-heal|p1a: Sinistcha|68/100\n|move|p2a: Hydrapple|Fickle Beam|p1a: Sinistcha\n|-damage|p1a: Sinistcha|27/100\n|\n|-heal|p1a: Sinistcha|33/100|[from] item: Leftovers\n|upkeep\n|turn|19\n|inactive|Time left: 300 sec this turn | 300 sec total\n|\n|t:|1783562579\n|move|p1a: Sinistcha|Strength Sap|p2a: Hydrapple\n|-unboost|p2a: Hydrapple|atk|1\n|-heal|p1a: Sinistcha|69/100\n|move|p2a: Hydrapple|Fickle Beam|p1a: Sinistcha|[anim] Fickle Beam All Out\n|-activate|p2a: Hydrapple|move: Fickle Beam\n|-damage|p1a: Sinistcha|0 fnt\n|faint|p1a: Sinistcha\n|\n|upkeep\n|\n|t:|1783562580\n|switch|p1a: Quagsire|Quagsire, L84, F|100/100\n|turn|20\n|inactive|Time left: 300 sec this turn | 300 sec total\n|\n|t:|1783562581\n|move|p2a: Hydrapple|Fickle Beam|p1a: Quagsire\n|-damage|p1a: Quagsire|22/100\n|move|p1a: Quagsire|Toxic|p2a: Hydrapple\n|-status|p2a: Hydrapple|tox\n|\n|-heal|p1a: Quagsire|28/100|[from] item: Leftovers\n|-damage|p2a: Hydrapple|149/312 tox|[from] psn\n|upkeep\n|turn|21\n|inactive|Time left: 300 sec this turn | 300 sec total\n|\n|t:|1783562581\n|move|p2a: Hydrapple|Fickle Beam|p1a: Quagsire|[anim] Fickle Beam All Out\n|-activate|p2a: Hydrapple|move: Fickle Beam\n|-damage|p1a: Quagsire|0 fnt\n|faint|p1a: Quagsire\n|\n|win|p0y20123260", "uploadtime": 1783562581, "views": 0, "rating": 0, "private": 0, "password": null, "_winner": "p0y20123260", "_our_name": "p0y20123260"}