{"id": "battle-gen9randombattle-323", "formatid": "gen9randombattle", "format": "[Gen 9] Random Battle", "players": ["p0x32349b7", "p0y32387ef"], "log": "|init|battle\n|title|p0x32349b7 vs. p0y32387ef\n|j|\u2606p0x32349b7\n|j|\u2606p0y32387ef\n|t:|1783543366\n|gametype|singles\n|player|p1|p0x32349b7|1|\n|player|p2|p0y32387ef|102|\n|gen|9\n|tier|[Gen 9] Random Battle\n|rule|Species Clause: Limit one of each Pok\u00e9mon\n|rule|HP Percentage Mod: HP is shown in percentages\n|rule|Sleep Clause Mod: Limit one foe put to sleep\n|rule|Illusion Level Mod: Illusion disguises the Pok\u00e9mon's true level\n|\n|t:|1783543366\n|teamsize|p1|6\n|teamsize|p2|6\n|start\n|switch|p1a: Golduck|Golduck, L90, F|290/290\n|switch|p2a: Cyclizar|Cyclizar, L84, M|100/100\n|-ability|p1a: Golduck|Cloud Nine\n|turn|1\n|inactive|Battle timer is ON: inactive players will automatically lose when time's up. (requested by p0x32349b7)\n|inactive|p0y32387ef also wants the timer to be on.\n|\n|t:|1783543367\n|move|p2a: Cyclizar|Shed Tail|p2a: Cyclizar\n|-start|p2a: Cyclizar|Substitute|[from] move: Shed Tail\n|-damage|p2a: Cyclizar|50/100\n|\n|t:|1783543368\n|switch|p2a: Toxtricity|Toxtricity, L82, F|100/100|[from] Shed Tail\n|move|p1a: Golduck|Ice Beam|p2a: Toxtricity\n|-end|p2a: Toxtricity|Substitute\n|\n|upkeep\n|turn|2\n|inactive|Time left: 300 sec this turn | 300 sec total\n|\n|t:|1783543369\n|move|p1a: Golduck|Ice Beam|p2a: Toxtricity\n|-damage|p2a: Toxtricity|67/100\n|move|p2a: Toxtricity|Overdrive|p1a: Golduck\n|-supereffective|p1a: Golduck\n|-damage|p1a: Golduck|0 fnt\n|faint|p1a: Golduck\n|\n|upkeep\n|inactive|Time left: 300 sec this turn | 300 sec total | 5 sec grace\n|\n|t:|1783543370\n|switch|p1a: Arceus|Arceus-Fire, L72|291/291\n|turn|3\n|inactive|Time left: 300 sec this turn | 300 sec total\n|\n|t:|1783543371\n|move|p1a: Arceus|Swords Dance|p1a: Arceus\n|-boost|p1a: Arceus|atk|2\n|move|p2a: Toxtricity|Overdrive|p1a: Arceus\n|-damage|p1a: Arceus|116/291\n|\n|upkeep\n|turn|4\n|inactive|Time left: 300 sec this turn | 300 sec total\n|\n|t:|1783543372\n|switch|p2a: Dewgong|Dewgong, L94, F|100/100\n|move|p1a: Arceus|Flare Blitz|p2a: Dewgong\n|-damage|p2a: Dewgong|60/100\n|-status|p2a: Dewgong|brn\n|-damage|p1a: Arceus|73/291|[from] Recoil\n|\n|-damage|p2a: Dewgong|54/100 brn|[from] brn\n|upkeep\n|turn|5\n|inactive|Time left: 300 sec this turn | 300 sec total\n|\n|t:|1783543373\n|move|p1a: Arceus|Recover|p1a: Arceus\n|-heal|p1a: Arceus|219/291\n|move|p2a: Dewgong|Surf|p1a: Arceus\n|-supereffective|p1a: Arceus\n|-damage|p1a: Arceus|37/291\n|\n|-damage|p2a: Dewgong|48/100 brn|[from] brn\n|upkeep\n|turn|6\n|inactive|Time left: 300 sec this turn | 300 sec total\n|\n|t:|1783543374\n|move|p1a: Arceus|Recover|p1a: Arceus\n|-heal|p1a: Arceus|183/291\n|move|p2a: Dewgong|Surf|p1a: Arceus\n|-supereffective|p1a: Arceus\n|-damage|p1a: Arceus|25/291\n|\n|-damage|p2a: Dewgong|41/100 brn|[from] brn\n|upkeep\n|turn|7\n|inactive|Time left: 300 sec this turn | 300 sec total\n|\n|t:|1783543374\n|move|p1a: Arceus|Recover|p1a: Arceus\n|-heal|p1a: Arceus|171/291\n|move|p2a: Dewgong|Surf|p1a: Arceus\n|-supereffective|p1a: Arceus\n|-damage|p1a: Arceus|0 fnt\n|faint|p1a: Arceus\n|\n|-damage|p2a: Dewgong|35/100 brn|[from] brn\n|upkeep\n|inactive|Time left: 300 sec this turn | 300 sec total | 5 sec grace\n|\n|t:|1783543375\n|switch|p1a: Azumarill|Azumarill, L82, M|298/298\n|turn|8\n|inactive|Time left: 300 sec this turn | 300 sec total\n|\n|t:|1783543377\n|move|p2a: Dewgong|Surf|p1a: Azumarill\n|-resisted|p1a: Azumarill\n|-damage|p1a: Azumarill|247/298\n|move|p1a: Azumarill|Play Rough|p2a: Dewgong\n|-damage|p2a: Dewgong|0 fnt\n|faint|p2a: Dewgong\n|\n|upkeep\n|\n|t:|1783543378\n|switch|p2a: Toxtricity|Toxtricity, L82, F|67/100\n|turn|9\n|inactive|Time left: 300 sec this turn | 300 sec total\n|\n|t:|1783543379\n|switch|p1a: Appletun|Appletun, L92, F|352/352\n|move|p2a: Toxtricity|Sludge Wave|p1a: Appletun\n|-supereffective|p1a: Appletun\n|-damage|p1a: Appletun|20/352\n|-status|p1a: Appletun|psn\n|\n|-heal|p1a: Appletun|42/352 psn|[from] item: Leftovers\n|-damage|p1a: Appletun|0 fnt|[from] psn\n|faint|p1a: Appletun\n|upkeep\n|inactive|Time left: 300 sec this turn | 300 sec total | 5 sec grace\n|\n|t:|1783543380\n|switch|p1a: Mew|Mew, L82|298/298\n|turn|10\n|inactive|Time left: 300 sec this turn | 300 sec total\n|\n|t:|1783543381\n|move|p1a: Mew|Knock Off|p2a: Toxtricity\n|-damage|p2a: Toxtricity|36/100\n|-enditem|p2a: Toxtricity|Choice Specs|[from] move: Knock Off|[of] p1a: Mew\n|move|p2a: Toxtricity|Sludge Wave|p1a: Mew\n|-damage|p1a: Mew|202/298\n|\n|-heal|p1a: Mew|220/298|[from] item: Leftovers\n|upkeep\n|turn|11\n|inactive|Time left: 300 sec this turn | 300 sec total\n|\n|t:|1783543383\n|switch|p2a: Grumpig|Grumpig, L92, M|100/100\n|move|p1a: Mew|Psychic Noise|p2a: Grumpig\n|-resisted|p2a: Grumpig\n|-damage|p2a: Grumpig|91/100\n|-start|p2a: Grumpig|move: Heal Block\n|\n|-heal|p1a: Mew|238/298|[from] item: Leftovers\n|upkeep\n|turn|12\n|inactive|Time left: 300 sec this turn | 300 sec total\n|\n|t:|1783543384\n|move|p1a: Mew|Knock Off|p2a: Grumpig\n|-supereffective|p2a: Grumpig\n|-damage|p2a: Grumpig|37/100\n|-enditem|p2a: Grumpig|Leftovers|[from] move: Knock Off|[of] p1a: Mew\n|move|p2a: Grumpig|Nasty Plot|p2a: Grumpig\n|-boost|p2a: Grumpig|spa|2\n|\n|-heal|p1a: Mew|256/298|[from] item: Leftovers\n|-end|p2a: Grumpig|move: Heal Block\n|upkeep\n|turn|13\n|inactive|Time left: 300 sec this turn | 300 sec total\n|\n|t:|1783543386\n|-terastallize|p1a: Mew|Dark\n|-terastallize|p2a: Grumpig|Fairy\n|move|p1a: Mew|Knock Off|p2a: Grumpig\n|-resisted|p2a: Grumpig\n|-damage|p2a: Grumpig|23/100\n|move|p2a: Grumpig|Dazzling Gleam|p1a: Mew\n|-supereffective|p1a: Mew\n|-crit|p1a: Mew\n|-damage|p1a: Mew|0 fnt\n|faint|p1a: Mew\n|\n|upkeep\n|inactive|Time left: 300 sec this turn | 300 sec total | 5 sec grace\n|\n|t:|1783543387\n|switch|p1a: Azumarill|Azumarill, L82, M|247/298\n|turn|14\n|inactive|Time left: 300 sec this turn | 300 sec total\n|\n|t:|1783543388\n|move|p1a: Azumarill|Aqua Jet|p2a: Grumpig\n|-damage|p2a: Grumpig|0 fnt\n|faint|p2a: Grumpig\n|\n|upkeep\n|\n|t:|1783543389\n|switch|p2a: Alomomola|Alomomola, L87, M|100/100\n|turn|15\n|inactive|Time left: 300 sec this turn | 300 sec total\n|\n|t:|1783543390\n|switch|p1a: Meganium|Meganium, L90, F|290/290\n|move|p2a: Alomomola|Scald|p1a: Meganium\n|-resisted|p1a: Meganium\n|-damage|p1a: Meganium|268/290\n|\n|-heal|p1a: Meganium|286/290|[from] item: Leftovers\n|upkeep\n|turn|16\n|inactive|Time left: 300 sec this turn | 300 sec total\n|\n|t:|1783543391\n|move|p1a: Meganium|Energy Ball|p2a: Alomomola\n|-supereffective|p2a: Alomomola\n|-damage|p2a: Alomomola|33/100\n|move|p2a: Alomomola|Scald|p1a: Meganium\n|-resisted|p1a: Meganium\n|-damage|p1a: Meganium|265/290\n|\n|-heal|p1a: Meganium|283/290|[from] item: Leftovers\n|upkeep\n|turn|17\n|inactive|Time left: 300 sec this turn | 300 sec total\n|\n|t:|1783543392\n|switch|p2a: Cyclizar|Cyclizar, L84, M|84/100\n|move|p1a: Meganium|Energy Ball|p2a: Cyclizar\n|-resisted|p2a: Cyclizar\n|-damage|p2a: Cyclizar|60/100\n|\n|-heal|p1a: Meganium|290/290|[from] item: Leftovers\n|upkeep\n|turn|18\n|inactive|Time left: 300 sec this turn | 300 sec total\n|\n|t:|1783543394\n|move|p2a: Cyclizar|Shed Tail|p2a: Cyclizar\n|-start|p2a: Cyclizar|Substitute|[from] move: Shed Tail\n|-damage|p2a: Cyclizar|10/100\n|\n|t:|1783543395\n|switch|p2a: Toxtricity|Toxtricity, L82, F|36/100|[from] Shed Tail\n|move|p1a: Meganium|Energy Ball|p2a: Toxtricity\n|-resisted|p2a: Toxtricity\n|-activate|p2a: Toxtricity|move: Substitute|[damage]\n|\n|upkeep\n|turn|19\n|inactive|Time left: 300 sec this turn | 300 sec total\n|\n|t:|1783543396\n|move|p1a: Meganium|Knock Off|p2a: Toxtricity\n|-end|p2a: Toxtricity|Substitute\n|move|p2a: Toxtricity|Sludge Wave|p1a: Meganium\n|-supereffective|p1a: Meganium\n|-damage|p1a: Meganium|120/290\n|\n|-heal|p1a: Meganium|138/290|[from] item: Leftovers\n|upkeep\n|turn|20\n|inactive|Time left: 300 sec this turn | 300 sec total\n|\n|t:|1783543397\n|move|p1a: Meganium|Synthesis|p1a: Meganium\n|-heal|p1a: Meganium|283/290\n|move|p2a: Toxtricity|Sludge Wave|p1a: Meganium\n|-supereffective|p1a: Meganium\n|-damage|p1a: Meganium|85/290\n|\n|-heal|p1a: Meganium|103/290|[from] item: Leftovers\n|upkeep\n|turn|21\n|inactive|Time left: 300 sec this turn | 300 sec total\n|\n|t:|1783543398\n|move|p1a: Meganium|Synthesis|p1a: Meganium\n|-heal|p1a: Meganium|248/290\n|move|p2a: Toxtricity|Sludge Wave|p1a: Meganium\n|-supereffective|p1a: Meganium\n|-damage|p1a: Meganium|56/290\n|\n|-heal|p1a: Meganium|74/290|[from] item: Leftovers\n|upkeep\n|turn|22\n|inactive|Time left: 300 sec this turn | 300 sec total\n|\n|t:|1783543399\n|move|p1a: Meganium|Synthesis|p1a: Meganium\n|-heal|p1a: Meganium|219/290\n|move|p2a: Toxtricity|Sludge Wave|p1a: Meganium\n|-supereffective|p1a: Meganium\n|-damage|p1a: Meganium|43/290\n|\n|-heal|p1a: Meganium|61/290|[from] item: Leftovers\n|upkeep\n|turn|23\n|inactive|Time left: 300 sec this turn | 300 sec total\n|\n|t:|1783543400\n|move|p1a: Meganium|Energy Ball|p2a: Toxtricity\n|-resisted|p2a: Toxtricity\n|-damage|p2a: Toxtricity|5/100\n|move|p2a: Toxtricity|Sludge Wave|p1a: Meganium\n|-supereffective|p1a: Meganium\n|-damage|p1a: Meganium|0 fnt\n|faint|p1a: Meganium\n|\n|upkeep\n|inactive|Time left: 300 sec this turn | 300 sec total | 5 sec grace\n|\n|t:|1783543401\n|switch|p1a: Azumarill|Azumarill, L82, M|247/298\n|turn|24\n|inactive|Time left: 300 sec this turn | 300 sec total\n|\n|t:|1783543402\n|move|p1a: Azumarill|Aqua Jet|p2a: Toxtricity\n|-damage|p2a: Toxtricity|0 fnt\n|faint|p2a: Toxtricity\n|\n|upkeep\n|\n|t:|1783543403\n|switch|p2a: Comfey|Comfey, L85, M|100/100\n|turn|25\n|inactive|Time left: 300 sec this turn | 300 sec total\n|\n|t:|1783543404\n|move|p2a: Comfey|Giga Drain|p1a: Azumarill\n|-supereffective|p1a: Azumarill\n|-damage|p1a: Azumarill|141/298\n|move|p1a: Azumarill|Aqua Jet|p2a: Comfey\n|-damage|p2a: Comfey|67/100\n|\n|-heal|p2a: Comfey|73/100|[from] item: Leftovers\n|upkeep\n|turn|26\n|inactive|Time left: 300 sec this turn | 300 sec total\n|\n|t:|1783543405\n|move|p2a: Comfey|Giga Drain|p1a: Azumarill\n|-supereffective|p1a: Azumarill\n|-damage|p1a: Azumarill|23/298\n|-heal|p2a: Comfey|99/100|[from] drain|[of] p1a: Azumarill\n|move|p1a: Azumarill|Aqua Jet|p2a: Comfey\n|-damage|p2a: Comfey|64/100\n|\n|-heal|p2a: Comfey|70/100|[from] item: Leftovers\n|upkeep\n|turn|27\n|inactive|Time left: 300 sec this turn | 300 sec total\n|\n|t:|1783543406\n|move|p2a: Comfey|Draining Kiss|p1a: Azumarill\n|-damage|p1a: Azumarill|0 fnt\n|-heal|p2a: Comfey|78/100|[from] drain|[of] p1a: Azumarill\n|faint|p1a: Azumarill\n|\n|win|p0y32387ef", "uploadtime": 1783543406, "views": 0, "rating": 0, "private": 0, "password": null, "_winner": "p0y32387ef", "_our_name": "p0x32349b7"}