{"id": "battle-gen9randombattle-492", "formatid": "gen9randombattle", "format": "[Gen 9] Random Battle", "players": ["p0x492f39c", "p0y4920bf8"], "log": "|init|battle\n|title|p0x492f39c vs. p0y4920bf8\n|j|\u2606p0x492f39c\n|j|\u2606p0y4920bf8\n|t:|1783545493\n|gametype|singles\n|player|p1|p0x492f39c|1|\n|player|p2|p0y4920bf8|101|\n|gen|9\n|tier|[Gen 9] Random Battle\n|rule|Species Clause: Limit one of each Pok\u00e9mon\n|rule|HP Percentage Mod: HP is shown in percentages\n|rule|Sleep Clause Mod: Limit one foe put to sleep\n|rule|Illusion Level Mod: Illusion disguises the Pok\u00e9mon's true level\n|\n|t:|1783545493\n|teamsize|p1|6\n|teamsize|p2|6\n|start\n|switch|p1a: Appletun|Appletun, L92, F|100/100\n|switch|p2a: Basculegion|Basculegion-F, L83, F|335/335\n|turn|1\n|inactive|Battle timer is ON: inactive players will automatically lose when time's up. (requested by p0y4920bf8)\n|inactive|p0x492f39c also wants the timer to be on.\n|\n|t:|1783545495\n|switch|p2a: Gogoat|Gogoat, L88, M|360/360\n|move|p1a: Appletun|Apple Acid|p2a: Gogoat\n|-ability|p2a: Gogoat|Sap Sipper|boost\n|-boost|p2a: Gogoat|atk|1\n|\n|upkeep\n|turn|2\n|inactive|Time left: 300 sec this turn | 300 sec total\n|\n|t:|1783545496\n|move|p2a: Gogoat|Bulk Up|p2a: Gogoat\n|-boost|p2a: Gogoat|atk|1\n|-boost|p2a: Gogoat|def|1\n|move|p1a: Appletun|Dragon Tail|p2a: Gogoat\n|-damage|p2a: Gogoat|300/360\n|drag|p2a: Thundurus|Thundurus, L80, M|258/258\n|\n|upkeep\n|turn|3\n|inactive|Time left: 300 sec this turn | 300 sec total\n|\n|t:|1783545497\n|switch|p2a: Gogoat|Gogoat, L88, M|300/360\n|move|p1a: Appletun|Dragon Pulse|p2a: Gogoat\n|-damage|p2a: Gogoat|195/360\n|\n|-heal|p2a: Gogoat|217/360|[from] item: Leftovers\n|upkeep\n|turn|4\n|inactive|Time left: 300 sec this turn | 300 sec total\n|\n|t:|1783545498\n|switch|p1a: Conkeldurr|Conkeldurr, L80, M|100/100\n|move|p2a: Gogoat|Milk Drink|p2a: Gogoat\n|-heal|p2a: Gogoat|360/360\n|\n|-status|p1a: Conkeldurr|brn|[from] item: Flame Orb\n|upkeep\n|turn|5\n|inactive|Time left: 300 sec this turn | 300 sec total\n|\n|t:|1783545499\n|move|p2a: Gogoat|Bulk Up|p2a: Gogoat\n|-boost|p2a: Gogoat|atk|1\n|-boost|p2a: Gogoat|def|1\n|move|p1a: Conkeldurr|Knock Off|p2a: Gogoat\n|-damage|p2a: Gogoat|248/360\n|-enditem|p2a: Gogoat|Leftovers|[from] move: Knock Off|[of] p1a: Conkeldurr\n|\n|-damage|p1a: Conkeldurr|94/100 brn|[from] brn\n|upkeep\n|turn|6\n|inactive|Time left: 300 sec this turn | 300 sec total\n|\n|t:|1783545500\n|switch|p1a: Appletun|Appletun, L92, F|100/100\n|move|p2a: Gogoat|Horn Leech|p1a: Appletun\n|-resisted|p1a: Appletun\n|-damage|p1a: Appletun|91/100\n|-heal|p2a: Gogoat|265/360|[from] drain|[of] p1a: Appletun\n|\n|-heal|p1a: Appletun|97/100|[from] item: Leftovers\n|upkeep\n|turn|7\n|inactive|Time left: 300 sec this turn | 300 sec total\n|\n|t:|1783545500\n|move|p2a: Gogoat|Milk Drink|p2a: Gogoat\n|-heal|p2a: Gogoat|360/360\n|move|p1a: Appletun|Dragon Tail|p2a: Gogoat\n|-damage|p2a: Gogoat|300/360\n|drag|p2a: Basculegion|Basculegion-F, L83, F|335/335\n|\n|-heal|p1a: Appletun|100/100|[from] item: Leftovers\n|upkeep\n|turn|8\n|inactive|Time left: 300 sec this turn | 300 sec total\n|\n|t:|1783545502\n|switch|p2a: Gogoat|Gogoat, L88, M|300/360\n|move|p1a: Appletun|Apple Acid|p2a: Gogoat\n|-ability|p2a: Gogoat|Sap Sipper|boost\n|-boost|p2a: Gogoat|atk|1\n|\n|upkeep\n|turn|9\n|inactive|Time left: 300 sec this turn | 300 sec total\n|\n|t:|1783545503\n|move|p2a: Gogoat|Bulk Up|p2a: Gogoat\n|-boost|p2a: Gogoat|atk|1\n|-boost|p2a: Gogoat|def|1\n|move|p1a: Appletun|Dragon Tail|p2a: Gogoat\n|-damage|p2a: Gogoat|240/360\n|drag|p2a: Iron Crown|Iron Crown, L78|268/268\n|\n|upkeep\n|turn|10\n|inactive|Time left: 300 sec this turn | 300 sec total\n|\n|t:|1783545504\n|move|p2a: Iron Crown|Calm Mind|p2a: Iron Crown\n|-boost|p2a: Iron Crown|spa|1\n|-boost|p2a: Iron Crown|spd|1\n|move|p1a: Appletun|Apple Acid|p2a: Iron Crown\n|-resisted|p2a: Iron Crown\n|-damage|p2a: Iron Crown|234/268\n|-unboost|p2a: Iron Crown|spd|1\n|\n|-heal|p2a: Iron Crown|250/268|[from] item: Leftovers\n|upkeep\n|turn|11\n|inactive|Time left: 300 sec this turn | 300 sec total\n|\n|t:|1783545505\n|move|p2a: Iron Crown|Tachyon Cutter|p1a: Appletun\n|-damage|p1a: Appletun|77/100\n|-damage|p1a: Appletun|53/100\n|-hitcount|p1a: Appletun|2\n|move|p1a: Appletun|Dragon Tail|p2a: Iron Crown\n|-resisted|p2a: Iron Crown\n|-damage|p2a: Iron Crown|214/268\n|-end|p2a: Iron Crown|Quark Drive|[silent]\n|drag|p2a: Thundurus|Thundurus, L80, M|258/258\n|\n|-heal|p1a: Appletun|60/100|[from] item: Leftovers\n|upkeep\n|turn|12\n|inactive|Time left: 300 sec this turn | 300 sec total\n|\n|t:|1783545506\n|move|p2a: Thundurus|Sludge Wave|p1a: Appletun\n|-supereffective|p1a: Appletun\n|-damage|p1a: Appletun|18/100\n|move|p1a: Appletun|Dragon Pulse|p2a: Thundurus\n|-damage|p2a: Thundurus|131/258\n|\n|-heal|p1a: Appletun|24/100|[from] item: Leftovers\n|upkeep\n|turn|13\n|inactive|Time left: 300 sec this turn | 300 sec total\n|\n|t:|1783545508\n|move|p2a: Thundurus|Focus Blast|p1a: Appletun\n|-damage|p1a: Appletun|0 fnt\n|faint|p1a: Appletun\n|\n|upkeep\n|\n|t:|1783545509\n|switch|p1a: Kyogre|Kyogre, L71|100/100\n|-weather|RainDance|[from] ability: Drizzle|[of] p1a: Kyogre\n|turn|14\n|inactive|Time left: 300 sec this turn | 300 sec total\n|\n|t:|1783545511\n|switch|p2a: Basculegion|Basculegion-F, L83, F|335/335\n|move|p1a: Kyogre|Water Spout|p2a: Basculegion\n|-resisted|p2a: Basculegion\n|-damage|p2a: Basculegion|199/335\n|\n|-weather|RainDance|[upkeep]\n|upkeep\n|turn|15\n|inactive|Time left: 300 sec this turn | 300 sec total\n|\n|t:|1783545512\n|move|p1a: Kyogre|Water Spout|p2a: Basculegion\n|-resisted|p2a: Basculegion\n|-damage|p2a: Basculegion|72/335\n|move|p2a: Basculegion|Hydro Pump|p1a: Kyogre\n|-resisted|p1a: Kyogre\n|-damage|p1a: Kyogre|47/100\n|\n|-weather|RainDance|[upkeep]\n|upkeep\n|turn|16\n|inactive|Time left: 300 sec this turn | 300 sec total\n|\n|t:|1783545513\n|move|p1a: Kyogre|Water Spout|p2a: Basculegion\n|-resisted|p2a: Basculegion\n|-damage|p2a: Basculegion|7/335\n|move|p2a: Basculegion|Hydro Pump|p1a: Kyogre|[miss]\n|-miss|p2a: Basculegion|p1a: Kyogre\n|\n|-weather|RainDance|[upkeep]\n|upkeep\n|turn|17\n|inactive|Time left: 300 sec this turn | 300 sec total\n|\n|t:|1783545514\n|switch|p2a: Gogoat|Gogoat, L88, M|240/360\n|move|p1a: Kyogre|Water Spout|p2a: Gogoat\n|-resisted|p2a: Gogoat\n|-damage|p2a: Gogoat|177/360\n|\n|-weather|RainDance|[upkeep]\n|upkeep\n|turn|18\n|inactive|Time left: 300 sec this turn | 300 sec total\n|\n|t:|1783545515\n|switch|p1a: Conkeldurr|Conkeldurr, L80, M|94/100 brn\n|move|p2a: Gogoat|Horn Leech|p1a: Conkeldurr\n|-damage|p1a: Conkeldurr|65/100 brn\n|-heal|p2a: Gogoat|221/360|[from] drain|[of] p1a: Conkeldurr\n|\n|-weather|none\n|-damage|p1a: Conkeldurr|59/100 brn|[from] brn\n|upkeep\n|turn|19\n|inactive|Time left: 300 sec this turn | 300 sec total\n|\n|t:|1783545516\n|move|p2a: Gogoat|Horn Leech|p1a: Conkeldurr\n|-damage|p1a: Conkeldurr|29/100 brn\n|-heal|p2a: Gogoat|266/360|[from] drain|[of] p1a: Conkeldurr\n|move|p1a: Conkeldurr|Facade|p2a: Gogoat\n|-damage|p2a: Gogoat|27/360\n|\n|-damage|p1a: Conkeldurr|23/100 brn|[from] brn\n|upkeep\n|turn|20\n|inactive|Time left: 300 sec this turn | 300 sec total\n|\n|t:|1783545518\n|move|p1a: Conkeldurr|Mach Punch|p2a: Gogoat\n|-damage|p2a: Gogoat|0 fnt\n|faint|p2a: Gogoat\n|\n|-damage|p1a: Conkeldurr|17/100 brn|[from] brn\n|upkeep\n|inactive|Time left: 300 sec this turn | 300 sec total | 5 sec grace\n|\n|t:|1783545519\n|switch|p2a: Basculegion|Basculegion-F, L83, F|7/335\n|turn|21\n|inactive|Time left: 300 sec this turn | 300 sec total\n|\n|t:|1783545520\n|switch|p1a: Wugtrio|Wugtrio, L91, F|100/100\n|move|p2a: Basculegion|Shadow Ball|p1a: Wugtrio\n|-damage|p1a: Wugtrio|17/100\n|\n|upkeep\n|turn|22\n|inactive|Time left: 300 sec this turn | 300 sec total\n|\n|t:|1783545521\n|move|p1a: Wugtrio|Liquidation|p2a: Basculegion\n|-resisted|p2a: Basculegion\n|-damage|p2a: Basculegion|0 fnt\n|faint|p2a: Basculegion\n|\n|upkeep\n|inactive|Time left: 300 sec this turn | 300 sec total | 5 sec grace\n|\n|t:|1783545522\n|switch|p2a: Iron Boulder|Iron Boulder, L77|265/265\n|-enditem|p2a: Iron Boulder|Booster Energy\n|-activate|p2a: Iron Boulder|ability: Quark Drive|[fromitem]\n|-start|p2a: Iron Boulder|quarkdrivespe\n|turn|23\n|inactive|Time left: 300 sec this turn | 300 sec total\n|\n|t:|1783545523\n|move|p2a: Iron Boulder|Mighty Cleave|p1a: Wugtrio\n|-damage|p1a: Wugtrio|0 fnt\n|-ability|p1a: Wugtrio|Gooey\n|-unboost|p2a: Iron Boulder|spe|1\n|faint|p1a: Wugtrio\n|\n|upkeep\n|\n|t:|1783545524\n|switch|p1a: Kyogre|Kyogre, L71|47/100\n|-weather|RainDance|[from] ability: Drizzle|[of] p1a: Kyogre\n|turn|24\n|inactive|Time left: 300 sec this turn | 300 sec total\n|\n|t:|1783545525\n|-terastallize|p2a: Iron Boulder|Fighting\n|move|p1a: Kyogre|Origin Pulse|p2a: Iron Boulder\n|-damage|p2a: Iron Boulder|84/265\n|move|p2a: Iron Boulder|Close Combat|p1a: Kyogre\n|-damage|p1a: Kyogre|0 fnt\n|-unboost|p2a: Iron Boulder|def|1\n|-unboost|p2a: Iron Boulder|spd|1\n|faint|p1a: Kyogre\n|\n|-weather|RainDance|[upkeep]\n|upkeep\n|\n|t:|1783545526\n|switch|p1a: Registeel|Registeel, L81|100/100\n|turn|25\n|inactive|Time left: 300 sec this turn | 300 sec total\n|\n|t:|1783545527\n|move|p2a: Iron Boulder|Close Combat|p1a: Registeel\n|-supereffective|p1a: Registeel\n|-damage|p1a: Registeel|34/100\n|-unboost|p2a: Iron Boulder|def|1\n|-unboost|p2a: Iron Boulder|spd|1\n|move|p1a: Registeel|Iron Defense|p1a: Registeel\n|-boost|p1a: Registeel|def|2\n|\n|-weather|RainDance|[upkeep]\n|upkeep\n|turn|26\n|inactive|Time left: 300 sec this turn | 300 sec total\n|\n|t:|1783545528\n|move|p2a: Iron Boulder|Close Combat|p1a: Registeel\n|-supereffective|p1a: Registeel\n|-damage|p1a: Registeel|0 fnt\n|-unboost|p2a: Iron Boulder|def|1\n|-unboost|p2a: Iron Boulder|spd|1\n|faint|p1a: Registeel\n|\n|-weather|RainDance|[upkeep]\n|upkeep\n|\n|t:|1783545529\n|switch|p1a: Scizor|Scizor, L79, F|100/100\n|turn|27\n|inactive|Time left: 300 sec this turn | 300 sec total\n|\n|t:|1783545530\n|move|p2a: Iron Boulder|Close Combat|p1a: Scizor\n|-crit|p1a: Scizor\n|-damage|p1a: Scizor|24/100\n|-unboost|p2a: Iron Boulder|def|1\n|-unboost|p2a: Iron Boulder|spd|1\n|move|p1a: Scizor|Knock Off|p2a: Iron Boulder\n|-resisted|p2a: Iron Boulder\n|-damage|p2a: Iron Boulder|0 fnt\n|faint|p2a: Iron Boulder\n|-end|p2a: Iron Boulder|Quark Drive|[silent]\n|\n|-weather|RainDance|[upkeep]\n|-heal|p1a: Scizor|30/100|[from] item: Leftovers\n|upkeep\n|inactive|Time left: 300 sec this turn | 300 sec total | 5 sec grace\n|\n|t:|1783545531\n|switch|p2a: Thundurus|Thundurus, L80, M|131/258\n|turn|28\n|inactive|Time left: 300 sec this turn | 300 sec total\n|\n|t:|1783545532\n|move|p2a: Thundurus|Thunderbolt|p1a: Scizor\n|-damage|p1a: Scizor|0 fnt\n|faint|p1a: Scizor\n|\n|-weather|none\n|upkeep\n|\n|t:|1783545533\n|switch|p1a: Conkeldurr|Conkeldurr, L80, M|17/100 brn\n|turn|29\n|inactive|Time left: 300 sec this turn | 300 sec total\n|\n|t:|1783545534\n|-terastallize|p1a: Conkeldurr|Normal\n|move|p2a: Thundurus|Sludge Wave|p1a: Conkeldurr\n|-damage|p1a: Conkeldurr|0 fnt\n|faint|p1a: Conkeldurr\n|\n|win|p0y4920bf8", "uploadtime": 1783545534, "views": 0, "rating": 0, "private": 0, "password": null, "_winner": "p0y4920bf8", "_our_name": "p0y4920bf8"}