{"id": "battle-gen9randombattle-501", "formatid": "gen9randombattle", "format": "[Gen 9] Random Battle", "players": ["p0x501c493", "p0y501064b"], "log": "|init|battle\n|title|p0x501c493 vs. p0y501064b\n|j|\u2606p0x501c493\n|j|\u2606p0y501064b\n|t:|1783545578\n|gametype|singles\n|player|p1|p0x501c493|170|\n|player|p2|p0y501064b|101|\n|gen|9\n|tier|[Gen 9] Random Battle\n|rule|Species Clause: Limit one of each Pok\u00e9mon\n|rule|HP Percentage Mod: HP is shown in percentages\n|rule|Sleep Clause Mod: Limit one foe put to sleep\n|rule|Illusion Level Mod: Illusion disguises the Pok\u00e9mon's true level\n|\n|t:|1783545578\n|teamsize|p1|6\n|teamsize|p2|6\n|start\n|switch|p1a: Infernape|Infernape, L82, M|259/259\n|switch|p2a: Sawsbuck|Sawsbuck, L88, F|100/100\n|turn|1\n|inactive|Battle timer is ON: inactive players will automatically lose when time's up. (requested by p0x501c493)\n|\n|t:|1783545579\n|switch|p2a: Tauros|Tauros-Paldea-Blaze, L81, M|100/100\n|-ability|p2a: Tauros|Intimidate|boost\n|-unboost|p1a: Infernape|atk|1\n|move|p1a: Infernape|Close Combat|p2a: Tauros\n|-damage|p2a: Tauros|60/100\n|-unboost|p1a: Infernape|def|1\n|-unboost|p1a: Infernape|spd|1\n|-damage|p1a: Infernape|234/259|[from] item: Life Orb\n|\n|upkeep\n|turn|2\n|inactive|Time left: 300 sec this turn | 300 sec total\n|inactive|p0y501064b also wants the timer to be on.\n|\n|t:|1783545580\n|switch|p1a: Granbull|Granbull, L88, F|302/302\n|-ability|p1a: Granbull|Intimidate|boost\n|-unboost|p2a: Tauros|atk|1\n|move|p2a: Tauros|Close Combat|p1a: Granbull\n|-resisted|p1a: Granbull\n|-damage|p1a: Granbull|226/302\n|-unboost|p2a: Tauros|def|1\n|-unboost|p2a: Tauros|spd|1\n|\n|-heal|p1a: Granbull|244/302|[from] item: Leftovers\n|upkeep\n|turn|3\n|inactive|Time left: 300 sec this turn | 300 sec total\n|\n|t:|1783545581\n|switch|p2a: Sawsbuck|Sawsbuck, L88, F|100/100\n|move|p1a: Granbull|Play Rough|p2a: Sawsbuck\n|-crit|p2a: Sawsbuck\n|-damage|p2a: Sawsbuck|30/100\n|\n|-heal|p1a: Granbull|262/302|[from] item: Leftovers\n|upkeep\n|turn|4\n|inactive|Time left: 300 sec this turn | 300 sec total\n|\n|t:|1783545582\n|move|p2a: Sawsbuck|Horn Leech|p1a: Granbull\n|-damage|p1a: Granbull|136/302\n|-heal|p2a: Sawsbuck|52/100|[from] drain|[of] p1a: Granbull\n|-damage|p2a: Sawsbuck|42/100|[from] item: Life Orb\n|move|p1a: Granbull|Play Rough|p2a: Sawsbuck\n|-damage|p2a: Sawsbuck|0 fnt\n|faint|p2a: Sawsbuck\n|\n|-heal|p1a: Granbull|154/302|[from] item: Leftovers\n|upkeep\n|\n|t:|1783545583\n|switch|p2a: Tauros|Tauros-Paldea-Blaze, L81, M|60/100\n|-ability|p2a: Tauros|Intimidate|boost\n|-unboost|p1a: Granbull|atk|1\n|turn|5\n|inactive|Time left: 300 sec this turn | 300 sec total\n|\n|t:|1783545584\n|move|p2a: Tauros|Flare Blitz|p1a: Granbull\n|-damage|p1a: Granbull|0 fnt\n|faint|p1a: Granbull\n|-damage|p2a: Tauros|40/100|[from] Recoil\n|\n|upkeep\n|inactive|Time left: 300 sec this turn | 300 sec total | 5 sec grace\n|\n|t:|1783545585\n|switch|p1a: Crawdaunt|Crawdaunt, L84, F|243/243\n|turn|6\n|inactive|Time left: 300 sec this turn | 300 sec total\n|\n|t:|1783545586\n|switch|p2a: Dipplin|Dipplin, L88, M|100/100\n|move|p1a: Crawdaunt|Knock Off|p2a: Dipplin\n|-damage|p2a: Dipplin|60/100\n|-activate|p2a: Dipplin|ability: Sticky Hold\n|-damage|p1a: Crawdaunt|219/243|[from] item: Life Orb\n|\n|upkeep\n|turn|7\n|inactive|Time left: 300 sec this turn | 300 sec total\n|\n|t:|1783545588\n|switch|p1a: Iron Leaves|Iron Leaves, L80|275/275\n|move|p2a: Dipplin|Giga Drain|p1a: Iron Leaves\n|-resisted|p1a: Iron Leaves\n|-damage|p1a: Iron Leaves|238/275\n|-heal|p2a: Dipplin|67/100|[from] drain|[of] p1a: Iron Leaves\n|\n|upkeep\n|turn|8\n|inactive|Time left: 300 sec this turn | 300 sec total\n|\n|t:|1783545589\n|move|p1a: Iron Leaves|Megahorn|p2a: Dipplin\n|-supereffective|p2a: Dipplin\n|-damage|p2a: Dipplin|13/100\n|move|p2a: Dipplin|Recover|p2a: Dipplin\n|-heal|p2a: Dipplin|63/100\n|\n|upkeep\n|turn|9\n|inactive|Time left: 300 sec this turn | 300 sec total\n|\n|t:|1783545590\n|move|p1a: Iron Leaves|Megahorn|p2a: Dipplin\n|-supereffective|p2a: Dipplin\n|-damage|p2a: Dipplin|5/100\n|move|p2a: Dipplin|Recover|p2a: Dipplin\n|-heal|p2a: Dipplin|55/100\n|\n|upkeep\n|turn|10\n|inactive|Time left: 300 sec this turn | 300 sec total\n|\n|t:|1783545591\n|switch|p2a: Tauros|Tauros-Paldea-Blaze, L81, M|40/100\n|-ability|p2a: Tauros|Intimidate|boost\n|-unboost|p1a: Iron Leaves|atk|1\n|move|p1a: Iron Leaves|Megahorn|p2a: Tauros\n|-resisted|p2a: Tauros\n|-damage|p2a: Tauros|32/100\n|\n|upkeep\n|turn|11\n|inactive|Time left: 300 sec this turn | 300 sec total\n|\n|t:|1783545592\n|move|p1a: Iron Leaves|Megahorn|p2a: Tauros\n|-resisted|p2a: Tauros\n|-damage|p2a: Tauros|23/100\n|move|p2a: Tauros|Close Combat|p1a: Iron Leaves\n|-resisted|p1a: Iron Leaves\n|-damage|p1a: Iron Leaves|131/275\n|-unboost|p2a: Tauros|def|1\n|-unboost|p2a: Tauros|spd|1\n|\n|upkeep\n|turn|12\n|inactive|Time left: 300 sec this turn | 300 sec total\n|\n|t:|1783545593\n|move|p1a: Iron Leaves|Megahorn|p2a: Tauros\n|-resisted|p2a: Tauros\n|-damage|p2a: Tauros|9/100\n|move|p2a: Tauros|Close Combat|p1a: Iron Leaves\n|-resisted|p1a: Iron Leaves\n|-damage|p1a: Iron Leaves|35/275\n|-unboost|p2a: Tauros|def|1\n|-unboost|p2a: Tauros|spd|1\n|\n|upkeep\n|turn|13\n|inactive|Time left: 300 sec this turn | 300 sec total\n|\n|t:|1783545594\n|move|p1a: Iron Leaves|Megahorn|p2a: Tauros\n|-resisted|p2a: Tauros\n|-damage|p2a: Tauros|0 fnt\n|faint|p2a: Tauros\n|\n|upkeep\n|\n|t:|1783545595\n|switch|p2a: Drednaw|Drednaw, L81, F|100/100\n|turn|14\n|inactive|Time left: 300 sec this turn | 300 sec total\n|\n|t:|1783545596\n|-end|p1a: Iron Leaves|Quark Drive|[silent]\n|switch|p1a: Lumineon|Lumineon, L93, M|279/279\n|move|p2a: Drednaw|Shell Smash|p2a: Drednaw\n|-unboost|p2a: Drednaw|def|1\n|-unboost|p2a: Drednaw|spd|1\n|-boost|p2a: Drednaw|atk|2\n|-boost|p2a: Drednaw|spa|2\n|-boost|p2a: Drednaw|spe|2\n|-enditem|p2a: Drednaw|White Herb\n|-clearnegativeboost|p2a: Drednaw|[silent]\n|\n|upkeep\n|turn|15\n|inactive|Time left: 300 sec this turn | 300 sec total\n|\n|t:|1783545597\n|move|p2a: Drednaw|Stone Edge|p1a: Lumineon\n|-damage|p1a: Lumineon|38/279\n|move|p1a: Lumineon|Hydro Pump|p2a: Drednaw|[miss]\n|-miss|p1a: Lumineon|p2a: Drednaw\n|\n|upkeep\n|turn|16\n|inactive|Time left: 300 sec this turn | 300 sec total\n|\n|t:|1783545598\n|move|p2a: Drednaw|Crunch|p1a: Lumineon\n|-damage|p1a: Lumineon|0 fnt\n|faint|p1a: Lumineon\n|\n|upkeep\n|inactive|Time left: 300 sec this turn | 300 sec total | 5 sec grace\n|\n|t:|1783545599\n|switch|p1a: Infernape|Infernape, L82, M|234/259\n|turn|17\n|inactive|Time left: 300 sec this turn | 300 sec total\n|\n|t:|1783545600\n|-terastallize|p1a: Infernape|Fighting\n|move|p2a: Drednaw|Liquidation|p1a: Infernape\n|-damage|p1a: Infernape|0 fnt\n|faint|p1a: Infernape\n|\n|upkeep\n|inactive|Time left: 300 sec this turn | 300 sec total | 5 sec grace\n|\n|t:|1783545601\n|switch|p1a: Crawdaunt|Crawdaunt, L84, F|219/243\n|turn|18\n|inactive|Time left: 300 sec this turn | 300 sec total\n|\n|t:|1783545602\n|move|p2a: Drednaw|Stone Edge|p1a: Crawdaunt\n|-damage|p1a: Crawdaunt|0 fnt\n|faint|p1a: Crawdaunt\n|\n|upkeep\n|inactive|Time left: 300 sec this turn | 300 sec total | 5 sec grace\n|\n|t:|1783545603\n|switch|p1a: Iron Leaves|Iron Leaves, L80|35/275\n|turn|19\n|inactive|Time left: 300 sec this turn | 300 sec total\n|\n|t:|1783545604\n|move|p2a: Drednaw|Crunch|p1a: Iron Leaves\n|-supereffective|p1a: Iron Leaves\n|-damage|p1a: Iron Leaves|0 fnt\n|faint|p1a: Iron Leaves\n|-end|p1a: Iron Leaves|Quark Drive|[silent]\n|\n|upkeep\n|inactive|Time left: 300 sec this turn | 300 sec total | 5 sec grace\n|\n|t:|1783545604\n|switch|p1a: Salazzle|Salazzle, L83, F|249/249\n|turn|20\n|inactive|Time left: 300 sec this turn | 300 sec total\n|\n|t:|1783545605\n|-terastallize|p2a: Drednaw|Dark\n|move|p2a: Drednaw|Liquidation|p1a: Salazzle\n|-supereffective|p1a: Salazzle\n|-damage|p1a: Salazzle|0 fnt\n|faint|p1a: Salazzle\n|\n|win|p0y501064b", "uploadtime": 1783545605, "views": 0, "rating": 0, "private": 0, "password": null, "_winner": "p0y501064b", "_our_name": "p0x501c493"}