{"id": "battle-gen9randombattle-1980", "formatid": "gen9randombattle", "format": "[Gen 9] Random Battle", "players": ["p0x1980af2a", "p0y1980af95"], "log": "|init|battle\n|title|p0x1980af2a vs. p0y1980af95\n|j|\u2606p0x1980af2a\n|j|\u2606p0y1980af95\n|t:|1783562925\n|gametype|singles\n|player|p1|p0x1980af2a|1|\n|player|p2|p0y1980af95|1|\n|gen|9\n|tier|[Gen 9] Random Battle\n|rule|Species Clause: Limit one of each Pok\u00e9mon\n|rule|HP Percentage Mod: HP is shown in percentages\n|rule|Sleep Clause Mod: Limit one foe put to sleep\n|rule|Illusion Level Mod: Illusion disguises the Pok\u00e9mon's true level\n|\n|t:|1783562925\n|teamsize|p1|6\n|teamsize|p2|6\n|start\n|switch|p1a: Toxapex|Toxapex, L82, M|100/100\n|switch|p2a: Regice|Regice, L88|284/284\n|turn|1\n|inactive|Battle timer is ON: inactive players will automatically lose when time's up. (requested by p0x1980af2a)\n|inactive|Time left: 300 sec this turn | 300 sec total | 60 sec grace\n|inactive|p0y1980af95 also wants the timer to be on.\n|\n|t:|1783562926\n|move|p2a: Regice|Thunderbolt|p1a: Toxapex\n|-supereffective|p1a: Toxapex\n|-damage|p1a: Toxapex|51/100\n|move|p1a: Toxapex|Toxic Spikes|p2a: Regice\n|-sidestart|p2: p0y1980af95|move: Toxic Spikes\n|\n|upkeep\n|turn|2\n|inactive|Time left: 300 sec this turn | 300 sec total\n|\n|t:|1783562927\n|switch|p1a: Tyranitar|Tyranitar, L78, F|100/100\n|-weather|Sandstorm|[from] ability: Sand Stream|[of] p1a: Tyranitar\n|move|p2a: Regice|Thunderbolt|p1a: Tyranitar\n|-damage|p1a: Tyranitar|89/100\n|\n|-weather|Sandstorm|[upkeep]\n|-damage|p2a: Regice|267/284|[from] Sandstorm\n|upkeep\n|turn|3\n|inactive|Time left: 300 sec this turn | 300 sec total\n|\n|t:|1783562928\n|switch|p2a: Magearna|Magearna-Original, L77|250/250\n|move|p1a: Tyranitar|Knock Off|p2a: Magearna\n|-resisted|p2a: Magearna\n|-damage|p2a: Magearna|199/250\n|-enditem|p2a: Magearna|Leftovers|[from] move: Knock Off|[of] p1a: Tyranitar\n|\n|-weather|Sandstorm|[upkeep]\n|upkeep\n|turn|4\n|inactive|Time left: 300 sec this turn | 300 sec total\n|\n|t:|1783562929\n|move|p2a: Magearna|Calm Mind|p2a: Magearna\n|-boost|p2a: Magearna|spa|1\n|-boost|p2a: Magearna|spd|1\n|move|p1a: Tyranitar|Knock Off|p2a: Magearna\n|-resisted|p2a: Magearna\n|-damage|p2a: Magearna|164/250\n|\n|-weather|Sandstorm|[upkeep]\n|upkeep\n|turn|5\n|inactive|Time left: 300 sec this turn | 300 sec total\n|\n|t:|1783562930\n|switch|p1a: Toxapex|Toxapex, L82, M|85/100\n|move|p2a: Magearna|Shift Gear|p2a: Magearna\n|-boost|p2a: Magearna|spe|2\n|-boost|p2a: Magearna|atk|1\n|\n|-weather|Sandstorm|[upkeep]\n|-damage|p1a: Toxapex|79/100|[from] Sandstorm\n|upkeep\n|turn|6\n|inactive|Time left: 300 sec this turn | 300 sec total\n|\n|t:|1783562931\n|move|p2a: Magearna|Flash Cannon|p1a: Toxapex\n|-resisted|p1a: Toxapex\n|-damage|p1a: Toxapex|58/100\n|-unboost|p1a: Toxapex|spd|1\n|move|p1a: Toxapex|Haze|p1a: Toxapex\n|-clearallboost\n|\n|-weather|none\n|upkeep\n|turn|7\n|inactive|Time left: 300 sec this turn | 300 sec total\n|\n|t:|1783562932\n|move|p2a: Magearna|Shift Gear|p2a: Magearna\n|-boost|p2a: Magearna|spe|2\n|-boost|p2a: Magearna|atk|1\n|move|p1a: Toxapex|Liquidation|p2a: Magearna\n|-damage|p2a: Magearna|110/250\n|\n|upkeep\n|turn|8\n|inactive|Time left: 300 sec this turn | 300 sec total\n|\n|t:|1783562933\n|move|p2a: Magearna|Calm Mind|p2a: Magearna\n|-boost|p2a: Magearna|spa|1\n|-boost|p2a: Magearna|spd|1\n|move|p1a: Toxapex|Haze|p1a: Toxapex\n|-clearallboost\n|\n|upkeep\n|turn|9\n|inactive|Time left: 300 sec this turn | 300 sec total\n|\n|t:|1783562934\n|move|p2a: Magearna|Calm Mind|p2a: Magearna\n|-boost|p2a: Magearna|spa|1\n|-boost|p2a: Magearna|spd|1\n|move|p1a: Toxapex|Recover|p1a: Toxapex\n|-heal|p1a: Toxapex|100/100\n|\n|upkeep\n|turn|10\n|inactive|Time left: 300 sec this turn | 300 sec total\n|\n|t:|1783562935\n|move|p2a: Magearna|Shift Gear|p2a: Magearna\n|-boost|p2a: Magearna|spe|2\n|-boost|p2a: Magearna|atk|1\n|move|p1a: Toxapex|Haze|p1a: Toxapex\n|-clearallboost\n|\n|upkeep\n|turn|11\n|inactive|Time left: 300 sec this turn | 300 sec total\n|\n|t:|1783562936\n|move|p2a: Magearna|Shift Gear|p2a: Magearna\n|-boost|p2a: Magearna|spe|2\n|-boost|p2a: Magearna|atk|1\n|move|p1a: Toxapex|Liquidation|p2a: Magearna\n|-damage|p2a: Magearna|52/250\n|\n|upkeep\n|turn|12\n|inactive|Time left: 300 sec this turn | 300 sec total\n|\n|t:|1783562937\n|move|p2a: Magearna|Calm Mind|p2a: Magearna\n|-boost|p2a: Magearna|spa|1\n|-boost|p2a: Magearna|spd|1\n|move|p1a: Toxapex|Liquidation|p2a: Magearna\n|-damage|p2a: Magearna|0 fnt\n|faint|p2a: Magearna\n|\n|upkeep\n|inactive|Time left: 300 sec this turn | 300 sec total | 5 sec grace\n|\n|t:|1783562938\n|switch|p2a: Regice|Regice, L88|267/284\n|turn|13\n|inactive|Time left: 300 sec this turn | 300 sec total\n|\n|t:|1783562939\n|switch|p1a: Tyranitar|Tyranitar, L78, F|89/100\n|-weather|Sandstorm|[from] ability: Sand Stream|[of] p1a: Tyranitar\n|move|p2a: Regice|Thunderbolt|p1a: Tyranitar\n|-damage|p1a: Tyranitar|78/100\n|-status|p1a: Tyranitar|par\n|\n|-weather|Sandstorm|[upkeep]\n|-damage|p2a: Regice|250/284|[from] Sandstorm\n|upkeep\n|turn|14\n|inactive|Time left: 300 sec this turn | 300 sec total\n|\n|t:|1783562940\n|move|p2a: Regice|Ice Beam|p1a: Tyranitar\n|-damage|p1a: Tyranitar|61/100 par\n|move|p1a: Tyranitar|Knock Off|p2a: Regice\n|-damage|p2a: Regice|157/284\n|-enditem|p2a: Regice|Heavy-Duty Boots|[from] move: Knock Off|[of] p1a: Tyranitar\n|\n|-weather|Sandstorm|[upkeep]\n|-damage|p2a: Regice|140/284|[from] Sandstorm\n|upkeep\n|turn|15\n|inactive|Time left: 300 sec this turn | 300 sec total\n|\n|t:|1783562941\n|move|p2a: Regice|Ice Beam|p1a: Tyranitar\n|-damage|p1a: Tyranitar|44/100 par\n|move|p1a: Tyranitar|Stone Edge|p2a: Regice\n|-supereffective|p2a: Regice\n|-damage|p2a: Regice|0 fnt\n|faint|p2a: Regice\n|\n|-weather|Sandstorm|[upkeep]\n|upkeep\n|inactive|Time left: 300 sec this turn | 300 sec total | 5 sec grace\n|\n|t:|1783562942\n|switch|p2a: Electivire|Electivire, L84, M|263/263\n|-status|p2a: Electivire|psn\n|turn|16\n|inactive|Time left: 300 sec this turn | 300 sec total\n|\n|t:|1783562944\n|switch|p1a: Granbull|Granbull, L88, M|100/100\n|-ability|p1a: Granbull|Intimidate|boost\n|-unboost|p2a: Electivire|atk|1\n|move|p2a: Electivire|Supercell Slam|p1a: Granbull|[miss]\n|-miss|p2a: Electivire|p1a: Granbull\n|-damage|p2a: Electivire|132/263 psn|[from] supercellslam\n|\n|-weather|Sandstorm|[upkeep]\n|-damage|p2a: Electivire|116/263 psn|[from] Sandstorm\n|-damage|p1a: Granbull|95/100|[from] Sandstorm\n|-heal|p1a: Granbull|100/100|[from] item: Leftovers\n|-damage|p2a: Electivire|84/263 psn|[from] psn\n|upkeep\n|turn|17\n|inactive|Time left: 300 sec this turn | 300 sec total\n|\n|t:|1783562945\n|move|p2a: Electivire|Supercell Slam|p1a: Granbull\n|-damage|p1a: Granbull|64/100\n|-damage|p2a: Electivire|58/263 psn|[from] item: Life Orb\n|move|p1a: Granbull|Play Rough|p2a: Electivire\n|-damage|p2a: Electivire|0 fnt\n|faint|p2a: Electivire\n|\n|-weather|none\n|-heal|p1a: Granbull|70/100|[from] item: Leftovers\n|upkeep\n|inactive|Time left: 300 sec this turn | 300 sec total | 5 sec grace\n|\n|t:|1783562945\n|switch|p2a: Flutter Mane|Flutter Mane, L74|203/203\n|-status|p2a: Flutter Mane|psn\n|turn|18\n|inactive|Time left: 300 sec this turn | 300 sec total\n|\n|t:|1783562946\n|-terastallize|p2a: Flutter Mane|Fairy\n|move|p2a: Flutter Mane|Moonblast|p1a: Granbull\n|-crit|p1a: Granbull\n|-damage|p1a: Granbull|0 fnt\n|faint|p1a: Granbull\n|\n|-damage|p2a: Flutter Mane|178/203 psn|[from] psn\n|upkeep\n|\n|t:|1783562947\n|switch|p1a: Toxapex|Toxapex, L82, M|100/100\n|turn|19\n|inactive|Time left: 300 sec this turn | 300 sec total\n|\n|t:|1783562948\n|move|p2a: Flutter Mane|Moonblast|p1a: Toxapex\n|-resisted|p1a: Toxapex\n|-damage|p1a: Toxapex|66/100\n|-unboost|p1a: Toxapex|spa|1\n|move|p1a: Toxapex|Liquidation|p2a: Flutter Mane\n|-damage|p2a: Flutter Mane|87/203 psn\n|\n|-damage|p2a: Flutter Mane|62/203 psn|[from] psn\n|upkeep\n|turn|20\n|inactive|Time left: 300 sec this turn | 300 sec total\n|\n|t:|1783562949\n|move|p2a: Flutter Mane|Moonblast|p1a: Toxapex\n|-resisted|p1a: Toxapex\n|-damage|p1a: Toxapex|34/100\n|move|p1a: Toxapex|Liquidation|p2a: Flutter Mane\n|-damage|p2a: Flutter Mane|0 fnt\n|faint|p2a: Flutter Mane\n|-end|p2a: Flutter Mane|Protosynthesis|[silent]\n|\n|upkeep\n|inactive|Time left: 300 sec this turn | 300 sec total | 5 sec grace\n|\n|t:|1783562950\n|switch|p2a: Virizion|Virizion, L82|283/283\n|-status|p2a: Virizion|psn\n|turn|21\n|inactive|Time left: 300 sec this turn | 300 sec total\n|\n|t:|1783562951\n|switch|p1a: Lugia|Lugia, L73|100/100\n|move|p2a: Virizion|Swords Dance|p2a: Virizion\n|-boost|p2a: Virizion|atk|2\n|\n|-damage|p2a: Virizion|248/283 psn|[from] psn\n|upkeep\n|turn|22\n|inactive|Time left: 300 sec this turn | 300 sec total\n|\n|t:|1783562952\n|move|p2a: Virizion|Stone Edge|p1a: Lugia\n|-supereffective|p1a: Lugia\n|-crit|p1a: Lugia\n|-damage|p1a: Lugia|22/100\n|-damage|p2a: Virizion|220/283 psn|[from] item: Life Orb\n|move|p1a: Lugia|Aeroblast|p2a: Virizion\n|-supereffective|p2a: Virizion\n|-damage|p2a: Virizion|0 fnt\n|faint|p2a: Virizion\n|\n|upkeep\n|inactive|Time left: 300 sec this turn | 300 sec total | 5 sec grace\n|\n|t:|1783562953\n|switch|p2a: Smeargle|Smeargle, L95, M|258/258\n|-status|p2a: Smeargle|psn\n|turn|23\n|inactive|Time left: 300 sec this turn | 300 sec total\n|\n|t:|1783562954\n|switch|p1a: Tyranitar|Tyranitar, L78, F|44/100 par\n|-weather|Sandstorm|[from] ability: Sand Stream|[of] p1a: Tyranitar\n|move|p2a: Smeargle|Shell Smash|p2a: Smeargle\n|-unboost|p2a: Smeargle|def|1\n|-unboost|p2a: Smeargle|spd|1\n|-boost|p2a: Smeargle|atk|2\n|-boost|p2a: Smeargle|spa|2\n|-boost|p2a: Smeargle|spe|2\n|\n|-weather|Sandstorm|[upkeep]\n|-damage|p2a: Smeargle|242/258 psn|[from] Sandstorm\n|-damage|p2a: Smeargle|210/258 psn|[from] psn\n|upkeep\n|turn|24\n|inactive|Time left: 300 sec this turn | 300 sec total\n|\n|t:|1783562955\n|move|p2a: Smeargle|Population Bomb|p1a: Tyranitar\n|-resisted|p1a: Tyranitar\n|-damage|p1a: Tyranitar|39/100 par\n|-resisted|p1a: Tyranitar\n|-damage|p1a: Tyranitar|34/100 par\n|-resisted|p1a: Tyranitar\n|-damage|p1a: Tyranitar|28/100 par\n|-resisted|p1a: Tyranitar\n|-damage|p1a: Tyranitar|23/100 par\n|-resisted|p1a: Tyranitar\n|-damage|p1a: Tyranitar|18/100 par\n|-resisted|p1a: Tyranitar\n|-damage|p1a: Tyranitar|13/100 par\n|-resisted|p1a: Tyranitar\n|-damage|p1a: Tyranitar|8/100 par\n|-resisted|p1a: Tyranitar\n|-damage|p1a: Tyranitar|3/100 par\n|-resisted|p1a: Tyranitar\n|-damage|p1a: Tyranitar|0 fnt\n|faint|p1a: Tyranitar\n|-hitcount|p1: Tyranitar|9\n|\n|-weather|Sandstorm|[upkeep]\n|-damage|p2a: Smeargle|194/258 psn|[from] Sandstorm\n|-damage|p2a: Smeargle|162/258 psn|[from] psn\n|upkeep\n|\n|t:|1783562956\n|switch|p1a: Toxapex|Toxapex, L82, M|68/100\n|turn|25\n|inactive|Time left: 300 sec this turn | 300 sec total\n|\n|t:|1783562957\n|-terastallize|p1a: Toxapex|Fairy\n|move|p2a: Smeargle|Spore|p1a: Toxapex\n|-status|p1a: Toxapex|slp|[from] move: Spore\n|cant|p1a: Toxapex|slp\n|\n|-weather|Sandstorm|[upkeep]\n|-damage|p2a: Smeargle|146/258 psn|[from] Sandstorm\n|-damage|p1a: Toxapex|62/100 slp|[from] Sandstorm\n|-damage|p2a: Smeargle|114/258 psn|[from] psn\n|upkeep\n|turn|26\n|inactive|Time left: 300 sec this turn | 300 sec total\n|\n|t:|1783562958\n|move|p2a: Smeargle|Shell Smash|p2a: Smeargle\n|-unboost|p2a: Smeargle|def|1\n|-unboost|p2a: Smeargle|spd|1\n|-boost|p2a: Smeargle|atk|2\n|-boost|p2a: Smeargle|spa|2\n|-boost|p2a: Smeargle|spe|2\n|-curestatus|p1a: Toxapex|slp|[msg]\n|move|p1a: Toxapex|Liquidation|p2a: Smeargle\n|-crit|p2a: Smeargle\n|-damage|p2a: Smeargle|0 fnt\n|faint|p2a: Smeargle\n|\n|win|p0x1980af2a", "uploadtime": 1783562958, "views": 0, "rating": 0, "private": 0, "password": null, "_winner": "p0x1980af2a", "_our_name": "p0y1980af95"}