{"id": "battle-gen9randombattle-1420", "formatid": "gen9randombattle", "format": "[Gen 9] Random Battle", "players": ["p0x14203c52", "p0y1420408d"], "log": "|init|battle\n|title|p0x14203c52 vs. p0y1420408d\n|j|\u2606p0x14203c52\n|j|\u2606p0y1420408d\n|t:|1783556529\n|gametype|singles\n|player|p1|p0x14203c52|2|\n|player|p2|p0y1420408d|1|\n|gen|9\n|tier|[Gen 9] Random Battle\n|rule|Species Clause: Limit one of each Pok\u00e9mon\n|rule|HP Percentage Mod: HP is shown in percentages\n|rule|Sleep Clause Mod: Limit one foe put to sleep\n|rule|Illusion Level Mod: Illusion disguises the Pok\u00e9mon's true level\n|\n|t:|1783556529\n|teamsize|p1|6\n|teamsize|p2|6\n|start\n|switch|p1a: Lunala|Lunala, L70|100/100\n|switch|p2a: Oinkologne|Oinkologne-F, L92, F|361/361\n|turn|1\n|inactive|Battle timer is ON: inactive players will automatically lose when time's up. (requested by p0y1420408d)\n|inactive|p0x14203c52 also wants the timer to be on.\n|\n|t:|1783556531\n|switch|p2a: Reshiram|Reshiram, L76|277/277\n|-ability|p2a: Reshiram|Turboblaze\n|move|p1a: Lunala|Calm Mind|p1a: Lunala\n|-boost|p1a: Lunala|spa|1\n|-boost|p1a: Lunala|spd|1\n|\n|upkeep\n|turn|2\n|inactive|Time left: 300 sec this turn | 300 sec total\n|\n|t:|1783556532\n|move|p2a: Reshiram|Outrage|p1a: Lunala\n|-damage|p1a: Lunala|77/100\n|move|p1a: Lunala|Moongeist Beam|p2a: Reshiram\n|-damage|p2a: Reshiram|153/277\n|\n|-heal|p1a: Lunala|83/100|[from] item: Leftovers\n|upkeep\n|turn|3\n|inactive|Time left: 300 sec this turn | 300 sec total\n|\n|t:|1783556533\n|-terastallize|p1a: Lunala|Fairy\n|move|p2a: Reshiram|Outrage|p1a: Lunala|[from] lockedmove\n|-immune|p1a: Lunala\n|move|p1a: Lunala|Calm Mind|p1a: Lunala\n|-boost|p1a: Lunala|spa|1\n|-boost|p1a: Lunala|spd|1\n|\n|-heal|p1a: Lunala|89/100|[from] item: Leftovers\n|upkeep\n|turn|4\n|inactive|Time left: 300 sec this turn | 300 sec total\n|\n|t:|1783556535\n|move|p2a: Reshiram|Flare Blitz|p1a: Lunala\n|-damage|p1a: Lunala|41/100\n|-damage|p2a: Reshiram|104/277|[from] Recoil\n|move|p1a: Lunala|Moongeist Beam|p2a: Reshiram\n|-damage|p2a: Reshiram|0 fnt\n|faint|p2a: Reshiram\n|\n|-heal|p1a: Lunala|48/100|[from] item: Leftovers\n|upkeep\n|inactive|Time left: 300 sec this turn | 300 sec total | 5 sec grace\n|\n|t:|1783556536\n|switch|p2a: Fezandipiti|Fezandipiti, L82, M|278/278\n|turn|5\n|inactive|Time left: 300 sec this turn | 300 sec total\n|\n|t:|1783556537\n|move|p2a: Fezandipiti|Gunk Shot|p1a: Lunala|[miss]\n|-miss|p2a: Fezandipiti|p1a: Lunala\n|move|p1a: Lunala|Moonlight|p1a: Lunala\n|-heal|p1a: Lunala|98/100\n|\n|-heal|p1a: Lunala|100/100|[from] item: Leftovers\n|upkeep\n|turn|6\n|inactive|Time left: 300 sec this turn | 300 sec total\n|\n|t:|1783556538\n|move|p2a: Fezandipiti|Gunk Shot|p1a: Lunala\n|-supereffective|p1a: Lunala\n|-damage|p1a: Lunala|59/100\n|-status|p1a: Lunala|tox|[from] ability: Toxic Chain|[of] p2a: Fezandipiti\n|move|p1a: Lunala|Moongeist Beam|p2a: Fezandipiti\n|-damage|p2a: Fezandipiti|122/278\n|\n|-heal|p2a: Fezandipiti|139/278|[from] item: Leftovers\n|-heal|p1a: Lunala|65/100 tox|[from] item: Leftovers\n|-damage|p1a: Lunala|59/100 tox|[from] psn\n|upkeep\n|turn|7\n|inactive|Time left: 300 sec this turn | 300 sec total\n|\n|t:|1783556539\n|move|p2a: Fezandipiti|Gunk Shot|p1a: Lunala\n|-supereffective|p1a: Lunala\n|-damage|p1a: Lunala|0 fnt\n|faint|p1a: Lunala\n|\n|-heal|p2a: Fezandipiti|156/278|[from] item: Leftovers\n|upkeep\n|\n|t:|1783556540\n|switch|p1a: Komala|Komala, L87, M|100/100\n|-ability|p1a: Komala|Comatose\n|turn|8\n|inactive|Time left: 300 sec this turn | 300 sec total\n|\n|t:|1783556541\n|move|p2a: Fezandipiti|Gunk Shot|p1a: Komala\n|-damage|p1a: Komala|44/100\n|move|p1a: Komala|Earthquake|p2a: Fezandipiti\n|-supereffective|p2a: Fezandipiti\n|-damage|p2a: Fezandipiti|0 fnt\n|faint|p2a: Fezandipiti\n|\n|upkeep\n|inactive|Time left: 300 sec this turn | 300 sec total | 5 sec grace\n|\n|t:|1783556542\n|switch|p2a: Toxtricity|Toxtricity, L82, F|257/257\n|turn|9\n|inactive|Time left: 300 sec this turn | 300 sec total\n|\n|t:|1783556543\n|move|p2a: Toxtricity|Boomburst|p1a: Komala\n|-damage|p1a: Komala|0 fnt\n|faint|p1a: Komala\n|\n|upkeep\n|\n|t:|1783556544\n|switch|p1a: Decidueye|Decidueye, L88, F|100/100\n|turn|10\n|inactive|Time left: 300 sec this turn | 300 sec total\n|\n|t:|1783556545\n|move|p1a: Decidueye|Swords Dance|p1a: Decidueye\n|-boost|p1a: Decidueye|atk|2\n|move|p2a: Toxtricity|Boomburst|p1a: Decidueye\n|-immune|p1a: Decidueye\n|\n|upkeep\n|turn|11\n|inactive|Time left: 300 sec this turn | 300 sec total\n|\n|t:|1783556546\n|switch|p2a: Oinkologne|Oinkologne-F, L92, F|361/361\n|move|p1a: Decidueye|Leaf Blade|p2a: Oinkologne\n|-damage|p2a: Oinkologne|69/361\n|-damage|p1a: Decidueye|91/100|[from] item: Life Orb\n|\n|-heal|p2a: Oinkologne|91/361|[from] item: Leftovers\n|upkeep\n|turn|12\n|inactive|Time left: 300 sec this turn | 300 sec total\n|\n|t:|1783556547\n|move|p1a: Decidueye|Leaf Blade|p2a: Oinkologne\n|-damage|p2a: Oinkologne|0 fnt\n|faint|p2a: Oinkologne\n|-damage|p1a: Decidueye|81/100|[from] item: Life Orb\n|\n|upkeep\n|inactive|Time left: 300 sec this turn | 300 sec total | 5 sec grace\n|\n|t:|1783556548\n|switch|p2a: Cramorant|Cramorant, L86, F|261/261\n|turn|13\n|inactive|Time left: 300 sec this turn | 300 sec total\n|\n|t:|1783556549\n|move|p1a: Decidueye|Shadow Sneak|p2a: Cramorant\n|-damage|p2a: Cramorant|82/261\n|-damage|p1a: Decidueye|71/100|[from] item: Life Orb\n|move|p2a: Cramorant|Brave Bird|p1a: Decidueye\n|-supereffective|p1a: Decidueye\n|-damage|p1a: Decidueye|0 fnt\n|faint|p1a: Decidueye\n|-damage|p2a: Cramorant|17/261|[from] Recoil\n|\n|upkeep\n|\n|t:|1783556550\n|switch|p1a: Miraidon|Miraidon, L65|100/100\n|-fieldstart|move: Electric Terrain|[from] ability: Hadron Engine|[of] p1a: Miraidon\n|turn|14\n|inactive|Time left: 300 sec this turn | 300 sec total\n|\n|t:|1783556551\n|move|p1a: Miraidon|Calm Mind|p1a: Miraidon\n|-boost|p1a: Miraidon|spa|1\n|-boost|p1a: Miraidon|spd|1\n|move|p2a: Cramorant|Roost|p2a: Cramorant\n|-heal|p2a: Cramorant|148/261\n|-singleturn|p2a: Cramorant|move: Roost\n|\n|upkeep\n|turn|15\n|inactive|Time left: 300 sec this turn | 300 sec total\n|\n|t:|1783556552\n|move|p1a: Miraidon|Dragon Pulse|p2a: Cramorant\n|-crit|p2a: Cramorant\n|-damage|p2a: Cramorant|0 fnt\n|faint|p2a: Cramorant\n|-damage|p1a: Miraidon|91/100|[from] item: Life Orb\n|\n|upkeep\n|inactive|Time left: 300 sec this turn | 300 sec total | 5 sec grace\n|\n|t:|1783556553\n|switch|p2a: Sinistcha|Sinistcha-Masterpiece, L83|254/254\n|turn|16\n|inactive|Time left: 300 sec this turn | 300 sec total\n|\n|t:|1783556554\n|move|p1a: Miraidon|Calm Mind|p1a: Miraidon\n|-boost|p1a: Miraidon|spa|1\n|-boost|p1a: Miraidon|spd|1\n|move|p2a: Sinistcha|Strength Sap|p1a: Miraidon\n|-unboost|p1a: Miraidon|atk|1\n|\n|upkeep\n|turn|17\n|inactive|Time left: 300 sec this turn | 300 sec total\n|\n|t:|1783556555\n|move|p1a: Miraidon|Dragon Pulse|p2a: Sinistcha\n|-damage|p2a: Sinistcha|0 fnt\n|faint|p2a: Sinistcha\n|-damage|p1a: Miraidon|81/100|[from] item: Life Orb\n|\n|upkeep\n|inactive|Time left: 300 sec this turn | 300 sec total | 5 sec grace\n|\n|t:|1783556556\n|switch|p2a: Toxtricity|Toxtricity, L82, F|257/257\n|turn|18\n|inactive|Time left: 300 sec this turn | 300 sec total\n|\n|t:|1783556556\n|move|p1a: Miraidon|Dragon Pulse|p2a: Toxtricity\n|-damage|p2a: Toxtricity|0 fnt\n|faint|p2a: Toxtricity\n|-damage|p1a: Miraidon|72/100|[from] item: Life Orb\n|\n|win|p0x14203c52", "uploadtime": 1783556557, "views": 0, "rating": 0, "private": 0, "password": null, "_winner": "p0x14203c52", "_our_name": "p0y1420408d"}