{"id": "battle-gen9randombattle-1758", "formatid": "gen9randombattle", "format": "[Gen 9] Random Battle", "players": ["p0x17580988", "p0y1758ed59"], "log": "|init|battle\n|title|p0x17580988 vs. p0y1758ed59\n|j|\u2606p0x17580988\n|j|\u2606p0y1758ed59\n|t:|1783559607\n|gametype|singles\n|player|p1|p0x17580988|170|\n|player|p2|p0y1758ed59|2|\n|gen|9\n|tier|[Gen 9] Random Battle\n|rule|Species Clause: Limit one of each Pok\u00e9mon\n|rule|HP Percentage Mod: HP is shown in percentages\n|rule|Sleep Clause Mod: Limit one foe put to sleep\n|rule|Illusion Level Mod: Illusion disguises the Pok\u00e9mon's true level\n|\n|t:|1783559607\n|teamsize|p1|6\n|teamsize|p2|6\n|start\n|switch|p1a: Sawsbuck|Sawsbuck-Autumn, L88, M|284/284\n|switch|p2a: Flamigo|Flamigo, L82, F|100/100\n|turn|1\n|inactive|Battle timer is ON: inactive players will automatically lose when time's up. (requested by p0y1758ed59)\n|inactive|Time left: 300 sec this turn | 300 sec total | 60 sec grace\n|\n|t:|1783559609\n|move|p1a: Sawsbuck|Headbutt|p2a: Flamigo\n|-damage|p2a: Flamigo|51/100\n|-damage|p1a: Sawsbuck|256/284|[from] item: Life Orb\n|cant|p2a: Flamigo|flinch\n|\n|upkeep\n|turn|2\n|inactive|Time left: 300 sec this turn | 300 sec total\n|inactive|p0x17580988 also wants the timer to be on.\n|\n|t:|1783559611\n|move|p1a: Sawsbuck|Headbutt|p2a: Flamigo\n|-damage|p2a: Flamigo|2/100\n|-damage|p1a: Sawsbuck|228/284|[from] item: Life Orb\n|move|p2a: Flamigo|Close Combat|p1a: Sawsbuck\n|-supereffective|p1a: Sawsbuck\n|-damage|p1a: Sawsbuck|0 fnt\n|-unboost|p2a: Flamigo|def|1\n|-unboost|p2a: Flamigo|spd|1\n|faint|p1a: Sawsbuck\n|\n|upkeep\n|inactive|Time left: 300 sec this turn | 300 sec total | 5 sec grace\n|\n|t:|1783559612\n|switch|p1a: Leafeon|Leafeon, L88, F|258/258\n|turn|3\n|inactive|Time left: 300 sec this turn | 300 sec total\n|\n|t:|1783559613\n|move|p1a: Leafeon|Knock Off|p2a: Flamigo\n|-resisted|p2a: Flamigo\n|-damage|p2a: Flamigo|0 fnt\n|-enditem|p2a: Flamigo|Choice Band|[from] move: Knock Off|[of] p1a: Leafeon\n|faint|p2a: Flamigo\n|-damage|p1a: Leafeon|233/258|[from] item: Life Orb\n|\n|upkeep\n|\n|t:|1783559614\n|switch|p2a: Slowbro|Slowbro-Galar, L87, F|100/100\n|turn|4\n|inactive|Time left: 300 sec this turn | 300 sec total\n|\n|t:|1783559615\n|switch|p1a: Crawdaunt|Crawdaunt, L84, M|243/243\n|move|p2a: Slowbro|Shell Side Arm|p1a: Crawdaunt|[anim] Shell Side Arm Special\n|-damage|p1a: Crawdaunt|87/243\n|-hint|Special Shell Side Arm\n|-status|p1a: Crawdaunt|psn\n|\n|-damage|p1a: Crawdaunt|57/243 psn|[from] psn\n|upkeep\n|turn|5\n|inactive|Time left: 300 sec this turn | 300 sec total\n|\n|t:|1783559616\n|switch|p2a: Arceus|Arceus-Electric, L70|100/100\n|move|p1a: Crawdaunt|Knock Off|p2a: Arceus\n|-damage|p2a: Arceus|53/100\n|-damage|p1a: Crawdaunt|33/243 psn|[from] item: Life Orb\n|\n|-damage|p1a: Crawdaunt|3/243 psn|[from] psn\n|upkeep\n|turn|6\n|inactive|Time left: 300 sec this turn | 300 sec total\n|\n|t:|1783559617\n|move|p2a: Arceus|Ice Beam|p1a: Crawdaunt\n|-resisted|p1a: Crawdaunt\n|-damage|p1a: Crawdaunt|0 fnt\n|faint|p1a: Crawdaunt\n|\n|upkeep\n|inactive|Time left: 300 sec this turn | 300 sec total | 5 sec grace\n|\n|t:|1783559618\n|switch|p1a: Leafeon|Leafeon, L88, F|233/258\n|turn|7\n|inactive|Time left: 300 sec this turn | 300 sec total\n|\n|t:|1783559619\n|move|p1a: Leafeon|Swords Dance|p1a: Leafeon\n|-boost|p1a: Leafeon|atk|2\n|move|p2a: Arceus|Ice Beam|p1a: Leafeon\n|-supereffective|p1a: Leafeon\n|-damage|p1a: Leafeon|111/258\n|\n|upkeep\n|turn|8\n|inactive|Time left: 300 sec this turn | 300 sec total\n|\n|t:|1783559620\n|move|p1a: Leafeon|Leaf Blade|p2a: Arceus\n|-damage|p2a: Arceus|0 fnt\n|faint|p2a: Arceus\n|-damage|p1a: Leafeon|86/258|[from] item: Life Orb\n|\n|upkeep\n|\n|t:|1783559621\n|switch|p2a: Heracross|Heracross, L80, F|100/100\n|turn|9\n|inactive|Time left: 300 sec this turn | 300 sec total\n|\n|t:|1783559622\n|move|p2a: Heracross|Close Combat|p1a: Leafeon\n|-damage|p1a: Leafeon|0 fnt\n|-unboost|p2a: Heracross|def|1\n|-unboost|p2a: Heracross|spd|1\n|faint|p1a: Leafeon\n|-ability|p2a: Heracross|Moxie|boost\n|-boost|p2a: Heracross|atk|1\n|\n|upkeep\n|inactive|Time left: 300 sec this turn | 300 sec total | 5 sec grace\n|\n|t:|1783559623\n|switch|p1a: Chandelure|Chandelure, L83, M|235/235\n|turn|10\n|inactive|Time left: 300 sec this turn | 300 sec total\n|\n|t:|1783559624\n|switch|p2a: Cinccino|Cinccino, L83, F|100/100\n|move|p1a: Chandelure|Calm Mind|p1a: Chandelure\n|-boost|p1a: Chandelure|spa|1\n|-boost|p1a: Chandelure|spd|1\n|\n|upkeep\n|turn|11\n|inactive|Time left: 300 sec this turn | 300 sec total\n|\n|t:|1783559625\n|move|p2a: Cinccino|Triple Axel|p1a: Chandelure\n|-resisted|p1a: Chandelure\n|-damage|p1a: Chandelure|225/235\n|-resisted|p1a: Chandelure\n|-damage|p1a: Chandelure|204/235\n|-resisted|p1a: Chandelure\n|-damage|p1a: Chandelure|175/235\n|-hitcount|p1a: Chandelure|3\n|move|p1a: Chandelure|Fire Blast|p2a: Cinccino\n|-damage|p2a: Cinccino|0 fnt\n|faint|p2a: Cinccino\n|\n|upkeep\n|\n|t:|1783559626\n|switch|p2a: Heracross|Heracross, L80, F|100/100\n|turn|12\n|inactive|Time left: 300 sec this turn | 300 sec total\n|\n|t:|1783559627\n|-terastallize|p2a: Heracross|Rock\n|move|p2a: Heracross|Stone Edge|p1a: Chandelure\n|-supereffective|p1a: Chandelure\n|-damage|p1a: Chandelure|0 fnt\n|faint|p1a: Chandelure\n|-ability|p2a: Heracross|Moxie|boost\n|-boost|p2a: Heracross|atk|1\n|\n|upkeep\n|inactive|Time left: 300 sec this turn | 300 sec total | 5 sec grace\n|\n|t:|1783559628\n|switch|p1a: Iron Valiant|Iron Valiant, L78|244/244\n|turn|13\n|inactive|Time left: 300 sec this turn | 300 sec total\n|\n|t:|1783559629\n|switch|p2a: Slowbro|Slowbro-Galar, L87, F|100/100\n|move|p1a: Iron Valiant|Calm Mind|p1a: Iron Valiant\n|-boost|p1a: Iron Valiant|spa|1\n|-boost|p1a: Iron Valiant|spd|1\n|\n|upkeep\n|turn|14\n|inactive|Time left: 300 sec this turn | 300 sec total\n|\n|t:|1783559631\n|-terastallize|p1a: Iron Valiant|Steel\n|move|p1a: Iron Valiant|Calm Mind|p1a: Iron Valiant\n|-boost|p1a: Iron Valiant|spa|1\n|-boost|p1a: Iron Valiant|spd|1\n|move|p2a: Slowbro|Shell Side Arm|p1a: Iron Valiant|[anim] Shell Side Arm Physical\n|-immune|p1a: Iron Valiant\n|\n|upkeep\n|turn|15\n|inactive|Time left: 300 sec this turn | 300 sec total\n|\n|t:|1783559632\n|move|p1a: Iron Valiant|Moonblast|p2a: Slowbro\n|-resisted|p2a: Slowbro\n|-damage|p2a: Slowbro|53/100\n|-damage|p1a: Iron Valiant|220/244|[from] item: Life Orb\n|move|p2a: Slowbro|Earthquake|p1a: Iron Valiant\n|-supereffective|p1a: Iron Valiant\n|-damage|p1a: Iron Valiant|62/244\n|\n|-heal|p2a: Slowbro|59/100|[from] item: Leftovers\n|upkeep\n|turn|16\n|inactive|Time left: 300 sec this turn | 300 sec total\n|\n|t:|1783559633\n|move|p1a: Iron Valiant|Psychic|p2a: Slowbro\n|-damage|p2a: Slowbro|0 fnt\n|faint|p2a: Slowbro\n|-damage|p1a: Iron Valiant|38/244|[from] item: Life Orb\n|\n|upkeep\n|\n|t:|1783559634\n|switch|p2a: Heracross|Heracross, L80, F, tera:Rock|100/100\n|turn|17\n|inactive|Time left: 300 sec this turn | 300 sec total\n|\n|t:|1783559635\n|move|p2a: Heracross|Close Combat|p1a: Iron Valiant\n|-supereffective|p1a: Iron Valiant\n|-damage|p1a: Iron Valiant|0 fnt\n|-unboost|p2a: Heracross|def|1\n|-unboost|p2a: Heracross|spd|1\n|faint|p1a: Iron Valiant\n|-end|p1a: Iron Valiant|Quark Drive|[silent]\n|-ability|p2a: Heracross|Moxie|boost\n|-boost|p2a: Heracross|atk|1\n|\n|upkeep\n|inactive|Time left: 300 sec this turn | 300 sec total | 5 sec grace\n|\n|t:|1783559636\n|switch|p1a: Salazzle|Salazzle, L83, F|249/249\n|turn|18\n|inactive|Time left: 300 sec this turn | 300 sec total\n|\n|t:|1783559637\n|move|p2a: Heracross|Close Combat|p1a: Salazzle\n|-resisted|p1a: Salazzle\n|-crit|p1a: Salazzle\n|-damage|p1a: Salazzle|53/249\n|-unboost|p2a: Heracross|def|1\n|-unboost|p2a: Heracross|spd|1\n|move|p1a: Salazzle|Fire Blast|p2a: Heracross\n|-resisted|p2a: Heracross\n|-damage|p2a: Heracross|51/100\n|\n|upkeep\n|turn|19\n|inactive|Time left: 300 sec this turn | 300 sec total\n|\n|t:|1783559638\n|move|p2a: Heracross|Close Combat|p1a: Salazzle\n|-resisted|p1a: Salazzle\n|-damage|p1a: Salazzle|0 fnt\n|-unboost|p2a: Heracross|def|1\n|-unboost|p2a: Heracross|spd|1\n|faint|p1a: Salazzle\n|\n|win|p0y1758ed59", "uploadtime": 1783559638, "views": 0, "rating": 0, "private": 0, "password": null, "_winner": "p0y1758ed59", "_our_name": "p0x17580988"}