{"id": "battle-gen9randombattle-2704", "formatid": "gen9randombattle", "format": "[Gen 9] Random Battle", "players": ["p0x2704448f", "p0y2704ba85"], "log": "|init|battle\n|title|p0x2704448f vs. p0y2704ba85\n|j|\u2606p0x2704448f\n|j|\u2606p0y2704ba85\n|t:|1783570186\n|gametype|singles\n|player|p1|p0x2704448f|2|\n|player|p2|p0y2704ba85|102|\n|gen|9\n|tier|[Gen 9] Random Battle\n|rule|Species Clause: Limit one of each Pok\u00e9mon\n|rule|HP Percentage Mod: HP is shown in percentages\n|rule|Sleep Clause Mod: Limit one foe put to sleep\n|rule|Illusion Level Mod: Illusion disguises the Pok\u00e9mon's true level\n|\n|t:|1783570186\n|teamsize|p1|6\n|teamsize|p2|6\n|start\n|switch|p1a: Revavroom|Revavroom, L79, F|100/100\n|switch|p2a: Terapagos|Terapagos, L77, M|265/265\n|-activate|p2a: Terapagos|ability: Tera Shift\n|detailschange|p2a: Terapagos|Terapagos-Terastal, L77, M\n|-heal|p2a: Terapagos|273/273|[silent]\n|turn|1\n|inactive|Battle timer is ON: inactive players will automatically lose when time's up. (requested by p0x2704448f)\n|inactive|Time left: 300 sec this turn | 300 sec total | 60 sec grace\n|inactive|p0y2704ba85 also wants the timer to be on.\n|\n|t:|1783570187\n|switch|p2a: Greedent|Greedent, L86, M|347/347\n|move|p1a: Revavroom|Shift Gear|p1a: Revavroom\n|-boost|p1a: Revavroom|spe|2\n|-boost|p1a: Revavroom|atk|1\n|\n|upkeep\n|turn|2\n|inactive|Time left: 300 sec this turn | 300 sec total\n|\n|t:|1783570188\n|move|p1a: Revavroom|Iron Head|p2a: Greedent\n|-damage|p2a: Greedent|201/347\n|-damage|p1a: Revavroom|91/100|[from] item: Life Orb\n|move|p2a: Greedent|Earthquake|p1a: Revavroom\n|-supereffective|p1a: Revavroom\n|-crit|p1a: Revavroom\n|-damage|p1a: Revavroom|0 fnt\n|faint|p1a: Revavroom\n|\n|upkeep\n|\n|t:|1783570189\n|switch|p1a: Great Tusk|Great Tusk, L77|100/100\n|-enditem|p1a: Great Tusk|Booster Energy\n|-activate|p1a: Great Tusk|ability: Protosynthesis|[fromitem]\n|-start|p1a: Great Tusk|protosynthesisatk\n|turn|3\n|inactive|Time left: 300 sec this turn | 300 sec total\n|\n|t:|1783570190\n|move|p1a: Great Tusk|Bulk Up|p1a: Great Tusk\n|-boost|p1a: Great Tusk|atk|1\n|-boost|p1a: Great Tusk|def|1\n|move|p2a: Greedent|Swords Dance|p2a: Greedent\n|-boost|p2a: Greedent|atk|2\n|\n|upkeep\n|turn|4\n|inactive|Time left: 300 sec this turn | 300 sec total\n|\n|t:|1783570191\n|switch|p2a: Altaria|Altaria, L89, M|278/278\n|move|p1a: Great Tusk|Earthquake|p2a: Altaria\n|-immune|p2a: Altaria\n|\n|upkeep\n|turn|5\n|inactive|Time left: 300 sec this turn | 300 sec total\n|\n|t:|1783570192\n|move|p2a: Altaria|Dragon Dance|p2a: Altaria\n|-boost|p2a: Altaria|atk|1\n|-boost|p2a: Altaria|spe|1\n|move|p1a: Great Tusk|Stone Edge|p2a: Altaria\n|-supereffective|p2a: Altaria\n|-damage|p2a: Altaria|2/278\n|\n|upkeep\n|turn|6\n|inactive|Time left: 300 sec this turn | 300 sec total\n|\n|t:|1783570193\n|move|p2a: Altaria|Brave Bird|p1a: Great Tusk\n|-supereffective|p1a: Great Tusk\n|-damage|p1a: Great Tusk|45/100\n|-damage|p2a: Altaria|0 fnt|[from] Recoil\n|faint|p2a: Altaria\n|move|p1a: Great Tusk|Bulk Up|p1a: Great Tusk\n|-boost|p1a: Great Tusk|atk|1\n|-boost|p1a: Great Tusk|def|1\n|\n|upkeep\n|inactive|Time left: 300 sec this turn | 300 sec total | 5 sec grace\n|\n|t:|1783570195\n|switch|p2a: Greedent|Greedent, L86, M|201/347\n|turn|7\n|inactive|Time left: 300 sec this turn | 300 sec total\n|\n|t:|1783570196\n|move|p1a: Great Tusk|Earthquake|p2a: Greedent\n|-damage|p2a: Greedent|0 fnt\n|faint|p2a: Greedent\n|\n|upkeep\n|inactive|Time left: 300 sec this turn | 300 sec total | 5 sec grace\n|\n|t:|1783570197\n|switch|p2a: Terapagos|Terapagos-Terastal, L77, M|273/273\n|turn|8\n|inactive|Time left: 300 sec this turn | 300 sec total\n|\n|t:|1783570198\n|move|p1a: Great Tusk|Close Combat|p2a: Terapagos\n|-activate|p2a: Terapagos|ability: Tera Shell\n|-resisted|p2a: Terapagos\n|-damage|p2a: Terapagos|114/273\n|-unboost|p1a: Great Tusk|def|1\n|-unboost|p1a: Great Tusk|spd|1\n|move|p2a: Terapagos|Tera Starstorm|p1a: Great Tusk\n|-damage|p1a: Great Tusk|0 fnt\n|faint|p1a: Great Tusk\n|-end|p1a: Great Tusk|Protosynthesis|[silent]\n|\n|upkeep\n|\n|t:|1783570199\n|switch|p1a: Zacian|Zacian-Crowned, L64|100/100\n|-ability|p1a: Zacian|Intrepid Sword|boost\n|-boost|p1a: Zacian|atk|1\n|turn|9\n|inactive|Time left: 300 sec this turn | 300 sec total\n|\n|t:|1783570200\n|switch|p2a: Clodsire|Clodsire, L81, F|343/343\n|move|p1a: Zacian|Behemoth Blade|p2a: Clodsire\n|-damage|p2a: Clodsire|229/343\n|\n|-heal|p2a: Clodsire|250/343|[from] item: Leftovers\n|upkeep\n|turn|10\n|inactive|Time left: 300 sec this turn | 300 sec total\n|\n|t:|1783570201\n|move|p1a: Zacian|Behemoth Blade|p2a: Clodsire\n|-damage|p2a: Clodsire|136/343\n|move|p2a: Clodsire|Earthquake|p1a: Zacian\n|-supereffective|p1a: Zacian\n|-damage|p1a: Zacian|28/100\n|\n|-heal|p2a: Clodsire|157/343|[from] item: Leftovers\n|upkeep\n|turn|11\n|inactive|Time left: 300 sec this turn | 300 sec total\n|\n|t:|1783570203\n|move|p1a: Zacian|Behemoth Blade|p2a: Clodsire\n|-damage|p2a: Clodsire|39/343\n|move|p2a: Clodsire|Recover|p2a: Clodsire\n|-heal|p2a: Clodsire|211/343\n|\n|-heal|p2a: Clodsire|232/343|[from] item: Leftovers\n|upkeep\n|turn|12\n|inactive|Time left: 300 sec this turn | 300 sec total\n|\n|t:|1783570204\n|move|p1a: Zacian|Behemoth Blade|p2a: Clodsire\n|-damage|p2a: Clodsire|118/343\n|move|p2a: Clodsire|Earthquake|p1a: Zacian\n|-supereffective|p1a: Zacian\n|-damage|p1a: Zacian|0 fnt\n|faint|p1a: Zacian\n|\n|-heal|p2a: Clodsire|139/343|[from] item: Leftovers\n|upkeep\n|\n|t:|1783570205\n|switch|p1a: Mewtwo|Mewtwo, L72|100/100\n|-ability|p1a: Mewtwo|Unnerve\n|turn|13\n|inactive|Time left: 300 sec this turn | 300 sec total\n|\n|t:|1783570206\n|move|p1a: Mewtwo|Psystrike|p2a: Clodsire\n|-supereffective|p2a: Clodsire\n|-damage|p2a: Clodsire|0 fnt\n|faint|p2a: Clodsire\n|-damage|p1a: Mewtwo|91/100|[from] item: Life Orb\n|\n|upkeep\n|inactive|Time left: 300 sec this turn | 300 sec total | 5 sec grace\n|\n|t:|1783570207\n|switch|p2a: Drednaw|Drednaw, L81, F|278/278\n|turn|14\n|inactive|Time left: 300 sec this turn | 300 sec total\n|\n|t:|1783570208\n|switch|p1a: Ludicolo|Ludicolo, L90, M|100/100\n|move|p2a: Drednaw|Shell Smash|p2a: Drednaw\n|-unboost|p2a: Drednaw|def|1\n|-unboost|p2a: Drednaw|spd|1\n|-boost|p2a: Drednaw|atk|2\n|-boost|p2a: Drednaw|spa|2\n|-boost|p2a: Drednaw|spe|2\n|-enditem|p2a: Drednaw|White Herb\n|-clearnegativeboost|p2a: Drednaw|[silent]\n|\n|upkeep\n|turn|15\n|inactive|Time left: 300 sec this turn | 300 sec total\n|\n|t:|1783570209\n|-terastallize|p2a: Drednaw|Dark\n|-terastallize|p1a: Ludicolo|Grass\n|move|p2a: Drednaw|Crunch|p1a: Ludicolo\n|-damage|p1a: Ludicolo|0 fnt\n|faint|p1a: Ludicolo\n|\n|upkeep\n|\n|t:|1783570210\n|switch|p1a: Virizion|Virizion, L82|100/100\n|turn|16\n|inactive|Time left: 300 sec this turn | 300 sec total\n|\n|t:|1783570210\n|move|p2a: Drednaw|Liquidation|p1a: Virizion\n|-resisted|p1a: Virizion\n|-damage|p1a: Virizion|63/100\n|move|p1a: Virizion|Close Combat|p2a: Drednaw\n|-supereffective|p2a: Drednaw\n|-damage|p2a: Drednaw|0 fnt\n|-unboost|p1a: Virizion|def|1\n|-unboost|p1a: Virizion|spd|1\n|faint|p2a: Drednaw\n|-damage|p1a: Virizion|53/100|[from] item: Life Orb\n|\n|upkeep\n|inactive|Time left: 300 sec this turn | 300 sec total | 5 sec grace\n|\n|t:|1783570211\n|switch|p2a: Iron Boulder|Iron Boulder, L77|265/265\n|turn|17\n|inactive|Time left: 300 sec this turn | 300 sec total\n|\n|t:|1783570212\n|switch|p1a: Mewtwo|Mewtwo, L72|91/100\n|-ability|p1a: Mewtwo|Unnerve\n|move|p2a: Iron Boulder|Zen Headbutt|p1a: Mewtwo\n|-resisted|p1a: Mewtwo\n|-damage|p1a: Mewtwo|67/100\n|-damage|p2a: Iron Boulder|239/265|[from] item: Life Orb\n|\n|upkeep\n|turn|18\n|inactive|Time left: 300 sec this turn | 300 sec total\n|\n|t:|1783570213\n|move|p2a: Iron Boulder|Swords Dance|p2a: Iron Boulder\n|-boost|p2a: Iron Boulder|atk|2\n|move|p1a: Mewtwo|Dark Pulse|p2a: Iron Boulder\n|-supereffective|p2a: Iron Boulder\n|-damage|p2a: Iron Boulder|88/265\n|-damage|p1a: Mewtwo|57/100|[from] item: Life Orb\n|\n|upkeep\n|turn|19\n|inactive|Time left: 300 sec this turn | 300 sec total\n|\n|t:|1783570214\n|switch|p1a: Virizion|Virizion, L82|53/100\n|move|p2a: Iron Boulder|Mighty Cleave|p1a: Virizion\n|-resisted|p1a: Virizion\n|-damage|p1a: Virizion|2/100\n|-damage|p2a: Iron Boulder|62/265|[from] item: Life Orb\n|\n|upkeep\n|turn|20\n|inactive|Time left: 300 sec this turn | 300 sec total\n|\n|t:|1783570215\n|move|p2a: Iron Boulder|Mighty Cleave|p1a: Virizion\n|-resisted|p1a: Virizion\n|-damage|p1a: Virizion|0 fnt\n|faint|p1a: Virizion\n|-damage|p2a: Iron Boulder|36/265|[from] item: Life Orb\n|\n|upkeep\n|\n|t:|1783570216\n|switch|p1a: Mewtwo|Mewtwo, L72|57/100\n|-ability|p1a: Mewtwo|Unnerve\n|turn|21\n|inactive|Time left: 300 sec this turn | 300 sec total\n|\n|t:|1783570217\n|move|p2a: Iron Boulder|Mighty Cleave|p1a: Mewtwo\n|-damage|p1a: Mewtwo|0 fnt\n|faint|p1a: Mewtwo\n|-damage|p2a: Iron Boulder|10/265|[from] item: Life Orb\n|\n|win|p0y2704ba85", "uploadtime": 1783570217, "views": 0, "rating": 0, "private": 0, "password": null, "_winner": "p0y2704ba85", "_our_name": "p0y2704ba85"}