{"id": "battle-gen9randombattle-1473", "formatid": "gen9randombattle", "format": "[Gen 9] Random Battle", "players": ["p0x14738f11", "p0y14730241"], "log": "|init|battle\n|title|p0x14738f11 vs. p0y14730241\n|j|\u2606p0x14738f11\n|j|\u2606p0y14730241\n|t:|1783556234\n|gametype|singles\n|player|p1|p0x14738f11|1|\n|player|p2|p0y14730241|170|\n|gen|9\n|tier|[Gen 9] Random Battle\n|rule|Species Clause: Limit one of each Pok\u00e9mon\n|rule|HP Percentage Mod: HP is shown in percentages\n|rule|Sleep Clause Mod: Limit one foe put to sleep\n|rule|Illusion Level Mod: Illusion disguises the Pok\u00e9mon's true level\n|\n|t:|1783556234\n|teamsize|p1|6\n|teamsize|p2|6\n|start\n|switch|p1a: Zekrom|Zekrom, L71|259/259\n|switch|p2a: Revavroom|Revavroom, L79, F|100/100\n|-ability|p1a: Zekrom|Teravolt\n|turn|1\n|inactive|Battle timer is ON: inactive players will automatically lose when time's up. (requested by p0y14730241)\n|inactive|Time left: 300 sec this turn | 300 sec total | 60 sec grace\n|inactive|p0x14738f11 also wants the timer to be on.\n|\n|t:|1783556236\n|switch|p1a: Masquerain|Masquerain, L87, F|264/264\n|-ability|p1a: Masquerain|Intimidate|boost\n|-unboost|p2a: Revavroom|atk|1\n|move|p2a: Revavroom|Shift Gear|p2a: Revavroom\n|-boost|p2a: Revavroom|spe|2\n|-boost|p2a: Revavroom|atk|1\n|\n|upkeep\n|turn|2\n|inactive|Time left: 300 sec this turn | 300 sec total\n|\n|t:|1783556237\n|move|p2a: Revavroom|Gunk Shot|p1a: Masquerain\n|-damage|p1a: Masquerain|65/264\n|-damage|p2a: Revavroom|91/100|[from] item: Life Orb\n|move|p1a: Masquerain|Sticky Web|p2a: Revavroom\n|-sidestart|p2: p0y14730241|move: Sticky Web\n|\n|upkeep\n|turn|3\n|inactive|Time left: 300 sec this turn | 300 sec total\n|\n|t:|1783556238\n|switch|p1a: Reshiram|Reshiram, L76|277/277\n|-ability|p1a: Reshiram|Turboblaze\n|move|p2a: Revavroom|Shift Gear|p2a: Revavroom\n|-boost|p2a: Revavroom|spe|2\n|-boost|p2a: Revavroom|atk|1\n|\n|upkeep\n|turn|4\n|inactive|Time left: 300 sec this turn | 300 sec total\n|\n|t:|1783556239\n|-terastallize|p2a: Revavroom|Ground\n|move|p2a: Revavroom|High Horsepower|p1a: Reshiram\n|-supereffective|p1a: Reshiram\n|-crit|p1a: Reshiram\n|-damage|p1a: Reshiram|0 fnt\n|faint|p1a: Reshiram\n|-damage|p2a: Revavroom|81/100|[from] item: Life Orb\n|\n|upkeep\n|inactive|Time left: 300 sec this turn | 300 sec total | 5 sec grace\n|\n|t:|1783556240\n|switch|p1a: Cacturne|Cacturne, L92, F|278/278\n|turn|5\n|inactive|Time left: 300 sec this turn | 300 sec total\n|\n|t:|1783556242\n|-terastallize|p1a: Cacturne|Poison\n|move|p2a: Revavroom|Gunk Shot|p1a: Cacturne\n|-resisted|p1a: Cacturne\n|-damage|p1a: Cacturne|134/278\n|-damage|p2a: Revavroom|71/100|[from] item: Life Orb\n|move|p1a: Cacturne|Seed Bomb|p2a: Revavroom\n|-supereffective|p2a: Revavroom\n|-damage|p2a: Revavroom|0 fnt\n|faint|p2a: Revavroom\n|-damage|p1a: Cacturne|107/278|[from] item: Life Orb\n|\n|upkeep\n|\n|t:|1783556243\n|switch|p2a: Iron Jugulis|Iron Jugulis, L77|100/100\n|turn|6\n|inactive|Time left: 300 sec this turn | 300 sec total\n|\n|t:|1783556244\n|switch|p1a: Blissey|Blissey, L85, F|572/572\n|move|p2a: Iron Jugulis|Dark Pulse|p1a: Blissey\n|-damage|p1a: Blissey|485/572\n|\n|-heal|p1a: Blissey|520/572|[from] item: Leftovers\n|upkeep\n|turn|7\n|inactive|Time left: 300 sec this turn | 300 sec total\n|\n|t:|1783556245\n|move|p2a: Iron Jugulis|Dark Pulse|p1a: Blissey\n|-damage|p1a: Blissey|436/572\n|cant|p1a: Blissey|flinch\n|\n|-heal|p1a: Blissey|471/572|[from] item: Leftovers\n|upkeep\n|turn|8\n|inactive|Time left: 300 sec this turn | 300 sec total\n|\n|t:|1783556246\n|move|p2a: Iron Jugulis|Dark Pulse|p1a: Blissey\n|-damage|p1a: Blissey|381/572\n|cant|p1a: Blissey|flinch\n|\n|-heal|p1a: Blissey|416/572|[from] item: Leftovers\n|upkeep\n|turn|9\n|inactive|Time left: 300 sec this turn | 300 sec total\n|\n|t:|1783556247\n|move|p2a: Iron Jugulis|Dark Pulse|p1a: Blissey\n|-damage|p1a: Blissey|332/572\n|move|p1a: Blissey|Stealth Rock|p2a: Iron Jugulis\n|-sidestart|p2: p0y14730241|move: Stealth Rock\n|\n|-heal|p1a: Blissey|367/572|[from] item: Leftovers\n|upkeep\n|turn|10\n|inactive|Time left: 300 sec this turn | 300 sec total\n|\n|t:|1783556248\n|move|p2a: Iron Jugulis|Dark Pulse|p1a: Blissey\n|-damage|p1a: Blissey|271/572\n|cant|p1a: Blissey|flinch\n|\n|-heal|p1a: Blissey|306/572|[from] item: Leftovers\n|upkeep\n|turn|11\n|inactive|Time left: 300 sec this turn | 300 sec total\n|\n|t:|1783556249\n|move|p2a: Iron Jugulis|Dark Pulse|p1a: Blissey\n|-damage|p1a: Blissey|213/572\n|move|p1a: Blissey|Soft-Boiled|p1a: Blissey\n|-heal|p1a: Blissey|499/572\n|\n|-heal|p1a: Blissey|534/572|[from] item: Leftovers\n|upkeep\n|turn|12\n|inactive|Time left: 300 sec this turn | 300 sec total\n|\n|t:|1783556250\n|move|p2a: Iron Jugulis|Dark Pulse|p1a: Blissey\n|-damage|p1a: Blissey|441/572\n|move|p1a: Blissey|Seismic Toss|p2a: Iron Jugulis\n|-damage|p2a: Iron Jugulis|69/100\n|\n|-heal|p1a: Blissey|476/572|[from] item: Leftovers\n|upkeep\n|turn|13\n|inactive|Time left: 300 sec this turn | 300 sec total\n|\n|t:|1783556251\n|move|p2a: Iron Jugulis|Dark Pulse|p1a: Blissey\n|-damage|p1a: Blissey|380/572\n|move|p1a: Blissey|Seismic Toss|p2a: Iron Jugulis\n|-damage|p2a: Iron Jugulis|38/100\n|\n|-heal|p1a: Blissey|415/572|[from] item: Leftovers\n|upkeep\n|turn|14\n|inactive|Time left: 300 sec this turn | 300 sec total\n|\n|t:|1783556252\n|move|p2a: Iron Jugulis|Dark Pulse|p1a: Blissey\n|-damage|p1a: Blissey|325/572\n|move|p1a: Blissey|Seismic Toss|p2a: Iron Jugulis\n|-damage|p2a: Iron Jugulis|6/100\n|\n|-heal|p1a: Blissey|360/572|[from] item: Leftovers\n|upkeep\n|turn|15\n|inactive|Time left: 300 sec this turn | 300 sec total\n|\n|t:|1783556253\n|move|p2a: Iron Jugulis|Dark Pulse|p1a: Blissey\n|-damage|p1a: Blissey|264/572\n|move|p1a: Blissey|Seismic Toss|p2a: Iron Jugulis\n|-damage|p2a: Iron Jugulis|0 fnt\n|faint|p2a: Iron Jugulis\n|-end|p2a: Iron Jugulis|Quark Drive|[silent]\n|\n|-heal|p1a: Blissey|299/572|[from] item: Leftovers\n|upkeep\n|\n|t:|1783556254\n|switch|p2a: Hitmonlee|Hitmonlee, L85, M|100/100\n|-activate|p2a: Hitmonlee|move: Sticky Web\n|-unboost|p2a: Hitmonlee|spe|1\n|-damage|p2a: Hitmonlee|95/100|[from] Stealth Rock\n|turn|16\n|inactive|Time left: 300 sec this turn | 300 sec total\n|\n|t:|1783556255\n|move|p2a: Hitmonlee|High Jump Kick|p1a: Blissey\n|-supereffective|p1a: Blissey\n|-damage|p1a: Blissey|0 fnt\n|faint|p1a: Blissey\n|\n|upkeep\n|inactive|Time left: 300 sec this turn | 300 sec total | 5 sec grace\n|\n|t:|1783556256\n|switch|p1a: Zekrom|Zekrom, L71|259/259\n|-ability|p1a: Zekrom|Teravolt\n|turn|17\n|inactive|Time left: 300 sec this turn | 300 sec total\n|\n|t:|1783556257\n|move|p2a: Hitmonlee|High Jump Kick|p1a: Zekrom\n|-damage|p1a: Zekrom|78/259\n|move|p1a: Zekrom|Dragon Dance|p1a: Zekrom\n|-boost|p1a: Zekrom|atk|1\n|-boost|p1a: Zekrom|spe|1\n|\n|-heal|p1a: Zekrom|94/259|[from] item: Leftovers\n|upkeep\n|turn|18\n|inactive|Time left: 300 sec this turn | 300 sec total\n|\n|t:|1783556257\n|move|p1a: Zekrom|Bolt Strike|p2a: Hitmonlee\n|-damage|p2a: Hitmonlee|0 fnt\n|faint|p2a: Hitmonlee\n|\n|-heal|p1a: Zekrom|110/259|[from] item: Leftovers\n|upkeep\n|\n|t:|1783556258\n|switch|p2a: Arceus|Arceus-Grass, L73|100/100\n|-activate|p2a: Arceus|move: Sticky Web\n|-unboost|p2a: Arceus|spe|1\n|-damage|p2a: Arceus|88/100|[from] Stealth Rock\n|turn|19\n|inactive|Time left: 300 sec this turn | 300 sec total\n|\n|t:|1783556259\n|move|p1a: Zekrom|Outrage|p2a: Arceus\n|-damage|p2a: Arceus|30/100\n|move|p2a: Arceus|Ice Beam|p1a: Zekrom\n|-supereffective|p1a: Zekrom\n|-damage|p1a: Zekrom|0 fnt\n|faint|p1a: Zekrom\n|\n|upkeep\n|inactive|Time left: 300 sec this turn | 300 sec total | 5 sec grace\n|\n|t:|1783556260\n|switch|p1a: Cacturne|Cacturne, L92, F, tera:Poison|107/278\n|turn|20\n|inactive|Time left: 300 sec this turn | 300 sec total\n|\n|t:|1783556261\n|move|p1a: Cacturne|Knock Off|p2a: Arceus\n|-damage|p2a: Arceus|0 fnt\n|faint|p2a: Arceus\n|-damage|p1a: Cacturne|80/278|[from] item: Life Orb\n|\n|upkeep\n|\n|t:|1783556261\n|switch|p2a: Mightyena|Mightyena, L96, M|100/100\n|-activate|p2a: Mightyena|move: Sticky Web\n|-unboost|p2a: Mightyena|spe|1\n|-damage|p2a: Mightyena|88/100|[from] Stealth Rock\n|-ability|p2a: Mightyena|Intimidate|boost\n|-unboost|p1a: Cacturne|atk|1\n|turn|21\n|inactive|Time left: 300 sec this turn | 300 sec total\n|\n|t:|1783556262\n|move|p1a: Cacturne|Knock Off|p2a: Mightyena\n|-resisted|p2a: Mightyena\n|-damage|p2a: Mightyena|67/100\n|-enditem|p2a: Mightyena|Assault Vest|[from] move: Knock Off|[of] p1a: Cacturne\n|-damage|p1a: Cacturne|53/278|[from] item: Life Orb\n|move|p2a: Mightyena|Crunch|p1a: Cacturne\n|-damage|p1a: Cacturne|0 fnt\n|faint|p1a: Cacturne\n|\n|upkeep\n|inactive|Time left: 300 sec this turn | 300 sec total | 5 sec grace\n|\n|t:|1783556263\n|switch|p1a: Masquerain|Masquerain, L87, F|65/264\n|-ability|p1a: Masquerain|Intimidate|boost\n|-unboost|p2a: Mightyena|atk|1\n|turn|22\n|inactive|Time left: 300 sec this turn | 300 sec total\n|\n|t:|1783556264\n|move|p1a: Masquerain|Hurricane|p2a: Mightyena\n|-damage|p2a: Mightyena|12/100\n|-start|p2a: Mightyena|confusion\n|-activate|p2a: Mightyena|confusion\n|-damage|p2a: Mightyena|3/100|[from] confusion\n|\n|upkeep\n|turn|23\n|inactive|Time left: 300 sec this turn | 300 sec total\n|\n|t:|1783556265\n|switch|p1a: Mesprit|Mesprit, L85|275/275\n|-activate|p2a: Mightyena|confusion\n|move|p2a: Mightyena|Sucker Punch||[still]\n|-fail|p2a: Mightyena\n|\n|upkeep\n|turn|24\n|inactive|Time left: 300 sec this turn | 300 sec total\n|\n|t:|1783556266\n|-activate|p2a: Mightyena|confusion\n|-damage|p2a: Mightyena|0 fnt|[from] confusion\n|faint|p2a: Mightyena\n|move|p1a: Mesprit|Thunderbolt|p2: Mightyena|[notarget]\n|-fail|p1a: Mesprit\n|\n|upkeep\n|\n|t:|1783556267\n|switch|p2a: Luvdisc|Luvdisc, F|100/100\n|turn|25\n|inactive|Time left: 300 sec this turn | 300 sec total\n|\n|t:|1783556268\n|move|p2a: Luvdisc|Substitute|p2a: Luvdisc\n|-start|p2a: Luvdisc|Substitute\n|-damage|p2a: Luvdisc|76/100\n|move|p1a: Mesprit|Thunderbolt|p2a: Luvdisc\n|-supereffective|p2a: Luvdisc\n|-end|p2a: Luvdisc|Substitute\n|\n|upkeep\n|turn|26\n|inactive|Time left: 300 sec this turn | 300 sec total\n|\n|t:|1783556269\n|move|p2a: Luvdisc|Substitute|p2a: Luvdisc\n|-start|p2a: Luvdisc|Substitute\n|-damage|p2a: Luvdisc|51/100\n|move|p1a: Mesprit|Thunderbolt|p2a: Luvdisc\n|-supereffective|p2a: Luvdisc\n|-end|p2a: Luvdisc|Substitute\n|\n|upkeep\n|turn|27\n|inactive|Time left: 300 sec this turn | 300 sec total\n|\n|t:|1783556270\n|move|p2a: Luvdisc|Surf|p1a: Mesprit\n|-damage|p1a: Mesprit|206/275\n|move|p1a: Mesprit|Thunderbolt|p2a: Luvdisc\n|-supereffective|p2a: Luvdisc\n|-damage|p2a: Luvdisc|0 fnt\n|faint|p2a: Luvdisc\n|\n|win|p0x14738f11", "uploadtime": 1783556270, "views": 0, "rating": 0, "private": 0, "password": null, "_winner": "p0x14738f11", "_our_name": "p0x14738f11"}