{"id": "battle-gen9randombattle-2367", "formatid": "gen9randombattle", "format": "[Gen 9] Random Battle", "players": ["p0x2367cebd", "p0y236770a7"], "log": "|init|battle\n|title|p0x2367cebd vs. p0y236770a7\n|j|\u2606p0x2367cebd\n|j|\u2606p0y236770a7\n|t:|1783567509\n|gametype|singles\n|player|p1|p0x2367cebd|102|\n|player|p2|p0y236770a7|170|\n|gen|9\n|tier|[Gen 9] Random Battle\n|rule|Species Clause: Limit one of each Pok\u00e9mon\n|rule|HP Percentage Mod: HP is shown in percentages\n|rule|Sleep Clause Mod: Limit one foe put to sleep\n|rule|Illusion Level Mod: Illusion disguises the Pok\u00e9mon's true level\n|\n|t:|1783567509\n|teamsize|p1|6\n|teamsize|p2|6\n|start\n|switch|p1a: Plusle|Plusle, L95, M|100/100\n|switch|p2a: Breloom|Breloom, L83, F|235/235\n|turn|1\n|inactive|Battle timer is ON: inactive players will automatically lose when time's up. (requested by p0x2367cebd)\n|inactive|Time left: 300 sec this turn | 300 sec total | 60 sec grace\n|inactive|p0y236770a7 also wants the timer to be on.\n|\n|t:|1783567510\n|switch|p1a: Sinistcha|Sinistcha-Masterpiece, L83|100/100\n|switch|p2a: Meganium|Meganium, L90, F|290/290\n|\n|upkeep\n|turn|2\n|inactive|Time left: 300 sec this turn | 300 sec total\n|\n|t:|1783567511\n|move|p2a: Meganium|Swords Dance|p2a: Meganium\n|-boost|p2a: Meganium|atk|2\n|move|p1a: Sinistcha|Shadow Ball|p2a: Meganium\n|-damage|p2a: Meganium|205/290\n|\n|-heal|p2a: Meganium|223/290|[from] item: Leftovers\n|upkeep\n|turn|3\n|inactive|Time left: 300 sec this turn | 300 sec total\n|\n|t:|1783567512\n|move|p2a: Meganium|Knock Off|p1a: Sinistcha\n|-supereffective|p1a: Sinistcha\n|-damage|p1a: Sinistcha|3/100\n|-enditem|p1a: Sinistcha|Leftovers|[from] move: Knock Off|[of] p2a: Meganium\n|move|p1a: Sinistcha|Strength Sap|p2a: Meganium\n|-unboost|p2a: Meganium|atk|1\n|-heal|p1a: Sinistcha|100/100\n|\n|-heal|p2a: Meganium|241/290|[from] item: Leftovers\n|upkeep\n|turn|4\n|inactive|Time left: 300 sec this turn | 300 sec total\n|\n|t:|1783567513\n|move|p2a: Meganium|Swords Dance|p2a: Meganium\n|-boost|p2a: Meganium|atk|2\n|move|p1a: Sinistcha|Calm Mind|p1a: Sinistcha\n|-boost|p1a: Sinistcha|spa|1\n|-boost|p1a: Sinistcha|spd|1\n|\n|-heal|p2a: Meganium|259/290|[from] item: Leftovers\n|upkeep\n|turn|5\n|inactive|Time left: 300 sec this turn | 300 sec total\n|\n|t:|1783567514\n|move|p2a: Meganium|Knock Off|p1a: Sinistcha\n|-supereffective|p1a: Sinistcha\n|-damage|p1a: Sinistcha|26/100\n|move|p1a: Sinistcha|Strength Sap|p2a: Meganium\n|-unboost|p2a: Meganium|atk|1\n|-heal|p1a: Sinistcha|100/100\n|\n|-heal|p2a: Meganium|277/290|[from] item: Leftovers\n|upkeep\n|turn|6\n|inactive|Time left: 300 sec this turn | 300 sec total\n|\n|t:|1783567515\n|move|p2a: Meganium|Swords Dance|p2a: Meganium\n|-boost|p2a: Meganium|atk|2\n|move|p1a: Sinistcha|Strength Sap|p2a: Meganium\n|-unboost|p2a: Meganium|atk|1\n|\n|-heal|p2a: Meganium|290/290|[from] item: Leftovers\n|upkeep\n|turn|7\n|inactive|Time left: 300 sec this turn | 300 sec total\n|\n|t:|1783567516\n|move|p2a: Meganium|Knock Off|p1a: Sinistcha\n|-supereffective|p1a: Sinistcha\n|-damage|p1a: Sinistcha|21/100\n|move|p1a: Sinistcha|Strength Sap|p2a: Meganium\n|-unboost|p2a: Meganium|atk|1\n|-heal|p1a: Sinistcha|100/100\n|\n|upkeep\n|turn|8\n|inactive|Time left: 300 sec this turn | 300 sec total\n|\n|t:|1783567517\n|move|p2a: Meganium|Swords Dance|p2a: Meganium\n|-boost|p2a: Meganium|atk|2\n|move|p1a: Sinistcha|Strength Sap|p2a: Meganium\n|-unboost|p2a: Meganium|atk|1\n|\n|upkeep\n|turn|9\n|inactive|Time left: 300 sec this turn | 300 sec total\n|\n|t:|1783567518\n|move|p2a: Meganium|Knock Off|p1a: Sinistcha\n|-supereffective|p1a: Sinistcha\n|-damage|p1a: Sinistcha|19/100\n|move|p1a: Sinistcha|Strength Sap|p2a: Meganium\n|-unboost|p2a: Meganium|atk|1\n|-heal|p1a: Sinistcha|100/100\n|\n|upkeep\n|turn|10\n|inactive|Time left: 300 sec this turn | 300 sec total\n|\n|t:|1783567519\n|move|p2a: Meganium|Swords Dance|p2a: Meganium\n|-boost|p2a: Meganium|atk|2\n|move|p1a: Sinistcha|Strength Sap|p2a: Meganium\n|-unboost|p2a: Meganium|atk|1\n|\n|upkeep\n|turn|11\n|inactive|Time left: 300 sec this turn | 300 sec total\n|\n|t:|1783567520\n|move|p2a: Meganium|Swords Dance|p2a: Meganium\n|-boost|p2a: Meganium|atk|2\n|move|p1a: Sinistcha|Strength Sap|p2a: Meganium\n|-unboost|p2a: Meganium|atk|1\n|\n|upkeep\n|turn|12\n|inactive|Time left: 300 sec this turn | 300 sec total\n|\n|t:|1783567521\n|move|p2a: Meganium|Knock Off|p1a: Sinistcha\n|-supereffective|p1a: Sinistcha\n|-damage|p1a: Sinistcha|1/100\n|move|p1a: Sinistcha|Strength Sap|p2a: Meganium\n|-unboost|p2a: Meganium|atk|1\n|-heal|p1a: Sinistcha|100/100\n|\n|upkeep\n|turn|13\n|inactive|Time left: 300 sec this turn | 300 sec total\n|\n|t:|1783567522\n|move|p2a: Meganium|Swords Dance|p2a: Meganium\n|-boost|p2a: Meganium|atk|2\n|move|p1a: Sinistcha|Strength Sap|p2a: Meganium\n|-unboost|p2a: Meganium|atk|1\n|\n|upkeep\n|turn|14\n|inactive|Time left: 300 sec this turn | 300 sec total\n|\n|t:|1783567523\n|move|p2a: Meganium|Knock Off|p1a: Sinistcha\n|-supereffective|p1a: Sinistcha\n|-crit|p1a: Sinistcha\n|-damage|p1a: Sinistcha|0 fnt\n|faint|p1a: Sinistcha\n|\n|upkeep\n|\n|t:|1783567524\n|switch|p1a: Milotic|Milotic, L83, M|100/100\n|turn|15\n|inactive|Time left: 300 sec this turn | 300 sec total\n|\n|t:|1783567524\n|move|p2a: Meganium|Petal Blizzard|p1a: Milotic\n|-supereffective|p1a: Milotic\n|-damage|p1a: Milotic|0 fnt\n|faint|p1a: Milotic\n|\n|upkeep\n|\n|t:|1783567525\n|switch|p1a: Azumarill|Azumarill, L82, F|100/100\n|turn|16\n|inactive|Time left: 300 sec this turn | 300 sec total\n|\n|t:|1783567526\n|switch|p1a: Rabsca|Rabsca, L91, F|100/100\n|move|p2a: Meganium|Petal Blizzard|p1a: Rabsca\n|-resisted|p1a: Rabsca\n|-damage|p1a: Rabsca|54/100\n|\n|upkeep\n|turn|17\n|inactive|Time left: 300 sec this turn | 300 sec total\n|\n|t:|1783567527\n|switch|p1a: Azumarill|Azumarill, L82, F|100/100\n|move|p2a: Meganium|Knock Off|p1a: Azumarill\n|-resisted|p1a: Azumarill\n|-damage|p1a: Azumarill|63/100\n|-enditem|p1a: Azumarill|Choice Band|[from] move: Knock Off|[of] p2a: Meganium\n|\n|upkeep\n|turn|18\n|inactive|Time left: 300 sec this turn | 300 sec total\n|\n|t:|1783567528\n|move|p2a: Meganium|Petal Blizzard|p1a: Azumarill\n|-supereffective|p1a: Azumarill\n|-damage|p1a: Azumarill|0 fnt\n|faint|p1a: Azumarill\n|\n|upkeep\n|\n|t:|1783567529\n|switch|p1a: Plusle|Plusle, L95, M|100/100\n|turn|19\n|inactive|Time left: 300 sec this turn | 300 sec total\n|\n|t:|1783567530\n|move|p1a: Plusle|Encore|p2a: Meganium\n|-start|p2a: Meganium|Encore\n|move|p2a: Meganium|Petal Blizzard|p1a: Plusle\n|-damage|p1a: Plusle|0 fnt\n|faint|p1a: Plusle\n|\n|upkeep\n|\n|t:|1783567531\n|switch|p1a: Rabsca|Rabsca, L91, F|54/100\n|turn|20\n|inactive|Time left: 300 sec this turn | 300 sec total\n|\n|t:|1783567532\n|move|p2a: Meganium|Petal Blizzard|p1a: Rabsca\n|-resisted|p1a: Rabsca\n|-damage|p1a: Rabsca|8/100\n|move|p1a: Rabsca|Recover|p1a: Rabsca\n|-heal|p1a: Rabsca|58/100\n|\n|upkeep\n|turn|21\n|inactive|Time left: 300 sec this turn | 300 sec total\n|\n|t:|1783567533\n|move|p2a: Meganium|Petal Blizzard|p1a: Rabsca\n|-resisted|p1a: Rabsca\n|-damage|p1a: Rabsca|10/100\n|move|p1a: Rabsca|Bug Buzz|p2a: Meganium\n|-supereffective|p2a: Meganium\n|-damage|p2a: Meganium|62/290\n|\n|-heal|p2a: Meganium|80/290|[from] item: Leftovers\n|-end|p2a: Meganium|Encore\n|upkeep\n|turn|22\n|inactive|Time left: 300 sec this turn | 300 sec total\n|\n|t:|1783567534\n|move|p2a: Meganium|Petal Blizzard|p1a: Rabsca\n|-resisted|p1a: Rabsca\n|-damage|p1a: Rabsca|0 fnt\n|faint|p1a: Rabsca\n|\n|-heal|p2a: Meganium|98/290|[from] item: Leftovers\n|upkeep\n|\n|t:|1783567535\n|switch|p1a: Regieleki|Regieleki, L79|100/100\n|turn|23\n|inactive|Time left: 300 sec this turn | 300 sec total\n|\n|t:|1783567536\n|-terastallize|p1a: Regieleki|Ice\n|move|p1a: Regieleki|Tera Blast|p2a: Meganium|[anim] Tera Blast Ice\n|-supereffective|p2a: Meganium\n|-damage|p2a: Meganium|0 fnt\n|faint|p2a: Meganium\n|\n|upkeep\n|inactive|Time left: 300 sec this turn | 300 sec total | 5 sec grace\n|\n|t:|1783567537\n|switch|p2a: Breloom|Breloom, L83, F|235/235\n|turn|24\n|inactive|Time left: 300 sec this turn | 300 sec total\n|\n|t:|1783567538\n|-terastallize|p2a: Breloom|Fighting\n|move|p2a: Breloom|Mach Punch|p1a: Regieleki\n|-supereffective|p1a: Regieleki\n|-damage|p1a: Regieleki|0 fnt\n|faint|p1a: Regieleki\n|-damage|p2a: Breloom|212/235|[from] item: Life Orb\n|\n|win|p0y236770a7", "uploadtime": 1783567538, "views": 0, "rating": 0, "private": 0, "password": null, "_winner": "p0y236770a7", "_our_name": "p0y236770a7"}