{"id": "battle-gen9randombattle-1810", "formatid": "gen9randombattle", "format": "[Gen 9] Random Battle", "players": ["p0x18104ac3", "p0y18101062"], "log": "|init|battle\n|title|p0x18104ac3 vs. p0y18101062\n|j|\u2606p0x18104ac3\n|j|\u2606p0y18101062\n|t:|1783560969\n|gametype|singles\n|player|p1|p0x18104ac3|266|\n|player|p2|p0y18101062|170|\n|gen|9\n|tier|[Gen 9] Random Battle\n|rule|Species Clause: Limit one of each Pok\u00e9mon\n|rule|HP Percentage Mod: HP is shown in percentages\n|rule|Sleep Clause Mod: Limit one foe put to sleep\n|rule|Illusion Level Mod: Illusion disguises the Pok\u00e9mon's true level\n|\n|t:|1783560969\n|teamsize|p1|6\n|teamsize|p2|6\n|start\n|switch|p1a: Armarouge|Armarouge, L80, M|100/100\n|switch|p2a: Magearna|Magearna, L77|250/250\n|turn|1\n|inactive|Battle timer is ON: inactive players will automatically lose when time's up. (requested by p0y18101062)\n|\n|t:|1783560970\n|switch|p2a: Tyranitar|Tyranitar, L78, F|284/284\n|-weather|Sandstorm|[from] ability: Sand Stream|[of] p2a: Tyranitar\n|move|p1a: Armarouge|Armor Cannon|p2a: Tyranitar\n|-resisted|p2a: Tyranitar\n|-damage|p2a: Tyranitar|239/284\n|-unboost|p1a: Armarouge|def|1\n|-unboost|p1a: Armarouge|spd|1\n|\n|-weather|Sandstorm|[upkeep]\n|-damage|p1a: Armarouge|95/100|[from] Sandstorm\n|upkeep\n|turn|2\n|inactive|Time left: 300 sec this turn | 300 sec total\n|inactive|p0x18104ac3 also wants the timer to be on.\n|\n|t:|1783560971\n|switch|p1a: Eelektross|Eelektross, L87, M|100/100\n|move|p2a: Tyranitar|Knock Off|p1a: Eelektross\n|-damage|p1a: Eelektross|60/100\n|-enditem|p1a: Eelektross|Leftovers|[from] move: Knock Off|[of] p2a: Tyranitar\n|\n|-weather|Sandstorm|[upkeep]\n|-damage|p1a: Eelektross|54/100|[from] Sandstorm\n|upkeep\n|turn|3\n|inactive|Time left: 300 sec this turn | 300 sec total\n|\n|t:|1783560972\n|move|p2a: Tyranitar|Knock Off|p1a: Eelektross\n|-damage|p1a: Eelektross|28/100\n|move|p1a: Eelektross|Drain Punch|p2a: Tyranitar\n|-supereffective|p2a: Tyranitar\n|-damage|p2a: Tyranitar|7/284\n|-heal|p1a: Eelektross|68/100|[from] drain|[of] p2a: Tyranitar\n|-enditem|p2a: Tyranitar|Weakness Policy\n|-boost|p2a: Tyranitar|atk|2|[from] item: Weakness Policy\n|-boost|p2a: Tyranitar|spa|2|[from] item: Weakness Policy\n|\n|-weather|Sandstorm|[upkeep]\n|-damage|p1a: Eelektross|62/100|[from] Sandstorm\n|upkeep\n|turn|4\n|inactive|Time left: 300 sec this turn | 300 sec total\n|\n|t:|1783560973\n|move|p2a: Tyranitar|Stone Edge|p1a: Eelektross\n|-damage|p1a: Eelektross|0 fnt\n|faint|p1a: Eelektross\n|\n|-weather|Sandstorm|[upkeep]\n|upkeep\n|\n|t:|1783560974\n|switch|p1a: Armarouge|Armarouge, L80, M|95/100\n|turn|5\n|inactive|Time left: 300 sec this turn | 300 sec total\n|\n|t:|1783560975\n|move|p1a: Armarouge|Armor Cannon|p2a: Tyranitar\n|-resisted|p2a: Tyranitar\n|-damage|p2a: Tyranitar|0 fnt\n|-unboost|p1a: Armarouge|def|1\n|-unboost|p1a: Armarouge|spd|1\n|faint|p2a: Tyranitar\n|\n|-weather|none\n|upkeep\n|inactive|Time left: 300 sec this turn | 300 sec total | 5 sec grace\n|\n|t:|1783560976\n|switch|p2a: Indeedee|Indeedee-F, L90, F|272/272\n|-fieldstart|move: Psychic Terrain|[from] ability: Psychic Surge|[of] p2a: Indeedee\n|turn|6\n|inactive|Time left: 300 sec this turn | 300 sec total\n|\n|t:|1783560977\n|switch|p1a: Hydrapple|Hydrapple, L83, M|100/100\n|move|p2a: Indeedee|Calm Mind|p2a: Indeedee\n|-boost|p2a: Indeedee|spa|1\n|-boost|p2a: Indeedee|spd|1\n|\n|upkeep\n|turn|7\n|inactive|Time left: 300 sec this turn | 300 sec total\n|\n|t:|1783560978\n|-terastallize|p1a: Hydrapple|Steel\n|move|p2a: Indeedee|Psyshock|p1a: Hydrapple\n|-resisted|p1a: Hydrapple\n|-damage|p1a: Hydrapple|67/100\n|-damage|p2a: Indeedee|245/272|[from] item: Life Orb\n|move|p1a: Hydrapple|Nasty Plot|p1a: Hydrapple\n|-boost|p1a: Hydrapple|spa|2\n|\n|-heal|p1a: Hydrapple|73/100|[from] item: Leftovers\n|upkeep\n|turn|8\n|inactive|Time left: 300 sec this turn | 300 sec total\n|\n|t:|1783560979\n|move|p2a: Indeedee|Calm Mind|p2a: Indeedee\n|-boost|p2a: Indeedee|spa|1\n|-boost|p2a: Indeedee|spd|1\n|move|p1a: Hydrapple|Giga Drain|p2a: Indeedee\n|-damage|p2a: Indeedee|166/272\n|-heal|p1a: Hydrapple|86/100|[from] drain|[of] p2a: Indeedee\n|\n|-heal|p1a: Hydrapple|92/100|[from] item: Leftovers\n|upkeep\n|turn|9\n|inactive|Time left: 300 sec this turn | 300 sec total\n|\n|t:|1783560980\n|move|p2a: Indeedee|Calm Mind|p2a: Indeedee\n|-boost|p2a: Indeedee|spa|1\n|-boost|p2a: Indeedee|spd|1\n|move|p1a: Hydrapple|Giga Drain|p2a: Indeedee\n|-damage|p2a: Indeedee|106/272\n|-heal|p1a: Hydrapple|100/100|[from] drain|[of] p2a: Indeedee\n|\n|upkeep\n|turn|10\n|inactive|Time left: 300 sec this turn | 300 sec total\n|\n|t:|1783560981\n|move|p2a: Indeedee|Hyper Voice|p1a: Hydrapple\n|-resisted|p1a: Hydrapple\n|-damage|p1a: Hydrapple|44/100\n|-damage|p2a: Indeedee|79/272|[from] item: Life Orb\n|move|p1a: Hydrapple|Giga Drain|p2a: Indeedee\n|-damage|p2a: Indeedee|18/272\n|-heal|p1a: Hydrapple|54/100|[from] drain|[of] p2a: Indeedee\n|\n|-heal|p1a: Hydrapple|60/100|[from] item: Leftovers\n|-fieldend|move: Psychic Terrain\n|upkeep\n|turn|11\n|inactive|Time left: 300 sec this turn | 300 sec total\n|\n|t:|1783560982\n|move|p2a: Indeedee|Hyper Voice|p1a: Hydrapple\n|-resisted|p1a: Hydrapple\n|-crit|p1a: Hydrapple\n|-damage|p1a: Hydrapple|0 fnt\n|faint|p1a: Hydrapple\n|-damage|p2a: Indeedee|0 fnt|[from] item: Life Orb\n|faint|p2a: Indeedee\n|\n|upkeep\n|inactive|Time left: 300 sec this turn | 300 sec total | 5 sec grace\n|\n|t:|1783560983\n|switch|p2a: Lanturn|Lanturn, L89, M|367/367\n|switch|p1a: Thundurus|Thundurus, L80, M|100/100\n|turn|12\n|inactive|Time left: 300 sec this turn | 300 sec total\n|\n|t:|1783560984\n|move|p1a: Thundurus|Acrobatics|p2a: Lanturn\n|-resisted|p2a: Lanturn\n|-crit|p2a: Lanturn\n|-damage|p2a: Lanturn|260/367\n|move|p2a: Lanturn|Thunderbolt|p1a: Thundurus\n|-damage|p1a: Thundurus|62/100\n|\n|upkeep\n|turn|13\n|inactive|Time left: 300 sec this turn | 300 sec total\n|\n|t:|1783560986\n|move|p1a: Thundurus|Acrobatics|p2a: Lanturn\n|-resisted|p2a: Lanturn\n|-crit|p2a: Lanturn\n|-damage|p2a: Lanturn|150/367\n|move|p2a: Lanturn|Scald|p1a: Thundurus\n|-damage|p1a: Thundurus|26/100\n|\n|upkeep\n|turn|14\n|inactive|Time left: 300 sec this turn | 300 sec total\n|\n|t:|1783560988\n|move|p1a: Thundurus|Acrobatics|p2a: Lanturn\n|-resisted|p2a: Lanturn\n|-damage|p2a: Lanturn|76/367\n|move|p2a: Lanturn|Scald|p1a: Thundurus\n|-damage|p1a: Thundurus|0 fnt\n|faint|p1a: Thundurus\n|\n|upkeep\n|\n|t:|1783560989\n|switch|p1a: Mewtwo|Mewtwo, L72|100/100\n|-ability|p1a: Mewtwo|Pressure\n|turn|15\n|inactive|Time left: 300 sec this turn | 300 sec total\n|\n|t:|1783560990\n|switch|p2a: Magearna|Magearna, L77|250/250\n|move|p1a: Mewtwo|Psystrike|p2a: Magearna\n|-resisted|p2a: Magearna\n|-damage|p2a: Magearna|181/250\n|-damage|p1a: Mewtwo|91/100|[from] item: Life Orb\n|\n|-heal|p2a: Magearna|196/250|[from] item: Leftovers\n|upkeep\n|turn|16\n|inactive|Time left: 300 sec this turn | 300 sec total\n|\n|t:|1783560991\n|move|p1a: Mewtwo|Nasty Plot|p1a: Mewtwo\n|-boost|p1a: Mewtwo|spa|2\n|move|p2a: Magearna|Flash Cannon|p1a: Mewtwo\n|-damage|p1a: Mewtwo|53/100\n|\n|-heal|p2a: Magearna|211/250|[from] item: Leftovers\n|upkeep\n|turn|17\n|inactive|Time left: 300 sec this turn | 300 sec total\n|\n|t:|1783560992\n|move|p1a: Mewtwo|Recover|p1a: Mewtwo\n|-heal|p1a: Mewtwo|100/100\n|move|p2a: Magearna|Flash Cannon|p1a: Mewtwo\n|-damage|p1a: Mewtwo|65/100\n|\n|-heal|p2a: Magearna|226/250|[from] item: Leftovers\n|upkeep\n|turn|18\n|inactive|Time left: 300 sec this turn | 300 sec total\n|\n|t:|1783560993\n|move|p1a: Mewtwo|Psystrike|p2a: Magearna\n|-resisted|p2a: Magearna\n|-damage|p2a: Magearna|90/250\n|-damage|p1a: Mewtwo|55/100|[from] item: Life Orb\n|move|p2a: Magearna|Fleur Cannon|p1a: Mewtwo\n|-damage|p1a: Mewtwo|0 fnt\n|-unboost|p2a: Magearna|spa|2\n|faint|p1a: Mewtwo\n|-ability|p2a: Magearna|Soul-Heart|boost\n|-boost|p2a: Magearna|spa|1\n|\n|-heal|p2a: Magearna|105/250|[from] item: Leftovers\n|upkeep\n|\n|t:|1783560994\n|switch|p1a: Armarouge|Armarouge, L80, M|95/100\n|turn|19\n|inactive|Time left: 300 sec this turn | 300 sec total\n|\n|t:|1783560995\n|switch|p2a: Lanturn|Lanturn, L89, M|76/367\n|move|p1a: Armarouge|Armor Cannon|p2a: Lanturn\n|-resisted|p2a: Lanturn\n|-damage|p2a: Lanturn|0 fnt\n|-unboost|p1a: Armarouge|def|1\n|-unboost|p1a: Armarouge|spd|1\n|faint|p2a: Lanturn\n|\n|upkeep\n|inactive|Time left: 300 sec this turn | 300 sec total | 5 sec grace\n|\n|t:|1783560996\n|switch|p2a: Vivillon|Vivillon-Tundra, L83, F|268/268\n|turn|20\n|inactive|Time left: 300 sec this turn | 300 sec total\n|\n|t:|1783560997\n|move|p2a: Vivillon|Sleep Powder|p1a: Armarouge\n|-status|p1a: Armarouge|slp|[from] move: Sleep Powder\n|cant|p1a: Armarouge|slp\n|\n|upkeep\n|turn|21\n|inactive|Time left: 300 sec this turn | 300 sec total\n|\n|t:|1783560999\n|move|p2a: Vivillon|Quiver Dance|p2a: Vivillon\n|-boost|p2a: Vivillon|spa|1\n|-boost|p2a: Vivillon|spd|1\n|-boost|p2a: Vivillon|spe|1\n|cant|p1a: Armarouge|slp\n|\n|upkeep\n|turn|22\n|inactive|Time left: 300 sec this turn | 300 sec total\n|\n|t:|1783561000\n|switch|p1a: Scyther|Scyther, L82, M|100/100\n|move|p2a: Vivillon|Hurricane|p1a: Scyther\n|-supereffective|p1a: Scyther\n|-damage|p1a: Scyther|0 fnt\n|faint|p1a: Scyther\n|\n|upkeep\n|\n|t:|1783561001\n|switch|p1a: Armarouge|Armarouge, L80, M|95/100 slp\n|turn|23\n|inactive|Time left: 300 sec this turn | 300 sec total\n|\n|t:|1783561002\n|-terastallize|p2a: Vivillon|Steel\n|move|p2a: Vivillon|Hurricane|p1a: Armarouge\n|-damage|p1a: Armarouge|25/100 slp\n|cant|p1a: Armarouge|slp\n|\n|upkeep\n|turn|24\n|inactive|Time left: 300 sec this turn | 300 sec total\n|\n|t:|1783561003\n|move|p2a: Vivillon|Bug Buzz|p1a: Armarouge\n|-damage|p1a: Armarouge|0 fnt\n|faint|p1a: Armarouge\n|\n|win|p0y18101062", "uploadtime": 1783561003, "views": 0, "rating": 0, "private": 0, "password": null, "_winner": "p0y18101062", "_our_name": "p0y18101062"}