{"id": "battle-gen9randombattle-1095", "formatid": "gen9randombattle", "format": "[Gen 9] Random Battle", "players": ["p0x1095681f", "p0y10954d2c"], "log": "|init|battle\n|title|p0x1095681f vs. p0y10954d2c\n|j|\u2606p0x1095681f\n|j|\u2606p0y10954d2c\n|t:|1783551874\n|gametype|singles\n|player|p1|p0x1095681f|169|\n|player|p2|p0y10954d2c|2|\n|gen|9\n|tier|[Gen 9] Random Battle\n|rule|Species Clause: Limit one of each Pok\u00e9mon\n|rule|HP Percentage Mod: HP is shown in percentages\n|rule|Sleep Clause Mod: Limit one foe put to sleep\n|rule|Illusion Level Mod: Illusion disguises the Pok\u00e9mon's true level\n|\n|t:|1783551874\n|teamsize|p1|6\n|teamsize|p2|6\n|start\n|switch|p1a: Giratina|Giratina, L75|100/100\n|switch|p2a: Umbreon|Umbreon, L84, M|297/297\n|turn|1\n|inactive|Battle timer is ON: inactive players will automatically lose when time's up. (requested by p0x1095681f)\n|inactive|Time left: 300 sec this turn | 300 sec total | 60 sec grace\n|inactive|p0y10954d2c also wants the timer to be on.\n|\n|t:|1783551876\n|move|p1a: Giratina|Nasty Plot|p1a: Giratina\n|-boost|p1a: Giratina|spa|2\n|move|p2a: Umbreon|Foul Play|p1a: Giratina\n|-resisted|p1a: Giratina\n|-damage|p1a: Giratina|75/100\n|replace|p1a: Zoroark|Zoroark, L83, F\n|-end|p1a: Zoroark|Illusion\n|-hint|Illusion Level Mod is active, so this Pok\u00e9mon's true level was hidden.\n|\n|upkeep\n|turn|2\n|inactive|Time left: 300 sec this turn | 300 sec total\n|\n|t:|1783551878\n|move|p1a: Zoroark|Nasty Plot|p1a: Zoroark\n|-boost|p1a: Zoroark|spa|2\n|move|p2a: Umbreon|Foul Play|p1a: Zoroark\n|-resisted|p1a: Zoroark\n|-damage|p1a: Zoroark|52/100\n|\n|upkeep\n|turn|3\n|inactive|Time left: 300 sec this turn | 300 sec total\n|\n|t:|1783551878\n|switch|p2a: Clodsire|Clodsire, L81, F|343/343\n|move|p1a: Zoroark|Sludge Bomb|p2a: Clodsire\n|-resisted|p2a: Clodsire\n|-damage|p2a: Clodsire|320/343\n|-damage|p1a: Zoroark|43/100|[from] item: Life Orb\n|\n|-heal|p2a: Clodsire|341/343|[from] item: Leftovers\n|upkeep\n|turn|4\n|inactive|Time left: 300 sec this turn | 300 sec total\n|\n|t:|1783551880\n|move|p1a: Zoroark|Dark Pulse|p2a: Clodsire\n|-damage|p2a: Clodsire|208/343\n|-damage|p1a: Zoroark|33/100|[from] item: Life Orb\n|move|p2a: Clodsire|Earthquake|p1a: Zoroark\n|-damage|p1a: Zoroark|0 fnt\n|faint|p1a: Zoroark\n|\n|-heal|p2a: Clodsire|229/343|[from] item: Leftovers\n|upkeep\n|\n|t:|1783551880\n|switch|p1a: Clawitzer|Clawitzer, L87, F|100/100\n|turn|5\n|inactive|Time left: 300 sec this turn | 300 sec total\n|\n|t:|1783551881\n|switch|p2a: Toxicroak|Toxicroak, L84, M|277/277\n|move|p1a: Clawitzer|Water Pulse|p2a: Toxicroak\n|-immune|p2a: Toxicroak|[from] ability: Dry Skin\n|\n|upkeep\n|turn|6\n|inactive|Time left: 300 sec this turn | 300 sec total\n|\n|t:|1783551882\n|switch|p1a: Giratina|Giratina, L75|100/100\n|-ability|p1a: Giratina|Pressure\n|move|p2a: Toxicroak|Swords Dance|p2a: Toxicroak\n|-boost|p2a: Toxicroak|atk|2\n|\n|upkeep\n|turn|7\n|inactive|Time left: 300 sec this turn | 300 sec total\n|\n|t:|1783551883\n|move|p2a: Toxicroak|Knock Off|p1a: Giratina\n|-supereffective|p1a: Giratina\n|-damage|p1a: Giratina|7/100\n|-enditem|p1a: Giratina|Leftovers|[from] move: Knock Off|[of] p2a: Toxicroak\n|-damage|p2a: Toxicroak|250/277|[from] item: Life Orb\n|move|p1a: Giratina|Will-O-Wisp|p2a: Toxicroak\n|-status|p2a: Toxicroak|brn\n|\n|-damage|p2a: Toxicroak|233/277 brn|[from] brn\n|upkeep\n|turn|8\n|inactive|Time left: 300 sec this turn | 300 sec total\n|\n|t:|1783551884\n|move|p2a: Toxicroak|Knock Off|p1a: Giratina\n|-supereffective|p1a: Giratina\n|-damage|p1a: Giratina|0 fnt\n|faint|p1a: Giratina\n|-damage|p2a: Toxicroak|206/277 brn|[from] item: Life Orb\n|\n|-damage|p2a: Toxicroak|189/277 brn|[from] brn\n|upkeep\n|\n|t:|1783551885\n|switch|p1a: Maushold|Maushold-Four, L76|100/100\n|turn|9\n|inactive|Time left: 300 sec this turn | 300 sec total\n|\n|t:|1783551886\n|move|p1a: Maushold|Population Bomb|p2a: Toxicroak\n|-damage|p2a: Toxicroak|161/277 brn\n|-damage|p2a: Toxicroak|134/277 brn\n|-damage|p2a: Toxicroak|106/277 brn\n|-damage|p2a: Toxicroak|78/277 brn\n|-damage|p2a: Toxicroak|51/277 brn\n|-damage|p2a: Toxicroak|26/277 brn\n|-damage|p2a: Toxicroak|0 fnt\n|faint|p2a: Toxicroak\n|-hitcount|p2: Toxicroak|7\n|\n|upkeep\n|inactive|Time left: 300 sec this turn | 300 sec total | 5 sec grace\n|\n|t:|1783551887\n|switch|p2a: Rampardos|Rampardos, L90, M|321/321\n|turn|10\n|inactive|Time left: 300 sec this turn | 300 sec total\n|\n|t:|1783551887\n|switch|p1a: Clawitzer|Clawitzer, L87, F|100/100\n|move|p2a: Rampardos|Rock Slide|p1a: Clawitzer\n|-damage|p1a: Clawitzer|7/100\n|\n|upkeep\n|turn|11\n|inactive|Time left: 300 sec this turn | 300 sec total\n|\n|t:|1783551889\n|move|p2a: Rampardos|Earthquake|p1a: Clawitzer\n|-damage|p1a: Clawitzer|0 fnt\n|faint|p1a: Clawitzer\n|-damage|p2a: Rampardos|289/321|[from] item: Life Orb\n|\n|upkeep\n|\n|t:|1783551890\n|switch|p1a: Meowstic|Meowstic, L89, M|100/100\n|turn|12\n|inactive|Time left: 300 sec this turn | 300 sec total\n|\n|t:|1783551891\n|move|p1a: Meowstic|Reflect|p1a: Meowstic\n|-sidestart|p1: p0x1095681f|Reflect\n|move|p2a: Rampardos|Rock Slide|p1a: Meowstic\n|-damage|p1a: Meowstic|53/100\n|\n|upkeep\n|turn|13\n|inactive|Time left: 300 sec this turn | 300 sec total\n|\n|t:|1783551892\n|move|p1a: Meowstic|Psychic Noise|p2a: Rampardos\n|-damage|p2a: Rampardos|177/321\n|-start|p2a: Rampardos|move: Heal Block\n|move|p2a: Rampardos|Rock Slide|p1a: Meowstic\n|-damage|p1a: Meowstic|11/100\n|\n|upkeep\n|turn|14\n|inactive|Time left: 300 sec this turn | 300 sec total\n|\n|t:|1783551893\n|switch|p2a: Umbreon|Umbreon, L84, M|297/297\n|move|p1a: Meowstic|Light Screen|p1a: Meowstic\n|-sidestart|p1: p0x1095681f|move: Light Screen\n|\n|upkeep\n|turn|15\n|inactive|Time left: 300 sec this turn | 300 sec total\n|\n|t:|1783551894\n|move|p1a: Meowstic|Psychic Noise|p2a: Umbreon\n|-immune|p2a: Umbreon\n|move|p2a: Umbreon|Foul Play|p1a: Meowstic\n|-supereffective|p1a: Meowstic\n|-damage|p1a: Meowstic|0 fnt\n|faint|p1a: Meowstic\n|\n|upkeep\n|\n|t:|1783551895\n|switch|p1a: Maushold|Maushold-Four, L76|100/100\n|turn|16\n|inactive|Time left: 300 sec this turn | 300 sec total\n|\n|t:|1783551896\n|move|p1a: Maushold|Tidy Up|p1a: Maushold\n|-boost|p1a: Maushold|atk|1\n|-boost|p1a: Maushold|spe|1\n|move|p2a: Umbreon|Toxic|p1a: Maushold\n|-status|p1a: Maushold|tox\n|\n|-damage|p1a: Maushold|95/100 tox|[from] psn\n|upkeep\n|turn|17\n|inactive|Time left: 300 sec this turn | 300 sec total\n|\n|t:|1783551897\n|move|p1a: Maushold|Tidy Up|p1a: Maushold\n|-boost|p1a: Maushold|atk|1\n|-boost|p1a: Maushold|spe|1\n|move|p2a: Umbreon|Foul Play|p1a: Maushold\n|-damage|p1a: Maushold|53/100 tox\n|\n|-damage|p1a: Maushold|41/100 tox|[from] psn\n|upkeep\n|turn|18\n|inactive|Time left: 300 sec this turn | 300 sec total\n|\n|t:|1783551898\n|switch|p2a: Mimikyu|Mimikyu, L79, F|216/216\n|move|p1a: Maushold|Population Bomb|p2a: Mimikyu\n|-immune|p2a: Mimikyu\n|\n|-damage|p1a: Maushold|23/100 tox|[from] psn\n|upkeep\n|turn|19\n|inactive|Time left: 300 sec this turn | 300 sec total\n|\n|t:|1783551899\n|move|p2a: Mimikyu|Shadow Sneak|p1a: Maushold\n|-immune|p1a: Maushold\n|move|p1a: Maushold|Population Bomb|p2a: Mimikyu\n|-immune|p2a: Mimikyu\n|\n|-damage|p1a: Maushold|0 fnt|[from] psn\n|faint|p1a: Maushold\n|-sideend|p1: p0x1095681f|Reflect\n|upkeep\n|\n|t:|1783551900\n|switch|p1a: Eelektross|Eelektross, L87, M|100/100\n|turn|20\n|inactive|Time left: 300 sec this turn | 300 sec total\n|\n|t:|1783551901\n|move|p2a: Mimikyu|Swords Dance|p2a: Mimikyu\n|-boost|p2a: Mimikyu|atk|2\n|move|p1a: Eelektross|Discharge|p2a: Mimikyu\n|-activate|p2a: Mimikyu|ability: Disguise\n|-damage|p2a: Mimikyu|216/216\n|detailschange|p2a: Mimikyu|Mimikyu-Busted, L79, F\n|-damage|p2a: Mimikyu|189/216|[from] pokemon: Mimikyu-Busted\n|\n|upkeep\n|turn|21\n|inactive|Time left: 300 sec this turn | 300 sec total\n|\n|t:|1783551902\n|-terastallize|p1a: Eelektross|Poison\n|move|p2a: Mimikyu|Play Rough|p1a: Eelektross|[miss]\n|-miss|p2a: Mimikyu|p1a: Eelektross\n|move|p1a: Eelektross|Discharge|p2a: Mimikyu\n|-damage|p2a: Mimikyu|104/216\n|\n|-sideend|p1: p0x1095681f|move: Light Screen\n|upkeep\n|turn|22\n|inactive|Time left: 300 sec this turn | 300 sec total\n|\n|t:|1783551903\n|switch|p2a: Indeedee|Indeedee-F, L90, F|272/272\n|-fieldstart|move: Psychic Terrain|[from] ability: Psychic Surge|[of] p2a: Indeedee\n|move|p1a: Eelektross|Discharge|p2a: Indeedee\n|-damage|p2a: Indeedee|193/272\n|\n|upkeep\n|turn|23\n|inactive|Time left: 300 sec this turn | 300 sec total\n|\n|t:|1783551904\n|move|p2a: Indeedee|Psyshock|p1a: Eelektross\n|-supereffective|p1a: Eelektross\n|-damage|p1a: Eelektross|0 fnt\n|faint|p1a: Eelektross\n|\n|win|p0y10954d2c", "uploadtime": 1783551904, "views": 0, "rating": 0, "private": 0, "password": null, "_winner": "p0y10954d2c", "_our_name": "p0y10954d2c"}