{"id": "battle-gen9randombattle-821", "formatid": "gen9randombattle", "format": "[Gen 9] Random Battle", "players": ["p0x821f717", "p0y821accf"], "log": "|init|battle\n|title|p0x821f717 vs. p0y821accf\n|j|\u2606p0x821f717\n|j|\u2606p0y821accf\n|t:|1783549417\n|gametype|singles\n|player|p1|p0x821f717|101|\n|player|p2|p0y821accf|265|\n|gen|9\n|tier|[Gen 9] Random Battle\n|rule|Species Clause: Limit one of each Pok\u00e9mon\n|rule|HP Percentage Mod: HP is shown in percentages\n|rule|Sleep Clause Mod: Limit one foe put to sleep\n|rule|Illusion Level Mod: Illusion disguises the Pok\u00e9mon's true level\n|\n|t:|1783549417\n|teamsize|p1|6\n|teamsize|p2|6\n|start\n|switch|p1a: Haxorus|Haxorus, L77, M|100/100\n|switch|p2a: Coalossal|Coalossal, L89, M|341/341\n|-ability|p1a: Haxorus|Mold Breaker\n|turn|1\n|inactive|Battle timer is ON: inactive players will automatically lose when time's up. (requested by p0y821accf)\n|inactive|p0x821f717 also wants the timer to be on.\n|\n|t:|1783549418\n|move|p1a: Haxorus|Dragon Dance|p1a: Haxorus\n|-boost|p1a: Haxorus|atk|1\n|-boost|p1a: Haxorus|spe|1\n|move|p2a: Coalossal|Will-O-Wisp|p1a: Haxorus\n|-status|p1a: Haxorus|brn\n|-enditem|p1a: Haxorus|Lum Berry|[eat]\n|-curestatus|p1a: Haxorus|brn|[msg]\n|\n|upkeep\n|turn|2\n|inactive|Time left: 300 sec this turn | 300 sec total\n|\n|t:|1783549419\n|move|p1a: Haxorus|Outrage|p2a: Coalossal\n|-damage|p2a: Coalossal|164/341\n|move|p2a: Coalossal|Will-O-Wisp|p1a: Haxorus\n|-status|p1a: Haxorus|brn\n|\n|-damage|p1a: Haxorus|94/100 brn|[from] brn\n|upkeep\n|turn|3\n|inactive|Time left: 300 sec this turn | 300 sec total\n|\n|t:|1783549420\n|switch|p2a: Ninetales|Ninetales-Alola, L78, F|242/242\n|-weather|Snowscape|[from] ability: Snow Warning|[of] p2a: Ninetales\n|move|p1a: Haxorus|Outrage|p2a: Ninetales|[from] lockedmove\n|-immune|p2a: Ninetales\n|\n|-weather|Snowscape|[upkeep]\n|-damage|p1a: Haxorus|88/100 brn|[from] brn\n|upkeep\n|turn|4\n|inactive|Time left: 300 sec this turn | 300 sec total\n|\n|t:|1783549421\n|move|p1a: Haxorus|Iron Head|p2a: Ninetales\n|-supereffective|p2a: Ninetales\n|-damage|p2a: Ninetales|78/242\n|move|p2a: Ninetales|Aurora Veil|p2a: Ninetales\n|-sidestart|p2: p0y821accf|move: Aurora Veil\n|\n|-weather|Snowscape|[upkeep]\n|-damage|p1a: Haxorus|82/100 brn|[from] brn\n|upkeep\n|turn|5\n|inactive|Time left: 300 sec this turn | 300 sec total\n|\n|t:|1783549422\n|switch|p2a: Politoed|Politoed, L88, M|302/302\n|-weather|RainDance|[from] ability: Drizzle|[of] p2a: Politoed\n|move|p1a: Haxorus|Iron Head|p2a: Politoed\n|-resisted|p2a: Politoed\n|-damage|p2a: Politoed|289/302\n|\n|-weather|RainDance|[upkeep]\n|-damage|p1a: Haxorus|76/100 brn|[from] brn\n|upkeep\n|turn|6\n|inactive|Time left: 300 sec this turn | 300 sec total\n|\n|t:|1783549424\n|move|p1a: Haxorus|Outrage|p2a: Politoed\n|-damage|p2a: Politoed|227/302\n|move|p2a: Politoed|Hydro Pump|p1a: Haxorus\n|-resisted|p1a: Haxorus\n|-damage|p1a: Haxorus|5/100 brn\n|\n|-weather|RainDance|[upkeep]\n|-damage|p1a: Haxorus|0 fnt|[from] brn\n|faint|p1a: Haxorus\n|upkeep\n|\n|t:|1783549424\n|switch|p1a: Smeargle|Smeargle, L95, F|100/100\n|turn|7\n|inactive|Time left: 300 sec this turn | 300 sec total\n|\n|t:|1783549426\n|move|p1a: Smeargle|Sticky Web|p2a: Politoed\n|-sidestart|p2: p0y821accf|move: Sticky Web\n|move|p2a: Politoed|Hydro Pump|p1a: Smeargle|[miss]\n|-miss|p2a: Politoed|p1a: Smeargle\n|\n|-weather|RainDance|[upkeep]\n|upkeep\n|turn|8\n|inactive|Time left: 300 sec this turn | 300 sec total\n|\n|t:|1783549427\n|move|p1a: Smeargle|Spore|p2a: Politoed\n|-status|p2a: Politoed|slp|[from] move: Spore\n|cant|p2a: Politoed|slp\n|\n|-weather|RainDance|[upkeep]\n|upkeep\n|turn|9\n|inactive|Time left: 300 sec this turn | 300 sec total\n|\n|t:|1783549428\n|move|p1a: Smeargle|Stealth Rock|p2a: Politoed\n|-sidestart|p2: p0y821accf|move: Stealth Rock\n|-curestatus|p2a: Politoed|slp|[msg]\n|move|p2a: Politoed|Hydro Pump|p1a: Smeargle\n|-enditem|p1a: Smeargle|Focus Sash\n|-damage|p1a: Smeargle|1/100\n|\n|-weather|none\n|upkeep\n|turn|10\n|inactive|Time left: 300 sec this turn | 300 sec total\n|\n|t:|1783549429\n|move|p1a: Smeargle|Spore|p2a: Politoed\n|-status|p2a: Politoed|slp|[from] move: Spore\n|cant|p2a: Politoed|slp\n|\n|upkeep\n|turn|11\n|inactive|Time left: 300 sec this turn | 300 sec total\n|\n|t:|1783549430\n|switch|p2a: Cinderace|Cinderace, L77, M|250/250\n|move|p1a: Smeargle|Ceaseless Edge|p2a: Cinderace\n|-damage|p2a: Cinderace|235/250\n|-sidestart|p2: p0y821accf|Spikes\n|\n|-sideend|p2: p0y821accf|move: Aurora Veil\n|upkeep\n|turn|12\n|inactive|Time left: 300 sec this turn | 300 sec total\n|\n|t:|1783549431\n|switch|p1a: Inteleon|Inteleon, L81, F|100/100\n|move|p2a: Cinderace|Court Change|p2a: Cinderace\n|-start|p2a: Cinderace|typechange|Normal|[from] ability: Libero\n|-swapsideconditions\n|-activate|p2a: Cinderace|move: Court Change\n|\n|upkeep\n|turn|13\n|inactive|Time left: 300 sec this turn | 300 sec total\n|\n|t:|1783549433\n|switch|p2a: Cacturne|Cacturne, L92, F|278/278\n|move|p1a: Inteleon|Hydro Pump|p2a: Cacturne\n|-immune|p2a: Cacturne|[from] ability: Water Absorb\n|\n|upkeep\n|turn|14\n|inactive|Time left: 300 sec this turn | 300 sec total\n|\n|t:|1783549434\n|switch|p1a: Smeargle|Smeargle, L95, F|1/100\n|-activate|p1a: Smeargle|move: Sticky Web\n|-unboost|p1a: Smeargle|spe|1\n|-damage|p1a: Smeargle|0 fnt|[from] Stealth Rock\n|faint|p1a: Smeargle\n|move|p2a: Cacturne|Swords Dance|p2a: Cacturne\n|-boost|p2a: Cacturne|atk|2\n|\n|upkeep\n|\n|t:|1783549435\n|switch|p1a: Chandelure|Chandelure, L83, M|100/100\n|-activate|p1a: Chandelure|move: Sticky Web\n|-unboost|p1a: Chandelure|spe|1\n|-damage|p1a: Chandelure|76/100|[from] Stealth Rock\n|-damage|p1a: Chandelure|63/100|[from] Spikes\n|turn|15\n|inactive|Time left: 300 sec this turn | 300 sec total\n|\n|t:|1783549436\n|move|p2a: Cacturne|Sucker Punch|p1a: Chandelure\n|-supereffective|p1a: Chandelure\n|-damage|p1a: Chandelure|0 fnt\n|faint|p1a: Chandelure\n|-damage|p2a: Cacturne|251/278|[from] item: Life Orb\n|\n|upkeep\n|\n|t:|1783549437\n|switch|p1a: Inteleon|Inteleon, L81, F|100/100\n|-activate|p1a: Inteleon|move: Sticky Web\n|-unboost|p1a: Inteleon|spe|1\n|-damage|p1a: Inteleon|88/100|[from] Stealth Rock\n|-damage|p1a: Inteleon|76/100|[from] Spikes\n|turn|16\n|inactive|Time left: 300 sec this turn | 300 sec total\n|\n|t:|1783549438\n|move|p2a: Cacturne|Sucker Punch|p1a: Inteleon\n|-damage|p1a: Inteleon|0 fnt\n|faint|p1a: Inteleon\n|-damage|p2a: Cacturne|224/278|[from] item: Life Orb\n|\n|upkeep\n|\n|t:|1783549439\n|switch|p1a: Lanturn|Lanturn, L89, F|100/100\n|turn|17\n|inactive|Time left: 300 sec this turn | 300 sec total\n|\n|t:|1783549440\n|move|p1a: Lanturn|Thunder Wave|p2a: Cacturne|[miss]\n|-miss|p1a: Lanturn|p2a: Cacturne\n|move|p2a: Cacturne|Knock Off|p1a: Lanturn\n|-damage|p1a: Lanturn|0 fnt\n|-enditem|p1a: Lanturn|Heavy-Duty Boots|[from] move: Knock Off|[of] p2a: Cacturne\n|faint|p1a: Lanturn\n|-damage|p2a: Cacturne|197/278|[from] item: Life Orb\n|\n|upkeep\n|\n|t:|1783549441\n|switch|p1a: Vigoroth|Vigoroth, L85, M|100/100\n|-activate|p1a: Vigoroth|move: Sticky Web\n|-unboost|p1a: Vigoroth|spe|1\n|-damage|p1a: Vigoroth|88/100|[from] Stealth Rock\n|-damage|p1a: Vigoroth|76/100|[from] Spikes\n|turn|18\n|inactive|Time left: 300 sec this turn | 300 sec total\n|\n|t:|1783549442\n|-terastallize|p2a: Cacturne|Poison\n|move|p2a: Cacturne|Knock Off|p1a: Vigoroth\n|-damage|p1a: Vigoroth|0 fnt\n|-enditem|p1a: Vigoroth|Eviolite|[from] move: Knock Off|[of] p2a: Cacturne\n|faint|p1a: Vigoroth\n|-damage|p2a: Cacturne|170/278|[from] item: Life Orb\n|\n|win|p0y821accf", "uploadtime": 1783549442, "views": 0, "rating": 0, "private": 0, "password": null, "_winner": "p0y821accf", "_our_name": "p0y821accf"}