{"id": "battle-gen9randombattle-659", "formatid": "gen9randombattle", "format": "[Gen 9] Random Battle", "players": ["p0x659e6bd", "p0y6593ce1"], "log": "|init|battle\n|title|p0x659e6bd vs. p0y6593ce1\n|j|\u2606p0x659e6bd\n|j|\u2606p0y6593ce1\n|t:|1783546774\n|gametype|singles\n|player|p1|p0x659e6bd|169|\n|player|p2|p0y6593ce1|102|\n|gen|9\n|tier|[Gen 9] Random Battle\n|rule|Species Clause: Limit one of each Pok\u00e9mon\n|rule|HP Percentage Mod: HP is shown in percentages\n|rule|Sleep Clause Mod: Limit one foe put to sleep\n|rule|Illusion Level Mod: Illusion disguises the Pok\u00e9mon's true level\n|\n|t:|1783546774\n|teamsize|p1|6\n|teamsize|p2|6\n|start\n|switch|p1a: Staraptor|Staraptor, L79, M|100/100\n|switch|p2a: Chansey|Chansey, L85, F|564/564\n|turn|1\n|inactive|Battle timer is ON: inactive players will automatically lose when time's up. (requested by p0x659e6bd)\n|inactive|Time left: 300 sec this turn | 300 sec total | 60 sec grace\n|inactive|p0y6593ce1 also wants the timer to be on.\n|\n|t:|1783546775\n|move|p1a: Staraptor|Close Combat|p2a: Chansey\n|-supereffective|p2a: Chansey\n|-damage|p2a: Chansey|0 fnt\n|-unboost|p1a: Staraptor|def|1\n|-unboost|p1a: Staraptor|spd|1\n|faint|p2a: Chansey\n|\n|upkeep\n|inactive|Time left: 300 sec this turn | 300 sec total | 65 sec grace\n|\n|t:|1783546776\n|switch|p2a: Iron Boulder|Iron Boulder, L77|265/265\n|turn|2\n|inactive|Time left: 300 sec this turn | 300 sec total\n|\n|t:|1783546777\n|switch|p1a: Dragapult|Dragapult, L77, M|100/100\n|move|p2a: Iron Boulder|Swords Dance|p2a: Iron Boulder\n|-boost|p2a: Iron Boulder|atk|2\n|\n|upkeep\n|turn|3\n|inactive|Time left: 300 sec this turn | 300 sec total\n|\n|t:|1783546778\n|move|p1a: Dragapult|Will-O-Wisp|p2a: Iron Boulder\n|-status|p2a: Iron Boulder|brn\n|move|p2a: Iron Boulder|Mighty Cleave|p1a: Dragapult\n|-damage|p1a: Dragapult|36/100\n|-damage|p2a: Iron Boulder|239/265 brn|[from] item: Life Orb\n|\n|-damage|p2a: Iron Boulder|223/265 brn|[from] brn\n|upkeep\n|turn|4\n|inactive|Time left: 300 sec this turn | 300 sec total\n|\n|t:|1783546779\n|move|p1a: Dragapult|Hex|p2a: Iron Boulder\n|-supereffective|p2a: Iron Boulder\n|-damage|p2a: Iron Boulder|0 fnt\n|faint|p2a: Iron Boulder\n|-end|p2a: Iron Boulder|Quark Drive|[silent]\n|\n|upkeep\n|inactive|Time left: 300 sec this turn | 300 sec total | 5 sec grace\n|\n|t:|1783546780\n|switch|p2a: Suicune|Suicune, L82|298/298\n|-ability|p2a: Suicune|Pressure\n|turn|5\n|inactive|Time left: 300 sec this turn | 300 sec total\n|\n|t:|1783546781\n|switch|p1a: Tyranitar|Tyranitar, L78, F|100/100\n|-weather|Sandstorm|[from] ability: Sand Stream|[of] p1a: Tyranitar\n|move|p2a: Suicune|Calm Mind|p2a: Suicune\n|-boost|p2a: Suicune|spa|1\n|-boost|p2a: Suicune|spd|1\n|\n|-weather|Sandstorm|[upkeep]\n|-damage|p2a: Suicune|280/298|[from] Sandstorm\n|-heal|p2a: Suicune|298/298|[from] item: Leftovers\n|upkeep\n|turn|6\n|inactive|Time left: 300 sec this turn | 300 sec total\n|\n|t:|1783546781\n|move|p2a: Suicune|Scald|p1a: Tyranitar\n|-supereffective|p1a: Tyranitar\n|-damage|p1a: Tyranitar|52/100\n|-enditem|p1a: Tyranitar|Weakness Policy\n|-boost|p1a: Tyranitar|atk|2|[from] item: Weakness Policy\n|-boost|p1a: Tyranitar|spa|2|[from] item: Weakness Policy\n|move|p1a: Tyranitar|Knock Off|p2a: Suicune\n|-damage|p2a: Suicune|105/298\n|-enditem|p2a: Suicune|Leftovers|[from] move: Knock Off|[of] p1a: Tyranitar\n|\n|-weather|Sandstorm|[upkeep]\n|-damage|p2a: Suicune|87/298|[from] Sandstorm\n|upkeep\n|turn|7\n|inactive|Time left: 300 sec this turn | 300 sec total\n|\n|t:|1783546782\n|move|p2a: Suicune|Scald|p1a: Tyranitar\n|-supereffective|p1a: Tyranitar\n|-damage|p1a: Tyranitar|0 fnt\n|faint|p1a: Tyranitar\n|\n|-weather|Sandstorm|[upkeep]\n|-damage|p2a: Suicune|69/298|[from] Sandstorm\n|upkeep\n|\n|t:|1783546783\n|switch|p1a: Staraptor|Staraptor, L79, M|100/100\n|turn|8\n|inactive|Time left: 300 sec this turn | 300 sec total\n|\n|t:|1783546784\n|move|p2a: Suicune|Protect|p2a: Suicune\n|-singleturn|p2a: Suicune|Protect\n|move|p1a: Staraptor|Brave Bird|p2a: Suicune\n|-activate|p2a: Suicune|move: Protect\n|\n|-weather|Sandstorm|[upkeep]\n|-damage|p1a: Staraptor|94/100|[from] Sandstorm\n|-damage|p2a: Suicune|51/298|[from] Sandstorm\n|upkeep\n|turn|9\n|inactive|Time left: 300 sec this turn | 300 sec total\n|\n|t:|1783546785\n|move|p1a: Staraptor|Brave Bird|p2a: Suicune\n|-damage|p2a: Suicune|0 fnt\n|faint|p2a: Suicune\n|-damage|p1a: Staraptor|88/100|[from] Recoil\n|\n|-weather|none\n|upkeep\n|inactive|Time left: 300 sec this turn | 300 sec total | 5 sec grace\n|\n|t:|1783546786\n|switch|p2a: Muk|Muk, L86, F|321/321\n|turn|10\n|inactive|Time left: 300 sec this turn | 300 sec total\n|\n|t:|1783546786\n|-terastallize|p1a: Staraptor|Flying\n|move|p1a: Staraptor|Brave Bird|p2a: Muk\n|-damage|p2a: Muk|0 fnt\n|faint|p2a: Muk\n|-damage|p1a: Staraptor|48/100|[from] Recoil\n|\n|upkeep\n|inactive|Time left: 300 sec this turn | 300 sec total | 5 sec grace\n|\n|t:|1783546787\n|switch|p2a: Arceus|Arceus-Psychic, L70|284/284\n|turn|11\n|inactive|Time left: 300 sec this turn | 300 sec total\n|\n|t:|1783546788\n|move|p2a: Arceus|Cosmic Power|p2a: Arceus\n|-boost|p2a: Arceus|def|1\n|-boost|p2a: Arceus|spd|1\n|move|p1a: Staraptor|Brave Bird|p2a: Arceus\n|-damage|p2a: Arceus|84/284\n|-damage|p1a: Staraptor|23/100|[from] Recoil\n|\n|upkeep\n|turn|12\n|inactive|Time left: 300 sec this turn | 300 sec total\n|\n|t:|1783546789\n|move|p2a: Arceus|Stored Power|p1a: Staraptor\n|-damage|p1a: Staraptor|0 fnt\n|faint|p1a: Staraptor\n|\n|upkeep\n|\n|t:|1783546790\n|switch|p1a: Jumpluff|Jumpluff, L87, M|100/100\n|turn|13\n|inactive|Time left: 300 sec this turn | 300 sec total\n|\n|t:|1783546791\n|move|p1a: Jumpluff|Leech Seed|p2a: Arceus\n|-start|p2a: Arceus|move: Leech Seed\n|move|p2a: Arceus|Recover|p2a: Arceus\n|-heal|p2a: Arceus|226/284\n|\n|-damage|p2a: Arceus|191/284|[from] Leech Seed|[of] p1a: Jumpluff\n|upkeep\n|turn|14\n|inactive|Time left: 300 sec this turn | 300 sec total\n|\n|t:|1783546792\n|move|p1a: Jumpluff|Strength Sap|p2a: Arceus\n|-unboost|p2a: Arceus|atk|1\n|move|p2a: Arceus|Recover|p2a: Arceus\n|-heal|p2a: Arceus|284/284\n|\n|-damage|p2a: Arceus|249/284|[from] Leech Seed|[of] p1a: Jumpluff\n|upkeep\n|turn|15\n|inactive|Time left: 300 sec this turn | 300 sec total\n|\n|t:|1783546793\n|switch|p2a: Wo-Chien|Wo-Chien, L83|277/277\n|-ability|p2a: Wo-Chien|Tablets of Ruin\n|move|p1a: Jumpluff|Strength Sap|p2a: Wo-Chien\n|-unboost|p2a: Wo-Chien|atk|1\n|\n|upkeep\n|turn|16\n|inactive|Time left: 300 sec this turn | 300 sec total\n|\n|t:|1783546794\n|move|p1a: Jumpluff|Acrobatics|p2a: Wo-Chien\n|-supereffective|p2a: Wo-Chien\n|-damage|p2a: Wo-Chien|167/277\n|move|p2a: Wo-Chien|Ruination|p1a: Jumpluff\n|-damage|p1a: Jumpluff|51/100\n|\n|-heal|p2a: Wo-Chien|184/277|[from] item: Leftovers\n|upkeep\n|turn|17\n|inactive|Time left: 300 sec this turn | 300 sec total\n|\n|t:|1783546795\n|move|p1a: Jumpluff|Strength Sap|p2a: Wo-Chien\n|-unboost|p2a: Wo-Chien|atk|1\n|-heal|p1a: Jumpluff|97/100\n|move|p2a: Wo-Chien|Ruination|p1a: Jumpluff\n|-damage|p1a: Jumpluff|49/100\n|\n|-heal|p2a: Wo-Chien|201/277|[from] item: Leftovers\n|upkeep\n|turn|18\n|inactive|Time left: 300 sec this turn | 300 sec total\n|\n|t:|1783546797\n|move|p1a: Jumpluff|Acrobatics|p2a: Wo-Chien\n|-supereffective|p2a: Wo-Chien\n|-damage|p2a: Wo-Chien|85/277\n|move|p2a: Wo-Chien|Ruination|p1a: Jumpluff\n|-damage|p1a: Jumpluff|25/100\n|\n|-heal|p2a: Wo-Chien|102/277|[from] item: Leftovers\n|upkeep\n|turn|19\n|inactive|Time left: 300 sec this turn | 300 sec total\n|\n|t:|1783546798\n|move|p2a: Wo-Chien|Protect|p2a: Wo-Chien\n|-singleturn|p2a: Wo-Chien|Protect\n|move|p1a: Jumpluff|Strength Sap|p2a: Wo-Chien\n|-activate|p2a: Wo-Chien|move: Protect\n|\n|-heal|p2a: Wo-Chien|119/277|[from] item: Leftovers\n|upkeep\n|turn|20\n|inactive|Time left: 300 sec this turn | 300 sec total\n|\n|t:|1783546799\n|move|p1a: Jumpluff|Strength Sap|p2a: Wo-Chien\n|-unboost|p2a: Wo-Chien|atk|1\n|-heal|p1a: Jumpluff|60/100\n|move|p2a: Wo-Chien|Ruination|p1a: Jumpluff|[miss]\n|-miss|p2a: Wo-Chien|p1a: Jumpluff\n|\n|-heal|p2a: Wo-Chien|136/277|[from] item: Leftovers\n|upkeep\n|turn|21\n|inactive|Time left: 300 sec this turn | 300 sec total\n|\n|t:|1783546800\n|move|p1a: Jumpluff|Strength Sap|p2a: Wo-Chien\n|-unboost|p2a: Wo-Chien|atk|1\n|-heal|p1a: Jumpluff|87/100\n|move|p2a: Wo-Chien|Ruination|p1a: Jumpluff\n|-damage|p1a: Jumpluff|44/100\n|\n|-heal|p2a: Wo-Chien|153/277|[from] item: Leftovers\n|upkeep\n|turn|22\n|inactive|Time left: 300 sec this turn | 300 sec total\n|\n|t:|1783546801\n|move|p1a: Jumpluff|Strength Sap|p2a: Wo-Chien\n|-unboost|p2a: Wo-Chien|atk|1\n|-heal|p1a: Jumpluff|67/100\n|move|p2a: Wo-Chien|Ruination|p1a: Jumpluff\n|-damage|p1a: Jumpluff|34/100\n|\n|-heal|p2a: Wo-Chien|170/277|[from] item: Leftovers\n|upkeep\n|turn|23\n|inactive|Time left: 300 sec this turn | 300 sec total\n|\n|t:|1783546802\n|switch|p2a: Arceus|Arceus-Psychic, L70|249/284\n|move|p1a: Jumpluff|Strength Sap|p2a: Arceus\n|-unboost|p2a: Arceus|atk|1\n|-heal|p1a: Jumpluff|98/100\n|\n|upkeep\n|turn|24\n|inactive|Time left: 300 sec this turn | 300 sec total\n|\n|t:|1783546803\n|switch|p2a: Wo-Chien|Wo-Chien, L83|170/277\n|-ability|p2a: Wo-Chien|Tablets of Ruin\n|move|p1a: Jumpluff|Strength Sap|p2a: Wo-Chien\n|-unboost|p2a: Wo-Chien|atk|1\n|-heal|p1a: Jumpluff|100/100\n|\n|-heal|p2a: Wo-Chien|187/277|[from] item: Leftovers\n|upkeep\n|turn|25\n|inactive|Time left: 300 sec this turn | 300 sec total\n|\n|t:|1783546804\n|move|p1a: Jumpluff|Acrobatics|p2a: Wo-Chien\n|-supereffective|p2a: Wo-Chien\n|-damage|p2a: Wo-Chien|71/277\n|move|p2a: Wo-Chien|Ruination|p1a: Jumpluff\n|-damage|p1a: Jumpluff|51/100\n|\n|-heal|p2a: Wo-Chien|88/277|[from] item: Leftovers\n|upkeep\n|turn|26\n|inactive|Time left: 300 sec this turn | 300 sec total\n|\n|t:|1783546806\n|move|p2a: Wo-Chien|Protect|p2a: Wo-Chien\n|-singleturn|p2a: Wo-Chien|Protect\n|move|p1a: Jumpluff|Acrobatics|p2a: Wo-Chien\n|-activate|p2a: Wo-Chien|move: Protect\n|\n|-heal|p2a: Wo-Chien|105/277|[from] item: Leftovers\n|upkeep\n|turn|27\n|inactive|Time left: 300 sec this turn | 300 sec total\n|\n|t:|1783546807\n|switch|p2a: Arceus|Arceus-Psychic, L70|249/284\n|move|p1a: Jumpluff|Strength Sap|p2a: Arceus\n|-unboost|p2a: Arceus|atk|1\n|-heal|p1a: Jumpluff|100/100\n|\n|upkeep\n|turn|28\n|inactive|Time left: 300 sec this turn | 300 sec total\n|\n|t:|1783546808\n|move|p1a: Jumpluff|Leech Seed|p2a: Arceus|[miss]\n|-miss|p1a: Jumpluff|p2a: Arceus\n|move|p2a: Arceus|Cosmic Power|p2a: Arceus\n|-boost|p2a: Arceus|def|1\n|-boost|p2a: Arceus|spd|1\n|\n|upkeep\n|turn|29\n|inactive|Time left: 300 sec this turn | 300 sec total\n|\n|t:|1783546809\n|move|p1a: Jumpluff|Leech Seed|p2a: Arceus\n|-start|p2a: Arceus|move: Leech Seed\n|move|p2a: Arceus|Cosmic Power|p2a: Arceus\n|-boost|p2a: Arceus|def|1\n|-boost|p2a: Arceus|spd|1\n|\n|-damage|p2a: Arceus|214/284|[from] Leech Seed|[of] p1a: Jumpluff\n|upkeep\n|turn|30\n|inactive|Time left: 300 sec this turn | 300 sec total\n|\n|t:|1783546810\n|move|p1a: Jumpluff|Strength Sap|p2a: Arceus\n|-unboost|p2a: Arceus|atk|1\n|move|p2a: Arceus|Cosmic Power|p2a: Arceus\n|-boost|p2a: Arceus|def|1\n|-boost|p2a: Arceus|spd|1\n|\n|-damage|p2a: Arceus|179/284|[from] Leech Seed|[of] p1a: Jumpluff\n|upkeep\n|turn|31\n|inactive|Time left: 300 sec this turn | 300 sec total\n|\n|t:|1783546811\n|move|p1a: Jumpluff|Substitute|p1a: Jumpluff\n|-start|p1a: Jumpluff|Substitute\n|-damage|p1a: Jumpluff|76/100\n|move|p2a: Arceus|Recover|p2a: Arceus\n|-heal|p2a: Arceus|284/284\n|\n|-damage|p2a: Arceus|249/284|[from] Leech Seed|[of] p1a: Jumpluff\n|-heal|p1a: Jumpluff|89/100|[silent]\n|upkeep\n|turn|32\n|inactive|Time left: 300 sec this turn | 300 sec total\n|\n|t:|1783546812\n|move|p1a: Jumpluff|Strength Sap|p2a: Arceus\n|-unboost|p2a: Arceus|atk|1\n|-heal|p1a: Jumpluff|100/100\n|move|p2a: Arceus|Stored Power|p1a: Jumpluff\n|-end|p1a: Jumpluff|Substitute\n|\n|-damage|p2a: Arceus|214/284|[from] Leech Seed|[of] p1a: Jumpluff\n|upkeep\n|turn|33\n|inactive|Time left: 300 sec this turn | 300 sec total\n|\n|t:|1783546813\n|move|p1a: Jumpluff|Strength Sap|p2a: Arceus\n|-unboost|p2a: Arceus|atk|1\n|move|p2a: Arceus|Stored Power|p1a: Jumpluff\n|-damage|p1a: Jumpluff|53/100\n|\n|-damage|p2a: Arceus|179/284|[from] Leech Seed|[of] p1a: Jumpluff\n|-heal|p1a: Jumpluff|66/100|[silent]\n|upkeep\n|turn|34\n|inactive|Time left: 300 sec this turn | 300 sec total\n|\n|t:|1783546814\n|move|p1a: Jumpluff|Strength Sap|p2a: Arceus\n|-unboost|p2a: Arceus|atk|1\n|-heal|p1a: Jumpluff|87/100\n|move|p2a: Arceus|Stored Power|p1a: Jumpluff\n|-damage|p1a: Jumpluff|38/100\n|\n|-damage|p2a: Arceus|144/284|[from] Leech Seed|[of] p1a: Jumpluff\n|-heal|p1a: Jumpluff|51/100|[silent]\n|upkeep\n|turn|35\n|inactive|Time left: 300 sec this turn | 300 sec total\n|\n|t:|1783546815\n|move|p1a: Jumpluff|Substitute|p1a: Jumpluff\n|-start|p1a: Jumpluff|Substitute\n|-damage|p1a: Jumpluff|26/100\n|move|p2a: Arceus|Stored Power|p1a: Jumpluff\n|-end|p1a: Jumpluff|Substitute\n|\n|-damage|p2a: Arceus|109/284|[from] Leech Seed|[of] p1a: Jumpluff\n|-heal|p1a: Jumpluff|39/100|[silent]\n|upkeep\n|turn|36\n|inactive|Time left: 300 sec this turn | 300 sec total\n|\n|t:|1783546817\n|move|p1a: Jumpluff|Substitute|p1a: Jumpluff\n|-start|p1a: Jumpluff|Substitute\n|-damage|p1a: Jumpluff|15/100\n|move|p2a: Arceus|Stored Power|p1a: Jumpluff\n|-end|p1a: Jumpluff|Substitute\n|\n|-damage|p2a: Arceus|74/284|[from] Leech Seed|[of] p1a: Jumpluff\n|-heal|p1a: Jumpluff|27/100|[silent]\n|upkeep\n|turn|37\n|inactive|Time left: 300 sec this turn | 300 sec total\n|\n|t:|1783546818\n|move|p1a: Jumpluff|Substitute|p1a: Jumpluff\n|-start|p1a: Jumpluff|Substitute\n|-damage|p1a: Jumpluff|3/100\n|move|p2a: Arceus|Stored Power|p1a: Jumpluff\n|-end|p1a: Jumpluff|Substitute\n|\n|-damage|p2a: Arceus|39/284|[from] Leech Seed|[of] p1a: Jumpluff\n|-heal|p1a: Jumpluff|16/100|[silent]\n|upkeep\n|turn|38\n|inactive|Time left: 300 sec this turn | 300 sec total\n|\n|t:|1783546819\n|move|p1a: Jumpluff|Acrobatics|p2a: Arceus\n|-damage|p2a: Arceus|8/284\n|move|p2a: Arceus|Stored Power|p1a: Jumpluff\n|-damage|p1a: Jumpluff|0 fnt\n|faint|p1a: Jumpluff\n|\n|upkeep\n|\n|t:|1783546820\n|switch|p1a: Dragapult|Dragapult, L77, M|36/100\n|turn|39\n|inactive|Time left: 300 sec this turn | 300 sec total\n|\n|t:|1783546821\n|move|p1a: Dragapult|U-turn|p2a: Arceus\n|-supereffective|p2a: Arceus\n|-damage|p2a: Arceus|0 fnt\n|faint|p2a: Arceus\n|\n|t:|1783546822\n|switch|p1a: Scovillain|Scovillain, L91, F|100/100|[from] U-turn\n|\n|upkeep\n|inactive|Time left: 300 sec this turn | 300 sec total | 10 sec grace\n|\n|t:|1783546822\n|switch|p2a: Wo-Chien|Wo-Chien, L83|105/277\n|-ability|p2a: Wo-Chien|Tablets of Ruin\n|turn|40\n|inactive|Time left: 300 sec this turn | 300 sec total\n|\n|t:|1783546823\n|-terastallize|p2a: Wo-Chien|Poison\n|move|p2a: Wo-Chien|Protect|p2a: Wo-Chien\n|-singleturn|p2a: Wo-Chien|Protect\n|move|p1a: Scovillain|Flamethrower|p2a: Wo-Chien\n|-activate|p2a: Wo-Chien|move: Protect\n|\n|-heal|p2a: Wo-Chien|122/277|[from] item: Leftovers\n|upkeep\n|turn|41\n|inactive|Time left: 300 sec this turn | 300 sec total\n|\n|t:|1783546824\n|move|p2a: Wo-Chien|Protect||[still]\n|-fail|p2a: Wo-Chien\n|move|p1a: Scovillain|Flamethrower|p2a: Wo-Chien\n|-damage|p2a: Wo-Chien|34/277\n|\n|-heal|p2a: Wo-Chien|51/277|[from] item: Leftovers\n|upkeep\n|turn|42\n|inactive|Time left: 300 sec this turn | 300 sec total\n|\n|t:|1783546825\n|move|p2a: Wo-Chien|Protect|p2a: Wo-Chien\n|-singleturn|p2a: Wo-Chien|Protect\n|move|p1a: Scovillain|Flamethrower|p2a: Wo-Chien\n|-activate|p2a: Wo-Chien|move: Protect\n|\n|-heal|p2a: Wo-Chien|68/277|[from] item: Leftovers\n|upkeep\n|turn|43\n|inactive|Time left: 300 sec this turn | 300 sec total\n|\n|t:|1783546826\n|move|p2a: Wo-Chien|Protect|p2a: Wo-Chien\n|-singleturn|p2a: Wo-Chien|Protect\n|move|p1a: Scovillain|Flamethrower|p2a: Wo-Chien\n|-activate|p2a: Wo-Chien|move: Protect\n|\n|-heal|p2a: Wo-Chien|85/277|[from] item: Leftovers\n|upkeep\n|turn|44\n|inactive|Time left: 300 sec this turn | 300 sec total\n|\n|t:|1783546827\n|move|p2a: Wo-Chien|Protect||[still]\n|-fail|p2a: Wo-Chien\n|move|p1a: Scovillain|Flamethrower|p2a: Wo-Chien\n|-damage|p2a: Wo-Chien|3/277\n|\n|-heal|p2a: Wo-Chien|20/277|[from] item: Leftovers\n|upkeep\n|turn|45\n|inactive|Time left: 300 sec this turn | 300 sec total\n|\n|t:|1783546828\n|move|p2a: Wo-Chien|Protect|p2a: Wo-Chien\n|-singleturn|p2a: Wo-Chien|Protect\n|move|p1a: Scovillain|Flamethrower|p2a: Wo-Chien\n|-activate|p2a: Wo-Chien|move: Protect\n|\n|-heal|p2a: Wo-Chien|37/277|[from] item: Leftovers\n|upkeep\n|turn|46\n|inactive|Time left: 300 sec this turn | 300 sec total\n|\n|t:|1783546829\n|move|p2a: Wo-Chien|Protect|p2a: Wo-Chien\n|-singleturn|p2a: Wo-Chien|Protect\n|move|p1a: Scovillain|Flamethrower|p2a: Wo-Chien\n|-activate|p2a: Wo-Chien|move: Protect\n|\n|-heal|p2a: Wo-Chien|54/277|[from] item: Leftovers\n|upkeep\n|turn|47\n|inactive|Time left: 300 sec this turn | 300 sec total\n|\n|t:|1783546830\n|move|p2a: Wo-Chien|Protect||[still]\n|-fail|p2a: Wo-Chien\n|move|p1a: Scovillain|Flamethrower|p2a: Wo-Chien\n|-damage|p2a: Wo-Chien|0 fnt\n|faint|p2a: Wo-Chien\n|\n|win|p0x659e6bd", "uploadtime": 1783546830, "views": 0, "rating": 0, "private": 0, "password": null, "_winner": "p0x659e6bd", "_our_name": "p0y6593ce1"}