{"id": "battle-gen9randombattle-1361", "formatid": "gen9randombattle", "format": "[Gen 9] Random Battle", "players": ["p0x13612ad8", "p0y13612ea7"], "log": "|init|battle\n|title|p0x13612ad8 vs. p0y13612ea7\n|j|\u2606p0x13612ad8\n|j|\u2606p0y13612ea7\n|t:|1783555808\n|gametype|singles\n|player|p1|p0x13612ad8|2|\n|player|p2|p0y13612ea7|2|\n|gen|9\n|tier|[Gen 9] Random Battle\n|rule|Species Clause: Limit one of each Pok\u00e9mon\n|rule|HP Percentage Mod: HP is shown in percentages\n|rule|Sleep Clause Mod: Limit one foe put to sleep\n|rule|Illusion Level Mod: Illusion disguises the Pok\u00e9mon's true level\n|\n|t:|1783555808\n|teamsize|p1|6\n|teamsize|p2|6\n|start\n|switch|p1a: Rampardos|Rampardos, L90, F|100/100\n|switch|p2a: Cramorant|Cramorant, L86, M|261/261\n|turn|1\n|inactive|Battle timer is ON: inactive players will automatically lose when time's up. (requested by p0y13612ea7)\n|inactive|p0x13612ad8 also wants the timer to be on.\n|\n|t:|1783555810\n|move|p2a: Cramorant|Surf|p1a: Rampardos\n|-formechange|p2a: Cramorant|Cramorant-Gulping|\n|-supereffective|p1a: Rampardos\n|-damage|p1a: Rampardos|18/100\n|move|p1a: Rampardos|Rock Slide|p2a: Cramorant\n|-supereffective|p2a: Cramorant\n|-damage|p2a: Cramorant|0 fnt\n|-damage|p1a: Rampardos|0 fnt|[from] ability: Gulp Missile|[of] p2a: Cramorant\n|-formechange|p2a: Cramorant|Cramorant|\n|faint|p2a: Cramorant\n|faint|p1a: Rampardos\n|\n|upkeep\n|inactive|Time left: 300 sec this turn | 300 sec total | 65 sec grace\n|\n|t:|1783555811\n|switch|p2a: Gallade|Gallade, L80, M|240/240\n|switch|p1a: Kingdra|Kingdra, L84, F|100/100\n|turn|2\n|inactive|Time left: 300 sec this turn | 300 sec total\n|\n|t:|1783555812\n|move|p1a: Kingdra|Outrage|p2a: Gallade\n|-damage|p2a: Gallade|89/240\n|move|p2a: Gallade|Sacred Sword|p1a: Kingdra\n|-damage|p1a: Kingdra|23/100\n|-damage|p2a: Gallade|65/240|[from] item: Life Orb\n|\n|upkeep\n|turn|3\n|inactive|Time left: 300 sec this turn | 300 sec total\n|\n|t:|1783555813\n|switch|p2a: Sandy Shocks|Sandy Shocks, L80|267/267\n|move|p1a: Kingdra|Outrage|p2a: Sandy Shocks|[from] lockedmove\n|-damage|p2a: Sandy Shocks|150/267\n|-start|p1a: Kingdra|confusion|[fatigue]\n|-enditem|p1a: Kingdra|Lum Berry|[eat]\n|-end|p1a: Kingdra|confusion\n|\n|-heal|p2a: Sandy Shocks|166/267|[from] item: Leftovers\n|upkeep\n|turn|4\n|inactive|Time left: 300 sec this turn | 300 sec total\n|\n|t:|1783555815\n|switch|p1a: Toedscruel|Toedscruel, L87, F|100/100\n|move|p2a: Sandy Shocks|Earth Power|p1a: Toedscruel\n|-resisted|p1a: Toedscruel\n|-damage|p1a: Toedscruel|92/100\n|\n|-heal|p2a: Sandy Shocks|182/267|[from] item: Leftovers\n|upkeep\n|turn|5\n|inactive|Time left: 300 sec this turn | 300 sec total\n|\n|t:|1783555816\n|-end|p2a: Sandy Shocks|Protosynthesis|[silent]\n|switch|p2a: Dusknoir|Dusknoir, L89, F|225/225\n|-item|p1a: Toedscruel|Assault Vest|[from] ability: Frisk|[of] p2a: Dusknoir\n|move|p1a: Toedscruel|Earth Power|p2a: Dusknoir\n|-damage|p2a: Dusknoir|161/225\n|-unboost|p2a: Dusknoir|spd|1\n|\n|-heal|p2a: Dusknoir|175/225|[from] item: Leftovers\n|upkeep\n|turn|6\n|inactive|Time left: 300 sec this turn | 300 sec total\n|\n|t:|1783555817\n|move|p1a: Toedscruel|Knock Off|p2a: Dusknoir\n|-supereffective|p2a: Dusknoir\n|-damage|p2a: Dusknoir|103/225\n|-enditem|p2a: Dusknoir|Leftovers|[from] move: Knock Off|[of] p1a: Toedscruel\n|move|p2a: Dusknoir|Poltergeist|p1a: Toedscruel\n|-activate|p1a: Toedscruel|move: Poltergeist|Assault Vest\n|-damage|p1a: Toedscruel|33/100\n|\n|upkeep\n|turn|7\n|inactive|Time left: 300 sec this turn | 300 sec total\n|\n|t:|1783555818\n|move|p1a: Toedscruel|Earth Power|p2a: Dusknoir\n|-damage|p2a: Dusknoir|9/225\n|move|p2a: Dusknoir|Poltergeist|p1a: Toedscruel\n|-activate|p1a: Toedscruel|move: Poltergeist|Assault Vest\n|-damage|p1a: Toedscruel|0 fnt\n|faint|p1a: Toedscruel\n|\n|upkeep\n|\n|t:|1783555819\n|switch|p1a: Ogerpon|Ogerpon-Wellspring, L76, F|100/100\n|turn|8\n|inactive|Time left: 300 sec this turn | 300 sec total\n|\n|t:|1783555820\n|move|p1a: Ogerpon|Ivy Cudgel|p2a: Dusknoir|[anim] Ivy Cudgel Water\n|-damage|p2a: Dusknoir|0 fnt\n|faint|p2a: Dusknoir\n|\n|upkeep\n|inactive|Time left: 300 sec this turn | 300 sec total | 5 sec grace\n|\n|t:|1783555821\n|switch|p2a: Baxcalibur|Baxcalibur, L75, F|296/296\n|turn|9\n|inactive|Time left: 300 sec this turn | 300 sec total\n|\n|t:|1783555822\n|move|p1a: Ogerpon|Play Rough|p2a: Baxcalibur|[miss]\n|-miss|p1a: Ogerpon|p2a: Baxcalibur\n|move|p2a: Baxcalibur|Dragon Dance|p2a: Baxcalibur\n|-boost|p2a: Baxcalibur|atk|1\n|-boost|p2a: Baxcalibur|spe|1\n|\n|upkeep\n|turn|10\n|inactive|Time left: 300 sec this turn | 300 sec total\n|\n|t:|1783555823\n|switch|p1a: Magearna|Magearna-Original, L77|100/100\n|move|p2a: Baxcalibur|Glaive Rush|p1a: Magearna\n|-immune|p1a: Magearna\n|\n|upkeep\n|turn|11\n|inactive|Time left: 300 sec this turn | 300 sec total\n|\n|t:|1783555823\n|-terastallize|p2a: Baxcalibur|Ground\n|move|p2a: Baxcalibur|Earthquake|p1a: Magearna\n|-supereffective|p1a: Magearna\n|-damage|p1a: Magearna|0 fnt\n|faint|p1a: Magearna\n|\n|upkeep\n|\n|t:|1783555824\n|switch|p1a: Ogerpon|Ogerpon-Wellspring, L76, F|100/100\n|turn|12\n|inactive|Time left: 300 sec this turn | 300 sec total\n|\n|t:|1783555825\n|-terastallize|p1a: Ogerpon|Water\n|detailschange|p1a: Ogerpon|Ogerpon-Wellspring-Tera, L76, F, tera:Water\n|-ability|p1a: Ogerpon|Embody Aspect (Wellspring)|boost\n|-boost|p1a: Ogerpon|spd|1\n|move|p2a: Baxcalibur|Glaive Rush|p1a: Ogerpon\n|-damage|p1a: Ogerpon|0 fnt\n|-singlemove|p2a: Baxcalibur|Glaive Rush|[silent]\n|faint|p1a: Ogerpon\n|detailschange|p1: Ogerpon|Ogerpon-Wellspring, L76, F|[silent]\n|\n|upkeep\n|\n|t:|1783555826\n|switch|p1a: Cobalion|Cobalion, L80|100/100\n|turn|13\n|inactive|Time left: 300 sec this turn | 300 sec total\n|\n|t:|1783555827\n|move|p2a: Baxcalibur|Earthquake|p1a: Cobalion\n|-supereffective|p1a: Cobalion\n|-damage|p1a: Cobalion|7/100\n|move|p1a: Cobalion|Aura Sphere|p2a: Baxcalibur\n|-damage|p2a: Baxcalibur|208/296\n|\n|-heal|p1a: Cobalion|13/100|[from] item: Leftovers\n|upkeep\n|turn|14\n|inactive|Time left: 300 sec this turn | 300 sec total\n|\n|t:|1783555828\n|move|p1a: Cobalion|Vacuum Wave|p2a: Baxcalibur\n|-damage|p2a: Baxcalibur|165/296\n|move|p2a: Baxcalibur|Glaive Rush|p1a: Cobalion\n|-resisted|p1a: Cobalion\n|-damage|p1a: Cobalion|0 fnt\n|-singlemove|p2a: Baxcalibur|Glaive Rush|[silent]\n|faint|p1a: Cobalion\n|\n|upkeep\n|\n|t:|1783555829\n|switch|p1a: Kingdra|Kingdra, L84, F|23/100\n|turn|15\n|inactive|Time left: 300 sec this turn | 300 sec total\n|\n|t:|1783555829\n|move|p2a: Baxcalibur|Glaive Rush|p1a: Kingdra\n|-supereffective|p1a: Kingdra\n|-damage|p1a: Kingdra|0 fnt\n|-singlemove|p2a: Baxcalibur|Glaive Rush|[silent]\n|faint|p1a: Kingdra\n|\n|win|p0y13612ea7", "uploadtime": 1783555830, "views": 0, "rating": 0, "private": 0, "password": null, "_winner": "p0y13612ea7", "_our_name": "p0y13612ea7"}