{"id": "battle-gen9randombattle-2991", "formatid": "gen9randombattle", "format": "[Gen 9] Random Battle", "players": ["p0x29913ab3", "p0y29918689"], "log": "|init|battle\n|title|p0x29913ab3 vs. p0y29918689\n|j|\u2606p0x29913ab3\n|j|\u2606p0y29918689\n|t:|1783574437\n|gametype|singles\n|player|p1|p0x29913ab3|1|\n|player|p2|p0y29918689|169|\n|gen|9\n|tier|[Gen 9] Random Battle\n|rule|Species Clause: Limit one of each Pok\u00e9mon\n|rule|HP Percentage Mod: HP is shown in percentages\n|rule|Sleep Clause Mod: Limit one foe put to sleep\n|rule|Illusion Level Mod: Illusion disguises the Pok\u00e9mon's true level\n|\n|t:|1783574437\n|teamsize|p1|6\n|teamsize|p2|6\n|start\n|switch|p1a: Polteageist|Polteageist-Antique, L78|100/100\n|switch|p2a: Clawitzer|Clawitzer, L87, M|265/265\n|turn|1\n|inactive|Battle timer is ON: inactive players will automatically lose when time's up. (requested by p0y29918689)\n|\n|t:|1783574439\n|move|p1a: Polteageist|Shell Smash|p1a: Polteageist\n|-unboost|p1a: Polteageist|def|1\n|-unboost|p1a: Polteageist|spd|1\n|-boost|p1a: Polteageist|atk|2\n|-boost|p1a: Polteageist|spa|2\n|-boost|p1a: Polteageist|spe|2\n|-enditem|p1a: Polteageist|White Herb\n|-clearnegativeboost|p1a: Polteageist|[silent]\n|move|p2a: Clawitzer|Dark Pulse|p1a: Polteageist\n|-supereffective|p1a: Polteageist\n|-crit|p1a: Polteageist\n|-damage|p1a: Polteageist|0 fnt\n|faint|p1a: Polteageist\n|\n|upkeep\n|inactive|p0x29913ab3 also wants the timer to be on.\n|\n|t:|1783574440\n|switch|p1a: Kleavor|Kleavor, L78, M|100/100\n|turn|2\n|inactive|Time left: 300 sec this turn | 300 sec total\n|\n|t:|1783574441\n|move|p1a: Kleavor|Stone Axe|p2a: Clawitzer\n|-damage|p2a: Clawitzer|81/265\n|-sidestart|p2: p0y29918689|move: Stealth Rock\n|move|p2a: Clawitzer|Dark Pulse|p1a: Kleavor\n|-damage|p1a: Kleavor|19/100\n|\n|upkeep\n|turn|3\n|inactive|Time left: 300 sec this turn | 300 sec total\n|\n|t:|1783574442\n|switch|p2a: Empoleon|Empoleon, L84, F|278/278\n|-damage|p2a: Empoleon|261/278|[from] Stealth Rock\n|move|p1a: Kleavor|Stone Axe|p2a: Empoleon\n|-resisted|p2a: Empoleon\n|-damage|p2a: Empoleon|175/278\n|\n|-heal|p2a: Empoleon|192/278|[from] item: Leftovers\n|upkeep\n|turn|4\n|inactive|Time left: 300 sec this turn | 300 sec total\n|\n|t:|1783574443\n|move|p1a: Kleavor|Stone Axe|p2a: Empoleon\n|-resisted|p2a: Empoleon\n|-damage|p2a: Empoleon|112/278\n|move|p2a: Empoleon|Surf|p1a: Kleavor\n|-supereffective|p1a: Kleavor\n|-damage|p1a: Kleavor|0 fnt\n|faint|p1a: Kleavor\n|\n|-heal|p2a: Empoleon|129/278|[from] item: Leftovers\n|upkeep\n|\n|t:|1783574445\n|switch|p1a: Miraidon|Miraidon, L65|100/100\n|-fieldstart|move: Electric Terrain|[from] ability: Hadron Engine|[of] p1a: Miraidon\n|turn|5\n|inactive|Time left: 300 sec this turn | 300 sec total\n|\n|t:|1783574446\n|-terastallize|p2a: Empoleon|Grass\n|move|p1a: Miraidon|Electro Drift|p2a: Empoleon\n|-resisted|p2a: Empoleon\n|-damage|p2a: Empoleon|35/278\n|-damage|p1a: Miraidon|91/100|[from] item: Life Orb\n|move|p2a: Empoleon|Roost|p2a: Empoleon\n|-heal|p2a: Empoleon|174/278\n|\n|-heal|p2a: Empoleon|191/278|[from] item: Leftovers\n|upkeep\n|turn|6\n|inactive|Time left: 300 sec this turn | 300 sec total\n|\n|t:|1783574447\n|move|p1a: Miraidon|Calm Mind|p1a: Miraidon\n|-boost|p1a: Miraidon|spa|1\n|-boost|p1a: Miraidon|spd|1\n|move|p2a: Empoleon|Ice Beam|p1a: Miraidon\n|-supereffective|p1a: Miraidon\n|-damage|p1a: Miraidon|51/100\n|\n|-heal|p2a: Empoleon|208/278|[from] item: Leftovers\n|upkeep\n|turn|7\n|inactive|Time left: 300 sec this turn | 300 sec total\n|\n|t:|1783574448\n|move|p1a: Miraidon|Draco Meteor|p2a: Empoleon|[miss]\n|-miss|p1a: Miraidon|p2a: Empoleon\n|move|p2a: Empoleon|Ice Beam|p1a: Miraidon\n|-supereffective|p1a: Miraidon\n|-damage|p1a: Miraidon|8/100\n|\n|-heal|p2a: Empoleon|225/278|[from] item: Leftovers\n|upkeep\n|turn|8\n|inactive|Time left: 300 sec this turn | 300 sec total\n|\n|t:|1783574449\n|switch|p2a: Clawitzer|Clawitzer, L87, M|81/265\n|-damage|p2a: Clawitzer|48/265|[from] Stealth Rock\n|move|p1a: Miraidon|Draco Meteor|p2a: Clawitzer\n|-damage|p2a: Clawitzer|0 fnt\n|-unboost|p1a: Miraidon|spa|2\n|faint|p2a: Clawitzer\n|-damage|p1a: Miraidon|0 fnt|[from] item: Life Orb\n|faint|p1a: Miraidon\n|\n|upkeep\n|inactive|Time left: 300 sec this turn | 300 sec total | 5 sec grace\n|\n|t:|1783574450\n|switch|p1a: Wyrdeer|Wyrdeer, L87, M|100/100\n|switch|p2a: Magmortar|Magmortar, L88, M|275/275\n|-ability|p1a: Wyrdeer|Intimidate|boost\n|-unboost|p2a: Magmortar|atk|1\n|turn|9\n|inactive|Time left: 300 sec this turn | 300 sec total\n|\n|t:|1783574451\n|switch|p2a: Altaria|Altaria, L89, F|278/278\n|move|p1a: Wyrdeer|Earthquake|p2a: Altaria\n|-immune|p2a: Altaria\n|\n|-fieldend|move: Electric Terrain\n|upkeep\n|turn|10\n|inactive|Time left: 300 sec this turn | 300 sec total\n|\n|t:|1783574452\n|switch|p1a: Azumarill|Azumarill, L82, M|100/100\n|move|p2a: Altaria|Dragon Dance|p2a: Altaria\n|-boost|p2a: Altaria|atk|1\n|-boost|p2a: Altaria|spe|1\n|\n|upkeep\n|turn|11\n|inactive|Time left: 300 sec this turn | 300 sec total\n|\n|t:|1783574453\n|switch|p2a: Magmortar|Magmortar, L88, M|275/275\n|move|p1a: Azumarill|Play Rough|p2a: Magmortar|[miss]\n|-miss|p1a: Azumarill|p2a: Magmortar\n|\n|upkeep\n|turn|12\n|inactive|Time left: 300 sec this turn | 300 sec total\n|\n|t:|1783574454\n|move|p2a: Magmortar|Thunderbolt|p1a: Azumarill\n|-supereffective|p1a: Azumarill\n|-damage|p1a: Azumarill|39/100\n|move|p1a: Azumarill|Play Rough|p2a: Magmortar\n|-resisted|p2a: Magmortar\n|-damage|p2a: Magmortar|175/275\n|\n|upkeep\n|turn|13\n|inactive|Time left: 300 sec this turn | 300 sec total\n|\n|t:|1783574456\n|switch|p1a: Wyrdeer|Wyrdeer, L87, M|100/100\n|-ability|p1a: Wyrdeer|Intimidate|boost\n|-unboost|p2a: Magmortar|atk|1\n|move|p2a: Magmortar|Thunderbolt|p1a: Wyrdeer\n|-damage|p1a: Wyrdeer|72/100\n|\n|-heal|p1a: Wyrdeer|78/100|[from] item: Leftovers\n|upkeep\n|turn|14\n|inactive|Time left: 300 sec this turn | 300 sec total\n|\n|t:|1783574457\n|move|p2a: Magmortar|Fire Blast|p1a: Wyrdeer\n|-damage|p1a: Wyrdeer|22/100\n|move|p1a: Wyrdeer|Earthquake|p2a: Magmortar\n|-supereffective|p2a: Magmortar\n|-damage|p2a: Magmortar|0 fnt\n|faint|p2a: Magmortar\n|\n|-heal|p1a: Wyrdeer|28/100|[from] item: Leftovers\n|upkeep\n|inactive|Time left: 300 sec this turn | 300 sec total | 5 sec grace\n|\n|t:|1783574457\n|switch|p2a: Altaria|Altaria, L89, F|278/278\n|turn|15\n|inactive|Time left: 300 sec this turn | 300 sec total\n|\n|t:|1783574459\n|switch|p1a: Solgaleo|Solgaleo, L74|100/100\n|move|p2a: Altaria|Brave Bird|p1a: Solgaleo\n|-resisted|p1a: Solgaleo\n|-damage|p1a: Solgaleo|82/100\n|-damage|p2a: Altaria|259/278|[from] Recoil\n|\n|-heal|p1a: Solgaleo|88/100|[from] item: Leftovers\n|upkeep\n|turn|16\n|inactive|Time left: 300 sec this turn | 300 sec total\n|\n|t:|1783574460\n|move|p2a: Altaria|Dragon Dance|p2a: Altaria\n|-boost|p2a: Altaria|atk|1\n|-boost|p2a: Altaria|spe|1\n|move|p1a: Solgaleo|Sunsteel Strike|p2a: Altaria\n|-damage|p2a: Altaria|163/278\n|\n|-heal|p1a: Solgaleo|95/100|[from] item: Leftovers\n|upkeep\n|turn|17\n|inactive|Time left: 300 sec this turn | 300 sec total\n|\n|t:|1783574461\n|move|p2a: Altaria|Roost|p2a: Altaria\n|-heal|p2a: Altaria|278/278\n|-singleturn|p2a: Altaria|move: Roost\n|move|p1a: Solgaleo|Roar|p2a: Altaria\n|drag|p2a: Toucannon|Toucannon, L88, M|284/284\n|\n|-heal|p1a: Solgaleo|100/100|[from] item: Leftovers\n|upkeep\n|turn|18\n|inactive|Time left: 300 sec this turn | 300 sec total\n|\n|t:|1783574462\n|move|p1a: Solgaleo|Sunsteel Strike|p2a: Toucannon\n|-damage|p2a: Toucannon|172/284\n|move|p2a: Toucannon|Boomburst|p1a: Solgaleo\n|-resisted|p1a: Solgaleo\n|-damage|p1a: Solgaleo|77/100\n|\n|-heal|p1a: Solgaleo|83/100|[from] item: Leftovers\n|upkeep\n|turn|19\n|inactive|Time left: 300 sec this turn | 300 sec total\n|\n|t:|1783574463\n|move|p1a: Solgaleo|Sunsteel Strike|p2a: Toucannon\n|-damage|p2a: Toucannon|55/284\n|move|p2a: Toucannon|Roost|p2a: Toucannon\n|-heal|p2a: Toucannon|197/284\n|-singleturn|p2a: Toucannon|move: Roost\n|\n|-heal|p1a: Solgaleo|89/100|[from] item: Leftovers\n|upkeep\n|turn|20\n|inactive|Time left: 300 sec this turn | 300 sec total\n|\n|t:|1783574464\n|move|p1a: Solgaleo|Sunsteel Strike|p2a: Toucannon\n|-damage|p2a: Toucannon|70/284\n|move|p2a: Toucannon|Roost|p2a: Toucannon\n|-heal|p2a: Toucannon|212/284\n|-singleturn|p2a: Toucannon|move: Roost\n|\n|-heal|p1a: Solgaleo|96/100|[from] item: Leftovers\n|upkeep\n|turn|21\n|inactive|Time left: 300 sec this turn | 300 sec total\n|\n|t:|1783574465\n|move|p1a: Solgaleo|Sunsteel Strike|p2a: Toucannon\n|-damage|p2a: Toucannon|95/284\n|move|p2a: Toucannon|Roost|p2a: Toucannon\n|-heal|p2a: Toucannon|237/284\n|-singleturn|p2a: Toucannon|move: Roost\n|\n|-heal|p1a: Solgaleo|100/100|[from] item: Leftovers\n|upkeep\n|turn|22\n|inactive|Time left: 300 sec this turn | 300 sec total\n|\n|t:|1783574466\n|move|p1a: Solgaleo|Sunsteel Strike|p2a: Toucannon\n|-damage|p2a: Toucannon|119/284\n|move|p2a: Toucannon|Roost|p2a: Toucannon\n|-heal|p2a: Toucannon|261/284\n|-singleturn|p2a: Toucannon|move: Roost\n|\n|upkeep\n|turn|23\n|inactive|Time left: 300 sec this turn | 300 sec total\n|\n|t:|1783574468\n|move|p1a: Solgaleo|Sunsteel Strike|p2a: Toucannon\n|-damage|p2a: Toucannon|152/284\n|move|p2a: Toucannon|Roost|p2a: Toucannon\n|-heal|p2a: Toucannon|284/284\n|-singleturn|p2a: Toucannon|move: Roost\n|\n|upkeep\n|turn|24\n|inactive|Time left: 300 sec this turn | 300 sec total\n|\n|t:|1783574469\n|move|p1a: Solgaleo|Sunsteel Strike|p2a: Toucannon\n|-damage|p2a: Toucannon|176/284\n|move|p2a: Toucannon|Boomburst|p1a: Solgaleo\n|-resisted|p1a: Solgaleo\n|-damage|p1a: Solgaleo|79/100\n|\n|-heal|p1a: Solgaleo|85/100|[from] item: Leftovers\n|upkeep\n|turn|25\n|inactive|Time left: 300 sec this turn | 300 sec total\n|\n|t:|1783574470\n|move|p1a: Solgaleo|Close Combat|p2a: Toucannon\n|-damage|p2a: Toucannon|87/284\n|-unboost|p1a: Solgaleo|def|1\n|-unboost|p1a: Solgaleo|spd|1\n|move|p2a: Toucannon|Roost|p2a: Toucannon\n|-heal|p2a: Toucannon|229/284\n|-singleturn|p2a: Toucannon|move: Roost\n|\n|-heal|p1a: Solgaleo|92/100|[from] item: Leftovers\n|upkeep\n|turn|26\n|inactive|Time left: 300 sec this turn | 300 sec total\n|\n|t:|1783574471\n|move|p1a: Solgaleo|Close Combat|p2a: Toucannon\n|-damage|p2a: Toucannon|134/284\n|-unboost|p1a: Solgaleo|def|1\n|-unboost|p1a: Solgaleo|spd|1\n|move|p2a: Toucannon|Boomburst|p1a: Solgaleo\n|-resisted|p1a: Solgaleo\n|-damage|p1a: Solgaleo|46/100\n|\n|-heal|p1a: Solgaleo|52/100|[from] item: Leftovers\n|upkeep\n|turn|27\n|inactive|Time left: 300 sec this turn | 300 sec total\n|\n|t:|1783574473\n|-singleturn|p2a: Toucannon|move: Beak Blast\n|move|p1a: Solgaleo|Close Combat|p2a: Toucannon\n|-damage|p2a: Toucannon|43/284\n|-status|p1a: Solgaleo|brn\n|-unboost|p1a: Solgaleo|def|1\n|-unboost|p1a: Solgaleo|spd|1\n|move|p2a: Toucannon|Beak Blast|p1a: Solgaleo\n|-resisted|p1a: Solgaleo\n|-damage|p1a: Solgaleo|0 fnt\n|faint|p1a: Solgaleo\n|\n|upkeep\n|\n|t:|1783574473\n|switch|p1a: Wyrdeer|Wyrdeer, L87, M|28/100\n|-ability|p1a: Wyrdeer|Intimidate|boost\n|-unboost|p2a: Toucannon|atk|1\n|turn|28\n|inactive|Time left: 300 sec this turn | 300 sec total\n|\n|t:|1783574474\n|switch|p2a: Altaria|Altaria, L89, F|278/278\n|move|p1a: Wyrdeer|Megahorn|p2a: Altaria\n|-resisted|p2a: Altaria\n|-damage|p2a: Altaria|230/278\n|\n|-heal|p1a: Wyrdeer|34/100|[from] item: Leftovers\n|upkeep\n|turn|29\n|inactive|Time left: 300 sec this turn | 300 sec total\n|\n|t:|1783574475\n|switch|p1a: Azumarill|Azumarill, L82, M|39/100\n|move|p2a: Altaria|Brave Bird|p1a: Azumarill\n|-damage|p1a: Azumarill|0 fnt\n|faint|p1a: Azumarill\n|-damage|p2a: Altaria|192/278|[from] Recoil\n|\n|upkeep\n|\n|t:|1783574476\n|switch|p1a: Wyrdeer|Wyrdeer, L87, M|34/100\n|-ability|p1a: Wyrdeer|Intimidate|boost\n|-unboost|p2a: Altaria|atk|1\n|turn|30\n|inactive|Time left: 300 sec this turn | 300 sec total\n|\n|t:|1783574477\n|move|p2a: Altaria|Brave Bird|p1a: Wyrdeer\n|-damage|p1a: Wyrdeer|7/100\n|-damage|p2a: Altaria|163/278|[from] Recoil\n|move|p1a: Wyrdeer|Thunder Wave|p2a: Altaria\n|-status|p2a: Altaria|par\n|\n|-heal|p1a: Wyrdeer|14/100|[from] item: Leftovers\n|upkeep\n|turn|31\n|inactive|Time left: 300 sec this turn | 300 sec total\n|\n|t:|1783574478\n|move|p1a: Wyrdeer|Psychic Noise|p2a: Altaria\n|-damage|p2a: Altaria|94/278 par\n|-start|p2a: Altaria|move: Heal Block\n|move|p2a: Altaria|Brave Bird|p1a: Wyrdeer\n|-crit|p1a: Wyrdeer\n|-damage|p1a: Wyrdeer|0 fnt\n|faint|p1a: Wyrdeer\n|-damage|p2a: Altaria|80/278 par|[from] Recoil\n|\n|win|p0y29918689", "uploadtime": 1783574478, "views": 0, "rating": 0, "private": 0, "password": null, "_winner": "p0y29918689", "_our_name": "p0y29918689"}