{"id": "battle-gen9randombattle-2755", "formatid": "gen9randombattle", "format": "[Gen 9] Random Battle", "players": ["p0x27553b91", "p0y27559e54"], "log": "|init|battle\n|title|p0x27553b91 vs. p0y27559e54\n|j|\u2606p0x27553b91\n|j|\u2606p0y27559e54\n|t:|1783570731\n|gametype|singles\n|player|p1|p0x27553b91|101|\n|player|p2|p0y27559e54|2|\n|gen|9\n|tier|[Gen 9] Random Battle\n|rule|Species Clause: Limit one of each Pok\u00e9mon\n|rule|HP Percentage Mod: HP is shown in percentages\n|rule|Sleep Clause Mod: Limit one foe put to sleep\n|rule|Illusion Level Mod: Illusion disguises the Pok\u00e9mon's true level\n|\n|t:|1783570731\n|teamsize|p1|6\n|teamsize|p2|6\n|start\n|switch|p1a: Gurdurr|Gurdurr, L85, F|283/283\n|switch|p2a: Metagross|Metagross, L79|100/100\n|turn|1\n|inactive|Battle timer is ON: inactive players will automatically lose when time's up. (requested by p0y27559e54)\n|inactive|Time left: 300 sec this turn | 300 sec total | 60 sec grace\n|inactive|p0x27553b91 also wants the timer to be on.\n|\n|t:|1783570733\n|move|p2a: Metagross|Agility|p2a: Metagross\n|-boost|p2a: Metagross|spe|2\n|move|p1a: Gurdurr|Knock Off|p2a: Metagross\n|-supereffective|p2a: Metagross\n|-damage|p2a: Metagross|51/100\n|-enditem|p2a: Metagross|Weakness Policy\n|-boost|p2a: Metagross|atk|2|[from] item: Weakness Policy\n|-boost|p2a: Metagross|spa|2|[from] item: Weakness Policy\n|\n|upkeep\n|turn|2\n|inactive|Time left: 300 sec this turn | 300 sec total\n|\n|t:|1783570734\n|move|p2a: Metagross|Heavy Slam|p1a: Gurdurr\n|-damage|p1a: Gurdurr|87/283\n|move|p1a: Gurdurr|Drain Punch|p2a: Metagross\n|-damage|p2a: Metagross|24/100\n|-heal|p1a: Gurdurr|122/283|[from] drain|[of] p2a: Metagross\n|\n|upkeep\n|turn|3\n|inactive|Time left: 300 sec this turn | 300 sec total\n|\n|t:|1783570735\n|move|p2a: Metagross|Heavy Slam|p1a: Gurdurr\n|-damage|p1a: Gurdurr|0 fnt\n|faint|p1a: Gurdurr\n|\n|upkeep\n|inactive|Time left: 300 sec this turn | 300 sec total | 5 sec grace\n|\n|t:|1783570736\n|switch|p1a: Bisharp|Bisharp, L79, M|232/232\n|turn|4\n|inactive|Time left: 300 sec this turn | 300 sec total\n|\n|t:|1783570737\n|move|p1a: Bisharp|Sucker Punch||[still]\n|-fail|p1a: Bisharp\n|move|p2a: Metagross|Agility|p2a: Metagross\n|-boost|p2a: Metagross|spe|2\n|\n|upkeep\n|turn|5\n|inactive|Time left: 300 sec this turn | 300 sec total\n|\n|t:|1783570738\n|move|p1a: Bisharp|Sucker Punch||[still]\n|-fail|p1a: Bisharp\n|move|p2a: Metagross|Agility|p2a: Metagross\n|-boost|p2a: Metagross|spe|2\n|\n|upkeep\n|turn|6\n|inactive|Time left: 300 sec this turn | 300 sec total\n|\n|t:|1783570739\n|-terastallize|p2a: Metagross|Ground\n|move|p1a: Bisharp|Sucker Punch|p2a: Metagross\n|-damage|p2a: Metagross|0 fnt\n|faint|p2a: Metagross\n|\n|upkeep\n|\n|t:|1783570740\n|switch|p2a: Vikavolt|Vikavolt, L83, M|100/100\n|turn|7\n|inactive|Time left: 300 sec this turn | 300 sec total\n|\n|t:|1783570741\n|move|p1a: Bisharp|Swords Dance|p1a: Bisharp\n|-boost|p1a: Bisharp|atk|2\n|move|p2a: Vikavolt|Sticky Web|p1a: Bisharp\n|-sidestart|p1: p0x27553b91|move: Sticky Web\n|\n|upkeep\n|turn|8\n|inactive|Time left: 300 sec this turn | 300 sec total\n|\n|t:|1783570742\n|move|p1a: Bisharp|Throat Chop|p2a: Vikavolt\n|-damage|p2a: Vikavolt|26/100\n|-start|p2a: Vikavolt|Throat Chop|[silent]\n|move|p2a: Vikavolt|Volt Switch|p1a: Bisharp\n|-damage|p1a: Bisharp|147/232\n|\n|t:|1783570743\n|switch|p2a: Noctowl|Noctowl, L95, F|100/100|[from] Volt Switch\n|\n|upkeep\n|turn|9\n|inactive|Time left: 300 sec this turn | 300 sec total\n|\n|t:|1783570745\n|move|p2a: Noctowl|Nasty Plot|p2a: Noctowl\n|-boost|p2a: Noctowl|spa|2\n|move|p1a: Bisharp|Iron Head|p2a: Noctowl\n|-damage|p2a: Noctowl|25/100\n|\n|upkeep\n|turn|10\n|inactive|Time left: 300 sec this turn | 300 sec total\n|\n|t:|1783570745\n|move|p1a: Bisharp|Sucker Punch||[still]\n|-fail|p1a: Bisharp\n|move|p2a: Noctowl|Roost|p2a: Noctowl\n|-heal|p2a: Noctowl|75/100\n|-singleturn|p2a: Noctowl|move: Roost\n|\n|upkeep\n|turn|11\n|inactive|Time left: 300 sec this turn | 300 sec total\n|\n|t:|1783570746\n|move|p1a: Bisharp|Sucker Punch|p2a: Noctowl\n|-damage|p2a: Noctowl|14/100\n|move|p2a: Noctowl|Hyper Voice|p1a: Bisharp\n|-resisted|p1a: Bisharp\n|-damage|p1a: Bisharp|0 fnt\n|faint|p1a: Bisharp\n|\n|upkeep\n|inactive|Time left: 300 sec this turn | 300 sec total | 5 sec grace\n|\n|t:|1783570748\n|switch|p1a: Moltres|Moltres, L81|278/278\n|turn|12\n|inactive|Time left: 300 sec this turn | 300 sec total\n|\n|t:|1783570749\n|switch|p2a: Ceruledge|Ceruledge, L78, F|100/100\n|move|p1a: Moltres|Fire Blast|p2a: Ceruledge\n|-resisted|p2a: Ceruledge\n|-damage|p2a: Ceruledge|72/100\n|\n|upkeep\n|turn|13\n|inactive|Time left: 300 sec this turn | 300 sec total\n|\n|t:|1783570750\n|move|p1a: Moltres|Brave Bird|p2a: Ceruledge\n|-damage|p2a: Ceruledge|10/100\n|-ability|p2a: Ceruledge|Weak Armor|boost\n|-unboost|p2a: Ceruledge|def|1\n|-boost|p2a: Ceruledge|spe|2\n|-damage|p1a: Moltres|228/278|[from] Recoil\n|move|p2a: Ceruledge|Poltergeist|p1a: Moltres\n|-activate|p1a: Moltres|move: Poltergeist|Heavy-Duty Boots\n|-damage|p1a: Moltres|96/278\n|\n|upkeep\n|turn|14\n|inactive|Time left: 300 sec this turn | 300 sec total\n|\n|t:|1783570751\n|switch|p1a: Krookodile|Krookodile, L79, F|280/280\n|-activate|p1a: Krookodile|move: Sticky Web\n|-unboost|p1a: Krookodile|spe|1\n|-ability|p1a: Krookodile|Intimidate|boost\n|-unboost|p2a: Ceruledge|atk|1\n|move|p2a: Ceruledge|Poltergeist|p1a: Krookodile|[miss]\n|-miss|p2a: Ceruledge|p1a: Krookodile\n|\n|upkeep\n|turn|15\n|inactive|Time left: 300 sec this turn | 300 sec total\n|\n|t:|1783570752\n|move|p2a: Ceruledge|Close Combat|p1a: Krookodile\n|-supereffective|p1a: Krookodile\n|-damage|p1a: Krookodile|136/280\n|-unboost|p2a: Ceruledge|def|1\n|-unboost|p2a: Ceruledge|spd|1\n|move|p1a: Krookodile|Knock Off|p2a: Ceruledge\n|-supereffective|p2a: Ceruledge\n|-damage|p2a: Ceruledge|0 fnt\n|-enditem|p2a: Ceruledge|Heavy-Duty Boots|[from] move: Knock Off|[of] p1a: Krookodile\n|faint|p2a: Ceruledge\n|\n|-heal|p1a: Krookodile|153/280|[from] item: Leftovers\n|upkeep\n|\n|t:|1783570753\n|switch|p2a: Noctowl|Noctowl, L95, F|14/100\n|turn|16\n|inactive|Time left: 300 sec this turn | 300 sec total\n|\n|t:|1783570754\n|move|p2a: Noctowl|Roost|p2a: Noctowl\n|-heal|p2a: Noctowl|64/100\n|-singleturn|p2a: Noctowl|move: Roost\n|move|p1a: Krookodile|Knock Off|p2a: Noctowl\n|-damage|p2a: Noctowl|28/100\n|-enditem|p2a: Noctowl|Heavy-Duty Boots|[from] move: Knock Off|[of] p1a: Krookodile\n|\n|-heal|p1a: Krookodile|170/280|[from] item: Leftovers\n|upkeep\n|turn|17\n|inactive|Time left: 300 sec this turn | 300 sec total\n|\n|t:|1783570755\n|move|p2a: Noctowl|Roost|p2a: Noctowl\n|-heal|p2a: Noctowl|78/100\n|-singleturn|p2a: Noctowl|move: Roost\n|move|p1a: Krookodile|Gunk Shot|p2a: Noctowl|[miss]\n|-miss|p1a: Krookodile|p2a: Noctowl\n|\n|-heal|p1a: Krookodile|187/280|[from] item: Leftovers\n|upkeep\n|turn|18\n|inactive|Time left: 300 sec this turn | 300 sec total\n|\n|t:|1783570756\n|move|p2a: Noctowl|Nasty Plot|p2a: Noctowl\n|-boost|p2a: Noctowl|spa|2\n|move|p1a: Krookodile|Gunk Shot|p2a: Noctowl\n|-damage|p2a: Noctowl|45/100\n|\n|-heal|p1a: Krookodile|204/280|[from] item: Leftovers\n|upkeep\n|turn|19\n|inactive|Time left: 300 sec this turn | 300 sec total\n|\n|t:|1783570757\n|move|p2a: Noctowl|Roost|p2a: Noctowl\n|-heal|p2a: Noctowl|95/100\n|-singleturn|p2a: Noctowl|move: Roost\n|move|p1a: Krookodile|Gunk Shot|p2a: Noctowl\n|-damage|p2a: Noctowl|62/100\n|-status|p2a: Noctowl|psn\n|\n|-heal|p1a: Krookodile|221/280|[from] item: Leftovers\n|-damage|p2a: Noctowl|49/100 psn|[from] psn\n|upkeep\n|turn|20\n|inactive|Time left: 300 sec this turn | 300 sec total\n|\n|t:|1783570758\n|switch|p1a: Banette|Banette, L93, F|270/270\n|-activate|p1a: Banette|move: Sticky Web\n|-unboost|p1a: Banette|spe|1\n|move|p2a: Noctowl|Hyper Voice|p1a: Banette\n|-immune|p1a: Banette\n|\n|-damage|p2a: Noctowl|37/100 psn|[from] psn\n|upkeep\n|turn|21\n|inactive|Time left: 300 sec this turn | 300 sec total\n|\n|t:|1783570759\n|move|p2a: Noctowl|Hurricane|p1a: Banette\n|-damage|p1a: Banette|0 fnt\n|-start|p2a: Noctowl|Disable|Hurricane|[from] ability: Cursed Body|[of] p1a: Banette\n|faint|p1a: Banette\n|\n|-damage|p2a: Noctowl|24/100 psn|[from] psn\n|upkeep\n|inactive|Time left: 300 sec this turn | 300 sec total | 5 sec grace\n|\n|t:|1783570759\n|switch|p1a: Moltres|Moltres, L81|96/278\n|turn|22\n|inactive|Time left: 300 sec this turn | 300 sec total\n|\n|t:|1783570760\n|move|p1a: Moltres|Fire Blast|p2a: Noctowl\n|-damage|p2a: Noctowl|0 fnt\n|faint|p2a: Noctowl\n|\n|upkeep\n|\n|t:|1783570761\n|switch|p2a: Sableye|Sableye, L88, M|100/100\n|turn|23\n|inactive|Time left: 300 sec this turn | 300 sec total\n|\n|t:|1783570762\n|move|p1a: Moltres|Roost|p1a: Moltres\n|-heal|p1a: Moltres|235/278\n|-singleturn|p1a: Moltres|move: Roost\n|move|p2a: Sableye|Knock Off|p1a: Moltres\n|-damage|p1a: Moltres|132/278\n|-enditem|p1a: Moltres|Heavy-Duty Boots|[from] move: Knock Off|[of] p2a: Sableye\n|\n|upkeep\n|turn|24\n|inactive|Time left: 300 sec this turn | 300 sec total\n|\n|t:|1783570763\n|move|p2a: Sableye|Encore|p1a: Moltres\n|-start|p1a: Moltres|Encore\n|move|p1a: Moltres|Roost|p1a: Moltres\n|-heal|p1a: Moltres|271/278\n|-singleturn|p1a: Moltres|move: Roost\n|\n|upkeep\n|turn|25\n|inactive|Time left: 300 sec this turn | 300 sec total\n|\n|t:|1783570764\n|switch|p1a: Krookodile|Krookodile, L79, F|221/280\n|-activate|p1a: Krookodile|move: Sticky Web\n|-unboost|p1a: Krookodile|spe|1\n|-ability|p1a: Krookodile|Intimidate|boost\n|-unboost|p2a: Sableye|atk|1\n|switch|p2a: Serperior|Serperior, L79, F|100/100\n|\n|-heal|p1a: Krookodile|238/280|[from] item: Leftovers\n|upkeep\n|turn|26\n|inactive|Time left: 300 sec this turn | 300 sec total\n|\n|t:|1783570765\n|-terastallize|p1a: Krookodile|Poison\n|move|p2a: Serperior|Glare|p1a: Krookodile\n|-status|p1a: Krookodile|par\n|move|p1a: Krookodile|Gunk Shot|p2a: Serperior\n|-supereffective|p2a: Serperior\n|-damage|p2a: Serperior|0 fnt\n|faint|p2a: Serperior\n|\n|-heal|p1a: Krookodile|255/280 par|[from] item: Leftovers\n|upkeep\n|\n|t:|1783570765\n|switch|p2a: Vikavolt|Vikavolt, L83, M|26/100\n|turn|27\n|inactive|Time left: 300 sec this turn | 300 sec total\n|\n|t:|1783570766\n|move|p2a: Vikavolt|Thunderbolt|p1a: Krookodile\n|-damage|p1a: Krookodile|87/280 par\n|move|p1a: Krookodile|Knock Off|p2a: Vikavolt\n|-damage|p2a: Vikavolt|0 fnt\n|-enditem|p2a: Vikavolt|Heavy-Duty Boots|[from] move: Knock Off|[of] p1a: Krookodile\n|faint|p2a: Vikavolt\n|\n|-heal|p1a: Krookodile|104/280 par|[from] item: Leftovers\n|upkeep\n|\n|t:|1783570767\n|switch|p2a: Sableye|Sableye, L88, M|100/100\n|turn|28\n|inactive|Time left: 300 sec this turn | 300 sec total\n|\n|t:|1783570768\n|switch|p1a: Moltres|Moltres, L81|271/278\n|move|p2a: Sableye|Knock Off|p1a: Moltres\n|-crit|p1a: Moltres\n|-damage|p1a: Moltres|183/278\n|-status|p2a: Sableye|brn|[from] ability: Flame Body|[of] p1a: Moltres\n|\n|-damage|p2a: Sableye|94/100 brn|[from] brn\n|upkeep\n|turn|29\n|inactive|Time left: 300 sec this turn | 300 sec total\n|\n|t:|1783570769\n|move|p1a: Moltres|Fire Blast|p2a: Sableye\n|-crit|p2a: Sableye\n|-damage|p2a: Sableye|0 fnt\n|faint|p2a: Sableye\n|\n|win|p0x27553b91", "uploadtime": 1783570769, "views": 0, "rating": 0, "private": 0, "password": null, "_winner": "p0x27553b91", "_our_name": "p0x27553b91"}