{"id": "battle-gen9randombattle-1887", "formatid": "gen9randombattle", "format": "[Gen 9] Random Battle", "players": ["p0x18874386", "p0y188789a5"], "log": "|init|battle\n|title|p0x18874386 vs. p0y188789a5\n|j|\u2606p0x18874386\n|j|\u2606p0y188789a5\n|t:|1783561840\n|gametype|singles\n|player|p1|p0x18874386|170|\n|player|p2|p0y188789a5|102|\n|gen|9\n|tier|[Gen 9] Random Battle\n|rule|Species Clause: Limit one of each Pok\u00e9mon\n|rule|HP Percentage Mod: HP is shown in percentages\n|rule|Sleep Clause Mod: Limit one foe put to sleep\n|rule|Illusion Level Mod: Illusion disguises the Pok\u00e9mon's true level\n|\n|t:|1783561840\n|teamsize|p1|6\n|teamsize|p2|6\n|start\n|switch|p1a: Oinkologne|Oinkologne, L92, M|100/100\n|switch|p2a: Vileplume|Vileplume, L85, F|266/266\n|turn|1\n|inactive|Battle timer is ON: inactive players will automatically lose when time's up. (requested by p0y188789a5)\n|inactive|p0x18874386 also wants the timer to be on.\n|\n|t:|1783561841\n|switch|p1a: Typhlosion|Typhlosion, L84, M|100/100\n|move|p2a: Vileplume|Leech Seed|p1a: Typhlosion\n|-start|p1a: Typhlosion|move: Leech Seed\n|\n|-damage|p1a: Typhlosion|88/100|[from] Leech Seed|[of] p2a: Vileplume\n|upkeep\n|turn|2\n|inactive|Time left: 300 sec this turn | 300 sec total\n|\n|t:|1783561842\n|-terastallize|p2a: Vileplume|Water\n|move|p1a: Typhlosion|Eruption|p2a: Vileplume\n|-resisted|p2a: Vileplume\n|-damage|p2a: Vileplume|197/266\n|move|p2a: Vileplume|Sludge Bomb|p1a: Typhlosion\n|-damage|p1a: Typhlosion|50/100\n|\n|-heal|p2a: Vileplume|213/266|[from] item: Leftovers\n|-damage|p1a: Typhlosion|37/100|[from] Leech Seed|[of] p2a: Vileplume\n|-heal|p2a: Vileplume|246/266|[silent]\n|upkeep\n|turn|3\n|inactive|Time left: 300 sec this turn | 300 sec total\n|\n|t:|1783561843\n|switch|p1a: Dewgong|Dewgong, L94, M|100/100\n|move|p2a: Vileplume|Sludge Bomb|p1a: Dewgong\n|-damage|p1a: Dewgong|82/100\n|\n|-heal|p2a: Vileplume|262/266|[from] item: Leftovers\n|upkeep\n|turn|4\n|inactive|Time left: 300 sec this turn | 300 sec total\n|\n|t:|1783561844\n|move|p1a: Dewgong|Surf|p2a: Vileplume\n|-resisted|p2a: Vileplume\n|-damage|p2a: Vileplume|217/266\n|move|p2a: Vileplume|Giga Drain|p1a: Dewgong\n|-supereffective|p1a: Dewgong\n|-damage|p1a: Dewgong|51/100\n|-heal|p2a: Vileplume|266/266|[from] drain|[of] p1a: Dewgong\n|\n|upkeep\n|turn|5\n|inactive|Time left: 300 sec this turn | 300 sec total\n|\n|t:|1783561846\n|move|p1a: Dewgong|Knock Off|p2a: Vileplume\n|-damage|p2a: Vileplume|198/266\n|-enditem|p2a: Vileplume|Leftovers|[from] move: Knock Off|[of] p1a: Dewgong\n|move|p2a: Vileplume|Leech Seed|p1a: Dewgong\n|-start|p1a: Dewgong|move: Leech Seed\n|\n|-damage|p1a: Dewgong|39/100|[from] Leech Seed|[of] p2a: Vileplume\n|-heal|p2a: Vileplume|238/266|[silent]\n|upkeep\n|turn|6\n|inactive|Time left: 300 sec this turn | 300 sec total\n|\n|t:|1783561847\n|switch|p1a: Typhlosion|Typhlosion, L84, M|37/100\n|move|p2a: Vileplume|Sludge Bomb|p1a: Typhlosion\n|-damage|p1a: Typhlosion|0 fnt\n|faint|p1a: Typhlosion\n|\n|upkeep\n|\n|t:|1783561848\n|switch|p1a: Sableye|Sableye, L88, M|100/100\n|turn|7\n|inactive|Time left: 300 sec this turn | 300 sec total\n|\n|t:|1783561849\n|move|p1a: Sableye|Thunder Wave|p2a: Vileplume\n|-status|p2a: Vileplume|par\n|move|p2a: Vileplume|Strength Sap|p1a: Sableye\n|-unboost|p1a: Sableye|atk|1\n|-heal|p2a: Vileplume|266/266 par\n|\n|upkeep\n|turn|8\n|inactive|Time left: 300 sec this turn | 300 sec total\n|\n|t:|1783561849\n|switch|p1a: Flygon|Flygon, L82, F|100/100\n|cant|p2a: Vileplume|par\n|\n|upkeep\n|turn|9\n|inactive|Time left: 300 sec this turn | 300 sec total\n|\n|t:|1783561850\n|move|p1a: Flygon|Outrage|p2a: Vileplume\n|-damage|p2a: Vileplume|149/266 par\n|move|p2a: Vileplume|Strength Sap|p1a: Flygon\n|-unboost|p1a: Flygon|atk|1\n|-heal|p2a: Vileplume|266/266 par\n|\n|upkeep\n|turn|10\n|inactive|Time left: 300 sec this turn | 300 sec total\n|\n|t:|1783561851\n|switch|p2a: Avalugg|Avalugg-Hisui, L90, F|317/317\n|move|p1a: Flygon|Outrage|p2a: Avalugg|[from] lockedmove\n|-damage|p2a: Avalugg|277/317\n|\n|upkeep\n|turn|11\n|inactive|Time left: 300 sec this turn | 300 sec total\n|\n|t:|1783561853\n|move|p1a: Flygon|Outrage|p2a: Avalugg|[from] lockedmove\n|-damage|p2a: Avalugg|231/317\n|-start|p1a: Flygon|confusion|[fatigue]\n|move|p2a: Avalugg|Avalanche|p1a: Flygon\n|-supereffective|p1a: Flygon\n|-damage|p1a: Flygon|0 fnt\n|faint|p1a: Flygon\n|\n|upkeep\n|\n|t:|1783561854\n|switch|p1a: Dewgong|Dewgong, L94, M|39/100\n|turn|12\n|inactive|Time left: 300 sec this turn | 300 sec total\n|\n|t:|1783561854\n|switch|p2a: Vileplume|Vileplume, L85, F, tera:Water|266/266 par\n|move|p1a: Dewgong|Surf|p2a: Vileplume\n|-resisted|p2a: Vileplume\n|-damage|p2a: Vileplume|221/266 par\n|\n|upkeep\n|turn|13\n|inactive|Time left: 300 sec this turn | 300 sec total\n|\n|t:|1783561855\n|move|p1a: Dewgong|Ice Beam|p2a: Vileplume\n|-resisted|p2a: Vileplume\n|-damage|p2a: Vileplume|176/266 par\n|move|p2a: Vileplume|Leech Seed|p1a: Dewgong|[miss]\n|-miss|p2a: Vileplume|p1a: Dewgong\n|\n|upkeep\n|turn|14\n|inactive|Time left: 300 sec this turn | 300 sec total\n|\n|t:|1783561857\n|move|p1a: Dewgong|Ice Beam|p2a: Vileplume\n|-resisted|p2a: Vileplume\n|-damage|p2a: Vileplume|134/266 par\n|cant|p2a: Vileplume|par\n|\n|upkeep\n|turn|15\n|inactive|Time left: 300 sec this turn | 300 sec total\n|\n|t:|1783561858\n|move|p1a: Dewgong|Ice Beam|p2a: Vileplume\n|-resisted|p2a: Vileplume\n|-damage|p2a: Vileplume|91/266 par\n|move|p2a: Vileplume|Strength Sap|p1a: Dewgong\n|-unboost|p1a: Dewgong|atk|1\n|-heal|p2a: Vileplume|266/266 par\n|\n|upkeep\n|turn|16\n|inactive|Time left: 300 sec this turn | 300 sec total\n|\n|t:|1783561859\n|move|p1a: Dewgong|Surf|p2a: Vileplume\n|-resisted|p2a: Vileplume\n|-damage|p2a: Vileplume|219/266 par\n|cant|p2a: Vileplume|par\n|\n|upkeep\n|turn|17\n|inactive|Time left: 300 sec this turn | 300 sec total\n|\n|t:|1783561860\n|move|p1a: Dewgong|Flip Turn|p2a: Vileplume\n|-resisted|p2a: Vileplume\n|-damage|p2a: Vileplume|199/266 par\n|\n|t:|1783561861\n|switch|p1a: Oinkologne|Oinkologne, L92, M|100/100|[from] Flip Turn\n|move|p2a: Vileplume|Giga Drain|p1a: Oinkologne\n|-damage|p1a: Oinkologne|77/100\n|-heal|p2a: Vileplume|240/266 par|[from] drain|[of] p1a: Oinkologne\n|\n|-heal|p1a: Oinkologne|83/100|[from] item: Leftovers\n|upkeep\n|turn|18\n|inactive|Time left: 300 sec this turn | 300 sec total\n|\n|t:|1783561862\n|move|p1a: Oinkologne|Double-Edge|p2a: Vileplume\n|-damage|p2a: Vileplume|71/266 par\n|-damage|p1a: Oinkologne|68/100|[from] Recoil\n|move|p2a: Vileplume|Leech Seed|p1a: Oinkologne\n|-start|p1a: Oinkologne|move: Leech Seed\n|\n|-heal|p1a: Oinkologne|74/100|[from] item: Leftovers\n|-damage|p1a: Oinkologne|61/100|[from] Leech Seed|[of] p2a: Vileplume\n|-heal|p2a: Vileplume|115/266 par|[silent]\n|upkeep\n|turn|19\n|inactive|Time left: 300 sec this turn | 300 sec total\n|\n|t:|1783561863\n|move|p1a: Oinkologne|Double-Edge|p2a: Vileplume\n|-damage|p2a: Vileplume|0 fnt\n|faint|p2a: Vileplume\n|-damage|p1a: Oinkologne|50/100|[from] Recoil\n|\n|-heal|p1a: Oinkologne|57/100|[from] item: Leftovers\n|upkeep\n|inactive|Time left: 300 sec this turn | 300 sec total | 5 sec grace\n|\n|t:|1783561863\n|switch|p2a: Avalugg|Avalugg-Hisui, L90, F|231/317\n|turn|20\n|inactive|Time left: 300 sec this turn | 300 sec total\n|\n|t:|1783561864\n|switch|p1a: Luvdisc|Luvdisc, F|100/100\n|move|p2a: Avalugg|Stone Edge|p1a: Luvdisc\n|-damage|p1a: Luvdisc|29/100\n|\n|upkeep\n|turn|21\n|inactive|Time left: 300 sec this turn | 300 sec total\n|\n|t:|1783561865\n|switch|p2a: Altaria|Altaria, L89, F|278/278\n|move|p1a: Luvdisc|Surf|p2a: Altaria\n|-resisted|p2a: Altaria\n|-damage|p2a: Altaria|245/278\n|\n|upkeep\n|turn|22\n|inactive|Time left: 300 sec this turn | 300 sec total\n|\n|t:|1783561866\n|move|p1a: Luvdisc|Endeavor|p2a: Altaria\n|-damage|p2a: Altaria|70/278\n|move|p2a: Altaria|Brave Bird|p1a: Luvdisc\n|-damage|p1a: Luvdisc|0 fnt\n|faint|p1a: Luvdisc\n|-damage|p2a: Altaria|47/278|[from] Recoil\n|\n|upkeep\n|\n|t:|1783561867\n|switch|p1a: Dewgong|Dewgong, L94, M|39/100\n|turn|23\n|inactive|Time left: 300 sec this turn | 300 sec total\n|\n|t:|1783561868\n|move|p2a: Altaria|Roost|p2a: Altaria\n|-heal|p2a: Altaria|186/278\n|-singleturn|p2a: Altaria|move: Roost\n|move|p1a: Dewgong|Ice Beam|p2a: Altaria\n|-supereffective|p2a: Altaria\n|-damage|p2a: Altaria|42/278\n|\n|upkeep\n|turn|24\n|inactive|Time left: 300 sec this turn | 300 sec total\n|\n|t:|1783561869\n|move|p2a: Altaria|Roost|p2a: Altaria\n|-heal|p2a: Altaria|181/278\n|-singleturn|p2a: Altaria|move: Roost\n|move|p1a: Dewgong|Ice Beam|p2a: Altaria\n|-supereffective|p2a: Altaria\n|-damage|p2a: Altaria|19/278\n|\n|upkeep\n|turn|25\n|inactive|Time left: 300 sec this turn | 300 sec total\n|\n|t:|1783561870\n|move|p2a: Altaria|Roost|p2a: Altaria\n|-heal|p2a: Altaria|158/278\n|-singleturn|p2a: Altaria|move: Roost\n|move|p1a: Dewgong|Ice Beam|p2a: Altaria\n|-supereffective|p2a: Altaria\n|-damage|p2a: Altaria|2/278\n|\n|upkeep\n|turn|26\n|inactive|Time left: 300 sec this turn | 300 sec total\n|\n|t:|1783561871\n|move|p2a: Altaria|Roost|p2a: Altaria\n|-heal|p2a: Altaria|141/278\n|-singleturn|p2a: Altaria|move: Roost\n|move|p1a: Dewgong|Ice Beam|p2a: Altaria\n|-supereffective|p2a: Altaria\n|-damage|p2a: Altaria|0 fnt\n|faint|p2a: Altaria\n|\n|upkeep\n|inactive|Time left: 300 sec this turn | 300 sec total | 5 sec grace\n|\n|t:|1783561872\n|switch|p2a: Beartic|Beartic, L91, M|321/321\n|turn|27\n|inactive|Time left: 300 sec this turn | 300 sec total\n|\n|t:|1783561873\n|move|p1a: Dewgong|Surf|p2a: Beartic\n|-damage|p2a: Beartic|227/321\n|move|p2a: Beartic|Close Combat|p1a: Dewgong\n|-supereffective|p1a: Dewgong\n|-damage|p1a: Dewgong|0 fnt\n|-unboost|p2a: Beartic|def|1\n|-unboost|p2a: Beartic|spd|1\n|faint|p1a: Dewgong\n|\n|upkeep\n|\n|t:|1783561874\n|switch|p1a: Oinkologne|Oinkologne, L92, M|57/100\n|turn|28\n|inactive|Time left: 300 sec this turn | 300 sec total\n|\n|t:|1783561875\n|move|p1a: Oinkologne|Double-Edge|p2a: Beartic\n|-damage|p2a: Beartic|0 fnt\n|faint|p2a: Beartic\n|-damage|p1a: Oinkologne|35/100|[from] Recoil\n|\n|-heal|p1a: Oinkologne|42/100|[from] item: Leftovers\n|upkeep\n|inactive|Time left: 300 sec this turn | 300 sec total | 5 sec grace\n|\n|t:|1783561876\n|switch|p2a: Swampert|Swampert, L83, F|302/302\n|turn|29\n|inactive|Time left: 300 sec this turn | 300 sec total\n|\n|t:|1783561877\n|move|p1a: Oinkologne|Curse|p1a: Oinkologne\n|-unboost|p1a: Oinkologne|spe|1\n|-boost|p1a: Oinkologne|atk|1\n|-boost|p1a: Oinkologne|def|1\n|move|p2a: Swampert|Earthquake|p1a: Oinkologne\n|-damage|p1a: Oinkologne|18/100\n|\n|-heal|p1a: Oinkologne|24/100|[from] item: Leftovers\n|upkeep\n|turn|30\n|inactive|Time left: 300 sec this turn | 300 sec total\n|\n|t:|1783561878\n|move|p2a: Swampert|Earthquake|p1a: Oinkologne\n|-damage|p1a: Oinkologne|0 fnt\n|faint|p1a: Oinkologne\n|\n|upkeep\n|\n|t:|1783561879\n|switch|p1a: Sableye|Sableye, L88, M|100/100\n|turn|31\n|inactive|Time left: 300 sec this turn | 300 sec total\n|\n|t:|1783561880\n|move|p2a: Swampert|Earthquake|p1a: Sableye\n|-damage|p1a: Sableye|46/100\n|move|p1a: Sableye|Knock Off|p2a: Swampert\n|-damage|p2a: Swampert|214/302\n|-enditem|p2a: Swampert|Leftovers|[from] move: Knock Off|[of] p1a: Sableye\n|\n|-heal|p1a: Sableye|52/100|[from] item: Leftovers\n|upkeep\n|turn|32\n|inactive|Time left: 300 sec this turn | 300 sec total\n|\n|t:|1783561881\n|move|p1a: Sableye|Recover|p1a: Sableye\n|-heal|p1a: Sableye|100/100\n|move|p2a: Swampert|Earthquake|p1a: Sableye\n|-damage|p1a: Sableye|47/100\n|\n|-heal|p1a: Sableye|53/100|[from] item: Leftovers\n|upkeep\n|turn|33\n|inactive|Time left: 300 sec this turn | 300 sec total\n|\n|t:|1783561882\n|move|p1a: Sableye|Recover|p1a: Sableye\n|-heal|p1a: Sableye|100/100\n|move|p2a: Swampert|Earthquake|p1a: Sableye\n|-crit|p1a: Sableye\n|-damage|p1a: Sableye|13/100\n|\n|-heal|p1a: Sableye|19/100|[from] item: Leftovers\n|upkeep\n|turn|34\n|inactive|Time left: 300 sec this turn | 300 sec total\n|\n|t:|1783561883\n|move|p1a: Sableye|Recover|p1a: Sableye\n|-heal|p1a: Sableye|69/100\n|move|p2a: Swampert|Earthquake|p1a: Sableye\n|-damage|p1a: Sableye|18/100\n|\n|-heal|p1a: Sableye|24/100|[from] item: Leftovers\n|upkeep\n|turn|35\n|inactive|Time left: 300 sec this turn | 300 sec total\n|\n|t:|1783561884\n|move|p1a: Sableye|Recover|p1a: Sableye\n|-heal|p1a: Sableye|75/100\n|move|p2a: Swampert|Earthquake|p1a: Sableye\n|-damage|p1a: Sableye|21/100\n|\n|-heal|p1a: Sableye|27/100|[from] item: Leftovers\n|upkeep\n|turn|36\n|inactive|Time left: 300 sec this turn | 300 sec total\n|\n|t:|1783561885\n|move|p1a: Sableye|Recover|p1a: Sableye\n|-heal|p1a: Sableye|77/100\n|move|p2a: Swampert|Earthquake|p1a: Sableye\n|-damage|p1a: Sableye|24/100\n|\n|-heal|p1a: Sableye|30/100|[from] item: Leftovers\n|upkeep\n|turn|37\n|inactive|Time left: 300 sec this turn | 300 sec total\n|\n|t:|1783561886\n|move|p1a: Sableye|Recover|p1a: Sableye\n|-heal|p1a: Sableye|80/100\n|move|p2a: Swampert|Earthquake|p1a: Sableye\n|-damage|p1a: Sableye|30/100\n|\n|-heal|p1a: Sableye|36/100|[from] item: Leftovers\n|upkeep\n|turn|38\n|inactive|Time left: 300 sec this turn | 300 sec total\n|\n|t:|1783561888\n|move|p1a: Sableye|Recover|p1a: Sableye\n|-heal|p1a: Sableye|86/100\n|move|p2a: Swampert|Earthquake|p1a: Sableye\n|-damage|p1a: Sableye|35/100\n|\n|-heal|p1a: Sableye|41/100|[from] item: Leftovers\n|upkeep\n|turn|39\n|inactive|Time left: 300 sec this turn | 300 sec total\n|\n|t:|1783561889\n|move|p1a: Sableye|Recover|p1a: Sableye\n|-heal|p1a: Sableye|91/100\n|move|p2a: Swampert|Earthquake|p1a: Sableye\n|-damage|p1a: Sableye|39/100\n|\n|-heal|p1a: Sableye|45/100|[from] item: Leftovers\n|upkeep\n|turn|40\n|inactive|Time left: 300 sec this turn | 300 sec total\n|\n|t:|1783561890\n|move|p2a: Swampert|Earthquake|p1a: Sableye\n|-damage|p1a: Sableye|0 fnt\n|faint|p1a: Sableye\n|\n|win|p0y188789a5", "uploadtime": 1783561890, "views": 0, "rating": 0, "private": 0, "password": null, "_winner": "p0y188789a5", "_our_name": "p0y188789a5"}