{"id": "battle-gen9randombattle-1431", "formatid": "gen9randombattle", "format": "[Gen 9] Random Battle", "players": ["p0x1431565b", "p0y14319299"], "log": "|init|battle\n|title|p0x1431565b vs. p0y14319299\n|j|\u2606p0x1431565b\n|j|\u2606p0y14319299\n|t:|1783555723\n|gametype|singles\n|player|p1|p0x1431565b|169|\n|player|p2|p0y14319299|2|\n|gen|9\n|tier|[Gen 9] Random Battle\n|rule|Species Clause: Limit one of each Pok\u00e9mon\n|rule|HP Percentage Mod: HP is shown in percentages\n|rule|Sleep Clause Mod: Limit one foe put to sleep\n|rule|Illusion Level Mod: Illusion disguises the Pok\u00e9mon's true level\n|\n|t:|1783555724\n|teamsize|p1|6\n|teamsize|p2|6\n|start\n|switch|p1a: Ting-Lu|Ting-Lu, L78|100/100\n|switch|p2a: Vespiquen|Vespiquen, L99, F|299/299\n|-ability|p2a: Vespiquen|Pressure\n|-ability|p1a: Ting-Lu|Vessel of Ruin\n|turn|1\n|inactive|Battle timer is ON: inactive players will automatically lose when time's up. (requested by p0y14319299)\n|\n|t:|1783555725\n|move|p2a: Vespiquen|Hurricane|p1a: Ting-Lu|[miss]\n|-miss|p2a: Vespiquen|p1a: Ting-Lu\n|move|p1a: Ting-Lu|Ruination|p2a: Vespiquen\n|-damage|p2a: Vespiquen|150/299\n|\n|upkeep\n|turn|2\n|inactive|Time left: 300 sec this turn | 300 sec total | 60 sec grace\n|inactive|p0x1431565b also wants the timer to be on.\n|\n|t:|1783555726\n|move|p2a: Vespiquen|Roost|p2a: Vespiquen\n|-heal|p2a: Vespiquen|299/299\n|-singleturn|p2a: Vespiquen|move: Roost\n|move|p1a: Ting-Lu|Ruination|p2a: Vespiquen\n|-damage|p2a: Vespiquen|150/299\n|\n|upkeep\n|turn|3\n|inactive|Time left: 300 sec this turn | 300 sec total\n|\n|t:|1783555727\n|move|p2a: Vespiquen|Roost|p2a: Vespiquen\n|-heal|p2a: Vespiquen|299/299\n|-singleturn|p2a: Vespiquen|move: Roost\n|move|p1a: Ting-Lu|Ruination|p2a: Vespiquen\n|-damage|p2a: Vespiquen|150/299\n|\n|upkeep\n|turn|4\n|inactive|Time left: 300 sec this turn | 300 sec total\n|\n|t:|1783555728\n|move|p2a: Vespiquen|Roost|p2a: Vespiquen\n|-heal|p2a: Vespiquen|299/299\n|-singleturn|p2a: Vespiquen|move: Roost\n|move|p1a: Ting-Lu|Ruination|p2a: Vespiquen\n|-damage|p2a: Vespiquen|150/299\n|\n|upkeep\n|turn|5\n|inactive|Time left: 300 sec this turn | 300 sec total\n|\n|t:|1783555729\n|move|p2a: Vespiquen|Roost|p2a: Vespiquen\n|-heal|p2a: Vespiquen|299/299\n|-singleturn|p2a: Vespiquen|move: Roost\n|move|p1a: Ting-Lu|Ruination|p2a: Vespiquen|[miss]\n|-miss|p1a: Ting-Lu|p2a: Vespiquen\n|\n|upkeep\n|turn|6\n|inactive|Time left: 300 sec this turn | 300 sec total\n|\n|t:|1783555730\n|move|p2a: Vespiquen|Toxic Spikes|p1a: Ting-Lu\n|-sidestart|p1: p0x1431565b|move: Toxic Spikes\n|move|p1a: Ting-Lu|Ruination|p2a: Vespiquen\n|-damage|p2a: Vespiquen|150/299\n|\n|upkeep\n|turn|7\n|inactive|Time left: 300 sec this turn | 300 sec total\n|\n|t:|1783555731\n|move|p2a: Vespiquen|Roost|p2a: Vespiquen\n|-heal|p2a: Vespiquen|299/299\n|-singleturn|p2a: Vespiquen|move: Roost\n|move|p1a: Ting-Lu|Ruination|p2a: Vespiquen\n|-damage|p2a: Vespiquen|150/299\n|\n|upkeep\n|turn|8\n|inactive|Time left: 300 sec this turn | 300 sec total\n|\n|t:|1783555732\n|move|p2a: Vespiquen|Roost|p2a: Vespiquen\n|-heal|p2a: Vespiquen|299/299\n|-singleturn|p2a: Vespiquen|move: Roost\n|move|p1a: Ting-Lu|Ruination|p2a: Vespiquen\n|-damage|p2a: Vespiquen|150/299\n|\n|upkeep\n|turn|9\n|inactive|Time left: 300 sec this turn | 300 sec total\n|\n|t:|1783555733\n|switch|p1a: Gengar|Gengar, L81, F|100/100\n|-sideend|p1: p0x1431565b|move: Toxic Spikes|[of] p1a: Gengar\n|move|p2a: Vespiquen|Roost|p2a: Vespiquen\n|-heal|p2a: Vespiquen|299/299\n|-singleturn|p2a: Vespiquen|move: Roost\n|\n|upkeep\n|turn|10\n|inactive|Time left: 300 sec this turn | 300 sec total\n|\n|t:|1783555734\n|move|p1a: Gengar|Shadow Ball|p2a: Vespiquen\n|-damage|p2a: Vespiquen|182/299\n|move|p2a: Vespiquen|Hurricane|p1a: Gengar\n|-damage|p1a: Gengar|36/100\n|\n|upkeep\n|turn|11\n|inactive|Time left: 300 sec this turn | 300 sec total\n|\n|t:|1783555736\n|move|p1a: Gengar|Shadow Ball|p2a: Vespiquen\n|-damage|p2a: Vespiquen|61/299\n|move|p2a: Vespiquen|Roost|p2a: Vespiquen\n|-heal|p2a: Vespiquen|211/299\n|-singleturn|p2a: Vespiquen|move: Roost\n|\n|upkeep\n|turn|12\n|inactive|Time left: 300 sec this turn | 300 sec total\n|\n|t:|1783555737\n|move|p1a: Gengar|Shadow Ball|p2a: Vespiquen\n|-damage|p2a: Vespiquen|105/299\n|move|p2a: Vespiquen|Hurricane|p1a: Gengar|[miss]\n|-miss|p2a: Vespiquen|p1a: Gengar\n|\n|upkeep\n|turn|13\n|inactive|Time left: 300 sec this turn | 300 sec total\n|\n|t:|1783555738\n|switch|p2a: Raikou|Raikou, L81|278/278\n|-ability|p2a: Raikou|Pressure\n|move|p1a: Gengar|Shadow Ball|p2a: Raikou\n|-damage|p2a: Raikou|139/278\n|-unboost|p2a: Raikou|spd|1\n|\n|-heal|p2a: Raikou|156/278|[from] item: Leftovers\n|upkeep\n|turn|14\n|inactive|Time left: 300 sec this turn | 300 sec total\n|\n|t:|1783555739\n|switch|p1a: Ting-Lu|Ting-Lu, L78|100/100\n|-ability|p1a: Ting-Lu|Vessel of Ruin\n|move|p2a: Raikou|Shadow Ball|p1a: Ting-Lu\n|-resisted|p1a: Ting-Lu\n|-damage|p1a: Ting-Lu|96/100\n|\n|-heal|p2a: Raikou|173/278|[from] item: Leftovers\n|upkeep\n|turn|15\n|inactive|Time left: 300 sec this turn | 300 sec total\n|\n|t:|1783555740\n|switch|p2a: Mudsdale|Mudsdale, L83, F|302/302\n|move|p1a: Ting-Lu|Earthquake|p2a: Mudsdale\n|-damage|p2a: Mudsdale|208/302\n|-ability|p2a: Mudsdale|Stamina|boost\n|-boost|p2a: Mudsdale|def|1\n|\n|-heal|p2a: Mudsdale|226/302|[from] item: Leftovers\n|upkeep\n|turn|16\n|inactive|Time left: 300 sec this turn | 300 sec total\n|\n|t:|1783555741\n|move|p1a: Ting-Lu|Earthquake|p2a: Mudsdale\n|-damage|p2a: Mudsdale|166/302\n|-ability|p2a: Mudsdale|Stamina|boost\n|-boost|p2a: Mudsdale|def|1\n|move|p2a: Mudsdale|Earthquake|p1a: Ting-Lu\n|-crit|p1a: Ting-Lu\n|-damage|p1a: Ting-Lu|54/100\n|\n|-heal|p2a: Mudsdale|184/302|[from] item: Leftovers\n|upkeep\n|turn|17\n|inactive|Time left: 300 sec this turn | 300 sec total\n|\n|t:|1783555742\n|move|p1a: Ting-Lu|Earthquake|p2a: Mudsdale\n|-damage|p2a: Mudsdale|138/302\n|-ability|p2a: Mudsdale|Stamina|boost\n|-boost|p2a: Mudsdale|def|1\n|move|p2a: Mudsdale|Earthquake|p1a: Ting-Lu\n|-damage|p1a: Ting-Lu|26/100\n|\n|-heal|p2a: Mudsdale|156/302|[from] item: Leftovers\n|upkeep\n|turn|18\n|inactive|Time left: 300 sec this turn | 300 sec total\n|\n|t:|1783555743\n|switch|p1a: Dondozo|Dondozo, L78, F|100/100\n|move|p2a: Mudsdale|Earthquake|p1a: Dondozo\n|-damage|p1a: Dondozo|67/100\n|\n|-heal|p2a: Mudsdale|174/302|[from] item: Leftovers\n|-heal|p1a: Dondozo|73/100|[from] item: Leftovers\n|upkeep\n|turn|19\n|inactive|Time left: 300 sec this turn | 300 sec total\n|\n|t:|1783555743\n|move|p2a: Mudsdale|Earthquake|p1a: Dondozo\n|-damage|p1a: Dondozo|42/100\n|move|p1a: Dondozo|Wave Crash|p2a: Mudsdale\n|-supereffective|p2a: Mudsdale\n|-damage|p2a: Mudsdale|0 fnt\n|faint|p2a: Mudsdale\n|-damage|p1a: Dondozo|27/100|[from] Recoil\n|\n|-heal|p1a: Dondozo|33/100|[from] item: Leftovers\n|upkeep\n|inactive|Time left: 300 sec this turn | 300 sec total | 5 sec grace\n|\n|t:|1783555744\n|switch|p2a: Mismagius|Mismagius, L86, M|243/243\n|turn|20\n|inactive|Time left: 300 sec this turn | 300 sec total\n|\n|t:|1783555745\n|switch|p1a: Ting-Lu|Ting-Lu, L78|26/100\n|-ability|p1a: Ting-Lu|Vessel of Ruin\n|move|p2a: Mismagius|Shadow Ball|p1a: Ting-Lu\n|-resisted|p1a: Ting-Lu\n|-damage|p1a: Ting-Lu|17/100\n|-damage|p2a: Mismagius|219/243|[from] item: Life Orb\n|\n|upkeep\n|turn|21\n|inactive|Time left: 300 sec this turn | 300 sec total\n|\n|t:|1783555745\n|switch|p2a: Donphan|Donphan, L84, M|288/288\n|move|p1a: Ting-Lu|Payback|p2a: Donphan\n|-damage|p2a: Donphan|246/288\n|\n|-heal|p2a: Donphan|264/288|[from] item: Leftovers\n|upkeep\n|turn|22\n|inactive|Time left: 300 sec this turn | 300 sec total\n|\n|t:|1783555746\n|switch|p1a: Mandibuzz|Mandibuzz, L85, F|100/100\n|move|p2a: Donphan|Earthquake|p1a: Mandibuzz\n|-immune|p1a: Mandibuzz\n|\n|-heal|p2a: Donphan|282/288|[from] item: Leftovers\n|upkeep\n|turn|23\n|inactive|Time left: 300 sec this turn | 300 sec total\n|\n|t:|1783555747\n|move|p1a: Mandibuzz|Foul Play|p2a: Donphan\n|-damage|p2a: Donphan|183/288\n|move|p2a: Donphan|Stealth Rock|p1a: Mandibuzz\n|-sidestart|p1: p0x1431565b|move: Stealth Rock\n|\n|-heal|p2a: Donphan|201/288|[from] item: Leftovers\n|upkeep\n|turn|24\n|inactive|Time left: 300 sec this turn | 300 sec total\n|\n|t:|1783555748\n|move|p1a: Mandibuzz|Foul Play|p2a: Donphan\n|-damage|p2a: Donphan|104/288\n|move|p2a: Donphan|Ice Spinner|p1a: Mandibuzz\n|-supereffective|p1a: Mandibuzz\n|-damage|p1a: Mandibuzz|67/100\n|\n|-heal|p2a: Donphan|122/288|[from] item: Leftovers\n|upkeep\n|turn|25\n|inactive|Time left: 300 sec this turn | 300 sec total\n|\n|t:|1783555748\n|move|p1a: Mandibuzz|Foul Play|p2a: Donphan\n|-damage|p2a: Donphan|31/288\n|move|p2a: Donphan|Ice Spinner|p1a: Mandibuzz\n|-supereffective|p1a: Mandibuzz\n|-damage|p1a: Mandibuzz|32/100\n|\n|-heal|p2a: Donphan|49/288|[from] item: Leftovers\n|upkeep\n|turn|26\n|inactive|Time left: 300 sec this turn | 300 sec total\n|\n|t:|1783555749\n|switch|p2a: Raikou|Raikou, L81|173/278\n|-ability|p2a: Raikou|Pressure\n|move|p1a: Mandibuzz|Foul Play|p2a: Raikou\n|-damage|p2a: Raikou|88/278\n|\n|-heal|p2a: Raikou|105/278|[from] item: Leftovers\n|upkeep\n|turn|27\n|inactive|Time left: 300 sec this turn | 300 sec total\n|\n|t:|1783555750\n|switch|p1a: Ting-Lu|Ting-Lu, L78|17/100\n|-damage|p1a: Ting-Lu|10/100|[from] Stealth Rock\n|-ability|p1a: Ting-Lu|Vessel of Ruin\n|move|p2a: Raikou|Thunderbolt|p1a: Ting-Lu\n|-immune|p1a: Ting-Lu\n|\n|-heal|p2a: Raikou|122/278|[from] item: Leftovers\n|upkeep\n|turn|28\n|inactive|Time left: 300 sec this turn | 300 sec total\n|\n|t:|1783555750\n|move|p2a: Raikou|Scald|p1a: Ting-Lu\n|-supereffective|p1a: Ting-Lu\n|-damage|p1a: Ting-Lu|0 fnt\n|faint|p1a: Ting-Lu\n|\n|-heal|p2a: Raikou|139/278|[from] item: Leftovers\n|upkeep\n|\n|t:|1783555751\n|switch|p1a: Delphox|Delphox, L84, F|100/100\n|-damage|p1a: Delphox|76/100|[from] Stealth Rock\n|turn|29\n|inactive|Time left: 300 sec this turn | 300 sec total\n|\n|t:|1783555752\n|move|p2a: Raikou|Scald|p1a: Delphox\n|-supereffective|p1a: Delphox\n|-damage|p1a: Delphox|30/100\n|move|p1a: Delphox|Psyshock|p2a: Raikou\n|-crit|p2a: Raikou\n|-damage|p2a: Raikou|0 fnt\n|faint|p2a: Raikou\n|\n|upkeep\n|inactive|Time left: 300 sec this turn | 300 sec total | 5 sec grace\n|\n|t:|1783555753\n|switch|p2a: Mismagius|Mismagius, L86, M|219/243\n|turn|30\n|inactive|Time left: 300 sec this turn | 300 sec total\n|\n|t:|1783555754\n|move|p2a: Mismagius|Shadow Ball|p1a: Delphox\n|-supereffective|p1a: Delphox\n|-damage|p1a: Delphox|0 fnt\n|faint|p1a: Delphox\n|-damage|p2a: Mismagius|195/243|[from] item: Life Orb\n|\n|upkeep\n|\n|t:|1783555755\n|switch|p1a: Spectrier|Spectrier, L75|100/100\n|-damage|p1a: Spectrier|88/100|[from] Stealth Rock\n|turn|31\n|inactive|Time left: 300 sec this turn | 300 sec total\n|\n|t:|1783555756\n|-terastallize|p1a: Spectrier|Fairy\n|-terastallize|p2a: Mismagius|Electric\n|move|p1a: Spectrier|Shadow Ball|p2a: Mismagius\n|-damage|p2a: Mismagius|96/243\n|-damage|p1a: Spectrier|78/100|[from] item: Life Orb\n|move|p2a: Mismagius|Shadow Ball|p1a: Spectrier\n|-damage|p1a: Spectrier|26/100\n|-damage|p2a: Mismagius|72/243|[from] item: Life Orb\n|\n|upkeep\n|turn|32\n|inactive|Time left: 300 sec this turn | 300 sec total\n|\n|t:|1783555757\n|switch|p2a: Dedenne|Dedenne, L88, F|261/261\n|move|p1a: Spectrier|Draining Kiss|p2a: Dedenne\n|-damage|p2a: Dedenne|156/261\n|-heal|p1a: Spectrier|55/100|[from] drain|[of] p2a: Dedenne\n|-damage|p1a: Spectrier|45/100|[from] item: Life Orb\n|\n|upkeep\n|turn|33\n|inactive|Time left: 300 sec this turn | 300 sec total\n|\n|t:|1783555758\n|move|p1a: Spectrier|Draining Kiss|p2a: Dedenne\n|-damage|p2a: Dedenne|46/261\n|-heal|p1a: Spectrier|76/100|[from] drain|[of] p2a: Dedenne\n|-enditem|p2a: Dedenne|Sitrus Berry|[eat]\n|-heal|p2a: Dedenne|111/261|[from] item: Sitrus Berry\n|-heal|p2a: Dedenne|198/261|[from] ability: Cheek Pouch\n|-damage|p1a: Spectrier|66/100|[from] item: Life Orb\n|move|p2a: Dedenne|Thunderbolt|p1a: Spectrier\n|-damage|p1a: Spectrier|24/100\n|\n|upkeep\n|turn|34\n|inactive|Time left: 300 sec this turn | 300 sec total\n|\n|t:|1783555759\n|move|p1a: Spectrier|Draining Kiss|p2a: Dedenne\n|-damage|p2a: Dedenne|93/261\n|-heal|p1a: Spectrier|53/100|[from] drain|[of] p2a: Dedenne\n|-damage|p1a: Spectrier|43/100|[from] item: Life Orb\n|move|p2a: Dedenne|Thunderbolt|p1a: Spectrier\n|-damage|p1a: Spectrier|3/100\n|-status|p1a: Spectrier|par\n|\n|upkeep\n|turn|35\n|inactive|Time left: 300 sec this turn | 300 sec total\n|\n|t:|1783555760\n|move|p2a: Dedenne|Dazzling Gleam|p1a: Spectrier\n|-damage|p1a: Spectrier|0 fnt\n|faint|p1a: Spectrier\n|\n|upkeep\n|\n|t:|1783555761\n|switch|p1a: Dondozo|Dondozo, L78, F|33/100\n|-damage|p1a: Dondozo|20/100|[from] Stealth Rock\n|turn|36\n|inactive|Time left: 300 sec this turn | 300 sec total\n|\n|t:|1783555762\n|move|p2a: Dedenne|Thunderbolt|p1a: Dondozo\n|-supereffective|p1a: Dondozo\n|-damage|p1a: Dondozo|0 fnt\n|faint|p1a: Dondozo\n|\n|upkeep\n|\n|t:|1783555763\n|switch|p1a: Mandibuzz|Mandibuzz, L85, F|32/100\n|turn|37\n|inactive|Time left: 300 sec this turn | 300 sec total\n|\n|t:|1783555764\n|move|p2a: Dedenne|Thunderbolt|p1a: Mandibuzz\n|-supereffective|p1a: Mandibuzz\n|-damage|p1a: Mandibuzz|0 fnt\n|faint|p1a: Mandibuzz\n|\n|upkeep\n|\n|t:|1783555765\n|switch|p1a: Gengar|Gengar, L81, F|36/100\n|-damage|p1a: Gengar|24/100|[from] Stealth Rock\n|turn|38\n|inactive|Time left: 300 sec this turn | 300 sec total\n|\n|t:|1783555766\n|move|p2a: Dedenne|Thunderbolt|p1a: Gengar\n|-damage|p1a: Gengar|0 fnt\n|faint|p1a: Gengar\n|\n|win|p0y14319299", "uploadtime": 1783555766, "views": 0, "rating": 0, "private": 0, "password": null, "_winner": "p0y14319299", "_our_name": "p0y14319299"}