{"id": "battle-gen9randombattle-2072", "formatid": "gen9randombattle", "format": "[Gen 9] Random Battle", "players": ["p0x2072d5ac", "p0y2072a9d5"], "log": "|init|battle\n|title|p0x2072d5ac vs. p0y2072a9d5\n|j|\u2606p0x2072d5ac\n|j|\u2606p0y2072a9d5\n|t:|1783563188\n|gametype|singles\n|player|p1|p0x2072d5ac|169|\n|player|p2|p0y2072a9d5|265|\n|gen|9\n|tier|[Gen 9] Random Battle\n|rule|Species Clause: Limit one of each Pok\u00e9mon\n|rule|HP Percentage Mod: HP is shown in percentages\n|rule|Sleep Clause Mod: Limit one foe put to sleep\n|rule|Illusion Level Mod: Illusion disguises the Pok\u00e9mon's true level\n|\n|t:|1783563188\n|teamsize|p1|6\n|teamsize|p2|6\n|start\n|switch|p1a: Blissey|Blissey, L85, F|572/572\n|switch|p2a: Uxie|Uxie, L83|100/100\n|turn|1\n|inactive|Battle timer is ON: inactive players will automatically lose when time's up. (requested by p0x2072d5ac)\n|inactive|p0y2072a9d5 also wants the timer to be on.\n|\n|t:|1783563189\n|move|p2a: Uxie|U-turn|p1a: Blissey\n|-damage|p1a: Blissey|456/572\n|\n|t:|1783563190\n|switch|p2a: Rampardos|Rampardos, L90, M|100/100|[from] U-turn\n|move|p1a: Blissey|Seismic Toss|p2a: Rampardos\n|-damage|p2a: Rampardos|74/100\n|\n|-heal|p1a: Blissey|491/572|[from] item: Leftovers\n|upkeep\n|turn|2\n|inactive|Time left: 300 sec this turn | 300 sec total\n|\n|t:|1783563192\n|switch|p1a: Appletun|Appletun, L92, M|352/352\n|move|p2a: Rampardos|Rock Slide|p1a: Appletun\n|-damage|p1a: Appletun|128/352\n|\n|-heal|p1a: Appletun|150/352|[from] item: Leftovers\n|upkeep\n|turn|3\n|inactive|Time left: 300 sec this turn | 300 sec total\n|\n|t:|1783563193\n|-terastallize|p1a: Appletun|Steel\n|move|p2a: Rampardos|Rock Slide|p1a: Appletun\n|-resisted|p1a: Appletun\n|-damage|p1a: Appletun|37/352\n|move|p1a: Appletun|Apple Acid|p2a: Rampardos\n|-supereffective|p2a: Rampardos\n|-damage|p2a: Rampardos|0 fnt\n|faint|p2a: Rampardos\n|\n|-heal|p1a: Appletun|59/352|[from] item: Leftovers\n|upkeep\n|\n|t:|1783563194\n|switch|p2a: Flamigo|Flamigo, L82, M|100/100\n|turn|4\n|inactive|Time left: 300 sec this turn | 300 sec total\n|\n|t:|1783563195\n|move|p2a: Flamigo|Close Combat|p1a: Appletun\n|-supereffective|p1a: Appletun\n|-damage|p1a: Appletun|0 fnt\n|-unboost|p2a: Flamigo|def|1\n|-unboost|p2a: Flamigo|spd|1\n|faint|p1a: Appletun\n|\n|upkeep\n|inactive|Time left: 300 sec this turn | 300 sec total | 5 sec grace\n|\n|t:|1783563195\n|switch|p1a: Bruxish|Bruxish, L85, M|254/254\n|turn|5\n|inactive|Time left: 300 sec this turn | 300 sec total\n|\n|t:|1783563197\n|switch|p2a: Uxie|Uxie, L83|100/100\n|move|p1a: Bruxish|Psychic Fangs|p2a: Uxie\n|-resisted|p2a: Uxie\n|-damage|p2a: Uxie|67/100\n|\n|-heal|p2a: Uxie|73/100|[from] item: Leftovers\n|upkeep\n|turn|6\n|inactive|Time left: 300 sec this turn | 300 sec total\n|\n|t:|1783563198\n|move|p2a: Uxie|Knock Off|p1a: Bruxish\n|-supereffective|p1a: Bruxish\n|-damage|p1a: Bruxish|112/254\n|-enditem|p1a: Bruxish|Choice Band|[from] move: Knock Off|[of] p2a: Uxie\n|move|p1a: Bruxish|Psychic Fangs|p2a: Uxie\n|-resisted|p2a: Uxie\n|-damage|p2a: Uxie|52/100\n|\n|-heal|p2a: Uxie|58/100|[from] item: Leftovers\n|upkeep\n|turn|7\n|inactive|Time left: 300 sec this turn | 300 sec total\n|\n|t:|1783563199\n|move|p2a: Uxie|U-turn|p1a: Bruxish\n|-supereffective|p1a: Bruxish\n|-damage|p1a: Bruxish|12/254\n|\n|t:|1783563200\n|switch|p2a: Arcanine|Arcanine, L84, F|100/100|[from] U-turn\n|-ability|p2a: Arcanine|Intimidate|boost\n|-unboost|p1a: Bruxish|atk|1\n|move|p1a: Bruxish|Crunch|p2a: Arcanine\n|-damage|p2a: Arcanine|78/100\n|\n|upkeep\n|turn|8\n|inactive|Time left: 300 sec this turn | 300 sec total\n|\n|t:|1783563201\n|move|p2a: Arcanine|Flare Blitz|p1a: Bruxish\n|-resisted|p1a: Bruxish\n|-damage|p1a: Bruxish|0 fnt\n|faint|p1a: Bruxish\n|-damage|p2a: Arcanine|77/100|[from] Recoil\n|\n|upkeep\n|inactive|Time left: 300 sec this turn | 300 sec total | 5 sec grace\n|\n|t:|1783563202\n|switch|p1a: Dunsparce|Dunsparce, L86, M|312/312\n|turn|9\n|inactive|Time left: 300 sec this turn | 300 sec total\n|\n|t:|1783563203\n|move|p2a: Arcanine|Will-O-Wisp|p1a: Dunsparce|[miss]\n|-miss|p2a: Arcanine|p1a: Dunsparce\n|move|p1a: Dunsparce|Body Slam|p2a: Arcanine\n|-damage|p2a: Arcanine|49/100\n|-status|p2a: Arcanine|par\n|\n|upkeep\n|turn|10\n|inactive|Time left: 300 sec this turn | 300 sec total\n|\n|t:|1783563204\n|move|p1a: Dunsparce|Coil|p1a: Dunsparce\n|-boost|p1a: Dunsparce|atk|1\n|-boost|p1a: Dunsparce|def|1\n|-boost|p1a: Dunsparce|accuracy|1\n|cant|p2a: Arcanine|par\n|\n|upkeep\n|turn|11\n|inactive|Time left: 300 sec this turn | 300 sec total\n|\n|t:|1783563205\n|switch|p2a: Glimmora|Glimmora, L75, F|100/100\n|-item|p2a: Glimmora|Air Balloon\n|move|p1a: Dunsparce|Body Slam|p2a: Glimmora\n|-resisted|p2a: Glimmora\n|-damage|p2a: Glimmora|76/100\n|-activate|p2a: Glimmora|ability: Toxic Debris\n|-sidestart|p1: p0x2072d5ac|move: Toxic Spikes\n|-enditem|p2a: Glimmora|Air Balloon\n|\n|upkeep\n|turn|12\n|inactive|Time left: 300 sec this turn | 300 sec total\n|\n|t:|1783563206\n|move|p2a: Glimmora|Stealth Rock|p1a: Dunsparce\n|-sidestart|p1: p0x2072d5ac|move: Stealth Rock\n|move|p1a: Dunsparce|Earthquake|p2a: Glimmora\n|-supereffective|p2a: Glimmora\n|-damage|p2a: Glimmora|0 fnt\n|-activate|p2a: Glimmora|ability: Toxic Debris\n|-sidestart|p1: p0x2072d5ac|move: Toxic Spikes\n|faint|p2a: Glimmora\n|\n|upkeep\n|\n|t:|1783563207\n|switch|p2a: Arcanine|Arcanine, L84, F|49/100 par\n|-ability|p2a: Arcanine|Intimidate|boost\n|-unboost|p1a: Dunsparce|atk|1\n|turn|13\n|inactive|Time left: 300 sec this turn | 300 sec total\n|\n|t:|1783563208\n|move|p1a: Dunsparce|Coil|p1a: Dunsparce\n|-boost|p1a: Dunsparce|atk|1\n|-boost|p1a: Dunsparce|def|1\n|-boost|p1a: Dunsparce|accuracy|1\n|move|p2a: Arcanine|Will-O-Wisp|p1a: Dunsparce|[miss]\n|-miss|p2a: Arcanine|p1a: Dunsparce\n|\n|upkeep\n|turn|14\n|inactive|Time left: 300 sec this turn | 300 sec total\n|\n|t:|1783563209\n|switch|p2a: Uxie|Uxie, L83|58/100\n|move|p1a: Dunsparce|Body Slam|p2a: Uxie\n|-damage|p2a: Uxie|27/100\n|-status|p2a: Uxie|par\n|\n|-heal|p2a: Uxie|34/100 par|[from] item: Leftovers\n|upkeep\n|turn|15\n|inactive|Time left: 300 sec this turn | 300 sec total\n|\n|t:|1783563210\n|move|p1a: Dunsparce|Body Slam|p2a: Uxie\n|-damage|p2a: Uxie|4/100 par\n|move|p2a: Uxie|Knock Off|p1a: Dunsparce\n|-crit|p1a: Dunsparce\n|-damage|p1a: Dunsparce|252/312\n|-enditem|p1a: Dunsparce|Eviolite|[from] move: Knock Off|[of] p2a: Uxie\n|\n|-heal|p2a: Uxie|10/100 par|[from] item: Leftovers\n|upkeep\n|turn|16\n|inactive|Time left: 300 sec this turn | 300 sec total\n|\n|t:|1783563211\n|move|p1a: Dunsparce|Body Slam|p2a: Uxie\n|-damage|p2a: Uxie|0 fnt\n|faint|p2a: Uxie\n|\n|upkeep\n|\n|t:|1783563212\n|switch|p2a: Flamigo|Flamigo, L82, M|100/100\n|turn|17\n|inactive|Time left: 300 sec this turn | 300 sec total\n|\n|t:|1783563213\n|-terastallize|p2a: Flamigo|Fighting\n|move|p2a: Flamigo|Close Combat|p1a: Dunsparce\n|-supereffective|p1a: Dunsparce\n|-damage|p1a: Dunsparce|0 fnt\n|-unboost|p2a: Flamigo|def|1\n|-unboost|p2a: Flamigo|spd|1\n|faint|p1a: Dunsparce\n|\n|upkeep\n|inactive|Time left: 300 sec this turn | 300 sec total | 5 sec grace\n|\n|t:|1783563214\n|switch|p1a: Revavroom|Revavroom, L79, M|256/256\n|-sideend|p1: p0x2072d5ac|move: Toxic Spikes|[of] p1a: Revavroom\n|-damage|p1a: Revavroom|240/256|[from] Stealth Rock\n|turn|18\n|inactive|Time left: 300 sec this turn | 300 sec total\n|\n|t:|1783563216\n|move|p2a: Flamigo|Close Combat|p1a: Revavroom\n|-crit|p1a: Revavroom\n|-damage|p1a: Revavroom|0 fnt\n|-unboost|p2a: Flamigo|def|1\n|-unboost|p2a: Flamigo|spd|1\n|faint|p1a: Revavroom\n|\n|upkeep\n|inactive|Time left: 300 sec this turn | 300 sec total | 5 sec grace\n|\n|t:|1783563217\n|switch|p1a: Mamoswine|Mamoswine, L81, F|311/311\n|-damage|p1a: Mamoswine|273/311|[from] Stealth Rock\n|turn|19\n|inactive|Time left: 300 sec this turn | 300 sec total\n|\n|t:|1783563218\n|move|p2a: Flamigo|Close Combat|p1a: Mamoswine\n|-supereffective|p1a: Mamoswine\n|-damage|p1a: Mamoswine|0 fnt\n|-unboost|p2a: Flamigo|def|1\n|-unboost|p2a: Flamigo|spd|1\n|faint|p1a: Mamoswine\n|\n|upkeep\n|inactive|Time left: 300 sec this turn | 300 sec total | 5 sec grace\n|\n|t:|1783563219\n|switch|p1a: Blissey|Blissey, L85, F|491/572\n|-damage|p1a: Blissey|420/572|[from] Stealth Rock\n|turn|20\n|inactive|Time left: 300 sec this turn | 300 sec total\n|\n|t:|1783563219\n|move|p2a: Flamigo|Close Combat|p1a: Blissey\n|-supereffective|p1a: Blissey\n|-damage|p1a: Blissey|0 fnt\n|-unboost|p2a: Flamigo|def|1\n|-unboost|p2a: Flamigo|spd|1\n|faint|p1a: Blissey\n|\n|win|p0y2072a9d5", "uploadtime": 1783563219, "views": 0, "rating": 0, "private": 0, "password": null, "_winner": "p0y2072a9d5", "_our_name": "p0x2072d5ac"}