{"id": "battle-gen9randombattle-730", "formatid": "gen9randombattle", "format": "[Gen 9] Random Battle", "players": ["p0x730385d", "p0y73043c8"], "log": "|init|battle\n|title|p0x730385d vs. p0y73043c8\n|j|\u2606p0x730385d\n|j|\u2606p0y73043c8\n|t:|1783548295\n|gametype|singles\n|player|p1|p0x730385d|102|\n|player|p2|p0y73043c8|2|\n|gen|9\n|tier|[Gen 9] Random Battle\n|rule|Species Clause: Limit one of each Pok\u00e9mon\n|rule|HP Percentage Mod: HP is shown in percentages\n|rule|Sleep Clause Mod: Limit one foe put to sleep\n|rule|Illusion Level Mod: Illusion disguises the Pok\u00e9mon's true level\n|\n|t:|1783548295\n|teamsize|p1|6\n|teamsize|p2|6\n|start\n|switch|p1a: Snorlax|Snorlax, L82, M|397/397\n|switch|p2a: Great Tusk|Great Tusk, L77|100/100\n|turn|1\n|inactive|Battle timer is ON: inactive players will automatically lose when time's up. (requested by p0x730385d)\n|inactive|p0y73043c8 also wants the timer to be on.\n|\n|t:|1783548296\n|switch|p1a: Sunflora|Sunflora, M|312/312\n|move|p2a: Great Tusk|Earthquake|p1a: Sunflora\n|-resisted|p1a: Sunflora\n|-damage|p1a: Sunflora|246/312\n|\n|upkeep\n|turn|2\n|inactive|Time left: 300 sec this turn | 300 sec total\n|\n|t:|1783548298\n|move|p2a: Great Tusk|Close Combat|p1a: Sunflora\n|-damage|p1a: Sunflora|80/312\n|-unboost|p2a: Great Tusk|def|1\n|-unboost|p2a: Great Tusk|spd|1\n|move|p1a: Sunflora|Earth Power|p2a: Great Tusk\n|-damage|p2a: Great Tusk|0 fnt\n|faint|p2a: Great Tusk\n|-end|p2a: Great Tusk|Protosynthesis|[silent]\n|\n|upkeep\n|\n|t:|1783548299\n|switch|p2a: Mesprit|Mesprit, L85|100/100\n|turn|3\n|inactive|Time left: 300 sec this turn | 300 sec total\n|\n|t:|1783548300\n|switch|p1a: Hatterene|Hatterene, L85, F|236/236\n|move|p2a: Mesprit|Nasty Plot|p2a: Mesprit\n|-boost|p2a: Mesprit|spa|2\n|\n|upkeep\n|turn|4\n|inactive|Time left: 300 sec this turn | 300 sec total\n|\n|t:|1783548301\n|move|p2a: Mesprit|Shadow Ball|p1a: Hatterene\n|-supereffective|p1a: Hatterene\n|-damage|p1a: Hatterene|59/236\n|-damage|p2a: Mesprit|91/100|[from] item: Life Orb\n|move|p1a: Hatterene|Mystical Fire|p2a: Mesprit\n|-damage|p2a: Mesprit|70/100\n|-unboost|p2a: Mesprit|spa|1\n|\n|upkeep\n|turn|5\n|inactive|Time left: 300 sec this turn | 300 sec total\n|\n|t:|1783548303\n|move|p2a: Mesprit|Dazzling Gleam|p1a: Hatterene\n|-damage|p1a: Hatterene|0 fnt\n|faint|p1a: Hatterene\n|-damage|p2a: Mesprit|60/100|[from] item: Life Orb\n|\n|upkeep\n|inactive|Time left: 300 sec this turn | 300 sec total | 5 sec grace\n|\n|t:|1783548304\n|switch|p1a: Gengar|Gengar, L81, M|230/230\n|turn|6\n|inactive|Time left: 300 sec this turn | 300 sec total\n|\n|t:|1783548305\n|move|p1a: Gengar|Shadow Ball|p2a: Mesprit\n|-supereffective|p2a: Mesprit\n|-damage|p2a: Mesprit|0 fnt\n|faint|p2a: Mesprit\n|\n|upkeep\n|\n|t:|1783548306\n|switch|p2a: Basculin|Basculin-Blue-Striped, L86, F|100/100\n|turn|7\n|inactive|Time left: 300 sec this turn | 300 sec total\n|\n|t:|1783548307\n|move|p1a: Gengar|Shadow Ball|p2a: Basculin\n|-damage|p2a: Basculin|23/100\n|-unboost|p2a: Basculin|spd|1\n|move|p2a: Basculin|Wave Crash|p1a: Gengar\n|-damage|p1a: Gengar|0 fnt\n|-start|p2a: Basculin|Disable|Wave Crash|[from] ability: Cursed Body|[of] p1a: Gengar\n|faint|p1a: Gengar\n|-damage|p2a: Basculin|0 fnt|[from] Recoil\n|faint|p2a: Basculin\n|\n|upkeep\n|inactive|Time left: 300 sec this turn | 300 sec total | 5 sec grace\n|\n|t:|1783548309\n|switch|p1a: Polteageist|Polteageist-Antique, L78|222/222\n|switch|p2a: Orthworm|Orthworm, L88, F|100/100\n|turn|8\n|inactive|Time left: 300 sec this turn | 300 sec total\n|\n|t:|1783548310\n|move|p2a: Orthworm|Coil|p2a: Orthworm\n|-boost|p2a: Orthworm|atk|1\n|-boost|p2a: Orthworm|def|1\n|-boost|p2a: Orthworm|accuracy|1\n|move|p1a: Polteageist|Shell Smash|p1a: Polteageist\n|-unboost|p1a: Polteageist|def|1\n|-unboost|p1a: Polteageist|spd|1\n|-boost|p1a: Polteageist|atk|2\n|-boost|p1a: Polteageist|spa|2\n|-boost|p1a: Polteageist|spe|2\n|-enditem|p1a: Polteageist|White Herb\n|-clearnegativeboost|p1a: Polteageist|[silent]\n|\n|upkeep\n|turn|9\n|inactive|Time left: 300 sec this turn | 300 sec total\n|\n|t:|1783548311\n|move|p1a: Polteageist|Shadow Ball|p2a: Orthworm\n|-damage|p2a: Orthworm|9/100\n|move|p2a: Orthworm|Iron Tail|p1a: Polteageist\n|-damage|p1a: Polteageist|17/222\n|\n|upkeep\n|turn|10\n|inactive|Time left: 300 sec this turn | 300 sec total\n|\n|t:|1783548312\n|move|p1a: Polteageist|Strength Sap|p2a: Orthworm\n|-unboost|p2a: Orthworm|atk|1\n|-heal|p1a: Polteageist|222/222\n|move|p2a: Orthworm|Rest|p2a: Orthworm\n|-status|p2a: Orthworm|slp|[from] move: Rest\n|-heal|p2a: Orthworm|100/100 slp|[silent]\n|-enditem|p2a: Orthworm|Chesto Berry|[eat]\n|-curestatus|p2a: Orthworm|slp|[msg]\n|\n|upkeep\n|turn|11\n|inactive|Time left: 300 sec this turn | 300 sec total\n|\n|t:|1783548313\n|move|p1a: Polteageist|Shadow Ball|p2a: Orthworm\n|-damage|p2a: Orthworm|13/100\n|move|p2a: Orthworm|Iron Tail|p1a: Polteageist\n|-damage|p1a: Polteageist|71/222\n|\n|upkeep\n|turn|12\n|inactive|Time left: 300 sec this turn | 300 sec total\n|\n|t:|1783548314\n|move|p1a: Polteageist|Strength Sap|p2a: Orthworm\n|-unboost|p2a: Orthworm|atk|1\n|-heal|p1a: Polteageist|222/222\n|move|p2a: Orthworm|Iron Tail|p1a: Polteageist\n|-damage|p1a: Polteageist|128/222\n|\n|upkeep\n|turn|13\n|inactive|Time left: 300 sec this turn | 300 sec total\n|\n|t:|1783548315\n|move|p1a: Polteageist|Strength Sap|p2a: Orthworm\n|-unboost|p2a: Orthworm|atk|1\n|-heal|p1a: Polteageist|222/222\n|move|p2a: Orthworm|Iron Tail|p1a: Polteageist\n|-damage|p1a: Polteageist|144/222\n|-unboost|p1a: Polteageist|def|1\n|-start|p2a: Orthworm|Disable|Iron Tail|[from] ability: Cursed Body|[of] p1a: Polteageist\n|\n|upkeep\n|turn|14\n|inactive|Time left: 300 sec this turn | 300 sec total\n|\n|t:|1783548316\n|move|p1a: Polteageist|Strength Sap|p2a: Orthworm\n|-unboost|p2a: Orthworm|atk|1\n|-heal|p1a: Polteageist|222/222\n|move|p2a: Orthworm|Rest|p2a: Orthworm\n|-status|p2a: Orthworm|slp|[from] move: Rest\n|-heal|p2a: Orthworm|100/100 slp|[silent]\n|\n|upkeep\n|turn|15\n|inactive|Time left: 300 sec this turn | 300 sec total\n|\n|t:|1783548317\n|move|p1a: Polteageist|Shell Smash|p1a: Polteageist\n|-unboost|p1a: Polteageist|def|1\n|-unboost|p1a: Polteageist|spd|1\n|-boost|p1a: Polteageist|atk|2\n|-boost|p1a: Polteageist|spa|2\n|-boost|p1a: Polteageist|spe|2\n|cant|p2a: Orthworm|slp\n|\n|upkeep\n|turn|16\n|inactive|Time left: 300 sec this turn | 300 sec total\n|\n|t:|1783548318\n|move|p1a: Polteageist|Tera Blast|p2a: Orthworm\n|-resisted|p2a: Orthworm\n|-damage|p2a: Orthworm|57/100 slp\n|cant|p2a: Orthworm|slp\n|\n|-end|p2a: Orthworm|Disable\n|upkeep\n|turn|17\n|inactive|Time left: 300 sec this turn | 300 sec total\n|\n|t:|1783548319\n|move|p1a: Polteageist|Shadow Ball|p2a: Orthworm\n|-damage|p2a: Orthworm|0 fnt\n|faint|p2a: Orthworm\n|\n|upkeep\n|\n|t:|1783548320\n|switch|p2a: Latios|Latios, L78, M|100/100\n|turn|18\n|inactive|Time left: 300 sec this turn | 300 sec total\n|\n|t:|1783548320\n|-terastallize|p2a: Latios|Fighting\n|move|p1a: Polteageist|Shadow Ball|p2a: Latios\n|-damage|p2a: Latios|0 fnt\n|faint|p2a: Latios\n|\n|upkeep\n|\n|t:|1783548321\n|switch|p2a: Chandelure|Chandelure, L83, M|100/100\n|turn|19\n|inactive|Time left: 300 sec this turn | 300 sec total\n|\n|t:|1783548322\n|-terastallize|p1a: Polteageist|Fighting\n|move|p1a: Polteageist|Shadow Ball|p2a: Chandelure\n|-supereffective|p2a: Chandelure\n|-damage|p2a: Chandelure|0 fnt\n|faint|p2a: Chandelure\n|\n|win|p0x730385d", "uploadtime": 1783548322, "views": 0, "rating": 0, "private": 0, "password": null, "_winner": "p0x730385d", "_our_name": "p0x730385d"}