{"id": "battle-gen9randombattle-200", "formatid": "gen9randombattle", "format": "[Gen 9] Random Battle", "players": ["p0x20008d0", "p0y200cae3"], "log": "|init|battle\n|title|p0x20008d0 vs. p0y200cae3\n|j|\u2606p0x20008d0\n|j|\u2606p0y200cae3\n|t:|1783535554\n|gametype|singles\n|player|p1|p0x20008d0|169|\n|player|p2|p0y200cae3|266|\n|gen|9\n|tier|[Gen 9] Random Battle\n|rule|Species Clause: Limit one of each Pok\u00e9mon\n|rule|HP Percentage Mod: HP is shown in percentages\n|rule|Sleep Clause Mod: Limit one foe put to sleep\n|rule|Illusion Level Mod: Illusion disguises the Pok\u00e9mon's true level\n|\n|t:|1783535554\n|teamsize|p1|6\n|teamsize|p2|6\n|start\n|switch|p1a: Munkidori|Munkidori, L79, M|100/100\n|switch|p2a: Noivern|Noivern, L82, M|274/274\n|turn|1\n|inactive|Battle timer is ON: inactive players will automatically lose when time's up. (requested by p0x20008d0)\n|inactive|Time left: 300 sec this turn | 300 sec total | 60 sec grace\n|inactive|p0y200cae3 also wants the timer to be on.\n|\n|t:|1783535556\n|move|p2a: Noivern|Boomburst|p1a: Munkidori\n|-damage|p1a: Munkidori|62/100\n|move|p1a: Munkidori|Psychic Noise|p2a: Noivern\n|-damage|p2a: Noivern|180/274\n|-start|p2a: Noivern|move: Heal Block\n|-status|p2a: Noivern|tox|[from] ability: Toxic Chain|[of] p1a: Munkidori\n|\n|-damage|p2a: Noivern|163/274 tox|[from] psn\n|upkeep\n|turn|2\n|inactive|Time left: 300 sec this turn | 300 sec total\n|\n|t:|1783535557\n|move|p2a: Noivern|Boomburst|p1a: Munkidori\n|-damage|p1a: Munkidori|24/100\n|move|p1a: Munkidori|Psychic Noise|p2a: Noivern\n|-damage|p2a: Noivern|69/274 tox\n|\n|-damage|p2a: Noivern|35/274 tox|[from] psn\n|-end|p2a: Noivern|move: Heal Block\n|upkeep\n|turn|3\n|inactive|Time left: 300 sec this turn | 300 sec total\n|\n|t:|1783535558\n|switch|p1a: Spectrier|Spectrier, L75|100/100\n|move|p2a: Noivern|Boomburst|p1a: Spectrier\n|-immune|p1a: Spectrier\n|\n|-damage|p2a: Noivern|0 fnt|[from] psn\n|faint|p2a: Noivern\n|upkeep\n|inactive|Time left: 300 sec this turn | 300 sec total | 5 sec grace\n|\n|t:|1783535559\n|switch|p2a: Mudsdale|Mudsdale, L83, F|302/302\n|turn|4\n|inactive|Time left: 300 sec this turn | 300 sec total\n|\n|t:|1783535561\n|move|p1a: Spectrier|Will-O-Wisp|p2a: Mudsdale\n|-status|p2a: Mudsdale|brn\n|move|p2a: Mudsdale|Earthquake|p1a: Spectrier\n|-damage|p1a: Spectrier|65/100\n|\n|-damage|p2a: Mudsdale|284/302 brn|[from] brn\n|upkeep\n|turn|5\n|inactive|Time left: 300 sec this turn | 300 sec total\n|\n|t:|1783535562\n|move|p1a: Spectrier|Nasty Plot|p1a: Spectrier\n|-boost|p1a: Spectrier|spa|2\n|move|p2a: Mudsdale|Earthquake|p1a: Spectrier\n|-damage|p1a: Spectrier|30/100\n|\n|-heal|p2a: Mudsdale|302/302 brn|[from] item: Leftovers\n|-damage|p2a: Mudsdale|284/302 brn|[from] brn\n|upkeep\n|turn|6\n|inactive|Time left: 300 sec this turn | 300 sec total\n|\n|t:|1783535563\n|move|p1a: Spectrier|Draining Kiss|p2a: Mudsdale\n|-damage|p2a: Mudsdale|170/302 brn\n|-heal|p1a: Spectrier|61/100|[from] drain|[of] p2a: Mudsdale\n|-ability|p2a: Mudsdale|Stamina|boost\n|-boost|p2a: Mudsdale|def|1\n|-damage|p1a: Spectrier|52/100|[from] item: Life Orb\n|move|p2a: Mudsdale|Earthquake|p1a: Spectrier\n|-damage|p1a: Spectrier|15/100\n|\n|-heal|p2a: Mudsdale|188/302 brn|[from] item: Leftovers\n|-damage|p2a: Mudsdale|170/302 brn|[from] brn\n|upkeep\n|turn|7\n|inactive|Time left: 300 sec this turn | 300 sec total\n|\n|t:|1783535564\n|move|p1a: Spectrier|Shadow Ball|p2a: Mudsdale\n|-damage|p2a: Mudsdale|0 fnt\n|faint|p2a: Mudsdale\n|-ability|p1a: Spectrier|Grim Neigh|boost\n|-boost|p1a: Spectrier|spa|1\n|-damage|p1a: Spectrier|6/100|[from] item: Life Orb\n|\n|upkeep\n|inactive|Time left: 300 sec this turn | 300 sec total | 5 sec grace\n|\n|t:|1783535565\n|switch|p2a: Barraskewda|Barraskewda, L81, F|231/231\n|turn|8\n|inactive|Time left: 300 sec this turn | 300 sec total\n|\n|t:|1783535566\n|move|p2a: Barraskewda|Waterfall|p1a: Spectrier\n|-damage|p1a: Spectrier|0 fnt\n|faint|p1a: Spectrier\n|\n|upkeep\n|\n|t:|1783535567\n|switch|p1a: Eternatus|Eternatus, L69|100/100\n|-ability|p1a: Eternatus|Pressure\n|turn|9\n|inactive|Time left: 300 sec this turn | 300 sec total\n|\n|t:|1783535569\n|move|p2a: Barraskewda|Waterfall|p1a: Eternatus\n|-resisted|p1a: Eternatus\n|-damage|p1a: Eternatus|76/100\n|move|p1a: Eternatus|Dynamax Cannon|p2a: Barraskewda\n|-damage|p2a: Barraskewda|66/231\n|\n|-heal|p1a: Eternatus|82/100|[from] item: Leftovers\n|upkeep\n|turn|10\n|inactive|Time left: 300 sec this turn | 300 sec total\n|\n|t:|1783535570\n|switch|p2a: Alcremie|Alcremie-Rainbow-Swirl, L90, F|263/263\n|move|p1a: Eternatus|Dynamax Cannon|p2a: Alcremie\n|-immune|p2a: Alcremie\n|\n|-heal|p1a: Eternatus|88/100|[from] item: Leftovers\n|upkeep\n|turn|11\n|inactive|Time left: 300 sec this turn | 300 sec total\n|\n|t:|1783535571\n|switch|p1a: Squawkabilly|Squawkabilly-Yellow, L89, M|100/100\n|move|p2a: Alcremie|Calm Mind|p2a: Alcremie\n|-boost|p2a: Alcremie|spa|1\n|-boost|p2a: Alcremie|spd|1\n|\n|upkeep\n|turn|12\n|inactive|Time left: 300 sec this turn | 300 sec total\n|\n|t:|1783535572\n|-terastallize|p2a: Alcremie|Steel\n|move|p1a: Squawkabilly|Brave Bird|p2a: Alcremie|[miss]\n|-miss|p1a: Squawkabilly|p2a: Alcremie\n|move|p2a: Alcremie|Alluring Voice|p1a: Squawkabilly\n|-damage|p1a: Squawkabilly|21/100\n|\n|upkeep\n|turn|13\n|inactive|Time left: 300 sec this turn | 300 sec total\n|\n|t:|1783535573\n|move|p1a: Squawkabilly|Brave Bird|p2a: Alcremie\n|-resisted|p2a: Alcremie\n|-damage|p2a: Alcremie|91/263\n|-damage|p1a: Squawkabilly|2/100|[from] Recoil\n|move|p2a: Alcremie|Psyshock|p1a: Squawkabilly\n|-damage|p1a: Squawkabilly|0 fnt\n|faint|p1a: Squawkabilly\n|\n|-heal|p2a: Alcremie|107/263|[from] item: Leftovers\n|upkeep\n|\n|t:|1783535574\n|switch|p1a: Delphox|Delphox, L84, F|100/100\n|turn|14\n|inactive|Time left: 300 sec this turn | 300 sec total\n|\n|t:|1783535575\n|move|p1a: Delphox|Fire Blast|p2a: Alcremie\n|-supereffective|p2a: Alcremie\n|-damage|p2a: Alcremie|0 fnt\n|faint|p2a: Alcremie\n|\n|upkeep\n|inactive|Time left: 300 sec this turn | 300 sec total | 5 sec grace\n|\n|t:|1783535576\n|switch|p2a: Barraskewda|Barraskewda, L81, F|66/231\n|turn|15\n|inactive|Time left: 300 sec this turn | 300 sec total\n|\n|t:|1783535577\n|switch|p1a: Eternatus|Eternatus, L69|88/100\n|-ability|p1a: Eternatus|Pressure\n|move|p2a: Barraskewda|Waterfall|p1a: Eternatus\n|-resisted|p1a: Eternatus\n|-damage|p1a: Eternatus|63/100\n|\n|-heal|p1a: Eternatus|69/100|[from] item: Leftovers\n|upkeep\n|turn|16\n|inactive|Time left: 300 sec this turn | 300 sec total\n|\n|t:|1783535578\n|move|p2a: Barraskewda|Waterfall|p1a: Eternatus\n|-resisted|p1a: Eternatus\n|-damage|p1a: Eternatus|41/100\n|move|p1a: Eternatus|Dynamax Cannon|p2a: Barraskewda\n|-damage|p2a: Barraskewda|0 fnt\n|faint|p2a: Barraskewda\n|\n|-heal|p1a: Eternatus|48/100|[from] item: Leftovers\n|upkeep\n|inactive|Time left: 300 sec this turn | 300 sec total | 5 sec grace\n|\n|t:|1783535579\n|switch|p2a: Sableye|Sableye, L88, M|231/231\n|turn|17\n|inactive|Time left: 300 sec this turn | 300 sec total\n|\n|t:|1783535580\n|move|p1a: Eternatus|Recover|p1a: Eternatus\n|-heal|p1a: Eternatus|98/100\n|move|p2a: Sableye|Knock Off|p1a: Eternatus\n|-damage|p1a: Eternatus|63/100\n|-enditem|p1a: Eternatus|Leftovers|[from] move: Knock Off|[of] p2a: Sableye\n|\n|upkeep\n|turn|18\n|inactive|Time left: 300 sec this turn | 300 sec total\n|\n|t:|1783535581\n|move|p2a: Sableye|Encore|p1a: Eternatus\n|-start|p1a: Eternatus|Encore\n|move|p1a: Eternatus|Recover|p1a: Eternatus\n|-heal|p1a: Eternatus|100/100\n|\n|upkeep\n|turn|19\n|inactive|Time left: 300 sec this turn | 300 sec total\n|\n|t:|1783535582\n|switch|p1a: Vespiquen|Vespiquen, L99, F|100/100\n|-ability|p1a: Vespiquen|Pressure\n|move|p2a: Sableye|Knock Off|p1a: Vespiquen\n|-damage|p1a: Vespiquen|78/100\n|-enditem|p1a: Vespiquen|Heavy-Duty Boots|[from] move: Knock Off|[of] p2a: Sableye\n|\n|upkeep\n|turn|20\n|inactive|Time left: 300 sec this turn | 300 sec total\n|\n|t:|1783535583\n|move|p2a: Sableye|Thunder Wave|p1a: Vespiquen|[miss]\n|-miss|p2a: Sableye|p1a: Vespiquen\n|move|p1a: Vespiquen|Air Slash|p2a: Sableye\n|-damage|p2a: Sableye|116/231\n|\n|-heal|p2a: Sableye|130/231|[from] item: Leftovers\n|upkeep\n|turn|21\n|inactive|Time left: 300 sec this turn | 300 sec total\n|\n|t:|1783535584\n|move|p2a: Sableye|Recover|p2a: Sableye\n|-heal|p2a: Sableye|231/231\n|move|p1a: Vespiquen|Toxic|p2a: Sableye\n|-status|p2a: Sableye|tox\n|\n|-damage|p2a: Sableye|217/231 tox|[from] psn\n|upkeep\n|turn|22\n|inactive|Time left: 300 sec this turn | 300 sec total\n|\n|t:|1783535585\n|switch|p2a: Umbreon|Umbreon, L84, M|297/297\n|move|p1a: Vespiquen|U-turn|p2a: Umbreon\n|-supereffective|p2a: Umbreon\n|-damage|p2a: Umbreon|153/297\n|\n|t:|1783535586\n|switch|p1a: Delphox|Delphox, L84, F|100/100|[from] U-turn\n|\n|-heal|p2a: Umbreon|171/297|[from] item: Leftovers\n|upkeep\n|turn|23\n|inactive|Time left: 300 sec this turn | 300 sec total\n|\n|t:|1783535586\n|move|p1a: Delphox|Focus Blast|p2a: Umbreon\n|-supereffective|p2a: Umbreon\n|-damage|p2a: Umbreon|0 fnt\n|faint|p2a: Umbreon\n|\n|upkeep\n|inactive|Time left: 300 sec this turn | 300 sec total | 5 sec grace\n|\n|t:|1783535587\n|switch|p2a: Sableye|Sableye, L88, M|217/231 tox\n|turn|24\n|inactive|Time left: 300 sec this turn | 300 sec total\n|\n|t:|1783535588\n|switch|p1a: Eternatus|Eternatus, L69|100/100\n|-ability|p1a: Eternatus|Pressure\n|move|p2a: Sableye|Thunder Wave|p1a: Eternatus\n|-status|p1a: Eternatus|par\n|\n|-heal|p2a: Sableye|231/231 tox|[from] item: Leftovers\n|-damage|p2a: Sableye|217/231 tox|[from] psn\n|upkeep\n|turn|25\n|inactive|Time left: 300 sec this turn | 300 sec total\n|\n|t:|1783535589\n|move|p2a: Sableye|Recover|p2a: Sableye\n|-heal|p2a: Sableye|231/231 tox\n|move|p1a: Eternatus|Dynamax Cannon|p2a: Sableye\n|-damage|p2a: Sableye|105/231 tox\n|\n|-heal|p2a: Sableye|119/231 tox|[from] item: Leftovers\n|-damage|p2a: Sableye|91/231 tox|[from] psn\n|upkeep\n|turn|26\n|inactive|Time left: 300 sec this turn | 300 sec total\n|\n|t:|1783535590\n|move|p2a: Sableye|Recover|p2a: Sableye\n|-heal|p2a: Sableye|207/231 tox\n|move|p1a: Eternatus|Dynamax Cannon|p2a: Sableye\n|-damage|p2a: Sableye|98/231 tox\n|\n|-heal|p2a: Sableye|112/231 tox|[from] item: Leftovers\n|-damage|p2a: Sableye|70/231 tox|[from] psn\n|upkeep\n|turn|27\n|inactive|Time left: 300 sec this turn | 300 sec total\n|\n|t:|1783535591\n|-terastallize|p1a: Eternatus|Water\n|move|p2a: Sableye|Recover|p2a: Sableye\n|-heal|p2a: Sableye|186/231 tox\n|move|p1a: Eternatus|Dynamax Cannon|p2a: Sableye\n|-damage|p2a: Sableye|77/231 tox\n|\n|-heal|p2a: Sableye|91/231 tox|[from] item: Leftovers\n|-damage|p2a: Sableye|35/231 tox|[from] psn\n|upkeep\n|turn|28\n|inactive|Time left: 300 sec this turn | 300 sec total\n|\n|t:|1783535592\n|switch|p1a: Delphox|Delphox, L84, F|100/100\n|move|p2a: Sableye|Recover|p2a: Sableye\n|-heal|p2a: Sableye|151/231 tox\n|\n|-heal|p2a: Sableye|165/231 tox|[from] item: Leftovers\n|-damage|p2a: Sableye|95/231 tox|[from] psn\n|upkeep\n|turn|29\n|inactive|Time left: 300 sec this turn | 300 sec total\n|\n|t:|1783535593\n|move|p2a: Sableye|Recover|p2a: Sableye\n|-heal|p2a: Sableye|211/231 tox\n|move|p1a: Delphox|Focus Blast|p2a: Sableye\n|-immune|p2a: Sableye\n|\n|-heal|p2a: Sableye|225/231 tox|[from] item: Leftovers\n|-damage|p2a: Sableye|141/231 tox|[from] psn\n|upkeep\n|turn|30\n|inactive|Time left: 300 sec this turn | 300 sec total\n|\n|t:|1783535595\n|switch|p1a: Eternatus|Eternatus, L69, tera:Water|100/100 par\n|-ability|p1a: Eternatus|Pressure\n|move|p2a: Sableye|Recover|p2a: Sableye\n|-heal|p2a: Sableye|231/231 tox\n|\n|-damage|p2a: Sableye|133/231 tox|[from] psn\n|upkeep\n|turn|31\n|inactive|Time left: 300 sec this turn | 300 sec total\n|\n|t:|1783535596\n|switch|p1a: Vespiquen|Vespiquen, L99, F|78/100\n|-ability|p1a: Vespiquen|Pressure\n|move|p2a: Sableye|Recover|p2a: Sableye\n|-heal|p2a: Sableye|231/231 tox\n|\n|-damage|p2a: Sableye|119/231 tox|[from] psn\n|upkeep\n|turn|32\n|inactive|Time left: 300 sec this turn | 300 sec total\n|\n|t:|1783535597\n|switch|p1a: Munkidori|Munkidori, L79, M|24/100\n|move|p2a: Sableye|Knock Off|p1a: Munkidori\n|-supereffective|p1a: Munkidori\n|-damage|p1a: Munkidori|0 fnt\n|-enditem|p1a: Munkidori|Assault Vest|[from] move: Knock Off|[of] p2a: Sableye\n|faint|p1a: Munkidori\n|\n|-heal|p2a: Sableye|133/231 tox|[from] item: Leftovers\n|-damage|p2a: Sableye|7/231 tox|[from] psn\n|upkeep\n|\n|t:|1783535597\n|switch|p1a: Eternatus|Eternatus, L69, tera:Water|100/100 par\n|-ability|p1a: Eternatus|Pressure\n|turn|33\n|inactive|Time left: 300 sec this turn | 300 sec total\n|\n|t:|1783535599\n|switch|p1a: Delphox|Delphox, L84, F|100/100\n|move|p2a: Sableye|Knock Off|p1a: Delphox\n|-supereffective|p1a: Delphox\n|-damage|p1a: Delphox|15/100\n|-enditem|p1a: Delphox|Choice Specs|[from] move: Knock Off|[of] p2a: Sableye\n|\n|-heal|p2a: Sableye|21/231 tox|[from] item: Leftovers\n|-damage|p2a: Sableye|0 fnt|[from] psn\n|faint|p2a: Sableye\n|\n|win|p0x20008d0", "uploadtime": 1783535599, "views": 0, "rating": 0, "private": 0, "password": null, "_winner": "p0x20008d0", "_our_name": "p0y200cae3"}