{"id": "battle-gen9randombattle-43", "formatid": "gen9randombattle", "format": "[Gen 9] Random Battle", "players": ["p0x0433747", "p0y043d6e9"], "log": "|init|battle\n|title|p0x0433747 vs. p0y043d6e9\n|j|\u2606p0x0433747\n|j|\u2606p0y043d6e9\n|t:|1783539667\n|gametype|singles\n|player|p1|p0x0433747|169|\n|player|p2|p0y043d6e9|101|\n|gen|9\n|tier|[Gen 9] Random Battle\n|rule|Species Clause: Limit one of each Pok\u00e9mon\n|rule|HP Percentage Mod: HP is shown in percentages\n|rule|Sleep Clause Mod: Limit one foe put to sleep\n|rule|Illusion Level Mod: Illusion disguises the Pok\u00e9mon's true level\n|\n|t:|1783539667\n|teamsize|p1|6\n|teamsize|p2|6\n|start\n|switch|p1a: Dragapult|Dragapult, L77, F|100/100\n|switch|p2a: Meloetta|Meloetta, L82|298/298\n|turn|1\n|inactive|Battle timer is ON: inactive players will automatically lose when time's up. (requested by p0x0433747)\n|inactive|Time left: 300 sec this turn | 300 sec total | 60 sec grace\n|\n|t:|1783539669\n|move|p1a: Dragapult|U-turn|p2a: Meloetta\n|-supereffective|p2a: Meloetta\n|-damage|p2a: Meloetta|188/298\n|inactive|p0y043d6e9 also wants the timer to be on.\n|\n|t:|1783539669\n|switch|p1a: Toxapex|Toxapex, L82, M|100/100|[from] U-turn\n|move|p2a: Meloetta|Psyshock|p1a: Toxapex\n|-supereffective|p1a: Toxapex\n|-damage|p1a: Toxapex|37/100\n|\n|-heal|p2a: Meloetta|206/298|[from] item: Leftovers\n|upkeep\n|turn|2\n|inactive|Time left: 300 sec this turn | 300 sec total\n|\n|t:|1783539671\n|switch|p1a: Dragapult|Dragapult, L77, F|100/100\n|move|p2a: Meloetta|Psyshock|p1a: Dragapult\n|-damage|p1a: Dragapult|50/100\n|\n|-heal|p2a: Meloetta|224/298|[from] item: Leftovers\n|upkeep\n|turn|3\n|inactive|Time left: 300 sec this turn | 300 sec total\n|\n|t:|1783539672\n|move|p1a: Dragapult|Dragon Darts|p2a: Meloetta\n|-damage|p2a: Meloetta|167/298\n|-anim|p1a: Dragapult|Dragon Darts|p2a: Meloetta\n|-damage|p2a: Meloetta|106/298\n|move|p2a: Meloetta|Psyshock|p1a: Dragapult\n|-damage|p1a: Dragapult|4/100\n|\n|-heal|p2a: Meloetta|124/298|[from] item: Leftovers\n|upkeep\n|turn|4\n|inactive|Time left: 300 sec this turn | 300 sec total\n|\n|t:|1783539673\n|move|p1a: Dragapult|Dragon Darts|p2a: Meloetta\n|-damage|p2a: Meloetta|60/298\n|-anim|p1a: Dragapult|Dragon Darts|p2a: Meloetta\n|-damage|p2a: Meloetta|2/298\n|move|p2a: Meloetta|Psyshock|p1a: Dragapult\n|-damage|p1a: Dragapult|0 fnt\n|faint|p1a: Dragapult\n|\n|-heal|p2a: Meloetta|20/298|[from] item: Leftovers\n|upkeep\n|\n|t:|1783539674\n|switch|p1a: Glalie|Glalie, L96, F|100/100\n|turn|5\n|inactive|Time left: 300 sec this turn | 300 sec total\n|\n|t:|1783539675\n|move|p1a: Glalie|Freeze-Dry|p2a: Meloetta\n|-damage|p2a: Meloetta|0 fnt\n|faint|p2a: Meloetta\n|\n|upkeep\n|inactive|Time left: 300 sec this turn | 300 sec total | 5 sec grace\n|\n|t:|1783539676\n|switch|p2a: Gumshoos|Gumshoos, L95, F|321/321\n|turn|6\n|inactive|Time left: 300 sec this turn | 300 sec total\n|\n|t:|1783539677\n|move|p1a: Glalie|Freeze-Dry|p2a: Gumshoos\n|-damage|p2a: Gumshoos|219/321\n|move|p2a: Gumshoos|Double-Edge|p1a: Glalie\n|-damage|p1a: Glalie|0 fnt\n|faint|p1a: Glalie\n|-damage|p2a: Gumshoos|117/321|[from] Recoil\n|\n|upkeep\n|\n|t:|1783539678\n|switch|p1a: Annihilape|Annihilape, L76, M|100/100\n|turn|7\n|inactive|Time left: 300 sec this turn | 300 sec total\n|\n|t:|1783539679\n|switch|p2a: Blaziken|Blaziken, L76, F|247/247\n|move|p1a: Annihilape|Bulk Up|p1a: Annihilape\n|-boost|p1a: Annihilape|atk|1\n|-boost|p1a: Annihilape|def|1\n|\n|upkeep\n|turn|8\n|inactive|Time left: 300 sec this turn | 300 sec total\n|\n|t:|1783539680\n|move|p1a: Annihilape|Drain Punch|p2a: Blaziken\n|-damage|p2a: Blaziken|109/247\n|move|p2a: Blaziken|Swords Dance|p2a: Blaziken\n|-boost|p2a: Blaziken|atk|2\n|\n|-ability|p2a: Blaziken|Speed Boost|boost\n|-boost|p2a: Blaziken|spe|1\n|upkeep\n|turn|9\n|inactive|Time left: 300 sec this turn | 300 sec total\n|\n|t:|1783539681\n|move|p2a: Blaziken|Flare Blitz|p1a: Annihilape\n|-crit|p1a: Annihilape\n|-damage|p1a: Annihilape|0 fnt\n|faint|p1a: Annihilape\n|-damage|p2a: Blaziken|13/247|[from] Recoil\n|-damage|p2a: Blaziken|0 fnt|[from] item: Life Orb\n|faint|p2a: Blaziken\n|\n|upkeep\n|inactive|Time left: 300 sec this turn | 300 sec total | 5 sec grace\n|\n|t:|1783539682\n|switch|p1a: Feraligatr|Feraligatr, L79, F|100/100\n|switch|p2a: Gumshoos|Gumshoos, L95, F|117/321\n|turn|10\n|inactive|Time left: 300 sec this turn | 300 sec total\n|\n|t:|1783539683\n|move|p1a: Feraligatr|Liquidation|p2a: Gumshoos\n|-damage|p2a: Gumshoos|0 fnt\n|faint|p2a: Gumshoos\n|\n|upkeep\n|inactive|Time left: 300 sec this turn | 300 sec total | 5 sec grace\n|\n|t:|1783539684\n|switch|p2a: Pawmot|Pawmot, L80, M|243/243\n|turn|11\n|inactive|Time left: 300 sec this turn | 300 sec total\n|\n|t:|1783539685\n|switch|p1a: Raichu|Raichu, L88, F|100/100\n|move|p2a: Pawmot|Double Shock|p1a: Raichu\n|-ability|p1a: Raichu|Lightning Rod|boost\n|-boost|p1a: Raichu|spa|1\n|\n|upkeep\n|turn|12\n|inactive|Time left: 300 sec this turn | 300 sec total\n|\n|t:|1783539686\n|move|p1a: Raichu|Focus Blast|p2a: Pawmot|[miss]\n|-miss|p1a: Raichu|p2a: Pawmot\n|move|p2a: Pawmot|Close Combat|p1a: Raichu\n|-damage|p1a: Raichu|30/100\n|-unboost|p2a: Pawmot|def|1\n|-unboost|p2a: Pawmot|spd|1\n|\n|upkeep\n|turn|13\n|inactive|Time left: 300 sec this turn | 300 sec total\n|\n|t:|1783539688\n|switch|p2a: Scyther|Scyther, L82, M|249/249\n|-terastallize|p1a: Raichu|Ice\n|move|p1a: Raichu|Tera Blast|p2a: Scyther|[anim] Tera Blast Ice\n|-supereffective|p2a: Scyther\n|-damage|p2a: Scyther|0 fnt\n|faint|p2a: Scyther\n|-damage|p1a: Raichu|21/100|[from] item: Life Orb\n|\n|upkeep\n|inactive|Time left: 300 sec this turn | 300 sec total | 5 sec grace\n|\n|t:|1783539690\n|switch|p2a: Tyranitar|Tyranitar, L78, F|284/284\n|-weather|Sandstorm|[from] ability: Sand Stream|[of] p2a: Tyranitar\n|turn|14\n|inactive|Time left: 300 sec this turn | 300 sec total\n|\n|t:|1783539691\n|-terastallize|p2a: Tyranitar|Rock\n|move|p1a: Raichu|Focus Blast|p2a: Tyranitar\n|-supereffective|p2a: Tyranitar\n|-damage|p2a: Tyranitar|73/284\n|-damage|p1a: Raichu|11/100|[from] item: Life Orb\n|move|p2a: Tyranitar|Stone Edge|p1a: Raichu\n|-supereffective|p1a: Raichu\n|-damage|p1a: Raichu|0 fnt\n|faint|p1a: Raichu\n|\n|-weather|Sandstorm|[upkeep]\n|-heal|p2a: Tyranitar|90/284|[from] item: Leftovers\n|upkeep\n|\n|t:|1783539692\n|switch|p1a: Feraligatr|Feraligatr, L79, F|100/100\n|turn|15\n|inactive|Time left: 300 sec this turn | 300 sec total\n|\n|t:|1783539693\n|move|p1a: Feraligatr|Liquidation|p2a: Tyranitar\n|-supereffective|p2a: Tyranitar\n|-damage|p2a: Tyranitar|0 fnt\n|faint|p2a: Tyranitar\n|\n|-weather|Sandstorm|[upkeep]\n|-damage|p1a: Feraligatr|94/100|[from] Sandstorm\n|upkeep\n|inactive|Time left: 300 sec this turn | 300 sec total | 5 sec grace\n|\n|t:|1783539694\n|switch|p2a: Pawmot|Pawmot, L80, M|243/243\n|turn|16\n|inactive|Time left: 300 sec this turn | 300 sec total\n|\n|t:|1783539695\n|switch|p1a: Toxapex|Toxapex, L82, M|70/100\n|move|p2a: Pawmot|Double Shock|p1a: Toxapex\n|-supereffective|p1a: Toxapex\n|-damage|p1a: Toxapex|0 fnt\n|-start|p2a: Pawmot|typechange|???/Fighting|[from] move: Double Shock\n|-damage|p2a: Pawmot|203/243|[from] item: Rocky Helmet|[of] p1a: Toxapex\n|faint|p1a: Toxapex\n|\n|-weather|Sandstorm|[upkeep]\n|-damage|p2a: Pawmot|188/243|[from] Sandstorm\n|upkeep\n|\n|t:|1783539696\n|switch|p1a: Feraligatr|Feraligatr, L79, F|94/100\n|turn|17\n|inactive|Time left: 300 sec this turn | 300 sec total\n|\n|t:|1783539697\n|move|p2a: Pawmot|Nuzzle|p1a: Feraligatr\n|-supereffective|p1a: Feraligatr\n|-damage|p1a: Feraligatr|82/100\n|-status|p1a: Feraligatr|par\n|move|p1a: Feraligatr|Liquidation|p2a: Pawmot\n|-damage|p2a: Pawmot|16/243\n|\n|-weather|Sandstorm|[upkeep]\n|-damage|p2a: Pawmot|1/243|[from] Sandstorm\n|-damage|p1a: Feraligatr|76/100 par|[from] Sandstorm\n|upkeep\n|turn|18\n|inactive|Time left: 300 sec this turn | 300 sec total\n|\n|t:|1783539698\n|move|p2a: Pawmot|Close Combat|p1a: Feraligatr\n|-crit|p1a: Feraligatr\n|-damage|p1a: Feraligatr|7/100 par\n|-unboost|p2a: Pawmot|def|1\n|-unboost|p2a: Pawmot|spd|1\n|move|p1a: Feraligatr|Crunch|p2a: Pawmot\n|-resisted|p2a: Pawmot\n|-damage|p2a: Pawmot|0 fnt\n|faint|p2a: Pawmot\n|\n|win|p0x0433747", "uploadtime": 1783539698, "views": 0, "rating": 0, "private": 0, "password": null, "_winner": "p0x0433747", "_our_name": "p0y043d6e9"}