{"id": "battle-gen9randombattle-355", "formatid": "gen9randombattle", "format": "[Gen 9] Random Battle", "players": ["p0x3553af7", "p0y355fb8a"], "log": "|init|battle\n|title|p0x3553af7 vs. p0y355fb8a\n|j|\u2606p0x3553af7\n|j|\u2606p0y355fb8a\n|t:|1783543237\n|gametype|singles\n|player|p1|p0x3553af7|102|\n|player|p2|p0y355fb8a|169|\n|gen|9\n|tier|[Gen 9] Random Battle\n|rule|Species Clause: Limit one of each Pok\u00e9mon\n|rule|HP Percentage Mod: HP is shown in percentages\n|rule|Sleep Clause Mod: Limit one foe put to sleep\n|rule|Illusion Level Mod: Illusion disguises the Pok\u00e9mon's true level\n|\n|t:|1783543237\n|teamsize|p1|6\n|teamsize|p2|6\n|start\n|switch|p1a: Uxie|Uxie, L83|260/260\n|switch|p2a: Cramorant|Cramorant, L86, M|100/100\n|turn|1\n|inactive|Battle timer is ON: inactive players will automatically lose when time's up. (requested by p0y355fb8a)\n|inactive|Time left: 300 sec this turn | 300 sec total | 60 sec grace\n|inactive|p0x3553af7 also wants the timer to be on.\n|\n|t:|1783543239\n|move|p1a: Uxie|Psychic Noise|p2a: Cramorant\n|-damage|p2a: Cramorant|79/100\n|-start|p2a: Cramorant|move: Heal Block\n|move|p2a: Cramorant|Surf|p1a: Uxie\n|-formechange|p2a: Cramorant|Cramorant-Gulping|\n|-damage|p1a: Uxie|187/260\n|\n|-heal|p1a: Uxie|203/260|[from] item: Leftovers\n|upkeep\n|turn|2\n|inactive|Time left: 300 sec this turn | 300 sec total\n|\n|t:|1783543240\n|move|p1a: Uxie|Knock Off|p2a: Cramorant\n|-damage|p2a: Cramorant|48/100\n|-damage|p1a: Uxie|138/260|[from] ability: Gulp Missile|[of] p2a: Cramorant\n|-unboost|p1a: Uxie|def|1\n|-formechange|p2a: Cramorant|Cramorant|\n|-enditem|p2a: Cramorant|Heavy-Duty Boots|[from] move: Knock Off|[of] p1a: Uxie\n|move|p2a: Cramorant|Surf|p1a: Uxie\n|-formechange|p2a: Cramorant|Cramorant-Gorging|\n|-damage|p1a: Uxie|66/260\n|\n|-heal|p1a: Uxie|82/260|[from] item: Leftovers\n|-end|p2a: Cramorant|move: Heal Block\n|upkeep\n|turn|3\n|inactive|Time left: 300 sec this turn | 300 sec total\n|\n|t:|1783543242\n|switch|p1a: Iron Thorns|Iron Thorns, L83|302/302\n|-enditem|p1a: Iron Thorns|Booster Energy\n|-activate|p1a: Iron Thorns|ability: Quark Drive|[fromitem]\n|-start|p1a: Iron Thorns|quarkdriveatk\n|move|p2a: Cramorant|Roost|p2a: Cramorant\n|-heal|p2a: Cramorant|98/100\n|-singleturn|p2a: Cramorant|move: Roost\n|\n|upkeep\n|turn|4\n|inactive|Time left: 300 sec this turn | 300 sec total\n|\n|t:|1783543243\n|move|p2a: Cramorant|Surf|p1a: Iron Thorns\n|-supereffective|p1a: Iron Thorns\n|-damage|p1a: Iron Thorns|110/302\n|move|p1a: Iron Thorns|Stone Edge|p2a: Cramorant\n|-supereffective|p2a: Cramorant\n|-damage|p2a: Cramorant|0 fnt\n|-damage|p1a: Iron Thorns|35/302|[from] ability: Gulp Missile|[of] p2a: Cramorant\n|-formechange|p2a: Cramorant|Cramorant|\n|faint|p2a: Cramorant\n|\n|upkeep\n|\n|t:|1783543244\n|switch|p2a: Ting-Lu|Ting-Lu, L78|100/100\n|-ability|p2a: Ting-Lu|Vessel of Ruin\n|turn|5\n|inactive|Time left: 300 sec this turn | 300 sec total\n|\n|t:|1783543245\n|move|p1a: Iron Thorns|Stone Edge|p2a: Ting-Lu\n|-resisted|p2a: Ting-Lu\n|-damage|p2a: Ting-Lu|82/100\n|move|p2a: Ting-Lu|Stealth Rock|p1a: Iron Thorns\n|-sidestart|p1: p0x3553af7|move: Stealth Rock\n|\n|-heal|p2a: Ting-Lu|88/100|[from] item: Leftovers\n|upkeep\n|turn|6\n|inactive|Time left: 300 sec this turn | 300 sec total\n|\n|t:|1783543246\n|move|p1a: Iron Thorns|Earthquake|p2a: Ting-Lu\n|-damage|p2a: Ting-Lu|64/100\n|move|p2a: Ting-Lu|Throat Chop|p1a: Iron Thorns\n|-damage|p1a: Iron Thorns|0 fnt\n|faint|p1a: Iron Thorns\n|-end|p1a: Iron Thorns|Quark Drive|[silent]\n|\n|-heal|p2a: Ting-Lu|70/100|[from] item: Leftovers\n|upkeep\n|inactive|Time left: 300 sec this turn | 300 sec total | 5 sec grace\n|\n|t:|1783543247\n|switch|p1a: Clawitzer|Clawitzer, L87, F|265/265\n|-damage|p1a: Clawitzer|232/265|[from] Stealth Rock\n|turn|7\n|inactive|Time left: 300 sec this turn | 300 sec total\n|\n|t:|1783543248\n|move|p1a: Clawitzer|Water Pulse|p2a: Ting-Lu\n|-supereffective|p2a: Ting-Lu\n|-damage|p2a: Ting-Lu|0 fnt\n|faint|p2a: Ting-Lu\n|\n|upkeep\n|\n|t:|1783543249\n|switch|p2a: Exeggutor|Exeggutor-Alola, L89, M|100/100\n|turn|8\n|inactive|Time left: 300 sec this turn | 300 sec total\n|\n|t:|1783543250\n|move|p1a: Clawitzer|Water Pulse|p2a: Exeggutor\n|-resisted|p2a: Exeggutor\n|-damage|p2a: Exeggutor|84/100\n|-start|p2a: Exeggutor|confusion\n|-activate|p2a: Exeggutor|confusion\n|move|p2a: Exeggutor|Giga Drain|p1a: Clawitzer\n|-supereffective|p1a: Clawitzer\n|-damage|p1a: Clawitzer|14/265\n|-heal|p2a: Exeggutor|100/100|[from] drain|[of] p1a: Clawitzer\n|\n|upkeep\n|turn|9\n|inactive|Time left: 300 sec this turn | 300 sec total\n|\n|t:|1783543251\n|switch|p2a: Toxicroak|Toxicroak, L84, F|100/100\n|move|p1a: Clawitzer|Water Pulse|p2a: Toxicroak\n|-immune|p2a: Toxicroak|[from] ability: Dry Skin\n|\n|upkeep\n|turn|10\n|inactive|Time left: 300 sec this turn | 300 sec total\n|\n|t:|1783543253\n|move|p2a: Toxicroak|Swords Dance|p2a: Toxicroak\n|-boost|p2a: Toxicroak|atk|2\n|move|p1a: Clawitzer|Water Pulse|p2a: Toxicroak\n|-immune|p2a: Toxicroak|[from] ability: Dry Skin\n|\n|upkeep\n|turn|11\n|inactive|Time left: 300 sec this turn | 300 sec total\n|\n|t:|1783543254\n|move|p2a: Toxicroak|Gunk Shot|p1a: Clawitzer\n|-damage|p1a: Clawitzer|0 fnt\n|faint|p1a: Clawitzer\n|-damage|p2a: Toxicroak|91/100|[from] item: Life Orb\n|\n|upkeep\n|inactive|Time left: 300 sec this turn | 300 sec total | 5 sec grace\n|\n|t:|1783543255\n|switch|p1a: Hydreigon|Hydreigon, L79, M|275/275\n|-damage|p1a: Hydreigon|241/275|[from] Stealth Rock\n|turn|12\n|inactive|Time left: 300 sec this turn | 300 sec total\n|\n|t:|1783543256\n|move|p1a: Hydreigon|Draco Meteor|p2a: Toxicroak\n|-damage|p2a: Toxicroak|0 fnt\n|-unboost|p1a: Hydreigon|spa|2\n|faint|p2a: Toxicroak\n|\n|upkeep\n|\n|t:|1783543257\n|switch|p2a: Ampharos|Ampharos, L88, F|100/100\n|turn|13\n|inactive|Time left: 300 sec this turn | 300 sec total\n|\n|t:|1783543258\n|switch|p1a: Mismagius|Mismagius, L86, F|243/243\n|-damage|p1a: Mismagius|213/243|[from] Stealth Rock\n|move|p2a: Ampharos|Agility|p2a: Ampharos\n|-boost|p2a: Ampharos|spe|2\n|\n|-heal|p1a: Mismagius|228/243|[from] item: Leftovers\n|upkeep\n|turn|14\n|inactive|Time left: 300 sec this turn | 300 sec total\n|\n|t:|1783543259\n|move|p2a: Ampharos|Thunderbolt|p1a: Mismagius\n|-damage|p1a: Mismagius|99/243\n|-status|p1a: Mismagius|par\n|-damage|p2a: Ampharos|91/100|[from] item: Life Orb\n|move|p1a: Mismagius|Nasty Plot|p1a: Mismagius\n|-boost|p1a: Mismagius|spa|2\n|\n|-heal|p1a: Mismagius|114/243 par|[from] item: Leftovers\n|upkeep\n|turn|15\n|inactive|Time left: 300 sec this turn | 300 sec total\n|\n|t:|1783543260\n|move|p2a: Ampharos|Thunderbolt|p1a: Mismagius\n|-damage|p1a: Mismagius|0 fnt\n|faint|p1a: Mismagius\n|-damage|p2a: Ampharos|81/100|[from] item: Life Orb\n|\n|upkeep\n|inactive|Time left: 300 sec this turn | 300 sec total | 5 sec grace\n|\n|t:|1783543261\n|switch|p1a: Ogerpon|Ogerpon, L80, F|259/259\n|-damage|p1a: Ogerpon|227/259|[from] Stealth Rock\n|turn|16\n|inactive|Time left: 300 sec this turn | 300 sec total\n|\n|t:|1783543262\n|move|p2a: Ampharos|Focus Blast|p1a: Ogerpon\n|-damage|p1a: Ogerpon|94/259\n|-damage|p2a: Ampharos|71/100|[from] item: Life Orb\n|move|p1a: Ogerpon|Ivy Cudgel|p2a: Ampharos\n|-damage|p2a: Ampharos|22/100\n|-damage|p1a: Ogerpon|69/259|[from] item: Life Orb\n|\n|upkeep\n|turn|17\n|inactive|Time left: 300 sec this turn | 300 sec total\n|\n|t:|1783543263\n|move|p2a: Ampharos|Dazzling Gleam|p1a: Ogerpon\n|-damage|p1a: Ogerpon|0 fnt\n|faint|p1a: Ogerpon\n|-damage|p2a: Ampharos|12/100|[from] item: Life Orb\n|\n|upkeep\n|inactive|Time left: 300 sec this turn | 300 sec total | 5 sec grace\n|\n|t:|1783543265\n|switch|p1a: Hydreigon|Hydreigon, L79, M|241/275\n|-damage|p1a: Hydreigon|207/275|[from] Stealth Rock\n|turn|18\n|inactive|Time left: 300 sec this turn | 300 sec total\n|\n|t:|1783543266\n|-terastallize|p1a: Hydreigon|Fire\n|move|p2a: Ampharos|Dazzling Gleam|p1a: Hydreigon\n|-resisted|p1a: Hydreigon\n|-damage|p1a: Hydreigon|159/275\n|-damage|p2a: Ampharos|2/100|[from] item: Life Orb\n|move|p1a: Hydreigon|Dark Pulse|p2a: Ampharos\n|-damage|p2a: Ampharos|0 fnt\n|faint|p2a: Ampharos\n|\n|upkeep\n|\n|t:|1783543267\n|switch|p2a: Exeggutor|Exeggutor-Alola, L89, M|100/100\n|turn|19\n|inactive|Time left: 300 sec this turn | 300 sec total\n|\n|t:|1783543267\n|-terastallize|p2a: Exeggutor|Fire\n|move|p1a: Hydreigon|Dark Pulse|p2a: Exeggutor\n|-damage|p2a: Exeggutor|54/100\n|cant|p2a: Exeggutor|flinch\n|\n|upkeep\n|turn|20\n|inactive|Time left: 300 sec this turn | 300 sec total\n|\n|t:|1783543269\n|move|p1a: Hydreigon|Dark Pulse|p2a: Exeggutor\n|-damage|p2a: Exeggutor|9/100\n|-enditem|p2a: Exeggutor|Sitrus Berry|[eat]\n|-heal|p2a: Exeggutor|34/100|[from] item: Sitrus Berry\n|cant|p2a: Exeggutor|flinch\n|\n|-item|p2a: Exeggutor|Sitrus Berry|[from] ability: Harvest\n|upkeep\n|-enditem|p2a: Exeggutor|Sitrus Berry|[eat]\n|-heal|p2a: Exeggutor|59/100|[from] item: Sitrus Berry\n|turn|21\n|inactive|Time left: 300 sec this turn | 300 sec total\n|\n|t:|1783543270\n|move|p1a: Hydreigon|Dark Pulse|p2a: Exeggutor\n|-damage|p2a: Exeggutor|10/100\n|move|p2a: Exeggutor|Dragon Pulse|p1a: Hydreigon\n|-damage|p1a: Hydreigon|35/275\n|\n|-item|p2a: Exeggutor|Sitrus Berry|[from] ability: Harvest\n|upkeep\n|-enditem|p2a: Exeggutor|Sitrus Berry|[eat]\n|-heal|p2a: Exeggutor|35/100|[from] item: Sitrus Berry\n|turn|22\n|inactive|Time left: 300 sec this turn | 300 sec total\n|\n|t:|1783543271\n|move|p1a: Hydreigon|Dark Pulse|p2a: Exeggutor\n|-damage|p2a: Exeggutor|0 fnt\n|faint|p2a: Exeggutor\n|\n|upkeep\n|\n|t:|1783543272\n|switch|p2a: Pyroar|Pyroar, L88, F|100/100\n|-ability|p2a: Pyroar|Unnerve\n|turn|23\n|inactive|Time left: 300 sec this turn | 300 sec total\n|\n|t:|1783543273\n|move|p2a: Pyroar|Hyper Voice|p1a: Hydreigon\n|-damage|p1a: Hydreigon|0 fnt\n|faint|p1a: Hydreigon\n|\n|upkeep\n|inactive|Time left: 300 sec this turn | 300 sec total | 5 sec grace\n|\n|t:|1783543274\n|switch|p1a: Uxie|Uxie, L83|82/260\n|-damage|p1a: Uxie|50/260|[from] Stealth Rock\n|turn|24\n|inactive|Time left: 300 sec this turn | 300 sec total\n|\n|t:|1783543275\n|move|p2a: Pyroar|Hyper Voice|p1a: Uxie\n|-damage|p1a: Uxie|0 fnt\n|faint|p1a: Uxie\n|\n|win|p0y355fb8a", "uploadtime": 1783543275, "views": 0, "rating": 0, "private": 0, "password": null, "_winner": "p0y355fb8a", "_our_name": "p0x3553af7"}