{"id": "battle-gen9randombattle-1686", "formatid": "gen9randombattle", "format": "[Gen 9] Random Battle", "players": ["p0x1686db58", "p0y16861427"], "log": "|init|battle\n|title|p0x1686db58 vs. p0y16861427\n|j|\u2606p0x1686db58\n|j|\u2606p0y16861427\n|t:|1783558766\n|gametype|singles\n|player|p1|p0x1686db58|169|\n|player|p2|p0y16861427|2|\n|gen|9\n|tier|[Gen 9] Random Battle\n|rule|Species Clause: Limit one of each Pok\u00e9mon\n|rule|HP Percentage Mod: HP is shown in percentages\n|rule|Sleep Clause Mod: Limit one foe put to sleep\n|rule|Illusion Level Mod: Illusion disguises the Pok\u00e9mon's true level\n|\n|t:|1783558766\n|teamsize|p1|6\n|teamsize|p2|6\n|start\n|switch|p1a: Decidueye|Decidueye, L88, F|100/100\n|switch|p2a: Moltres|Moltres, L81|278/278\n|turn|1\n|inactive|Battle timer is ON: inactive players will automatically lose when time's up. (requested by p0y16861427)\n|inactive|p0x1686db58 also wants the timer to be on.\n|\n|t:|1783558768\n|switch|p1a: Lapras|Lapras, L87, F|100/100\n|move|p2a: Moltres|Brave Bird|p1a: Lapras\n|-damage|p1a: Lapras|65/100\n|-damage|p2a: Moltres|235/278|[from] Recoil\n|\n|upkeep\n|turn|2\n|inactive|Time left: 300 sec this turn | 300 sec total\n|\n|t:|1783558769\n|move|p2a: Moltres|Fire Blast|p1a: Lapras\n|-damage|p1a: Lapras|35/100\n|move|p1a: Lapras|Sparkling Aria|p2a: Moltres\n|-supereffective|p2a: Moltres\n|-damage|p2a: Moltres|0 fnt\n|faint|p2a: Moltres\n|\n|upkeep\n|inactive|Time left: 300 sec this turn | 300 sec total | 5 sec grace\n|\n|t:|1783558770\n|switch|p2a: Weavile|Weavile, L79, F|239/239\n|turn|3\n|inactive|Time left: 300 sec this turn | 300 sec total\n|\n|t:|1783558771\n|move|p2a: Weavile|Knock Off|p1a: Lapras\n|-damage|p1a: Lapras|0 fnt\n|-enditem|p1a: Lapras|Choice Specs|[from] move: Knock Off|[of] p2a: Weavile\n|faint|p1a: Lapras\n|\n|upkeep\n|\n|t:|1783558772\n|switch|p1a: Zekrom|Zekrom, L71|100/100\n|-ability|p1a: Zekrom|Teravolt\n|turn|4\n|inactive|Time left: 300 sec this turn | 300 sec total\n|\n|t:|1783558773\n|move|p2a: Weavile|Knock Off|p1a: Zekrom\n|-damage|p1a: Zekrom|43/100\n|-enditem|p1a: Zekrom|Leftovers|[from] move: Knock Off|[of] p2a: Weavile\n|move|p1a: Zekrom|Dragon Dance|p1a: Zekrom\n|-boost|p1a: Zekrom|atk|1\n|-boost|p1a: Zekrom|spe|1\n|\n|upkeep\n|turn|5\n|inactive|Time left: 300 sec this turn | 300 sec total\n|\n|t:|1783558774\n|switch|p2a: Registeel|Registeel, L81|262/262\n|move|p1a: Zekrom|Outrage|p2a: Registeel\n|-resisted|p2a: Registeel\n|-damage|p2a: Registeel|198/262\n|\n|upkeep\n|turn|6\n|inactive|Time left: 300 sec this turn | 300 sec total\n|\n|t:|1783558775\n|move|p1a: Zekrom|Outrage|p2a: Registeel|[from] lockedmove\n|-resisted|p2a: Registeel\n|-damage|p2a: Registeel|133/262\n|move|p2a: Registeel|Iron Defense|p2a: Registeel\n|-boost|p2a: Registeel|def|2\n|\n|upkeep\n|turn|7\n|inactive|Time left: 300 sec this turn | 300 sec total\n|\n|t:|1783558776\n|move|p1a: Zekrom|Outrage|p2a: Registeel|[from] lockedmove\n|-resisted|p2a: Registeel\n|-crit|p2a: Registeel\n|-damage|p2a: Registeel|34/262\n|-start|p1a: Zekrom|confusion|[fatigue]\n|move|p2a: Registeel|Body Press|p1a: Zekrom\n|-damage|p1a: Zekrom|0 fnt\n|faint|p1a: Zekrom\n|\n|upkeep\n|\n|t:|1783558777\n|switch|p1a: Electivire|Electivire, L84, M|100/100\n|turn|8\n|inactive|Time left: 300 sec this turn | 300 sec total\n|\n|t:|1783558778\n|move|p1a: Electivire|Flamethrower|p2a: Registeel\n|-supereffective|p2a: Registeel\n|-damage|p2a: Registeel|0 fnt\n|faint|p2a: Registeel\n|-damage|p1a: Electivire|91/100|[from] item: Life Orb\n|\n|upkeep\n|inactive|Time left: 300 sec this turn | 300 sec total | 5 sec grace\n|\n|t:|1783558778\n|switch|p2a: Weavile|Weavile, L79, F|239/239\n|turn|9\n|inactive|Time left: 300 sec this turn | 300 sec total\n|\n|t:|1783558779\n|move|p2a: Weavile|Triple Axel|p1a: Electivire\n|-damage|p1a: Electivire|75/100\n|-damage|p1a: Electivire|44/100\n|-damage|p1a: Electivire|0 fnt\n|faint|p1a: Electivire\n|-hitcount|p1: Electivire|3\n|\n|upkeep\n|\n|t:|1783558780\n|switch|p1a: Mew|Mew, L82|100/100\n|turn|10\n|inactive|Time left: 300 sec this turn | 300 sec total\n|\n|t:|1783558781\n|-terastallize|p1a: Mew|Fire\n|move|p2a: Weavile|Triple Axel|p1a: Mew\n|-resisted|p1a: Mew\n|-damage|p1a: Mew|95/100\n|-resisted|p1a: Mew\n|-damage|p1a: Mew|85/100\n|-resisted|p1a: Mew\n|-damage|p1a: Mew|68/100\n|-hitcount|p1a: Mew|3\n|move|p1a: Mew|Fire Blast|p2a: Weavile|[miss]\n|-miss|p1a: Mew|p2a: Weavile\n|\n|upkeep\n|turn|11\n|inactive|Time left: 300 sec this turn | 300 sec total\n|\n|t:|1783558782\n|switch|p2a: Oinkologne|Oinkologne, L92, M|352/352\n|move|p1a: Mew|Fire Blast|p2a: Oinkologne\n|-damage|p2a: Oinkologne|277/352\n|-damage|p1a: Mew|59/100|[from] item: Life Orb\n|\n|-heal|p2a: Oinkologne|299/352|[from] item: Leftovers\n|upkeep\n|turn|12\n|inactive|Time left: 300 sec this turn | 300 sec total\n|\n|t:|1783558784\n|switch|p1a: Dunsparce|Dunsparce, L86, M|100/100\n|move|p2a: Oinkologne|High Horsepower|p1a: Dunsparce\n|-damage|p1a: Dunsparce|80/100\n|\n|-heal|p2a: Oinkologne|321/352|[from] item: Leftovers\n|upkeep\n|turn|13\n|inactive|Time left: 300 sec this turn | 300 sec total\n|\n|t:|1783558785\n|move|p2a: Oinkologne|Curse|p2a: Oinkologne\n|-unboost|p2a: Oinkologne|spe|1\n|-boost|p2a: Oinkologne|atk|1\n|-boost|p2a: Oinkologne|def|1\n|move|p1a: Dunsparce|Coil|p1a: Dunsparce\n|-boost|p1a: Dunsparce|atk|1\n|-boost|p1a: Dunsparce|def|1\n|-boost|p1a: Dunsparce|accuracy|1\n|\n|-heal|p2a: Oinkologne|343/352|[from] item: Leftovers\n|upkeep\n|turn|14\n|inactive|Time left: 300 sec this turn | 300 sec total\n|\n|t:|1783558786\n|move|p1a: Dunsparce|Coil|p1a: Dunsparce\n|-boost|p1a: Dunsparce|atk|1\n|-boost|p1a: Dunsparce|def|1\n|-boost|p1a: Dunsparce|accuracy|1\n|move|p2a: Oinkologne|Double-Edge|p1a: Dunsparce\n|-damage|p1a: Dunsparce|53/100\n|-damage|p2a: Oinkologne|315/352|[from] Recoil\n|\n|-heal|p2a: Oinkologne|337/352|[from] item: Leftovers\n|upkeep\n|turn|15\n|inactive|Time left: 300 sec this turn | 300 sec total\n|\n|t:|1783558787\n|move|p1a: Dunsparce|Roost|p1a: Dunsparce\n|-heal|p1a: Dunsparce|100/100\n|-singleturn|p1a: Dunsparce|move: Roost\n|move|p2a: Oinkologne|Curse|p2a: Oinkologne\n|-unboost|p2a: Oinkologne|spe|1\n|-boost|p2a: Oinkologne|atk|1\n|-boost|p2a: Oinkologne|def|1\n|\n|-heal|p2a: Oinkologne|352/352|[from] item: Leftovers\n|upkeep\n|turn|16\n|inactive|Time left: 300 sec this turn | 300 sec total\n|\n|t:|1783558788\n|move|p1a: Dunsparce|Body Slam|p2a: Oinkologne\n|-damage|p2a: Oinkologne|276/352\n|-status|p2a: Oinkologne|par\n|cant|p2a: Oinkologne|par\n|\n|-heal|p2a: Oinkologne|298/352 par|[from] item: Leftovers\n|upkeep\n|turn|17\n|inactive|Time left: 300 sec this turn | 300 sec total\n|\n|t:|1783558789\n|move|p1a: Dunsparce|Body Slam|p2a: Oinkologne\n|-damage|p2a: Oinkologne|217/352 par\n|move|p2a: Oinkologne|Curse|p2a: Oinkologne\n|-unboost|p2a: Oinkologne|spe|1\n|-boost|p2a: Oinkologne|atk|1\n|-boost|p2a: Oinkologne|def|1\n|\n|-heal|p2a: Oinkologne|239/352 par|[from] item: Leftovers\n|upkeep\n|turn|18\n|inactive|Time left: 300 sec this turn | 300 sec total\n|\n|t:|1783558790\n|move|p1a: Dunsparce|Coil|p1a: Dunsparce\n|-boost|p1a: Dunsparce|atk|1\n|-boost|p1a: Dunsparce|def|1\n|-boost|p1a: Dunsparce|accuracy|1\n|move|p2a: Oinkologne|Double-Edge|p1a: Dunsparce\n|-crit|p1a: Dunsparce\n|-damage|p1a: Dunsparce|0 fnt\n|faint|p1a: Dunsparce\n|-damage|p2a: Oinkologne|136/352 par|[from] Recoil\n|\n|-heal|p2a: Oinkologne|158/352 par|[from] item: Leftovers\n|upkeep\n|\n|t:|1783558791\n|switch|p1a: Mew|Mew, L82, tera:Fire|59/100\n|turn|19\n|inactive|Time left: 300 sec this turn | 300 sec total\n|\n|t:|1783558792\n|move|p1a: Mew|Bug Buzz|p2a: Oinkologne\n|-damage|p2a: Oinkologne|83/352 par\n|-damage|p1a: Mew|49/100|[from] item: Life Orb\n|move|p2a: Oinkologne|High Horsepower|p1a: Mew\n|-supereffective|p1a: Mew\n|-damage|p1a: Mew|0 fnt\n|faint|p1a: Mew\n|\n|-heal|p2a: Oinkologne|105/352 par|[from] item: Leftovers\n|upkeep\n|\n|t:|1783558793\n|switch|p1a: Decidueye|Decidueye, L88, F|100/100\n|turn|20\n|inactive|Time left: 300 sec this turn | 300 sec total\n|\n|t:|1783558794\n|move|p1a: Decidueye|Leaf Blade|p2a: Oinkologne\n|-damage|p2a: Oinkologne|39/352 par\n|-damage|p1a: Decidueye|91/100|[from] item: Life Orb\n|cant|p2a: Oinkologne|par\n|\n|-heal|p2a: Oinkologne|61/352 par|[from] item: Leftovers\n|upkeep\n|turn|21\n|inactive|Time left: 300 sec this turn | 300 sec total\n|\n|t:|1783558795\n|move|p1a: Decidueye|Leaf Blade|p2a: Oinkologne\n|-damage|p2a: Oinkologne|3/352 par\n|-damage|p1a: Decidueye|81/100|[from] item: Life Orb\n|cant|p2a: Oinkologne|par\n|\n|-heal|p2a: Oinkologne|25/352 par|[from] item: Leftovers\n|upkeep\n|turn|22\n|inactive|Time left: 300 sec this turn | 300 sec total\n|\n|t:|1783558796\n|move|p1a: Decidueye|Shadow Sneak|p2a: Oinkologne\n|-immune|p2a: Oinkologne\n|move|p2a: Oinkologne|Lash Out|p1a: Decidueye\n|-supereffective|p1a: Decidueye\n|-damage|p1a: Decidueye|0 fnt\n|faint|p1a: Decidueye\n|\n|win|p0y16861427", "uploadtime": 1783558796, "views": 0, "rating": 0, "private": 0, "password": null, "_winner": "p0y16861427", "_our_name": "p0y16861427"}