{"id": "battle-gen9randombattle-289", "formatid": "gen9randombattle", "format": "[Gen 9] Random Battle", "players": ["p0x2892755", "p0y28997ed"], "log": "|init|battle\n|title|p0x2892755 vs. p0y28997ed\n|j|\u2606p0x2892755\n|j|\u2606p0y28997ed\n|t:|1783542407\n|gametype|singles\n|player|p1|p0x2892755|2|\n|player|p2|p0y28997ed|101|\n|gen|9\n|tier|[Gen 9] Random Battle\n|rule|Species Clause: Limit one of each Pok\u00e9mon\n|rule|HP Percentage Mod: HP is shown in percentages\n|rule|Sleep Clause Mod: Limit one foe put to sleep\n|rule|Illusion Level Mod: Illusion disguises the Pok\u00e9mon's true level\n|\n|t:|1783542407\n|teamsize|p1|6\n|teamsize|p2|6\n|start\n|switch|p1a: Typhlosion|Typhlosion-Hisui, L83, F|257/257\n|switch|p2a: Arbok|Arbok, L87, M|100/100\n|-ability|p2a: Arbok|Intimidate|boost\n|-unboost|p1a: Typhlosion|atk|1\n|turn|1\n|inactive|Battle timer is ON: inactive players will automatically lose when time's up. (requested by p0x2892755)\n|inactive|p0y28997ed also wants the timer to be on.\n|\n|t:|1783542409\n|switch|p1a: Vikavolt|Vikavolt, L83, M|263/263\n|move|p2a: Arbok|Gunk Shot|p1a: Vikavolt\n|-damage|p1a: Vikavolt|128/263\n|\n|upkeep\n|turn|2\n|inactive|Time left: 300 sec this turn | 300 sec total\n|\n|t:|1783542410\n|move|p2a: Arbok|Gunk Shot|p1a: Vikavolt|[miss]\n|-miss|p2a: Arbok|p1a: Vikavolt\n|move|p1a: Vikavolt|Sticky Web|p2a: Arbok\n|-sidestart|p2: p0y28997ed|move: Sticky Web\n|\n|upkeep\n|turn|3\n|inactive|Time left: 300 sec this turn | 300 sec total\n|\n|t:|1783542411\n|move|p2a: Arbok|Gunk Shot|p1a: Vikavolt\n|-damage|p1a: Vikavolt|2/263\n|move|p1a: Vikavolt|Discharge|p2a: Arbok\n|-damage|p2a: Arbok|50/100\n|-status|p2a: Arbok|par\n|\n|upkeep\n|turn|4\n|inactive|Time left: 300 sec this turn | 300 sec total\n|\n|t:|1783542412\n|move|p1a: Vikavolt|Discharge|p2a: Arbok\n|-damage|p2a: Arbok|0 fnt\n|faint|p2a: Arbok\n|\n|upkeep\n|\n|t:|1783542414\n|switch|p2a: Chi-Yu|Chi-Yu, L77|100/100\n|-ability|p2a: Chi-Yu|Beads of Ruin\n|turn|5\n|inactive|Time left: 300 sec this turn | 300 sec total\n|\n|t:|1783542415\n|move|p2a: Chi-Yu|Dark Pulse|p1a: Vikavolt\n|-damage|p1a: Vikavolt|0 fnt\n|faint|p1a: Vikavolt\n|\n|upkeep\n|inactive|Time left: 300 sec this turn | 300 sec total | 5 sec grace\n|\n|t:|1783542416\n|switch|p1a: Lanturn|Lanturn, L89, F|367/367\n|turn|6\n|inactive|Time left: 300 sec this turn | 300 sec total\n|\n|t:|1783542417\n|move|p2a: Chi-Yu|Nasty Plot|p2a: Chi-Yu\n|-boost|p2a: Chi-Yu|spa|2\n|move|p1a: Lanturn|Scald|p2a: Chi-Yu\n|-supereffective|p2a: Chi-Yu\n|-damage|p2a: Chi-Yu|37/100\n|\n|upkeep\n|turn|7\n|inactive|Time left: 300 sec this turn | 300 sec total\n|\n|t:|1783542418\n|-terastallize|p2a: Chi-Yu|Dark\n|move|p2a: Chi-Yu|Dark Pulse|p1a: Lanturn\n|-damage|p1a: Lanturn|23/367\n|move|p1a: Lanturn|Scald|p2a: Chi-Yu\n|-damage|p2a: Chi-Yu|5/100\n|\n|-heal|p1a: Lanturn|45/367|[from] item: Leftovers\n|upkeep\n|turn|8\n|inactive|Time left: 300 sec this turn | 300 sec total\n|\n|t:|1783542419\n|move|p2a: Chi-Yu|Dark Pulse|p1a: Lanturn\n|-damage|p1a: Lanturn|0 fnt\n|faint|p1a: Lanturn\n|\n|upkeep\n|inactive|Time left: 300 sec this turn | 300 sec total | 5 sec grace\n|\n|t:|1783542420\n|switch|p1a: Typhlosion|Typhlosion-Hisui, L83, F|257/257\n|turn|9\n|inactive|Time left: 300 sec this turn | 300 sec total\n|\n|t:|1783542421\n|move|p1a: Typhlosion|Shadow Ball|p2a: Chi-Yu\n|-resisted|p2a: Chi-Yu\n|-damage|p2a: Chi-Yu|0 fnt\n|faint|p2a: Chi-Yu\n|\n|upkeep\n|\n|t:|1783542421\n|switch|p2a: Vivillon|Vivillon-Elegant, L83, F|100/100\n|turn|10\n|inactive|Time left: 300 sec this turn | 300 sec total\n|\n|t:|1783542423\n|switch|p2a: Latios|Latios, L78, M|100/100\n|move|p1a: Typhlosion|Fire Blast|p2a: Latios\n|-resisted|p2a: Latios\n|-damage|p2a: Latios|78/100\n|\n|upkeep\n|turn|11\n|inactive|Time left: 300 sec this turn | 300 sec total\n|\n|t:|1783542424\n|move|p2a: Latios|Luster Purge|p1a: Typhlosion\n|-damage|p1a: Typhlosion|74/257\n|move|p1a: Typhlosion|Shadow Ball|p2a: Latios\n|-supereffective|p2a: Latios\n|-damage|p2a: Latios|13/100\n|-unboost|p2a: Latios|spd|1\n|\n|-heal|p1a: Typhlosion|90/257|[from] item: Leftovers\n|upkeep\n|turn|12\n|inactive|Time left: 300 sec this turn | 300 sec total\n|\n|t:|1783542425\n|switch|p1a: Scream Tail|Scream Tail, L84|330/330\n|move|p2a: Latios|Luster Purge|p1a: Scream Tail\n|-resisted|p1a: Scream Tail\n|-damage|p1a: Scream Tail|257/330\n|\n|-heal|p1a: Scream Tail|277/330|[from] item: Leftovers\n|upkeep\n|turn|13\n|inactive|Time left: 300 sec this turn | 300 sec total\n|\n|t:|1783542426\n|switch|p2a: Vivillon|Vivillon-Elegant, L83, F|100/100\n|move|p1a: Scream Tail|Dazzling Gleam|p2a: Vivillon\n|-damage|p2a: Vivillon|65/100\n|\n|-heal|p1a: Scream Tail|297/330|[from] item: Leftovers\n|upkeep\n|turn|14\n|inactive|Time left: 300 sec this turn | 300 sec total\n|\n|t:|1783542427\n|move|p1a: Scream Tail|Thunder Wave|p2a: Vivillon\n|-status|p2a: Vivillon|par\n|cant|p2a: Vivillon|par\n|\n|-heal|p1a: Scream Tail|317/330|[from] item: Leftovers\n|upkeep\n|turn|15\n|inactive|Time left: 300 sec this turn | 300 sec total\n|\n|t:|1783542428\n|move|p1a: Scream Tail|Dazzling Gleam|p2a: Vivillon\n|-damage|p2a: Vivillon|28/100 par\n|move|p2a: Vivillon|Quiver Dance|p2a: Vivillon\n|-boost|p2a: Vivillon|spa|1\n|-boost|p2a: Vivillon|spd|1\n|-boost|p2a: Vivillon|spe|1\n|\n|-heal|p1a: Scream Tail|330/330|[from] item: Leftovers\n|upkeep\n|turn|16\n|inactive|Time left: 300 sec this turn | 300 sec total\n|\n|t:|1783542429\n|move|p1a: Scream Tail|Dazzling Gleam|p2a: Vivillon\n|-damage|p2a: Vivillon|3/100 par\n|cant|p2a: Vivillon|par\n|\n|upkeep\n|turn|17\n|inactive|Time left: 300 sec this turn | 300 sec total\n|\n|t:|1783542429\n|move|p1a: Scream Tail|Dazzling Gleam|p2a: Vivillon\n|-damage|p2a: Vivillon|0 fnt\n|faint|p2a: Vivillon\n|\n|upkeep\n|\n|t:|1783542430\n|switch|p2a: Meowstic|Meowstic-F, L89, F|100/100\n|-activate|p2a: Meowstic|move: Sticky Web\n|-unboost|p2a: Meowstic|spe|1\n|-ability|p2a: Meowstic|Competitive|boost\n|-boost|p2a: Meowstic|spa|2\n|turn|18\n|inactive|Time left: 300 sec this turn | 300 sec total\n|\n|t:|1783542431\n|move|p1a: Scream Tail|Thunder Wave|p2a: Meowstic\n|-status|p2a: Meowstic|par\n|move|p2a: Meowstic|Nasty Plot|p2a: Meowstic\n|-boost|p2a: Meowstic|spa|2\n|\n|upkeep\n|turn|19\n|inactive|Time left: 300 sec this turn | 300 sec total\n|\n|t:|1783542432\n|move|p1a: Scream Tail|Dazzling Gleam|p2a: Meowstic\n|-damage|p2a: Meowstic|76/100 par\n|move|p2a: Meowstic|Alluring Voice|p1a: Scream Tail\n|-damage|p1a: Scream Tail|148/330\n|-damage|p2a: Meowstic|67/100 par|[from] item: Life Orb\n|\n|-heal|p1a: Scream Tail|168/330|[from] item: Leftovers\n|upkeep\n|turn|20\n|inactive|Time left: 300 sec this turn | 300 sec total\n|\n|t:|1783542434\n|move|p1a: Scream Tail|Wish|p1a: Scream Tail\n|move|p2a: Meowstic|Alluring Voice|p1a: Scream Tail\n|-damage|p1a: Scream Tail|0 fnt\n|faint|p1a: Scream Tail\n|-end|p1a: Scream Tail|Protosynthesis|[silent]\n|-damage|p2a: Meowstic|57/100 par|[from] item: Life Orb\n|\n|upkeep\n|inactive|Time left: 300 sec this turn | 300 sec total | 5 sec grace\n|\n|t:|1783542435\n|switch|p1a: Typhlosion|Typhlosion-Hisui, L83, F|90/257\n|turn|21\n|inactive|Time left: 300 sec this turn | 300 sec total\n|\n|t:|1783542435\n|move|p1a: Typhlosion|Shadow Ball|p2a: Meowstic\n|-supereffective|p2a: Meowstic\n|-damage|p2a: Meowstic|0 fnt\n|faint|p2a: Meowstic\n|\n|-heal|p1a: Typhlosion|255/257|[from] move: Wish|[wisher] Scream Tail\n|-heal|p1a: Typhlosion|257/257|[from] item: Leftovers\n|upkeep\n|\n|t:|1783542436\n|switch|p2a: Latios|Latios, L78, M|13/100\n|turn|22\n|inactive|Time left: 300 sec this turn | 300 sec total\n|\n|t:|1783542437\n|move|p2a: Latios|Luster Purge|p1a: Typhlosion\n|-damage|p1a: Typhlosion|95/257\n|move|p1a: Typhlosion|Shadow Ball|p2a: Latios\n|-supereffective|p2a: Latios\n|-damage|p2a: Latios|0 fnt\n|faint|p2a: Latios\n|\n|-heal|p1a: Typhlosion|111/257|[from] item: Leftovers\n|upkeep\n|\n|t:|1783542438\n|switch|p2a: Archaludon|Archaludon, L78, F|100/100\n|-activate|p2a: Archaludon|move: Sticky Web\n|-unboost|p2a: Archaludon|spe|1\n|turn|23\n|inactive|Time left: 300 sec this turn | 300 sec total\n|\n|t:|1783542439\n|-terastallize|p1a: Typhlosion|Ghost\n|move|p1a: Typhlosion|Shadow Ball|p2a: Archaludon\n|-damage|p2a: Archaludon|30/100\n|-unboost|p2a: Archaludon|spd|1\n|-ability|p2a: Archaludon|Stamina|boost\n|-boost|p2a: Archaludon|def|1\n|move|p2a: Archaludon|Thunder Wave|p1a: Typhlosion|[miss]\n|-miss|p2a: Archaludon|p1a: Typhlosion\n|\n|-heal|p1a: Typhlosion|127/257|[from] item: Leftovers\n|-heal|p2a: Archaludon|36/100|[from] item: Leftovers\n|upkeep\n|turn|24\n|inactive|Time left: 300 sec this turn | 300 sec total\n|\n|t:|1783542440\n|move|p1a: Typhlosion|Shadow Ball|p2a: Archaludon\n|-damage|p2a: Archaludon|0 fnt\n|faint|p2a: Archaludon\n|\n|win|p0x2892755", "uploadtime": 1783542440, "views": 0, "rating": 0, "private": 0, "password": null, "_winner": "p0x2892755", "_our_name": "p0x2892755"}