{"id": "battle-gen9randombattle-1776", "formatid": "gen9randombattle", "format": "[Gen 9] Random Battle", "players": ["p0x17766d28", "p0y1776060e"], "log": "|init|battle\n|title|p0x17766d28 vs. p0y1776060e\n|j|\u2606p0x17766d28\n|j|\u2606p0y1776060e\n|t:|1783560590\n|gametype|singles\n|player|p1|p0x17766d28|1|\n|player|p2|p0y1776060e|265|\n|gen|9\n|tier|[Gen 9] Random Battle\n|rule|Species Clause: Limit one of each Pok\u00e9mon\n|rule|HP Percentage Mod: HP is shown in percentages\n|rule|Sleep Clause Mod: Limit one foe put to sleep\n|rule|Illusion Level Mod: Illusion disguises the Pok\u00e9mon's true level\n|\n|t:|1783560590\n|teamsize|p1|6\n|teamsize|p2|6\n|start\n|switch|p1a: Camerupt|Camerupt, L91, M|275/275\n|switch|p2a: Mightyena|Mightyena, L96, F|100/100\n|-ability|p2a: Mightyena|Intimidate|boost\n|-unboost|p1a: Camerupt|atk|1\n|turn|1\n|inactive|Battle timer is ON: inactive players will automatically lose when time's up. (requested by p0x17766d28)\n|inactive|p0y1776060e also wants the timer to be on.\n|\n|t:|1783560591\n|move|p2a: Mightyena|Crunch|p1a: Camerupt\n|-damage|p1a: Camerupt|158/275\n|-unboost|p1a: Camerupt|def|1\n|move|p1a: Camerupt|Stealth Rock|p2a: Mightyena\n|-sidestart|p2: p0y1776060e|move: Stealth Rock\n|\n|-heal|p1a: Camerupt|175/275|[from] item: Leftovers\n|upkeep\n|turn|2\n|inactive|Time left: 300 sec this turn | 300 sec total\n|\n|t:|1783560592\n|switch|p1a: Tauros|Tauros-Paldea-Aqua, L81, M|252/252\n|move|p2a: Mightyena|Crunch|p1a: Tauros\n|-resisted|p1a: Tauros\n|-damage|p1a: Tauros|204/252\n|\n|upkeep\n|turn|3\n|inactive|Time left: 300 sec this turn | 300 sec total\n|\n|t:|1783560593\n|switch|p2a: Ceruledge|Ceruledge, L78, M|100/100\n|move|p1a: Tauros|Bulk Up|p1a: Tauros\n|-boost|p1a: Tauros|atk|1\n|-boost|p1a: Tauros|def|1\n|\n|upkeep\n|turn|4\n|inactive|Time left: 300 sec this turn | 300 sec total\n|\n|t:|1783560594\n|switch|p2a: Hydrapple|Hydrapple, L83, F|100/100\n|-damage|p2a: Hydrapple|88/100|[from] Stealth Rock\n|move|p1a: Tauros|Liquidation|p2a: Hydrapple\n|-resisted|p2a: Hydrapple\n|-crit|p2a: Hydrapple\n|-damage|p2a: Hydrapple|73/100\n|\n|upkeep\n|turn|5\n|inactive|Time left: 300 sec this turn | 300 sec total\n|\n|t:|1783560595\n|move|p1a: Tauros|Substitute|p1a: Tauros\n|-start|p1a: Tauros|Substitute\n|-damage|p1a: Tauros|141/252\n|move|p2a: Hydrapple|Leaf Storm|p1a: Tauros\n|-supereffective|p1a: Tauros\n|-end|p1a: Tauros|Substitute\n|-unboost|p2a: Hydrapple|spa|2\n|\n|upkeep\n|turn|6\n|inactive|Time left: 300 sec this turn | 300 sec total\n|\n|t:|1783560596\n|move|p1a: Tauros|Substitute|p1a: Tauros\n|-start|p1a: Tauros|Substitute\n|-damage|p1a: Tauros|78/252\n|-enditem|p1a: Tauros|Sitrus Berry|[eat]\n|-heal|p1a: Tauros|141/252|[from] item: Sitrus Berry\n|move|p2a: Hydrapple|Leaf Storm|p1a: Tauros\n|-supereffective|p1a: Tauros\n|-end|p1a: Tauros|Substitute\n|-unboost|p2a: Hydrapple|spa|2\n|\n|upkeep\n|turn|7\n|inactive|Time left: 300 sec this turn | 300 sec total\n|\n|t:|1783560597\n|switch|p2a: Volcanion|Volcanion, L79|100/100\n|-damage|p2a: Volcanion|76/100|[from] Stealth Rock\n|move|p1a: Tauros|Close Combat|p2a: Volcanion\n|-damage|p2a: Volcanion|10/100\n|-unboost|p1a: Tauros|def|1\n|-unboost|p1a: Tauros|spd|1\n|\n|-activate|p1a: Tauros|ability: Cud Chew\n|-enditem|p1a: Tauros|Sitrus Berry|[eat]\n|-heal|p1a: Tauros|204/252|[from] item: Sitrus Berry\n|upkeep\n|turn|8\n|inactive|Time left: 300 sec this turn | 300 sec total\n|\n|t:|1783560598\n|move|p1a: Tauros|Close Combat|p2a: Volcanion\n|-damage|p2a: Volcanion|0 fnt\n|-unboost|p1a: Tauros|def|1\n|-unboost|p1a: Tauros|spd|1\n|faint|p2a: Volcanion\n|\n|upkeep\n|\n|t:|1783560599\n|switch|p2a: Hydrapple|Hydrapple, L83, F|100/100\n|-damage|p2a: Hydrapple|88/100|[from] Stealth Rock\n|turn|9\n|inactive|Time left: 300 sec this turn | 300 sec total\n|\n|t:|1783560599\n|switch|p1a: Tornadus|Tornadus-Therian, L79, M|254/254\n|move|p2a: Hydrapple|Fickle Beam|p1a: Tornadus\n|-damage|p1a: Tornadus|185/254\n|\n|upkeep\n|turn|10\n|inactive|Time left: 300 sec this turn | 300 sec total\n|\n|t:|1783560601\n|move|p1a: Tornadus|Bleakwind Storm|p2a: Hydrapple\n|-supereffective|p2a: Hydrapple\n|-damage|p2a: Hydrapple|35/100\n|-unboost|p2a: Hydrapple|spe|1\n|move|p2a: Hydrapple|Fickle Beam|p1a: Tornadus\n|-damage|p1a: Tornadus|113/254\n|\n|upkeep\n|turn|11\n|inactive|Time left: 300 sec this turn | 300 sec total\n|\n|t:|1783560602\n|switch|p2a: Mightyena|Mightyena, L96, F|100/100\n|-damage|p2a: Mightyena|88/100|[from] Stealth Rock\n|-ability|p2a: Mightyena|Intimidate|boost\n|-unboost|p1a: Tornadus|atk|1\n|move|p1a: Tornadus|Bleakwind Storm|p2a: Mightyena\n|-damage|p2a: Mightyena|61/100\n|-unboost|p2a: Mightyena|spe|1\n|\n|upkeep\n|turn|12\n|inactive|Time left: 300 sec this turn | 300 sec total\n|\n|t:|1783560603\n|switch|p1a: Tauros|Tauros-Paldea-Aqua, L81, M|204/252\n|move|p2a: Mightyena|Crunch|p1a: Tauros\n|-resisted|p1a: Tauros\n|-damage|p1a: Tauros|162/252\n|\n|upkeep\n|turn|13\n|inactive|Time left: 300 sec this turn | 300 sec total\n|\n|t:|1783560604\n|switch|p2a: Hydrapple|Hydrapple, L83, F|69/100\n|-damage|p2a: Hydrapple|56/100|[from] Stealth Rock\n|move|p1a: Tauros|Bulk Up|p1a: Tauros\n|-boost|p1a: Tauros|atk|1\n|-boost|p1a: Tauros|def|1\n|\n|upkeep\n|turn|14\n|inactive|Time left: 300 sec this turn | 300 sec total\n|\n|t:|1783560604\n|move|p1a: Tauros|Close Combat|p2a: Hydrapple\n|-damage|p2a: Hydrapple|0 fnt\n|-unboost|p1a: Tauros|def|1\n|-unboost|p1a: Tauros|spd|1\n|faint|p2a: Hydrapple\n|\n|upkeep\n|\n|t:|1783560605\n|switch|p2a: Tauros|Tauros-Paldea-Aqua, L81, M|100/100\n|-damage|p2a: Tauros|95/100|[from] Stealth Rock\n|turn|15\n|inactive|Time left: 300 sec this turn | 300 sec total\n|\n|t:|1783560606\n|move|p2a: Tauros|Bulk Up|p2a: Tauros\n|-boost|p2a: Tauros|atk|1\n|-boost|p2a: Tauros|def|1\n|move|p1a: Tauros|Bulk Up|p1a: Tauros\n|-boost|p1a: Tauros|atk|1\n|-boost|p1a: Tauros|def|1\n|\n|upkeep\n|turn|16\n|inactive|Time left: 300 sec this turn | 300 sec total\n|\n|t:|1783560607\n|move|p1a: Tauros|Close Combat|p2a: Tauros\n|-damage|p2a: Tauros|31/100\n|-unboost|p1a: Tauros|def|1\n|-unboost|p1a: Tauros|spd|1\n|-enditem|p2a: Tauros|Sitrus Berry|[eat]\n|-heal|p2a: Tauros|56/100|[from] item: Sitrus Berry\n|move|p2a: Tauros|Bulk Up|p2a: Tauros\n|-boost|p2a: Tauros|atk|1\n|-boost|p2a: Tauros|def|1\n|\n|upkeep\n|turn|17\n|inactive|Time left: 300 sec this turn | 300 sec total\n|\n|t:|1783560608\n|move|p1a: Tauros|Close Combat|p2a: Tauros\n|-damage|p2a: Tauros|12/100\n|-unboost|p1a: Tauros|def|1\n|-unboost|p1a: Tauros|spd|1\n|move|p2a: Tauros|Close Combat|p1a: Tauros\n|-damage|p1a: Tauros|0 fnt\n|-unboost|p2a: Tauros|def|1\n|-unboost|p2a: Tauros|spd|1\n|faint|p1a: Tauros\n|\n|-activate|p2a: Tauros|ability: Cud Chew\n|-enditem|p2a: Tauros|Sitrus Berry|[eat]\n|-heal|p2a: Tauros|37/100|[from] item: Sitrus Berry\n|upkeep\n|inactive|Time left: 300 sec this turn | 300 sec total | 5 sec grace\n|\n|t:|1783560609\n|switch|p1a: Meowstic|Meowstic-F, L89, F|277/277\n|turn|18\n|inactive|Time left: 300 sec this turn | 300 sec total\n|\n|t:|1783560610\n|switch|p2a: Mightyena|Mightyena, L96, F|61/100\n|-damage|p2a: Mightyena|48/100|[from] Stealth Rock\n|-ability|p2a: Mightyena|Intimidate|boost\n|-unboost|p1a: Meowstic|atk|1\n|-ability|p1a: Meowstic|Competitive|boost\n|-boost|p1a: Meowstic|spa|2\n|move|p1a: Meowstic|Psychic|p2a: Mightyena\n|-immune|p2a: Mightyena\n|\n|upkeep\n|turn|19\n|inactive|Time left: 300 sec this turn | 300 sec total\n|\n|t:|1783560611\n|move|p2a: Mightyena|Sucker Punch|p1a: Meowstic\n|-supereffective|p1a: Meowstic\n|-damage|p1a: Meowstic|91/277\n|move|p1a: Meowstic|Alluring Voice|p2a: Mightyena\n|-supereffective|p2a: Mightyena\n|-damage|p2a: Mightyena|0 fnt\n|faint|p2a: Mightyena\n|-damage|p1a: Meowstic|64/277|[from] item: Life Orb\n|\n|upkeep\n|\n|t:|1783560611\n|switch|p2a: Ceruledge|Ceruledge, L78, M|100/100\n|turn|20\n|inactive|Time left: 300 sec this turn | 300 sec total\n|\n|t:|1783560612\n|move|p2a: Ceruledge|Shadow Sneak|p1a: Meowstic\n|-supereffective|p1a: Meowstic\n|-damage|p1a: Meowstic|0 fnt\n|faint|p1a: Meowstic\n|\n|upkeep\n|inactive|Time left: 300 sec this turn | 300 sec total | 5 sec grace\n|\n|t:|1783560613\n|switch|p1a: Ogerpon|Ogerpon-Wellspring, L76, F|247/247\n|turn|21\n|inactive|Time left: 300 sec this turn | 300 sec total\n|\n|t:|1783560614\n|switch|p2a: Tauros|Tauros-Paldea-Aqua, L81, M|37/100\n|-damage|p2a: Tauros|31/100|[from] Stealth Rock\n|move|p1a: Ogerpon|Ivy Cudgel|p2a: Tauros|[anim] Ivy Cudgel Water\n|-resisted|p2a: Tauros\n|-damage|p2a: Tauros|8/100\n|\n|upkeep\n|turn|22\n|inactive|Time left: 300 sec this turn | 300 sec total\n|\n|t:|1783560615\n|move|p1a: Ogerpon|Ivy Cudgel|p2a: Tauros|[anim] Ivy Cudgel Water\n|-resisted|p2a: Tauros\n|-damage|p2a: Tauros|0 fnt\n|faint|p2a: Tauros\n|\n|upkeep\n|\n|t:|1783560616\n|switch|p2a: Cetitan|Cetitan, L82, F|100/100\n|-damage|p2a: Cetitan|76/100|[from] Stealth Rock\n|turn|23\n|inactive|Time left: 300 sec this turn | 300 sec total\n|\n|t:|1783560617\n|-terastallize|p1a: Ogerpon|Water\n|detailschange|p1a: Ogerpon|Ogerpon-Wellspring-Tera, L76, F, tera:Water\n|-ability|p1a: Ogerpon|Embody Aspect (Wellspring)|boost\n|-boost|p1a: Ogerpon|spd|1\n|move|p1a: Ogerpon|Ivy Cudgel|p2a: Cetitan|[anim] Ivy Cudgel Water\n|-damage|p2a: Cetitan|26/100\n|move|p2a: Cetitan|Icicle Crash|p1a: Ogerpon\n|-resisted|p1a: Ogerpon\n|-damage|p1a: Ogerpon|153/247\n|\n|upkeep\n|turn|24\n|inactive|Time left: 300 sec this turn | 300 sec total\n|\n|t:|1783560618\n|-terastallize|p2a: Cetitan|Water\n|move|p1a: Ogerpon|Ivy Cudgel|p2a: Cetitan|[anim] Ivy Cudgel Water\n|-resisted|p2a: Cetitan\n|-damage|p2a: Cetitan|2/100\n|move|p2a: Cetitan|Superpower|p1a: Ogerpon\n|-damage|p1a: Ogerpon|27/247\n|-unboost|p2a: Cetitan|atk|1\n|-unboost|p2a: Cetitan|def|1\n|-damage|p2a: Cetitan|0 fnt|[from] item: Life Orb\n|faint|p2a: Cetitan\n|\n|upkeep\n|\n|t:|1783560619\n|switch|p2a: Ceruledge|Ceruledge, L78, M|100/100\n|turn|25\n|inactive|Time left: 300 sec this turn | 300 sec total\n|\n|t:|1783560619\n|move|p2a: Ceruledge|Shadow Sneak|p1a: Ogerpon\n|-damage|p1a: Ogerpon|0 fnt\n|faint|p1a: Ogerpon\n|detailschange|p1: Ogerpon|Ogerpon-Wellspring, L76, F|[silent]\n|\n|upkeep\n|inactive|Time left: 300 sec this turn | 300 sec total | 5 sec grace\n|\n|t:|1783560620\n|switch|p1a: Camerupt|Camerupt, L91, M|175/275\n|turn|26\n|inactive|Time left: 300 sec this turn | 300 sec total\n|\n|t:|1783560621\n|move|p2a: Ceruledge|Poltergeist|p1a: Camerupt\n|-activate|p1a: Camerupt|move: Poltergeist|Leftovers\n|-damage|p1a: Camerupt|45/275\n|move|p1a: Camerupt|Earthquake|p2a: Ceruledge\n|-supereffective|p2a: Ceruledge\n|-crit|p2a: Ceruledge\n|-damage|p2a: Ceruledge|0 fnt\n|faint|p2a: Ceruledge\n|\n|win|p0x17766d28", "uploadtime": 1783560621, "views": 0, "rating": 0, "private": 0, "password": null, "_winner": "p0x17766d28", "_our_name": "p0x17766d28"}