{"id": "battle-gen9randombattle-2619", "formatid": "gen9randombattle", "format": "[Gen 9] Random Battle", "players": ["p0x26193fbe", "p0y2619bc6e"], "log": "|init|battle\n|title|p0x26193fbe vs. p0y2619bc6e\n|j|\u2606p0x26193fbe\n|j|\u2606p0y2619bc6e\n|t:|1783569254\n|gametype|singles\n|player|p1|p0x26193fbe|265|\n|player|p2|p0y2619bc6e|265|\n|gen|9\n|tier|[Gen 9] Random Battle\n|rule|Species Clause: Limit one of each Pok\u00e9mon\n|rule|HP Percentage Mod: HP is shown in percentages\n|rule|Sleep Clause Mod: Limit one foe put to sleep\n|rule|Illusion Level Mod: Illusion disguises the Pok\u00e9mon's true level\n|\n|t:|1783569254\n|teamsize|p1|6\n|teamsize|p2|6\n|start\n|switch|p1a: Jumpluff|Jumpluff, L87, M|271/271\n|switch|p2a: Arcanine|Arcanine, L84, F|100/100\n|-ability|p2a: Arcanine|Intimidate|boost\n|-unboost|p1a: Jumpluff|atk|1\n|turn|1\n|inactive|Battle timer is ON: inactive players will automatically lose when time's up. (requested by p0y2619bc6e)\n|inactive|Time left: 300 sec this turn | 300 sec total | 60 sec grace\n|inactive|p0x26193fbe also wants the timer to be on.\n|\n|t:|1783569255\n|switch|p1a: Chandelure|Chandelure, L83, M|235/235\n|move|p2a: Arcanine|Flare Blitz|p1a: Chandelure\n|-start|p1a: Chandelure|ability: Flash Fire\n|\n|upkeep\n|turn|2\n|inactive|Time left: 300 sec this turn | 300 sec total\n|\n|t:|1783569257\n|switch|p2a: Porygon2|Porygon2, L81|100/100\n|-ability|p2a: Porygon2|Download|boost\n|-boost|p2a: Porygon2|spa|1\n|move|p1a: Chandelure|Fire Blast|p2a: Porygon2\n|-damage|p2a: Porygon2|45/100\n|\n|upkeep\n|turn|3\n|inactive|Time left: 300 sec this turn | 300 sec total\n|\n|t:|1783569258\n|switch|p2a: Entei|Entei, L78|100/100\n|move|p1a: Chandelure|Fire Blast|p2a: Entei\n|-resisted|p2a: Entei\n|-damage|p2a: Entei|58/100\n|\n|upkeep\n|turn|4\n|inactive|Time left: 300 sec this turn | 300 sec total\n|\n|t:|1783569259\n|move|p2a: Entei|Stone Edge|p1a: Chandelure|[miss]\n|-miss|p2a: Entei|p1a: Chandelure\n|move|p1a: Chandelure|Fire Blast|p2a: Entei\n|-resisted|p2a: Entei\n|-damage|p2a: Entei|15/100\n|\n|upkeep\n|turn|5\n|inactive|Time left: 300 sec this turn | 300 sec total\n|\n|t:|1783569260\n|-end|p1a: Chandelure|ability: Flash Fire|[silent]\n|switch|p1a: Golurk|Golurk, L87|297/297\n|move|p2a: Entei|Stone Edge|p1a: Golurk\n|-resisted|p1a: Golurk\n|-damage|p1a: Golurk|245/297\n|\n|upkeep\n|turn|6\n|inactive|Time left: 300 sec this turn | 300 sec total\n|\n|t:|1783569261\n|move|p2a: Entei|Stone Edge|p1a: Golurk\n|-resisted|p1a: Golurk\n|-damage|p1a: Golurk|193/297\n|move|p1a: Golurk|Earthquake|p2a: Entei\n|-supereffective|p2a: Entei\n|-damage|p2a: Entei|0 fnt\n|faint|p2a: Entei\n|-damage|p1a: Golurk|164/297|[from] item: Life Orb\n|\n|upkeep\n|\n|t:|1783569262\n|switch|p2a: Falinks|Falinks, L84|100/100\n|turn|7\n|inactive|Time left: 300 sec this turn | 300 sec total\n|\n|t:|1783569263\n|-terastallize|p1a: Golurk|Fighting\n|move|p2a: Falinks|No Retreat|p2a: Falinks\n|-boost|p2a: Falinks|atk|1\n|-boost|p2a: Falinks|def|1\n|-boost|p2a: Falinks|spa|1\n|-boost|p2a: Falinks|spd|1\n|-boost|p2a: Falinks|spe|1\n|-start|p2a: Falinks|move: No Retreat\n|move|p1a: Golurk|Dynamic Punch|p2a: Falinks\n|-damage|p2a: Falinks|60/100\n|-start|p2a: Falinks|confusion\n|-damage|p1a: Golurk|135/297|[from] item: Life Orb\n|\n|upkeep\n|turn|8\n|inactive|Time left: 300 sec this turn | 300 sec total\n|\n|t:|1783569264\n|-activate|p2a: Falinks|confusion\n|move|p2a: Falinks|Close Combat|p1a: Golurk\n|-damage|p1a: Golurk|0 fnt\n|-unboost|p2a: Falinks|def|1\n|-unboost|p2a: Falinks|spd|1\n|faint|p1a: Golurk\n|-damage|p2a: Falinks|50/100|[from] item: Life Orb\n|\n|upkeep\n|inactive|Time left: 300 sec this turn | 300 sec total | 5 sec grace\n|\n|t:|1783569264\n|switch|p1a: Quagsire|Quagsire, L84, M|297/297\n|turn|9\n|inactive|Time left: 300 sec this turn | 300 sec total\n|\n|t:|1783569265\n|-end|p2a: Falinks|confusion\n|move|p2a: Falinks|Close Combat|p1a: Quagsire\n|-damage|p1a: Quagsire|112/297\n|-unboost|p2a: Falinks|def|1\n|-unboost|p2a: Falinks|spd|1\n|-damage|p2a: Falinks|41/100|[from] item: Life Orb\n|move|p1a: Quagsire|Earthquake|p2a: Falinks\n|-damage|p2a: Falinks|4/100\n|\n|-heal|p1a: Quagsire|130/297|[from] item: Leftovers\n|upkeep\n|turn|10\n|inactive|Time left: 300 sec this turn | 300 sec total\n|\n|t:|1783569266\n|switch|p1a: Jumpluff|Jumpluff, L87, M|271/271\n|move|p2a: Falinks|Close Combat|p1a: Jumpluff\n|-resisted|p1a: Jumpluff\n|-damage|p1a: Jumpluff|138/271\n|-unboost|p2a: Falinks|def|1\n|-unboost|p2a: Falinks|spd|1\n|-damage|p2a: Falinks|0 fnt|[from] item: Life Orb\n|faint|p2a: Falinks\n|\n|upkeep\n|\n|t:|1783569267\n|switch|p2a: Porygon2|Porygon2, L81|45/100\n|-ability|p2a: Porygon2|Download|boost\n|-boost|p2a: Porygon2|atk|1\n|turn|11\n|inactive|Time left: 300 sec this turn | 300 sec total\n|\n|t:|1783569268\n|move|p1a: Jumpluff|Strength Sap|p2a: Porygon2\n|-unboost|p2a: Porygon2|atk|1\n|-heal|p1a: Jumpluff|271/271\n|move|p2a: Porygon2|Recover|p2a: Porygon2\n|-heal|p2a: Porygon2|95/100\n|\n|upkeep\n|turn|12\n|inactive|Time left: 300 sec this turn | 300 sec total\n|\n|t:|1783569268\n|move|p1a: Jumpluff|Leech Seed|p2a: Porygon2\n|-start|p2a: Porygon2|move: Leech Seed\n|move|p2a: Porygon2|Thunder Wave|p1a: Jumpluff\n|-status|p1a: Jumpluff|par\n|\n|-damage|p2a: Porygon2|82/100|[from] Leech Seed|[of] p1a: Jumpluff\n|upkeep\n|turn|13\n|inactive|Time left: 300 sec this turn | 300 sec total\n|\n|t:|1783569269\n|switch|p2a: Terrakion|Terrakion, L79|100/100\n|switch|p1a: Quagsire|Quagsire, L84, M|130/297\n|\n|-heal|p1a: Quagsire|148/297|[from] item: Leftovers\n|upkeep\n|turn|14\n|inactive|Time left: 300 sec this turn | 300 sec total\n|\n|t:|1783569270\n|move|p2a: Terrakion|Close Combat|p1a: Quagsire\n|-damage|p1a: Quagsire|0 fnt\n|-unboost|p2a: Terrakion|def|1\n|-unboost|p2a: Terrakion|spd|1\n|faint|p1a: Quagsire\n|-damage|p2a: Terrakion|91/100|[from] item: Life Orb\n|\n|upkeep\n|inactive|Time left: 300 sec this turn | 300 sec total | 5 sec grace\n|\n|t:|1783569270\n|switch|p1a: Raichu|Raichu-Alola, L87, F|246/246\n|turn|15\n|inactive|Time left: 300 sec this turn | 300 sec total\n|\n|t:|1783569271\n|switch|p2a: Shiftry|Shiftry, L89, M|100/100\n|move|p1a: Raichu|Psyshock|p2a: Shiftry\n|-immune|p2a: Shiftry\n|\n|upkeep\n|turn|16\n|inactive|Time left: 300 sec this turn | 300 sec total\n|\n|t:|1783569272\n|switch|p1a: Jumpluff|Jumpluff, L87, M|271/271 par\n|move|p2a: Shiftry|Knock Off|p1a: Jumpluff\n|-damage|p1a: Jumpluff|158/271 par\n|-damage|p2a: Shiftry|91/100|[from] item: Life Orb\n|\n|upkeep\n|turn|17\n|inactive|Time left: 300 sec this turn | 300 sec total\n|\n|t:|1783569273\n|switch|p2a: Terrakion|Terrakion, L79|91/100\n|move|p1a: Jumpluff|Strength Sap|p2a: Terrakion\n|-unboost|p2a: Terrakion|atk|1\n|-heal|p1a: Jumpluff|271/271 par\n|\n|upkeep\n|turn|18\n|inactive|Time left: 300 sec this turn | 300 sec total\n|\n|t:|1783569274\n|move|p2a: Terrakion|Stone Edge|p1a: Jumpluff\n|-supereffective|p1a: Jumpluff\n|-damage|p1a: Jumpluff|42/271 par\n|-damage|p2a: Terrakion|81/100|[from] item: Life Orb\n|move|p1a: Jumpluff|Leech Seed|p2a: Terrakion\n|-start|p2a: Terrakion|move: Leech Seed\n|\n|-damage|p2a: Terrakion|68/100|[from] Leech Seed|[of] p1a: Jumpluff\n|-heal|p1a: Jumpluff|76/271 par|[silent]\n|upkeep\n|turn|19\n|inactive|Time left: 300 sec this turn | 300 sec total\n|\n|t:|1783569275\n|move|p2a: Terrakion|Stone Edge|p1a: Jumpluff\n|-supereffective|p1a: Jumpluff\n|-damage|p1a: Jumpluff|0 fnt\n|faint|p1a: Jumpluff\n|-damage|p2a: Terrakion|58/100|[from] item: Life Orb\n|\n|upkeep\n|inactive|Time left: 300 sec this turn | 300 sec total | 5 sec grace\n|\n|t:|1783569275\n|switch|p1a: Raichu|Raichu-Alola, L87, F|246/246\n|turn|20\n|inactive|Time left: 300 sec this turn | 300 sec total\n|\n|t:|1783569276\n|switch|p2a: Porygon2|Porygon2, L81|82/100\n|-ability|p2a: Porygon2|Download|boost\n|-boost|p2a: Porygon2|atk|1\n|move|p1a: Raichu|Nasty Plot|p1a: Raichu\n|-boost|p1a: Raichu|spa|2\n|\n|upkeep\n|turn|21\n|inactive|Time left: 300 sec this turn | 300 sec total\n|\n|t:|1783569277\n|move|p1a: Raichu|Thunderbolt|p2a: Porygon2\n|-damage|p2a: Porygon2|22/100\n|-status|p2a: Porygon2|par\n|-damage|p1a: Raichu|222/246|[from] item: Life Orb\n|move|p2a: Porygon2|Shadow Ball|p1a: Raichu\n|-supereffective|p1a: Raichu\n|-damage|p1a: Raichu|106/246\n|\n|upkeep\n|turn|22\n|inactive|Time left: 300 sec this turn | 300 sec total\n|\n|t:|1783569278\n|move|p1a: Raichu|Thunderbolt|p2a: Porygon2\n|-damage|p2a: Porygon2|0 fnt\n|faint|p2a: Porygon2\n|-damage|p1a: Raichu|82/246|[from] item: Life Orb\n|\n|upkeep\n|\n|t:|1783569280\n|switch|p2a: Arcanine|Arcanine, L84, F|100/100\n|-ability|p2a: Arcanine|Intimidate|boost\n|-unboost|p1a: Raichu|atk|1\n|turn|23\n|inactive|Time left: 300 sec this turn | 300 sec total\n|\n|t:|1783569280\n|move|p2a: Arcanine|Extreme Speed|p1a: Raichu\n|-damage|p1a: Raichu|0 fnt\n|faint|p1a: Raichu\n|\n|upkeep\n|inactive|Time left: 300 sec this turn | 300 sec total | 5 sec grace\n|\n|t:|1783569282\n|switch|p1a: Chandelure|Chandelure, L83, M|235/235\n|turn|24\n|inactive|Time left: 300 sec this turn | 300 sec total\n|\n|t:|1783569283\n|switch|p2a: Terrakion|Terrakion, L79|58/100\n|move|p1a: Chandelure|Fire Blast|p2a: Terrakion\n|-resisted|p2a: Terrakion\n|-damage|p2a: Terrakion|31/100\n|\n|upkeep\n|turn|25\n|inactive|Time left: 300 sec this turn | 300 sec total\n|\n|t:|1783569284\n|-terastallize|p2a: Terrakion|Ground\n|move|p2a: Terrakion|Earthquake|p1a: Chandelure\n|-supereffective|p1a: Chandelure\n|-damage|p1a: Chandelure|0 fnt\n|faint|p1a: Chandelure\n|-damage|p2a: Terrakion|21/100|[from] item: Life Orb\n|\n|upkeep\n|inactive|Time left: 300 sec this turn | 300 sec total | 5 sec grace\n|\n|t:|1783569285\n|switch|p1a: Talonflame|Talonflame, L83, F|265/265\n|turn|26\n|inactive|Time left: 300 sec this turn | 300 sec total\n|\n|t:|1783569286\n|move|p1a: Talonflame|Brave Bird|p2a: Terrakion\n|-damage|p2a: Terrakion|0 fnt\n|faint|p2a: Terrakion\n|-damage|p1a: Talonflame|247/265|[from] Recoil\n|\n|upkeep\n|\n|t:|1783569286\n|switch|p2a: Shiftry|Shiftry, L89, M|91/100\n|turn|27\n|inactive|Time left: 300 sec this turn | 300 sec total\n|\n|t:|1783569287\n|switch|p2a: Arcanine|Arcanine, L84, F|100/100\n|-ability|p2a: Arcanine|Intimidate|boost\n|-unboost|p1a: Talonflame|atk|1\n|move|p1a: Talonflame|Will-O-Wisp|p2a: Arcanine\n|-immune|p2a: Arcanine\n|\n|upkeep\n|turn|28\n|inactive|Time left: 300 sec this turn | 300 sec total\n|\n|t:|1783569288\n|move|p1a: Talonflame|Roost|p1a: Talonflame\n|-heal|p1a: Talonflame|265/265\n|-singleturn|p1a: Talonflame|move: Roost\n|move|p2a: Arcanine|Flare Blitz|p1a: Talonflame\n|-resisted|p1a: Talonflame\n|-damage|p1a: Talonflame|178/265\n|-damage|p2a: Arcanine|90/100|[from] Recoil\n|\n|upkeep\n|turn|29\n|inactive|Time left: 300 sec this turn | 300 sec total\n|\n|t:|1783569289\n|move|p1a: Talonflame|Roost|p1a: Talonflame\n|-heal|p1a: Talonflame|265/265\n|-singleturn|p1a: Talonflame|move: Roost\n|move|p2a: Arcanine|Flare Blitz|p1a: Talonflame\n|-resisted|p1a: Talonflame\n|-damage|p1a: Talonflame|188/265\n|-damage|p2a: Arcanine|82/100|[from] Recoil\n|\n|upkeep\n|turn|30\n|inactive|Time left: 300 sec this turn | 300 sec total\n|\n|t:|1783569290\n|move|p1a: Talonflame|Roost|p1a: Talonflame\n|-heal|p1a: Talonflame|265/265\n|-singleturn|p1a: Talonflame|move: Roost\n|move|p2a: Arcanine|Flare Blitz|p1a: Talonflame\n|-resisted|p1a: Talonflame\n|-crit|p1a: Talonflame\n|-damage|p1a: Talonflame|135/265\n|-damage|p2a: Arcanine|67/100|[from] Recoil\n|\n|upkeep\n|turn|31\n|inactive|Time left: 300 sec this turn | 300 sec total\n|\n|t:|1783569291\n|move|p1a: Talonflame|Roost|p1a: Talonflame\n|-heal|p1a: Talonflame|265/265\n|-singleturn|p1a: Talonflame|move: Roost\n|move|p2a: Arcanine|Morning Sun|p2a: Arcanine\n|-heal|p2a: Arcanine|100/100\n|\n|upkeep\n|turn|32\n|inactive|Time left: 300 sec this turn | 300 sec total\n|\n|t:|1783569292\n|move|p1a: Talonflame|Brave Bird|p2a: Arcanine\n|-damage|p2a: Arcanine|75/100\n|-damage|p1a: Talonflame|241/265|[from] Recoil\n|move|p2a: Arcanine|Flare Blitz|p1a: Talonflame\n|-resisted|p1a: Talonflame\n|-damage|p1a: Talonflame|157/265\n|-damage|p2a: Arcanine|65/100|[from] Recoil\n|\n|upkeep\n|turn|33\n|inactive|Time left: 300 sec this turn | 300 sec total\n|\n|t:|1783569294\n|move|p1a: Talonflame|Roost|p1a: Talonflame\n|-heal|p1a: Talonflame|265/265\n|-singleturn|p1a: Talonflame|move: Roost\n|move|p2a: Arcanine|Morning Sun|p2a: Arcanine\n|-heal|p2a: Arcanine|100/100\n|\n|upkeep\n|turn|34\n|inactive|Time left: 300 sec this turn | 300 sec total\n|\n|t:|1783569294\n|move|p1a: Talonflame|Brave Bird|p2a: Arcanine\n|-damage|p2a: Arcanine|73/100\n|-damage|p1a: Talonflame|239/265|[from] Recoil\n|move|p2a: Arcanine|Flare Blitz|p1a: Talonflame\n|-resisted|p1a: Talonflame\n|-damage|p1a: Talonflame|154/265\n|-damage|p2a: Arcanine|63/100|[from] Recoil\n|\n|upkeep\n|turn|35\n|inactive|Time left: 300 sec this turn | 300 sec total\n|\n|t:|1783569296\n|move|p1a: Talonflame|Roost|p1a: Talonflame\n|-heal|p1a: Talonflame|265/265\n|-singleturn|p1a: Talonflame|move: Roost\n|move|p2a: Arcanine|Morning Sun|p2a: Arcanine\n|-heal|p2a: Arcanine|100/100\n|\n|upkeep\n|turn|36\n|inactive|Time left: 300 sec this turn | 300 sec total\n|\n|t:|1783569297\n|move|p1a: Talonflame|Brave Bird|p2a: Arcanine\n|-damage|p2a: Arcanine|71/100\n|-damage|p1a: Talonflame|237/265|[from] Recoil\n|move|p2a: Arcanine|Flare Blitz|p1a: Talonflame\n|-resisted|p1a: Talonflame\n|-damage|p1a: Talonflame|151/265\n|-damage|p2a: Arcanine|61/100|[from] Recoil\n|\n|upkeep\n|turn|37\n|inactive|Time left: 300 sec this turn | 300 sec total\n|\n|t:|1783569298\n|move|p1a: Talonflame|Roost|p1a: Talonflame\n|-heal|p1a: Talonflame|265/265\n|-singleturn|p1a: Talonflame|move: Roost\n|move|p2a: Arcanine|Close Combat|p1a: Talonflame\n|-damage|p1a: Talonflame|163/265\n|-unboost|p2a: Arcanine|def|1\n|-unboost|p2a: Arcanine|spd|1\n|\n|upkeep\n|turn|38\n|inactive|Time left: 300 sec this turn | 300 sec total\n|\n|t:|1783569299\n|move|p1a: Talonflame|Roost|p1a: Talonflame\n|-heal|p1a: Talonflame|265/265\n|-singleturn|p1a: Talonflame|move: Roost\n|move|p2a: Arcanine|Flare Blitz|p1a: Talonflame\n|-resisted|p1a: Talonflame\n|-damage|p1a: Talonflame|187/265\n|-damage|p2a: Arcanine|52/100|[from] Recoil\n|\n|upkeep\n|turn|39\n|inactive|Time left: 300 sec this turn | 300 sec total\n|\n|t:|1783569300\n|move|p2a: Arcanine|Extreme Speed|p1a: Talonflame\n|-damage|p1a: Talonflame|115/265\n|move|p1a: Talonflame|Overheat|p2a: Arcanine\n|-resisted|p2a: Arcanine\n|-damage|p2a: Arcanine|22/100\n|-unboost|p1a: Talonflame|spa|2\n|\n|upkeep\n|turn|40\n|inactive|Time left: 300 sec this turn | 300 sec total\n|\n|t:|1783569301\n|move|p2a: Arcanine|Extreme Speed|p1a: Talonflame\n|-crit|p1a: Talonflame\n|-damage|p1a: Talonflame|6/265\n|move|p1a: Talonflame|Overheat|p2a: Arcanine\n|-resisted|p2a: Arcanine\n|-damage|p2a: Arcanine|7/100\n|-unboost|p1a: Talonflame|spa|2\n|\n|upkeep\n|turn|41\n|inactive|Time left: 300 sec this turn | 300 sec total\n|\n|t:|1783569302\n|move|p1a: Talonflame|Will-O-Wisp|p2a: Arcanine|[miss]\n|-miss|p1a: Talonflame|p2a: Arcanine\n|move|p2a: Arcanine|Morning Sun|p2a: Arcanine\n|-heal|p2a: Arcanine|57/100\n|\n|upkeep\n|turn|42\n|inactive|Time left: 300 sec this turn | 300 sec total\n|\n|t:|1783569302\n|move|p1a: Talonflame|Brave Bird|p2a: Arcanine\n|-damage|p2a: Arcanine|15/100\n|-damage|p1a: Talonflame|0 fnt|[from] Recoil\n|faint|p1a: Talonflame\n|\n|win|p0y2619bc6e", "uploadtime": 1783569302, "views": 0, "rating": 0, "private": 0, "password": null, "_winner": "p0y2619bc6e", "_our_name": "p0x26193fbe"}