{"id": "battle-gen9randombattle-273", "formatid": "gen9randombattle", "format": "[Gen 9] Random Battle", "players": ["p0x2730317", "p0y2739a8c"], "log": "|init|battle\n|title|p0x2730317 vs. p0y2739a8c\n|j|\u2606p0x2730317\n|j|\u2606p0y2739a8c\n|t:|1783542760\n|gametype|singles\n|player|p1|p0x2730317|169|\n|player|p2|p0y2739a8c|102|\n|gen|9\n|tier|[Gen 9] Random Battle\n|rule|Species Clause: Limit one of each Pok\u00e9mon\n|rule|HP Percentage Mod: HP is shown in percentages\n|rule|Sleep Clause Mod: Limit one foe put to sleep\n|rule|Illusion Level Mod: Illusion disguises the Pok\u00e9mon's true level\n|\n|t:|1783542760\n|teamsize|p1|6\n|teamsize|p2|6\n|start\n|switch|p1a: Farigiraf|Farigiraf, L90, F|362/362\n|switch|p2a: Pyroar|Pyroar, L88, F|100/100\n|-ability|p2a: Pyroar|Unnerve\n|turn|1\n|inactive|Battle timer is ON: inactive players will automatically lose when time's up. (requested by p0y2739a8c)\n|inactive|Time left: 300 sec this turn | 300 sec total | 60 sec grace\n|inactive|p0x2730317 also wants the timer to be on.\n|\n|t:|1783542761\n|move|p2a: Pyroar|Work Up|p2a: Pyroar\n|-boost|p2a: Pyroar|atk|1\n|-boost|p2a: Pyroar|spa|1\n|move|p1a: Farigiraf|Body Slam|p2a: Pyroar\n|-damage|p2a: Pyroar|60/100\n|\n|upkeep\n|turn|2\n|inactive|Time left: 300 sec this turn | 300 sec total\n|\n|t:|1783542762\n|move|p2a: Pyroar|Fire Blast|p1a: Farigiraf\n|-damage|p1a: Farigiraf|146/362\n|move|p1a: Farigiraf|Psychic Noise|p2a: Pyroar\n|-damage|p2a: Pyroar|19/100\n|-start|p2a: Pyroar|move: Heal Block\n|\n|-heal|p1a: Farigiraf|168/362|[from] item: Leftovers\n|upkeep\n|turn|3\n|inactive|Time left: 300 sec this turn | 300 sec total\n|\n|t:|1783542763\n|move|p1a: Farigiraf|Protect|p1a: Farigiraf\n|-singleturn|p1a: Farigiraf|Protect\n|move|p2a: Pyroar|Fire Blast|p1a: Farigiraf\n|-activate|p1a: Farigiraf|move: Protect\n|\n|-heal|p1a: Farigiraf|190/362|[from] item: Leftovers\n|-end|p2a: Pyroar|move: Heal Block\n|upkeep\n|turn|4\n|inactive|Time left: 300 sec this turn | 300 sec total\n|\n|t:|1783542764\n|switch|p1a: Azumarill|Azumarill, L82, F|298/298\n|move|p2a: Pyroar|Fire Blast|p1a: Azumarill\n|-resisted|p1a: Azumarill\n|-damage|p1a: Azumarill|178/298\n|\n|upkeep\n|turn|5\n|inactive|Time left: 300 sec this turn | 300 sec total\n|\n|t:|1783542765\n|move|p1a: Azumarill|Aqua Jet|p2a: Pyroar\n|-supereffective|p2a: Pyroar\n|-damage|p2a: Pyroar|0 fnt\n|faint|p2a: Pyroar\n|\n|upkeep\n|\n|t:|1783542766\n|switch|p2a: Baxcalibur|Baxcalibur, L75, F|100/100\n|turn|6\n|inactive|Time left: 300 sec this turn | 300 sec total\n|\n|t:|1783542767\n|move|p1a: Azumarill|Aqua Jet|p2a: Baxcalibur\n|-resisted|p2a: Baxcalibur\n|-damage|p2a: Baxcalibur|87/100\n|move|p2a: Baxcalibur|Swords Dance|p2a: Baxcalibur\n|-boost|p2a: Baxcalibur|atk|2\n|\n|upkeep\n|turn|7\n|inactive|Time left: 300 sec this turn | 300 sec total\n|\n|t:|1783542768\n|move|p1a: Azumarill|Aqua Jet|p2a: Baxcalibur\n|-resisted|p2a: Baxcalibur\n|-damage|p2a: Baxcalibur|72/100\n|move|p2a: Baxcalibur|Earthquake|p1a: Azumarill\n|-damage|p1a: Azumarill|0 fnt\n|faint|p1a: Azumarill\n|\n|upkeep\n|inactive|Time left: 300 sec this turn | 300 sec total | 5 sec grace\n|\n|t:|1783542769\n|switch|p1a: Mimikyu|Mimikyu, L79, M|216/216\n|turn|8\n|inactive|Time left: 300 sec this turn | 300 sec total\n|\n|t:|1783542770\n|move|p1a: Mimikyu|Play Rough|p2a: Baxcalibur\n|-supereffective|p2a: Baxcalibur\n|-damage|p2a: Baxcalibur|0 fnt\n|faint|p2a: Baxcalibur\n|-damage|p1a: Mimikyu|195/216|[from] item: Life Orb\n|\n|upkeep\n|\n|t:|1783542771\n|switch|p2a: Skuntank|Skuntank, L84, M|100/100\n|turn|9\n|inactive|Time left: 300 sec this turn | 300 sec total\n|\n|t:|1783542772\n|move|p1a: Mimikyu|Swords Dance|p1a: Mimikyu\n|-boost|p1a: Mimikyu|atk|2\n|move|p2a: Skuntank|Knock Off|p1a: Mimikyu\n|-activate|p1a: Mimikyu|ability: Disguise\n|-damage|p1a: Mimikyu|195/216\n|-enditem|p1a: Mimikyu|Life Orb|[from] move: Knock Off|[of] p2a: Skuntank\n|detailschange|p1a: Mimikyu|Mimikyu-Busted, L79, M\n|-damage|p1a: Mimikyu|168/216|[from] pokemon: Mimikyu-Busted\n|-damage|p2a: Skuntank|90/100|[from] item: Life Orb\n|\n|upkeep\n|turn|10\n|inactive|Time left: 300 sec this turn | 300 sec total\n|\n|t:|1783542774\n|move|p1a: Mimikyu|Play Rough|p2a: Skuntank\n|-damage|p2a: Skuntank|27/100\n|move|p2a: Skuntank|Gunk Shot|p1a: Mimikyu\n|-damage|p1a: Mimikyu|0 fnt\n|faint|p1a: Mimikyu\n|-damage|p2a: Skuntank|17/100|[from] item: Life Orb\n|\n|upkeep\n|inactive|Time left: 300 sec this turn | 300 sec total | 5 sec grace\n|\n|t:|1783542775\n|switch|p1a: Hawlucha|Hawlucha, L80, F|256/256\n|turn|11\n|inactive|Time left: 300 sec this turn | 300 sec total\n|\n|t:|1783542776\n|move|p1a: Hawlucha|Swords Dance|p1a: Hawlucha\n|-boost|p1a: Hawlucha|atk|2\n|move|p2a: Skuntank|Gunk Shot|p1a: Hawlucha|[miss]\n|-miss|p2a: Skuntank|p1a: Hawlucha\n|\n|upkeep\n|turn|12\n|inactive|Time left: 300 sec this turn | 300 sec total\n|\n|t:|1783542777\n|move|p1a: Hawlucha|Brave Bird|p2a: Skuntank\n|-damage|p2a: Skuntank|0 fnt\n|-damage|p1a: Hawlucha|192/256|[from] ability: Aftermath|[of] p2a: Skuntank\n|faint|p2a: Skuntank\n|-damage|p1a: Hawlucha|175/256|[from] Recoil\n|\n|upkeep\n|\n|t:|1783542778\n|switch|p2a: Hoopa|Hoopa, L85|100/100\n|turn|13\n|inactive|Time left: 300 sec this turn | 300 sec total\n|\n|t:|1783542779\n|move|p2a: Hoopa|Psychic|p1a: Hawlucha\n|-supereffective|p1a: Hawlucha\n|-damage|p1a: Hawlucha|0 fnt\n|faint|p1a: Hawlucha\n|\n|upkeep\n|inactive|Time left: 300 sec this turn | 300 sec total | 5 sec grace\n|\n|t:|1783542780\n|switch|p1a: Urshifu|Urshifu, L74, F|270/270\n|turn|14\n|inactive|Time left: 300 sec this turn | 300 sec total\n|\n|t:|1783542781\n|switch|p2a: Iron Jugulis|Iron Jugulis, L77|100/100\n|move|p1a: Urshifu|Swords Dance|p1a: Urshifu\n|-boost|p1a: Urshifu|atk|2\n|\n|upkeep\n|turn|15\n|inactive|Time left: 300 sec this turn | 300 sec total\n|\n|t:|1783542782\n|move|p2a: Iron Jugulis|Hurricane|p1a: Urshifu\n|-supereffective|p1a: Urshifu\n|-damage|p1a: Urshifu|0 fnt\n|faint|p1a: Urshifu\n|\n|upkeep\n|inactive|Time left: 300 sec this turn | 300 sec total | 5 sec grace\n|\n|t:|1783542783\n|switch|p1a: Farigiraf|Farigiraf, L90, F|190/362\n|turn|16\n|inactive|Time left: 300 sec this turn | 300 sec total\n|\n|t:|1783542784\n|move|p1a: Farigiraf|Protect|p1a: Farigiraf\n|-singleturn|p1a: Farigiraf|Protect\n|move|p2a: Iron Jugulis|Hurricane|p1a: Farigiraf\n|-activate|p1a: Farigiraf|move: Protect\n|\n|-heal|p1a: Farigiraf|212/362|[from] item: Leftovers\n|upkeep\n|turn|17\n|inactive|Time left: 300 sec this turn | 300 sec total\n|\n|t:|1783542785\n|move|p2a: Iron Jugulis|Hurricane|p1a: Farigiraf\n|-damage|p1a: Farigiraf|7/362\n|move|p1a: Farigiraf|Body Slam|p2a: Iron Jugulis\n|-damage|p2a: Iron Jugulis|62/100\n|\n|-heal|p1a: Farigiraf|29/362|[from] item: Leftovers\n|upkeep\n|turn|18\n|inactive|Time left: 300 sec this turn | 300 sec total\n|\n|t:|1783542786\n|move|p1a: Farigiraf|Protect|p1a: Farigiraf\n|-singleturn|p1a: Farigiraf|Protect\n|move|p2a: Iron Jugulis|Hurricane|p1a: Farigiraf\n|-activate|p1a: Farigiraf|move: Protect\n|\n|-heal|p1a: Farigiraf|51/362|[from] item: Leftovers\n|upkeep\n|turn|19\n|inactive|Time left: 300 sec this turn | 300 sec total\n|\n|t:|1783542787\n|move|p2a: Iron Jugulis|Hurricane|p1a: Farigiraf\n|-damage|p1a: Farigiraf|0 fnt\n|faint|p1a: Farigiraf\n|\n|upkeep\n|inactive|Time left: 300 sec this turn | 300 sec total | 5 sec grace\n|\n|t:|1783542788\n|switch|p1a: Seviper|Seviper, L93, M|287/287\n|turn|20\n|inactive|Time left: 300 sec this turn | 300 sec total\n|\n|t:|1783542789\n|move|p2a: Iron Jugulis|Hurricane|p1a: Seviper|[miss]\n|-miss|p2a: Iron Jugulis|p1a: Seviper\n|move|p1a: Seviper|Glare|p2a: Iron Jugulis\n|-status|p2a: Iron Jugulis|par\n|\n|upkeep\n|turn|21\n|inactive|Time left: 300 sec this turn | 300 sec total\n|\n|t:|1783542790\n|move|p1a: Seviper|Flamethrower|p2a: Iron Jugulis\n|-damage|p2a: Iron Jugulis|17/100 par\n|-damage|p1a: Seviper|259/287|[from] item: Life Orb\n|move|p2a: Iron Jugulis|Hurricane|p1a: Seviper|[miss]\n|-miss|p2a: Iron Jugulis|p1a: Seviper\n|\n|upkeep\n|turn|22\n|inactive|Time left: 300 sec this turn | 300 sec total\n|\n|t:|1783542792\n|move|p1a: Seviper|Flamethrower|p2a: Iron Jugulis\n|-damage|p2a: Iron Jugulis|0 fnt\n|faint|p2a: Iron Jugulis\n|-end|p2a: Iron Jugulis|Quark Drive|[silent]\n|-damage|p1a: Seviper|231/287|[from] item: Life Orb\n|\n|upkeep\n|\n|t:|1783542793\n|switch|p2a: Hoopa|Hoopa, L85|100/100\n|turn|23\n|inactive|Time left: 300 sec this turn | 300 sec total\n|\n|t:|1783542794\n|-terastallize|p1a: Seviper|Dark\n|move|p2a: Hoopa|Psychic|p1a: Seviper\n|-immune|p1a: Seviper\n|move|p1a: Seviper|Glare|p2a: Hoopa\n|-status|p2a: Hoopa|par\n|\n|upkeep\n|turn|24\n|inactive|Time left: 300 sec this turn | 300 sec total\n|\n|t:|1783542795\n|switch|p2a: Latias|Latias, L79, F|100/100\n|move|p1a: Seviper|Gunk Shot|p2a: Latias\n|-damage|p2a: Latias|9/100\n|-damage|p1a: Seviper|203/287|[from] item: Life Orb\n|\n|upkeep\n|turn|25\n|inactive|Time left: 300 sec this turn | 300 sec total\n|\n|t:|1783542797\n|move|p2a: Latias|Draco Meteor|p1a: Seviper\n|-damage|p1a: Seviper|14/287\n|-unboost|p2a: Latias|spa|2\n|move|p1a: Seviper|Glare|p2a: Latias\n|-status|p2a: Latias|par\n|\n|upkeep\n|turn|26\n|inactive|Time left: 300 sec this turn | 300 sec total\n|\n|t:|1783542798\n|switch|p2a: Hoopa|Hoopa, L85|100/100 par\n|move|p1a: Seviper|Glare|p2a: Hoopa\n|-fail|p2a: Hoopa|par\n|\n|upkeep\n|turn|27\n|inactive|Time left: 300 sec this turn | 300 sec total\n|\n|t:|1783542799\n|move|p1a: Seviper|Glare|p2a: Hoopa\n|-fail|p2a: Hoopa|par\n|move|p2a: Hoopa|Focus Blast|p1a: Seviper|[miss]\n|-miss|p2a: Hoopa|p1a: Seviper\n|\n|upkeep\n|turn|28\n|inactive|Time left: 300 sec this turn | 300 sec total\n|\n|t:|1783542800\n|-terastallize|p2a: Hoopa|Fighting\n|move|p1a: Seviper|Glare|p2a: Hoopa\n|-fail|p2a: Hoopa|par\n|move|p2a: Hoopa|Focus Blast|p1a: Seviper\n|-supereffective|p1a: Seviper\n|-damage|p1a: Seviper|0 fnt\n|faint|p1a: Seviper\n|\n|win|p0y2739a8c", "uploadtime": 1783542800, "views": 0, "rating": 0, "private": 0, "password": null, "_winner": "p0y2739a8c", "_our_name": "p0x2730317"}