{"id": "battle-gen9randombattle-1245", "formatid": "gen9randombattle", "format": "[Gen 9] Random Battle", "players": ["p0x1245e40d", "p0y12459550"], "log": "|init|battle\n|title|p0x1245e40d vs. p0y12459550\n|j|\u2606p0x1245e40d\n|j|\u2606p0y12459550\n|t:|1783553556\n|gametype|singles\n|player|p1|p0x1245e40d|2|\n|player|p2|p0y12459550|102|\n|gen|9\n|tier|[Gen 9] Random Battle\n|rule|Species Clause: Limit one of each Pok\u00e9mon\n|rule|HP Percentage Mod: HP is shown in percentages\n|rule|Sleep Clause Mod: Limit one foe put to sleep\n|rule|Illusion Level Mod: Illusion disguises the Pok\u00e9mon's true level\n|\n|t:|1783553556\n|teamsize|p1|6\n|teamsize|p2|6\n|start\n|switch|p1a: Minior|Minior-Yellow, L79|224/224\n|switch|p2a: Florges|Florges-Orange, L85, F|100/100\n|-formechange|p1a: Minior|Minior-Meteor||[from] ability: Shields Down\n|turn|1\n|inactive|Battle timer is ON: inactive players will automatically lose when time's up. (requested by p0x1245e40d)\n|\n|t:|1783553557\n|move|p2a: Florges|Moonblast|p1a: Minior\n|-damage|p1a: Minior|113/224\n|move|p1a: Minior|Shell Smash|p1a: Minior\n|-unboost|p1a: Minior|def|1\n|-unboost|p1a: Minior|spd|1\n|-boost|p1a: Minior|atk|2\n|-boost|p1a: Minior|spa|2\n|-boost|p1a: Minior|spe|2\n|-enditem|p1a: Minior|White Herb\n|-clearnegativeboost|p1a: Minior|[silent]\n|\n|upkeep\n|turn|2\n|inactive|Time left: 300 sec this turn | 300 sec total\n|inactive|p0y12459550 also wants the timer to be on.\n|\n|t:|1783553558\n|move|p1a: Minior|Acrobatics|p2a: Florges\n|-damage|p2a: Florges|39/100\n|move|p2a: Florges|Moonblast|p1a: Minior\n|-damage|p1a: Minior|5/224\n|-unboost|p1a: Minior|spa|1\n|\n|-heal|p2a: Florges|45/100|[from] item: Leftovers\n|-formechange|p1a: Minior|Minior-Yellow||[from] ability: Shields Down\n|upkeep\n|turn|3\n|inactive|Time left: 300 sec this turn | 300 sec total\n|\n|t:|1783553559\n|move|p1a: Minior|Acrobatics|p2a: Florges\n|-damage|p2a: Florges|0 fnt\n|faint|p2a: Florges\n|\n|upkeep\n|\n|t:|1783553560\n|switch|p2a: Braviary|Braviary-Hisui, L85, M|100/100\n|turn|4\n|inactive|Time left: 300 sec this turn | 300 sec total\n|\n|t:|1783553561\n|move|p2a: Braviary|Vacuum Wave|p1a: Minior\n|-damage|p1a: Minior|0 fnt\n|faint|p1a: Minior\n|\n|upkeep\n|inactive|Time left: 300 sec this turn | 300 sec total | 5 sec grace\n|\n|t:|1783553562\n|switch|p1a: Iron Crown|Iron Crown, L78|268/268\n|turn|5\n|inactive|Time left: 300 sec this turn | 300 sec total\n|\n|t:|1783553563\n|switch|p2a: Vikavolt|Vikavolt, L83, F|100/100\n|move|p1a: Iron Crown|Tachyon Cutter|p2a: Vikavolt\n|-resisted|p2a: Vikavolt\n|-damage|p2a: Vikavolt|84/100\n|-resisted|p2a: Vikavolt\n|-damage|p2a: Vikavolt|67/100\n|-hitcount|p2a: Vikavolt|2\n|\n|upkeep\n|turn|6\n|inactive|Time left: 300 sec this turn | 300 sec total\n|\n|t:|1783553564\n|move|p1a: Iron Crown|Tachyon Cutter|p2a: Vikavolt\n|-resisted|p2a: Vikavolt\n|-damage|p2a: Vikavolt|48/100\n|-resisted|p2a: Vikavolt\n|-damage|p2a: Vikavolt|31/100\n|-hitcount|p2a: Vikavolt|2\n|move|p2a: Vikavolt|Sticky Web|p1a: Iron Crown\n|-sidestart|p1: p0x1245e40d|move: Sticky Web\n|\n|upkeep\n|turn|7\n|inactive|Time left: 300 sec this turn | 300 sec total\n|\n|t:|1783553565\n|move|p1a: Iron Crown|Tachyon Cutter|p2a: Vikavolt\n|-resisted|p2a: Vikavolt\n|-damage|p2a: Vikavolt|15/100\n|-resisted|p2a: Vikavolt\n|-damage|p2a: Vikavolt|0 fnt\n|faint|p2a: Vikavolt\n|-hitcount|p2: Vikavolt|2\n|\n|upkeep\n|\n|t:|1783553566\n|switch|p2a: Virizion|Virizion, L82|100/100\n|turn|8\n|inactive|Time left: 300 sec this turn | 300 sec total\n|\n|t:|1783553567\n|move|p2a: Virizion|Swords Dance|p2a: Virizion\n|-boost|p2a: Virizion|atk|2\n|move|p1a: Iron Crown|Tachyon Cutter|p2a: Virizion\n|-damage|p2a: Virizion|77/100\n|-damage|p2a: Virizion|56/100\n|-hitcount|p2a: Virizion|2\n|\n|upkeep\n|turn|9\n|inactive|Time left: 300 sec this turn | 300 sec total\n|\n|t:|1783553568\n|-end|p1a: Iron Crown|Quark Drive|[silent]\n|switch|p1a: Okidogi|Okidogi, L77, M|262/262\n|-activate|p1a: Okidogi|move: Sticky Web\n|-unboost|p1a: Okidogi|spe|1\n|move|p2a: Virizion|Close Combat|p1a: Okidogi\n|-resisted|p1a: Okidogi\n|-damage|p1a: Okidogi|124/262\n|-unboost|p2a: Virizion|def|1\n|-unboost|p2a: Virizion|spd|1\n|-damage|p2a: Virizion|46/100|[from] item: Life Orb\n|\n|upkeep\n|turn|10\n|inactive|Time left: 300 sec this turn | 300 sec total\n|\n|t:|1783553570\n|move|p2a: Virizion|Close Combat|p1a: Okidogi\n|-resisted|p1a: Okidogi\n|-damage|p1a: Okidogi|4/262\n|-unboost|p2a: Virizion|def|1\n|-unboost|p2a: Virizion|spd|1\n|-damage|p2a: Virizion|37/100|[from] item: Life Orb\n|move|p1a: Okidogi|Drain Punch|p2a: Virizion\n|-damage|p2a: Virizion|0 fnt\n|-heal|p1a: Okidogi|55/262|[from] drain|[of] p2a: Virizion\n|faint|p2a: Virizion\n|\n|upkeep\n|\n|t:|1783553571\n|switch|p2a: Braviary|Braviary-Hisui, L85, M|100/100\n|turn|11\n|inactive|Time left: 300 sec this turn | 300 sec total\n|\n|t:|1783553572\n|move|p2a: Braviary|Esper Wing|p1a: Okidogi\n|-supereffective|p1a: Okidogi\n|-damage|p1a: Okidogi|0 fnt\n|-boost|p2a: Braviary|spe|1\n|faint|p1a: Okidogi\n|\n|upkeep\n|inactive|Time left: 300 sec this turn | 300 sec total | 5 sec grace\n|\n|t:|1783553573\n|switch|p1a: Iron Crown|Iron Crown, L78|268/268\n|-activate|p1a: Iron Crown|move: Sticky Web\n|-unboost|p1a: Iron Crown|spe|1\n|turn|12\n|inactive|Time left: 300 sec this turn | 300 sec total\n|\n|t:|1783553574\n|move|p2a: Braviary|Esper Wing|p1a: Iron Crown\n|-resisted|p1a: Iron Crown\n|-damage|p1a: Iron Crown|206/268\n|-boost|p2a: Braviary|spe|1\n|move|p1a: Iron Crown|Tachyon Cutter|p2a: Braviary\n|-damage|p2a: Braviary|71/100\n|-damage|p2a: Braviary|40/100\n|-hitcount|p2a: Braviary|2\n|\n|upkeep\n|turn|13\n|inactive|Time left: 300 sec this turn | 300 sec total\n|\n|t:|1783553575\n|move|p2a: Braviary|Esper Wing|p1a: Iron Crown\n|-resisted|p1a: Iron Crown\n|-damage|p1a: Iron Crown|140/268\n|-boost|p2a: Braviary|spe|1\n|move|p1a: Iron Crown|Tachyon Cutter|p2a: Braviary\n|-damage|p2a: Braviary|11/100\n|-damage|p2a: Braviary|0 fnt\n|faint|p2a: Braviary\n|-hitcount|p2: Braviary|2\n|\n|upkeep\n|\n|t:|1783553576\n|switch|p2a: Kleavor|Kleavor, L78, M|100/100\n|turn|14\n|inactive|Time left: 300 sec this turn | 300 sec total\n|\n|t:|1783553577\n|-terastallize|p1a: Iron Crown|Fighting\n|move|p2a: Kleavor|X-Scissor|p1a: Iron Crown\n|-resisted|p1a: Iron Crown\n|-damage|p1a: Iron Crown|74/268\n|move|p1a: Iron Crown|Tachyon Cutter|p2a: Kleavor\n|-supereffective|p2a: Kleavor\n|-damage|p2a: Kleavor|9/100\n|-supereffective|p2a: Kleavor\n|-damage|p2a: Kleavor|0 fnt\n|faint|p2a: Kleavor\n|-hitcount|p2: Kleavor|2\n|\n|upkeep\n|\n|t:|1783553578\n|switch|p2a: Sneasler|Sneasler, L74, M|100/100\n|turn|15\n|inactive|Time left: 300 sec this turn | 300 sec total\n|\n|t:|1783553579\n|move|p2a: Sneasler|Dire Claw|p1a: Iron Crown\n|-damage|p1a: Iron Crown|0 fnt\n|faint|p1a: Iron Crown\n|-end|p1a: Iron Crown|Quark Drive|[silent]\n|\n|upkeep\n|inactive|Time left: 300 sec this turn | 300 sec total | 5 sec grace\n|\n|t:|1783553580\n|switch|p1a: Annihilape|Annihilape, L76, F|292/292\n|-activate|p1a: Annihilape|move: Sticky Web\n|-unboost|p1a: Annihilape|spe|1\n|-ability|p1a: Annihilape|Defiant|boost\n|-boost|p1a: Annihilape|atk|2\n|turn|16\n|inactive|Time left: 300 sec this turn | 300 sec total\n|\n|t:|1783553581\n|move|p2a: Sneasler|Swords Dance|p2a: Sneasler\n|-boost|p2a: Sneasler|atk|2\n|move|p1a: Annihilape|Rage Fist|p2a: Sneasler\n|-damage|p2a: Sneasler|41/100\n|\n|upkeep\n|turn|17\n|inactive|Time left: 300 sec this turn | 300 sec total\n|\n|t:|1783553582\n|-terastallize|p2a: Sneasler|Flying\n|move|p2a: Sneasler|Acrobatics|p1a: Annihilape\n|-supereffective|p1a: Annihilape\n|-damage|p1a: Annihilape|14/292\n|move|p1a: Annihilape|Rage Fist|p2a: Sneasler\n|-damage|p2a: Sneasler|0 fnt\n|faint|p2a: Sneasler\n|\n|win|p0x1245e40d", "uploadtime": 1783553582, "views": 0, "rating": 0, "private": 0, "password": null, "_winner": "p0x1245e40d", "_our_name": "p0x1245e40d"}