{"id": "battle-gen9randombattle-545", "formatid": "gen9randombattle", "format": "[Gen 9] Random Battle", "players": ["p0x5456621", "p0y545242e"], "log": "|init|battle\n|title|p0x5456621 vs. p0y545242e\n|j|\u2606p0x5456621\n|j|\u2606p0y545242e\n|t:|1783545397\n|gametype|singles\n|player|p1|p0x5456621|265|\n|player|p2|p0y545242e|170|\n|gen|9\n|tier|[Gen 9] Random Battle\n|rule|Species Clause: Limit one of each Pok\u00e9mon\n|rule|HP Percentage Mod: HP is shown in percentages\n|rule|Sleep Clause Mod: Limit one foe put to sleep\n|rule|Illusion Level Mod: Illusion disguises the Pok\u00e9mon's true level\n|\n|t:|1783545397\n|teamsize|p1|6\n|teamsize|p2|6\n|start\n|switch|p1a: Slaking|Slaking, L84, M|100/100\n|switch|p2a: Infernape|Infernape, L82, F|259/259\n|turn|1\n|inactive|Battle timer is ON: inactive players will automatically lose when time's up. (requested by p0y545242e)\n|\n|t:|1783545398\n|switch|p2a: Mimikyu|Mimikyu, L79, M|216/216\n|move|p1a: Slaking|Giga Impact|p2a: Mimikyu\n|-immune|p2a: Mimikyu\n|\n|upkeep\n|turn|2\n|inactive|Time left: 300 sec this turn | 300 sec total\n|inactive|p0x5456621 also wants the timer to be on.\n|\n|t:|1783545400\n|cant|p1a: Slaking|ability: Truant\n|move|p2a: Mimikyu|Swords Dance|p2a: Mimikyu\n|-boost|p2a: Mimikyu|atk|2\n|\n|upkeep\n|turn|3\n|inactive|Time left: 300 sec this turn | 300 sec total\n|\n|t:|1783545401\n|move|p1a: Slaking|Giga Impact|p2a: Mimikyu\n|-immune|p2a: Mimikyu\n|move|p2a: Mimikyu|Swords Dance|p2a: Mimikyu\n|-boost|p2a: Mimikyu|atk|2\n|\n|upkeep\n|turn|4\n|inactive|Time left: 300 sec this turn | 300 sec total\n|\n|t:|1783545402\n|cant|p1a: Slaking|ability: Truant\n|move|p2a: Mimikyu|Play Rough|p1a: Slaking|[miss]\n|-miss|p2a: Mimikyu|p1a: Slaking\n|\n|upkeep\n|turn|5\n|inactive|Time left: 300 sec this turn | 300 sec total\n|\n|t:|1783545403\n|move|p1a: Slaking|Giga Impact|p2a: Mimikyu\n|-immune|p2a: Mimikyu\n|move|p2a: Mimikyu|Play Rough|p1a: Slaking\n|-damage|p1a: Slaking|30/100\n|-damage|p2a: Mimikyu|195/216|[from] item: Life Orb\n|\n|upkeep\n|turn|6\n|inactive|Time left: 300 sec this turn | 300 sec total\n|\n|t:|1783545404\n|cant|p1a: Slaking|ability: Truant\n|move|p2a: Mimikyu|Play Rough|p1a: Slaking\n|-damage|p1a: Slaking|0 fnt\n|faint|p1a: Slaking\n|-damage|p2a: Mimikyu|174/216|[from] item: Life Orb\n|\n|upkeep\n|\n|t:|1783545404\n|switch|p1a: Qwilfish|Qwilfish, L86, M|100/100\n|-ability|p1a: Qwilfish|Intimidate|boost\n|-unboost|p2a: Mimikyu|atk|1\n|turn|7\n|inactive|Time left: 300 sec this turn | 300 sec total\n|\n|t:|1783545406\n|move|p2a: Mimikyu|Play Rough|p1a: Qwilfish\n|-resisted|p1a: Qwilfish\n|-damage|p1a: Qwilfish|48/100\n|-unboost|p1a: Qwilfish|atk|1\n|-damage|p2a: Mimikyu|153/216|[from] item: Life Orb\n|move|p1a: Qwilfish|Gunk Shot|p2a: Mimikyu\n|-activate|p2a: Mimikyu|ability: Disguise\n|-damage|p2a: Mimikyu|153/216\n|detailschange|p2a: Mimikyu|Mimikyu-Busted, L79, M\n|-damage|p2a: Mimikyu|126/216|[from] pokemon: Mimikyu-Busted\n|\n|upkeep\n|turn|8\n|inactive|Time left: 300 sec this turn | 300 sec total\n|\n|t:|1783545406\n|move|p2a: Mimikyu|Play Rough|p1a: Qwilfish\n|-resisted|p1a: Qwilfish\n|-damage|p1a: Qwilfish|0 fnt\n|faint|p1a: Qwilfish\n|-damage|p2a: Mimikyu|105/216|[from] item: Life Orb\n|\n|upkeep\n|\n|t:|1783545408\n|switch|p1a: Iron Moth|Iron Moth, L78|100/100\n|turn|9\n|inactive|Time left: 300 sec this turn | 300 sec total\n|\n|t:|1783545409\n|move|p2a: Mimikyu|Shadow Sneak|p1a: Iron Moth\n|-damage|p1a: Iron Moth|35/100\n|-damage|p2a: Mimikyu|84/216|[from] item: Life Orb\n|move|p1a: Iron Moth|Fire Blast|p2a: Mimikyu\n|-damage|p2a: Mimikyu|0 fnt\n|faint|p2a: Mimikyu\n|\n|upkeep\n|inactive|Time left: 300 sec this turn | 300 sec total | 5 sec grace\n|\n|t:|1783545410\n|switch|p2a: Conkeldurr|Conkeldurr, L80, F|299/299\n|turn|10\n|inactive|Time left: 300 sec this turn | 300 sec total\n|\n|t:|1783545410\n|-terastallize|p1a: Iron Moth|Fire\n|move|p1a: Iron Moth|Fire Blast|p2a: Conkeldurr\n|-damage|p2a: Conkeldurr|0 fnt\n|faint|p2a: Conkeldurr\n|\n|upkeep\n|inactive|Time left: 300 sec this turn | 300 sec total | 5 sec grace\n|\n|t:|1783545411\n|switch|p2a: Infernape|Infernape, L82, F|259/259\n|turn|11\n|inactive|Time left: 300 sec this turn | 300 sec total\n|\n|t:|1783545412\n|move|p2a: Infernape|Swords Dance|p2a: Infernape\n|-boost|p2a: Infernape|atk|2\n|move|p1a: Iron Moth|Fire Blast|p2a: Infernape\n|-resisted|p2a: Infernape\n|-damage|p2a: Infernape|92/259\n|\n|upkeep\n|turn|12\n|inactive|Time left: 300 sec this turn | 300 sec total\n|\n|t:|1783545412\n|-end|p1a: Iron Moth|Quark Drive|[silent]\n|switch|p1a: Decidueye|Decidueye, L88, F|100/100\n|move|p2a: Infernape|Close Combat|p1a: Decidueye\n|-immune|p1a: Decidueye\n|\n|upkeep\n|turn|13\n|inactive|Time left: 300 sec this turn | 300 sec total\n|\n|t:|1783545413\n|switch|p1a: Archaludon|Archaludon, L78, M|100/100\n|move|p2a: Infernape|Flare Blitz|p1a: Archaludon\n|-damage|p1a: Archaludon|9/100\n|-ability|p1a: Archaludon|Stamina|boost\n|-boost|p1a: Archaludon|def|1\n|-damage|p2a: Infernape|11/259|[from] Recoil\n|-damage|p2a: Infernape|0 fnt|[from] item: Life Orb\n|faint|p2a: Infernape\n|\n|-heal|p1a: Archaludon|15/100|[from] item: Leftovers\n|upkeep\n|inactive|Time left: 300 sec this turn | 300 sec total | 5 sec grace\n|\n|t:|1783545414\n|switch|p2a: Tornadus|Tornadus-Therian, L79, M|254/254\n|turn|14\n|inactive|Time left: 300 sec this turn | 300 sec total\n|\n|t:|1783545415\n|move|p2a: Tornadus|Bleakwind Storm|p1a: Archaludon\n|-resisted|p1a: Archaludon\n|-damage|p1a: Archaludon|0 fnt\n|faint|p1a: Archaludon\n|\n|upkeep\n|\n|t:|1783545416\n|switch|p1a: Crabominable|Crabominable, L90, M|100/100\n|turn|15\n|inactive|Time left: 300 sec this turn | 300 sec total\n|\n|t:|1783545417\n|move|p2a: Tornadus|Bleakwind Storm|p1a: Crabominable|[miss]\n|-miss|p2a: Tornadus|p1a: Crabominable\n|move|p1a: Crabominable|Ice Hammer|p2a: Tornadus\n|-supereffective|p2a: Tornadus\n|-damage|p2a: Tornadus|0 fnt\n|-unboost|p1a: Crabominable|spe|1\n|faint|p2a: Tornadus\n|\n|upkeep\n|inactive|Time left: 300 sec this turn | 300 sec total | 5 sec grace\n|\n|t:|1783545418\n|switch|p2a: Hoopa|Hoopa-Unbound, L80|259/259\n|turn|16\n|inactive|Time left: 300 sec this turn | 300 sec total\n|\n|t:|1783545419\n|move|p2a: Hoopa|Zen Headbutt|p1a: Crabominable\n|-supereffective|p1a: Crabominable\n|-damage|p1a: Crabominable|0 fnt\n|faint|p1a: Crabominable\n|\n|upkeep\n|\n|t:|1783545420\n|switch|p1a: Decidueye|Decidueye, L88, F|100/100\n|turn|17\n|inactive|Time left: 300 sec this turn | 300 sec total\n|\n|t:|1783545421\n|move|p2a: Hoopa|Zen Headbutt|p1a: Decidueye\n|-damage|p1a: Decidueye|34/100\n|cant|p1a: Decidueye|flinch\n|\n|upkeep\n|turn|18\n|inactive|Time left: 300 sec this turn | 300 sec total\n|\n|t:|1783545422\n|-terastallize|p2a: Hoopa|Dark\n|move|p2a: Hoopa|Zen Headbutt|p1a: Decidueye|[miss]\n|-miss|p2a: Hoopa|p1a: Decidueye\n|move|p1a: Decidueye|Roost|p1a: Decidueye\n|-heal|p1a: Decidueye|84/100\n|-singleturn|p1a: Decidueye|move: Roost\n|\n|upkeep\n|turn|19\n|inactive|Time left: 300 sec this turn | 300 sec total\n|\n|t:|1783545423\n|move|p2a: Hoopa|Zen Headbutt|p1a: Decidueye\n|-damage|p1a: Decidueye|23/100\n|move|p1a: Decidueye|Leaf Storm|p2a: Hoopa\n|-damage|p2a: Hoopa|13/259\n|-unboost|p1a: Decidueye|spa|2\n|-damage|p1a: Decidueye|13/100|[from] item: Life Orb\n|\n|upkeep\n|turn|20\n|inactive|Time left: 300 sec this turn | 300 sec total\n|\n|t:|1783545424\n|move|p2a: Hoopa|Zen Headbutt|p1a: Decidueye\n|-damage|p1a: Decidueye|0 fnt\n|faint|p1a: Decidueye\n|\n|upkeep\n|\n|t:|1783545425\n|switch|p1a: Iron Moth|Iron Moth, L78, tera:Fire|35/100\n|turn|21\n|inactive|Time left: 300 sec this turn | 300 sec total\n|\n|t:|1783545426\n|move|p1a: Iron Moth|Fire Blast|p2a: Hoopa\n|-damage|p2a: Hoopa|0 fnt\n|faint|p2a: Hoopa\n|\n|upkeep\n|inactive|Time left: 300 sec this turn | 300 sec total | 5 sec grace\n|\n|t:|1783545427\n|switch|p2a: Iron Bundle|Iron Bundle, L78|215/215\n|turn|22\n|inactive|Time left: 300 sec this turn | 300 sec total\n|\n|t:|1783545428\n|move|p2a: Iron Bundle|Hydro Pump|p1a: Iron Moth\n|-supereffective|p1a: Iron Moth\n|-damage|p1a: Iron Moth|0 fnt\n|faint|p1a: Iron Moth\n|-end|p1a: Iron Moth|Quark Drive|[silent]\n|\n|win|p0y545242e", "uploadtime": 1783545428, "views": 0, "rating": 0, "private": 0, "password": null, "_winner": "p0y545242e", "_our_name": "p0y545242e"}