{"id": "battle-gen9randombattle-55", "formatid": "gen9randombattle", "format": "[Gen 9] Random Battle", "players": ["p0x055fa26", "p0y055e20a"], "log": "|init|battle\n|title|p0x055fa26 vs. p0y055e20a\n|j|\u2606p0x055fa26\n|j|\u2606p0y055e20a\n|t:|1783533877\n|gametype|singles\n|player|p1|p0x055fa26|2|\n|player|p2|p0y055e20a|102|\n|gen|9\n|tier|[Gen 9] Random Battle\n|rule|Species Clause: Limit one of each Pok\u00e9mon\n|rule|HP Percentage Mod: HP is shown in percentages\n|rule|Sleep Clause Mod: Limit one foe put to sleep\n|rule|Illusion Level Mod: Illusion disguises the Pok\u00e9mon's true level\n|\n|t:|1783533877\n|teamsize|p1|6\n|teamsize|p2|6\n|start\n|switch|p1a: Vikavolt|Vikavolt, L83, F|263/263\n|switch|p2a: Stantler|Stantler, L92, F|100/100\n|-ability|p2a: Stantler|Intimidate|boost\n|-unboost|p1a: Vikavolt|atk|1\n|turn|1\n|inactive|Battle timer is ON: inactive players will automatically lose when time's up. (requested by p0x055fa26)\n|\n|t:|1783533878\n|move|p2a: Stantler|Calm Mind|p2a: Stantler\n|-boost|p2a: Stantler|spa|1\n|-boost|p2a: Stantler|spd|1\n|move|p1a: Vikavolt|Sticky Web|p2a: Stantler\n|-sidestart|p2: p0y055e20a|move: Sticky Web\n|\n|upkeep\n|turn|2\n|inactive|Time left: 300 sec this turn | 300 sec total\n|inactive|p0y055e20a also wants the timer to be on.\n|\n|t:|1783533879\n|move|p2a: Stantler|Tera Blast|p1a: Vikavolt\n|-crit|p1a: Vikavolt\n|-damage|p1a: Vikavolt|47/263\n|move|p1a: Vikavolt|Discharge|p2a: Stantler\n|-damage|p2a: Stantler|80/100\n|-status|p2a: Stantler|par\n|\n|upkeep\n|turn|3\n|inactive|Time left: 300 sec this turn | 300 sec total\n|\n|t:|1783533880\n|move|p1a: Vikavolt|Volt Switch|p2a: Stantler\n|-damage|p2a: Stantler|63/100 par\n|inactive|Time left: 300 sec this turn | 300 sec total | 5 sec grace\n|\n|t:|1783533881\n|switch|p1a: Spiritomb|Spiritomb, L89, M|234/234|[from] Volt Switch\n|cant|p2a: Stantler|par\n|\n|upkeep\n|turn|4\n|inactive|Time left: 300 sec this turn | 300 sec total\n|\n|t:|1783533882\n|move|p1a: Spiritomb|Foul Play|p2a: Stantler\n|-damage|p2a: Stantler|31/100 par\n|cant|p2a: Stantler|par\n|\n|upkeep\n|turn|5\n|inactive|Time left: 300 sec this turn | 300 sec total\n|\n|t:|1783533883\n|move|p1a: Spiritomb|Foul Play|p2a: Stantler\n|-damage|p2a: Stantler|1/100 par\n|move|p2a: Stantler|Shadow Ball|p1a: Spiritomb\n|-damage|p1a: Spiritomb|162/234\n|\n|-heal|p1a: Spiritomb|176/234|[from] item: Leftovers\n|upkeep\n|turn|6\n|inactive|Time left: 300 sec this turn | 300 sec total\n|\n|t:|1783533884\n|move|p1a: Spiritomb|Foul Play|p2a: Stantler\n|-crit|p2a: Stantler\n|-damage|p2a: Stantler|0 fnt\n|faint|p2a: Stantler\n|\n|-heal|p1a: Spiritomb|190/234|[from] item: Leftovers\n|upkeep\n|\n|t:|1783533885\n|switch|p2a: Salamence|Salamence, L77, F|100/100\n|turn|7\n|inactive|Time left: 300 sec this turn | 300 sec total\n|\n|t:|1783533886\n|move|p2a: Salamence|Outrage|p1a: Spiritomb\n|-damage|p1a: Spiritomb|78/234\n|move|p1a: Spiritomb|Pain Split|p2a: Salamence\n|-sethp|p2a: Salamence|65/100|[from] move: Pain Split|[silent]\n|-sethp|p1a: Spiritomb|175/234|[from] move: Pain Split\n|\n|-heal|p1a: Spiritomb|189/234|[from] item: Leftovers\n|upkeep\n|turn|8\n|inactive|Time left: 300 sec this turn | 300 sec total\n|\n|t:|1783533888\n|move|p2a: Salamence|Outrage|p1a: Spiritomb|[from] lockedmove\n|-damage|p1a: Spiritomb|77/234\n|move|p1a: Spiritomb|Foul Play|p2a: Salamence\n|-damage|p2a: Salamence|12/100\n|\n|-heal|p1a: Spiritomb|91/234|[from] item: Leftovers\n|upkeep\n|turn|9\n|inactive|Time left: 300 sec this turn | 300 sec total\n|\n|t:|1783533889\n|move|p1a: Spiritomb|Sucker Punch|p2a: Salamence\n|-damage|p2a: Salamence|0 fnt\n|faint|p2a: Salamence\n|\n|-heal|p1a: Spiritomb|105/234|[from] item: Leftovers\n|upkeep\n|\n|t:|1783533890\n|switch|p2a: Ogerpon|Ogerpon-Wellspring, L76, F|100/100\n|-activate|p2a: Ogerpon|move: Sticky Web\n|-unboost|p2a: Ogerpon|spe|1\n|turn|10\n|inactive|Time left: 300 sec this turn | 300 sec total\n|\n|t:|1783533891\n|move|p2a: Ogerpon|Power Whip|p1a: Spiritomb\n|-damage|p1a: Spiritomb|0 fnt\n|faint|p1a: Spiritomb\n|\n|upkeep\n|inactive|Time left: 300 sec this turn | 300 sec total | 5 sec grace\n|\n|t:|1783533892\n|switch|p1a: Slither Wing|Slither Wing, L81|270/270\n|-enditem|p1a: Slither Wing|Booster Energy\n|-activate|p1a: Slither Wing|ability: Protosynthesis|[fromitem]\n|-start|p1a: Slither Wing|protosynthesisatk\n|turn|11\n|inactive|Time left: 300 sec this turn | 300 sec total\n|\n|t:|1783533893\n|-terastallize|p2a: Ogerpon|Water\n|detailschange|p2a: Ogerpon|Ogerpon-Wellspring-Tera, L76, F, tera:Water\n|-ability|p2a: Ogerpon|Embody Aspect (Wellspring)|boost\n|-boost|p2a: Ogerpon|spd|1\n|move|p1a: Slither Wing|Acrobatics|p2a: Ogerpon\n|-crit|p2a: Ogerpon\n|-damage|p2a: Ogerpon|11/100\n|move|p2a: Ogerpon|Ivy Cudgel|p1a: Slither Wing|[anim] Ivy Cudgel Water\n|-damage|p1a: Slither Wing|92/270\n|\n|upkeep\n|turn|12\n|inactive|Time left: 300 sec this turn | 300 sec total\n|\n|t:|1783533894\n|move|p1a: Slither Wing|Flame Charge|p2a: Ogerpon\n|-resisted|p2a: Ogerpon\n|-damage|p2a: Ogerpon|0 fnt\n|-boost|p1a: Slither Wing|spe|1\n|faint|p2a: Ogerpon\n|detailschange|p2: Ogerpon|Ogerpon-Wellspring, L76, F|[silent]\n|\n|upkeep\n|\n|t:|1783533895\n|switch|p2a: Volcanion|Volcanion, L79|100/100\n|-activate|p2a: Volcanion|move: Sticky Web\n|-unboost|p2a: Volcanion|spe|1\n|turn|13\n|inactive|Time left: 300 sec this turn | 300 sec total\n|\n|t:|1783533896\n|move|p1a: Slither Wing|Close Combat|p2a: Volcanion\n|-damage|p2a: Volcanion|35/100\n|-unboost|p1a: Slither Wing|def|1\n|-unboost|p1a: Slither Wing|spd|1\n|move|p2a: Volcanion|Steam Eruption|p1a: Slither Wing\n|-damage|p1a: Slither Wing|0 fnt\n|faint|p1a: Slither Wing\n|-end|p1a: Slither Wing|Protosynthesis|[silent]\n|\n|upkeep\n|inactive|Time left: 300 sec this turn | 300 sec total | 5 sec grace\n|\n|t:|1783533897\n|switch|p1a: Vikavolt|Vikavolt, L83, F|47/263\n|turn|14\n|inactive|Time left: 300 sec this turn | 300 sec total\n|\n|t:|1783533898\n|move|p2a: Volcanion|Steam Eruption|p1a: Vikavolt\n|-damage|p1a: Vikavolt|0 fnt\n|faint|p1a: Vikavolt\n|\n|upkeep\n|inactive|Time left: 300 sec this turn | 300 sec total | 5 sec grace\n|\n|t:|1783533899\n|switch|p1a: Magmortar|Magmortar, L88, F|275/275\n|turn|15\n|inactive|Time left: 300 sec this turn | 300 sec total\n|\n|t:|1783533900\n|move|p1a: Magmortar|Thunderbolt|p2a: Volcanion\n|-supereffective|p2a: Volcanion\n|-damage|p2a: Volcanion|0 fnt\n|faint|p2a: Volcanion\n|\n|upkeep\n|\n|t:|1783533901\n|switch|p2a: Oinkologne|Oinkologne-F, L92, F|100/100\n|-activate|p2a: Oinkologne|move: Sticky Web\n|-unboost|p2a: Oinkologne|spe|1\n|turn|16\n|inactive|Time left: 300 sec this turn | 300 sec total\n|\n|t:|1783533902\n|move|p1a: Magmortar|Focus Blast|p2a: Oinkologne\n|-supereffective|p2a: Oinkologne\n|-crit|p2a: Oinkologne\n|-damage|p2a: Oinkologne|21/100\n|move|p2a: Oinkologne|Body Slam|p1a: Magmortar\n|-damage|p1a: Magmortar|148/275\n|-status|p1a: Magmortar|par\n|\n|-heal|p2a: Oinkologne|27/100|[from] item: Leftovers\n|upkeep\n|turn|17\n|inactive|Time left: 300 sec this turn | 300 sec total\n|\n|t:|1783533904\n|move|p2a: Oinkologne|Body Slam|p1a: Magmortar\n|-crit|p1a: Magmortar\n|-damage|p1a: Magmortar|0 fnt\n|faint|p1a: Magmortar\n|\n|-heal|p2a: Oinkologne|33/100|[from] item: Leftovers\n|upkeep\n|inactive|Time left: 300 sec this turn | 300 sec total | 5 sec grace\n|\n|t:|1783533905\n|switch|p1a: Wo-Chien|Wo-Chien, L83|277/277\n|-ability|p1a: Wo-Chien|Tablets of Ruin\n|turn|18\n|inactive|Time left: 300 sec this turn | 300 sec total\n|\n|t:|1783533906\n|move|p1a: Wo-Chien|Leech Seed|p2a: Oinkologne\n|-start|p2a: Oinkologne|move: Leech Seed\n|move|p2a: Oinkologne|Body Slam|p1a: Wo-Chien\n|-damage|p1a: Wo-Chien|207/277\n|-status|p1a: Wo-Chien|par\n|\n|-heal|p2a: Oinkologne|39/100|[from] item: Leftovers\n|-heal|p1a: Wo-Chien|224/277 par|[from] item: Leftovers\n|-damage|p2a: Oinkologne|27/100|[from] Leech Seed|[of] p1a: Wo-Chien\n|-heal|p1a: Wo-Chien|269/277 par|[silent]\n|upkeep\n|turn|19\n|inactive|Time left: 300 sec this turn | 300 sec total\n|\n|t:|1783533907\n|move|p2a: Oinkologne|Rest|p2a: Oinkologne\n|-status|p2a: Oinkologne|slp|[from] move: Rest\n|-heal|p2a: Oinkologne|100/100 slp|[silent]\n|move|p1a: Wo-Chien|Knock Off|p2a: Oinkologne\n|-damage|p2a: Oinkologne|75/100 slp\n|-enditem|p2a: Oinkologne|Leftovers|[from] move: Knock Off|[of] p1a: Wo-Chien\n|\n|-heal|p1a: Wo-Chien|277/277 par|[from] item: Leftovers\n|-damage|p2a: Oinkologne|62/100 slp|[from] Leech Seed|[of] p1a: Wo-Chien\n|upkeep\n|turn|20\n|inactive|Time left: 300 sec this turn | 300 sec total\n|\n|t:|1783533909\n|switch|p2a: Slither Wing|Slither Wing, L81|100/100\n|-activate|p2a: Slither Wing|move: Sticky Web\n|-unboost|p2a: Slither Wing|spe|1\n|move|p1a: Wo-Chien|Knock Off|p2a: Slither Wing\n|-resisted|p2a: Slither Wing\n|-damage|p2a: Slither Wing|81/100\n|-enditem|p2a: Slither Wing|Life Orb|[from] move: Knock Off|[of] p1a: Wo-Chien\n|\n|upkeep\n|turn|21\n|inactive|Time left: 300 sec this turn | 300 sec total\n|\n|t:|1783533910\n|switch|p1a: Torkoal|Torkoal, L88, F|266/266\n|-weather|SunnyDay|[from] ability: Drought|[of] p1a: Torkoal\n|-activate|p2a: Slither Wing|ability: Protosynthesis\n|-start|p2a: Slither Wing|protosynthesisatk\n|move|p2a: Slither Wing|First Impression|p1a: Torkoal\n|-resisted|p1a: Torkoal\n|-damage|p1a: Torkoal|218/266\n|\n|-weather|SunnyDay|[upkeep]\n|upkeep\n|turn|22\n|inactive|Time left: 300 sec this turn | 300 sec total\n|\n|t:|1783533911\n|move|p2a: Slither Wing|Close Combat|p1a: Torkoal\n|-damage|p1a: Torkoal|88/266\n|-unboost|p2a: Slither Wing|def|1\n|-unboost|p2a: Slither Wing|spd|1\n|move|p1a: Torkoal|Lava Plume|p2a: Slither Wing\n|-supereffective|p2a: Slither Wing\n|-damage|p2a: Slither Wing|0 fnt\n|faint|p2a: Slither Wing\n|-end|p2a: Slither Wing|Protosynthesis|[silent]\n|\n|-weather|SunnyDay|[upkeep]\n|upkeep\n|\n|t:|1783533912\n|switch|p2a: Oinkologne|Oinkologne-F, L92, F|62/100 slp\n|-activate|p2a: Oinkologne|move: Sticky Web\n|-unboost|p2a: Oinkologne|spe|1\n|turn|23\n|inactive|Time left: 300 sec this turn | 300 sec total\n|\n|t:|1783533913\n|-terastallize|p1a: Torkoal|Dragon\n|cant|p2a: Oinkologne|slp\n|move|p2a: Oinkologne|Sleep Talk|p2a: Oinkologne\n|move|p2a: Oinkologne|Curse|p2a: Oinkologne|[from] move: Sleep Talk\n|-unboost|p2a: Oinkologne|spe|1\n|-boost|p2a: Oinkologne|atk|1\n|-boost|p2a: Oinkologne|def|1\n|move|p1a: Torkoal|Lava Plume|p2a: Oinkologne\n|-damage|p2a: Oinkologne|46/100 slp\n|\n|-weather|SunnyDay|[upkeep]\n|upkeep\n|turn|24\n|inactive|Time left: 300 sec this turn | 300 sec total\n|\n|t:|1783533914\n|cant|p2a: Oinkologne|slp\n|move|p2a: Oinkologne|Sleep Talk|p2a: Oinkologne\n|move|p2a: Oinkologne|Rest||[from] move: Sleep Talk|[still]\n|-fail|p2a: Oinkologne\n|move|p1a: Torkoal|Lava Plume|p2a: Oinkologne\n|-damage|p2a: Oinkologne|32/100 slp\n|\n|-weather|SunnyDay|[upkeep]\n|upkeep\n|turn|25\n|inactive|Time left: 300 sec this turn | 300 sec total\n|\n|t:|1783533915\n|switch|p1a: Wo-Chien|Wo-Chien, L83|277/277 par\n|-ability|p1a: Wo-Chien|Tablets of Ruin\n|-curestatus|p2a: Oinkologne|slp|[msg]\n|move|p2a: Oinkologne|Rest|p2a: Oinkologne\n|-status|p2a: Oinkologne|slp|[from] move: Rest\n|-heal|p2a: Oinkologne|100/100 slp|[silent]\n|\n|-weather|none\n|upkeep\n|turn|26\n|inactive|Time left: 300 sec this turn | 300 sec total\n|\n|t:|1783533916\n|cant|p2a: Oinkologne|slp\n|move|p2a: Oinkologne|Sleep Talk|p2a: Oinkologne\n|move|p2a: Oinkologne|Body Slam|p1a: Wo-Chien|[from] move: Sleep Talk\n|-damage|p1a: Wo-Chien|169/277 par\n|move|p1a: Wo-Chien|Leech Seed|p2a: Oinkologne\n|-start|p2a: Oinkologne|move: Leech Seed\n|\n|-heal|p1a: Wo-Chien|186/277 par|[from] item: Leftovers\n|-damage|p2a: Oinkologne|88/100 slp|[from] Leech Seed|[of] p1a: Wo-Chien\n|-heal|p1a: Wo-Chien|231/277 par|[silent]\n|upkeep\n|turn|27\n|inactive|Time left: 300 sec this turn | 300 sec total\n|\n|t:|1783533917\n|switch|p1a: Torkoal|Torkoal, L88, F, tera:Dragon|88/266\n|-weather|SunnyDay|[from] ability: Drought|[of] p1a: Torkoal\n|cant|p2a: Oinkologne|slp\n|move|p2a: Oinkologne|Sleep Talk|p2a: Oinkologne\n|move|p2a: Oinkologne|Rest||[from] move: Sleep Talk|[still]\n|-fail|p2a: Oinkologne\n|\n|-weather|SunnyDay|[upkeep]\n|-damage|p2a: Oinkologne|76/100 slp|[from] Leech Seed|[of] p1a: Torkoal\n|-heal|p1a: Torkoal|133/266|[silent]\n|upkeep\n|turn|28\n|inactive|Time left: 300 sec this turn | 300 sec total\n|\n|t:|1783533918\n|-curestatus|p2a: Oinkologne|slp|[msg]\n|move|p2a: Oinkologne|Body Slam|p1a: Torkoal\n|-damage|p1a: Torkoal|40/266\n|move|p1a: Torkoal|Lava Plume|p2a: Oinkologne\n|-damage|p2a: Oinkologne|59/100\n|-status|p2a: Oinkologne|brn\n|\n|-weather|SunnyDay|[upkeep]\n|-damage|p2a: Oinkologne|46/100 brn|[from] Leech Seed|[of] p1a: Torkoal\n|-heal|p1a: Torkoal|85/266|[silent]\n|-damage|p2a: Oinkologne|40/100 brn|[from] brn\n|upkeep\n|turn|29\n|inactive|Time left: 300 sec this turn | 300 sec total\n|\n|t:|1783533919\n|move|p2a: Oinkologne|Rest|p2a: Oinkologne\n|-status|p2a: Oinkologne|slp|[from] move: Rest\n|-heal|p2a: Oinkologne|100/100 slp|[silent]\n|move|p1a: Torkoal|Lava Plume|p2a: Oinkologne\n|-damage|p2a: Oinkologne|86/100 slp\n|\n|-weather|SunnyDay|[upkeep]\n|-damage|p2a: Oinkologne|73/100 slp|[from] Leech Seed|[of] p1a: Torkoal\n|-heal|p1a: Torkoal|130/266|[silent]\n|upkeep\n|turn|30\n|inactive|Time left: 300 sec this turn | 300 sec total\n|\n|t:|1783533921\n|cant|p2a: Oinkologne|slp\n|move|p2a: Oinkologne|Sleep Talk|p2a: Oinkologne\n|move|p2a: Oinkologne|Body Slam|p1a: Torkoal|[from] move: Sleep Talk\n|-crit|p1a: Torkoal\n|-damage|p1a: Torkoal|0 fnt\n|faint|p1a: Torkoal\n|\n|-weather|SunnyDay|[upkeep]\n|upkeep\n|inactive|Time left: 300 sec this turn | 300 sec total | 5 sec grace\n|\n|t:|1783533922\n|switch|p1a: Wo-Chien|Wo-Chien, L83|231/277 par\n|-ability|p1a: Wo-Chien|Tablets of Ruin\n|turn|31\n|inactive|Time left: 300 sec this turn | 300 sec total\n|\n|t:|1783533923\n|cant|p2a: Oinkologne|slp\n|move|p2a: Oinkologne|Sleep Talk|p2a: Oinkologne\n|move|p2a: Oinkologne|Rest||[from] move: Sleep Talk|[still]\n|-fail|p2a: Oinkologne\n|move|p1a: Wo-Chien|Knock Off|p2a: Oinkologne\n|-damage|p2a: Oinkologne|61/100 slp\n|\n|-weather|none\n|-heal|p1a: Wo-Chien|248/277 par|[from] item: Leftovers\n|-damage|p2a: Oinkologne|48/100 slp|[from] Leech Seed|[of] p1a: Wo-Chien\n|-heal|p1a: Wo-Chien|277/277 par|[silent]\n|upkeep\n|turn|32\n|inactive|Time left: 300 sec this turn | 300 sec total\n|\n|t:|1783533924\n|-curestatus|p2a: Oinkologne|slp|[msg]\n|move|p2a: Oinkologne|Curse|p2a: Oinkologne\n|-unboost|p2a: Oinkologne|spe|1\n|-boost|p2a: Oinkologne|atk|1\n|-boost|p2a: Oinkologne|def|1\n|move|p1a: Wo-Chien|Knock Off|p2a: Oinkologne\n|-damage|p2a: Oinkologne|39/100\n|\n|-damage|p2a: Oinkologne|26/100|[from] Leech Seed|[of] p1a: Wo-Chien\n|upkeep\n|turn|33\n|inactive|Time left: 300 sec this turn | 300 sec total\n|\n|t:|1783533925\n|move|p1a: Wo-Chien|Knock Off|p2a: Oinkologne\n|-damage|p2a: Oinkologne|17/100\n|move|p2a: Oinkologne|Rest|p2a: Oinkologne\n|-status|p2a: Oinkologne|slp|[from] move: Rest\n|-heal|p2a: Oinkologne|100/100 slp|[silent]\n|\n|-damage|p2a: Oinkologne|88/100 slp|[from] Leech Seed|[of] p1a: Wo-Chien\n|upkeep\n|turn|34\n|inactive|Time left: 300 sec this turn | 300 sec total\n|\n|t:|1783533926\n|cant|p1a: Wo-Chien|par\n|cant|p2a: Oinkologne|slp\n|move|p2a: Oinkologne|Sleep Talk|p2a: Oinkologne\n|move|p2a: Oinkologne|Curse|p2a: Oinkologne|[from] move: Sleep Talk\n|-unboost|p2a: Oinkologne|spe|1\n|-boost|p2a: Oinkologne|atk|1\n|-boost|p2a: Oinkologne|def|1\n|\n|-damage|p2a: Oinkologne|76/100 slp|[from] Leech Seed|[of] p1a: Wo-Chien\n|upkeep\n|turn|35\n|inactive|Time left: 300 sec this turn | 300 sec total\n|\n|t:|1783533927\n|move|p1a: Wo-Chien|Knock Off|p2a: Oinkologne\n|-damage|p2a: Oinkologne|67/100 slp\n|cant|p2a: Oinkologne|slp\n|move|p2a: Oinkologne|Sleep Talk|p2a: Oinkologne\n|move|p2a: Oinkologne|Rest||[from] move: Sleep Talk|[still]\n|-fail|p2a: Oinkologne\n|\n|-damage|p2a: Oinkologne|55/100 slp|[from] Leech Seed|[of] p1a: Wo-Chien\n|upkeep\n|turn|36\n|inactive|Time left: 300 sec this turn | 300 sec total\n|\n|t:|1783533928\n|move|p1a: Wo-Chien|Knock Off|p2a: Oinkologne\n|-damage|p2a: Oinkologne|47/100 slp\n|-curestatus|p2a: Oinkologne|slp|[msg]\n|move|p2a: Oinkologne|Rest|p2a: Oinkologne\n|-status|p2a: Oinkologne|slp|[from] move: Rest\n|-heal|p2a: Oinkologne|100/100 slp|[silent]\n|\n|-damage|p2a: Oinkologne|88/100 slp|[from] Leech Seed|[of] p1a: Wo-Chien\n|upkeep\n|turn|37\n|inactive|Time left: 300 sec this turn | 300 sec total\n|\n|t:|1783533929\n|move|p1a: Wo-Chien|Knock Off|p2a: Oinkologne\n|-damage|p2a: Oinkologne|81/100 slp\n|cant|p2a: Oinkologne|slp\n|move|p2a: Oinkologne|Sleep Talk|p2a: Oinkologne\n|move|p2a: Oinkologne|Curse|p2a: Oinkologne|[from] move: Sleep Talk\n|-unboost|p2a: Oinkologne|spe|1\n|-boost|p2a: Oinkologne|atk|1\n|-boost|p2a: Oinkologne|def|1\n|\n|-damage|p2a: Oinkologne|69/100 slp|[from] Leech Seed|[of] p1a: Wo-Chien\n|upkeep\n|turn|38\n|inactive|Time left: 300 sec this turn | 300 sec total\n|\n|t:|1783533930\n|move|p1a: Wo-Chien|Knock Off|p2a: Oinkologne\n|-damage|p2a: Oinkologne|62/100 slp\n|cant|p2a: Oinkologne|slp\n|move|p2a: Oinkologne|Sleep Talk|p2a: Oinkologne\n|move|p2a: Oinkologne|Curse|p2a: Oinkologne|[from] move: Sleep Talk\n|-unboost|p2a: Oinkologne|spe|1\n|-boost|p2a: Oinkologne|atk|1\n|-boost|p2a: Oinkologne|def|1\n|\n|-damage|p2a: Oinkologne|50/100 slp|[from] Leech Seed|[of] p1a: Wo-Chien\n|upkeep\n|turn|39\n|inactive|Time left: 300 sec this turn | 300 sec total\n|\n|t:|1783533930\n|move|p1a: Wo-Chien|Protect|p1a: Wo-Chien\n|-singleturn|p1a: Wo-Chien|Protect\n|-curestatus|p2a: Oinkologne|slp|[msg]\n|move|p2a: Oinkologne|Body Slam|p1a: Wo-Chien\n|-activate|p1a: Wo-Chien|move: Protect\n|\n|-damage|p2a: Oinkologne|37/100|[from] Leech Seed|[of] p1a: Wo-Chien\n|upkeep\n|turn|40\n|inactive|Time left: 300 sec this turn | 300 sec total\n|\n|t:|1783533931\n|move|p1a: Wo-Chien|Stun Spore|p2a: Oinkologne|[miss]\n|-miss|p1a: Wo-Chien|p2a: Oinkologne\n|move|p2a: Oinkologne|Body Slam|p1a: Wo-Chien\n|-damage|p1a: Wo-Chien|33/277 par\n|\n|-heal|p1a: Wo-Chien|50/277 par|[from] item: Leftovers\n|-damage|p2a: Oinkologne|25/100|[from] Leech Seed|[of] p1a: Wo-Chien\n|-heal|p1a: Wo-Chien|95/277 par|[silent]\n|upkeep\n|turn|41\n|inactive|Time left: 300 sec this turn | 300 sec total\n|\n|t:|1783533932\n|cant|p1a: Wo-Chien|par\n|move|p2a: Oinkologne|Body Slam|p1a: Wo-Chien\n|-damage|p1a: Wo-Chien|0 fnt\n|faint|p1a: Wo-Chien\n|\n|win|p0y055e20a", "uploadtime": 1783533932, "views": 0, "rating": 0, "private": 0, "password": null, "_winner": "p0y055e20a", "_our_name": "p0x055fa26"}