{"id": "battle-gen9randombattle-2802", "formatid": "gen9randombattle", "format": "[Gen 9] Random Battle", "players": ["p0x280275f4", "p0y2802f9b7"], "log": "|init|battle\n|title|p0x280275f4 vs. p0y2802f9b7\n|j|\u2606p0x280275f4\n|j|\u2606p0y2802f9b7\n|t:|1783572294\n|gametype|singles\n|player|p1|p0x280275f4|266|\n|player|p2|p0y2802f9b7|2|\n|gen|9\n|tier|[Gen 9] Random Battle\n|rule|Species Clause: Limit one of each Pok\u00e9mon\n|rule|HP Percentage Mod: HP is shown in percentages\n|rule|Sleep Clause Mod: Limit one foe put to sleep\n|rule|Illusion Level Mod: Illusion disguises the Pok\u00e9mon's true level\n|\n|t:|1783572294\n|teamsize|p1|6\n|teamsize|p2|6\n|start\n|switch|p1a: Iron Thorns|Iron Thorns, L83|100/100\n|switch|p2a: Salazzle|Salazzle, L83, F|249/249\n|turn|1\n|inactive|Battle timer is ON: inactive players will automatically lose when time's up. (requested by p0y2802f9b7)\n|inactive|p0x280275f4 also wants the timer to be on.\n|\n|t:|1783572295\n|switch|p2a: Wigglytuff|Wigglytuff, L96, F|424/424\n|move|p1a: Iron Thorns|Stone Edge|p2a: Wigglytuff\n|-damage|p2a: Wigglytuff|241/424\n|\n|-heal|p2a: Wigglytuff|267/424|[from] item: Leftovers\n|upkeep\n|turn|2\n|inactive|Time left: 300 sec this turn | 300 sec total\n|\n|t:|1783572296\n|move|p1a: Iron Thorns|Stone Edge|p2a: Wigglytuff\n|-damage|p2a: Wigglytuff|93/424\n|move|p2a: Wigglytuff|Wish|p2a: Wigglytuff\n|\n|-heal|p2a: Wigglytuff|119/424|[from] item: Leftovers\n|upkeep\n|turn|3\n|inactive|Time left: 300 sec this turn | 300 sec total\n|\n|t:|1783572297\n|move|p2a: Wigglytuff|Protect|p2a: Wigglytuff\n|-singleturn|p2a: Wigglytuff|Protect\n|move|p1a: Iron Thorns|Stone Edge|p2a: Wigglytuff\n|-activate|p2a: Wigglytuff|move: Protect\n|\n|-heal|p2a: Wigglytuff|331/424|[from] move: Wish|[wisher] Wigglytuff\n|-heal|p2a: Wigglytuff|357/424|[from] item: Leftovers\n|upkeep\n|turn|4\n|inactive|Time left: 300 sec this turn | 300 sec total\n|\n|t:|1783572297\n|move|p1a: Iron Thorns|Stone Edge|p2a: Wigglytuff\n|-damage|p2a: Wigglytuff|183/424\n|move|p2a: Wigglytuff|Knock Off|p1a: Iron Thorns\n|-damage|p1a: Iron Thorns|79/100\n|-enditem|p1a: Iron Thorns|Assault Vest|[from] move: Knock Off|[of] p2a: Wigglytuff\n|\n|-heal|p2a: Wigglytuff|209/424|[from] item: Leftovers\n|upkeep\n|turn|5\n|inactive|Time left: 300 sec this turn | 300 sec total\n|\n|t:|1783572298\n|move|p1a: Iron Thorns|Stone Edge|p2a: Wigglytuff|[miss]\n|-miss|p1a: Iron Thorns|p2a: Wigglytuff\n|move|p2a: Wigglytuff|Dazzling Gleam|p1a: Iron Thorns\n|-damage|p1a: Iron Thorns|43/100\n|\n|-heal|p2a: Wigglytuff|235/424|[from] item: Leftovers\n|upkeep\n|turn|6\n|inactive|Time left: 300 sec this turn | 300 sec total\n|\n|t:|1783572299\n|move|p1a: Iron Thorns|Stone Edge|p2a: Wigglytuff\n|-damage|p2a: Wigglytuff|63/424\n|move|p2a: Wigglytuff|Dazzling Gleam|p1a: Iron Thorns\n|-damage|p1a: Iron Thorns|6/100\n|\n|-heal|p2a: Wigglytuff|89/424|[from] item: Leftovers\n|upkeep\n|turn|7\n|inactive|Time left: 300 sec this turn | 300 sec total\n|\n|t:|1783572299\n|move|p2a: Wigglytuff|Protect|p2a: Wigglytuff\n|-singleturn|p2a: Wigglytuff|Protect\n|move|p1a: Iron Thorns|Stone Edge|p2a: Wigglytuff\n|-activate|p2a: Wigglytuff|move: Protect\n|\n|-heal|p2a: Wigglytuff|115/424|[from] item: Leftovers\n|upkeep\n|turn|8\n|inactive|Time left: 300 sec this turn | 300 sec total\n|\n|t:|1783572300\n|move|p2a: Wigglytuff|Protect|p2a: Wigglytuff\n|-singleturn|p2a: Wigglytuff|Protect\n|move|p1a: Iron Thorns|Stone Edge|p2a: Wigglytuff\n|-activate|p2a: Wigglytuff|move: Protect\n|\n|-heal|p2a: Wigglytuff|141/424|[from] item: Leftovers\n|upkeep\n|turn|9\n|inactive|Time left: 300 sec this turn | 300 sec total\n|\n|t:|1783572301\n|move|p1a: Iron Thorns|Wild Charge|p2a: Wigglytuff\n|-damage|p2a: Wigglytuff|0 fnt\n|faint|p2a: Wigglytuff\n|-damage|p1a: Iron Thorns|0 fnt|[from] Recoil\n|faint|p1a: Iron Thorns\n|-end|p1a: Iron Thorns|Quark Drive|[silent]\n|\n|upkeep\n|inactive|Time left: 300 sec this turn | 300 sec total | 5 sec grace\n|\n|t:|1783572302\n|switch|p1a: Rhydon|Rhydon, L85, M|100/100\n|switch|p2a: Munkidori|Munkidori, L79, M|269/269\n|turn|10\n|inactive|Time left: 300 sec this turn | 300 sec total\n|\n|t:|1783572303\n|move|p2a: Munkidori|Focus Blast|p1a: Rhydon\n|-supereffective|p1a: Rhydon\n|-damage|p1a: Rhydon|14/100\n|-damage|p2a: Munkidori|243/269|[from] item: Life Orb\n|move|p1a: Rhydon|Earthquake|p2a: Munkidori\n|-supereffective|p2a: Munkidori\n|-damage|p2a: Munkidori|0 fnt\n|faint|p2a: Munkidori\n|\n|upkeep\n|inactive|Time left: 300 sec this turn | 300 sec total | 5 sec grace\n|\n|t:|1783572304\n|switch|p2a: Noctowl|Noctowl, L95, F|344/344\n|turn|11\n|inactive|Time left: 300 sec this turn | 300 sec total\n|\n|t:|1783572305\n|move|p2a: Noctowl|Hyper Voice|p1a: Rhydon\n|-resisted|p1a: Rhydon\n|-damage|p1a: Rhydon|0 fnt\n|faint|p1a: Rhydon\n|\n|upkeep\n|\n|t:|1783572305\n|switch|p1a: Toxapex|Toxapex, L82, M|100/100\n|turn|12\n|inactive|Time left: 300 sec this turn | 300 sec total\n|\n|t:|1783572306\n|move|p2a: Noctowl|Hurricane|p1a: Toxapex|[miss]\n|-miss|p2a: Noctowl|p1a: Toxapex\n|move|p1a: Toxapex|Toxic|p2a: Noctowl\n|-status|p2a: Noctowl|tox\n|\n|-damage|p2a: Noctowl|323/344 tox|[from] psn\n|upkeep\n|turn|13\n|inactive|Time left: 300 sec this turn | 300 sec total\n|\n|t:|1783572307\n|move|p2a: Noctowl|Calm Mind|p2a: Noctowl\n|-boost|p2a: Noctowl|spa|1\n|-boost|p2a: Noctowl|spd|1\n|move|p1a: Toxapex|Liquidation|p2a: Noctowl\n|-damage|p2a: Noctowl|245/344 tox\n|-unboost|p2a: Noctowl|def|1\n|\n|-damage|p2a: Noctowl|203/344 tox|[from] psn\n|upkeep\n|turn|14\n|inactive|Time left: 300 sec this turn | 300 sec total\n|\n|t:|1783572308\n|move|p2a: Noctowl|Hurricane|p1a: Toxapex\n|-damage|p1a: Toxapex|28/100\n|-start|p1a: Toxapex|confusion\n|-activate|p1a: Toxapex|confusion\n|move|p1a: Toxapex|Liquidation|p2a: Noctowl\n|-crit|p2a: Noctowl\n|-damage|p2a: Noctowl|28/344 tox\n|\n|-damage|p2a: Noctowl|0 fnt|[from] psn\n|faint|p2a: Noctowl\n|upkeep\n|inactive|Time left: 300 sec this turn | 300 sec total | 5 sec grace\n|\n|t:|1783572309\n|switch|p2a: Salazzle|Salazzle, L83, F|249/249\n|turn|15\n|inactive|Time left: 300 sec this turn | 300 sec total\n|\n|t:|1783572310\n|switch|p1a: Sandaconda|Sandaconda, L84, M|100/100\n|move|p2a: Salazzle|Nasty Plot|p2a: Salazzle\n|-boost|p2a: Salazzle|spa|2\n|\n|upkeep\n|turn|16\n|inactive|Time left: 300 sec this turn | 300 sec total\n|\n|t:|1783572311\n|-terastallize|p1a: Sandaconda|Dragon\n|move|p2a: Salazzle|Fire Blast|p1a: Sandaconda\n|-resisted|p1a: Sandaconda\n|-damage|p1a: Sandaconda|39/100\n|move|p1a: Sandaconda|Earthquake|p2a: Salazzle\n|-supereffective|p2a: Salazzle\n|-damage|p2a: Salazzle|0 fnt\n|faint|p2a: Salazzle\n|\n|upkeep\n|inactive|Time left: 300 sec this turn | 300 sec total | 5 sec grace\n|\n|t:|1783572312\n|switch|p2a: Articuno|Articuno, L86|295/295\n|-ability|p2a: Articuno|Pressure\n|turn|17\n|inactive|Time left: 300 sec this turn | 300 sec total\n|\n|t:|1783572313\n|switch|p1a: Lokix|Lokix, L82, M|100/100\n|move|p2a: Articuno|Freeze-Dry|p1a: Lokix\n|-damage|p1a: Lokix|56/100\n|\n|upkeep\n|turn|18\n|inactive|Time left: 300 sec this turn | 300 sec total\n|\n|t:|1783572314\n|move|p1a: Lokix|U-turn|p2a: Articuno\n|-resisted|p2a: Articuno\n|-damage|p2a: Articuno|221/295\n|\n|t:|1783572315\n|switch|p1a: Toxapex|Toxapex, L82, M|62/100|[from] U-turn\n|move|p2a: Articuno|Brave Bird|p1a: Toxapex\n|-damage|p1a: Toxapex|26/100\n|-damage|p2a: Articuno|172/295|[from] item: Rocky Helmet|[of] p1a: Toxapex\n|-damage|p2a: Articuno|147/295|[from] Recoil\n|\n|upkeep\n|turn|19\n|inactive|Time left: 300 sec this turn | 300 sec total\n|\n|t:|1783572316\n|switch|p1a: Lokix|Lokix, L82, M|56/100\n|move|p2a: Articuno|Freeze-Dry|p1a: Lokix\n|-damage|p1a: Lokix|14/100\n|\n|upkeep\n|turn|20\n|inactive|Time left: 300 sec this turn | 300 sec total\n|\n|t:|1783572317\n|move|p1a: Lokix|First Impression|p2a: Articuno\n|-resisted|p2a: Articuno\n|-damage|p2a: Articuno|47/295\n|move|p2a: Articuno|Roost|p2a: Articuno\n|-heal|p2a: Articuno|195/295\n|-singleturn|p2a: Articuno|move: Roost\n|\n|upkeep\n|turn|21\n|inactive|Time left: 300 sec this turn | 300 sec total\n|\n|t:|1783572318\n|move|p1a: Lokix|Knock Off|p2a: Articuno\n|-damage|p2a: Articuno|98/295\n|-enditem|p2a: Articuno|Heavy-Duty Boots|[from] move: Knock Off|[of] p1a: Lokix\n|move|p2a: Articuno|Freeze-Dry|p1a: Lokix\n|-damage|p1a: Lokix|0 fnt\n|faint|p1a: Lokix\n|\n|upkeep\n|\n|t:|1783572319\n|switch|p1a: Toxapex|Toxapex, L82, M|60/100\n|turn|22\n|inactive|Time left: 300 sec this turn | 300 sec total\n|\n|t:|1783572320\n|move|p2a: Articuno|Freeze-Dry|p1a: Toxapex\n|-supereffective|p1a: Toxapex\n|-damage|p1a: Toxapex|10/100\n|move|p1a: Toxapex|Recover|p1a: Toxapex\n|-heal|p1a: Toxapex|60/100\n|\n|upkeep\n|turn|23\n|inactive|Time left: 300 sec this turn | 300 sec total\n|\n|t:|1783572321\n|move|p2a: Articuno|Freeze-Dry|p1a: Toxapex\n|-supereffective|p1a: Toxapex\n|-damage|p1a: Toxapex|13/100\n|move|p1a: Toxapex|Recover|p1a: Toxapex\n|-heal|p1a: Toxapex|63/100\n|\n|upkeep\n|turn|24\n|inactive|Time left: 300 sec this turn | 300 sec total\n|\n|t:|1783572322\n|move|p2a: Articuno|Freeze-Dry|p1a: Toxapex\n|-supereffective|p1a: Toxapex\n|-damage|p1a: Toxapex|15/100\n|move|p1a: Toxapex|Recover|p1a: Toxapex\n|-heal|p1a: Toxapex|65/100\n|\n|upkeep\n|turn|25\n|inactive|Time left: 300 sec this turn | 300 sec total\n|\n|t:|1783572323\n|move|p2a: Articuno|Freeze-Dry|p1a: Toxapex\n|-supereffective|p1a: Toxapex\n|-damage|p1a: Toxapex|15/100\n|-status|p1a: Toxapex|frz\n|cant|p1a: Toxapex|frz\n|\n|upkeep\n|turn|26\n|inactive|Time left: 300 sec this turn | 300 sec total\n|\n|t:|1783572324\n|move|p2a: Articuno|Roost|p2a: Articuno\n|-heal|p2a: Articuno|246/295\n|-singleturn|p2a: Articuno|move: Roost\n|-curestatus|p1a: Toxapex|frz|[msg]\n|move|p1a: Toxapex|Liquidation|p2a: Articuno\n|-damage|p2a: Articuno|189/295\n|\n|upkeep\n|turn|27\n|inactive|Time left: 300 sec this turn | 300 sec total\n|\n|t:|1783572325\n|switch|p1a: Cacturne|Cacturne, L92, M|100/100\n|move|p2a: Articuno|Freeze-Dry|p1a: Cacturne\n|-supereffective|p1a: Cacturne\n|-damage|p1a: Cacturne|31/100\n|\n|upkeep\n|turn|28\n|inactive|Time left: 300 sec this turn | 300 sec total\n|\n|t:|1783572326\n|move|p1a: Cacturne|Sucker Punch|p2a: Articuno\n|-damage|p2a: Articuno|75/295\n|-damage|p1a: Cacturne|22/100|[from] item: Life Orb\n|move|p2a: Articuno|Freeze-Dry|p1a: Cacturne\n|-supereffective|p1a: Cacturne\n|-damage|p1a: Cacturne|0 fnt\n|faint|p1a: Cacturne\n|\n|upkeep\n|\n|t:|1783572327\n|switch|p1a: Toxapex|Toxapex, L82, M|49/100\n|turn|29\n|inactive|Time left: 300 sec this turn | 300 sec total\n|\n|t:|1783572328\n|switch|p1a: Sandaconda|Sandaconda, L84, M, tera:Dragon|39/100\n|move|p2a: Articuno|Freeze-Dry|p1a: Sandaconda\n|-supereffective|p1a: Sandaconda\n|-damage|p1a: Sandaconda|0 fnt\n|faint|p1a: Sandaconda\n|\n|upkeep\n|\n|t:|1783572329\n|switch|p1a: Toxapex|Toxapex, L82, M|82/100\n|turn|30\n|inactive|Time left: 300 sec this turn | 300 sec total\n|\n|t:|1783572330\n|-terastallize|p2a: Articuno|Steel\n|move|p2a: Articuno|Freeze-Dry|p1a: Toxapex\n|-supereffective|p1a: Toxapex\n|-damage|p1a: Toxapex|34/100\n|move|p1a: Toxapex|Recover|p1a: Toxapex\n|-heal|p1a: Toxapex|84/100\n|\n|upkeep\n|turn|31\n|inactive|Time left: 300 sec this turn | 300 sec total\n|\n|t:|1783572332\n|move|p2a: Articuno|Freeze-Dry|p1a: Toxapex\n|-supereffective|p1a: Toxapex\n|-damage|p1a: Toxapex|34/100\n|-status|p1a: Toxapex|frz\n|cant|p1a: Toxapex|frz\n|\n|upkeep\n|turn|32\n|inactive|Time left: 300 sec this turn | 300 sec total\n|\n|t:|1783572333\n|move|p2a: Articuno|Brave Bird|p1a: Toxapex\n|-damage|p1a: Toxapex|0 fnt\n|-damage|p2a: Articuno|26/295|[from] item: Rocky Helmet|[of] p1a: Toxapex\n|faint|p1a: Toxapex\n|-damage|p2a: Articuno|2/295|[from] Recoil\n|\n|win|p0y2802f9b7", "uploadtime": 1783572333, "views": 0, "rating": 0, "private": 0, "password": null, "_winner": "p0y2802f9b7", "_our_name": "p0y2802f9b7"}