{"id": "battle-gen9randombattle-2039", "formatid": "gen9randombattle", "format": "[Gen 9] Random Battle", "players": ["p0x20392384", "p0y2039df55"], "log": "|init|battle\n|title|p0x20392384 vs. p0y2039df55\n|j|\u2606p0x20392384\n|j|\u2606p0y2039df55\n|t:|1783563612\n|gametype|singles\n|player|p1|p0x20392384|101|\n|player|p2|p0y2039df55|265|\n|gen|9\n|tier|[Gen 9] Random Battle\n|rule|Species Clause: Limit one of each Pok\u00e9mon\n|rule|HP Percentage Mod: HP is shown in percentages\n|rule|Sleep Clause Mod: Limit one foe put to sleep\n|rule|Illusion Level Mod: Illusion disguises the Pok\u00e9mon's true level\n|\n|t:|1783563612\n|teamsize|p1|6\n|teamsize|p2|6\n|start\n|switch|p1a: Mandibuzz|Mandibuzz, L85, F|100/100\n|switch|p2a: Phione|Phione, L91|293/293\n|turn|1\n|inactive|Battle timer is ON: inactive players will automatically lose when time's up. (requested by p0x20392384)\n|inactive|Time left: 300 sec this turn | 300 sec total | 60 sec grace\n|\n|t:|1783563614\n|move|p2a: Phione|Scald|p1a: Mandibuzz\n|-damage|p1a: Mandibuzz|75/100\n|move|p1a: Mandibuzz|Knock Off|p2a: Phione\n|-damage|p2a: Phione|211/293\n|-enditem|p2a: Phione|Leftovers|[from] move: Knock Off|[of] p1a: Mandibuzz\n|\n|upkeep\n|turn|2\n|inactive|Time left: 300 sec this turn | 300 sec total\n|inactive|p0y2039df55 also wants the timer to be on.\n|\n|t:|1783563615\n|move|p2a: Phione|Scald|p1a: Mandibuzz\n|-crit|p1a: Mandibuzz\n|-damage|p1a: Mandibuzz|38/100\n|move|p1a: Mandibuzz|Roost|p1a: Mandibuzz\n|-heal|p1a: Mandibuzz|88/100\n|-singleturn|p1a: Mandibuzz|move: Roost\n|\n|upkeep\n|turn|3\n|inactive|Time left: 300 sec this turn | 300 sec total\n|\n|t:|1783563616\n|move|p2a: Phione|Scald|p1a: Mandibuzz\n|-damage|p1a: Mandibuzz|63/100\n|-status|p1a: Mandibuzz|brn\n|move|p1a: Mandibuzz|Brave Bird|p2a: Phione\n|-crit|p2a: Phione\n|-damage|p2a: Phione|142/293\n|-damage|p1a: Mandibuzz|56/100 brn|[from] Recoil\n|\n|-damage|p1a: Mandibuzz|50/100 brn|[from] brn\n|upkeep\n|turn|4\n|inactive|Time left: 300 sec this turn | 300 sec total\n|\n|t:|1783563617\n|move|p2a: Phione|Scald|p1a: Mandibuzz\n|-damage|p1a: Mandibuzz|25/100 brn\n|move|p1a: Mandibuzz|Roost|p1a: Mandibuzz\n|-heal|p1a: Mandibuzz|75/100 brn\n|-singleturn|p1a: Mandibuzz|move: Roost\n|\n|-damage|p1a: Mandibuzz|69/100 brn|[from] brn\n|upkeep\n|turn|5\n|inactive|Time left: 300 sec this turn | 300 sec total\n|\n|t:|1783563617\n|move|p2a: Phione|Scald|p1a: Mandibuzz\n|-damage|p1a: Mandibuzz|43/100 brn\n|move|p1a: Mandibuzz|Toxic|p2a: Phione\n|-status|p2a: Phione|tox\n|\n|-damage|p2a: Phione|124/293 tox|[from] psn\n|-damage|p1a: Mandibuzz|36/100 brn|[from] brn\n|upkeep\n|turn|6\n|inactive|Time left: 300 sec this turn | 300 sec total\n|\n|t:|1783563618\n|move|p2a: Phione|Ice Beam|p1a: Mandibuzz\n|-supereffective|p1a: Mandibuzz\n|-crit|p1a: Mandibuzz\n|-damage|p1a: Mandibuzz|0 fnt\n|faint|p1a: Mandibuzz\n|\n|-damage|p2a: Phione|88/293 tox|[from] psn\n|upkeep\n|\n|t:|1783563619\n|switch|p1a: Kricketune|Kricketune, L99, M|100/100\n|turn|7\n|inactive|Time left: 300 sec this turn | 300 sec total\n|\n|t:|1783563620\n|move|p2a: Phione|Scald|p1a: Kricketune\n|-damage|p1a: Kricketune|66/100\n|move|p1a: Kricketune|Sticky Web|p2a: Phione\n|-sidestart|p2: p0y2039df55|move: Sticky Web\n|\n|-damage|p2a: Phione|34/293 tox|[from] psn\n|upkeep\n|turn|8\n|inactive|Time left: 300 sec this turn | 300 sec total\n|\n|t:|1783563621\n|switch|p1a: Kingdra|Kingdra, L84, M|100/100\n|move|p2a: Phione|Scald|p1a: Kingdra\n|-resisted|p1a: Kingdra\n|-damage|p1a: Kingdra|93/100\n|\n|-damage|p2a: Phione|0 fnt|[from] psn\n|faint|p2a: Phione\n|upkeep\n|inactive|Time left: 300 sec this turn | 300 sec total | 5 sec grace\n|\n|t:|1783563622\n|switch|p2a: Iron Bundle|Iron Bundle, L78|215/215\n|turn|9\n|inactive|Time left: 300 sec this turn | 300 sec total\n|\n|t:|1783563623\n|switch|p1a: Blissey|Blissey, L85, F|100/100\n|move|p2a: Iron Bundle|Freeze-Dry|p1a: Blissey\n|-damage|p1a: Blissey|91/100\n|\n|-heal|p1a: Blissey|97/100|[from] item: Leftovers\n|upkeep\n|turn|10\n|inactive|Time left: 300 sec this turn | 300 sec total\n|\n|t:|1783563624\n|-end|p2a: Iron Bundle|Quark Drive|[silent]\n|switch|p2a: Altaria|Altaria, L89, F|278/278\n|move|p1a: Blissey|Thunder Wave|p2a: Altaria\n|-status|p2a: Altaria|par\n|\n|-heal|p1a: Blissey|100/100|[from] item: Leftovers\n|upkeep\n|turn|11\n|inactive|Time left: 300 sec this turn | 300 sec total\n|\n|t:|1783563625\n|move|p1a: Blissey|Seismic Toss|p2a: Altaria\n|-damage|p2a: Altaria|193/278 par\n|cant|p2a: Altaria|par\n|\n|upkeep\n|turn|12\n|inactive|Time left: 300 sec this turn | 300 sec total\n|\n|t:|1783563626\n|move|p1a: Blissey|Stealth Rock|p2a: Altaria\n|-sidestart|p2: p0y2039df55|move: Stealth Rock\n|cant|p2a: Altaria|par\n|\n|upkeep\n|turn|13\n|inactive|Time left: 300 sec this turn | 300 sec total\n|\n|t:|1783563627\n|move|p1a: Blissey|Seismic Toss|p2a: Altaria\n|-damage|p2a: Altaria|108/278 par\n|move|p2a: Altaria|Defog|p1a: Blissey\n|-unboost|p1a: Blissey|evasion|1\n|-sideend|p2: p0y2039df55|Stealth Rock|[from] move: Defog|[of] p2a: Altaria\n|-sideend|p2: p0y2039df55|Sticky Web|[from] move: Defog|[of] p2a: Altaria\n|\n|upkeep\n|turn|14\n|inactive|Time left: 300 sec this turn | 300 sec total\n|\n|t:|1783563629\n|move|p1a: Blissey|Seismic Toss|p2a: Altaria\n|-damage|p2a: Altaria|23/278 par\n|cant|p2a: Altaria|par\n|\n|upkeep\n|turn|15\n|inactive|Time left: 300 sec this turn | 300 sec total\n|\n|t:|1783563630\n|move|p1a: Blissey|Seismic Toss|p2a: Altaria\n|-damage|p2a: Altaria|0 fnt\n|faint|p2a: Altaria\n|\n|upkeep\n|inactive|Time left: 300 sec this turn | 300 sec total | 5 sec grace\n|\n|t:|1783563631\n|switch|p2a: Hitmonchan|Hitmonchan, L87, M|229/229\n|turn|16\n|inactive|Time left: 300 sec this turn | 300 sec total\n|\n|t:|1783563632\n|switch|p1a: Kricketune|Kricketune, L99, M|66/100\n|move|p2a: Hitmonchan|Drain Punch|p1a: Kricketune\n|-resisted|p1a: Kricketune\n|-damage|p1a: Kricketune|43/100\n|\n|upkeep\n|turn|17\n|inactive|Time left: 300 sec this turn | 300 sec total\n|\n|t:|1783563633\n|move|p1a: Kricketune|Sticky Web|p2a: Hitmonchan\n|-sidestart|p2: p0y2039df55|move: Sticky Web\n|move|p2a: Hitmonchan|Bulk Up|p2a: Hitmonchan\n|-boost|p2a: Hitmonchan|atk|1\n|-boost|p2a: Hitmonchan|def|1\n|\n|upkeep\n|turn|18\n|inactive|Time left: 300 sec this turn | 300 sec total\n|\n|t:|1783563634\n|switch|p1a: Arceus|Arceus-Rock, L74|100/100\n|move|p2a: Hitmonchan|Knock Off|p1a: Arceus\n|-damage|p1a: Arceus|79/100\n|\n|upkeep\n|turn|19\n|inactive|Time left: 300 sec this turn | 300 sec total\n|\n|t:|1783563635\n|-terastallize|p1a: Arceus|Ground\n|move|p1a: Arceus|Calm Mind|p1a: Arceus\n|-boost|p1a: Arceus|spa|1\n|-boost|p1a: Arceus|spd|1\n|move|p2a: Hitmonchan|Drain Punch|p1a: Arceus\n|-damage|p1a: Arceus|30/100\n|\n|upkeep\n|turn|20\n|inactive|Time left: 300 sec this turn | 300 sec total\n|\n|t:|1783563636\n|move|p1a: Arceus|Recover|p1a: Arceus\n|-heal|p1a: Arceus|80/100\n|move|p2a: Hitmonchan|Drain Punch|p1a: Arceus\n|-damage|p1a: Arceus|31/100\n|\n|upkeep\n|turn|21\n|inactive|Time left: 300 sec this turn | 300 sec total\n|\n|t:|1783563637\n|move|p1a: Arceus|Recover|p1a: Arceus\n|-heal|p1a: Arceus|81/100\n|move|p2a: Hitmonchan|Drain Punch|p1a: Arceus\n|-damage|p1a: Arceus|36/100\n|\n|upkeep\n|turn|22\n|inactive|Time left: 300 sec this turn | 300 sec total\n|\n|t:|1783563638\n|move|p1a: Arceus|Recover|p1a: Arceus\n|-heal|p1a: Arceus|86/100\n|move|p2a: Hitmonchan|Drain Punch|p1a: Arceus\n|-damage|p1a: Arceus|36/100\n|\n|upkeep\n|turn|23\n|inactive|Time left: 300 sec this turn | 300 sec total\n|\n|t:|1783563639\n|move|p1a: Arceus|Recover|p1a: Arceus\n|-heal|p1a: Arceus|86/100\n|move|p2a: Hitmonchan|Drain Punch|p1a: Arceus\n|-damage|p1a: Arceus|38/100\n|\n|upkeep\n|turn|24\n|inactive|Time left: 300 sec this turn | 300 sec total\n|\n|t:|1783563640\n|move|p1a: Arceus|Recover|p1a: Arceus\n|-heal|p1a: Arceus|88/100\n|move|p2a: Hitmonchan|Drain Punch|p1a: Arceus\n|-damage|p1a: Arceus|44/100\n|\n|upkeep\n|turn|25\n|inactive|Time left: 300 sec this turn | 300 sec total\n|\n|t:|1783563641\n|move|p1a: Arceus|Recover|p1a: Arceus\n|-heal|p1a: Arceus|94/100\n|move|p2a: Hitmonchan|Drain Punch|p1a: Arceus\n|-damage|p1a: Arceus|47/100\n|\n|upkeep\n|turn|26\n|inactive|Time left: 300 sec this turn | 300 sec total\n|\n|t:|1783563642\n|move|p1a: Arceus|Recover|p1a: Arceus\n|-heal|p1a: Arceus|97/100\n|move|p2a: Hitmonchan|Drain Punch|p1a: Arceus\n|-damage|p1a: Arceus|52/100\n|\n|upkeep\n|turn|27\n|inactive|Time left: 300 sec this turn | 300 sec total\n|\n|t:|1783563643\n|move|p1a: Arceus|Recover|p1a: Arceus\n|-heal|p1a: Arceus|100/100\n|move|p2a: Hitmonchan|Drain Punch|p1a: Arceus\n|-damage|p1a: Arceus|56/100\n|\n|upkeep\n|turn|28\n|inactive|Time left: 300 sec this turn | 300 sec total\n|\n|t:|1783563644\n|move|p1a: Arceus|Earth Power|p2a: Hitmonchan\n|-damage|p2a: Hitmonchan|112/229\n|move|p2a: Hitmonchan|Drain Punch|p1a: Arceus\n|-damage|p1a: Arceus|6/100\n|-heal|p2a: Hitmonchan|188/229|[from] drain|[of] p1a: Arceus\n|\n|-heal|p2a: Hitmonchan|202/229|[from] item: Leftovers\n|upkeep\n|turn|29\n|inactive|Time left: 300 sec this turn | 300 sec total\n|\n|t:|1783563645\n|move|p1a: Arceus|Earth Power|p2a: Hitmonchan\n|-damage|p2a: Hitmonchan|94/229\n|move|p2a: Hitmonchan|Drain Punch|p1a: Arceus\n|-damage|p1a: Arceus|0 fnt\n|-heal|p2a: Hitmonchan|103/229|[from] drain|[of] p1a: Arceus\n|faint|p1a: Arceus\n|\n|-heal|p2a: Hitmonchan|117/229|[from] item: Leftovers\n|upkeep\n|\n|t:|1783563646\n|switch|p1a: Iron Boulder|Iron Boulder, L77|100/100\n|turn|30\n|inactive|Time left: 300 sec this turn | 300 sec total\n|\n|t:|1783563647\n|move|p1a: Iron Boulder|Zen Headbutt|p2a: Hitmonchan|[miss]\n|-miss|p1a: Iron Boulder|p2a: Hitmonchan\n|move|p2a: Hitmonchan|Drain Punch|p1a: Iron Boulder\n|-damage|p1a: Iron Boulder|31/100\n|-heal|p2a: Hitmonchan|209/229|[from] drain|[of] p1a: Iron Boulder\n|\n|-heal|p2a: Hitmonchan|223/229|[from] item: Leftovers\n|upkeep\n|turn|31\n|inactive|Time left: 300 sec this turn | 300 sec total\n|\n|t:|1783563648\n|move|p1a: Iron Boulder|Zen Headbutt|p2a: Hitmonchan|[miss]\n|-miss|p1a: Iron Boulder|p2a: Hitmonchan\n|move|p2a: Hitmonchan|Drain Punch|p1a: Iron Boulder\n|-damage|p1a: Iron Boulder|0 fnt\n|-heal|p2a: Hitmonchan|229/229|[from] drain|[of] p1a: Iron Boulder\n|faint|p1a: Iron Boulder\n|-end|p1a: Iron Boulder|Quark Drive|[silent]\n|\n|upkeep\n|\n|t:|1783563649\n|switch|p1a: Kingdra|Kingdra, L84, M|93/100\n|turn|32\n|inactive|Time left: 300 sec this turn | 300 sec total\n|\n|t:|1783563650\n|move|p1a: Kingdra|Dragon Dance|p1a: Kingdra\n|-boost|p1a: Kingdra|atk|1\n|-boost|p1a: Kingdra|spe|1\n|move|p2a: Hitmonchan|Drain Punch|p1a: Kingdra\n|-damage|p1a: Kingdra|35/100\n|\n|upkeep\n|turn|33\n|inactive|Time left: 300 sec this turn | 300 sec total\n|\n|t:|1783563650\n|move|p1a: Kingdra|Outrage|p2a: Hitmonchan\n|-damage|p2a: Hitmonchan|91/229\n|move|p2a: Hitmonchan|Knock Off|p1a: Kingdra\n|-damage|p1a: Kingdra|0 fnt\n|-enditem|p1a: Kingdra|Lum Berry|[from] move: Knock Off|[of] p2a: Hitmonchan\n|faint|p1a: Kingdra\n|\n|-heal|p2a: Hitmonchan|105/229|[from] item: Leftovers\n|upkeep\n|\n|t:|1783563651\n|switch|p1a: Kricketune|Kricketune, L99, M|43/100\n|turn|34\n|inactive|Time left: 300 sec this turn | 300 sec total\n|\n|t:|1783563652\n|move|p1a: Kricketune|Pounce|p2a: Hitmonchan\n|-resisted|p2a: Hitmonchan\n|-damage|p2a: Hitmonchan|67/229\n|-unboost|p2a: Hitmonchan|spe|1\n|move|p2a: Hitmonchan|Drain Punch|p1a: Kricketune\n|-resisted|p1a: Kricketune\n|-damage|p1a: Kricketune|11/100\n|-heal|p2a: Hitmonchan|116/229|[from] drain|[of] p1a: Kricketune\n|\n|-heal|p2a: Hitmonchan|130/229|[from] item: Leftovers\n|upkeep\n|turn|35\n|inactive|Time left: 300 sec this turn | 300 sec total\n|\n|t:|1783563653\n|move|p1a: Kricketune|Knock Off|p2a: Hitmonchan\n|-resisted|p2a: Hitmonchan\n|-crit|p2a: Hitmonchan\n|-damage|p2a: Hitmonchan|68/229\n|-enditem|p2a: Hitmonchan|Leftovers|[from] move: Knock Off|[of] p1a: Kricketune\n|move|p2a: Hitmonchan|Knock Off|p1a: Kricketune\n|-damage|p1a: Kricketune|0 fnt\n|-enditem|p1a: Kricketune|Heavy-Duty Boots|[from] move: Knock Off|[of] p2a: Hitmonchan\n|faint|p1a: Kricketune\n|\n|upkeep\n|\n|t:|1783563654\n|switch|p1a: Blissey|Blissey, L85, F|100/100\n|turn|36\n|inactive|Time left: 300 sec this turn | 300 sec total\n|\n|t:|1783563655\n|switch|p2a: Umbreon|Umbreon, L84, F|297/297\n|-activate|p2a: Umbreon|move: Sticky Web\n|-unboost|p2a: Umbreon|spe|1\n|move|p1a: Blissey|Seismic Toss|p2a: Umbreon\n|-damage|p2a: Umbreon|212/297\n|\n|-heal|p2a: Umbreon|230/297|[from] item: Leftovers\n|upkeep\n|turn|37\n|inactive|Time left: 300 sec this turn | 300 sec total\n|\n|t:|1783563656\n|move|p1a: Blissey|Thunder Wave|p2a: Umbreon\n|-status|p2a: Umbreon|par\n|-activate|p2a: Umbreon|ability: Synchronize\n|-status|p1a: Blissey|par\n|cant|p2a: Umbreon|par\n|\n|-heal|p2a: Umbreon|248/297 par|[from] item: Leftovers\n|upkeep\n|turn|38\n|inactive|Time left: 300 sec this turn | 300 sec total\n|\n|t:|1783563656\n|move|p1a: Blissey|Seismic Toss|p2a: Umbreon\n|-damage|p2a: Umbreon|163/297 par\n|move|p2a: Umbreon|Wish|p2a: Umbreon\n|\n|-heal|p2a: Umbreon|181/297 par|[from] item: Leftovers\n|upkeep\n|turn|39\n|inactive|Time left: 300 sec this turn | 300 sec total\n|\n|t:|1783563657\n|cant|p1a: Blissey|par\n|move|p2a: Umbreon|Foul Play|p1a: Blissey\n|-damage|p1a: Blissey|94/100 par\n|\n|-heal|p2a: Umbreon|297/297 par|[from] move: Wish|[wisher] Umbreon\n|-heal|p1a: Blissey|99/100 par|[from] item: Leftovers\n|upkeep\n|turn|40\n|inactive|Time left: 300 sec this turn | 300 sec total\n|\n|t:|1783563658\n|move|p1a: Blissey|Stealth Rock|p2a: Umbreon\n|-sidestart|p2: p0y2039df55|move: Stealth Rock\n|move|p2a: Umbreon|Foul Play|p1a: Blissey\n|-damage|p1a: Blissey|95/100 par\n|\n|-heal|p1a: Blissey|100/100 par|[from] item: Leftovers\n|upkeep\n|turn|41\n|inactive|Time left: 300 sec this turn | 300 sec total\n|\n|t:|1783563659\n|move|p1a: Blissey|Seismic Toss|p2a: Umbreon\n|-damage|p2a: Umbreon|212/297 par\n|move|p2a: Umbreon|Wish|p2a: Umbreon\n|\n|-heal|p2a: Umbreon|230/297 par|[from] item: Leftovers\n|upkeep\n|turn|42\n|inactive|Time left: 300 sec this turn | 300 sec total\n|\n|t:|1783563660\n|switch|p2a: Hitmonchan|Hitmonchan, L87, M|68/229\n|-activate|p2a: Hitmonchan|move: Sticky Web\n|-unboost|p2a: Hitmonchan|spe|1\n|-damage|p2a: Hitmonchan|54/229|[from] Stealth Rock\n|move|p1a: Blissey|Thunder Wave|p2a: Hitmonchan\n|-status|p2a: Hitmonchan|par\n|\n|-heal|p2a: Hitmonchan|202/229 par|[from] move: Wish|[wisher] Umbreon\n|upkeep\n|turn|43\n|inactive|Time left: 300 sec this turn | 300 sec total\n|\n|t:|1783563661\n|move|p1a: Blissey|Seismic Toss|p2a: Hitmonchan\n|-damage|p2a: Hitmonchan|117/229 par\n|cant|p2a: Hitmonchan|par\n|\n|upkeep\n|turn|44\n|inactive|Time left: 300 sec this turn | 300 sec total\n|\n|t:|1783563662\n|cant|p1a: Blissey|par\n|move|p2a: Hitmonchan|Knock Off|p1a: Blissey\n|-damage|p1a: Blissey|58/100 par\n|-enditem|p1a: Blissey|Leftovers|[from] move: Knock Off|[of] p2a: Hitmonchan\n|\n|upkeep\n|turn|45\n|inactive|Time left: 300 sec this turn | 300 sec total\n|\n|t:|1783563663\n|cant|p1a: Blissey|par\n|cant|p2a: Hitmonchan|par\n|\n|upkeep\n|turn|46\n|inactive|Time left: 300 sec this turn | 300 sec total\n|\n|t:|1783563664\n|cant|p1a: Blissey|par\n|cant|p2a: Hitmonchan|par\n|\n|upkeep\n|turn|47\n|inactive|Time left: 300 sec this turn | 300 sec total\n|\n|t:|1783563665\n|move|p1a: Blissey|Soft-Boiled|p1a: Blissey\n|-heal|p1a: Blissey|100/100 par\n|cant|p2a: Hitmonchan|par\n|\n|upkeep\n|turn|48\n|inactive|Time left: 300 sec this turn | 300 sec total\n|\n|t:|1783563666\n|move|p1a: Blissey|Seismic Toss|p2a: Hitmonchan\n|-damage|p2a: Hitmonchan|32/229 par\n|move|p2a: Hitmonchan|Bulk Up|p2a: Hitmonchan\n|-boost|p2a: Hitmonchan|atk|1\n|-boost|p2a: Hitmonchan|def|1\n|\n|upkeep\n|turn|49\n|inactive|Time left: 300 sec this turn | 300 sec total\n|\n|t:|1783563667\n|cant|p1a: Blissey|par\n|move|p2a: Hitmonchan|Poison Jab|p1a: Blissey\n|-damage|p1a: Blissey|48/100 par\n|\n|upkeep\n|turn|50\n|inactive|Time left: 300 sec this turn | 300 sec total\n|\n|t:|1783563669\n|move|p1a: Blissey|Soft-Boiled|p1a: Blissey\n|-heal|p1a: Blissey|98/100 par\n|move|p2a: Hitmonchan|Poison Jab|p1a: Blissey\n|-damage|p1a: Blissey|46/100 par\n|\n|upkeep\n|turn|51\n|inactive|Time left: 300 sec this turn | 300 sec total\n|\n|t:|1783563670\n|move|p1a: Blissey|Seismic Toss|p2a: Hitmonchan\n|-damage|p2a: Hitmonchan|0 fnt\n|faint|p2a: Hitmonchan\n|\n|upkeep\n|inactive|Time left: 300 sec this turn | 300 sec total | 5 sec grace\n|\n|t:|1783563670\n|switch|p2a: Florges|Florges-Blue, L85, F|271/271\n|-activate|p2a: Florges|move: Sticky Web\n|-unboost|p2a: Florges|spe|1\n|-damage|p2a: Florges|238/271|[from] Stealth Rock\n|turn|52\n|inactive|Time left: 300 sec this turn | 300 sec total\n|\n|t:|1783563671\n|move|p2a: Florges|Calm Mind|p2a: Florges\n|-boost|p2a: Florges|spa|1\n|-boost|p2a: Florges|spd|1\n|move|p1a: Blissey|Soft-Boiled|p1a: Blissey\n|-heal|p1a: Blissey|96/100 par\n|\n|-heal|p2a: Florges|254/271|[from] item: Leftovers\n|upkeep\n|turn|53\n|inactive|Time left: 300 sec this turn | 300 sec total\n|\n|t:|1783563672\n|move|p2a: Florges|Calm Mind|p2a: Florges\n|-boost|p2a: Florges|spa|1\n|-boost|p2a: Florges|spd|1\n|cant|p1a: Blissey|par\n|\n|-heal|p2a: Florges|270/271|[from] item: Leftovers\n|upkeep\n|turn|54\n|inactive|Time left: 300 sec this turn | 300 sec total\n|\n|t:|1783563674\n|move|p2a: Florges|Moonblast|p1a: Blissey\n|-damage|p1a: Blissey|68/100 par\n|-unboost|p1a: Blissey|spa|1\n|cant|p1a: Blissey|par\n|\n|-heal|p2a: Florges|271/271|[from] item: Leftovers\n|upkeep\n|turn|55\n|inactive|Time left: 300 sec this turn | 300 sec total\n|\n|t:|1783563675\n|move|p2a: Florges|Moonblast|p1a: Blissey\n|-damage|p1a: Blissey|41/100 par\n|-unboost|p1a: Blissey|spa|1\n|move|p1a: Blissey|Soft-Boiled|p1a: Blissey\n|-heal|p1a: Blissey|91/100 par\n|\n|upkeep\n|turn|56\n|inactive|Time left: 300 sec this turn | 300 sec total\n|\n|t:|1783563676\n|move|p2a: Florges|Moonblast|p1a: Blissey\n|-damage|p1a: Blissey|59/100 par\n|-unboost|p1a: Blissey|spa|1\n|move|p1a: Blissey|Thunder Wave|p2a: Florges\n|-status|p2a: Florges|par\n|\n|upkeep\n|turn|57\n|inactive|Time left: 300 sec this turn | 300 sec total\n|\n|t:|1783563677\n|cant|p1a: Blissey|par\n|move|p2a: Florges|Moonblast|p1a: Blissey\n|-damage|p1a: Blissey|32/100 par\n|-unboost|p1a: Blissey|spa|1\n|\n|upkeep\n|turn|58\n|inactive|Time left: 300 sec this turn | 300 sec total\n|\n|t:|1783563678\n|move|p1a: Blissey|Soft-Boiled|p1a: Blissey\n|-heal|p1a: Blissey|82/100 par\n|move|p2a: Florges|Moonblast|p1a: Blissey\n|-damage|p1a: Blissey|52/100 par\n|-unboost|p1a: Blissey|spa|1\n|\n|upkeep\n|turn|59\n|inactive|Time left: 300 sec this turn | 300 sec total\n|\n|t:|1783563679\n|cant|p1a: Blissey|par\n|move|p2a: Florges|Moonblast|p1a: Blissey\n|-damage|p1a: Blissey|25/100 par\n|-unboost|p1a: Blissey|spa|1\n|\n|upkeep\n|turn|60\n|inactive|Time left: 300 sec this turn | 300 sec total\n|\n|t:|1783563680\n|move|p1a: Blissey|Soft-Boiled|p1a: Blissey\n|-heal|p1a: Blissey|75/100 par\n|cant|p2a: Florges|par\n|\n|upkeep\n|turn|61\n|inactive|Time left: 300 sec this turn | 300 sec total\n|\n|t:|1783563681\n|move|p1a: Blissey|Soft-Boiled|p1a: Blissey\n|-heal|p1a: Blissey|100/100 par\n|move|p2a: Florges|Calm Mind|p2a: Florges\n|-boost|p2a: Florges|spa|1\n|-boost|p2a: Florges|spd|1\n|\n|upkeep\n|turn|62\n|inactive|Time left: 300 sec this turn | 300 sec total\n|\n|t:|1783563682\n|move|p1a: Blissey|Seismic Toss|p2a: Florges\n|-damage|p2a: Florges|186/271 par\n|move|p2a: Florges|Moonblast|p1a: Blissey\n|-damage|p1a: Blissey|68/100 par\n|\n|-heal|p2a: Florges|202/271 par|[from] item: Leftovers\n|upkeep\n|turn|63\n|inactive|Time left: 300 sec this turn | 300 sec total\n|\n|t:|1783563683\n|cant|p1a: Blissey|par\n|move|p2a: Florges|Moonblast|p1a: Blissey\n|-damage|p1a: Blissey|30/100 par\n|\n|-heal|p2a: Florges|218/271 par|[from] item: Leftovers\n|upkeep\n|turn|64\n|inactive|Time left: 300 sec this turn | 300 sec total\n|\n|t:|1783563684\n|move|p1a: Blissey|Soft-Boiled|p1a: Blissey\n|-heal|p1a: Blissey|80/100 par\n|move|p2a: Florges|Moonblast|p1a: Blissey\n|-damage|p1a: Blissey|42/100 par\n|\n|-heal|p2a: Florges|234/271 par|[from] item: Leftovers\n|upkeep\n|turn|65\n|inactive|Time left: 300 sec this turn | 300 sec total\n|\n|t:|1783563685\n|move|p1a: Blissey|Seismic Toss|p2a: Florges\n|-damage|p2a: Florges|149/271 par\n|cant|p2a: Florges|par\n|\n|-heal|p2a: Florges|165/271 par|[from] item: Leftovers\n|upkeep\n|turn|66\n|inactive|Time left: 300 sec this turn | 300 sec total\n|\n|t:|1783563686\n|cant|p1a: Blissey|par\n|move|p2a: Florges|Moonblast|p1a: Blissey\n|-damage|p1a: Blissey|9/100 par\n|\n|-heal|p2a: Florges|181/271 par|[from] item: Leftovers\n|upkeep\n|turn|67\n|inactive|Time left: 300 sec this turn | 300 sec total\n|\n|t:|1783563687\n|-terastallize|p2a: Florges|Steel\n|move|p1a: Blissey|Seismic Toss|p2a: Florges\n|-damage|p2a: Florges|96/271 par\n|move|p2a: Florges|Moonblast|p1a: Blissey\n|-damage|p1a: Blissey|0 fnt\n|faint|p1a: Blissey\n|\n|win|p0y2039df55", "uploadtime": 1783563687, "views": 0, "rating": 0, "private": 0, "password": null, "_winner": "p0y2039df55", "_our_name": "p0y2039df55"}