{"id": "battle-gen9randombattle-1791", "formatid": "gen9randombattle", "format": "[Gen 9] Random Battle", "players": ["p0x17912fa3", "p0y17918c0c"], "log": "|init|battle\n|title|p0x17912fa3 vs. p0y17918c0c\n|j|\u2606p0x17912fa3\n|j|\u2606p0y17918c0c\n|t:|1783559994\n|gametype|singles\n|player|p1|p0x17912fa3|101|\n|player|p2|p0y17918c0c|169|\n|gen|9\n|tier|[Gen 9] Random Battle\n|rule|Species Clause: Limit one of each Pok\u00e9mon\n|rule|HP Percentage Mod: HP is shown in percentages\n|rule|Sleep Clause Mod: Limit one foe put to sleep\n|rule|Illusion Level Mod: Illusion disguises the Pok\u00e9mon's true level\n|\n|t:|1783559994\n|teamsize|p1|6\n|teamsize|p2|6\n|start\n|switch|p1a: Vikavolt|Vikavolt, L83, F|100/100\n|switch|p2a: Medicham|Medicham, L86, F|243/243\n|turn|1\n|inactive|Battle timer is ON: inactive players will automatically lose when time's up. (requested by p0y17918c0c)\n|inactive|p0x17912fa3 also wants the timer to be on.\n|\n|t:|1783559996\n|move|p2a: Medicham|Zen Headbutt|p1a: Vikavolt\n|-damage|p1a: Vikavolt|32/100\n|move|p1a: Vikavolt|Sticky Web|p2a: Medicham\n|-sidestart|p2: p0y17918c0c|move: Sticky Web\n|\n|upkeep\n|turn|2\n|inactive|Time left: 300 sec this turn | 300 sec total\n|\n|t:|1783559997\n|switch|p1a: Leafeon|Leafeon, L88, M|100/100\n|move|p2a: Medicham|Zen Headbutt|p1a: Leafeon\n|-damage|p1a: Leafeon|54/100\n|\n|-heal|p1a: Leafeon|60/100|[from] item: Leftovers\n|upkeep\n|turn|3\n|inactive|Time left: 300 sec this turn | 300 sec total\n|\n|t:|1783559998\n|move|p1a: Leafeon|Knock Off|p2a: Medicham\n|-damage|p2a: Medicham|158/243\n|-enditem|p2a: Medicham|Choice Band|[from] move: Knock Off|[of] p1a: Leafeon\n|move|p2a: Medicham|Zen Headbutt|p1a: Leafeon\n|-damage|p1a: Leafeon|25/100\n|\n|-heal|p1a: Leafeon|31/100|[from] item: Leftovers\n|upkeep\n|turn|4\n|inactive|Time left: 300 sec this turn | 300 sec total\n|\n|t:|1783559999\n|move|p1a: Leafeon|Leaf Blade|p2a: Medicham\n|-damage|p2a: Medicham|31/243\n|move|p2a: Medicham|Close Combat|p1a: Leafeon\n|-damage|p1a: Leafeon|0 fnt\n|-unboost|p2a: Medicham|def|1\n|-unboost|p2a: Medicham|spd|1\n|faint|p1a: Leafeon\n|\n|upkeep\n|\n|t:|1783560000\n|switch|p1a: Keldeo|Keldeo-Resolute, L79|100/100\n|turn|5\n|inactive|Time left: 300 sec this turn | 300 sec total\n|\n|t:|1783560001\n|move|p1a: Keldeo|Secret Sword|p2a: Medicham\n|-resisted|p2a: Medicham\n|-damage|p2a: Medicham|0 fnt\n|faint|p2a: Medicham\n|\n|upkeep\n|inactive|Time left: 300 sec this turn | 300 sec total | 5 sec grace\n|\n|t:|1783560002\n|switch|p2a: Excadrill|Excadrill, L79, M|303/303\n|-activate|p2a: Excadrill|move: Sticky Web\n|-unboost|p2a: Excadrill|spe|1\n|-ability|p2a: Excadrill|Mold Breaker\n|turn|6\n|inactive|Time left: 300 sec this turn | 300 sec total\n|\n|t:|1783560003\n|-terastallize|p2a: Excadrill|Water\n|move|p1a: Keldeo|Secret Sword|p2a: Excadrill\n|-damage|p2a: Excadrill|162/303\n|move|p2a: Excadrill|Rapid Spin|p1a: Keldeo\n|-damage|p1a: Keldeo|85/100\n|-boost|p2a: Excadrill|spe|1\n|-sideend|p2: p0y17918c0c|Sticky Web|[from] move: Rapid Spin|[of] p2a: Excadrill\n|\n|-heal|p1a: Keldeo|91/100|[from] item: Leftovers\n|-heal|p2a: Excadrill|180/303|[from] item: Leftovers\n|upkeep\n|turn|7\n|inactive|Time left: 300 sec this turn | 300 sec total\n|\n|t:|1783560004\n|move|p1a: Keldeo|Calm Mind|p1a: Keldeo\n|-boost|p1a: Keldeo|spa|1\n|-boost|p1a: Keldeo|spd|1\n|move|p2a: Excadrill|Earthquake|p1a: Keldeo\n|-damage|p1a: Keldeo|40/100\n|\n|-heal|p1a: Keldeo|47/100|[from] item: Leftovers\n|-heal|p2a: Excadrill|198/303|[from] item: Leftovers\n|upkeep\n|turn|8\n|inactive|Time left: 300 sec this turn | 300 sec total\n|\n|t:|1783560005\n|move|p1a: Keldeo|Secret Sword|p2a: Excadrill\n|-damage|p2a: Excadrill|0 fnt\n|faint|p2a: Excadrill\n|\n|-heal|p1a: Keldeo|53/100|[from] item: Leftovers\n|upkeep\n|inactive|Time left: 300 sec this turn | 300 sec total | 5 sec grace\n|\n|t:|1783560006\n|switch|p2a: Kingdra|Kingdra, L84, M|263/263\n|turn|9\n|inactive|Time left: 300 sec this turn | 300 sec total\n|\n|t:|1783560007\n|move|p1a: Keldeo|Secret Sword|p2a: Kingdra\n|-damage|p2a: Kingdra|113/263\n|move|p2a: Kingdra|Dragon Dance|p2a: Kingdra\n|-boost|p2a: Kingdra|atk|1\n|-boost|p2a: Kingdra|spe|1\n|\n|-heal|p1a: Keldeo|59/100|[from] item: Leftovers\n|upkeep\n|turn|10\n|inactive|Time left: 300 sec this turn | 300 sec total\n|\n|t:|1783560008\n|-terastallize|p1a: Keldeo|Steel\n|move|p2a: Kingdra|Outrage|p1a: Keldeo\n|-resisted|p1a: Keldeo\n|-damage|p1a: Keldeo|21/100\n|move|p1a: Keldeo|Secret Sword|p2a: Kingdra\n|-damage|p2a: Kingdra|0 fnt\n|faint|p2a: Kingdra\n|\n|-heal|p1a: Keldeo|27/100|[from] item: Leftovers\n|upkeep\n|inactive|Time left: 300 sec this turn | 300 sec total | 5 sec grace\n|\n|t:|1783560010\n|switch|p2a: Miraidon|Miraidon, L65|238/238\n|-fieldstart|move: Electric Terrain|[from] ability: Hadron Engine|[of] p2a: Miraidon\n|turn|11\n|inactive|Time left: 300 sec this turn | 300 sec total\n|\n|t:|1783560011\n|move|p1a: Keldeo|Secret Sword|p2a: Miraidon\n|-damage|p2a: Miraidon|66/238\n|move|p2a: Miraidon|Electro Drift|p1a: Keldeo\n|-damage|p1a: Keldeo|0 fnt\n|faint|p1a: Keldeo\n|-damage|p2a: Miraidon|43/238|[from] item: Life Orb\n|\n|upkeep\n|\n|t:|1783560012\n|switch|p1a: Dialga|Dialga-Origin, L73|100/100\n|-ability|p1a: Dialga|Pressure\n|turn|12\n|inactive|Time left: 300 sec this turn | 300 sec total\n|\n|t:|1783560013\n|move|p2a: Miraidon|Draco Meteor|p1a: Dialga\n|-damage|p1a: Dialga|33/100\n|-unboost|p2a: Miraidon|spa|2\n|-damage|p2a: Miraidon|20/238|[from] item: Life Orb\n|move|p1a: Dialga|Dragon Tail|p2a: Miraidon\n|-supereffective|p2a: Miraidon\n|-damage|p2a: Miraidon|0 fnt\n|faint|p2a: Miraidon\n|\n|upkeep\n|inactive|Time left: 300 sec this turn | 300 sec total | 5 sec grace\n|\n|t:|1783560014\n|switch|p2a: Mamoswine|Mamoswine, L81, M|311/311\n|turn|13\n|inactive|Time left: 300 sec this turn | 300 sec total\n|\n|t:|1783560015\n|switch|p1a: Vikavolt|Vikavolt, L83, F|32/100\n|move|p2a: Mamoswine|Icicle Crash|p1a: Vikavolt|[miss]\n|-miss|p2a: Mamoswine|p1a: Vikavolt\n|\n|upkeep\n|turn|14\n|inactive|Time left: 300 sec this turn | 300 sec total\n|\n|t:|1783560016\n|switch|p1a: Registeel|Registeel, L81|100/100\n|move|p2a: Mamoswine|Icicle Crash|p1a: Registeel\n|-resisted|p1a: Registeel\n|-damage|p1a: Registeel|84/100\n|-damage|p2a: Mamoswine|280/311|[from] item: Life Orb\n|\n|upkeep\n|turn|15\n|inactive|Time left: 300 sec this turn | 300 sec total\n|\n|t:|1783560017\n|switch|p1a: Vikavolt|Vikavolt, L83, F|32/100\n|move|p2a: Mamoswine|Earthquake|p1a: Vikavolt\n|-immune|p1a: Vikavolt|[from] ability: Levitate\n|\n|-fieldend|move: Electric Terrain\n|upkeep\n|turn|16\n|inactive|Time left: 300 sec this turn | 300 sec total\n|\n|t:|1783560018\n|move|p2a: Mamoswine|Icicle Crash|p1a: Vikavolt\n|-damage|p1a: Vikavolt|0 fnt\n|faint|p1a: Vikavolt\n|-damage|p2a: Mamoswine|249/311|[from] item: Life Orb\n|\n|upkeep\n|\n|t:|1783560019\n|switch|p1a: Maushold|Maushold, L76|100/100\n|turn|17\n|inactive|Time left: 300 sec this turn | 300 sec total\n|\n|t:|1783560020\n|move|p1a: Maushold|Population Bomb|p2a: Mamoswine\n|-damage|p2a: Mamoswine|222/311\n|-damage|p2a: Mamoswine|195/311\n|-damage|p2a: Mamoswine|171/311\n|-damage|p2a: Mamoswine|146/311\n|-damage|p2a: Mamoswine|122/311\n|-damage|p2a: Mamoswine|95/311\n|-damage|p2a: Mamoswine|71/311\n|-damage|p2a: Mamoswine|46/311\n|-crit|p2a: Mamoswine\n|-damage|p2a: Mamoswine|7/311\n|-damage|p2a: Mamoswine|0 fnt\n|faint|p2a: Mamoswine\n|-hitcount|p2: Mamoswine|10\n|\n|upkeep\n|inactive|Time left: 300 sec this turn | 300 sec total | 5 sec grace\n|\n|t:|1783560021\n|switch|p2a: Lapras|Lapras, L87, F|368/368\n|turn|18\n|inactive|Time left: 300 sec this turn | 300 sec total\n|\n|t:|1783560022\n|move|p1a: Maushold|Population Bomb|p2a: Lapras\n|-damage|p2a: Lapras|341/368\n|-damage|p2a: Lapras|317/368\n|-damage|p2a: Lapras|290/368\n|-damage|p2a: Lapras|265/368\n|-damage|p2a: Lapras|243/368\n|-damage|p2a: Lapras|221/368\n|-damage|p2a: Lapras|196/368\n|-damage|p2a: Lapras|169/368\n|-damage|p2a: Lapras|142/368\n|-damage|p2a: Lapras|120/368\n|-hitcount|p2a: Lapras|10\n|move|p2a: Lapras|Rest|p2a: Lapras\n|-status|p2a: Lapras|slp|[from] move: Rest\n|-heal|p2a: Lapras|368/368 slp|[silent]\n|\n|upkeep\n|turn|19\n|inactive|Time left: 300 sec this turn | 300 sec total\n|\n|t:|1783560022\n|move|p1a: Maushold|Population Bomb|p2a: Lapras\n|-damage|p2a: Lapras|341/368 slp\n|-damage|p2a: Lapras|317/368 slp\n|-damage|p2a: Lapras|295/368 slp\n|-damage|p2a: Lapras|271/368 slp\n|-damage|p2a: Lapras|247/368 slp\n|-damage|p2a: Lapras|223/368 slp\n|-damage|p2a: Lapras|199/368 slp\n|-damage|p2a: Lapras|175/368 slp\n|-damage|p2a: Lapras|150/368 slp\n|-damage|p2a: Lapras|125/368 slp\n|-hitcount|p2a: Lapras|10\n|cant|p2a: Lapras|slp\n|move|p2a: Lapras|Sleep Talk|p2a: Lapras\n|move|p2a: Lapras|Rest||[from] move: Sleep Talk|[still]\n|-fail|p2a: Lapras\n|\n|upkeep\n|turn|20\n|inactive|Time left: 300 sec this turn | 300 sec total\n|\n|t:|1783560023\n|move|p1a: Maushold|Population Bomb|p2a: Lapras\n|-damage|p2a: Lapras|101/368 slp\n|-damage|p2a: Lapras|77/368 slp\n|-damage|p2a: Lapras|55/368 slp\n|-damage|p2a: Lapras|31/368 slp\n|-damage|p2a: Lapras|6/368 slp\n|-damage|p2a: Lapras|0 fnt\n|faint|p2a: Lapras\n|-hitcount|p2: Lapras|6\n|\n|win|p0x17912fa3", "uploadtime": 1783560023, "views": 0, "rating": 0, "private": 0, "password": null, "_winner": "p0x17912fa3", "_our_name": "p0y17918c0c"}