{"id": "battle-gen9randombattle-2505", "formatid": "gen9randombattle", "format": "[Gen 9] Random Battle", "players": ["p0x25057022", "p0y2505c00f"], "log": "|init|battle\n|title|p0x25057022 vs. p0y2505c00f\n|j|\u2606p0x25057022\n|j|\u2606p0y2505c00f\n|t:|1783568038\n|gametype|singles\n|player|p1|p0x25057022|170|\n|player|p2|p0y2505c00f|265|\n|gen|9\n|tier|[Gen 9] Random Battle\n|rule|Species Clause: Limit one of each Pok\u00e9mon\n|rule|HP Percentage Mod: HP is shown in percentages\n|rule|Sleep Clause Mod: Limit one foe put to sleep\n|rule|Illusion Level Mod: Illusion disguises the Pok\u00e9mon's true level\n|\n|t:|1783568038\n|teamsize|p1|6\n|teamsize|p2|6\n|start\n|switch|p1a: Tauros|Tauros-Paldea-Aqua, L81, M|100/100\n|switch|p2a: Krookodile|Krookodile, L79, F|280/280\n|-ability|p1a: Tauros|Intimidate|boost\n|-unboost|p2a: Krookodile|atk|1\n|-ability|p2a: Krookodile|Intimidate|boost\n|-unboost|p1a: Tauros|atk|1\n|turn|1\n|inactive|Battle timer is ON: inactive players will automatically lose when time's up. (requested by p0y2505c00f)\n|inactive|p0x25057022 also wants the timer to be on.\n|\n|t:|1783568040\n|switch|p2a: Luxray|Luxray, L88, F|283/283\n|move|p1a: Tauros|Close Combat|p2a: Luxray\n|-crit|p2a: Luxray\n|-damage|p2a: Luxray|3/283\n|-unboost|p1a: Tauros|def|1\n|-unboost|p1a: Tauros|spd|1\n|\n|-status|p2a: Luxray|brn|[from] item: Flame Orb\n|upkeep\n|turn|2\n|inactive|Time left: 300 sec this turn | 300 sec total\n|\n|t:|1783568042\n|switch|p1a: Dipplin|Dipplin, L88, M|100/100\n|switch|p2a: Flareon|Flareon, L90, M|263/263\n|\n|-status|p2a: Flareon|tox|[from] item: Toxic Orb\n|upkeep\n|turn|3\n|inactive|Time left: 300 sec this turn | 300 sec total\n|\n|t:|1783568043\n|switch|p1a: Tauros|Tauros-Paldea-Aqua, L81, M|100/100\n|-ability|p1a: Tauros|Intimidate|boost\n|-unboost|p2a: Flareon|atk|1\n|move|p2a: Flareon|Trailblaze|p1a: Tauros\n|-supereffective|p1a: Tauros\n|-damage|p1a: Tauros|65/100\n|-boost|p2a: Flareon|spe|1\n|\n|-damage|p2a: Flareon|247/263 tox|[from] psn\n|upkeep\n|turn|4\n|inactive|Time left: 300 sec this turn | 300 sec total\n|\n|t:|1783568044\n|-terastallize|p2a: Flareon|Normal\n|move|p2a: Flareon|Facade|p1a: Tauros\n|-damage|p1a: Tauros|0 fnt\n|faint|p1a: Tauros\n|\n|-damage|p2a: Flareon|215/263 tox|[from] psn\n|upkeep\n|\n|t:|1783568045\n|switch|p1a: Lapras|Lapras, L87, F|100/100\n|turn|5\n|inactive|Time left: 300 sec this turn | 300 sec total\n|\n|t:|1783568046\n|move|p2a: Flareon|Facade|p1a: Lapras\n|-damage|p1a: Lapras|43/100\n|move|p1a: Lapras|Ice Beam|p2a: Flareon\n|-damage|p2a: Flareon|101/263 tox\n|\n|-damage|p2a: Flareon|53/263 tox|[from] psn\n|upkeep\n|turn|6\n|inactive|Time left: 300 sec this turn | 300 sec total\n|\n|t:|1783568047\n|switch|p2a: Rotom|Rotom-Frost, L87|229/229\n|move|p1a: Lapras|Ice Beam|p2a: Rotom\n|-resisted|p2a: Rotom\n|-damage|p2a: Rotom|172/229\n|\n|upkeep\n|turn|7\n|inactive|Time left: 300 sec this turn | 300 sec total\n|\n|t:|1783568048\n|switch|p1a: Dipplin|Dipplin, L88, M|100/100\n|move|p2a: Rotom|Thunderbolt|p1a: Dipplin\n|-resisted|p1a: Dipplin\n|-damage|p1a: Dipplin|94/100\n|\n|upkeep\n|turn|8\n|inactive|Time left: 300 sec this turn | 300 sec total\n|\n|t:|1783568049\n|move|p2a: Rotom|Blizzard|p1a: Dipplin\n|-supereffective|p1a: Dipplin\n|-damage|p1a: Dipplin|0 fnt\n|faint|p1a: Dipplin\n|\n|upkeep\n|\n|t:|1783568050\n|switch|p1a: Cinccino|Cinccino, L83, M|100/100\n|turn|9\n|inactive|Time left: 300 sec this turn | 300 sec total\n|\n|t:|1783568051\n|-terastallize|p1a: Cinccino|Normal\n|move|p1a: Cinccino|Tail Slap|p2a: Rotom\n|-crit|p2a: Rotom\n|-damage|p2a: Rotom|106/229\n|-damage|p2a: Rotom|62/229\n|-damage|p2a: Rotom|22/229\n|-damage|p2a: Rotom|0 fnt\n|faint|p2a: Rotom\n|-hitcount|p2: Rotom|4\n|\n|upkeep\n|inactive|Time left: 300 sec this turn | 300 sec total | 5 sec grace\n|\n|t:|1783568051\n|switch|p2a: Krookodile|Krookodile, L79, F|280/280\n|-ability|p2a: Krookodile|Intimidate|boost\n|-unboost|p1a: Cinccino|atk|1\n|turn|10\n|inactive|Time left: 300 sec this turn | 300 sec total\n|\n|t:|1783568052\n|move|p1a: Cinccino|Triple Axel|p2a: Krookodile\n|-supereffective|p2a: Krookodile\n|-damage|p2a: Krookodile|250/280\n|-supereffective|p2a: Krookodile\n|-damage|p2a: Krookodile|186/280\n|-supereffective|p2a: Krookodile\n|-damage|p2a: Krookodile|98/280\n|-hitcount|p2a: Krookodile|3\n|move|p2a: Krookodile|Knock Off|p1a: Cinccino\n|-damage|p1a: Cinccino|21/100\n|-enditem|p1a: Cinccino|Loaded Dice|[from] move: Knock Off|[of] p2a: Krookodile\n|\n|upkeep\n|turn|11\n|inactive|Time left: 300 sec this turn | 300 sec total\n|\n|t:|1783568053\n|switch|p2a: Chien-Pao|Chien-Pao, L72|234/234\n|-ability|p2a: Chien-Pao|Sword of Ruin\n|move|p1a: Cinccino|Triple Axel|p2a: Chien-Pao\n|-resisted|p2a: Chien-Pao\n|-damage|p2a: Chien-Pao|224/234\n|-resisted|p2a: Chien-Pao\n|-damage|p2a: Chien-Pao|207/234\n|-resisted|p2a: Chien-Pao\n|-damage|p2a: Chien-Pao|180/234\n|-hitcount|p2a: Chien-Pao|3\n|\n|upkeep\n|turn|12\n|inactive|Time left: 300 sec this turn | 300 sec total\n|\n|t:|1783568054\n|move|p2a: Chien-Pao|Ice Shard|p1a: Cinccino\n|-damage|p1a: Cinccino|0 fnt\n|faint|p1a: Cinccino\n|\n|upkeep\n|\n|t:|1783568054\n|switch|p1a: Iron Thorns|Iron Thorns, L83|100/100\n|-enditem|p1a: Iron Thorns|Booster Energy\n|-activate|p1a: Iron Thorns|ability: Quark Drive|[fromitem]\n|-start|p1a: Iron Thorns|quarkdriveatk\n|turn|13\n|inactive|Time left: 300 sec this turn | 300 sec total\n|\n|t:|1783568055\n|switch|p2a: Krookodile|Krookodile, L79, F|98/280\n|-ability|p2a: Krookodile|Intimidate|boost\n|-unboost|p1a: Iron Thorns|atk|1\n|move|p1a: Iron Thorns|Dragon Dance|p1a: Iron Thorns\n|-boost|p1a: Iron Thorns|atk|1\n|-boost|p1a: Iron Thorns|spe|1\n|\n|upkeep\n|turn|14\n|inactive|Time left: 300 sec this turn | 300 sec total\n|\n|t:|1783568056\n|switch|p2a: Flareon|Flareon, L90, M, tera:Normal|53/263 tox\n|move|p1a: Iron Thorns|Earthquake|p2a: Flareon\n|-damage|p2a: Flareon|0 fnt\n|faint|p2a: Flareon\n|\n|upkeep\n|inactive|Time left: 300 sec this turn | 300 sec total | 5 sec grace\n|\n|t:|1783568057\n|switch|p2a: Krookodile|Krookodile, L79, F|98/280\n|-ability|p2a: Krookodile|Intimidate|boost\n|-unboost|p1a: Iron Thorns|atk|1\n|turn|15\n|inactive|Time left: 300 sec this turn | 300 sec total\n|\n|t:|1783568058\n|-end|p1a: Iron Thorns|Quark Drive|[silent]\n|switch|p1a: Drifblim|Drifblim, L86, M|100/100\n|move|p2a: Krookodile|Earthquake|p1a: Drifblim\n|-immune|p1a: Drifblim\n|\n|upkeep\n|turn|16\n|inactive|Time left: 300 sec this turn | 300 sec total\n|\n|t:|1783568059\n|switch|p2a: Chien-Pao|Chien-Pao, L72|180/234\n|-ability|p2a: Chien-Pao|Sword of Ruin\n|move|p1a: Drifblim|Air Slash|p2a: Chien-Pao\n|-crit|p2a: Chien-Pao\n|-damage|p2a: Chien-Pao|0 fnt\n|faint|p2a: Chien-Pao\n|\n|upkeep\n|inactive|Time left: 300 sec this turn | 300 sec total | 5 sec grace\n|\n|t:|1783568060\n|switch|p2a: Krookodile|Krookodile, L79, F|98/280\n|-ability|p2a: Krookodile|Intimidate|boost\n|-unboost|p1a: Drifblim|atk|1\n|turn|17\n|inactive|Time left: 300 sec this turn | 300 sec total\n|\n|t:|1783568061\n|switch|p1a: Iron Thorns|Iron Thorns, L83|100/100\n|move|p2a: Krookodile|Knock Off|p1a: Iron Thorns\n|-damage|p1a: Iron Thorns|68/100\n|\n|upkeep\n|turn|18\n|inactive|Time left: 300 sec this turn | 300 sec total\n|\n|t:|1783568062\n|move|p2a: Krookodile|Knock Off|p1a: Iron Thorns\n|-damage|p1a: Iron Thorns|39/100\n|move|p1a: Iron Thorns|Earthquake|p2a: Krookodile\n|-damage|p2a: Krookodile|1/280\n|\n|upkeep\n|turn|19\n|inactive|Time left: 300 sec this turn | 300 sec total\n|\n|t:|1783568063\n|move|p2a: Krookodile|Knock Off|p1a: Iron Thorns\n|-damage|p1a: Iron Thorns|9/100\n|move|p1a: Iron Thorns|Dragon Dance|p1a: Iron Thorns\n|-boost|p1a: Iron Thorns|atk|1\n|-boost|p1a: Iron Thorns|spe|1\n|\n|upkeep\n|turn|20\n|inactive|Time left: 300 sec this turn | 300 sec total\n|\n|t:|1783568064\n|move|p1a: Iron Thorns|Earthquake|p2a: Krookodile\n|-damage|p2a: Krookodile|0 fnt\n|faint|p2a: Krookodile\n|\n|upkeep\n|inactive|Time left: 300 sec this turn | 300 sec total | 5 sec grace\n|\n|t:|1783568065\n|switch|p2a: Luvdisc|Luvdisc, M|247/247\n|turn|21\n|inactive|Time left: 300 sec this turn | 300 sec total\n|\n|t:|1783568066\n|-end|p1a: Iron Thorns|Quark Drive|[silent]\n|switch|p1a: Lapras|Lapras, L87, F|43/100\n|move|p2a: Luvdisc|Surf|p1a: Lapras\n|-heal|p1a: Lapras|68/100|[from] ability: Water Absorb|[of] p2a: Luvdisc\n|\n|upkeep\n|turn|22\n|inactive|Time left: 300 sec this turn | 300 sec total\n|\n|t:|1783568067\n|move|p2a: Luvdisc|Substitute|p2a: Luvdisc\n|-start|p2a: Luvdisc|Substitute\n|-damage|p2a: Luvdisc|186/247\n|move|p1a: Lapras|Freeze-Dry|p2a: Luvdisc\n|-supereffective|p2a: Luvdisc\n|-end|p2a: Luvdisc|Substitute\n|\n|upkeep\n|turn|23\n|inactive|Time left: 300 sec this turn | 300 sec total\n|\n|t:|1783568068\n|move|p2a: Luvdisc|Substitute|p2a: Luvdisc\n|-start|p2a: Luvdisc|Substitute\n|-damage|p2a: Luvdisc|125/247\n|move|p1a: Lapras|Freeze-Dry|p2a: Luvdisc\n|-supereffective|p2a: Luvdisc\n|-end|p2a: Luvdisc|Substitute\n|\n|upkeep\n|turn|24\n|inactive|Time left: 300 sec this turn | 300 sec total\n|\n|t:|1783568069\n|move|p2a: Luvdisc|Substitute|p2a: Luvdisc\n|-start|p2a: Luvdisc|Substitute\n|-damage|p2a: Luvdisc|64/247\n|move|p1a: Lapras|Freeze-Dry|p2a: Luvdisc\n|-supereffective|p2a: Luvdisc\n|-end|p2a: Luvdisc|Substitute\n|\n|upkeep\n|turn|25\n|inactive|Time left: 300 sec this turn | 300 sec total\n|\n|t:|1783568070\n|switch|p2a: Luxray|Luxray, L88, F|3/283 brn\n|move|p1a: Lapras|Freeze-Dry|p2a: Luxray\n|-damage|p2a: Luxray|0 fnt\n|faint|p2a: Luxray\n|\n|upkeep\n|inactive|Time left: 300 sec this turn | 300 sec total | 5 sec grace\n|\n|t:|1783568071\n|switch|p2a: Luvdisc|Luvdisc, M|64/247\n|turn|26\n|inactive|Time left: 300 sec this turn | 300 sec total\n|\n|t:|1783568072\n|move|p2a: Luvdisc|Substitute|p2a: Luvdisc\n|-start|p2a: Luvdisc|Substitute\n|-damage|p2a: Luvdisc|3/247\n|move|p1a: Lapras|Freeze-Dry|p2a: Luvdisc\n|-supereffective|p2a: Luvdisc\n|-end|p2a: Luvdisc|Substitute\n|\n|upkeep\n|turn|27\n|inactive|Time left: 300 sec this turn | 300 sec total\n|\n|t:|1783568072\n|move|p2a: Luvdisc|Flip Turn|p1a: Lapras\n|-heal|p1a: Lapras|93/100|[from] ability: Water Absorb|[of] p2a: Luvdisc\n|move|p1a: Lapras|Freeze-Dry|p2a: Luvdisc\n|-supereffective|p2a: Luvdisc\n|-damage|p2a: Luvdisc|0 fnt\n|faint|p2a: Luvdisc\n|\n|win|p0x25057022", "uploadtime": 1783568072, "views": 0, "rating": 0, "private": 0, "password": null, "_winner": "p0x25057022", "_our_name": "p0y2505c00f"}