{"id": "battle-gen9randombattle-2311", "formatid": "gen9randombattle", "format": "[Gen 9] Random Battle", "players": ["p0x2311217a", "p0y2311e4a3"], "log": "|init|battle\n|title|p0x2311217a vs. p0y2311e4a3\n|j|\u2606p0x2311217a\n|j|\u2606p0y2311e4a3\n|t:|1783565822\n|gametype|singles\n|player|p1|p0x2311217a|101|\n|player|p2|p0y2311e4a3|102|\n|gen|9\n|tier|[Gen 9] Random Battle\n|rule|Species Clause: Limit one of each Pok\u00e9mon\n|rule|HP Percentage Mod: HP is shown in percentages\n|rule|Sleep Clause Mod: Limit one foe put to sleep\n|rule|Illusion Level Mod: Illusion disguises the Pok\u00e9mon's true level\n|\n|t:|1783565822\n|teamsize|p1|6\n|teamsize|p2|6\n|start\n|switch|p1a: Klefki|Klefki, L84, M|100/100\n|switch|p2a: Slither Wing|Slither Wing, L81|270/270\n|turn|1\n|inactive|Battle timer is ON: inactive players will automatically lose when time's up. (requested by p0y2311e4a3)\n|\n|t:|1783565824\n|move|p2a: Slither Wing|Close Combat|p1a: Klefki\n|-damage|p1a: Klefki|34/100\n|-unboost|p2a: Slither Wing|def|1\n|-unboost|p2a: Slither Wing|spd|1\n|move|p1a: Klefki|Dazzling Gleam|p2a: Slither Wing\n|-supereffective|p2a: Slither Wing\n|-damage|p2a: Slither Wing|76/270\n|\n|-heal|p1a: Klefki|40/100|[from] item: Leftovers\n|upkeep\n|turn|2\n|inactive|Time left: 300 sec this turn | 300 sec total\n|inactive|p0x2311217a also wants the timer to be on.\n|\n|t:|1783565825\n|move|p1a: Klefki|Thunder Wave|p2a: Slither Wing\n|-status|p2a: Slither Wing|par\n|move|p2a: Slither Wing|Close Combat|p1a: Klefki\n|-damage|p1a: Klefki|0 fnt\n|-unboost|p2a: Slither Wing|def|1\n|-unboost|p2a: Slither Wing|spd|1\n|faint|p1a: Klefki\n|\n|upkeep\n|\n|t:|1783565826\n|switch|p1a: Bruxish|Bruxish, L85, F|100/100\n|turn|3\n|inactive|Time left: 300 sec this turn | 300 sec total\n|\n|t:|1783565827\n|move|p1a: Bruxish|Psychic Fangs|p2a: Slither Wing\n|-supereffective|p2a: Slither Wing\n|-damage|p2a: Slither Wing|0 fnt\n|faint|p2a: Slither Wing\n|-end|p2a: Slither Wing|Protosynthesis|[silent]\n|\n|upkeep\n|inactive|Time left: 300 sec this turn | 300 sec total | 5 sec grace\n|\n|t:|1783565828\n|switch|p2a: Ogerpon|Ogerpon-Hearthflame, L74, F|239/239\n|-ability|p2a: Ogerpon|Mold Breaker\n|turn|4\n|inactive|Time left: 300 sec this turn | 300 sec total\n|\n|t:|1783565829\n|-terastallize|p1a: Bruxish|Psychic\n|move|p2a: Ogerpon|Knock Off|p1a: Bruxish\n|-supereffective|p1a: Bruxish\n|-damage|p1a: Bruxish|26/100\n|-enditem|p1a: Bruxish|Choice Band|[from] move: Knock Off|[of] p2a: Ogerpon\n|move|p1a: Bruxish|Psychic Fangs|p2a: Ogerpon\n|-damage|p2a: Ogerpon|21/239\n|\n|upkeep\n|turn|5\n|inactive|Time left: 300 sec this turn | 300 sec total\n|\n|t:|1783565830\n|switch|p1a: Latias|Latias, L79, F|100/100\n|move|p2a: Ogerpon|Horn Leech|p1a: Latias\n|-resisted|p1a: Latias\n|-damage|p1a: Latias|81/100\n|-heal|p2a: Ogerpon|46/239|[from] drain|[of] p1a: Latias\n|\n|upkeep\n|turn|6\n|inactive|Time left: 300 sec this turn | 300 sec total\n|\n|t:|1783565831\n|move|p1a: Latias|Psyshock|p2a: Ogerpon\n|-damage|p2a: Ogerpon|0 fnt\n|faint|p2a: Ogerpon\n|\n|upkeep\n|inactive|Time left: 300 sec this turn | 300 sec total | 5 sec grace\n|\n|t:|1783565831\n|switch|p2a: Oricorio|Oricorio-Pom-Pom, L82, M|257/257\n|turn|7\n|inactive|Time left: 300 sec this turn | 300 sec total\n|\n|t:|1783565833\n|move|p1a: Latias|Calm Mind|p1a: Latias\n|-boost|p1a: Latias|spa|1\n|-boost|p1a: Latias|spd|1\n|move|p2a: Oricorio|Quiver Dance|p2a: Oricorio\n|-boost|p2a: Oricorio|spa|1\n|-boost|p2a: Oricorio|spd|1\n|-boost|p2a: Oricorio|spe|1\n|\n|upkeep\n|turn|8\n|inactive|Time left: 300 sec this turn | 300 sec total\n|\n|t:|1783565833\n|move|p2a: Oricorio|Quiver Dance|p2a: Oricorio\n|-boost|p2a: Oricorio|spa|1\n|-boost|p2a: Oricorio|spd|1\n|-boost|p2a: Oricorio|spe|1\n|move|p1a: Latias|Psyshock|p2a: Oricorio\n|-damage|p2a: Oricorio|77/257\n|\n|upkeep\n|turn|9\n|inactive|Time left: 300 sec this turn | 300 sec total\n|\n|t:|1783565834\n|move|p2a: Oricorio|Roost|p2a: Oricorio\n|-heal|p2a: Oricorio|206/257\n|-singleturn|p2a: Oricorio|move: Roost\n|move|p1a: Latias|Psyshock|p2a: Oricorio\n|-damage|p2a: Oricorio|37/257\n|\n|upkeep\n|turn|10\n|inactive|Time left: 300 sec this turn | 300 sec total\n|\n|t:|1783565835\n|move|p2a: Oricorio|Hurricane|p1a: Latias\n|-damage|p1a: Latias|35/100\n|move|p1a: Latias|Psyshock|p2a: Oricorio\n|-damage|p2a: Oricorio|0 fnt\n|faint|p2a: Oricorio\n|\n|upkeep\n|inactive|Time left: 300 sec this turn | 300 sec total | 5 sec grace\n|\n|t:|1783565836\n|switch|p2a: Barraskewda|Barraskewda, L81, F|231/231\n|turn|11\n|inactive|Time left: 300 sec this turn | 300 sec total\n|\n|t:|1783565837\n|move|p2a: Barraskewda|Poison Jab|p1a: Latias\n|-damage|p1a: Latias|0 fnt\n|faint|p1a: Latias\n|\n|upkeep\n|\n|t:|1783565838\n|switch|p1a: Crawdaunt|Crawdaunt, L84, F|100/100\n|turn|12\n|inactive|Time left: 300 sec this turn | 300 sec total\n|\n|t:|1783565839\n|switch|p2a: Hitmonchan|Hitmonchan, L87, M|229/229\n|move|p1a: Crawdaunt|Knock Off|p2a: Hitmonchan\n|-resisted|p2a: Hitmonchan\n|-damage|p2a: Hitmonchan|125/229\n|-enditem|p2a: Hitmonchan|Life Orb|[from] move: Knock Off|[of] p1a: Crawdaunt\n|-damage|p1a: Crawdaunt|91/100|[from] item: Life Orb\n|\n|upkeep\n|turn|13\n|inactive|Time left: 300 sec this turn | 300 sec total\n|\n|t:|1783565839\n|switch|p1a: Bruxish|Bruxish, L85, F, tera:Psychic|26/100\n|move|p2a: Hitmonchan|Drain Punch|p1a: Bruxish\n|-resisted|p1a: Bruxish\n|-damage|p1a: Bruxish|0 fnt\n|-heal|p2a: Hitmonchan|157/229|[from] drain|[of] p1a: Bruxish\n|faint|p1a: Bruxish\n|\n|upkeep\n|\n|t:|1783565840\n|switch|p1a: Wigglytuff|Wigglytuff, L96, M|100/100\n|turn|14\n|inactive|Time left: 300 sec this turn | 300 sec total\n|\n|t:|1783565841\n|move|p2a: Hitmonchan|Drain Punch|p1a: Wigglytuff\n|-damage|p1a: Wigglytuff|67/100\n|-heal|p2a: Hitmonchan|228/229|[from] drain|[of] p1a: Wigglytuff\n|move|p1a: Wigglytuff|Alluring Voice|p2a: Hitmonchan\n|-supereffective|p2a: Hitmonchan\n|-damage|p2a: Hitmonchan|78/229\n|\n|-heal|p1a: Wigglytuff|73/100|[from] item: Leftovers\n|upkeep\n|turn|15\n|inactive|Time left: 300 sec this turn | 300 sec total\n|\n|t:|1783565843\n|-terastallize|p2a: Hitmonchan|Fighting\n|move|p2a: Hitmonchan|Drain Punch|p1a: Wigglytuff\n|-damage|p1a: Wigglytuff|25/100\n|-heal|p2a: Hitmonchan|181/229|[from] drain|[of] p1a: Wigglytuff\n|move|p1a: Wigglytuff|Alluring Voice|p2a: Hitmonchan\n|-supereffective|p2a: Hitmonchan\n|-damage|p2a: Hitmonchan|7/229\n|\n|-heal|p1a: Wigglytuff|31/100|[from] item: Leftovers\n|upkeep\n|turn|16\n|inactive|Time left: 300 sec this turn | 300 sec total\n|\n|t:|1783565844\n|move|p2a: Hitmonchan|Drain Punch|p1a: Wigglytuff\n|-crit|p1a: Wigglytuff\n|-damage|p1a: Wigglytuff|0 fnt\n|-heal|p2a: Hitmonchan|71/229|[from] drain|[of] p1a: Wigglytuff\n|faint|p1a: Wigglytuff\n|\n|upkeep\n|\n|t:|1783565845\n|switch|p1a: Scizor|Scizor, L79, F|100/100\n|turn|17\n|inactive|Time left: 300 sec this turn | 300 sec total\n|\n|t:|1783565846\n|move|p1a: Scizor|Bullet Punch|p2a: Hitmonchan\n|-damage|p2a: Hitmonchan|1/229\n|move|p2a: Hitmonchan|Drain Punch|p1a: Scizor\n|-damage|p1a: Scizor|45/100\n|-heal|p2a: Hitmonchan|68/229|[from] drain|[of] p1a: Scizor\n|\n|-heal|p1a: Scizor|51/100|[from] item: Leftovers\n|upkeep\n|turn|18\n|inactive|Time left: 300 sec this turn | 300 sec total\n|\n|t:|1783565847\n|move|p1a: Scizor|Bullet Punch|p2a: Hitmonchan\n|-damage|p2a: Hitmonchan|0 fnt\n|faint|p2a: Hitmonchan\n|\n|-heal|p1a: Scizor|57/100|[from] item: Leftovers\n|upkeep\n|inactive|Time left: 300 sec this turn | 300 sec total | 5 sec grace\n|\n|t:|1783565848\n|switch|p2a: Barraskewda|Barraskewda, L81, F|231/231\n|turn|19\n|inactive|Time left: 300 sec this turn | 300 sec total\n|\n|t:|1783565848\n|move|p2a: Barraskewda|Close Combat|p1a: Scizor\n|-damage|p1a: Scizor|0 fnt\n|-unboost|p2a: Barraskewda|def|1\n|-unboost|p2a: Barraskewda|spd|1\n|faint|p1a: Scizor\n|\n|upkeep\n|\n|t:|1783565849\n|switch|p1a: Crawdaunt|Crawdaunt, L84, F|91/100\n|turn|20\n|inactive|Time left: 300 sec this turn | 300 sec total\n|\n|t:|1783565850\n|move|p2a: Barraskewda|Close Combat|p1a: Crawdaunt\n|-supereffective|p1a: Crawdaunt\n|-damage|p1a: Crawdaunt|0 fnt\n|-unboost|p2a: Barraskewda|def|1\n|-unboost|p2a: Barraskewda|spd|1\n|faint|p1a: Crawdaunt\n|\n|win|p0y2311e4a3", "uploadtime": 1783565850, "views": 0, "rating": 0, "private": 0, "password": null, "_winner": "p0y2311e4a3", "_our_name": "p0y2311e4a3"}