{"id": "battle-gen9randombattle-19", "formatid": "gen9randombattle", "format": "[Gen 9] Random Battle", "players": ["p0x0193f25", "p0y0192d91"], "log": "|init|battle\n|title|p0x0193f25 vs. p0y0192d91\n|j|\u2606p0x0193f25\n|j|\u2606p0y0192d91\n|t:|1783539638\n|gametype|singles\n|player|p1|p0x0193f25|2|\n|player|p2|p0y0192d91|102|\n|gen|9\n|tier|[Gen 9] Random Battle\n|rule|Species Clause: Limit one of each Pok\u00e9mon\n|rule|HP Percentage Mod: HP is shown in percentages\n|rule|Sleep Clause Mod: Limit one foe put to sleep\n|rule|Illusion Level Mod: Illusion disguises the Pok\u00e9mon's true level\n|\n|t:|1783539638\n|teamsize|p1|6\n|teamsize|p2|6\n|start\n|switch|p1a: Whiscash|Whiscash, L88, M|337/337\n|switch|p2a: Zapdos|Zapdos, L78|100/100\n|turn|1\n|inactive|Battle timer is ON: inactive players will automatically lose when time's up. (requested by p0x0193f25)\n|inactive|p0y0192d91 also wants the timer to be on.\n|\n|t:|1783539640\n|move|p2a: Zapdos|Hurricane|p1a: Whiscash\n|-damage|p1a: Whiscash|210/337\n|move|p1a: Whiscash|Dragon Dance|p1a: Whiscash\n|-boost|p1a: Whiscash|atk|1\n|-boost|p1a: Whiscash|spe|1\n|\n|upkeep\n|turn|2\n|inactive|Time left: 300 sec this turn | 300 sec total\n|\n|t:|1783539642\n|move|p1a: Whiscash|Stone Edge|p2a: Zapdos\n|-supereffective|p2a: Zapdos\n|-crit|p2a: Zapdos\n|-damage|p2a: Zapdos|0 fnt\n|faint|p2a: Zapdos\n|-damage|p1a: Whiscash|177/337|[from] item: Life Orb\n|\n|upkeep\n|\n|t:|1783539643\n|switch|p2a: Girafarig|Girafarig, L89, F|100/100\n|turn|3\n|inactive|Time left: 300 sec this turn | 300 sec total\n|\n|t:|1783539644\n|move|p1a: Whiscash|Earthquake|p2a: Girafarig\n|-damage|p2a: Girafarig|47/100\n|-damage|p1a: Whiscash|144/337|[from] item: Life Orb\n|move|p2a: Girafarig|Hyper Voice|p1a: Whiscash\n|-damage|p1a: Whiscash|32/337\n|\n|upkeep\n|turn|4\n|inactive|Time left: 300 sec this turn | 300 sec total\n|\n|t:|1783539645\n|switch|p2a: Regigigas|Regigigas, L84|100/100\n|-start|p2a: Regigigas|ability: Slow Start\n|move|p1a: Whiscash|Earthquake|p2a: Regigigas\n|-damage|p2a: Regigigas|52/100\n|-damage|p1a: Whiscash|0 fnt|[from] item: Life Orb\n|faint|p1a: Whiscash\n|\n|-heal|p2a: Regigigas|58/100|[from] item: Leftovers\n|upkeep\n|inactive|Time left: 300 sec this turn | 300 sec total | 5 sec grace\n|\n|t:|1783539646\n|switch|p1a: Galvantula|Galvantula, L82, M|249/249\n|turn|5\n|inactive|Time left: 300 sec this turn | 300 sec total\n|\n|t:|1783539648\n|move|p1a: Galvantula|Sticky Web|p2a: Regigigas\n|-sidestart|p2: p0y0192d91|move: Sticky Web\n|move|p2a: Regigigas|Knock Off|p1a: Galvantula\n|-damage|p1a: Galvantula|177/249\n|-enditem|p1a: Galvantula|Heavy-Duty Boots|[from] move: Knock Off|[of] p2a: Regigigas\n|\n|-heal|p2a: Regigigas|64/100|[from] item: Leftovers\n|upkeep\n|turn|6\n|inactive|Time left: 300 sec this turn | 300 sec total\n|\n|t:|1783539649\n|move|p1a: Galvantula|Thunder|p2a: Regigigas\n|-damage|p2a: Regigigas|33/100\n|-status|p2a: Regigigas|par\n|move|p2a: Regigigas|Body Slam|p1a: Galvantula\n|-damage|p1a: Galvantula|93/249\n|\n|-heal|p2a: Regigigas|40/100 par|[from] item: Leftovers\n|upkeep\n|turn|7\n|inactive|Time left: 300 sec this turn | 300 sec total\n|\n|t:|1783539650\n|move|p1a: Galvantula|Thunder|p2a: Regigigas\n|-damage|p2a: Regigigas|11/100 par\n|move|p2a: Regigigas|Rest|p2a: Regigigas\n|-status|p2a: Regigigas|slp|[from] move: Rest\n|-heal|p2a: Regigigas|100/100 slp|[silent]\n|\n|upkeep\n|turn|8\n|inactive|Time left: 300 sec this turn | 300 sec total\n|\n|t:|1783539651\n|move|p1a: Galvantula|Thunder|p2a: Regigigas\n|-damage|p2a: Regigigas|72/100 slp\n|cant|p2a: Regigigas|slp\n|move|p2a: Regigigas|Sleep Talk|p2a: Regigigas\n|move|p2a: Regigigas|Rest||[from] move: Sleep Talk|[still]\n|-fail|p2a: Regigigas\n|\n|-heal|p2a: Regigigas|78/100 slp|[from] item: Leftovers\n|upkeep\n|turn|9\n|inactive|Time left: 300 sec this turn | 300 sec total\n|\n|t:|1783539652\n|move|p1a: Galvantula|Thunder|p2a: Regigigas\n|-damage|p2a: Regigigas|52/100 slp\n|cant|p2a: Regigigas|slp\n|move|p2a: Regigigas|Sleep Talk|p2a: Regigigas\n|move|p2a: Regigigas|Rest||[from] move: Sleep Talk|[still]\n|-fail|p2a: Regigigas\n|\n|-heal|p2a: Regigigas|58/100 slp|[from] item: Leftovers\n|-end|p2a: Regigigas|Slow Start\n|upkeep\n|turn|10\n|inactive|Time left: 300 sec this turn | 300 sec total\n|\n|t:|1783539653\n|move|p1a: Galvantula|Volt Switch|p2a: Regigigas\n|-damage|p2a: Regigigas|41/100 slp\n|inactive|Time left: 300 sec this turn | 300 sec total | 5 sec grace\n|\n|t:|1783539655\n|switch|p1a: Vileplume|Vileplume, L85, F|266/266|[from] Volt Switch\n|-curestatus|p2a: Regigigas|slp|[msg]\n|move|p2a: Regigigas|Body Slam|p1a: Vileplume\n|-damage|p1a: Vileplume|127/266\n|-status|p2a: Regigigas|psn|[from] ability: Effect Spore|[of] p1a: Vileplume\n|\n|-heal|p2a: Regigigas|47/100 psn|[from] item: Leftovers\n|-heal|p1a: Vileplume|143/266|[from] item: Leftovers\n|-damage|p2a: Regigigas|35/100 psn|[from] psn\n|upkeep\n|turn|11\n|inactive|Time left: 300 sec this turn | 300 sec total\n|\n|t:|1783539656\n|move|p2a: Regigigas|Body Slam|p1a: Vileplume\n|-damage|p1a: Vileplume|1/266\n|move|p1a: Vileplume|Strength Sap|p2a: Regigigas\n|-unboost|p2a: Regigigas|atk|1\n|-heal|p1a: Vileplume|266/266\n|\n|-heal|p2a: Regigigas|41/100 psn|[from] item: Leftovers\n|-damage|p2a: Regigigas|29/100 psn|[from] psn\n|upkeep\n|turn|12\n|inactive|Time left: 300 sec this turn | 300 sec total\n|\n|t:|1783539657\n|move|p2a: Regigigas|Rest|p2a: Regigigas\n|-status|p2a: Regigigas|slp|[from] move: Rest\n|-heal|p2a: Regigigas|100/100 slp|[silent]\n|move|p1a: Vileplume|Strength Sap|p2a: Regigigas\n|-unboost|p2a: Regigigas|atk|1\n|\n|upkeep\n|turn|13\n|inactive|Time left: 300 sec this turn | 300 sec total\n|\n|t:|1783539658\n|switch|p2a: Girafarig|Girafarig, L89, F|47/100\n|-activate|p2a: Girafarig|move: Sticky Web\n|-unboost|p2a: Girafarig|spe|1\n|move|p1a: Vileplume|Sludge Bomb|p2a: Girafarig\n|-damage|p2a: Girafarig|16/100\n|\n|upkeep\n|turn|14\n|inactive|Time left: 300 sec this turn | 300 sec total\n|\n|t:|1783539659\n|move|p1a: Vileplume|Sludge Bomb|p2a: Girafarig\n|-damage|p2a: Girafarig|0 fnt\n|faint|p2a: Girafarig\n|\n|upkeep\n|\n|t:|1783539660\n|switch|p2a: Drednaw|Drednaw, L81, M|100/100\n|-activate|p2a: Drednaw|move: Sticky Web\n|-unboost|p2a: Drednaw|spe|1\n|-enditem|p2a: Drednaw|White Herb\n|-clearnegativeboost|p2a: Drednaw|[silent]\n|turn|15\n|inactive|Time left: 300 sec this turn | 300 sec total\n|\n|t:|1783539661\n|-terastallize|p2a: Drednaw|Dark\n|move|p2a: Drednaw|Shell Smash|p2a: Drednaw\n|-unboost|p2a: Drednaw|def|1\n|-unboost|p2a: Drednaw|spd|1\n|-boost|p2a: Drednaw|atk|2\n|-boost|p2a: Drednaw|spa|2\n|-boost|p2a: Drednaw|spe|2\n|move|p1a: Vileplume|Giga Drain|p2a: Drednaw\n|-damage|p2a: Drednaw|41/100\n|\n|upkeep\n|turn|16\n|inactive|Time left: 300 sec this turn | 300 sec total\n|\n|t:|1783539662\n|move|p2a: Drednaw|Crunch|p1a: Vileplume\n|-damage|p1a: Vileplume|13/266\n|-status|p2a: Drednaw|slp|[from] ability: Effect Spore|[of] p1a: Vileplume\n|move|p1a: Vileplume|Giga Drain|p2a: Drednaw\n|-crit|p2a: Drednaw\n|-damage|p2a: Drednaw|0 fnt\n|-heal|p1a: Vileplume|70/266|[from] drain|[of] p2a: Drednaw\n|faint|p2a: Drednaw\n|\n|-heal|p1a: Vileplume|86/266|[from] item: Leftovers\n|upkeep\n|\n|t:|1783539663\n|switch|p2a: Clodsire|Clodsire, L81, M|100/100\n|-activate|p2a: Clodsire|move: Sticky Web\n|-unboost|p2a: Clodsire|spe|1\n|turn|17\n|inactive|Time left: 300 sec this turn | 300 sec total\n|\n|t:|1783539664\n|move|p1a: Vileplume|Strength Sap|p2a: Clodsire\n|-unboost|p2a: Clodsire|atk|1\n|-heal|p1a: Vileplume|254/266\n|move|p2a: Clodsire|Toxic Spikes|p1a: Vileplume\n|-sidestart|p1: p0x0193f25|move: Toxic Spikes\n|\n|-heal|p1a: Vileplume|266/266|[from] item: Leftovers\n|upkeep\n|turn|18\n|inactive|Time left: 300 sec this turn | 300 sec total\n|\n|t:|1783539665\n|move|p1a: Vileplume|Leech Seed|p2a: Clodsire\n|-start|p2a: Clodsire|move: Leech Seed\n|move|p2a: Clodsire|Toxic Spikes|p1a: Vileplume\n|-sidestart|p1: p0x0193f25|move: Toxic Spikes\n|\n|-damage|p2a: Clodsire|88/100|[from] Leech Seed|[of] p1a: Vileplume\n|upkeep\n|turn|19\n|inactive|Time left: 300 sec this turn | 300 sec total\n|\n|t:|1783539665\n|switch|p2a: Regigigas|Regigigas, L84|100/100 slp\n|-activate|p2a: Regigigas|move: Sticky Web\n|-unboost|p2a: Regigigas|spe|1\n|-start|p2a: Regigigas|ability: Slow Start\n|move|p1a: Vileplume|Leech Seed|p2a: Regigigas|[miss]\n|-miss|p1a: Vileplume|p2a: Regigigas\n|\n|upkeep\n|turn|20\n|inactive|Time left: 300 sec this turn | 300 sec total\n|\n|t:|1783539666\n|switch|p2a: Clodsire|Clodsire, L81, M|88/100\n|-activate|p2a: Clodsire|move: Sticky Web\n|-unboost|p2a: Clodsire|spe|1\n|move|p1a: Vileplume|Leech Seed|p2a: Clodsire\n|-start|p2a: Clodsire|move: Leech Seed\n|\n|-heal|p2a: Clodsire|94/100|[from] item: Leftovers\n|-damage|p2a: Clodsire|82/100|[from] Leech Seed|[of] p1a: Vileplume\n|upkeep\n|turn|21\n|inactive|Time left: 300 sec this turn | 300 sec total\n|\n|t:|1783539667\n|move|p1a: Vileplume|Giga Drain|p2a: Clodsire\n|-damage|p2a: Clodsire|56/100\n|move|p2a: Clodsire|Recover|p2a: Clodsire\n|-heal|p2a: Clodsire|100/100\n|\n|-damage|p2a: Clodsire|88/100|[from] Leech Seed|[of] p1a: Vileplume\n|upkeep\n|turn|22\n|inactive|Time left: 300 sec this turn | 300 sec total\n|\n|t:|1783539668\n|move|p1a: Vileplume|Leech Seed||[still]\n|-fail|p1a: Vileplume\n|move|p2a: Clodsire|Gunk Shot|p1a: Vileplume\n|-damage|p1a: Vileplume|170/266\n|\n|-heal|p1a: Vileplume|186/266|[from] item: Leftovers\n|-heal|p2a: Clodsire|94/100|[from] item: Leftovers\n|-damage|p2a: Clodsire|82/100|[from] Leech Seed|[of] p1a: Vileplume\n|-heal|p1a: Vileplume|228/266|[silent]\n|upkeep\n|turn|23\n|inactive|Time left: 300 sec this turn | 300 sec total\n|\n|t:|1783539669\n|switch|p2a: Regigigas|Regigigas, L84|100/100 slp\n|-activate|p2a: Regigigas|move: Sticky Web\n|-unboost|p2a: Regigigas|spe|1\n|-start|p2a: Regigigas|ability: Slow Start\n|move|p1a: Vileplume|Sludge Bomb|p2a: Regigigas\n|-damage|p2a: Regigigas|73/100 slp\n|\n|-heal|p1a: Vileplume|244/266|[from] item: Leftovers\n|-heal|p2a: Regigigas|80/100 slp|[from] item: Leftovers\n|upkeep\n|turn|24\n|inactive|Time left: 300 sec this turn | 300 sec total\n|\n|t:|1783539670\n|switch|p2a: Clodsire|Clodsire, L81, M|82/100\n|-activate|p2a: Clodsire|move: Sticky Web\n|-unboost|p2a: Clodsire|spe|1\n|move|p1a: Vileplume|Leech Seed|p2a: Clodsire\n|-start|p2a: Clodsire|move: Leech Seed\n|\n|-heal|p1a: Vileplume|260/266|[from] item: Leftovers\n|-heal|p2a: Clodsire|88/100|[from] item: Leftovers\n|-damage|p2a: Clodsire|76/100|[from] Leech Seed|[of] p1a: Vileplume\n|-heal|p1a: Vileplume|266/266|[silent]\n|upkeep\n|turn|25\n|inactive|Time left: 300 sec this turn | 300 sec total\n|\n|t:|1783539670\n|move|p1a: Vileplume|Giga Drain|p2a: Clodsire\n|-damage|p2a: Clodsire|51/100\n|move|p2a: Clodsire|Recover|p2a: Clodsire\n|-heal|p2a: Clodsire|100/100\n|\n|-damage|p2a: Clodsire|88/100|[from] Leech Seed|[of] p1a: Vileplume\n|upkeep\n|turn|26\n|inactive|Time left: 300 sec this turn | 300 sec total\n|\n|t:|1783539671\n|move|p1a: Vileplume|Strength Sap|p2a: Clodsire\n|-unboost|p2a: Clodsire|atk|1\n|move|p2a: Clodsire|Recover|p2a: Clodsire\n|-heal|p2a: Clodsire|100/100\n|\n|-damage|p2a: Clodsire|88/100|[from] Leech Seed|[of] p1a: Vileplume\n|upkeep\n|turn|27\n|inactive|Time left: 300 sec this turn | 300 sec total\n|\n|t:|1783539672\n|switch|p2a: Regigigas|Regigigas, L84|80/100 slp\n|-activate|p2a: Regigigas|move: Sticky Web\n|-unboost|p2a: Regigigas|spe|1\n|-start|p2a: Regigigas|ability: Slow Start\n|move|p1a: Vileplume|Sludge Bomb|p2a: Regigigas\n|-crit|p2a: Regigigas\n|-damage|p2a: Regigigas|34/100 slp\n|\n|-heal|p2a: Regigigas|40/100 slp|[from] item: Leftovers\n|upkeep\n|turn|28\n|inactive|Time left: 300 sec this turn | 300 sec total\n|\n|t:|1783539673\n|move|p1a: Vileplume|Leech Seed|p2a: Regigigas\n|-start|p2a: Regigigas|move: Leech Seed\n|cant|p2a: Regigigas|slp\n|move|p2a: Regigigas|Sleep Talk|p2a: Regigigas\n|move|p2a: Regigigas|Rest||[from] move: Sleep Talk|[still]\n|-fail|p2a: Regigigas\n|\n|-heal|p2a: Regigigas|46/100 slp|[from] item: Leftovers\n|-damage|p2a: Regigigas|34/100 slp|[from] Leech Seed|[of] p1a: Vileplume\n|upkeep\n|turn|29\n|inactive|Time left: 300 sec this turn | 300 sec total\n|\n|t:|1783539674\n|switch|p2a: Clodsire|Clodsire, L81, M|88/100\n|-activate|p2a: Clodsire|move: Sticky Web\n|-unboost|p2a: Clodsire|spe|1\n|move|p1a: Vileplume|Sludge Bomb|p2a: Clodsire\n|-resisted|p2a: Clodsire\n|-damage|p2a: Clodsire|80/100\n|\n|-heal|p2a: Clodsire|86/100|[from] item: Leftovers\n|upkeep\n|turn|30\n|inactive|Time left: 300 sec this turn | 300 sec total\n|\n|t:|1783539676\n|move|p1a: Vileplume|Leech Seed|p2a: Clodsire\n|-start|p2a: Clodsire|move: Leech Seed\n|move|p2a: Clodsire|Earthquake|p1a: Vileplume\n|-damage|p1a: Vileplume|178/266\n|\n|-heal|p1a: Vileplume|194/266|[from] item: Leftovers\n|-heal|p2a: Clodsire|92/100|[from] item: Leftovers\n|-damage|p2a: Clodsire|80/100|[from] Leech Seed|[of] p1a: Vileplume\n|-heal|p1a: Vileplume|236/266|[silent]\n|upkeep\n|turn|31\n|inactive|Time left: 300 sec this turn | 300 sec total\n|\n|t:|1783539677\n|switch|p2a: Regigigas|Regigigas, L84|34/100 slp\n|-activate|p2a: Regigigas|move: Sticky Web\n|-unboost|p2a: Regigigas|spe|1\n|-start|p2a: Regigigas|ability: Slow Start\n|move|p1a: Vileplume|Strength Sap|p2a: Regigigas\n|-unboost|p2a: Regigigas|atk|1\n|-heal|p1a: Vileplume|266/266\n|\n|-heal|p2a: Regigigas|40/100 slp|[from] item: Leftovers\n|upkeep\n|turn|32\n|inactive|Time left: 300 sec this turn | 300 sec total\n|\n|t:|1783539678\n|switch|p2a: Clodsire|Clodsire, L81, M|80/100\n|-activate|p2a: Clodsire|move: Sticky Web\n|-unboost|p2a: Clodsire|spe|1\n|move|p1a: Vileplume|Leech Seed|p2a: Clodsire\n|-start|p2a: Clodsire|move: Leech Seed\n|\n|-heal|p2a: Clodsire|86/100|[from] item: Leftovers\n|-damage|p2a: Clodsire|74/100|[from] Leech Seed|[of] p1a: Vileplume\n|upkeep\n|turn|33\n|inactive|Time left: 300 sec this turn | 300 sec total\n|\n|t:|1783539679\n|switch|p2a: Regigigas|Regigigas, L84|40/100 slp\n|-activate|p2a: Regigigas|move: Sticky Web\n|-unboost|p2a: Regigigas|spe|1\n|-start|p2a: Regigigas|ability: Slow Start\n|move|p1a: Vileplume|Sludge Bomb|p2a: Regigigas\n|-damage|p2a: Regigigas|10/100 slp\n|\n|-heal|p2a: Regigigas|16/100 slp|[from] item: Leftovers\n|upkeep\n|turn|34\n|inactive|Time left: 300 sec this turn | 300 sec total\n|\n|t:|1783539680\n|move|p1a: Vileplume|Giga Drain|p2a: Regigigas\n|-damage|p2a: Regigigas|0 fnt\n|faint|p2a: Regigigas\n|-end|p2a: Regigigas|Slow Start|[silent]\n|\n|upkeep\n|\n|t:|1783539681\n|switch|p2a: Clodsire|Clodsire, L81, M|74/100\n|-activate|p2a: Clodsire|move: Sticky Web\n|-unboost|p2a: Clodsire|spe|1\n|turn|35\n|inactive|Time left: 300 sec this turn | 300 sec total\n|\n|t:|1783539682\n|move|p1a: Vileplume|Leech Seed|p2a: Clodsire\n|-start|p2a: Clodsire|move: Leech Seed\n|move|p2a: Clodsire|Recover|p2a: Clodsire\n|-heal|p2a: Clodsire|100/100\n|\n|-damage|p2a: Clodsire|88/100|[from] Leech Seed|[of] p1a: Vileplume\n|upkeep\n|turn|36\n|inactive|Time left: 300 sec this turn | 300 sec total\n|\n|t:|1783539683\n|move|p1a: Vileplume|Strength Sap|p2a: Clodsire\n|-unboost|p2a: Clodsire|atk|1\n|move|p2a: Clodsire|Earthquake|p1a: Vileplume\n|-damage|p1a: Vileplume|205/266\n|\n|-heal|p1a: Vileplume|221/266|[from] item: Leftovers\n|-heal|p2a: Clodsire|94/100|[from] item: Leftovers\n|-damage|p2a: Clodsire|82/100|[from] Leech Seed|[of] p1a: Vileplume\n|-heal|p1a: Vileplume|263/266|[silent]\n|upkeep\n|turn|37\n|inactive|Time left: 300 sec this turn | 300 sec total\n|\n|t:|1783539684\n|switch|p2a: Crawdaunt|Crawdaunt, L84, F|100/100\n|-activate|p2a: Crawdaunt|move: Sticky Web\n|-unboost|p2a: Crawdaunt|spe|1\n|move|p1a: Vileplume|Sludge Bomb|p2a: Crawdaunt\n|-damage|p2a: Crawdaunt|38/100\n|-status|p2a: Crawdaunt|psn\n|\n|-heal|p1a: Vileplume|266/266|[from] item: Leftovers\n|-damage|p2a: Crawdaunt|26/100 psn|[from] psn\n|upkeep\n|turn|38\n|inactive|Time left: 300 sec this turn | 300 sec total\n|\n|t:|1783539685\n|move|p1a: Vileplume|Sludge Bomb|p2a: Crawdaunt\n|-damage|p2a: Crawdaunt|0 fnt\n|faint|p2a: Crawdaunt\n|\n|upkeep\n|\n|t:|1783539686\n|switch|p2a: Clodsire|Clodsire, L81, M|82/100\n|-activate|p2a: Clodsire|move: Sticky Web\n|-unboost|p2a: Clodsire|spe|1\n|turn|39\n|inactive|Time left: 300 sec this turn | 300 sec total\n|\n|t:|1783539687\n|switch|p1a: Groudon|Groudon, L72|263/263\n|-status|p1a: Groudon|tox\n|-weather|SunnyDay|[from] ability: Drought|[of] p1a: Groudon\n|move|p2a: Clodsire|Gunk Shot|p1a: Groudon\n|-resisted|p1a: Groudon\n|-damage|p1a: Groudon|221/263 tox\n|\n|-weather|SunnyDay|[upkeep]\n|-heal|p1a: Groudon|237/263 tox|[from] item: Leftovers\n|-heal|p2a: Clodsire|88/100|[from] item: Leftovers\n|-damage|p1a: Groudon|221/263 tox|[from] psn\n|upkeep\n|turn|40\n|inactive|Time left: 300 sec this turn | 300 sec total\n|\n|t:|1783539689\n|-terastallize|p1a: Groudon|Fire\n|move|p1a: Groudon|Precipice Blades|p2a: Clodsire\n|-supereffective|p2a: Clodsire\n|-damage|p2a: Clodsire|0 fnt\n|faint|p2a: Clodsire\n|\n|win|p0x0193f25", "uploadtime": 1783539689, "views": 0, "rating": 0, "private": 0, "password": null, "_winner": "p0x0193f25", "_our_name": "p0x0193f25"}