{"id": "battle-gen9randombattle-124", "formatid": "gen9randombattle", "format": "[Gen 9] Random Battle", "players": ["p0x1243bfe", "p0y124f028"], "log": "|init|battle\n|title|p0x1243bfe vs. p0y124f028\n|j|\u2606p0x1243bfe\n|j|\u2606p0y124f028\n|t:|1783540931\n|gametype|singles\n|player|p1|p0x1243bfe|101|\n|player|p2|p0y124f028|169|\n|gen|9\n|tier|[Gen 9] Random Battle\n|rule|Species Clause: Limit one of each Pok\u00e9mon\n|rule|HP Percentage Mod: HP is shown in percentages\n|rule|Sleep Clause Mod: Limit one foe put to sleep\n|rule|Illusion Level Mod: Illusion disguises the Pok\u00e9mon's true level\n|\n|t:|1783540931\n|teamsize|p1|6\n|teamsize|p2|6\n|start\n|switch|p1a: Furret|Furret, L94, F|312/312\n|switch|p2a: Mew|Mew, L82|100/100\n|-item|p2a: Mew|Life Orb|[from] ability: Frisk|[of] p1a: Furret\n|turn|1\n|inactive|Battle timer is ON: inactive players will automatically lose when time's up. (requested by p0x1243bfe)\n|inactive|p0y124f028 also wants the timer to be on.\n|\n|t:|1783540932\n|move|p1a: Furret|Tidy Up|p1a: Furret\n|-boost|p1a: Furret|atk|1\n|-boost|p1a: Furret|spe|1\n|move|p2a: Mew|Close Combat|p1a: Furret\n|-supereffective|p1a: Furret\n|-damage|p1a: Furret|52/312\n|-unboost|p2a: Mew|def|1\n|-unboost|p2a: Mew|spd|1\n|-damage|p2a: Mew|91/100|[from] item: Life Orb\n|\n|upkeep\n|turn|2\n|inactive|Time left: 300 sec this turn | 300 sec total\n|\n|t:|1783540933\n|switch|p2a: Dewgong|Dewgong, L94, F|100/100\n|move|p1a: Furret|Knock Off|p2a: Dewgong\n|-damage|p2a: Dewgong|60/100\n|-enditem|p2a: Dewgong|Assault Vest|[from] move: Knock Off|[of] p1a: Furret\n|-damage|p1a: Furret|21/312|[from] item: Life Orb\n|\n|upkeep\n|turn|3\n|inactive|Time left: 300 sec this turn | 300 sec total\n|\n|t:|1783540935\n|move|p1a: Furret|Double-Edge|p2a: Dewgong\n|-crit|p2a: Dewgong\n|-damage|p2a: Dewgong|0 fnt\n|faint|p2a: Dewgong\n|-damage|p1a: Furret|0 fnt|[from] Recoil\n|faint|p1a: Furret\n|\n|upkeep\n|inactive|Time left: 300 sec this turn | 300 sec total | 5 sec grace\n|\n|t:|1783540936\n|switch|p1a: Stonjourner|Stonjourner, L91, M|330/330\n|switch|p2a: Leavanny|Leavanny, L86, F|100/100\n|turn|4\n|inactive|Time left: 300 sec this turn | 300 sec total\n|\n|t:|1783540937\n|move|p2a: Leavanny|Sticky Web|p1a: Stonjourner\n|-sidestart|p1: p0x1243bfe|move: Sticky Web\n|move|p1a: Stonjourner|Heat Crash|p2a: Leavanny\n|-supereffective|p2a: Leavanny\n|-damage|p2a: Leavanny|0 fnt\n|faint|p2a: Leavanny\n|-damage|p1a: Stonjourner|297/330|[from] item: Life Orb\n|\n|upkeep\n|\n|t:|1783540938\n|switch|p2a: Iron Bundle|Iron Bundle, L78|100/100\n|turn|5\n|inactive|Time left: 300 sec this turn | 300 sec total\n|\n|t:|1783540939\n|move|p2a: Iron Bundle|Hydro Pump|p1a: Stonjourner|[miss]\n|-miss|p2a: Iron Bundle|p1a: Stonjourner\n|move|p1a: Stonjourner|Stone Edge|p2a: Iron Bundle\n|-supereffective|p2a: Iron Bundle\n|-damage|p2a: Iron Bundle|0 fnt\n|faint|p2a: Iron Bundle\n|-end|p2a: Iron Bundle|Quark Drive|[silent]\n|-damage|p1a: Stonjourner|264/330|[from] item: Life Orb\n|\n|upkeep\n|\n|t:|1783540940\n|switch|p2a: Snorlax|Snorlax, L82, F|100/100\n|turn|6\n|inactive|Time left: 300 sec this turn | 300 sec total\n|\n|t:|1783540941\n|move|p1a: Stonjourner|Stone Edge|p2a: Snorlax\n|-damage|p2a: Snorlax|41/100\n|-damage|p1a: Stonjourner|231/330|[from] item: Life Orb\n|move|p2a: Snorlax|Body Slam|p1a: Stonjourner\n|-resisted|p1a: Stonjourner\n|-crit|p1a: Stonjourner\n|-damage|p1a: Stonjourner|186/330\n|\n|-heal|p2a: Snorlax|47/100|[from] item: Leftovers\n|upkeep\n|turn|7\n|inactive|Time left: 300 sec this turn | 300 sec total\n|\n|t:|1783540942\n|move|p1a: Stonjourner|Stone Edge|p2a: Snorlax|[miss]\n|-miss|p1a: Stonjourner|p2a: Snorlax\n|move|p2a: Snorlax|Curse|p2a: Snorlax\n|-unboost|p2a: Snorlax|spe|1\n|-boost|p2a: Snorlax|atk|1\n|-boost|p2a: Snorlax|def|1\n|\n|-heal|p2a: Snorlax|53/100|[from] item: Leftovers\n|upkeep\n|turn|8\n|inactive|Time left: 300 sec this turn | 300 sec total\n|\n|t:|1783540943\n|move|p1a: Stonjourner|Stone Edge|p2a: Snorlax|[miss]\n|-miss|p1a: Stonjourner|p2a: Snorlax\n|move|p2a: Snorlax|Body Slam|p1a: Stonjourner\n|-resisted|p1a: Stonjourner\n|-damage|p1a: Stonjourner|143/330\n|\n|-heal|p2a: Snorlax|59/100|[from] item: Leftovers\n|upkeep\n|turn|9\n|inactive|Time left: 300 sec this turn | 300 sec total\n|\n|t:|1783540944\n|move|p1a: Stonjourner|Stone Edge|p2a: Snorlax\n|-damage|p2a: Snorlax|20/100\n|-damage|p1a: Stonjourner|110/330|[from] item: Life Orb\n|move|p2a: Snorlax|Body Slam|p1a: Stonjourner\n|-resisted|p1a: Stonjourner\n|-damage|p1a: Stonjourner|62/330\n|\n|-heal|p2a: Snorlax|26/100|[from] item: Leftovers\n|upkeep\n|turn|10\n|inactive|Time left: 300 sec this turn | 300 sec total\n|\n|t:|1783540945\n|move|p1a: Stonjourner|Earthquake|p2a: Snorlax\n|-damage|p2a: Snorlax|0 fnt\n|faint|p2a: Snorlax\n|-damage|p1a: Stonjourner|29/330|[from] item: Life Orb\n|\n|upkeep\n|\n|t:|1783540946\n|switch|p2a: Mew|Mew, L82|91/100\n|turn|11\n|inactive|Time left: 300 sec this turn | 300 sec total\n|\n|t:|1783540947\n|move|p2a: Mew|Swords Dance|p2a: Mew\n|-boost|p2a: Mew|atk|2\n|move|p1a: Stonjourner|Stone Edge|p2a: Mew\n|-damage|p2a: Mew|28/100\n|-damage|p1a: Stonjourner|0 fnt|[from] item: Life Orb\n|faint|p1a: Stonjourner\n|\n|upkeep\n|inactive|Time left: 300 sec this turn | 300 sec total | 5 sec grace\n|\n|t:|1783540949\n|switch|p1a: Rillaboom|Rillaboom, L79, F|288/288\n|-activate|p1a: Rillaboom|move: Sticky Web\n|-unboost|p1a: Rillaboom|spe|1\n|-fieldstart|move: Grassy Terrain|[from] ability: Grassy Surge|[of] p1a: Rillaboom\n|turn|12\n|inactive|Time left: 300 sec this turn | 300 sec total\n|\n|t:|1783540950\n|switch|p2a: Brambleghast|Brambleghast, L88, F|100/100\n|move|p1a: Rillaboom|Grassy Glide|p2a: Brambleghast\n|-resisted|p2a: Brambleghast\n|-damage|p2a: Brambleghast|76/100\n|-damage|p1a: Rillaboom|260/288|[from] item: Life Orb\n|\n|-heal|p2a: Brambleghast|83/100|[from] Grassy Terrain\n|-heal|p2a: Brambleghast|89/100|[from] item: Leftovers\n|-heal|p1a: Rillaboom|278/288|[from] Grassy Terrain\n|upkeep\n|turn|13\n|inactive|Time left: 300 sec this turn | 300 sec total\n|\n|t:|1783540951\n|move|p2a: Brambleghast|Poltergeist|p1a: Rillaboom\n|-activate|p1a: Rillaboom|move: Poltergeist|Life Orb\n|-damage|p1a: Rillaboom|115/288\n|move|p1a: Rillaboom|Knock Off|p2a: Brambleghast\n|-supereffective|p2a: Brambleghast\n|-damage|p2a: Brambleghast|0 fnt\n|-enditem|p2a: Brambleghast|Leftovers|[from] move: Knock Off|[of] p1a: Rillaboom\n|faint|p2a: Brambleghast\n|-damage|p1a: Rillaboom|87/288|[from] item: Life Orb\n|\n|-heal|p1a: Rillaboom|105/288|[from] Grassy Terrain\n|upkeep\n|\n|t:|1783540952\n|switch|p2a: Mew|Mew, L82|28/100\n|turn|14\n|inactive|Time left: 300 sec this turn | 300 sec total\n|\n|t:|1783540953\n|-terastallize|p2a: Mew|Fighting\n|move|p1a: Rillaboom|Grassy Glide|p2a: Mew\n|-damage|p2a: Mew|0 fnt\n|faint|p2a: Mew\n|-damage|p1a: Rillaboom|77/288|[from] item: Life Orb\n|\n|win|p0x1243bfe", "uploadtime": 1783540953, "views": 0, "rating": 0, "private": 0, "password": null, "_winner": "p0x1243bfe", "_our_name": "p0x1243bfe"}