{"id": "battle-gen9randombattle-2734", "formatid": "gen9randombattle", "format": "[Gen 9] Random Battle", "players": ["p0x27342d7c", "p0y2734fc3c"], "log": "|init|battle\n|title|p0x27342d7c vs. p0y2734fc3c\n|j|\u2606p0x27342d7c\n|j|\u2606p0y2734fc3c\n|t:|1783571517\n|gametype|singles\n|player|p1|p0x27342d7c|265|\n|player|p2|p0y2734fc3c|265|\n|gen|9\n|tier|[Gen 9] Random Battle\n|rule|Species Clause: Limit one of each Pok\u00e9mon\n|rule|HP Percentage Mod: HP is shown in percentages\n|rule|Sleep Clause Mod: Limit one foe put to sleep\n|rule|Illusion Level Mod: Illusion disguises the Pok\u00e9mon's true level\n|\n|t:|1783571517\n|teamsize|p1|6\n|teamsize|p2|6\n|start\n|switch|p1a: Palafin|Palafin, L77, M|281/281\n|switch|p2a: Glastrier|Glastrier, L86|100/100\n|turn|1\n|inactive|Battle timer is ON: inactive players will automatically lose when time's up. (requested by p0y2734fc3c)\n|inactive|p0x27342d7c also wants the timer to be on.\n|\n|t:|1783571519\n|move|p1a: Palafin|Bulk Up|p1a: Palafin\n|-boost|p1a: Palafin|atk|1\n|-boost|p1a: Palafin|def|1\n|move|p2a: Glastrier|High Horsepower|p1a: Palafin\n|-damage|p1a: Palafin|152/281\n|\n|-heal|p1a: Palafin|169/281|[from] item: Leftovers\n|upkeep\n|turn|2\n|inactive|Time left: 300 sec this turn | 300 sec total | 60 sec grace\n|\n|t:|1783571520\n|move|p1a: Palafin|Bulk Up|p1a: Palafin\n|-boost|p1a: Palafin|atk|1\n|-boost|p1a: Palafin|def|1\n|move|p2a: Glastrier|High Horsepower|p1a: Palafin\n|-damage|p1a: Palafin|76/281\n|\n|-heal|p1a: Palafin|93/281|[from] item: Leftovers\n|upkeep\n|turn|3\n|inactive|Time left: 300 sec this turn | 300 sec total\n|\n|t:|1783571521\n|move|p1a: Palafin|Drain Punch|p2a: Glastrier\n|-supereffective|p2a: Glastrier\n|-crit|p2a: Glastrier\n|-damage|p2a: Glastrier|52/100\n|-heal|p1a: Palafin|169/281|[from] drain|[of] p2a: Glastrier\n|move|p2a: Glastrier|High Horsepower|p1a: Palafin\n|-damage|p1a: Palafin|82/281\n|\n|-heal|p1a: Palafin|99/281|[from] item: Leftovers\n|upkeep\n|turn|4\n|inactive|Time left: 300 sec this turn | 300 sec total\n|\n|t:|1783571522\n|move|p1a: Palafin|Drain Punch|p2a: Glastrier\n|-supereffective|p2a: Glastrier\n|-crit|p2a: Glastrier\n|-damage|p2a: Glastrier|3/100\n|-heal|p1a: Palafin|174/281|[from] drain|[of] p2a: Glastrier\n|move|p2a: Glastrier|High Horsepower|p1a: Palafin\n|-damage|p1a: Palafin|82/281\n|\n|-heal|p1a: Palafin|99/281|[from] item: Leftovers\n|upkeep\n|turn|5\n|inactive|Time left: 300 sec this turn | 300 sec total\n|\n|t:|1783571523\n|switch|p2a: Leavanny|Leavanny, L86, M|100/100\n|move|p1a: Palafin|Drain Punch|p2a: Leavanny\n|-resisted|p2a: Leavanny\n|-damage|p2a: Leavanny|87/100\n|-heal|p1a: Palafin|118/281|[from] drain|[of] p2a: Leavanny\n|\n|-heal|p1a: Palafin|135/281|[from] item: Leftovers\n|upkeep\n|turn|6\n|inactive|Time left: 300 sec this turn | 300 sec total\n|\n|t:|1783571524\n|move|p1a: Palafin|Jet Punch|p2a: Leavanny\n|-resisted|p2a: Leavanny\n|-damage|p2a: Leavanny|71/100\n|move|p2a: Leavanny|Sticky Web|p1a: Palafin\n|-sidestart|p1: p0x27342d7c|move: Sticky Web\n|\n|-heal|p1a: Palafin|152/281|[from] item: Leftovers\n|upkeep\n|turn|7\n|inactive|Time left: 300 sec this turn | 300 sec total\n|\n|t:|1783571526\n|move|p1a: Palafin|Jet Punch|p2a: Leavanny\n|-resisted|p2a: Leavanny\n|-damage|p2a: Leavanny|56/100\n|move|p2a: Leavanny|Leaf Blade|p1a: Palafin\n|-supereffective|p1a: Palafin\n|-damage|p1a: Palafin|18/281\n|\n|-heal|p1a: Palafin|35/281|[from] item: Leftovers\n|upkeep\n|turn|8\n|inactive|Time left: 300 sec this turn | 300 sec total\n|\n|t:|1783571527\n|move|p1a: Palafin|Jet Punch|p2a: Leavanny\n|-resisted|p2a: Leavanny\n|-damage|p2a: Leavanny|38/100\n|move|p2a: Leavanny|Knock Off|p1a: Palafin\n|-damage|p1a: Palafin|0 fnt\n|-enditem|p1a: Palafin|Leftovers|[from] move: Knock Off|[of] p2a: Leavanny\n|faint|p1a: Palafin\n|\n|upkeep\n|inactive|Time left: 300 sec this turn | 300 sec total | 5 sec grace\n|\n|t:|1783571527\n|switch|p1a: Latios|Latios, L78, M|253/253\n|turn|9\n|inactive|Time left: 300 sec this turn | 300 sec total\n|\n|t:|1783571529\n|switch|p2a: Glastrier|Glastrier, L86|3/100\n|move|p1a: Latios|Luster Purge|p2a: Glastrier\n|-damage|p2a: Glastrier|0 fnt\n|faint|p2a: Glastrier\n|\n|upkeep\n|\n|t:|1783571530\n|switch|p2a: Komala|Komala, L87, F|100/100\n|-ability|p2a: Komala|Comatose\n|turn|10\n|inactive|Time left: 300 sec this turn | 300 sec total\n|\n|t:|1783571531\n|move|p1a: Latios|Luster Purge|p2a: Komala\n|-damage|p2a: Komala|63/100\n|-unboost|p2a: Komala|spd|1\n|move|p2a: Komala|Knock Off|p1a: Latios\n|-supereffective|p1a: Latios\n|-damage|p1a: Latios|77/253\n|-enditem|p1a: Latios|Choice Specs|[from] move: Knock Off|[of] p2a: Komala\n|\n|upkeep\n|turn|11\n|inactive|Time left: 300 sec this turn | 300 sec total\n|\n|t:|1783571532\n|move|p1a: Latios|Luster Purge|p2a: Komala\n|-damage|p2a: Komala|25/100\n|-unboost|p2a: Komala|spd|1\n|move|p2a: Komala|Rapid Spin|p1a: Latios\n|-damage|p1a: Latios|0 fnt\n|-boost|p2a: Komala|spe|1\n|faint|p1a: Latios\n|\n|upkeep\n|inactive|Time left: 300 sec this turn | 300 sec total | 5 sec grace\n|\n|t:|1783571532\n|switch|p1a: Moltres|Moltres, L81|278/278\n|turn|12\n|inactive|Time left: 300 sec this turn | 300 sec total\n|\n|t:|1783571533\n|switch|p2a: Flygon|Flygon, L82, M|100/100\n|move|p1a: Moltres|Fire Blast|p2a: Flygon|[miss]\n|-miss|p1a: Moltres|p2a: Flygon\n|\n|upkeep\n|turn|13\n|inactive|Time left: 300 sec this turn | 300 sec total\n|\n|t:|1783571534\n|move|p2a: Flygon|Stone Edge|p1a: Moltres\n|-supereffective|p1a: Moltres\n|-damage|p1a: Moltres|14/278\n|move|p1a: Moltres|Fire Blast|p2a: Flygon\n|-resisted|p2a: Flygon\n|-damage|p2a: Flygon|72/100\n|\n|upkeep\n|turn|14\n|inactive|Time left: 300 sec this turn | 300 sec total\n|\n|t:|1783571535\n|move|p2a: Flygon|Outrage|p1a: Moltres\n|-damage|p1a: Moltres|0 fnt\n|faint|p1a: Moltres\n|\n|upkeep\n|inactive|Time left: 300 sec this turn | 300 sec total | 5 sec grace\n|\n|t:|1783571536\n|switch|p1a: Scovillain|Scovillain, L91, F|266/266\n|-activate|p1a: Scovillain|move: Sticky Web\n|-unboost|p1a: Scovillain|spe|1\n|turn|15\n|inactive|Time left: 300 sec this turn | 300 sec total\n|\n|t:|1783571537\n|move|p2a: Flygon|Outrage|p1a: Scovillain|[from] lockedmove\n|-damage|p1a: Scovillain|112/266\n|move|p1a: Scovillain|Energy Ball|p2a: Flygon\n|-damage|p2a: Flygon|0 fnt\n|faint|p2a: Flygon\n|\n|upkeep\n|\n|t:|1783571538\n|switch|p2a: Chandelure|Chandelure, L83, F|100/100\n|turn|16\n|inactive|Time left: 300 sec this turn | 300 sec total\n|\n|t:|1783571539\n|move|p2a: Chandelure|Calm Mind|p2a: Chandelure\n|-boost|p2a: Chandelure|spa|1\n|-boost|p2a: Chandelure|spd|1\n|move|p1a: Scovillain|Energy Ball|p2a: Chandelure\n|-resisted|p2a: Chandelure\n|-damage|p2a: Chandelure|75/100\n|\n|upkeep\n|turn|17\n|inactive|Time left: 300 sec this turn | 300 sec total\n|\n|t:|1783571540\n|move|p2a: Chandelure|Fire Blast|p1a: Scovillain\n|-damage|p1a: Scovillain|0 fnt\n|faint|p1a: Scovillain\n|\n|upkeep\n|inactive|Time left: 300 sec this turn | 300 sec total | 5 sec grace\n|\n|t:|1783571541\n|switch|p1a: Amoonguss|Amoonguss, L82, F|321/321\n|-activate|p1a: Amoonguss|move: Sticky Web\n|-unboost|p1a: Amoonguss|spe|1\n|turn|18\n|inactive|Time left: 300 sec this turn | 300 sec total\n|\n|t:|1783571542\n|-terastallize|p1a: Amoonguss|Water\n|move|p2a: Chandelure|Fire Blast|p1a: Amoonguss|[miss]\n|-miss|p2a: Chandelure|p1a: Amoonguss\n|move|p1a: Amoonguss|Spore|p2a: Chandelure\n|-status|p2a: Chandelure|slp|[from] move: Spore\n|\n|upkeep\n|turn|19\n|inactive|Time left: 300 sec this turn | 300 sec total\n|\n|t:|1783571543\n|cant|p2a: Chandelure|slp\n|move|p1a: Amoonguss|Stomping Tantrum|p2a: Chandelure\n|-supereffective|p2a: Chandelure\n|-damage|p2a: Chandelure|36/100 slp\n|\n|upkeep\n|turn|20\n|inactive|Time left: 300 sec this turn | 300 sec total\n|\n|t:|1783571544\n|switch|p2a: Leavanny|Leavanny, L86, M|38/100\n|move|p1a: Amoonguss|Stomping Tantrum|p2a: Leavanny\n|-resisted|p2a: Leavanny\n|-damage|p2a: Leavanny|33/100\n|\n|upkeep\n|turn|21\n|inactive|Time left: 300 sec this turn | 300 sec total\n|\n|t:|1783571545\n|move|p2a: Leavanny|Leaf Blade|p1a: Amoonguss\n|-supereffective|p1a: Amoonguss\n|-damage|p1a: Amoonguss|69/321\n|-damage|p2a: Leavanny|16/100|[from] item: Rocky Helmet|[of] p1a: Amoonguss\n|move|p1a: Amoonguss|Sludge Bomb|p2a: Leavanny\n|-supereffective|p2a: Leavanny\n|-damage|p2a: Leavanny|0 fnt\n|faint|p2a: Leavanny\n|\n|upkeep\n|\n|t:|1783571546\n|switch|p2a: Lycanroc|Lycanroc, L86, M|100/100\n|turn|22\n|inactive|Time left: 300 sec this turn | 300 sec total\n|\n|t:|1783571547\n|-terastallize|p2a: Lycanroc|Fighting\n|move|p2a: Lycanroc|Close Combat|p1a: Amoonguss\n|-damage|p1a: Amoonguss|0 fnt\n|-unboost|p2a: Lycanroc|def|1\n|-unboost|p2a: Lycanroc|spd|1\n|-damage|p2a: Lycanroc|84/100|[from] item: Rocky Helmet|[of] p1a: Amoonguss\n|faint|p1a: Amoonguss\n|-damage|p2a: Lycanroc|74/100|[from] item: Life Orb\n|\n|upkeep\n|inactive|Time left: 300 sec this turn | 300 sec total | 5 sec grace\n|\n|t:|1783571548\n|switch|p1a: Terapagos|Terapagos, L77, F|265/265\n|-activate|p1a: Terapagos|ability: Tera Shift\n|detailschange|p1a: Terapagos|Terapagos-Terastal, L77, F\n|-heal|p1a: Terapagos|273/273|[silent]\n|turn|23\n|inactive|Time left: 300 sec this turn | 300 sec total\n|\n|t:|1783571549\n|move|p2a: Lycanroc|Close Combat|p1a: Terapagos\n|-activate|p1a: Terapagos|ability: Tera Shell\n|-resisted|p1a: Terapagos\n|-damage|p1a: Terapagos|178/273\n|-unboost|p2a: Lycanroc|def|1\n|-unboost|p2a: Lycanroc|spd|1\n|-damage|p2a: Lycanroc|65/100|[from] item: Life Orb\n|move|p1a: Terapagos|Calm Mind|p1a: Terapagos\n|-boost|p1a: Terapagos|spa|1\n|-boost|p1a: Terapagos|spd|1\n|\n|upkeep\n|turn|24\n|inactive|Time left: 300 sec this turn | 300 sec total\n|\n|t:|1783571549\n|move|p2a: Lycanroc|Close Combat|p1a: Terapagos\n|-supereffective|p1a: Terapagos\n|-damage|p1a: Terapagos|0 fnt\n|-unboost|p2a: Lycanroc|def|1\n|-unboost|p2a: Lycanroc|spd|1\n|faint|p1a: Terapagos\n|-damage|p2a: Lycanroc|55/100|[from] item: Life Orb\n|\n|win|p0y2734fc3c", "uploadtime": 1783571549, "views": 0, "rating": 0, "private": 0, "password": null, "_winner": "p0y2734fc3c", "_our_name": "p0x27342d7c"}