{"id": "battle-gen9randombattle-1266", "formatid": "gen9randombattle", "format": "[Gen 9] Random Battle", "players": ["p0x1266fd07", "p0y1266c11c"], "log": "|init|battle\n|title|p0x1266fd07 vs. p0y1266c11c\n|j|\u2606p0x1266fd07\n|j|\u2606p0y1266c11c\n|t:|1783553798\n|gametype|singles\n|player|p1|p0x1266fd07|266|\n|player|p2|p0y1266c11c|266|\n|gen|9\n|tier|[Gen 9] Random Battle\n|rule|Species Clause: Limit one of each Pok\u00e9mon\n|rule|HP Percentage Mod: HP is shown in percentages\n|rule|Sleep Clause Mod: Limit one foe put to sleep\n|rule|Illusion Level Mod: Illusion disguises the Pok\u00e9mon's true level\n|\n|t:|1783553798\n|teamsize|p1|6\n|teamsize|p2|6\n|start\n|switch|p1a: Torkoal|Torkoal, L88, M, shiny|100/100\n|switch|p2a: Iron Boulder|Iron Boulder, L77|265/265\n|-weather|SunnyDay|[from] ability: Drought|[of] p1a: Torkoal\n|turn|1\n|inactive|Battle timer is ON: inactive players will automatically lose when time's up. (requested by p0y1266c11c)\n|inactive|p0x1266fd07 also wants the timer to be on.\n|\n|t:|1783553799\n|move|p2a: Iron Boulder|Mighty Cleave|p1a: Torkoal\n|-supereffective|p1a: Torkoal\n|-damage|p1a: Torkoal|36/100\n|-damage|p2a: Iron Boulder|239/265|[from] item: Life Orb\n|move|p1a: Torkoal|Earthquake|p2a: Iron Boulder\n|-supereffective|p2a: Iron Boulder\n|-damage|p2a: Iron Boulder|83/265\n|\n|-weather|SunnyDay|[upkeep]\n|upkeep\n|turn|2\n|inactive|Time left: 300 sec this turn | 300 sec total\n|\n|t:|1783553800\n|move|p2a: Iron Boulder|Mighty Cleave|p1a: Torkoal\n|-supereffective|p1a: Torkoal\n|-damage|p1a: Torkoal|0 fnt\n|faint|p1a: Torkoal\n|-damage|p2a: Iron Boulder|57/265|[from] item: Life Orb\n|\n|-weather|SunnyDay|[upkeep]\n|upkeep\n|\n|t:|1783553801\n|switch|p1a: Kyogre|Kyogre, L71|100/100\n|-weather|RainDance|[from] ability: Drizzle|[of] p1a: Kyogre\n|turn|3\n|inactive|Time left: 300 sec this turn | 300 sec total\n|\n|t:|1783553802\n|move|p1a: Kyogre|Water Spout|p2a: Iron Boulder\n|-supereffective|p2a: Iron Boulder\n|-damage|p2a: Iron Boulder|0 fnt\n|faint|p2a: Iron Boulder\n|-end|p2a: Iron Boulder|Quark Drive|[silent]\n|\n|-weather|RainDance|[upkeep]\n|upkeep\n|inactive|Time left: 300 sec this turn | 300 sec total | 5 sec grace\n|\n|t:|1783553803\n|switch|p2a: Beartic|Beartic, L91, M|321/321\n|turn|4\n|inactive|Time left: 300 sec this turn | 300 sec total\n|\n|t:|1783553804\n|move|p2a: Beartic|Earthquake|p1a: Kyogre\n|-damage|p1a: Kyogre|56/100\n|move|p1a: Kyogre|Water Spout|p2a: Beartic\n|-damage|p2a: Beartic|176/321\n|\n|-weather|RainDance|[upkeep]\n|upkeep\n|turn|5\n|inactive|Time left: 300 sec this turn | 300 sec total\n|\n|t:|1783553805\n|move|p2a: Beartic|Earthquake|p1a: Kyogre\n|-damage|p1a: Kyogre|10/100\n|move|p1a: Kyogre|Water Spout|p2a: Beartic\n|-damage|p2a: Beartic|151/321\n|\n|-weather|RainDance|[upkeep]\n|upkeep\n|turn|6\n|inactive|Time left: 300 sec this turn | 300 sec total\n|\n|t:|1783553807\n|move|p2a: Beartic|Swords Dance|p2a: Beartic\n|-boost|p2a: Beartic|atk|2\n|move|p1a: Kyogre|Water Spout|p2a: Beartic\n|-damage|p2a: Beartic|129/321\n|\n|-weather|RainDance|[upkeep]\n|upkeep\n|turn|7\n|inactive|Time left: 300 sec this turn | 300 sec total\n|\n|t:|1783553808\n|move|p2a: Beartic|Icicle Crash|p1a: Kyogre\n|-resisted|p1a: Kyogre\n|-damage|p1a: Kyogre|0 fnt\n|faint|p1a: Kyogre\n|\n|-weather|none\n|upkeep\n|\n|t:|1783553809\n|switch|p1a: Flareon|Flareon, L90, F|100/100\n|turn|8\n|inactive|Time left: 300 sec this turn | 300 sec total\n|\n|t:|1783553810\n|switch|p2a: Ho-Oh|Ho-Oh, L71|268/268\n|move|p1a: Flareon|Flare Blitz|p2a: Ho-Oh\n|-resisted|p2a: Ho-Oh\n|-damage|p2a: Ho-Oh|160/268\n|-damage|p1a: Flareon|87/100|[from] Recoil\n|\n|-status|p1a: Flareon|tox|[from] item: Toxic Orb\n|upkeep\n|turn|9\n|inactive|Time left: 300 sec this turn | 300 sec total\n|\n|t:|1783553811\n|move|p2a: Ho-Oh|Earthquake|p1a: Flareon\n|-supereffective|p1a: Flareon\n|-damage|p1a: Flareon|24/100 tox\n|move|p1a: Flareon|Facade|p2a: Ho-Oh\n|-damage|p2a: Ho-Oh|0 fnt\n|faint|p2a: Ho-Oh\n|\n|-damage|p1a: Flareon|18/100 tox|[from] psn\n|upkeep\n|inactive|Time left: 300 sec this turn | 300 sec total | 5 sec grace\n|\n|t:|1783553812\n|switch|p2a: Dunsparce|Dunsparce, L86, M|312/312\n|turn|10\n|inactive|Time left: 300 sec this turn | 300 sec total\n|\n|t:|1783553813\n|move|p1a: Flareon|Flare Blitz|p2a: Dunsparce\n|-damage|p2a: Dunsparce|84/312\n|-damage|p1a: Flareon|0 fnt|[from] Recoil\n|faint|p1a: Flareon\n|move|p2a: Dunsparce|Coil|p2a: Dunsparce\n|-boost|p2a: Dunsparce|atk|1\n|-boost|p2a: Dunsparce|def|1\n|-boost|p2a: Dunsparce|accuracy|1\n|\n|upkeep\n|\n|t:|1783553813\n|switch|p1a: Lilligant|Lilligant, L86, F|100/100\n|turn|11\n|inactive|Time left: 300 sec this turn | 300 sec total\n|\n|t:|1783553815\n|move|p1a: Lilligant|Giga Drain|p2a: Dunsparce\n|-damage|p2a: Dunsparce|0 fnt\n|faint|p2a: Dunsparce\n|-damage|p1a: Lilligant|91/100|[from] item: Life Orb\n|\n|upkeep\n|inactive|Time left: 300 sec this turn | 300 sec total | 5 sec grace\n|\n|t:|1783553815\n|switch|p2a: Skuntank|Skuntank, L84, F|310/310\n|turn|12\n|inactive|Time left: 300 sec this turn | 300 sec total\n|\n|t:|1783553816\n|move|p1a: Lilligant|Sleep Powder|p2a: Skuntank\n|-status|p2a: Skuntank|slp|[from] move: Sleep Powder\n|cant|p2a: Skuntank|slp\n|\n|upkeep\n|turn|13\n|inactive|Time left: 300 sec this turn | 300 sec total\n|\n|t:|1783553818\n|move|p1a: Lilligant|Quiver Dance|p1a: Lilligant\n|-boost|p1a: Lilligant|spa|1\n|-boost|p1a: Lilligant|spd|1\n|-boost|p1a: Lilligant|spe|1\n|cant|p2a: Skuntank|slp\n|\n|upkeep\n|turn|14\n|inactive|Time left: 300 sec this turn | 300 sec total\n|\n|t:|1783553819\n|-terastallize|p1a: Lilligant|Rock\n|move|p1a: Lilligant|Quiver Dance|p1a: Lilligant\n|-boost|p1a: Lilligant|spa|1\n|-boost|p1a: Lilligant|spd|1\n|-boost|p1a: Lilligant|spe|1\n|-curestatus|p2a: Skuntank|slp|[msg]\n|move|p2a: Skuntank|Gunk Shot|p1a: Lilligant\n|-resisted|p1a: Lilligant\n|-damage|p1a: Lilligant|65/100\n|-status|p1a: Lilligant|psn\n|\n|-damage|p1a: Lilligant|53/100 psn|[from] psn\n|upkeep\n|turn|15\n|inactive|Time left: 300 sec this turn | 300 sec total\n|\n|t:|1783553820\n|move|p1a: Lilligant|Giga Drain|p2a: Skuntank\n|-resisted|p2a: Skuntank\n|-damage|p2a: Skuntank|209/310\n|-heal|p1a: Lilligant|73/100 psn|[from] drain|[of] p2a: Skuntank\n|-damage|p1a: Lilligant|63/100 psn|[from] item: Life Orb\n|move|p2a: Skuntank|Knock Off|p1a: Lilligant\n|-damage|p1a: Lilligant|17/100 psn\n|-enditem|p1a: Lilligant|Life Orb|[from] move: Knock Off|[of] p2a: Skuntank\n|\n|-damage|p1a: Lilligant|5/100 psn|[from] psn\n|upkeep\n|turn|16\n|inactive|Time left: 300 sec this turn | 300 sec total\n|\n|t:|1783553821\n|move|p2a: Skuntank|Sucker Punch|p1a: Lilligant\n|-damage|p1a: Lilligant|0 fnt\n|faint|p1a: Lilligant\n|\n|upkeep\n|\n|t:|1783553822\n|switch|p1a: Venomoth|Venomoth, L84, F|100/100\n|turn|17\n|inactive|Time left: 300 sec this turn | 300 sec total\n|\n|t:|1783553823\n|move|p1a: Venomoth|Quiver Dance|p1a: Venomoth\n|-boost|p1a: Venomoth|spa|1\n|-boost|p1a: Venomoth|spd|1\n|-boost|p1a: Venomoth|spe|1\n|move|p2a: Skuntank|Knock Off|p1a: Venomoth\n|-damage|p1a: Venomoth|52/100\n|-enditem|p1a: Venomoth|Heavy-Duty Boots|[from] move: Knock Off|[of] p2a: Skuntank\n|\n|upkeep\n|turn|18\n|inactive|Time left: 300 sec this turn | 300 sec total\n|\n|t:|1783553824\n|move|p1a: Venomoth|Sleep Powder|p2a: Skuntank\n|-status|p2a: Skuntank|slp|[from] move: Sleep Powder\n|cant|p2a: Skuntank|slp\n|\n|upkeep\n|turn|19\n|inactive|Time left: 300 sec this turn | 300 sec total\n|\n|t:|1783553825\n|move|p1a: Venomoth|Bug Buzz|p2a: Skuntank\n|-damage|p2a: Skuntank|91/310 slp\n|cant|p2a: Skuntank|slp\n|\n|upkeep\n|turn|20\n|inactive|Time left: 300 sec this turn | 300 sec total\n|\n|t:|1783553827\n|-curestatus|p2a: Skuntank|slp|[msg]\n|move|p2a: Skuntank|Sucker Punch|p1a: Venomoth\n|-crit|p1a: Venomoth\n|-damage|p1a: Venomoth|0 fnt\n|faint|p1a: Venomoth\n|\n|upkeep\n|\n|t:|1783553828\n|switch|p1a: Indeedee|Indeedee-F, L90, F|100/100\n|-fieldstart|move: Psychic Terrain|[from] ability: Psychic Surge|[of] p1a: Indeedee\n|turn|21\n|inactive|Time left: 300 sec this turn | 300 sec total\n|\n|t:|1783553829\n|-terastallize|p2a: Skuntank|Dark\n|move|p1a: Indeedee|Hyper Voice|p2a: Skuntank\n|-damage|p2a: Skuntank|0 fnt\n|faint|p2a: Skuntank\n|\n|upkeep\n|inactive|Time left: 300 sec this turn | 300 sec total | 5 sec grace\n|\n|t:|1783553830\n|switch|p2a: Umbreon|Umbreon, L84, M|297/297\n|turn|22\n|inactive|Time left: 300 sec this turn | 300 sec total\n|\n|t:|1783553830\n|move|p1a: Indeedee|Hyper Voice|p2a: Umbreon\n|-damage|p2a: Umbreon|224/297\n|move|p2a: Umbreon|Foul Play|p1a: Indeedee\n|-supereffective|p1a: Indeedee\n|-damage|p1a: Indeedee|58/100\n|\n|-heal|p2a: Umbreon|242/297|[from] item: Leftovers\n|upkeep\n|turn|23\n|inactive|Time left: 300 sec this turn | 300 sec total\n|\n|t:|1783553831\n|move|p1a: Indeedee|Hyper Voice|p2a: Umbreon\n|-damage|p2a: Umbreon|160/297\n|move|p2a: Umbreon|Foul Play|p1a: Indeedee\n|-supereffective|p1a: Indeedee\n|-damage|p1a: Indeedee|11/100\n|\n|-heal|p2a: Umbreon|178/297|[from] item: Leftovers\n|upkeep\n|turn|24\n|inactive|Time left: 300 sec this turn | 300 sec total\n|\n|t:|1783553832\n|move|p1a: Indeedee|Hyper Voice|p2a: Umbreon\n|-damage|p2a: Umbreon|97/297\n|move|p2a: Umbreon|Foul Play|p1a: Indeedee\n|-supereffective|p1a: Indeedee\n|-damage|p1a: Indeedee|0 fnt\n|faint|p1a: Indeedee\n|\n|win|p0y1266c11c", "uploadtime": 1783553832, "views": 0, "rating": 0, "private": 0, "password": null, "_winner": "p0y1266c11c", "_our_name": "p0y1266c11c"}