{"id": "battle-gen9randombattle-1833", "formatid": "gen9randombattle", "format": "[Gen 9] Random Battle", "players": ["p0x1833e664", "p0y18330b74"], "log": "|init|battle\n|title|p0x1833e664 vs. p0y18330b74\n|j|\u2606p0x1833e664\n|j|\u2606p0y18330b74\n|t:|1783561223\n|gametype|singles\n|player|p1|p0x1833e664|266|\n|player|p2|p0y18330b74|266|\n|gen|9\n|tier|[Gen 9] Random Battle\n|rule|Species Clause: Limit one of each Pok\u00e9mon\n|rule|HP Percentage Mod: HP is shown in percentages\n|rule|Sleep Clause Mod: Limit one foe put to sleep\n|rule|Illusion Level Mod: Illusion disguises the Pok\u00e9mon's true level\n|\n|t:|1783561223\n|teamsize|p1|6\n|teamsize|p2|6\n|start\n|switch|p1a: Rhyperior|Rhyperior, L82, M|100/100\n|switch|p2a: Hitmontop|Hitmontop, L88, M|231/231\n|turn|1\n|inactive|Battle timer is ON: inactive players will automatically lose when time's up. (requested by p0x1833e664)\n|inactive|Time left: 300 sec this turn | 300 sec total | 60 sec grace\n|inactive|p0y18330b74 also wants the timer to be on.\n|\n|t:|1783561225\n|move|p2a: Hitmontop|Bulk Up|p2a: Hitmontop\n|-boost|p2a: Hitmontop|atk|1\n|-boost|p2a: Hitmontop|def|1\n|move|p1a: Rhyperior|Earthquake|p2a: Hitmontop\n|-damage|p2a: Hitmontop|150/231\n|\n|-heal|p2a: Hitmontop|164/231|[from] item: Leftovers\n|upkeep\n|turn|2\n|inactive|Time left: 300 sec this turn | 300 sec total\n|\n|t:|1783561226\n|-terastallize|p2a: Hitmontop|Ice\n|move|p2a: Hitmontop|Triple Axel|p1a: Rhyperior\n|-supereffective|p1a: Rhyperior\n|-damage|p1a: Rhyperior|81/100\n|-supereffective|p1a: Rhyperior\n|-damage|p1a: Rhyperior|43/100\n|-supereffective|p1a: Rhyperior\n|-damage|p1a: Rhyperior|0 fnt\n|faint|p1a: Rhyperior\n|-hitcount|p1: Rhyperior|3\n|\n|-heal|p2a: Hitmontop|178/231|[from] item: Leftovers\n|upkeep\n|\n|t:|1783561227\n|switch|p1a: Ribombee|Ribombee, L83, M|100/100\n|turn|3\n|inactive|Time left: 300 sec this turn | 300 sec total\n|\n|t:|1783561228\n|move|p1a: Ribombee|Sticky Web|p2a: Hitmontop\n|-sidestart|p2: p0y18330b74|move: Sticky Web\n|move|p2a: Hitmontop|Triple Axel|p1a: Ribombee\n|-damage|p1a: Ribombee|71/100\n|-damage|p1a: Ribombee|10/100\n|-damage|p1a: Ribombee|0 fnt\n|faint|p1a: Ribombee\n|-hitcount|p1: Ribombee|3\n|\n|-heal|p2a: Hitmontop|192/231|[from] item: Leftovers\n|upkeep\n|\n|t:|1783561228\n|switch|p1a: Espathra|Espathra, L80, F|100/100\n|turn|4\n|inactive|Time left: 300 sec this turn | 300 sec total\n|\n|t:|1783561229\n|move|p1a: Espathra|Calm Mind|p1a: Espathra\n|-boost|p1a: Espathra|spa|1\n|-boost|p1a: Espathra|spd|1\n|move|p2a: Hitmontop|Rapid Spin|p1a: Espathra\n|-damage|p1a: Espathra|57/100\n|-boost|p2a: Hitmontop|spe|1\n|-sideend|p2: p0y18330b74|Sticky Web|[from] move: Rapid Spin|[of] p2a: Hitmontop\n|\n|-heal|p2a: Hitmontop|206/231|[from] item: Leftovers\n|-heal|p1a: Espathra|63/100|[from] item: Leftovers\n|-ability|p1a: Espathra|Speed Boost|boost\n|-boost|p1a: Espathra|spe|1\n|upkeep\n|turn|5\n|inactive|Time left: 300 sec this turn | 300 sec total\n|\n|t:|1783561230\n|move|p1a: Espathra|Stored Power|p2a: Hitmontop\n|-damage|p2a: Hitmontop|115/231\n|move|p2a: Hitmontop|Triple Axel|p1a: Espathra\n|-damage|p1a: Espathra|40/100\n|-damage|p1a: Espathra|0 fnt\n|faint|p1a: Espathra\n|-hitcount|p1: Espathra|2\n|\n|-heal|p2a: Hitmontop|129/231|[from] item: Leftovers\n|upkeep\n|\n|t:|1783561231\n|switch|p1a: Dachsbun|Dachsbun, L92, F|100/100\n|turn|6\n|inactive|Time left: 300 sec this turn | 300 sec total\n|\n|t:|1783561231\n|move|p2a: Hitmontop|Triple Axel|p1a: Dachsbun\n|-damage|p1a: Dachsbun|86/100\n|-damage|p1a: Dachsbun|58/100\n|-damage|p1a: Dachsbun|15/100\n|-hitcount|p1a: Dachsbun|3\n|move|p1a: Dachsbun|Play Rough|p2a: Hitmontop\n|-damage|p2a: Hitmontop|68/231\n|-unboost|p2a: Hitmontop|atk|1\n|\n|-heal|p2a: Hitmontop|82/231|[from] item: Leftovers\n|-heal|p1a: Dachsbun|21/100|[from] item: Leftovers\n|upkeep\n|turn|7\n|inactive|Time left: 300 sec this turn | 300 sec total\n|\n|t:|1783561232\n|move|p2a: Hitmontop|Triple Axel|p1a: Dachsbun\n|-damage|p1a: Dachsbun|10/100\n|-damage|p1a: Dachsbun|0 fnt\n|faint|p1a: Dachsbun\n|-hitcount|p1: Dachsbun|2\n|\n|-heal|p2a: Hitmontop|96/231|[from] item: Leftovers\n|upkeep\n|\n|t:|1783561233\n|switch|p1a: Zekrom|Zekrom, L71|100/100\n|-ability|p1a: Zekrom|Teravolt\n|turn|8\n|inactive|Time left: 300 sec this turn | 300 sec total\n|\n|t:|1783561234\n|-terastallize|p1a: Zekrom|Electric\n|move|p2a: Hitmontop|Triple Axel|p1a: Zekrom\n|-damage|p1a: Zekrom|87/100\n|-damage|p1a: Zekrom|62/100\n|-damage|p1a: Zekrom|27/100\n|-hitcount|p1a: Zekrom|3\n|move|p1a: Zekrom|Bolt Strike|p2a: Hitmontop\n|-damage|p2a: Hitmontop|0 fnt\n|faint|p2a: Hitmontop\n|\n|-heal|p1a: Zekrom|33/100|[from] item: Leftovers\n|upkeep\n|inactive|Time left: 300 sec this turn | 300 sec total | 5 sec grace\n|\n|t:|1783561234\n|switch|p2a: Manaphy|Manaphy, L78|284/284\n|turn|9\n|inactive|Time left: 300 sec this turn | 300 sec total\n|\n|t:|1783561235\n|move|p2a: Manaphy|Surf|p1a: Zekrom\n|-damage|p1a: Zekrom|0 fnt\n|faint|p1a: Zekrom\n|\n|upkeep\n|\n|t:|1783561236\n|switch|p1a: Zarude|Zarude-Dada, L77|100/100\n|turn|10\n|inactive|Time left: 300 sec this turn | 300 sec total\n|\n|t:|1783561237\n|switch|p2a: Shaymin|Shaymin-Sky, L73|266/266\n|move|p1a: Zarude|Swords Dance|p1a: Zarude\n|-boost|p1a: Zarude|atk|2\n|\n|upkeep\n|turn|11\n|inactive|Time left: 300 sec this turn | 300 sec total\n|\n|t:|1783561238\n|move|p2a: Shaymin|Air Slash|p1a: Zarude\n|-supereffective|p1a: Zarude\n|-damage|p1a: Zarude|48/100\n|move|p1a: Zarude|Knock Off|p2a: Shaymin\n|-damage|p2a: Shaymin|0 fnt\n|-enditem|p2a: Shaymin|Leftovers|[from] move: Knock Off|[of] p1a: Zarude\n|faint|p2a: Shaymin\n|-damage|p1a: Zarude|39/100|[from] item: Life Orb\n|\n|upkeep\n|inactive|Time left: 300 sec this turn | 300 sec total | 5 sec grace\n|\n|t:|1783561239\n|switch|p2a: Tauros|Tauros, L82, M|257/257\n|turn|12\n|inactive|Time left: 300 sec this turn | 300 sec total\n|\n|t:|1783561240\n|move|p2a: Tauros|Body Slam|p1a: Zarude\n|-crit|p1a: Zarude\n|-damage|p1a: Zarude|0 fnt\n|faint|p1a: Zarude\n|\n|win|p0y18330b74", "uploadtime": 1783561240, "views": 0, "rating": 0, "private": 0, "password": null, "_winner": "p0y18330b74", "_our_name": "p0y18330b74"}