{"id": "battle-gen9randombattle-558", "formatid": "gen9randombattle", "format": "[Gen 9] Random Battle", "players": ["p0x558bcee", "p0y55816cb"], "log": "|init|battle\n|title|p0x558bcee vs. p0y55816cb\n|j|\u2606p0x558bcee\n|j|\u2606p0y55816cb\n|t:|1783546255\n|gametype|singles\n|player|p1|p0x558bcee|266|\n|player|p2|p0y55816cb|2|\n|gen|9\n|tier|[Gen 9] Random Battle\n|rule|Species Clause: Limit one of each Pok\u00e9mon\n|rule|HP Percentage Mod: HP is shown in percentages\n|rule|Sleep Clause Mod: Limit one foe put to sleep\n|rule|Illusion Level Mod: Illusion disguises the Pok\u00e9mon's true level\n|\n|t:|1783546255\n|teamsize|p1|6\n|teamsize|p2|6\n|start\n|switch|p1a: Skuntank|Skuntank, L84, M|100/100\n|switch|p2a: Giratina|Giratina, L75|349/349\n|-ability|p2a: Giratina|Pressure\n|turn|1\n|inactive|Battle timer is ON: inactive players will automatically lose when time's up. (requested by p0y55816cb)\n|\n|t:|1783546256\n|switch|p2a: Magcargo|Magcargo, L95, F|268/268\n|move|p1a: Skuntank|Knock Off|p2a: Magcargo\n|-damage|p2a: Magcargo|195/268\n|-ability|p2a: Magcargo|Weak Armor|boost\n|-unboost|p2a: Magcargo|def|1\n|-boost|p2a: Magcargo|spe|2\n|-enditem|p2a: Magcargo|Heavy-Duty Boots|[from] move: Knock Off|[of] p1a: Skuntank\n|\n|upkeep\n|turn|2\n|inactive|Time left: 300 sec this turn | 300 sec total\n|inactive|p0x558bcee also wants the timer to be on.\n|\n|t:|1783546257\n|switch|p1a: Wyrdeer|Wyrdeer, L87, F|100/100\n|-ability|p1a: Wyrdeer|Intimidate|boost\n|-unboost|p2a: Magcargo|atk|1\n|move|p2a: Magcargo|Earth Power|p1a: Wyrdeer\n|-damage|p1a: Wyrdeer|75/100\n|\n|-heal|p1a: Wyrdeer|81/100|[from] item: Leftovers\n|upkeep\n|turn|3\n|inactive|Time left: 300 sec this turn | 300 sec total\n|\n|t:|1783546259\n|move|p2a: Magcargo|Fire Blast|p1a: Wyrdeer\n|-damage|p1a: Wyrdeer|30/100\n|move|p1a: Wyrdeer|Earthquake|p2a: Magcargo\n|-supereffective|p2a: Magcargo\n|-damage|p2a: Magcargo|0 fnt\n|faint|p2a: Magcargo\n|\n|-heal|p1a: Wyrdeer|36/100|[from] item: Leftovers\n|upkeep\n|inactive|Time left: 300 sec this turn | 300 sec total | 5 sec grace\n|\n|t:|1783546260\n|switch|p2a: Orthworm|Orthworm, L88, F|266/266\n|turn|4\n|inactive|Time left: 300 sec this turn | 300 sec total\n|\n|t:|1783546261\n|switch|p1a: Polteageist|Polteageist-Antique, L78|100/100\n|move|p2a: Orthworm|Stealth Rock|p1a: Polteageist\n|-sidestart|p1: p0x558bcee|move: Stealth Rock\n|\n|upkeep\n|turn|5\n|inactive|Time left: 300 sec this turn | 300 sec total\n|\n|t:|1783546262\n|move|p2a: Orthworm|Heavy Slam|p1a: Polteageist\n|-damage|p1a: Polteageist|21/100\n|move|p1a: Polteageist|Shell Smash|p1a: Polteageist\n|-unboost|p1a: Polteageist|def|1\n|-unboost|p1a: Polteageist|spd|1\n|-boost|p1a: Polteageist|atk|2\n|-boost|p1a: Polteageist|spa|2\n|-boost|p1a: Polteageist|spe|2\n|-enditem|p1a: Polteageist|White Herb\n|-clearnegativeboost|p1a: Polteageist|[silent]\n|\n|upkeep\n|turn|6\n|inactive|Time left: 300 sec this turn | 300 sec total\n|\n|t:|1783546263\n|move|p1a: Polteageist|Shadow Ball|p2a: Orthworm\n|-crit|p2a: Orthworm\n|-damage|p2a: Orthworm|0 fnt\n|faint|p2a: Orthworm\n|\n|upkeep\n|inactive|Time left: 300 sec this turn | 300 sec total | 5 sec grace\n|\n|t:|1783546264\n|switch|p2a: Raging Bolt|Raging Bolt, L78|323/323\n|-enditem|p2a: Raging Bolt|Booster Energy\n|-activate|p2a: Raging Bolt|ability: Protosynthesis|[fromitem]\n|-start|p2a: Raging Bolt|protosynthesisspa\n|turn|7\n|inactive|Time left: 300 sec this turn | 300 sec total\n|\n|t:|1783546265\n|move|p1a: Polteageist|Stored Power|p2a: Raging Bolt\n|-damage|p2a: Raging Bolt|66/323\n|move|p2a: Raging Bolt|Thunderbolt|p1a: Polteageist\n|-damage|p1a: Polteageist|0 fnt\n|faint|p1a: Polteageist\n|\n|upkeep\n|\n|t:|1783546266\n|switch|p1a: Toedscruel|Toedscruel, L87, M|100/100\n|-damage|p1a: Toedscruel|94/100|[from] Stealth Rock\n|turn|8\n|inactive|Time left: 300 sec this turn | 300 sec total\n|\n|t:|1783546267\n|-end|p2a: Raging Bolt|Protosynthesis|[silent]\n|switch|p2a: Giratina|Giratina, L75|349/349\n|-ability|p2a: Giratina|Pressure\n|move|p1a: Toedscruel|Earth Power|p2a: Giratina\n|-damage|p2a: Giratina|268/349\n|\n|-heal|p1a: Toedscruel|100/100|[from] item: Leftovers\n|-heal|p2a: Giratina|289/349|[from] item: Leftovers\n|upkeep\n|turn|9\n|inactive|Time left: 300 sec this turn | 300 sec total\n|\n|t:|1783546268\n|move|p2a: Giratina|Calm Mind|p2a: Giratina\n|-boost|p2a: Giratina|spa|1\n|-boost|p2a: Giratina|spd|1\n|move|p1a: Toedscruel|Spore|p2a: Giratina\n|-status|p2a: Giratina|slp|[from] move: Spore\n|\n|-heal|p2a: Giratina|310/349 slp|[from] item: Leftovers\n|upkeep\n|turn|10\n|inactive|Time left: 300 sec this turn | 300 sec total\n|\n|t:|1783546269\n|move|p1a: Toedscruel|Knock Off|p2a: Giratina\n|-supereffective|p2a: Giratina\n|-damage|p2a: Giratina|218/349 slp\n|-enditem|p2a: Giratina|Leftovers|[from] move: Knock Off|[of] p1a: Toedscruel\n|cant|p2a: Giratina|slp\n|move|p2a: Giratina|Sleep Talk|p2a: Giratina\n|move|p2a: Giratina|Calm Mind|p2a: Giratina|[from] move: Sleep Talk\n|-boost|p2a: Giratina|spa|1\n|-boost|p2a: Giratina|spd|1\n|\n|upkeep\n|turn|11\n|inactive|Time left: 300 sec this turn | 300 sec total\n|\n|t:|1783546270\n|move|p1a: Toedscruel|Knock Off|p2a: Giratina\n|-supereffective|p2a: Giratina\n|-damage|p2a: Giratina|154/349 slp\n|cant|p2a: Giratina|slp\n|move|p2a: Giratina|Sleep Talk|p2a: Giratina\n|move|p2a: Giratina|Calm Mind|p2a: Giratina|[from] move: Sleep Talk\n|-boost|p2a: Giratina|spa|1\n|-boost|p2a: Giratina|spd|1\n|\n|upkeep\n|turn|12\n|inactive|Time left: 300 sec this turn | 300 sec total\n|\n|t:|1783546271\n|switch|p1a: Wyrdeer|Wyrdeer, L87, F|36/100\n|-damage|p1a: Wyrdeer|24/100|[from] Stealth Rock\n|-ability|p1a: Wyrdeer|Intimidate|boost\n|-unboost|p2a: Giratina|atk|1\n|cant|p2a: Giratina|slp\n|\n|-heal|p1a: Wyrdeer|30/100|[from] item: Leftovers\n|upkeep\n|turn|13\n|inactive|Time left: 300 sec this turn | 300 sec total\n|\n|t:|1783546272\n|switch|p1a: Toedscruel|Toedscruel, L87, M|100/100\n|-damage|p1a: Toedscruel|94/100|[from] Stealth Rock\n|-curestatus|p2a: Giratina|slp|[msg]\n|move|p2a: Giratina|Dragon Pulse|p1a: Toedscruel\n|-damage|p1a: Toedscruel|42/100\n|\n|-heal|p1a: Toedscruel|48/100|[from] item: Leftovers\n|upkeep\n|turn|14\n|inactive|Time left: 300 sec this turn | 300 sec total\n|\n|t:|1783546273\n|move|p2a: Giratina|Dragon Pulse|p1a: Toedscruel\n|-damage|p1a: Toedscruel|2/100\n|move|p1a: Toedscruel|Spore|p2a: Giratina\n|-status|p2a: Giratina|slp|[from] move: Spore\n|\n|-heal|p1a: Toedscruel|8/100|[from] item: Leftovers\n|upkeep\n|turn|15\n|inactive|Time left: 300 sec this turn | 300 sec total\n|\n|t:|1783546274\n|switch|p1a: Wyrdeer|Wyrdeer, L87, F|30/100\n|-damage|p1a: Wyrdeer|18/100|[from] Stealth Rock\n|-ability|p1a: Wyrdeer|Intimidate|boost\n|-unboost|p2a: Giratina|atk|1\n|cant|p2a: Giratina|slp\n|move|p2a: Giratina|Sleep Talk|p2a: Giratina\n|move|p2a: Giratina|Calm Mind|p2a: Giratina|[from] move: Sleep Talk\n|-boost|p2a: Giratina|spa|1\n|-boost|p2a: Giratina|spd|1\n|\n|-heal|p1a: Wyrdeer|24/100|[from] item: Leftovers\n|upkeep\n|turn|16\n|inactive|Time left: 300 sec this turn | 300 sec total\n|\n|t:|1783546275\n|cant|p2a: Giratina|slp\n|move|p1a: Wyrdeer|Earthquake|p2a: Giratina\n|-damage|p2a: Giratina|89/349 slp\n|\n|-heal|p1a: Wyrdeer|30/100|[from] item: Leftovers\n|upkeep\n|turn|17\n|inactive|Time left: 300 sec this turn | 300 sec total\n|\n|t:|1783546277\n|-terastallize|p1a: Wyrdeer|Ground\n|cant|p2a: Giratina|slp\n|move|p1a: Wyrdeer|Earthquake|p2a: Giratina\n|-damage|p2a: Giratina|0 fnt\n|faint|p2a: Giratina\n|\n|-heal|p1a: Wyrdeer|36/100|[from] item: Leftovers\n|upkeep\n|inactive|Time left: 300 sec this turn | 300 sec total | 5 sec grace\n|\n|t:|1783546277\n|switch|p2a: Venusaur|Venusaur, L84, F|272/272\n|turn|18\n|inactive|Time left: 300 sec this turn | 300 sec total\n|\n|t:|1783546279\n|move|p2a: Venusaur|Giga Drain|p1a: Wyrdeer\n|-supereffective|p1a: Wyrdeer\n|-damage|p1a: Wyrdeer|0 fnt\n|faint|p1a: Wyrdeer\n|\n|upkeep\n|\n|t:|1783546280\n|switch|p1a: Coalossal|Coalossal, L89, F|100/100\n|turn|19\n|inactive|Time left: 300 sec this turn | 300 sec total\n|\n|t:|1783546281\n|move|p2a: Venusaur|Leech Seed|p1a: Coalossal\n|-start|p1a: Coalossal|move: Leech Seed\n|move|p1a: Coalossal|Rapid Spin|p2a: Venusaur\n|-damage|p2a: Venusaur|236/272\n|-boost|p1a: Coalossal|spe|1\n|-end|p1a: Coalossal|Leech Seed|[from] move: Rapid Spin|[of] p1a: Coalossal\n|-sideend|p1: p0x558bcee|Stealth Rock|[from] move: Rapid Spin|[of] p1a: Coalossal\n|\n|-heal|p2a: Venusaur|253/272|[from] item: Leftovers\n|upkeep\n|turn|20\n|inactive|Time left: 300 sec this turn | 300 sec total\n|\n|t:|1783546282\n|move|p2a: Venusaur|Leech Seed|p1a: Coalossal|[miss]\n|-miss|p2a: Venusaur|p1a: Coalossal\n|move|p1a: Coalossal|Rapid Spin|p2a: Venusaur\n|-damage|p2a: Venusaur|219/272\n|-boost|p1a: Coalossal|spe|1\n|\n|-heal|p2a: Venusaur|236/272|[from] item: Leftovers\n|upkeep\n|turn|21\n|inactive|Time left: 300 sec this turn | 300 sec total\n|\n|t:|1783546283\n|switch|p2a: Hatterene|Hatterene, L85, F|236/236\n|move|p1a: Coalossal|Overheat|p2a: Hatterene\n|-damage|p2a: Hatterene|154/236\n|-unboost|p1a: Coalossal|spa|2\n|\n|upkeep\n|turn|22\n|inactive|Time left: 300 sec this turn | 300 sec total\n|\n|t:|1783546285\n|move|p1a: Coalossal|Stone Edge|p2a: Hatterene\n|-damage|p2a: Hatterene|54/236\n|move|p2a: Hatterene|Psychic|p1a: Coalossal\n|-damage|p1a: Coalossal|65/100\n|\n|upkeep\n|turn|23\n|inactive|Time left: 300 sec this turn | 300 sec total\n|\n|t:|1783546286\n|switch|p2a: Venusaur|Venusaur, L84, F|236/272\n|move|p1a: Coalossal|Stone Edge|p2a: Venusaur\n|-damage|p2a: Venusaur|128/272\n|\n|-heal|p2a: Venusaur|145/272|[from] item: Leftovers\n|upkeep\n|turn|24\n|inactive|Time left: 300 sec this turn | 300 sec total\n|\n|t:|1783546287\n|move|p1a: Coalossal|Stone Edge|p2a: Venusaur|[miss]\n|-miss|p1a: Coalossal|p2a: Venusaur\n|move|p2a: Venusaur|Leech Seed|p1a: Coalossal\n|-start|p1a: Coalossal|move: Leech Seed\n|\n|-heal|p2a: Venusaur|162/272|[from] item: Leftovers\n|-damage|p1a: Coalossal|53/100|[from] Leech Seed|[of] p2a: Venusaur\n|-heal|p2a: Venusaur|204/272|[silent]\n|upkeep\n|turn|25\n|inactive|Time left: 300 sec this turn | 300 sec total\n|\n|t:|1783546289\n|switch|p1a: Tornadus|Tornadus-Therian, L79, M|100/100\n|move|p2a: Venusaur|Sludge Bomb|p1a: Tornadus\n|-damage|p1a: Tornadus|73/100\n|\n|-heal|p2a: Venusaur|221/272|[from] item: Leftovers\n|upkeep\n|turn|26\n|inactive|Time left: 300 sec this turn | 300 sec total\n|\n|t:|1783546290\n|move|p1a: Tornadus|Bleakwind Storm|p2a: Venusaur\n|-supereffective|p2a: Venusaur\n|-damage|p2a: Venusaur|27/272\n|move|p2a: Venusaur|Sludge Bomb|p1a: Tornadus\n|-damage|p1a: Tornadus|47/100\n|\n|-heal|p2a: Venusaur|44/272|[from] item: Leftovers\n|upkeep\n|turn|27\n|inactive|Time left: 300 sec this turn | 300 sec total\n|\n|t:|1783546291\n|switch|p2a: Raging Bolt|Raging Bolt, L78|66/323\n|move|p1a: Tornadus|Knock Off|p2a: Raging Bolt\n|-damage|p2a: Raging Bolt|19/323\n|\n|upkeep\n|turn|28\n|inactive|Time left: 300 sec this turn | 300 sec total\n|\n|t:|1783546292\n|switch|p1a: Toedscruel|Toedscruel, L87, M|8/100\n|move|p2a: Raging Bolt|Dragon Pulse|p1a: Toedscruel\n|-damage|p1a: Toedscruel|0 fnt\n|faint|p1a: Toedscruel\n|\n|upkeep\n|\n|t:|1783546293\n|switch|p1a: Tornadus|Tornadus-Therian, L79, M|80/100\n|turn|29\n|inactive|Time left: 300 sec this turn | 300 sec total\n|\n|t:|1783546294\n|move|p2a: Raging Bolt|Thunderclap|p1a: Tornadus\n|-supereffective|p1a: Tornadus\n|-damage|p1a: Tornadus|34/100\n|move|p1a: Tornadus|Knock Off|p2a: Raging Bolt\n|-damage|p2a: Raging Bolt|0 fnt\n|faint|p2a: Raging Bolt\n|-end|p2a: Raging Bolt|Protosynthesis|[silent]\n|\n|upkeep\n|inactive|Time left: 300 sec this turn | 300 sec total | 5 sec grace\n|\n|t:|1783546295\n|switch|p2a: Venusaur|Venusaur, L84, F|44/272\n|turn|30\n|inactive|Time left: 300 sec this turn | 300 sec total\n|\n|t:|1783546296\n|move|p1a: Tornadus|Knock Off|p2a: Venusaur\n|-damage|p2a: Venusaur|0 fnt\n|-enditem|p2a: Venusaur|Leftovers|[from] move: Knock Off|[of] p1a: Tornadus\n|faint|p2a: Venusaur\n|\n|upkeep\n|inactive|Time left: 300 sec this turn | 300 sec total | 5 sec grace\n|\n|t:|1783546297\n|switch|p2a: Hatterene|Hatterene, L85, F|54/236\n|turn|31\n|inactive|Time left: 300 sec this turn | 300 sec total\n|\n|t:|1783546298\n|-terastallize|p2a: Hatterene|Steel\n|move|p1a: Tornadus|Bleakwind Storm|p2a: Hatterene\n|-resisted|p2a: Hatterene\n|-damage|p2a: Hatterene|24/236\n|-unboost|p2a: Hatterene|spe|1\n|move|p2a: Hatterene|Nuzzle|p1a: Tornadus\n|-supereffective|p1a: Tornadus\n|-damage|p1a: Tornadus|21/100\n|-status|p1a: Tornadus|par\n|\n|upkeep\n|turn|32\n|inactive|Time left: 300 sec this turn | 300 sec total\n|\n|t:|1783546299\n|move|p1a: Tornadus|Knock Off|p2a: Hatterene\n|-damage|p2a: Hatterene|0 fnt\n|-enditem|p2a: Hatterene|Assault Vest|[from] move: Knock Off|[of] p1a: Tornadus\n|faint|p2a: Hatterene\n|\n|win|p0x558bcee", "uploadtime": 1783546299, "views": 0, "rating": 0, "private": 0, "password": null, "_winner": "p0x558bcee", "_our_name": "p0y55816cb"}