{"id": "battle-gen9randombattle-138", "formatid": "gen9randombattle", "format": "[Gen 9] Random Battle", "players": ["p0x1386857", "p0y138fd8c"], "log": "|init|battle\n|title|p0x1386857 vs. p0y138fd8c\n|j|\u2606p0x1386857\n|j|\u2606p0y138fd8c\n|t:|1783534862\n|gametype|singles\n|player|p1|p0x1386857|170|\n|player|p2|p0y138fd8c|102|\n|gen|9\n|tier|[Gen 9] Random Battle\n|rule|Species Clause: Limit one of each Pok\u00e9mon\n|rule|HP Percentage Mod: HP is shown in percentages\n|rule|Sleep Clause Mod: Limit one foe put to sleep\n|rule|Illusion Level Mod: Illusion disguises the Pok\u00e9mon's true level\n|\n|t:|1783534862\n|teamsize|p1|6\n|teamsize|p2|6\n|start\n|switch|p1a: Breloom|Breloom, L83, F|100/100\n|switch|p2a: Tinkaton|Tinkaton, L82, F|274/274\n|-ability|p2a: Tinkaton|Mold Breaker\n|turn|1\n|inactive|Battle timer is ON: inactive players will automatically lose when time's up. (requested by p0y138fd8c)\n|inactive|p0x1386857 also wants the timer to be on.\n|\n|t:|1783534864\n|move|p2a: Tinkaton|Play Rough|p1a: Breloom\n|-supereffective|p1a: Breloom\n|-damage|p1a: Breloom|32/100\n|move|p1a: Breloom|Swords Dance|p1a: Breloom\n|-boost|p1a: Breloom|atk|2\n|\n|upkeep\n|turn|2\n|inactive|Time left: 300 sec this turn | 300 sec total\n|\n|t:|1783534865\n|-terastallize|p1a: Breloom|Fighting\n|move|p1a: Breloom|Mach Punch|p2a: Tinkaton\n|-damage|p2a: Tinkaton|0 fnt\n|faint|p2a: Tinkaton\n|-damage|p1a: Breloom|22/100|[from] item: Life Orb\n|\n|upkeep\n|inactive|Time left: 300 sec this turn | 300 sec total | 5 sec grace\n|\n|t:|1783534866\n|switch|p2a: Cresselia|Cresselia, L80, F|323/323\n|turn|3\n|inactive|Time left: 300 sec this turn | 300 sec total\n|\n|t:|1783534867\n|move|p1a: Breloom|Mach Punch|p2a: Cresselia\n|-resisted|p2a: Cresselia\n|-damage|p2a: Cresselia|194/323\n|-damage|p1a: Breloom|12/100|[from] item: Life Orb\n|move|p2a: Cresselia|Thunderbolt|p1a: Breloom\n|-damage|p1a: Breloom|0 fnt\n|faint|p1a: Breloom\n|\n|-heal|p2a: Cresselia|214/323|[from] item: Leftovers\n|upkeep\n|\n|t:|1783534867\n|switch|p1a: Bombirdier|Bombirdier, L85, F|100/100\n|turn|4\n|inactive|Time left: 300 sec this turn | 300 sec total\n|\n|t:|1783534868\n|move|p1a: Bombirdier|Knock Off|p2a: Cresselia\n|-supereffective|p2a: Cresselia\n|-crit|p2a: Cresselia\n|-damage|p2a: Cresselia|0 fnt\n|-enditem|p2a: Cresselia|Leftovers|[from] move: Knock Off|[of] p1a: Bombirdier\n|faint|p2a: Cresselia\n|\n|upkeep\n|inactive|Time left: 300 sec this turn | 300 sec total | 5 sec grace\n|\n|t:|1783534869\n|switch|p2a: Zekrom|Zekrom, L71|259/259\n|-ability|p2a: Zekrom|Teravolt\n|turn|5\n|inactive|Time left: 300 sec this turn | 300 sec total\n|\n|t:|1783534870\n|move|p1a: Bombirdier|Knock Off|p2a: Zekrom\n|-damage|p2a: Zekrom|108/259\n|-enditem|p2a: Zekrom|Leftovers|[from] move: Knock Off|[of] p1a: Bombirdier\n|move|p2a: Zekrom|Bolt Strike|p1a: Bombirdier|[miss]\n|-miss|p2a: Zekrom|p1a: Bombirdier\n|\n|upkeep\n|turn|6\n|inactive|Time left: 300 sec this turn | 300 sec total\n|\n|t:|1783534871\n|move|p1a: Bombirdier|Knock Off|p2a: Zekrom\n|-damage|p2a: Zekrom|2/259\n|move|p2a: Zekrom|Bolt Strike|p1a: Bombirdier\n|-supereffective|p1a: Bombirdier\n|-damage|p1a: Bombirdier|0 fnt\n|faint|p1a: Bombirdier\n|\n|upkeep\n|\n|t:|1783534872\n|switch|p1a: Poliwrath|Poliwrath, L88, M|100/100\n|turn|7\n|inactive|Time left: 300 sec this turn | 300 sec total\n|\n|t:|1783534873\n|move|p1a: Poliwrath|Liquidation|p2a: Zekrom\n|-resisted|p2a: Zekrom\n|-damage|p2a: Zekrom|0 fnt\n|faint|p2a: Zekrom\n|\n|upkeep\n|inactive|Time left: 300 sec this turn | 300 sec total | 5 sec grace\n|\n|t:|1783534874\n|switch|p2a: Deoxys|Deoxys-Defense, L84|221/221\n|-ability|p2a: Deoxys|Pressure\n|turn|8\n|inactive|Time left: 300 sec this turn | 300 sec total\n|\n|t:|1783534875\n|move|p2a: Deoxys|Cosmic Power|p2a: Deoxys\n|-boost|p2a: Deoxys|def|1\n|-boost|p2a: Deoxys|spd|1\n|move|p1a: Poliwrath|Bulk Up|p1a: Poliwrath\n|-boost|p1a: Poliwrath|atk|1\n|-boost|p1a: Poliwrath|def|1\n|\n|upkeep\n|turn|9\n|inactive|Time left: 300 sec this turn | 300 sec total\n|\n|t:|1783534876\n|move|p2a: Deoxys|Cosmic Power|p2a: Deoxys\n|-boost|p2a: Deoxys|def|1\n|-boost|p2a: Deoxys|spd|1\n|move|p1a: Poliwrath|Bulk Up|p1a: Poliwrath\n|-boost|p1a: Poliwrath|atk|1\n|-boost|p1a: Poliwrath|def|1\n|\n|upkeep\n|turn|10\n|inactive|Time left: 300 sec this turn | 300 sec total\n|\n|t:|1783534877\n|move|p2a: Deoxys|Stored Power|p1a: Poliwrath\n|-supereffective|p1a: Poliwrath\n|-damage|p1a: Poliwrath|48/100\n|move|p1a: Poliwrath|Liquidation|p2a: Deoxys\n|-damage|p2a: Deoxys|163/221\n|\n|-heal|p2a: Deoxys|176/221|[from] item: Leftovers\n|-heal|p1a: Poliwrath|54/100|[from] item: Leftovers\n|upkeep\n|turn|11\n|inactive|Time left: 300 sec this turn | 300 sec total\n|\n|t:|1783534878\n|move|p2a: Deoxys|Stored Power|p1a: Poliwrath\n|-supereffective|p1a: Poliwrath\n|-damage|p1a: Poliwrath|0 fnt\n|faint|p1a: Poliwrath\n|\n|-heal|p2a: Deoxys|189/221|[from] item: Leftovers\n|upkeep\n|\n|t:|1783534879\n|switch|p1a: Oricorio|Oricorio-Sensu, L85, M|100/100\n|turn|12\n|inactive|Time left: 300 sec this turn | 300 sec total\n|\n|t:|1783534880\n|move|p1a: Oricorio|Quiver Dance|p1a: Oricorio\n|-boost|p1a: Oricorio|spa|1\n|-boost|p1a: Oricorio|spd|1\n|-boost|p1a: Oricorio|spe|1\n|move|p2a: Deoxys|Night Shade|p1a: Oricorio\n|-damage|p1a: Oricorio|69/100\n|\n|-heal|p2a: Deoxys|202/221|[from] item: Leftovers\n|upkeep\n|turn|13\n|inactive|Time left: 300 sec this turn | 300 sec total\n|\n|t:|1783534881\n|move|p1a: Oricorio|Quiver Dance|p1a: Oricorio\n|-boost|p1a: Oricorio|spa|1\n|-boost|p1a: Oricorio|spd|1\n|-boost|p1a: Oricorio|spe|1\n|move|p2a: Deoxys|Night Shade|p1a: Oricorio\n|-damage|p1a: Oricorio|37/100\n|\n|-heal|p2a: Deoxys|215/221|[from] item: Leftovers\n|upkeep\n|turn|14\n|inactive|Time left: 300 sec this turn | 300 sec total\n|\n|t:|1783534882\n|move|p1a: Oricorio|Roost|p1a: Oricorio\n|-heal|p1a: Oricorio|87/100\n|-singleturn|p1a: Oricorio|move: Roost\n|move|p2a: Deoxys|Night Shade|p1a: Oricorio\n|-damage|p1a: Oricorio|56/100\n|\n|-heal|p2a: Deoxys|221/221|[from] item: Leftovers\n|upkeep\n|turn|15\n|inactive|Time left: 300 sec this turn | 300 sec total\n|\n|t:|1783534884\n|move|p1a: Oricorio|Roost|p1a: Oricorio\n|-heal|p1a: Oricorio|100/100\n|-singleturn|p1a: Oricorio|move: Roost\n|move|p2a: Deoxys|Night Shade|p1a: Oricorio\n|-damage|p1a: Oricorio|69/100\n|\n|upkeep\n|turn|16\n|inactive|Time left: 300 sec this turn | 300 sec total\n|\n|t:|1783534885\n|move|p1a: Oricorio|Quiver Dance|p1a: Oricorio\n|-boost|p1a: Oricorio|spa|1\n|-boost|p1a: Oricorio|spd|1\n|-boost|p1a: Oricorio|spe|1\n|move|p2a: Deoxys|Night Shade|p1a: Oricorio\n|-damage|p1a: Oricorio|37/100\n|\n|upkeep\n|turn|17\n|inactive|Time left: 300 sec this turn | 300 sec total\n|\n|t:|1783534886\n|move|p1a: Oricorio|Roost|p1a: Oricorio\n|-heal|p1a: Oricorio|87/100\n|-singleturn|p1a: Oricorio|move: Roost\n|move|p2a: Deoxys|Night Shade|p1a: Oricorio\n|-damage|p1a: Oricorio|56/100\n|\n|upkeep\n|turn|18\n|inactive|Time left: 300 sec this turn | 300 sec total\n|\n|t:|1783534887\n|move|p1a: Oricorio|Roost|p1a: Oricorio\n|-heal|p1a: Oricorio|100/100\n|-singleturn|p1a: Oricorio|move: Roost\n|move|p2a: Deoxys|Night Shade|p1a: Oricorio\n|-damage|p1a: Oricorio|69/100\n|\n|upkeep\n|turn|19\n|inactive|Time left: 300 sec this turn | 300 sec total\n|\n|t:|1783534888\n|-terastallize|p2a: Deoxys|Steel\n|move|p1a: Oricorio|Revelation Dance|p2a: Deoxys\n|-damage|p2a: Deoxys|151/221\n|move|p2a: Deoxys|Night Shade|p1a: Oricorio\n|-damage|p1a: Oricorio|37/100\n|\n|-heal|p2a: Deoxys|164/221|[from] item: Leftovers\n|upkeep\n|turn|20\n|inactive|Time left: 300 sec this turn | 300 sec total\n|\n|t:|1783534889\n|move|p1a: Oricorio|Roost|p1a: Oricorio\n|-heal|p1a: Oricorio|87/100\n|-singleturn|p1a: Oricorio|move: Roost\n|move|p2a: Deoxys|Night Shade|p1a: Oricorio\n|-damage|p1a: Oricorio|56/100\n|\n|-heal|p2a: Deoxys|177/221|[from] item: Leftovers\n|upkeep\n|turn|21\n|inactive|Time left: 300 sec this turn | 300 sec total\n|\n|t:|1783534891\n|move|p1a: Oricorio|Roost|p1a: Oricorio\n|-heal|p1a: Oricorio|100/100\n|-singleturn|p1a: Oricorio|move: Roost\n|move|p2a: Deoxys|Night Shade|p1a: Oricorio\n|-damage|p1a: Oricorio|69/100\n|\n|-heal|p2a: Deoxys|190/221|[from] item: Leftovers\n|upkeep\n|turn|22\n|inactive|Time left: 300 sec this turn | 300 sec total\n|\n|t:|1783534892\n|move|p1a: Oricorio|Revelation Dance|p2a: Deoxys\n|-damage|p2a: Deoxys|120/221\n|move|p2a: Deoxys|Night Shade|p1a: Oricorio\n|-damage|p1a: Oricorio|37/100\n|\n|-heal|p2a: Deoxys|133/221|[from] item: Leftovers\n|upkeep\n|turn|23\n|inactive|Time left: 300 sec this turn | 300 sec total\n|\n|t:|1783534893\n|move|p1a: Oricorio|Roost|p1a: Oricorio\n|-heal|p1a: Oricorio|87/100\n|-singleturn|p1a: Oricorio|move: Roost\n|move|p2a: Deoxys|Recover|p2a: Deoxys\n|-heal|p2a: Deoxys|221/221\n|\n|upkeep\n|turn|24\n|inactive|Time left: 300 sec this turn | 300 sec total\n|\n|t:|1783534894\n|move|p1a: Oricorio|Quiver Dance|p1a: Oricorio\n|-boost|p1a: Oricorio|spa|1\n|-boost|p1a: Oricorio|spd|1\n|-boost|p1a: Oricorio|spe|1\n|move|p2a: Deoxys|Night Shade|p1a: Oricorio\n|-damage|p1a: Oricorio|56/100\n|\n|upkeep\n|turn|25\n|inactive|Time left: 300 sec this turn | 300 sec total\n|\n|t:|1783534895\n|move|p1a: Oricorio|Roost|p1a: Oricorio\n|-heal|p1a: Oricorio|100/100\n|-singleturn|p1a: Oricorio|move: Roost\n|move|p2a: Deoxys|Night Shade|p1a: Oricorio\n|-damage|p1a: Oricorio|69/100\n|\n|upkeep\n|turn|26\n|inactive|Time left: 300 sec this turn | 300 sec total\n|\n|t:|1783534897\n|move|p1a: Oricorio|Revelation Dance|p2a: Deoxys\n|-damage|p2a: Deoxys|124/221\n|move|p2a: Deoxys|Night Shade|p1a: Oricorio\n|-damage|p1a: Oricorio|37/100\n|\n|-heal|p2a: Deoxys|137/221|[from] item: Leftovers\n|upkeep\n|turn|27\n|inactive|Time left: 300 sec this turn | 300 sec total\n|\n|t:|1783534898\n|move|p1a: Oricorio|Revelation Dance|p2a: Deoxys\n|-damage|p2a: Deoxys|38/221\n|move|p2a: Deoxys|Recover|p2a: Deoxys\n|-heal|p2a: Deoxys|149/221\n|\n|-heal|p2a: Deoxys|162/221|[from] item: Leftovers\n|upkeep\n|turn|28\n|inactive|Time left: 300 sec this turn | 300 sec total\n|\n|t:|1783534899\n|move|p1a: Oricorio|Revelation Dance|p2a: Deoxys\n|-damage|p2a: Deoxys|75/221\n|move|p2a: Deoxys|Recover|p2a: Deoxys\n|-heal|p2a: Deoxys|186/221\n|\n|-heal|p2a: Deoxys|199/221|[from] item: Leftovers\n|upkeep\n|turn|29\n|inactive|Time left: 300 sec this turn | 300 sec total\n|\n|t:|1783534900\n|move|p1a: Oricorio|Hurricane|p2a: Deoxys\n|-resisted|p2a: Deoxys\n|-damage|p2a: Deoxys|139/221\n|move|p2a: Deoxys|Night Shade|p1a: Oricorio\n|-damage|p1a: Oricorio|6/100\n|\n|-heal|p2a: Deoxys|152/221|[from] item: Leftovers\n|upkeep\n|turn|30\n|inactive|Time left: 300 sec this turn | 300 sec total\n|\n|t:|1783534901\n|move|p1a: Oricorio|Revelation Dance|p2a: Deoxys\n|-damage|p2a: Deoxys|55/221\n|move|p2a: Deoxys|Stored Power|p1a: Oricorio\n|-damage|p1a: Oricorio|0 fnt\n|faint|p1a: Oricorio\n|\n|-heal|p2a: Deoxys|68/221|[from] item: Leftovers\n|upkeep\n|\n|t:|1783534903\n|switch|p1a: Garganacl|Garganacl, L80, M|100/100\n|turn|31\n|inactive|Time left: 300 sec this turn | 300 sec total\n|\n|t:|1783534904\n|move|p2a: Deoxys|Recover|p2a: Deoxys\n|-heal|p2a: Deoxys|179/221\n|move|p1a: Garganacl|Salt Cure|p2a: Deoxys\n|-resisted|p2a: Deoxys\n|-damage|p2a: Deoxys|173/221\n|-start|p2a: Deoxys|Salt Cure\n|\n|-heal|p2a: Deoxys|186/221|[from] item: Leftovers\n|-damage|p2a: Deoxys|131/221|[from] Salt Cure\n|upkeep\n|turn|32\n|inactive|Time left: 300 sec this turn | 300 sec total\n|\n|t:|1783534904\n|move|p2a: Deoxys|Recover|p2a: Deoxys\n|-heal|p2a: Deoxys|221/221\n|move|p1a: Garganacl|Earthquake|p2a: Deoxys\n|-supereffective|p2a: Deoxys\n|-damage|p2a: Deoxys|177/221\n|\n|-heal|p2a: Deoxys|190/221|[from] item: Leftovers\n|-damage|p2a: Deoxys|135/221|[from] Salt Cure\n|upkeep\n|turn|33\n|inactive|Time left: 300 sec this turn | 300 sec total\n|\n|t:|1783534905\n|switch|p2a: Sawsbuck|Sawsbuck-Autumn, L88, F|284/284\n|move|p1a: Garganacl|Earthquake|p2a: Sawsbuck\n|-resisted|p2a: Sawsbuck\n|-damage|p2a: Sawsbuck|245/284\n|\n|upkeep\n|turn|34\n|inactive|Time left: 300 sec this turn | 300 sec total\n|\n|t:|1783534906\n|move|p2a: Sawsbuck|Swords Dance|p2a: Sawsbuck\n|-boost|p2a: Sawsbuck|atk|2\n|move|p1a: Garganacl|Salt Cure|p2a: Sawsbuck\n|-damage|p2a: Sawsbuck|202/284\n|-start|p2a: Sawsbuck|Salt Cure\n|\n|-damage|p2a: Sawsbuck|167/284|[from] Salt Cure\n|upkeep\n|turn|35\n|inactive|Time left: 300 sec this turn | 300 sec total\n|\n|t:|1783534907\n|move|p1a: Garganacl|Protect|p1a: Garganacl\n|-singleturn|p1a: Garganacl|Protect\n|move|p2a: Sawsbuck|Horn Leech|p1a: Garganacl\n|-activate|p1a: Garganacl|move: Protect\n|\n|-damage|p2a: Sawsbuck|132/284|[from] Salt Cure\n|upkeep\n|turn|36\n|inactive|Time left: 300 sec this turn | 300 sec total\n|\n|t:|1783534908\n|switch|p1a: Tinkaton|Tinkaton, L82, F|100/100\n|-ability|p1a: Tinkaton|Mold Breaker\n|move|p2a: Sawsbuck|Horn Leech|p1a: Tinkaton\n|-resisted|p1a: Tinkaton\n|-damage|p1a: Tinkaton|51/100\n|-heal|p2a: Sawsbuck|200/284|[from] drain|[of] p1a: Tinkaton\n|-damage|p2a: Sawsbuck|172/284|[from] item: Life Orb\n|\n|-heal|p1a: Tinkaton|57/100|[from] item: Leftovers\n|-damage|p2a: Sawsbuck|137/284|[from] Salt Cure\n|upkeep\n|turn|37\n|inactive|Time left: 300 sec this turn | 300 sec total\n|\n|t:|1783534909\n|switch|p1a: Garganacl|Garganacl, L80, M|100/100\n|move|p2a: Sawsbuck|High Horsepower|p1a: Garganacl\n|-supereffective|p1a: Garganacl\n|-damage|p1a: Garganacl|0 fnt\n|faint|p1a: Garganacl\n|-damage|p2a: Sawsbuck|109/284|[from] item: Life Orb\n|\n|-damage|p2a: Sawsbuck|74/284|[from] Salt Cure\n|upkeep\n|\n|t:|1783534909\n|switch|p1a: Tinkaton|Tinkaton, L82, F|57/100\n|-ability|p1a: Tinkaton|Mold Breaker\n|turn|38\n|inactive|Time left: 300 sec this turn | 300 sec total\n|\n|t:|1783534910\n|move|p2a: Sawsbuck|Double-Edge|p1a: Tinkaton\n|-resisted|p1a: Tinkaton\n|-damage|p1a: Tinkaton|0 fnt\n|faint|p1a: Tinkaton\n|-damage|p2a: Sawsbuck|23/284|[from] Recoil\n|-damage|p2a: Sawsbuck|0 fnt|[from] item: Life Orb\n|faint|p2a: Sawsbuck\n|\n|win|p0y138fd8c", "uploadtime": 1783534910, "views": 0, "rating": 0, "private": 0, "password": null, "_winner": "p0y138fd8c", "_our_name": "p0y138fd8c"}