{"id": "battle-gen9randombattle-1642", "formatid": "gen9randombattle", "format": "[Gen 9] Random Battle", "players": ["p0x1642d47a", "p0y1642c7cc"], "log": "|init|battle\n|title|p0x1642d47a vs. p0y1642c7cc\n|j|\u2606p0x1642d47a\n|j|\u2606p0y1642c7cc\n|t:|1783558990\n|gametype|singles\n|player|p1|p0x1642d47a|266|\n|player|p2|p0y1642c7cc|102|\n|gen|9\n|tier|[Gen 9] Random Battle\n|rule|Species Clause: Limit one of each Pok\u00e9mon\n|rule|HP Percentage Mod: HP is shown in percentages\n|rule|Sleep Clause Mod: Limit one foe put to sleep\n|rule|Illusion Level Mod: Illusion disguises the Pok\u00e9mon's true level\n|\n|t:|1783558990\n|teamsize|p1|6\n|teamsize|p2|6\n|start\n|switch|p1a: Duraludon|Duraludon, L82, M|100/100\n|switch|p2a: Hawlucha|Hawlucha, L80, M|256/256\n|turn|1\n|inactive|Battle timer is ON: inactive players will automatically lose when time's up. (requested by p0x1642d47a)\n|inactive|Time left: 300 sec this turn | 300 sec total | 60 sec grace\n|inactive|p0y1642c7cc also wants the timer to be on.\n|\n|t:|1783558992\n|switch|p2a: Heracross|Heracross, L80, F|259/259\n|move|p1a: Duraludon|Flash Cannon|p2a: Heracross\n|-damage|p2a: Heracross|159/259\n|\n|-status|p2a: Heracross|brn|[from] item: Flame Orb\n|upkeep\n|turn|2\n|inactive|Time left: 300 sec this turn | 300 sec total\n|\n|t:|1783558993\n|move|p1a: Duraludon|Draco Meteor|p2a: Heracross\n|-damage|p2a: Heracross|9/259 brn\n|-unboost|p1a: Duraludon|spa|2\n|move|p2a: Heracross|Close Combat|p1a: Duraludon\n|-supereffective|p1a: Duraludon\n|-damage|p1a: Duraludon|11/100\n|-unboost|p2a: Heracross|def|1\n|-unboost|p2a: Heracross|spd|1\n|\n|-damage|p2a: Heracross|0 fnt|[from] brn\n|faint|p2a: Heracross\n|upkeep\n|inactive|Time left: 300 sec this turn | 300 sec total | 5 sec grace\n|\n|t:|1783558994\n|switch|p2a: Chi-Yu|Chi-Yu, L77|211/211\n|-ability|p2a: Chi-Yu|Beads of Ruin\n|turn|3\n|inactive|Time left: 300 sec this turn | 300 sec total\n|\n|t:|1783558996\n|switch|p1a: Gurdurr|Gurdurr, L85, F|100/100\n|move|p2a: Chi-Yu|Fire Blast|p1a: Gurdurr\n|-damage|p1a: Gurdurr|46/100\n|\n|upkeep\n|turn|4\n|inactive|Time left: 300 sec this turn | 300 sec total\n|\n|t:|1783558997\n|move|p1a: Gurdurr|Mach Punch|p2a: Chi-Yu\n|-supereffective|p2a: Chi-Yu\n|-damage|p2a: Chi-Yu|107/211\n|move|p2a: Chi-Yu|Fire Blast|p1a: Gurdurr|[miss]\n|-miss|p2a: Chi-Yu|p1a: Gurdurr\n|\n|upkeep\n|turn|5\n|inactive|Time left: 300 sec this turn | 300 sec total\n|\n|t:|1783558998\n|move|p1a: Gurdurr|Mach Punch|p2a: Chi-Yu\n|-supereffective|p2a: Chi-Yu\n|-damage|p2a: Chi-Yu|0 fnt\n|faint|p2a: Chi-Yu\n|\n|upkeep\n|inactive|Time left: 300 sec this turn | 300 sec total | 5 sec grace\n|\n|t:|1783558999\n|switch|p2a: Hawlucha|Hawlucha, L80, M|256/256\n|turn|6\n|inactive|Time left: 300 sec this turn | 300 sec total\n|\n|t:|1783559000\n|move|p2a: Hawlucha|Brave Bird|p1a: Gurdurr\n|-supereffective|p1a: Gurdurr\n|-damage|p1a: Gurdurr|0 fnt\n|faint|p1a: Gurdurr\n|-damage|p2a: Hawlucha|213/256|[from] Recoil\n|\n|upkeep\n|\n|t:|1783559001\n|switch|p1a: Slowbro|Slowbro, L85, M|100/100\n|turn|7\n|inactive|Time left: 300 sec this turn | 300 sec total\n|\n|t:|1783559002\n|switch|p2a: Moltres|Moltres-Galar, L79|271/271\n|move|p1a: Slowbro|Scald|p2a: Moltres\n|-damage|p2a: Moltres|202/271\n|-status|p2a: Moltres|brn\n|\n|-damage|p2a: Moltres|186/271 brn|[from] brn\n|upkeep\n|turn|8\n|inactive|Time left: 300 sec this turn | 300 sec total\n|\n|t:|1783559003\n|move|p2a: Moltres|Nasty Plot|p2a: Moltres\n|-boost|p2a: Moltres|spa|2\n|move|p1a: Slowbro|Scald|p2a: Moltres\n|-damage|p2a: Moltres|113/271 brn\n|-ability|p2a: Moltres|Berserk|boost\n|-boost|p2a: Moltres|spa|1\n|\n|-damage|p2a: Moltres|97/271 brn|[from] brn\n|upkeep\n|turn|9\n|inactive|Time left: 300 sec this turn | 300 sec total\n|\n|t:|1783559004\n|switch|p1a: Duraludon|Duraludon, L82, M|11/100\n|move|p2a: Moltres|Rest|p2a: Moltres\n|-status|p2a: Moltres|slp|[from] move: Rest\n|-heal|p2a: Moltres|271/271 slp|[silent]\n|-enditem|p2a: Moltres|Chesto Berry|[eat]\n|-curestatus|p2a: Moltres|slp|[msg]\n|\n|upkeep\n|turn|10\n|inactive|Time left: 300 sec this turn | 300 sec total\n|\n|t:|1783559005\n|move|p2a: Moltres|Fiery Wrath|p1a: Duraludon\n|-damage|p1a: Duraludon|0 fnt\n|faint|p1a: Duraludon\n|\n|upkeep\n|\n|t:|1783559006\n|switch|p1a: Sudowoodo|Sudowoodo, L94, M|100/100\n|turn|11\n|inactive|Time left: 300 sec this turn | 300 sec total\n|\n|t:|1783559007\n|-terastallize|p2a: Moltres|Steel\n|move|p2a: Moltres|Fiery Wrath|p1a: Sudowoodo\n|-damage|p1a: Sudowoodo|12/100\n|cant|p1a: Sudowoodo|flinch\n|\n|-heal|p1a: Sudowoodo|18/100|[from] item: Leftovers\n|upkeep\n|turn|12\n|inactive|Time left: 300 sec this turn | 300 sec total\n|\n|t:|1783559008\n|move|p1a: Sudowoodo|Sucker Punch|p2a: Moltres\n|-damage|p2a: Moltres|204/271\n|move|p2a: Moltres|Fiery Wrath|p1a: Sudowoodo\n|-damage|p1a: Sudowoodo|0 fnt\n|faint|p1a: Sudowoodo\n|\n|upkeep\n|\n|t:|1783559009\n|switch|p1a: Tauros|Tauros-Paldea-Blaze, L81, M|100/100\n|turn|13\n|inactive|Time left: 300 sec this turn | 300 sec total\n|\n|t:|1783559010\n|switch|p2a: Donphan|Donphan, L84, F|288/288\n|move|p1a: Tauros|Close Combat|p2a: Donphan\n|-damage|p2a: Donphan|180/288\n|-unboost|p1a: Tauros|def|1\n|-unboost|p1a: Tauros|spd|1\n|\n|upkeep\n|turn|14\n|inactive|Time left: 300 sec this turn | 300 sec total\n|\n|t:|1783559011\n|switch|p1a: Slowbro|Slowbro, L85, M|100/100\n|move|p2a: Donphan|Earthquake|p1a: Slowbro\n|-damage|p1a: Slowbro|67/100\n|\n|-heal|p1a: Slowbro|73/100|[from] item: Leftovers\n|upkeep\n|turn|15\n|inactive|Time left: 300 sec this turn | 300 sec total\n|\n|t:|1783559012\n|switch|p2a: Moltres|Moltres-Galar, L79, tera:Steel|204/271\n|move|p1a: Slowbro|Scald|p2a: Moltres\n|-damage|p2a: Moltres|135/271\n|-ability|p2a: Moltres|Berserk|boost\n|-boost|p2a: Moltres|spa|1\n|\n|-heal|p1a: Slowbro|79/100|[from] item: Leftovers\n|upkeep\n|turn|16\n|inactive|Time left: 300 sec this turn | 300 sec total\n|\n|t:|1783559013\n|-terastallize|p1a: Slowbro|Fighting\n|move|p2a: Moltres|Hurricane|p1a: Slowbro\n|-supereffective|p1a: Slowbro\n|-damage|p1a: Slowbro|0 fnt\n|faint|p1a: Slowbro\n|\n|upkeep\n|\n|t:|1783559013\n|switch|p1a: Tauros|Tauros-Paldea-Blaze, L81, M|100/100\n|turn|17\n|inactive|Time left: 300 sec this turn | 300 sec total\n|\n|t:|1783559014\n|switch|p2a: Donphan|Donphan, L84, F|180/288\n|move|p1a: Tauros|Raging Bull|p2a: Donphan\n|-damage|p2a: Donphan|99/288\n|\n|upkeep\n|turn|18\n|inactive|Time left: 300 sec this turn | 300 sec total\n|\n|t:|1783559015\n|move|p1a: Tauros|Bulk Up|p1a: Tauros\n|-boost|p1a: Tauros|atk|1\n|-boost|p1a: Tauros|def|1\n|move|p2a: Donphan|Earthquake|p1a: Tauros\n|-supereffective|p1a: Tauros\n|-damage|p1a: Tauros|40/100\n|-enditem|p1a: Tauros|Sitrus Berry|[eat]\n|-heal|p1a: Tauros|65/100|[from] item: Sitrus Berry\n|\n|upkeep\n|turn|19\n|inactive|Time left: 300 sec this turn | 300 sec total\n|\n|t:|1783559016\n|move|p1a: Tauros|Raging Bull|p2a: Donphan\n|-damage|p2a: Donphan|0 fnt\n|faint|p2a: Donphan\n|\n|-activate|p1a: Tauros|ability: Cud Chew\n|-enditem|p1a: Tauros|Sitrus Berry|[eat]\n|-heal|p1a: Tauros|90/100|[from] item: Sitrus Berry\n|upkeep\n|inactive|Time left: 300 sec this turn | 300 sec total | 5 sec grace\n|\n|t:|1783559017\n|switch|p2a: Hawlucha|Hawlucha, L80, M|213/256\n|turn|20\n|inactive|Time left: 300 sec this turn | 300 sec total\n|\n|t:|1783559018\n|move|p2a: Hawlucha|Swords Dance|p2a: Hawlucha\n|-boost|p2a: Hawlucha|atk|2\n|move|p1a: Tauros|Raging Bull|p2a: Hawlucha\n|-damage|p2a: Hawlucha|53/256\n|\n|upkeep\n|turn|21\n|inactive|Time left: 300 sec this turn | 300 sec total\n|\n|t:|1783559019\n|switch|p1a: Giratina|Giratina-Origin, L72|100/100\n|move|p2a: Hawlucha|Brave Bird|p1a: Giratina\n|-damage|p1a: Giratina|26/100\n|-damage|p2a: Hawlucha|0 fnt|[from] Recoil\n|faint|p2a: Hawlucha\n|\n|upkeep\n|inactive|Time left: 300 sec this turn | 300 sec total | 5 sec grace\n|\n|t:|1783559019\n|switch|p2a: Moltres|Moltres-Galar, L79, tera:Steel|135/271\n|turn|22\n|inactive|Time left: 300 sec this turn | 300 sec total\n|\n|t:|1783559020\n|move|p2a: Moltres|Hurricane|p1a: Giratina\n|-damage|p1a: Giratina|0 fnt\n|faint|p1a: Giratina\n|\n|upkeep\n|\n|t:|1783559021\n|switch|p1a: Tauros|Tauros-Paldea-Blaze, L81, M|90/100\n|turn|23\n|inactive|Time left: 300 sec this turn | 300 sec total\n|\n|t:|1783559022\n|move|p1a: Tauros|Raging Bull|p2a: Moltres\n|-supereffective|p2a: Moltres\n|-damage|p2a: Moltres|0 fnt\n|faint|p2a: Moltres\n|\n|upkeep\n|inactive|Time left: 300 sec this turn | 300 sec total | 5 sec grace\n|\n|t:|1783559023\n|switch|p2a: Bronzong|Bronzong, L88|261/261\n|turn|24\n|inactive|Time left: 300 sec this turn | 300 sec total\n|\n|t:|1783559024\n|move|p1a: Tauros|Raging Bull|p2a: Bronzong\n|-supereffective|p2a: Bronzong\n|-damage|p2a: Bronzong|105/261\n|move|p2a: Bronzong|Iron Defense|p2a: Bronzong\n|-boost|p2a: Bronzong|def|2\n|\n|upkeep\n|turn|25\n|inactive|Time left: 300 sec this turn | 300 sec total\n|\n|t:|1783559025\n|move|p1a: Tauros|Raging Bull|p2a: Bronzong\n|-supereffective|p2a: Bronzong\n|-damage|p2a: Bronzong|25/261\n|move|p2a: Bronzong|Rest|p2a: Bronzong\n|-status|p2a: Bronzong|slp|[from] move: Rest\n|-heal|p2a: Bronzong|261/261 slp|[silent]\n|-enditem|p2a: Bronzong|Chesto Berry|[eat]\n|-curestatus|p2a: Bronzong|slp|[msg]\n|\n|upkeep\n|turn|26\n|inactive|Time left: 300 sec this turn | 300 sec total\n|\n|t:|1783559025\n|move|p1a: Tauros|Raging Bull|p2a: Bronzong\n|-supereffective|p2a: Bronzong\n|-damage|p2a: Bronzong|187/261\n|move|p2a: Bronzong|Psychic Noise|p1a: Tauros\n|-supereffective|p1a: Tauros\n|-damage|p1a: Tauros|16/100\n|-start|p1a: Tauros|move: Heal Block\n|\n|upkeep\n|turn|27\n|inactive|Time left: 300 sec this turn | 300 sec total\n|\n|t:|1783559027\n|move|p1a: Tauros|Raging Bull|p2a: Bronzong\n|-supereffective|p2a: Bronzong\n|-damage|p2a: Bronzong|103/261\n|move|p2a: Bronzong|Body Press|p1a: Tauros\n|-damage|p1a: Tauros|0 fnt\n|faint|p1a: Tauros\n|\n|win|p0y1642c7cc", "uploadtime": 1783559027, "views": 0, "rating": 0, "private": 0, "password": null, "_winner": "p0y1642c7cc", "_our_name": "p0y1642c7cc"}