{"id": "battle-gen9randombattle-1782", "formatid": "gen9randombattle", "format": "[Gen 9] Random Battle", "players": ["p0x17826931", "p0y1782e046"], "log": "|init|battle\n|title|p0x17826931 vs. p0y1782e046\n|j|\u2606p0x17826931\n|j|\u2606p0y1782e046\n|t:|1783559886\n|gametype|singles\n|player|p1|p0x17826931|266|\n|player|p2|p0y1782e046|1|\n|gen|9\n|tier|[Gen 9] Random Battle\n|rule|Species Clause: Limit one of each Pok\u00e9mon\n|rule|HP Percentage Mod: HP is shown in percentages\n|rule|Sleep Clause Mod: Limit one foe put to sleep\n|rule|Illusion Level Mod: Illusion disguises the Pok\u00e9mon's true level\n|\n|t:|1783559886\n|teamsize|p1|6\n|teamsize|p2|6\n|start\n|switch|p1a: Quagsire|Quagsire, L84, M|297/297\n|switch|p2a: Jirachi|Jirachi, L80|100/100\n|turn|1\n|inactive|Battle timer is ON: inactive players will automatically lose when time's up. (requested by p0x17826931)\n|\n|t:|1783559887\n|move|p2a: Jirachi|Stealth Rock|p1a: Quagsire\n|-sidestart|p1: p0x17826931|move: Stealth Rock\n|move|p1a: Quagsire|Earthquake|p2a: Jirachi\n|-supereffective|p2a: Jirachi\n|-damage|p2a: Jirachi|35/100\n|\n|-heal|p2a: Jirachi|41/100|[from] item: Leftovers\n|upkeep\n|turn|2\n|inactive|Time left: 300 sec this turn | 300 sec total\n|inactive|p0y1782e046 also wants the timer to be on.\n|\n|t:|1783559888\n|switch|p2a: Indeedee|Indeedee-F, L90, F|100/100\n|-fieldstart|move: Psychic Terrain|[from] ability: Psychic Surge|[of] p2a: Indeedee\n|move|p1a: Quagsire|Earthquake|p2a: Indeedee\n|-damage|p2a: Indeedee|56/100\n|\n|upkeep\n|turn|3\n|inactive|Time left: 300 sec this turn | 300 sec total\n|\n|t:|1783559889\n|move|p2a: Indeedee|Psychic|p1a: Quagsire\n|-damage|p1a: Quagsire|56/297\n|move|p1a: Quagsire|Earthquake|p2a: Indeedee\n|-damage|p2a: Indeedee|14/100\n|\n|-heal|p1a: Quagsire|74/297|[from] item: Leftovers\n|upkeep\n|turn|4\n|inactive|Time left: 300 sec this turn | 300 sec total\n|\n|t:|1783559890\n|switch|p1a: Girafarig|Girafarig, L89, M|269/269\n|-damage|p1a: Girafarig|236/269|[from] Stealth Rock\n|move|p2a: Indeedee|Psychic|p1a: Girafarig\n|-resisted|p1a: Girafarig\n|-damage|p1a: Girafarig|146/269\n|-unboost|p1a: Girafarig|spd|1\n|\n|upkeep\n|turn|5\n|inactive|Time left: 300 sec this turn | 300 sec total\n|\n|t:|1783559891\n|move|p2a: Indeedee|Psychic|p1a: Girafarig\n|-resisted|p1a: Girafarig\n|-damage|p1a: Girafarig|17/269\n|move|p1a: Girafarig|Psyshock|p2a: Indeedee\n|-resisted|p2a: Indeedee\n|-damage|p2a: Indeedee|0 fnt\n|faint|p2a: Indeedee\n|\n|upkeep\n|\n|t:|1783559892\n|switch|p2a: Jirachi|Jirachi, L80|41/100\n|turn|6\n|inactive|Time left: 300 sec this turn | 300 sec total\n|\n|t:|1783559893\n|switch|p1a: Slowking|Slowking-Galar, L85, F|300/300\n|-damage|p1a: Slowking|263/300|[from] Stealth Rock\n|move|p2a: Jirachi|Body Slam|p1a: Slowking\n|-damage|p1a: Slowking|200/300\n|-status|p1a: Slowking|par\n|\n|-heal|p2a: Jirachi|47/100|[from] item: Leftovers\n|-fieldend|move: Psychic Terrain\n|upkeep\n|turn|7\n|inactive|Time left: 300 sec this turn | 300 sec total\n|\n|t:|1783559895\n|move|p2a: Jirachi|Iron Head|p1a: Slowking\n|-crit|p1a: Slowking\n|-damage|p1a: Slowking|65/300 par\n|move|p1a: Slowking|Fire Blast|p2a: Jirachi\n|-supereffective|p2a: Jirachi\n|-damage|p2a: Jirachi|0 fnt\n|faint|p2a: Jirachi\n|\n|upkeep\n|\n|t:|1783559896\n|switch|p2a: Sunflora|Sunflora, F|100/100\n|turn|8\n|inactive|Time left: 300 sec this turn | 300 sec total\n|\n|t:|1783559897\n|move|p2a: Sunflora|Earth Power|p1a: Slowking\n|-supereffective|p1a: Slowking\n|-damage|p1a: Slowking|0 fnt\n|faint|p1a: Slowking\n|\n|upkeep\n|inactive|Time left: 300 sec this turn | 300 sec total | 5 sec grace\n|\n|t:|1783559898\n|switch|p1a: Chien-Pao|Chien-Pao, L72|234/234\n|-damage|p1a: Chien-Pao|176/234|[from] Stealth Rock\n|-ability|p1a: Chien-Pao|Sword of Ruin\n|turn|9\n|inactive|Time left: 300 sec this turn | 300 sec total\n|\n|t:|1783559899\n|switch|p2a: Archaludon|Archaludon, L78, F|100/100\n|move|p1a: Chien-Pao|Icicle Crash|p2a: Archaludon\n|-damage|p2a: Archaludon|51/100\n|-ability|p2a: Archaludon|Stamina|boost\n|-boost|p2a: Archaludon|def|1\n|\n|upkeep\n|turn|10\n|inactive|Time left: 300 sec this turn | 300 sec total\n|\n|t:|1783559901\n|move|p1a: Chien-Pao|Icicle Crash|p2a: Archaludon\n|-damage|p2a: Archaludon|18/100\n|-ability|p2a: Archaludon|Stamina|boost\n|-boost|p2a: Archaludon|def|1\n|cant|p2a: Archaludon|flinch\n|\n|upkeep\n|turn|11\n|inactive|Time left: 300 sec this turn | 300 sec total\n|\n|t:|1783559902\n|move|p1a: Chien-Pao|Icicle Crash|p2a: Archaludon\n|-damage|p2a: Archaludon|0 fnt\n|faint|p2a: Archaludon\n|\n|upkeep\n|\n|t:|1783559903\n|switch|p2a: Volbeat|Volbeat, L90, M|100/100\n|turn|12\n|inactive|Time left: 300 sec this turn | 300 sec total\n|\n|t:|1783559904\n|move|p1a: Chien-Pao|Icicle Crash|p2a: Volbeat|[miss]\n|-miss|p1a: Chien-Pao|p2a: Volbeat\n|move|p2a: Volbeat|Lunge|p1a: Chien-Pao\n|-supereffective|p1a: Chien-Pao\n|-damage|p1a: Chien-Pao|0 fnt\n|faint|p1a: Chien-Pao\n|\n|upkeep\n|inactive|Time left: 300 sec this turn | 300 sec total | 5 sec grace\n|\n|t:|1783559905\n|switch|p1a: Lycanroc|Lycanroc, L86, F|269/269\n|-damage|p1a: Lycanroc|236/269|[from] Stealth Rock\n|turn|13\n|inactive|Time left: 300 sec this turn | 300 sec total\n|\n|t:|1783559906\n|switch|p2a: Iron Valiant|Iron Valiant, L78|100/100\n|move|p1a: Lycanroc|Stone Edge|p2a: Iron Valiant\n|-resisted|p2a: Iron Valiant\n|-damage|p2a: Iron Valiant|62/100\n|-damage|p1a: Lycanroc|210/269|[from] item: Life Orb\n|\n|upkeep\n|turn|14\n|inactive|Time left: 300 sec this turn | 300 sec total\n|\n|t:|1783559907\n|move|p1a: Lycanroc|Stone Edge|p2a: Iron Valiant\n|-resisted|p2a: Iron Valiant\n|-damage|p2a: Iron Valiant|27/100\n|-damage|p1a: Lycanroc|184/269|[from] item: Life Orb\n|move|p2a: Iron Valiant|Close Combat|p1a: Lycanroc\n|-supereffective|p1a: Lycanroc\n|-damage|p1a: Lycanroc|0 fnt\n|-unboost|p2a: Iron Valiant|def|1\n|-unboost|p2a: Iron Valiant|spd|1\n|faint|p1a: Lycanroc\n|-damage|p2a: Iron Valiant|17/100|[from] item: Life Orb\n|\n|upkeep\n|inactive|Time left: 300 sec this turn | 300 sec total | 5 sec grace\n|\n|t:|1783559908\n|switch|p1a: Luvdisc|Luvdisc, M|247/247\n|turn|15\n|inactive|Time left: 300 sec this turn | 300 sec total\n|\n|t:|1783559909\n|-end|p2a: Iron Valiant|Quark Drive|[silent]\n|switch|p2a: Sunflora|Sunflora, F|100/100\n|move|p1a: Luvdisc|Surf|p2a: Sunflora\n|-resisted|p2a: Sunflora\n|-damage|p2a: Sunflora|91/100\n|\n|upkeep\n|turn|16\n|inactive|Time left: 300 sec this turn | 300 sec total\n|\n|t:|1783559910\n|move|p1a: Luvdisc|Substitute|p1a: Luvdisc\n|-start|p1a: Luvdisc|Substitute\n|-damage|p1a: Luvdisc|186/247\n|move|p2a: Sunflora|Dazzling Gleam|p1a: Luvdisc\n|-end|p1a: Luvdisc|Substitute\n|\n|upkeep\n|turn|17\n|inactive|Time left: 300 sec this turn | 300 sec total\n|\n|t:|1783559911\n|move|p1a: Luvdisc|Substitute|p1a: Luvdisc\n|-start|p1a: Luvdisc|Substitute\n|-damage|p1a: Luvdisc|125/247\n|move|p2a: Sunflora|Dazzling Gleam|p1a: Luvdisc\n|-end|p1a: Luvdisc|Substitute\n|\n|upkeep\n|turn|18\n|inactive|Time left: 300 sec this turn | 300 sec total\n|\n|t:|1783559912\n|move|p1a: Luvdisc|Substitute|p1a: Luvdisc\n|-start|p1a: Luvdisc|Substitute\n|-damage|p1a: Luvdisc|64/247\n|move|p2a: Sunflora|Dazzling Gleam|p1a: Luvdisc\n|-end|p1a: Luvdisc|Substitute\n|\n|upkeep\n|turn|19\n|inactive|Time left: 300 sec this turn | 300 sec total\n|\n|t:|1783559913\n|move|p1a: Luvdisc|Substitute|p1a: Luvdisc\n|-start|p1a: Luvdisc|Substitute\n|-damage|p1a: Luvdisc|3/247\n|move|p2a: Sunflora|Dazzling Gleam|p1a: Luvdisc\n|-end|p1a: Luvdisc|Substitute\n|\n|upkeep\n|turn|20\n|inactive|Time left: 300 sec this turn | 300 sec total\n|\n|t:|1783559914\n|move|p1a: Luvdisc|Flip Turn|p2a: Sunflora\n|-resisted|p2a: Sunflora\n|-damage|p2a: Sunflora|83/100\n|inactive|Time left: 300 sec this turn | 300 sec total | 5 sec grace\n|\n|t:|1783559914\n|switch|p1a: Girafarig|Girafarig, L89, M|17/269|[from] Flip Turn\n|-damage|p1a: Girafarig|0 fnt|[from] Stealth Rock\n|faint|p1a: Girafarig\n|move|p2a: Sunflora|Dazzling Gleam|p1: Girafarig|[notarget]\n|-fail|p2a: Sunflora\n|\n|upkeep\n|inactive|Time left: 300 sec this turn | 300 sec total | 10 sec grace\n|\n|t:|1783559915\n|switch|p1a: Quagsire|Quagsire, L84, M|74/297\n|-damage|p1a: Quagsire|56/297|[from] Stealth Rock\n|turn|21\n|inactive|Time left: 300 sec this turn | 300 sec total\n|\n|t:|1783559916\n|move|p2a: Sunflora|Dazzling Gleam|p1a: Quagsire\n|-damage|p1a: Quagsire|0 fnt\n|faint|p1a: Quagsire\n|\n|upkeep\n|inactive|Time left: 300 sec this turn | 300 sec total | 5 sec grace\n|\n|t:|1783559917\n|switch|p1a: Luvdisc|Luvdisc, M|3/247\n|turn|22\n|inactive|Time left: 300 sec this turn | 300 sec total\n|\n|t:|1783559917\n|-terastallize|p1a: Luvdisc|Ghost\n|move|p1a: Luvdisc|Flip Turn|p2a: Sunflora\n|-resisted|p2a: Sunflora\n|-damage|p2a: Sunflora|75/100\n|move|p2a: Sunflora|Dazzling Gleam|p1a: Luvdisc\n|-damage|p1a: Luvdisc|0 fnt\n|faint|p1a: Luvdisc\n|\n|win|p0y1782e046", "uploadtime": 1783559917, "views": 0, "rating": 0, "private": 0, "password": null, "_winner": "p0y1782e046", "_our_name": "p0x17826931"}