{"id": "battle-gen9randombattle-2211", "formatid": "gen9randombattle", "format": "[Gen 9] Random Battle", "players": ["p0x2211a655", "p0y221101f9"], "log": "|init|battle\n|title|p0x2211a655 vs. p0y221101f9\n|j|\u2606p0x2211a655\n|j|\u2606p0y221101f9\n|t:|1783564685\n|gametype|singles\n|player|p1|p0x2211a655|266|\n|player|p2|p0y221101f9|2|\n|gen|9\n|tier|[Gen 9] Random Battle\n|rule|Species Clause: Limit one of each Pok\u00e9mon\n|rule|HP Percentage Mod: HP is shown in percentages\n|rule|Sleep Clause Mod: Limit one foe put to sleep\n|rule|Illusion Level Mod: Illusion disguises the Pok\u00e9mon's true level\n|\n|t:|1783564685\n|teamsize|p1|6\n|teamsize|p2|6\n|start\n|switch|p1a: Delibird|Delibird, M|252/252\n|switch|p2a: Espeon|Espeon, L84, F|100/100\n|turn|1\n|inactive|Battle timer is ON: inactive players will automatically lose when time's up. (requested by p0x2211a655)\n|inactive|p0y221101f9 also wants the timer to be on.\n|\n|t:|1783564686\n|switch|p1a: Bastiodon|Bastiodon, L89, M|252/252\n|move|p2a: Espeon|Psychic|p1a: Bastiodon\n|-resisted|p1a: Bastiodon\n|-damage|p1a: Bastiodon|189/252\n|\n|upkeep\n|turn|2\n|inactive|Time left: 300 sec this turn | 300 sec total\n|\n|t:|1783564687\n|move|p2a: Espeon|Psychic|p1a: Bastiodon\n|-resisted|p1a: Bastiodon\n|-damage|p1a: Bastiodon|132/252\n|-unboost|p1a: Bastiodon|spd|1\n|move|p1a: Bastiodon|Foul Play|p2a: Espeon\n|-supereffective|p2a: Espeon\n|-damage|p2a: Espeon|57/100\n|\n|upkeep\n|turn|3\n|inactive|Time left: 300 sec this turn | 300 sec total\n|\n|t:|1783564688\n|move|p2a: Espeon|Psychic|p1a: Bastiodon\n|-resisted|p1a: Bastiodon\n|-damage|p1a: Bastiodon|48/252\n|-unboost|p1a: Bastiodon|spd|1\n|move|p1a: Bastiodon|Foul Play|p2a: Espeon\n|-supereffective|p2a: Espeon\n|-damage|p2a: Espeon|18/100\n|\n|upkeep\n|turn|4\n|inactive|Time left: 300 sec this turn | 300 sec total\n|\n|t:|1783564689\n|switch|p1a: Oricorio|Oricorio-Pa'u, L87, M|272/272\n|move|p2a: Espeon|Psychic|p1a: Oricorio\n|-resisted|p1a: Oricorio\n|-damage|p1a: Oricorio|179/272\n|\n|upkeep\n|turn|5\n|inactive|Time left: 300 sec this turn | 300 sec total\n|\n|t:|1783564691\n|move|p2a: Espeon|Psychic|p1a: Oricorio\n|-resisted|p1a: Oricorio\n|-damage|p1a: Oricorio|77/272\n|move|p1a: Oricorio|Quiver Dance|p1a: Oricorio\n|-boost|p1a: Oricorio|spa|1\n|-boost|p1a: Oricorio|spd|1\n|-boost|p1a: Oricorio|spe|1\n|\n|upkeep\n|turn|6\n|inactive|Time left: 300 sec this turn | 300 sec total\n|\n|t:|1783564692\n|move|p1a: Oricorio|Revelation Dance|p2a: Espeon\n|-resisted|p2a: Espeon\n|-damage|p2a: Espeon|0 fnt\n|faint|p2a: Espeon\n|\n|upkeep\n|\n|t:|1783564693\n|switch|p2a: Misdreavus|Misdreavus, L90, F|100/100\n|turn|7\n|inactive|Time left: 300 sec this turn | 300 sec total\n|\n|t:|1783564694\n|move|p1a: Oricorio|Roost|p1a: Oricorio\n|-heal|p1a: Oricorio|213/272\n|-singleturn|p1a: Oricorio|move: Roost\n|move|p2a: Misdreavus|Shadow Ball|p1a: Oricorio\n|-supereffective|p1a: Oricorio\n|-damage|p1a: Oricorio|81/272\n|\n|upkeep\n|turn|8\n|inactive|Time left: 300 sec this turn | 300 sec total\n|\n|t:|1783564695\n|move|p1a: Oricorio|Roost|p1a: Oricorio\n|-heal|p1a: Oricorio|217/272\n|-singleturn|p1a: Oricorio|move: Roost\n|move|p2a: Misdreavus|Shadow Ball|p1a: Oricorio\n|-supereffective|p1a: Oricorio\n|-damage|p1a: Oricorio|77/272\n|\n|upkeep\n|turn|9\n|inactive|Time left: 300 sec this turn | 300 sec total\n|\n|t:|1783564696\n|move|p1a: Oricorio|Roost|p1a: Oricorio\n|-heal|p1a: Oricorio|213/272\n|-singleturn|p1a: Oricorio|move: Roost\n|move|p2a: Misdreavus|Shadow Ball|p1a: Oricorio\n|-supereffective|p1a: Oricorio\n|-damage|p1a: Oricorio|67/272\n|\n|upkeep\n|turn|10\n|inactive|Time left: 300 sec this turn | 300 sec total\n|\n|t:|1783564697\n|move|p1a: Oricorio|Roost|p1a: Oricorio\n|-heal|p1a: Oricorio|203/272\n|-singleturn|p1a: Oricorio|move: Roost\n|move|p2a: Misdreavus|Shadow Ball|p1a: Oricorio\n|-supereffective|p1a: Oricorio\n|-damage|p1a: Oricorio|75/272\n|\n|upkeep\n|turn|11\n|inactive|Time left: 300 sec this turn | 300 sec total\n|\n|t:|1783564697\n|move|p1a: Oricorio|Roost|p1a: Oricorio\n|-heal|p1a: Oricorio|211/272\n|-singleturn|p1a: Oricorio|move: Roost\n|move|p2a: Misdreavus|Shadow Ball|p1a: Oricorio\n|-supereffective|p1a: Oricorio\n|-damage|p1a: Oricorio|61/272\n|-unboost|p1a: Oricorio|spd|1\n|\n|upkeep\n|turn|12\n|inactive|Time left: 300 sec this turn | 300 sec total\n|\n|t:|1783564698\n|switch|p1a: Porygon2|Porygon2, L81|270/270\n|-ability|p1a: Porygon2|Download|boost\n|-boost|p1a: Porygon2|atk|1\n|move|p2a: Misdreavus|Shadow Ball|p1a: Porygon2\n|-immune|p1a: Porygon2\n|\n|upkeep\n|turn|13\n|inactive|Time left: 300 sec this turn | 300 sec total\n|\n|t:|1783564699\n|move|p2a: Misdreavus|Calm Mind|p2a: Misdreavus\n|-boost|p2a: Misdreavus|spa|1\n|-boost|p2a: Misdreavus|spd|1\n|move|p1a: Porygon2|Thunder Wave|p2a: Misdreavus\n|-status|p2a: Misdreavus|par\n|\n|upkeep\n|turn|14\n|inactive|Time left: 300 sec this turn | 300 sec total\n|\n|t:|1783564700\n|move|p1a: Porygon2|Shadow Ball|p2a: Misdreavus\n|-supereffective|p2a: Misdreavus\n|-damage|p2a: Misdreavus|81/100 par\n|move|p2a: Misdreavus|Calm Mind|p2a: Misdreavus\n|-boost|p2a: Misdreavus|spa|1\n|-boost|p2a: Misdreavus|spd|1\n|\n|upkeep\n|turn|15\n|inactive|Time left: 300 sec this turn | 300 sec total\n|\n|t:|1783564701\n|move|p1a: Porygon2|Shadow Ball|p2a: Misdreavus\n|-supereffective|p2a: Misdreavus\n|-damage|p2a: Misdreavus|65/100 par\n|cant|p2a: Misdreavus|par\n|\n|upkeep\n|turn|16\n|inactive|Time left: 300 sec this turn | 300 sec total\n|\n|t:|1783564702\n|move|p1a: Porygon2|Shadow Ball|p2a: Misdreavus\n|-supereffective|p2a: Misdreavus\n|-damage|p2a: Misdreavus|51/100 par\n|move|p2a: Misdreavus|Draining Kiss|p1a: Porygon2\n|-damage|p1a: Porygon2|224/270\n|-heal|p2a: Misdreavus|65/100 par|[from] drain|[of] p1a: Porygon2\n|\n|upkeep\n|turn|17\n|inactive|Time left: 300 sec this turn | 300 sec total\n|\n|t:|1783564703\n|move|p1a: Porygon2|Recover|p1a: Porygon2\n|-heal|p1a: Porygon2|270/270\n|move|p2a: Misdreavus|Draining Kiss|p1a: Porygon2\n|-damage|p1a: Porygon2|222/270\n|-heal|p2a: Misdreavus|79/100 par|[from] drain|[of] p1a: Porygon2\n|\n|upkeep\n|turn|18\n|inactive|Time left: 300 sec this turn | 300 sec total\n|\n|t:|1783564704\n|move|p1a: Porygon2|Recover|p1a: Porygon2\n|-heal|p1a: Porygon2|270/270\n|move|p2a: Misdreavus|Draining Kiss|p1a: Porygon2\n|-damage|p1a: Porygon2|219/270\n|-heal|p2a: Misdreavus|94/100 par|[from] drain|[of] p1a: Porygon2\n|\n|upkeep\n|turn|19\n|inactive|Time left: 300 sec this turn | 300 sec total\n|\n|t:|1783564705\n|move|p1a: Porygon2|Recover|p1a: Porygon2\n|-heal|p1a: Porygon2|270/270\n|cant|p2a: Misdreavus|par\n|\n|upkeep\n|turn|20\n|inactive|Time left: 300 sec this turn | 300 sec total\n|\n|t:|1783564706\n|move|p1a: Porygon2|Shadow Ball|p2a: Misdreavus\n|-supereffective|p2a: Misdreavus\n|-damage|p2a: Misdreavus|80/100 par\n|move|p2a: Misdreavus|Draining Kiss|p1a: Porygon2\n|-damage|p1a: Porygon2|221/270\n|-heal|p2a: Misdreavus|94/100 par|[from] drain|[of] p1a: Porygon2\n|\n|upkeep\n|turn|21\n|inactive|Time left: 300 sec this turn | 300 sec total\n|\n|t:|1783564707\n|move|p1a: Porygon2|Shadow Ball|p2a: Misdreavus\n|-supereffective|p2a: Misdreavus\n|-damage|p2a: Misdreavus|78/100 par\n|move|p2a: Misdreavus|Calm Mind|p2a: Misdreavus\n|-boost|p2a: Misdreavus|spa|1\n|-boost|p2a: Misdreavus|spd|1\n|\n|upkeep\n|turn|22\n|inactive|Time left: 300 sec this turn | 300 sec total\n|\n|t:|1783564708\n|move|p1a: Porygon2|Shadow Ball|p2a: Misdreavus\n|-supereffective|p2a: Misdreavus\n|-damage|p2a: Misdreavus|67/100 par\n|move|p2a: Misdreavus|Draining Kiss|p1a: Porygon2\n|-damage|p1a: Porygon2|161/270\n|-heal|p2a: Misdreavus|84/100 par|[from] drain|[of] p1a: Porygon2\n|\n|upkeep\n|turn|23\n|inactive|Time left: 300 sec this turn | 300 sec total\n|\n|t:|1783564709\n|move|p1a: Porygon2|Recover|p1a: Porygon2\n|-heal|p1a: Porygon2|270/270\n|move|p2a: Misdreavus|Draining Kiss|p1a: Porygon2\n|-damage|p1a: Porygon2|204/270\n|-heal|p2a: Misdreavus|100/100 par|[from] drain|[of] p1a: Porygon2\n|\n|upkeep\n|turn|24\n|inactive|Time left: 300 sec this turn | 300 sec total\n|\n|t:|1783564710\n|move|p1a: Porygon2|Recover|p1a: Porygon2\n|-heal|p1a: Porygon2|270/270\n|move|p2a: Misdreavus|Draining Kiss|p1a: Porygon2\n|-damage|p1a: Porygon2|212/270\n|\n|upkeep\n|turn|25\n|inactive|Time left: 300 sec this turn | 300 sec total\n|\n|t:|1783564711\n|move|p1a: Porygon2|Shadow Ball|p2a: Misdreavus\n|-supereffective|p2a: Misdreavus\n|-damage|p2a: Misdreavus|88/100 par\n|-unboost|p2a: Misdreavus|spd|1\n|move|p2a: Misdreavus|Draining Kiss|p1a: Porygon2\n|-damage|p1a: Porygon2|156/270\n|-heal|p2a: Misdreavus|100/100 par|[from] drain|[of] p1a: Porygon2\n|\n|upkeep\n|turn|26\n|inactive|Time left: 300 sec this turn | 300 sec total\n|\n|t:|1783564712\n|move|p1a: Porygon2|Recover|p1a: Porygon2\n|-heal|p1a: Porygon2|270/270\n|move|p2a: Misdreavus|Draining Kiss|p1a: Porygon2\n|-damage|p1a: Porygon2|213/270\n|\n|upkeep\n|turn|27\n|inactive|Time left: 300 sec this turn | 300 sec total\n|\n|t:|1783564713\n|move|p1a: Porygon2|Shadow Ball|p2a: Misdreavus\n|-supereffective|p2a: Misdreavus\n|-damage|p2a: Misdreavus|86/100 par\n|move|p2a: Misdreavus|Calm Mind|p2a: Misdreavus\n|-boost|p2a: Misdreavus|spa|1\n|-boost|p2a: Misdreavus|spd|1\n|\n|upkeep\n|turn|28\n|inactive|Time left: 300 sec this turn | 300 sec total\n|\n|t:|1783564714\n|move|p1a: Porygon2|Recover|p1a: Porygon2\n|-heal|p1a: Porygon2|270/270\n|move|p2a: Misdreavus|Draining Kiss|p1a: Porygon2\n|-damage|p1a: Porygon2|195/270\n|-heal|p2a: Misdreavus|100/100 par|[from] drain|[of] p1a: Porygon2\n|\n|upkeep\n|turn|29\n|inactive|Time left: 300 sec this turn | 300 sec total\n|\n|t:|1783564716\n|move|p1a: Porygon2|Recover|p1a: Porygon2\n|-heal|p1a: Porygon2|270/270\n|move|p2a: Misdreavus|Draining Kiss|p1a: Porygon2\n|-damage|p1a: Porygon2|199/270\n|\n|upkeep\n|turn|30\n|inactive|Time left: 300 sec this turn | 300 sec total\n|\n|t:|1783564716\n|move|p1a: Porygon2|Shadow Ball|p2a: Misdreavus\n|-supereffective|p2a: Misdreavus\n|-damage|p2a: Misdreavus|88/100 par\n|-unboost|p2a: Misdreavus|spd|1\n|move|p2a: Misdreavus|Draining Kiss|p1a: Porygon2\n|-crit|p1a: Porygon2\n|-damage|p1a: Porygon2|85/270\n|-heal|p2a: Misdreavus|100/100 par|[from] drain|[of] p1a: Porygon2\n|\n|upkeep\n|turn|31\n|inactive|Time left: 300 sec this turn | 300 sec total\n|\n|t:|1783564717\n|move|p1a: Porygon2|Shadow Ball|p2a: Misdreavus\n|-supereffective|p2a: Misdreavus\n|-damage|p2a: Misdreavus|86/100 par\n|-unboost|p2a: Misdreavus|spd|1\n|move|p2a: Misdreavus|Draining Kiss|p1a: Porygon2\n|-damage|p1a: Porygon2|14/270\n|-heal|p2a: Misdreavus|100/100 par|[from] drain|[of] p1a: Porygon2\n|\n|upkeep\n|turn|32\n|inactive|Time left: 300 sec this turn | 300 sec total\n|\n|t:|1783564719\n|move|p1a: Porygon2|Shadow Ball|p2a: Misdreavus\n|-supereffective|p2a: Misdreavus\n|-damage|p2a: Misdreavus|82/100 par\n|move|p2a: Misdreavus|Shadow Ball|p1a: Porygon2\n|-immune|p1a: Porygon2\n|\n|upkeep\n|turn|33\n|inactive|Time left: 300 sec this turn | 300 sec total\n|\n|t:|1783564720\n|move|p1a: Porygon2|Shadow Ball|p2a: Misdreavus\n|-supereffective|p2a: Misdreavus\n|-damage|p2a: Misdreavus|63/100 par\n|move|p2a: Misdreavus|Draining Kiss|p1a: Porygon2\n|-damage|p1a: Porygon2|0 fnt\n|-heal|p2a: Misdreavus|67/100 par|[from] drain|[of] p1a: Porygon2\n|faint|p1a: Porygon2\n|\n|upkeep\n|inactive|Time left: 300 sec this turn | 300 sec total | 5 sec grace\n|\n|t:|1783564721\n|switch|p1a: Banette|Banette, L93, M|270/270\n|turn|34\n|inactive|Time left: 300 sec this turn | 300 sec total\n|\n|t:|1783564721\n|move|p1a: Banette|Poltergeist|p2a: Misdreavus\n|-activate|p2a: Misdreavus|move: Poltergeist|Eviolite\n|-supereffective|p2a: Misdreavus\n|-damage|p2a: Misdreavus|0 fnt\n|faint|p2a: Misdreavus\n|-damage|p1a: Banette|243/270|[from] item: Life Orb\n|\n|upkeep\n|\n|t:|1783564723\n|switch|p2a: Torterra|Torterra, L78, M|100/100\n|turn|35\n|inactive|Time left: 300 sec this turn | 300 sec total\n|\n|t:|1783564724\n|move|p1a: Banette|Poltergeist|p2a: Torterra\n|-activate|p2a: Torterra|move: Poltergeist|Loaded Dice\n|-damage|p2a: Torterra|28/100\n|-damage|p1a: Banette|216/270|[from] item: Life Orb\n|move|p2a: Torterra|Shell Smash|p2a: Torterra\n|-unboost|p2a: Torterra|def|1\n|-unboost|p2a: Torterra|spd|1\n|-boost|p2a: Torterra|atk|2\n|-boost|p2a: Torterra|spa|2\n|-boost|p2a: Torterra|spe|2\n|\n|upkeep\n|turn|36\n|inactive|Time left: 300 sec this turn | 300 sec total\n|\n|t:|1783564725\n|move|p1a: Banette|Shadow Sneak|p2a: Torterra\n|-damage|p2a: Torterra|0 fnt\n|faint|p2a: Torterra\n|-damage|p1a: Banette|189/270|[from] item: Life Orb\n|\n|upkeep\n|\n|t:|1783564726\n|switch|p2a: Kommo-o|Kommo-o, L77, M|100/100\n|turn|37\n|inactive|Time left: 300 sec this turn | 300 sec total\n|\n|t:|1783564727\n|move|p2a: Kommo-o|Swords Dance|p2a: Kommo-o\n|-boost|p2a: Kommo-o|atk|2\n|move|p1a: Banette|Poltergeist|p2a: Kommo-o\n|-activate|p2a: Kommo-o|move: Poltergeist|Loaded Dice\n|-damage|p2a: Kommo-o|24/100\n|-damage|p1a: Banette|162/270|[from] item: Life Orb\n|\n|upkeep\n|turn|38\n|inactive|Time left: 300 sec this turn | 300 sec total\n|\n|t:|1783564728\n|move|p1a: Banette|Shadow Sneak|p2a: Kommo-o\n|-damage|p2a: Kommo-o|0 fnt\n|faint|p2a: Kommo-o\n|-damage|p1a: Banette|135/270|[from] item: Life Orb\n|\n|upkeep\n|\n|t:|1783564728\n|switch|p2a: Salazzle|Salazzle, L83, F|100/100\n|turn|39\n|inactive|Time left: 300 sec this turn | 300 sec total\n|\n|t:|1783564730\n|move|p2a: Salazzle|Substitute|p2a: Salazzle\n|-start|p2a: Salazzle|Substitute\n|-damage|p2a: Salazzle|76/100\n|move|p1a: Banette|Poltergeist|p2a: Salazzle\n|-activate|p2a: Salazzle|move: Poltergeist|Leftovers\n|-end|p2a: Salazzle|Substitute\n|-damage|p1a: Banette|108/270|[from] item: Life Orb\n|\n|-heal|p2a: Salazzle|82/100|[from] item: Leftovers\n|upkeep\n|turn|40\n|inactive|Time left: 300 sec this turn | 300 sec total\n|\n|t:|1783564730\n|switch|p1a: Uxie|Uxie, L83|260/260\n|move|p2a: Salazzle|Flamethrower|p1a: Uxie\n|-damage|p1a: Uxie|178/260\n|\n|-heal|p2a: Salazzle|88/100|[from] item: Leftovers\n|-heal|p1a: Uxie|194/260|[from] item: Leftovers\n|upkeep\n|turn|41\n|inactive|Time left: 300 sec this turn | 300 sec total\n|\n|t:|1783564732\n|move|p2a: Salazzle|Flamethrower|p1a: Uxie\n|-damage|p1a: Uxie|119/260\n|move|p1a: Uxie|Psychic Noise|p2a: Salazzle\n|-supereffective|p2a: Salazzle\n|-damage|p2a: Salazzle|24/100\n|-start|p2a: Salazzle|move: Heal Block\n|\n|-heal|p1a: Uxie|135/260|[from] item: Leftovers\n|upkeep\n|turn|42\n|inactive|Time left: 300 sec this turn | 300 sec total\n|\n|t:|1783564733\n|move|p2a: Salazzle|Flamethrower|p1a: Uxie\n|-damage|p1a: Uxie|53/260\n|move|p1a: Uxie|Psychic Noise|p2a: Salazzle\n|-supereffective|p2a: Salazzle\n|-damage|p2a: Salazzle|0 fnt\n|faint|p2a: Salazzle\n|\n|-heal|p1a: Uxie|69/260|[from] item: Leftovers\n|upkeep\n|\n|t:|1783564734\n|switch|p2a: Talonflame|Talonflame, L83, F|100/100\n|turn|43\n|inactive|Time left: 300 sec this turn | 300 sec total\n|\n|t:|1783564735\n|switch|p1a: Bastiodon|Bastiodon, L89, M|48/252\n|move|p2a: Talonflame|Brave Bird|p1a: Bastiodon\n|-resisted|p1a: Bastiodon\n|-damage|p1a: Bastiodon|33/252\n|-damage|p2a: Talonflame|99/100|[from] Recoil\n|\n|upkeep\n|turn|44\n|inactive|Time left: 300 sec this turn | 300 sec total\n|\n|t:|1783564735\n|move|p2a: Talonflame|Overheat|p1a: Bastiodon\n|-damage|p1a: Bastiodon|0 fnt\n|-unboost|p2a: Talonflame|spa|2\n|faint|p1a: Bastiodon\n|\n|upkeep\n|inactive|Time left: 300 sec this turn | 300 sec total | 5 sec grace\n|\n|t:|1783564736\n|switch|p1a: Delibird|Delibird, M|252/252\n|turn|45\n|inactive|Time left: 300 sec this turn | 300 sec total\n|\n|t:|1783564737\n|move|p2a: Talonflame|Brave Bird|p1a: Delibird\n|-damage|p1a: Delibird|105/252\n|-damage|p2a: Talonflame|80/100|[from] Recoil\n|move|p1a: Delibird|Freeze-Dry|p2a: Talonflame\n|-damage|p2a: Talonflame|47/100\n|\n|upkeep\n|turn|46\n|inactive|Time left: 300 sec this turn | 300 sec total\n|\n|t:|1783564738\n|move|p2a: Talonflame|Roost|p2a: Talonflame\n|-heal|p2a: Talonflame|97/100\n|-singleturn|p2a: Talonflame|move: Roost\n|move|p1a: Delibird|Brave Bird|p2a: Talonflame\n|-damage|p2a: Talonflame|45/100\n|-status|p1a: Delibird|brn|[from] ability: Flame Body|[of] p2a: Talonflame\n|-damage|p1a: Delibird|59/252 brn|[from] Recoil\n|\n|-damage|p1a: Delibird|44/252 brn|[from] brn\n|upkeep\n|turn|47\n|inactive|Time left: 300 sec this turn | 300 sec total\n|\n|t:|1783564738\n|move|p2a: Talonflame|Roost|p2a: Talonflame\n|-heal|p2a: Talonflame|95/100\n|-singleturn|p2a: Talonflame|move: Roost\n|move|p1a: Delibird|Freeze-Dry|p2a: Talonflame\n|-resisted|p2a: Talonflame\n|-damage|p2a: Talonflame|78/100\n|\n|-damage|p1a: Delibird|29/252 brn|[from] brn\n|upkeep\n|turn|48\n|inactive|Time left: 300 sec this turn | 300 sec total\n|\n|t:|1783564739\n|move|p2a: Talonflame|Brave Bird|p1a: Delibird\n|-damage|p1a: Delibird|0 fnt\n|faint|p1a: Delibird\n|-damage|p2a: Talonflame|74/100|[from] Recoil\n|\n|upkeep\n|inactive|Time left: 300 sec this turn | 300 sec total | 5 sec grace\n|\n|t:|1783564740\n|switch|p1a: Uxie|Uxie, L83|69/260\n|turn|49\n|inactive|Time left: 300 sec this turn | 300 sec total\n|\n|t:|1783564741\n|-terastallize|p1a: Uxie|Steel\n|move|p2a: Talonflame|Brave Bird|p1a: Uxie\n|-resisted|p1a: Uxie\n|-damage|p1a: Uxie|28/260\n|-damage|p2a: Talonflame|69/100|[from] Recoil\n|move|p1a: Uxie|Psychic Noise|p2a: Talonflame\n|-damage|p2a: Talonflame|39/100\n|-start|p2a: Talonflame|move: Heal Block\n|\n|-heal|p1a: Uxie|44/260|[from] item: Leftovers\n|upkeep\n|turn|50\n|inactive|Time left: 300 sec this turn | 300 sec total\n|\n|t:|1783564742\n|move|p2a: Talonflame|Will-O-Wisp|p1a: Uxie\n|-status|p1a: Uxie|brn\n|move|p1a: Uxie|Psychic Noise|p2a: Talonflame\n|-damage|p2a: Talonflame|10/100\n|\n|-heal|p1a: Uxie|60/260 brn|[from] item: Leftovers\n|-damage|p1a: Uxie|44/260 brn|[from] brn\n|-end|p2a: Talonflame|move: Heal Block\n|upkeep\n|turn|51\n|inactive|Time left: 300 sec this turn | 300 sec total\n|\n|t:|1783564743\n|move|p2a: Talonflame|Roost|p2a: Talonflame\n|-heal|p2a: Talonflame|60/100\n|-singleturn|p2a: Talonflame|move: Roost\n|move|p1a: Uxie|Psychic Noise|p2a: Talonflame\n|-damage|p2a: Talonflame|30/100\n|-start|p2a: Talonflame|move: Heal Block\n|\n|-heal|p1a: Uxie|60/260 brn|[from] item: Leftovers\n|-damage|p1a: Uxie|44/260 brn|[from] brn\n|upkeep\n|turn|52\n|inactive|Time left: 300 sec this turn | 300 sec total\n|\n|t:|1783564744\n|move|p2a: Talonflame|Will-O-Wisp|p1a: Uxie\n|-fail|p1a: Uxie|brn\n|move|p1a: Uxie|Psychic Noise|p2a: Talonflame\n|-damage|p2a: Talonflame|2/100\n|\n|-heal|p1a: Uxie|60/260 brn|[from] item: Leftovers\n|-damage|p1a: Uxie|44/260 brn|[from] brn\n|-end|p2a: Talonflame|move: Heal Block\n|upkeep\n|turn|53\n|inactive|Time left: 300 sec this turn | 300 sec total\n|\n|t:|1783564745\n|move|p2a: Talonflame|Roost|p2a: Talonflame\n|-heal|p2a: Talonflame|52/100\n|-singleturn|p2a: Talonflame|move: Roost\n|move|p1a: Uxie|Psychic Noise|p2a: Talonflame\n|-damage|p2a: Talonflame|22/100\n|-start|p2a: Talonflame|move: Heal Block\n|\n|-heal|p1a: Uxie|60/260 brn|[from] item: Leftovers\n|-damage|p1a: Uxie|44/260 brn|[from] brn\n|upkeep\n|turn|54\n|inactive|Time left: 300 sec this turn | 300 sec total\n|\n|t:|1783564746\n|-terastallize|p2a: Talonflame|Dragon\n|move|p2a: Talonflame|Brave Bird|p1a: Uxie\n|-resisted|p1a: Uxie\n|-damage|p1a: Uxie|1/260 brn\n|-damage|p2a: Talonflame|17/100|[from] Recoil\n|move|p1a: Uxie|Psychic Noise|p2a: Talonflame\n|-damage|p2a: Talonflame|0 fnt\n|faint|p2a: Talonflame\n|\n|win|p0x2211a655", "uploadtime": 1783564746, "views": 0, "rating": 0, "private": 0, "password": null, "_winner": "p0x2211a655", "_our_name": "p0x2211a655"}