{"id": "battle-gen9randombattle-820", "formatid": "gen9randombattle", "format": "[Gen 9] Random Battle", "players": ["p0x820711d", "p0y8207428"], "log": "|init|battle\n|title|p0x820711d vs. p0y8207428\n|j|\u2606p0x820711d\n|j|\u2606p0y8207428\n|t:|1783549413\n|gametype|singles\n|player|p1|p0x820711d|266|\n|player|p2|p0y8207428|169|\n|gen|9\n|tier|[Gen 9] Random Battle\n|rule|Species Clause: Limit one of each Pok\u00e9mon\n|rule|HP Percentage Mod: HP is shown in percentages\n|rule|Sleep Clause Mod: Limit one foe put to sleep\n|rule|Illusion Level Mod: Illusion disguises the Pok\u00e9mon's true level\n|\n|t:|1783549413\n|teamsize|p1|6\n|teamsize|p2|6\n|start\n|switch|p1a: Forretress|Forretress, L84, M|100/100\n|switch|p2a: Quaquaval|Quaquaval, L79, F|264/264\n|turn|1\n|inactive|Battle timer is ON: inactive players will automatically lose when time's up. (requested by p0x820711d)\n|inactive|Time left: 300 sec this turn | 300 sec total | 60 sec grace\n|inactive|p0y8207428 also wants the timer to be on.\n|\n|t:|1783549414\n|move|p2a: Quaquaval|Swords Dance|p2a: Quaquaval\n|-boost|p2a: Quaquaval|atk|2\n|move|p1a: Forretress|Rapid Spin|p2a: Quaquaval\n|-damage|p2a: Quaquaval|229/264\n|-boost|p1a: Forretress|spe|1\n|\n|upkeep\n|turn|2\n|inactive|Time left: 300 sec this turn | 300 sec total\n|\n|t:|1783549415\n|move|p2a: Quaquaval|Aqua Step|p1a: Forretress\n|-damage|p1a: Forretress|35/100\n|-boost|p2a: Quaquaval|spe|1\n|-damage|p2a: Quaquaval|203/264|[from] item: Life Orb\n|move|p1a: Forretress|Volt Switch|p2a: Quaquaval\n|-supereffective|p2a: Quaquaval\n|-damage|p2a: Quaquaval|115/264\n|\n|t:|1783549416\n|switch|p1a: Venusaur|Venusaur, L84, F|100/100|[from] Volt Switch\n|\n|upkeep\n|turn|3\n|inactive|Time left: 300 sec this turn | 300 sec total\n|\n|t:|1783549417\n|move|p2a: Quaquaval|Close Combat|p1a: Venusaur\n|-resisted|p1a: Venusaur\n|-damage|p1a: Venusaur|33/100\n|-unboost|p2a: Quaquaval|def|1\n|-unboost|p2a: Quaquaval|spd|1\n|-damage|p2a: Quaquaval|89/264|[from] item: Life Orb\n|move|p1a: Venusaur|Giga Drain|p2a: Quaquaval\n|-supereffective|p2a: Quaquaval\n|-damage|p2a: Quaquaval|0 fnt\n|-heal|p1a: Venusaur|50/100|[from] drain|[of] p2a: Quaquaval\n|faint|p2a: Quaquaval\n|\n|-heal|p1a: Venusaur|56/100|[from] item: Leftovers\n|upkeep\n|inactive|Time left: 300 sec this turn | 300 sec total | 5 sec grace\n|\n|t:|1783549418\n|switch|p2a: Chi-Yu|Chi-Yu, L77|211/211\n|-ability|p2a: Chi-Yu|Beads of Ruin\n|turn|4\n|inactive|Time left: 300 sec this turn | 300 sec total\n|\n|t:|1783549419\n|switch|p1a: Keldeo|Keldeo-Resolute, L79|100/100\n|move|p2a: Chi-Yu|Psychic|p1a: Keldeo\n|-supereffective|p1a: Keldeo\n|-damage|p1a: Keldeo|28/100\n|\n|-heal|p1a: Keldeo|34/100|[from] item: Leftovers\n|upkeep\n|turn|5\n|inactive|Time left: 300 sec this turn | 300 sec total\n|\n|t:|1783549420\n|switch|p2a: Overqwil|Overqwil, L82, F|274/274\n|-ability|p2a: Overqwil|Intimidate|boost\n|-unboost|p1a: Keldeo|atk|1\n|move|p1a: Keldeo|Secret Sword|p2a: Overqwil\n|-damage|p2a: Overqwil|177/274\n|\n|-heal|p1a: Keldeo|40/100|[from] item: Leftovers\n|upkeep\n|turn|6\n|inactive|Time left: 300 sec this turn | 300 sec total\n|\n|t:|1783549421\n|move|p1a: Keldeo|Secret Sword|p2a: Overqwil\n|-damage|p2a: Overqwil|80/274\n|move|p2a: Overqwil|Swords Dance|p2a: Overqwil\n|-boost|p2a: Overqwil|atk|2\n|\n|-heal|p1a: Keldeo|47/100|[from] item: Leftovers\n|upkeep\n|turn|7\n|inactive|Time left: 300 sec this turn | 300 sec total\n|\n|t:|1783549423\n|move|p1a: Keldeo|Secret Sword|p2a: Overqwil\n|-damage|p2a: Overqwil|0 fnt\n|faint|p2a: Overqwil\n|\n|-heal|p1a: Keldeo|53/100|[from] item: Leftovers\n|upkeep\n|inactive|Time left: 300 sec this turn | 300 sec total | 5 sec grace\n|\n|t:|1783549424\n|switch|p2a: Ludicolo|Ludicolo, L90, M|290/290\n|turn|8\n|inactive|Time left: 300 sec this turn | 300 sec total\n|\n|t:|1783549425\n|move|p1a: Keldeo|Calm Mind|p1a: Keldeo\n|-boost|p1a: Keldeo|spa|1\n|-boost|p1a: Keldeo|spd|1\n|move|p2a: Ludicolo|Hydro Pump|p1a: Keldeo\n|-resisted|p1a: Keldeo\n|-damage|p1a: Keldeo|31/100\n|\n|-heal|p1a: Keldeo|37/100|[from] item: Leftovers\n|upkeep\n|turn|9\n|inactive|Time left: 300 sec this turn | 300 sec total\n|\n|t:|1783549426\n|move|p1a: Keldeo|Secret Sword|p2a: Ludicolo\n|-damage|p2a: Ludicolo|134/290\n|move|p2a: Ludicolo|Hydro Pump|p1a: Keldeo\n|-resisted|p1a: Keldeo\n|-damage|p1a: Keldeo|13/100\n|\n|-heal|p1a: Keldeo|19/100|[from] item: Leftovers\n|upkeep\n|turn|10\n|inactive|Time left: 300 sec this turn | 300 sec total\n|\n|t:|1783549427\n|move|p1a: Keldeo|Secret Sword|p2a: Ludicolo\n|-damage|p2a: Ludicolo|0 fnt\n|faint|p2a: Ludicolo\n|\n|-heal|p1a: Keldeo|25/100|[from] item: Leftovers\n|upkeep\n|inactive|Time left: 300 sec this turn | 300 sec total | 5 sec grace\n|\n|t:|1783549428\n|switch|p2a: Pachirisu|Pachirisu, L96, M|271/271\n|turn|11\n|inactive|Time left: 300 sec this turn | 300 sec total\n|\n|t:|1783549429\n|move|p2a: Pachirisu|Discharge|p1a: Keldeo\n|-supereffective|p1a: Keldeo\n|-damage|p1a: Keldeo|0 fnt\n|faint|p1a: Keldeo\n|\n|upkeep\n|\n|t:|1783549430\n|switch|p1a: Venusaur|Venusaur, L84, F|56/100\n|turn|12\n|inactive|Time left: 300 sec this turn | 300 sec total\n|\n|t:|1783549431\n|move|p2a: Pachirisu|U-turn|p1a: Venusaur\n|-damage|p1a: Venusaur|40/100\n|inactive|Time left: 300 sec this turn | 300 sec total | 5 sec grace\n|\n|t:|1783549432\n|switch|p2a: Chi-Yu|Chi-Yu, L77|211/211|[from] U-turn\n|-ability|p2a: Chi-Yu|Beads of Ruin\n|move|p1a: Venusaur|Sludge Bomb|p2a: Chi-Yu\n|-damage|p2a: Chi-Yu|120/211\n|\n|-heal|p1a: Venusaur|46/100|[from] item: Leftovers\n|upkeep\n|turn|13\n|inactive|Time left: 300 sec this turn | 300 sec total\n|\n|t:|1783549434\n|switch|p1a: Forretress|Forretress, L84, M|35/100\n|move|p2a: Chi-Yu|Fire Blast|p1a: Forretress\n|-supereffective|p1a: Forretress\n|-damage|p1a: Forretress|0 fnt\n|faint|p1a: Forretress\n|\n|upkeep\n|\n|t:|1783549435\n|switch|p1a: Squawkabilly|Squawkabilly-Blue, L85, F|100/100\n|turn|14\n|inactive|Time left: 300 sec this turn | 300 sec total\n|\n|t:|1783549436\n|switch|p2a: Pachirisu|Pachirisu, L96, M|271/271\n|move|p1a: Squawkabilly|Brave Bird|p2a: Pachirisu\n|-resisted|p2a: Pachirisu\n|-damage|p2a: Pachirisu|198/271\n|-damage|p1a: Squawkabilly|92/100|[from] Recoil\n|\n|-status|p1a: Squawkabilly|brn|[from] item: Flame Orb\n|upkeep\n|turn|15\n|inactive|Time left: 300 sec this turn | 300 sec total\n|\n|t:|1783549437\n|move|p2a: Pachirisu|Encore|p1a: Squawkabilly\n|-start|p1a: Squawkabilly|Encore\n|move|p1a: Squawkabilly|Brave Bird|p2a: Pachirisu\n|-resisted|p2a: Pachirisu\n|-damage|p2a: Pachirisu|90/271\n|-damage|p1a: Squawkabilly|79/100 brn|[from] Recoil\n|\n|-damage|p1a: Squawkabilly|73/100 brn|[from] brn\n|upkeep\n|turn|16\n|inactive|Time left: 300 sec this turn | 300 sec total\n|\n|t:|1783549438\n|switch|p1a: Venusaur|Venusaur, L84, F|46/100\n|move|p2a: Pachirisu|Discharge|p1a: Venusaur\n|-resisted|p1a: Venusaur\n|-damage|p1a: Venusaur|36/100\n|-status|p1a: Venusaur|par\n|\n|-heal|p1a: Venusaur|42/100 par|[from] item: Leftovers\n|upkeep\n|turn|17\n|inactive|Time left: 300 sec this turn | 300 sec total\n|\n|t:|1783549439\n|move|p2a: Pachirisu|U-turn|p1a: Venusaur\n|-damage|p1a: Venusaur|27/100 par\n|inactive|Time left: 300 sec this turn | 300 sec total | 5 sec grace\n|\n|t:|1783549440\n|switch|p2a: Chi-Yu|Chi-Yu, L77|120/211|[from] U-turn\n|-ability|p2a: Chi-Yu|Beads of Ruin\n|move|p1a: Venusaur|Giga Drain|p2a: Chi-Yu\n|-resisted|p2a: Chi-Yu\n|-damage|p2a: Chi-Yu|70/211\n|-heal|p1a: Venusaur|36/100 par|[from] drain|[of] p2a: Chi-Yu\n|\n|-heal|p1a: Venusaur|42/100 par|[from] item: Leftovers\n|upkeep\n|turn|18\n|inactive|Time left: 300 sec this turn | 300 sec total\n|\n|t:|1783549442\n|move|p2a: Chi-Yu|Dark Pulse|p1a: Venusaur\n|-damage|p1a: Venusaur|1/100 par\n|move|p1a: Venusaur|Sludge Bomb|p2a: Chi-Yu\n|-damage|p2a: Chi-Yu|0 fnt\n|faint|p2a: Chi-Yu\n|\n|-heal|p1a: Venusaur|7/100 par|[from] item: Leftovers\n|upkeep\n|inactive|Time left: 300 sec this turn | 300 sec total | 5 sec grace\n|\n|t:|1783549443\n|switch|p2a: Meloetta|Meloetta, L82|298/298\n|turn|19\n|inactive|Time left: 300 sec this turn | 300 sec total\n|\n|t:|1783549443\n|move|p2a: Meloetta|Relic Song|p1a: Venusaur\n|-damage|p1a: Venusaur|0 fnt\n|faint|p1a: Venusaur\n|-formechange|p2a: Meloetta|Meloetta-Pirouette|[msg]\n|-damage|p2a: Meloetta|269/298|[from] item: Life Orb\n|\n|upkeep\n|\n|t:|1783549444\n|switch|p1a: Malamar|Malamar, L82, M|100/100\n|turn|20\n|inactive|Time left: 300 sec this turn | 300 sec total\n|\n|t:|1783549445\n|-terastallize|p2a: Meloetta|Dark\n|move|p2a: Meloetta|Knock Off|p1a: Malamar\n|-damage|p1a: Malamar|42/100\n|-enditem|p1a: Malamar|Leftovers|[from] move: Knock Off|[of] p2a: Meloetta\n|-damage|p2a: Meloetta|240/298|[from] item: Life Orb\n|move|p1a: Malamar|Superpower|p2a: Meloetta\n|-supereffective|p2a: Meloetta\n|-damage|p2a: Meloetta|76/298\n|-boost|p1a: Malamar|atk|1\n|-boost|p1a: Malamar|def|1\n|\n|upkeep\n|turn|21\n|inactive|Time left: 300 sec this turn | 300 sec total\n|\n|t:|1783549446\n|-terastallize|p1a: Malamar|Poison\n|move|p2a: Meloetta|Relic Song|p1a: Malamar\n|-damage|p1a: Malamar|10/100\n|-formechange|p2a: Meloetta|Meloetta|[msg]\n|-damage|p2a: Meloetta|47/298|[from] item: Life Orb\n|move|p1a: Malamar|Superpower|p2a: Meloetta\n|-supereffective|p2a: Meloetta\n|-damage|p2a: Meloetta|0 fnt\n|-boost|p1a: Malamar|atk|1\n|-boost|p1a: Malamar|def|1\n|faint|p2a: Meloetta\n|\n|upkeep\n|inactive|Time left: 300 sec this turn | 300 sec total | 5 sec grace\n|\n|t:|1783549447\n|switch|p2a: Pachirisu|Pachirisu, L96, M|90/271\n|turn|22\n|inactive|Time left: 300 sec this turn | 300 sec total\n|\n|t:|1783549447\n|move|p2a: Pachirisu|Discharge|p1a: Malamar\n|-damage|p1a: Malamar|0 fnt\n|faint|p1a: Malamar\n|\n|upkeep\n|\n|t:|1783549448\n|switch|p1a: Squawkabilly|Squawkabilly-Blue, L85, F|73/100 brn\n|turn|23\n|inactive|Time left: 300 sec this turn | 300 sec total\n|\n|t:|1783549449\n|move|p2a: Pachirisu|Discharge|p1a: Squawkabilly\n|-supereffective|p1a: Squawkabilly\n|-damage|p1a: Squawkabilly|7/100 brn\n|move|p1a: Squawkabilly|Facade|p2a: Pachirisu\n|-damage|p2a: Pachirisu|0 fnt\n|faint|p2a: Pachirisu\n|\n|win|p0x820711d", "uploadtime": 1783549449, "views": 0, "rating": 0, "private": 0, "password": null, "_winner": "p0x820711d", "_our_name": "p0y8207428"}