{"id": "battle-gen9randombattle-2656", "formatid": "gen9randombattle", "format": "[Gen 9] Random Battle", "players": ["p0x2656facb", "p0y265620ce"], "log": "|init|battle\n|title|p0x2656facb vs. p0y265620ce\n|j|\u2606p0x2656facb\n|j|\u2606p0y265620ce\n|t:|1783569632\n|gametype|singles\n|player|p1|p0x2656facb|2|\n|player|p2|p0y265620ce|2|\n|gen|9\n|tier|[Gen 9] Random Battle\n|rule|Species Clause: Limit one of each Pok\u00e9mon\n|rule|HP Percentage Mod: HP is shown in percentages\n|rule|Sleep Clause Mod: Limit one foe put to sleep\n|rule|Illusion Level Mod: Illusion disguises the Pok\u00e9mon's true level\n|\n|t:|1783569632\n|teamsize|p1|6\n|teamsize|p2|6\n|start\n|switch|p1a: Wigglytuff|Wigglytuff, L96, M|100/100\n|switch|p2a: Reuniclus|Reuniclus, L88, M|337/337\n|turn|1\n|inactive|Battle timer is ON: inactive players will automatically lose when time's up. (requested by p0x2656facb)\n|inactive|Time left: 300 sec this turn | 300 sec total | 60 sec grace\n|inactive|p0y265620ce also wants the timer to be on.\n|\n|t:|1783569634\n|move|p1a: Wigglytuff|Knock Off|p2a: Reuniclus\n|-supereffective|p2a: Reuniclus\n|-damage|p2a: Reuniclus|179/337\n|-enditem|p2a: Reuniclus|Life Orb|[from] move: Knock Off|[of] p1a: Wigglytuff\n|move|p2a: Reuniclus|Psyshock|p1a: Wigglytuff\n|-damage|p1a: Wigglytuff|64/100\n|\n|-heal|p1a: Wigglytuff|71/100|[from] item: Leftovers\n|upkeep\n|turn|2\n|inactive|Time left: 300 sec this turn | 300 sec total\n|\n|t:|1783569635\n|move|p1a: Wigglytuff|Dazzling Gleam|p2a: Reuniclus\n|-damage|p2a: Reuniclus|82/337\n|move|p2a: Reuniclus|Recover|p2a: Reuniclus\n|-heal|p2a: Reuniclus|251/337\n|\n|-heal|p1a: Wigglytuff|77/100|[from] item: Leftovers\n|upkeep\n|turn|3\n|inactive|Time left: 300 sec this turn | 300 sec total\n|\n|t:|1783569636\n|move|p1a: Wigglytuff|Dazzling Gleam|p2a: Reuniclus\n|-damage|p2a: Reuniclus|145/337\n|move|p2a: Reuniclus|Calm Mind|p2a: Reuniclus\n|-boost|p2a: Reuniclus|spa|1\n|-boost|p2a: Reuniclus|spd|1\n|\n|-heal|p1a: Wigglytuff|83/100|[from] item: Leftovers\n|upkeep\n|turn|4\n|inactive|Time left: 300 sec this turn | 300 sec total\n|\n|t:|1783569637\n|move|p1a: Wigglytuff|Knock Off|p2a: Reuniclus\n|-supereffective|p2a: Reuniclus\n|-damage|p2a: Reuniclus|41/337\n|move|p2a: Reuniclus|Recover|p2a: Reuniclus\n|-heal|p2a: Reuniclus|210/337\n|\n|-heal|p1a: Wigglytuff|89/100|[from] item: Leftovers\n|upkeep\n|turn|5\n|inactive|Time left: 300 sec this turn | 300 sec total\n|\n|t:|1783569638\n|move|p1a: Wigglytuff|Protect|p1a: Wigglytuff\n|-singleturn|p1a: Wigglytuff|Protect\n|move|p2a: Reuniclus|Psyshock|p1a: Wigglytuff\n|-activate|p1a: Wigglytuff|move: Protect\n|\n|-heal|p1a: Wigglytuff|95/100|[from] item: Leftovers\n|upkeep\n|turn|6\n|inactive|Time left: 300 sec this turn | 300 sec total\n|\n|t:|1783569639\n|move|p1a: Wigglytuff|Knock Off|p2a: Reuniclus\n|-supereffective|p2a: Reuniclus\n|-damage|p2a: Reuniclus|106/337\n|move|p2a: Reuniclus|Psyshock|p1a: Wigglytuff\n|-damage|p1a: Wigglytuff|39/100\n|\n|-heal|p1a: Wigglytuff|45/100|[from] item: Leftovers\n|upkeep\n|turn|7\n|inactive|Time left: 300 sec this turn | 300 sec total\n|\n|t:|1783569640\n|move|p1a: Wigglytuff|Knock Off|p2a: Reuniclus\n|-supereffective|p2a: Reuniclus\n|-crit|p2a: Reuniclus\n|-damage|p2a: Reuniclus|0 fnt\n|faint|p2a: Reuniclus\n|\n|-heal|p1a: Wigglytuff|51/100|[from] item: Leftovers\n|upkeep\n|inactive|Time left: 300 sec this turn | 300 sec total | 5 sec grace\n|\n|t:|1783569641\n|switch|p2a: Lucario|Lucario, L84, M|255/255\n|turn|8\n|inactive|Time left: 300 sec this turn | 300 sec total\n|\n|t:|1783569642\n|move|p2a: Lucario|Nasty Plot|p2a: Lucario\n|-boost|p2a: Lucario|spa|2\n|move|p1a: Wigglytuff|Dazzling Gleam|p2a: Lucario\n|-damage|p2a: Lucario|144/255\n|\n|-heal|p1a: Wigglytuff|58/100|[from] item: Leftovers\n|upkeep\n|turn|9\n|inactive|Time left: 300 sec this turn | 300 sec total\n|\n|t:|1783569644\n|move|p1a: Wigglytuff|Protect|p1a: Wigglytuff\n|-singleturn|p1a: Wigglytuff|Protect\n|move|p2a: Lucario|Flash Cannon|p1a: Wigglytuff\n|-activate|p1a: Wigglytuff|move: Protect\n|\n|-heal|p1a: Wigglytuff|64/100|[from] item: Leftovers\n|upkeep\n|turn|10\n|inactive|Time left: 300 sec this turn | 300 sec total\n|\n|t:|1783569645\n|move|p1a: Wigglytuff|Protect||[still]\n|-fail|p1a: Wigglytuff\n|move|p2a: Lucario|Flash Cannon|p1a: Wigglytuff\n|-supereffective|p1a: Wigglytuff\n|-damage|p1a: Wigglytuff|0 fnt\n|faint|p1a: Wigglytuff\n|-damage|p2a: Lucario|119/255|[from] item: Life Orb\n|\n|upkeep\n|\n|t:|1783569645\n|switch|p1a: Noctowl|Noctowl, L95, M|100/100\n|turn|11\n|inactive|Time left: 300 sec this turn | 300 sec total\n|\n|t:|1783569646\n|move|p2a: Lucario|Flash Cannon|p1a: Noctowl\n|-damage|p1a: Noctowl|42/100\n|-unboost|p1a: Noctowl|spd|1\n|-damage|p2a: Lucario|94/255|[from] item: Life Orb\n|move|p1a: Noctowl|Hyper Voice|p2a: Lucario\n|-resisted|p2a: Lucario\n|-damage|p2a: Lucario|0 fnt\n|faint|p2a: Lucario\n|\n|upkeep\n|inactive|Time left: 300 sec this turn | 300 sec total | 5 sec grace\n|\n|t:|1783569647\n|switch|p2a: Salamence|Salamence, L77, F|273/273\n|-ability|p2a: Salamence|Intimidate|boost\n|-unboost|p1a: Noctowl|atk|1\n|turn|12\n|inactive|Time left: 300 sec this turn | 300 sec total\n|\n|t:|1783569648\n|move|p2a: Salamence|Outrage|p1a: Noctowl\n|-damage|p1a: Noctowl|0 fnt\n|faint|p1a: Noctowl\n|\n|upkeep\n|\n|t:|1783569649\n|switch|p1a: Appletun|Appletun, L92, M|100/100\n|turn|13\n|inactive|Time left: 300 sec this turn | 300 sec total\n|\n|t:|1783569650\n|-terastallize|p1a: Appletun|Steel\n|move|p2a: Salamence|Outrage|p1a: Appletun|[from] lockedmove\n|-resisted|p1a: Appletun\n|-damage|p1a: Appletun|82/100\n|move|p1a: Appletun|Draco Meteor|p2a: Salamence\n|-supereffective|p2a: Salamence\n|-damage|p2a: Salamence|0 fnt\n|-unboost|p1a: Appletun|spa|2\n|faint|p2a: Salamence\n|\n|-heal|p1a: Appletun|88/100|[from] item: Leftovers\n|upkeep\n|inactive|Time left: 300 sec this turn | 300 sec total | 5 sec grace\n|\n|t:|1783569651\n|switch|p2a: Krookodile|Krookodile, L79, M|280/280\n|-ability|p2a: Krookodile|Intimidate|boost\n|-unboost|p1a: Appletun|atk|1\n|turn|14\n|inactive|Time left: 300 sec this turn | 300 sec total\n|\n|t:|1783569652\n|move|p2a: Krookodile|Earthquake|p1a: Appletun\n|-supereffective|p1a: Appletun\n|-damage|p1a: Appletun|3/100\n|move|p1a: Appletun|Apple Acid|p2a: Krookodile\n|-supereffective|p2a: Krookodile\n|-damage|p2a: Krookodile|148/280\n|-unboost|p2a: Krookodile|spd|1\n|\n|-heal|p1a: Appletun|9/100|[from] item: Leftovers\n|upkeep\n|turn|15\n|inactive|Time left: 300 sec this turn | 300 sec total\n|\n|t:|1783569653\n|switch|p1a: Drifblim|Drifblim, L86, M|100/100\n|move|p2a: Krookodile|Earthquake|p1a: Drifblim\n|-immune|p1a: Drifblim\n|\n|upkeep\n|turn|16\n|inactive|Time left: 300 sec this turn | 300 sec total\n|\n|t:|1783569654\n|switch|p2a: Incineroar|Incineroar, L82, F|290/290\n|-ability|p2a: Incineroar|Intimidate|boost\n|-unboost|p1a: Drifblim|atk|1\n|move|p1a: Drifblim|Shadow Ball|p2a: Incineroar\n|-resisted|p2a: Incineroar\n|-damage|p2a: Incineroar|263/290\n|\n|upkeep\n|turn|17\n|inactive|Time left: 300 sec this turn | 300 sec total\n|\n|t:|1783569655\n|move|p1a: Drifblim|Air Slash|p2a: Incineroar\n|-damage|p2a: Incineroar|211/290\n|move|p2a: Incineroar|Knock Off|p1a: Drifblim\n|-supereffective|p1a: Drifblim\n|-damage|p1a: Drifblim|20/100\n|-enditem|p1a: Drifblim|Heavy-Duty Boots|[from] move: Knock Off|[of] p2a: Incineroar\n|\n|upkeep\n|turn|18\n|inactive|Time left: 300 sec this turn | 300 sec total\n|\n|t:|1783569656\n|move|p1a: Drifblim|Strength Sap|p2a: Incineroar\n|-unboost|p2a: Incineroar|atk|1\n|-heal|p1a: Drifblim|79/100\n|move|p2a: Incineroar|U-turn|p1a: Drifblim\n|-resisted|p1a: Drifblim\n|-damage|p1a: Drifblim|76/100\n|inactive|Time left: 300 sec this turn | 300 sec total | 5 sec grace\n|\n|t:|1783569656\n|switch|p2a: Krookodile|Krookodile, L79, M|148/280|[from] U-turn\n|-ability|p2a: Krookodile|Intimidate|boost\n|-unboost|p1a: Drifblim|atk|1\n|\n|upkeep\n|turn|19\n|inactive|Time left: 300 sec this turn | 300 sec total\n|\n|t:|1783569657\n|move|p2a: Krookodile|Knock Off|p1a: Drifblim\n|-supereffective|p1a: Drifblim\n|-damage|p1a: Drifblim|0 fnt\n|-damage|p2a: Krookodile|78/280|[from] ability: Aftermath|[of] p1a: Drifblim\n|faint|p1a: Drifblim\n|\n|upkeep\n|\n|t:|1783569658\n|switch|p1a: Seviper|Seviper, L93, M|100/100\n|turn|20\n|inactive|Time left: 300 sec this turn | 300 sec total\n|\n|t:|1783569659\n|move|p2a: Krookodile|Knock Off|p1a: Seviper\n|-damage|p1a: Seviper|35/100\n|-enditem|p1a: Seviper|Leftovers|[from] move: Knock Off|[of] p2a: Krookodile\n|move|p1a: Seviper|Trailblaze|p2a: Krookodile\n|-supereffective|p2a: Krookodile\n|-damage|p2a: Krookodile|0 fnt\n|-boost|p1a: Seviper|spe|1\n|faint|p2a: Krookodile\n|\n|upkeep\n|inactive|Time left: 300 sec this turn | 300 sec total | 5 sec grace\n|\n|t:|1783569660\n|switch|p2a: Incineroar|Incineroar, L82, F|211/290\n|-ability|p2a: Incineroar|Intimidate|boost\n|-unboost|p1a: Seviper|atk|1\n|turn|21\n|inactive|Time left: 300 sec this turn | 300 sec total\n|\n|t:|1783569661\n|move|p1a: Seviper|Gunk Shot|p2a: Incineroar|[miss]\n|-miss|p1a: Seviper|p2a: Incineroar\n|move|p2a: Incineroar|U-turn|p1a: Seviper\n|-resisted|p1a: Seviper\n|-damage|p1a: Seviper|23/100\n|inactive|Time left: 300 sec this turn | 300 sec total | 5 sec grace\n|\n|t:|1783569662\n|switch|p2a: Sceptile|Sceptile, L87, F|264/264|[from] U-turn\n|\n|upkeep\n|turn|22\n|inactive|Time left: 300 sec this turn | 300 sec total\n|\n|t:|1783569663\n|-terastallize|p2a: Sceptile|Steel\n|move|p1a: Seviper|Gunk Shot|p2a: Sceptile\n|-immune|p2a: Sceptile\n|move|p2a: Sceptile|Earthquake|p1a: Seviper\n|-supereffective|p1a: Seviper\n|-damage|p1a: Seviper|0 fnt\n|faint|p1a: Seviper\n|-damage|p2a: Sceptile|238/264|[from] item: Life Orb\n|\n|upkeep\n|\n|t:|1783569664\n|switch|p1a: Appletun|Appletun, L92, M, tera:Steel|9/100\n|turn|23\n|inactive|Time left: 300 sec this turn | 300 sec total\n|\n|t:|1783569665\n|move|p2a: Sceptile|Giga Drain|p1a: Appletun\n|-resisted|p1a: Appletun\n|-damage|p1a: Appletun|0 fnt\n|-heal|p2a: Sceptile|253/264|[from] drain|[of] p1a: Appletun\n|faint|p1a: Appletun\n|-damage|p2a: Sceptile|227/264|[from] item: Life Orb\n|\n|upkeep\n|\n|t:|1783569666\n|switch|p1a: Houndoom|Houndoom, L87, F|100/100\n|turn|24\n|inactive|Time left: 300 sec this turn | 300 sec total\n|\n|t:|1783569667\n|move|p2a: Sceptile|Earthquake|p1a: Houndoom\n|-supereffective|p1a: Houndoom\n|-damage|p1a: Houndoom|7/100\n|-damage|p2a: Sceptile|201/264|[from] item: Life Orb\n|move|p1a: Houndoom|Sludge Bomb|p2a: Sceptile\n|-immune|p2a: Sceptile\n|\n|upkeep\n|turn|25\n|inactive|Time left: 300 sec this turn | 300 sec total\n|\n|t:|1783569668\n|move|p2a: Sceptile|Earthquake|p1a: Houndoom\n|-supereffective|p1a: Houndoom\n|-damage|p1a: Houndoom|0 fnt\n|faint|p1a: Houndoom\n|-damage|p2a: Sceptile|175/264|[from] item: Life Orb\n|\n|win|p0y265620ce", "uploadtime": 1783569668, "views": 0, "rating": 0, "private": 0, "password": null, "_winner": "p0y265620ce", "_our_name": "p0y265620ce"}