{"id": "battle-gen9randombattle-478", "formatid": "gen9randombattle", "format": "[Gen 9] Random Battle", "players": ["p0x47891bc", "p0y478e714"], "log": "|init|battle\n|title|p0x47891bc vs. p0y478e714\n|j|\u2606p0x47891bc\n|j|\u2606p0y478e714\n|t:|1783544581\n|gametype|singles\n|player|p1|p0x47891bc|101|\n|player|p2|p0y478e714|169|\n|gen|9\n|tier|[Gen 9] Random Battle\n|rule|Species Clause: Limit one of each Pok\u00e9mon\n|rule|HP Percentage Mod: HP is shown in percentages\n|rule|Sleep Clause Mod: Limit one foe put to sleep\n|rule|Illusion Level Mod: Illusion disguises the Pok\u00e9mon's true level\n|\n|t:|1783544581\n|teamsize|p1|6\n|teamsize|p2|6\n|start\n|switch|p1a: Wyrdeer|Wyrdeer, L87, F|321/321\n|switch|p2a: Persian|Persian-Alola, L86, F|100/100\n|-ability|p1a: Wyrdeer|Intimidate|boost\n|-unboost|p2a: Persian|atk|1\n|turn|1\n|inactive|Battle timer is ON: inactive players will automatically lose when time's up. (requested by p0x47891bc)\n|inactive|p0y478e714 also wants the timer to be on.\n|\n|t:|1783544582\n|move|p2a: Persian|Nasty Plot|p2a: Persian\n|-boost|p2a: Persian|spa|2\n|move|p1a: Wyrdeer|Body Slam|p2a: Persian\n|-damage|p2a: Persian|73/100\n|-status|p2a: Persian|par\n|\n|upkeep\n|turn|2\n|inactive|Time left: 300 sec this turn | 300 sec total\n|\n|t:|1783544584\n|move|p1a: Wyrdeer|Megahorn|p2a: Persian\n|-supereffective|p2a: Persian\n|-damage|p2a: Persian|23/100 par\n|move|p2a: Persian|Dark Pulse|p1a: Wyrdeer\n|-supereffective|p1a: Wyrdeer\n|-damage|p1a: Wyrdeer|40/321\n|-damage|p2a: Persian|13/100 par|[from] item: Life Orb\n|\n|upkeep\n|turn|3\n|inactive|Time left: 300 sec this turn | 300 sec total\n|\n|t:|1783544585\n|move|p1a: Wyrdeer|Earthquake|p2a: Persian\n|-damage|p2a: Persian|0 fnt\n|faint|p2a: Persian\n|\n|upkeep\n|\n|t:|1783544586\n|switch|p2a: Kyogre|Kyogre, L71|100/100\n|-weather|RainDance|[from] ability: Drizzle|[of] p2a: Kyogre\n|turn|4\n|inactive|Time left: 300 sec this turn | 300 sec total\n|\n|t:|1783544587\n|switch|p1a: Perrserker|Perrserker, L89, F|269/269\n|move|p2a: Kyogre|Ice Beam|p1a: Perrserker\n|-resisted|p1a: Perrserker\n|-damage|p1a: Perrserker|226/269\n|\n|-weather|RainDance|[upkeep]\n|upkeep\n|turn|5\n|inactive|Time left: 300 sec this turn | 300 sec total\n|\n|t:|1783544588\n|move|p2a: Kyogre|Origin Pulse|p1a: Perrserker|[miss]\n|-miss|p2a: Kyogre|p1a: Perrserker\n|move|p1a: Perrserker|Knock Off|p2a: Kyogre\n|-damage|p2a: Kyogre|26/100\n|-enditem|p2a: Kyogre|Leftovers|[from] move: Knock Off|[of] p1a: Perrserker\n|\n|-weather|RainDance|[upkeep]\n|upkeep\n|turn|6\n|inactive|Time left: 300 sec this turn | 300 sec total\n|\n|t:|1783544589\n|switch|p1a: Oinkologne|Oinkologne-F, L92, F|361/361\n|move|p2a: Kyogre|Origin Pulse|p1a: Oinkologne|[miss]\n|-miss|p2a: Kyogre|p1a: Oinkologne\n|\n|-weather|RainDance|[upkeep]\n|upkeep\n|turn|7\n|inactive|Time left: 300 sec this turn | 300 sec total\n|\n|t:|1783544591\n|switch|p2a: Rillaboom|Rillaboom, L79, M|100/100\n|-fieldstart|move: Grassy Terrain|[from] ability: Grassy Surge|[of] p2a: Rillaboom\n|move|p1a: Oinkologne|Body Slam|p2a: Rillaboom\n|-damage|p2a: Rillaboom|64/100\n|\n|-weather|RainDance|[upkeep]\n|-heal|p2a: Rillaboom|70/100|[from] Grassy Terrain\n|upkeep\n|turn|8\n|inactive|Time left: 300 sec this turn | 300 sec total\n|\n|t:|1783544592\n|move|p2a: Rillaboom|Swords Dance|p2a: Rillaboom\n|-boost|p2a: Rillaboom|atk|2\n|move|p1a: Oinkologne|Body Slam|p2a: Rillaboom\n|-damage|p2a: Rillaboom|36/100\n|\n|-weather|none\n|-heal|p2a: Rillaboom|43/100|[from] Grassy Terrain\n|upkeep\n|turn|9\n|inactive|Time left: 300 sec this turn | 300 sec total\n|\n|t:|1783544593\n|move|p2a: Rillaboom|Swords Dance|p2a: Rillaboom\n|-boost|p2a: Rillaboom|atk|2\n|move|p1a: Oinkologne|Body Slam|p2a: Rillaboom\n|-damage|p2a: Rillaboom|8/100\n|-status|p2a: Rillaboom|par\n|\n|-heal|p2a: Rillaboom|14/100 par|[from] Grassy Terrain\n|upkeep\n|turn|10\n|inactive|Time left: 300 sec this turn | 300 sec total\n|\n|t:|1783544594\n|move|p2a: Rillaboom|Grassy Glide|p1a: Oinkologne\n|-damage|p1a: Oinkologne|17/361\n|-damage|p2a: Rillaboom|5/100 par|[from] item: Life Orb\n|move|p1a: Oinkologne|Body Slam|p2a: Rillaboom\n|-damage|p2a: Rillaboom|0 fnt\n|faint|p2a: Rillaboom\n|\n|-heal|p1a: Oinkologne|39/361|[from] Grassy Terrain\n|-heal|p1a: Oinkologne|61/361|[from] item: Leftovers\n|upkeep\n|\n|t:|1783544595\n|switch|p2a: Cetitan|Cetitan, L82, M|100/100\n|turn|11\n|inactive|Time left: 300 sec this turn | 300 sec total\n|\n|t:|1783544596\n|move|p1a: Oinkologne|Body Slam|p2a: Cetitan\n|-crit|p2a: Cetitan\n|-damage|p2a: Cetitan|57/100\n|-status|p2a: Cetitan|par\n|move|p2a: Cetitan|Belly Drum|p2a: Cetitan\n|-damage|p2a: Cetitan|7/100 par\n|-setboost|p2a: Cetitan|atk|6|[from] move: Belly Drum\n|-enditem|p2a: Cetitan|Sitrus Berry|[eat]\n|-heal|p2a: Cetitan|32/100 par|[from] item: Sitrus Berry\n|\n|-heal|p1a: Oinkologne|83/361|[from] Grassy Terrain\n|-heal|p1a: Oinkologne|105/361|[from] item: Leftovers\n|-heal|p2a: Cetitan|38/100 par|[from] Grassy Terrain\n|-fieldend|move: Grassy Terrain\n|upkeep\n|turn|12\n|inactive|Time left: 300 sec this turn | 300 sec total\n|\n|t:|1783544597\n|move|p1a: Oinkologne|Body Slam|p2a: Cetitan\n|-damage|p2a: Cetitan|7/100 par\n|cant|p2a: Cetitan|par\n|\n|-heal|p1a: Oinkologne|127/361|[from] item: Leftovers\n|upkeep\n|turn|13\n|inactive|Time left: 300 sec this turn | 300 sec total\n|\n|t:|1783544598\n|-terastallize|p2a: Cetitan|Ice\n|move|p2a: Cetitan|Ice Shard|p1a: Oinkologne\n|-damage|p1a: Oinkologne|0 fnt\n|faint|p1a: Oinkologne\n|\n|upkeep\n|inactive|Time left: 300 sec this turn | 300 sec total | 5 sec grace\n|\n|t:|1783544598\n|switch|p1a: Perrserker|Perrserker, L89, F|226/269\n|turn|14\n|inactive|Time left: 300 sec this turn | 300 sec total\n|\n|t:|1783544599\n|cant|p2a: Cetitan|par\n|move|p1a: Perrserker|Knock Off|p2a: Cetitan\n|-damage|p2a: Cetitan|0 fnt\n|faint|p2a: Cetitan\n|\n|upkeep\n|\n|t:|1783544601\n|switch|p2a: Kyogre|Kyogre, L71|26/100\n|-weather|RainDance|[from] ability: Drizzle|[of] p2a: Kyogre\n|turn|15\n|inactive|Time left: 300 sec this turn | 300 sec total\n|\n|t:|1783544602\n|move|p2a: Kyogre|Origin Pulse|p1a: Perrserker\n|-damage|p1a: Perrserker|0 fnt\n|faint|p1a: Perrserker\n|\n|-weather|RainDance|[upkeep]\n|upkeep\n|inactive|Time left: 300 sec this turn | 300 sec total | 5 sec grace\n|\n|t:|1783544603\n|switch|p1a: Landorus|Landorus, L75, M|257/257\n|turn|16\n|inactive|Time left: 300 sec this turn | 300 sec total\n|\n|t:|1783544604\n|move|p1a: Landorus|Earth Power|p2a: Kyogre\n|-damage|p2a: Kyogre|0 fnt\n|faint|p2a: Kyogre\n|\n|-weather|RainDance|[upkeep]\n|upkeep\n|\n|t:|1783544605\n|switch|p2a: Deoxys|Deoxys, L74|100/100\n|-ability|p2a: Deoxys|Pressure\n|turn|17\n|inactive|Time left: 300 sec this turn | 300 sec total\n|\n|t:|1783544606\n|switch|p1a: Wyrdeer|Wyrdeer, L87, F|40/321\n|-ability|p1a: Wyrdeer|Intimidate|boost\n|-unboost|p2a: Deoxys|atk|1\n|move|p2a: Deoxys|Ice Beam|p1a: Wyrdeer\n|-damage|p1a: Wyrdeer|0 fnt\n|faint|p1a: Wyrdeer\n|-damage|p2a: Deoxys|91/100|[from] item: Life Orb\n|\n|-weather|RainDance|[upkeep]\n|upkeep\n|inactive|Time left: 300 sec this turn | 300 sec total | 5 sec grace\n|\n|t:|1783544607\n|switch|p1a: Delphox|Delphox, L84, M|263/263\n|turn|18\n|inactive|Time left: 300 sec this turn | 300 sec total\n|\n|t:|1783544608\n|move|p2a: Deoxys|Knock Off|p1a: Delphox\n|-supereffective|p1a: Delphox\n|-crit|p1a: Delphox\n|-damage|p1a: Delphox|0 fnt\n|-enditem|p1a: Delphox|Heavy-Duty Boots|[from] move: Knock Off|[of] p2a: Deoxys\n|faint|p1a: Delphox\n|-damage|p2a: Deoxys|81/100|[from] item: Life Orb\n|\n|-weather|RainDance|[upkeep]\n|upkeep\n|inactive|Time left: 300 sec this turn | 300 sec total | 5 sec grace\n|\n|t:|1783544609\n|switch|p1a: Golem|Golem, L87, M|281/281\n|turn|19\n|inactive|Time left: 300 sec this turn | 300 sec total\n|\n|t:|1783544610\n|-terastallize|p1a: Golem|Grass\n|move|p2a: Deoxys|Psycho Boost|p1a: Golem\n|-damage|p1a: Golem|20/281\n|-unboost|p2a: Deoxys|spa|2\n|-damage|p2a: Deoxys|71/100|[from] item: Life Orb\n|move|p1a: Golem|Earthquake|p2a: Deoxys\n|-damage|p2a: Deoxys|0 fnt\n|faint|p2a: Deoxys\n|\n|-weather|none\n|upkeep\n|\n|t:|1783544611\n|switch|p2a: Iron Hands|Iron Hands, L79|100/100\n|turn|20\n|inactive|Time left: 300 sec this turn | 300 sec total\n|-enditem|p1a: Golem|Custap Berry|[eat]\n|-activate|p1a: Golem|item: Custap Berry|[consumed]\n|\n|t:|1783544612\n|move|p2a: Iron Hands|Fake Out|p1a: Golem\n|-damage|p1a: Golem|0 fnt\n|faint|p1a: Golem\n|\n|upkeep\n|inactive|Time left: 300 sec this turn | 300 sec total | 5 sec grace\n|\n|t:|1783544613\n|switch|p1a: Landorus|Landorus, L75, M|257/257\n|turn|21\n|inactive|Time left: 300 sec this turn | 300 sec total\n|\n|t:|1783544614\n|move|p1a: Landorus|Earth Power|p2a: Iron Hands\n|-supereffective|p2a: Iron Hands\n|-damage|p2a: Iron Hands|25/100\n|move|p2a: Iron Hands|Wild Charge|p1a: Landorus\n|-immune|p1a: Landorus\n|\n|upkeep\n|turn|22\n|inactive|Time left: 300 sec this turn | 300 sec total\n|\n|t:|1783544614\n|move|p1a: Landorus|Earth Power|p2a: Iron Hands\n|-supereffective|p2a: Iron Hands\n|-damage|p2a: Iron Hands|0 fnt\n|faint|p2a: Iron Hands\n|-end|p2a: Iron Hands|Quark Drive|[silent]\n|\n|win|p0x47891bc", "uploadtime": 1783544614, "views": 0, "rating": 0, "private": 0, "password": null, "_winner": "p0x47891bc", "_our_name": "p0x47891bc"}