{"id": "battle-gen9randombattle-356", "formatid": "gen9randombattle", "format": "[Gen 9] Random Battle", "players": ["p0x3568fd8", "p0y35600f0"], "log": "|init|battle\n|title|p0x3568fd8 vs. p0y35600f0\n|j|\u2606p0x3568fd8\n|j|\u2606p0y35600f0\n|t:|1783543255\n|gametype|singles\n|player|p1|p0x3568fd8|169|\n|player|p2|p0y35600f0|101|\n|gen|9\n|tier|[Gen 9] Random Battle\n|rule|Species Clause: Limit one of each Pok\u00e9mon\n|rule|HP Percentage Mod: HP is shown in percentages\n|rule|Sleep Clause Mod: Limit one foe put to sleep\n|rule|Illusion Level Mod: Illusion disguises the Pok\u00e9mon's true level\n|\n|t:|1783543255\n|teamsize|p1|6\n|teamsize|p2|6\n|start\n|switch|p1a: Arceus|Arceus-Steel, L70|284/284\n|switch|p2a: Vikavolt|Vikavolt, L83, F|100/100\n|turn|1\n|inactive|Battle timer is ON: inactive players will automatically lose when time's up. (requested by p0x3568fd8)\n|inactive|p0y35600f0 also wants the timer to be on.\n|\n|t:|1783543257\n|move|p1a: Arceus|Calm Mind|p1a: Arceus\n|-boost|p1a: Arceus|spa|1\n|-boost|p1a: Arceus|spd|1\n|move|p2a: Vikavolt|Sticky Web|p1a: Arceus\n|-sidestart|p1: p0x3568fd8|move: Sticky Web\n|\n|upkeep\n|turn|2\n|inactive|Time left: 300 sec this turn | 300 sec total\n|\n|t:|1783543258\n|move|p1a: Arceus|Calm Mind|p1a: Arceus\n|-boost|p1a: Arceus|spa|1\n|-boost|p1a: Arceus|spd|1\n|move|p2a: Vikavolt|Discharge|p1a: Arceus\n|-damage|p1a: Arceus|232/284\n|\n|upkeep\n|turn|3\n|inactive|Time left: 300 sec this turn | 300 sec total\n|\n|t:|1783543259\n|move|p1a: Arceus|Judgment|p2a: Vikavolt\n|-resisted|p2a: Vikavolt\n|-damage|p2a: Vikavolt|56/100\n|move|p2a: Vikavolt|Discharge|p1a: Arceus\n|-damage|p1a: Arceus|174/284\n|\n|upkeep\n|turn|4\n|inactive|Time left: 300 sec this turn | 300 sec total\n|\n|t:|1783543260\n|move|p1a: Arceus|Judgment|p2a: Vikavolt\n|-resisted|p2a: Vikavolt\n|-damage|p2a: Vikavolt|8/100\n|move|p2a: Vikavolt|Discharge|p1a: Arceus\n|-damage|p1a: Arceus|120/284\n|\n|upkeep\n|turn|5\n|inactive|Time left: 300 sec this turn | 300 sec total\n|\n|t:|1783543261\n|move|p1a: Arceus|Judgment|p2a: Vikavolt\n|-resisted|p2a: Vikavolt\n|-damage|p2a: Vikavolt|0 fnt\n|faint|p2a: Vikavolt\n|\n|upkeep\n|\n|t:|1783543262\n|switch|p2a: Swalot|Swalot, L90, F|100/100\n|turn|6\n|inactive|Time left: 300 sec this turn | 300 sec total\n|\n|t:|1783543263\n|move|p1a: Arceus|Recover|p1a: Arceus\n|-heal|p1a: Arceus|262/284\n|move|p2a: Swalot|Earthquake|p1a: Arceus\n|-supereffective|p1a: Arceus\n|-damage|p1a: Arceus|140/284\n|\n|upkeep\n|turn|7\n|inactive|Time left: 300 sec this turn | 300 sec total\n|\n|t:|1783543264\n|move|p1a: Arceus|Recover|p1a: Arceus\n|-heal|p1a: Arceus|282/284\n|move|p2a: Swalot|Earthquake|p1a: Arceus\n|-supereffective|p1a: Arceus\n|-damage|p1a: Arceus|146/284\n|\n|upkeep\n|turn|8\n|inactive|Time left: 300 sec this turn | 300 sec total\n|\n|t:|1783543265\n|move|p1a: Arceus|Judgment|p2a: Swalot\n|-damage|p2a: Swalot|39/100\n|move|p2a: Swalot|Earthquake|p1a: Arceus\n|-supereffective|p1a: Arceus\n|-damage|p1a: Arceus|22/284\n|\n|-heal|p2a: Swalot|45/100|[from] item: Leftovers\n|upkeep\n|turn|9\n|inactive|Time left: 300 sec this turn | 300 sec total\n|\n|t:|1783543266\n|switch|p2a: Stantler|Stantler, L92, M|100/100\n|-ability|p2a: Stantler|Intimidate|boost\n|-unboost|p1a: Arceus|atk|1\n|move|p1a: Arceus|Judgment|p2a: Stantler\n|-damage|p2a: Stantler|41/100\n|\n|upkeep\n|turn|10\n|inactive|Time left: 300 sec this turn | 300 sec total\n|\n|t:|1783543268\n|move|p1a: Arceus|Recover|p1a: Arceus\n|-heal|p1a: Arceus|164/284\n|move|p2a: Stantler|Shadow Ball|p1a: Arceus\n|-damage|p1a: Arceus|133/284\n|\n|upkeep\n|turn|11\n|inactive|Time left: 300 sec this turn | 300 sec total\n|\n|t:|1783543269\n|move|p1a: Arceus|Judgment|p2a: Stantler\n|-damage|p2a: Stantler|0 fnt\n|faint|p2a: Stantler\n|\n|upkeep\n|\n|t:|1783543270\n|switch|p2a: Noivern|Noivern, L82, F|100/100\n|turn|12\n|inactive|Time left: 300 sec this turn | 300 sec total\n|\n|t:|1783543271\n|move|p2a: Noivern|Hurricane|p1a: Arceus|[miss]\n|-miss|p2a: Noivern|p1a: Arceus\n|move|p1a: Arceus|Judgment|p2a: Noivern\n|-damage|p2a: Noivern|19/100\n|\n|upkeep\n|turn|13\n|inactive|Time left: 300 sec this turn | 300 sec total\n|\n|t:|1783543272\n|move|p2a: Noivern|Hurricane|p1a: Arceus|[miss]\n|-miss|p2a: Noivern|p1a: Arceus\n|move|p1a: Arceus|Judgment|p2a: Noivern\n|-damage|p2a: Noivern|0 fnt\n|faint|p2a: Noivern\n|\n|upkeep\n|\n|t:|1783543273\n|switch|p2a: Swalot|Swalot, L90, F|45/100\n|turn|14\n|inactive|Time left: 300 sec this turn | 300 sec total\n|\n|t:|1783543274\n|move|p1a: Arceus|Judgment|p2a: Swalot\n|-damage|p2a: Swalot|0 fnt\n|faint|p2a: Swalot\n|\n|upkeep\n|\n|t:|1783543275\n|switch|p2a: Pecharunt|Pecharunt, L77|100/100\n|turn|15\n|inactive|Time left: 300 sec this turn | 300 sec total\n|\n|t:|1783543276\n|move|p1a: Arceus|Judgment|p2a: Pecharunt\n|-damage|p2a: Pecharunt|11/100\n|move|p2a: Pecharunt|Nasty Plot|p2a: Pecharunt\n|-boost|p2a: Pecharunt|spa|2\n|\n|-heal|p2a: Pecharunt|17/100|[from] item: Leftovers\n|upkeep\n|turn|16\n|inactive|Time left: 300 sec this turn | 300 sec total\n|\n|t:|1783543277\n|move|p1a: Arceus|Judgment|p2a: Pecharunt\n|-damage|p2a: Pecharunt|0 fnt\n|faint|p2a: Pecharunt\n|\n|upkeep\n|\n|t:|1783543278\n|switch|p2a: Lokix|Lokix, L82, M|100/100\n|turn|17\n|inactive|Time left: 300 sec this turn | 300 sec total\n|\n|t:|1783543279\n|move|p2a: Lokix|Sucker Punch|p1a: Arceus\n|-damage|p1a: Arceus|46/284\n|-damage|p2a: Lokix|91/100|[from] item: Life Orb\n|move|p1a: Arceus|Judgment|p2a: Lokix\n|-damage|p2a: Lokix|0 fnt\n|faint|p2a: Lokix\n|\n|win|p0x3568fd8", "uploadtime": 1783543279, "views": 0, "rating": 0, "private": 0, "password": null, "_winner": "p0x3568fd8", "_our_name": "p0x3568fd8"}