{"id": "battle-gen9randombattle-2793", "formatid": "gen9randombattle", "format": "[Gen 9] Random Battle", "players": ["p0x2793e5f2", "p0y27932b82"], "log": "|init|battle\n|title|p0x2793e5f2 vs. p0y27932b82\n|j|\u2606p0x2793e5f2\n|j|\u2606p0y27932b82\n|t:|1783571188\n|gametype|singles\n|player|p1|p0x2793e5f2|101|\n|player|p2|p0y27932b82|101|\n|gen|9\n|tier|[Gen 9] Random Battle\n|rule|Species Clause: Limit one of each Pok\u00e9mon\n|rule|HP Percentage Mod: HP is shown in percentages\n|rule|Sleep Clause Mod: Limit one foe put to sleep\n|rule|Illusion Level Mod: Illusion disguises the Pok\u00e9mon's true level\n|\n|t:|1783571188\n|teamsize|p1|6\n|teamsize|p2|6\n|start\n|switch|p1a: Zebstrika|Zebstrika, L87, M|272/272\n|switch|p2a: Azumarill|Azumarill, L82, F|100/100\n|turn|1\n|inactive|Battle timer is ON: inactive players will automatically lose when time's up. (requested by p0y27932b82)\n|inactive|Time left: 300 sec this turn | 300 sec total | 60 sec grace\n|inactive|p0x2793e5f2 also wants the timer to be on.\n|\n|t:|1783571189\n|switch|p2a: Regidrago|Regidrago, L77|100/100\n|move|p1a: Zebstrika|Supercell Slam|p2a: Regidrago\n|-resisted|p2a: Regidrago\n|-damage|p2a: Regidrago|74/100\n|-damage|p1a: Zebstrika|245/272|[from] item: Life Orb\n|\n|upkeep\n|turn|2\n|inactive|Time left: 300 sec this turn | 300 sec total\n|\n|t:|1783571190\n|switch|p1a: Alcremie|Alcremie-Ruby-Cream, L90, F|263/263\n|move|p2a: Regidrago|Outrage|p1a: Alcremie\n|-immune|p1a: Alcremie\n|\n|upkeep\n|turn|3\n|inactive|Time left: 300 sec this turn | 300 sec total\n|\n|t:|1783571191\n|move|p2a: Regidrago|Outrage|p1a: Alcremie\n|-immune|p1a: Alcremie\n|move|p1a: Alcremie|Alluring Voice|p2a: Regidrago\n|-supereffective|p2a: Regidrago\n|-damage|p2a: Regidrago|0 fnt\n|faint|p2a: Regidrago\n|\n|upkeep\n|\n|t:|1783571191\n|switch|p2a: Azumarill|Azumarill, L82, F|100/100\n|turn|4\n|inactive|Time left: 300 sec this turn | 300 sec total\n|\n|t:|1783571192\n|move|p1a: Alcremie|Alluring Voice|p2a: Azumarill\n|-damage|p2a: Azumarill|57/100\n|move|p2a: Azumarill|Liquidation|p1a: Alcremie\n|-damage|p1a: Alcremie|101/263\n|\n|-heal|p1a: Alcremie|117/263|[from] item: Leftovers\n|upkeep\n|turn|5\n|inactive|Time left: 300 sec this turn | 300 sec total\n|\n|t:|1783571193\n|move|p1a: Alcremie|Alluring Voice|p2a: Azumarill\n|-damage|p2a: Azumarill|20/100\n|move|p2a: Azumarill|Liquidation|p1a: Alcremie\n|-damage|p1a: Alcremie|0 fnt\n|faint|p1a: Alcremie\n|\n|upkeep\n|inactive|Time left: 300 sec this turn | 300 sec total | 5 sec grace\n|\n|t:|1783571194\n|switch|p1a: Hitmontop|Hitmontop, L88, M|231/231\n|turn|6\n|inactive|Time left: 300 sec this turn | 300 sec total\n|\n|t:|1783571195\n|switch|p2a: Gholdengo|Gholdengo, L77|100/100\n|move|p1a: Hitmontop|Triple Axel|p2a: Gholdengo\n|-resisted|p2a: Gholdengo\n|-damage|p2a: Gholdengo|96/100\n|-resisted|p2a: Gholdengo\n|-damage|p2a: Gholdengo|86/100\n|-resisted|p2a: Gholdengo\n|-damage|p2a: Gholdengo|73/100\n|-hitcount|p2a: Gholdengo|3\n|\n|-heal|p2a: Gholdengo|79/100|[from] item: Leftovers\n|upkeep\n|turn|7\n|inactive|Time left: 300 sec this turn | 300 sec total\n|\n|t:|1783571196\n|move|p2a: Gholdengo|Nasty Plot|p2a: Gholdengo\n|-boost|p2a: Gholdengo|spa|2\n|move|p1a: Hitmontop|Bulk Up|p1a: Hitmontop\n|-boost|p1a: Hitmontop|atk|1\n|-boost|p1a: Hitmontop|def|1\n|\n|-heal|p2a: Gholdengo|85/100|[from] item: Leftovers\n|upkeep\n|turn|8\n|inactive|Time left: 300 sec this turn | 300 sec total\n|\n|t:|1783571197\n|move|p2a: Gholdengo|Shadow Ball|p1a: Hitmontop\n|-damage|p1a: Hitmontop|84/231\n|move|p1a: Hitmontop|Triple Axel|p2a: Gholdengo\n|-resisted|p2a: Gholdengo\n|-damage|p2a: Gholdengo|78/100\n|-resisted|p2a: Gholdengo\n|-damage|p2a: Gholdengo|65/100\n|-resisted|p2a: Gholdengo\n|-damage|p2a: Gholdengo|46/100\n|-hitcount|p2a: Gholdengo|3\n|\n|-heal|p2a: Gholdengo|52/100|[from] item: Leftovers\n|-heal|p1a: Hitmontop|98/231|[from] item: Leftovers\n|upkeep\n|turn|9\n|inactive|Time left: 300 sec this turn | 300 sec total\n|\n|t:|1783571198\n|switch|p1a: Zebstrika|Zebstrika, L87, M|245/272\n|move|p2a: Gholdengo|Shadow Ball|p1a: Zebstrika\n|-damage|p1a: Zebstrika|37/272\n|\n|-heal|p2a: Gholdengo|58/100|[from] item: Leftovers\n|upkeep\n|turn|10\n|inactive|Time left: 300 sec this turn | 300 sec total\n|\n|t:|1783571199\n|switch|p2a: Drifblim|Drifblim, L86, F|100/100\n|move|p1a: Zebstrika|Supercell Slam|p2a: Drifblim\n|-supereffective|p2a: Drifblim\n|-damage|p2a: Drifblim|0 fnt\n|faint|p2a: Drifblim\n|-damage|p1a: Zebstrika|10/272|[from] item: Life Orb\n|\n|upkeep\n|\n|t:|1783571200\n|switch|p2a: Azumarill|Azumarill, L82, F|20/100\n|turn|11\n|inactive|Time left: 300 sec this turn | 300 sec total\n|\n|t:|1783571201\n|move|p2a: Azumarill|Aqua Jet|p1a: Zebstrika\n|-damage|p1a: Zebstrika|0 fnt\n|faint|p1a: Zebstrika\n|\n|upkeep\n|inactive|Time left: 300 sec this turn | 300 sec total | 5 sec grace\n|\n|t:|1783571202\n|switch|p1a: Registeel|Registeel, L81|262/262\n|turn|12\n|inactive|Time left: 300 sec this turn | 300 sec total\n|\n|t:|1783571203\n|switch|p2a: Gholdengo|Gholdengo, L77|58/100\n|move|p1a: Registeel|Iron Defense|p1a: Registeel\n|-boost|p1a: Registeel|def|2\n|\n|-heal|p2a: Gholdengo|64/100|[from] item: Leftovers\n|upkeep\n|turn|13\n|inactive|Time left: 300 sec this turn | 300 sec total\n|\n|t:|1783571204\n|move|p2a: Gholdengo|Nasty Plot|p2a: Gholdengo\n|-boost|p2a: Gholdengo|spa|2\n|move|p1a: Registeel|Body Press|p2a: Gholdengo\n|-immune|p2a: Gholdengo\n|\n|-heal|p2a: Gholdengo|70/100|[from] item: Leftovers\n|upkeep\n|turn|14\n|inactive|Time left: 300 sec this turn | 300 sec total\n|\n|t:|1783571205\n|move|p2a: Gholdengo|Shadow Ball|p1a: Registeel\n|-damage|p1a: Registeel|150/262\n|move|p1a: Registeel|Iron Defense|p1a: Registeel\n|-boost|p1a: Registeel|def|2\n|\n|-heal|p2a: Gholdengo|76/100|[from] item: Leftovers\n|-heal|p1a: Registeel|166/262|[from] item: Leftovers\n|upkeep\n|turn|15\n|inactive|Time left: 300 sec this turn | 300 sec total\n|\n|t:|1783571207\n|move|p2a: Gholdengo|Shadow Ball|p1a: Registeel\n|-damage|p1a: Registeel|36/262\n|move|p1a: Registeel|Iron Head|p2a: Gholdengo\n|-resisted|p2a: Gholdengo\n|-damage|p2a: Gholdengo|64/100\n|\n|-heal|p2a: Gholdengo|70/100|[from] item: Leftovers\n|-heal|p1a: Registeel|52/262|[from] item: Leftovers\n|upkeep\n|turn|16\n|inactive|Time left: 300 sec this turn | 300 sec total\n|\n|t:|1783571208\n|move|p2a: Gholdengo|Shadow Ball|p1a: Registeel\n|-damage|p1a: Registeel|0 fnt\n|faint|p1a: Registeel\n|\n|-heal|p2a: Gholdengo|76/100|[from] item: Leftovers\n|upkeep\n|inactive|Time left: 300 sec this turn | 300 sec total | 5 sec grace\n|\n|t:|1783571209\n|switch|p1a: Iron Boulder|Iron Boulder, L77|265/265\n|-enditem|p1a: Iron Boulder|Booster Energy\n|-activate|p1a: Iron Boulder|ability: Quark Drive|[fromitem]\n|-start|p1a: Iron Boulder|quarkdrivespe\n|turn|17\n|inactive|Time left: 300 sec this turn | 300 sec total\n|\n|t:|1783571210\n|-terastallize|p1a: Iron Boulder|Fighting\n|move|p1a: Iron Boulder|Swords Dance|p1a: Iron Boulder\n|-boost|p1a: Iron Boulder|atk|2\n|move|p2a: Gholdengo|Shadow Ball|p1a: Iron Boulder\n|-damage|p1a: Iron Boulder|88/265\n|\n|-heal|p2a: Gholdengo|82/100|[from] item: Leftovers\n|upkeep\n|turn|18\n|inactive|Time left: 300 sec this turn | 300 sec total\n|\n|t:|1783571211\n|move|p1a: Iron Boulder|Zen Headbutt|p2a: Gholdengo\n|-resisted|p2a: Gholdengo\n|-damage|p2a: Gholdengo|51/100\n|move|p2a: Gholdengo|Shadow Ball|p1a: Iron Boulder\n|-damage|p1a: Iron Boulder|0 fnt\n|faint|p1a: Iron Boulder\n|-end|p1a: Iron Boulder|Quark Drive|[silent]\n|\n|-heal|p2a: Gholdengo|58/100|[from] item: Leftovers\n|upkeep\n|inactive|Time left: 300 sec this turn | 300 sec total | 5 sec grace\n|\n|t:|1783571212\n|switch|p1a: Illumise|Illumise, L91, F|266/266\n|turn|19\n|inactive|Time left: 300 sec this turn | 300 sec total\n|\n|t:|1783571213\n|-terastallize|p2a: Gholdengo|Steel\n|move|p1a: Illumise|Bug Buzz|p2a: Gholdengo\n|-resisted|p2a: Gholdengo\n|-damage|p2a: Gholdengo|40/100\n|move|p2a: Gholdengo|Make It Rain|p1a: Illumise\n|-damage|p1a: Illumise|0 fnt\n|-unboost|p2a: Gholdengo|spa|1\n|faint|p1a: Illumise\n|\n|-heal|p2a: Gholdengo|46/100|[from] item: Leftovers\n|upkeep\n|inactive|Time left: 300 sec this turn | 300 sec total | 5 sec grace\n|\n|t:|1783571214\n|switch|p1a: Hitmontop|Hitmontop, L88, M|98/231\n|turn|20\n|inactive|Time left: 300 sec this turn | 300 sec total\n|\n|t:|1783571215\n|move|p2a: Gholdengo|Shadow Ball|p1a: Hitmontop\n|-damage|p1a: Hitmontop|0 fnt\n|faint|p1a: Hitmontop\n|\n|win|p0y27932b82", "uploadtime": 1783571215, "views": 0, "rating": 0, "private": 0, "password": null, "_winner": "p0y27932b82", "_our_name": "p0x2793e5f2"}