{"id": "battle-gen9randombattle-1491", "formatid": "gen9randombattle", "format": "[Gen 9] Random Battle", "players": ["p0x1491b7a7", "p0y149194bb"], "log": "|init|battle\n|title|p0x1491b7a7 vs. p0y149194bb\n|j|\u2606p0x1491b7a7\n|j|\u2606p0y149194bb\n|t:|1783556444\n|gametype|singles\n|player|p1|p0x1491b7a7|169|\n|player|p2|p0y149194bb|266|\n|gen|9\n|tier|[Gen 9] Random Battle\n|rule|Species Clause: Limit one of each Pok\u00e9mon\n|rule|HP Percentage Mod: HP is shown in percentages\n|rule|Sleep Clause Mod: Limit one foe put to sleep\n|rule|Illusion Level Mod: Illusion disguises the Pok\u00e9mon's true level\n|\n|t:|1783556444\n|teamsize|p1|6\n|teamsize|p2|6\n|start\n|switch|p1a: Chi-Yu|Chi-Yu, L77|100/100\n|switch|p2a: Cresselia|Cresselia, L80, F|323/323\n|-ability|p1a: Chi-Yu|Beads of Ruin\n|turn|1\n|inactive|Battle timer is ON: inactive players will automatically lose when time's up. (requested by p0y149194bb)\n|inactive|p0x1491b7a7 also wants the timer to be on.\n|\n|t:|1783556445\n|move|p1a: Chi-Yu|Dark Pulse|p2a: Cresselia\n|-supereffective|p2a: Cresselia\n|-damage|p2a: Cresselia|23/323\n|move|p2a: Cresselia|Calm Mind|p2a: Cresselia\n|-boost|p2a: Cresselia|spa|1\n|-boost|p2a: Cresselia|spd|1\n|\n|-heal|p2a: Cresselia|43/323|[from] item: Leftovers\n|upkeep\n|turn|2\n|inactive|Time left: 300 sec this turn | 300 sec total\n|\n|t:|1783556446\n|switch|p2a: Tinkaton|Tinkaton, L82, F|274/274\n|-ability|p2a: Tinkaton|Mold Breaker\n|move|p1a: Chi-Yu|Dark Pulse|p2a: Tinkaton\n|-resisted|p2a: Tinkaton\n|-damage|p2a: Tinkaton|192/274\n|\n|-heal|p2a: Tinkaton|209/274|[from] item: Leftovers\n|upkeep\n|turn|3\n|inactive|Time left: 300 sec this turn | 300 sec total\n|\n|t:|1783556447\n|switch|p1a: Magcargo|Magcargo, L95, M|100/100\n|move|p2a: Tinkaton|Swords Dance|p2a: Tinkaton\n|-boost|p2a: Tinkaton|atk|2\n|\n|-heal|p2a: Tinkaton|226/274|[from] item: Leftovers\n|upkeep\n|turn|4\n|inactive|Time left: 300 sec this turn | 300 sec total\n|\n|t:|1783556449\n|move|p2a: Tinkaton|Gigaton Hammer|p1a: Magcargo\n|-damage|p1a: Magcargo|34/100\n|-ability|p1a: Magcargo|Weak Armor|boost\n|-unboost|p1a: Magcargo|def|1\n|-boost|p1a: Magcargo|spe|2\n|move|p1a: Magcargo|Fire Blast|p2a: Tinkaton\n|-supereffective|p2a: Tinkaton\n|-damage|p2a: Tinkaton|0 fnt\n|faint|p2a: Tinkaton\n|\n|upkeep\n|inactive|Time left: 300 sec this turn | 300 sec total | 5 sec grace\n|\n|t:|1783556449\n|switch|p2a: Hoopa|Hoopa-Unbound, L80|259/259\n|turn|5\n|inactive|Time left: 300 sec this turn | 300 sec total\n|\n|t:|1783556451\n|switch|p1a: Overqwil|Overqwil, L82, M|100/100\n|-ability|p1a: Overqwil|Intimidate|boost\n|-unboost|p2a: Hoopa|atk|1\n|move|p2a: Hoopa|Psychic|p1a: Overqwil\n|-immune|p1a: Overqwil\n|\n|upkeep\n|turn|6\n|inactive|Time left: 300 sec this turn | 300 sec total\n|\n|t:|1783556452\n|switch|p2a: Empoleon|Empoleon, L84, M|278/278\n|move|p1a: Overqwil|Crunch|p2a: Empoleon\n|-damage|p2a: Empoleon|133/278\n|\n|-heal|p2a: Empoleon|150/278|[from] item: Leftovers\n|upkeep\n|turn|7\n|inactive|Time left: 300 sec this turn | 300 sec total\n|\n|t:|1783556453\n|move|p1a: Overqwil|Crunch|p2a: Empoleon\n|-damage|p2a: Empoleon|14/278\n|move|p2a: Empoleon|Surf|p1a: Overqwil\n|-damage|p1a: Overqwil|54/100\n|\n|-heal|p2a: Empoleon|31/278|[from] item: Leftovers\n|upkeep\n|turn|8\n|inactive|Time left: 300 sec this turn | 300 sec total\n|\n|t:|1783556454\n|move|p1a: Overqwil|Crunch|p2a: Empoleon\n|-damage|p2a: Empoleon|0 fnt\n|faint|p2a: Empoleon\n|\n|upkeep\n|inactive|Time left: 300 sec this turn | 300 sec total | 5 sec grace\n|\n|t:|1783556455\n|switch|p2a: Altaria|Altaria, L89, F|278/278\n|turn|9\n|inactive|Time left: 300 sec this turn | 300 sec total\n|\n|t:|1783556456\n|move|p2a: Altaria|Dragon Dance|p2a: Altaria\n|-boost|p2a: Altaria|atk|1\n|-boost|p2a: Altaria|spe|1\n|move|p1a: Overqwil|Crunch|p2a: Altaria\n|-damage|p2a: Altaria|152/278\n|\n|upkeep\n|turn|10\n|inactive|Time left: 300 sec this turn | 300 sec total\n|\n|t:|1783556457\n|switch|p1a: Magcargo|Magcargo, L95, M|34/100\n|move|p2a: Altaria|Brave Bird|p1a: Magcargo\n|-resisted|p1a: Magcargo\n|-damage|p1a: Magcargo|14/100\n|-ability|p1a: Magcargo|Weak Armor|boost\n|-unboost|p1a: Magcargo|def|1\n|-boost|p1a: Magcargo|spe|2\n|-damage|p2a: Altaria|134/278|[from] Recoil\n|\n|upkeep\n|turn|11\n|inactive|Time left: 300 sec this turn | 300 sec total\n|\n|t:|1783556458\n|move|p2a: Altaria|Brave Bird|p1a: Magcargo\n|-resisted|p1a: Magcargo\n|-damage|p1a: Magcargo|0 fnt\n|faint|p1a: Magcargo\n|-damage|p2a: Altaria|122/278|[from] Recoil\n|\n|upkeep\n|\n|t:|1783556459\n|switch|p1a: Overqwil|Overqwil, L82, M|54/100\n|-ability|p1a: Overqwil|Intimidate|boost\n|-unboost|p2a: Altaria|atk|1\n|turn|12\n|inactive|Time left: 300 sec this turn | 300 sec total\n|\n|t:|1783556460\n|move|p2a: Altaria|Roost|p2a: Altaria\n|-heal|p2a: Altaria|261/278\n|-singleturn|p2a: Altaria|move: Roost\n|move|p1a: Overqwil|Crunch|p2a: Altaria\n|-damage|p2a: Altaria|140/278\n|\n|upkeep\n|turn|13\n|inactive|Time left: 300 sec this turn | 300 sec total\n|\n|t:|1783556461\n|move|p2a: Altaria|Roost|p2a: Altaria\n|-heal|p2a: Altaria|278/278\n|-singleturn|p2a: Altaria|move: Roost\n|move|p1a: Overqwil|Crunch|p2a: Altaria\n|-damage|p2a: Altaria|143/278\n|\n|upkeep\n|turn|14\n|inactive|Time left: 300 sec this turn | 300 sec total\n|\n|t:|1783556462\n|move|p2a: Altaria|Roost|p2a: Altaria\n|-heal|p2a: Altaria|278/278\n|-singleturn|p2a: Altaria|move: Roost\n|move|p1a: Overqwil|Crunch|p2a: Altaria\n|-damage|p2a: Altaria|148/278\n|\n|upkeep\n|turn|15\n|inactive|Time left: 300 sec this turn | 300 sec total\n|\n|t:|1783556462\n|move|p2a: Altaria|Earthquake|p1a: Overqwil\n|-supereffective|p1a: Overqwil\n|-damage|p1a: Overqwil|10/100\n|move|p1a: Overqwil|Crunch|p2a: Altaria\n|-damage|p2a: Altaria|15/278\n|-unboost|p2a: Altaria|def|1\n|\n|upkeep\n|turn|16\n|inactive|Time left: 300 sec this turn | 300 sec total\n|\n|t:|1783556463\n|move|p2a: Altaria|Earthquake|p1a: Overqwil\n|-supereffective|p1a: Overqwil\n|-damage|p1a: Overqwil|0 fnt\n|faint|p1a: Overqwil\n|\n|upkeep\n|\n|t:|1783556464\n|switch|p1a: Ogerpon|Ogerpon-Cornerstone, L76, F|100/100\n|turn|17\n|inactive|Time left: 300 sec this turn | 300 sec total\n|\n|t:|1783556465\n|move|p2a: Altaria|Roost|p2a: Altaria\n|-heal|p2a: Altaria|154/278\n|-singleturn|p2a: Altaria|move: Roost\n|move|p1a: Ogerpon|Ivy Cudgel|p2a: Altaria|[anim] Ivy Cudgel Rock\n|-damage|p2a: Altaria|0 fnt\n|faint|p2a: Altaria\n|\n|upkeep\n|inactive|Time left: 300 sec this turn | 300 sec total | 5 sec grace\n|\n|t:|1783556465\n|switch|p2a: Sceptile|Sceptile, L87, F|264/264\n|turn|18\n|inactive|Time left: 300 sec this turn | 300 sec total\n|\n|t:|1783556466\n|move|p2a: Sceptile|Focus Blast|p1a: Ogerpon\n|-supereffective|p1a: Ogerpon\n|-ability|p1a: Ogerpon|Sturdy\n|-damage|p1a: Ogerpon|1/100\n|-damage|p2a: Sceptile|238/264|[from] item: Life Orb\n|move|p1a: Ogerpon|Ivy Cudgel|p2a: Sceptile|[anim] Ivy Cudgel Rock\n|-damage|p2a: Sceptile|79/264\n|\n|upkeep\n|turn|19\n|inactive|Time left: 300 sec this turn | 300 sec total\n|\n|t:|1783556467\n|move|p2a: Sceptile|Earthquake|p1a: Ogerpon\n|-damage|p1a: Ogerpon|0 fnt\n|faint|p1a: Ogerpon\n|-damage|p2a: Sceptile|53/264|[from] item: Life Orb\n|\n|upkeep\n|\n|t:|1783556468\n|switch|p1a: Ribombee|Ribombee, L83, M|100/100\n|turn|20\n|inactive|Time left: 300 sec this turn | 300 sec total\n|\n|t:|1783556469\n|-terastallize|p2a: Sceptile|Grass\n|move|p2a: Sceptile|Leaf Storm|p1a: Ribombee\n|-resisted|p1a: Ribombee\n|-damage|p1a: Ribombee|0 fnt\n|-unboost|p2a: Sceptile|spa|2\n|faint|p1a: Ribombee\n|-damage|p2a: Sceptile|27/264|[from] item: Life Orb\n|\n|upkeep\n|\n|t:|1783556470\n|switch|p1a: Mienshao|Mienshao, L83, M|100/100\n|turn|21\n|inactive|Time left: 300 sec this turn | 300 sec total\n|\n|t:|1783556471\n|move|p2a: Sceptile|Leaf Storm|p1a: Mienshao\n|-damage|p1a: Mienshao|0 fnt\n|-unboost|p2a: Sceptile|spa|2\n|faint|p1a: Mienshao\n|-damage|p2a: Sceptile|1/264|[from] item: Life Orb\n|\n|upkeep\n|\n|t:|1783556472\n|switch|p1a: Chi-Yu|Chi-Yu, L77|100/100\n|-ability|p1a: Chi-Yu|Beads of Ruin\n|turn|22\n|inactive|Time left: 300 sec this turn | 300 sec total\n|\n|t:|1783556473\n|-terastallize|p1a: Chi-Yu|Dark\n|move|p2a: Sceptile|Earthquake|p1a: Chi-Yu\n|-damage|p1a: Chi-Yu|48/100\n|-damage|p2a: Sceptile|0 fnt|[from] item: Life Orb\n|faint|p2a: Sceptile\n|move|p1a: Chi-Yu|Dark Pulse|p2: Sceptile|[notarget]\n|-fail|p1a: Chi-Yu\n|\n|upkeep\n|inactive|Time left: 300 sec this turn | 300 sec total | 5 sec grace\n|\n|t:|1783556474\n|switch|p2a: Hoopa|Hoopa-Unbound, L80|259/259\n|turn|23\n|inactive|Time left: 300 sec this turn | 300 sec total\n|\n|t:|1783556475\n|switch|p2a: Cresselia|Cresselia, L80, F|43/323\n|move|p1a: Chi-Yu|Dark Pulse|p2a: Cresselia\n|-supereffective|p2a: Cresselia\n|-damage|p2a: Cresselia|0 fnt\n|faint|p2a: Cresselia\n|\n|upkeep\n|inactive|Time left: 300 sec this turn | 300 sec total | 5 sec grace\n|\n|t:|1783556476\n|switch|p2a: Hoopa|Hoopa-Unbound, L80|259/259\n|turn|24\n|inactive|Time left: 300 sec this turn | 300 sec total\n|\n|t:|1783556477\n|move|p1a: Chi-Yu|Dark Pulse|p2a: Hoopa\n|-damage|p2a: Hoopa|143/259\n|move|p2a: Hoopa|Gunk Shot|p1a: Chi-Yu|[miss]\n|-miss|p2a: Hoopa|p1a: Chi-Yu\n|\n|upkeep\n|turn|25\n|inactive|Time left: 300 sec this turn | 300 sec total\n|\n|t:|1783556477\n|move|p1a: Chi-Yu|Dark Pulse|p2a: Hoopa\n|-damage|p2a: Hoopa|9/259\n|move|p2a: Hoopa|Gunk Shot|p1a: Chi-Yu\n|-damage|p1a: Chi-Yu|0 fnt\n|faint|p1a: Chi-Yu\n|\n|win|p0y149194bb", "uploadtime": 1783556477, "views": 0, "rating": 0, "private": 0, "password": null, "_winner": "p0y149194bb", "_our_name": "p0y149194bb"}