{"id": "battle-gen9randombattle-2715", "formatid": "gen9randombattle", "format": "[Gen 9] Random Battle", "players": ["p0x2715d591", "p0y27154d18"], "log": "|init|battle\n|title|p0x2715d591 vs. p0y27154d18\n|j|\u2606p0x2715d591\n|j|\u2606p0y27154d18\n|t:|1783571289\n|gametype|singles\n|player|p1|p0x2715d591|2|\n|player|p2|p0y27154d18|102|\n|gen|9\n|tier|[Gen 9] Random Battle\n|rule|Species Clause: Limit one of each Pok\u00e9mon\n|rule|HP Percentage Mod: HP is shown in percentages\n|rule|Sleep Clause Mod: Limit one foe put to sleep\n|rule|Illusion Level Mod: Illusion disguises the Pok\u00e9mon's true level\n|\n|t:|1783571289\n|teamsize|p1|6\n|teamsize|p2|6\n|start\n|switch|p1a: Giratina|Giratina, L75|349/349\n|switch|p2a: Ting-Lu|Ting-Lu, L78|100/100\n|-ability|p1a: Giratina|Pressure\n|-ability|p2a: Ting-Lu|Vessel of Ruin\n|turn|1\n|inactive|Battle timer is ON: inactive players will automatically lose when time's up. (requested by p0y27154d18)\n|inactive|Time left: 300 sec this turn | 300 sec total | 60 sec grace\n|inactive|p0x2715d591 also wants the timer to be on.\n|\n|t:|1783571291\n|move|p1a: Giratina|Will-O-Wisp|p2a: Ting-Lu|[miss]\n|-miss|p1a: Giratina|p2a: Ting-Lu\n|move|p2a: Ting-Lu|Stealth Rock|p1a: Giratina\n|-sidestart|p1: p0x2715d591|move: Stealth Rock\n|\n|upkeep\n|turn|2\n|inactive|Time left: 300 sec this turn | 300 sec total\n|\n|t:|1783571292\n|move|p1a: Giratina|Will-O-Wisp|p2a: Ting-Lu\n|-status|p2a: Ting-Lu|brn\n|move|p2a: Ting-Lu|Spikes|p1a: Giratina\n|-sidestart|p1: p0x2715d591|Spikes\n|\n|-damage|p2a: Ting-Lu|94/100 brn|[from] brn\n|upkeep\n|turn|3\n|inactive|Time left: 300 sec this turn | 300 sec total\n|\n|t:|1783571293\n|move|p1a: Giratina|Defog|p2a: Ting-Lu\n|-unboost|p2a: Ting-Lu|evasion|1\n|-sideend|p1: p0x2715d591|Spikes|[from] move: Defog|[of] p1a: Giratina\n|-sideend|p1: p0x2715d591|Stealth Rock|[from] move: Defog|[of] p1a: Giratina\n|move|p2a: Ting-Lu|Spikes|p1a: Giratina\n|-sidestart|p1: p0x2715d591|Spikes\n|\n|-heal|p2a: Ting-Lu|100/100 brn|[from] item: Leftovers\n|-damage|p2a: Ting-Lu|94/100 brn|[from] brn\n|upkeep\n|turn|4\n|inactive|Time left: 300 sec this turn | 300 sec total\n|\n|t:|1783571294\n|move|p1a: Giratina|Defog|p2a: Ting-Lu\n|-unboost|p2a: Ting-Lu|evasion|1\n|-sideend|p1: p0x2715d591|Spikes|[from] move: Defog|[of] p1a: Giratina\n|move|p2a: Ting-Lu|Stealth Rock|p1a: Giratina\n|-sidestart|p1: p0x2715d591|move: Stealth Rock\n|\n|-heal|p2a: Ting-Lu|100/100 brn|[from] item: Leftovers\n|-damage|p2a: Ting-Lu|94/100 brn|[from] brn\n|upkeep\n|turn|5\n|inactive|Time left: 300 sec this turn | 300 sec total\n|\n|t:|1783571295\n|move|p1a: Giratina|Defog|p2a: Ting-Lu\n|-unboost|p2a: Ting-Lu|evasion|1\n|-sideend|p1: p0x2715d591|Stealth Rock|[from] move: Defog|[of] p1a: Giratina\n|move|p2a: Ting-Lu|Spikes|p1a: Giratina\n|-sidestart|p1: p0x2715d591|Spikes\n|\n|-heal|p2a: Ting-Lu|100/100 brn|[from] item: Leftovers\n|-damage|p2a: Ting-Lu|94/100 brn|[from] brn\n|upkeep\n|turn|6\n|inactive|Time left: 300 sec this turn | 300 sec total\n|\n|t:|1783571296\n|move|p1a: Giratina|Defog|p2a: Ting-Lu\n|-unboost|p2a: Ting-Lu|evasion|1\n|-sideend|p1: p0x2715d591|Spikes|[from] move: Defog|[of] p1a: Giratina\n|move|p2a: Ting-Lu|Stealth Rock|p1a: Giratina\n|-sidestart|p1: p0x2715d591|move: Stealth Rock\n|\n|-heal|p2a: Ting-Lu|100/100 brn|[from] item: Leftovers\n|-damage|p2a: Ting-Lu|94/100 brn|[from] brn\n|upkeep\n|turn|7\n|inactive|Time left: 300 sec this turn | 300 sec total\n|\n|t:|1783571297\n|move|p1a: Giratina|Defog|p2a: Ting-Lu\n|-unboost|p2a: Ting-Lu|evasion|1\n|-sideend|p1: p0x2715d591|Stealth Rock|[from] move: Defog|[of] p1a: Giratina\n|move|p2a: Ting-Lu|Spikes|p1a: Giratina\n|-sidestart|p1: p0x2715d591|Spikes\n|\n|-heal|p2a: Ting-Lu|100/100 brn|[from] item: Leftovers\n|-damage|p2a: Ting-Lu|94/100 brn|[from] brn\n|upkeep\n|turn|8\n|inactive|Time left: 300 sec this turn | 300 sec total\n|\n|t:|1783571298\n|move|p1a: Giratina|Defog|p2a: Ting-Lu\n|-unboost|p2a: Ting-Lu|evasion|1\n|-sideend|p1: p0x2715d591|Spikes|[from] move: Defog|[of] p1a: Giratina\n|move|p2a: Ting-Lu|Stealth Rock|p1a: Giratina\n|-sidestart|p1: p0x2715d591|move: Stealth Rock\n|\n|-heal|p2a: Ting-Lu|100/100 brn|[from] item: Leftovers\n|-damage|p2a: Ting-Lu|94/100 brn|[from] brn\n|upkeep\n|turn|9\n|inactive|Time left: 300 sec this turn | 300 sec total\n|\n|t:|1783571299\n|move|p1a: Giratina|Defog|p2a: Ting-Lu\n|-unboost|p2a: Ting-Lu|evasion|0\n|-sideend|p1: p0x2715d591|Stealth Rock|[from] move: Defog|[of] p1a: Giratina\n|move|p2a: Ting-Lu|Spikes|p1a: Giratina\n|-sidestart|p1: p0x2715d591|Spikes\n|\n|-heal|p2a: Ting-Lu|100/100 brn|[from] item: Leftovers\n|-damage|p2a: Ting-Lu|94/100 brn|[from] brn\n|upkeep\n|turn|10\n|inactive|Time left: 300 sec this turn | 300 sec total\n|\n|t:|1783571300\n|move|p1a: Giratina|Defog|p2a: Ting-Lu\n|-unboost|p2a: Ting-Lu|evasion|0\n|-sideend|p1: p0x2715d591|Spikes|[from] move: Defog|[of] p1a: Giratina\n|move|p2a: Ting-Lu|Stealth Rock|p1a: Giratina\n|-sidestart|p1: p0x2715d591|move: Stealth Rock\n|\n|-heal|p2a: Ting-Lu|100/100 brn|[from] item: Leftovers\n|-damage|p2a: Ting-Lu|94/100 brn|[from] brn\n|upkeep\n|turn|11\n|inactive|Time left: 300 sec this turn | 300 sec total\n|\n|t:|1783571301\n|move|p1a: Giratina|Defog|p2a: Ting-Lu\n|-unboost|p2a: Ting-Lu|evasion|0\n|-sideend|p1: p0x2715d591|Stealth Rock|[from] move: Defog|[of] p1a: Giratina\n|move|p2a: Ting-Lu|Spikes|p1a: Giratina\n|-sidestart|p1: p0x2715d591|Spikes\n|\n|-heal|p2a: Ting-Lu|100/100 brn|[from] item: Leftovers\n|-damage|p2a: Ting-Lu|94/100 brn|[from] brn\n|upkeep\n|turn|12\n|inactive|Time left: 300 sec this turn | 300 sec total\n|\n|t:|1783571302\n|move|p1a: Giratina|Defog|p2a: Ting-Lu\n|-unboost|p2a: Ting-Lu|evasion|0\n|-sideend|p1: p0x2715d591|Spikes|[from] move: Defog|[of] p1a: Giratina\n|move|p2a: Ting-Lu|Stealth Rock|p1a: Giratina\n|-sidestart|p1: p0x2715d591|move: Stealth Rock\n|\n|-heal|p2a: Ting-Lu|100/100 brn|[from] item: Leftovers\n|-damage|p2a: Ting-Lu|94/100 brn|[from] brn\n|upkeep\n|turn|13\n|inactive|Time left: 300 sec this turn | 300 sec total\n|\n|t:|1783571303\n|move|p1a: Giratina|Defog|p2a: Ting-Lu\n|-unboost|p2a: Ting-Lu|evasion|0\n|-sideend|p1: p0x2715d591|Stealth Rock|[from] move: Defog|[of] p1a: Giratina\n|move|p2a: Ting-Lu|Spikes|p1a: Giratina\n|-sidestart|p1: p0x2715d591|Spikes\n|\n|-heal|p2a: Ting-Lu|100/100 brn|[from] item: Leftovers\n|-damage|p2a: Ting-Lu|94/100 brn|[from] brn\n|upkeep\n|turn|14\n|inactive|Time left: 300 sec this turn | 300 sec total\n|\n|t:|1783571304\n|move|p1a: Giratina|Defog|p2a: Ting-Lu\n|-unboost|p2a: Ting-Lu|evasion|0\n|-sideend|p1: p0x2715d591|Spikes|[from] move: Defog|[of] p1a: Giratina\n|move|p2a: Ting-Lu|Stealth Rock|p1a: Giratina\n|-sidestart|p1: p0x2715d591|move: Stealth Rock\n|\n|-heal|p2a: Ting-Lu|100/100 brn|[from] item: Leftovers\n|-damage|p2a: Ting-Lu|94/100 brn|[from] brn\n|upkeep\n|turn|15\n|inactive|Time left: 300 sec this turn | 300 sec total\n|\n|t:|1783571305\n|move|p1a: Giratina|Defog|p2a: Ting-Lu\n|-unboost|p2a: Ting-Lu|evasion|0\n|-sideend|p1: p0x2715d591|Stealth Rock|[from] move: Defog|[of] p1a: Giratina\n|move|p2a: Ting-Lu|Spikes|p1a: Giratina\n|-sidestart|p1: p0x2715d591|Spikes\n|\n|-heal|p2a: Ting-Lu|100/100 brn|[from] item: Leftovers\n|-damage|p2a: Ting-Lu|94/100 brn|[from] brn\n|upkeep\n|turn|16\n|inactive|Time left: 300 sec this turn | 300 sec total\n|\n|t:|1783571306\n|move|p1a: Giratina|Defog|p2a: Ting-Lu\n|-unboost|p2a: Ting-Lu|evasion|0\n|-sideend|p1: p0x2715d591|Spikes|[from] move: Defog|[of] p1a: Giratina\n|move|p2a: Ting-Lu|Stealth Rock|p1a: Giratina\n|-sidestart|p1: p0x2715d591|move: Stealth Rock\n|\n|-heal|p2a: Ting-Lu|100/100 brn|[from] item: Leftovers\n|-damage|p2a: Ting-Lu|94/100 brn|[from] brn\n|upkeep\n|turn|17\n|inactive|Time left: 300 sec this turn | 300 sec total\n|\n|t:|1783571307\n|move|p1a: Giratina|Defog|p2a: Ting-Lu\n|-unboost|p2a: Ting-Lu|evasion|0\n|-sideend|p1: p0x2715d591|Stealth Rock|[from] move: Defog|[of] p1a: Giratina\n|move|p2a: Ting-Lu|Spikes|p1a: Giratina\n|-sidestart|p1: p0x2715d591|Spikes\n|\n|-heal|p2a: Ting-Lu|100/100 brn|[from] item: Leftovers\n|-damage|p2a: Ting-Lu|94/100 brn|[from] brn\n|upkeep\n|turn|18\n|inactive|Time left: 300 sec this turn | 300 sec total\n|\n|t:|1783571308\n|move|p1a: Giratina|Defog|p2a: Ting-Lu\n|-unboost|p2a: Ting-Lu|evasion|0\n|-sideend|p1: p0x2715d591|Spikes|[from] move: Defog|[of] p1a: Giratina\n|move|p2a: Ting-Lu|Stealth Rock|p1a: Giratina\n|-sidestart|p1: p0x2715d591|move: Stealth Rock\n|\n|-heal|p2a: Ting-Lu|100/100 brn|[from] item: Leftovers\n|-damage|p2a: Ting-Lu|94/100 brn|[from] brn\n|upkeep\n|turn|19\n|inactive|Time left: 300 sec this turn | 300 sec total\n|\n|t:|1783571309\n|move|p1a: Giratina|Defog|p2a: Ting-Lu\n|-unboost|p2a: Ting-Lu|evasion|0\n|-sideend|p1: p0x2715d591|Stealth Rock|[from] move: Defog|[of] p1a: Giratina\n|move|p2a: Ting-Lu|Spikes|p1a: Giratina\n|-sidestart|p1: p0x2715d591|Spikes\n|\n|-heal|p2a: Ting-Lu|100/100 brn|[from] item: Leftovers\n|-damage|p2a: Ting-Lu|94/100 brn|[from] brn\n|upkeep\n|turn|20\n|inactive|Time left: 300 sec this turn | 300 sec total\n|\n|t:|1783571310\n|move|p1a: Giratina|Defog|p2a: Ting-Lu\n|-unboost|p2a: Ting-Lu|evasion|0\n|-sideend|p1: p0x2715d591|Spikes|[from] move: Defog|[of] p1a: Giratina\n|move|p2a: Ting-Lu|Stealth Rock|p1a: Giratina\n|-sidestart|p1: p0x2715d591|move: Stealth Rock\n|\n|-heal|p2a: Ting-Lu|100/100 brn|[from] item: Leftovers\n|-damage|p2a: Ting-Lu|94/100 brn|[from] brn\n|upkeep\n|turn|21\n|inactive|Time left: 300 sec this turn | 300 sec total\n|\n|t:|1783571310\n|move|p1a: Giratina|Defog|p2a: Ting-Lu\n|-unboost|p2a: Ting-Lu|evasion|0\n|-sideend|p1: p0x2715d591|Stealth Rock|[from] move: Defog|[of] p1a: Giratina\n|move|p2a: Ting-Lu|Spikes|p1a: Giratina\n|-sidestart|p1: p0x2715d591|Spikes\n|\n|-heal|p2a: Ting-Lu|100/100 brn|[from] item: Leftovers\n|-damage|p2a: Ting-Lu|94/100 brn|[from] brn\n|upkeep\n|turn|22\n|inactive|Time left: 300 sec this turn | 300 sec total\n|\n|t:|1783571311\n|move|p1a: Giratina|Defog|p2a: Ting-Lu\n|-unboost|p2a: Ting-Lu|evasion|0\n|-sideend|p1: p0x2715d591|Spikes|[from] move: Defog|[of] p1a: Giratina\n|move|p2a: Ting-Lu|Stealth Rock|p1a: Giratina\n|-sidestart|p1: p0x2715d591|move: Stealth Rock\n|\n|-heal|p2a: Ting-Lu|100/100 brn|[from] item: Leftovers\n|-damage|p2a: Ting-Lu|94/100 brn|[from] brn\n|upkeep\n|turn|23\n|inactive|Time left: 300 sec this turn | 300 sec total\n|\n|t:|1783571312\n|move|p1a: Giratina|Defog|p2a: Ting-Lu\n|-unboost|p2a: Ting-Lu|evasion|0\n|-sideend|p1: p0x2715d591|Stealth Rock|[from] move: Defog|[of] p1a: Giratina\n|move|p2a: Ting-Lu|Spikes|p1a: Giratina\n|-sidestart|p1: p0x2715d591|Spikes\n|\n|-heal|p2a: Ting-Lu|100/100 brn|[from] item: Leftovers\n|-damage|p2a: Ting-Lu|94/100 brn|[from] brn\n|upkeep\n|turn|24\n|inactive|Time left: 300 sec this turn | 300 sec total\n|\n|t:|1783571313\n|move|p1a: Giratina|Defog|p2a: Ting-Lu\n|-unboost|p2a: Ting-Lu|evasion|0\n|-sideend|p1: p0x2715d591|Spikes|[from] move: Defog|[of] p1a: Giratina\n|move|p2a: Ting-Lu|Stealth Rock|p1a: Giratina\n|-sidestart|p1: p0x2715d591|move: Stealth Rock\n|\n|-heal|p2a: Ting-Lu|100/100 brn|[from] item: Leftovers\n|-damage|p2a: Ting-Lu|94/100 brn|[from] brn\n|upkeep\n|turn|25\n|inactive|Time left: 300 sec this turn | 300 sec total\n|\n|t:|1783571314\n|move|p1a: Giratina|Defog|p2a: Ting-Lu\n|-unboost|p2a: Ting-Lu|evasion|0\n|-sideend|p1: p0x2715d591|Stealth Rock|[from] move: Defog|[of] p1a: Giratina\n|move|p2a: Ting-Lu|Spikes|p1a: Giratina\n|-sidestart|p1: p0x2715d591|Spikes\n|\n|-heal|p2a: Ting-Lu|100/100 brn|[from] item: Leftovers\n|-damage|p2a: Ting-Lu|94/100 brn|[from] brn\n|upkeep\n|turn|26\n|inactive|Time left: 300 sec this turn | 300 sec total\n|\n|t:|1783571315\n|move|p1a: Giratina|Defog|p2a: Ting-Lu\n|-unboost|p2a: Ting-Lu|evasion|0\n|-sideend|p1: p0x2715d591|Spikes|[from] move: Defog|[of] p1a: Giratina\n|move|p2a: Ting-Lu|Stealth Rock|p1a: Giratina\n|-sidestart|p1: p0x2715d591|move: Stealth Rock\n|\n|-heal|p2a: Ting-Lu|100/100 brn|[from] item: Leftovers\n|-damage|p2a: Ting-Lu|94/100 brn|[from] brn\n|upkeep\n|turn|27\n|inactive|Time left: 300 sec this turn | 300 sec total\n|\n|t:|1783571316\n|switch|p1a: Rotom|Rotom-Fan, L86|226/226\n|move|p2a: Ting-Lu|Spikes|p1a: Rotom\n|-sidestart|p1: p0x2715d591|Spikes\n|\n|-heal|p2a: Ting-Lu|100/100 brn|[from] item: Leftovers\n|-damage|p2a: Ting-Lu|94/100 brn|[from] brn\n|upkeep\n|turn|28\n|inactive|Time left: 300 sec this turn | 300 sec total\n|\n|t:|1783571317\n|move|p1a: Rotom|Nasty Plot|p1a: Rotom\n|-boost|p1a: Rotom|spa|2\n|move|p2a: Ting-Lu|Spikes|p1a: Rotom\n|-sidestart|p1: p0x2715d591|Spikes\n|\n|-heal|p2a: Ting-Lu|100/100 brn|[from] item: Leftovers\n|-damage|p2a: Ting-Lu|94/100 brn|[from] brn\n|upkeep\n|turn|29\n|inactive|Time left: 300 sec this turn | 300 sec total\n|\n|t:|1783571318\n|move|p1a: Rotom|Air Slash|p2a: Ting-Lu\n|-damage|p2a: Ting-Lu|56/100 brn\n|move|p2a: Ting-Lu|Spikes|p1a: Rotom\n|-sidestart|p1: p0x2715d591|Spikes\n|\n|-heal|p2a: Ting-Lu|62/100 brn|[from] item: Leftovers\n|-damage|p2a: Ting-Lu|56/100 brn|[from] brn\n|upkeep\n|turn|30\n|inactive|Time left: 300 sec this turn | 300 sec total\n|\n|t:|1783571318\n|move|p1a: Rotom|Nasty Plot|p1a: Rotom\n|-boost|p1a: Rotom|spa|2\n|move|p2a: Ting-Lu|Throat Chop|p1a: Rotom\n|-damage|p1a: Rotom|193/226\n|-start|p1a: Rotom|Throat Chop|[silent]\n|\n|-heal|p2a: Ting-Lu|62/100 brn|[from] item: Leftovers\n|-damage|p2a: Ting-Lu|56/100 brn|[from] brn\n|upkeep\n|turn|31\n|inactive|Time left: 300 sec this turn | 300 sec total\n|\n|t:|1783571319\n|move|p1a: Rotom|Air Slash|p2a: Ting-Lu\n|-damage|p2a: Ting-Lu|0 fnt\n|faint|p2a: Ting-Lu\n|\n|-end|p1a: Rotom|Throat Chop|[silent]\n|upkeep\n|\n|t:|1783571320\n|switch|p2a: Charizard|Charizard, L85, M|100/100\n|turn|32\n|inactive|Time left: 300 sec this turn | 300 sec total\n|\n|t:|1783571321\n|-terastallize|p2a: Charizard|Dragon\n|move|p2a: Charizard|Outrage|p1a: Rotom\n|-damage|p1a: Rotom|93/226\n|move|p1a: Rotom|Air Slash|p2a: Charizard\n|-damage|p2a: Charizard|7/100\n|\n|upkeep\n|turn|33\n|inactive|Time left: 300 sec this turn | 300 sec total\n|\n|t:|1783571323\n|-terastallize|p1a: Rotom|Steel\n|move|p2a: Charizard|Outrage|p1a: Rotom|[from] lockedmove\n|-resisted|p1a: Rotom\n|-damage|p1a: Rotom|46/226\n|-start|p2a: Charizard|confusion|[fatigue]\n|move|p1a: Rotom|Thunderbolt|p2a: Charizard\n|-resisted|p2a: Charizard\n|-damage|p2a: Charizard|0 fnt\n|faint|p2a: Charizard\n|\n|upkeep\n|\n|t:|1783571324\n|switch|p2a: Misdreavus|Misdreavus, L90, F|100/100\n|turn|34\n|inactive|Time left: 300 sec this turn | 300 sec total\n|\n|t:|1783571325\n|move|p2a: Misdreavus|Shadow Ball|p1a: Rotom\n|-damage|p1a: Rotom|0 fnt\n|faint|p1a: Rotom\n|\n|upkeep\n|inactive|Time left: 300 sec this turn | 300 sec total | 5 sec grace\n|\n|t:|1783571326\n|switch|p1a: Volcarona|Volcarona, L77, M|257/257\n|turn|35\n|inactive|Time left: 300 sec this turn | 300 sec total\n|\n|t:|1783571327\n|move|p2a: Misdreavus|Calm Mind|p2a: Misdreavus\n|-boost|p2a: Misdreavus|spa|1\n|-boost|p2a: Misdreavus|spd|1\n|move|p1a: Volcarona|Quiver Dance|p1a: Volcarona\n|-boost|p1a: Volcarona|spa|1\n|-boost|p1a: Volcarona|spd|1\n|-boost|p1a: Volcarona|spe|1\n|\n|upkeep\n|turn|36\n|inactive|Time left: 300 sec this turn | 300 sec total\n|\n|t:|1783571328\n|move|p1a: Volcarona|Quiver Dance|p1a: Volcarona\n|-boost|p1a: Volcarona|spa|1\n|-boost|p1a: Volcarona|spd|1\n|-boost|p1a: Volcarona|spe|1\n|move|p2a: Misdreavus|Calm Mind|p2a: Misdreavus\n|-boost|p2a: Misdreavus|spa|1\n|-boost|p2a: Misdreavus|spd|1\n|\n|upkeep\n|turn|37\n|inactive|Time left: 300 sec this turn | 300 sec total\n|\n|t:|1783571329\n|move|p1a: Volcarona|Quiver Dance|p1a: Volcarona\n|-boost|p1a: Volcarona|spa|1\n|-boost|p1a: Volcarona|spd|1\n|-boost|p1a: Volcarona|spe|1\n|move|p2a: Misdreavus|Shadow Ball|p1a: Volcarona\n|-damage|p1a: Volcarona|188/257\n|\n|upkeep\n|turn|38\n|inactive|Time left: 300 sec this turn | 300 sec total\n|\n|t:|1783571330\n|move|p1a: Volcarona|Fire Blast|p2a: Misdreavus\n|-damage|p2a: Misdreavus|59/100\n|move|p2a: Misdreavus|Calm Mind|p2a: Misdreavus\n|-boost|p2a: Misdreavus|spa|1\n|-boost|p2a: Misdreavus|spd|1\n|\n|upkeep\n|turn|39\n|inactive|Time left: 300 sec this turn | 300 sec total\n|\n|t:|1783571331\n|move|p1a: Volcarona|Fire Blast|p2a: Misdreavus|[miss]\n|-miss|p1a: Volcarona|p2a: Misdreavus\n|move|p2a: Misdreavus|Shadow Ball|p1a: Volcarona\n|-damage|p1a: Volcarona|103/257\n|\n|upkeep\n|turn|40\n|inactive|Time left: 300 sec this turn | 300 sec total\n|\n|t:|1783571332\n|move|p1a: Volcarona|Fire Blast|p2a: Misdreavus\n|-damage|p2a: Misdreavus|26/100\n|move|p2a: Misdreavus|Shadow Ball|p1a: Volcarona\n|-damage|p1a: Volcarona|24/257\n|-unboost|p1a: Volcarona|spd|1\n|\n|upkeep\n|turn|41\n|inactive|Time left: 300 sec this turn | 300 sec total\n|\n|t:|1783571333\n|move|p1a: Volcarona|Fire Blast|p2a: Misdreavus\n|-damage|p2a: Misdreavus|0 fnt\n|faint|p2a: Misdreavus\n|\n|upkeep\n|\n|t:|1783571334\n|switch|p2a: Okidogi|Okidogi, L77, M|100/100\n|turn|42\n|inactive|Time left: 300 sec this turn | 300 sec total\n|\n|t:|1783571335\n|move|p1a: Volcarona|Fire Blast|p2a: Okidogi\n|-damage|p2a: Okidogi|11/100\n|move|p2a: Okidogi|Knock Off|p1a: Volcarona\n|-damage|p1a: Volcarona|0 fnt\n|-enditem|p1a: Volcarona|Heavy-Duty Boots|[from] move: Knock Off|[of] p2a: Okidogi\n|faint|p1a: Volcarona\n|\n|upkeep\n|inactive|Time left: 300 sec this turn | 300 sec total | 5 sec grace\n|\n|t:|1783571336\n|switch|p1a: Giratina|Giratina, L75|349/349\n|-damage|p1a: Giratina|306/349|[from] Stealth Rock\n|-damage|p1a: Giratina|219/349|[from] Spikes\n|-ability|p1a: Giratina|Pressure\n|turn|43\n|inactive|Time left: 300 sec this turn | 300 sec total\n|\n|t:|1783571337\n|switch|p2a: Venusaur|Venusaur, L84, M|100/100\n|move|p1a: Giratina|Shadow Ball|p2a: Venusaur\n|-damage|p2a: Venusaur|78/100\n|\n|-heal|p2a: Venusaur|84/100|[from] item: Leftovers\n|-heal|p1a: Giratina|240/349|[from] item: Leftovers\n|upkeep\n|turn|44\n|inactive|Time left: 300 sec this turn | 300 sec total\n|\n|t:|1783571338\n|move|p2a: Venusaur|Leech Seed|p1a: Giratina\n|-start|p1a: Giratina|move: Leech Seed\n|move|p1a: Giratina|Shadow Ball|p2a: Venusaur\n|-damage|p2a: Venusaur|62/100\n|\n|-heal|p2a: Venusaur|69/100|[from] item: Leftovers\n|-heal|p1a: Giratina|261/349|[from] item: Leftovers\n|-damage|p1a: Giratina|218/349|[from] Leech Seed|[of] p2a: Venusaur\n|-heal|p2a: Venusaur|84/100|[silent]\n|upkeep\n|turn|45\n|inactive|Time left: 300 sec this turn | 300 sec total\n|\n|t:|1783571339\n|move|p2a: Venusaur|Sleep Powder|p1a: Giratina\n|-status|p1a: Giratina|slp|[from] move: Sleep Powder\n|cant|p1a: Giratina|slp\n|\n|-heal|p2a: Venusaur|91/100|[from] item: Leftovers\n|-heal|p1a: Giratina|239/349 slp|[from] item: Leftovers\n|-damage|p1a: Giratina|196/349 slp|[from] Leech Seed|[of] p2a: Venusaur\n|-heal|p2a: Venusaur|100/100|[silent]\n|upkeep\n|turn|46\n|inactive|Time left: 300 sec this turn | 300 sec total\n|\n|t:|1783571340\n|move|p2a: Venusaur|Sludge Bomb|p1a: Giratina\n|-resisted|p1a: Giratina\n|-damage|p1a: Giratina|151/349 slp\n|cant|p1a: Giratina|slp\n|\n|-heal|p1a: Giratina|172/349 slp|[from] item: Leftovers\n|-damage|p1a: Giratina|129/349 slp|[from] Leech Seed|[of] p2a: Venusaur\n|upkeep\n|turn|47\n|inactive|Time left: 300 sec this turn | 300 sec total\n|\n|t:|1783571342\n|move|p2a: Venusaur|Substitute|p2a: Venusaur\n|-start|p2a: Venusaur|Substitute\n|-damage|p2a: Venusaur|75/100\n|-curestatus|p1a: Giratina|slp|[msg]\n|move|p1a: Giratina|Shadow Ball|p2a: Venusaur\n|-end|p2a: Venusaur|Substitute\n|\n|-heal|p2a: Venusaur|82/100|[from] item: Leftovers\n|-heal|p1a: Giratina|150/349|[from] item: Leftovers\n|-damage|p1a: Giratina|107/349|[from] Leech Seed|[of] p2a: Venusaur\n|-heal|p2a: Venusaur|98/100|[silent]\n|upkeep\n|turn|48\n|inactive|Time left: 300 sec this turn | 300 sec total\n|\n|t:|1783571343\n|move|p2a: Venusaur|Substitute|p2a: Venusaur\n|-start|p2a: Venusaur|Substitute\n|-damage|p2a: Venusaur|73/100\n|move|p1a: Giratina|Shadow Ball|p2a: Venusaur\n|-activate|p2a: Venusaur|move: Substitute|[damage]\n|\n|-heal|p2a: Venusaur|79/100|[from] item: Leftovers\n|-heal|p1a: Giratina|128/349|[from] item: Leftovers\n|-damage|p1a: Giratina|85/349|[from] Leech Seed|[of] p2a: Venusaur\n|-heal|p2a: Venusaur|95/100|[silent]\n|upkeep\n|turn|49\n|inactive|Time left: 300 sec this turn | 300 sec total\n|\n|t:|1783571344\n|move|p2a: Venusaur|Sludge Bomb|p1a: Giratina\n|-resisted|p1a: Giratina\n|-damage|p1a: Giratina|39/349\n|move|p1a: Giratina|Rest|p1a: Giratina\n|-status|p1a: Giratina|slp|[from] move: Rest\n|-heal|p1a: Giratina|349/349 slp|[silent]\n|\n|-heal|p2a: Venusaur|100/100|[from] item: Leftovers\n|-damage|p1a: Giratina|306/349 slp|[from] Leech Seed|[of] p2a: Venusaur\n|upkeep\n|turn|50\n|inactive|Time left: 300 sec this turn | 300 sec total\n|\n|t:|1783571345\n|move|p2a: Venusaur|Sludge Bomb|p1a: Giratina\n|-resisted|p1a: Giratina\n|-damage|p1a: Giratina|267/349 slp\n|cant|p1a: Giratina|slp\n|\n|-heal|p1a: Giratina|288/349 slp|[from] item: Leftovers\n|-damage|p1a: Giratina|245/349 slp|[from] Leech Seed|[of] p2a: Venusaur\n|upkeep\n|turn|51\n|inactive|Time left: 300 sec this turn | 300 sec total\n|\n|t:|1783571346\n|move|p2a: Venusaur|Sludge Bomb|p1a: Giratina\n|-resisted|p1a: Giratina\n|-damage|p1a: Giratina|200/349 slp\n|cant|p1a: Giratina|slp\n|\n|-heal|p1a: Giratina|221/349 slp|[from] item: Leftovers\n|-damage|p1a: Giratina|178/349 slp|[from] Leech Seed|[of] p2a: Venusaur\n|upkeep\n|turn|52\n|inactive|Time left: 300 sec this turn | 300 sec total\n|\n|t:|1783571347\n|move|p2a: Venusaur|Sludge Bomb|p1a: Giratina\n|-resisted|p1a: Giratina\n|-damage|p1a: Giratina|138/349 slp\n|-curestatus|p1a: Giratina|slp|[msg]\n|move|p1a: Giratina|Rest|p1a: Giratina\n|-status|p1a: Giratina|slp|[from] move: Rest\n|-heal|p1a: Giratina|349/349 slp|[silent]\n|\n|-damage|p1a: Giratina|306/349 slp|[from] Leech Seed|[of] p2a: Venusaur\n|upkeep\n|turn|53\n|inactive|Time left: 300 sec this turn | 300 sec total\n|\n|t:|1783571348\n|move|p2a: Venusaur|Sludge Bomb|p1a: Giratina\n|-resisted|p1a: Giratina\n|-damage|p1a: Giratina|267/349 slp\n|cant|p1a: Giratina|slp\n|\n|-heal|p1a: Giratina|288/349 slp|[from] item: Leftovers\n|-damage|p1a: Giratina|245/349 slp|[from] Leech Seed|[of] p2a: Venusaur\n|upkeep\n|turn|54\n|inactive|Time left: 300 sec this turn | 300 sec total\n|\n|t:|1783571349\n|move|p2a: Venusaur|Sludge Bomb|p1a: Giratina\n|-resisted|p1a: Giratina\n|-damage|p1a: Giratina|202/349 slp\n|cant|p1a: Giratina|slp\n|\n|-heal|p1a: Giratina|223/349 slp|[from] item: Leftovers\n|-damage|p1a: Giratina|180/349 slp|[from] Leech Seed|[of] p2a: Venusaur\n|upkeep\n|turn|55\n|inactive|Time left: 300 sec this turn | 300 sec total\n|\n|t:|1783571351\n|move|p2a: Venusaur|Leech Seed||[still]\n|-fail|p2a: Venusaur\n|-curestatus|p1a: Giratina|slp|[msg]\n|move|p1a: Giratina|Shadow Ball|p2a: Venusaur\n|-end|p2a: Venusaur|Substitute\n|\n|-heal|p1a: Giratina|201/349|[from] item: Leftovers\n|-damage|p1a: Giratina|158/349|[from] Leech Seed|[of] p2a: Venusaur\n|upkeep\n|turn|56\n|inactive|Time left: 300 sec this turn | 300 sec total\n|\n|t:|1783571352\n|move|p2a: Venusaur|Substitute|p2a: Venusaur\n|-start|p2a: Venusaur|Substitute\n|-damage|p2a: Venusaur|75/100\n|move|p1a: Giratina|Shadow Ball|p2a: Venusaur\n|-activate|p2a: Venusaur|move: Substitute|[damage]\n|\n|-heal|p2a: Venusaur|82/100|[from] item: Leftovers\n|-heal|p1a: Giratina|179/349|[from] item: Leftovers\n|-damage|p1a: Giratina|136/349|[from] Leech Seed|[of] p2a: Venusaur\n|-heal|p2a: Venusaur|98/100|[silent]\n|upkeep\n|turn|57\n|inactive|Time left: 300 sec this turn | 300 sec total\n|\n|t:|1783571353\n|move|p2a: Venusaur|Sleep Powder|p1a: Giratina\n|-status|p1a: Giratina|slp|[from] move: Sleep Powder\n|cant|p1a: Giratina|slp\n|\n|-heal|p2a: Venusaur|100/100|[from] item: Leftovers\n|-heal|p1a: Giratina|157/349 slp|[from] item: Leftovers\n|-damage|p1a: Giratina|114/349 slp|[from] Leech Seed|[of] p2a: Venusaur\n|upkeep\n|turn|58\n|inactive|Time left: 300 sec this turn | 300 sec total\n|\n|t:|1783571354\n|move|p2a: Venusaur|Sludge Bomb|p1a: Giratina\n|-resisted|p1a: Giratina\n|-damage|p1a: Giratina|72/349 slp\n|-curestatus|p1a: Giratina|slp|[msg]\n|move|p1a: Giratina|Will-O-Wisp|p2a: Venusaur|[miss]\n|-miss|p1a: Giratina|p2a: Venusaur\n|\n|-heal|p1a: Giratina|93/349|[from] item: Leftovers\n|-damage|p1a: Giratina|50/349|[from] Leech Seed|[of] p2a: Venusaur\n|upkeep\n|turn|59\n|inactive|Time left: 300 sec this turn | 300 sec total\n|\n|t:|1783571354\n|move|p2a: Venusaur|Sleep Powder|p1a: Giratina\n|-status|p1a: Giratina|slp|[from] move: Sleep Powder\n|cant|p1a: Giratina|slp\n|\n|-heal|p1a: Giratina|71/349 slp|[from] item: Leftovers\n|-damage|p1a: Giratina|28/349 slp|[from] Leech Seed|[of] p2a: Venusaur\n|upkeep\n|turn|60\n|inactive|Time left: 300 sec this turn | 300 sec total\n|\n|t:|1783571355\n|move|p2a: Venusaur|Leech Seed||[still]\n|-fail|p2a: Venusaur\n|cant|p1a: Giratina|slp\n|\n|-heal|p1a: Giratina|49/349 slp|[from] item: Leftovers\n|-damage|p1a: Giratina|6/349 slp|[from] Leech Seed|[of] p2a: Venusaur\n|upkeep\n|turn|61\n|inactive|Time left: 300 sec this turn | 300 sec total\n|\n|t:|1783571356\n|move|p2a: Venusaur|Leech Seed|p1a: Giratina|[miss]\n|-miss|p2a: Venusaur|p1a: Giratina\n|-curestatus|p1a: Giratina|slp|[msg]\n|move|p1a: Giratina|Rest|p1a: Giratina\n|-status|p1a: Giratina|slp|[from] move: Rest\n|-heal|p1a: Giratina|349/349 slp|[silent]\n|\n|-damage|p1a: Giratina|306/349 slp|[from] Leech Seed|[of] p2a: Venusaur\n|upkeep\n|turn|62\n|inactive|Time left: 300 sec this turn | 300 sec total\n|\n|t:|1783571357\n|switch|p1a: Dipplin|Dipplin, L88, M|284/284\n|-damage|p1a: Dipplin|249/284|[from] Stealth Rock\n|-damage|p1a: Dipplin|178/284|[from] Spikes\n|move|p2a: Venusaur|Sleep Powder|p1a: Dipplin\n|-immune|p1a: Dipplin\n|\n|upkeep\n|turn|63\n|inactive|Time left: 300 sec this turn | 300 sec total\n|\n|t:|1783571358\n|move|p2a: Venusaur|Sleep Powder|p1a: Dipplin\n|-immune|p1a: Dipplin\n|move|p1a: Dipplin|Recover|p1a: Dipplin\n|-heal|p1a: Dipplin|284/284\n|\n|upkeep\n|turn|64\n|inactive|Time left: 300 sec this turn | 300 sec total\n|\n|t:|1783571359\n|move|p2a: Venusaur|Sleep Powder|p1a: Dipplin\n|-immune|p1a: Dipplin\n|move|p1a: Dipplin|Dragon Pulse|p2a: Venusaur\n|-end|p2a: Venusaur|Substitute\n|\n|upkeep\n|turn|65\n|inactive|Time left: 300 sec this turn | 300 sec total\n|\n|t:|1783571360\n|move|p2a: Venusaur|Substitute|p2a: Venusaur\n|-start|p2a: Venusaur|Substitute\n|-damage|p2a: Venusaur|75/100\n|move|p1a: Dipplin|Dragon Pulse|p2a: Venusaur\n|-end|p2a: Venusaur|Substitute\n|\n|-heal|p2a: Venusaur|82/100|[from] item: Leftovers\n|upkeep\n|turn|66\n|inactive|Time left: 300 sec this turn | 300 sec total\n|\n|t:|1783571361\n|move|p2a: Venusaur|Substitute|p2a: Venusaur\n|-start|p2a: Venusaur|Substitute\n|-damage|p2a: Venusaur|57/100\n|move|p1a: Dipplin|Dragon Pulse|p2a: Venusaur\n|-end|p2a: Venusaur|Substitute\n|\n|-heal|p2a: Venusaur|63/100|[from] item: Leftovers\n|upkeep\n|turn|67\n|inactive|Time left: 300 sec this turn | 300 sec total\n|\n|t:|1783571361\n|move|p2a: Venusaur|Substitute|p2a: Venusaur\n|-start|p2a: Venusaur|Substitute\n|-damage|p2a: Venusaur|38/100\n|move|p1a: Dipplin|Dragon Pulse|p2a: Venusaur\n|-end|p2a: Venusaur|Substitute\n|\n|-heal|p2a: Venusaur|44/100|[from] item: Leftovers\n|upkeep\n|turn|68\n|inactive|Time left: 300 sec this turn | 300 sec total\n|\n|t:|1783571362\n|move|p2a: Venusaur|Substitute|p2a: Venusaur\n|-start|p2a: Venusaur|Substitute\n|-damage|p2a: Venusaur|19/100\n|move|p1a: Dipplin|Dragon Pulse|p2a: Venusaur\n|-end|p2a: Venusaur|Substitute\n|\n|-heal|p2a: Venusaur|25/100|[from] item: Leftovers\n|upkeep\n|turn|69\n|inactive|Time left: 300 sec this turn | 300 sec total\n|\n|t:|1783571363\n|move|p2a: Venusaur|Sleep Powder|p1a: Dipplin\n|-immune|p1a: Dipplin\n|move|p1a: Dipplin|Dragon Pulse|p2a: Venusaur\n|-damage|p2a: Venusaur|0 fnt\n|faint|p2a: Venusaur\n|\n|upkeep\n|\n|t:|1783571364\n|switch|p2a: Okidogi|Okidogi, L77, M|11/100\n|turn|70\n|inactive|Time left: 300 sec this turn | 300 sec total\n|\n|t:|1783571365\n|move|p2a: Okidogi|Gunk Shot|p1a: Dipplin\n|-supereffective|p1a: Dipplin\n|-damage|p1a: Dipplin|150/284\n|-status|p1a: Dipplin|psn\n|move|p1a: Dipplin|Dragon Pulse|p2a: Okidogi\n|-damage|p2a: Okidogi|0 fnt\n|faint|p2a: Okidogi\n|\n|-damage|p1a: Dipplin|115/284 psn|[from] psn\n|upkeep\n|\n|t:|1783571366\n|switch|p2a: Hawlucha|Hawlucha, L80, M|100/100\n|turn|71\n|inactive|Time left: 300 sec this turn | 300 sec total\n|\n|t:|1783571367\n|move|p2a: Hawlucha|Swords Dance|p2a: Hawlucha\n|-boost|p2a: Hawlucha|atk|2\n|move|p1a: Dipplin|Dragon Pulse|p2a: Hawlucha\n|-damage|p2a: Hawlucha|52/100\n|\n|-damage|p1a: Dipplin|80/284 psn|[from] psn\n|upkeep\n|turn|72\n|inactive|Time left: 300 sec this turn | 300 sec total\n|\n|t:|1783571368\n|move|p2a: Hawlucha|Close Combat|p1a: Dipplin\n|-crit|p1a: Dipplin\n|-damage|p1a: Dipplin|0 fnt\n|-unboost|p2a: Hawlucha|def|1\n|-unboost|p2a: Hawlucha|spd|1\n|faint|p1a: Dipplin\n|-enditem|p2a: Hawlucha|White Herb\n|-clearnegativeboost|p2a: Hawlucha|[silent]\n|\n|upkeep\n|inactive|Time left: 300 sec this turn | 300 sec total | 5 sec grace\n|\n|t:|1783571369\n|switch|p1a: Giratina|Giratina, L75|306/349 slp\n|-damage|p1a: Giratina|263/349 slp|[from] Stealth Rock\n|-damage|p1a: Giratina|176/349 slp|[from] Spikes\n|-ability|p1a: Giratina|Pressure\n|turn|73\n|inactive|Time left: 300 sec this turn | 300 sec total\n|\n|t:|1783571370\n|move|p2a: Hawlucha|Swords Dance|p2a: Hawlucha\n|-boost|p2a: Hawlucha|atk|2\n|cant|p1a: Giratina|slp\n|\n|-heal|p1a: Giratina|197/349 slp|[from] item: Leftovers\n|upkeep\n|turn|74\n|inactive|Time left: 300 sec this turn | 300 sec total\n|\n|t:|1783571371\n|move|p2a: Hawlucha|Brave Bird|p1a: Giratina\n|-damage|p1a: Giratina|0 fnt\n|faint|p1a: Giratina\n|-damage|p2a: Hawlucha|27/100|[from] Recoil\n|\n|upkeep\n|inactive|Time left: 300 sec this turn | 300 sec total | 5 sec grace\n|\n|t:|1783571372\n|switch|p1a: Infernape|Infernape, L82, M|259/259\n|-damage|p1a: Infernape|227/259|[from] Stealth Rock\n|-damage|p1a: Infernape|163/259|[from] Spikes\n|turn|75\n|inactive|Time left: 300 sec this turn | 300 sec total\n|\n|t:|1783571373\n|move|p2a: Hawlucha|Close Combat|p1a: Infernape\n|-damage|p1a: Infernape|0 fnt\n|-unboost|p2a: Hawlucha|def|1\n|-unboost|p2a: Hawlucha|spd|1\n|faint|p1a: Infernape\n|\n|upkeep\n|inactive|Time left: 300 sec this turn | 300 sec total | 5 sec grace\n|\n|t:|1783571373\n|switch|p1a: Froslass|Froslass, L87, F|263/263\n|-damage|p1a: Froslass|198/263|[from] Stealth Rock\n|-damage|p1a: Froslass|133/263|[from] Spikes\n|turn|76\n|inactive|Time left: 300 sec this turn | 300 sec total\n|\n|t:|1783571374\n|move|p2a: Hawlucha|Brave Bird|p1a: Froslass\n|-damage|p1a: Froslass|0 fnt\n|faint|p1a: Froslass\n|-damage|p2a: Hawlucha|10/100|[from] Recoil\n|\n|win|p0y27154d18", "uploadtime": 1783571374, "views": 0, "rating": 0, "private": 0, "password": null, "_winner": "p0y27154d18", "_our_name": "p0x2715d591"}