{"id": "battle-gen9randombattle-1020", "formatid": "gen9randombattle", "format": "[Gen 9] Random Battle", "players": ["p0x10207d23", "p0y1020ad75"], "log": "|init|battle\n|title|p0x10207d23 vs. p0y1020ad75\n|j|\u2606p0x10207d23\n|j|\u2606p0y1020ad75\n|t:|1783551031\n|gametype|singles\n|player|p1|p0x10207d23|266|\n|player|p2|p0y1020ad75|169|\n|gen|9\n|tier|[Gen 9] Random Battle\n|rule|Species Clause: Limit one of each Pok\u00e9mon\n|rule|HP Percentage Mod: HP is shown in percentages\n|rule|Sleep Clause Mod: Limit one foe put to sleep\n|rule|Illusion Level Mod: Illusion disguises the Pok\u00e9mon's true level\n|\n|t:|1783551031\n|teamsize|p1|6\n|teamsize|p2|6\n|start\n|switch|p1a: Qwilfish|Qwilfish, L86, M|100/100\n|switch|p2a: Kyogre|Kyogre, L71|259/259\n|-ability|p1a: Qwilfish|Intimidate|boost\n|-unboost|p2a: Kyogre|atk|1\n|-weather|RainDance|[from] ability: Drizzle|[of] p2a: Kyogre\n|turn|1\n|inactive|Battle timer is ON: inactive players will automatically lose when time's up. (requested by p0x10207d23)\n|inactive|Time left: 300 sec this turn | 300 sec total | 60 sec grace\n|inactive|p0y1020ad75 also wants the timer to be on.\n|\n|t:|1783551033\n|move|p1a: Qwilfish|Gunk Shot|p2a: Kyogre|[miss]\n|-miss|p1a: Qwilfish|p2a: Kyogre\n|move|p2a: Kyogre|Origin Pulse|p1a: Qwilfish\n|-resisted|p1a: Qwilfish\n|-damage|p1a: Qwilfish|49/100\n|\n|-weather|RainDance|[upkeep]\n|upkeep\n|turn|2\n|inactive|Time left: 300 sec this turn | 300 sec total\n|\n|t:|1783551034\n|move|p1a: Qwilfish|Gunk Shot|p2a: Kyogre\n|-damage|p2a: Kyogre|111/259\n|move|p2a: Kyogre|Thunder|p1a: Qwilfish\n|-supereffective|p1a: Qwilfish\n|-damage|p1a: Qwilfish|0 fnt\n|faint|p1a: Qwilfish\n|\n|-weather|RainDance|[upkeep]\n|-heal|p2a: Kyogre|127/259|[from] item: Leftovers\n|upkeep\n|\n|t:|1783551035\n|switch|p1a: Lilligant|Lilligant, L86, F|100/100\n|turn|3\n|inactive|Time left: 300 sec this turn | 300 sec total\n|\n|t:|1783551035\n|move|p1a: Lilligant|Quiver Dance|p1a: Lilligant\n|-boost|p1a: Lilligant|spa|1\n|-boost|p1a: Lilligant|spd|1\n|-boost|p1a: Lilligant|spe|1\n|move|p2a: Kyogre|Thunder|p1a: Lilligant\n|-resisted|p1a: Lilligant\n|-crit|p1a: Lilligant\n|-damage|p1a: Lilligant|76/100\n|-status|p1a: Lilligant|par\n|\n|-weather|RainDance|[upkeep]\n|-heal|p2a: Kyogre|143/259|[from] item: Leftovers\n|upkeep\n|turn|4\n|inactive|Time left: 300 sec this turn | 300 sec total\n|\n|t:|1783551036\n|move|p2a: Kyogre|Ice Beam|p1a: Lilligant\n|-supereffective|p1a: Lilligant\n|-damage|p1a: Lilligant|41/100 par\n|move|p1a: Lilligant|Petal Dance|p2a: Kyogre\n|-supereffective|p2a: Kyogre\n|-damage|p2a: Kyogre|0 fnt\n|faint|p2a: Kyogre\n|-damage|p1a: Lilligant|31/100 par|[from] item: Life Orb\n|\n|-weather|RainDance|[upkeep]\n|upkeep\n|inactive|Time left: 300 sec this turn | 300 sec total | 5 sec grace\n|\n|t:|1783551037\n|switch|p2a: Keldeo|Keldeo-Resolute, L79|273/273\n|turn|5\n|inactive|Time left: 300 sec this turn | 300 sec total\n|\n|t:|1783551038\n|move|p2a: Keldeo|Secret Sword|p1a: Lilligant\n|-damage|p1a: Lilligant|0 fnt\n|faint|p1a: Lilligant\n|\n|-weather|none\n|upkeep\n|\n|t:|1783551039\n|switch|p1a: Farigiraf|Farigiraf, L90, F|100/100\n|turn|6\n|inactive|Time left: 300 sec this turn | 300 sec total\n|\n|t:|1783551041\n|switch|p2a: Meowstic|Meowstic, L89, M|277/277\n|move|p1a: Farigiraf|Psychic Noise|p2a: Meowstic\n|-resisted|p2a: Meowstic\n|-damage|p2a: Meowstic|222/277\n|-start|p2a: Meowstic|move: Heal Block\n|\n|upkeep\n|turn|7\n|inactive|Time left: 300 sec this turn | 300 sec total\n|\n|t:|1783551042\n|switch|p1a: Shiftry|Shiftry, L89, F|100/100\n|move|p2a: Meowstic|Reflect|p2a: Meowstic\n|-sidestart|p2: p0y1020ad75|Reflect\n|\n|-end|p2a: Meowstic|move: Heal Block\n|upkeep\n|turn|8\n|inactive|Time left: 300 sec this turn | 300 sec total\n|\n|t:|1783551042\n|move|p2a: Meowstic|Alluring Voice|p1a: Shiftry\n|-supereffective|p1a: Shiftry\n|-damage|p1a: Shiftry|58/100\n|move|p1a: Shiftry|Knock Off|p2a: Meowstic\n|-supereffective|p2a: Meowstic\n|-damage|p2a: Meowstic|74/277\n|-enditem|p2a: Meowstic|Light Clay|[from] move: Knock Off|[of] p1a: Shiftry\n|-damage|p1a: Shiftry|48/100|[from] item: Life Orb\n|\n|upkeep\n|turn|9\n|inactive|Time left: 300 sec this turn | 300 sec total\n|\n|t:|1783551043\n|switch|p1a: Farigiraf|Farigiraf, L90, F|100/100\n|move|p2a: Meowstic|Alluring Voice|p1a: Farigiraf\n|-damage|p1a: Farigiraf|84/100\n|\n|-heal|p1a: Farigiraf|90/100|[from] item: Leftovers\n|upkeep\n|turn|10\n|inactive|Time left: 300 sec this turn | 300 sec total\n|\n|t:|1783551045\n|move|p2a: Meowstic|Light Screen|p2a: Meowstic\n|-sidestart|p2: p0y1020ad75|move: Light Screen\n|move|p1a: Farigiraf|Psychic Noise|p2a: Meowstic\n|-resisted|p2a: Meowstic\n|-damage|p2a: Meowstic|48/277\n|-start|p2a: Meowstic|move: Heal Block\n|\n|-heal|p1a: Farigiraf|96/100|[from] item: Leftovers\n|upkeep\n|turn|11\n|inactive|Time left: 300 sec this turn | 300 sec total\n|\n|t:|1783551046\n|switch|p2a: Ampharos|Ampharos, L88, F|302/302\n|move|p1a: Farigiraf|Body Slam|p2a: Ampharos\n|-damage|p2a: Ampharos|251/302\n|\n|-heal|p1a: Farigiraf|100/100|[from] item: Leftovers\n|upkeep\n|turn|12\n|inactive|Time left: 300 sec this turn | 300 sec total\n|\n|t:|1783551047\n|move|p1a: Farigiraf|Protect|p1a: Farigiraf\n|-singleturn|p1a: Farigiraf|Protect\n|move|p2a: Ampharos|Thunderbolt|p1a: Farigiraf\n|-activate|p1a: Farigiraf|move: Protect\n|\n|upkeep\n|turn|13\n|inactive|Time left: 300 sec this turn | 300 sec total\n|\n|t:|1783551048\n|move|p1a: Farigiraf|Wish|p1a: Farigiraf\n|move|p2a: Ampharos|Thunderbolt|p1a: Farigiraf\n|-damage|p1a: Farigiraf|46/100\n|\n|-heal|p1a: Farigiraf|52/100|[from] item: Leftovers\n|upkeep\n|turn|14\n|inactive|Time left: 300 sec this turn | 300 sec total\n|\n|t:|1783551049\n|move|p1a: Farigiraf|Protect|p1a: Farigiraf\n|-singleturn|p1a: Farigiraf|Protect\n|move|p2a: Ampharos|Thunderbolt|p1a: Farigiraf\n|-activate|p1a: Farigiraf|move: Protect\n|\n|-heal|p1a: Farigiraf|100/100|[from] move: Wish|[wisher] Farigiraf\n|-sideend|p2: p0y1020ad75|Reflect\n|-sideend|p2: p0y1020ad75|move: Light Screen\n|upkeep\n|turn|15\n|inactive|Time left: 300 sec this turn | 300 sec total\n|\n|t:|1783551050\n|move|p1a: Farigiraf|Body Slam|p2a: Ampharos\n|-damage|p2a: Ampharos|158/302\n|move|p2a: Ampharos|Thunderbolt|p1a: Farigiraf\n|-damage|p1a: Farigiraf|50/100\n|\n|-heal|p1a: Farigiraf|56/100|[from] item: Leftovers\n|upkeep\n|turn|16\n|inactive|Time left: 300 sec this turn | 300 sec total\n|\n|t:|1783551051\n|move|p1a: Farigiraf|Psychic Noise|p2a: Ampharos\n|-damage|p2a: Ampharos|68/302\n|-start|p2a: Ampharos|move: Heal Block\n|move|p2a: Ampharos|Thunderbolt|p1a: Farigiraf\n|-damage|p1a: Farigiraf|5/100\n|\n|-heal|p1a: Farigiraf|11/100|[from] item: Leftovers\n|upkeep\n|turn|17\n|inactive|Time left: 300 sec this turn | 300 sec total\n|\n|t:|1783551053\n|switch|p2a: Donphan|Donphan, L84, M|288/288\n|move|p1a: Farigiraf|Body Slam|p2a: Donphan\n|-damage|p2a: Donphan|210/288\n|\n|-heal|p1a: Farigiraf|17/100|[from] item: Leftovers\n|-heal|p2a: Donphan|228/288|[from] item: Leftovers\n|upkeep\n|turn|18\n|inactive|Time left: 300 sec this turn | 300 sec total\n|\n|t:|1783551054\n|move|p1a: Farigiraf|Psychic Noise|p2a: Donphan\n|-damage|p2a: Donphan|84/288\n|-start|p2a: Donphan|move: Heal Block\n|move|p2a: Donphan|Knock Off|p1a: Farigiraf\n|-supereffective|p1a: Farigiraf\n|-crit|p1a: Farigiraf\n|-damage|p1a: Farigiraf|0 fnt\n|-enditem|p1a: Farigiraf|Leftovers|[from] move: Knock Off|[of] p2a: Donphan\n|faint|p1a: Farigiraf\n|\n|upkeep\n|\n|t:|1783551055\n|switch|p1a: Shiftry|Shiftry, L89, F|48/100\n|turn|19\n|inactive|Time left: 300 sec this turn | 300 sec total\n|\n|t:|1783551056\n|switch|p2a: Meowstic|Meowstic, L89, M|48/277\n|move|p1a: Shiftry|Leaf Blade|p2a: Meowstic\n|-damage|p2a: Meowstic|0 fnt\n|faint|p2a: Meowstic\n|-damage|p1a: Shiftry|38/100|[from] item: Life Orb\n|\n|upkeep\n|inactive|Time left: 300 sec this turn | 300 sec total | 5 sec grace\n|\n|t:|1783551057\n|switch|p2a: Keldeo|Keldeo-Resolute, L79|273/273\n|turn|20\n|inactive|Time left: 300 sec this turn | 300 sec total\n|\n|t:|1783551059\n|switch|p1a: Zapdos|Zapdos, L78|100/100\n|move|p2a: Keldeo|Secret Sword|p1a: Zapdos\n|-resisted|p1a: Zapdos\n|-damage|p1a: Zapdos|70/100\n|\n|upkeep\n|turn|21\n|inactive|Time left: 300 sec this turn | 300 sec total\n|\n|t:|1783551060\n|move|p2a: Keldeo|Secret Sword|p1a: Zapdos\n|-resisted|p1a: Zapdos\n|-damage|p1a: Zapdos|40/100\n|move|p1a: Zapdos|Hurricane|p2a: Keldeo|[miss]\n|-miss|p1a: Zapdos|p2a: Keldeo\n|\n|upkeep\n|turn|22\n|inactive|Time left: 300 sec this turn | 300 sec total\n|\n|t:|1783551061\n|-terastallize|p2a: Keldeo|Fighting\n|move|p2a: Keldeo|Secret Sword|p1a: Zapdos\n|-resisted|p1a: Zapdos\n|-damage|p1a: Zapdos|0 fnt\n|faint|p1a: Zapdos\n|\n|upkeep\n|\n|t:|1783551062\n|switch|p1a: Oinkologne|Oinkologne-F, L92, F|100/100\n|turn|23\n|inactive|Time left: 300 sec this turn | 300 sec total\n|\n|t:|1783551063\n|-terastallize|p1a: Oinkologne|Ground\n|move|p2a: Keldeo|Secret Sword|p1a: Oinkologne\n|-damage|p1a: Oinkologne|42/100\n|move|p1a: Oinkologne|Curse|p1a: Oinkologne\n|-unboost|p1a: Oinkologne|spe|1\n|-boost|p1a: Oinkologne|atk|1\n|-boost|p1a: Oinkologne|def|1\n|\n|-heal|p1a: Oinkologne|48/100|[from] item: Leftovers\n|upkeep\n|turn|24\n|inactive|Time left: 300 sec this turn | 300 sec total\n|\n|t:|1783551064\n|move|p2a: Keldeo|Secret Sword|p1a: Oinkologne\n|-damage|p1a: Oinkologne|10/100\n|move|p1a: Oinkologne|Body Slam|p2a: Keldeo\n|-damage|p2a: Keldeo|122/273\n|-status|p2a: Keldeo|par\n|\n|-heal|p1a: Oinkologne|16/100|[from] item: Leftovers\n|upkeep\n|turn|25\n|inactive|Time left: 300 sec this turn | 300 sec total\n|\n|t:|1783551065\n|move|p1a: Oinkologne|Body Slam|p2a: Keldeo\n|-damage|p2a: Keldeo|0 fnt\n|faint|p2a: Keldeo\n|\n|-heal|p1a: Oinkologne|22/100|[from] item: Leftovers\n|upkeep\n|inactive|Time left: 300 sec this turn | 300 sec total | 5 sec grace\n|\n|t:|1783551065\n|switch|p2a: Shiftry|Shiftry, L89, F|305/305\n|turn|26\n|inactive|Time left: 300 sec this turn | 300 sec total\n|\n|t:|1783551066\n|switch|p1a: Shiftry|Shiftry, L89, F|38/100\n|move|p2a: Shiftry|Knock Off|p1a: Shiftry\n|-resisted|p1a: Shiftry\n|-damage|p1a: Shiftry|14/100\n|-enditem|p1a: Shiftry|Life Orb|[from] move: Knock Off|[of] p2a: Shiftry\n|\n|upkeep\n|turn|27\n|inactive|Time left: 300 sec this turn | 300 sec total\n|\n|t:|1783551067\n|move|p2a: Shiftry|Knock Off|p1a: Shiftry\n|-resisted|p1a: Shiftry\n|-damage|p1a: Shiftry|0 fnt\n|faint|p1a: Shiftry\n|\n|upkeep\n|\n|t:|1783551068\n|switch|p1a: Oinkologne|Oinkologne-F, L92, F, tera:Ground|22/100\n|turn|28\n|inactive|Time left: 300 sec this turn | 300 sec total\n|\n|t:|1783551069\n|move|p2a: Shiftry|Knock Off|p1a: Oinkologne\n|-damage|p1a: Oinkologne|0 fnt\n|-enditem|p1a: Oinkologne|Leftovers|[from] move: Knock Off|[of] p2a: Shiftry\n|faint|p1a: Oinkologne\n|\n|win|p0y1020ad75", "uploadtime": 1783551069, "views": 0, "rating": 0, "private": 0, "password": null, "_winner": "p0y1020ad75", "_our_name": "p0y1020ad75"}