{"id": "battle-gen9randombattle-1518", "formatid": "gen9randombattle", "format": "[Gen 9] Random Battle", "players": ["p0x15181424", "p0y1518908c"], "log": "|init|battle\n|title|p0x15181424 vs. p0y1518908c\n|j|\u2606p0x15181424\n|j|\u2606p0y1518908c\n|t:|1783557672\n|gametype|singles\n|player|p1|p0x15181424|265|\n|player|p2|p0y1518908c|266|\n|gen|9\n|tier|[Gen 9] Random Battle\n|rule|Species Clause: Limit one of each Pok\u00e9mon\n|rule|HP Percentage Mod: HP is shown in percentages\n|rule|Sleep Clause Mod: Limit one foe put to sleep\n|rule|Illusion Level Mod: Illusion disguises the Pok\u00e9mon's true level\n|\n|t:|1783557672\n|teamsize|p1|6\n|teamsize|p2|6\n|start\n|switch|p1a: Zarude|Zarude, L77|288/288\n|switch|p2a: Lurantis|Lurantis, L87, M|100/100\n|turn|1\n|inactive|Battle timer is ON: inactive players will automatically lose when time's up. (requested by p0y1518908c)\n|inactive|Time left: 300 sec this turn | 300 sec total | 60 sec grace\n|inactive|p0x15181424 also wants the timer to be on.\n|\n|t:|1783557674\n|move|p1a: Zarude|Swords Dance|p1a: Zarude\n|-boost|p1a: Zarude|atk|2\n|move|p2a: Lurantis|Superpower|p1a: Zarude\n|-supereffective|p1a: Zarude\n|-damage|p1a: Zarude|94/288\n|-boost|p2a: Lurantis|atk|1\n|-boost|p2a: Lurantis|def|1\n|\n|-heal|p1a: Zarude|112/288|[from] item: Leftovers\n|upkeep\n|turn|2\n|inactive|Time left: 300 sec this turn | 300 sec total\n|\n|t:|1783557675\n|move|p1a: Zarude|Knock Off|p2a: Lurantis\n|-damage|p2a: Lurantis|52/100\n|-enditem|p2a: Lurantis|Leftovers|[from] move: Knock Off|[of] p1a: Zarude\n|move|p2a: Lurantis|Superpower|p1a: Zarude\n|-supereffective|p1a: Zarude\n|-damage|p1a: Zarude|0 fnt\n|-boost|p2a: Lurantis|atk|1\n|-boost|p2a: Lurantis|def|1\n|faint|p1a: Zarude\n|\n|upkeep\n|inactive|Time left: 300 sec this turn | 300 sec total | 5 sec grace\n|\n|t:|1783557676\n|switch|p1a: Glalie|Glalie, L96, F|309/309\n|turn|3\n|inactive|Time left: 300 sec this turn | 300 sec total\n|\n|t:|1783557676\n|-terastallize|p2a: Lurantis|Fighting\n|move|p1a: Glalie|Freeze-Dry|p2a: Lurantis\n|-damage|p2a: Lurantis|20/100\n|move|p2a: Lurantis|Superpower|p1a: Glalie\n|-supereffective|p1a: Glalie\n|-damage|p1a: Glalie|0 fnt\n|-boost|p2a: Lurantis|atk|1\n|-boost|p2a: Lurantis|def|1\n|faint|p1a: Glalie\n|\n|upkeep\n|inactive|Time left: 300 sec this turn | 300 sec total | 5 sec grace\n|\n|t:|1783557677\n|switch|p1a: Diancie|Diancie, L82|216/216\n|turn|4\n|inactive|Time left: 300 sec this turn | 300 sec total\n|\n|t:|1783557678\n|move|p1a: Diancie|Earth Power|p2a: Lurantis\n|-damage|p2a: Lurantis|0 fnt\n|faint|p2a: Lurantis\n|\n|upkeep\n|\n|t:|1783557679\n|switch|p2a: Vivillon|Vivillon-Monsoon, L83, F|100/100\n|turn|5\n|inactive|Time left: 300 sec this turn | 300 sec total\n|\n|t:|1783557680\n|move|p2a: Vivillon|Sleep Powder|p1a: Diancie\n|-status|p1a: Diancie|slp|[from] move: Sleep Powder\n|cant|p1a: Diancie|slp\n|\n|upkeep\n|turn|6\n|inactive|Time left: 300 sec this turn | 300 sec total\n|\n|t:|1783557681\n|move|p2a: Vivillon|Quiver Dance|p2a: Vivillon\n|-boost|p2a: Vivillon|spa|1\n|-boost|p2a: Vivillon|spd|1\n|-boost|p2a: Vivillon|spe|1\n|-curestatus|p1a: Diancie|slp|[msg]\n|move|p1a: Diancie|Diamond Storm|p2a: Vivillon\n|-supereffective|p2a: Vivillon\n|-damage|p2a: Vivillon|0 fnt\n|-boost|p1a: Diancie|def|2\n|faint|p2a: Vivillon\n|\n|upkeep\n|\n|t:|1783557682\n|switch|p2a: Latias|Latias, L79, F|100/100\n|turn|7\n|inactive|Time left: 300 sec this turn | 300 sec total\n|\n|t:|1783557683\n|move|p2a: Latias|Calm Mind|p2a: Latias\n|-boost|p2a: Latias|spa|1\n|-boost|p2a: Latias|spd|1\n|move|p1a: Diancie|Calm Mind|p1a: Diancie\n|-boost|p1a: Diancie|spa|1\n|-boost|p1a: Diancie|spd|1\n|\n|upkeep\n|turn|8\n|inactive|Time left: 300 sec this turn | 300 sec total\n|\n|t:|1783557684\n|move|p2a: Latias|Calm Mind|p2a: Latias\n|-boost|p2a: Latias|spa|1\n|-boost|p2a: Latias|spd|1\n|move|p1a: Diancie|Diamond Storm|p2a: Latias\n|-damage|p2a: Latias|62/100\n|-boost|p1a: Diancie|def|2\n|\n|upkeep\n|turn|9\n|inactive|Time left: 300 sec this turn | 300 sec total\n|\n|t:|1783557685\n|move|p2a: Latias|Recover|p2a: Latias\n|-heal|p2a: Latias|100/100\n|move|p1a: Diancie|Diamond Storm|p2a: Latias\n|-damage|p2a: Latias|57/100\n|-boost|p1a: Diancie|def|2\n|\n|upkeep\n|turn|10\n|inactive|Time left: 300 sec this turn | 300 sec total\n|\n|t:|1783557686\n|move|p2a: Latias|Recover|p2a: Latias\n|-heal|p2a: Latias|100/100\n|move|p1a: Diancie|Diamond Storm|p2a: Latias\n|-damage|p2a: Latias|61/100\n|\n|upkeep\n|turn|11\n|inactive|Time left: 300 sec this turn | 300 sec total\n|\n|t:|1783557687\n|move|p2a: Latias|Recover|p2a: Latias\n|-heal|p2a: Latias|100/100\n|move|p1a: Diancie|Diamond Storm|p2a: Latias\n|-damage|p2a: Latias|58/100\n|\n|upkeep\n|turn|12\n|inactive|Time left: 300 sec this turn | 300 sec total\n|\n|t:|1783557688\n|move|p2a: Latias|Recover|p2a: Latias\n|-heal|p2a: Latias|100/100\n|move|p1a: Diancie|Calm Mind|p1a: Diancie\n|-boost|p1a: Diancie|spa|1\n|-boost|p1a: Diancie|spd|1\n|\n|upkeep\n|turn|13\n|inactive|Time left: 300 sec this turn | 300 sec total\n|\n|t:|1783557689\n|move|p2a: Latias|Calm Mind|p2a: Latias\n|-boost|p2a: Latias|spa|1\n|-boost|p2a: Latias|spd|1\n|move|p1a: Diancie|Diamond Storm|p2a: Latias\n|-damage|p2a: Latias|59/100\n|\n|upkeep\n|turn|14\n|inactive|Time left: 300 sec this turn | 300 sec total\n|\n|t:|1783557690\n|move|p2a: Latias|Recover|p2a: Latias\n|-heal|p2a: Latias|100/100\n|move|p1a: Diancie|Diamond Storm|p2a: Latias\n|-damage|p2a: Latias|59/100\n|\n|upkeep\n|turn|15\n|inactive|Time left: 300 sec this turn | 300 sec total\n|\n|t:|1783557691\n|move|p2a: Latias|Recover|p2a: Latias\n|-heal|p2a: Latias|100/100\n|move|p1a: Diancie|Diamond Storm|p2a: Latias\n|-damage|p2a: Latias|61/100\n|\n|upkeep\n|turn|16\n|inactive|Time left: 300 sec this turn | 300 sec total\n|\n|t:|1783557693\n|move|p2a: Latias|Recover|p2a: Latias\n|-heal|p2a: Latias|100/100\n|move|p1a: Diancie|Calm Mind|p1a: Diancie\n|-boost|p1a: Diancie|spa|1\n|-boost|p1a: Diancie|spd|1\n|\n|upkeep\n|turn|17\n|inactive|Time left: 300 sec this turn | 300 sec total\n|\n|t:|1783557694\n|move|p2a: Latias|Calm Mind|p2a: Latias\n|-boost|p2a: Latias|spa|1\n|-boost|p2a: Latias|spd|1\n|move|p1a: Diancie|Draining Kiss|p2a: Latias\n|-supereffective|p2a: Latias\n|-damage|p2a: Latias|74/100\n|\n|upkeep\n|turn|18\n|inactive|Time left: 300 sec this turn | 300 sec total\n|\n|t:|1783557695\n|-terastallize|p1a: Diancie|Fairy\n|move|p2a: Latias|Calm Mind|p2a: Latias\n|-boost|p2a: Latias|spa|1\n|-boost|p2a: Latias|spd|1\n|move|p1a: Diancie|Draining Kiss|p2a: Latias\n|-supereffective|p2a: Latias\n|-damage|p2a: Latias|38/100\n|\n|upkeep\n|turn|19\n|inactive|Time left: 300 sec this turn | 300 sec total\n|\n|t:|1783557696\n|move|p2a: Latias|Recover|p2a: Latias\n|-heal|p2a: Latias|88/100\n|move|p1a: Diancie|Draining Kiss|p2a: Latias\n|-supereffective|p2a: Latias\n|-damage|p2a: Latias|50/100\n|\n|upkeep\n|turn|20\n|inactive|Time left: 300 sec this turn | 300 sec total\n|\n|t:|1783557697\n|move|p2a: Latias|Psyshock|p1a: Diancie\n|-damage|p1a: Diancie|155/216\n|move|p1a: Diancie|Draining Kiss|p2a: Latias\n|-supereffective|p2a: Latias\n|-damage|p2a: Latias|11/100\n|-heal|p1a: Diancie|216/216|[from] drain|[of] p2a: Latias\n|\n|upkeep\n|turn|21\n|inactive|Time left: 300 sec this turn | 300 sec total\n|\n|t:|1783557698\n|move|p2a: Latias|Psyshock|p1a: Diancie\n|-damage|p1a: Diancie|162/216\n|move|p1a: Diancie|Draining Kiss|p2a: Latias\n|-supereffective|p2a: Latias\n|-damage|p2a: Latias|0 fnt\n|-heal|p1a: Diancie|183/216|[from] drain|[of] p2a: Latias\n|faint|p2a: Latias\n|\n|-heal|p1a: Diancie|196/216|[from] item: Leftovers\n|upkeep\n|\n|t:|1783557699\n|switch|p2a: Iron Boulder|Iron Boulder, L77|100/100\n|turn|22\n|inactive|Time left: 300 sec this turn | 300 sec total\n|\n|t:|1783557700\n|move|p2a: Iron Boulder|Zen Headbutt|p1a: Diancie\n|-damage|p1a: Diancie|177/216\n|-damage|p2a: Iron Boulder|91/100|[from] item: Life Orb\n|cant|p1a: Diancie|flinch\n|\n|-heal|p1a: Diancie|190/216|[from] item: Leftovers\n|upkeep\n|turn|23\n|inactive|Time left: 300 sec this turn | 300 sec total\n|\n|t:|1783557701\n|move|p2a: Iron Boulder|Zen Headbutt|p1a: Diancie\n|-damage|p1a: Diancie|167/216\n|-damage|p2a: Iron Boulder|81/100|[from] item: Life Orb\n|move|p1a: Diancie|Earth Power|p2a: Iron Boulder\n|-supereffective|p2a: Iron Boulder\n|-damage|p2a: Iron Boulder|0 fnt\n|faint|p2a: Iron Boulder\n|-end|p2a: Iron Boulder|Quark Drive|[silent]\n|\n|-heal|p1a: Diancie|180/216|[from] item: Leftovers\n|upkeep\n|\n|t:|1783557702\n|switch|p2a: Sableye|Sableye, L88, F|100/100\n|turn|24\n|inactive|Time left: 300 sec this turn | 300 sec total\n|\n|t:|1783557703\n|move|p2a: Sableye|Encore|p1a: Diancie\n|-start|p1a: Diancie|Encore\n|move|p1a: Diancie|Earth Power|p2a: Sableye\n|-crit|p2a: Sableye\n|-damage|p2a: Sableye|0 fnt\n|faint|p2a: Sableye\n|\n|-heal|p1a: Diancie|193/216|[from] item: Leftovers\n|upkeep\n|\n|t:|1783557704\n|switch|p2a: Mismagius|Mismagius, L86, F|100/100\n|turn|25\n|inactive|Time left: 300 sec this turn | 300 sec total\n|\n|t:|1783557705\n|switch|p1a: Drednaw|Drednaw, L81, F|278/278\n|move|p2a: Mismagius|Shadow Ball|p1a: Drednaw\n|-crit|p1a: Drednaw\n|-damage|p1a: Drednaw|51/278\n|-damage|p2a: Mismagius|91/100|[from] item: Life Orb\n|\n|upkeep\n|turn|26\n|inactive|Time left: 300 sec this turn | 300 sec total\n|\n|t:|1783557706\n|move|p2a: Mismagius|Dazzling Gleam|p1a: Drednaw\n|-damage|p1a: Drednaw|0 fnt\n|faint|p1a: Drednaw\n|-damage|p2a: Mismagius|81/100|[from] item: Life Orb\n|\n|upkeep\n|inactive|Time left: 300 sec this turn | 300 sec total | 5 sec grace\n|\n|t:|1783557707\n|switch|p1a: Kricketune|Kricketune, L99, M|312/312\n|turn|27\n|inactive|Time left: 300 sec this turn | 300 sec total\n|\n|t:|1783557708\n|move|p2a: Mismagius|Dazzling Gleam|p1a: Kricketune\n|-damage|p1a: Kricketune|204/312\n|-damage|p2a: Mismagius|71/100|[from] item: Life Orb\n|move|p1a: Kricketune|Knock Off|p2a: Mismagius\n|-supereffective|p2a: Mismagius\n|-damage|p2a: Mismagius|0 fnt\n|-enditem|p2a: Mismagius|Life Orb|[from] move: Knock Off|[of] p1a: Kricketune\n|faint|p2a: Mismagius\n|\n|win|p0x15181424", "uploadtime": 1783557708, "views": 0, "rating": 0, "private": 0, "password": null, "_winner": "p0x15181424", "_our_name": "p0x15181424"}