{"id": "battle-gen9randombattle-2972", "formatid": "gen9randombattle", "format": "[Gen 9] Random Battle", "players": ["p0x2972986c", "p0y297285f4"], "log": "|init|battle\n|title|p0x2972986c vs. p0y297285f4\n|j|\u2606p0x2972986c\n|j|\u2606p0y297285f4\n|t:|1783574216\n|gametype|singles\n|player|p1|p0x2972986c|169|\n|player|p2|p0y297285f4|2|\n|gen|9\n|tier|[Gen 9] Random Battle\n|rule|Species Clause: Limit one of each Pok\u00e9mon\n|rule|HP Percentage Mod: HP is shown in percentages\n|rule|Sleep Clause Mod: Limit one foe put to sleep\n|rule|Illusion Level Mod: Illusion disguises the Pok\u00e9mon's true level\n|\n|t:|1783574216\n|teamsize|p1|6\n|teamsize|p2|6\n|start\n|switch|p1a: Flutter Mane|Flutter Mane, L74|203/203\n|switch|p2a: Drifblim|Drifblim, L86, F|100/100\n|turn|1\n|inactive|Battle timer is ON: inactive players will automatically lose when time's up. (requested by p0x2972986c)\n|inactive|p0y297285f4 also wants the timer to be on.\n|\n|t:|1783574218\n|move|p1a: Flutter Mane|Shadow Ball|p2a: Drifblim\n|-supereffective|p2a: Drifblim\n|-damage|p2a: Drifblim|17/100\n|-enditem|p2a: Drifblim|Sitrus Berry|[eat]\n|-heal|p2a: Drifblim|42/100|[from] item: Sitrus Berry\n|move|p2a: Drifblim|Shadow Ball|p1a: Flutter Mane\n|-supereffective|p1a: Flutter Mane\n|-damage|p1a: Flutter Mane|59/203\n|\n|upkeep\n|turn|2\n|inactive|Time left: 300 sec this turn | 300 sec total\n|\n|t:|1783574219\n|-end|p1a: Flutter Mane|Protosynthesis|[silent]\n|switch|p1a: Grimmsnarl|Grimmsnarl, L83, M|293/293\n|move|p2a: Drifblim|Air Slash|p1a: Grimmsnarl\n|-damage|p1a: Grimmsnarl|196/293\n|\n|-heal|p1a: Grimmsnarl|214/293|[from] item: Leftovers\n|upkeep\n|turn|3\n|inactive|Time left: 300 sec this turn | 300 sec total\n|\n|t:|1783574220\n|move|p2a: Drifblim|Strength Sap|p1a: Grimmsnarl\n|-unboost|p1a: Grimmsnarl|atk|1\n|-heal|p2a: Drifblim|100/100\n|move|p1a: Grimmsnarl|Spirit Break|p2a: Drifblim\n|-damage|p2a: Drifblim|74/100\n|-unboost|p2a: Drifblim|spa|1\n|\n|-heal|p1a: Grimmsnarl|232/293|[from] item: Leftovers\n|upkeep\n|turn|4\n|inactive|Time left: 300 sec this turn | 300 sec total\n|\n|t:|1783574221\n|move|p2a: Drifblim|Strength Sap|p1a: Grimmsnarl\n|-unboost|p1a: Grimmsnarl|atk|1\n|-heal|p2a: Drifblim|100/100\n|move|p1a: Grimmsnarl|Spirit Break|p2a: Drifblim\n|-damage|p2a: Drifblim|82/100\n|-unboost|p2a: Drifblim|spa|1\n|\n|-heal|p1a: Grimmsnarl|250/293|[from] item: Leftovers\n|upkeep\n|turn|5\n|inactive|Time left: 300 sec this turn | 300 sec total\n|\n|t:|1783574222\n|switch|p1a: Flutter Mane|Flutter Mane, L74|59/203\n|move|p2a: Drifblim|Strength Sap|p1a: Flutter Mane\n|-unboost|p1a: Flutter Mane|atk|1\n|-heal|p2a: Drifblim|100/100\n|\n|upkeep\n|turn|6\n|inactive|Time left: 300 sec this turn | 300 sec total\n|\n|t:|1783574223\n|move|p2a: Drifblim|Shadow Ball|p1a: Flutter Mane\n|-supereffective|p1a: Flutter Mane\n|-damage|p1a: Flutter Mane|0 fnt\n|faint|p1a: Flutter Mane\n|-end|p1a: Flutter Mane|Protosynthesis|[silent]\n|\n|upkeep\n|inactive|Time left: 300 sec this turn | 300 sec total | 5 sec grace\n|\n|t:|1783574223\n|switch|p1a: Palossand|Palossand, L89, M|296/296\n|turn|7\n|inactive|Time left: 300 sec this turn | 300 sec total\n|\n|t:|1783574224\n|switch|p2a: Arbok|Arbok, L87, M|100/100\n|-ability|p2a: Arbok|Intimidate|boost\n|-unboost|p1a: Palossand|atk|1\n|move|p1a: Palossand|Stealth Rock|p2a: Arbok\n|-sidestart|p2: p0y297285f4|move: Stealth Rock\n|\n|upkeep\n|turn|8\n|inactive|Time left: 300 sec this turn | 300 sec total\n|\n|t:|1783574225\n|move|p2a: Arbok|Gunk Shot|p1a: Palossand\n|-resisted|p1a: Palossand\n|-damage|p1a: Palossand|270/296\n|move|p1a: Palossand|Earth Power|p2a: Arbok\n|-supereffective|p2a: Arbok\n|-damage|p2a: Arbok|13/100\n|\n|-heal|p2a: Arbok|19/100|[from] item: Leftovers\n|-heal|p1a: Palossand|288/296|[from] item: Leftovers\n|upkeep\n|turn|9\n|inactive|Time left: 300 sec this turn | 300 sec total\n|\n|t:|1783574226\n|move|p2a: Arbok|Gunk Shot|p1a: Palossand\n|-resisted|p1a: Palossand\n|-damage|p1a: Palossand|264/296\n|move|p1a: Palossand|Shadow Ball|p2a: Arbok\n|-damage|p2a: Arbok|0 fnt\n|faint|p2a: Arbok\n|\n|-heal|p1a: Palossand|282/296|[from] item: Leftovers\n|upkeep\n|\n|t:|1783574227\n|switch|p2a: Scovillain|Scovillain, L91, M|100/100\n|turn|10\n|inactive|Time left: 300 sec this turn | 300 sec total\n|\n|t:|1783574228\n|move|p2a: Scovillain|Energy Ball|p1a: Palossand\n|-supereffective|p1a: Palossand\n|-damage|p1a: Palossand|10/296\n|move|p1a: Palossand|Shadow Ball|p2a: Scovillain\n|-damage|p2a: Scovillain|57/100\n|\n|-heal|p1a: Palossand|28/296|[from] item: Leftovers\n|upkeep\n|turn|11\n|inactive|Time left: 300 sec this turn | 300 sec total\n|\n|t:|1783574229\n|move|p2a: Scovillain|Fire Blast|p1a: Palossand\n|-damage|p1a: Palossand|0 fnt\n|faint|p1a: Palossand\n|\n|upkeep\n|inactive|Time left: 300 sec this turn | 300 sec total | 5 sec grace\n|\n|t:|1783574229\n|switch|p1a: Shaymin|Shaymin-Sky, L73|266/266\n|turn|12\n|inactive|Time left: 300 sec this turn | 300 sec total\n|\n|t:|1783574230\n|switch|p2a: Jolteon|Jolteon, L84, M|100/100\n|-damage|p2a: Jolteon|88/100|[from] Stealth Rock\n|move|p1a: Shaymin|Air Slash|p2a: Jolteon\n|-resisted|p2a: Jolteon\n|-damage|p2a: Jolteon|74/100\n|\n|upkeep\n|turn|13\n|inactive|Time left: 300 sec this turn | 300 sec total\n|\n|t:|1783574231\n|switch|p1a: Quagsire|Quagsire, L84, M|297/297\n|move|p2a: Jolteon|Calm Mind|p2a: Jolteon\n|-boost|p2a: Jolteon|spa|1\n|-boost|p2a: Jolteon|spd|1\n|\n|upkeep\n|turn|14\n|inactive|Time left: 300 sec this turn | 300 sec total\n|\n|t:|1783574232\n|switch|p2a: Drifblim|Drifblim, L86, F|100/100\n|-damage|p2a: Drifblim|75/100|[from] Stealth Rock\n|move|p1a: Quagsire|Earthquake|p2a: Drifblim\n|-immune|p2a: Drifblim\n|\n|upkeep\n|turn|15\n|inactive|Time left: 300 sec this turn | 300 sec total\n|\n|t:|1783574233\n|move|p2a: Drifblim|Calm Mind|p2a: Drifblim\n|-boost|p2a: Drifblim|spa|1\n|-boost|p2a: Drifblim|spd|1\n|move|p1a: Quagsire|Toxic|p2a: Drifblim\n|-status|p2a: Drifblim|tox\n|\n|-damage|p2a: Drifblim|69/100 tox|[from] psn\n|upkeep\n|turn|16\n|inactive|Time left: 300 sec this turn | 300 sec total\n|\n|t:|1783574234\n|move|p2a: Drifblim|Strength Sap|p1a: Quagsire\n|-unboost|p1a: Quagsire|atk|1\n|-heal|p2a: Drifblim|100/100 tox\n|move|p1a: Quagsire|Ice Beam|p2a: Drifblim\n|-supereffective|p2a: Drifblim\n|-damage|p2a: Drifblim|68/100 tox\n|\n|-damage|p2a: Drifblim|56/100 tox|[from] psn\n|upkeep\n|turn|17\n|inactive|Time left: 300 sec this turn | 300 sec total\n|\n|t:|1783574235\n|move|p2a: Drifblim|Strength Sap|p1a: Quagsire\n|-unboost|p1a: Quagsire|atk|1\n|-heal|p2a: Drifblim|88/100 tox\n|move|p1a: Quagsire|Ice Beam|p2a: Drifblim\n|-supereffective|p2a: Drifblim\n|-damage|p2a: Drifblim|57/100 tox\n|\n|-damage|p2a: Drifblim|39/100 tox|[from] psn\n|upkeep\n|turn|18\n|inactive|Time left: 300 sec this turn | 300 sec total\n|\n|t:|1783574236\n|move|p2a: Drifblim|Strength Sap|p1a: Quagsire\n|-unboost|p1a: Quagsire|atk|1\n|-heal|p2a: Drifblim|63/100 tox\n|move|p1a: Quagsire|Ice Beam|p2a: Drifblim\n|-supereffective|p2a: Drifblim\n|-damage|p2a: Drifblim|30/100 tox\n|\n|-damage|p2a: Drifblim|6/100 tox|[from] psn\n|upkeep\n|turn|19\n|inactive|Time left: 300 sec this turn | 300 sec total\n|\n|t:|1783574237\n|switch|p1a: Grimmsnarl|Grimmsnarl, L83, M|250/293\n|move|p2a: Drifblim|Air Slash|p1a: Grimmsnarl|[miss]\n|-miss|p2a: Drifblim|p1a: Grimmsnarl\n|\n|-heal|p1a: Grimmsnarl|268/293|[from] item: Leftovers\n|-damage|p2a: Drifblim|0 fnt|[from] psn\n|faint|p2a: Drifblim\n|upkeep\n|\n|t:|1783574238\n|switch|p2a: Scovillain|Scovillain, L91, M|57/100\n|turn|20\n|inactive|Time left: 300 sec this turn | 300 sec total\n|\n|t:|1783574239\n|move|p2a: Scovillain|Fire Blast|p1a: Grimmsnarl\n|-damage|p1a: Grimmsnarl|90/293\n|move|p1a: Grimmsnarl|Spirit Break|p2a: Scovillain\n|-resisted|p2a: Scovillain\n|-damage|p2a: Scovillain|38/100\n|-unboost|p2a: Scovillain|spa|1\n|\n|-heal|p1a: Grimmsnarl|108/293|[from] item: Leftovers\n|upkeep\n|turn|21\n|inactive|Time left: 300 sec this turn | 300 sec total\n|\n|t:|1783574240\n|move|p1a: Grimmsnarl|Sucker Punch|p2a: Scovillain\n|-damage|p2a: Scovillain|0 fnt\n|faint|p2a: Scovillain\n|\n|-heal|p1a: Grimmsnarl|126/293|[from] item: Leftovers\n|upkeep\n|\n|t:|1783574240\n|switch|p2a: Jolteon|Jolteon, L84, M|74/100\n|-damage|p2a: Jolteon|61/100|[from] Stealth Rock\n|turn|22\n|inactive|Time left: 300 sec this turn | 300 sec total\n|\n|t:|1783574241\n|switch|p1a: Quagsire|Quagsire, L84, M|297/297\n|move|p2a: Jolteon|Thunderbolt|p1a: Quagsire\n|-immune|p1a: Quagsire\n|\n|upkeep\n|turn|23\n|inactive|Time left: 300 sec this turn | 300 sec total\n|\n|t:|1783574242\n|switch|p2a: Jumpluff|Jumpluff, L87, M|100/100\n|-damage|p2a: Jumpluff|76/100|[from] Stealth Rock\n|move|p1a: Quagsire|Earthquake|p2a: Jumpluff\n|-immune|p2a: Jumpluff\n|\n|upkeep\n|turn|24\n|inactive|Time left: 300 sec this turn | 300 sec total\n|\n|t:|1783574243\n|move|p2a: Jumpluff|Leech Seed|p1a: Quagsire\n|-start|p1a: Quagsire|move: Leech Seed\n|move|p1a: Quagsire|Ice Beam|p2a: Jumpluff\n|-supereffective|p2a: Jumpluff\n|-damage|p2a: Jumpluff|15/100\n|\n|-damage|p1a: Quagsire|260/297|[from] Leech Seed|[of] p2a: Jumpluff\n|-heal|p2a: Jumpluff|29/100|[silent]\n|upkeep\n|turn|25\n|inactive|Time left: 300 sec this turn | 300 sec total\n|\n|t:|1783574244\n|move|p2a: Jumpluff|Strength Sap|p1a: Quagsire\n|-unboost|p1a: Quagsire|atk|1\n|-heal|p2a: Jumpluff|99/100\n|move|p1a: Quagsire|Ice Beam|p2a: Jumpluff\n|-supereffective|p2a: Jumpluff\n|-damage|p2a: Jumpluff|30/100\n|-status|p2a: Jumpluff|frz\n|\n|-heal|p1a: Quagsire|278/297|[from] item: Leftovers\n|-damage|p1a: Quagsire|241/297|[from] Leech Seed|[of] p2a: Jumpluff\n|-heal|p2a: Jumpluff|44/100 frz|[silent]\n|upkeep\n|turn|26\n|inactive|Time left: 300 sec this turn | 300 sec total\n|\n|t:|1783574245\n|switch|p1a: Grimmsnarl|Grimmsnarl, L83, M|126/293\n|-curestatus|p2a: Jumpluff|frz|[msg]\n|move|p2a: Jumpluff|Strength Sap|p1a: Grimmsnarl\n|-unboost|p1a: Grimmsnarl|atk|1\n|-heal|p2a: Jumpluff|100/100\n|\n|-heal|p1a: Grimmsnarl|144/293|[from] item: Leftovers\n|upkeep\n|turn|27\n|inactive|Time left: 300 sec this turn | 300 sec total\n|\n|t:|1783574247\n|switch|p1a: Quagsire|Quagsire, L84, M|241/297\n|move|p2a: Jumpluff|Acrobatics|p1a: Quagsire\n|-damage|p1a: Quagsire|160/297\n|\n|-heal|p1a: Quagsire|178/297|[from] item: Leftovers\n|upkeep\n|turn|28\n|inactive|Time left: 300 sec this turn | 300 sec total\n|\n|t:|1783574248\n|move|p2a: Jumpluff|Leech Seed|p1a: Quagsire\n|-start|p1a: Quagsire|move: Leech Seed\n|move|p1a: Quagsire|Ice Beam|p2a: Jumpluff\n|-supereffective|p2a: Jumpluff\n|-damage|p2a: Jumpluff|37/100\n|\n|-heal|p1a: Quagsire|196/297|[from] item: Leftovers\n|-damage|p1a: Quagsire|159/297|[from] Leech Seed|[of] p2a: Jumpluff\n|-heal|p2a: Jumpluff|51/100|[silent]\n|upkeep\n|turn|29\n|inactive|Time left: 300 sec this turn | 300 sec total\n|\n|t:|1783574249\n|move|p2a: Jumpluff|Strength Sap|p1a: Quagsire\n|-unboost|p1a: Quagsire|atk|1\n|-heal|p2a: Jumpluff|100/100\n|move|p1a: Quagsire|Ice Beam|p2a: Jumpluff\n|-supereffective|p2a: Jumpluff\n|-damage|p2a: Jumpluff|39/100\n|\n|-heal|p1a: Quagsire|177/297|[from] item: Leftovers\n|-damage|p1a: Quagsire|140/297|[from] Leech Seed|[of] p2a: Jumpluff\n|-heal|p2a: Jumpluff|52/100|[silent]\n|upkeep\n|turn|30\n|inactive|Time left: 300 sec this turn | 300 sec total\n|\n|t:|1783574250\n|move|p2a: Jumpluff|Strength Sap|p1a: Quagsire\n|-unboost|p1a: Quagsire|atk|1\n|-heal|p2a: Jumpluff|99/100\n|move|p1a: Quagsire|Ice Beam|p2a: Jumpluff\n|-supereffective|p2a: Jumpluff\n|-damage|p2a: Jumpluff|34/100\n|\n|-heal|p1a: Quagsire|158/297|[from] item: Leftovers\n|-damage|p1a: Quagsire|121/297|[from] Leech Seed|[of] p2a: Jumpluff\n|-heal|p2a: Jumpluff|48/100|[silent]\n|upkeep\n|turn|31\n|inactive|Time left: 300 sec this turn | 300 sec total\n|\n|t:|1783574251\n|move|p2a: Jumpluff|Strength Sap|p1a: Quagsire\n|-unboost|p1a: Quagsire|atk|1\n|-heal|p2a: Jumpluff|83/100\n|move|p1a: Quagsire|Ice Beam|p2a: Jumpluff\n|-supereffective|p2a: Jumpluff\n|-damage|p2a: Jumpluff|18/100\n|\n|-heal|p1a: Quagsire|139/297|[from] item: Leftovers\n|-damage|p1a: Quagsire|102/297|[from] Leech Seed|[of] p2a: Jumpluff\n|-heal|p2a: Jumpluff|31/100|[silent]\n|upkeep\n|turn|32\n|inactive|Time left: 300 sec this turn | 300 sec total\n|\n|t:|1783574252\n|move|p2a: Jumpluff|Strength Sap|p1a: Quagsire\n|-unboost|p1a: Quagsire|atk|1\n|-heal|p2a: Jumpluff|60/100\n|move|p1a: Quagsire|Ice Beam|p2a: Jumpluff\n|-supereffective|p2a: Jumpluff\n|-damage|p2a: Jumpluff|0 fnt\n|faint|p2a: Jumpluff\n|\n|-heal|p1a: Quagsire|120/297|[from] item: Leftovers\n|upkeep\n|\n|t:|1783574253\n|switch|p2a: Jolteon|Jolteon, L84, M|61/100\n|-damage|p2a: Jolteon|49/100|[from] Stealth Rock\n|turn|33\n|inactive|Time left: 300 sec this turn | 300 sec total\n|\n|t:|1783574254\n|switch|p1a: Duraludon|Duraludon, L82, M|249/249\n|move|p2a: Jolteon|Calm Mind|p2a: Jolteon\n|-boost|p2a: Jolteon|spa|1\n|-boost|p2a: Jolteon|spd|1\n|\n|upkeep\n|turn|34\n|inactive|Time left: 300 sec this turn | 300 sec total\n|\n|t:|1783574255\n|move|p2a: Jolteon|Alluring Voice|p1a: Duraludon\n|-damage|p1a: Duraludon|126/249\n|-damage|p2a: Jolteon|40/100|[from] item: Life Orb\n|move|p1a: Duraludon|Body Press|p2a: Jolteon\n|-damage|p2a: Jolteon|9/100\n|\n|upkeep\n|turn|35\n|inactive|Time left: 300 sec this turn | 300 sec total\n|\n|t:|1783574256\n|switch|p1a: Quagsire|Quagsire, L84, M|120/297\n|move|p2a: Jolteon|Thunderbolt|p1a: Quagsire\n|-immune|p1a: Quagsire\n|\n|-heal|p1a: Quagsire|138/297|[from] item: Leftovers\n|upkeep\n|turn|36\n|inactive|Time left: 300 sec this turn | 300 sec total\n|\n|t:|1783574257\n|move|p2a: Jolteon|Alluring Voice|p1a: Quagsire\n|-damage|p1a: Quagsire|43/297\n|-damage|p2a: Jolteon|0 fnt|[from] item: Life Orb\n|faint|p2a: Jolteon\n|move|p1a: Quagsire|Recover|p1a: Quagsire\n|-heal|p1a: Quagsire|192/297\n|\n|-heal|p1a: Quagsire|210/297|[from] item: Leftovers\n|upkeep\n|\n|t:|1783574258\n|switch|p2a: Kingdra|Kingdra, L84, M|100/100\n|-damage|p2a: Kingdra|88/100|[from] Stealth Rock\n|turn|37\n|inactive|Time left: 300 sec this turn | 300 sec total\n|\n|t:|1783574259\n|move|p2a: Kingdra|Draco Meteor|p1a: Quagsire\n|-damage|p1a: Quagsire|0 fnt\n|-unboost|p2a: Kingdra|spa|2\n|faint|p1a: Quagsire\n|-damage|p2a: Kingdra|78/100|[from] item: Life Orb\n|\n|upkeep\n|inactive|Time left: 300 sec this turn | 300 sec total | 5 sec grace\n|\n|t:|1783574260\n|switch|p1a: Duraludon|Duraludon, L82, M|126/249\n|turn|38\n|inactive|Time left: 300 sec this turn | 300 sec total\n|\n|t:|1783574261\n|-terastallize|p2a: Kingdra|Water\n|move|p2a: Kingdra|Hurricane|p1a: Duraludon\n|-resisted|p1a: Duraludon\n|-damage|p1a: Duraludon|101/249\n|-damage|p2a: Kingdra|69/100|[from] item: Life Orb\n|move|p1a: Duraludon|Draco Meteor|p2a: Kingdra\n|-damage|p2a: Kingdra|12/100\n|-unboost|p1a: Duraludon|spa|2\n|\n|upkeep\n|turn|39\n|inactive|Time left: 300 sec this turn | 300 sec total\n|\n|t:|1783574262\n|move|p2a: Kingdra|Rain Dance|p2a: Kingdra\n|-weather|RainDance\n|move|p1a: Duraludon|Draco Meteor|p2a: Kingdra\n|-damage|p2a: Kingdra|0 fnt\n|-unboost|p1a: Duraludon|spa|2\n|faint|p2a: Kingdra\n|\n|win|p0x2972986c", "uploadtime": 1783574262, "views": 0, "rating": 0, "private": 0, "password": null, "_winner": "p0x2972986c", "_our_name": "p0x2972986c"}