{"id": "battle-gen9randombattle-395", "formatid": "gen9randombattle", "format": "[Gen 9] Random Battle", "players": ["p0x395cb7b", "p0y395c600"], "log": "|init|battle\n|title|p0x395cb7b vs. p0y395c600\n|j|\u2606p0x395cb7b\n|j|\u2606p0y395c600\n|t:|1783543674\n|gametype|singles\n|player|p1|p0x395cb7b|2|\n|player|p2|p0y395c600|169|\n|gen|9\n|tier|[Gen 9] Random Battle\n|rule|Species Clause: Limit one of each Pok\u00e9mon\n|rule|HP Percentage Mod: HP is shown in percentages\n|rule|Sleep Clause Mod: Limit one foe put to sleep\n|rule|Illusion Level Mod: Illusion disguises the Pok\u00e9mon's true level\n|\n|t:|1783543674\n|teamsize|p1|6\n|teamsize|p2|6\n|start\n|switch|p1a: Gliscor|Gliscor, L76, F|239/239\n|switch|p2a: Rayquaza|Rayquaza, L72|100/100\n|-ability|p2a: Rayquaza|Air Lock\n|turn|1\n|inactive|Battle timer is ON: inactive players will automatically lose when time's up. (requested by p0x395cb7b)\n|inactive|p0y395c600 also wants the timer to be on.\n|\n|t:|1783543676\n|move|p1a: Gliscor|Knock Off|p2a: Rayquaza\n|-damage|p2a: Rayquaza|78/100\n|-enditem|p2a: Rayquaza|Heavy-Duty Boots|[from] move: Knock Off|[of] p1a: Gliscor\n|move|p2a: Rayquaza|Swords Dance|p2a: Rayquaza\n|-boost|p2a: Rayquaza|atk|2\n|\n|-status|p1a: Gliscor|tox|[from] item: Toxic Orb\n|upkeep\n|turn|2\n|inactive|Time left: 300 sec this turn | 300 sec total\n|\n|t:|1783543677\n|move|p1a: Gliscor|Protect|p1a: Gliscor\n|-singleturn|p1a: Gliscor|Protect\n|move|p2a: Rayquaza|Dragon Ascent|p1a: Gliscor\n|-activate|p1a: Gliscor|move: Protect\n|\n|upkeep\n|turn|3\n|inactive|Time left: 300 sec this turn | 300 sec total\n|\n|t:|1783543678\n|move|p1a: Gliscor|Toxic|p2a: Rayquaza\n|-status|p2a: Rayquaza|tox\n|move|p2a: Rayquaza|Dragon Ascent|p1a: Gliscor\n|-damage|p1a: Gliscor|22/239 tox\n|-unboost|p2a: Rayquaza|def|1\n|-unboost|p2a: Rayquaza|spd|1\n|\n|-heal|p1a: Gliscor|51/239 tox|[from] ability: Poison Heal\n|-damage|p2a: Rayquaza|72/100 tox|[from] psn\n|upkeep\n|turn|4\n|inactive|Time left: 300 sec this turn | 300 sec total\n|\n|t:|1783543679\n|move|p1a: Gliscor|Protect|p1a: Gliscor\n|-singleturn|p1a: Gliscor|Protect\n|move|p2a: Rayquaza|Dragon Ascent|p1a: Gliscor\n|-activate|p1a: Gliscor|move: Protect\n|\n|-heal|p1a: Gliscor|80/239 tox|[from] ability: Poison Heal\n|-damage|p2a: Rayquaza|60/100 tox|[from] psn\n|upkeep\n|turn|5\n|inactive|Time left: 300 sec this turn | 300 sec total\n|\n|t:|1783543680\n|move|p1a: Gliscor|Protect||[still]\n|-fail|p1a: Gliscor\n|move|p2a: Rayquaza|Dragon Ascent|p1a: Gliscor\n|-damage|p1a: Gliscor|0 fnt\n|-unboost|p2a: Rayquaza|def|1\n|-unboost|p2a: Rayquaza|spd|1\n|faint|p1a: Gliscor\n|\n|-damage|p2a: Rayquaza|42/100 tox|[from] psn\n|upkeep\n|inactive|Time left: 300 sec this turn | 300 sec total | 5 sec grace\n|\n|t:|1783543681\n|switch|p1a: Urshifu|Urshifu, L74, M|270/270\n|turn|6\n|inactive|Time left: 300 sec this turn | 300 sec total\n|\n|t:|1783543682\n|move|p2a: Rayquaza|Extreme Speed|p1a: Urshifu\n|-damage|p1a: Urshifu|159/270\n|move|p1a: Urshifu|Wicked Blow|p2a: Rayquaza\n|-crit|p2a: Rayquaza\n|-damage|p2a: Rayquaza|0 fnt\n|faint|p2a: Rayquaza\n|\n|upkeep\n|\n|t:|1783543683\n|switch|p2a: Furret|Furret, L94, M|100/100\n|-item|p1a: Urshifu|Choice Band|[from] ability: Frisk|[of] p2a: Furret\n|turn|7\n|inactive|Time left: 300 sec this turn | 300 sec total\n|\n|t:|1783543684\n|move|p2a: Furret|Double-Edge|p1a: Urshifu\n|-damage|p1a: Urshifu|0 fnt\n|faint|p1a: Urshifu\n|-damage|p2a: Furret|84/100|[from] Recoil\n|\n|upkeep\n|inactive|Time left: 300 sec this turn | 300 sec total | 5 sec grace\n|\n|t:|1783543684\n|switch|p1a: Brambleghast|Brambleghast, L88, M|240/240\n|turn|8\n|inactive|Time left: 300 sec this turn | 300 sec total\n|\n|t:|1783543686\n|switch|p2a: Rillaboom|Rillaboom, L79, F|100/100\n|-fieldstart|move: Grassy Terrain|[from] ability: Grassy Surge|[of] p2a: Rillaboom\n|move|p1a: Brambleghast|Power Whip|p2a: Rillaboom|[miss]\n|-miss|p1a: Brambleghast|p2a: Rillaboom\n|\n|upkeep\n|turn|9\n|inactive|Time left: 300 sec this turn | 300 sec total\n|\n|t:|1783543687\n|move|p1a: Brambleghast|Poltergeist|p2a: Rillaboom\n|-activate|p2a: Rillaboom|move: Poltergeist|Choice Band\n|-damage|p2a: Rillaboom|49/100\n|move|p2a: Rillaboom|Knock Off|p1a: Brambleghast\n|-supereffective|p1a: Brambleghast\n|-damage|p1a: Brambleghast|0 fnt\n|-enditem|p1a: Brambleghast|Leftovers|[from] move: Knock Off|[of] p2a: Rillaboom\n|faint|p1a: Brambleghast\n|\n|-heal|p2a: Rillaboom|56/100|[from] Grassy Terrain\n|upkeep\n|inactive|Time left: 300 sec this turn | 300 sec total | 5 sec grace\n|\n|t:|1783543688\n|switch|p1a: Cinccino|Cinccino, L83, M|260/260\n|turn|10\n|inactive|Time left: 300 sec this turn | 300 sec total\n|\n|t:|1783543689\n|switch|p2a: Houndstone|Houndstone, L86, M|100/100\n|move|p1a: Cinccino|Tail Slap|p2a: Houndstone\n|-immune|p2a: Houndstone\n|\n|upkeep\n|turn|11\n|inactive|Time left: 300 sec this turn | 300 sec total\n|\n|t:|1783543690\n|switch|p1a: Vivillon|Vivillon-Ocean, L83, M|268/268\n|move|p2a: Houndstone|Body Press|p1a: Vivillon\n|-resisted|p1a: Vivillon\n|-damage|p1a: Vivillon|247/268\n|\n|upkeep\n|turn|12\n|inactive|Time left: 300 sec this turn | 300 sec total\n|\n|t:|1783543691\n|move|p1a: Vivillon|Sleep Powder|p2a: Houndstone\n|-status|p2a: Houndstone|slp|[from] move: Sleep Powder\n|cant|p2a: Houndstone|slp\n|\n|-fieldend|move: Grassy Terrain\n|upkeep\n|turn|13\n|inactive|Time left: 300 sec this turn | 300 sec total\n|\n|t:|1783543692\n|switch|p2a: Furret|Furret, L94, M|84/100\n|-item|p1a: Vivillon|Heavy-Duty Boots|[from] ability: Frisk|[of] p2a: Furret\n|move|p1a: Vivillon|Quiver Dance|p1a: Vivillon\n|-boost|p1a: Vivillon|spa|1\n|-boost|p1a: Vivillon|spd|1\n|-boost|p1a: Vivillon|spe|1\n|\n|upkeep\n|turn|14\n|inactive|Time left: 300 sec this turn | 300 sec total\n|\n|t:|1783543693\n|move|p1a: Vivillon|Hurricane|p2a: Furret\n|-damage|p2a: Furret|19/100\n|move|p2a: Furret|Double-Edge|p1a: Vivillon\n|-damage|p1a: Vivillon|0 fnt\n|faint|p1a: Vivillon\n|-damage|p2a: Furret|0 fnt|[from] Recoil\n|faint|p2a: Furret\n|\n|upkeep\n|inactive|Time left: 300 sec this turn | 300 sec total | 5 sec grace\n|\n|t:|1783543694\n|switch|p2a: Dudunsparce|Dudunsparce-Three-Segment, L83, M|100/100\n|switch|p1a: Persian|Persian, L92, F|269/269\n|turn|15\n|inactive|Time left: 300 sec this turn | 300 sec total\n|\n|t:|1783543695\n|move|p1a: Persian|Double-Edge|p2a: Dudunsparce\n|-damage|p2a: Dudunsparce|45/100\n|-damage|p1a: Persian|206/269|[from] Recoil\n|move|p2a: Dudunsparce|Boomburst|p1a: Persian\n|-damage|p1a: Persian|52/269\n|\n|-heal|p2a: Dudunsparce|51/100|[from] item: Leftovers\n|upkeep\n|turn|16\n|inactive|Time left: 300 sec this turn | 300 sec total\n|\n|t:|1783543696\n|-terastallize|p2a: Dudunsparce|Ghost\n|move|p1a: Persian|Double-Edge|p2a: Dudunsparce\n|-immune|p2a: Dudunsparce\n|move|p2a: Dudunsparce|Boomburst|p1a: Persian\n|-damage|p1a: Persian|0 fnt\n|faint|p1a: Persian\n|\n|-heal|p2a: Dudunsparce|57/100|[from] item: Leftovers\n|upkeep\n|inactive|Time left: 300 sec this turn | 300 sec total | 5 sec grace\n|\n|t:|1783543697\n|switch|p1a: Cinccino|Cinccino, L83, M|260/260\n|turn|17\n|inactive|Time left: 300 sec this turn | 300 sec total\n|\n|t:|1783543698\n|-terastallize|p1a: Cinccino|Ice\n|move|p1a: Cinccino|Triple Axel|p2a: Dudunsparce|[miss]\n|-miss|p1a: Cinccino|p2a: Dudunsparce\n|move|p2a: Dudunsparce|Boomburst|p1a: Cinccino\n|-damage|p1a: Cinccino|92/260\n|\n|-heal|p2a: Dudunsparce|63/100|[from] item: Leftovers\n|upkeep\n|turn|18\n|inactive|Time left: 300 sec this turn | 300 sec total\n|\n|t:|1783543699\n|move|p1a: Cinccino|Triple Axel|p2a: Dudunsparce\n|-damage|p2a: Dudunsparce|54/100\n|-damage|p2a: Dudunsparce|35/100\n|-damage|p2a: Dudunsparce|4/100\n|-hitcount|p2a: Dudunsparce|3\n|move|p2a: Dudunsparce|Boomburst|p1a: Cinccino\n|-damage|p1a: Cinccino|0 fnt\n|faint|p1a: Cinccino\n|\n|win|p0y395c600", "uploadtime": 1783543699, "views": 0, "rating": 0, "private": 0, "password": null, "_winner": "p0y395c600", "_our_name": "p0x395cb7b"}