{"id": "battle-gen9randombattle-1253", "formatid": "gen9randombattle", "format": "[Gen 9] Random Battle", "players": ["p0x12531597", "p0y1253dea5"], "log": "|init|battle\n|title|p0x12531597 vs. p0y1253dea5\n|j|\u2606p0x12531597\n|j|\u2606p0y1253dea5\n|t:|1783554523\n|gametype|singles\n|player|p1|p0x12531597|170|\n|player|p2|p0y1253dea5|102|\n|gen|9\n|tier|[Gen 9] Random Battle\n|rule|Species Clause: Limit one of each Pok\u00e9mon\n|rule|HP Percentage Mod: HP is shown in percentages\n|rule|Sleep Clause Mod: Limit one foe put to sleep\n|rule|Illusion Level Mod: Illusion disguises the Pok\u00e9mon's true level\n|\n|t:|1783554523\n|teamsize|p1|6\n|teamsize|p2|6\n|start\n|switch|p1a: Leafeon|Leafeon, L88, F|100/100\n|switch|p2a: Gumshoos|Gumshoos, L95, F|321/321\n|turn|1\n|inactive|Battle timer is ON: inactive players will automatically lose when time's up. (requested by p0y1253dea5)\n|inactive|p0x12531597 also wants the timer to be on.\n|\n|t:|1783554524\n|move|p1a: Leafeon|Swords Dance|p1a: Leafeon\n|-boost|p1a: Leafeon|atk|2\n|move|p2a: Gumshoos|Double-Edge|p1a: Leafeon\n|-damage|p1a: Leafeon|31/100\n|-damage|p2a: Gumshoos|262/321|[from] Recoil\n|\n|-heal|p1a: Leafeon|37/100|[from] item: Leftovers\n|upkeep\n|turn|2\n|inactive|Time left: 300 sec this turn | 300 sec total\n|\n|t:|1783554525\n|switch|p2a: Charizard|Charizard, L85, M|271/271\n|move|p1a: Leafeon|Leaf Blade|p2a: Charizard\n|-resisted|p2a: Charizard\n|-damage|p2a: Charizard|205/271\n|\n|-heal|p1a: Leafeon|43/100|[from] item: Leftovers\n|upkeep\n|turn|3\n|inactive|Time left: 300 sec this turn | 300 sec total\n|\n|t:|1783554526\n|switch|p1a: Regidrago|Regidrago, L77|100/100\n|move|p2a: Charizard|Flamethrower|p1a: Regidrago\n|-resisted|p1a: Regidrago\n|-damage|p1a: Regidrago|81/100\n|\n|upkeep\n|turn|4\n|inactive|Time left: 300 sec this turn | 300 sec total\n|\n|t:|1783554527\n|-terastallize|p1a: Regidrago|Dragon\n|move|p1a: Regidrago|Outrage|p2a: Charizard\n|-damage|p2a: Charizard|0 fnt\n|faint|p2a: Charizard\n|\n|upkeep\n|inactive|Time left: 300 sec this turn | 300 sec total | 5 sec grace\n|\n|t:|1783554528\n|switch|p2a: Dedenne|Dedenne, L88, F|261/261\n|turn|5\n|inactive|Time left: 300 sec this turn | 300 sec total\n|\n|t:|1783554529\n|move|p1a: Regidrago|Outrage|p2a: Dedenne|[from] lockedmove\n|-immune|p2a: Dedenne\n|move|p2a: Dedenne|Dazzling Gleam|p1a: Regidrago\n|-supereffective|p1a: Regidrago\n|-damage|p1a: Regidrago|20/100\n|\n|upkeep\n|turn|6\n|inactive|Time left: 300 sec this turn | 300 sec total\n|\n|t:|1783554530\n|move|p1a: Regidrago|Outrage|p2a: Dedenne\n|-immune|p2a: Dedenne\n|move|p2a: Dedenne|Dazzling Gleam|p1a: Regidrago\n|-supereffective|p1a: Regidrago\n|-crit|p1a: Regidrago\n|-damage|p1a: Regidrago|0 fnt\n|faint|p1a: Regidrago\n|\n|upkeep\n|\n|t:|1783554531\n|switch|p1a: Sudowoodo|Sudowoodo, L94, M|100/100\n|turn|7\n|inactive|Time left: 300 sec this turn | 300 sec total\n|\n|t:|1783554532\n|switch|p2a: Ludicolo|Ludicolo, L90, M|290/290\n|move|p1a: Sudowoodo|Head Smash|p2a: Ludicolo\n|-crit|p2a: Ludicolo\n|-damage|p2a: Ludicolo|0 fnt\n|faint|p2a: Ludicolo\n|\n|upkeep\n|inactive|Time left: 300 sec this turn | 300 sec total | 5 sec grace\n|\n|t:|1783554533\n|switch|p2a: Zamazenta|Zamazenta, L71|248/248\n|-ability|p2a: Zamazenta|Dauntless Shield|boost\n|-boost|p2a: Zamazenta|def|1\n|turn|8\n|inactive|Time left: 300 sec this turn | 300 sec total\n|\n|t:|1783554534\n|switch|p1a: Chandelure|Chandelure, L83, M|100/100\n|move|p2a: Zamazenta|Body Press|p1a: Chandelure\n|-immune|p1a: Chandelure\n|\n|upkeep\n|turn|9\n|inactive|Time left: 300 sec this turn | 300 sec total\n|\n|t:|1783554535\n|switch|p2a: Gumshoos|Gumshoos, L95, F|262/321\n|move|p1a: Chandelure|Fire Blast|p2a: Gumshoos\n|-damage|p2a: Gumshoos|76/321\n|\n|upkeep\n|turn|10\n|inactive|Time left: 300 sec this turn | 300 sec total\n|\n|t:|1783554536\n|move|p1a: Chandelure|Energy Ball|p2a: Gumshoos\n|-damage|p2a: Gumshoos|0 fnt\n|faint|p2a: Gumshoos\n|\n|upkeep\n|inactive|Time left: 300 sec this turn | 300 sec total | 5 sec grace\n|\n|t:|1783554537\n|switch|p2a: Komala|Komala, L87, M|255/255\n|-ability|p2a: Komala|Comatose\n|turn|11\n|inactive|Time left: 300 sec this turn | 300 sec total\n|\n|t:|1783554538\n|switch|p1a: Houndstone|Houndstone, L86, F|100/100\n|move|p2a: Komala|Knock Off|p1a: Houndstone\n|-supereffective|p1a: Houndstone\n|-damage|p1a: Houndstone|73/100\n|-enditem|p1a: Houndstone|Assault Vest|[from] move: Knock Off|[of] p2a: Komala\n|\n|upkeep\n|turn|12\n|inactive|Time left: 300 sec this turn | 300 sec total\n|\n|t:|1783554539\n|move|p1a: Houndstone|Body Press|p2a: Komala\n|-supereffective|p2a: Komala\n|-damage|p2a: Komala|115/255\n|move|p2a: Komala|U-turn|p1a: Houndstone\n|-resisted|p1a: Houndstone\n|-damage|p1a: Houndstone|68/100\n|inactive|Time left: 300 sec this turn | 300 sec total | 5 sec grace\n|\n|t:|1783554540\n|switch|p2a: Zamazenta|Zamazenta, L71|248/248|[from] U-turn\n|\n|upkeep\n|turn|13\n|inactive|Time left: 300 sec this turn | 300 sec total\n|\n|t:|1783554541\n|move|p2a: Zamazenta|Iron Defense|p2a: Zamazenta\n|-boost|p2a: Zamazenta|def|2\n|move|p1a: Houndstone|Play Rough|p2a: Zamazenta\n|-supereffective|p2a: Zamazenta\n|-damage|p2a: Zamazenta|184/248\n|\n|-heal|p2a: Zamazenta|199/248|[from] item: Leftovers\n|upkeep\n|turn|14\n|inactive|Time left: 300 sec this turn | 300 sec total\n|\n|t:|1783554542\n|move|p2a: Zamazenta|Iron Defense|p2a: Zamazenta\n|-boost|p2a: Zamazenta|def|2\n|move|p1a: Houndstone|Play Rough|p2a: Zamazenta\n|-supereffective|p2a: Zamazenta\n|-damage|p2a: Zamazenta|155/248\n|\n|-heal|p2a: Zamazenta|170/248|[from] item: Leftovers\n|upkeep\n|turn|15\n|inactive|Time left: 300 sec this turn | 300 sec total\n|\n|t:|1783554543\n|switch|p1a: Chandelure|Chandelure, L83, M|100/100\n|move|p2a: Zamazenta|Iron Head|p1a: Chandelure\n|-resisted|p1a: Chandelure\n|-damage|p1a: Chandelure|91/100\n|\n|-heal|p2a: Zamazenta|185/248|[from] item: Leftovers\n|upkeep\n|turn|16\n|inactive|Time left: 300 sec this turn | 300 sec total\n|\n|t:|1783554545\n|move|p2a: Zamazenta|Substitute|p2a: Zamazenta\n|-start|p2a: Zamazenta|Substitute\n|-damage|p2a: Zamazenta|123/248\n|move|p1a: Chandelure|Fire Blast|p2a: Zamazenta\n|-end|p2a: Zamazenta|Substitute\n|\n|-heal|p2a: Zamazenta|138/248|[from] item: Leftovers\n|upkeep\n|turn|17\n|inactive|Time left: 300 sec this turn | 300 sec total\n|\n|t:|1783554546\n|move|p2a: Zamazenta|Iron Head|p1a: Chandelure\n|-resisted|p1a: Chandelure\n|-damage|p1a: Chandelure|80/100\n|-status|p2a: Zamazenta|brn|[from] ability: Flame Body|[of] p1a: Chandelure\n|cant|p1a: Chandelure|flinch\n|\n|-heal|p2a: Zamazenta|153/248 brn|[from] item: Leftovers\n|-damage|p2a: Zamazenta|138/248 brn|[from] brn\n|upkeep\n|turn|18\n|inactive|Time left: 300 sec this turn | 300 sec total\n|\n|t:|1783554547\n|move|p2a: Zamazenta|Substitute|p2a: Zamazenta\n|-start|p2a: Zamazenta|Substitute\n|-damage|p2a: Zamazenta|76/248 brn\n|move|p1a: Chandelure|Fire Blast|p2a: Zamazenta|[miss]\n|-miss|p1a: Chandelure|p2a: Zamazenta\n|\n|-heal|p2a: Zamazenta|91/248 brn|[from] item: Leftovers\n|-damage|p2a: Zamazenta|76/248 brn|[from] brn\n|upkeep\n|turn|19\n|inactive|Time left: 300 sec this turn | 300 sec total\n|\n|t:|1783554548\n|move|p2a: Zamazenta|Iron Head|p1a: Chandelure\n|-resisted|p1a: Chandelure\n|-damage|p1a: Chandelure|74/100\n|move|p1a: Chandelure|Energy Ball|p2a: Zamazenta\n|-end|p2a: Zamazenta|Substitute\n|\n|-heal|p2a: Zamazenta|91/248 brn|[from] item: Leftovers\n|-damage|p2a: Zamazenta|76/248 brn|[from] brn\n|upkeep\n|turn|20\n|inactive|Time left: 300 sec this turn | 300 sec total\n|\n|t:|1783554549\n|move|p2a: Zamazenta|Iron Head|p1a: Chandelure\n|-resisted|p1a: Chandelure\n|-damage|p1a: Chandelure|69/100\n|move|p1a: Chandelure|Calm Mind|p1a: Chandelure\n|-boost|p1a: Chandelure|spa|1\n|-boost|p1a: Chandelure|spd|1\n|\n|-heal|p2a: Zamazenta|91/248 brn|[from] item: Leftovers\n|-damage|p2a: Zamazenta|76/248 brn|[from] brn\n|upkeep\n|turn|21\n|inactive|Time left: 300 sec this turn | 300 sec total\n|\n|t:|1783554551\n|move|p2a: Zamazenta|Iron Head|p1a: Chandelure\n|-resisted|p1a: Chandelure\n|-damage|p1a: Chandelure|65/100\n|cant|p1a: Chandelure|flinch\n|\n|-heal|p2a: Zamazenta|91/248 brn|[from] item: Leftovers\n|-damage|p2a: Zamazenta|76/248 brn|[from] brn\n|upkeep\n|turn|22\n|inactive|Time left: 300 sec this turn | 300 sec total\n|\n|t:|1783554552\n|move|p2a: Zamazenta|Iron Head|p1a: Chandelure\n|-resisted|p1a: Chandelure\n|-damage|p1a: Chandelure|59/100\n|cant|p1a: Chandelure|flinch\n|\n|-heal|p2a: Zamazenta|91/248 brn|[from] item: Leftovers\n|-damage|p2a: Zamazenta|76/248 brn|[from] brn\n|upkeep\n|turn|23\n|inactive|Time left: 300 sec this turn | 300 sec total\n|\n|t:|1783554553\n|move|p2a: Zamazenta|Iron Head|p1a: Chandelure\n|-resisted|p1a: Chandelure\n|-damage|p1a: Chandelure|54/100\n|move|p1a: Chandelure|Fire Blast|p2a: Zamazenta|[miss]\n|-miss|p1a: Chandelure|p2a: Zamazenta\n|\n|-heal|p2a: Zamazenta|91/248 brn|[from] item: Leftovers\n|-damage|p2a: Zamazenta|76/248 brn|[from] brn\n|upkeep\n|turn|24\n|inactive|Time left: 300 sec this turn | 300 sec total\n|\n|t:|1783554554\n|move|p2a: Zamazenta|Iron Head|p1a: Chandelure\n|-resisted|p1a: Chandelure\n|-damage|p1a: Chandelure|49/100\n|cant|p1a: Chandelure|flinch\n|\n|-heal|p2a: Zamazenta|91/248 brn|[from] item: Leftovers\n|-damage|p2a: Zamazenta|76/248 brn|[from] brn\n|upkeep\n|turn|25\n|inactive|Time left: 300 sec this turn | 300 sec total\n|\n|t:|1783554555\n|move|p2a: Zamazenta|Iron Head|p1a: Chandelure\n|-resisted|p1a: Chandelure\n|-damage|p1a: Chandelure|44/100\n|move|p1a: Chandelure|Shadow Ball|p2a: Zamazenta\n|-damage|p2a: Zamazenta|0 fnt\n|faint|p2a: Zamazenta\n|\n|upkeep\n|inactive|Time left: 300 sec this turn | 300 sec total | 5 sec grace\n|\n|t:|1783554557\n|switch|p2a: Komala|Komala, L87, M|115/255\n|-ability|p2a: Komala|Comatose\n|turn|26\n|inactive|Time left: 300 sec this turn | 300 sec total\n|\n|t:|1783554558\n|move|p1a: Chandelure|Fire Blast|p2a: Komala|[miss]\n|-miss|p1a: Chandelure|p2a: Komala\n|move|p2a: Komala|Knock Off|p1a: Chandelure\n|-supereffective|p1a: Chandelure\n|-damage|p1a: Chandelure|0 fnt\n|-enditem|p1a: Chandelure|Heavy-Duty Boots|[from] move: Knock Off|[of] p2a: Komala\n|faint|p1a: Chandelure\n|\n|upkeep\n|\n|t:|1783554558\n|switch|p1a: Leafeon|Leafeon, L88, F|43/100\n|turn|27\n|inactive|Time left: 300 sec this turn | 300 sec total\n|\n|t:|1783554559\n|switch|p2a: Dedenne|Dedenne, L88, F|261/261\n|move|p1a: Leafeon|Leaf Blade|p2a: Dedenne\n|-damage|p2a: Dedenne|113/261\n|-enditem|p2a: Dedenne|Sitrus Berry|[eat]\n|-heal|p2a: Dedenne|178/261|[from] item: Sitrus Berry\n|-heal|p2a: Dedenne|261/261|[from] ability: Cheek Pouch\n|\n|-heal|p1a: Leafeon|49/100|[from] item: Leftovers\n|upkeep\n|turn|28\n|inactive|Time left: 300 sec this turn | 300 sec total\n|\n|t:|1783554560\n|move|p2a: Dedenne|Dazzling Gleam|p1a: Leafeon\n|-damage|p1a: Leafeon|13/100\n|move|p1a: Leafeon|Leaf Blade|p2a: Dedenne\n|-damage|p2a: Dedenne|102/261\n|\n|-heal|p1a: Leafeon|19/100|[from] item: Leftovers\n|upkeep\n|turn|29\n|inactive|Time left: 300 sec this turn | 300 sec total\n|\n|t:|1783554561\n|switch|p1a: Regirock|Regirock, L83|100/100\n|move|p2a: Dedenne|Thunderbolt|p1a: Regirock\n|-damage|p1a: Regirock|71/100\n|\n|upkeep\n|turn|30\n|inactive|Time left: 300 sec this turn | 300 sec total\n|\n|t:|1783554562\n|move|p2a: Dedenne|Thunderbolt|p1a: Regirock\n|-crit|p1a: Regirock\n|-damage|p1a: Regirock|26/100\n|move|p1a: Regirock|Stone Edge|p2a: Dedenne\n|-crit|p2a: Dedenne\n|-damage|p2a: Dedenne|0 fnt\n|faint|p2a: Dedenne\n|\n|upkeep\n|inactive|Time left: 300 sec this turn | 300 sec total | 5 sec grace\n|\n|t:|1783554563\n|switch|p2a: Komala|Komala, L87, M|115/255\n|-ability|p2a: Komala|Comatose\n|turn|31\n|inactive|Time left: 300 sec this turn | 300 sec total\n|\n|t:|1783554564\n|-terastallize|p2a: Komala|Ghost\n|move|p2a: Komala|Body Slam|p1a: Regirock\n|-resisted|p1a: Regirock\n|-damage|p1a: Regirock|16/100\n|move|p1a: Regirock|Stone Edge|p2a: Komala\n|-damage|p2a: Komala|0 fnt\n|faint|p2a: Komala\n|\n|win|p0x12531597", "uploadtime": 1783554564, "views": 0, "rating": 0, "private": 0, "password": null, "_winner": "p0x12531597", "_our_name": "p0y1253dea5"}