{"id": "battle-gen9randombattle-652", "formatid": "gen9randombattle", "format": "[Gen 9] Random Battle", "players": ["p0x6528a74", "p0y65286be"], "log": "|init|battle\n|title|p0x6528a74 vs. p0y65286be\n|j|\u2606p0x6528a74\n|j|\u2606p0y65286be\n|t:|1783546656\n|gametype|singles\n|player|p1|p0x6528a74|1|\n|player|p2|p0y65286be|1|\n|gen|9\n|tier|[Gen 9] Random Battle\n|rule|Species Clause: Limit one of each Pok\u00e9mon\n|rule|HP Percentage Mod: HP is shown in percentages\n|rule|Sleep Clause Mod: Limit one foe put to sleep\n|rule|Illusion Level Mod: Illusion disguises the Pok\u00e9mon's true level\n|\n|t:|1783546656\n|teamsize|p1|6\n|teamsize|p2|6\n|start\n|switch|p1a: Dusknoir|Dusknoir, L89, F|225/225\n|switch|p2a: Vileplume|Vileplume, L85, F|100/100\n|-item|p2a: Vileplume|Leftovers|[from] ability: Frisk|[of] p1a: Dusknoir\n|turn|1\n|inactive|Battle timer is ON: inactive players will automatically lose when time's up. (requested by p0x6528a74)\n|inactive|p0y65286be also wants the timer to be on.\n|\n|t:|1783546658\n|move|p2a: Vileplume|Giga Drain|p1a: Dusknoir\n|-damage|p1a: Dusknoir|165/225\n|move|p1a: Dusknoir|Poltergeist|p2a: Vileplume\n|-activate|p2a: Vileplume|move: Poltergeist|Leftovers\n|-damage|p2a: Vileplume|31/100\n|\n|-heal|p2a: Vileplume|37/100|[from] item: Leftovers\n|upkeep\n|turn|2\n|inactive|Time left: 300 sec this turn | 300 sec total\n|\n|t:|1783546659\n|move|p2a: Vileplume|Strength Sap|p1a: Dusknoir\n|-unboost|p1a: Dusknoir|atk|1\n|-heal|p2a: Vileplume|100/100\n|move|p1a: Dusknoir|Poltergeist|p2a: Vileplume\n|-activate|p2a: Vileplume|move: Poltergeist|Leftovers\n|-damage|p2a: Vileplume|52/100\n|\n|-heal|p2a: Vileplume|58/100|[from] item: Leftovers\n|upkeep\n|turn|3\n|inactive|Time left: 300 sec this turn | 300 sec total\n|\n|t:|1783546660\n|move|p2a: Vileplume|Strength Sap|p1a: Dusknoir\n|-unboost|p1a: Dusknoir|atk|1\n|-heal|p2a: Vileplume|100/100\n|move|p1a: Dusknoir|Poltergeist|p2a: Vileplume\n|-activate|p2a: Vileplume|move: Poltergeist|Leftovers\n|-damage|p2a: Vileplume|62/100\n|\n|-heal|p2a: Vileplume|68/100|[from] item: Leftovers\n|upkeep\n|turn|4\n|inactive|Time left: 300 sec this turn | 300 sec total\n|\n|t:|1783546661\n|move|p2a: Vileplume|Giga Drain|p1a: Dusknoir\n|-damage|p1a: Dusknoir|101/225\n|-heal|p2a: Vileplume|80/100|[from] drain|[of] p1a: Dusknoir\n|move|p1a: Dusknoir|Poltergeist|p2a: Vileplume\n|-activate|p2a: Vileplume|move: Poltergeist|Leftovers\n|-damage|p2a: Vileplume|39/100\n|\n|-heal|p2a: Vileplume|45/100|[from] item: Leftovers\n|upkeep\n|turn|5\n|inactive|Time left: 300 sec this turn | 300 sec total\n|\n|t:|1783546663\n|move|p2a: Vileplume|Strength Sap|p1a: Dusknoir\n|-unboost|p1a: Dusknoir|atk|1\n|-heal|p2a: Vileplume|88/100\n|move|p1a: Dusknoir|Poltergeist|p2a: Vileplume|[miss]\n|-miss|p1a: Dusknoir|p2a: Vileplume\n|\n|-heal|p2a: Vileplume|94/100|[from] item: Leftovers\n|upkeep\n|turn|6\n|inactive|Time left: 300 sec this turn | 300 sec total\n|\n|t:|1783546664\n|switch|p1a: Stantler|Stantler, L92, F|284/284\n|-ability|p1a: Stantler|Intimidate|boost\n|-unboost|p2a: Vileplume|atk|1\n|move|p2a: Vileplume|Sludge Bomb|p1a: Stantler\n|-damage|p1a: Stantler|194/284\n|-status|p1a: Stantler|psn\n|\n|-heal|p2a: Vileplume|99/100|[from] item: Leftovers\n|-damage|p1a: Stantler|159/284 psn|[from] psn\n|upkeep\n|turn|7\n|inactive|Time left: 300 sec this turn | 300 sec total\n|\n|t:|1783546665\n|switch|p1a: Probopass|Probopass, L91, F|257/257\n|move|p2a: Vileplume|Sludge Bomb|p1a: Probopass\n|-immune|p1a: Probopass\n|\n|-heal|p2a: Vileplume|100/100|[from] item: Leftovers\n|upkeep\n|turn|8\n|inactive|Time left: 300 sec this turn | 300 sec total\n|\n|t:|1783546666\n|move|p2a: Vileplume|Strength Sap|p1a: Probopass\n|-unboost|p1a: Probopass|atk|1\n|move|p1a: Probopass|Power Gem|p2a: Vileplume\n|-damage|p2a: Vileplume|73/100\n|\n|-heal|p2a: Vileplume|79/100|[from] item: Leftovers\n|upkeep\n|turn|9\n|inactive|Time left: 300 sec this turn | 300 sec total\n|\n|t:|1783546667\n|move|p2a: Vileplume|Giga Drain|p1a: Probopass\n|-damage|p1a: Probopass|200/257\n|-heal|p2a: Vileplume|90/100|[from] drain|[of] p1a: Probopass\n|move|p1a: Probopass|Power Gem|p2a: Vileplume\n|-damage|p2a: Vileplume|61/100\n|\n|-heal|p2a: Vileplume|67/100|[from] item: Leftovers\n|upkeep\n|turn|10\n|inactive|Time left: 300 sec this turn | 300 sec total\n|\n|t:|1783546668\n|move|p2a: Vileplume|Giga Drain|p1a: Probopass\n|-damage|p1a: Probopass|146/257\n|-heal|p2a: Vileplume|77/100|[from] drain|[of] p1a: Probopass\n|move|p1a: Probopass|Power Gem|p2a: Vileplume\n|-damage|p2a: Vileplume|47/100\n|\n|-heal|p2a: Vileplume|54/100|[from] item: Leftovers\n|upkeep\n|turn|11\n|inactive|Time left: 300 sec this turn | 300 sec total\n|\n|t:|1783546669\n|move|p2a: Vileplume|Strength Sap|p1a: Probopass\n|-unboost|p1a: Probopass|atk|1\n|-heal|p2a: Vileplume|80/100\n|move|p1a: Probopass|Power Gem|p2a: Vileplume\n|-damage|p2a: Vileplume|47/100\n|\n|-heal|p2a: Vileplume|53/100|[from] item: Leftovers\n|upkeep\n|turn|12\n|inactive|Time left: 300 sec this turn | 300 sec total\n|\n|t:|1783546671\n|move|p2a: Vileplume|Giga Drain|p1a: Probopass\n|-damage|p1a: Probopass|85/257\n|-heal|p2a: Vileplume|65/100|[from] drain|[of] p1a: Probopass\n|move|p1a: Probopass|Power Gem|p2a: Vileplume\n|-damage|p2a: Vileplume|35/100\n|\n|-heal|p2a: Vileplume|41/100|[from] item: Leftovers\n|upkeep\n|turn|13\n|inactive|Time left: 300 sec this turn | 300 sec total\n|\n|t:|1783546672\n|move|p2a: Vileplume|Strength Sap|p1a: Probopass\n|-unboost|p1a: Probopass|atk|1\n|-heal|p2a: Vileplume|61/100\n|move|p1a: Probopass|Rest|p1a: Probopass\n|-status|p1a: Probopass|slp|[from] move: Rest\n|-heal|p1a: Probopass|257/257 slp|[silent]\n|-enditem|p1a: Probopass|Chesto Berry|[eat]\n|-curestatus|p1a: Probopass|slp|[msg]\n|\n|-heal|p2a: Vileplume|67/100|[from] item: Leftovers\n|upkeep\n|turn|14\n|inactive|Time left: 300 sec this turn | 300 sec total\n|\n|t:|1783546673\n|move|p2a: Vileplume|Sludge Bomb|p1a: Probopass\n|-immune|p1a: Probopass\n|move|p1a: Probopass|Power Gem|p2a: Vileplume\n|-damage|p2a: Vileplume|36/100\n|\n|-heal|p2a: Vileplume|42/100|[from] item: Leftovers\n|upkeep\n|turn|15\n|inactive|Time left: 300 sec this turn | 300 sec total\n|\n|t:|1783546674\n|switch|p1a: Hydrapple|Hydrapple, L83, F|312/312\n|move|p2a: Vileplume|Giga Drain|p1a: Hydrapple\n|-resisted|p1a: Hydrapple\n|-damage|p1a: Hydrapple|289/312\n|-heal|p2a: Vileplume|47/100|[from] drain|[of] p1a: Hydrapple\n|\n|-heal|p2a: Vileplume|53/100|[from] item: Leftovers\n|upkeep\n|turn|16\n|inactive|Time left: 300 sec this turn | 300 sec total\n|\n|t:|1783546675\n|move|p2a: Vileplume|Strength Sap|p1a: Hydrapple\n|-unboost|p1a: Hydrapple|atk|1\n|-heal|p2a: Vileplume|100/100\n|move|p1a: Hydrapple|Nasty Plot|p1a: Hydrapple\n|-boost|p1a: Hydrapple|spa|2\n|\n|upkeep\n|turn|17\n|inactive|Time left: 300 sec this turn | 300 sec total\n|\n|t:|1783546676\n|-terastallize|p1a: Hydrapple|Steel\n|move|p2a: Vileplume|Sludge Bomb|p1a: Hydrapple\n|-immune|p1a: Hydrapple\n|move|p1a: Hydrapple|Fickle Beam|p2a: Vileplume\n|-damage|p2a: Vileplume|7/100\n|-damage|p1a: Hydrapple|258/312|[from] item: Life Orb\n|\n|-heal|p2a: Vileplume|13/100|[from] item: Leftovers\n|upkeep\n|turn|18\n|inactive|Time left: 300 sec this turn | 300 sec total\n|\n|t:|1783546678\n|move|p2a: Vileplume|Sleep Powder|p1a: Hydrapple\n|-status|p1a: Hydrapple|slp|[from] move: Sleep Powder\n|cant|p1a: Hydrapple|slp\n|\n|-heal|p2a: Vileplume|19/100|[from] item: Leftovers\n|upkeep\n|turn|19\n|inactive|Time left: 300 sec this turn | 300 sec total\n|\n|t:|1783546679\n|move|p2a: Vileplume|Strength Sap|p1a: Hydrapple\n|-unboost|p1a: Hydrapple|atk|1\n|-heal|p2a: Vileplume|53/100\n|cant|p1a: Hydrapple|slp\n|\n|-heal|p2a: Vileplume|59/100|[from] item: Leftovers\n|upkeep\n|turn|20\n|inactive|Time left: 300 sec this turn | 300 sec total\n|\n|t:|1783546680\n|move|p2a: Vileplume|Strength Sap|p1a: Hydrapple\n|-unboost|p1a: Hydrapple|atk|1\n|-heal|p2a: Vileplume|84/100\n|cant|p1a: Hydrapple|slp\n|\n|-heal|p2a: Vileplume|90/100|[from] item: Leftovers\n|upkeep\n|turn|21\n|inactive|Time left: 300 sec this turn | 300 sec total\n|\n|t:|1783546680\n|switch|p2a: Blissey|Blissey, L85, F|100/100\n|-curestatus|p1a: Hydrapple|slp|[msg]\n|move|p1a: Hydrapple|Fickle Beam|p2a: Blissey|[anim] Fickle Beam All Out\n|-activate|p1a: Hydrapple|move: Fickle Beam\n|-damage|p2a: Blissey|33/100\n|-damage|p1a: Hydrapple|227/312|[from] item: Life Orb\n|\n|-heal|p2a: Blissey|39/100|[from] item: Leftovers\n|upkeep\n|turn|22\n|inactive|Time left: 300 sec this turn | 300 sec total\n|\n|t:|1783546682\n|move|p2a: Blissey|Soft-Boiled|p2a: Blissey\n|-heal|p2a: Blissey|89/100\n|move|p1a: Hydrapple|Fickle Beam|p2a: Blissey\n|-damage|p2a: Blissey|56/100\n|-damage|p1a: Hydrapple|196/312|[from] item: Life Orb\n|\n|-heal|p2a: Blissey|62/100|[from] item: Leftovers\n|upkeep\n|turn|23\n|inactive|Time left: 300 sec this turn | 300 sec total\n|\n|t:|1783546683\n|move|p2a: Blissey|Stealth Rock|p1a: Hydrapple\n|-sidestart|p1: p0x6528a74|move: Stealth Rock\n|move|p1a: Hydrapple|Giga Drain|p2a: Blissey\n|-damage|p2a: Blissey|34/100\n|-heal|p1a: Hydrapple|277/312|[from] drain|[of] p2a: Blissey\n|-damage|p1a: Hydrapple|246/312|[from] item: Life Orb\n|\n|-heal|p2a: Blissey|40/100|[from] item: Leftovers\n|upkeep\n|turn|24\n|inactive|Time left: 300 sec this turn | 300 sec total\n|\n|t:|1783546684\n|move|p2a: Blissey|Soft-Boiled|p2a: Blissey\n|-heal|p2a: Blissey|90/100\n|move|p1a: Hydrapple|Giga Drain|p2a: Blissey\n|-damage|p2a: Blissey|58/100\n|-heal|p1a: Hydrapple|312/312|[from] drain|[of] p2a: Blissey\n|-damage|p1a: Hydrapple|281/312|[from] item: Life Orb\n|\n|-heal|p2a: Blissey|64/100|[from] item: Leftovers\n|upkeep\n|turn|25\n|inactive|Time left: 300 sec this turn | 300 sec total\n|\n|t:|1783546685\n|move|p2a: Blissey|Thunder Wave|p1a: Hydrapple\n|-status|p1a: Hydrapple|par\n|move|p1a: Hydrapple|Fickle Beam|p2a: Blissey\n|-damage|p2a: Blissey|34/100\n|-damage|p1a: Hydrapple|250/312 par|[from] item: Life Orb\n|\n|-heal|p2a: Blissey|41/100|[from] item: Leftovers\n|upkeep\n|turn|26\n|inactive|Time left: 300 sec this turn | 300 sec total\n|\n|t:|1783546686\n|move|p2a: Blissey|Soft-Boiled|p2a: Blissey\n|-heal|p2a: Blissey|91/100\n|move|p1a: Hydrapple|Giga Drain|p2a: Blissey\n|-damage|p2a: Blissey|62/100\n|-heal|p1a: Hydrapple|312/312 par|[from] drain|[of] p2a: Blissey\n|-damage|p1a: Hydrapple|281/312 par|[from] item: Life Orb\n|\n|-heal|p2a: Blissey|68/100|[from] item: Leftovers\n|upkeep\n|turn|27\n|inactive|Time left: 300 sec this turn | 300 sec total\n|\n|t:|1783546687\n|move|p2a: Blissey|Soft-Boiled|p2a: Blissey\n|-heal|p2a: Blissey|100/100\n|move|p1a: Hydrapple|Fickle Beam|p2a: Blissey\n|-damage|p2a: Blissey|68/100\n|-damage|p1a: Hydrapple|250/312 par|[from] item: Life Orb\n|\n|-heal|p2a: Blissey|74/100|[from] item: Leftovers\n|upkeep\n|turn|28\n|inactive|Time left: 300 sec this turn | 300 sec total\n|\n|t:|1783546687\n|move|p2a: Blissey|Soft-Boiled|p2a: Blissey\n|-heal|p2a: Blissey|100/100\n|cant|p1a: Hydrapple|par\n|\n|upkeep\n|turn|29\n|inactive|Time left: 300 sec this turn | 300 sec total\n|\n|t:|1783546688\n|move|p2a: Blissey|Seismic Toss|p1a: Hydrapple\n|-damage|p1a: Hydrapple|165/312 par\n|move|p1a: Hydrapple|Giga Drain|p2a: Blissey\n|-damage|p2a: Blissey|68/100\n|-heal|p1a: Hydrapple|258/312 par|[from] drain|[of] p2a: Blissey\n|-damage|p1a: Hydrapple|227/312 par|[from] item: Life Orb\n|\n|-heal|p2a: Blissey|74/100|[from] item: Leftovers\n|upkeep\n|turn|30\n|inactive|Time left: 300 sec this turn | 300 sec total\n|\n|t:|1783546689\n|move|p2a: Blissey|Seismic Toss|p1a: Hydrapple\n|-damage|p1a: Hydrapple|142/312 par\n|move|p1a: Hydrapple|Fickle Beam|p2a: Blissey\n|-damage|p2a: Blissey|44/100\n|-damage|p1a: Hydrapple|111/312 par|[from] item: Life Orb\n|\n|-heal|p2a: Blissey|50/100|[from] item: Leftovers\n|upkeep\n|turn|31\n|inactive|Time left: 300 sec this turn | 300 sec total\n|\n|t:|1783546690\n|move|p2a: Blissey|Soft-Boiled|p2a: Blissey\n|-heal|p2a: Blissey|99/100\n|move|p1a: Hydrapple|Giga Drain|p2a: Blissey\n|-damage|p2a: Blissey|72/100\n|-heal|p1a: Hydrapple|192/312 par|[from] drain|[of] p2a: Blissey\n|-damage|p1a: Hydrapple|161/312 par|[from] item: Life Orb\n|\n|-heal|p2a: Blissey|78/100|[from] item: Leftovers\n|upkeep\n|turn|32\n|inactive|Time left: 300 sec this turn | 300 sec total\n|\n|t:|1783546690\n|move|p2a: Blissey|Seismic Toss|p1a: Hydrapple\n|-damage|p1a: Hydrapple|76/312 par\n|move|p1a: Hydrapple|Giga Drain|p2a: Blissey\n|-damage|p2a: Blissey|50/100\n|-heal|p1a: Hydrapple|157/312 par|[from] drain|[of] p2a: Blissey\n|-damage|p1a: Hydrapple|126/312 par|[from] item: Life Orb\n|\n|-heal|p2a: Blissey|56/100|[from] item: Leftovers\n|upkeep\n|turn|33\n|inactive|Time left: 300 sec this turn | 300 sec total\n|\n|t:|1783546691\n|move|p2a: Blissey|Soft-Boiled|p2a: Blissey\n|-heal|p2a: Blissey|100/100\n|move|p1a: Hydrapple|Giga Drain|p2a: Blissey\n|-damage|p2a: Blissey|69/100\n|-heal|p1a: Hydrapple|217/312 par|[from] drain|[of] p2a: Blissey\n|-damage|p1a: Hydrapple|186/312 par|[from] item: Life Orb\n|\n|-heal|p2a: Blissey|75/100|[from] item: Leftovers\n|upkeep\n|turn|34\n|inactive|Time left: 300 sec this turn | 300 sec total\n|\n|t:|1783546692\n|move|p2a: Blissey|Seismic Toss|p1a: Hydrapple\n|-damage|p1a: Hydrapple|101/312 par\n|move|p1a: Hydrapple|Giga Drain|p2a: Blissey\n|-damage|p2a: Blissey|43/100\n|-heal|p1a: Hydrapple|194/312 par|[from] drain|[of] p2a: Blissey\n|-damage|p1a: Hydrapple|163/312 par|[from] item: Life Orb\n|\n|-heal|p2a: Blissey|49/100|[from] item: Leftovers\n|upkeep\n|turn|35\n|inactive|Time left: 300 sec this turn | 300 sec total\n|\n|t:|1783546692\n|move|p2a: Blissey|Soft-Boiled|p2a: Blissey\n|-heal|p2a: Blissey|99/100\n|move|p1a: Hydrapple|Giga Drain|p2a: Blissey\n|-damage|p2a: Blissey|66/100\n|-heal|p1a: Hydrapple|256/312 par|[from] drain|[of] p2a: Blissey\n|-damage|p1a: Hydrapple|225/312 par|[from] item: Life Orb\n|\n|-heal|p2a: Blissey|73/100|[from] item: Leftovers\n|upkeep\n|turn|36\n|inactive|Time left: 300 sec this turn | 300 sec total\n|\n|t:|1783546693\n|move|p2a: Blissey|Seismic Toss|p1a: Hydrapple\n|-damage|p1a: Hydrapple|140/312 par\n|cant|p1a: Hydrapple|par\n|\n|-heal|p2a: Blissey|79/100|[from] item: Leftovers\n|upkeep\n|turn|37\n|inactive|Time left: 300 sec this turn | 300 sec total\n|\n|t:|1783546695\n|move|p2a: Blissey|Seismic Toss|p1a: Hydrapple\n|-damage|p1a: Hydrapple|55/312 par\n|move|p1a: Hydrapple|Giga Drain|p2a: Blissey\n|-damage|p2a: Blissey|47/100\n|-heal|p1a: Hydrapple|147/312 par|[from] drain|[of] p2a: Blissey\n|-damage|p1a: Hydrapple|116/312 par|[from] item: Life Orb\n|\n|-heal|p2a: Blissey|53/100|[from] item: Leftovers\n|upkeep\n|turn|38\n|inactive|Time left: 300 sec this turn | 300 sec total\n|\n|t:|1783546696\n|move|p2a: Blissey|Seismic Toss|p1a: Hydrapple\n|-damage|p1a: Hydrapple|31/312 par\n|cant|p1a: Hydrapple|par\n|\n|-heal|p2a: Blissey|59/100|[from] item: Leftovers\n|upkeep\n|turn|39\n|inactive|Time left: 300 sec this turn | 300 sec total\n|\n|t:|1783546697\n|switch|p1a: Dusknoir|Dusknoir, L89, F|101/225\n|-damage|p1a: Dusknoir|73/225|[from] Stealth Rock\n|-item|p2a: Blissey|Leftovers|[from] ability: Frisk|[of] p1a: Dusknoir\n|move|p2a: Blissey|Seismic Toss|p1a: Dusknoir\n|-immune|p1a: Dusknoir\n|\n|-heal|p2a: Blissey|65/100|[from] item: Leftovers\n|upkeep\n|turn|40\n|inactive|Time left: 300 sec this turn | 300 sec total\n|\n|t:|1783546698\n|move|p2a: Blissey|Thunder Wave|p1a: Dusknoir\n|-status|p1a: Dusknoir|par\n|move|p1a: Dusknoir|Earthquake|p2a: Blissey\n|-damage|p2a: Blissey|0 fnt\n|faint|p2a: Blissey\n|\n|upkeep\n|\n|t:|1783546699\n|switch|p2a: Minior|Minior-Yellow, L79|100/100\n|-formechange|p2a: Minior|Minior-Meteor||[from] ability: Shields Down\n|turn|41\n|inactive|Time left: 300 sec this turn | 300 sec total\n|\n|t:|1783546700\n|switch|p1a: Hydrapple|Hydrapple, L83, F, tera:Steel|135/312 par\n|-damage|p1a: Hydrapple|116/312 par|[from] Stealth Rock\n|move|p2a: Minior|Shell Smash|p2a: Minior\n|-unboost|p2a: Minior|def|1\n|-unboost|p2a: Minior|spd|1\n|-boost|p2a: Minior|atk|2\n|-boost|p2a: Minior|spa|2\n|-boost|p2a: Minior|spe|2\n|-enditem|p2a: Minior|White Herb\n|-clearnegativeboost|p2a: Minior|[silent]\n|\n|upkeep\n|turn|42\n|inactive|Time left: 300 sec this turn | 300 sec total\n|\n|t:|1783546701\n|switch|p1a: Stantler|Stantler, L92, F|159/284 psn\n|-damage|p1a: Stantler|124/284 psn|[from] Stealth Rock\n|-ability|p1a: Stantler|Intimidate|boost\n|-unboost|p2a: Minior|atk|1\n|move|p2a: Minior|Earthquake|p1a: Stantler\n|-damage|p1a: Stantler|73/284 psn\n|\n|-damage|p1a: Stantler|38/284 psn|[from] psn\n|upkeep\n|turn|43\n|inactive|Time left: 300 sec this turn | 300 sec total\n|\n|t:|1783546703\n|switch|p1a: Hydrapple|Hydrapple, L83, F, tera:Steel|220/312 par\n|-damage|p1a: Hydrapple|201/312 par|[from] Stealth Rock\n|move|p2a: Minior|Shell Smash|p2a: Minior\n|-unboost|p2a: Minior|def|1\n|-unboost|p2a: Minior|spd|1\n|-boost|p2a: Minior|atk|2\n|-boost|p2a: Minior|spa|2\n|-boost|p2a: Minior|spe|2\n|\n|upkeep\n|turn|44\n|inactive|Time left: 300 sec this turn | 300 sec total\n|\n|t:|1783546704\n|switch|p1a: Stantler|Stantler, L92, F|38/284 psn\n|-damage|p1a: Stantler|3/284 psn|[from] Stealth Rock\n|-ability|p1a: Stantler|Intimidate|boost\n|-unboost|p2a: Minior|atk|1\n|move|p2a: Minior|Earthquake|p1a: Stantler\n|-damage|p1a: Stantler|0 fnt\n|faint|p1a: Stantler\n|\n|upkeep\n|inactive|Time left: 300 sec this turn | 300 sec total | 5 sec grace\n|\n|t:|1783546705\n|switch|p1a: Probopass|Probopass, L91, F|257/257\n|-damage|p1a: Probopass|241/257|[from] Stealth Rock\n|turn|45\n|inactive|Time left: 300 sec this turn | 300 sec total\n|\n|t:|1783546706\n|move|p2a: Minior|Earthquake|p1a: Probopass\n|-supereffective|p1a: Probopass\n|-damage|p1a: Probopass|9/257\n|move|p1a: Probopass|Power Gem|p2a: Minior\n|-supereffective|p2a: Minior\n|-damage|p2a: Minior|0 fnt\n|faint|p2a: Minior\n|\n|upkeep\n|\n|t:|1783546707\n|switch|p2a: Azumarill|Azumarill, L82, M|100/100\n|turn|46\n|inactive|Time left: 300 sec this turn | 300 sec total\n|\n|t:|1783546708\n|move|p2a: Azumarill|Liquidation|p1a: Probopass\n|-supereffective|p1a: Probopass\n|-damage|p1a: Probopass|0 fnt\n|faint|p1a: Probopass\n|\n|upkeep\n|inactive|Time left: 300 sec this turn | 300 sec total | 5 sec grace\n|\n|t:|1783546709\n|switch|p1a: Hydrapple|Hydrapple, L83, F, tera:Steel|305/312 par\n|-damage|p1a: Hydrapple|286/312 par|[from] Stealth Rock\n|turn|47\n|inactive|Time left: 300 sec this turn | 300 sec total\n|\n|t:|1783546710\n|move|p2a: Azumarill|Liquidation|p1a: Hydrapple\n|-damage|p1a: Hydrapple|144/312 par\n|move|p1a: Hydrapple|Giga Drain|p2a: Azumarill\n|-supereffective|p2a: Azumarill\n|-damage|p2a: Azumarill|12/100\n|-heal|p1a: Hydrapple|277/312 par|[from] drain|[of] p2a: Azumarill\n|-damage|p1a: Hydrapple|246/312 par|[from] item: Life Orb\n|\n|upkeep\n|turn|48\n|inactive|Time left: 300 sec this turn | 300 sec total\n|\n|t:|1783546711\n|move|p2a: Azumarill|Liquidation|p1a: Hydrapple\n|-damage|p1a: Hydrapple|116/312 par\n|move|p1a: Hydrapple|Giga Drain|p2a: Azumarill\n|-supereffective|p2a: Azumarill\n|-damage|p2a: Azumarill|0 fnt\n|-heal|p1a: Hydrapple|133/312 par|[from] drain|[of] p2a: Azumarill\n|faint|p2a: Azumarill\n|-damage|p1a: Hydrapple|102/312 par|[from] item: Life Orb\n|\n|upkeep\n|\n|t:|1783546712\n|switch|p2a: Weavile|Weavile, L79, F|100/100\n|turn|49\n|inactive|Time left: 300 sec this turn | 300 sec total\n|\n|t:|1783546713\n|switch|p1a: Dusknoir|Dusknoir, L89, F|73/225 par\n|-damage|p1a: Dusknoir|45/225 par|[from] Stealth Rock\n|-item|p2a: Weavile|Heavy-Duty Boots|[from] ability: Frisk|[of] p1a: Dusknoir\n|move|p2a: Weavile|Swords Dance|p2a: Weavile\n|-boost|p2a: Weavile|atk|2\n|\n|upkeep\n|turn|50\n|inactive|Time left: 300 sec this turn | 300 sec total\n|\n|t:|1783546714\n|cant|p1a: Dusknoir|par\n|move|p2a: Weavile|Knock Off|p1a: Dusknoir\n|-supereffective|p1a: Dusknoir\n|-crit|p1a: Dusknoir\n|-damage|p1a: Dusknoir|0 fnt\n|-enditem|p1a: Dusknoir|Choice Band|[from] move: Knock Off|[of] p2a: Weavile\n|faint|p1a: Dusknoir\n|\n|upkeep\n|inactive|Time left: 300 sec this turn | 300 sec total | 5 sec grace\n|\n|t:|1783546715\n|switch|p1a: Ambipom|Ambipom, L84, M|263/263\n|-damage|p1a: Ambipom|231/263|[from] Stealth Rock\n|turn|51\n|inactive|Time left: 300 sec this turn | 300 sec total\n|\n|t:|1783546717\n|move|p1a: Ambipom|Fake Out|p2a: Weavile\n|-damage|p2a: Weavile|58/100\n|cant|p2a: Weavile|flinch\n|\n|upkeep\n|turn|52\n|inactive|Time left: 300 sec this turn | 300 sec total\n|\n|t:|1783546718\n|switch|p1a: Hydrapple|Hydrapple, L83, F, tera:Steel|206/312 par\n|-damage|p1a: Hydrapple|187/312 par|[from] Stealth Rock\n|move|p2a: Weavile|Knock Off|p1a: Hydrapple\n|-damage|p1a: Hydrapple|18/312 par\n|-enditem|p1a: Hydrapple|Life Orb|[from] move: Knock Off|[of] p2a: Weavile\n|\n|upkeep\n|turn|53\n|inactive|Time left: 300 sec this turn | 300 sec total\n|\n|t:|1783546719\n|move|p2a: Weavile|Triple Axel|p1a: Hydrapple\n|-resisted|p1a: Hydrapple\n|-damage|p1a: Hydrapple|0 fnt\n|faint|p1a: Hydrapple\n|-hitcount|p1: Hydrapple|1\n|\n|upkeep\n|inactive|Time left: 300 sec this turn | 300 sec total | 5 sec grace\n|\n|t:|1783546720\n|switch|p1a: Ambipom|Ambipom, L84, M|231/263\n|-damage|p1a: Ambipom|199/263|[from] Stealth Rock\n|turn|54\n|inactive|Time left: 300 sec this turn | 300 sec total\n|\n|t:|1783546721\n|move|p1a: Ambipom|Fake Out|p2a: Weavile\n|-damage|p2a: Weavile|18/100\n|cant|p2a: Weavile|flinch\n|\n|upkeep\n|turn|55\n|inactive|Time left: 300 sec this turn | 300 sec total\n|\n|t:|1783546722\n|switch|p1a: Illumise|Illumise, L91, F|266/266\n|move|p2a: Weavile|Knock Off|p1a: Illumise\n|-damage|p1a: Illumise|31/266\n|-enditem|p1a: Illumise|Heavy-Duty Boots|[from] move: Knock Off|[of] p2a: Weavile\n|\n|upkeep\n|turn|56\n|inactive|Time left: 300 sec this turn | 300 sec total\n|\n|t:|1783546723\n|move|p1a: Illumise|Roost|p1a: Illumise\n|-heal|p1a: Illumise|164/266\n|-singleturn|p1a: Illumise|move: Roost\n|move|p2a: Weavile|Knock Off|p1a: Illumise\n|-damage|p1a: Illumise|23/266\n|\n|upkeep\n|turn|57\n|inactive|Time left: 300 sec this turn | 300 sec total\n|\n|t:|1783546724\n|move|p1a: Illumise|Roost|p1a: Illumise\n|-heal|p1a: Illumise|156/266\n|-singleturn|p1a: Illumise|move: Roost\n|move|p2a: Weavile|Knock Off|p1a: Illumise\n|-damage|p1a: Illumise|14/266\n|\n|upkeep\n|turn|58\n|inactive|Time left: 300 sec this turn | 300 sec total\n|\n|t:|1783546725\n|move|p1a: Illumise|Roost|p1a: Illumise\n|-heal|p1a: Illumise|147/266\n|-singleturn|p1a: Illumise|move: Roost\n|move|p2a: Weavile|Knock Off|p1a: Illumise\n|-damage|p1a: Illumise|0 fnt\n|faint|p1a: Illumise\n|\n|upkeep\n|inactive|Time left: 300 sec this turn | 300 sec total | 5 sec grace\n|\n|t:|1783546726\n|switch|p1a: Ambipom|Ambipom, L84, M|199/263\n|-damage|p1a: Ambipom|167/263|[from] Stealth Rock\n|turn|59\n|inactive|Time left: 300 sec this turn | 300 sec total\n|\n|t:|1783546727\n|-terastallize|p2a: Weavile|Ice\n|move|p1a: Ambipom|Fake Out|p2a: Weavile\n|-damage|p2a: Weavile|0 fnt\n|faint|p2a: Weavile\n|\n|upkeep\n|\n|t:|1783546728\n|switch|p2a: Regirock|Regirock, L83|100/100\n|turn|60\n|inactive|Time left: 300 sec this turn | 300 sec total\n|\n|t:|1783546729\n|move|p1a: Ambipom|Low Kick|p2a: Regirock\n|-supereffective|p2a: Regirock\n|-damage|p2a: Regirock|68/100\n|move|p2a: Regirock|Body Press|p1a: Ambipom\n|-supereffective|p1a: Ambipom\n|-damage|p1a: Ambipom|0 fnt\n|faint|p1a: Ambipom\n|\n|win|p0y65286be", "uploadtime": 1783546729, "views": 0, "rating": 0, "private": 0, "password": null, "_winner": "p0y65286be", "_our_name": "p0x6528a74"}