{"id": "battle-gen9randombattle-2056", "formatid": "gen9randombattle", "format": "[Gen 9] Random Battle", "players": ["p0x2056b67c", "p0y2056df7c"], "log": "|init|battle\n|title|p0x2056b67c vs. p0y2056df7c\n|j|\u2606p0x2056b67c\n|j|\u2606p0y2056df7c\n|t:|1783563814\n|gametype|singles\n|player|p1|p0x2056b67c|266|\n|player|p2|p0y2056df7c|265|\n|gen|9\n|tier|[Gen 9] Random Battle\n|rule|Species Clause: Limit one of each Pok\u00e9mon\n|rule|HP Percentage Mod: HP is shown in percentages\n|rule|Sleep Clause Mod: Limit one foe put to sleep\n|rule|Illusion Level Mod: Illusion disguises the Pok\u00e9mon's true level\n|\n|t:|1783563814\n|teamsize|p1|6\n|teamsize|p2|6\n|start\n|switch|p1a: Grafaiai|Grafaiai, L86, F|249/249\n|switch|p2a: Mesprit|Mesprit, L85|100/100\n|turn|1\n|inactive|Battle timer is ON: inactive players will automatically lose when time's up. (requested by p0x2056b67c)\n|inactive|p0y2056df7c also wants the timer to be on.\n|\n|t:|1783563816\n|move|p1a: Grafaiai|Parting Shot|p2a: Mesprit\n|-unboost|p2a: Mesprit|atk|1\n|-unboost|p2a: Mesprit|spa|1\n|inactive|Time left: 300 sec this turn | 300 sec total | 65 sec grace\n|\n|t:|1783563817\n|switch|p1a: Polteageist|Polteageist-Antique, L78|222/222|[from] Parting Shot\n|move|p2a: Mesprit|Stealth Rock|p1a: Polteageist\n|-sidestart|p1: p0x2056b67c|move: Stealth Rock\n|\n|upkeep\n|turn|2\n|inactive|Time left: 300 sec this turn | 300 sec total\n|\n|t:|1783563818\n|switch|p2a: Squawkabilly|Squawkabilly-Yellow, L89, M|100/100\n|move|p1a: Polteageist|Shell Smash|p1a: Polteageist\n|-unboost|p1a: Polteageist|def|1\n|-unboost|p1a: Polteageist|spd|1\n|-boost|p1a: Polteageist|atk|2\n|-boost|p1a: Polteageist|spa|2\n|-boost|p1a: Polteageist|spe|2\n|-enditem|p1a: Polteageist|White Herb\n|-clearnegativeboost|p1a: Polteageist|[silent]\n|\n|upkeep\n|turn|3\n|inactive|Time left: 300 sec this turn | 300 sec total\n|\n|t:|1783563819\n|move|p1a: Polteageist|Stored Power|p2a: Squawkabilly\n|-damage|p2a: Squawkabilly|0 fnt\n|faint|p2a: Squawkabilly\n|\n|upkeep\n|\n|t:|1783563820\n|switch|p2a: Mesprit|Mesprit, L85|100/100\n|turn|4\n|inactive|Time left: 300 sec this turn | 300 sec total\n|\n|t:|1783563821\n|-terastallize|p2a: Mesprit|Dark\n|move|p1a: Polteageist|Shadow Ball|p2a: Mesprit\n|-resisted|p2a: Mesprit\n|-damage|p2a: Mesprit|70/100\n|move|p2a: Mesprit|Knock Off|p1a: Polteageist\n|-supereffective|p1a: Polteageist\n|-damage|p1a: Polteageist|0 fnt\n|faint|p1a: Polteageist\n|\n|-heal|p2a: Mesprit|76/100|[from] item: Leftovers\n|upkeep\n|inactive|Time left: 300 sec this turn | 300 sec total | 5 sec grace\n|\n|t:|1783563822\n|switch|p1a: Zarude|Zarude-Dada, L77|288/288\n|-damage|p1a: Zarude|252/288|[from] Stealth Rock\n|turn|5\n|inactive|Time left: 300 sec this turn | 300 sec total\n|\n|t:|1783563823\n|switch|p2a: Decidueye|Decidueye-Hisui, L87, M|100/100\n|move|p1a: Zarude|Swords Dance|p1a: Zarude\n|-boost|p1a: Zarude|atk|2\n|\n|upkeep\n|turn|6\n|inactive|Time left: 300 sec this turn | 300 sec total\n|\n|t:|1783563824\n|move|p1a: Zarude|Swords Dance|p1a: Zarude\n|-boost|p1a: Zarude|atk|2\n|move|p2a: Decidueye|Triple Arrows|p1a: Zarude\n|-supereffective|p1a: Zarude\n|-crit|p1a: Zarude\n|-damage|p1a: Zarude|0 fnt\n|faint|p1a: Zarude\n|\n|upkeep\n|inactive|Time left: 300 sec this turn | 300 sec total | 5 sec grace\n|\n|t:|1783563825\n|switch|p1a: Grafaiai|Grafaiai, L86, F|249/249\n|turn|7\n|inactive|Time left: 300 sec this turn | 300 sec total\n|\n|t:|1783563826\n|move|p1a: Grafaiai|Gunk Shot|p2a: Decidueye\n|-supereffective|p2a: Decidueye\n|-damage|p2a: Decidueye|4/100\n|move|p2a: Decidueye|Triple Arrows|p1a: Grafaiai\n|-damage|p1a: Grafaiai|99/249\n|\n|-heal|p2a: Decidueye|10/100|[from] item: Leftovers\n|upkeep\n|turn|8\n|inactive|Time left: 300 sec this turn | 300 sec total\n|\n|t:|1783563827\n|move|p1a: Grafaiai|Knock Off|p2a: Decidueye\n|-resisted|p2a: Decidueye\n|-damage|p2a: Decidueye|0 fnt\n|-enditem|p2a: Decidueye|Leftovers|[from] move: Knock Off|[of] p1a: Grafaiai\n|faint|p2a: Decidueye\n|\n|upkeep\n|\n|t:|1783563828\n|switch|p2a: Mesprit|Mesprit, L85, tera:Dark|76/100\n|turn|9\n|inactive|Time left: 300 sec this turn | 300 sec total\n|\n|t:|1783563829\n|move|p1a: Grafaiai|Gunk Shot|p2a: Mesprit\n|-damage|p2a: Mesprit|33/100\n|move|p2a: Mesprit|Knock Off|p1a: Grafaiai\n|-damage|p1a: Grafaiai|0 fnt\n|-enditem|p1a: Grafaiai|Heavy-Duty Boots|[from] move: Knock Off|[of] p2a: Mesprit\n|faint|p1a: Grafaiai\n|\n|-heal|p2a: Mesprit|39/100|[from] item: Leftovers\n|upkeep\n|inactive|Time left: 300 sec this turn | 300 sec total | 5 sec grace\n|\n|t:|1783563830\n|switch|p1a: Bastiodon|Bastiodon, L89, M|252/252\n|-damage|p1a: Bastiodon|237/252|[from] Stealth Rock\n|turn|10\n|inactive|Time left: 300 sec this turn | 300 sec total\n|\n|t:|1783563831\n|switch|p2a: Latias|Latias, L79, F|100/100\n|move|p1a: Bastiodon|Body Press|p2a: Latias\n|-resisted|p2a: Latias\n|-damage|p2a: Latias|80/100\n|\n|upkeep\n|turn|11\n|inactive|Time left: 300 sec this turn | 300 sec total\n|\n|t:|1783563832\n|move|p2a: Latias|Calm Mind|p2a: Latias\n|-boost|p2a: Latias|spa|1\n|-boost|p2a: Latias|spd|1\n|move|p1a: Bastiodon|Foul Play|p2a: Latias\n|-supereffective|p2a: Latias\n|-damage|p2a: Latias|41/100\n|\n|upkeep\n|turn|12\n|inactive|Time left: 300 sec this turn | 300 sec total\n|\n|t:|1783563833\n|move|p2a: Latias|Recover|p2a: Latias\n|-heal|p2a: Latias|91/100\n|move|p1a: Bastiodon|Foul Play|p2a: Latias\n|-supereffective|p2a: Latias\n|-damage|p2a: Latias|55/100\n|\n|upkeep\n|turn|13\n|inactive|Time left: 300 sec this turn | 300 sec total\n|\n|t:|1783563834\n|move|p2a: Latias|Recover|p2a: Latias\n|-heal|p2a: Latias|100/100\n|move|p1a: Bastiodon|Foul Play|p2a: Latias\n|-supereffective|p2a: Latias\n|-damage|p2a: Latias|61/100\n|\n|upkeep\n|turn|14\n|inactive|Time left: 300 sec this turn | 300 sec total\n|\n|t:|1783563835\n|move|p2a: Latias|Recover|p2a: Latias\n|-heal|p2a: Latias|100/100\n|move|p1a: Bastiodon|Foul Play|p2a: Latias\n|-supereffective|p2a: Latias\n|-damage|p2a: Latias|68/100\n|\n|upkeep\n|turn|15\n|inactive|Time left: 300 sec this turn | 300 sec total\n|\n|t:|1783563836\n|move|p2a: Latias|Recover|p2a: Latias\n|-heal|p2a: Latias|100/100\n|move|p1a: Bastiodon|Foul Play|p2a: Latias\n|-supereffective|p2a: Latias\n|-damage|p2a: Latias|66/100\n|\n|upkeep\n|turn|16\n|inactive|Time left: 300 sec this turn | 300 sec total\n|\n|t:|1783563837\n|move|p2a: Latias|Recover|p2a: Latias\n|-heal|p2a: Latias|100/100\n|move|p1a: Bastiodon|Foul Play|p2a: Latias\n|-supereffective|p2a: Latias\n|-damage|p2a: Latias|66/100\n|\n|upkeep\n|turn|17\n|inactive|Time left: 300 sec this turn | 300 sec total\n|\n|t:|1783563838\n|move|p2a: Latias|Calm Mind|p2a: Latias\n|-boost|p2a: Latias|spa|1\n|-boost|p2a: Latias|spd|1\n|move|p1a: Bastiodon|Foul Play|p2a: Latias\n|-supereffective|p2a: Latias\n|-damage|p2a: Latias|29/100\n|\n|upkeep\n|turn|18\n|inactive|Time left: 300 sec this turn | 300 sec total\n|\n|t:|1783563839\n|move|p2a: Latias|Recover|p2a: Latias\n|-heal|p2a: Latias|79/100\n|move|p1a: Bastiodon|Foul Play|p2a: Latias\n|-supereffective|p2a: Latias\n|-damage|p2a: Latias|43/100\n|\n|upkeep\n|turn|19\n|inactive|Time left: 300 sec this turn | 300 sec total\n|\n|t:|1783563840\n|move|p2a: Latias|Recover|p2a: Latias\n|-heal|p2a: Latias|93/100\n|move|p1a: Bastiodon|Foul Play|p2a: Latias\n|-supereffective|p2a: Latias\n|-damage|p2a: Latias|57/100\n|\n|upkeep\n|turn|20\n|inactive|Time left: 300 sec this turn | 300 sec total\n|\n|t:|1783563841\n|move|p2a: Latias|Recover|p2a: Latias\n|-heal|p2a: Latias|100/100\n|move|p1a: Bastiodon|Foul Play|p2a: Latias\n|-supereffective|p2a: Latias\n|-damage|p2a: Latias|62/100\n|\n|upkeep\n|turn|21\n|inactive|Time left: 300 sec this turn | 300 sec total\n|\n|t:|1783563842\n|move|p2a: Latias|Psyshock|p1a: Bastiodon\n|-resisted|p1a: Bastiodon\n|-damage|p1a: Bastiodon|183/252\n|move|p1a: Bastiodon|Foul Play|p2a: Latias\n|-supereffective|p2a: Latias\n|-damage|p2a: Latias|27/100\n|\n|upkeep\n|turn|22\n|inactive|Time left: 300 sec this turn | 300 sec total\n|\n|t:|1783563843\n|move|p2a: Latias|Draco Meteor|p1a: Bastiodon\n|-resisted|p1a: Bastiodon\n|-damage|p1a: Bastiodon|69/252\n|-unboost|p2a: Latias|spa|2\n|move|p1a: Bastiodon|Foul Play|p2a: Latias\n|-supereffective|p2a: Latias\n|-damage|p2a: Latias|0 fnt\n|faint|p2a: Latias\n|\n|upkeep\n|\n|t:|1783563844\n|switch|p2a: Regieleki|Regieleki, L79|100/100\n|turn|23\n|inactive|Time left: 300 sec this turn | 300 sec total\n|\n|t:|1783563845\n|switch|p1a: Toedscruel|Toedscruel, L87, F|281/281\n|-damage|p1a: Toedscruel|264/281|[from] Stealth Rock\n|move|p2a: Regieleki|Thunderbolt|p1a: Toedscruel\n|-immune|p1a: Toedscruel\n|\n|upkeep\n|turn|24\n|inactive|Time left: 300 sec this turn | 300 sec total\n|\n|t:|1783563846\n|switch|p2a: Mesprit|Mesprit, L85, tera:Dark|39/100\n|move|p1a: Toedscruel|Rapid Spin|p2a: Mesprit\n|-damage|p2a: Mesprit|29/100\n|-boost|p1a: Toedscruel|spe|1\n|-sideend|p1: p0x2056b67c|Stealth Rock|[from] move: Rapid Spin|[of] p1a: Toedscruel\n|\n|-heal|p2a: Mesprit|35/100|[from] item: Leftovers\n|upkeep\n|turn|25\n|inactive|Time left: 300 sec this turn | 300 sec total\n|\n|t:|1783563847\n|move|p1a: Toedscruel|Giga Drain|p2a: Mesprit\n|-damage|p2a: Mesprit|11/100\n|-heal|p1a: Toedscruel|281/281|[from] drain|[of] p2a: Mesprit\n|move|p2a: Mesprit|Knock Off|p1a: Toedscruel\n|-damage|p1a: Toedscruel|137/281\n|-enditem|p1a: Toedscruel|Assault Vest|[from] move: Knock Off|[of] p2a: Mesprit\n|\n|-heal|p2a: Mesprit|17/100|[from] item: Leftovers\n|upkeep\n|turn|26\n|inactive|Time left: 300 sec this turn | 300 sec total\n|\n|t:|1783563848\n|move|p1a: Toedscruel|Giga Drain|p2a: Mesprit\n|-damage|p2a: Mesprit|0 fnt\n|-heal|p1a: Toedscruel|160/281|[from] drain|[of] p2a: Mesprit\n|faint|p2a: Mesprit\n|\n|upkeep\n|\n|t:|1783563849\n|switch|p2a: Lumineon|Lumineon, L93, F|100/100\n|turn|27\n|inactive|Time left: 300 sec this turn | 300 sec total\n|\n|t:|1783563850\n|-terastallize|p1a: Toedscruel|Water\n|move|p1a: Toedscruel|Giga Drain|p2a: Lumineon\n|-supereffective|p2a: Lumineon\n|-damage|p2a: Lumineon|52/100\n|-heal|p1a: Toedscruel|227/281|[from] drain|[of] p2a: Lumineon\n|move|p2a: Lumineon|Ice Beam|p1a: Toedscruel\n|-resisted|p1a: Toedscruel\n|-damage|p1a: Toedscruel|202/281\n|\n|upkeep\n|turn|28\n|inactive|Time left: 300 sec this turn | 300 sec total\n|\n|t:|1783563851\n|move|p1a: Toedscruel|Giga Drain|p2a: Lumineon\n|-supereffective|p2a: Lumineon\n|-damage|p2a: Lumineon|7/100\n|-heal|p1a: Toedscruel|266/281|[from] drain|[of] p2a: Lumineon\n|move|p2a: Lumineon|Encore|p1a: Toedscruel\n|-start|p1a: Toedscruel|Encore\n|\n|upkeep\n|turn|29\n|inactive|Time left: 300 sec this turn | 300 sec total\n|\n|t:|1783563852\n|switch|p2a: Regieleki|Regieleki, L79|100/100\n|move|p1a: Toedscruel|Giga Drain|p2a: Regieleki\n|-damage|p2a: Regieleki|52/100\n|-heal|p1a: Toedscruel|281/281|[from] drain|[of] p2a: Regieleki\n|\n|upkeep\n|turn|30\n|inactive|Time left: 300 sec this turn | 300 sec total\n|\n|t:|1783563853\n|switch|p1a: Bastiodon|Bastiodon, L89, M|69/252\n|move|p2a: Regieleki|Thunderbolt|p1a: Bastiodon\n|-damage|p1a: Bastiodon|0 fnt\n|faint|p1a: Bastiodon\n|\n|upkeep\n|inactive|Time left: 300 sec this turn | 300 sec total | 5 sec grace\n|\n|t:|1783563854\n|switch|p1a: Toedscruel|Toedscruel, L87, F, tera:Water|281/281\n|turn|31\n|inactive|Time left: 300 sec this turn | 300 sec total\n|\n|t:|1783563855\n|switch|p1a: Luvdisc|Luvdisc, M|247/247\n|move|p2a: Regieleki|Volt Switch|p1a: Luvdisc\n|-supereffective|p1a: Luvdisc\n|-damage|p1a: Luvdisc|7/247\n|\n|t:|1783563856\n|switch|p2a: Lumineon|Lumineon, L93, F|7/100|[from] Volt Switch\n|\n|upkeep\n|turn|32\n|inactive|Time left: 300 sec this turn | 300 sec total\n|\n|t:|1783563857\n|switch|p1a: Toedscruel|Toedscruel, L87, F, tera:Water|281/281\n|move|p2a: Lumineon|U-turn|p1a: Toedscruel\n|-damage|p1a: Toedscruel|224/281\n|\n|t:|1783563857\n|switch|p2a: Regieleki|Regieleki, L79|52/100|[from] U-turn\n|\n|upkeep\n|turn|33\n|inactive|Time left: 300 sec this turn | 300 sec total\n|\n|t:|1783563858\n|move|p2a: Regieleki|Thunderbolt|p1a: Toedscruel\n|-supereffective|p1a: Toedscruel\n|-damage|p1a: Toedscruel|30/281\n|move|p1a: Toedscruel|Earth Power|p2a: Regieleki\n|-supereffective|p2a: Regieleki\n|-damage|p2a: Regieleki|0 fnt\n|faint|p2a: Regieleki\n|\n|upkeep\n|\n|t:|1783563859\n|switch|p2a: Lumineon|Lumineon, L93, F|7/100\n|turn|34\n|inactive|Time left: 300 sec this turn | 300 sec total\n|\n|t:|1783563860\n|move|p1a: Toedscruel|Rapid Spin|p2a: Lumineon\n|-damage|p2a: Lumineon|0 fnt\n|-boost|p1a: Toedscruel|spe|1\n|faint|p2a: Lumineon\n|\n|win|p0x2056b67c", "uploadtime": 1783563860, "views": 0, "rating": 0, "private": 0, "password": null, "_winner": "p0x2056b67c", "_our_name": "p0x2056b67c"}