{"id": "battle-gen9randombattle-1098", "formatid": "gen9randombattle", "format": "[Gen 9] Random Battle", "players": ["p0x109870b2", "p0y109837f6"], "log": "|init|battle\n|title|p0x109870b2 vs. p0y109837f6\n|j|\u2606p0x109870b2\n|j|\u2606p0y109837f6\n|t:|1783551902\n|gametype|singles\n|player|p1|p0x109870b2|170|\n|player|p2|p0y109837f6|101|\n|gen|9\n|tier|[Gen 9] Random Battle\n|rule|Species Clause: Limit one of each Pok\u00e9mon\n|rule|HP Percentage Mod: HP is shown in percentages\n|rule|Sleep Clause Mod: Limit one foe put to sleep\n|rule|Illusion Level Mod: Illusion disguises the Pok\u00e9mon's true level\n|\n|t:|1783551902\n|teamsize|p1|6\n|teamsize|p2|6\n|start\n|switch|p1a: Sceptile|Sceptile, L87, F|100/100\n|switch|p2a: Landorus|Landorus-Therian, L76, M|260/260\n|-ability|p2a: Landorus|Intimidate|boost\n|-unboost|p1a: Sceptile|atk|1\n|turn|1\n|inactive|Battle timer is ON: inactive players will automatically lose when time's up. (requested by p0x109870b2)\n|inactive|Time left: 300 sec this turn | 300 sec total | 60 sec grace\n|\n|t:|1783551903\n|switch|p1a: Articuno|Articuno, L86|100/100\n|-ability|p1a: Articuno|Pressure\n|move|p2a: Landorus|Earthquake|p1a: Articuno\n|-immune|p1a: Articuno\n|\n|upkeep\n|turn|2\n|inactive|Time left: 300 sec this turn | 300 sec total\n|inactive|p0y109837f6 also wants the timer to be on.\n|\n|t:|1783551905\n|switch|p2a: Hatterene|Hatterene, L85, F|236/236\n|move|p1a: Articuno|Freeze-Dry|p2a: Hatterene\n|-damage|p2a: Hatterene|190/236\n|\n|upkeep\n|turn|3\n|inactive|Time left: 300 sec this turn | 300 sec total\n|\n|t:|1783551906\n|move|p1a: Articuno|Brave Bird|p2a: Hatterene\n|-damage|p2a: Hatterene|81/236\n|-damage|p1a: Articuno|88/100|[from] Recoil\n|move|p2a: Hatterene|Mystical Fire|p1a: Articuno\n|-supereffective|p1a: Articuno\n|-damage|p1a: Articuno|51/100\n|-unboost|p1a: Articuno|spa|1\n|\n|upkeep\n|turn|4\n|inactive|Time left: 300 sec this turn | 300 sec total\n|\n|t:|1783551907\n|move|p1a: Articuno|Brave Bird|p2a: Hatterene\n|-damage|p2a: Hatterene|0 fnt\n|faint|p2a: Hatterene\n|-damage|p1a: Articuno|42/100|[from] Recoil\n|\n|upkeep\n|inactive|Time left: 300 sec this turn | 300 sec total | 5 sec grace\n|\n|t:|1783551908\n|switch|p2a: Hypno|Hypno, L95, F|315/315\n|turn|5\n|inactive|Time left: 300 sec this turn | 300 sec total\n|\n|t:|1783551909\n|move|p1a: Articuno|Roost|p1a: Articuno\n|-heal|p1a: Articuno|92/100\n|-singleturn|p1a: Articuno|move: Roost\n|move|p2a: Hypno|Focus Blast|p1a: Articuno\n|-supereffective|p1a: Articuno\n|-damage|p1a: Articuno|49/100\n|\n|upkeep\n|turn|6\n|inactive|Time left: 300 sec this turn | 300 sec total\n|\n|t:|1783551910\n|move|p1a: Articuno|Roost|p1a: Articuno\n|-heal|p1a: Articuno|99/100\n|-singleturn|p1a: Articuno|move: Roost\n|move|p2a: Hypno|Toxic|p1a: Articuno\n|-status|p1a: Articuno|tox\n|\n|-damage|p1a: Articuno|93/100 tox|[from] psn\n|upkeep\n|turn|7\n|inactive|Time left: 300 sec this turn | 300 sec total\n|\n|t:|1783551911\n|switch|p1a: Arceus|Arceus-Poison, L70|100/100\n|move|p2a: Hypno|Psychic Noise|p1a: Arceus\n|-supereffective|p1a: Arceus\n|-damage|p1a: Arceus|41/100\n|-start|p1a: Arceus|move: Heal Block\n|\n|upkeep\n|turn|8\n|inactive|Time left: 300 sec this turn | 300 sec total\n|\n|t:|1783551913\n|switch|p1a: Morpeko|Morpeko, L88, M|100/100\n|move|p2a: Hypno|Psychic Noise|p1a: Morpeko\n|-immune|p1a: Morpeko\n|\n|-formechange|p1a: Morpeko|Morpeko-Hangry||[from] ability: Hunger Switch\n|upkeep\n|turn|9\n|inactive|Time left: 300 sec this turn | 300 sec total\n|\n|t:|1783551914\n|switch|p2a: Chesnaught|Chesnaught, L84, M|285/285\n|move|p1a: Morpeko|Aura Wheel|p2a: Chesnaught\n|-resisted|p2a: Chesnaught\n|-damage|p2a: Chesnaught|234/285\n|-boost|p1a: Morpeko|spe|1\n|\n|-heal|p2a: Chesnaught|251/285|[from] item: Leftovers\n|-formechange|p1a: Morpeko|Morpeko||[from] ability: Hunger Switch\n|upkeep\n|turn|10\n|inactive|Time left: 300 sec this turn | 300 sec total\n|\n|t:|1783551915\n|move|p1a: Morpeko|Protect|p1a: Morpeko\n|-singleturn|p1a: Morpeko|Protect\n|move|p2a: Chesnaught|Body Press|p1a: Morpeko\n|-activate|p1a: Morpeko|move: Protect\n|\n|-heal|p2a: Chesnaught|268/285|[from] item: Leftovers\n|-formechange|p1a: Morpeko|Morpeko-Hangry||[from] ability: Hunger Switch\n|upkeep\n|turn|11\n|inactive|Time left: 300 sec this turn | 300 sec total\n|\n|t:|1783551916\n|move|p1a: Morpeko|Parting Shot|p2a: Chesnaught\n|-unboost|p2a: Chesnaught|atk|1\n|-unboost|p2a: Chesnaught|spa|1\n|\n|t:|1783551917\n|switch|p1a: Arceus|Arceus-Poison, L70|41/100|[from] Parting Shot\n|move|p2a: Chesnaught|Body Press|p1a: Arceus\n|-resisted|p1a: Arceus\n|-damage|p1a: Arceus|25/100\n|\n|-heal|p2a: Chesnaught|285/285|[from] item: Leftovers\n|upkeep\n|turn|12\n|inactive|Time left: 300 sec this turn | 300 sec total\n|\n|t:|1783551918\n|switch|p2a: Landorus|Landorus-Therian, L76, M|260/260\n|-ability|p2a: Landorus|Intimidate|boost\n|-unboost|p1a: Arceus|atk|1\n|move|p1a: Arceus|Recover|p1a: Arceus\n|-heal|p1a: Arceus|75/100\n|\n|upkeep\n|turn|13\n|inactive|Time left: 300 sec this turn | 300 sec total\n|\n|t:|1783551919\n|switch|p1a: Articuno|Articuno, L86|93/100 tox\n|-ability|p1a: Articuno|Pressure\n|move|p2a: Landorus|Earthquake|p1a: Articuno\n|-immune|p1a: Articuno\n|\n|-damage|p1a: Articuno|87/100 tox|[from] psn\n|upkeep\n|turn|14\n|inactive|Time left: 300 sec this turn | 300 sec total\n|\n|t:|1783551920\n|switch|p2a: Hypno|Hypno, L95, F|315/315\n|move|p1a: Articuno|Freeze-Dry|p2a: Hypno\n|-damage|p2a: Hypno|257/315\n|\n|-heal|p2a: Hypno|276/315|[from] item: Leftovers\n|-damage|p1a: Articuno|75/100 tox|[from] psn\n|upkeep\n|turn|15\n|inactive|Time left: 300 sec this turn | 300 sec total\n|\n|t:|1783551921\n|move|p1a: Articuno|Freeze-Dry|p2a: Hypno\n|-damage|p2a: Hypno|225/315\n|move|p2a: Hypno|Psychic Noise|p1a: Articuno\n|-damage|p1a: Articuno|55/100 tox\n|-start|p1a: Articuno|move: Heal Block\n|\n|-heal|p2a: Hypno|244/315|[from] item: Leftovers\n|-damage|p1a: Articuno|36/100 tox|[from] psn\n|upkeep\n|turn|16\n|inactive|Time left: 300 sec this turn | 300 sec total\n|\n|t:|1783551922\n|move|p1a: Articuno|Brave Bird|p2a: Hypno\n|-damage|p2a: Hypno|121/315\n|-damage|p1a: Articuno|23/100 tox|[from] Recoil\n|move|p2a: Hypno|Psychic Noise|p1a: Articuno\n|-damage|p1a: Articuno|0 fnt\n|faint|p1a: Articuno\n|\n|-heal|p2a: Hypno|140/315|[from] item: Leftovers\n|upkeep\n|\n|t:|1783551923\n|switch|p1a: Morpeko|Morpeko, L88, M|100/100\n|turn|17\n|inactive|Time left: 300 sec this turn | 300 sec total\n|\n|t:|1783551924\n|switch|p2a: Landorus|Landorus-Therian, L76, M|260/260\n|-ability|p2a: Landorus|Intimidate|boost\n|-unboost|p1a: Morpeko|atk|1\n|move|p1a: Morpeko|Aura Wheel|p2a: Landorus\n|-immune|p2a: Landorus\n|\n|-formechange|p1a: Morpeko|Morpeko-Hangry||[from] ability: Hunger Switch\n|upkeep\n|turn|18\n|inactive|Time left: 300 sec this turn | 300 sec total\n|\n|t:|1783551925\n|move|p1a: Morpeko|Parting Shot|p2a: Landorus\n|-unboost|p2a: Landorus|atk|1\n|-unboost|p2a: Landorus|spa|1\n|\n|t:|1783551925\n|switch|p1a: Arceus|Arceus-Poison, L70|75/100|[from] Parting Shot\n|move|p2a: Landorus|Earthquake|p1a: Arceus\n|-supereffective|p1a: Arceus\n|-damage|p1a: Arceus|17/100\n|\n|upkeep\n|turn|19\n|inactive|Time left: 300 sec this turn | 300 sec total\n|\n|t:|1783551926\n|move|p1a: Arceus|Recover|p1a: Arceus\n|-heal|p1a: Arceus|67/100\n|move|p2a: Landorus|Earthquake|p1a: Arceus\n|-supereffective|p1a: Arceus\n|-crit|p1a: Arceus\n|-damage|p1a: Arceus|0 fnt\n|faint|p1a: Arceus\n|\n|upkeep\n|\n|t:|1783551927\n|switch|p1a: Zekrom|Zekrom, L71|100/100\n|-ability|p1a: Zekrom|Teravolt\n|turn|20\n|inactive|Time left: 300 sec this turn | 300 sec total\n|\n|t:|1783551928\n|switch|p2a: Chesnaught|Chesnaught, L84, M|285/285\n|move|p1a: Zekrom|Dragon Dance|p1a: Zekrom\n|-boost|p1a: Zekrom|atk|1\n|-boost|p1a: Zekrom|spe|1\n|\n|upkeep\n|turn|21\n|inactive|Time left: 300 sec this turn | 300 sec total\n|\n|t:|1783551929\n|move|p1a: Zekrom|Dragon Dance|p1a: Zekrom\n|-boost|p1a: Zekrom|atk|1\n|-boost|p1a: Zekrom|spe|1\n|move|p2a: Chesnaught|Iron Defense|p2a: Chesnaught\n|-boost|p2a: Chesnaught|def|2\n|\n|upkeep\n|turn|22\n|inactive|Time left: 300 sec this turn | 300 sec total\n|\n|t:|1783551930\n|move|p1a: Zekrom|Substitute|p1a: Zekrom\n|-start|p1a: Zekrom|Substitute\n|-damage|p1a: Zekrom|76/100\n|move|p2a: Chesnaught|Body Press|p1a: Zekrom\n|-end|p1a: Zekrom|Substitute\n|\n|-heal|p1a: Zekrom|82/100|[from] item: Leftovers\n|upkeep\n|turn|23\n|inactive|Time left: 300 sec this turn | 300 sec total\n|\n|t:|1783551932\n|move|p1a: Zekrom|Outrage|p2a: Chesnaught\n|-damage|p2a: Chesnaught|183/285\n|move|p2a: Chesnaught|Body Press|p1a: Zekrom\n|-damage|p1a: Zekrom|12/100\n|\n|-heal|p1a: Zekrom|19/100|[from] item: Leftovers\n|-heal|p2a: Chesnaught|200/285|[from] item: Leftovers\n|upkeep\n|turn|24\n|inactive|Time left: 300 sec this turn | 300 sec total\n|\n|t:|1783551933\n|move|p1a: Zekrom|Outrage|p2a: Chesnaught|[from] lockedmove\n|-damage|p2a: Chesnaught|98/285\n|move|p2a: Chesnaught|Body Press|p1a: Zekrom\n|-damage|p1a: Zekrom|0 fnt\n|faint|p1a: Zekrom\n|\n|-heal|p2a: Chesnaught|115/285|[from] item: Leftovers\n|upkeep\n|\n|t:|1783551934\n|switch|p1a: Deoxys|Deoxys, L74|100/100\n|-ability|p1a: Deoxys|Pressure\n|turn|25\n|inactive|Time left: 300 sec this turn | 300 sec total\n|\n|t:|1783551935\n|switch|p2a: Hypno|Hypno, L95, F|140/315\n|move|p1a: Deoxys|Psycho Boost|p2a: Hypno\n|-resisted|p2a: Hypno\n|-crit|p2a: Hypno\n|-damage|p2a: Hypno|33/315\n|-unboost|p1a: Deoxys|spa|2\n|-damage|p1a: Deoxys|91/100|[from] item: Life Orb\n|\n|-heal|p2a: Hypno|52/315|[from] item: Leftovers\n|upkeep\n|turn|26\n|inactive|Time left: 300 sec this turn | 300 sec total\n|\n|t:|1783551936\n|switch|p1a: Morpeko|Morpeko, L88, M|100/100\n|switch|p2a: Landorus|Landorus-Therian, L76, M|260/260\n|-ability|p2a: Landorus|Intimidate|boost\n|-unboost|p1a: Morpeko|atk|1\n|\n|-formechange|p1a: Morpeko|Morpeko-Hangry||[from] ability: Hunger Switch\n|upkeep\n|turn|27\n|inactive|Time left: 300 sec this turn | 300 sec total\n|\n|t:|1783551937\n|move|p1a: Morpeko|Parting Shot|p2a: Landorus\n|-unboost|p2a: Landorus|atk|1\n|-unboost|p2a: Landorus|spa|1\n|\n|t:|1783551938\n|switch|p1a: Sceptile|Sceptile, L87, F|100/100|[from] Parting Shot\n|move|p2a: Landorus|Earthquake|p1a: Sceptile\n|-resisted|p1a: Sceptile\n|-damage|p1a: Sceptile|81/100\n|\n|upkeep\n|turn|28\n|inactive|Time left: 300 sec this turn | 300 sec total\n|\n|t:|1783551940\n|move|p1a: Sceptile|Swords Dance|p1a: Sceptile\n|-boost|p1a: Sceptile|atk|2\n|move|p2a: Landorus|U-turn|p1a: Sceptile\n|-supereffective|p1a: Sceptile\n|-damage|p1a: Sceptile|44/100\n|inactive|Time left: 300 sec this turn | 300 sec total | 5 sec grace\n|\n|t:|1783551941\n|switch|p2a: Chesnaught|Chesnaught, L84, M|115/285|[from] U-turn\n|\n|-heal|p2a: Chesnaught|132/285|[from] item: Leftovers\n|upkeep\n|turn|29\n|inactive|Time left: 300 sec this turn | 300 sec total\n|\n|t:|1783551942\n|move|p1a: Sceptile|Leaf Blade|p2a: Chesnaught\n|-resisted|p2a: Chesnaught\n|-damage|p2a: Chesnaught|45/285\n|-damage|p1a: Sceptile|34/100|[from] item: Life Orb\n|move|p2a: Chesnaught|Body Press|p1a: Sceptile\n|-damage|p1a: Sceptile|0 fnt\n|faint|p1a: Sceptile\n|\n|-heal|p2a: Chesnaught|62/285|[from] item: Leftovers\n|upkeep\n|\n|t:|1783551943\n|switch|p1a: Deoxys|Deoxys, L74|91/100\n|-ability|p1a: Deoxys|Pressure\n|turn|30\n|inactive|Time left: 300 sec this turn | 300 sec total\n|\n|t:|1783551944\n|move|p1a: Deoxys|Superpower|p2a: Chesnaught\n|-damage|p2a: Chesnaught|0 fnt\n|-unboost|p1a: Deoxys|atk|1\n|-unboost|p1a: Deoxys|def|1\n|faint|p2a: Chesnaught\n|-damage|p1a: Deoxys|81/100|[from] item: Life Orb\n|\n|upkeep\n|inactive|Time left: 300 sec this turn | 300 sec total | 5 sec grace\n|\n|t:|1783551944\n|switch|p2a: Serperior|Serperior, L79, M|248/248\n|turn|31\n|inactive|Time left: 300 sec this turn | 300 sec total\n|\n|t:|1783551946\n|-terastallize|p1a: Deoxys|Psychic\n|move|p1a: Deoxys|Psycho Boost|p2a: Serperior\n|-damage|p2a: Serperior|0 fnt\n|-unboost|p1a: Deoxys|spa|2\n|faint|p2a: Serperior\n|-damage|p1a: Deoxys|71/100|[from] item: Life Orb\n|\n|upkeep\n|inactive|Time left: 300 sec this turn | 300 sec total | 5 sec grace\n|\n|t:|1783551947\n|switch|p2a: Landorus|Landorus-Therian, L76, M|260/260\n|-ability|p2a: Landorus|Intimidate|boost\n|-unboost|p1a: Deoxys|atk|1\n|turn|32\n|inactive|Time left: 300 sec this turn | 300 sec total\n|\n|t:|1783551948\n|move|p1a: Deoxys|Psycho Boost|p2a: Landorus\n|-damage|p2a: Landorus|101/260\n|-unboost|p1a: Deoxys|spa|2\n|-damage|p1a: Deoxys|62/100|[from] item: Life Orb\n|move|p2a: Landorus|U-turn|p1a: Deoxys\n|-supereffective|p1a: Deoxys\n|-damage|p1a: Deoxys|0 fnt\n|faint|p1a: Deoxys\n|inactive|Time left: 300 sec this turn | 300 sec total | 5 sec grace\n|\n|t:|1783551949\n|switch|p2a: Lumineon|Lumineon, L93, F|279/279|[from] U-turn\n|\n|upkeep\n|\n|t:|1783551950\n|switch|p1a: Morpeko|Morpeko, L88, M|100/100\n|turn|33\n|inactive|Time left: 300 sec this turn | 300 sec total\n|\n|t:|1783551951\n|-terastallize|p2a: Lumineon|Water\n|move|p2a: Lumineon|Hydro Pump|p1a: Morpeko\n|-damage|p1a: Morpeko|0 fnt\n|faint|p1a: Morpeko\n|-damage|p2a: Lumineon|252/279|[from] item: Life Orb\n|\n|win|p0y109837f6", "uploadtime": 1783551951, "views": 0, "rating": 0, "private": 0, "password": null, "_winner": "p0y109837f6", "_our_name": "p0y109837f6"}