{"id": "battle-gen9randombattle-8", "formatid": "gen9randombattle", "format": "[Gen 9] Random Battle", "players": ["p0x0088e16", "p0y008f106"], "log": "|init|battle\n|title|p0x0088e16 vs. p0y008f106\n|j|\u2606p0x0088e16\n|j|\u2606p0y008f106\n|t:|1783533900\n|gametype|singles\n|player|p1|p0x0088e16|266|\n|player|p2|p0y008f106|266|\n|gen|9\n|tier|[Gen 9] Random Battle\n|rule|Species Clause: Limit one of each Pok\u00e9mon\n|rule|HP Percentage Mod: HP is shown in percentages\n|rule|Sleep Clause Mod: Limit one foe put to sleep\n|rule|Illusion Level Mod: Illusion disguises the Pok\u00e9mon's true level\n|\n|t:|1783533900\n|teamsize|p1|6\n|teamsize|p2|6\n|start\n|switch|p1a: Medicham|Medicham, L86, F|100/100\n|switch|p2a: Delphox|Delphox, L84, F|263/263\n|turn|1\n|inactive|Battle timer is ON: inactive players will automatically lose when time's up. (requested by p0x0088e16)\n|inactive|Time left: 300 sec this turn | 300 sec total | 60 sec grace\n|inactive|p0y008f106 also wants the timer to be on.\n|\n|t:|1783533901\n|move|p2a: Delphox|Fire Blast|p1a: Medicham|[miss]\n|-miss|p2a: Delphox|p1a: Medicham\n|move|p1a: Medicham|Close Combat|p2a: Delphox\n|-resisted|p2a: Delphox\n|-damage|p2a: Delphox|107/263\n|-unboost|p1a: Medicham|def|1\n|-unboost|p1a: Medicham|spd|1\n|\n|upkeep\n|turn|2\n|inactive|Time left: 300 sec this turn | 300 sec total\n|\n|t:|1783533903\n|move|p2a: Delphox|Fire Blast|p1a: Medicham|[miss]\n|-miss|p2a: Delphox|p1a: Medicham\n|move|p1a: Medicham|Close Combat|p2a: Delphox\n|-resisted|p2a: Delphox\n|-damage|p2a: Delphox|0 fnt\n|-unboost|p1a: Medicham|def|1\n|-unboost|p1a: Medicham|spd|1\n|faint|p2a: Delphox\n|\n|upkeep\n|inactive|Time left: 300 sec this turn | 300 sec total | 5 sec grace\n|\n|t:|1783533904\n|switch|p2a: Donphan|Donphan, L84, F|288/288\n|turn|3\n|inactive|Time left: 300 sec this turn | 300 sec total\n|\n|t:|1783533905\n|move|p1a: Medicham|Close Combat|p2a: Donphan\n|-damage|p2a: Donphan|53/288\n|-unboost|p1a: Medicham|def|1\n|-unboost|p1a: Medicham|spd|1\n|move|p2a: Donphan|Earthquake|p1a: Medicham\n|-damage|p1a: Medicham|0 fnt\n|faint|p1a: Medicham\n|\n|upkeep\n|\n|t:|1783533906\n|switch|p1a: Primarina|Primarina, L83, M|100/100\n|turn|4\n|inactive|Time left: 300 sec this turn | 300 sec total\n|\n|t:|1783533907\n|switch|p2a: Dunsparce|Dunsparce, L86, F|312/312\n|move|p1a: Primarina|Moonblast|p2a: Dunsparce\n|-damage|p2a: Dunsparce|204/312\n|-unboost|p2a: Dunsparce|spa|1\n|\n|upkeep\n|turn|5\n|inactive|Time left: 300 sec this turn | 300 sec total\n|\n|t:|1783533908\n|move|p1a: Primarina|Psychic Noise|p2a: Dunsparce\n|-damage|p2a: Dunsparce|122/312\n|-start|p2a: Dunsparce|move: Heal Block\n|move|p2a: Dunsparce|Body Slam|p1a: Primarina\n|-damage|p1a: Primarina|67/100\n|\n|-heal|p1a: Primarina|73/100|[from] item: Leftovers\n|upkeep\n|turn|6\n|inactive|Time left: 300 sec this turn | 300 sec total\n|\n|t:|1783533909\n|move|p1a: Primarina|Calm Mind|p1a: Primarina\n|-boost|p1a: Primarina|spa|1\n|-boost|p1a: Primarina|spd|1\n|move|p2a: Dunsparce|Body Slam|p1a: Primarina\n|-damage|p1a: Primarina|44/100\n|-status|p1a: Primarina|par\n|\n|-heal|p1a: Primarina|50/100 par|[from] item: Leftovers\n|-end|p2a: Dunsparce|move: Heal Block\n|upkeep\n|turn|7\n|inactive|Time left: 300 sec this turn | 300 sec total\n|\n|t:|1783533910\n|move|p2a: Dunsparce|Body Slam|p1a: Primarina\n|-damage|p1a: Primarina|19/100 par\n|move|p1a: Primarina|Moonblast|p2a: Dunsparce\n|-damage|p2a: Dunsparce|0 fnt\n|faint|p2a: Dunsparce\n|\n|-heal|p1a: Primarina|25/100 par|[from] item: Leftovers\n|upkeep\n|inactive|Time left: 300 sec this turn | 300 sec total | 5 sec grace\n|\n|t:|1783533912\n|switch|p2a: Donphan|Donphan, L84, F|53/288\n|turn|8\n|inactive|Time left: 300 sec this turn | 300 sec total\n|\n|t:|1783533913\n|switch|p1a: Masquerain|Masquerain, L87, F|100/100\n|-ability|p1a: Masquerain|Intimidate|boost\n|-unboost|p2a: Donphan|atk|1\n|move|p2a: Donphan|Earthquake|p1a: Masquerain\n|-immune|p1a: Masquerain\n|\n|upkeep\n|turn|9\n|inactive|Time left: 300 sec this turn | 300 sec total\n|\n|t:|1783533914\n|switch|p2a: Miraidon|Miraidon, L65|238/238\n|-fieldstart|move: Electric Terrain|[from] ability: Hadron Engine|[of] p2a: Miraidon\n|move|p1a: Masquerain|Quiver Dance|p1a: Masquerain\n|-boost|p1a: Masquerain|spa|1\n|-boost|p1a: Masquerain|spd|1\n|-boost|p1a: Masquerain|spe|1\n|\n|upkeep\n|turn|10\n|inactive|Time left: 300 sec this turn | 300 sec total\n|\n|t:|1783533915\n|move|p1a: Masquerain|Bug Buzz|p2a: Miraidon\n|-damage|p2a: Miraidon|75/238\n|move|p2a: Miraidon|Electro Drift|p1a: Masquerain\n|-supereffective|p1a: Masquerain\n|-damage|p1a: Masquerain|0 fnt\n|faint|p1a: Masquerain\n|-damage|p2a: Miraidon|52/238|[from] item: Life Orb\n|\n|upkeep\n|\n|t:|1783533916\n|switch|p1a: Gengar|Gengar, L81, M|100/100\n|turn|11\n|inactive|Time left: 300 sec this turn | 300 sec total\n|\n|t:|1783533917\n|move|p1a: Gengar|Shadow Ball|p2a: Miraidon\n|-damage|p2a: Miraidon|0 fnt\n|faint|p2a: Miraidon\n|\n|upkeep\n|inactive|Time left: 300 sec this turn | 300 sec total | 5 sec grace\n|\n|t:|1783533918\n|switch|p2a: Meowstic|Meowstic-F, L89, F|277/277\n|turn|12\n|inactive|Time left: 300 sec this turn | 300 sec total\n|\n|t:|1783533919\n|-terastallize|p2a: Meowstic|Fairy\n|move|p2a: Meowstic|Nasty Plot|p2a: Meowstic\n|-boost|p2a: Meowstic|spa|2\n|move|p1a: Gengar|Shadow Ball|p2a: Meowstic\n|-damage|p2a: Meowstic|139/277\n|\n|upkeep\n|turn|13\n|inactive|Time left: 300 sec this turn | 300 sec total\n|\n|t:|1783533920\n|switch|p1a: Primarina|Primarina, L83, M|25/100 par\n|move|p2a: Meowstic|Thunderbolt|p1a: Primarina\n|-supereffective|p1a: Primarina\n|-damage|p1a: Primarina|0 fnt\n|faint|p1a: Primarina\n|-damage|p2a: Meowstic|112/277|[from] item: Life Orb\n|\n|-fieldend|move: Electric Terrain\n|upkeep\n|\n|t:|1783533921\n|switch|p1a: Cryogonal|Cryogonal, L89|100/100\n|turn|14\n|inactive|Time left: 300 sec this turn | 300 sec total\n|\n|t:|1783533922\n|move|p1a: Cryogonal|Ice Beam|p2a: Meowstic\n|-damage|p2a: Meowstic|13/277\n|move|p2a: Meowstic|Psyshock|p1a: Cryogonal\n|-damage|p1a: Cryogonal|0 fnt\n|faint|p1a: Cryogonal\n|-damage|p2a: Meowstic|0 fnt|[from] item: Life Orb\n|faint|p2a: Meowstic\n|\n|upkeep\n|inactive|Time left: 300 sec this turn | 300 sec total | 5 sec grace\n|\n|t:|1783533923\n|switch|p1a: Kommo-o|Kommo-o, L77, F|100/100\n|switch|p2a: Great Tusk|Great Tusk, L77|304/304\n|turn|15\n|inactive|Time left: 300 sec this turn | 300 sec total\n|\n|t:|1783533924\n|move|p2a: Great Tusk|Rapid Spin|p1a: Kommo-o\n|-damage|p1a: Kommo-o|88/100\n|-boost|p2a: Great Tusk|spe|1\n|move|p1a: Kommo-o|Swords Dance|p1a: Kommo-o\n|-boost|p1a: Kommo-o|atk|2\n|\n|upkeep\n|turn|16\n|inactive|Time left: 300 sec this turn | 300 sec total\n|\n|t:|1783533925\n|move|p2a: Great Tusk|Headlong Rush|p1a: Kommo-o\n|-damage|p1a: Kommo-o|41/100\n|-unboost|p2a: Great Tusk|def|1\n|-unboost|p2a: Great Tusk|spd|1\n|move|p1a: Kommo-o|Close Combat|p2a: Great Tusk\n|-damage|p2a: Great Tusk|12/304\n|-unboost|p1a: Kommo-o|def|1\n|-unboost|p1a: Kommo-o|spd|1\n|\n|-heal|p2a: Great Tusk|31/304|[from] item: Leftovers\n|upkeep\n|turn|17\n|inactive|Time left: 300 sec this turn | 300 sec total\n|\n|t:|1783533927\n|move|p2a: Great Tusk|Headlong Rush|p1a: Kommo-o\n|-damage|p1a: Kommo-o|0 fnt\n|-unboost|p2a: Great Tusk|def|1\n|-unboost|p2a: Great Tusk|spd|1\n|faint|p1a: Kommo-o\n|\n|-heal|p2a: Great Tusk|50/304|[from] item: Leftovers\n|upkeep\n|\n|t:|1783533928\n|switch|p1a: Gengar|Gengar, L81, M|100/100\n|turn|18\n|inactive|Time left: 300 sec this turn | 300 sec total\n|\n|t:|1783533928\n|-terastallize|p1a: Gengar|Fighting\n|move|p2a: Great Tusk|Headlong Rush|p1a: Gengar\n|-damage|p1a: Gengar|20/100\n|-unboost|p2a: Great Tusk|def|1\n|-unboost|p2a: Great Tusk|spd|1\n|move|p1a: Gengar|Shadow Ball|p2a: Great Tusk\n|-damage|p2a: Great Tusk|0 fnt\n|faint|p2a: Great Tusk\n|-end|p2a: Great Tusk|Protosynthesis|[silent]\n|\n|upkeep\n|inactive|Time left: 300 sec this turn | 300 sec total | 5 sec grace\n|\n|t:|1783533929\n|switch|p2a: Donphan|Donphan, L84, F|53/288\n|turn|19\n|inactive|Time left: 300 sec this turn | 300 sec total\n|\n|t:|1783533930\n|move|p2a: Donphan|Ice Shard|p1a: Gengar\n|-crit|p1a: Gengar\n|-damage|p1a: Gengar|0 fnt\n|faint|p1a: Gengar\n|\n|win|p0y008f106", "uploadtime": 1783533930, "views": 0, "rating": 0, "private": 0, "password": null, "_winner": "p0y008f106", "_our_name": "p0y008f106"}