{"id": "battle-gen9randombattle-72", "formatid": "gen9randombattle", "format": "[Gen 9] Random Battle", "players": ["p0x07269be", "p0y07262f3"], "log": "|init|battle\n|title|p0x07269be vs. p0y07262f3\n|j|\u2606p0x07269be\n|j|\u2606p0y07262f3\n|t:|1783534596\n|gametype|singles\n|player|p1|p0x07269be|102|\n|player|p2|p0y07262f3|266|\n|gen|9\n|tier|[Gen 9] Random Battle\n|rule|Species Clause: Limit one of each Pok\u00e9mon\n|rule|HP Percentage Mod: HP is shown in percentages\n|rule|Sleep Clause Mod: Limit one foe put to sleep\n|rule|Illusion Level Mod: Illusion disguises the Pok\u00e9mon's true level\n|\n|t:|1783534596\n|teamsize|p1|6\n|teamsize|p2|6\n|start\n|switch|p1a: Cramorant|Cramorant, L86, F|100/100\n|switch|p2a: Deoxys|Deoxys-Defense, L84|221/221\n|-ability|p2a: Deoxys|Pressure\n|turn|1\n|inactive|Battle timer is ON: inactive players will automatically lose when time's up. (requested by p0x07269be)\n|inactive|Time left: 300 sec this turn | 300 sec total | 60 sec grace\n|inactive|p0y07262f3 also wants the timer to be on.\n|\n|t:|1783534598\n|switch|p1a: Ninetales|Ninetales-Alola, L78, F|100/100\n|-weather|Snowscape|[from] ability: Snow Warning|[of] p1a: Ninetales\n|move|p2a: Deoxys|Knock Off|p1a: Ninetales\n|-resisted|p1a: Ninetales\n|-damage|p1a: Ninetales|92/100\n|-enditem|p1a: Ninetales|Light Clay|[from] move: Knock Off|[of] p2a: Deoxys\n|\n|-weather|Snowscape|[upkeep]\n|upkeep\n|turn|2\n|inactive|Time left: 300 sec this turn | 300 sec total\n|\n|t:|1783534599\n|switch|p2a: Koraidon|Koraidon, L64|235/235\n|-weather|SunnyDay|[from] ability: Orichalcum Pulse|[of] p2a: Koraidon\n|-activate|p2a: Koraidon|Orichalcum Pulse|[source]\n|move|p1a: Ninetales|Aurora Veil||[still]\n|-fail|p1a: Ninetales\n|\n|-weather|SunnyDay|[upkeep]\n|upkeep\n|turn|3\n|inactive|Time left: 300 sec this turn | 300 sec total\n|\n|t:|1783534601\n|-terastallize|p2a: Koraidon|Fire\n|move|p1a: Ninetales|Moonblast|p2a: Koraidon\n|-resisted|p2a: Koraidon\n|-damage|p2a: Koraidon|193/235\n|move|p2a: Koraidon|Close Combat|p1a: Ninetales\n|-damage|p1a: Ninetales|0 fnt\n|-unboost|p2a: Koraidon|def|1\n|-unboost|p2a: Koraidon|spd|1\n|faint|p1a: Ninetales\n|\n|-weather|SunnyDay|[upkeep]\n|upkeep\n|\n|t:|1783534601\n|switch|p1a: Dragalge|Dragalge, L88, M|100/100\n|turn|4\n|inactive|Time left: 300 sec this turn | 300 sec total\n|\n|t:|1783534603\n|switch|p2a: Seviper|Seviper, L93, M|287/287\n|move|p1a: Dragalge|Sludge Wave|p2a: Seviper\n|-resisted|p2a: Seviper\n|-damage|p2a: Seviper|206/287\n|\n|-weather|SunnyDay|[upkeep]\n|-heal|p2a: Seviper|223/287|[from] item: Leftovers\n|upkeep\n|turn|5\n|inactive|Time left: 300 sec this turn | 300 sec total\n|\n|t:|1783534604\n|move|p2a: Seviper|Earthquake|p1a: Dragalge\n|-supereffective|p1a: Dragalge\n|-damage|p1a: Dragalge|37/100\n|move|p1a: Dragalge|Draco Meteor|p2a: Seviper\n|-damage|p2a: Seviper|0 fnt\n|-unboost|p1a: Dragalge|spa|2\n|faint|p2a: Seviper\n|\n|-weather|SunnyDay|[upkeep]\n|-heal|p1a: Dragalge|43/100|[from] item: Leftovers\n|upkeep\n|inactive|Time left: 300 sec this turn | 300 sec total | 5 sec grace\n|\n|t:|1783534605\n|switch|p2a: Koraidon|Koraidon, L64, tera:Fire|193/235\n|-activate|p2a: Koraidon|ability: Orichalcum Pulse\n|turn|6\n|inactive|Time left: 300 sec this turn | 300 sec total\n|\n|t:|1783534606\n|switch|p1a: Houndstone|Houndstone, L86, M|100/100\n|move|p2a: Koraidon|Outrage|p1a: Houndstone\n|-damage|p1a: Houndstone|69/100\n|\n|-weather|none\n|upkeep\n|turn|7\n|inactive|Time left: 300 sec this turn | 300 sec total\n|\n|t:|1783534607\n|-terastallize|p1a: Houndstone|Fairy\n|move|p2a: Koraidon|Outrage|p1a: Houndstone|[from] lockedmove\n|-immune|p1a: Houndstone\n|-start|p2a: Koraidon|confusion|[fatigue]\n|move|p1a: Houndstone|Poltergeist|p2a: Koraidon\n|-activate|p2a: Koraidon|move: Poltergeist|Choice Band\n|-damage|p2a: Koraidon|69/235\n|\n|upkeep\n|turn|8\n|inactive|Time left: 300 sec this turn | 300 sec total\n|\n|t:|1783534608\n|switch|p2a: Jumpluff|Jumpluff, L87, M|271/271\n|move|p1a: Houndstone|Poltergeist||[still]\n|-fail|p1a: Houndstone\n|\n|upkeep\n|turn|9\n|inactive|Time left: 300 sec this turn | 300 sec total\n|\n|t:|1783534609\n|move|p2a: Jumpluff|Leech Seed|p1a: Houndstone\n|-start|p1a: Houndstone|move: Leech Seed\n|move|p1a: Houndstone|Play Rough|p2a: Jumpluff\n|-damage|p2a: Jumpluff|153/271\n|\n|-damage|p1a: Houndstone|57/100|[from] Leech Seed|[of] p2a: Jumpluff\n|-heal|p2a: Jumpluff|186/271|[silent]\n|upkeep\n|turn|10\n|inactive|Time left: 300 sec this turn | 300 sec total\n|\n|t:|1783534610\n|switch|p1a: Dragalge|Dragalge, L88, M|43/100\n|move|p2a: Jumpluff|Strength Sap|p1a: Dragalge\n|-unboost|p1a: Dragalge|atk|1\n|-heal|p2a: Jumpluff|271/271\n|\n|-heal|p1a: Dragalge|49/100|[from] item: Leftovers\n|upkeep\n|turn|11\n|inactive|Time left: 300 sec this turn | 300 sec total\n|\n|t:|1783534611\n|switch|p2a: Cryogonal|Cryogonal, L89|287/287\n|move|p1a: Dragalge|Sludge Wave|p2a: Cryogonal\n|-damage|p2a: Cryogonal|185/287\n|\n|-heal|p1a: Dragalge|56/100|[from] item: Leftovers\n|upkeep\n|turn|12\n|inactive|Time left: 300 sec this turn | 300 sec total\n|\n|t:|1783534612\n|switch|p1a: Snorlax|Snorlax, L82, F|100/100\n|move|p2a: Cryogonal|Ice Beam|p1a: Snorlax\n|-damage|p1a: Snorlax|89/100\n|\n|-heal|p1a: Snorlax|95/100|[from] item: Leftovers\n|upkeep\n|turn|13\n|inactive|Time left: 300 sec this turn | 300 sec total\n|\n|t:|1783534613\n|move|p2a: Cryogonal|Recover|p2a: Cryogonal\n|-heal|p2a: Cryogonal|287/287\n|move|p1a: Snorlax|Body Slam|p2a: Cryogonal\n|-damage|p2a: Cryogonal|154/287\n|\n|-heal|p1a: Snorlax|100/100|[from] item: Leftovers\n|upkeep\n|turn|14\n|inactive|Time left: 300 sec this turn | 300 sec total\n|\n|t:|1783534614\n|move|p2a: Cryogonal|Recover|p2a: Cryogonal\n|-heal|p2a: Cryogonal|287/287\n|move|p1a: Snorlax|Body Slam|p2a: Cryogonal\n|-damage|p2a: Cryogonal|163/287\n|\n|upkeep\n|turn|15\n|inactive|Time left: 300 sec this turn | 300 sec total\n|\n|t:|1783534615\n|move|p2a: Cryogonal|Recover|p2a: Cryogonal\n|-heal|p2a: Cryogonal|287/287\n|move|p1a: Snorlax|Body Slam|p2a: Cryogonal\n|-damage|p2a: Cryogonal|149/287\n|-status|p2a: Cryogonal|par\n|\n|upkeep\n|turn|16\n|inactive|Time left: 300 sec this turn | 300 sec total\n|\n|t:|1783534616\n|move|p2a: Cryogonal|Recover|p2a: Cryogonal\n|-heal|p2a: Cryogonal|287/287 par\n|move|p1a: Snorlax|Body Slam|p2a: Cryogonal\n|-damage|p2a: Cryogonal|146/287 par\n|\n|upkeep\n|turn|17\n|inactive|Time left: 300 sec this turn | 300 sec total\n|\n|t:|1783534617\n|cant|p2a: Cryogonal|par\n|move|p1a: Snorlax|Body Slam|p2a: Cryogonal\n|-damage|p2a: Cryogonal|17/287 par\n|\n|upkeep\n|turn|18\n|inactive|Time left: 300 sec this turn | 300 sec total\n|\n|t:|1783534618\n|move|p2a: Cryogonal|Recover|p2a: Cryogonal\n|-heal|p2a: Cryogonal|161/287 par\n|move|p1a: Snorlax|Body Slam|p2a: Cryogonal\n|-crit|p2a: Cryogonal\n|-damage|p2a: Cryogonal|0 fnt\n|faint|p2a: Cryogonal\n|\n|upkeep\n|inactive|Time left: 300 sec this turn | 300 sec total | 5 sec grace\n|\n|t:|1783534619\n|switch|p2a: Koraidon|Koraidon, L64, tera:Fire|69/235\n|-weather|SunnyDay|[from] ability: Orichalcum Pulse|[of] p2a: Koraidon\n|-activate|p2a: Koraidon|Orichalcum Pulse|[source]\n|turn|19\n|inactive|Time left: 300 sec this turn | 300 sec total\n|\n|t:|1783534620\n|switch|p1a: Houndstone|Houndstone, L86, M, tera:Fairy|57/100\n|move|p2a: Koraidon|Close Combat|p1a: Houndstone\n|-resisted|p1a: Houndstone\n|-damage|p1a: Houndstone|40/100\n|-unboost|p2a: Koraidon|def|1\n|-unboost|p2a: Koraidon|spd|1\n|\n|-weather|SunnyDay|[upkeep]\n|upkeep\n|turn|20\n|inactive|Time left: 300 sec this turn | 300 sec total\n|\n|t:|1783534621\n|switch|p2a: Jumpluff|Jumpluff, L87, M|271/271\n|move|p1a: Houndstone|Play Rough|p2a: Jumpluff\n|-damage|p2a: Jumpluff|148/271\n|\n|-weather|SunnyDay|[upkeep]\n|upkeep\n|turn|21\n|inactive|Time left: 300 sec this turn | 300 sec total\n|\n|t:|1783534622\n|move|p2a: Jumpluff|Strength Sap|p1a: Houndstone\n|-unboost|p1a: Houndstone|atk|1\n|-heal|p2a: Jumpluff|271/271\n|move|p1a: Houndstone|Play Rough|p2a: Jumpluff\n|-damage|p2a: Jumpluff|199/271\n|\n|-weather|SunnyDay|[upkeep]\n|upkeep\n|turn|22\n|inactive|Time left: 300 sec this turn | 300 sec total\n|\n|t:|1783534624\n|switch|p1a: Dragalge|Dragalge, L88, M|56/100\n|move|p2a: Jumpluff|Leech Seed|p1a: Dragalge\n|-start|p1a: Dragalge|move: Leech Seed\n|\n|-weather|SunnyDay|[upkeep]\n|-heal|p1a: Dragalge|62/100|[from] item: Leftovers\n|-damage|p1a: Dragalge|49/100|[from] Leech Seed|[of] p2a: Jumpluff\n|-heal|p2a: Jumpluff|231/271|[silent]\n|upkeep\n|turn|23\n|inactive|Time left: 300 sec this turn | 300 sec total\n|\n|t:|1783534624\n|move|p2a: Jumpluff|Substitute|p2a: Jumpluff\n|-start|p2a: Jumpluff|Substitute\n|-damage|p2a: Jumpluff|164/271\n|move|p1a: Dragalge|Sludge Wave|p2a: Jumpluff\n|-supereffective|p2a: Jumpluff\n|-end|p2a: Jumpluff|Substitute\n|\n|-weather|none\n|-heal|p1a: Dragalge|56/100|[from] item: Leftovers\n|-damage|p1a: Dragalge|43/100|[from] Leech Seed|[of] p2a: Jumpluff\n|-heal|p2a: Jumpluff|196/271|[silent]\n|upkeep\n|turn|24\n|inactive|Time left: 300 sec this turn | 300 sec total\n|\n|t:|1783534626\n|move|p2a: Jumpluff|Substitute|p2a: Jumpluff\n|-start|p2a: Jumpluff|Substitute\n|-damage|p2a: Jumpluff|129/271\n|move|p1a: Dragalge|Sludge Wave|p2a: Jumpluff\n|-supereffective|p2a: Jumpluff\n|-end|p2a: Jumpluff|Substitute\n|\n|-heal|p1a: Dragalge|49/100|[from] item: Leftovers\n|-damage|p1a: Dragalge|37/100|[from] Leech Seed|[of] p2a: Jumpluff\n|-heal|p2a: Jumpluff|161/271|[silent]\n|upkeep\n|turn|25\n|inactive|Time left: 300 sec this turn | 300 sec total\n|\n|t:|1783534626\n|move|p2a: Jumpluff|Substitute|p2a: Jumpluff\n|-start|p2a: Jumpluff|Substitute\n|-damage|p2a: Jumpluff|94/271\n|move|p1a: Dragalge|Sludge Wave|p2a: Jumpluff\n|-supereffective|p2a: Jumpluff\n|-end|p2a: Jumpluff|Substitute\n|\n|-heal|p1a: Dragalge|43/100|[from] item: Leftovers\n|-damage|p1a: Dragalge|31/100|[from] Leech Seed|[of] p2a: Jumpluff\n|-heal|p2a: Jumpluff|126/271|[silent]\n|upkeep\n|turn|26\n|inactive|Time left: 300 sec this turn | 300 sec total\n|\n|t:|1783534627\n|move|p2a: Jumpluff|Substitute|p2a: Jumpluff\n|-start|p2a: Jumpluff|Substitute\n|-damage|p2a: Jumpluff|59/271\n|move|p1a: Dragalge|Sludge Wave|p2a: Jumpluff\n|-supereffective|p2a: Jumpluff\n|-end|p2a: Jumpluff|Substitute\n|\n|-heal|p1a: Dragalge|37/100|[from] item: Leftovers\n|-damage|p1a: Dragalge|25/100|[from] Leech Seed|[of] p2a: Jumpluff\n|-heal|p2a: Jumpluff|91/271|[silent]\n|upkeep\n|turn|27\n|inactive|Time left: 300 sec this turn | 300 sec total\n|\n|t:|1783534628\n|move|p2a: Jumpluff|Acrobatics|p1a: Dragalge\n|-damage|p1a: Dragalge|0 fnt\n|faint|p1a: Dragalge\n|\n|upkeep\n|\n|t:|1783534629\n|switch|p1a: Snorlax|Snorlax, L82, F|100/100\n|turn|28\n|inactive|Time left: 300 sec this turn | 300 sec total\n|\n|t:|1783534630\n|move|p2a: Jumpluff|Strength Sap|p1a: Snorlax\n|-unboost|p1a: Snorlax|atk|1\n|-heal|p2a: Jumpluff|271/271\n|move|p1a: Snorlax|Body Slam|p2a: Jumpluff\n|-damage|p2a: Jumpluff|195/271\n|-status|p2a: Jumpluff|par\n|\n|upkeep\n|turn|29\n|inactive|Time left: 300 sec this turn | 300 sec total\n|\n|t:|1783534631\n|move|p2a: Jumpluff|Leech Seed|p1a: Snorlax\n|-start|p1a: Snorlax|move: Leech Seed\n|move|p1a: Snorlax|Body Slam|p2a: Jumpluff\n|-damage|p2a: Jumpluff|122/271 par\n|\n|-damage|p1a: Snorlax|88/100|[from] Leech Seed|[of] p2a: Jumpluff\n|-heal|p2a: Jumpluff|171/271 par|[silent]\n|upkeep\n|turn|30\n|inactive|Time left: 300 sec this turn | 300 sec total\n|\n|t:|1783534632\n|switch|p1a: Bombirdier|Bombirdier, L85, F|100/100\n|move|p2a: Jumpluff|Strength Sap|p1a: Bombirdier\n|-unboost|p1a: Bombirdier|atk|1\n|-heal|p2a: Jumpluff|271/271 par\n|\n|upkeep\n|turn|31\n|inactive|Time left: 300 sec this turn | 300 sec total\n|\n|t:|1783534633\n|move|p1a: Bombirdier|Brave Bird|p2a: Jumpluff\n|-supereffective|p2a: Jumpluff\n|-damage|p2a: Jumpluff|59/271 par\n|-damage|p1a: Bombirdier|73/100|[from] Recoil\n|move|p2a: Jumpluff|Leech Seed|p1a: Bombirdier\n|-start|p1a: Bombirdier|move: Leech Seed\n|\n|-damage|p1a: Bombirdier|61/100|[from] Leech Seed|[of] p2a: Jumpluff\n|-heal|p2a: Jumpluff|91/271 par|[silent]\n|upkeep\n|turn|32\n|inactive|Time left: 300 sec this turn | 300 sec total\n|\n|t:|1783534634\n|move|p1a: Bombirdier|Brave Bird|p2a: Jumpluff\n|-supereffective|p2a: Jumpluff\n|-damage|p2a: Jumpluff|0 fnt\n|faint|p2a: Jumpluff\n|-damage|p1a: Bombirdier|49/100|[from] Recoil\n|\n|upkeep\n|inactive|Time left: 300 sec this turn | 300 sec total | 5 sec grace\n|\n|t:|1783534635\n|switch|p2a: Koraidon|Koraidon, L64, tera:Fire|69/235\n|-weather|SunnyDay|[from] ability: Orichalcum Pulse|[of] p2a: Koraidon\n|-activate|p2a: Koraidon|Orichalcum Pulse|[source]\n|turn|33\n|inactive|Time left: 300 sec this turn | 300 sec total\n|\n|t:|1783534636\n|switch|p1a: Houndstone|Houndstone, L86, M, tera:Fairy|40/100\n|move|p2a: Koraidon|Flare Blitz|p1a: Houndstone\n|-damage|p1a: Houndstone|0 fnt\n|faint|p1a: Houndstone\n|-damage|p2a: Koraidon|34/235|[from] Recoil\n|\n|-weather|SunnyDay|[upkeep]\n|upkeep\n|\n|t:|1783534636\n|switch|p1a: Snorlax|Snorlax, L82, F|88/100\n|turn|34\n|inactive|Time left: 300 sec this turn | 300 sec total\n|\n|t:|1783534637\n|move|p2a: Koraidon|Flare Blitz|p1a: Snorlax\n|-crit|p1a: Snorlax\n|-damage|p1a: Snorlax|23/100\n|-damage|p2a: Koraidon|0 fnt|[from] Recoil\n|faint|p2a: Koraidon\n|move|p1a: Snorlax|Curse|p1a: Snorlax\n|-unboost|p1a: Snorlax|spe|1\n|-boost|p1a: Snorlax|atk|1\n|-boost|p1a: Snorlax|def|1\n|\n|-weather|SunnyDay|[upkeep]\n|-heal|p1a: Snorlax|29/100|[from] item: Leftovers\n|upkeep\n|inactive|Time left: 300 sec this turn | 300 sec total | 5 sec grace\n|\n|t:|1783534638\n|switch|p2a: Delibird|Delibird, M|252/252\n|turn|35\n|inactive|Time left: 300 sec this turn | 300 sec total\n|\n|t:|1783534639\n|move|p2a: Delibird|Brave Bird|p1a: Snorlax|[miss]\n|-miss|p2a: Delibird|p1a: Snorlax\n|move|p1a: Snorlax|Body Slam|p2a: Delibird\n|-damage|p2a: Delibird|57/252\n|\n|-weather|SunnyDay|[upkeep]\n|-heal|p1a: Snorlax|35/100|[from] item: Leftovers\n|upkeep\n|turn|36\n|inactive|Time left: 300 sec this turn | 300 sec total\n|\n|t:|1783534640\n|move|p2a: Delibird|Brave Bird|p1a: Snorlax|[miss]\n|-miss|p2a: Delibird|p1a: Snorlax\n|move|p1a: Snorlax|Body Slam|p2a: Delibird\n|-damage|p2a: Delibird|0 fnt\n|faint|p2a: Delibird\n|\n|-weather|SunnyDay|[upkeep]\n|-heal|p1a: Snorlax|41/100|[from] item: Leftovers\n|upkeep\n|inactive|Time left: 300 sec this turn | 300 sec total | 5 sec grace\n|\n|t:|1783534641\n|switch|p2a: Deoxys|Deoxys-Defense, L84|221/221\n|-ability|p2a: Deoxys|Pressure\n|turn|37\n|inactive|Time left: 300 sec this turn | 300 sec total\n|\n|t:|1783534642\n|switch|p1a: Bombirdier|Bombirdier, L85, F|49/100\n|move|p2a: Deoxys|Knock Off|p1a: Bombirdier\n|-resisted|p1a: Bombirdier\n|-damage|p1a: Bombirdier|38/100\n|-enditem|p1a: Bombirdier|Heavy-Duty Boots|[from] move: Knock Off|[of] p2a: Deoxys\n|\n|-weather|none\n|upkeep\n|turn|38\n|inactive|Time left: 300 sec this turn | 300 sec total\n|\n|t:|1783534642\n|move|p2a: Deoxys|Knock Off|p1a: Bombirdier\n|-resisted|p1a: Bombirdier\n|-damage|p1a: Bombirdier|31/100\n|move|p1a: Bombirdier|Roost|p1a: Bombirdier\n|-heal|p1a: Bombirdier|81/100\n|-singleturn|p1a: Bombirdier|move: Roost\n|\n|upkeep\n|turn|39\n|inactive|Time left: 300 sec this turn | 300 sec total\n|\n|t:|1783534643\n|move|p2a: Deoxys|Knock Off|p1a: Bombirdier\n|-resisted|p1a: Bombirdier\n|-damage|p1a: Bombirdier|73/100\n|move|p1a: Bombirdier|Knock Off|p2a: Deoxys\n|-supereffective|p2a: Deoxys\n|-damage|p2a: Deoxys|83/221\n|-enditem|p2a: Deoxys|Leftovers|[from] move: Knock Off|[of] p1a: Bombirdier\n|\n|upkeep\n|turn|40\n|inactive|Time left: 300 sec this turn | 300 sec total\n|\n|t:|1783534644\n|move|p2a: Deoxys|Recover|p2a: Deoxys\n|-heal|p2a: Deoxys|194/221\n|move|p1a: Bombirdier|Knock Off|p2a: Deoxys\n|-supereffective|p2a: Deoxys\n|-damage|p2a: Deoxys|98/221\n|\n|upkeep\n|turn|41\n|inactive|Time left: 300 sec this turn | 300 sec total\n|\n|t:|1783534645\n|move|p2a: Deoxys|Recover|p2a: Deoxys\n|-heal|p2a: Deoxys|209/221\n|move|p1a: Bombirdier|Knock Off|p2a: Deoxys\n|-supereffective|p2a: Deoxys\n|-damage|p2a: Deoxys|113/221\n|\n|upkeep\n|turn|42\n|inactive|Time left: 300 sec this turn | 300 sec total\n|\n|t:|1783534646\n|move|p2a: Deoxys|Recover|p2a: Deoxys\n|-heal|p2a: Deoxys|221/221\n|move|p1a: Bombirdier|Knock Off|p2a: Deoxys\n|-supereffective|p2a: Deoxys\n|-damage|p2a: Deoxys|125/221\n|\n|upkeep\n|turn|43\n|inactive|Time left: 300 sec this turn | 300 sec total\n|\n|t:|1783534646\n|move|p2a: Deoxys|Recover|p2a: Deoxys\n|-heal|p2a: Deoxys|221/221\n|move|p1a: Bombirdier|Knock Off|p2a: Deoxys\n|-supereffective|p2a: Deoxys\n|-damage|p2a: Deoxys|125/221\n|\n|upkeep\n|turn|44\n|inactive|Time left: 300 sec this turn | 300 sec total\n|\n|t:|1783534647\n|move|p2a: Deoxys|Recover|p2a: Deoxys\n|-heal|p2a: Deoxys|221/221\n|move|p1a: Bombirdier|Knock Off|p2a: Deoxys\n|-supereffective|p2a: Deoxys\n|-crit|p2a: Deoxys\n|-damage|p2a: Deoxys|89/221\n|\n|upkeep\n|turn|45\n|inactive|Time left: 300 sec this turn | 300 sec total\n|\n|t:|1783534648\n|move|p2a: Deoxys|Recover|p2a: Deoxys\n|-heal|p2a: Deoxys|200/221\n|move|p1a: Bombirdier|Knock Off|p2a: Deoxys\n|-supereffective|p2a: Deoxys\n|-damage|p2a: Deoxys|102/221\n|\n|upkeep\n|turn|46\n|inactive|Time left: 300 sec this turn | 300 sec total\n|\n|t:|1783534649\n|move|p2a: Deoxys|Recover|p2a: Deoxys\n|-heal|p2a: Deoxys|213/221\n|move|p1a: Bombirdier|Knock Off|p2a: Deoxys\n|-supereffective|p2a: Deoxys\n|-damage|p2a: Deoxys|115/221\n|\n|upkeep\n|turn|47\n|inactive|Time left: 300 sec this turn | 300 sec total\n|\n|t:|1783534650\n|move|p2a: Deoxys|Recover|p2a: Deoxys\n|-heal|p2a: Deoxys|221/221\n|move|p1a: Bombirdier|Knock Off|p2a: Deoxys\n|-supereffective|p2a: Deoxys\n|-damage|p2a: Deoxys|129/221\n|\n|upkeep\n|turn|48\n|inactive|Time left: 300 sec this turn | 300 sec total\n|\n|t:|1783534651\n|move|p2a: Deoxys|Psychic Noise|p1a: Bombirdier\n|-immune|p1a: Bombirdier\n|move|p1a: Bombirdier|Brave Bird|p2a: Deoxys\n|-damage|p2a: Deoxys|44/221\n|-damage|p1a: Bombirdier|62/100|[from] Recoil\n|\n|upkeep\n|turn|49\n|inactive|Time left: 300 sec this turn | 300 sec total\n|\n|t:|1783534652\n|move|p2a: Deoxys|Psychic Noise|p1a: Bombirdier\n|-immune|p1a: Bombirdier\n|move|p1a: Bombirdier|Knock Off|p2a: Deoxys\n|-supereffective|p2a: Deoxys\n|-damage|p2a: Deoxys|0 fnt\n|faint|p2a: Deoxys\n|\n|win|p0x07269be", "uploadtime": 1783534652, "views": 0, "rating": 0, "private": 0, "password": null, "_winner": "p0x07269be", "_our_name": "p0y07262f3"}