{"id": "battle-gen9randombattle-300", "formatid": "gen9randombattle", "format": "[Gen 9] Random Battle", "players": ["p0x300e8c8", "p0y300c951"], "log": "|init|battle\n|title|p0x300e8c8 vs. p0y300c951\n|j|\u2606p0x300e8c8\n|j|\u2606p0y300c951\n|t:|1783542562\n|gametype|singles\n|player|p1|p0x300e8c8|1|\n|player|p2|p0y300c951|2|\n|gen|9\n|tier|[Gen 9] Random Battle\n|rule|Species Clause: Limit one of each Pok\u00e9mon\n|rule|HP Percentage Mod: HP is shown in percentages\n|rule|Sleep Clause Mod: Limit one foe put to sleep\n|rule|Illusion Level Mod: Illusion disguises the Pok\u00e9mon's true level\n|\n|t:|1783542562\n|teamsize|p1|6\n|teamsize|p2|6\n|start\n|switch|p1a: Brambleghast|Brambleghast, L88, M|100/100\n|switch|p2a: Espeon|Espeon, L84, M|246/246\n|turn|1\n|inactive|Battle timer is ON: inactive players will automatically lose when time's up. (requested by p0x300e8c8)\n|inactive|Time left: 300 sec this turn | 300 sec total | 60 sec grace\n|inactive|p0y300c951 also wants the timer to be on.\n|\n|t:|1783542563\n|move|p2a: Espeon|Psyshock|p1a: Brambleghast\n|-damage|p1a: Brambleghast|33/100\n|-damage|p2a: Espeon|222/246|[from] item: Life Orb\n|move|p1a: Brambleghast|Poltergeist|p2a: Espeon\n|-activate|p2a: Espeon|move: Poltergeist|Life Orb\n|-supereffective|p2a: Espeon\n|-damage|p2a: Espeon|0 fnt\n|faint|p2a: Espeon\n|\n|-heal|p1a: Brambleghast|40/100|[from] item: Leftovers\n|upkeep\n|inactive|Time left: 300 sec this turn | 300 sec total | 65 sec grace\n|\n|t:|1783542565\n|switch|p2a: Persian|Persian-Alola, L86, F|252/252\n|turn|2\n|inactive|Time left: 300 sec this turn | 300 sec total\n|\n|t:|1783542566\n|switch|p1a: Wigglytuff|Wigglytuff, L96, M|100/100\n|move|p2a: Persian|Knock Off|p1a: Wigglytuff\n|-resisted|p1a: Wigglytuff\n|-damage|p1a: Wigglytuff|89/100\n|-enditem|p1a: Wigglytuff|Leftovers|[from] move: Knock Off|[of] p2a: Persian\n|\n|upkeep\n|turn|3\n|inactive|Time left: 300 sec this turn | 300 sec total\n|\n|t:|1783542567\n|switch|p2a: Carbink|Carbink, L90|236/236\n|move|p1a: Wigglytuff|Alluring Voice|p2a: Carbink\n|-damage|p2a: Carbink|172/236\n|\n|upkeep\n|turn|4\n|inactive|Time left: 300 sec this turn | 300 sec total\n|\n|t:|1783542568\n|move|p1a: Wigglytuff|Alluring Voice|p2a: Carbink\n|-damage|p2a: Carbink|106/236\n|move|p2a: Carbink|Iron Defense|p2a: Carbink\n|-boost|p2a: Carbink|def|2\n|\n|upkeep\n|turn|5\n|inactive|Time left: 300 sec this turn | 300 sec total\n|\n|t:|1783542569\n|switch|p1a: Brambleghast|Brambleghast, L88, M|40/100\n|move|p2a: Carbink|Rest|p2a: Carbink\n|-status|p2a: Carbink|slp|[from] move: Rest\n|-heal|p2a: Carbink|236/236 slp|[silent]\n|-enditem|p2a: Carbink|Chesto Berry|[eat]\n|-curestatus|p2a: Carbink|slp|[msg]\n|\n|-heal|p1a: Brambleghast|46/100|[from] item: Leftovers\n|upkeep\n|turn|6\n|inactive|Time left: 300 sec this turn | 300 sec total\n|\n|t:|1783542570\n|move|p1a: Brambleghast|Strength Sap|p2a: Carbink\n|-unboost|p2a: Carbink|atk|1\n|-heal|p1a: Brambleghast|85/100\n|move|p2a: Carbink|Moonblast|p1a: Brambleghast\n|-damage|p1a: Brambleghast|50/100\n|-unboost|p1a: Brambleghast|spa|1\n|\n|-heal|p1a: Brambleghast|57/100|[from] item: Leftovers\n|upkeep\n|turn|7\n|inactive|Time left: 300 sec this turn | 300 sec total\n|\n|t:|1783542571\n|move|p1a: Brambleghast|Strength Sap|p2a: Carbink\n|-unboost|p2a: Carbink|atk|1\n|-heal|p1a: Brambleghast|83/100\n|move|p2a: Carbink|Moonblast|p1a: Brambleghast\n|-damage|p1a: Brambleghast|50/100\n|-unboost|p1a: Brambleghast|spa|1\n|\n|-heal|p1a: Brambleghast|57/100|[from] item: Leftovers\n|upkeep\n|turn|8\n|inactive|Time left: 300 sec this turn | 300 sec total\n|\n|t:|1783542572\n|move|p1a: Brambleghast|Power Whip|p2a: Carbink\n|-supereffective|p2a: Carbink\n|-damage|p2a: Carbink|138/236\n|move|p2a: Carbink|Body Press|p1a: Brambleghast\n|-immune|p1a: Brambleghast\n|\n|-heal|p1a: Brambleghast|63/100|[from] item: Leftovers\n|upkeep\n|turn|9\n|inactive|Time left: 300 sec this turn | 300 sec total\n|\n|t:|1783542573\n|move|p1a: Brambleghast|Power Whip|p2a: Carbink\n|-supereffective|p2a: Carbink\n|-damage|p2a: Carbink|42/236\n|move|p2a: Carbink|Moonblast|p1a: Brambleghast\n|-damage|p1a: Brambleghast|31/100\n|\n|-heal|p1a: Brambleghast|38/100|[from] item: Leftovers\n|upkeep\n|turn|10\n|inactive|Time left: 300 sec this turn | 300 sec total\n|\n|t:|1783542573\n|move|p1a: Brambleghast|Power Whip|p2a: Carbink\n|-supereffective|p2a: Carbink\n|-damage|p2a: Carbink|0 fnt\n|faint|p2a: Carbink\n|\n|-heal|p1a: Brambleghast|44/100|[from] item: Leftovers\n|upkeep\n|inactive|Time left: 300 sec this turn | 300 sec total | 5 sec grace\n|\n|t:|1783542574\n|switch|p2a: Rayquaza|Rayquaza, L72|270/270\n|-ability|p2a: Rayquaza|Air Lock\n|turn|11\n|inactive|Time left: 300 sec this turn | 300 sec total\n|\n|t:|1783542575\n|move|p1a: Brambleghast|Strength Sap|p2a: Rayquaza\n|-unboost|p2a: Rayquaza|atk|1\n|-heal|p1a: Brambleghast|100/100\n|move|p2a: Rayquaza|Swords Dance|p2a: Rayquaza\n|-boost|p2a: Rayquaza|atk|2\n|\n|upkeep\n|turn|12\n|inactive|Time left: 300 sec this turn | 300 sec total\n|\n|t:|1783542576\n|switch|p1a: Corviknight|Corviknight, L80, M|100/100\n|move|p2a: Rayquaza|Dragon Ascent|p1a: Corviknight\n|-resisted|p1a: Corviknight\n|-damage|p1a: Corviknight|71/100\n|-unboost|p2a: Rayquaza|def|1\n|-unboost|p2a: Rayquaza|spd|1\n|-damage|p2a: Rayquaza|225/270|[from] item: Rocky Helmet|[of] p1a: Corviknight\n|\n|upkeep\n|turn|13\n|inactive|Time left: 300 sec this turn | 300 sec total\n|\n|t:|1783542578\n|move|p2a: Rayquaza|Swords Dance|p2a: Rayquaza\n|-boost|p2a: Rayquaza|atk|2\n|move|p1a: Corviknight|Brave Bird|p2a: Rayquaza\n|-damage|p2a: Rayquaza|27/270\n|-damage|p1a: Corviknight|48/100|[from] Recoil\n|\n|upkeep\n|turn|14\n|inactive|Time left: 300 sec this turn | 300 sec total\n|\n|t:|1783542579\n|move|p2a: Rayquaza|Dragon Ascent|p1a: Corviknight\n|-resisted|p1a: Corviknight\n|-damage|p1a: Corviknight|0 fnt\n|-unboost|p2a: Rayquaza|def|1\n|-unboost|p2a: Rayquaza|spd|1\n|-damage|p2a: Rayquaza|0 fnt|[from] item: Rocky Helmet|[of] p1a: Corviknight\n|faint|p1a: Corviknight\n|faint|p2a: Rayquaza\n|\n|upkeep\n|inactive|Time left: 300 sec this turn | 300 sec total | 5 sec grace\n|\n|t:|1783542580\n|switch|p2a: Ceruledge|Ceruledge, L78, F|245/245\n|switch|p1a: Toucannon|Toucannon, L88, F|100/100\n|turn|15\n|inactive|Time left: 300 sec this turn | 300 sec total\n|\n|t:|1783542581\n|-singleturn|p1a: Toucannon|move: Beak Blast\n|move|p2a: Ceruledge|Swords Dance|p2a: Ceruledge\n|-boost|p2a: Ceruledge|atk|2\n|move|p1a: Toucannon|Beak Blast|p2a: Ceruledge\n|-damage|p2a: Ceruledge|94/245\n|-ability|p2a: Ceruledge|Weak Armor|boost\n|-unboost|p2a: Ceruledge|def|1\n|-boost|p2a: Ceruledge|spe|2\n|\n|upkeep\n|turn|16\n|inactive|Time left: 300 sec this turn | 300 sec total\n|\n|t:|1783542582\n|-terastallize|p2a: Ceruledge|Fire\n|-singleturn|p1a: Toucannon|move: Beak Blast\n|move|p2a: Ceruledge|Bitter Blade|p1a: Toucannon\n|-damage|p1a: Toucannon|0 fnt\n|-heal|p2a: Ceruledge|236/245|[from] drain|[of] p1a: Toucannon\n|faint|p1a: Toucannon\n|\n|upkeep\n|\n|t:|1783542583\n|switch|p1a: Wigglytuff|Wigglytuff, L96, M|89/100\n|turn|17\n|inactive|Time left: 300 sec this turn | 300 sec total\n|\n|t:|1783542584\n|move|p1a: Wigglytuff|Protect|p1a: Wigglytuff\n|-singleturn|p1a: Wigglytuff|Protect\n|move|p2a: Ceruledge|Bitter Blade|p1a: Wigglytuff\n|-activate|p1a: Wigglytuff|move: Protect\n|\n|upkeep\n|turn|18\n|inactive|Time left: 300 sec this turn | 300 sec total\n|\n|t:|1783542585\n|move|p1a: Wigglytuff|Protect|p1a: Wigglytuff\n|-singleturn|p1a: Wigglytuff|Protect\n|move|p2a: Ceruledge|Bitter Blade|p1a: Wigglytuff\n|-activate|p1a: Wigglytuff|move: Protect\n|\n|upkeep\n|turn|19\n|inactive|Time left: 300 sec this turn | 300 sec total\n|\n|t:|1783542586\n|move|p2a: Ceruledge|Bitter Blade|p1a: Wigglytuff\n|-damage|p1a: Wigglytuff|6/100\n|-heal|p2a: Ceruledge|245/245|[from] drain|[of] p1a: Wigglytuff\n|move|p1a: Wigglytuff|Fire Blast|p2a: Ceruledge\n|-resisted|p2a: Ceruledge\n|-damage|p2a: Ceruledge|197/245\n|\n|upkeep\n|turn|20\n|inactive|Time left: 300 sec this turn | 300 sec total\n|\n|t:|1783542587\n|move|p1a: Wigglytuff|Protect|p1a: Wigglytuff\n|-singleturn|p1a: Wigglytuff|Protect\n|move|p2a: Ceruledge|Bitter Blade|p1a: Wigglytuff\n|-activate|p1a: Wigglytuff|move: Protect\n|\n|upkeep\n|turn|21\n|inactive|Time left: 300 sec this turn | 300 sec total\n|\n|t:|1783542588\n|move|p2a: Ceruledge|Bitter Blade|p1a: Wigglytuff\n|-damage|p1a: Wigglytuff|0 fnt\n|-heal|p2a: Ceruledge|209/245|[from] drain|[of] p1a: Wigglytuff\n|faint|p1a: Wigglytuff\n|\n|upkeep\n|\n|t:|1783542589\n|switch|p1a: Brambleghast|Brambleghast, L88, M|100/100\n|turn|22\n|inactive|Time left: 300 sec this turn | 300 sec total\n|\n|t:|1783542590\n|-terastallize|p1a: Brambleghast|Water\n|move|p2a: Ceruledge|Bitter Blade|p1a: Brambleghast\n|-resisted|p1a: Brambleghast\n|-damage|p1a: Brambleghast|38/100\n|-heal|p2a: Ceruledge|245/245|[from] drain|[of] p1a: Brambleghast\n|move|p1a: Brambleghast|Poltergeist|p2a: Ceruledge\n|-activate|p2a: Ceruledge|move: Poltergeist|Heavy-Duty Boots\n|-damage|p2a: Ceruledge|0 fnt\n|faint|p2a: Ceruledge\n|\n|-heal|p1a: Brambleghast|44/100|[from] item: Leftovers\n|upkeep\n|inactive|Time left: 300 sec this turn | 300 sec total | 5 sec grace\n|\n|t:|1783542591\n|switch|p2a: Persian|Persian-Alola, L86, F|252/252\n|turn|23\n|inactive|Time left: 300 sec this turn | 300 sec total\n|\n|t:|1783542592\n|move|p2a: Persian|Knock Off|p1a: Brambleghast\n|-damage|p1a: Brambleghast|8/100\n|-enditem|p1a: Brambleghast|Leftovers|[from] move: Knock Off|[of] p2a: Persian\n|move|p1a: Brambleghast|Strength Sap|p2a: Persian\n|-unboost|p2a: Persian|atk|1\n|-heal|p1a: Brambleghast|71/100\n|\n|upkeep\n|turn|24\n|inactive|Time left: 300 sec this turn | 300 sec total\n|\n|t:|1783542593\n|switch|p1a: Miraidon|Miraidon, L65|100/100\n|-fieldstart|move: Electric Terrain|[from] ability: Hadron Engine|[of] p1a: Miraidon\n|move|p2a: Persian|Parting Shot|p1a: Miraidon\n|-unboost|p1a: Miraidon|atk|1\n|-unboost|p1a: Miraidon|spa|1\n|inactive|Time left: 300 sec this turn | 300 sec total | 5 sec grace\n|\n|t:|1783542594\n|switch|p2a: Bombirdier|Bombirdier, L85, F|258/258|[from] Parting Shot\n|\n|upkeep\n|turn|25\n|inactive|Time left: 300 sec this turn | 300 sec total\n|\n|t:|1783542595\n|switch|p2a: Persian|Persian-Alola, L86, F|252/252\n|move|p1a: Miraidon|Electro Drift|p2a: Persian\n|-damage|p2a: Persian|104/252\n|-damage|p1a: Miraidon|91/100|[from] item: Life Orb\n|\n|upkeep\n|turn|26\n|inactive|Time left: 300 sec this turn | 300 sec total\n|\n|t:|1783542596\n|move|p2a: Persian|Parting Shot|p1a: Miraidon\n|-unboost|p1a: Miraidon|atk|1\n|-unboost|p1a: Miraidon|spa|1\n|inactive|Time left: 300 sec this turn | 300 sec total | 5 sec grace\n|\n|t:|1783542597\n|switch|p2a: Bombirdier|Bombirdier, L85, F|258/258|[from] Parting Shot\n|move|p1a: Miraidon|Electro Drift|p2a: Bombirdier\n|-supereffective|p2a: Bombirdier\n|-damage|p2a: Bombirdier|0 fnt\n|faint|p2a: Bombirdier\n|-damage|p1a: Miraidon|81/100|[from] item: Life Orb\n|\n|upkeep\n|inactive|Time left: 300 sec this turn | 300 sec total | 10 sec grace\n|\n|t:|1783542598\n|switch|p2a: Persian|Persian-Alola, L86, F|104/252\n|turn|27\n|inactive|Time left: 300 sec this turn | 300 sec total\n|\n|t:|1783542599\n|move|p2a: Persian|Knock Off|p1a: Miraidon\n|-damage|p1a: Miraidon|42/100\n|-enditem|p1a: Miraidon|Life Orb|[from] move: Knock Off|[of] p2a: Persian\n|move|p1a: Miraidon|Electro Drift|p2a: Persian\n|-damage|p2a: Persian|20/252\n|\n|upkeep\n|turn|28\n|inactive|Time left: 300 sec this turn | 300 sec total\n|\n|t:|1783542600\n|move|p2a: Persian|Parting Shot|p1a: Miraidon\n|-unboost|p1a: Miraidon|atk|1\n|-unboost|p1a: Miraidon|spa|1\n|move|p1a: Miraidon|Dragon Pulse|p2a: Persian\n|-damage|p2a: Persian|0 fnt\n|faint|p2a: Persian\n|\n|win|p0x300e8c8", "uploadtime": 1783542600, "views": 0, "rating": 0, "private": 0, "password": null, "_winner": "p0x300e8c8", "_our_name": "p0y300c951"}