{"id": "battle-gen9randombattle-1204", "formatid": "gen9randombattle", "format": "[Gen 9] Random Battle", "players": ["p0x120440af", "p0y1204cdf7"], "log": "|init|battle\n|title|p0x120440af vs. p0y1204cdf7\n|j|\u2606p0x120440af\n|j|\u2606p0y1204cdf7\n|t:|1783553056\n|gametype|singles\n|player|p1|p0x120440af|101|\n|player|p2|p0y1204cdf7|265|\n|gen|9\n|tier|[Gen 9] Random Battle\n|rule|Species Clause: Limit one of each Pok\u00e9mon\n|rule|HP Percentage Mod: HP is shown in percentages\n|rule|Sleep Clause Mod: Limit one foe put to sleep\n|rule|Illusion Level Mod: Illusion disguises the Pok\u00e9mon's true level\n|\n|t:|1783553056\n|teamsize|p1|6\n|teamsize|p2|6\n|start\n|switch|p1a: Moltres|Moltres-Galar, L79|100/100\n|switch|p2a: Darkrai|Darkrai, L77|234/234\n|turn|1\n|inactive|Battle timer is ON: inactive players will automatically lose when time's up. (requested by p0y1204cdf7)\n|\n|t:|1783553057\n|move|p2a: Darkrai|Nasty Plot|p2a: Darkrai\n|-boost|p2a: Darkrai|spa|2\n|move|p1a: Moltres|Agility|p1a: Moltres\n|-boost|p1a: Moltres|spe|2\n|\n|upkeep\n|turn|2\n|inactive|Time left: 300 sec this turn | 300 sec total\n|inactive|p0x120440af also wants the timer to be on.\n|\n|t:|1783553058\n|move|p1a: Moltres|Nasty Plot|p1a: Moltres\n|-boost|p1a: Moltres|spa|2\n|move|p2a: Darkrai|Focus Blast|p1a: Moltres\n|-damage|p1a: Moltres|33/100\n|-ability|p1a: Moltres|Berserk|boost\n|-boost|p1a: Moltres|spa|1\n|-damage|p2a: Darkrai|211/234|[from] item: Life Orb\n|\n|upkeep\n|turn|3\n|inactive|Time left: 300 sec this turn | 300 sec total\n|\n|t:|1783553060\n|move|p1a: Moltres|Hurricane|p2a: Darkrai\n|-damage|p2a: Darkrai|0 fnt\n|faint|p2a: Darkrai\n|\n|upkeep\n|inactive|Time left: 300 sec this turn | 300 sec total | 5 sec grace\n|\n|t:|1783553061\n|switch|p2a: Magearna|Magearna, L77|250/250\n|turn|4\n|inactive|Time left: 300 sec this turn | 300 sec total\n|\n|t:|1783553062\n|move|p1a: Moltres|Fiery Wrath|p2a: Magearna\n|-resisted|p2a: Magearna\n|-damage|p2a: Magearna|160/250\n|move|p2a: Magearna|Fleur Cannon|p1a: Moltres\n|-supereffective|p1a: Moltres\n|-damage|p1a: Moltres|0 fnt\n|-unboost|p2a: Magearna|spa|2\n|faint|p1a: Moltres\n|-ability|p2a: Magearna|Soul-Heart|boost\n|-boost|p2a: Magearna|spa|1\n|\n|-heal|p2a: Magearna|175/250|[from] item: Leftovers\n|upkeep\n|\n|t:|1783553063\n|switch|p1a: Ursaluna|Ursaluna, L79, M|100/100\n|turn|5\n|inactive|Time left: 300 sec this turn | 300 sec total\n|\n|t:|1783553064\n|switch|p2a: Weavile|Weavile, L79, M|239/239\n|move|p1a: Ursaluna|Trailblaze|p2a: Weavile\n|-damage|p2a: Weavile|183/239\n|-boost|p1a: Ursaluna|spe|1\n|\n|-status|p1a: Ursaluna|brn|[from] item: Flame Orb\n|upkeep\n|turn|6\n|inactive|Time left: 300 sec this turn | 300 sec total\n|\n|t:|1783553065\n|-terastallize|p1a: Ursaluna|Normal\n|move|p2a: Weavile|Triple Axel|p1a: Ursaluna\n|-damage|p1a: Ursaluna|91/100 brn\n|-damage|p1a: Ursaluna|72/100 brn\n|-damage|p1a: Ursaluna|45/100 brn\n|-hitcount|p1a: Ursaluna|3\n|move|p1a: Ursaluna|Facade|p2a: Weavile\n|-damage|p2a: Weavile|0 fnt\n|faint|p2a: Weavile\n|\n|-damage|p1a: Ursaluna|39/100 brn|[from] brn\n|upkeep\n|inactive|Time left: 300 sec this turn | 300 sec total | 5 sec grace\n|\n|t:|1783553066\n|switch|p2a: Delphox|Delphox, L84, M|263/263\n|turn|7\n|inactive|Time left: 300 sec this turn | 300 sec total\n|\n|t:|1783553067\n|switch|p1a: Lugia|Lugia, L73|100/100\n|move|p2a: Delphox|Fire Blast|p1a: Lugia|[miss]\n|-miss|p2a: Delphox|p1a: Lugia\n|\n|upkeep\n|turn|8\n|inactive|Time left: 300 sec this turn | 300 sec total\n|\n|t:|1783553069\n|move|p2a: Delphox|Nasty Plot|p2a: Delphox\n|-boost|p2a: Delphox|spa|2\n|move|p1a: Lugia|Calm Mind|p1a: Lugia\n|-boost|p1a: Lugia|spa|1\n|-boost|p1a: Lugia|spd|1\n|\n|upkeep\n|turn|9\n|inactive|Time left: 300 sec this turn | 300 sec total\n|\n|t:|1783553069\n|move|p2a: Delphox|Fire Blast|p1a: Lugia\n|-damage|p1a: Lugia|76/100\n|move|p1a: Lugia|Earth Power|p2a: Delphox\n|-supereffective|p2a: Delphox\n|-crit|p2a: Delphox\n|-damage|p2a: Delphox|85/263\n|\n|upkeep\n|turn|10\n|inactive|Time left: 300 sec this turn | 300 sec total\n|\n|t:|1783553070\n|-terastallize|p2a: Delphox|Fire\n|move|p2a: Delphox|Fire Blast|p1a: Lugia\n|-damage|p1a: Lugia|0 fnt\n|faint|p1a: Lugia\n|\n|upkeep\n|\n|t:|1783553071\n|switch|p1a: Zebstrika|Zebstrika, L87, M|100/100\n|turn|11\n|inactive|Time left: 300 sec this turn | 300 sec total\n|\n|t:|1783553072\n|move|p1a: Zebstrika|Supercell Slam|p2a: Delphox\n|-damage|p2a: Delphox|0 fnt\n|faint|p2a: Delphox\n|-damage|p1a: Zebstrika|91/100|[from] item: Life Orb\n|\n|upkeep\n|inactive|Time left: 300 sec this turn | 300 sec total | 5 sec grace\n|\n|t:|1783553073\n|switch|p2a: Suicune|Suicune, L82|298/298\n|-ability|p2a: Suicune|Pressure\n|turn|12\n|inactive|Time left: 300 sec this turn | 300 sec total\n|\n|t:|1783553074\n|move|p1a: Zebstrika|Supercell Slam|p2a: Suicune\n|-supereffective|p2a: Suicune\n|-damage|p2a: Suicune|33/298\n|-damage|p1a: Zebstrika|81/100|[from] item: Life Orb\n|move|p2a: Suicune|Scald|p1a: Zebstrika\n|-damage|p1a: Zebstrika|49/100\n|\n|-heal|p2a: Suicune|51/298|[from] item: Leftovers\n|upkeep\n|turn|13\n|inactive|Time left: 300 sec this turn | 300 sec total\n|\n|t:|1783553075\n|move|p1a: Zebstrika|Supercell Slam|p2a: Suicune\n|-supereffective|p2a: Suicune\n|-damage|p2a: Suicune|0 fnt\n|faint|p2a: Suicune\n|-damage|p1a: Zebstrika|39/100|[from] item: Life Orb\n|\n|upkeep\n|inactive|Time left: 300 sec this turn | 300 sec total | 5 sec grace\n|\n|t:|1783553076\n|switch|p2a: Magearna|Magearna, L77|175/250\n|turn|14\n|inactive|Time left: 300 sec this turn | 300 sec total\n|\n|t:|1783553077\n|switch|p2a: Tentacruel|Tentacruel, L84, F|272/272\n|move|p1a: Zebstrika|Overheat|p2a: Tentacruel|[miss]\n|-miss|p1a: Zebstrika|p2a: Tentacruel\n|\n|upkeep\n|turn|15\n|inactive|Time left: 300 sec this turn | 300 sec total\n|\n|t:|1783553077\n|switch|p2a: Magearna|Magearna, L77|175/250\n|move|p1a: Zebstrika|Supercell Slam|p2a: Magearna\n|-damage|p2a: Magearna|42/250\n|-damage|p1a: Zebstrika|30/100|[from] item: Life Orb\n|\n|-heal|p2a: Magearna|57/250|[from] item: Leftovers\n|upkeep\n|turn|16\n|inactive|Time left: 300 sec this turn | 300 sec total\n|\n|t:|1783553078\n|move|p1a: Zebstrika|Supercell Slam|p2a: Magearna\n|-damage|p2a: Magearna|0 fnt\n|faint|p2a: Magearna\n|-damage|p1a: Zebstrika|20/100|[from] item: Life Orb\n|\n|upkeep\n|inactive|Time left: 300 sec this turn | 300 sec total | 5 sec grace\n|\n|t:|1783553079\n|switch|p2a: Tentacruel|Tentacruel, L84, F|272/272\n|turn|17\n|inactive|Time left: 300 sec this turn | 300 sec total\n|\n|t:|1783553080\n|move|p1a: Zebstrika|Supercell Slam|p2a: Tentacruel\n|-supereffective|p2a: Tentacruel\n|-damage|p2a: Tentacruel|0 fnt\n|faint|p2a: Tentacruel\n|-damage|p1a: Zebstrika|10/100|[from] item: Life Orb\n|\n|win|p0x120440af", "uploadtime": 1783553080, "views": 0, "rating": 0, "private": 0, "password": null, "_winner": "p0x120440af", "_our_name": "p0y1204cdf7"}