{"id": "battle-gen9randombattle-2513", "formatid": "gen9randombattle", "format": "[Gen 9] Random Battle", "players": ["p0x25139f47", "p0y2513a452"], "log": "|init|battle\n|title|p0x25139f47 vs. p0y2513a452\n|j|\u2606p0x25139f47\n|j|\u2606p0y2513a452\n|t:|1783568142\n|gametype|singles\n|player|p1|p0x25139f47|266|\n|player|p2|p0y2513a452|266|\n|gen|9\n|tier|[Gen 9] Random Battle\n|rule|Species Clause: Limit one of each Pok\u00e9mon\n|rule|HP Percentage Mod: HP is shown in percentages\n|rule|Sleep Clause Mod: Limit one foe put to sleep\n|rule|Illusion Level Mod: Illusion disguises the Pok\u00e9mon's true level\n|\n|t:|1783568142\n|teamsize|p1|6\n|teamsize|p2|6\n|start\n|switch|p1a: Dragonite|Dragonite, L74, M|257/257\n|switch|p2a: Staraptor|Staraptor, L79, M|100/100\n|turn|1\n|inactive|Battle timer is ON: inactive players will automatically lose when time's up. (requested by p0y2513a452)\n|inactive|Time left: 300 sec this turn | 300 sec total | 60 sec grace\n|inactive|p0x25139f47 also wants the timer to be on.\n|\n|t:|1783568144\n|move|p2a: Staraptor|Brave Bird|p1a: Dragonite\n|-damage|p1a: Dragonite|123/257\n|-damage|p2a: Staraptor|84/100|[from] Recoil\n|move|p1a: Dragonite|Outrage|p2a: Staraptor\n|-damage|p2a: Staraptor|24/100\n|\n|upkeep\n|turn|2\n|inactive|Time left: 300 sec this turn | 300 sec total\n|\n|t:|1783568145\n|move|p2a: Staraptor|Brave Bird|p1a: Dragonite\n|-damage|p1a: Dragonite|0 fnt\n|faint|p1a: Dragonite\n|-damage|p2a: Staraptor|9/100|[from] Recoil\n|\n|upkeep\n|inactive|Time left: 300 sec this turn | 300 sec total | 5 sec grace\n|\n|t:|1783568146\n|switch|p1a: Manaphy|Manaphy, L78|284/284\n|turn|3\n|inactive|Time left: 300 sec this turn | 300 sec total\n|\n|t:|1783568147\n|move|p2a: Staraptor|Brave Bird|p1a: Manaphy\n|-damage|p1a: Manaphy|43/284\n|-damage|p2a: Staraptor|0 fnt|[from] Recoil\n|faint|p2a: Staraptor\n|move|p1a: Manaphy|Tail Glow|p1a: Manaphy\n|-boost|p1a: Manaphy|spa|3\n|\n|-heal|p1a: Manaphy|60/284|[from] item: Leftovers\n|upkeep\n|\n|t:|1783568148\n|switch|p2a: Morpeko|Morpeko, L88, M|100/100\n|turn|4\n|inactive|Time left: 300 sec this turn | 300 sec total\n|\n|t:|1783568149\n|switch|p1a: Terrakion|Terrakion, L79|273/273\n|move|p2a: Morpeko|Knock Off|p1a: Terrakion\n|-resisted|p1a: Terrakion\n|-damage|p1a: Terrakion|212/273\n|-ability|p1a: Terrakion|Justified|boost\n|-boost|p1a: Terrakion|atk|1\n|-enditem|p1a: Terrakion|Life Orb|[from] move: Knock Off|[of] p2a: Morpeko\n|\n|-formechange|p2a: Morpeko|Morpeko-Hangry||[from] ability: Hunger Switch\n|upkeep\n|turn|5\n|inactive|Time left: 300 sec this turn | 300 sec total\n|\n|t:|1783568150\n|switch|p2a: Donphan|Donphan, L84, F|100/100\n|move|p1a: Terrakion|Earthquake|p2a: Donphan\n|-damage|p2a: Donphan|68/100\n|\n|upkeep\n|turn|6\n|inactive|Time left: 300 sec this turn | 300 sec total\n|\n|t:|1783568151\n|-terastallize|p1a: Terrakion|Fighting\n|move|p1a: Terrakion|Close Combat|p2a: Donphan\n|-damage|p2a: Donphan|0 fnt\n|-unboost|p1a: Terrakion|def|1\n|-unboost|p1a: Terrakion|spd|1\n|faint|p2a: Donphan\n|\n|upkeep\n|\n|t:|1783568152\n|switch|p2a: Skarmory|Skarmory, L80, M|100/100\n|turn|7\n|inactive|Time left: 300 sec this turn | 300 sec total\n|\n|t:|1783568152\n|move|p1a: Terrakion|Close Combat|p2a: Skarmory\n|-damage|p2a: Skarmory|9/100\n|-unboost|p1a: Terrakion|def|1\n|-unboost|p1a: Terrakion|spd|1\n|move|p2a: Skarmory|Brave Bird|p1a: Terrakion\n|-supereffective|p1a: Terrakion\n|-damage|p1a: Terrakion|0 fnt\n|faint|p1a: Terrakion\n|-damage|p2a: Skarmory|0 fnt|[from] Recoil\n|faint|p2a: Skarmory\n|\n|upkeep\n|inactive|Time left: 300 sec this turn | 300 sec total | 5 sec grace\n|\n|t:|1783568153\n|switch|p1a: Solgaleo|Solgaleo, L74|325/325\n|switch|p2a: Arboliva|Arboliva, L91, M|100/100\n|turn|8\n|inactive|Time left: 300 sec this turn | 300 sec total\n|\n|t:|1783568154\n|move|p1a: Solgaleo|Sunsteel Strike|p2a: Arboliva\n|-damage|p2a: Arboliva|63/100\n|-fieldstart|move: Grassy Terrain|[from] ability: Seed Sower|[of] p2a: Arboliva\n|move|p2a: Arboliva|Earth Power|p1a: Solgaleo\n|-supereffective|p1a: Solgaleo\n|-damage|p1a: Solgaleo|119/325\n|\n|-heal|p1a: Solgaleo|139/325|[from] Grassy Terrain\n|-heal|p2a: Arboliva|69/100|[from] Grassy Terrain\n|-heal|p2a: Arboliva|76/100|[from] item: Leftovers\n|upkeep\n|turn|9\n|inactive|Time left: 300 sec this turn | 300 sec total\n|\n|t:|1783568155\n|move|p1a: Solgaleo|Morning Sun|p1a: Solgaleo\n|-heal|p1a: Solgaleo|301/325\n|move|p2a: Arboliva|Earth Power|p1a: Solgaleo\n|-supereffective|p1a: Solgaleo\n|-damage|p1a: Solgaleo|93/325\n|\n|-heal|p1a: Solgaleo|113/325|[from] Grassy Terrain\n|-heal|p2a: Arboliva|82/100|[from] Grassy Terrain\n|-heal|p2a: Arboliva|88/100|[from] item: Leftovers\n|upkeep\n|turn|10\n|inactive|Time left: 300 sec this turn | 300 sec total\n|\n|t:|1783568156\n|move|p1a: Solgaleo|Morning Sun|p1a: Solgaleo\n|-heal|p1a: Solgaleo|275/325\n|move|p2a: Arboliva|Earth Power|p1a: Solgaleo\n|-supereffective|p1a: Solgaleo\n|-damage|p1a: Solgaleo|53/325\n|\n|-heal|p1a: Solgaleo|73/325|[from] Grassy Terrain\n|-heal|p2a: Arboliva|94/100|[from] Grassy Terrain\n|-heal|p2a: Arboliva|100/100|[from] item: Leftovers\n|upkeep\n|turn|11\n|inactive|Time left: 300 sec this turn | 300 sec total\n|\n|t:|1783568157\n|move|p1a: Solgaleo|Morning Sun|p1a: Solgaleo\n|-heal|p1a: Solgaleo|235/325\n|move|p2a: Arboliva|Earth Power|p1a: Solgaleo\n|-supereffective|p1a: Solgaleo\n|-damage|p1a: Solgaleo|41/325\n|\n|-heal|p1a: Solgaleo|61/325|[from] Grassy Terrain\n|upkeep\n|turn|12\n|inactive|Time left: 300 sec this turn | 300 sec total\n|\n|t:|1783568158\n|move|p1a: Solgaleo|Morning Sun|p1a: Solgaleo\n|-heal|p1a: Solgaleo|223/325\n|move|p2a: Arboliva|Earth Power|p1a: Solgaleo\n|-supereffective|p1a: Solgaleo\n|-damage|p1a: Solgaleo|9/325\n|\n|-heal|p1a: Solgaleo|29/325|[from] Grassy Terrain\n|-fieldend|move: Grassy Terrain\n|upkeep\n|turn|13\n|inactive|Time left: 300 sec this turn | 300 sec total\n|\n|t:|1783568159\n|move|p1a: Solgaleo|Morning Sun|p1a: Solgaleo\n|-heal|p1a: Solgaleo|191/325\n|move|p2a: Arboliva|Earth Power|p1a: Solgaleo\n|-supereffective|p1a: Solgaleo\n|-damage|p1a: Solgaleo|0 fnt\n|faint|p1a: Solgaleo\n|\n|upkeep\n|inactive|Time left: 300 sec this turn | 300 sec total | 5 sec grace\n|\n|t:|1783568160\n|switch|p1a: Uxie|Uxie, L83|260/260\n|turn|14\n|inactive|Time left: 300 sec this turn | 300 sec total\n|\n|t:|1783568161\n|move|p1a: Uxie|Yawn|p2a: Arboliva\n|-start|p2a: Arboliva|move: Yawn|[of] p1a: Uxie\n|move|p2a: Arboliva|Hyper Voice|p1a: Uxie\n|-damage|p1a: Uxie|154/260\n|\n|-heal|p1a: Uxie|170/260|[from] item: Leftovers\n|upkeep\n|turn|15\n|inactive|Time left: 300 sec this turn | 300 sec total\n|\n|t:|1783568162\n|switch|p2a: Morpeko|Morpeko, L88, M|100/100\n|move|p1a: Uxie|Yawn|p2a: Morpeko\n|-start|p2a: Morpeko|move: Yawn|[of] p1a: Uxie\n|\n|-heal|p1a: Uxie|186/260|[from] item: Leftovers\n|-formechange|p2a: Morpeko|Morpeko-Hangry||[from] ability: Hunger Switch\n|upkeep\n|turn|16\n|inactive|Time left: 300 sec this turn | 300 sec total\n|\n|t:|1783568163\n|switch|p1a: Manaphy|Manaphy, L78|60/284\n|move|p2a: Morpeko|Aura Wheel|p1a: Manaphy\n|-damage|p1a: Manaphy|0 fnt\n|-boost|p2a: Morpeko|spe|1\n|faint|p1a: Manaphy\n|\n|-end|p2a: Morpeko|move: Yawn|[silent]\n|-status|p2a: Morpeko|slp\n|-formechange|p2a: Morpeko|Morpeko||[from] ability: Hunger Switch\n|upkeep\n|inactive|Time left: 300 sec this turn | 300 sec total | 5 sec grace\n|\n|t:|1783568164\n|switch|p1a: Cyclizar|Cyclizar, L84, F|255/255\n|turn|17\n|inactive|Time left: 300 sec this turn | 300 sec total\n|\n|t:|1783568164\n|switch|p2a: Bisharp|Bisharp, L79, M|100/100\n|move|p1a: Cyclizar|Rapid Spin|p2a: Bisharp\n|-resisted|p2a: Bisharp\n|-damage|p2a: Bisharp|94/100\n|-boost|p1a: Cyclizar|spe|1\n|\n|upkeep\n|turn|18\n|inactive|Time left: 300 sec this turn | 300 sec total\n|\n|t:|1783568166\n|move|p1a: Cyclizar|Shed Tail|p1a: Cyclizar\n|-start|p1a: Cyclizar|Substitute|[from] move: Shed Tail\n|-damage|p1a: Cyclizar|127/255\n|inactive|Time left: 300 sec this turn | 300 sec total | 5 sec grace\n|\n|t:|1783568166\n|switch|p1a: Uxie|Uxie, L83|186/260|[from] Shed Tail\n|move|p2a: Bisharp|Swords Dance|p2a: Bisharp\n|-boost|p2a: Bisharp|atk|2\n|\n|-heal|p1a: Uxie|202/260|[from] item: Leftovers\n|upkeep\n|turn|19\n|inactive|Time left: 300 sec this turn | 300 sec total\n|\n|t:|1783568167\n|move|p1a: Uxie|Encore|p2a: Bisharp\n|-start|p2a: Bisharp|Encore\n|move|p2a: Bisharp|Swords Dance|p2a: Bisharp\n|-boost|p2a: Bisharp|atk|2\n|\n|-heal|p1a: Uxie|218/260|[from] item: Leftovers\n|upkeep\n|turn|20\n|inactive|Time left: 300 sec this turn | 300 sec total\n|\n|t:|1783568168\n|switch|p2a: Arboliva|Arboliva, L91, M|100/100\n|move|p1a: Uxie|Knock Off|p2a: Arboliva\n|-damage|p2a: Arboliva|84/100\n|-fieldstart|move: Grassy Terrain|[from] ability: Seed Sower|[of] p2a: Arboliva\n|-enditem|p2a: Arboliva|Leftovers|[from] move: Knock Off|[of] p1a: Uxie\n|\n|-heal|p1a: Uxie|234/260|[from] item: Leftovers\n|-heal|p2a: Arboliva|90/100|[from] Grassy Terrain\n|upkeep\n|turn|21\n|inactive|Time left: 300 sec this turn | 300 sec total\n|\n|t:|1783568169\n|move|p1a: Uxie|Psychic Noise|p2a: Arboliva\n|-damage|p2a: Arboliva|71/100\n|-start|p2a: Arboliva|move: Heal Block\n|move|p2a: Arboliva|Hyper Voice|p1a: Uxie\n|-damage|p1a: Uxie|131/260\n|\n|-heal|p1a: Uxie|147/260|[from] item: Leftovers\n|upkeep\n|turn|22\n|inactive|Time left: 300 sec this turn | 300 sec total\n|\n|t:|1783568170\n|move|p1a: Uxie|Psychic Noise|p2a: Arboliva\n|-damage|p2a: Arboliva|53/100\n|move|p2a: Arboliva|Hyper Voice|p1a: Uxie\n|-damage|p1a: Uxie|45/260\n|\n|-heal|p1a: Uxie|61/260|[from] item: Leftovers\n|-end|p2a: Arboliva|move: Heal Block\n|upkeep\n|turn|23\n|inactive|Time left: 300 sec this turn | 300 sec total\n|\n|t:|1783568172\n|-terastallize|p2a: Arboliva|Grass\n|move|p1a: Uxie|Psychic Noise|p2a: Arboliva\n|-damage|p2a: Arboliva|37/100\n|-start|p2a: Arboliva|move: Heal Block\n|move|p2a: Arboliva|Hyper Voice|p1a: Uxie\n|-damage|p1a: Uxie|0 fnt\n|faint|p1a: Uxie\n|\n|upkeep\n|inactive|Time left: 300 sec this turn | 300 sec total | 5 sec grace\n|\n|t:|1783568173\n|switch|p1a: Cyclizar|Cyclizar, L84, F|212/255\n|turn|24\n|inactive|Time left: 300 sec this turn | 300 sec total\n|\n|t:|1783568173\n|move|p1a: Cyclizar|Draco Meteor|p2a: Arboliva\n|-damage|p2a: Arboliva|3/100\n|-unboost|p1a: Cyclizar|spa|2\n|move|p2a: Arboliva|Hyper Voice|p1a: Cyclizar\n|-damage|p1a: Cyclizar|46/255\n|\n|-heal|p1a: Cyclizar|61/255|[from] Grassy Terrain\n|-end|p2a: Arboliva|move: Heal Block\n|-fieldend|move: Grassy Terrain\n|upkeep\n|turn|25\n|inactive|Time left: 300 sec this turn | 300 sec total\n|\n|t:|1783568174\n|move|p1a: Cyclizar|Draco Meteor|p2a: Arboliva\n|-damage|p2a: Arboliva|0 fnt\n|-unboost|p1a: Cyclizar|spa|2\n|-fieldstart|move: Grassy Terrain|[from] ability: Seed Sower|[of] p2a: Arboliva\n|faint|p2a: Arboliva\n|\n|-heal|p1a: Cyclizar|76/255|[from] Grassy Terrain\n|upkeep\n|\n|t:|1783568176\n|switch|p2a: Bisharp|Bisharp, L79, M|94/100\n|turn|26\n|inactive|Time left: 300 sec this turn | 300 sec total\n|\n|t:|1783568176\n|move|p1a: Cyclizar|Rapid Spin|p2a: Bisharp\n|-resisted|p2a: Bisharp\n|-damage|p2a: Bisharp|87/100\n|-boost|p1a: Cyclizar|spe|1\n|move|p2a: Bisharp|Iron Head|p1a: Cyclizar\n|-damage|p1a: Cyclizar|0 fnt\n|faint|p1a: Cyclizar\n|\n|win|p0y2513a452", "uploadtime": 1783568176, "views": 0, "rating": 0, "private": 0, "password": null, "_winner": "p0y2513a452", "_our_name": "p0x25139f47"}