{"id": "battle-gen9randombattle-1864", "formatid": "gen9randombattle", "format": "[Gen 9] Random Battle", "players": ["p0x18647e9b", "p0y1864fac9"], "log": "|init|battle\n|title|p0x18647e9b vs. p0y1864fac9\n|j|\u2606p0x18647e9b\n|j|\u2606p0y1864fac9\n|t:|1783561583\n|gametype|singles\n|player|p1|p0x18647e9b|266|\n|player|p2|p0y1864fac9|101|\n|gen|9\n|tier|[Gen 9] Random Battle\n|rule|Species Clause: Limit one of each Pok\u00e9mon\n|rule|HP Percentage Mod: HP is shown in percentages\n|rule|Sleep Clause Mod: Limit one foe put to sleep\n|rule|Illusion Level Mod: Illusion disguises the Pok\u00e9mon's true level\n|\n|t:|1783561583\n|teamsize|p1|6\n|teamsize|p2|6\n|start\n|switch|p1a: Glalie|Glalie, L96, F|100/100\n|switch|p2a: Greedent|Greedent, L86, F|347/347\n|turn|1\n|inactive|Battle timer is ON: inactive players will automatically lose when time's up. (requested by p0x18647e9b)\n|inactive|Time left: 300 sec this turn | 300 sec total | 60 sec grace\n|inactive|p0y1864fac9 also wants the timer to be on.\n|\n|t:|1783561585\n|move|p1a: Glalie|Spikes|p2a: Greedent\n|-sidestart|p2: p0y1864fac9|Spikes\n|move|p2a: Greedent|Swords Dance|p2a: Greedent\n|-boost|p2a: Greedent|atk|2\n|\n|upkeep\n|turn|2\n|inactive|Time left: 300 sec this turn | 300 sec total\n|\n|t:|1783561586\n|move|p1a: Glalie|Spikes|p2a: Greedent\n|-sidestart|p2: p0y1864fac9|Spikes\n|move|p2a: Greedent|Body Slam|p1a: Glalie\n|-damage|p1a: Glalie|42/100\n|\n|upkeep\n|turn|3\n|inactive|Time left: 300 sec this turn | 300 sec total\n|\n|t:|1783561587\n|move|p1a: Glalie|Freeze-Dry|p2a: Greedent\n|-damage|p2a: Greedent|260/347\n|move|p2a: Greedent|Knock Off|p1a: Glalie\n|-crit|p1a: Glalie\n|-damage|p1a: Glalie|0 fnt\n|-enditem|p1a: Glalie|Heavy-Duty Boots|[from] move: Knock Off|[of] p2a: Greedent\n|faint|p1a: Glalie\n|\n|upkeep\n|\n|t:|1783561588\n|switch|p1a: Iron Valiant|Iron Valiant, L78|100/100\n|turn|4\n|inactive|Time left: 300 sec this turn | 300 sec total\n|\n|t:|1783561589\n|-terastallize|p2a: Greedent|Ground\n|move|p1a: Iron Valiant|Close Combat|p2a: Greedent\n|-damage|p2a: Greedent|91/347\n|-unboost|p1a: Iron Valiant|def|1\n|-unboost|p1a: Iron Valiant|spd|1\n|-enditem|p2a: Greedent|Sitrus Berry|[eat]\n|-heal|p2a: Greedent|177/347|[from] item: Sitrus Berry\n|-heal|p2a: Greedent|292/347|[from] ability: Cheek Pouch\n|-damage|p1a: Iron Valiant|91/100|[from] item: Life Orb\n|move|p2a: Greedent|Earthquake|p1a: Iron Valiant\n|-damage|p1a: Iron Valiant|0 fnt\n|faint|p1a: Iron Valiant\n|-end|p1a: Iron Valiant|Quark Drive|[silent]\n|\n|upkeep\n|\n|t:|1783561590\n|switch|p1a: Toucannon|Toucannon, L88, M|100/100\n|turn|5\n|inactive|Time left: 300 sec this turn | 300 sec total\n|\n|t:|1783561591\n|move|p1a: Toucannon|Boomburst|p2a: Greedent\n|-damage|p2a: Greedent|150/347\n|move|p2a: Greedent|Body Slam|p1a: Toucannon\n|-damage|p1a: Toucannon|28/100\n|\n|upkeep\n|turn|6\n|inactive|Time left: 300 sec this turn | 300 sec total\n|\n|t:|1783561592\n|move|p1a: Toucannon|Boomburst|p2a: Greedent\n|-damage|p2a: Greedent|8/347\n|move|p2a: Greedent|Knock Off|p1a: Toucannon\n|-damage|p1a: Toucannon|0 fnt\n|-enditem|p1a: Toucannon|Heavy-Duty Boots|[from] move: Knock Off|[of] p2a: Greedent\n|faint|p1a: Toucannon\n|\n|upkeep\n|\n|t:|1783561593\n|switch|p1a: Entei|Entei, L78|100/100\n|turn|7\n|inactive|Time left: 300 sec this turn | 300 sec total\n|\n|t:|1783561594\n|move|p1a: Entei|Flare Blitz|p2a: Greedent\n|-damage|p2a: Greedent|0 fnt\n|faint|p2a: Greedent\n|-damage|p1a: Entei|99/100|[from] Recoil\n|\n|upkeep\n|inactive|Time left: 300 sec this turn | 300 sec total | 5 sec grace\n|\n|t:|1783561595\n|switch|p2a: Crawdaunt|Crawdaunt, L84, F|243/243\n|-damage|p2a: Crawdaunt|203/243|[from] Spikes\n|turn|8\n|inactive|Time left: 300 sec this turn | 300 sec total\n|\n|t:|1783561596\n|move|p1a: Entei|Flare Blitz|p2a: Crawdaunt\n|-resisted|p2a: Crawdaunt\n|-damage|p2a: Crawdaunt|110/243\n|-damage|p1a: Entei|89/100|[from] Recoil\n|move|p2a: Crawdaunt|Dragon Dance|p2a: Crawdaunt\n|-boost|p2a: Crawdaunt|atk|1\n|-boost|p2a: Crawdaunt|spe|1\n|\n|upkeep\n|turn|9\n|inactive|Time left: 300 sec this turn | 300 sec total\n|\n|t:|1783561597\n|switch|p1a: Solgaleo|Solgaleo, L74|100/100\n|move|p2a: Crawdaunt|Knock Off|p1a: Solgaleo\n|-supereffective|p1a: Solgaleo\n|-damage|p1a: Solgaleo|0 fnt\n|-damage|p2a: Crawdaunt|70/243|[from] item: Rocky Helmet|[of] p1a: Solgaleo\n|-enditem|p1a: Solgaleo|Rocky Helmet|[from] move: Knock Off|[of] p2a: Crawdaunt\n|faint|p1a: Solgaleo\n|-damage|p2a: Crawdaunt|46/243|[from] item: Life Orb\n|\n|upkeep\n|\n|t:|1783561598\n|switch|p1a: Entei|Entei, L78|89/100\n|turn|10\n|inactive|Time left: 300 sec this turn | 300 sec total\n|\n|t:|1783561599\n|move|p1a: Entei|Extreme Speed|p2a: Crawdaunt\n|-damage|p2a: Crawdaunt|0 fnt\n|faint|p2a: Crawdaunt\n|\n|upkeep\n|inactive|Time left: 300 sec this turn | 300 sec total | 5 sec grace\n|\n|t:|1783561600\n|switch|p2a: Azelf|Azelf, L82|257/257\n|turn|11\n|inactive|Time left: 300 sec this turn | 300 sec total\n|\n|t:|1783561601\n|move|p1a: Entei|Extreme Speed|p2a: Azelf\n|-damage|p2a: Azelf|156/257\n|move|p2a: Azelf|Psyshock|p1a: Entei\n|-damage|p1a: Entei|38/100\n|\n|upkeep\n|turn|12\n|inactive|Time left: 300 sec this turn | 300 sec total\n|\n|t:|1783561602\n|switch|p1a: Excadrill|Excadrill, L79, M|100/100\n|-ability|p1a: Excadrill|Mold Breaker\n|move|p2a: Azelf|Psyshock|p1a: Excadrill\n|-resisted|p1a: Excadrill\n|-crit|p1a: Excadrill\n|-damage|p1a: Excadrill|51/100\n|\n|-heal|p1a: Excadrill|57/100|[from] item: Leftovers\n|upkeep\n|turn|13\n|inactive|Time left: 300 sec this turn | 300 sec total\n|\n|t:|1783561603\n|move|p2a: Azelf|Psyshock|p1a: Excadrill\n|-resisted|p1a: Excadrill\n|-damage|p1a: Excadrill|21/100\n|move|p1a: Excadrill|Rapid Spin|p2a: Azelf\n|-damage|p2a: Azelf|109/257\n|-boost|p1a: Excadrill|spe|1\n|\n|-heal|p1a: Excadrill|27/100|[from] item: Leftovers\n|upkeep\n|turn|14\n|inactive|Time left: 300 sec this turn | 300 sec total\n|\n|t:|1783561605\n|switch|p2a: Scyther|Scyther, L82, F|249/249\n|move|p1a: Excadrill|Iron Head|p2a: Scyther\n|-damage|p2a: Scyther|138/249\n|\n|-heal|p1a: Excadrill|33/100|[from] item: Leftovers\n|upkeep\n|turn|15\n|inactive|Time left: 300 sec this turn | 300 sec total\n|\n|t:|1783561606\n|move|p1a: Excadrill|Iron Head|p2a: Scyther\n|-damage|p2a: Scyther|35/249\n|move|p2a: Scyther|Close Combat|p1a: Excadrill\n|-supereffective|p1a: Excadrill\n|-damage|p1a: Excadrill|0 fnt\n|-unboost|p2a: Scyther|def|1\n|-unboost|p2a: Scyther|spd|1\n|faint|p1a: Excadrill\n|\n|upkeep\n|\n|t:|1783561607\n|switch|p1a: Entei|Entei, L78|38/100\n|turn|16\n|inactive|Time left: 300 sec this turn | 300 sec total\n|\n|t:|1783561607\n|move|p1a: Entei|Extreme Speed|p2a: Scyther\n|-damage|p2a: Scyther|0 fnt\n|faint|p2a: Scyther\n|\n|upkeep\n|inactive|Time left: 300 sec this turn | 300 sec total | 5 sec grace\n|\n|t:|1783561608\n|switch|p2a: Kilowattrel|Kilowattrel, L83, F|252/252\n|turn|17\n|inactive|Time left: 300 sec this turn | 300 sec total\n|\n|t:|1783561609\n|move|p1a: Entei|Extreme Speed|p2a: Kilowattrel\n|-damage|p2a: Kilowattrel|139/252\n|move|p2a: Kilowattrel|Hurricane|p1a: Entei\n|-damage|p1a: Entei|0 fnt\n|faint|p1a: Entei\n|\n|win|p0y1864fac9", "uploadtime": 1783561609, "views": 0, "rating": 0, "private": 0, "password": null, "_winner": "p0y1864fac9", "_our_name": "p0y1864fac9"}