{"id": "battle-gen9randombattle-519", "formatid": "gen9randombattle", "format": "[Gen 9] Random Battle", "players": ["p0x519ce82", "p0y51920e1"], "log": "|init|battle\n|title|p0x519ce82 vs. p0y51920e1\n|j|\u2606p0x519ce82\n|j|\u2606p0y51920e1\n|t:|1783545823\n|gametype|singles\n|player|p1|p0x519ce82|2|\n|player|p2|p0y51920e1|266|\n|gen|9\n|tier|[Gen 9] Random Battle\n|rule|Species Clause: Limit one of each Pok\u00e9mon\n|rule|HP Percentage Mod: HP is shown in percentages\n|rule|Sleep Clause Mod: Limit one foe put to sleep\n|rule|Illusion Level Mod: Illusion disguises the Pok\u00e9mon's true level\n|\n|t:|1783545823\n|teamsize|p1|6\n|teamsize|p2|6\n|start\n|switch|p1a: Dugtrio|Dugtrio, L84, M|100/100\n|switch|p2a: Garchomp|Garchomp, L74, F|282/282\n|turn|1\n|inactive|Battle timer is ON: inactive players will automatically lose when time's up. (requested by p0x519ce82)\n|inactive|Time left: 300 sec this turn | 300 sec total | 60 sec grace\n|inactive|p0y51920e1 also wants the timer to be on.\n|\n|t:|1783545824\n|switch|p1a: Ribombee|Ribombee, L83, M|100/100\n|move|p2a: Garchomp|Scale Shot|p1a: Ribombee\n|-immune|p1a: Ribombee\n|\n|upkeep\n|turn|2\n|inactive|Time left: 300 sec this turn | 300 sec total\n|\n|t:|1783545825\n|-terastallize|p2a: Garchomp|Steel\n|move|p1a: Ribombee|Sticky Web|p2a: Garchomp\n|-sidestart|p2: p0y51920e1|move: Sticky Web\n|move|p2a: Garchomp|Iron Head|p1a: Ribombee\n|-supereffective|p1a: Ribombee\n|-damage|p1a: Ribombee|0 fnt\n|faint|p1a: Ribombee\n|\n|upkeep\n|\n|t:|1783545826\n|switch|p1a: Dugtrio|Dugtrio, L84, M|100/100\n|turn|3\n|inactive|Time left: 300 sec this turn | 300 sec total\n|\n|t:|1783545827\n|-terastallize|p1a: Dugtrio|Ground\n|move|p1a: Dugtrio|Earthquake|p2a: Garchomp\n|-supereffective|p2a: Garchomp\n|-damage|p2a: Garchomp|0 fnt\n|faint|p2a: Garchomp\n|\n|upkeep\n|inactive|Time left: 300 sec this turn | 300 sec total | 5 sec grace\n|\n|t:|1783545828\n|switch|p2a: Toucannon|Toucannon, L88, M|284/284\n|turn|4\n|inactive|Time left: 300 sec this turn | 300 sec total\n|\n|t:|1783545829\n|switch|p1a: Slaking|Slaking, L84, M|100/100\n|move|p2a: Toucannon|Knock Off|p1a: Slaking\n|-damage|p1a: Slaking|80/100\n|-enditem|p1a: Slaking|Choice Scarf|[from] move: Knock Off|[of] p2a: Toucannon\n|\n|upkeep\n|turn|5\n|inactive|Time left: 300 sec this turn | 300 sec total\n|\n|t:|1783545830\n|move|p1a: Slaking|Giga Impact|p2a: Toucannon\n|-damage|p2a: Toucannon|34/284\n|-mustrecharge|p1a: Slaking\n|move|p2a: Toucannon|Boomburst|p1a: Slaking\n|-damage|p1a: Slaking|40/100\n|\n|upkeep\n|turn|6\n|inactive|Time left: 300 sec this turn | 300 sec total\n|\n|t:|1783545831\n|cant|p1a: Slaking|recharge\n|move|p2a: Toucannon|Boomburst|p1a: Slaking\n|-damage|p1a: Slaking|0 fnt\n|faint|p1a: Slaking\n|\n|upkeep\n|\n|t:|1783545832\n|switch|p1a: Lokix|Lokix, L82, M|100/100\n|turn|7\n|inactive|Time left: 300 sec this turn | 300 sec total\n|\n|t:|1783545833\n|-singleturn|p2a: Toucannon|move: Beak Blast\n|move|p1a: Lokix|First Impression|p2a: Toucannon\n|-resisted|p2a: Toucannon\n|-damage|p2a: Toucannon|0 fnt\n|-status|p1a: Lokix|brn\n|faint|p2a: Toucannon\n|\n|-damage|p1a: Lokix|95/100 brn|[from] brn\n|upkeep\n|inactive|Time left: 300 sec this turn | 300 sec total | 5 sec grace\n|\n|t:|1783545834\n|switch|p2a: Vivillon|Vivillon-Archipelago, L83, M|268/268\n|turn|8\n|inactive|Time left: 300 sec this turn | 300 sec total\n|\n|t:|1783545835\n|move|p1a: Lokix|Knock Off|p2a: Vivillon\n|-damage|p2a: Vivillon|187/268\n|-enditem|p2a: Vivillon|Heavy-Duty Boots|[from] move: Knock Off|[of] p1a: Lokix\n|move|p2a: Vivillon|Quiver Dance|p2a: Vivillon\n|-boost|p2a: Vivillon|spa|1\n|-boost|p2a: Vivillon|spd|1\n|-boost|p2a: Vivillon|spe|1\n|\n|-damage|p1a: Lokix|89/100 brn|[from] brn\n|upkeep\n|turn|9\n|inactive|Time left: 300 sec this turn | 300 sec total\n|\n|t:|1783545836\n|move|p2a: Vivillon|Quiver Dance|p2a: Vivillon\n|-boost|p2a: Vivillon|spa|1\n|-boost|p2a: Vivillon|spd|1\n|-boost|p2a: Vivillon|spe|1\n|move|p1a: Lokix|U-turn|p2a: Vivillon\n|-resisted|p2a: Vivillon\n|-damage|p2a: Vivillon|127/268\n|\n|t:|1783545837\n|switch|p1a: Slowking|Slowking, L88, M|100/100|[from] U-turn\n|\n|upkeep\n|turn|10\n|inactive|Time left: 300 sec this turn | 300 sec total\n|\n|t:|1783545838\n|move|p2a: Vivillon|Hurricane|p1a: Slowking\n|-damage|p1a: Slowking|43/100\n|-start|p1a: Slowking|confusion\n|-activate|p1a: Slowking|confusion\n|-damage|p1a: Slowking|36/100|[from] confusion\n|\n|upkeep\n|turn|11\n|inactive|Time left: 300 sec this turn | 300 sec total\n|\n|t:|1783545839\n|switch|p1a: Lokix|Lokix, L82, M|89/100 brn\n|move|p2a: Vivillon|Bug Buzz|p1a: Lokix\n|-supereffective|p1a: Lokix\n|-damage|p1a: Lokix|0 fnt\n|faint|p1a: Lokix\n|\n|upkeep\n|\n|t:|1783545840\n|switch|p1a: Dugtrio|Dugtrio, L84, M, tera:Ground|100/100\n|turn|12\n|inactive|Time left: 300 sec this turn | 300 sec total\n|\n|t:|1783545841\n|move|p2a: Vivillon|Bug Buzz|p1a: Dugtrio\n|-enditem|p1a: Dugtrio|Focus Sash\n|-damage|p1a: Dugtrio|1/100\n|move|p1a: Dugtrio|Stone Edge|p2a: Vivillon\n|-supereffective|p2a: Vivillon\n|-crit|p2a: Vivillon\n|-damage|p2a: Vivillon|0 fnt\n|faint|p2a: Vivillon\n|\n|upkeep\n|inactive|Time left: 300 sec this turn | 300 sec total | 5 sec grace\n|\n|t:|1783545842\n|switch|p2a: Scizor|Scizor, L79, M|240/240\n|-activate|p2a: Scizor|move: Sticky Web\n|-unboost|p2a: Scizor|spe|1\n|turn|13\n|inactive|Time left: 300 sec this turn | 300 sec total\n|\n|t:|1783545843\n|move|p1a: Dugtrio|Earthquake|p2a: Scizor\n|-damage|p2a: Scizor|90/240\n|move|p2a: Scizor|U-turn|p1a: Dugtrio\n|-damage|p1a: Dugtrio|0 fnt\n|faint|p1a: Dugtrio\n|inactive|Time left: 300 sec this turn | 300 sec total | 5 sec grace\n|\n|t:|1783545844\n|switch|p2a: Sneasler|Sneasler, L74, M|240/240|[from] U-turn\n|-activate|p2a: Sneasler|move: Sticky Web\n|-unboost|p2a: Sneasler|spe|1\n|\n|upkeep\n|\n|t:|1783545844\n|switch|p1a: Uxie|Uxie, L83|100/100\n|turn|14\n|inactive|Time left: 300 sec this turn | 300 sec total\n|\n|t:|1783545845\n|switch|p2a: Scizor|Scizor, L79, M|90/240\n|-activate|p2a: Scizor|move: Sticky Web\n|-unboost|p2a: Scizor|spe|1\n|move|p1a: Uxie|Psychic Noise|p2a: Scizor\n|-resisted|p2a: Scizor\n|-damage|p2a: Scizor|53/240\n|-start|p2a: Scizor|move: Heal Block\n|\n|upkeep\n|turn|15\n|inactive|Time left: 300 sec this turn | 300 sec total\n|\n|t:|1783545846\n|move|p1a: Uxie|Knock Off|p2a: Scizor\n|-damage|p2a: Scizor|0 fnt\n|-enditem|p2a: Scizor|Choice Band|[from] move: Knock Off|[of] p1a: Uxie\n|faint|p2a: Scizor\n|\n|upkeep\n|inactive|Time left: 300 sec this turn | 300 sec total | 5 sec grace\n|\n|t:|1783545847\n|switch|p2a: Grafaiai|Grafaiai, L86, M|249/249\n|-activate|p2a: Grafaiai|move: Sticky Web\n|-unboost|p2a: Grafaiai|spe|1\n|turn|16\n|inactive|Time left: 300 sec this turn | 300 sec total\n|\n|t:|1783545848\n|move|p1a: Uxie|Psychic Noise|p2a: Grafaiai\n|-supereffective|p2a: Grafaiai\n|-damage|p2a: Grafaiai|157/249\n|-start|p2a: Grafaiai|move: Heal Block\n|move|p2a: Grafaiai|Knock Off|p1a: Uxie\n|-supereffective|p1a: Uxie\n|-damage|p1a: Uxie|63/100\n|-enditem|p1a: Uxie|Leftovers|[from] move: Knock Off|[of] p2a: Grafaiai\n|\n|upkeep\n|turn|17\n|inactive|Time left: 300 sec this turn | 300 sec total\n|\n|t:|1783545849\n|move|p1a: Uxie|Psychic Noise|p2a: Grafaiai\n|-supereffective|p2a: Grafaiai\n|-damage|p2a: Grafaiai|65/249\n|move|p2a: Grafaiai|Gunk Shot|p1a: Uxie\n|-damage|p1a: Uxie|25/100\n|-status|p1a: Uxie|psn\n|\n|-damage|p1a: Uxie|12/100 psn|[from] psn\n|-end|p2a: Grafaiai|move: Heal Block\n|upkeep\n|turn|18\n|inactive|Time left: 300 sec this turn | 300 sec total\n|\n|t:|1783545850\n|move|p1a: Uxie|Encore|p2a: Grafaiai\n|-start|p2a: Grafaiai|Encore\n|move|p2a: Grafaiai|Gunk Shot|p1a: Uxie\n|-damage|p1a: Uxie|0 fnt\n|faint|p1a: Uxie\n|\n|upkeep\n|\n|t:|1783545851\n|switch|p1a: Slowking|Slowking, L88, M|70/100\n|turn|19\n|inactive|Time left: 300 sec this turn | 300 sec total\n|\n|t:|1783545851\n|move|p2a: Grafaiai|Gunk Shot|p1a: Slowking\n|-damage|p1a: Slowking|23/100\n|move|p1a: Slowking|Slack Off|p1a: Slowking\n|-heal|p1a: Slowking|73/100\n|\n|upkeep\n|turn|20\n|inactive|Time left: 300 sec this turn | 300 sec total\n|\n|t:|1783545852\n|move|p2a: Grafaiai|Gunk Shot|p1a: Slowking\n|-damage|p1a: Slowking|30/100\n|-status|p1a: Slowking|psn\n|move|p1a: Slowking|Slack Off|p1a: Slowking\n|-heal|p1a: Slowking|80/100 psn\n|\n|-damage|p1a: Slowking|67/100 psn|[from] psn\n|-end|p2a: Grafaiai|Encore\n|upkeep\n|turn|21\n|inactive|Time left: 300 sec this turn | 300 sec total\n|\n|t:|1783545853\n|move|p2a: Grafaiai|U-turn|p1a: Slowking\n|-supereffective|p1a: Slowking\n|-damage|p1a: Slowking|33/100 psn\n|inactive|Time left: 300 sec this turn | 300 sec total | 5 sec grace\n|\n|t:|1783545854\n|switch|p2a: Sneasler|Sneasler, L74, M|240/240|[from] U-turn\n|-activate|p2a: Sneasler|move: Sticky Web\n|-unboost|p2a: Sneasler|spe|1\n|move|p1a: Slowking|Slack Off|p1a: Slowking\n|-heal|p1a: Slowking|83/100 psn\n|\n|-damage|p1a: Slowking|71/100 psn|[from] psn\n|upkeep\n|turn|22\n|inactive|Time left: 300 sec this turn | 300 sec total\n|\n|t:|1783545855\n|move|p2a: Sneasler|Throat Chop|p1a: Slowking\n|-supereffective|p1a: Slowking\n|-damage|p1a: Slowking|15/100 psn\n|-start|p1a: Slowking|Throat Chop|[silent]\n|move|p1a: Slowking|Scald|p2a: Sneasler\n|-damage|p2a: Sneasler|123/240\n|\n|-damage|p1a: Slowking|3/100 psn|[from] psn\n|upkeep\n|turn|23\n|inactive|Time left: 300 sec this turn | 300 sec total\n|\n|t:|1783545856\n|move|p2a: Sneasler|Throat Chop|p1a: Slowking\n|-supereffective|p1a: Slowking\n|-damage|p1a: Slowking|0 fnt\n|faint|p1a: Slowking\n|\n|win|p0y51920e1", "uploadtime": 1783545856, "views": 0, "rating": 0, "private": 0, "password": null, "_winner": "p0y51920e1", "_our_name": "p0y51920e1"}