{"id": "battle-gen9randombattle-2237", "formatid": "gen9randombattle", "format": "[Gen 9] Random Battle", "players": ["p0x2237f6ce", "p0y2237fe4d"], "log": "|init|battle\n|title|p0x2237f6ce vs. p0y2237fe4d\n|j|\u2606p0x2237f6ce\n|j|\u2606p0y2237fe4d\n|t:|1783565935\n|gametype|singles\n|player|p1|p0x2237f6ce|265|\n|player|p2|p0y2237fe4d|1|\n|gen|9\n|tier|[Gen 9] Random Battle\n|rule|Species Clause: Limit one of each Pok\u00e9mon\n|rule|HP Percentage Mod: HP is shown in percentages\n|rule|Sleep Clause Mod: Limit one foe put to sleep\n|rule|Illusion Level Mod: Illusion disguises the Pok\u00e9mon's true level\n|\n|t:|1783565935\n|teamsize|p1|6\n|teamsize|p2|6\n|start\n|switch|p1a: Rampardos|Rampardos, L90, F|321/321\n|switch|p2a: Luxray|Luxray, L88, F|100/100\n|turn|1\n|inactive|Battle timer is ON: inactive players will automatically lose when time's up. (requested by p0y2237fe4d)\n|inactive|Time left: 300 sec this turn | 300 sec total | 60 sec grace\n|inactive|p0x2237f6ce also wants the timer to be on.\n|\n|t:|1783565937\n|move|p1a: Rampardos|Head Smash|p2a: Luxray|[miss]\n|-miss|p1a: Rampardos|p2a: Luxray\n|move|p2a: Luxray|Trailblaze|p1a: Rampardos\n|-supereffective|p1a: Rampardos\n|-damage|p1a: Rampardos|211/321\n|-boost|p2a: Luxray|spe|1\n|\n|-status|p2a: Luxray|brn|[from] item: Flame Orb\n|upkeep\n|turn|2\n|inactive|Time left: 300 sec this turn | 300 sec total\n|\n|t:|1783565938\n|switch|p1a: Brute Bonnet|Brute Bonnet, L80|309/309\n|move|p2a: Luxray|Supercell Slam|p1a: Brute Bonnet\n|-resisted|p1a: Brute Bonnet\n|-damage|p1a: Brute Bonnet|216/309\n|\n|-heal|p1a: Brute Bonnet|235/309|[from] item: Leftovers\n|-damage|p2a: Luxray|94/100 brn|[from] brn\n|upkeep\n|turn|3\n|inactive|Time left: 300 sec this turn | 300 sec total\n|\n|t:|1783565940\n|-end|p1a: Brute Bonnet|Protosynthesis|[silent]\n|switch|p1a: Gholdengo|Gholdengo, L77|261/261\n|-terastallize|p2a: Luxray|Normal\n|move|p2a: Luxray|Facade|p1a: Gholdengo\n|-immune|p1a: Gholdengo\n|\n|-damage|p2a: Luxray|88/100 brn|[from] brn\n|upkeep\n|turn|4\n|inactive|Time left: 300 sec this turn | 300 sec total\n|\n|t:|1783565941\n|move|p2a: Luxray|Supercell Slam|p1a: Gholdengo\n|-damage|p1a: Gholdengo|48/261\n|move|p1a: Gholdengo|Make It Rain|p2a: Luxray\n|-damage|p2a: Luxray|35/100 brn\n|-unboost|p1a: Gholdengo|spa|1\n|\n|-heal|p1a: Gholdengo|64/261|[from] item: Leftovers\n|-damage|p2a: Luxray|29/100 brn|[from] brn\n|upkeep\n|turn|5\n|inactive|Time left: 300 sec this turn | 300 sec total\n|\n|t:|1783565942\n|move|p2a: Luxray|Throat Chop|p1a: Gholdengo\n|-supereffective|p1a: Gholdengo\n|-damage|p1a: Gholdengo|0 fnt\n|faint|p1a: Gholdengo\n|\n|-damage|p2a: Luxray|23/100 brn|[from] brn\n|upkeep\n|inactive|Time left: 300 sec this turn | 300 sec total | 5 sec grace\n|\n|t:|1783565943\n|switch|p1a: Brute Bonnet|Brute Bonnet, L80|235/309\n|turn|6\n|inactive|Time left: 300 sec this turn | 300 sec total\n|\n|t:|1783565944\n|move|p1a: Brute Bonnet|Sucker Punch|p2a: Luxray\n|-damage|p2a: Luxray|0 fnt\n|faint|p2a: Luxray\n|\n|-heal|p1a: Brute Bonnet|254/309|[from] item: Leftovers\n|upkeep\n|\n|t:|1783565945\n|switch|p2a: Overqwil|Overqwil, L82, F|100/100\n|-ability|p2a: Overqwil|Intimidate|boost\n|-unboost|p1a: Brute Bonnet|atk|1\n|turn|7\n|inactive|Time left: 300 sec this turn | 300 sec total\n|\n|t:|1783565946\n|-end|p1a: Brute Bonnet|Protosynthesis|[silent]\n|switch|p1a: Rampardos|Rampardos, L90, F|211/321\n|move|p2a: Overqwil|Gunk Shot|p1a: Rampardos\n|-resisted|p1a: Rampardos\n|-damage|p1a: Rampardos|128/321\n|\n|upkeep\n|turn|8\n|inactive|Time left: 300 sec this turn | 300 sec total\n|\n|t:|1783565947\n|switch|p2a: Whiscash|Whiscash, L88, F|100/100\n|move|p1a: Rampardos|Earthquake|p2a: Whiscash\n|-damage|p2a: Whiscash|58/100\n|\n|upkeep\n|turn|9\n|inactive|Time left: 300 sec this turn | 300 sec total\n|\n|t:|1783565948\n|switch|p2a: Charizard|Charizard, L85, F|100/100\n|move|p1a: Rampardos|Earthquake|p2a: Charizard\n|-immune|p2a: Charizard\n|\n|upkeep\n|turn|10\n|inactive|Time left: 300 sec this turn | 300 sec total\n|\n|t:|1783565949\n|switch|p1a: Dondozo|Dondozo, L78, M|362/362\n|move|p2a: Charizard|Hurricane|p1a: Dondozo\n|-damage|p1a: Dondozo|187/362\n|\n|-heal|p1a: Dondozo|209/362|[from] item: Leftovers\n|upkeep\n|turn|11\n|inactive|Time left: 300 sec this turn | 300 sec total\n|\n|t:|1783565950\n|move|p2a: Charizard|Hurricane|p1a: Dondozo\n|-damage|p1a: Dondozo|22/362\n|move|p1a: Dondozo|Wave Crash|p2a: Charizard\n|-supereffective|p2a: Charizard\n|-damage|p2a: Charizard|12/100\n|-damage|p1a: Dondozo|0 fnt|[from] Recoil\n|faint|p1a: Dondozo\n|\n|upkeep\n|inactive|Time left: 300 sec this turn | 300 sec total | 5 sec grace\n|\n|t:|1783565951\n|switch|p1a: Rampardos|Rampardos, L90, F|128/321\n|turn|12\n|inactive|Time left: 300 sec this turn | 300 sec total\n|\n|t:|1783565952\n|move|p1a: Rampardos|Rock Slide|p2a: Charizard\n|-supereffective|p2a: Charizard\n|-damage|p2a: Charizard|0 fnt\n|faint|p2a: Charizard\n|\n|upkeep\n|\n|t:|1783565953\n|switch|p2a: Donphan|Donphan, L84, F|100/100\n|turn|13\n|inactive|Time left: 300 sec this turn | 300 sec total\n|\n|t:|1783565954\n|move|p1a: Rampardos|Rock Slide|p2a: Donphan\n|-resisted|p2a: Donphan\n|-damage|p2a: Donphan|74/100\n|move|p2a: Donphan|Earthquake|p1a: Rampardos\n|-supereffective|p1a: Rampardos\n|-damage|p1a: Rampardos|0 fnt\n|faint|p1a: Rampardos\n|\n|upkeep\n|inactive|Time left: 300 sec this turn | 300 sec total | 5 sec grace\n|\n|t:|1783565955\n|switch|p1a: Brute Bonnet|Brute Bonnet, L80|254/309\n|turn|14\n|inactive|Time left: 300 sec this turn | 300 sec total\n|\n|t:|1783565956\n|switch|p2a: Overqwil|Overqwil, L82, F|100/100\n|-ability|p2a: Overqwil|Intimidate|boost\n|-unboost|p1a: Brute Bonnet|atk|1\n|move|p1a: Brute Bonnet|Spore|p2a: Overqwil\n|-status|p2a: Overqwil|slp|[from] move: Spore\n|\n|-heal|p1a: Brute Bonnet|273/309|[from] item: Leftovers\n|upkeep\n|turn|15\n|inactive|Time left: 300 sec this turn | 300 sec total\n|\n|t:|1783565957\n|switch|p2a: Donphan|Donphan, L84, F|74/100\n|move|p1a: Brute Bonnet|Seed Bomb|p2a: Donphan\n|-supereffective|p2a: Donphan\n|-damage|p2a: Donphan|38/100\n|\n|-heal|p1a: Brute Bonnet|292/309|[from] item: Leftovers\n|upkeep\n|turn|16\n|inactive|Time left: 300 sec this turn | 300 sec total\n|\n|t:|1783565958\n|switch|p2a: Overqwil|Overqwil, L82, F|100/100 slp\n|-ability|p2a: Overqwil|Intimidate|boost\n|-unboost|p1a: Brute Bonnet|atk|1\n|move|p1a: Brute Bonnet|Seed Bomb|p2a: Overqwil\n|-resisted|p2a: Overqwil\n|-damage|p2a: Overqwil|92/100 slp\n|\n|-heal|p1a: Brute Bonnet|309/309|[from] item: Leftovers\n|upkeep\n|turn|17\n|inactive|Time left: 300 sec this turn | 300 sec total\n|\n|t:|1783565959\n|switch|p2a: Staraptor|Staraptor, L79, F|100/100\n|-end|p1a: Brute Bonnet|Protosynthesis|[silent]\n|switch|p1a: Koraidon|Koraidon, L64|235/235\n|-weather|SunnyDay|[from] ability: Orichalcum Pulse|[of] p1a: Koraidon\n|-activate|p1a: Koraidon|Orichalcum Pulse|[source]\n|\n|-weather|SunnyDay|[upkeep]\n|upkeep\n|turn|18\n|inactive|Time left: 300 sec this turn | 300 sec total\n|\n|t:|1783565960\n|-terastallize|p1a: Koraidon|Fire\n|move|p2a: Staraptor|Brave Bird|p1a: Koraidon\n|-damage|p1a: Koraidon|58/235\n|-damage|p2a: Staraptor|78/100|[from] Recoil\n|move|p1a: Koraidon|Flare Blitz|p2a: Staraptor\n|-damage|p2a: Staraptor|0 fnt\n|faint|p2a: Staraptor\n|-damage|p1a: Koraidon|0 fnt|[from] Recoil\n|faint|p1a: Koraidon\n|\n|-weather|SunnyDay|[upkeep]\n|upkeep\n|inactive|Time left: 300 sec this turn | 300 sec total | 5 sec grace\n|\n|t:|1783565960\n|switch|p1a: Toedscruel|Toedscruel, L87, M|281/281\n|switch|p2a: Donphan|Donphan, L84, F|38/100\n|turn|19\n|inactive|Time left: 300 sec this turn | 300 sec total\n|\n|t:|1783565962\n|switch|p2a: Overqwil|Overqwil, L82, F|92/100 slp\n|-ability|p2a: Overqwil|Intimidate|boost\n|-unboost|p1a: Toedscruel|atk|1\n|move|p1a: Toedscruel|Leaf Storm|p2a: Overqwil\n|-resisted|p2a: Overqwil\n|-damage|p2a: Overqwil|64/100 slp\n|-unboost|p1a: Toedscruel|spa|2\n|\n|-weather|SunnyDay|[upkeep]\n|upkeep\n|turn|20\n|inactive|Time left: 300 sec this turn | 300 sec total\n|\n|t:|1783565962\n|switch|p1a: Brute Bonnet|Brute Bonnet, L80|309/309\n|-activate|p1a: Brute Bonnet|ability: Protosynthesis\n|-start|p1a: Brute Bonnet|protosynthesisatk\n|cant|p2a: Overqwil|slp\n|\n|-weather|SunnyDay|[upkeep]\n|upkeep\n|turn|21\n|inactive|Time left: 300 sec this turn | 300 sec total\n|\n|t:|1783565963\n|-end|p1a: Brute Bonnet|Protosynthesis|[silent]\n|switch|p1a: Toedscruel|Toedscruel, L87, M|281/281\n|cant|p2a: Overqwil|slp\n|\n|-weather|none\n|upkeep\n|turn|22\n|inactive|Time left: 300 sec this turn | 300 sec total\n|\n|t:|1783565964\n|switch|p2a: Donphan|Donphan, L84, F|38/100\n|move|p1a: Toedscruel|Earth Power|p2a: Donphan\n|-damage|p2a: Donphan|14/100\n|\n|upkeep\n|turn|23\n|inactive|Time left: 300 sec this turn | 300 sec total\n|\n|t:|1783565965\n|move|p2a: Donphan|Ice Shard|p1a: Toedscruel\n|-supereffective|p1a: Toedscruel\n|-damage|p1a: Toedscruel|121/281\n|move|p1a: Toedscruel|Earth Power|p2a: Donphan\n|-damage|p2a: Donphan|0 fnt\n|faint|p2a: Donphan\n|\n|-heal|p1a: Toedscruel|138/281|[from] item: Leftovers\n|upkeep\n|\n|t:|1783565965\n|switch|p2a: Whiscash|Whiscash, L88, F|58/100\n|turn|24\n|inactive|Time left: 300 sec this turn | 300 sec total\n|\n|t:|1783565966\n|move|p1a: Toedscruel|Earth Power|p2a: Whiscash\n|-damage|p2a: Whiscash|28/100\n|move|p2a: Whiscash|Liquidation|p1a: Toedscruel\n|-damage|p1a: Toedscruel|8/281\n|-damage|p2a: Whiscash|19/100|[from] item: Life Orb\n|\n|-heal|p1a: Toedscruel|25/281|[from] item: Leftovers\n|upkeep\n|turn|25\n|inactive|Time left: 300 sec this turn | 300 sec total\n|\n|t:|1783565968\n|move|p1a: Toedscruel|Earth Power|p2a: Whiscash\n|-damage|p2a: Whiscash|0 fnt\n|faint|p2a: Whiscash\n|\n|-heal|p1a: Toedscruel|42/281|[from] item: Leftovers\n|upkeep\n|\n|t:|1783565969\n|switch|p2a: Overqwil|Overqwil, L82, F|64/100 slp\n|-ability|p2a: Overqwil|Intimidate|boost\n|-unboost|p1a: Toedscruel|atk|1\n|turn|26\n|inactive|Time left: 300 sec this turn | 300 sec total\n|\n|t:|1783565970\n|move|p1a: Toedscruel|Earth Power|p2a: Overqwil\n|-supereffective|p2a: Overqwil\n|-damage|p2a: Overqwil|0 fnt\n|faint|p2a: Overqwil\n|\n|win|p0x2237f6ce", "uploadtime": 1783565970, "views": 0, "rating": 0, "private": 0, "password": null, "_winner": "p0x2237f6ce", "_our_name": "p0x2237f6ce"}