{"id": "battle-gen9randombattle-237", "formatid": "gen9randombattle", "format": "[Gen 9] Random Battle", "players": ["p0x2376de9", "p0y237a11e"], "log": "|init|battle\n|title|p0x2376de9 vs. p0y237a11e\n|j|\u2606p0x2376de9\n|j|\u2606p0y237a11e\n|t:|1783536015\n|gametype|singles\n|player|p1|p0x2376de9|101|\n|player|p2|p0y237a11e|101|\n|gen|9\n|tier|[Gen 9] Random Battle\n|rule|Species Clause: Limit one of each Pok\u00e9mon\n|rule|HP Percentage Mod: HP is shown in percentages\n|rule|Sleep Clause Mod: Limit one foe put to sleep\n|rule|Illusion Level Mod: Illusion disguises the Pok\u00e9mon's true level\n|\n|t:|1783536015\n|teamsize|p1|6\n|teamsize|p2|6\n|start\n|switch|p1a: Farigiraf|Farigiraf, L90, F|100/100\n|switch|p2a: Ursaluna|Ursaluna, L79, F|335/335\n|turn|1\n|inactive|Battle timer is ON: inactive players will automatically lose when time's up. (requested by p0y237a11e)\n|inactive|p0x2376de9 also wants the timer to be on.\n|\n|t:|1783536016\n|move|p1a: Farigiraf|Psychic Noise|p2a: Ursaluna\n|-damage|p2a: Ursaluna|227/335\n|-start|p2a: Ursaluna|move: Heal Block\n|move|p2a: Ursaluna|Facade|p1a: Farigiraf\n|-damage|p1a: Farigiraf|75/100\n|\n|-heal|p1a: Farigiraf|81/100|[from] item: Leftovers\n|-status|p2a: Ursaluna|brn|[from] item: Flame Orb\n|upkeep\n|turn|2\n|inactive|Time left: 300 sec this turn | 300 sec total\n|\n|t:|1783536017\n|move|p1a: Farigiraf|Psychic Noise|p2a: Ursaluna\n|-damage|p2a: Ursaluna|109/335 brn\n|move|p2a: Ursaluna|Facade|p1a: Farigiraf\n|-damage|p1a: Farigiraf|0 fnt\n|faint|p1a: Farigiraf\n|\n|-damage|p2a: Ursaluna|89/335 brn|[from] brn\n|-end|p2a: Ursaluna|move: Heal Block\n|upkeep\n|\n|t:|1783536018\n|switch|p1a: Leavanny|Leavanny, L86, M|100/100\n|turn|3\n|inactive|Time left: 300 sec this turn | 300 sec total\n|\n|t:|1783536020\n|switch|p2a: Conkeldurr|Conkeldurr, L80, F|299/299\n|move|p1a: Leavanny|Sticky Web|p2a: Conkeldurr\n|-sidestart|p2: p0y237a11e|move: Sticky Web\n|\n|-status|p2a: Conkeldurr|brn|[from] item: Flame Orb\n|upkeep\n|turn|4\n|inactive|Time left: 300 sec this turn | 300 sec total\n|\n|t:|1783536021\n|move|p1a: Leavanny|Lunge|p2a: Conkeldurr\n|-resisted|p2a: Conkeldurr\n|-damage|p2a: Conkeldurr|256/299 brn\n|-unboost|p2a: Conkeldurr|atk|1\n|move|p2a: Conkeldurr|Facade|p1a: Leavanny\n|-damage|p1a: Leavanny|56/100\n|\n|-damage|p2a: Conkeldurr|238/299 brn|[from] brn\n|upkeep\n|turn|5\n|inactive|Time left: 300 sec this turn | 300 sec total\n|\n|t:|1783536022\n|move|p1a: Leavanny|Lunge|p2a: Conkeldurr\n|-resisted|p2a: Conkeldurr\n|-damage|p2a: Conkeldurr|193/299 brn\n|-unboost|p2a: Conkeldurr|atk|1\n|move|p2a: Conkeldurr|Facade|p1a: Leavanny\n|-crit|p1a: Leavanny\n|-damage|p1a: Leavanny|0 fnt\n|faint|p1a: Leavanny\n|\n|-damage|p2a: Conkeldurr|175/299 brn|[from] brn\n|upkeep\n|\n|t:|1783536023\n|switch|p1a: Cloyster|Cloyster, L80, M|100/100\n|turn|6\n|inactive|Time left: 300 sec this turn | 300 sec total\n|\n|t:|1783536024\n|switch|p2a: Golem|Golem-Alola, L93, F|300/300\n|-activate|p2a: Golem|move: Sticky Web\n|-unboost|p2a: Golem|spe|1\n|move|p1a: Cloyster|Shell Smash|p1a: Cloyster\n|-unboost|p1a: Cloyster|def|1\n|-unboost|p1a: Cloyster|spd|1\n|-boost|p1a: Cloyster|atk|2\n|-boost|p1a: Cloyster|spa|2\n|-boost|p1a: Cloyster|spe|2\n|-enditem|p1a: Cloyster|White Herb\n|-clearnegativeboost|p1a: Cloyster|[silent]\n|\n|upkeep\n|turn|7\n|inactive|Time left: 300 sec this turn | 300 sec total\n|\n|t:|1783536025\n|move|p1a: Cloyster|Hydro Pump|p2a: Golem|[miss]\n|-miss|p1a: Cloyster|p2a: Golem\n|move|p2a: Golem|Double-Edge|p1a: Cloyster\n|-supereffective|p1a: Cloyster\n|-damage|p1a: Cloyster|0 fnt\n|faint|p1a: Cloyster\n|-damage|p2a: Golem|230/300|[from] Recoil\n|-damage|p2a: Golem|200/300|[from] item: Life Orb\n|\n|upkeep\n|\n|t:|1783536026\n|switch|p1a: Malamar|Malamar, L82, F|100/100\n|turn|8\n|inactive|Time left: 300 sec this turn | 300 sec total\n|\n|t:|1783536028\n|move|p1a: Malamar|Superpower|p2a: Golem\n|-supereffective|p2a: Golem\n|-crit|p2a: Golem\n|-damage|p2a: Golem|56/300\n|-boost|p1a: Malamar|atk|1\n|-boost|p1a: Malamar|def|1\n|move|p2a: Golem|Double-Edge|p1a: Malamar\n|-damage|p1a: Malamar|33/100\n|-damage|p2a: Golem|0 fnt|[from] Recoil\n|faint|p2a: Golem\n|\n|-heal|p1a: Malamar|39/100|[from] item: Leftovers\n|upkeep\n|inactive|Time left: 300 sec this turn | 300 sec total | 5 sec grace\n|\n|t:|1783536029\n|switch|p2a: Iron Bundle|Iron Bundle, L78|215/215\n|turn|9\n|inactive|Time left: 300 sec this turn | 300 sec total\n|\n|t:|1783536030\n|switch|p1a: Magnezone|Magnezone, L85|100/100\n|move|p2a: Iron Bundle|Hydro Pump|p1a: Magnezone\n|-damage|p1a: Magnezone|50/100\n|\n|upkeep\n|turn|10\n|inactive|Time left: 300 sec this turn | 300 sec total\n|\n|t:|1783536031\n|-end|p2a: Iron Bundle|Quark Drive|[silent]\n|switch|p2a: Arceus|Arceus-Electric, L70|284/284\n|-activate|p2a: Arceus|move: Sticky Web\n|-unboost|p2a: Arceus|spe|1\n|move|p1a: Magnezone|Volt Switch|p2a: Arceus\n|-resisted|p2a: Arceus\n|-damage|p2a: Arceus|240/284\n|\n|t:|1783536032\n|switch|p1a: Malamar|Malamar, L82, F|39/100|[from] Volt Switch\n|\n|-heal|p1a: Malamar|46/100|[from] item: Leftovers\n|upkeep\n|turn|11\n|inactive|Time left: 300 sec this turn | 300 sec total\n|\n|t:|1783536033\n|move|p1a: Malamar|Superpower|p2a: Arceus\n|-damage|p2a: Arceus|170/284\n|-boost|p1a: Malamar|atk|1\n|-boost|p1a: Malamar|def|1\n|move|p2a: Arceus|Judgment|p1a: Malamar\n|-crit|p1a: Malamar\n|-damage|p1a: Malamar|0 fnt\n|faint|p1a: Malamar\n|\n|upkeep\n|\n|t:|1783536034\n|switch|p1a: Magnezone|Magnezone, L85|50/100\n|turn|12\n|inactive|Time left: 300 sec this turn | 300 sec total\n|\n|t:|1783536035\n|move|p1a: Magnezone|Flash Cannon|p2a: Arceus\n|-resisted|p2a: Arceus\n|-crit|p2a: Arceus\n|-damage|p2a: Arceus|92/284\n|move|p2a: Arceus|Recover|p2a: Arceus\n|-heal|p2a: Arceus|234/284\n|\n|upkeep\n|turn|13\n|inactive|Time left: 300 sec this turn | 300 sec total\n|\n|t:|1783536036\n|move|p1a: Magnezone|Flash Cannon|p2a: Arceus\n|-resisted|p2a: Arceus\n|-damage|p2a: Arceus|185/284\n|move|p2a: Arceus|Calm Mind|p2a: Arceus\n|-boost|p2a: Arceus|spa|1\n|-boost|p2a: Arceus|spd|1\n|\n|upkeep\n|turn|14\n|inactive|Time left: 300 sec this turn | 300 sec total\n|\n|t:|1783536037\n|move|p1a: Magnezone|Flash Cannon|p2a: Arceus\n|-resisted|p2a: Arceus\n|-damage|p2a: Arceus|150/284\n|move|p2a: Arceus|Calm Mind|p2a: Arceus\n|-boost|p2a: Arceus|spa|1\n|-boost|p2a: Arceus|spd|1\n|\n|upkeep\n|turn|15\n|inactive|Time left: 300 sec this turn | 300 sec total\n|\n|t:|1783536038\n|move|p1a: Magnezone|Flash Cannon|p2a: Arceus\n|-resisted|p2a: Arceus\n|-damage|p2a: Arceus|126/284\n|move|p2a: Arceus|Recover|p2a: Arceus\n|-heal|p2a: Arceus|268/284\n|\n|upkeep\n|turn|16\n|inactive|Time left: 300 sec this turn | 300 sec total\n|\n|t:|1783536039\n|move|p1a: Magnezone|Flash Cannon|p2a: Arceus\n|-resisted|p2a: Arceus\n|-damage|p2a: Arceus|241/284\n|move|p2a: Arceus|Calm Mind|p2a: Arceus\n|-boost|p2a: Arceus|spa|1\n|-boost|p2a: Arceus|spd|1\n|\n|upkeep\n|turn|17\n|inactive|Time left: 300 sec this turn | 300 sec total\n|\n|t:|1783536040\n|move|p1a: Magnezone|Flash Cannon|p2a: Arceus\n|-resisted|p2a: Arceus\n|-damage|p2a: Arceus|222/284\n|move|p2a: Arceus|Judgment|p1a: Magnezone\n|-resisted|p1a: Magnezone\n|-damage|p1a: Magnezone|2/100\n|\n|upkeep\n|turn|18\n|inactive|Time left: 300 sec this turn | 300 sec total\n|\n|t:|1783536041\n|move|p1a: Magnezone|Flash Cannon|p2a: Arceus\n|-resisted|p2a: Arceus\n|-damage|p2a: Arceus|199/284\n|-unboost|p2a: Arceus|spd|1\n|move|p2a: Arceus|Judgment|p1a: Magnezone\n|-resisted|p1a: Magnezone\n|-damage|p1a: Magnezone|0 fnt\n|faint|p1a: Magnezone\n|\n|upkeep\n|\n|t:|1783536042\n|switch|p1a: Dragapult|Dragapult, L77, M|100/100\n|turn|19\n|inactive|Time left: 300 sec this turn | 300 sec total\n|\n|t:|1783536043\n|-terastallize|p2a: Arceus|Ice\n|move|p1a: Dragapult|Dragon Darts|p2a: Arceus\n|-damage|p2a: Arceus|144/284\n|-anim|p1a: Dragapult|Dragon Darts|p2a: Arceus\n|-damage|p2a: Arceus|93/284\n|move|p2a: Arceus|Ice Beam|p1a: Dragapult\n|-supereffective|p1a: Dragapult\n|-crit|p1a: Dragapult\n|-damage|p1a: Dragapult|0 fnt\n|faint|p1a: Dragapult\n|\n|win|p0y237a11e", "uploadtime": 1783536043, "views": 0, "rating": 0, "private": 0, "password": null, "_winner": "p0y237a11e", "_our_name": "p0y237a11e"}