{"id": "battle-gen9randombattle-2778", "formatid": "gen9randombattle", "format": "[Gen 9] Random Battle", "players": ["p0x277838d8", "p0y277856eb"], "log": "|init|battle\n|title|p0x277838d8 vs. p0y277856eb\n|j|\u2606p0x277838d8\n|j|\u2606p0y277856eb\n|t:|1783572017\n|gametype|singles\n|player|p1|p0x277838d8|102|\n|player|p2|p0y277856eb|170|\n|gen|9\n|tier|[Gen 9] Random Battle\n|rule|Species Clause: Limit one of each Pok\u00e9mon\n|rule|HP Percentage Mod: HP is shown in percentages\n|rule|Sleep Clause Mod: Limit one foe put to sleep\n|rule|Illusion Level Mod: Illusion disguises the Pok\u00e9mon's true level\n|\n|t:|1783572017\n|teamsize|p1|6\n|teamsize|p2|6\n|start\n|switch|p1a: Brute Bonnet|Brute Bonnet, L80|100/100\n|switch|p2a: Scrafty|Scrafty, L83, M|244/244\n|turn|1\n|inactive|Battle timer is ON: inactive players will automatically lose when time's up. (requested by p0x277838d8)\n|inactive|Time left: 300 sec this turn | 300 sec total | 60 sec grace\n|inactive|p0y277856eb also wants the timer to be on.\n|\n|t:|1783572018\n|-end|p1a: Brute Bonnet|Protosynthesis|[silent]\n|switch|p1a: Qwilfish|Qwilfish-Hisui, L83, F|100/100\n|-ability|p1a: Qwilfish|Intimidate|boost\n|-unboost|p2a: Scrafty|atk|1\n|move|p2a: Scrafty|Bulk Up|p2a: Scrafty\n|-boost|p2a: Scrafty|atk|1\n|-boost|p2a: Scrafty|def|1\n|\n|upkeep\n|turn|2\n|inactive|Time left: 300 sec this turn | 300 sec total\n|\n|t:|1783572019\n|move|p1a: Qwilfish|Toxic Spikes|p2a: Scrafty\n|-sidestart|p2: p0y277856eb|move: Toxic Spikes\n|move|p2a: Scrafty|Knock Off|p1a: Qwilfish\n|-resisted|p1a: Qwilfish\n|-damage|p1a: Qwilfish|86/100\n|-enditem|p1a: Qwilfish|Eviolite|[from] move: Knock Off|[of] p2a: Scrafty\n|\n|upkeep\n|turn|3\n|inactive|Time left: 300 sec this turn | 300 sec total\n|\n|t:|1783572019\n|move|p1a: Qwilfish|Spikes|p2a: Scrafty\n|-sidestart|p2: p0y277856eb|Spikes\n|move|p2a: Scrafty|Bulk Up|p2a: Scrafty\n|-boost|p2a: Scrafty|atk|1\n|-boost|p2a: Scrafty|def|1\n|\n|upkeep\n|turn|4\n|inactive|Time left: 300 sec this turn | 300 sec total\n|\n|t:|1783572020\n|move|p1a: Qwilfish|Spikes|p2a: Scrafty\n|-sidestart|p2: p0y277856eb|Spikes\n|move|p2a: Scrafty|Bulk Up|p2a: Scrafty\n|-boost|p2a: Scrafty|atk|1\n|-boost|p2a: Scrafty|def|1\n|\n|upkeep\n|turn|5\n|inactive|Time left: 300 sec this turn | 300 sec total\n|\n|t:|1783572021\n|move|p1a: Qwilfish|Toxic Spikes|p2a: Scrafty\n|-sidestart|p2: p0y277856eb|move: Toxic Spikes\n|move|p2a: Scrafty|Knock Off|p1a: Qwilfish\n|-resisted|p1a: Qwilfish\n|-crit|p1a: Qwilfish\n|-damage|p1a: Qwilfish|48/100\n|\n|upkeep\n|turn|6\n|inactive|Time left: 300 sec this turn | 300 sec total\n|\n|t:|1783572021\n|move|p1a: Qwilfish|Spikes|p2a: Scrafty\n|-sidestart|p2: p0y277856eb|Spikes\n|move|p2a: Scrafty|Drain Punch|p1a: Qwilfish\n|-damage|p1a: Qwilfish|0 fnt\n|faint|p1a: Qwilfish\n|\n|upkeep\n|\n|t:|1783572022\n|switch|p1a: Zapdos|Zapdos, L78|100/100\n|turn|7\n|inactive|Time left: 300 sec this turn | 300 sec total\n|\n|t:|1783572023\n|move|p1a: Zapdos|Hurricane|p2a: Scrafty\n|-supereffective|p2a: Scrafty\n|-damage|p2a: Scrafty|56/244\n|move|p2a: Scrafty|Knock Off|p1a: Zapdos\n|-crit|p1a: Zapdos\n|-damage|p1a: Zapdos|0 fnt\n|-enditem|p1a: Zapdos|Heavy-Duty Boots|[from] move: Knock Off|[of] p2a: Scrafty\n|faint|p1a: Zapdos\n|\n|-heal|p2a: Scrafty|71/244|[from] item: Leftovers\n|upkeep\n|\n|t:|1783572024\n|switch|p1a: Kyogre|Kyogre, L71|100/100\n|-weather|RainDance|[from] ability: Drizzle|[of] p1a: Kyogre\n|turn|8\n|inactive|Time left: 300 sec this turn | 300 sec total\n|\n|t:|1783572025\n|move|p1a: Kyogre|Origin Pulse|p2a: Scrafty\n|-damage|p2a: Scrafty|0 fnt\n|faint|p2a: Scrafty\n|\n|-weather|RainDance|[upkeep]\n|upkeep\n|inactive|Time left: 300 sec this turn | 300 sec total | 5 sec grace\n|\n|t:|1783572026\n|switch|p2a: Brambleghast|Brambleghast, L88, M|240/240\n|turn|9\n|inactive|Time left: 300 sec this turn | 300 sec total\n|\n|t:|1783572027\n|move|p2a: Brambleghast|Rapid Spin|p1a: Kyogre\n|-damage|p1a: Kyogre|81/100\n|-boost|p2a: Brambleghast|spe|1\n|-sideend|p2: p0y277856eb|Spikes|[from] move: Rapid Spin|[of] p2a: Brambleghast\n|-sideend|p2: p0y277856eb|Toxic Spikes|[from] move: Rapid Spin|[of] p2a: Brambleghast\n|move|p1a: Kyogre|Calm Mind|p1a: Kyogre\n|-boost|p1a: Kyogre|spa|1\n|-boost|p1a: Kyogre|spd|1\n|\n|-weather|RainDance|[upkeep]\n|-heal|p1a: Kyogre|87/100|[from] item: Leftovers\n|upkeep\n|turn|10\n|inactive|Time left: 300 sec this turn | 300 sec total\n|\n|t:|1783572028\n|-terastallize|p1a: Kyogre|Steel\n|move|p2a: Brambleghast|Power Whip|p1a: Kyogre\n|-resisted|p1a: Kyogre\n|-damage|p1a: Kyogre|53/100\n|move|p1a: Kyogre|Ice Beam|p2a: Brambleghast\n|-supereffective|p2a: Brambleghast\n|-damage|p2a: Brambleghast|20/240\n|\n|-weather|RainDance|[upkeep]\n|-heal|p1a: Kyogre|59/100|[from] item: Leftovers\n|upkeep\n|turn|11\n|inactive|Time left: 300 sec this turn | 300 sec total\n|\n|t:|1783572029\n|switch|p1a: Brute Bonnet|Brute Bonnet, L80|100/100\n|move|p2a: Brambleghast|Poltergeist|p1a: Brute Bonnet\n|-activate|p1a: Brute Bonnet|move: Poltergeist|Leftovers\n|-resisted|p1a: Brute Bonnet\n|-damage|p1a: Brute Bonnet|79/100\n|\n|-weather|RainDance|[upkeep]\n|-heal|p1a: Brute Bonnet|85/100|[from] item: Leftovers\n|upkeep\n|turn|12\n|inactive|Time left: 300 sec this turn | 300 sec total\n|\n|t:|1783572030\n|switch|p2a: Blaziken|Blaziken, L76, M|247/247\n|move|p1a: Brute Bonnet|Crunch|p2a: Blaziken\n|-resisted|p2a: Blaziken\n|-damage|p2a: Blaziken|189/247\n|\n|-weather|none\n|-heal|p1a: Brute Bonnet|91/100|[from] item: Leftovers\n|upkeep\n|turn|13\n|inactive|Time left: 300 sec this turn | 300 sec total\n|\n|t:|1783572031\n|-end|p1a: Brute Bonnet|Protosynthesis|[silent]\n|switch|p1a: Deoxys|Deoxys-Defense, L84|100/100\n|-ability|p1a: Deoxys|Pressure\n|move|p2a: Blaziken|Flare Blitz|p1a: Deoxys\n|-damage|p1a: Deoxys|53/100\n|-damage|p2a: Blaziken|148/247|[from] item: Rocky Helmet|[of] p1a: Deoxys\n|-damage|p2a: Blaziken|113/247|[from] Recoil\n|-damage|p2a: Blaziken|89/247|[from] item: Life Orb\n|\n|-ability|p2a: Blaziken|Speed Boost|boost\n|-boost|p2a: Blaziken|spe|1\n|upkeep\n|turn|14\n|inactive|Time left: 300 sec this turn | 300 sec total\n|\n|t:|1783572032\n|move|p2a: Blaziken|Flare Blitz|p1a: Deoxys\n|-damage|p1a: Deoxys|10/100\n|-damage|p2a: Blaziken|48/247|[from] item: Rocky Helmet|[of] p1a: Deoxys\n|-damage|p2a: Blaziken|17/247|[from] Recoil\n|-damage|p2a: Blaziken|0 fnt|[from] item: Life Orb\n|faint|p2a: Blaziken\n|move|p1a: Deoxys|Recover|p1a: Deoxys\n|-heal|p1a: Deoxys|60/100\n|\n|upkeep\n|inactive|Time left: 300 sec this turn | 300 sec total | 5 sec grace\n|\n|t:|1783572033\n|switch|p2a: Brambleghast|Brambleghast, L88, M|20/240\n|turn|15\n|inactive|Time left: 300 sec this turn | 300 sec total\n|\n|t:|1783572034\n|switch|p1a: Brute Bonnet|Brute Bonnet, L80|91/100\n|move|p2a: Brambleghast|Poltergeist|p1a: Brute Bonnet\n|-activate|p1a: Brute Bonnet|move: Poltergeist|Leftovers\n|-resisted|p1a: Brute Bonnet\n|-damage|p1a: Brute Bonnet|69/100\n|\n|-heal|p1a: Brute Bonnet|75/100|[from] item: Leftovers\n|upkeep\n|turn|16\n|inactive|Time left: 300 sec this turn | 300 sec total\n|\n|t:|1783572036\n|move|p2a: Brambleghast|Spikes|p1a: Brute Bonnet\n|-sidestart|p1: p0x277838d8|Spikes\n|move|p1a: Brute Bonnet|Crunch|p2a: Brambleghast\n|-supereffective|p2a: Brambleghast\n|-damage|p2a: Brambleghast|0 fnt\n|faint|p2a: Brambleghast\n|\n|-heal|p1a: Brute Bonnet|81/100|[from] item: Leftovers\n|upkeep\n|inactive|Time left: 300 sec this turn | 300 sec total | 5 sec grace\n|\n|t:|1783572037\n|switch|p2a: Enamorus|Enamorus, L79, F|247/247\n|turn|17\n|inactive|Time left: 300 sec this turn | 300 sec total\n|\n|t:|1783572038\n|move|p2a: Enamorus|Superpower|p1a: Brute Bonnet\n|-supereffective|p1a: Brute Bonnet\n|-damage|p1a: Brute Bonnet|25/100\n|-boost|p2a: Enamorus|atk|1\n|-boost|p2a: Enamorus|def|1\n|move|p1a: Brute Bonnet|Spore|p2a: Enamorus\n|-status|p2a: Enamorus|slp|[from] move: Spore\n|\n|-heal|p1a: Brute Bonnet|32/100|[from] item: Leftovers\n|upkeep\n|turn|18\n|inactive|Time left: 300 sec this turn | 300 sec total\n|\n|t:|1783572039\n|-end|p1a: Brute Bonnet|Protosynthesis|[silent]\n|switch|p1a: Kyogre|Kyogre, L71, tera:Steel|59/100\n|-damage|p1a: Kyogre|47/100|[from] Spikes\n|-weather|RainDance|[from] ability: Drizzle|[of] p1a: Kyogre\n|cant|p2a: Enamorus|slp\n|\n|-weather|RainDance|[upkeep]\n|-heal|p1a: Kyogre|53/100|[from] item: Leftovers\n|upkeep\n|turn|19\n|inactive|Time left: 300 sec this turn | 300 sec total\n|\n|t:|1783572040\n|-curestatus|p2a: Enamorus|slp|[msg]\n|move|p2a: Enamorus|Superpower|p1a: Kyogre\n|-supereffective|p1a: Kyogre\n|-damage|p1a: Kyogre|0 fnt\n|-boost|p2a: Enamorus|atk|1\n|-boost|p2a: Enamorus|def|1\n|faint|p1a: Kyogre\n|\n|-weather|RainDance|[upkeep]\n|upkeep\n|\n|t:|1783572040\n|switch|p1a: Sneasler|Sneasler, L74, F|100/100\n|-damage|p1a: Sneasler|88/100|[from] Spikes\n|turn|20\n|inactive|Time left: 300 sec this turn | 300 sec total\n|\n|t:|1783572041\n|move|p1a: Sneasler|Dire Claw|p2a: Enamorus\n|-supereffective|p2a: Enamorus\n|-damage|p2a: Enamorus|101/247\n|move|p2a: Enamorus|Play Rough|p1a: Sneasler\n|-damage|p1a: Sneasler|0 fnt\n|faint|p1a: Sneasler\n|\n|-weather|RainDance|[upkeep]\n|upkeep\n|\n|t:|1783572042\n|switch|p1a: Brute Bonnet|Brute Bonnet, L80|32/100\n|-damage|p1a: Brute Bonnet|19/100|[from] Spikes\n|turn|21\n|inactive|Time left: 300 sec this turn | 300 sec total\n|\n|t:|1783572043\n|move|p2a: Enamorus|Play Rough|p1a: Brute Bonnet\n|-supereffective|p1a: Brute Bonnet\n|-damage|p1a: Brute Bonnet|0 fnt\n|faint|p1a: Brute Bonnet\n|-end|p1a: Brute Bonnet|Protosynthesis|[silent]\n|\n|-weather|RainDance|[upkeep]\n|upkeep\n|\n|t:|1783572044\n|switch|p1a: Deoxys|Deoxys-Defense, L84|60/100\n|-damage|p1a: Deoxys|48/100|[from] Spikes\n|-ability|p1a: Deoxys|Pressure\n|turn|22\n|inactive|Time left: 300 sec this turn | 300 sec total\n|\n|t:|1783572045\n|-terastallize|p2a: Enamorus|Fighting\n|move|p2a: Enamorus|Play Rough|p1a: Deoxys\n|-damage|p1a: Deoxys|0 fnt\n|-damage|p2a: Enamorus|60/247|[from] item: Rocky Helmet|[of] p1a: Deoxys\n|faint|p1a: Deoxys\n|\n|win|p0y277856eb", "uploadtime": 1783572045, "views": 0, "rating": 0, "private": 0, "password": null, "_winner": "p0y277856eb", "_our_name": "p0y277856eb"}