{"id": "battle-gen9randombattle-1299", "formatid": "gen9randombattle", "format": "[Gen 9] Random Battle", "players": ["p0x129921ba", "p0y129910eb"], "log": "|init|battle\n|title|p0x129921ba vs. p0y129910eb\n|j|\u2606p0x129921ba\n|j|\u2606p0y129910eb\n|t:|1783554207\n|gametype|singles\n|player|p1|p0x129921ba|265|\n|player|p2|p0y129910eb|170|\n|gen|9\n|tier|[Gen 9] Random Battle\n|rule|Species Clause: Limit one of each Pok\u00e9mon\n|rule|HP Percentage Mod: HP is shown in percentages\n|rule|Sleep Clause Mod: Limit one foe put to sleep\n|rule|Illusion Level Mod: Illusion disguises the Pok\u00e9mon's true level\n|\n|t:|1783554207\n|teamsize|p1|6\n|teamsize|p2|6\n|start\n|switch|p1a: Hitmonlee|Hitmonlee, L85, M|100/100\n|switch|p2a: Kleavor|Kleavor, L78, F|237/237\n|turn|1\n|inactive|Battle timer is ON: inactive players will automatically lose when time's up. (requested by p0x129921ba)\n|inactive|Time left: 300 sec this turn | 300 sec total | 60 sec grace\n|inactive|p0y129910eb also wants the timer to be on.\n|\n|t:|1783554209\n|move|p1a: Hitmonlee|Stone Edge|p2a: Kleavor\n|-supereffective|p2a: Kleavor\n|-damage|p2a: Kleavor|67/237\n|move|p2a: Kleavor|Stone Axe|p1a: Hitmonlee\n|-resisted|p1a: Hitmonlee\n|-damage|p1a: Hitmonlee|66/100\n|-sidestart|p1: p0x129921ba|move: Stealth Rock\n|\n|upkeep\n|turn|2\n|inactive|Time left: 300 sec this turn | 300 sec total\n|\n|t:|1783554210\n|switch|p2a: Copperajah|Copperajah, L86, M|349/349\n|move|p1a: Hitmonlee|Knock Off|p2a: Copperajah\n|-damage|p2a: Copperajah|248/349\n|-enditem|p2a: Copperajah|Choice Band|[from] move: Knock Off|[of] p1a: Hitmonlee\n|\n|upkeep\n|turn|3\n|inactive|Time left: 300 sec this turn | 300 sec total\n|\n|t:|1783554212\n|-terastallize|p2a: Copperajah|Flying\n|move|p1a: Hitmonlee|Close Combat|p2a: Copperajah\n|-resisted|p2a: Copperajah\n|-damage|p2a: Copperajah|158/349\n|-unboost|p1a: Hitmonlee|def|1\n|-unboost|p1a: Hitmonlee|spd|1\n|-enditem|p1a: Hitmonlee|White Herb\n|-clearnegativeboost|p1a: Hitmonlee|[silent]\n|move|p2a: Copperajah|Heavy Slam|p1a: Hitmonlee\n|-damage|p1a: Hitmonlee|0 fnt\n|faint|p1a: Hitmonlee\n|\n|upkeep\n|\n|t:|1783554213\n|switch|p1a: Lumineon|Lumineon, L93, M|100/100\n|-damage|p1a: Lumineon|88/100|[from] Stealth Rock\n|turn|4\n|inactive|Time left: 300 sec this turn | 300 sec total\n|\n|t:|1783554215\n|switch|p2a: Sunflora|Sunflora, M|312/312\n|move|p1a: Lumineon|Ice Beam|p2a: Sunflora\n|-supereffective|p2a: Sunflora\n|-damage|p2a: Sunflora|179/312\n|-damage|p1a: Lumineon|79/100|[from] item: Life Orb\n|\n|upkeep\n|turn|5\n|inactive|Time left: 300 sec this turn | 300 sec total\n|\n|t:|1783554216\n|move|p1a: Lumineon|Ice Beam|p2a: Sunflora\n|-supereffective|p2a: Sunflora\n|-damage|p2a: Sunflora|36/312\n|-damage|p1a: Lumineon|69/100|[from] item: Life Orb\n|move|p2a: Sunflora|Leaf Storm|p1a: Lumineon\n|-supereffective|p1a: Lumineon\n|-damage|p1a: Lumineon|0 fnt\n|-unboost|p2a: Sunflora|spa|2\n|faint|p1a: Lumineon\n|\n|upkeep\n|\n|t:|1783554217\n|switch|p1a: Serperior|Serperior, L79, M|100/100\n|-damage|p1a: Serperior|88/100|[from] Stealth Rock\n|turn|6\n|inactive|Time left: 300 sec this turn | 300 sec total\n|\n|t:|1783554218\n|switch|p2a: Archaludon|Archaludon, L78, F|268/268\n|move|p1a: Serperior|Leaf Storm|p2a: Archaludon\n|-resisted|p2a: Archaludon\n|-damage|p2a: Archaludon|244/268\n|-boost|p1a: Serperior|spa|2\n|-ability|p2a: Archaludon|Stamina|boost\n|-boost|p2a: Archaludon|def|1\n|\n|-heal|p1a: Serperior|94/100|[from] item: Leftovers\n|upkeep\n|turn|7\n|inactive|Time left: 300 sec this turn | 300 sec total\n|\n|t:|1783554219\n|move|p1a: Serperior|Leaf Storm|p2a: Archaludon\n|-resisted|p2a: Archaludon\n|-damage|p2a: Archaludon|196/268\n|-boost|p1a: Serperior|spa|2\n|-ability|p2a: Archaludon|Stamina|boost\n|-boost|p2a: Archaludon|def|1\n|move|p2a: Archaludon|Body Press|p1a: Serperior\n|-damage|p1a: Serperior|47/100\n|\n|-heal|p1a: Serperior|53/100|[from] item: Leftovers\n|upkeep\n|turn|8\n|inactive|Time left: 300 sec this turn | 300 sec total\n|\n|t:|1783554220\n|move|p1a: Serperior|Substitute|p1a: Serperior\n|-start|p1a: Serperior|Substitute\n|-damage|p1a: Serperior|28/100\n|move|p2a: Archaludon|Body Press|p1a: Serperior\n|-end|p1a: Serperior|Substitute\n|\n|-heal|p1a: Serperior|34/100|[from] item: Leftovers\n|upkeep\n|turn|9\n|inactive|Time left: 300 sec this turn | 300 sec total\n|\n|t:|1783554221\n|move|p1a: Serperior|Substitute|p1a: Serperior\n|-start|p1a: Serperior|Substitute\n|-damage|p1a: Serperior|9/100\n|move|p2a: Archaludon|Body Press|p1a: Serperior\n|-end|p1a: Serperior|Substitute\n|\n|-heal|p1a: Serperior|15/100|[from] item: Leftovers\n|upkeep\n|turn|10\n|inactive|Time left: 300 sec this turn | 300 sec total\n|\n|t:|1783554222\n|-terastallize|p1a: Serperior|Fire\n|move|p1a: Serperior|Tera Blast|p2a: Archaludon|[anim] Tera Blast Fire\n|-damage|p2a: Archaludon|25/268\n|-ability|p2a: Archaludon|Stamina|boost\n|-boost|p2a: Archaludon|def|1\n|move|p2a: Archaludon|Body Press|p1a: Serperior\n|-damage|p1a: Serperior|0 fnt\n|faint|p1a: Serperior\n|\n|upkeep\n|\n|t:|1783554223\n|switch|p1a: Gardevoir|Gardevoir, L83, F|100/100\n|-damage|p1a: Gardevoir|88/100|[from] Stealth Rock\n|-ability|p1a: Gardevoir|Stamina|Trace|[from] ability: Trace|[of] p2a: Archaludon\n|turn|11\n|inactive|Time left: 300 sec this turn | 300 sec total\n|\n|t:|1783554224\n|move|p1a: Gardevoir|Moonblast|p2a: Archaludon\n|-damage|p2a: Archaludon|0 fnt\n|faint|p2a: Archaludon\n|\n|upkeep\n|inactive|Time left: 300 sec this turn | 300 sec total | 5 sec grace\n|\n|t:|1783554225\n|switch|p2a: Pyroar|Pyroar, L88, F|295/295\n|-ability|p2a: Pyroar|Unnerve\n|turn|12\n|inactive|Time left: 300 sec this turn | 300 sec total\n|\n|t:|1783554226\n|move|p1a: Gardevoir|Moonblast|p2a: Pyroar\n|-resisted|p2a: Pyroar\n|-damage|p2a: Pyroar|223/295\n|move|p2a: Pyroar|Fire Blast|p1a: Gardevoir\n|-crit|p1a: Gardevoir\n|-damage|p1a: Gardevoir|17/100\n|-ability|p1a: Gardevoir|Stamina|boost\n|-boost|p1a: Gardevoir|def|1\n|\n|upkeep\n|turn|13\n|inactive|Time left: 300 sec this turn | 300 sec total\n|\n|t:|1783554227\n|move|p1a: Gardevoir|Moonblast|p2a: Pyroar\n|-resisted|p2a: Pyroar\n|-damage|p2a: Pyroar|145/295\n|move|p2a: Pyroar|Fire Blast|p1a: Gardevoir\n|-damage|p1a: Gardevoir|0 fnt\n|faint|p1a: Gardevoir\n|\n|upkeep\n|\n|t:|1783554228\n|switch|p1a: Torkoal|Torkoal, L88, F|100/100\n|-weather|SunnyDay|[from] ability: Drought|[of] p1a: Torkoal\n|turn|14\n|inactive|Time left: 300 sec this turn | 300 sec total\n|\n|t:|1783554229\n|move|p2a: Pyroar|Hyper Voice|p1a: Torkoal\n|-damage|p1a: Torkoal|48/100\n|move|p1a: Torkoal|Fire Blast|p2a: Pyroar\n|-resisted|p2a: Pyroar\n|-damage|p2a: Pyroar|33/295\n|\n|-weather|SunnyDay|[upkeep]\n|upkeep\n|turn|15\n|inactive|Time left: 300 sec this turn | 300 sec total\n|\n|t:|1783554230\n|switch|p1a: Corviknight|Corviknight, L80, M|100/100\n|-damage|p1a: Corviknight|88/100|[from] Stealth Rock\n|-ability|p1a: Corviknight|Pressure\n|move|p2a: Pyroar|Hyper Voice|p1a: Corviknight\n|-resisted|p1a: Corviknight\n|-damage|p1a: Corviknight|65/100\n|\n|-weather|SunnyDay|[upkeep]\n|-heal|p1a: Corviknight|72/100|[from] item: Leftovers\n|upkeep\n|turn|16\n|inactive|Time left: 300 sec this turn | 300 sec total\n|\n|t:|1783554230\n|switch|p1a: Torkoal|Torkoal, L88, F|48/100\n|move|p2a: Pyroar|Fire Blast|p1a: Torkoal\n|-resisted|p1a: Torkoal\n|-damage|p1a: Torkoal|5/100\n|\n|-weather|SunnyDay|[upkeep]\n|upkeep\n|turn|17\n|inactive|Time left: 300 sec this turn | 300 sec total\n|\n|t:|1783554231\n|move|p2a: Pyroar|Fire Blast|p1a: Torkoal\n|-resisted|p1a: Torkoal\n|-damage|p1a: Torkoal|0 fnt\n|faint|p1a: Torkoal\n|\n|-weather|SunnyDay|[upkeep]\n|upkeep\n|\n|t:|1783554232\n|switch|p1a: Corviknight|Corviknight, L80, M|72/100\n|-damage|p1a: Corviknight|59/100|[from] Stealth Rock\n|-ability|p1a: Corviknight|Pressure\n|turn|18\n|inactive|Time left: 300 sec this turn | 300 sec total\n|\n|t:|1783554233\n|move|p2a: Pyroar|Fire Blast|p1a: Corviknight\n|-supereffective|p1a: Corviknight\n|-damage|p1a: Corviknight|0 fnt\n|faint|p1a: Corviknight\n|\n|win|p0y129910eb", "uploadtime": 1783554233, "views": 0, "rating": 0, "private": 0, "password": null, "_winner": "p0y129910eb", "_our_name": "p0y129910eb"}