{"id": "battle-gen9randombattle-501", "formatid": "gen9randombattle", "format": "[Gen 9] Random Battle", "players": ["p0x5012754", "p0y501db11"], "log": "|init|battle\n|title|p0x5012754 vs. p0y501db11\n|j|\u2606p0x5012754\n|j|\u2606p0y501db11\n|t:|1783544849\n|gametype|singles\n|player|p1|p0x5012754|102|\n|player|p2|p0y501db11|169|\n|gen|9\n|tier|[Gen 9] Random Battle\n|rule|Species Clause: Limit one of each Pok\u00e9mon\n|rule|HP Percentage Mod: HP is shown in percentages\n|rule|Sleep Clause Mod: Limit one foe put to sleep\n|rule|Illusion Level Mod: Illusion disguises the Pok\u00e9mon's true level\n|\n|t:|1783544849\n|teamsize|p1|6\n|teamsize|p2|6\n|start\n|switch|p1a: Lycanroc|Lycanroc-Midnight, L89, F|296/296\n|switch|p2a: Mandibuzz|Mandibuzz, L85, F|100/100\n|turn|1\n|inactive|Battle timer is ON: inactive players will automatically lose when time's up. (requested by p0y501db11)\n|inactive|Time left: 300 sec this turn | 300 sec total | 60 sec grace\n|inactive|p0x5012754 also wants the timer to be on.\n|\n|t:|1783544850\n|switch|p2a: Okidogi|Okidogi, L77, M|100/100\n|move|p1a: Lycanroc|Stone Edge|p2a: Okidogi\n|-resisted|p2a: Okidogi\n|-damage|p2a: Okidogi|68/100\n|\n|-heal|p2a: Okidogi|75/100|[from] item: Leftovers\n|upkeep\n|turn|2\n|inactive|Time left: 300 sec this turn | 300 sec total\n|\n|t:|1783544852\n|move|p1a: Lycanroc|Stone Edge|p2a: Okidogi\n|-resisted|p2a: Okidogi\n|-damage|p2a: Okidogi|39/100\n|move|p2a: Okidogi|Drain Punch|p1a: Lycanroc\n|-supereffective|p1a: Lycanroc\n|-damage|p1a: Lycanroc|122/296\n|-heal|p2a: Okidogi|72/100|[from] drain|[of] p1a: Lycanroc\n|\n|-heal|p2a: Okidogi|78/100|[from] item: Leftovers\n|upkeep\n|turn|3\n|inactive|Time left: 300 sec this turn | 300 sec total\n|\n|t:|1783544853\n|move|p1a: Lycanroc|Stone Edge|p2a: Okidogi\n|-resisted|p2a: Okidogi\n|-damage|p2a: Okidogi|45/100\n|move|p2a: Okidogi|Drain Punch|p1a: Lycanroc\n|-supereffective|p1a: Lycanroc\n|-damage|p1a: Lycanroc|0 fnt\n|-heal|p2a: Okidogi|68/100|[from] drain|[of] p1a: Lycanroc\n|faint|p1a: Lycanroc\n|\n|-heal|p2a: Okidogi|75/100|[from] item: Leftovers\n|upkeep\n|inactive|Time left: 300 sec this turn | 300 sec total | 5 sec grace\n|\n|t:|1783544854\n|switch|p1a: Volcanion|Volcanion, L79|255/255\n|turn|4\n|inactive|Time left: 300 sec this turn | 300 sec total\n|\n|t:|1783544855\n|move|p2a: Okidogi|Drain Punch|p1a: Volcanion\n|-damage|p1a: Volcanion|185/255\n|-heal|p2a: Okidogi|88/100|[from] drain|[of] p1a: Volcanion\n|move|p1a: Volcanion|Steam Eruption|p2a: Okidogi\n|-damage|p2a: Okidogi|8/100\n|\n|-heal|p2a: Okidogi|14/100|[from] item: Leftovers\n|upkeep\n|turn|5\n|inactive|Time left: 300 sec this turn | 300 sec total\n|\n|t:|1783544856\n|move|p2a: Okidogi|Gunk Shot|p1a: Volcanion\n|-damage|p1a: Volcanion|65/255\n|-status|p1a: Volcanion|psn\n|move|p1a: Volcanion|Steam Eruption|p2a: Okidogi\n|-damage|p2a: Okidogi|0 fnt\n|faint|p2a: Okidogi\n|\n|-damage|p1a: Volcanion|34/255 psn|[from] psn\n|upkeep\n|\n|t:|1783544857\n|switch|p2a: Flutter Mane|Flutter Mane, L74|100/100\n|turn|6\n|inactive|Time left: 300 sec this turn | 300 sec total\n|\n|t:|1783544859\n|move|p2a: Flutter Mane|Moonblast|p1a: Volcanion\n|-resisted|p1a: Volcanion\n|-damage|p1a: Volcanion|0 fnt\n|faint|p1a: Volcanion\n|\n|upkeep\n|inactive|Time left: 300 sec this turn | 300 sec total | 5 sec grace\n|\n|t:|1783544860\n|switch|p1a: Sinistcha|Sinistcha-Masterpiece, L83|254/254\n|turn|7\n|inactive|Time left: 300 sec this turn | 300 sec total\n|\n|t:|1783544861\n|move|p2a: Flutter Mane|Moonblast|p1a: Sinistcha\n|-damage|p1a: Sinistcha|86/254\n|move|p1a: Sinistcha|Strength Sap|p2a: Flutter Mane\n|-unboost|p2a: Flutter Mane|atk|1\n|-heal|p1a: Sinistcha|172/254\n|\n|-heal|p1a: Sinistcha|187/254|[from] item: Leftovers\n|upkeep\n|turn|8\n|inactive|Time left: 300 sec this turn | 300 sec total\n|\n|t:|1783544862\n|move|p2a: Flutter Mane|Moonblast|p1a: Sinistcha\n|-damage|p1a: Sinistcha|10/254\n|-unboost|p1a: Sinistcha|spa|1\n|move|p1a: Sinistcha|Shadow Ball|p2a: Flutter Mane\n|-supereffective|p2a: Flutter Mane\n|-damage|p2a: Flutter Mane|49/100\n|\n|-heal|p1a: Sinistcha|25/254|[from] item: Leftovers\n|upkeep\n|turn|9\n|inactive|Time left: 300 sec this turn | 300 sec total\n|\n|t:|1783544863\n|switch|p1a: Torkoal|Torkoal, L88, M|266/266\n|-weather|SunnyDay|[from] ability: Drought|[of] p1a: Torkoal\n|-activate|p2a: Flutter Mane|ability: Protosynthesis\n|-start|p2a: Flutter Mane|protosynthesisspa\n|move|p2a: Flutter Mane|Moonblast|p1a: Torkoal\n|-resisted|p1a: Torkoal\n|-damage|p1a: Torkoal|161/266\n|\n|-weather|SunnyDay|[upkeep]\n|upkeep\n|turn|10\n|inactive|Time left: 300 sec this turn | 300 sec total\n|\n|t:|1783544864\n|move|p2a: Flutter Mane|Moonblast|p1a: Torkoal\n|-resisted|p1a: Torkoal\n|-damage|p1a: Torkoal|39/266\n|move|p1a: Torkoal|Lava Plume|p2a: Flutter Mane\n|-damage|p2a: Flutter Mane|0 fnt\n|faint|p2a: Flutter Mane\n|-end|p2a: Flutter Mane|Protosynthesis|[silent]\n|\n|-weather|SunnyDay|[upkeep]\n|upkeep\n|\n|t:|1783544865\n|switch|p2a: Chi-Yu|Chi-Yu, L77|100/100\n|-ability|p2a: Chi-Yu|Beads of Ruin\n|turn|11\n|inactive|Time left: 300 sec this turn | 300 sec total\n|\n|t:|1783544866\n|switch|p1a: Sinistcha|Sinistcha-Masterpiece, L83|25/254\n|move|p2a: Chi-Yu|Fire Blast|p1a: Sinistcha\n|-supereffective|p1a: Sinistcha\n|-damage|p1a: Sinistcha|0 fnt\n|faint|p1a: Sinistcha\n|\n|-weather|SunnyDay|[upkeep]\n|upkeep\n|inactive|Time left: 300 sec this turn | 300 sec total | 5 sec grace\n|\n|t:|1783544868\n|switch|p1a: Hitmonlee|Hitmonlee, L85, M|224/224\n|turn|12\n|inactive|Time left: 300 sec this turn | 300 sec total\n|\n|t:|1783544869\n|move|p2a: Chi-Yu|Fire Blast|p1a: Hitmonlee\n|-damage|p1a: Hitmonlee|5/224\n|move|p1a: Hitmonlee|Close Combat|p2a: Chi-Yu\n|-supereffective|p2a: Chi-Yu\n|-damage|p2a: Chi-Yu|0 fnt\n|-unboost|p1a: Hitmonlee|def|1\n|-unboost|p1a: Hitmonlee|spd|1\n|faint|p2a: Chi-Yu\n|-enditem|p1a: Hitmonlee|White Herb\n|-clearnegativeboost|p1a: Hitmonlee|[silent]\n|\n|-weather|SunnyDay|[upkeep]\n|upkeep\n|\n|t:|1783544870\n|switch|p2a: Forretress|Forretress, L84, M|100/100\n|turn|13\n|inactive|Time left: 300 sec this turn | 300 sec total\n|\n|t:|1783544871\n|move|p1a: Hitmonlee|Knock Off|p2a: Forretress\n|-damage|p2a: Forretress|80/100\n|-enditem|p2a: Forretress|Leftovers|[from] move: Knock Off|[of] p1a: Hitmonlee\n|move|p2a: Forretress|Iron Head|p1a: Hitmonlee\n|-damage|p1a: Hitmonlee|0 fnt\n|faint|p1a: Hitmonlee\n|\n|-weather|none\n|upkeep\n|inactive|Time left: 300 sec this turn | 300 sec total | 5 sec grace\n|\n|t:|1783544872\n|switch|p1a: Ludicolo|Ludicolo, L90, M|290/290\n|turn|14\n|inactive|Time left: 300 sec this turn | 300 sec total\n|\n|t:|1783544873\n|switch|p2a: Mandibuzz|Mandibuzz, L85, F|100/100\n|move|p1a: Ludicolo|Hydro Pump|p2a: Mandibuzz|[miss]\n|-miss|p1a: Ludicolo|p2a: Mandibuzz\n|\n|upkeep\n|turn|15\n|inactive|Time left: 300 sec this turn | 300 sec total\n|\n|t:|1783544874\n|move|p2a: Mandibuzz|Toxic|p1a: Ludicolo\n|-status|p1a: Ludicolo|tox\n|move|p1a: Ludicolo|Ice Beam|p2a: Mandibuzz\n|-supereffective|p2a: Mandibuzz\n|-damage|p2a: Mandibuzz|48/100\n|-damage|p1a: Ludicolo|261/290 tox|[from] item: Life Orb\n|\n|-damage|p1a: Ludicolo|243/290 tox|[from] psn\n|upkeep\n|turn|16\n|inactive|Time left: 300 sec this turn | 300 sec total\n|\n|t:|1783544875\n|move|p2a: Mandibuzz|Roost|p2a: Mandibuzz\n|-heal|p2a: Mandibuzz|98/100\n|-singleturn|p2a: Mandibuzz|move: Roost\n|move|p1a: Ludicolo|Ice Beam|p2a: Mandibuzz\n|-damage|p2a: Mandibuzz|70/100\n|-damage|p1a: Ludicolo|214/290 tox|[from] item: Life Orb\n|\n|-damage|p1a: Ludicolo|178/290 tox|[from] psn\n|upkeep\n|turn|17\n|inactive|Time left: 300 sec this turn | 300 sec total\n|\n|t:|1783544876\n|move|p2a: Mandibuzz|Foul Play|p1a: Ludicolo\n|-damage|p1a: Ludicolo|106/290 tox\n|move|p1a: Ludicolo|Hydro Pump|p2a: Mandibuzz\n|-crit|p2a: Mandibuzz\n|-damage|p2a: Mandibuzz|0 fnt\n|faint|p2a: Mandibuzz\n|-damage|p1a: Ludicolo|77/290 tox|[from] item: Life Orb\n|\n|-damage|p1a: Ludicolo|23/290 tox|[from] psn\n|upkeep\n|\n|t:|1783544877\n|switch|p2a: Walking Wake|Walking Wake, L79|100/100\n|turn|18\n|inactive|Time left: 300 sec this turn | 300 sec total\n|\n|t:|1783544878\n|-terastallize|p2a: Walking Wake|Fire\n|-terastallize|p1a: Ludicolo|Steel\n|move|p2a: Walking Wake|Flamethrower|p1a: Ludicolo\n|-supereffective|p1a: Ludicolo\n|-damage|p1a: Ludicolo|0 fnt\n|faint|p1a: Ludicolo\n|-damage|p2a: Walking Wake|91/100|[from] item: Life Orb\n|\n|upkeep\n|inactive|Time left: 300 sec this turn | 300 sec total | 5 sec grace\n|\n|t:|1783544878\n|switch|p1a: Torkoal|Torkoal, L88, M|39/266\n|-weather|SunnyDay|[from] ability: Drought|[of] p1a: Torkoal\n|-activate|p2a: Walking Wake|ability: Protosynthesis\n|-start|p2a: Walking Wake|protosynthesisspa\n|turn|19\n|inactive|Time left: 300 sec this turn | 300 sec total\n|\n|t:|1783544879\n|move|p2a: Walking Wake|Hydro Steam|p1a: Torkoal\n|-supereffective|p1a: Torkoal\n|-damage|p1a: Torkoal|0 fnt\n|faint|p1a: Torkoal\n|-damage|p2a: Walking Wake|81/100|[from] item: Life Orb\n|\n|win|p0y501db11", "uploadtime": 1783544879, "views": 0, "rating": 0, "private": 0, "password": null, "_winner": "p0y501db11", "_our_name": "p0x5012754"}