{"id": "battle-gen9randombattle-1552", "formatid": "gen9randombattle", "format": "[Gen 9] Random Battle", "players": ["p0x1552d35f", "p0y15525a5e"], "log": "|init|battle\n|title|p0x1552d35f vs. p0y15525a5e\n|j|\u2606p0x1552d35f\n|j|\u2606p0y15525a5e\n|t:|1783558029\n|gametype|singles\n|player|p1|p0x1552d35f|265|\n|player|p2|p0y15525a5e|1|\n|gen|9\n|tier|[Gen 9] Random Battle\n|rule|Species Clause: Limit one of each Pok\u00e9mon\n|rule|HP Percentage Mod: HP is shown in percentages\n|rule|Sleep Clause Mod: Limit one foe put to sleep\n|rule|Illusion Level Mod: Illusion disguises the Pok\u00e9mon's true level\n|\n|t:|1783558029\n|teamsize|p1|6\n|teamsize|p2|6\n|start\n|switch|p1a: Krookodile|Krookodile, L79, M|100/100\n|switch|p2a: Hawlucha|Hawlucha, L80, M|256/256\n|-ability|p1a: Krookodile|Intimidate|boost\n|-unboost|p2a: Hawlucha|atk|1\n|-enditem|p2a: Hawlucha|White Herb\n|-clearnegativeboost|p2a: Hawlucha|[silent]\n|turn|1\n|inactive|Battle timer is ON: inactive players will automatically lose when time's up. (requested by p0x1552d35f)\n|inactive|Time left: 300 sec this turn | 300 sec total | 60 sec grace\n|inactive|p0y15525a5e also wants the timer to be on.\n|\n|t:|1783558030\n|switch|p1a: Ampharos|Ampharos, L88, M|100/100\n|move|p2a: Hawlucha|Swords Dance|p2a: Hawlucha\n|-boost|p2a: Hawlucha|atk|2\n|\n|upkeep\n|turn|2\n|inactive|Time left: 300 sec this turn | 300 sec total\n|\n|t:|1783558032\n|move|p2a: Hawlucha|Close Combat|p1a: Ampharos\n|-damage|p1a: Ampharos|33/100\n|-unboost|p2a: Hawlucha|def|1\n|-unboost|p2a: Hawlucha|spd|1\n|move|p1a: Ampharos|Discharge|p2a: Hawlucha\n|-supereffective|p2a: Hawlucha\n|-damage|p2a: Hawlucha|0 fnt\n|faint|p2a: Hawlucha\n|\n|upkeep\n|inactive|Time left: 300 sec this turn | 300 sec total | 5 sec grace\n|\n|t:|1783558033\n|switch|p2a: Latios|Latios, L78, M|253/253\n|turn|3\n|inactive|Time left: 300 sec this turn | 300 sec total\n|\n|t:|1783558033\n|switch|p1a: Krookodile|Krookodile, L79, M|100/100\n|-ability|p1a: Krookodile|Intimidate|boost\n|-unboost|p2a: Latios|atk|1\n|move|p2a: Latios|Luster Purge|p1a: Krookodile\n|-immune|p1a: Krookodile\n|\n|upkeep\n|turn|4\n|inactive|Time left: 300 sec this turn | 300 sec total\n|\n|t:|1783558034\n|move|p2a: Latios|Luster Purge|p1a: Krookodile\n|-immune|p1a: Krookodile\n|move|p1a: Krookodile|Knock Off|p2a: Latios\n|-supereffective|p2a: Latios\n|-damage|p2a: Latios|0 fnt\n|-enditem|p2a: Latios|Choice Specs|[from] move: Knock Off|[of] p1a: Krookodile\n|faint|p2a: Latios\n|-damage|p1a: Krookodile|90/100|[from] item: Life Orb\n|\n|upkeep\n|inactive|Time left: 300 sec this turn | 300 sec total | 5 sec grace\n|\n|t:|1783558035\n|switch|p2a: Raikou|Raikou, L81|278/278\n|-ability|p2a: Raikou|Pressure\n|turn|5\n|inactive|Time left: 300 sec this turn | 300 sec total\n|\n|t:|1783558036\n|move|p2a: Raikou|Scald|p1a: Krookodile\n|-supereffective|p1a: Krookodile\n|-damage|p1a: Krookodile|8/100\n|move|p1a: Krookodile|Earthquake|p2a: Raikou\n|-supereffective|p2a: Raikou\n|-damage|p2a: Raikou|0 fnt\n|faint|p2a: Raikou\n|-damage|p1a: Krookodile|0 fnt|[from] item: Life Orb\n|faint|p1a: Krookodile\n|\n|upkeep\n|inactive|Time left: 300 sec this turn | 300 sec total | 5 sec grace\n|\n|t:|1783558037\n|switch|p2a: Lucario|Lucario, L84, M|255/255\n|switch|p1a: Medicham|Medicham, L86, F|100/100\n|turn|6\n|inactive|Time left: 300 sec this turn | 300 sec total\n|\n|t:|1783558038\n|switch|p2a: Sableye|Sableye, L88, F|231/231\n|move|p1a: Medicham|Close Combat|p2a: Sableye\n|-immune|p2a: Sableye\n|\n|upkeep\n|turn|7\n|inactive|Time left: 300 sec this turn | 300 sec total\n|\n|t:|1783558039\n|switch|p1a: Ampharos|Ampharos, L88, M|33/100\n|move|p2a: Sableye|Knock Off|p1a: Ampharos\n|-damage|p1a: Ampharos|3/100\n|-enditem|p1a: Ampharos|Assault Vest|[from] move: Knock Off|[of] p2a: Sableye\n|\n|upkeep\n|turn|8\n|inactive|Time left: 300 sec this turn | 300 sec total\n|\n|t:|1783558039\n|move|p1a: Ampharos|Discharge|p2a: Sableye\n|-damage|p2a: Sableye|111/231\n|-status|p2a: Sableye|par\n|move|p2a: Sableye|Knock Off|p1a: Ampharos\n|-damage|p1a: Ampharos|0 fnt\n|faint|p1a: Ampharos\n|\n|-heal|p2a: Sableye|125/231 par|[from] item: Leftovers\n|upkeep\n|\n|t:|1783558040\n|switch|p1a: Araquanid|Araquanid, L82, F|100/100\n|turn|9\n|inactive|Time left: 300 sec this turn | 300 sec total\n|\n|t:|1783558041\n|move|p2a: Sableye|Recover|p2a: Sableye\n|-heal|p2a: Sableye|231/231 par\n|move|p1a: Araquanid|Sticky Web|p2a: Sableye\n|-sidestart|p2: p0y15525a5e|move: Sticky Web\n|\n|upkeep\n|turn|10\n|inactive|Time left: 300 sec this turn | 300 sec total\n|\n|t:|1783558042\n|move|p1a: Araquanid|Liquidation|p2a: Sableye\n|-damage|p2a: Sableye|86/231 par\n|move|p2a: Sableye|Knock Off|p1a: Araquanid\n|-damage|p1a: Araquanid|64/100\n|-enditem|p1a: Araquanid|Heavy-Duty Boots|[from] move: Knock Off|[of] p2a: Sableye\n|\n|-heal|p2a: Sableye|100/231 par|[from] item: Leftovers\n|upkeep\n|turn|11\n|inactive|Time left: 300 sec this turn | 300 sec total\n|\n|t:|1783558043\n|move|p2a: Sableye|Recover|p2a: Sableye\n|-heal|p2a: Sableye|216/231 par\n|move|p1a: Araquanid|Liquidation|p2a: Sableye\n|-damage|p2a: Sableye|75/231 par\n|\n|-heal|p2a: Sableye|89/231 par|[from] item: Leftovers\n|upkeep\n|turn|12\n|inactive|Time left: 300 sec this turn | 300 sec total\n|\n|t:|1783558044\n|move|p2a: Sableye|Recover|p2a: Sableye\n|-heal|p2a: Sableye|205/231 par\n|move|p1a: Araquanid|Liquidation|p2a: Sableye\n|-damage|p2a: Sableye|66/231 par\n|\n|-heal|p2a: Sableye|80/231 par|[from] item: Leftovers\n|upkeep\n|turn|13\n|inactive|Time left: 300 sec this turn | 300 sec total\n|\n|t:|1783558045\n|move|p2a: Sableye|Thunder Wave|p1a: Araquanid\n|-status|p1a: Araquanid|par\n|cant|p1a: Araquanid|par\n|\n|-heal|p2a: Sableye|94/231 par|[from] item: Leftovers\n|upkeep\n|turn|14\n|inactive|Time left: 300 sec this turn | 300 sec total\n|\n|t:|1783558046\n|move|p2a: Sableye|Knock Off|p1a: Araquanid\n|-damage|p1a: Araquanid|40/100 par\n|cant|p1a: Araquanid|par\n|\n|-heal|p2a: Sableye|108/231 par|[from] item: Leftovers\n|upkeep\n|turn|15\n|inactive|Time left: 300 sec this turn | 300 sec total\n|\n|t:|1783558046\n|cant|p2a: Sableye|par\n|move|p1a: Araquanid|Liquidation|p2a: Sableye\n|-damage|p2a: Sableye|0 fnt\n|faint|p2a: Sableye\n|\n|upkeep\n|inactive|Time left: 300 sec this turn | 300 sec total | 5 sec grace\n|\n|t:|1783558047\n|switch|p2a: Lucario|Lucario, L84, M|255/255\n|-activate|p2a: Lucario|move: Sticky Web\n|-unboost|p2a: Lucario|spe|1\n|turn|16\n|inactive|Time left: 300 sec this turn | 300 sec total\n|\n|t:|1783558048\n|switch|p1a: Medicham|Medicham, L86, F|100/100\n|move|p2a: Lucario|Nasty Plot|p2a: Lucario\n|-boost|p2a: Lucario|spa|2\n|\n|upkeep\n|turn|17\n|inactive|Time left: 300 sec this turn | 300 sec total\n|\n|t:|1783558049\n|move|p2a: Lucario|Vacuum Wave|p1a: Medicham\n|-resisted|p1a: Medicham\n|-crit|p1a: Medicham\n|-damage|p1a: Medicham|54/100\n|-damage|p2a: Lucario|230/255|[from] item: Life Orb\n|move|p1a: Medicham|Close Combat|p2a: Lucario\n|-supereffective|p2a: Lucario\n|-damage|p2a: Lucario|0 fnt\n|-unboost|p1a: Medicham|def|1\n|-unboost|p1a: Medicham|spd|1\n|faint|p2a: Lucario\n|\n|upkeep\n|inactive|Time left: 300 sec this turn | 300 sec total | 5 sec grace\n|\n|t:|1783558051\n|switch|p2a: Bastiodon|Bastiodon, L89, M|252/252\n|-activate|p2a: Bastiodon|move: Sticky Web\n|-unboost|p2a: Bastiodon|spe|1\n|turn|18\n|inactive|Time left: 300 sec this turn | 300 sec total\n|\n|t:|1783558052\n|-terastallize|p1a: Medicham|Fighting\n|-terastallize|p2a: Bastiodon|Fighting\n|move|p1a: Medicham|Close Combat|p2a: Bastiodon\n|-damage|p2a: Bastiodon|52/252\n|-unboost|p1a: Medicham|def|1\n|-unboost|p1a: Medicham|spd|1\n|move|p2a: Bastiodon|Iron Defense|p2a: Bastiodon\n|-boost|p2a: Bastiodon|def|2\n|\n|upkeep\n|turn|19\n|inactive|Time left: 300 sec this turn | 300 sec total\n|\n|t:|1783558053\n|move|p1a: Medicham|Close Combat|p2a: Bastiodon\n|-damage|p2a: Bastiodon|0 fnt\n|-unboost|p1a: Medicham|def|1\n|-unboost|p1a: Medicham|spd|1\n|faint|p2a: Bastiodon\n|\n|win|p0x1552d35f", "uploadtime": 1783558053, "views": 0, "rating": 0, "private": 0, "password": null, "_winner": "p0x1552d35f", "_our_name": "p0y15525a5e"}