{"id": "battle-gen9randombattle-352", "formatid": "gen9randombattle", "format": "[Gen 9] Random Battle", "players": ["p0x35293b9", "p0y352c6d5"], "log": "|init|battle\n|title|p0x35293b9 vs. p0y352c6d5\n|j|\u2606p0x35293b9\n|j|\u2606p0y352c6d5\n|t:|1783543743\n|gametype|singles\n|player|p1|p0x35293b9|102|\n|player|p2|p0y352c6d5|265|\n|gen|9\n|tier|[Gen 9] Random Battle\n|rule|Species Clause: Limit one of each Pok\u00e9mon\n|rule|HP Percentage Mod: HP is shown in percentages\n|rule|Sleep Clause Mod: Limit one foe put to sleep\n|rule|Illusion Level Mod: Illusion disguises the Pok\u00e9mon's true level\n|\n|t:|1783543743\n|teamsize|p1|6\n|teamsize|p2|6\n|start\n|switch|p1a: Hitmontop|Hitmontop, L88, M|100/100\n|switch|p2a: Copperajah|Copperajah, L86, M|350/350\n|turn|1\n|inactive|Battle timer is ON: inactive players will automatically lose when time's up. (requested by p0x35293b9)\n|inactive|Time left: 300 sec this turn | 300 sec total | 60 sec grace\n|inactive|p0y352c6d5 also wants the timer to be on.\n|\n|t:|1783543744\n|move|p1a: Hitmontop|Bulk Up|p1a: Hitmontop\n|-boost|p1a: Hitmontop|atk|1\n|-boost|p1a: Hitmontop|def|1\n|move|p2a: Copperajah|Heavy Slam|p1a: Hitmontop\n|-crit|p1a: Hitmontop\n|-damage|p1a: Hitmontop|0 fnt\n|faint|p1a: Hitmontop\n|\n|upkeep\n|\n|t:|1783543745\n|switch|p1a: Torkoal|Torkoal, L88, F|100/100\n|-weather|SunnyDay|[from] ability: Drought|[of] p1a: Torkoal\n|turn|2\n|inactive|Time left: 300 sec this turn | 300 sec total\n|\n|t:|1783543746\n|switch|p2a: Hippowdon|Hippowdon, L82, M|311/311\n|-weather|Sandstorm|[from] ability: Sand Stream|[of] p2a: Hippowdon\n|move|p1a: Torkoal|Lava Plume|p2a: Hippowdon\n|-damage|p2a: Hippowdon|217/311\n|-status|p2a: Hippowdon|brn\n|\n|-weather|Sandstorm|[upkeep]\n|-damage|p1a: Torkoal|94/100|[from] Sandstorm\n|-heal|p2a: Hippowdon|236/311 brn|[from] item: Leftovers\n|-damage|p2a: Hippowdon|217/311 brn|[from] brn\n|upkeep\n|turn|3\n|inactive|Time left: 300 sec this turn | 300 sec total\n|\n|t:|1783543747\n|move|p2a: Hippowdon|Earthquake|p1a: Torkoal\n|-supereffective|p1a: Torkoal\n|-damage|p1a: Torkoal|66/100\n|move|p1a: Torkoal|Stealth Rock|p2a: Hippowdon\n|-sidestart|p2: p0y352c6d5|move: Stealth Rock\n|\n|-weather|Sandstorm|[upkeep]\n|-damage|p1a: Torkoal|60/100|[from] Sandstorm\n|-heal|p2a: Hippowdon|236/311 brn|[from] item: Leftovers\n|-damage|p2a: Hippowdon|217/311 brn|[from] brn\n|upkeep\n|turn|4\n|inactive|Time left: 300 sec this turn | 300 sec total\n|\n|t:|1783543748\n|switch|p1a: Drednaw|Drednaw, L81, M|100/100\n|move|p2a: Hippowdon|Earthquake|p1a: Drednaw\n|-supereffective|p1a: Drednaw\n|-damage|p1a: Drednaw|59/100\n|\n|-weather|Sandstorm|[upkeep]\n|-heal|p2a: Hippowdon|236/311 brn|[from] item: Leftovers\n|-damage|p2a: Hippowdon|217/311 brn|[from] brn\n|upkeep\n|turn|5\n|inactive|Time left: 300 sec this turn | 300 sec total\n|\n|t:|1783543750\n|move|p1a: Drednaw|Shell Smash|p1a: Drednaw\n|-unboost|p1a: Drednaw|def|1\n|-unboost|p1a: Drednaw|spd|1\n|-boost|p1a: Drednaw|atk|2\n|-boost|p1a: Drednaw|spa|2\n|-boost|p1a: Drednaw|spe|2\n|-enditem|p1a: Drednaw|White Herb\n|-clearnegativeboost|p1a: Drednaw|[silent]\n|move|p2a: Hippowdon|Whirlwind|p1a: Drednaw\n|drag|p1a: Meowscarada|Meowscarada, L78, M|100/100\n|\n|-weather|Sandstorm|[upkeep]\n|-damage|p1a: Meowscarada|94/100|[from] Sandstorm\n|-heal|p2a: Hippowdon|236/311 brn|[from] item: Leftovers\n|-damage|p2a: Hippowdon|217/311 brn|[from] brn\n|upkeep\n|turn|6\n|inactive|Time left: 300 sec this turn | 300 sec total\n|\n|t:|1783543751\n|move|p1a: Meowscarada|Knock Off|p2a: Hippowdon\n|-start|p1a: Meowscarada|typechange|Dark|[from] ability: Protean\n|-damage|p2a: Hippowdon|133/311 brn\n|-enditem|p2a: Hippowdon|Leftovers|[from] move: Knock Off|[of] p1a: Meowscarada\n|move|p2a: Hippowdon|Stealth Rock|p1a: Meowscarada\n|-sidestart|p1: p0x35293b9|move: Stealth Rock\n|\n|-weather|none\n|-damage|p2a: Hippowdon|114/311 brn|[from] brn\n|upkeep\n|turn|7\n|inactive|Time left: 300 sec this turn | 300 sec total\n|\n|t:|1783543752\n|move|p1a: Meowscarada|Toxic Spikes|p2a: Hippowdon\n|-sidestart|p2: p0y352c6d5|move: Toxic Spikes\n|move|p2a: Hippowdon|Slack Off|p2a: Hippowdon\n|-heal|p2a: Hippowdon|270/311 brn\n|\n|-damage|p2a: Hippowdon|251/311 brn|[from] brn\n|upkeep\n|turn|8\n|inactive|Time left: 300 sec this turn | 300 sec total\n|\n|t:|1783543753\n|move|p1a: Meowscarada|Toxic Spikes|p2a: Hippowdon\n|-sidestart|p2: p0y352c6d5|move: Toxic Spikes\n|move|p2a: Hippowdon|Slack Off|p2a: Hippowdon\n|-heal|p2a: Hippowdon|311/311 brn\n|\n|-damage|p2a: Hippowdon|292/311 brn|[from] brn\n|upkeep\n|turn|9\n|inactive|Time left: 300 sec this turn | 300 sec total\n|\n|t:|1783543754\n|move|p1a: Meowscarada|Knock Off|p2a: Hippowdon\n|-damage|p2a: Hippowdon|237/311 brn\n|move|p2a: Hippowdon|Earthquake|p1a: Meowscarada\n|-damage|p1a: Meowscarada|67/100\n|\n|-damage|p2a: Hippowdon|218/311 brn|[from] brn\n|upkeep\n|turn|10\n|inactive|Time left: 300 sec this turn | 300 sec total\n|\n|t:|1783543755\n|move|p1a: Meowscarada|Flower Trick|p2a: Hippowdon\n|-supereffective|p2a: Hippowdon\n|-crit|p2a: Hippowdon\n|-damage|p2a: Hippowdon|106/311 brn\n|move|p2a: Hippowdon|Earthquake|p1a: Meowscarada\n|-damage|p1a: Meowscarada|39/100\n|\n|-damage|p2a: Hippowdon|87/311 brn|[from] brn\n|upkeep\n|turn|11\n|inactive|Time left: 300 sec this turn | 300 sec total\n|\n|t:|1783543756\n|move|p1a: Meowscarada|Flower Trick|p2a: Hippowdon\n|-supereffective|p2a: Hippowdon\n|-crit|p2a: Hippowdon\n|-damage|p2a: Hippowdon|0 fnt\n|faint|p2a: Hippowdon\n|\n|upkeep\n|inactive|Time left: 300 sec this turn | 300 sec total | 5 sec grace\n|\n|t:|1783543758\n|switch|p2a: Rotom|Rotom-Fan, L86|226/226\n|turn|12\n|inactive|Time left: 300 sec this turn | 300 sec total\n|\n|t:|1783543759\n|move|p1a: Meowscarada|Knock Off|p2a: Rotom\n|-damage|p2a: Rotom|145/226\n|-enditem|p2a: Rotom|Heavy-Duty Boots|[from] move: Knock Off|[of] p1a: Meowscarada\n|move|p2a: Rotom|Thunderbolt|p1a: Meowscarada\n|-damage|p1a: Meowscarada|0 fnt\n|faint|p1a: Meowscarada\n|\n|upkeep\n|\n|t:|1783543760\n|switch|p1a: Primarina|Primarina, L83, M|100/100\n|-damage|p1a: Primarina|88/100|[from] Stealth Rock\n|turn|13\n|inactive|Time left: 300 sec this turn | 300 sec total\n|\n|t:|1783543761\n|move|p2a: Rotom|Thunderbolt|p1a: Primarina\n|-supereffective|p1a: Primarina\n|-damage|p1a: Primarina|25/100\n|move|p1a: Primarina|Moonblast|p2a: Rotom\n|-damage|p2a: Rotom|1/226\n|\n|upkeep\n|turn|14\n|inactive|Time left: 300 sec this turn | 300 sec total\n|\n|t:|1783543762\n|move|p2a: Rotom|Thunderbolt|p1a: Primarina\n|-supereffective|p1a: Primarina\n|-damage|p1a: Primarina|0 fnt\n|faint|p1a: Primarina\n|\n|upkeep\n|\n|t:|1783543763\n|switch|p1a: Drednaw|Drednaw, L81, M|59/100\n|-damage|p1a: Drednaw|47/100|[from] Stealth Rock\n|turn|15\n|inactive|Time left: 300 sec this turn | 300 sec total\n|\n|t:|1783543764\n|-terastallize|p1a: Drednaw|Ground\n|move|p2a: Rotom|Thunderbolt|p1a: Drednaw\n|-immune|p1a: Drednaw\n|move|p1a: Drednaw|Shell Smash|p1a: Drednaw\n|-unboost|p1a: Drednaw|def|1\n|-unboost|p1a: Drednaw|spd|1\n|-boost|p1a: Drednaw|atk|2\n|-boost|p1a: Drednaw|spa|2\n|-boost|p1a: Drednaw|spe|2\n|\n|upkeep\n|turn|16\n|inactive|Time left: 300 sec this turn | 300 sec total\n|\n|t:|1783543765\n|move|p1a: Drednaw|Liquidation|p2a: Rotom\n|-damage|p2a: Rotom|0 fnt\n|faint|p2a: Rotom\n|\n|upkeep\n|inactive|Time left: 300 sec this turn | 300 sec total | 5 sec grace\n|\n|t:|1783543766\n|switch|p2a: Copperajah|Copperajah, L86, M|350/350\n|-damage|p2a: Copperajah|329/350|[from] Stealth Rock\n|turn|17\n|inactive|Time left: 300 sec this turn | 300 sec total\n|\n|t:|1783543767\n|move|p1a: Drednaw|Earthquake|p2a: Copperajah\n|-supereffective|p2a: Copperajah\n|-damage|p2a: Copperajah|0 fnt\n|faint|p2a: Copperajah\n|\n|upkeep\n|inactive|Time left: 300 sec this turn | 300 sec total | 5 sec grace\n|\n|t:|1783543768\n|switch|p2a: Araquanid|Araquanid, L82, F|246/246\n|turn|18\n|inactive|Time left: 300 sec this turn | 300 sec total\n|\n|t:|1783543769\n|-terastallize|p2a: Araquanid|Ground\n|move|p1a: Drednaw|Stone Edge|p2a: Araquanid\n|-resisted|p2a: Araquanid\n|-damage|p2a: Araquanid|140/246\n|move|p2a: Araquanid|Liquidation|p1a: Drednaw\n|-supereffective|p1a: Drednaw\n|-damage|p1a: Drednaw|0 fnt\n|faint|p1a: Drednaw\n|\n|upkeep\n|\n|t:|1783543770\n|switch|p1a: Copperajah|Copperajah, L86, F|100/100\n|-damage|p1a: Copperajah|94/100|[from] Stealth Rock\n|turn|19\n|inactive|Time left: 300 sec this turn | 300 sec total\n|\n|t:|1783543771\n|move|p2a: Araquanid|Liquidation|p1a: Copperajah\n|-damage|p1a: Copperajah|46/100\n|-unboost|p1a: Copperajah|def|1\n|move|p1a: Copperajah|Iron Head|p2a: Araquanid\n|-damage|p2a: Araquanid|0 fnt\n|faint|p2a: Araquanid\n|\n|upkeep\n|inactive|Time left: 300 sec this turn | 300 sec total | 5 sec grace\n|\n|t:|1783543772\n|switch|p2a: Dugtrio|Dugtrio, L84, M|196/196\n|-damage|p2a: Dugtrio|184/196|[from] Stealth Rock\n|-status|p2a: Dugtrio|tox\n|turn|20\n|inactive|Time left: 300 sec this turn | 300 sec total\n|\n|t:|1783543773\n|move|p2a: Dugtrio|Earthquake|p1a: Copperajah\n|-supereffective|p1a: Copperajah\n|-damage|p1a: Copperajah|0 fnt\n|faint|p1a: Copperajah\n|\n|-damage|p2a: Dugtrio|172/196 tox|[from] psn\n|upkeep\n|\n|t:|1783543774\n|switch|p1a: Torkoal|Torkoal, L88, F|60/100\n|-weather|SunnyDay|[from] ability: Drought|[of] p1a: Torkoal\n|turn|21\n|inactive|Time left: 300 sec this turn | 300 sec total\n|\n|t:|1783543775\n|move|p2a: Dugtrio|Earthquake|p1a: Torkoal\n|-supereffective|p1a: Torkoal\n|-damage|p1a: Torkoal|0 fnt\n|faint|p1a: Torkoal\n|\n|win|p0y352c6d5", "uploadtime": 1783543775, "views": 0, "rating": 0, "private": 0, "password": null, "_winner": "p0y352c6d5", "_our_name": "p0y352c6d5"}