{"id": "battle-gen9randombattle-416", "formatid": "gen9randombattle", "format": "[Gen 9] Random Battle", "players": ["p0x4164563", "p0y416fe5f"], "log": "|init|battle\n|title|p0x4164563 vs. p0y416fe5f\n|j|\u2606p0x4164563\n|j|\u2606p0y416fe5f\n|t:|1783544561\n|gametype|singles\n|player|p1|p0x4164563|265|\n|player|p2|p0y416fe5f|265|\n|gen|9\n|tier|[Gen 9] Random Battle\n|rule|Species Clause: Limit one of each Pok\u00e9mon\n|rule|HP Percentage Mod: HP is shown in percentages\n|rule|Sleep Clause Mod: Limit one foe put to sleep\n|rule|Illusion Level Mod: Illusion disguises the Pok\u00e9mon's true level\n|\n|t:|1783544561\n|teamsize|p1|6\n|teamsize|p2|6\n|start\n|switch|p1a: Dialga|Dialga, L73|266/266\n|switch|p2a: Gogoat|Gogoat, L88, M|100/100\n|-ability|p1a: Dialga|Pressure\n|turn|1\n|inactive|Battle timer is ON: inactive players will automatically lose when time's up. (requested by p0x4164563)\n|inactive|p0y416fe5f also wants the timer to be on.\n|\n|t:|1783544563\n|switch|p1a: Rhyperior|Rhyperior, L82, M|323/323\n|move|p2a: Gogoat|Earthquake|p1a: Rhyperior\n|-supereffective|p1a: Rhyperior\n|-damage|p1a: Rhyperior|238/323\n|-enditem|p1a: Rhyperior|Weakness Policy\n|-boost|p1a: Rhyperior|atk|2|[from] item: Weakness Policy\n|-boost|p1a: Rhyperior|spa|2|[from] item: Weakness Policy\n|\n|upkeep\n|turn|2\n|inactive|Time left: 300 sec this turn | 300 sec total\n|\n|t:|1783544564\n|-terastallize|p1a: Rhyperior|Bug\n|move|p2a: Gogoat|Horn Leech|p1a: Rhyperior\n|-resisted|p1a: Rhyperior\n|-damage|p1a: Rhyperior|202/323\n|move|p1a: Rhyperior|Megahorn|p2a: Gogoat\n|-supereffective|p2a: Gogoat\n|-damage|p2a: Gogoat|0 fnt\n|faint|p2a: Gogoat\n|\n|upkeep\n|\n|t:|1783544565\n|switch|p2a: Volcanion|Volcanion, L79|100/100\n|turn|3\n|inactive|Time left: 300 sec this turn | 300 sec total\n|\n|t:|1783544566\n|switch|p1a: Giratina|Giratina, L75|349/349\n|-ability|p1a: Giratina|Pressure\n|move|p2a: Volcanion|Flamethrower|p1a: Giratina\n|-resisted|p1a: Giratina\n|-damage|p1a: Giratina|304/349\n|\n|-heal|p1a: Giratina|325/349|[from] item: Leftovers\n|upkeep\n|turn|4\n|inactive|Time left: 300 sec this turn | 300 sec total\n|\n|t:|1783544567\n|move|p2a: Volcanion|Flamethrower|p1a: Giratina\n|-resisted|p1a: Giratina\n|-damage|p1a: Giratina|279/349\n|move|p1a: Giratina|Shadow Ball|p2a: Volcanion\n|-damage|p2a: Volcanion|71/100\n|\n|-heal|p1a: Giratina|300/349|[from] item: Leftovers\n|upkeep\n|turn|5\n|inactive|Time left: 300 sec this turn | 300 sec total\n|\n|t:|1783544568\n|move|p2a: Volcanion|Flamethrower|p1a: Giratina\n|-resisted|p1a: Giratina\n|-damage|p1a: Giratina|255/349\n|move|p1a: Giratina|Shadow Ball|p2a: Volcanion\n|-damage|p2a: Volcanion|42/100\n|\n|-heal|p1a: Giratina|276/349|[from] item: Leftovers\n|upkeep\n|turn|6\n|inactive|Time left: 300 sec this turn | 300 sec total\n|\n|t:|1783544569\n|move|p2a: Volcanion|Flamethrower|p1a: Giratina\n|-resisted|p1a: Giratina\n|-damage|p1a: Giratina|232/349\n|move|p1a: Giratina|Shadow Ball|p2a: Volcanion\n|-damage|p2a: Volcanion|11/100\n|\n|-heal|p1a: Giratina|253/349|[from] item: Leftovers\n|upkeep\n|turn|7\n|inactive|Time left: 300 sec this turn | 300 sec total\n|\n|t:|1783544570\n|switch|p2a: Spiritomb|Spiritomb, L89, M|100/100\n|move|p1a: Giratina|Shadow Ball|p2a: Spiritomb\n|-damage|p2a: Spiritomb|76/100\n|-unboost|p2a: Spiritomb|spd|1\n|\n|-heal|p1a: Giratina|274/349|[from] item: Leftovers\n|-heal|p2a: Spiritomb|82/100|[from] item: Leftovers\n|upkeep\n|turn|8\n|inactive|Time left: 300 sec this turn | 300 sec total\n|\n|t:|1783544571\n|move|p1a: Giratina|Will-O-Wisp|p2a: Spiritomb\n|-status|p2a: Spiritomb|brn\n|move|p2a: Spiritomb|Foul Play|p1a: Giratina\n|-supereffective|p1a: Giratina\n|-damage|p1a: Giratina|205/349\n|\n|-heal|p1a: Giratina|226/349|[from] item: Leftovers\n|-heal|p2a: Spiritomb|88/100 brn|[from] item: Leftovers\n|-damage|p2a: Spiritomb|82/100 brn|[from] brn\n|upkeep\n|turn|9\n|inactive|Time left: 300 sec this turn | 300 sec total\n|\n|t:|1783544572\n|move|p1a: Giratina|Shadow Ball|p2a: Spiritomb\n|-damage|p2a: Spiritomb|45/100 brn\n|move|p2a: Spiritomb|Foul Play|p1a: Giratina\n|-supereffective|p1a: Giratina\n|-damage|p1a: Giratina|157/349\n|\n|-heal|p1a: Giratina|178/349|[from] item: Leftovers\n|-heal|p2a: Spiritomb|51/100 brn|[from] item: Leftovers\n|-damage|p2a: Spiritomb|45/100 brn|[from] brn\n|upkeep\n|turn|10\n|inactive|Time left: 300 sec this turn | 300 sec total\n|\n|t:|1783544573\n|move|p1a: Giratina|Rest|p1a: Giratina\n|-status|p1a: Giratina|slp|[from] move: Rest\n|-heal|p1a: Giratina|349/349 slp|[silent]\n|move|p2a: Spiritomb|Foul Play|p1a: Giratina\n|-supereffective|p1a: Giratina\n|-damage|p1a: Giratina|276/349 slp\n|\n|-heal|p1a: Giratina|297/349 slp|[from] item: Leftovers\n|-heal|p2a: Spiritomb|51/100 brn|[from] item: Leftovers\n|-damage|p2a: Spiritomb|45/100 brn|[from] brn\n|upkeep\n|turn|11\n|inactive|Time left: 300 sec this turn | 300 sec total\n|\n|t:|1783544574\n|switch|p1a: Rhyperior|Rhyperior, L82, M, tera:Bug|202/323\n|move|p2a: Spiritomb|Foul Play|p1a: Rhyperior\n|-damage|p1a: Rhyperior|152/323\n|\n|-heal|p2a: Spiritomb|51/100 brn|[from] item: Leftovers\n|-damage|p2a: Spiritomb|45/100 brn|[from] brn\n|upkeep\n|turn|12\n|inactive|Time left: 300 sec this turn | 300 sec total\n|\n|t:|1783544575\n|move|p2a: Spiritomb|Toxic|p1a: Rhyperior|[miss]\n|-miss|p2a: Spiritomb|p1a: Rhyperior\n|move|p1a: Rhyperior|Stone Edge|p2a: Spiritomb\n|-damage|p2a: Spiritomb|0 fnt\n|faint|p2a: Spiritomb\n|\n|upkeep\n|\n|t:|1783544577\n|switch|p2a: Volcanion|Volcanion, L79|11/100\n|turn|13\n|inactive|Time left: 300 sec this turn | 300 sec total\n|\n|t:|1783544578\n|switch|p1a: Hoopa|Hoopa-Unbound, L80|259/259\n|move|p2a: Volcanion|Steam Eruption|p1a: Hoopa|[miss]\n|-miss|p2a: Volcanion|p1a: Hoopa\n|\n|upkeep\n|turn|14\n|inactive|Time left: 300 sec this turn | 300 sec total\n|\n|t:|1783544579\n|move|p2a: Volcanion|Steam Eruption|p1a: Hoopa\n|-damage|p1a: Hoopa|186/259\n|-status|p1a: Hoopa|brn\n|move|p1a: Hoopa|Gunk Shot|p2a: Volcanion|[miss]\n|-miss|p1a: Hoopa|p2a: Volcanion\n|\n|-damage|p1a: Hoopa|170/259 brn|[from] brn\n|upkeep\n|turn|15\n|inactive|Time left: 300 sec this turn | 300 sec total\n|\n|t:|1783544580\n|move|p2a: Volcanion|Steam Eruption|p1a: Hoopa\n|-damage|p1a: Hoopa|100/259 brn\n|move|p1a: Hoopa|Psychic|p2a: Volcanion\n|-crit|p2a: Volcanion\n|-damage|p2a: Volcanion|0 fnt\n|faint|p2a: Volcanion\n|\n|-damage|p1a: Hoopa|84/259 brn|[from] brn\n|upkeep\n|\n|t:|1783544581\n|switch|p2a: Electivire|Electivire, L84, M|100/100\n|turn|16\n|inactive|Time left: 300 sec this turn | 300 sec total\n|\n|t:|1783544582\n|switch|p1a: Rhyperior|Rhyperior, L82, M, tera:Bug|152/323\n|move|p2a: Electivire|Bulk Up|p2a: Electivire\n|-boost|p2a: Electivire|atk|1\n|-boost|p2a: Electivire|def|1\n|\n|upkeep\n|turn|17\n|inactive|Time left: 300 sec this turn | 300 sec total\n|\n|t:|1783544583\n|switch|p1a: Mimikyu|Mimikyu, L79, F|216/216\n|move|p2a: Electivire|Supercell Slam|p1a: Mimikyu\n|-activate|p1a: Mimikyu|ability: Disguise\n|-damage|p1a: Mimikyu|216/216\n|detailschange|p1a: Mimikyu|Mimikyu-Busted, L79, F\n|-damage|p1a: Mimikyu|189/216|[from] pokemon: Mimikyu-Busted\n|-damage|p2a: Electivire|91/100|[from] item: Life Orb\n|\n|upkeep\n|turn|18\n|inactive|Time left: 300 sec this turn | 300 sec total\n|\n|t:|1783544584\n|switch|p1a: Rhyperior|Rhyperior, L82, M, tera:Bug|152/323\n|move|p2a: Electivire|Supercell Slam|p1a: Rhyperior\n|-damage|p1a: Rhyperior|0 fnt\n|faint|p1a: Rhyperior\n|-damage|p2a: Electivire|81/100|[from] item: Life Orb\n|\n|upkeep\n|inactive|Time left: 300 sec this turn | 300 sec total | 5 sec grace\n|\n|t:|1783544585\n|switch|p1a: Lilligant|Lilligant-Hisui, L79, F|240/240\n|turn|19\n|inactive|Time left: 300 sec this turn | 300 sec total\n|\n|t:|1783544586\n|move|p1a: Lilligant|Victory Dance|p1a: Lilligant\n|-boost|p1a: Lilligant|atk|1\n|-boost|p1a: Lilligant|def|1\n|-boost|p1a: Lilligant|spe|1\n|move|p2a: Electivire|Ice Punch|p1a: Lilligant\n|-supereffective|p1a: Lilligant\n|-damage|p1a: Lilligant|58/240\n|-damage|p2a: Electivire|71/100|[from] item: Life Orb\n|\n|upkeep\n|turn|20\n|inactive|Time left: 300 sec this turn | 300 sec total\n|\n|t:|1783544588\n|-terastallize|p2a: Electivire|Flying\n|move|p1a: Lilligant|Close Combat|p2a: Electivire\n|-resisted|p2a: Electivire\n|-damage|p2a: Electivire|15/100\n|-unboost|p1a: Lilligant|def|1\n|-unboost|p1a: Lilligant|spd|1\n|-damage|p1a: Lilligant|34/240|[from] item: Life Orb\n|move|p2a: Electivire|Supercell Slam|p1a: Lilligant\n|-resisted|p1a: Lilligant\n|-damage|p1a: Lilligant|0 fnt\n|faint|p1a: Lilligant\n|-damage|p2a: Electivire|5/100|[from] item: Life Orb\n|\n|upkeep\n|inactive|Time left: 300 sec this turn | 300 sec total | 5 sec grace\n|\n|t:|1783544589\n|switch|p1a: Hoopa|Hoopa-Unbound, L80|84/259 brn\n|turn|21\n|inactive|Time left: 300 sec this turn | 300 sec total\n|\n|t:|1783544590\n|move|p2a: Electivire|Earthquake|p1a: Hoopa\n|-damage|p1a: Hoopa|0 fnt\n|faint|p1a: Hoopa\n|-damage|p2a: Electivire|0 fnt|[from] item: Life Orb\n|faint|p2a: Electivire\n|\n|upkeep\n|inactive|Time left: 300 sec this turn | 300 sec total | 5 sec grace\n|\n|t:|1783544591\n|switch|p2a: Walking Wake|Walking Wake, L79|100/100\n|switch|p1a: Dialga|Dialga, L73|266/266\n|-ability|p1a: Dialga|Pressure\n|turn|22\n|inactive|Time left: 300 sec this turn | 300 sec total\n|\n|t:|1783544592\n|-end|p2a: Walking Wake|Protosynthesis|[silent]\n|switch|p2a: Gurdurr|Gurdurr, L85, F|100/100\n|move|p1a: Dialga|Draco Meteor|p2a: Gurdurr\n|-damage|p2a: Gurdurr|46/100\n|-unboost|p1a: Dialga|spa|2\n|\n|upkeep\n|turn|23\n|inactive|Time left: 300 sec this turn | 300 sec total\n|\n|t:|1783544593\n|switch|p1a: Mimikyu|Mimikyu-Busted, L79, F|189/216\n|move|p2a: Gurdurr|Knock Off|p1a: Mimikyu\n|-damage|p1a: Mimikyu|97/216\n|-enditem|p1a: Mimikyu|Life Orb|[from] move: Knock Off|[of] p2a: Gurdurr\n|\n|upkeep\n|turn|24\n|inactive|Time left: 300 sec this turn | 300 sec total\n|\n|t:|1783544594\n|move|p1a: Mimikyu|Play Rough|p2a: Gurdurr\n|-supereffective|p2a: Gurdurr\n|-damage|p2a: Gurdurr|8/100\n|move|p2a: Gurdurr|Knock Off|p1a: Mimikyu\n|-damage|p1a: Mimikyu|41/216\n|\n|upkeep\n|turn|25\n|inactive|Time left: 300 sec this turn | 300 sec total\n|\n|t:|1783544595\n|switch|p2a: Walking Wake|Walking Wake, L79|100/100\n|move|p1a: Mimikyu|Play Rough|p2a: Walking Wake\n|-supereffective|p2a: Walking Wake\n|-damage|p2a: Walking Wake|43/100\n|\n|upkeep\n|turn|26\n|inactive|Time left: 300 sec this turn | 300 sec total\n|\n|t:|1783544596\n|move|p1a: Mimikyu|Shadow Sneak|p2a: Walking Wake\n|-damage|p2a: Walking Wake|31/100\n|move|p2a: Walking Wake|Hydro Steam|p1a: Mimikyu\n|-damage|p1a: Mimikyu|0 fnt\n|faint|p1a: Mimikyu\n|-damage|p2a: Walking Wake|21/100|[from] item: Life Orb\n|\n|upkeep\n|inactive|Time left: 300 sec this turn | 300 sec total | 5 sec grace\n|\n|t:|1783544597\n|switch|p1a: Dialga|Dialga, L73|266/266\n|-ability|p1a: Dialga|Pressure\n|turn|27\n|inactive|Time left: 300 sec this turn | 300 sec total\n|\n|t:|1783544598\n|move|p2a: Walking Wake|Draco Meteor|p1a: Dialga\n|-damage|p1a: Dialga|122/266\n|-unboost|p2a: Walking Wake|spa|2\n|-damage|p2a: Walking Wake|11/100|[from] item: Life Orb\n|move|p1a: Dialga|Dragon Tail|p2a: Walking Wake\n|-supereffective|p2a: Walking Wake\n|-damage|p2a: Walking Wake|0 fnt\n|faint|p2a: Walking Wake\n|-end|p2a: Walking Wake|Protosynthesis|[silent]\n|\n|upkeep\n|\n|t:|1783544599\n|switch|p2a: Gurdurr|Gurdurr, L85, F|8/100\n|turn|28\n|inactive|Time left: 300 sec this turn | 300 sec total\n|\n|t:|1783544600\n|move|p2a: Gurdurr|Mach Punch|p1a: Dialga\n|-supereffective|p1a: Dialga\n|-damage|p1a: Dialga|36/266\n|move|p1a: Dialga|Heavy Slam|p2a: Gurdurr\n|-damage|p2a: Gurdurr|0 fnt\n|faint|p2a: Gurdurr\n|\n|win|p0x4164563", "uploadtime": 1783544600, "views": 0, "rating": 0, "private": 0, "password": null, "_winner": "p0x4164563", "_our_name": "p0x4164563"}