{"id": "battle-gen9randombattle-2866", "formatid": "gen9randombattle", "format": "[Gen 9] Random Battle", "players": ["p0x28667dcb", "p0y28667971"], "log": "|init|battle\n|title|p0x28667dcb vs. p0y28667971\n|j|\u2606p0x28667dcb\n|j|\u2606p0y28667971\n|t:|1783573017\n|gametype|singles\n|player|p1|p0x28667dcb|266|\n|player|p2|p0y28667971|1|\n|gen|9\n|tier|[Gen 9] Random Battle\n|rule|Species Clause: Limit one of each Pok\u00e9mon\n|rule|HP Percentage Mod: HP is shown in percentages\n|rule|Sleep Clause Mod: Limit one foe put to sleep\n|rule|Illusion Level Mod: Illusion disguises the Pok\u00e9mon's true level\n|\n|t:|1783573017\n|teamsize|p1|6\n|teamsize|p2|6\n|start\n|switch|p1a: Misdreavus|Misdreavus, L90, F|254/254\n|switch|p2a: Blastoise|Blastoise, L80, M|100/100\n|turn|1\n|inactive|Battle timer is ON: inactive players will automatically lose when time's up. (requested by p0x28667dcb)\n|\n|t:|1783573019\n|switch|p1a: Lurantis|Lurantis, L87, M|264/264\n|move|p2a: Blastoise|Shell Smash|p2a: Blastoise\n|-unboost|p2a: Blastoise|def|1\n|-unboost|p2a: Blastoise|spd|1\n|-boost|p2a: Blastoise|atk|2\n|-boost|p2a: Blastoise|spa|2\n|-boost|p2a: Blastoise|spe|2\n|-enditem|p2a: Blastoise|White Herb\n|-clearnegativeboost|p2a: Blastoise|[silent]\n|\n|upkeep\n|turn|2\n|inactive|Time left: 300 sec this turn | 300 sec total\n|inactive|p0y28667971 also wants the timer to be on.\n|\n|t:|1783573019\n|move|p2a: Blastoise|Ice Beam|p1a: Lurantis\n|-supereffective|p1a: Lurantis\n|-damage|p1a: Lurantis|116/264\n|-status|p1a: Lurantis|frz\n|cant|p1a: Lurantis|frz\n|\n|upkeep\n|turn|3\n|inactive|Time left: 300 sec this turn | 300 sec total\n|\n|t:|1783573020\n|move|p2a: Blastoise|Shell Smash|p2a: Blastoise\n|-unboost|p2a: Blastoise|def|1\n|-unboost|p2a: Blastoise|spd|1\n|-boost|p2a: Blastoise|atk|2\n|-boost|p2a: Blastoise|spa|2\n|-boost|p2a: Blastoise|spe|2\n|cant|p1a: Lurantis|frz\n|\n|upkeep\n|turn|4\n|inactive|Time left: 300 sec this turn | 300 sec total\n|\n|t:|1783573021\n|move|p2a: Blastoise|Ice Beam|p1a: Lurantis\n|-supereffective|p1a: Lurantis\n|-damage|p1a: Lurantis|0 fnt\n|faint|p1a: Lurantis\n|\n|upkeep\n|inactive|Time left: 300 sec this turn | 300 sec total | 5 sec grace\n|\n|t:|1783573022\n|switch|p1a: Bellibolt|Bellibolt, L84, F|320/320\n|turn|5\n|inactive|Time left: 300 sec this turn | 300 sec total\n|\n|t:|1783573023\n|move|p2a: Blastoise|Earthquake|p1a: Bellibolt\n|-supereffective|p1a: Bellibolt\n|-damage|p1a: Bellibolt|10/320\n|-start|p1a: Bellibolt|Charge|Earthquake|[from] ability: Electromorphosis\n|move|p1a: Bellibolt|Volt Switch|p2a: Blastoise\n|-supereffective|p2a: Blastoise\n|-damage|p2a: Blastoise|0 fnt\n|faint|p2a: Blastoise\n|-end|p1a: Bellibolt|Charge|[silent]\n|inactive|Time left: 300 sec this turn | 300 sec total | 5 sec grace\n|\n|t:|1783573024\n|switch|p1a: Misdreavus|Misdreavus, L90, F|254/254|[from] Volt Switch\n|\n|upkeep\n|\n|t:|1783573025\n|switch|p2a: Tsareena|Tsareena, L87, F|100/100\n|turn|6\n|inactive|Time left: 300 sec this turn | 300 sec total\n|\n|t:|1783573026\n|move|p2a: Tsareena|Bitter Malice|p1a: Misdreavus\n|-supereffective|p1a: Misdreavus\n|-damage|p1a: Misdreavus|72/254\n|-unboost|p1a: Misdreavus|atk|1\n|move|p1a: Misdreavus|Will-O-Wisp|p2a: Tsareena\n|-status|p2a: Tsareena|brn\n|\n|-damage|p2a: Tsareena|95/100 brn|[from] brn\n|upkeep\n|turn|7\n|inactive|Time left: 300 sec this turn | 300 sec total\n|\n|t:|1783573027\n|switch|p1a: Probopass|Probopass, L91, M|257/257\n|move|p2a: Tsareena|Bitter Malice|p1a: Probopass\n|-damage|p1a: Probopass|173/257\n|-unboost|p1a: Probopass|atk|1\n|\n|-heal|p1a: Probopass|189/257|[from] item: Leftovers\n|-damage|p2a: Tsareena|89/100 brn|[from] brn\n|upkeep\n|turn|8\n|inactive|Time left: 300 sec this turn | 300 sec total\n|\n|t:|1783573028\n|move|p2a: Tsareena|Bitter Malice|p1a: Probopass\n|-damage|p1a: Probopass|113/257\n|-unboost|p1a: Probopass|atk|1\n|move|p1a: Probopass|Flash Cannon|p2a: Tsareena\n|-damage|p2a: Tsareena|34/100 brn\n|replace|p2a: Zoroark|Zoroark-Hisui, L80, F\n|-end|p2a: Zoroark|Illusion\n|-hint|Illusion Level Mod is active, so this Pok\u00e9mon's true level was hidden.\n|\n|-heal|p1a: Probopass|129/257|[from] item: Leftovers\n|-damage|p2a: Zoroark|28/100 brn|[from] brn\n|upkeep\n|turn|9\n|inactive|Time left: 300 sec this turn | 300 sec total\n|\n|t:|1783573029\n|move|p2a: Zoroark|Bitter Malice|p1a: Probopass\n|-damage|p1a: Probopass|44/257\n|-unboost|p1a: Probopass|atk|1\n|move|p1a: Probopass|Power Gem|p2a: Zoroark\n|-damage|p2a: Zoroark|0 fnt\n|faint|p2a: Zoroark\n|\n|-heal|p1a: Probopass|60/257|[from] item: Leftovers\n|upkeep\n|\n|t:|1783573031\n|switch|p2a: Tsareena|Tsareena, L87, F|100/100\n|turn|10\n|inactive|Time left: 300 sec this turn | 300 sec total\n|\n|t:|1783573032\n|switch|p1a: Misdreavus|Misdreavus, L90, F|72/254\n|move|p2a: Tsareena|Power Whip|p1a: Misdreavus\n|-damage|p1a: Misdreavus|0 fnt\n|faint|p1a: Misdreavus\n|\n|upkeep\n|inactive|Time left: 300 sec this turn | 300 sec total | 5 sec grace\n|\n|t:|1783573033\n|switch|p1a: Heracross|Heracross, L80, F|259/259\n|turn|11\n|inactive|Time left: 300 sec this turn | 300 sec total\n|\n|t:|1783573034\n|switch|p2a: Hippowdon|Hippowdon, L82, M|100/100\n|-weather|Sandstorm|[from] ability: Sand Stream|[of] p2a: Hippowdon\n|move|p1a: Heracross|Megahorn|p2a: Hippowdon\n|-damage|p2a: Hippowdon|63/100\n|-damage|p1a: Heracross|216/259|[from] item: Rocky Helmet|[of] p2a: Hippowdon\n|\n|-weather|Sandstorm|[upkeep]\n|-damage|p1a: Heracross|200/259|[from] Sandstorm\n|upkeep\n|turn|12\n|inactive|Time left: 300 sec this turn | 300 sec total\n|\n|t:|1783573035\n|move|p1a: Heracross|Megahorn|p2a: Hippowdon|[miss]\n|-miss|p1a: Heracross|p2a: Hippowdon\n|move|p2a: Hippowdon|Slack Off|p2a: Hippowdon\n|-heal|p2a: Hippowdon|100/100\n|\n|-weather|Sandstorm|[upkeep]\n|-damage|p1a: Heracross|184/259|[from] Sandstorm\n|upkeep\n|turn|13\n|inactive|Time left: 300 sec this turn | 300 sec total\n|\n|t:|1783573036\n|move|p1a: Heracross|Megahorn|p2a: Hippowdon\n|-damage|p2a: Hippowdon|65/100\n|-damage|p1a: Heracross|141/259|[from] item: Rocky Helmet|[of] p2a: Hippowdon\n|move|p2a: Hippowdon|Earthquake|p1a: Heracross\n|-resisted|p1a: Heracross\n|-damage|p1a: Heracross|71/259\n|\n|-weather|Sandstorm|[upkeep]\n|-damage|p1a: Heracross|55/259|[from] Sandstorm\n|upkeep\n|turn|14\n|inactive|Time left: 300 sec this turn | 300 sec total\n|\n|t:|1783573037\n|switch|p1a: Probopass|Probopass, L91, M|60/257\n|move|p2a: Hippowdon|Slack Off|p2a: Hippowdon\n|-heal|p2a: Hippowdon|100/100\n|\n|-weather|Sandstorm|[upkeep]\n|-heal|p1a: Probopass|76/257|[from] item: Leftovers\n|upkeep\n|turn|15\n|inactive|Time left: 300 sec this turn | 300 sec total\n|\n|t:|1783573038\n|move|p1a: Probopass|Flash Cannon|p2a: Hippowdon\n|-crit|p2a: Hippowdon\n|-damage|p2a: Hippowdon|54/100\n|move|p2a: Hippowdon|Earthquake|p1a: Probopass\n|-supereffective|p1a: Probopass\n|-damage|p1a: Probopass|0 fnt\n|faint|p1a: Probopass\n|\n|-weather|none\n|upkeep\n|inactive|Time left: 300 sec this turn | 300 sec total | 5 sec grace\n|\n|t:|1783573039\n|switch|p1a: Bellibolt|Bellibolt, L84, F|10/320\n|turn|16\n|inactive|Time left: 300 sec this turn | 300 sec total\n|\n|t:|1783573040\n|move|p2a: Hippowdon|Earthquake|p1a: Bellibolt\n|-supereffective|p1a: Bellibolt\n|-damage|p1a: Bellibolt|0 fnt\n|faint|p1a: Bellibolt\n|\n|upkeep\n|inactive|Time left: 300 sec this turn | 300 sec total | 5 sec grace\n|\n|t:|1783573040\n|switch|p1a: Terrakion|Terrakion, L79|273/273\n|turn|17\n|inactive|Time left: 300 sec this turn | 300 sec total\n|\n|t:|1783573041\n|-terastallize|p1a: Terrakion|Fighting\n|move|p1a: Terrakion|Swords Dance|p1a: Terrakion\n|-boost|p1a: Terrakion|atk|2\n|move|p2a: Hippowdon|Earthquake|p1a: Terrakion\n|-damage|p1a: Terrakion|150/273\n|\n|upkeep\n|turn|18\n|inactive|Time left: 300 sec this turn | 300 sec total\n|\n|t:|1783573042\n|move|p1a: Terrakion|Close Combat|p2a: Hippowdon\n|-damage|p2a: Hippowdon|0 fnt\n|-unboost|p1a: Terrakion|def|1\n|-unboost|p1a: Terrakion|spd|1\n|-damage|p1a: Terrakion|105/273|[from] item: Rocky Helmet|[of] p2a: Hippowdon\n|faint|p2a: Hippowdon\n|-damage|p1a: Terrakion|78/273|[from] item: Life Orb\n|\n|upkeep\n|\n|t:|1783573043\n|switch|p2a: Froslass|Froslass, L87, F|100/100\n|turn|19\n|inactive|Time left: 300 sec this turn | 300 sec total\n|\n|t:|1783573044\n|move|p2a: Froslass|Poltergeist|p1a: Terrakion\n|-activate|p1a: Terrakion|move: Poltergeist|Life Orb\n|-damage|p1a: Terrakion|0 fnt\n|faint|p1a: Terrakion\n|\n|upkeep\n|inactive|Time left: 300 sec this turn | 300 sec total | 5 sec grace\n|\n|t:|1783573045\n|switch|p1a: Heracross|Heracross, L80, F|55/259\n|turn|20\n|inactive|Time left: 300 sec this turn | 300 sec total\n|\n|t:|1783573046\n|-terastallize|p2a: Froslass|Ghost\n|move|p1a: Heracross|Stone Edge|p2a: Froslass\n|-damage|p2a: Froslass|64/100\n|move|p2a: Froslass|Poltergeist|p1a: Heracross\n|-activate|p1a: Heracross|move: Poltergeist|Choice Scarf\n|-damage|p1a: Heracross|0 fnt\n|faint|p1a: Heracross\n|\n|win|p0y28667971", "uploadtime": 1783573046, "views": 0, "rating": 0, "private": 0, "password": null, "_winner": "p0y28667971", "_our_name": "p0x28667dcb"}