{"id": "battle-gen9randombattle-2293", "formatid": "gen9randombattle", "format": "[Gen 9] Random Battle", "players": ["p0x2293b24c", "p0y2293c375"], "log": "|init|battle\n|title|p0x2293b24c vs. p0y2293c375\n|j|\u2606p0x2293b24c\n|j|\u2606p0y2293c375\n|t:|1783565622\n|gametype|singles\n|player|p1|p0x2293b24c|102|\n|player|p2|p0y2293c375|266|\n|gen|9\n|tier|[Gen 9] Random Battle\n|rule|Species Clause: Limit one of each Pok\u00e9mon\n|rule|HP Percentage Mod: HP is shown in percentages\n|rule|Sleep Clause Mod: Limit one foe put to sleep\n|rule|Illusion Level Mod: Illusion disguises the Pok\u00e9mon's true level\n|\n|t:|1783565622\n|teamsize|p1|6\n|teamsize|p2|6\n|start\n|switch|p1a: Hitmontop|Hitmontop, L88, M|231/231\n|switch|p2a: Eelektross|Eelektross, L87, F|100/100\n|-ability|p1a: Hitmontop|Intimidate|boost\n|-unboost|p2a: Eelektross|atk|1\n|turn|1\n|inactive|Battle timer is ON: inactive players will automatically lose when time's up. (requested by p0x2293b24c)\n|\n|t:|1783565623\n|move|p1a: Hitmontop|Stone Edge|p2a: Eelektross\n|-damage|p2a: Eelektross|75/100\n|move|p2a: Eelektross|Coil|p2a: Eelektross\n|-boost|p2a: Eelektross|atk|1\n|-boost|p2a: Eelektross|def|1\n|-boost|p2a: Eelektross|accuracy|1\n|\n|-heal|p2a: Eelektross|81/100|[from] item: Leftovers\n|upkeep\n|turn|2\n|inactive|Time left: 300 sec this turn | 300 sec total\n|inactive|p0y2293c375 also wants the timer to be on.\n|\n|t:|1783565624\n|switch|p1a: Rotom|Rotom-Wash, L82|216/216\n|move|p2a: Eelektross|Coil|p2a: Eelektross\n|-boost|p2a: Eelektross|atk|1\n|-boost|p2a: Eelektross|def|1\n|-boost|p2a: Eelektross|accuracy|1\n|\n|-heal|p2a: Eelektross|87/100|[from] item: Leftovers\n|upkeep\n|turn|3\n|inactive|Time left: 300 sec this turn | 300 sec total\n|\n|t:|1783565626\n|move|p1a: Rotom|Will-O-Wisp|p2a: Eelektross|[miss]\n|-miss|p1a: Rotom|p2a: Eelektross\n|move|p2a: Eelektross|Knock Off|p1a: Rotom\n|-damage|p1a: Rotom|115/216\n|-enditem|p1a: Rotom|Leftovers|[from] move: Knock Off|[of] p2a: Eelektross\n|\n|-heal|p2a: Eelektross|93/100|[from] item: Leftovers\n|upkeep\n|turn|4\n|inactive|Time left: 300 sec this turn | 300 sec total\n|\n|t:|1783565627\n|move|p1a: Rotom|Will-O-Wisp|p2a: Eelektross\n|-status|p2a: Eelektross|brn\n|move|p2a: Eelektross|Supercell Slam|p1a: Rotom\n|-damage|p1a: Rotom|37/216\n|\n|-heal|p2a: Eelektross|99/100 brn|[from] item: Leftovers\n|-damage|p2a: Eelektross|93/100 brn|[from] brn\n|upkeep\n|turn|5\n|inactive|Time left: 300 sec this turn | 300 sec total\n|\n|t:|1783565628\n|move|p1a: Rotom|Pain Split|p2a: Eelektross\n|-sethp|p2a: Eelektross|53/100 brn|[from] move: Pain Split|[silent]\n|-sethp|p1a: Rotom|153/216|[from] move: Pain Split\n|move|p2a: Eelektross|Coil|p2a: Eelektross\n|-boost|p2a: Eelektross|atk|1\n|-boost|p2a: Eelektross|def|1\n|-boost|p2a: Eelektross|accuracy|1\n|\n|-heal|p2a: Eelektross|59/100 brn|[from] item: Leftovers\n|-damage|p2a: Eelektross|53/100 brn|[from] brn\n|upkeep\n|turn|6\n|inactive|Time left: 300 sec this turn | 300 sec total\n|\n|t:|1783565629\n|move|p1a: Rotom|Hydro Pump|p2a: Eelektross|[miss]\n|-miss|p1a: Rotom|p2a: Eelektross\n|move|p2a: Eelektross|Supercell Slam|p1a: Rotom\n|-damage|p1a: Rotom|36/216\n|\n|-heal|p2a: Eelektross|59/100 brn|[from] item: Leftovers\n|-damage|p2a: Eelektross|53/100 brn|[from] brn\n|upkeep\n|turn|7\n|inactive|Time left: 300 sec this turn | 300 sec total\n|\n|t:|1783565630\n|move|p1a: Rotom|Pain Split|p2a: Eelektross\n|-sethp|p2a: Eelektross|33/100 brn|[from] move: Pain Split|[silent]\n|-sethp|p1a: Rotom|94/216|[from] move: Pain Split\n|move|p2a: Eelektross|Drain Punch|p1a: Rotom\n|-damage|p1a: Rotom|35/216\n|-heal|p2a: Eelektross|43/100 brn|[from] drain|[of] p1a: Rotom\n|\n|-heal|p2a: Eelektross|49/100 brn|[from] item: Leftovers\n|-damage|p2a: Eelektross|43/100 brn|[from] brn\n|upkeep\n|turn|8\n|inactive|Time left: 300 sec this turn | 300 sec total\n|\n|t:|1783565631\n|move|p1a: Rotom|Hydro Pump|p2a: Eelektross\n|-damage|p2a: Eelektross|2/100 brn\n|move|p2a: Eelektross|Drain Punch|p1a: Rotom\n|-damage|p1a: Rotom|0 fnt\n|-heal|p2a: Eelektross|8/100 brn|[from] drain|[of] p1a: Rotom\n|faint|p1a: Rotom\n|\n|-heal|p2a: Eelektross|14/100 brn|[from] item: Leftovers\n|-damage|p2a: Eelektross|8/100 brn|[from] brn\n|upkeep\n|inactive|Time left: 300 sec this turn | 300 sec total | 5 sec grace\n|\n|t:|1783565632\n|switch|p1a: Espeon|Espeon, L84, F|246/246\n|turn|9\n|inactive|Time left: 300 sec this turn | 300 sec total\n|\n|t:|1783565633\n|move|p1a: Espeon|Psyshock|p2a: Eelektross\n|-damage|p2a: Eelektross|0 fnt\n|faint|p2a: Eelektross\n|-damage|p1a: Espeon|222/246|[from] item: Life Orb\n|\n|upkeep\n|\n|t:|1783565634\n|switch|p2a: Iron Bundle|Iron Bundle, L78|100/100\n|turn|10\n|inactive|Time left: 300 sec this turn | 300 sec total\n|\n|t:|1783565636\n|move|p2a: Iron Bundle|Ice Beam|p1a: Espeon\n|-damage|p1a: Espeon|77/246\n|move|p1a: Espeon|Calm Mind|p1a: Espeon\n|-boost|p1a: Espeon|spa|1\n|-boost|p1a: Espeon|spd|1\n|\n|upkeep\n|turn|11\n|inactive|Time left: 300 sec this turn | 300 sec total\n|\n|t:|1783565637\n|move|p2a: Iron Bundle|Ice Beam|p1a: Espeon\n|-damage|p1a: Espeon|0 fnt\n|faint|p1a: Espeon\n|\n|upkeep\n|inactive|Time left: 300 sec this turn | 300 sec total | 5 sec grace\n|\n|t:|1783565637\n|switch|p1a: Hitmontop|Hitmontop, L88, M|231/231\n|-ability|p1a: Hitmontop|Intimidate|boost\n|-unboost|p2a: Iron Bundle|atk|1\n|turn|12\n|inactive|Time left: 300 sec this turn | 300 sec total\n|\n|t:|1783565638\n|-end|p2a: Iron Bundle|Quark Drive|[silent]\n|switch|p2a: Flamigo|Flamigo, L82, M|100/100\n|move|p1a: Hitmontop|Close Combat|p2a: Flamigo\n|-resisted|p2a: Flamigo\n|-damage|p2a: Flamigo|70/100\n|-unboost|p1a: Hitmontop|def|1\n|-unboost|p1a: Hitmontop|spd|1\n|\n|upkeep\n|turn|13\n|inactive|Time left: 300 sec this turn | 300 sec total\n|\n|t:|1783565639\n|switch|p1a: Drifblim|Drifblim, L86, F|396/396\n|move|p2a: Flamigo|Brave Bird|p1a: Drifblim\n|-damage|p1a: Drifblim|72/396\n|-enditem|p1a: Drifblim|Sitrus Berry|[eat]\n|-heal|p1a: Drifblim|171/396|[from] item: Sitrus Berry\n|-damage|p2a: Flamigo|31/100|[from] Recoil\n|\n|upkeep\n|turn|14\n|inactive|Time left: 300 sec this turn | 300 sec total\n|\n|t:|1783565640\n|move|p1a: Drifblim|Strength Sap|p2a: Flamigo\n|-unboost|p2a: Flamigo|atk|1\n|-heal|p1a: Drifblim|396/396\n|move|p2a: Flamigo|Brave Bird|p1a: Drifblim\n|-damage|p1a: Drifblim|170/396\n|-damage|p2a: Flamigo|3/100|[from] Recoil\n|\n|upkeep\n|turn|15\n|inactive|Time left: 300 sec this turn | 300 sec total\n|\n|t:|1783565641\n|move|p1a: Drifblim|Strength Sap|p2a: Flamigo\n|-unboost|p2a: Flamigo|atk|1\n|-heal|p1a: Drifblim|327/396\n|move|p2a: Flamigo|Brave Bird|p1a: Drifblim\n|-damage|p1a: Drifblim|174/396\n|-damage|p2a: Flamigo|0 fnt|[from] Recoil\n|faint|p2a: Flamigo\n|\n|upkeep\n|\n|t:|1783565642\n|switch|p2a: Iron Bundle|Iron Bundle, L78|100/100\n|turn|16\n|inactive|Time left: 300 sec this turn | 300 sec total\n|\n|t:|1783565643\n|move|p1a: Drifblim|Air Slash|p2a: Iron Bundle\n|-damage|p2a: Iron Bundle|53/100\n|move|p2a: Iron Bundle|Ice Beam|p1a: Drifblim\n|-supereffective|p1a: Drifblim\n|-damage|p1a: Drifblim|0 fnt\n|faint|p1a: Drifblim\n|\n|upkeep\n|inactive|Time left: 300 sec this turn | 300 sec total | 5 sec grace\n|\n|t:|1783565643\n|switch|p1a: Mewtwo|Mewtwo, L72|272/272\n|-ability|p1a: Mewtwo|Pressure\n|turn|17\n|inactive|Time left: 300 sec this turn | 300 sec total\n|\n|t:|1783565644\n|move|p2a: Iron Bundle|Ice Beam|p1a: Mewtwo\n|-damage|p1a: Mewtwo|98/272\n|move|p1a: Mewtwo|Psystrike|p2a: Iron Bundle\n|-damage|p2a: Iron Bundle|0 fnt\n|faint|p2a: Iron Bundle\n|-end|p2a: Iron Bundle|Quark Drive|[silent]\n|-damage|p1a: Mewtwo|71/272|[from] item: Life Orb\n|\n|upkeep\n|\n|t:|1783565645\n|switch|p2a: Vigoroth|Vigoroth, L85, M|100/100\n|turn|18\n|inactive|Time left: 300 sec this turn | 300 sec total\n|\n|t:|1783565646\n|move|p1a: Mewtwo|Recover|p1a: Mewtwo\n|-heal|p1a: Mewtwo|207/272\n|move|p2a: Vigoroth|Bulk Up|p2a: Vigoroth\n|-boost|p2a: Vigoroth|atk|1\n|-boost|p2a: Vigoroth|def|1\n|\n|upkeep\n|turn|19\n|inactive|Time left: 300 sec this turn | 300 sec total\n|\n|t:|1783565646\n|move|p1a: Mewtwo|Nasty Plot|p1a: Mewtwo\n|-boost|p1a: Mewtwo|spa|2\n|move|p2a: Vigoroth|Knock Off|p1a: Mewtwo\n|-supereffective|p1a: Mewtwo\n|-damage|p1a: Mewtwo|0 fnt\n|-enditem|p1a: Mewtwo|Life Orb|[from] move: Knock Off|[of] p2a: Vigoroth\n|faint|p1a: Mewtwo\n|\n|upkeep\n|inactive|Time left: 300 sec this turn | 300 sec total | 5 sec grace\n|\n|t:|1783565647\n|switch|p1a: Swampert|Swampert, L83, F|302/302\n|turn|20\n|inactive|Time left: 300 sec this turn | 300 sec total\n|\n|t:|1783565648\n|move|p2a: Vigoroth|Bulk Up|p2a: Vigoroth\n|-boost|p2a: Vigoroth|atk|1\n|-boost|p2a: Vigoroth|def|1\n|move|p1a: Swampert|Roar|p2a: Vigoroth\n|drag|p2a: Suicune|Suicune, L82|100/100\n|-ability|p2a: Suicune|Pressure\n|\n|upkeep\n|turn|21\n|inactive|Time left: 300 sec this turn | 300 sec total\n|\n|t:|1783565649\n|move|p2a: Suicune|Scald|p1a: Swampert\n|-damage|p1a: Swampert|230/302\n|move|p1a: Swampert|Knock Off|p2a: Suicune\n|-damage|p2a: Suicune|78/100\n|-enditem|p2a: Suicune|Leftovers|[from] move: Knock Off|[of] p1a: Swampert\n|\n|-heal|p1a: Swampert|248/302|[from] item: Leftovers\n|upkeep\n|turn|22\n|inactive|Time left: 300 sec this turn | 300 sec total\n|\n|t:|1783565650\n|move|p2a: Suicune|Scald|p1a: Swampert\n|-damage|p1a: Swampert|176/302\n|move|p1a: Swampert|Earthquake|p2a: Suicune\n|-damage|p2a: Suicune|48/100\n|\n|-heal|p1a: Swampert|194/302|[from] item: Leftovers\n|upkeep\n|turn|23\n|inactive|Time left: 300 sec this turn | 300 sec total\n|\n|t:|1783565651\n|move|p2a: Suicune|Scald|p1a: Swampert\n|-damage|p1a: Swampert|124/302\n|move|p1a: Swampert|Earthquake|p2a: Suicune\n|-damage|p2a: Suicune|13/100\n|\n|-heal|p1a: Swampert|142/302|[from] item: Leftovers\n|upkeep\n|turn|24\n|inactive|Time left: 300 sec this turn | 300 sec total\n|\n|t:|1783565652\n|move|p2a: Suicune|Rest|p2a: Suicune\n|-status|p2a: Suicune|slp|[from] move: Rest\n|-heal|p2a: Suicune|100/100 slp|[silent]\n|move|p1a: Swampert|Earthquake|p2a: Suicune\n|-damage|p2a: Suicune|70/100 slp\n|\n|-heal|p1a: Swampert|160/302|[from] item: Leftovers\n|upkeep\n|turn|25\n|inactive|Time left: 300 sec this turn | 300 sec total\n|\n|t:|1783565653\n|cant|p2a: Suicune|slp\n|move|p2a: Suicune|Sleep Talk|p2a: Suicune\n|move|p2a: Suicune|Scald|p1a: Swampert|[from] move: Sleep Talk\n|-damage|p1a: Swampert|81/302\n|move|p1a: Swampert|Earthquake|p2a: Suicune\n|-damage|p2a: Suicune|35/100 slp\n|\n|-heal|p1a: Swampert|99/302|[from] item: Leftovers\n|upkeep\n|turn|26\n|inactive|Time left: 300 sec this turn | 300 sec total\n|\n|t:|1783565655\n|cant|p2a: Suicune|slp\n|move|p2a: Suicune|Sleep Talk|p2a: Suicune\n|move|p2a: Suicune|Calm Mind|p2a: Suicune|[from] move: Sleep Talk\n|-boost|p2a: Suicune|spa|1\n|-boost|p2a: Suicune|spd|1\n|move|p1a: Swampert|Earthquake|p2a: Suicune\n|-damage|p2a: Suicune|4/100 slp\n|\n|-heal|p1a: Swampert|117/302|[from] item: Leftovers\n|upkeep\n|turn|27\n|inactive|Time left: 300 sec this turn | 300 sec total\n|\n|t:|1783565656\n|-curestatus|p2a: Suicune|slp|[msg]\n|move|p2a: Suicune|Rest|p2a: Suicune\n|-status|p2a: Suicune|slp|[from] move: Rest\n|-heal|p2a: Suicune|100/100 slp|[silent]\n|move|p1a: Swampert|Earthquake|p2a: Suicune\n|-damage|p2a: Suicune|68/100 slp\n|\n|-heal|p1a: Swampert|135/302|[from] item: Leftovers\n|upkeep\n|turn|28\n|inactive|Time left: 300 sec this turn | 300 sec total\n|\n|t:|1783565657\n|cant|p2a: Suicune|slp\n|move|p2a: Suicune|Sleep Talk|p2a: Suicune\n|move|p2a: Suicune|Rest||[from] move: Sleep Talk|[still]\n|-fail|p2a: Suicune\n|move|p1a: Swampert|Earthquake|p2a: Suicune\n|-damage|p2a: Suicune|33/100 slp\n|\n|-heal|p1a: Swampert|153/302|[from] item: Leftovers\n|upkeep\n|turn|29\n|inactive|Time left: 300 sec this turn | 300 sec total\n|\n|t:|1783565658\n|cant|p2a: Suicune|slp\n|move|p2a: Suicune|Sleep Talk|p2a: Suicune\n|move|p2a: Suicune|Rest||[from] move: Sleep Talk|[still]\n|-fail|p2a: Suicune\n|move|p1a: Swampert|Earthquake|p2a: Suicune\n|-damage|p2a: Suicune|0 fnt\n|faint|p2a: Suicune\n|\n|-heal|p1a: Swampert|171/302|[from] item: Leftovers\n|upkeep\n|\n|t:|1783565659\n|switch|p2a: Probopass|Probopass, L91, M|100/100\n|turn|30\n|inactive|Time left: 300 sec this turn | 300 sec total\n|\n|t:|1783565660\n|-terastallize|p2a: Probopass|Fighting\n|move|p1a: Swampert|Knock Off|p2a: Probopass\n|-resisted|p2a: Probopass\n|-damage|p2a: Probopass|91/100\n|-enditem|p2a: Probopass|Chesto Berry|[from] move: Knock Off|[of] p1a: Swampert\n|move|p2a: Probopass|Body Press|p1a: Swampert\n|-damage|p1a: Swampert|33/302\n|\n|-heal|p1a: Swampert|51/302|[from] item: Leftovers\n|upkeep\n|turn|31\n|inactive|Time left: 300 sec this turn | 300 sec total\n|\n|t:|1783565662\n|move|p1a: Swampert|Stealth Rock|p2a: Probopass\n|-sidestart|p2: p0y2293c375|move: Stealth Rock\n|move|p2a: Probopass|Body Press|p1a: Swampert\n|-damage|p1a: Swampert|0 fnt\n|faint|p1a: Swampert\n|\n|upkeep\n|inactive|Time left: 300 sec this turn | 300 sec total | 5 sec grace\n|\n|t:|1783565662\n|switch|p1a: Hitmontop|Hitmontop, L88, M|231/231\n|-ability|p1a: Hitmontop|Intimidate|boost\n|-unboost|p2a: Probopass|atk|1\n|turn|32\n|inactive|Time left: 300 sec this turn | 300 sec total\n|\n|t:|1783565663\n|move|p1a: Hitmontop|Earthquake|p2a: Probopass\n|-damage|p2a: Probopass|72/100\n|move|p2a: Probopass|Body Press|p1a: Hitmontop\n|-damage|p1a: Hitmontop|99/231\n|\n|upkeep\n|turn|33\n|inactive|Time left: 300 sec this turn | 300 sec total\n|\n|t:|1783565664\n|-terastallize|p1a: Hitmontop|Steel\n|move|p1a: Hitmontop|Rapid Spin|p2a: Probopass\n|-damage|p2a: Probopass|64/100\n|-boost|p1a: Hitmontop|spe|1\n|move|p2a: Probopass|Body Press|p1a: Hitmontop\n|-supereffective|p1a: Hitmontop\n|-damage|p1a: Hitmontop|0 fnt\n|faint|p1a: Hitmontop\n|\n|win|p0y2293c375", "uploadtime": 1783565664, "views": 0, "rating": 0, "private": 0, "password": null, "_winner": "p0y2293c375", "_our_name": "p0x2293b24c"}