{"id": "battle-gen9randombattle-237", "formatid": "gen9randombattle", "format": "[Gen 9] Random Battle", "players": ["p0x237ba98", "p0y2376173"], "log": "|init|battle\n|title|p0x237ba98 vs. p0y2376173\n|j|\u2606p0x237ba98\n|j|\u2606p0y2376173\n|t:|1783542311\n|gametype|singles\n|player|p1|p0x237ba98|266|\n|player|p2|p0y2376173|169|\n|gen|9\n|tier|[Gen 9] Random Battle\n|rule|Species Clause: Limit one of each Pok\u00e9mon\n|rule|HP Percentage Mod: HP is shown in percentages\n|rule|Sleep Clause Mod: Limit one foe put to sleep\n|rule|Illusion Level Mod: Illusion disguises the Pok\u00e9mon's true level\n|\n|t:|1783542311\n|teamsize|p1|6\n|teamsize|p2|6\n|start\n|switch|p1a: Garganacl|Garganacl, L80, F|291/291\n|switch|p2a: Iron Bundle|Iron Bundle, L78|100/100\n|turn|1\n|inactive|Battle timer is ON: inactive players will automatically lose when time's up. (requested by p0x237ba98)\n|\n|t:|1783542313\n|move|p2a: Iron Bundle|Hydro Pump|p1a: Garganacl\n|-supereffective|p1a: Garganacl\n|-damage|p1a: Garganacl|0 fnt\n|faint|p1a: Garganacl\n|\n|upkeep\n|inactive|Time left: 300 sec this turn | 300 sec total | 60 sec grace\n|inactive|p0y2376173 also wants the timer to be on.\n|\n|t:|1783542314\n|switch|p1a: Eelektross|Eelektross, L87, F|290/290\n|turn|2\n|inactive|Time left: 300 sec this turn | 300 sec total\n|\n|t:|1783542315\n|-end|p2a: Iron Bundle|Quark Drive|[silent]\n|switch|p2a: Raikou|Raikou, L81|100/100\n|-ability|p2a: Raikou|Pressure\n|move|p1a: Eelektross|Supercell Slam|p2a: Raikou\n|-resisted|p2a: Raikou\n|-damage|p2a: Raikou|73/100\n|\n|-heal|p2a: Raikou|79/100|[from] item: Leftovers\n|upkeep\n|turn|3\n|inactive|Time left: 300 sec this turn | 300 sec total\n|\n|t:|1783542317\n|move|p2a: Raikou|Calm Mind|p2a: Raikou\n|-boost|p2a: Raikou|spa|1\n|-boost|p2a: Raikou|spd|1\n|move|p1a: Eelektross|Coil|p1a: Eelektross\n|-boost|p1a: Eelektross|atk|1\n|-boost|p1a: Eelektross|def|1\n|-boost|p1a: Eelektross|accuracy|1\n|\n|-heal|p2a: Raikou|85/100|[from] item: Leftovers\n|upkeep\n|turn|4\n|inactive|Time left: 300 sec this turn | 300 sec total\n|\n|t:|1783542318\n|move|p2a: Raikou|Scald|p1a: Eelektross\n|-damage|p1a: Eelektross|192/290\n|-status|p1a: Eelektross|brn\n|move|p1a: Eelektross|Knock Off|p2a: Raikou\n|-damage|p2a: Raikou|58/100\n|-enditem|p2a: Raikou|Leftovers|[from] move: Knock Off|[of] p1a: Eelektross\n|\n|-heal|p1a: Eelektross|210/290 brn|[from] item: Leftovers\n|-damage|p1a: Eelektross|192/290 brn|[from] brn\n|upkeep\n|turn|5\n|inactive|Time left: 300 sec this turn | 300 sec total\n|\n|t:|1783542319\n|move|p2a: Raikou|Calm Mind|p2a: Raikou\n|-boost|p2a: Raikou|spa|1\n|-boost|p2a: Raikou|spd|1\n|move|p1a: Eelektross|Drain Punch|p2a: Raikou\n|-damage|p2a: Raikou|38/100\n|-heal|p1a: Eelektross|220/290 brn|[from] drain|[of] p2a: Raikou\n|\n|-heal|p1a: Eelektross|238/290 brn|[from] item: Leftovers\n|-damage|p1a: Eelektross|220/290 brn|[from] brn\n|upkeep\n|turn|6\n|inactive|Time left: 300 sec this turn | 300 sec total\n|\n|t:|1783542320\n|move|p2a: Raikou|Scald|p1a: Eelektross\n|-damage|p1a: Eelektross|98/290 brn\n|move|p1a: Eelektross|Drain Punch|p2a: Raikou\n|-damage|p2a: Raikou|17/100\n|-heal|p1a: Eelektross|128/290 brn|[from] drain|[of] p2a: Raikou\n|\n|-heal|p1a: Eelektross|146/290 brn|[from] item: Leftovers\n|-damage|p1a: Eelektross|128/290 brn|[from] brn\n|upkeep\n|turn|7\n|inactive|Time left: 300 sec this turn | 300 sec total\n|\n|t:|1783542322\n|move|p2a: Raikou|Scald|p1a: Eelektross\n|-damage|p1a: Eelektross|5/290 brn\n|move|p1a: Eelektross|Drain Punch|p2a: Raikou\n|-damage|p2a: Raikou|0 fnt\n|-heal|p1a: Eelektross|28/290 brn|[from] drain|[of] p2a: Raikou\n|faint|p2a: Raikou\n|\n|-heal|p1a: Eelektross|46/290 brn|[from] item: Leftovers\n|-damage|p1a: Eelektross|28/290 brn|[from] brn\n|upkeep\n|\n|t:|1783542323\n|switch|p2a: Blastoise|Blastoise, L80, M|100/100\n|turn|8\n|inactive|Time left: 300 sec this turn | 300 sec total\n|\n|t:|1783542324\n|move|p2a: Blastoise|Shell Smash|p2a: Blastoise\n|-unboost|p2a: Blastoise|def|1\n|-unboost|p2a: Blastoise|spd|1\n|-boost|p2a: Blastoise|atk|2\n|-boost|p2a: Blastoise|spa|2\n|-boost|p2a: Blastoise|spe|2\n|-enditem|p2a: Blastoise|White Herb\n|-clearnegativeboost|p2a: Blastoise|[silent]\n|move|p1a: Eelektross|Supercell Slam|p2a: Blastoise\n|-supereffective|p2a: Blastoise\n|-damage|p2a: Blastoise|34/100\n|\n|-heal|p1a: Eelektross|46/290 brn|[from] item: Leftovers\n|-damage|p1a: Eelektross|28/290 brn|[from] brn\n|upkeep\n|turn|9\n|inactive|Time left: 300 sec this turn | 300 sec total\n|\n|t:|1783542325\n|move|p2a: Blastoise|Ice Beam|p1a: Eelektross\n|-damage|p1a: Eelektross|0 fnt\n|faint|p1a: Eelektross\n|\n|upkeep\n|inactive|Time left: 300 sec this turn | 300 sec total | 5 sec grace\n|\n|t:|1783542326\n|switch|p1a: Iron Bundle|Iron Bundle, L78|215/215\n|turn|10\n|inactive|Time left: 300 sec this turn | 300 sec total\n|\n|t:|1783542328\n|-terastallize|p2a: Blastoise|Grass\n|move|p2a: Blastoise|Tera Blast|p1a: Iron Bundle|[anim] Tera Blast Grass\n|-supereffective|p1a: Iron Bundle\n|-damage|p1a: Iron Bundle|0 fnt\n|faint|p1a: Iron Bundle\n|-end|p1a: Iron Bundle|Quark Drive|[silent]\n|\n|upkeep\n|inactive|Time left: 300 sec this turn | 300 sec total | 5 sec grace\n|\n|t:|1783542329\n|switch|p1a: Wyrdeer|Wyrdeer, L87, M|321/321\n|-ability|p1a: Wyrdeer|Intimidate|boost\n|-unboost|p2a: Blastoise|atk|1\n|turn|11\n|inactive|Time left: 300 sec this turn | 300 sec total\n|\n|t:|1783542330\n|move|p2a: Blastoise|Hydro Pump|p1a: Wyrdeer\n|-damage|p1a: Wyrdeer|116/321\n|move|p1a: Wyrdeer|Megahorn|p2a: Blastoise|[miss]\n|-miss|p1a: Wyrdeer|p2a: Blastoise\n|\n|-heal|p1a: Wyrdeer|136/321|[from] item: Leftovers\n|upkeep\n|turn|12\n|inactive|Time left: 300 sec this turn | 300 sec total\n|\n|t:|1783542331\n|move|p2a: Blastoise|Tera Blast|p1a: Wyrdeer|[anim] Tera Blast Grass\n|-damage|p1a: Wyrdeer|0 fnt\n|faint|p1a: Wyrdeer\n|\n|upkeep\n|inactive|Time left: 300 sec this turn | 300 sec total | 5 sec grace\n|\n|t:|1783542332\n|switch|p1a: Houndoom|Houndoom, L87, M|272/272\n|turn|13\n|inactive|Time left: 300 sec this turn | 300 sec total\n|\n|t:|1783542333\n|-terastallize|p1a: Houndoom|Poison\n|move|p2a: Blastoise|Hydro Pump|p1a: Houndoom\n|-damage|p1a: Houndoom|67/272\n|move|p1a: Houndoom|Fire Blast|p2a: Blastoise\n|-supereffective|p2a: Blastoise\n|-damage|p2a: Blastoise|0 fnt\n|faint|p2a: Blastoise\n|\n|upkeep\n|\n|t:|1783542334\n|switch|p2a: Iron Bundle|Iron Bundle, L78|100/100\n|turn|14\n|inactive|Time left: 300 sec this turn | 300 sec total\n|\n|t:|1783542335\n|move|p2a: Iron Bundle|Freeze-Dry|p1a: Houndoom\n|-damage|p1a: Houndoom|0 fnt\n|faint|p1a: Houndoom\n|\n|upkeep\n|inactive|Time left: 300 sec this turn | 300 sec total | 5 sec grace\n|\n|t:|1783542336\n|switch|p1a: Garchomp|Garchomp, L74, F|282/282\n|turn|15\n|inactive|Time left: 300 sec this turn | 300 sec total\n|\n|t:|1783542337\n|move|p2a: Iron Bundle|Freeze-Dry|p1a: Garchomp\n|-supereffective|p1a: Garchomp\n|-damage|p1a: Garchomp|0 fnt\n|faint|p1a: Garchomp\n|\n|win|p0y2376173", "uploadtime": 1783542337, "views": 0, "rating": 0, "private": 0, "password": null, "_winner": "p0y2376173", "_our_name": "p0x237ba98"}