{"id": "battle-gen9randombattle-1625", "formatid": "gen9randombattle", "format": "[Gen 9] Random Battle", "players": ["p0x1625e81d", "p0y16251a2c"], "log": "|init|battle\n|title|p0x1625e81d vs. p0y16251a2c\n|j|\u2606p0x1625e81d\n|j|\u2606p0y16251a2c\n|t:|1783558042\n|gametype|singles\n|player|p1|p0x1625e81d|102|\n|player|p2|p0y16251a2c|2|\n|gen|9\n|tier|[Gen 9] Random Battle\n|rule|Species Clause: Limit one of each Pok\u00e9mon\n|rule|HP Percentage Mod: HP is shown in percentages\n|rule|Sleep Clause Mod: Limit one foe put to sleep\n|rule|Illusion Level Mod: Illusion disguises the Pok\u00e9mon's true level\n|\n|t:|1783558042\n|teamsize|p1|6\n|teamsize|p2|6\n|start\n|switch|p1a: Houndstone|Houndstone, L86, F|264/264\n|switch|p2a: Lunala|Lunala, L70|100/100\n|turn|1\n|inactive|Battle timer is ON: inactive players will automatically lose when time's up. (requested by p0y16251a2c)\n|inactive|Time left: 300 sec this turn | 300 sec total | 60 sec grace\n|inactive|p0x1625e81d also wants the timer to be on.\n|\n|t:|1783558044\n|move|p2a: Lunala|Moongeist Beam|p1a: Houndstone\n|-supereffective|p1a: Houndstone\n|-damage|p1a: Houndstone|130/264\n|move|p1a: Houndstone|Poltergeist|p2a: Lunala\n|-activate|p2a: Lunala|move: Poltergeist|Leftovers\n|-supereffective|p2a: Lunala\n|-damage|p2a: Lunala|0 fnt\n|faint|p2a: Lunala\n|\n|upkeep\n|\n|t:|1783558045\n|switch|p2a: Slaking|Slaking, L84, F|100/100\n|turn|2\n|inactive|Time left: 300 sec this turn | 300 sec total\n|\n|t:|1783558046\n|move|p2a: Slaking|Giga Impact|p1a: Houndstone\n|-immune|p1a: Houndstone\n|move|p1a: Houndstone|Body Press|p2a: Slaking\n|-supereffective|p2a: Slaking\n|-damage|p2a: Slaking|71/100\n|\n|upkeep\n|turn|3\n|inactive|Time left: 300 sec this turn | 300 sec total\n|\n|t:|1783558047\n|cant|p2a: Slaking|ability: Truant\n|move|p1a: Houndstone|Play Rough|p2a: Slaking\n|-damage|p2a: Slaking|57/100\n|\n|upkeep\n|turn|4\n|inactive|Time left: 300 sec this turn | 300 sec total\n|\n|t:|1783558048\n|move|p2a: Slaking|Giga Impact|p1a: Houndstone\n|-immune|p1a: Houndstone\n|move|p1a: Houndstone|Play Rough|p2a: Slaking\n|-damage|p2a: Slaking|39/100\n|-unboost|p2a: Slaking|atk|1\n|\n|upkeep\n|turn|5\n|inactive|Time left: 300 sec this turn | 300 sec total\n|\n|t:|1783558049\n|cant|p2a: Slaking|ability: Truant\n|move|p1a: Houndstone|Poltergeist|p2a: Slaking\n|-immune|p2a: Slaking\n|\n|upkeep\n|turn|6\n|inactive|Time left: 300 sec this turn | 300 sec total\n|\n|t:|1783558050\n|move|p2a: Slaking|Giga Impact|p1a: Houndstone\n|-immune|p1a: Houndstone\n|move|p1a: Houndstone|Poltergeist|p2a: Slaking\n|-immune|p2a: Slaking\n|\n|upkeep\n|turn|7\n|inactive|Time left: 300 sec this turn | 300 sec total\n|\n|t:|1783558051\n|switch|p2a: Garganacl|Garganacl, L80, F|100/100\n|move|p1a: Houndstone|Play Rough|p2a: Garganacl\n|-damage|p2a: Garganacl|82/100\n|\n|-heal|p2a: Garganacl|88/100|[from] item: Leftovers\n|upkeep\n|turn|8\n|inactive|Time left: 300 sec this turn | 300 sec total\n|\n|t:|1783558053\n|switch|p1a: Wyrdeer|Wyrdeer, L87, M|321/321\n|-ability|p1a: Wyrdeer|Intimidate|boost\n|-unboost|p2a: Garganacl|atk|1\n|move|p2a: Garganacl|Salt Cure|p1a: Wyrdeer\n|-damage|p1a: Wyrdeer|291/321\n|-start|p1a: Wyrdeer|Salt Cure\n|\n|-heal|p1a: Wyrdeer|311/321|[from] item: Leftovers\n|-heal|p2a: Garganacl|94/100|[from] item: Leftovers\n|-damage|p1a: Wyrdeer|271/321|[from] Salt Cure\n|upkeep\n|turn|9\n|inactive|Time left: 300 sec this turn | 300 sec total\n|\n|t:|1783558054\n|switch|p2a: Slaking|Slaking, L84, F|39/100\n|move|p1a: Wyrdeer|Psychic Noise|p2a: Slaking\n|-damage|p2a: Slaking|12/100\n|-start|p2a: Slaking|move: Heal Block\n|\n|-heal|p1a: Wyrdeer|291/321|[from] item: Leftovers\n|-damage|p1a: Wyrdeer|251/321|[from] Salt Cure\n|upkeep\n|turn|10\n|inactive|Time left: 300 sec this turn | 300 sec total\n|\n|t:|1783558055\n|switch|p1a: Houndstone|Houndstone, L86, F|130/264\n|move|p2a: Slaking|Giga Impact|p1a: Houndstone\n|-immune|p1a: Houndstone\n|\n|-end|p2a: Slaking|move: Heal Block\n|upkeep\n|turn|11\n|inactive|Time left: 300 sec this turn | 300 sec total\n|\n|t:|1783558056\n|switch|p2a: Garganacl|Garganacl, L80, F|94/100\n|move|p1a: Houndstone|Body Press|p2a: Garganacl\n|-supereffective|p2a: Garganacl\n|-damage|p2a: Garganacl|62/100\n|\n|-heal|p2a: Garganacl|69/100|[from] item: Leftovers\n|upkeep\n|turn|12\n|inactive|Time left: 300 sec this turn | 300 sec total\n|\n|t:|1783558057\n|switch|p1a: Wyrdeer|Wyrdeer, L87, M|251/321\n|-ability|p1a: Wyrdeer|Intimidate|boost\n|-unboost|p2a: Garganacl|atk|1\n|move|p2a: Garganacl|Salt Cure|p1a: Wyrdeer\n|-damage|p1a: Wyrdeer|218/321\n|-start|p1a: Wyrdeer|Salt Cure\n|\n|-heal|p1a: Wyrdeer|238/321|[from] item: Leftovers\n|-heal|p2a: Garganacl|75/100|[from] item: Leftovers\n|-damage|p1a: Wyrdeer|198/321|[from] Salt Cure\n|upkeep\n|turn|13\n|inactive|Time left: 300 sec this turn | 300 sec total\n|\n|t:|1783558058\n|switch|p2a: Meganium|Meganium, L90, M|100/100\n|move|p1a: Wyrdeer|Earthquake|p2a: Meganium\n|-resisted|p2a: Meganium\n|-damage|p2a: Meganium|88/100\n|\n|-heal|p2a: Meganium|94/100|[from] item: Leftovers\n|-heal|p1a: Wyrdeer|218/321|[from] item: Leftovers\n|-damage|p1a: Wyrdeer|178/321|[from] Salt Cure\n|upkeep\n|turn|14\n|inactive|Time left: 300 sec this turn | 300 sec total\n|\n|t:|1783558060\n|switch|p1a: Virizion|Virizion, L82|283/283\n|move|p2a: Meganium|Knock Off|p1a: Virizion\n|-resisted|p1a: Virizion\n|-crit|p1a: Virizion\n|-damage|p1a: Virizion|220/283\n|-ability|p1a: Virizion|Justified|boost\n|-boost|p1a: Virizion|atk|1\n|-enditem|p1a: Virizion|Life Orb|[from] move: Knock Off|[of] p2a: Meganium\n|\n|-heal|p2a: Meganium|100/100|[from] item: Leftovers\n|upkeep\n|turn|15\n|inactive|Time left: 300 sec this turn | 300 sec total\n|\n|t:|1783558061\n|move|p1a: Virizion|Swords Dance|p1a: Virizion\n|-boost|p1a: Virizion|atk|2\n|move|p2a: Meganium|Dragon Tail|p1a: Virizion|[miss]\n|-miss|p2a: Meganium|p1a: Virizion\n|\n|upkeep\n|turn|16\n|inactive|Time left: 300 sec this turn | 300 sec total\n|\n|t:|1783558062\n|move|p1a: Virizion|Close Combat|p2a: Meganium\n|-damage|p2a: Meganium|24/100\n|-unboost|p1a: Virizion|def|1\n|-unboost|p1a: Virizion|spd|1\n|move|p2a: Meganium|Dragon Tail|p1a: Virizion\n|-damage|p1a: Virizion|141/283\n|drag|p1a: Terrakion|Terrakion, L79|273/273\n|\n|-heal|p2a: Meganium|30/100|[from] item: Leftovers\n|upkeep\n|turn|17\n|inactive|Time left: 300 sec this turn | 300 sec total\n|\n|t:|1783558063\n|move|p1a: Terrakion|Close Combat|p2a: Meganium\n|-damage|p2a: Meganium|0 fnt\n|-unboost|p1a: Terrakion|def|1\n|-unboost|p1a: Terrakion|spd|1\n|faint|p2a: Meganium\n|\n|upkeep\n|\n|t:|1783558064\n|switch|p2a: Slaking|Slaking, L84, F|12/100\n|turn|18\n|inactive|Time left: 300 sec this turn | 300 sec total\n|\n|t:|1783558065\n|move|p1a: Terrakion|Close Combat|p2a: Slaking\n|-supereffective|p2a: Slaking\n|-damage|p2a: Slaking|0 fnt\n|-unboost|p1a: Terrakion|def|1\n|-unboost|p1a: Terrakion|spd|1\n|faint|p2a: Slaking\n|\n|upkeep\n|\n|t:|1783558066\n|switch|p2a: Talonflame|Talonflame, L83, F|100/100\n|turn|19\n|inactive|Time left: 300 sec this turn | 300 sec total\n|\n|t:|1783558067\n|switch|p1a: Azumarill|Azumarill, L82, F|298/298\n|move|p2a: Talonflame|Swords Dance|p2a: Talonflame\n|-boost|p2a: Talonflame|atk|2\n|\n|upkeep\n|turn|20\n|inactive|Time left: 300 sec this turn | 300 sec total\n|\n|t:|1783558068\n|switch|p2a: Dipplin|Dipplin, L88, M|100/100\n|move|p1a: Azumarill|Liquidation|p2a: Dipplin\n|-resisted|p2a: Dipplin\n|-damage|p2a: Dipplin|96/100\n|\n|upkeep\n|turn|21\n|inactive|Time left: 300 sec this turn | 300 sec total\n|\n|t:|1783558069\n|switch|p1a: Wyrdeer|Wyrdeer, L87, M|178/321\n|-ability|p1a: Wyrdeer|Intimidate|boost\n|-unboost|p2a: Dipplin|atk|1\n|move|p2a: Dipplin|Giga Drain|p1a: Wyrdeer\n|-damage|p1a: Wyrdeer|84/321\n|-heal|p2a: Dipplin|100/100|[from] drain|[of] p1a: Wyrdeer\n|\n|-heal|p1a: Wyrdeer|104/321|[from] item: Leftovers\n|upkeep\n|turn|22\n|inactive|Time left: 300 sec this turn | 300 sec total\n|\n|t:|1783558070\n|move|p1a: Wyrdeer|Psychic Noise|p2a: Dipplin\n|-damage|p2a: Dipplin|79/100\n|-start|p2a: Dipplin|move: Heal Block\n|move|p2a: Dipplin|Dragon Pulse|p1a: Wyrdeer\n|-damage|p1a: Wyrdeer|5/321\n|\n|-heal|p1a: Wyrdeer|25/321|[from] item: Leftovers\n|upkeep\n|turn|23\n|inactive|Time left: 300 sec this turn | 300 sec total\n|\n|t:|1783558071\n|switch|p1a: Azumarill|Azumarill, L82, F|298/298\n|move|p2a: Dipplin|Dragon Pulse|p1a: Azumarill\n|-immune|p1a: Azumarill\n|\n|-end|p2a: Dipplin|move: Heal Block\n|upkeep\n|turn|24\n|inactive|Time left: 300 sec this turn | 300 sec total\n|\n|t:|1783558072\n|switch|p1a: Virizion|Virizion, L82|141/283\n|move|p2a: Dipplin|Giga Drain|p1a: Virizion\n|-resisted|p1a: Virizion\n|-damage|p1a: Virizion|106/283\n|-heal|p2a: Dipplin|86/100|[from] drain|[of] p1a: Virizion\n|\n|upkeep\n|turn|25\n|inactive|Time left: 300 sec this turn | 300 sec total\n|\n|t:|1783558073\n|move|p1a: Virizion|Swords Dance|p1a: Virizion\n|-boost|p1a: Virizion|atk|2\n|move|p2a: Dipplin|Giga Drain|p1a: Virizion\n|-resisted|p1a: Virizion\n|-damage|p1a: Virizion|73/283\n|-heal|p2a: Dipplin|92/100|[from] drain|[of] p1a: Virizion\n|\n|upkeep\n|turn|26\n|inactive|Time left: 300 sec this turn | 300 sec total\n|\n|t:|1783558074\n|move|p1a: Virizion|Stone Edge|p2a: Dipplin\n|-damage|p2a: Dipplin|70/100\n|move|p2a: Dipplin|Dragon Pulse|p1a: Virizion\n|-damage|p1a: Virizion|0 fnt\n|faint|p1a: Virizion\n|\n|upkeep\n|inactive|Time left: 300 sec this turn | 300 sec total | 5 sec grace\n|\n|t:|1783558076\n|switch|p1a: Wyrdeer|Wyrdeer, L87, M|25/321\n|-ability|p1a: Wyrdeer|Intimidate|boost\n|-unboost|p2a: Dipplin|atk|1\n|turn|27\n|inactive|Time left: 300 sec this turn | 300 sec total\n|\n|t:|1783558077\n|switch|p2a: Garganacl|Garganacl, L80, F|75/100\n|move|p1a: Wyrdeer|Psychic Noise|p2a: Garganacl\n|-damage|p2a: Garganacl|44/100\n|-start|p2a: Garganacl|move: Heal Block\n|\n|-heal|p1a: Wyrdeer|45/321|[from] item: Leftovers\n|upkeep\n|turn|28\n|inactive|Time left: 300 sec this turn | 300 sec total\n|\n|t:|1783558078\n|move|p1a: Wyrdeer|Earthquake|p2a: Garganacl\n|-supereffective|p2a: Garganacl\n|-crit|p2a: Garganacl\n|-damage|p2a: Garganacl|0 fnt\n|faint|p2a: Garganacl\n|\n|-heal|p1a: Wyrdeer|65/321|[from] item: Leftovers\n|upkeep\n|\n|t:|1783558079\n|switch|p2a: Dipplin|Dipplin, L88, M|70/100\n|turn|29\n|inactive|Time left: 300 sec this turn | 300 sec total\n|\n|t:|1783558080\n|move|p1a: Wyrdeer|Psychic Noise|p2a: Dipplin\n|-damage|p2a: Dipplin|46/100\n|-start|p2a: Dipplin|move: Heal Block\n|cant|p2a: Dipplin|move: Heal Block|Giga Drain\n|\n|-heal|p1a: Wyrdeer|85/321|[from] item: Leftovers\n|upkeep\n|turn|30\n|inactive|Time left: 300 sec this turn | 300 sec total\n|\n|t:|1783558081\n|switch|p1a: Azumarill|Azumarill, L82, F|298/298\n|move|p2a: Dipplin|Dragon Pulse|p1a: Azumarill\n|-immune|p1a: Azumarill\n|\n|-end|p2a: Dipplin|move: Heal Block\n|upkeep\n|turn|31\n|inactive|Time left: 300 sec this turn | 300 sec total\n|\n|t:|1783558082\n|-terastallize|p2a: Dipplin|Steel\n|move|p1a: Azumarill|Play Rough|p2a: Dipplin|[miss]\n|-miss|p1a: Azumarill|p2a: Dipplin\n|move|p2a: Dipplin|Giga Drain|p1a: Azumarill\n|-supereffective|p1a: Azumarill\n|-damage|p1a: Azumarill|124/298\n|-heal|p2a: Dipplin|77/100|[from] drain|[of] p1a: Azumarill\n|-enditem|p1a: Azumarill|Sitrus Berry|[eat]\n|-heal|p1a: Azumarill|198/298|[from] item: Sitrus Berry\n|\n|upkeep\n|turn|32\n|inactive|Time left: 300 sec this turn | 300 sec total\n|\n|t:|1783558083\n|switch|p1a: Houndstone|Houndstone, L86, F|130/264\n|move|p2a: Dipplin|Giga Drain|p1a: Houndstone\n|-damage|p1a: Houndstone|76/264\n|-heal|p2a: Dipplin|86/100|[from] drain|[of] p1a: Houndstone\n|\n|upkeep\n|turn|33\n|inactive|Time left: 300 sec this turn | 300 sec total\n|\n|t:|1783558084\n|move|p1a: Houndstone|Play Rough|p2a: Dipplin\n|-resisted|p2a: Dipplin\n|-damage|p2a: Dipplin|80/100\n|move|p2a: Dipplin|Giga Drain|p1a: Houndstone\n|-damage|p1a: Houndstone|21/264\n|-heal|p2a: Dipplin|90/100|[from] drain|[of] p1a: Houndstone\n|\n|upkeep\n|turn|34\n|inactive|Time left: 300 sec this turn | 300 sec total\n|\n|t:|1783558085\n|move|p1a: Houndstone|Body Press|p2a: Dipplin\n|-supereffective|p2a: Dipplin\n|-damage|p2a: Dipplin|66/100\n|move|p2a: Dipplin|Giga Drain|p1a: Houndstone\n|-damage|p1a: Houndstone|0 fnt\n|-heal|p2a: Dipplin|70/100|[from] drain|[of] p1a: Houndstone\n|faint|p1a: Houndstone\n|\n|upkeep\n|inactive|Time left: 300 sec this turn | 300 sec total | 5 sec grace\n|\n|t:|1783558086\n|switch|p1a: Terrakion|Terrakion, L79|273/273\n|turn|35\n|inactive|Time left: 300 sec this turn | 300 sec total\n|\n|t:|1783558088\n|switch|p2a: Talonflame|Talonflame, L83, F|100/100\n|move|p1a: Terrakion|Close Combat|p2a: Talonflame\n|-resisted|p2a: Talonflame\n|-damage|p2a: Talonflame|56/100\n|-unboost|p1a: Terrakion|def|1\n|-unboost|p1a: Terrakion|spd|1\n|\n|upkeep\n|turn|36\n|inactive|Time left: 300 sec this turn | 300 sec total\n|\n|t:|1783558089\n|move|p2a: Talonflame|Tera Blast|p1a: Terrakion\n|-resisted|p1a: Terrakion\n|-damage|p1a: Terrakion|240/273\n|move|p1a: Terrakion|Close Combat|p2a: Talonflame\n|-resisted|p2a: Talonflame\n|-damage|p2a: Talonflame|8/100\n|-unboost|p1a: Terrakion|def|1\n|-unboost|p1a: Terrakion|spd|1\n|\n|upkeep\n|turn|37\n|inactive|Time left: 300 sec this turn | 300 sec total\n|\n|t:|1783558090\n|move|p2a: Talonflame|Brave Bird|p1a: Terrakion\n|-damage|p1a: Terrakion|20/273\n|-damage|p2a: Talonflame|0 fnt|[from] Recoil\n|faint|p2a: Talonflame\n|move|p1a: Terrakion|Close Combat|p2: Talonflame|[notarget]\n|-fail|p1a: Terrakion\n|\n|upkeep\n|\n|t:|1783558091\n|switch|p2a: Dipplin|Dipplin, L88, M, tera:Steel|70/100\n|turn|38\n|inactive|Time left: 300 sec this turn | 300 sec total\n|\n|t:|1783558092\n|move|p2a: Dipplin|Sucker Punch|p1a: Terrakion\n|-resisted|p1a: Terrakion\n|-damage|p1a: Terrakion|0 fnt\n|faint|p1a: Terrakion\n|\n|upkeep\n|inactive|Time left: 300 sec this turn | 300 sec total | 5 sec grace\n|\n|t:|1783558093\n|switch|p1a: Walking Wake|Walking Wake, L79|286/286\n|turn|39\n|inactive|Time left: 300 sec this turn | 300 sec total\n|\n|t:|1783558094\n|-terastallize|p1a: Walking Wake|Fire\n|move|p1a: Walking Wake|Flamethrower|p2a: Dipplin\n|-supereffective|p2a: Dipplin\n|-damage|p2a: Dipplin|9/100\n|-damage|p1a: Walking Wake|258/286|[from] item: Life Orb\n|move|p2a: Dipplin|Recover|p2a: Dipplin\n|-heal|p2a: Dipplin|59/100\n|\n|upkeep\n|turn|40\n|inactive|Time left: 300 sec this turn | 300 sec total\n|\n|t:|1783558095\n|move|p1a: Walking Wake|Flamethrower|p2a: Dipplin\n|-supereffective|p2a: Dipplin\n|-damage|p2a: Dipplin|0 fnt\n|faint|p2a: Dipplin\n|-damage|p1a: Walking Wake|230/286|[from] item: Life Orb\n|\n|win|p0x1625e81d", "uploadtime": 1783558095, "views": 0, "rating": 0, "private": 0, "password": null, "_winner": "p0x1625e81d", "_our_name": "p0x1625e81d"}