{"id": "battle-gen9randombattle-1361", "formatid": "gen9randombattle", "format": "[Gen 9] Random Battle", "players": ["p0x13619e7a", "p0y1361199d"], "log": "|init|battle\n|title|p0x13619e7a vs. p0y1361199d\n|j|\u2606p0x13619e7a\n|j|\u2606p0y1361199d\n|t:|1783554935\n|gametype|singles\n|player|p1|p0x13619e7a|169|\n|player|p2|p0y1361199d|265|\n|gen|9\n|tier|[Gen 9] Random Battle\n|rule|Species Clause: Limit one of each Pok\u00e9mon\n|rule|HP Percentage Mod: HP is shown in percentages\n|rule|Sleep Clause Mod: Limit one foe put to sleep\n|rule|Illusion Level Mod: Illusion disguises the Pok\u00e9mon's true level\n|\n|t:|1783554935\n|teamsize|p1|6\n|teamsize|p2|6\n|start\n|switch|p1a: Cramorant|Cramorant, L86, M|100/100\n|switch|p2a: Suicune|Suicune, L82|298/298\n|-ability|p2a: Suicune|Pressure\n|turn|1\n|inactive|Battle timer is ON: inactive players will automatically lose when time's up. (requested by p0y1361199d)\n|inactive|p0x13619e7a also wants the timer to be on.\n|\n|t:|1783554936\n|move|p1a: Cramorant|Surf|p2a: Suicune\n|-formechange|p1a: Cramorant|Cramorant-Gulping|\n|-resisted|p2a: Suicune\n|-damage|p2a: Suicune|259/298\n|move|p2a: Suicune|Calm Mind|p2a: Suicune\n|-boost|p2a: Suicune|spa|1\n|-boost|p2a: Suicune|spd|1\n|\n|-heal|p2a: Suicune|277/298|[from] item: Leftovers\n|upkeep\n|turn|2\n|inactive|Time left: 300 sec this turn | 300 sec total\n|\n|t:|1783554938\n|move|p1a: Cramorant|Brave Bird|p2a: Suicune\n|-damage|p2a: Suicune|178/298\n|-damage|p1a: Cramorant|88/100|[from] Recoil\n|move|p2a: Suicune|Calm Mind|p2a: Suicune\n|-boost|p2a: Suicune|spa|1\n|-boost|p2a: Suicune|spd|1\n|\n|-heal|p2a: Suicune|196/298|[from] item: Leftovers\n|upkeep\n|turn|3\n|inactive|Time left: 300 sec this turn | 300 sec total\n|\n|t:|1783554939\n|move|p1a: Cramorant|Brave Bird|p2a: Suicune\n|-damage|p2a: Suicune|91/298\n|-damage|p1a: Cramorant|74/100|[from] Recoil\n|move|p2a: Suicune|Calm Mind|p2a: Suicune\n|-boost|p2a: Suicune|spa|1\n|-boost|p2a: Suicune|spd|1\n|\n|-heal|p2a: Suicune|109/298|[from] item: Leftovers\n|upkeep\n|turn|4\n|inactive|Time left: 300 sec this turn | 300 sec total\n|\n|t:|1783554940\n|move|p1a: Cramorant|Brave Bird|p2a: Suicune\n|-damage|p2a: Suicune|0 fnt\n|faint|p2a: Suicune\n|-damage|p1a: Cramorant|61/100|[from] Recoil\n|\n|upkeep\n|inactive|Time left: 300 sec this turn | 300 sec total | 5 sec grace\n|\n|t:|1783554941\n|switch|p2a: Magnezone|Magnezone, L85|258/258\n|turn|5\n|inactive|Time left: 300 sec this turn | 300 sec total\n|\n|t:|1783554942\n|move|p1a: Cramorant|Roost|p1a: Cramorant\n|-heal|p1a: Cramorant|100/100\n|-singleturn|p1a: Cramorant|move: Roost\n|move|p2a: Magnezone|Volt Switch|p1a: Cramorant\n|-supereffective|p1a: Cramorant\n|-damage|p1a: Cramorant|35/100\n|-damage|p2a: Magnezone|194/258|[from] ability: Gulp Missile|[of] p1a: Cramorant\n|-unboost|p2a: Magnezone|def|1\n|-formechange|p1a: Cramorant|Cramorant|\n|inactive|Time left: 300 sec this turn | 300 sec total | 5 sec grace\n|\n|t:|1783554943\n|switch|p2a: Barraskewda|Barraskewda, L81, M|231/231|[from] Volt Switch\n|\n|upkeep\n|turn|6\n|inactive|Time left: 300 sec this turn | 300 sec total\n|\n|t:|1783554944\n|switch|p1a: Eternatus|Eternatus, L69|100/100\n|-ability|p1a: Eternatus|Pressure\n|move|p2a: Barraskewda|Waterfall|p1a: Eternatus\n|-resisted|p1a: Eternatus\n|-damage|p1a: Eternatus|75/100\n|\n|-heal|p1a: Eternatus|81/100|[from] item: Leftovers\n|upkeep\n|turn|7\n|inactive|Time left: 300 sec this turn | 300 sec total\n|\n|t:|1783554946\n|move|p2a: Barraskewda|Waterfall|p1a: Eternatus\n|-resisted|p1a: Eternatus\n|-damage|p1a: Eternatus|57/100\n|move|p1a: Eternatus|Dynamax Cannon|p2a: Barraskewda\n|-damage|p2a: Barraskewda|80/231\n|\n|-heal|p1a: Eternatus|63/100|[from] item: Leftovers\n|upkeep\n|turn|8\n|inactive|Time left: 300 sec this turn | 300 sec total\n|\n|t:|1783554947\n|move|p2a: Barraskewda|Waterfall|p1a: Eternatus\n|-resisted|p1a: Eternatus\n|-damage|p1a: Eternatus|37/100\n|cant|p1a: Eternatus|flinch\n|\n|-heal|p1a: Eternatus|43/100|[from] item: Leftovers\n|upkeep\n|turn|9\n|inactive|Time left: 300 sec this turn | 300 sec total\n|\n|t:|1783554948\n|move|p2a: Barraskewda|Waterfall|p1a: Eternatus\n|-resisted|p1a: Eternatus\n|-damage|p1a: Eternatus|18/100\n|move|p1a: Eternatus|Recover|p1a: Eternatus\n|-heal|p1a: Eternatus|68/100\n|\n|-heal|p1a: Eternatus|74/100|[from] item: Leftovers\n|upkeep\n|turn|10\n|inactive|Time left: 300 sec this turn | 300 sec total\n|\n|t:|1783554949\n|move|p2a: Barraskewda|Waterfall|p1a: Eternatus\n|-resisted|p1a: Eternatus\n|-damage|p1a: Eternatus|48/100\n|move|p1a: Eternatus|Sludge Bomb|p2a: Barraskewda\n|-damage|p2a: Barraskewda|0 fnt\n|faint|p2a: Barraskewda\n|\n|-heal|p1a: Eternatus|54/100|[from] item: Leftovers\n|upkeep\n|inactive|Time left: 300 sec this turn | 300 sec total | 5 sec grace\n|\n|t:|1783554950\n|switch|p2a: Magnezone|Magnezone, L85|194/258\n|turn|11\n|inactive|Time left: 300 sec this turn | 300 sec total\n|\n|t:|1783554951\n|move|p1a: Eternatus|Recover|p1a: Eternatus\n|-heal|p1a: Eternatus|100/100\n|move|p2a: Magnezone|Flash Cannon|p1a: Eternatus\n|-crit|p1a: Eternatus\n|-damage|p1a: Eternatus|34/100\n|\n|-heal|p1a: Eternatus|40/100|[from] item: Leftovers\n|upkeep\n|turn|12\n|inactive|Time left: 300 sec this turn | 300 sec total\n|\n|t:|1783554952\n|move|p1a: Eternatus|Recover|p1a: Eternatus\n|-heal|p1a: Eternatus|90/100\n|move|p2a: Magnezone|Flash Cannon|p1a: Eternatus\n|-damage|p1a: Eternatus|46/100\n|\n|-heal|p1a: Eternatus|52/100|[from] item: Leftovers\n|upkeep\n|turn|13\n|inactive|Time left: 300 sec this turn | 300 sec total\n|\n|t:|1783554953\n|move|p1a: Eternatus|Recover|p1a: Eternatus\n|-heal|p1a: Eternatus|100/100\n|move|p2a: Magnezone|Flash Cannon|p1a: Eternatus\n|-damage|p1a: Eternatus|62/100\n|\n|-heal|p1a: Eternatus|68/100|[from] item: Leftovers\n|upkeep\n|turn|14\n|inactive|Time left: 300 sec this turn | 300 sec total\n|\n|t:|1783554954\n|move|p1a: Eternatus|Fire Blast|p2a: Magnezone\n|-supereffective|p2a: Magnezone\n|-damage|p2a: Magnezone|96/258\n|move|p2a: Magnezone|Flash Cannon|p1a: Eternatus\n|-damage|p1a: Eternatus|26/100\n|\n|-heal|p1a: Eternatus|32/100|[from] item: Leftovers\n|upkeep\n|turn|15\n|inactive|Time left: 300 sec this turn | 300 sec total\n|\n|t:|1783554955\n|move|p1a: Eternatus|Recover|p1a: Eternatus\n|-heal|p1a: Eternatus|82/100\n|move|p2a: Magnezone|Flash Cannon|p1a: Eternatus\n|-damage|p1a: Eternatus|41/100\n|\n|-heal|p1a: Eternatus|48/100|[from] item: Leftovers\n|upkeep\n|turn|16\n|inactive|Time left: 300 sec this turn | 300 sec total\n|\n|t:|1783554956\n|move|p1a: Eternatus|Recover|p1a: Eternatus\n|-heal|p1a: Eternatus|98/100\n|move|p2a: Magnezone|Flash Cannon|p1a: Eternatus\n|-damage|p1a: Eternatus|55/100\n|\n|-heal|p1a: Eternatus|62/100|[from] item: Leftovers\n|upkeep\n|turn|17\n|inactive|Time left: 300 sec this turn | 300 sec total\n|\n|t:|1783554957\n|move|p1a: Eternatus|Fire Blast|p2a: Magnezone|[miss]\n|-miss|p1a: Eternatus|p2a: Magnezone\n|move|p2a: Magnezone|Flash Cannon|p1a: Eternatus\n|-damage|p1a: Eternatus|21/100\n|\n|-heal|p1a: Eternatus|27/100|[from] item: Leftovers\n|upkeep\n|turn|18\n|inactive|Time left: 300 sec this turn | 300 sec total\n|\n|t:|1783554958\n|move|p1a: Eternatus|Recover|p1a: Eternatus\n|-heal|p1a: Eternatus|77/100\n|move|p2a: Magnezone|Flash Cannon|p1a: Eternatus\n|-damage|p1a: Eternatus|38/100\n|\n|-heal|p1a: Eternatus|45/100|[from] item: Leftovers\n|upkeep\n|turn|19\n|inactive|Time left: 300 sec this turn | 300 sec total\n|\n|t:|1783554959\n|move|p1a: Eternatus|Recover|p1a: Eternatus\n|-heal|p1a: Eternatus|95/100\n|move|p2a: Magnezone|Discharge|p1a: Eternatus\n|-resisted|p1a: Eternatus\n|-damage|p1a: Eternatus|75/100\n|\n|-heal|p1a: Eternatus|81/100|[from] item: Leftovers\n|upkeep\n|turn|20\n|inactive|Time left: 300 sec this turn | 300 sec total\n|\n|t:|1783554960\n|move|p1a: Eternatus|Fire Blast|p2a: Magnezone\n|-supereffective|p2a: Magnezone\n|-damage|p2a: Magnezone|0 fnt\n|faint|p2a: Magnezone\n|\n|-heal|p1a: Eternatus|88/100|[from] item: Leftovers\n|upkeep\n|inactive|Time left: 300 sec this turn | 300 sec total | 5 sec grace\n|\n|t:|1783554960\n|switch|p2a: Chandelure|Chandelure, L83, M|235/235\n|turn|21\n|inactive|Time left: 300 sec this turn | 300 sec total\n|\n|t:|1783554961\n|move|p2a: Chandelure|Shadow Ball|p1a: Eternatus\n|-damage|p1a: Eternatus|47/100\n|-unboost|p1a: Eternatus|spd|1\n|move|p1a: Eternatus|Dynamax Cannon|p2a: Chandelure\n|-damage|p2a: Chandelure|138/235\n|\n|-heal|p1a: Eternatus|53/100|[from] item: Leftovers\n|upkeep\n|turn|22\n|inactive|Time left: 300 sec this turn | 300 sec total\n|\n|t:|1783554962\n|switch|p1a: Kyogre|Kyogre, L71|100/100\n|-weather|RainDance|[from] ability: Drizzle|[of] p1a: Kyogre\n|move|p2a: Chandelure|Shadow Ball|p1a: Kyogre\n|-damage|p1a: Kyogre|62/100\n|\n|-weather|RainDance|[upkeep]\n|-heal|p1a: Kyogre|68/100|[from] item: Leftovers\n|upkeep\n|turn|23\n|inactive|Time left: 300 sec this turn | 300 sec total\n|\n|t:|1783554963\n|move|p2a: Chandelure|Shadow Ball|p1a: Kyogre\n|-damage|p1a: Kyogre|29/100\n|move|p1a: Kyogre|Origin Pulse|p2a: Chandelure\n|-supereffective|p2a: Chandelure\n|-damage|p2a: Chandelure|0 fnt\n|faint|p2a: Chandelure\n|\n|-weather|RainDance|[upkeep]\n|-heal|p1a: Kyogre|36/100|[from] item: Leftovers\n|upkeep\n|inactive|Time left: 300 sec this turn | 300 sec total | 5 sec grace\n|\n|t:|1783554964\n|switch|p2a: Avalugg|Avalugg, L88, M|310/310\n|turn|24\n|inactive|Time left: 300 sec this turn | 300 sec total\n|\n|t:|1783554965\n|move|p1a: Kyogre|Origin Pulse|p2a: Avalugg\n|-damage|p2a: Avalugg|63/310\n|move|p2a: Avalugg|Body Press|p1a: Kyogre\n|-damage|p1a: Kyogre|0 fnt\n|faint|p1a: Kyogre\n|\n|-weather|RainDance|[upkeep]\n|upkeep\n|\n|t:|1783554966\n|switch|p1a: Espathra|Espathra, L80, M|100/100\n|turn|25\n|inactive|Time left: 300 sec this turn | 300 sec total\n|\n|t:|1783554967\n|move|p1a: Espathra|Lumina Crash|p2a: Avalugg\n|-damage|p2a: Avalugg|0 fnt\n|faint|p2a: Avalugg\n|\n|-weather|RainDance|[upkeep]\n|-ability|p1a: Espathra|Speed Boost|boost\n|-boost|p1a: Espathra|spe|1\n|upkeep\n|inactive|Time left: 300 sec this turn | 300 sec total | 5 sec grace\n|\n|t:|1783554968\n|switch|p2a: Regieleki|Regieleki, L79|256/256\n|turn|26\n|inactive|Time left: 300 sec this turn | 300 sec total\n|\n|t:|1783554969\n|-terastallize|p2a: Regieleki|Electric\n|move|p2a: Regieleki|Rapid Spin|p1a: Espathra\n|-damage|p1a: Espathra|85/100\n|-boost|p2a: Regieleki|spe|1\n|move|p1a: Espathra|Lumina Crash|p2a: Regieleki\n|-damage|p2a: Regieleki|51/256\n|-unboost|p2a: Regieleki|spd|2\n|\n|-weather|none\n|-ability|p1a: Espathra|Speed Boost|boost\n|-boost|p1a: Espathra|spe|1\n|upkeep\n|turn|27\n|inactive|Time left: 300 sec this turn | 300 sec total\n|\n|t:|1783554970\n|move|p2a: Regieleki|Thunderbolt|p1a: Espathra\n|-damage|p1a: Espathra|0 fnt\n|faint|p1a: Espathra\n|\n|upkeep\n|\n|t:|1783554971\n|switch|p1a: Sandy Shocks|Sandy Shocks, L80|100/100\n|turn|28\n|inactive|Time left: 300 sec this turn | 300 sec total\n|\n|t:|1783554972\n|move|p2a: Regieleki|Thunderbolt|p1a: Sandy Shocks\n|-immune|p1a: Sandy Shocks\n|move|p1a: Sandy Shocks|Volt Switch|p2a: Regieleki\n|-resisted|p2a: Regieleki\n|-damage|p2a: Regieleki|0 fnt\n|faint|p2a: Regieleki\n|\n|win|p0x13619e7a", "uploadtime": 1783554972, "views": 0, "rating": 0, "private": 0, "password": null, "_winner": "p0x13619e7a", "_our_name": "p0y1361199d"}