{"id": "battle-gen9randombattle-2141", "formatid": "gen9randombattle", "format": "[Gen 9] Random Battle", "players": ["p0x21418c32", "p0y214116b0"], "log": "|init|battle\n|title|p0x21418c32 vs. p0y214116b0\n|j|\u2606p0x21418c32\n|j|\u2606p0y214116b0\n|t:|1783564788\n|gametype|singles\n|player|p1|p0x21418c32|1|\n|player|p2|p0y214116b0|1|\n|gen|9\n|tier|[Gen 9] Random Battle\n|rule|Species Clause: Limit one of each Pok\u00e9mon\n|rule|HP Percentage Mod: HP is shown in percentages\n|rule|Sleep Clause Mod: Limit one foe put to sleep\n|rule|Illusion Level Mod: Illusion disguises the Pok\u00e9mon's true level\n|\n|t:|1783564788\n|teamsize|p1|6\n|teamsize|p2|6\n|start\n|switch|p1a: Oinkologne|Oinkologne, L92, M|352/352\n|switch|p2a: Coalossal|Coalossal, L89, M|100/100\n|turn|1\n|inactive|Battle timer is ON: inactive players will automatically lose when time's up. (requested by p0x21418c32)\n|inactive|p0y214116b0 also wants the timer to be on.\n|\n|t:|1783564790\n|move|p1a: Oinkologne|High Horsepower|p2a: Coalossal\n|-supereffective|p2a: Coalossal\n|-damage|p2a: Coalossal|27/100\n|move|p2a: Coalossal|Will-O-Wisp|p1a: Oinkologne\n|-status|p1a: Oinkologne|brn\n|\n|-damage|p1a: Oinkologne|330/352 brn|[from] brn\n|upkeep\n|turn|2\n|inactive|Time left: 300 sec this turn | 300 sec total\n|\n|t:|1783564791\n|switch|p1a: Blaziken|Blaziken, L76, M|247/247\n|switch|p2a: Dondozo|Dondozo, L78, F|100/100\n|\n|upkeep\n|turn|3\n|inactive|Time left: 300 sec this turn | 300 sec total\n|\n|t:|1783564792\n|switch|p1a: Archaludon|Archaludon, L78, M|268/268\n|move|p2a: Dondozo|Wave Crash|p1a: Archaludon\n|-resisted|p1a: Archaludon\n|-damage|p1a: Archaludon|220/268\n|-ability|p1a: Archaludon|Stamina|boost\n|-boost|p1a: Archaludon|def|1\n|-damage|p2a: Dondozo|96/100|[from] Recoil\n|\n|-heal|p1a: Archaludon|236/268|[from] item: Leftovers\n|-heal|p2a: Dondozo|100/100|[from] item: Leftovers\n|upkeep\n|turn|4\n|inactive|Time left: 300 sec this turn | 300 sec total\n|\n|t:|1783564793\n|switch|p2a: Flutter Mane|Flutter Mane, L74|100/100\n|move|p1a: Archaludon|Stealth Rock|p2a: Flutter Mane\n|-sidestart|p2: p0y214116b0|move: Stealth Rock\n|\n|-heal|p1a: Archaludon|252/268|[from] item: Leftovers\n|upkeep\n|turn|5\n|inactive|Time left: 300 sec this turn | 300 sec total\n|\n|t:|1783564794\n|move|p2a: Flutter Mane|Moonblast|p1a: Archaludon\n|-damage|p1a: Archaludon|65/268\n|-ability|p1a: Archaludon|Stamina|boost\n|-boost|p1a: Archaludon|def|1\n|move|p1a: Archaludon|Flash Cannon|p2a: Flutter Mane\n|-supereffective|p2a: Flutter Mane\n|-damage|p2a: Flutter Mane|26/100\n|-unboost|p2a: Flutter Mane|spd|1\n|\n|-heal|p1a: Archaludon|81/268|[from] item: Leftovers\n|upkeep\n|turn|6\n|inactive|Time left: 300 sec this turn | 300 sec total\n|\n|t:|1783564795\n|switch|p1a: Solgaleo|Solgaleo, L74|325/325\n|move|p2a: Flutter Mane|Moonblast|p1a: Solgaleo\n|-resisted|p1a: Solgaleo\n|-damage|p1a: Solgaleo|239/325\n|\n|upkeep\n|turn|7\n|inactive|Time left: 300 sec this turn | 300 sec total\n|\n|t:|1783564796\n|move|p2a: Flutter Mane|Moonblast|p1a: Solgaleo\n|-resisted|p1a: Solgaleo\n|-damage|p1a: Solgaleo|152/325\n|move|p1a: Solgaleo|Knock Off|p2a: Flutter Mane\n|-damage|p2a: Flutter Mane|0 fnt\n|-enditem|p2a: Flutter Mane|Choice Specs|[from] move: Knock Off|[of] p1a: Solgaleo\n|faint|p2a: Flutter Mane\n|-end|p2a: Flutter Mane|Protosynthesis|[silent]\n|\n|upkeep\n|\n|t:|1783564797\n|switch|p2a: Coalossal|Coalossal, L89, M|27/100\n|turn|8\n|inactive|Time left: 300 sec this turn | 300 sec total\n|\n|t:|1783564798\n|move|p1a: Solgaleo|Earthquake|p2a: Coalossal\n|-supereffective|p2a: Coalossal\n|-damage|p2a: Coalossal|0 fnt\n|faint|p2a: Coalossal\n|\n|upkeep\n|\n|t:|1783564799\n|switch|p2a: Grafaiai|Grafaiai, L86, M|100/100\n|-damage|p2a: Grafaiai|88/100|[from] Stealth Rock\n|turn|9\n|inactive|Time left: 300 sec this turn | 300 sec total\n|\n|t:|1783564800\n|move|p2a: Grafaiai|Knock Off|p1a: Solgaleo\n|-supereffective|p1a: Solgaleo\n|-damage|p1a: Solgaleo|0 fnt\n|-damage|p2a: Grafaiai|72/100|[from] item: Rocky Helmet|[of] p1a: Solgaleo\n|-enditem|p1a: Solgaleo|Rocky Helmet|[from] move: Knock Off|[of] p2a: Grafaiai\n|faint|p1a: Solgaleo\n|-damage|p2a: Grafaiai|62/100|[from] item: Life Orb\n|\n|upkeep\n|inactive|Time left: 300 sec this turn | 300 sec total | 5 sec grace\n|\n|t:|1783564800\n|switch|p1a: Piloswine|Piloswine, L85, F|309/309\n|turn|10\n|inactive|Time left: 300 sec this turn | 300 sec total\n|\n|t:|1783564801\n|switch|p2a: Dondozo|Dondozo, L78, F|100/100\n|-damage|p2a: Dondozo|88/100|[from] Stealth Rock\n|move|p1a: Piloswine|Earthquake|p2a: Dondozo\n|-damage|p2a: Dondozo|59/100\n|\n|-heal|p2a: Dondozo|65/100|[from] item: Leftovers\n|upkeep\n|turn|11\n|inactive|Time left: 300 sec this turn | 300 sec total\n|\n|t:|1783564802\n|move|p1a: Piloswine|Earthquake|p2a: Dondozo\n|-damage|p2a: Dondozo|38/100\n|move|p2a: Dondozo|Wave Crash|p1a: Piloswine\n|-supereffective|p1a: Piloswine\n|-damage|p1a: Piloswine|133/309\n|-damage|p2a: Dondozo|22/100|[from] Recoil\n|\n|-heal|p2a: Dondozo|28/100|[from] item: Leftovers\n|upkeep\n|turn|12\n|inactive|Time left: 300 sec this turn | 300 sec total\n|\n|t:|1783564803\n|move|p1a: Piloswine|Earthquake|p2a: Dondozo\n|-damage|p2a: Dondozo|1/100\n|move|p2a: Dondozo|Wave Crash|p1a: Piloswine\n|-supereffective|p1a: Piloswine\n|-damage|p1a: Piloswine|0 fnt\n|faint|p1a: Piloswine\n|-damage|p2a: Dondozo|0 fnt|[from] Recoil\n|faint|p2a: Dondozo\n|\n|upkeep\n|inactive|Time left: 300 sec this turn | 300 sec total | 5 sec grace\n|\n|t:|1783564804\n|switch|p1a: Reuniclus|Reuniclus, L88, M|337/337\n|switch|p2a: Tentacruel|Tentacruel, L84, M|100/100\n|-damage|p2a: Tentacruel|88/100|[from] Stealth Rock\n|turn|13\n|inactive|Time left: 300 sec this turn | 300 sec total\n|\n|t:|1783564805\n|move|p2a: Tentacruel|Knock Off|p1a: Reuniclus\n|-supereffective|p1a: Reuniclus\n|-damage|p1a: Reuniclus|219/337\n|-enditem|p1a: Reuniclus|Life Orb|[from] move: Knock Off|[of] p2a: Tentacruel\n|move|p1a: Reuniclus|Psychic|p2a: Tentacruel\n|-supereffective|p2a: Tentacruel\n|-damage|p2a: Tentacruel|19/100\n|\n|-heal|p2a: Tentacruel|25/100|[from] item: Leftovers\n|upkeep\n|turn|14\n|inactive|Time left: 300 sec this turn | 300 sec total\n|\n|t:|1783564807\n|move|p2a: Tentacruel|Knock Off|p1a: Reuniclus\n|-supereffective|p1a: Reuniclus\n|-crit|p1a: Reuniclus\n|-damage|p1a: Reuniclus|95/337\n|move|p1a: Reuniclus|Psychic|p2a: Tentacruel\n|-supereffective|p2a: Tentacruel\n|-damage|p2a: Tentacruel|0 fnt\n|faint|p2a: Tentacruel\n|\n|upkeep\n|\n|t:|1783564808\n|switch|p2a: Grafaiai|Grafaiai, L86, M|62/100\n|-damage|p2a: Grafaiai|49/100|[from] Stealth Rock\n|turn|15\n|inactive|Time left: 300 sec this turn | 300 sec total\n|\n|t:|1783564809\n|switch|p1a: Blaziken|Blaziken, L76, M|247/247\n|move|p2a: Grafaiai|Gunk Shot|p1a: Blaziken\n|-damage|p1a: Blaziken|21/247\n|-damage|p2a: Grafaiai|40/100|[from] item: Life Orb\n|\n|upkeep\n|turn|16\n|inactive|Time left: 300 sec this turn | 300 sec total\n|\n|t:|1783564810\n|switch|p1a: Oinkologne|Oinkologne, L92, M|330/352 brn\n|move|p2a: Grafaiai|Knock Off|p1a: Oinkologne\n|-damage|p1a: Oinkologne|226/352 brn\n|-enditem|p1a: Oinkologne|Leftovers|[from] move: Knock Off|[of] p2a: Grafaiai\n|-damage|p2a: Grafaiai|30/100|[from] item: Life Orb\n|\n|-damage|p1a: Oinkologne|204/352 brn|[from] brn\n|upkeep\n|turn|17\n|inactive|Time left: 300 sec this turn | 300 sec total\n|\n|t:|1783564811\n|move|p2a: Grafaiai|Low Kick|p1a: Oinkologne\n|-supereffective|p1a: Oinkologne\n|-damage|p1a: Oinkologne|25/352 brn\n|-damage|p2a: Grafaiai|21/100|[from] item: Life Orb\n|move|p1a: Oinkologne|Double-Edge|p2a: Grafaiai\n|-damage|p2a: Grafaiai|0 fnt\n|faint|p2a: Grafaiai\n|-damage|p1a: Oinkologne|8/352 brn|[from] Recoil\n|\n|-damage|p1a: Oinkologne|0 fnt|[from] brn\n|faint|p1a: Oinkologne\n|upkeep\n|inactive|Time left: 300 sec this turn | 300 sec total | 5 sec grace\n|\n|t:|1783564812\n|switch|p2a: Goodra|Goodra, L85, M|100/100\n|switch|p1a: Blaziken|Blaziken, L76, M|21/247\n|-damage|p2a: Goodra|88/100|[from] Stealth Rock\n|turn|18\n|inactive|Time left: 300 sec this turn | 300 sec total\n|\n|t:|1783564813\n|switch|p1a: Archaludon|Archaludon, L78, M|81/268\n|move|p2a: Goodra|Earthquake|p1a: Archaludon\n|-supereffective|p1a: Archaludon\n|-damage|p1a: Archaludon|0 fnt\n|faint|p1a: Archaludon\n|\n|upkeep\n|inactive|Time left: 300 sec this turn | 300 sec total | 5 sec grace\n|\n|t:|1783564814\n|switch|p1a: Reuniclus|Reuniclus, L88, M|95/337\n|turn|19\n|inactive|Time left: 300 sec this turn | 300 sec total\n|\n|t:|1783564815\n|switch|p1a: Blaziken|Blaziken, L76, M|21/247\n|move|p2a: Goodra|Draco Meteor|p1a: Blaziken\n|-damage|p1a: Blaziken|0 fnt\n|-unboost|p2a: Goodra|spa|2\n|faint|p1a: Blaziken\n|\n|upkeep\n|inactive|Time left: 300 sec this turn | 300 sec total | 5 sec grace\n|\n|t:|1783564817\n|switch|p1a: Reuniclus|Reuniclus, L88, M|95/337\n|turn|20\n|inactive|Time left: 300 sec this turn | 300 sec total\n|\n|t:|1783564818\n|-terastallize|p2a: Goodra|Grass\n|move|p2a: Goodra|Power Whip|p1a: Reuniclus\n|-damage|p1a: Reuniclus|0 fnt\n|faint|p1a: Reuniclus\n|\n|win|p0y214116b0", "uploadtime": 1783564818, "views": 0, "rating": 0, "private": 0, "password": null, "_winner": "p0y214116b0", "_our_name": "p0x21418c32"}