{"id": "battle-gen9randombattle-1324", "formatid": "gen9randombattle", "format": "[Gen 9] Random Battle", "players": ["p0x1324c7dc", "p0y1324e380"], "log": "|init|battle\n|title|p0x1324c7dc vs. p0y1324e380\n|j|\u2606p0x1324c7dc\n|j|\u2606p0y1324e380\n|t:|1783554507\n|gametype|singles\n|player|p1|p0x1324c7dc|169|\n|player|p2|p0y1324e380|2|\n|gen|9\n|tier|[Gen 9] Random Battle\n|rule|Species Clause: Limit one of each Pok\u00e9mon\n|rule|HP Percentage Mod: HP is shown in percentages\n|rule|Sleep Clause Mod: Limit one foe put to sleep\n|rule|Illusion Level Mod: Illusion disguises the Pok\u00e9mon's true level\n|\n|t:|1783554507\n|teamsize|p1|6\n|teamsize|p2|6\n|start\n|switch|p1a: Comfey|Comfey, L85, F|100/100\n|switch|p2a: Jolteon|Jolteon, L84, M|246/246\n|turn|1\n|inactive|Battle timer is ON: inactive players will automatically lose when time's up. (requested by p0x1324c7dc)\n|inactive|Time left: 300 sec this turn | 300 sec total | 60 sec grace\n|\n|t:|1783554508\n|move|p2a: Jolteon|Calm Mind|p2a: Jolteon\n|-boost|p2a: Jolteon|spa|1\n|-boost|p2a: Jolteon|spd|1\n|move|p1a: Comfey|Calm Mind|p1a: Comfey\n|-boost|p1a: Comfey|spa|1\n|-boost|p1a: Comfey|spd|1\n|\n|upkeep\n|turn|2\n|inactive|Time left: 300 sec this turn | 300 sec total\n|inactive|p0y1324e380 also wants the timer to be on.\n|\n|t:|1783554509\n|move|p2a: Jolteon|Calm Mind|p2a: Jolteon\n|-boost|p2a: Jolteon|spa|1\n|-boost|p2a: Jolteon|spd|1\n|move|p1a: Comfey|Calm Mind|p1a: Comfey\n|-boost|p1a: Comfey|spa|1\n|-boost|p1a: Comfey|spd|1\n|\n|upkeep\n|turn|3\n|inactive|Time left: 300 sec this turn | 300 sec total\n|\n|t:|1783554510\n|move|p2a: Jolteon|Thunderbolt|p1a: Comfey\n|-damage|p1a: Comfey|58/100\n|move|p1a: Comfey|Calm Mind|p1a: Comfey\n|-boost|p1a: Comfey|spa|1\n|-boost|p1a: Comfey|spd|1\n|\n|-heal|p1a: Comfey|64/100|[from] item: Leftovers\n|upkeep\n|turn|4\n|inactive|Time left: 300 sec this turn | 300 sec total\n|\n|t:|1783554511\n|move|p1a: Comfey|Draining Kiss|p2a: Jolteon\n|-damage|p2a: Jolteon|186/246\n|-heal|p1a: Comfey|84/100|[from] drain|[of] p2a: Jolteon\n|move|p2a: Jolteon|Thunderbolt|p1a: Comfey\n|-damage|p1a: Comfey|55/100\n|-status|p1a: Comfey|par\n|\n|-heal|p2a: Jolteon|201/246|[from] item: Leftovers\n|-heal|p1a: Comfey|61/100 par|[from] item: Leftovers\n|upkeep\n|turn|5\n|inactive|Time left: 300 sec this turn | 300 sec total\n|\n|t:|1783554512\n|move|p1a: Comfey|Draining Kiss|p2a: Jolteon\n|-damage|p2a: Jolteon|138/246\n|-heal|p1a: Comfey|82/100 par|[from] drain|[of] p2a: Jolteon\n|move|p2a: Jolteon|Calm Mind|p2a: Jolteon\n|-boost|p2a: Jolteon|spa|1\n|-boost|p2a: Jolteon|spd|1\n|\n|-heal|p2a: Jolteon|153/246|[from] item: Leftovers\n|-heal|p1a: Comfey|88/100 par|[from] item: Leftovers\n|upkeep\n|turn|6\n|inactive|Time left: 300 sec this turn | 300 sec total\n|\n|t:|1783554513\n|move|p2a: Jolteon|Thunderbolt|p1a: Comfey\n|-damage|p1a: Comfey|48/100 par\n|cant|p1a: Comfey|par\n|\n|-heal|p2a: Jolteon|168/246|[from] item: Leftovers\n|-heal|p1a: Comfey|54/100 par|[from] item: Leftovers\n|upkeep\n|turn|7\n|inactive|Time left: 300 sec this turn | 300 sec total\n|\n|t:|1783554513\n|cant|p1a: Comfey|par\n|move|p2a: Jolteon|Thunderbolt|p1a: Comfey\n|-damage|p1a: Comfey|12/100 par\n|\n|-heal|p2a: Jolteon|183/246|[from] item: Leftovers\n|-heal|p1a: Comfey|18/100 par|[from] item: Leftovers\n|upkeep\n|turn|8\n|inactive|Time left: 300 sec this turn | 300 sec total\n|\n|t:|1783554514\n|move|p1a: Comfey|Draining Kiss|p2a: Jolteon\n|-damage|p2a: Jolteon|138/246\n|-heal|p1a: Comfey|33/100 par|[from] drain|[of] p2a: Jolteon\n|move|p2a: Jolteon|Tera Blast|p1a: Comfey\n|-damage|p1a: Comfey|12/100 par\n|\n|-heal|p2a: Jolteon|153/246|[from] item: Leftovers\n|-heal|p1a: Comfey|18/100 par|[from] item: Leftovers\n|upkeep\n|turn|9\n|inactive|Time left: 300 sec this turn | 300 sec total\n|\n|t:|1783554515\n|cant|p1a: Comfey|par\n|move|p2a: Jolteon|Tera Blast|p1a: Comfey\n|-damage|p1a: Comfey|0 fnt\n|faint|p1a: Comfey\n|\n|-heal|p2a: Jolteon|168/246|[from] item: Leftovers\n|upkeep\n|\n|t:|1783554516\n|switch|p1a: Minun|Minun, L95, F|100/100\n|turn|10\n|inactive|Time left: 300 sec this turn | 300 sec total\n|\n|t:|1783554517\n|switch|p1a: Golurk|Golurk, L87|100/100\n|move|p2a: Jolteon|Tera Blast|p1a: Golurk\n|-immune|p1a: Golurk\n|\n|-heal|p2a: Jolteon|183/246|[from] item: Leftovers\n|upkeep\n|turn|11\n|inactive|Time left: 300 sec this turn | 300 sec total\n|\n|t:|1783554518\n|switch|p1a: Cloyster|Cloyster, L80, F|100/100\n|-terastallize|p2a: Jolteon|Ice\n|move|p2a: Jolteon|Tera Blast|p1a: Cloyster|[anim] Tera Blast Ice\n|-resisted|p1a: Cloyster\n|-damage|p1a: Cloyster|59/100\n|\n|-heal|p2a: Jolteon|198/246|[from] item: Leftovers\n|upkeep\n|turn|12\n|inactive|Time left: 300 sec this turn | 300 sec total\n|\n|t:|1783554519\n|move|p2a: Jolteon|Thunderbolt|p1a: Cloyster\n|-supereffective|p1a: Cloyster\n|-damage|p1a: Cloyster|0 fnt\n|faint|p1a: Cloyster\n|\n|-heal|p2a: Jolteon|213/246|[from] item: Leftovers\n|upkeep\n|\n|t:|1783554520\n|switch|p1a: Porygon-Z|Porygon-Z, L83|100/100\n|turn|13\n|inactive|Time left: 300 sec this turn | 300 sec total\n|\n|t:|1783554521\n|move|p1a: Porygon-Z|Tri Attack|p2a: Jolteon\n|-damage|p2a: Jolteon|153/246\n|move|p2a: Jolteon|Tera Blast|p1a: Porygon-Z|[anim] Tera Blast Ice\n|-damage|p1a: Porygon-Z|12/100\n|\n|-heal|p2a: Jolteon|168/246|[from] item: Leftovers\n|upkeep\n|turn|14\n|inactive|Time left: 300 sec this turn | 300 sec total\n|\n|t:|1783554522\n|move|p1a: Porygon-Z|Tri Attack|p2a: Jolteon\n|-damage|p2a: Jolteon|110/246\n|move|p2a: Jolteon|Tera Blast|p1a: Porygon-Z|[anim] Tera Blast Ice\n|-damage|p1a: Porygon-Z|0 fnt\n|faint|p1a: Porygon-Z\n|\n|-heal|p2a: Jolteon|125/246|[from] item: Leftovers\n|upkeep\n|\n|t:|1783554523\n|switch|p1a: Minun|Minun, L95, F|100/100\n|turn|15\n|inactive|Time left: 300 sec this turn | 300 sec total\n|\n|t:|1783554524\n|move|p2a: Jolteon|Tera Blast|p1a: Minun|[anim] Tera Blast Ice\n|-damage|p1a: Minun|21/100\n|move|p1a: Minun|Nasty Plot|p1a: Minun\n|-boost|p1a: Minun|spa|2\n|\n|-heal|p2a: Jolteon|140/246|[from] item: Leftovers\n|upkeep\n|turn|16\n|inactive|Time left: 300 sec this turn | 300 sec total\n|\n|t:|1783554525\n|move|p2a: Jolteon|Tera Blast|p1a: Minun|[anim] Tera Blast Ice\n|-damage|p1a: Minun|0 fnt\n|faint|p1a: Minun\n|\n|-heal|p2a: Jolteon|155/246|[from] item: Leftovers\n|upkeep\n|\n|t:|1783554526\n|switch|p1a: Altaria|Altaria, L89, F|100/100\n|turn|17\n|inactive|Time left: 300 sec this turn | 300 sec total\n|\n|t:|1783554527\n|-terastallize|p1a: Altaria|Ground\n|move|p2a: Jolteon|Tera Blast|p1a: Altaria|[anim] Tera Blast Ice\n|-supereffective|p1a: Altaria\n|-crit|p1a: Altaria\n|-damage|p1a: Altaria|0 fnt\n|faint|p1a: Altaria\n|\n|-heal|p2a: Jolteon|170/246|[from] item: Leftovers\n|upkeep\n|\n|t:|1783554528\n|switch|p1a: Golurk|Golurk, L87|100/100\n|turn|18\n|inactive|Time left: 300 sec this turn | 300 sec total\n|\n|t:|1783554529\n|move|p2a: Jolteon|Tera Blast|p1a: Golurk|[anim] Tera Blast Ice\n|-supereffective|p1a: Golurk\n|-damage|p1a: Golurk|0 fnt\n|faint|p1a: Golurk\n|\n|win|p0y1324e380", "uploadtime": 1783554529, "views": 0, "rating": 0, "private": 0, "password": null, "_winner": "p0y1324e380", "_our_name": "p0y1324e380"}