{"id": "battle-gen9randombattle-1997", "formatid": "gen9randombattle", "format": "[Gen 9] Random Battle", "players": ["p0x19977353", "p0y199734b2"], "log": "|init|battle\n|title|p0x19977353 vs. p0y199734b2\n|j|\u2606p0x19977353\n|j|\u2606p0y199734b2\n|t:|1783563093\n|gametype|singles\n|player|p1|p0x19977353|170|\n|player|p2|p0y199734b2|170|\n|gen|9\n|tier|[Gen 9] Random Battle\n|rule|Species Clause: Limit one of each Pok\u00e9mon\n|rule|HP Percentage Mod: HP is shown in percentages\n|rule|Sleep Clause Mod: Limit one foe put to sleep\n|rule|Illusion Level Mod: Illusion disguises the Pok\u00e9mon's true level\n|\n|t:|1783563093\n|teamsize|p1|6\n|teamsize|p2|6\n|start\n|switch|p1a: Porygon-Z|Porygon-Z, L83|100/100\n|switch|p2a: Perrserker|Perrserker, L89, F|269/269\n|turn|1\n|inactive|Battle timer is ON: inactive players will automatically lose when time's up. (requested by p0x19977353)\n|inactive|Time left: 300 sec this turn | 300 sec total | 60 sec grace\n|inactive|p0y199734b2 also wants the timer to be on.\n|\n|t:|1783563095\n|-terastallize|p1a: Porygon-Z|Ghost\n|move|p1a: Porygon-Z|Shadow Ball|p2a: Perrserker\n|-damage|p2a: Perrserker|0 fnt\n|faint|p2a: Perrserker\n|\n|upkeep\n|inactive|Time left: 300 sec this turn | 300 sec total | 65 sec grace\n|\n|t:|1783563096\n|switch|p2a: Oranguru|Oranguru, L92, F|315/315\n|turn|2\n|inactive|Time left: 300 sec this turn | 300 sec total\n|\n|t:|1783563098\n|switch|p1a: Veluza|Veluza, L85, M|100/100\n|move|p2a: Oranguru|Psyshock|p1a: Veluza\n|-resisted|p1a: Veluza\n|-damage|p1a: Veluza|75/100\n|\n|upkeep\n|turn|3\n|inactive|Time left: 300 sec this turn | 300 sec total\n|\n|t:|1783563099\n|move|p1a: Veluza|Night Slash|p2a: Oranguru\n|-supereffective|p2a: Oranguru\n|-damage|p2a: Oranguru|95/315\n|move|p2a: Oranguru|Psyshock|p1a: Veluza\n|-resisted|p1a: Veluza\n|-damage|p1a: Veluza|49/100\n|\n|upkeep\n|turn|4\n|inactive|Time left: 300 sec this turn | 300 sec total\n|\n|t:|1783563100\n|switch|p2a: Pincurchin|Pincurchin, M|258/258\n|-fieldstart|move: Electric Terrain|[from] ability: Electric Surge|[of] p2a: Pincurchin\n|move|p1a: Veluza|Night Slash|p2a: Pincurchin\n|-damage|p2a: Pincurchin|158/258\n|\n|-heal|p2a: Pincurchin|174/258|[from] item: Leftovers\n|upkeep\n|turn|5\n|inactive|Time left: 300 sec this turn | 300 sec total\n|\n|t:|1783563101\n|switch|p1a: Raging Bolt|Raging Bolt, L78|100/100\n|-enditem|p1a: Raging Bolt|Booster Energy\n|-activate|p1a: Raging Bolt|ability: Protosynthesis|[fromitem]\n|-start|p1a: Raging Bolt|protosynthesisspa\n|move|p2a: Pincurchin|Thunderbolt|p1a: Raging Bolt\n|-resisted|p1a: Raging Bolt\n|-damage|p1a: Raging Bolt|86/100\n|\n|-heal|p2a: Pincurchin|190/258|[from] item: Leftovers\n|upkeep\n|turn|6\n|inactive|Time left: 300 sec this turn | 300 sec total\n|\n|t:|1783563102\n|move|p1a: Raging Bolt|Thunderbolt|p2a: Pincurchin\n|-resisted|p2a: Pincurchin\n|-crit|p2a: Pincurchin\n|-damage|p2a: Pincurchin|75/258\n|move|p2a: Pincurchin|Toxic Spikes|p1a: Raging Bolt\n|-sidestart|p1: p0x19977353|move: Toxic Spikes\n|\n|-heal|p2a: Pincurchin|91/258|[from] item: Leftovers\n|upkeep\n|turn|7\n|inactive|Time left: 300 sec this turn | 300 sec total\n|\n|t:|1783563103\n|switch|p2a: Snorlax|Snorlax, L82, M|397/397\n|move|p1a: Raging Bolt|Dragon Pulse|p2a: Snorlax\n|-damage|p2a: Snorlax|277/397\n|\n|-heal|p2a: Snorlax|301/397|[from] item: Leftovers\n|upkeep\n|turn|8\n|inactive|Time left: 300 sec this turn | 300 sec total\n|\n|t:|1783563104\n|move|p1a: Raging Bolt|Thunderbolt|p2a: Snorlax\n|-damage|p2a: Snorlax|130/397\n|move|p2a: Snorlax|Earthquake|p1a: Raging Bolt\n|-supereffective|p1a: Raging Bolt\n|-damage|p1a: Raging Bolt|41/100\n|\n|-heal|p2a: Snorlax|154/397|[from] item: Leftovers\n|-fieldend|move: Electric Terrain\n|upkeep\n|turn|9\n|inactive|Time left: 300 sec this turn | 300 sec total\n|\n|t:|1783563105\n|move|p1a: Raging Bolt|Thunderbolt|p2a: Snorlax\n|-damage|p2a: Snorlax|34/397\n|move|p2a: Snorlax|Earthquake|p1a: Raging Bolt\n|-supereffective|p1a: Raging Bolt\n|-damage|p1a: Raging Bolt|0 fnt\n|faint|p1a: Raging Bolt\n|-end|p1a: Raging Bolt|Protosynthesis|[silent]\n|\n|-heal|p2a: Snorlax|58/397|[from] item: Leftovers\n|upkeep\n|\n|t:|1783563106\n|switch|p1a: Blaziken|Blaziken, L76, M|100/100\n|-status|p1a: Blaziken|psn\n|turn|10\n|inactive|Time left: 300 sec this turn | 300 sec total\n|\n|t:|1783563107\n|switch|p2a: Dragonite|Dragonite, L74, M|257/257\n|move|p1a: Blaziken|Flare Blitz|p2a: Dragonite\n|-resisted|p2a: Dragonite\n|-damage|p2a: Dragonite|216/257\n|-damage|p1a: Blaziken|95/100 psn|[from] Recoil\n|-damage|p1a: Blaziken|85/100 psn|[from] item: Life Orb\n|\n|-damage|p1a: Blaziken|73/100 psn|[from] psn\n|-ability|p1a: Blaziken|Speed Boost|boost\n|-boost|p1a: Blaziken|spe|1\n|upkeep\n|turn|11\n|inactive|Time left: 300 sec this turn | 300 sec total\n|\n|t:|1783563108\n|move|p1a: Blaziken|Flare Blitz|p2a: Dragonite\n|-resisted|p2a: Dragonite\n|-damage|p2a: Dragonite|128/257\n|-damage|p1a: Blaziken|61/100 psn|[from] Recoil\n|-damage|p1a: Blaziken|52/100 psn|[from] item: Life Orb\n|move|p2a: Dragonite|Outrage|p1a: Blaziken\n|-damage|p1a: Blaziken|0 fnt\n|faint|p1a: Blaziken\n|\n|upkeep\n|\n|t:|1783563109\n|switch|p1a: Porygon-Z|Porygon-Z, L83, tera:Ghost|100/100\n|-status|p1a: Porygon-Z|psn\n|turn|12\n|inactive|Time left: 300 sec this turn | 300 sec total\n|\n|t:|1783563110\n|move|p1a: Porygon-Z|Shadow Ball|p2a: Dragonite\n|-damage|p2a: Dragonite|0 fnt\n|faint|p2a: Dragonite\n|\n|-damage|p1a: Porygon-Z|88/100 psn|[from] psn\n|upkeep\n|inactive|Time left: 300 sec this turn | 300 sec total | 5 sec grace\n|\n|t:|1783563111\n|switch|p2a: Oranguru|Oranguru, L92, F|95/315\n|turn|13\n|inactive|Time left: 300 sec this turn | 300 sec total\n|\n|t:|1783563113\n|switch|p1a: Dialga|Dialga-Origin, L73|100/100\n|-ability|p1a: Dialga|Pressure\n|move|p2a: Oranguru|Thunderbolt|p1a: Dialga\n|-resisted|p1a: Dialga\n|-damage|p1a: Dialga|82/100\n|\n|upkeep\n|turn|14\n|inactive|Time left: 300 sec this turn | 300 sec total\n|\n|t:|1783563114\n|switch|p2a: Snorlax|Snorlax, L82, M|58/397\n|move|p1a: Dialga|Heavy Slam|p2a: Snorlax\n|-damage|p2a: Snorlax|6/397\n|\n|-heal|p2a: Snorlax|30/397|[from] item: Leftovers\n|upkeep\n|turn|15\n|inactive|Time left: 300 sec this turn | 300 sec total\n|\n|t:|1783563115\n|switch|p2a: Pincurchin|Pincurchin, M|91/258\n|-fieldstart|move: Electric Terrain|[from] ability: Electric Surge|[of] p2a: Pincurchin\n|move|p1a: Dialga|Heavy Slam|p2a: Pincurchin\n|-resisted|p2a: Pincurchin\n|-damage|p2a: Pincurchin|43/258\n|\n|-heal|p2a: Pincurchin|59/258|[from] item: Leftovers\n|upkeep\n|turn|16\n|inactive|Time left: 300 sec this turn | 300 sec total\n|\n|t:|1783563116\n|move|p1a: Dialga|Draco Meteor|p2a: Pincurchin\n|-damage|p2a: Pincurchin|0 fnt\n|-unboost|p1a: Dialga|spa|2\n|faint|p2a: Pincurchin\n|\n|upkeep\n|inactive|Time left: 300 sec this turn | 300 sec total | 5 sec grace\n|\n|t:|1783563117\n|switch|p2a: Delphox|Delphox, L84, M|263/263\n|turn|17\n|inactive|Time left: 300 sec this turn | 300 sec total\n|\n|t:|1783563118\n|move|p2a: Delphox|Fire Blast|p1a: Dialga\n|-damage|p1a: Dialga|38/100\n|move|p1a: Dialga|Thunder Wave|p2a: Delphox\n|-status|p2a: Delphox|par\n|\n|upkeep\n|turn|18\n|inactive|Time left: 300 sec this turn | 300 sec total\n|\n|t:|1783563119\n|move|p1a: Dialga|Heavy Slam|p2a: Delphox\n|-resisted|p2a: Delphox\n|-damage|p2a: Delphox|200/263 par\n|cant|p2a: Delphox|par\n|\n|upkeep\n|turn|19\n|inactive|Time left: 300 sec this turn | 300 sec total\n|\n|t:|1783563120\n|move|p1a: Dialga|Heavy Slam|p2a: Delphox\n|-resisted|p2a: Delphox\n|-damage|p2a: Delphox|127/263 par\n|cant|p2a: Delphox|par\n|\n|-fieldend|move: Electric Terrain\n|upkeep\n|turn|20\n|inactive|Time left: 300 sec this turn | 300 sec total\n|\n|t:|1783563121\n|move|p1a: Dialga|Heavy Slam|p2a: Delphox\n|-resisted|p2a: Delphox\n|-damage|p2a: Delphox|52/263 par\n|cant|p2a: Delphox|par\n|\n|upkeep\n|turn|21\n|inactive|Time left: 300 sec this turn | 300 sec total\n|\n|t:|1783563122\n|move|p1a: Dialga|Heavy Slam|p2a: Delphox\n|-resisted|p2a: Delphox\n|-damage|p2a: Delphox|0 fnt\n|faint|p2a: Delphox\n|\n|upkeep\n|inactive|Time left: 300 sec this turn | 300 sec total | 5 sec grace\n|\n|t:|1783563123\n|switch|p2a: Oranguru|Oranguru, L92, F|95/315\n|turn|22\n|inactive|Time left: 300 sec this turn | 300 sec total\n|\n|t:|1783563124\n|-terastallize|p2a: Oranguru|Electric\n|move|p1a: Dialga|Heavy Slam|p2a: Oranguru\n|-resisted|p2a: Oranguru\n|-damage|p2a: Oranguru|38/315\n|move|p2a: Oranguru|Thunderbolt|p1a: Dialga\n|-resisted|p1a: Dialga\n|-damage|p1a: Dialga|11/100\n|\n|upkeep\n|turn|23\n|inactive|Time left: 300 sec this turn | 300 sec total\n|\n|t:|1783563125\n|move|p1a: Dialga|Heavy Slam|p2a: Oranguru\n|-resisted|p2a: Oranguru\n|-damage|p2a: Oranguru|0 fnt\n|faint|p2a: Oranguru\n|\n|upkeep\n|inactive|Time left: 300 sec this turn | 300 sec total | 5 sec grace\n|\n|t:|1783563126\n|switch|p2a: Snorlax|Snorlax, L82, M|30/397\n|turn|24\n|inactive|Time left: 300 sec this turn | 300 sec total\n|\n|t:|1783563127\n|move|p1a: Dialga|Heavy Slam|p2a: Snorlax\n|-damage|p2a: Snorlax|0 fnt\n|faint|p2a: Snorlax\n|\n|win|p0x19977353", "uploadtime": 1783563127, "views": 0, "rating": 0, "private": 0, "password": null, "_winner": "p0x19977353", "_our_name": "p0y199734b2"}