{"id": "battle-gen9randombattle-261", "formatid": "gen9randombattle", "format": "[Gen 9] Random Battle", "players": ["p0x2616ee7", "p0y2617083"], "log": "|init|battle\n|title|p0x2616ee7 vs. p0y2617083\n|j|\u2606p0x2616ee7\n|j|\u2606p0y2617083\n|t:|1783542615\n|gametype|singles\n|player|p1|p0x2616ee7|102|\n|player|p2|p0y2617083|1|\n|gen|9\n|tier|[Gen 9] Random Battle\n|rule|Species Clause: Limit one of each Pok\u00e9mon\n|rule|HP Percentage Mod: HP is shown in percentages\n|rule|Sleep Clause Mod: Limit one foe put to sleep\n|rule|Illusion Level Mod: Illusion disguises the Pok\u00e9mon's true level\n|\n|t:|1783542615\n|teamsize|p1|6\n|teamsize|p2|6\n|start\n|switch|p1a: Farigiraf|Farigiraf, L90, F|100/100\n|switch|p2a: Hoopa|Hoopa-Unbound, L80|259/259\n|turn|1\n|inactive|Battle timer is ON: inactive players will automatically lose when time's up. (requested by p0y2617083)\n|inactive|p0x2616ee7 also wants the timer to be on.\n|\n|t:|1783542617\n|switch|p1a: Zacian|Zacian-Crowned, L64|100/100\n|-ability|p1a: Zacian|Intrepid Sword|boost\n|-boost|p1a: Zacian|atk|1\n|move|p2a: Hoopa|Hyperspace Fury|p1a: Zacian\n|-resisted|p1a: Zacian\n|-damage|p1a: Zacian|48/100\n|-unboost|p2a: Hoopa|def|1\n|\n|upkeep\n|turn|2\n|inactive|Time left: 300 sec this turn | 300 sec total\n|\n|t:|1783542618\n|switch|p2a: Volcanion|Volcanion, L79|255/255\n|move|p1a: Zacian|Play Rough|p2a: Volcanion\n|-resisted|p2a: Volcanion\n|-damage|p2a: Volcanion|209/255\n|\n|upkeep\n|turn|3\n|inactive|Time left: 300 sec this turn | 300 sec total\n|\n|t:|1783542620\n|switch|p1a: Flygon|Flygon, L82, M|100/100\n|move|p2a: Volcanion|Steam Eruption|p1a: Flygon\n|-crit|p1a: Flygon\n|-damage|p1a: Flygon|15/100\n|-status|p1a: Flygon|brn\n|-enditem|p1a: Flygon|Lum Berry|[eat]\n|-curestatus|p1a: Flygon|brn|[msg]\n|\n|upkeep\n|turn|4\n|inactive|Time left: 300 sec this turn | 300 sec total\n|\n|t:|1783542621\n|move|p2a: Volcanion|Steam Eruption|p1a: Flygon\n|-damage|p1a: Flygon|0 fnt\n|faint|p1a: Flygon\n|\n|upkeep\n|\n|t:|1783542622\n|switch|p1a: Farigiraf|Farigiraf, L90, F|100/100\n|turn|5\n|inactive|Time left: 300 sec this turn | 300 sec total\n|\n|t:|1783542623\n|move|p2a: Volcanion|Steam Eruption|p1a: Farigiraf\n|-damage|p1a: Farigiraf|61/100\n|move|p1a: Farigiraf|Body Slam|p2a: Volcanion\n|-damage|p2a: Volcanion|127/255\n|\n|-heal|p1a: Farigiraf|67/100|[from] item: Leftovers\n|upkeep\n|turn|6\n|inactive|Time left: 300 sec this turn | 300 sec total\n|\n|t:|1783542624\n|move|p2a: Volcanion|Steam Eruption|p1a: Farigiraf\n|-damage|p1a: Farigiraf|30/100\n|move|p1a: Farigiraf|Psychic Noise|p2a: Volcanion\n|-damage|p2a: Volcanion|21/255\n|-start|p2a: Volcanion|move: Heal Block\n|\n|-heal|p1a: Farigiraf|36/100|[from] item: Leftovers\n|upkeep\n|turn|7\n|inactive|Time left: 300 sec this turn | 300 sec total\n|\n|t:|1783542625\n|move|p1a: Farigiraf|Protect|p1a: Farigiraf\n|-singleturn|p1a: Farigiraf|Protect\n|move|p2a: Volcanion|Steam Eruption|p1a: Farigiraf\n|-activate|p1a: Farigiraf|move: Protect\n|\n|-heal|p1a: Farigiraf|42/100|[from] item: Leftovers\n|-end|p2a: Volcanion|move: Heal Block\n|upkeep\n|turn|8\n|inactive|Time left: 300 sec this turn | 300 sec total\n|\n|t:|1783542627\n|move|p2a: Volcanion|Steam Eruption|p1a: Farigiraf\n|-damage|p1a: Farigiraf|3/100\n|move|p1a: Farigiraf|Psychic Noise|p2a: Volcanion\n|-damage|p2a: Volcanion|0 fnt\n|faint|p2a: Volcanion\n|\n|-heal|p1a: Farigiraf|9/100|[from] item: Leftovers\n|upkeep\n|inactive|Time left: 300 sec this turn | 300 sec total | 5 sec grace\n|\n|t:|1783542628\n|switch|p2a: Vikavolt|Vikavolt, L83, F|263/263\n|turn|9\n|inactive|Time left: 300 sec this turn | 300 sec total\n|\n|t:|1783542629\n|move|p1a: Farigiraf|Psychic Noise|p2a: Vikavolt\n|-damage|p2a: Vikavolt|140/263\n|-start|p2a: Vikavolt|move: Heal Block\n|move|p2a: Vikavolt|Sticky Web|p1a: Farigiraf\n|-sidestart|p1: p0x2616ee7|move: Sticky Web\n|\n|-heal|p1a: Farigiraf|15/100|[from] item: Leftovers\n|upkeep\n|turn|10\n|inactive|Time left: 300 sec this turn | 300 sec total\n|\n|t:|1783542630\n|move|p1a: Farigiraf|Psychic Noise|p2a: Vikavolt\n|-damage|p2a: Vikavolt|16/263\n|move|p2a: Vikavolt|Volt Switch|p1a: Farigiraf\n|-damage|p1a: Farigiraf|0 fnt\n|faint|p1a: Farigiraf\n|inactive|Time left: 300 sec this turn | 300 sec total | 5 sec grace\n|\n|t:|1783542631\n|switch|p2a: Mimikyu|Mimikyu, L79, F|216/216|[from] Volt Switch\n|\n|upkeep\n|\n|t:|1783542632\n|switch|p1a: Sudowoodo|Sudowoodo, L94, M|100/100\n|-activate|p1a: Sudowoodo|move: Sticky Web\n|-unboost|p1a: Sudowoodo|spe|1\n|turn|11\n|inactive|Time left: 300 sec this turn | 300 sec total\n|\n|t:|1783542633\n|move|p2a: Mimikyu|Swords Dance|p2a: Mimikyu\n|-boost|p2a: Mimikyu|atk|2\n|move|p1a: Sudowoodo|Wood Hammer|p2a: Mimikyu\n|-activate|p2a: Mimikyu|ability: Disguise\n|-damage|p2a: Mimikyu|216/216\n|detailschange|p2a: Mimikyu|Mimikyu-Busted, L79, F\n|-damage|p2a: Mimikyu|189/216|[from] pokemon: Mimikyu-Busted\n|\n|upkeep\n|turn|12\n|inactive|Time left: 300 sec this turn | 300 sec total\n|\n|t:|1783542634\n|move|p2a: Mimikyu|Play Rough|p1a: Sudowoodo\n|-damage|p1a: Sudowoodo|50/100\n|-damage|p2a: Mimikyu|168/216|[from] item: Life Orb\n|move|p1a: Sudowoodo|Wood Hammer|p2a: Mimikyu\n|-damage|p2a: Mimikyu|0 fnt\n|faint|p2a: Mimikyu\n|\n|upkeep\n|inactive|Time left: 300 sec this turn | 300 sec total | 5 sec grace\n|\n|t:|1783542635\n|switch|p2a: Hoopa|Hoopa-Unbound, L80|259/259\n|turn|13\n|inactive|Time left: 300 sec this turn | 300 sec total\n|\n|t:|1783542636\n|move|p2a: Hoopa|Hyperspace Fury|p1a: Sudowoodo\n|-damage|p1a: Sudowoodo|0 fnt\n|-unboost|p2a: Hoopa|def|1\n|faint|p1a: Sudowoodo\n|\n|upkeep\n|\n|t:|1783542637\n|switch|p1a: Braviary|Braviary, L85, M|100/100\n|turn|14\n|inactive|Time left: 300 sec this turn | 300 sec total\n|\n|t:|1783542638\n|switch|p2a: Altaria|Altaria, L89, M|278/278\n|move|p1a: Braviary|Bulk Up|p1a: Braviary\n|-boost|p1a: Braviary|atk|1\n|-boost|p1a: Braviary|def|1\n|\n|upkeep\n|turn|15\n|inactive|Time left: 300 sec this turn | 300 sec total\n|\n|t:|1783542639\n|move|p2a: Altaria|Will-O-Wisp|p1a: Braviary|[miss]\n|-miss|p2a: Altaria|p1a: Braviary\n|move|p1a: Braviary|Bulk Up|p1a: Braviary\n|-boost|p1a: Braviary|atk|1\n|-boost|p1a: Braviary|def|1\n|\n|upkeep\n|turn|16\n|inactive|Time left: 300 sec this turn | 300 sec total\n|\n|t:|1783542640\n|move|p2a: Altaria|Will-O-Wisp|p1a: Braviary\n|-status|p1a: Braviary|brn\n|move|p1a: Braviary|Brave Bird|p2a: Altaria\n|-damage|p2a: Altaria|132/278\n|-damage|p1a: Braviary|85/100 brn|[from] Recoil\n|\n|-damage|p1a: Braviary|79/100 brn|[from] brn\n|upkeep\n|turn|17\n|inactive|Time left: 300 sec this turn | 300 sec total\n|\n|t:|1783542640\n|move|p2a: Altaria|Roost|p2a: Altaria\n|-heal|p2a: Altaria|271/278\n|-singleturn|p2a: Altaria|move: Roost\n|move|p1a: Braviary|Bulk Up|p1a: Braviary\n|-boost|p1a: Braviary|atk|1\n|-boost|p1a: Braviary|def|1\n|\n|-damage|p1a: Braviary|73/100 brn|[from] brn\n|upkeep\n|turn|18\n|inactive|Time left: 300 sec this turn | 300 sec total\n|\n|t:|1783542641\n|switch|p2a: Latias|Latias, L79, F|256/256\n|move|p1a: Braviary|Brave Bird|p2a: Latias\n|-damage|p2a: Latias|33/256\n|-damage|p1a: Braviary|49/100 brn|[from] Recoil\n|\n|-damage|p1a: Braviary|43/100 brn|[from] brn\n|upkeep\n|turn|19\n|inactive|Time left: 300 sec this turn | 300 sec total\n|\n|t:|1783542642\n|move|p2a: Latias|Draco Meteor|p1a: Braviary\n|-damage|p1a: Braviary|0 fnt\n|-unboost|p2a: Latias|spa|2\n|faint|p1a: Braviary\n|\n|upkeep\n|\n|t:|1783542643\n|switch|p1a: Zacian|Zacian-Crowned, L64|48/100\n|-activate|p1a: Zacian|move: Sticky Web\n|-unboost|p1a: Zacian|spe|1\n|turn|20\n|inactive|Time left: 300 sec this turn | 300 sec total\n|\n|t:|1783542644\n|switch|p2a: Hoopa|Hoopa-Unbound, L80|259/259\n|move|p1a: Zacian|Swords Dance|p1a: Zacian\n|-boost|p1a: Zacian|atk|2\n|\n|upkeep\n|turn|21\n|inactive|Time left: 300 sec this turn | 300 sec total\n|\n|t:|1783542645\n|-terastallize|p2a: Hoopa|Dark\n|move|p2a: Hoopa|Hyperspace Fury|p1a: Zacian\n|-resisted|p1a: Zacian\n|-damage|p1a: Zacian|0 fnt\n|-unboost|p2a: Hoopa|def|1\n|faint|p1a: Zacian\n|\n|upkeep\n|\n|t:|1783542646\n|switch|p1a: Banette|Banette, L93, M|100/100\n|-activate|p1a: Banette|move: Sticky Web\n|-unboost|p1a: Banette|spe|1\n|turn|22\n|inactive|Time left: 300 sec this turn | 300 sec total\n|\n|t:|1783542646\n|move|p1a: Banette|Shadow Sneak|p2a: Hoopa\n|-resisted|p2a: Hoopa\n|-damage|p2a: Hoopa|172/259\n|-damage|p1a: Banette|90/100|[from] item: Life Orb\n|move|p2a: Hoopa|Hyperspace Fury|p1a: Banette\n|-supereffective|p1a: Banette\n|-damage|p1a: Banette|0 fnt\n|-unboost|p2a: Hoopa|def|1\n|faint|p1a: Banette\n|\n|win|p0y2617083", "uploadtime": 1783542647, "views": 0, "rating": 0, "private": 0, "password": null, "_winner": "p0y2617083", "_our_name": "p0y2617083"}