{"id": "battle-gen9randombattle-2828", "formatid": "gen9randombattle", "format": "[Gen 9] Random Battle", "players": ["p0x282888f7", "p0y2828fdfe"], "log": "|init|battle\n|title|p0x282888f7 vs. p0y2828fdfe\n|j|\u2606p0x282888f7\n|j|\u2606p0y2828fdfe\n|t:|1783572575\n|gametype|singles\n|player|p1|p0x282888f7|265|\n|player|p2|p0y2828fdfe|1|\n|gen|9\n|tier|[Gen 9] Random Battle\n|rule|Species Clause: Limit one of each Pok\u00e9mon\n|rule|HP Percentage Mod: HP is shown in percentages\n|rule|Sleep Clause Mod: Limit one foe put to sleep\n|rule|Illusion Level Mod: Illusion disguises the Pok\u00e9mon's true level\n|\n|t:|1783572575\n|teamsize|p1|6\n|teamsize|p2|6\n|start\n|switch|p1a: Keldeo|Keldeo-Resolute, L79|273/273\n|switch|p2a: Tinkaton|Tinkaton, L82, F|100/100\n|-ability|p2a: Tinkaton|Mold Breaker\n|turn|1\n|inactive|Battle timer is ON: inactive players will automatically lose when time's up. (requested by p0x282888f7)\n|inactive|p0y2828fdfe also wants the timer to be on.\n|\n|t:|1783572576\n|move|p1a: Keldeo|Calm Mind|p1a: Keldeo\n|-boost|p1a: Keldeo|spa|1\n|-boost|p1a: Keldeo|spd|1\n|move|p2a: Tinkaton|Play Rough|p1a: Keldeo\n|-supereffective|p1a: Keldeo\n|-damage|p1a: Keldeo|111/273\n|\n|-heal|p1a: Keldeo|128/273|[from] item: Leftovers\n|upkeep\n|turn|2\n|inactive|Time left: 300 sec this turn | 300 sec total\n|\n|t:|1783572577\n|move|p1a: Keldeo|Secret Sword|p2a: Tinkaton\n|-damage|p2a: Tinkaton|41/100\n|move|p2a: Tinkaton|Play Rough|p1a: Keldeo\n|-supereffective|p1a: Keldeo\n|-damage|p1a: Keldeo|0 fnt\n|faint|p1a: Keldeo\n|\n|-heal|p2a: Tinkaton|48/100|[from] item: Leftovers\n|upkeep\n|inactive|Time left: 300 sec this turn | 300 sec total | 5 sec grace\n|\n|t:|1783572578\n|switch|p1a: Magnezone|Magnezone, L85|258/258\n|turn|3\n|inactive|Time left: 300 sec this turn | 300 sec total\n|\n|t:|1783572579\n|move|p2a: Tinkaton|Thunder Wave|p1a: Magnezone\n|-immune|p1a: Magnezone\n|move|p1a: Magnezone|Thunderbolt|p2a: Tinkaton\n|-damage|p2a: Tinkaton|6/100\n|\n|-heal|p2a: Tinkaton|12/100|[from] item: Leftovers\n|upkeep\n|turn|4\n|inactive|Time left: 300 sec this turn | 300 sec total\n|\n|t:|1783572580\n|move|p2a: Tinkaton|Gigaton Hammer|p1a: Magnezone\n|-resisted|p1a: Magnezone\n|-damage|p1a: Magnezone|233/258\n|move|p1a: Magnezone|Volt Switch|p2a: Tinkaton\n|-damage|p2a: Tinkaton|0 fnt\n|faint|p2a: Tinkaton\n|inactive|Time left: 300 sec this turn | 300 sec total | 5 sec grace\n|\n|t:|1783572581\n|switch|p1a: Roaring Moon|Roaring Moon, L72|270/270|[from] Volt Switch\n|-enditem|p1a: Roaring Moon|Booster Energy\n|-activate|p1a: Roaring Moon|ability: Protosynthesis|[fromitem]\n|-start|p1a: Roaring Moon|protosynthesisatk\n|\n|upkeep\n|\n|t:|1783572582\n|switch|p2a: Haxorus|Haxorus, L77, M|100/100\n|-ability|p2a: Haxorus|Mold Breaker\n|turn|5\n|inactive|Time left: 300 sec this turn | 300 sec total\n|\n|t:|1783572583\n|-terastallize|p2a: Haxorus|Steel\n|move|p1a: Roaring Moon|Outrage|p2a: Haxorus\n|-resisted|p2a: Haxorus\n|-damage|p2a: Haxorus|64/100\n|move|p2a: Haxorus|Outrage|p1a: Roaring Moon\n|-supereffective|p1a: Roaring Moon\n|-damage|p1a: Roaring Moon|0 fnt\n|faint|p1a: Roaring Moon\n|-end|p1a: Roaring Moon|Protosynthesis|[silent]\n|\n|upkeep\n|inactive|Time left: 300 sec this turn | 300 sec total | 5 sec grace\n|\n|t:|1783572584\n|switch|p1a: Magnezone|Magnezone, L85|233/258\n|turn|6\n|inactive|Time left: 300 sec this turn | 300 sec total\n|\n|t:|1783572585\n|move|p2a: Haxorus|Outrage|p1a: Magnezone|[from] lockedmove\n|-resisted|p1a: Magnezone\n|-damage|p1a: Magnezone|173/258\n|-start|p2a: Haxorus|confusion|[fatigue]\n|-enditem|p2a: Haxorus|Lum Berry|[eat]\n|-end|p2a: Haxorus|confusion\n|move|p1a: Magnezone|Thunderbolt|p2a: Haxorus\n|-damage|p2a: Haxorus|0 fnt\n|faint|p2a: Haxorus\n|\n|upkeep\n|\n|t:|1783572586\n|switch|p2a: Hitmonchan|Hitmonchan, L87, M|100/100\n|turn|7\n|inactive|Time left: 300 sec this turn | 300 sec total\n|\n|t:|1783572587\n|switch|p1a: Talonflame|Talonflame, L83, F|265/265\n|move|p2a: Hitmonchan|Drain Punch|p1a: Talonflame\n|-resisted|p1a: Talonflame\n|-damage|p1a: Talonflame|198/265\n|\n|upkeep\n|turn|8\n|inactive|Time left: 300 sec this turn | 300 sec total\n|\n|t:|1783572588\n|switch|p2a: Palkia|Palkia, L75|100/100\n|-ability|p2a: Palkia|Pressure\n|move|p1a: Talonflame|Brave Bird|p2a: Palkia\n|-damage|p2a: Palkia|59/100\n|-damage|p1a: Talonflame|162/265|[from] Recoil\n|\n|upkeep\n|turn|9\n|inactive|Time left: 300 sec this turn | 300 sec total\n|\n|t:|1783572589\n|switch|p1a: Chansey|Chansey, L85, F|564/564\n|move|p2a: Palkia|Hydro Pump|p1a: Chansey|[miss]\n|-miss|p2a: Palkia|p1a: Chansey\n|\n|upkeep\n|turn|10\n|inactive|Time left: 300 sec this turn | 300 sec total\n|\n|t:|1783572590\n|move|p2a: Palkia|Hydro Pump|p1a: Chansey\n|-damage|p1a: Chansey|449/564\n|move|p1a: Chansey|Stealth Rock|p2a: Palkia\n|-sidestart|p2: p0y2828fdfe|move: Stealth Rock\n|\n|upkeep\n|turn|11\n|inactive|Time left: 300 sec this turn | 300 sec total\n|\n|t:|1783572591\n|switch|p2a: Hitmonchan|Hitmonchan, L87, M|100/100\n|-damage|p2a: Hitmonchan|94/100|[from] Stealth Rock\n|move|p1a: Chansey|Soft-Boiled|p1a: Chansey\n|-heal|p1a: Chansey|564/564\n|\n|-heal|p2a: Hitmonchan|100/100|[from] item: Leftovers\n|upkeep\n|turn|12\n|inactive|Time left: 300 sec this turn | 300 sec total\n|\n|t:|1783572591\n|switch|p1a: Talonflame|Talonflame, L83, F|162/265\n|move|p2a: Hitmonchan|Rapid Spin|p1a: Talonflame\n|-damage|p1a: Talonflame|110/265\n|-boost|p2a: Hitmonchan|spe|1\n|-sideend|p2: p0y2828fdfe|Stealth Rock|[from] move: Rapid Spin|[of] p2a: Hitmonchan\n|\n|upkeep\n|turn|13\n|inactive|Time left: 300 sec this turn | 300 sec total\n|\n|t:|1783572592\n|move|p2a: Hitmonchan|Drain Punch|p1a: Talonflame\n|-resisted|p1a: Talonflame\n|-damage|p1a: Talonflame|51/265\n|-status|p2a: Hitmonchan|brn|[from] ability: Flame Body|[of] p1a: Talonflame\n|move|p1a: Talonflame|Brave Bird|p2a: Hitmonchan\n|-supereffective|p2a: Hitmonchan\n|-damage|p2a: Hitmonchan|0 fnt\n|faint|p2a: Hitmonchan\n|-damage|p1a: Talonflame|0 fnt|[from] Recoil\n|faint|p1a: Talonflame\n|\n|upkeep\n|inactive|Time left: 300 sec this turn | 300 sec total | 5 sec grace\n|\n|t:|1783572593\n|switch|p1a: Farigiraf|Farigiraf, L90, F|362/362\n|switch|p2a: Jirachi|Jirachi, L80|100/100\n|turn|14\n|inactive|Time left: 300 sec this turn | 300 sec total\n|\n|t:|1783572594\n|move|p2a: Jirachi|Iron Head|p1a: Farigiraf\n|-damage|p1a: Farigiraf|278/362\n|move|p1a: Farigiraf|Body Slam|p2a: Jirachi\n|-resisted|p2a: Jirachi\n|-damage|p2a: Jirachi|84/100\n|\n|-heal|p1a: Farigiraf|300/362|[from] item: Leftovers\n|upkeep\n|turn|15\n|inactive|Time left: 300 sec this turn | 300 sec total\n|\n|t:|1783572595\n|move|p1a: Farigiraf|Protect|p1a: Farigiraf\n|-singleturn|p1a: Farigiraf|Protect\n|move|p2a: Jirachi|Iron Head|p1a: Farigiraf\n|-activate|p1a: Farigiraf|move: Protect\n|\n|-heal|p1a: Farigiraf|322/362|[from] item: Leftovers\n|upkeep\n|turn|16\n|inactive|Time left: 300 sec this turn | 300 sec total\n|\n|t:|1783572596\n|move|p2a: Jirachi|Drain Punch|p1a: Farigiraf\n|-damage|p1a: Farigiraf|268/362\n|-heal|p2a: Jirachi|93/100|[from] drain|[of] p1a: Farigiraf\n|move|p1a: Farigiraf|Wish|p1a: Farigiraf\n|\n|-heal|p1a: Farigiraf|290/362|[from] item: Leftovers\n|upkeep\n|turn|17\n|inactive|Time left: 300 sec this turn | 300 sec total\n|\n|t:|1783572597\n|move|p2a: Jirachi|Body Slam|p1a: Farigiraf\n|-damage|p1a: Farigiraf|230/362\n|-status|p1a: Farigiraf|par\n|move|p1a: Farigiraf|Body Slam|p2a: Jirachi\n|-resisted|p2a: Jirachi\n|-damage|p2a: Jirachi|77/100\n|\n|-heal|p1a: Farigiraf|362/362 par|[from] move: Wish|[wisher] Farigiraf\n|upkeep\n|turn|18\n|inactive|Time left: 300 sec this turn | 300 sec total\n|\n|t:|1783572598\n|move|p2a: Jirachi|Iron Head|p1a: Farigiraf\n|-damage|p1a: Farigiraf|274/362 par\n|cant|p1a: Farigiraf|flinch\n|\n|-heal|p1a: Farigiraf|296/362 par|[from] item: Leftovers\n|upkeep\n|turn|19\n|inactive|Time left: 300 sec this turn | 300 sec total\n|\n|t:|1783572600\n|move|p2a: Jirachi|Iron Head|p1a: Farigiraf\n|-damage|p1a: Farigiraf|203/362 par\n|move|p1a: Farigiraf|Body Slam|p2a: Jirachi\n|-resisted|p2a: Jirachi\n|-damage|p2a: Jirachi|61/100\n|\n|-heal|p1a: Farigiraf|225/362 par|[from] item: Leftovers\n|upkeep\n|turn|20\n|inactive|Time left: 300 sec this turn | 300 sec total\n|\n|t:|1783572601\n|move|p2a: Jirachi|Iron Head|p1a: Farigiraf\n|-crit|p1a: Farigiraf\n|-damage|p1a: Farigiraf|86/362 par\n|move|p1a: Farigiraf|Wish|p1a: Farigiraf\n|\n|-heal|p1a: Farigiraf|108/362 par|[from] item: Leftovers\n|upkeep\n|turn|21\n|inactive|Time left: 300 sec this turn | 300 sec total\n|\n|t:|1783572602\n|move|p1a: Farigiraf|Protect|p1a: Farigiraf\n|-singleturn|p1a: Farigiraf|Protect\n|move|p2a: Jirachi|Iron Head|p1a: Farigiraf\n|-activate|p1a: Farigiraf|move: Protect\n|\n|-heal|p1a: Farigiraf|289/362 par|[from] move: Wish|[wisher] Farigiraf\n|-heal|p1a: Farigiraf|311/362 par|[from] item: Leftovers\n|upkeep\n|turn|22\n|inactive|Time left: 300 sec this turn | 300 sec total\n|\n|t:|1783572603\n|move|p2a: Jirachi|Iron Head|p1a: Farigiraf\n|-damage|p1a: Farigiraf|218/362 par\n|cant|p1a: Farigiraf|flinch\n|\n|-heal|p1a: Farigiraf|240/362 par|[from] item: Leftovers\n|upkeep\n|turn|23\n|inactive|Time left: 300 sec this turn | 300 sec total\n|\n|t:|1783572603\n|move|p2a: Jirachi|Iron Head|p1a: Farigiraf\n|-damage|p1a: Farigiraf|152/362 par\n|move|p1a: Farigiraf|Wish|p1a: Farigiraf\n|\n|-heal|p1a: Farigiraf|174/362 par|[from] item: Leftovers\n|upkeep\n|turn|24\n|inactive|Time left: 300 sec this turn | 300 sec total\n|\n|t:|1783572604\n|move|p2a: Jirachi|Iron Head|p1a: Farigiraf\n|-damage|p1a: Farigiraf|81/362 par\n|cant|p1a: Farigiraf|flinch\n|\n|-heal|p1a: Farigiraf|262/362 par|[from] move: Wish|[wisher] Farigiraf\n|-heal|p1a: Farigiraf|284/362 par|[from] item: Leftovers\n|upkeep\n|turn|25\n|inactive|Time left: 300 sec this turn | 300 sec total\n|\n|t:|1783572605\n|move|p2a: Jirachi|Drain Punch|p1a: Farigiraf\n|-damage|p1a: Farigiraf|227/362 par\n|-heal|p2a: Jirachi|71/100|[from] drain|[of] p1a: Farigiraf\n|move|p1a: Farigiraf|Wish|p1a: Farigiraf\n|\n|-heal|p1a: Farigiraf|249/362 par|[from] item: Leftovers\n|upkeep\n|turn|26\n|inactive|Time left: 300 sec this turn | 300 sec total\n|\n|t:|1783572606\n|move|p2a: Jirachi|Drain Punch|p1a: Farigiraf\n|-damage|p1a: Farigiraf|198/362 par\n|-heal|p2a: Jirachi|80/100|[from] drain|[of] p1a: Farigiraf\n|move|p1a: Farigiraf|Body Slam|p2a: Jirachi\n|-resisted|p2a: Jirachi\n|-damage|p2a: Jirachi|64/100\n|\n|-heal|p1a: Farigiraf|362/362 par|[from] move: Wish|[wisher] Farigiraf\n|upkeep\n|turn|27\n|inactive|Time left: 300 sec this turn | 300 sec total\n|\n|t:|1783572607\n|move|p2a: Jirachi|Iron Head|p1a: Farigiraf\n|-damage|p1a: Farigiraf|277/362 par\n|cant|p1a: Farigiraf|flinch\n|\n|-heal|p1a: Farigiraf|299/362 par|[from] item: Leftovers\n|upkeep\n|turn|28\n|inactive|Time left: 300 sec this turn | 300 sec total\n|\n|t:|1783572608\n|move|p2a: Jirachi|Iron Head|p1a: Farigiraf\n|-damage|p1a: Farigiraf|212/362 par\n|move|p1a: Farigiraf|Wish|p1a: Farigiraf\n|\n|-heal|p1a: Farigiraf|234/362 par|[from] item: Leftovers\n|upkeep\n|turn|29\n|inactive|Time left: 300 sec this turn | 300 sec total\n|\n|t:|1783572609\n|move|p2a: Jirachi|Iron Head|p1a: Farigiraf\n|-damage|p1a: Farigiraf|144/362 par\n|cant|p1a: Farigiraf|flinch\n|\n|-heal|p1a: Farigiraf|325/362 par|[from] move: Wish|[wisher] Farigiraf\n|-heal|p1a: Farigiraf|347/362 par|[from] item: Leftovers\n|upkeep\n|turn|30\n|inactive|Time left: 300 sec this turn | 300 sec total\n|\n|t:|1783572610\n|move|p2a: Jirachi|Iron Head|p1a: Farigiraf\n|-damage|p1a: Farigiraf|263/362 par\n|cant|p1a: Farigiraf|flinch\n|\n|-heal|p1a: Farigiraf|285/362 par|[from] item: Leftovers\n|upkeep\n|turn|31\n|inactive|Time left: 300 sec this turn | 300 sec total\n|\n|t:|1783572611\n|move|p2a: Jirachi|Drain Punch|p1a: Farigiraf\n|-damage|p1a: Farigiraf|231/362 par\n|-heal|p2a: Jirachi|74/100|[from] drain|[of] p1a: Farigiraf\n|move|p1a: Farigiraf|Body Slam|p2a: Jirachi\n|-resisted|p2a: Jirachi\n|-damage|p2a: Jirachi|59/100\n|\n|-heal|p1a: Farigiraf|253/362 par|[from] item: Leftovers\n|upkeep\n|turn|32\n|inactive|Time left: 300 sec this turn | 300 sec total\n|\n|t:|1783572612\n|move|p2a: Jirachi|Iron Head|p1a: Farigiraf\n|-damage|p1a: Farigiraf|163/362 par\n|move|p1a: Farigiraf|Body Slam|p2a: Jirachi\n|-resisted|p2a: Jirachi\n|-damage|p2a: Jirachi|44/100\n|\n|-heal|p1a: Farigiraf|185/362 par|[from] item: Leftovers\n|upkeep\n|turn|33\n|inactive|Time left: 300 sec this turn | 300 sec total\n|\n|t:|1783572613\n|move|p2a: Jirachi|Iron Head|p1a: Farigiraf\n|-damage|p1a: Farigiraf|97/362 par\n|move|p1a: Farigiraf|Wish|p1a: Farigiraf\n|\n|-heal|p1a: Farigiraf|119/362 par|[from] item: Leftovers\n|upkeep\n|turn|34\n|inactive|Time left: 300 sec this turn | 300 sec total\n|\n|t:|1783572614\n|move|p1a: Farigiraf|Protect|p1a: Farigiraf\n|-singleturn|p1a: Farigiraf|Protect\n|move|p2a: Jirachi|Iron Head|p1a: Farigiraf\n|-activate|p1a: Farigiraf|move: Protect\n|\n|-heal|p1a: Farigiraf|300/362 par|[from] move: Wish|[wisher] Farigiraf\n|-heal|p1a: Farigiraf|322/362 par|[from] item: Leftovers\n|upkeep\n|turn|35\n|inactive|Time left: 300 sec this turn | 300 sec total\n|\n|t:|1783572615\n|move|p2a: Jirachi|Drain Punch|p1a: Farigiraf\n|-damage|p1a: Farigiraf|268/362 par\n|-heal|p2a: Jirachi|53/100|[from] drain|[of] p1a: Farigiraf\n|move|p1a: Farigiraf|Body Slam|p2a: Jirachi\n|-resisted|p2a: Jirachi\n|-damage|p2a: Jirachi|39/100\n|-status|p2a: Jirachi|par\n|\n|-heal|p1a: Farigiraf|290/362 par|[from] item: Leftovers\n|upkeep\n|turn|36\n|inactive|Time left: 300 sec this turn | 300 sec total\n|\n|t:|1783572616\n|cant|p2a: Jirachi|par\n|move|p1a: Farigiraf|Psychic Noise|p2a: Jirachi\n|-resisted|p2a: Jirachi\n|-damage|p2a: Jirachi|33/100 par\n|-start|p2a: Jirachi|move: Heal Block\n|\n|-heal|p1a: Farigiraf|312/362 par|[from] item: Leftovers\n|upkeep\n|turn|37\n|inactive|Time left: 300 sec this turn | 300 sec total\n|\n|t:|1783572617\n|cant|p2a: Jirachi|par\n|cant|p1a: Farigiraf|par\n|\n|-heal|p1a: Farigiraf|334/362 par|[from] item: Leftovers\n|-end|p2a: Jirachi|move: Heal Block\n|upkeep\n|turn|38\n|inactive|Time left: 300 sec this turn | 300 sec total\n|\n|t:|1783572618\n|move|p2a: Jirachi|Iron Head|p1a: Farigiraf\n|-damage|p1a: Farigiraf|243/362 par\n|move|p1a: Farigiraf|Psychic Noise|p2a: Jirachi\n|-resisted|p2a: Jirachi\n|-damage|p2a: Jirachi|28/100 par\n|-start|p2a: Jirachi|move: Heal Block\n|\n|-heal|p1a: Farigiraf|265/362 par|[from] item: Leftovers\n|upkeep\n|turn|39\n|inactive|Time left: 300 sec this turn | 300 sec total\n|\n|t:|1783572619\n|cant|p2a: Jirachi|par\n|cant|p1a: Farigiraf|par\n|\n|-heal|p1a: Farigiraf|287/362 par|[from] item: Leftovers\n|-end|p2a: Jirachi|move: Heal Block\n|upkeep\n|turn|40\n|inactive|Time left: 300 sec this turn | 300 sec total\n|\n|t:|1783572620\n|move|p2a: Jirachi|Drain Punch|p1a: Farigiraf\n|-damage|p1a: Farigiraf|227/362 par\n|-heal|p2a: Jirachi|38/100 par|[from] drain|[of] p1a: Farigiraf\n|move|p1a: Farigiraf|Wish|p1a: Farigiraf\n|\n|-heal|p1a: Farigiraf|249/362 par|[from] item: Leftovers\n|upkeep\n|turn|41\n|inactive|Time left: 300 sec this turn | 300 sec total\n|\n|t:|1783572621\n|move|p2a: Jirachi|Drain Punch|p1a: Farigiraf\n|-damage|p1a: Farigiraf|192/362 par\n|-heal|p2a: Jirachi|48/100 par|[from] drain|[of] p1a: Farigiraf\n|move|p1a: Farigiraf|Body Slam|p2a: Jirachi\n|-resisted|p2a: Jirachi\n|-damage|p2a: Jirachi|32/100 par\n|\n|-heal|p1a: Farigiraf|362/362 par|[from] move: Wish|[wisher] Farigiraf\n|upkeep\n|turn|42\n|inactive|Time left: 300 sec this turn | 300 sec total\n|\n|t:|1783572622\n|move|p2a: Jirachi|Drain Punch|p1a: Farigiraf\n|-damage|p1a: Farigiraf|309/362 par\n|-heal|p2a: Jirachi|41/100 par|[from] drain|[of] p1a: Farigiraf\n|move|p1a: Farigiraf|Psychic Noise|p2a: Jirachi\n|-resisted|p2a: Jirachi\n|-damage|p2a: Jirachi|36/100 par\n|-start|p2a: Jirachi|move: Heal Block\n|\n|-heal|p1a: Farigiraf|331/362 par|[from] item: Leftovers\n|upkeep\n|turn|43\n|inactive|Time left: 300 sec this turn | 300 sec total\n|\n|t:|1783572623\n|move|p2a: Jirachi|Iron Head|p1a: Farigiraf\n|-damage|p1a: Farigiraf|240/362 par\n|move|p1a: Farigiraf|Body Slam|p2a: Jirachi\n|-resisted|p2a: Jirachi\n|-damage|p2a: Jirachi|18/100 par\n|\n|-heal|p1a: Farigiraf|262/362 par|[from] item: Leftovers\n|-end|p2a: Jirachi|move: Heal Block\n|upkeep\n|turn|44\n|inactive|Time left: 300 sec this turn | 300 sec total\n|\n|t:|1783572624\n|move|p2a: Jirachi|Drain Punch|p1a: Farigiraf\n|-damage|p1a: Farigiraf|209/362 par\n|-heal|p2a: Jirachi|28/100 par|[from] drain|[of] p1a: Farigiraf\n|move|p1a: Farigiraf|Wish|p1a: Farigiraf\n|\n|-heal|p1a: Farigiraf|231/362 par|[from] item: Leftovers\n|upkeep\n|turn|45\n|inactive|Time left: 300 sec this turn | 300 sec total\n|\n|t:|1783572625\n|cant|p2a: Jirachi|par\n|cant|p1a: Farigiraf|par\n|\n|-heal|p1a: Farigiraf|362/362 par|[from] move: Wish|[wisher] Farigiraf\n|upkeep\n|turn|46\n|inactive|Time left: 300 sec this turn | 300 sec total\n|\n|t:|1783572626\n|move|p2a: Jirachi|Drain Punch|p1a: Farigiraf\n|-damage|p1a: Farigiraf|308/362 par\n|-heal|p2a: Jirachi|37/100 par|[from] drain|[of] p1a: Farigiraf\n|cant|p1a: Farigiraf|par\n|\n|-heal|p1a: Farigiraf|330/362 par|[from] item: Leftovers\n|upkeep\n|turn|47\n|inactive|Time left: 300 sec this turn | 300 sec total\n|\n|t:|1783572627\n|move|p2a: Jirachi|Iron Head|p1a: Farigiraf\n|-damage|p1a: Farigiraf|248/362 par\n|cant|p1a: Farigiraf|flinch\n|\n|-heal|p1a: Farigiraf|270/362 par|[from] item: Leftovers\n|upkeep\n|turn|48\n|inactive|Time left: 300 sec this turn | 300 sec total\n|\n|t:|1783572628\n|move|p2a: Jirachi|Iron Head|p1a: Farigiraf\n|-damage|p1a: Farigiraf|176/362 par\n|cant|p1a: Farigiraf|flinch\n|\n|-heal|p1a: Farigiraf|198/362 par|[from] item: Leftovers\n|upkeep\n|turn|49\n|inactive|Time left: 300 sec this turn | 300 sec total\n|\n|t:|1783572629\n|move|p2a: Jirachi|Iron Head|p1a: Farigiraf\n|-damage|p1a: Farigiraf|116/362 par\n|cant|p1a: Farigiraf|flinch\n|\n|-heal|p1a: Farigiraf|138/362 par|[from] item: Leftovers\n|upkeep\n|turn|50\n|inactive|Time left: 300 sec this turn | 300 sec total\n|\n|t:|1783572630\n|move|p2a: Jirachi|Drain Punch|p1a: Farigiraf\n|-crit|p1a: Farigiraf\n|-damage|p1a: Farigiraf|58/362 par\n|-heal|p2a: Jirachi|51/100 par|[from] drain|[of] p1a: Farigiraf\n|move|p1a: Farigiraf|Wish|p1a: Farigiraf\n|\n|-heal|p1a: Farigiraf|80/362 par|[from] item: Leftovers\n|upkeep\n|turn|51\n|inactive|Time left: 300 sec this turn | 300 sec total\n|\n|t:|1783572631\n|cant|p1a: Farigiraf|par\n|move|p2a: Jirachi|Iron Head|p1a: Farigiraf\n|-damage|p1a: Farigiraf|0 fnt\n|faint|p1a: Farigiraf\n|\n|upkeep\n|inactive|Time left: 300 sec this turn | 300 sec total | 5 sec grace\n|\n|t:|1783572632\n|switch|p1a: Magnezone|Magnezone, L85|173/258\n|turn|52\n|inactive|Time left: 300 sec this turn | 300 sec total\n|\n|t:|1783572633\n|move|p1a: Magnezone|Thunderbolt|p2a: Jirachi\n|-crit|p2a: Jirachi\n|-damage|p2a: Jirachi|11/100 par\n|move|p2a: Jirachi|Drain Punch|p1a: Magnezone\n|-supereffective|p1a: Magnezone\n|-damage|p1a: Magnezone|97/258\n|-heal|p2a: Jirachi|25/100 par|[from] drain|[of] p1a: Magnezone\n|\n|upkeep\n|turn|53\n|inactive|Time left: 300 sec this turn | 300 sec total\n|\n|t:|1783572634\n|move|p1a: Magnezone|Thunderbolt|p2a: Jirachi\n|-damage|p2a: Jirachi|0 fnt\n|faint|p2a: Jirachi\n|\n|upkeep\n|\n|t:|1783572635\n|switch|p2a: Palkia|Palkia, L75|59/100\n|-ability|p2a: Palkia|Pressure\n|turn|54\n|inactive|Time left: 300 sec this turn | 300 sec total\n|\n|t:|1783572636\n|switch|p1a: Chansey|Chansey, L85, F|564/564\n|move|p2a: Palkia|Hydro Pump|p1a: Chansey\n|-damage|p1a: Chansey|446/564\n|\n|upkeep\n|turn|55\n|inactive|Time left: 300 sec this turn | 300 sec total\n|\n|t:|1783572636\n|switch|p2a: Amoonguss|Amoonguss, L82, M|100/100\n|move|p1a: Chansey|Thunder Wave|p2a: Amoonguss\n|-status|p2a: Amoonguss|par\n|\n|upkeep\n|turn|56\n|inactive|Time left: 300 sec this turn | 300 sec total\n|\n|t:|1783572637\n|move|p1a: Chansey|Stealth Rock|p2a: Amoonguss\n|-sidestart|p2: p0y2828fdfe|move: Stealth Rock\n|move|p2a: Amoonguss|Spore|p1a: Chansey\n|-status|p1a: Chansey|slp|[from] move: Spore\n|\n|upkeep\n|turn|57\n|inactive|Time left: 300 sec this turn | 300 sec total\n|\n|t:|1783572639\n|-curestatus|p1a: Chansey|slp|[from] ability: Natural Cure|[silent]\n|switch|p1a: Magnezone|Magnezone, L85|97/258\n|cant|p2a: Amoonguss|par\n|\n|upkeep\n|turn|58\n|inactive|Time left: 300 sec this turn | 300 sec total\n|\n|t:|1783572639\n|move|p1a: Magnezone|Flash Cannon|p2a: Amoonguss\n|-damage|p2a: Amoonguss|65/100 par\n|move|p2a: Amoonguss|Spore|p1a: Magnezone\n|-status|p1a: Magnezone|slp|[from] move: Spore\n|\n|upkeep\n|turn|59\n|inactive|Time left: 300 sec this turn | 300 sec total\n|\n|t:|1783572641\n|switch|p1a: Chansey|Chansey, L85, F|446/564\n|switch|p2a: Palkia|Palkia, L75|59/100\n|-damage|p2a: Palkia|46/100|[from] Stealth Rock\n|-ability|p2a: Palkia|Pressure\n|\n|upkeep\n|turn|60\n|inactive|Time left: 300 sec this turn | 300 sec total\n|\n|t:|1783572641\n|move|p2a: Palkia|Hydro Pump|p1a: Chansey\n|-damage|p1a: Chansey|320/564\n|move|p1a: Chansey|Seismic Toss|p2a: Palkia\n|-damage|p2a: Palkia|14/100\n|\n|upkeep\n|turn|61\n|inactive|Time left: 300 sec this turn | 300 sec total\n|\n|t:|1783572642\n|move|p2a: Palkia|Hydro Pump|p1a: Chansey\n|-damage|p1a: Chansey|193/564\n|move|p1a: Chansey|Seismic Toss|p2a: Palkia\n|-damage|p2a: Palkia|0 fnt\n|faint|p2a: Palkia\n|\n|upkeep\n|\n|t:|1783572643\n|switch|p2a: Amoonguss|Amoonguss, L82, M|98/100 par\n|-damage|p2a: Amoonguss|86/100 par|[from] Stealth Rock\n|turn|62\n|inactive|Time left: 300 sec this turn | 300 sec total\n|\n|t:|1783572644\n|move|p1a: Chansey|Soft-Boiled|p1a: Chansey\n|-heal|p1a: Chansey|475/564\n|cant|p2a: Amoonguss|par\n|\n|upkeep\n|turn|63\n|inactive|Time left: 300 sec this turn | 300 sec total\n|\n|t:|1783572645\n|move|p1a: Chansey|Seismic Toss|p2a: Amoonguss\n|-damage|p2a: Amoonguss|59/100 par\n|-damage|p1a: Chansey|381/564|[from] item: Rocky Helmet|[of] p2a: Amoonguss\n|move|p2a: Amoonguss|Stomping Tantrum|p1a: Chansey\n|-damage|p1a: Chansey|178/564\n|\n|upkeep\n|turn|64\n|inactive|Time left: 300 sec this turn | 300 sec total\n|\n|t:|1783572646\n|move|p1a: Chansey|Seismic Toss|p2a: Amoonguss\n|-damage|p2a: Amoonguss|33/100 par\n|-damage|p1a: Chansey|84/564|[from] item: Rocky Helmet|[of] p2a: Amoonguss\n|move|p2a: Amoonguss|Stomping Tantrum|p1a: Chansey\n|-damage|p1a: Chansey|0 fnt\n|faint|p1a: Chansey\n|\n|upkeep\n|inactive|Time left: 300 sec this turn | 300 sec total | 5 sec grace\n|\n|t:|1783572647\n|switch|p1a: Magnezone|Magnezone, L85|97/258 slp\n|turn|65\n|inactive|Time left: 300 sec this turn | 300 sec total\n|\n|t:|1783572648\n|-terastallize|p1a: Magnezone|Flying\n|cant|p1a: Magnezone|slp\n|move|p2a: Amoonguss|Sludge Bomb|p1a: Magnezone\n|-damage|p1a: Magnezone|46/258 slp\n|\n|upkeep\n|turn|66\n|inactive|Time left: 300 sec this turn | 300 sec total\n|\n|t:|1783572649\n|-curestatus|p1a: Magnezone|slp|[msg]\n|move|p1a: Magnezone|Flash Cannon|p2a: Amoonguss\n|-damage|p2a: Amoonguss|0 fnt\n|faint|p2a: Amoonguss\n|\n|win|p0x282888f7", "uploadtime": 1783572649, "views": 0, "rating": 0, "private": 0, "password": null, "_winner": "p0x282888f7", "_our_name": "p0x282888f7"}