{"id": "battle-gen9randombattle-165", "formatid": "gen9randombattle", "format": "[Gen 9] Random Battle", "players": ["p0x1655e22", "p0y1653ef0"], "log": "|init|battle\n|title|p0x1655e22 vs. p0y1653ef0\n|j|\u2606p0x1655e22\n|j|\u2606p0y1653ef0\n|t:|1783535649\n|gametype|singles\n|player|p1|p0x1655e22|2|\n|player|p2|p0y1653ef0|101|\n|gen|9\n|tier|[Gen 9] Random Battle\n|rule|Species Clause: Limit one of each Pok\u00e9mon\n|rule|HP Percentage Mod: HP is shown in percentages\n|rule|Sleep Clause Mod: Limit one foe put to sleep\n|rule|Illusion Level Mod: Illusion disguises the Pok\u00e9mon's true level\n|\n|t:|1783535649\n|teamsize|p1|6\n|teamsize|p2|6\n|start\n|switch|p1a: Mabosstiff|Mabosstiff, L86, F|278/278\n|switch|p2a: Appletun|Appletun, L92, M|100/100\n|turn|1\n|inactive|Battle timer is ON: inactive players will automatically lose when time's up. (requested by p0y1653ef0)\n|inactive|Time left: 300 sec this turn | 300 sec total | 60 sec grace\n|inactive|p0x1655e22 also wants the timer to be on.\n|\n|t:|1783535651\n|move|p1a: Mabosstiff|Crunch|p2a: Appletun\n|-damage|p2a: Appletun|58/100\n|-unboost|p2a: Appletun|def|1\n|move|p2a: Appletun|Apple Acid|p1a: Mabosstiff\n|-damage|p1a: Mabosstiff|161/278\n|-unboost|p1a: Mabosstiff|spd|1\n|\n|-heal|p2a: Appletun|64/100|[from] item: Leftovers\n|upkeep\n|turn|2\n|inactive|Time left: 300 sec this turn | 300 sec total\n|\n|t:|1783535652\n|move|p1a: Mabosstiff|Crunch|p2a: Appletun\n|-damage|p2a: Appletun|0 fnt\n|faint|p2a: Appletun\n|\n|upkeep\n|\n|t:|1783535653\n|switch|p2a: Archaludon|Archaludon, L78, F|100/100\n|turn|3\n|inactive|Time left: 300 sec this turn | 300 sec total\n|\n|t:|1783535654\n|move|p1a: Mabosstiff|Crunch|p2a: Archaludon\n|-damage|p2a: Archaludon|56/100\n|-ability|p2a: Archaludon|Stamina|boost\n|-boost|p2a: Archaludon|def|1\n|move|p2a: Archaludon|Stealth Rock|p1a: Mabosstiff\n|-sidestart|p1: p0x1655e22|move: Stealth Rock\n|\n|-heal|p2a: Archaludon|62/100|[from] item: Leftovers\n|upkeep\n|turn|4\n|inactive|Time left: 300 sec this turn | 300 sec total\n|\n|t:|1783535655\n|switch|p1a: Zapdos|Zapdos, L78|268/268\n|move|p2a: Archaludon|Flash Cannon|p1a: Zapdos\n|-resisted|p1a: Zapdos\n|-damage|p1a: Zapdos|218/268\n|\n|-heal|p2a: Archaludon|68/100|[from] item: Leftovers\n|upkeep\n|turn|5\n|inactive|Time left: 300 sec this turn | 300 sec total\n|\n|t:|1783535656\n|move|p1a: Zapdos|Heat Wave|p2a: Archaludon\n|-damage|p2a: Archaludon|32/100\n|-ability|p2a: Archaludon|Stamina|boost\n|-boost|p2a: Archaludon|def|1\n|move|p2a: Archaludon|Body Press|p1a: Zapdos\n|-resisted|p1a: Zapdos\n|-damage|p1a: Zapdos|150/268\n|\n|-heal|p2a: Archaludon|38/100|[from] item: Leftovers\n|upkeep\n|turn|6\n|inactive|Time left: 300 sec this turn | 300 sec total\n|\n|t:|1783535658\n|move|p1a: Zapdos|Roost|p1a: Zapdos\n|-heal|p1a: Zapdos|268/268\n|-singleturn|p1a: Zapdos|move: Roost\n|move|p2a: Archaludon|Body Press|p1a: Zapdos\n|-crit|p1a: Zapdos\n|-damage|p1a: Zapdos|48/268\n|\n|-heal|p2a: Archaludon|44/100|[from] item: Leftovers\n|upkeep\n|turn|7\n|inactive|Time left: 300 sec this turn | 300 sec total\n|\n|t:|1783535659\n|move|p1a: Zapdos|Roost|p1a: Zapdos\n|-heal|p1a: Zapdos|182/268\n|-singleturn|p1a: Zapdos|move: Roost\n|move|p2a: Archaludon|Body Press|p1a: Zapdos\n|-damage|p1a: Zapdos|54/268\n|\n|-heal|p2a: Archaludon|50/100|[from] item: Leftovers\n|upkeep\n|turn|8\n|inactive|Time left: 300 sec this turn | 300 sec total\n|\n|t:|1783535660\n|move|p1a: Zapdos|Roost|p1a: Zapdos\n|-heal|p1a: Zapdos|188/268\n|-singleturn|p1a: Zapdos|move: Roost\n|move|p2a: Archaludon|Body Press|p1a: Zapdos\n|-damage|p1a: Zapdos|62/268\n|\n|-heal|p2a: Archaludon|56/100|[from] item: Leftovers\n|upkeep\n|turn|9\n|inactive|Time left: 300 sec this turn | 300 sec total\n|\n|t:|1783535661\n|move|p1a: Zapdos|Roost|p1a: Zapdos\n|-heal|p1a: Zapdos|196/268\n|-singleturn|p1a: Zapdos|move: Roost\n|move|p2a: Archaludon|Body Press|p1a: Zapdos\n|-damage|p1a: Zapdos|68/268\n|-status|p2a: Archaludon|par|[from] ability: Static|[of] p1a: Zapdos\n|\n|-heal|p2a: Archaludon|62/100 par|[from] item: Leftovers\n|upkeep\n|turn|10\n|inactive|Time left: 300 sec this turn | 300 sec total\n|\n|t:|1783535662\n|move|p1a: Zapdos|Roost|p1a: Zapdos\n|-heal|p1a: Zapdos|202/268\n|-singleturn|p1a: Zapdos|move: Roost\n|move|p2a: Archaludon|Body Press|p1a: Zapdos\n|-damage|p1a: Zapdos|56/268\n|\n|-heal|p2a: Archaludon|68/100 par|[from] item: Leftovers\n|upkeep\n|turn|11\n|inactive|Time left: 300 sec this turn | 300 sec total\n|\n|t:|1783535663\n|move|p1a: Zapdos|Roost|p1a: Zapdos\n|-heal|p1a: Zapdos|190/268\n|-singleturn|p1a: Zapdos|move: Roost\n|cant|p2a: Archaludon|par\n|\n|-heal|p2a: Archaludon|74/100 par|[from] item: Leftovers\n|upkeep\n|turn|12\n|inactive|Time left: 300 sec this turn | 300 sec total\n|\n|t:|1783535664\n|move|p1a: Zapdos|Heat Wave|p2a: Archaludon\n|-damage|p2a: Archaludon|38/100 par\n|-ability|p2a: Archaludon|Stamina|boost\n|-boost|p2a: Archaludon|def|1\n|move|p2a: Archaludon|Body Press|p1a: Zapdos\n|-resisted|p1a: Zapdos\n|-damage|p1a: Zapdos|106/268\n|\n|-heal|p2a: Archaludon|44/100 par|[from] item: Leftovers\n|upkeep\n|turn|13\n|inactive|Time left: 300 sec this turn | 300 sec total\n|\n|t:|1783535665\n|move|p1a: Zapdos|Hurricane|p2a: Archaludon\n|-resisted|p2a: Archaludon\n|-damage|p2a: Archaludon|11/100 par\n|-ability|p2a: Archaludon|Stamina|boost\n|-boost|p2a: Archaludon|def|1\n|move|p2a: Archaludon|Body Press|p1a: Zapdos\n|-resisted|p1a: Zapdos\n|-crit|p1a: Zapdos\n|-damage|p1a: Zapdos|0 fnt\n|faint|p1a: Zapdos\n|\n|-heal|p2a: Archaludon|17/100 par|[from] item: Leftovers\n|upkeep\n|inactive|Time left: 300 sec this turn | 300 sec total | 5 sec grace\n|\n|t:|1783535666\n|switch|p1a: Kyurem|Kyurem-White, L73|303/303\n|-damage|p1a: Kyurem|228/303|[from] Stealth Rock\n|-ability|p1a: Kyurem|Turboblaze\n|turn|14\n|inactive|Time left: 300 sec this turn | 300 sec total\n|\n|t:|1783535668\n|move|p1a: Kyurem|Ice Beam|p2a: Archaludon\n|-damage|p2a: Archaludon|0 fnt\n|faint|p2a: Archaludon\n|\n|upkeep\n|\n|t:|1783535669\n|switch|p2a: Solgaleo|Solgaleo, L74|100/100\n|turn|15\n|inactive|Time left: 300 sec this turn | 300 sec total\n|\n|t:|1783535670\n|switch|p1a: Alomomola|Alomomola, L87, M|429/429\n|-damage|p1a: Alomomola|376/429|[from] Stealth Rock\n|move|p2a: Solgaleo|Sunsteel Strike|p1a: Alomomola\n|-resisted|p1a: Alomomola\n|-damage|p1a: Alomomola|319/429\n|\n|-heal|p1a: Alomomola|345/429|[from] item: Leftovers\n|upkeep\n|turn|16\n|inactive|Time left: 300 sec this turn | 300 sec total\n|\n|t:|1783535671\n|move|p2a: Solgaleo|Knock Off|p1a: Alomomola\n|-damage|p1a: Alomomola|268/429\n|-enditem|p1a: Alomomola|Leftovers|[from] move: Knock Off|[of] p2a: Solgaleo\n|move|p1a: Alomomola|Scald|p2a: Solgaleo\n|-damage|p2a: Solgaleo|85/100\n|-status|p2a: Solgaleo|brn\n|\n|-damage|p2a: Solgaleo|79/100 brn|[from] brn\n|upkeep\n|turn|17\n|inactive|Time left: 300 sec this turn | 300 sec total\n|\n|t:|1783535672\n|switch|p2a: Pecharunt|Pecharunt, L77|100/100\n|move|p1a: Alomomola|Wish|p1a: Alomomola\n|\n|upkeep\n|turn|18\n|inactive|Time left: 300 sec this turn | 300 sec total\n|\n|t:|1783535673\n|switch|p1a: Mabosstiff|Mabosstiff, L86, F|161/278\n|-damage|p1a: Mabosstiff|127/278|[from] Stealth Rock\n|move|p2a: Pecharunt|Malignant Chain|p1a: Mabosstiff\n|-crit|p1a: Mabosstiff\n|-damage|p1a: Mabosstiff|0 fnt\n|faint|p1a: Mabosstiff\n|\n|upkeep\n|inactive|Time left: 300 sec this turn | 300 sec total | 5 sec grace\n|\n|t:|1783535674\n|switch|p1a: Terrakion|Terrakion, L79|273/273\n|-damage|p1a: Terrakion|256/273|[from] Stealth Rock\n|turn|19\n|inactive|Time left: 300 sec this turn | 300 sec total\n|\n|t:|1783535675\n|move|p1a: Terrakion|Swords Dance|p1a: Terrakion\n|-boost|p1a: Terrakion|atk|2\n|move|p2a: Pecharunt|Malignant Chain|p1a: Terrakion\n|-resisted|p1a: Terrakion\n|-damage|p1a: Terrakion|213/273\n|\n|upkeep\n|turn|20\n|inactive|Time left: 300 sec this turn | 300 sec total\n|\n|t:|1783535676\n|switch|p2a: Solgaleo|Solgaleo, L74|79/100 brn\n|move|p1a: Terrakion|Earthquake|p2a: Solgaleo\n|-supereffective|p2a: Solgaleo\n|-damage|p2a: Solgaleo|0 fnt\n|faint|p2a: Solgaleo\n|-damage|p1a: Terrakion|186/273|[from] item: Life Orb\n|\n|upkeep\n|\n|t:|1783535677\n|switch|p2a: Persian|Persian, L92, M|100/100\n|turn|21\n|inactive|Time left: 300 sec this turn | 300 sec total\n|\n|t:|1783535678\n|move|p2a: Persian|Fake Out|p1a: Terrakion\n|-resisted|p1a: Terrakion\n|-damage|p1a: Terrakion|146/273\n|cant|p1a: Terrakion|flinch\n|\n|upkeep\n|turn|22\n|inactive|Time left: 300 sec this turn | 300 sec total\n|\n|t:|1783535679\n|move|p2a: Persian|Double-Edge|p1a: Terrakion\n|-resisted|p1a: Terrakion\n|-damage|p1a: Terrakion|68/273\n|-damage|p2a: Persian|91/100|[from] Recoil\n|move|p1a: Terrakion|Close Combat|p2a: Persian\n|-supereffective|p2a: Persian\n|-damage|p2a: Persian|0 fnt\n|-unboost|p1a: Terrakion|def|1\n|-unboost|p1a: Terrakion|spd|1\n|faint|p2a: Persian\n|-damage|p1a: Terrakion|41/273|[from] item: Life Orb\n|\n|upkeep\n|\n|t:|1783535680\n|switch|p2a: Pecharunt|Pecharunt, L77|100/100\n|turn|23\n|inactive|Time left: 300 sec this turn | 300 sec total\n|\n|t:|1783535681\n|-terastallize|p2a: Pecharunt|Dark\n|move|p1a: Terrakion|Earthquake|p2a: Pecharunt\n|-damage|p2a: Pecharunt|47/100\n|-damage|p1a: Terrakion|14/273|[from] item: Life Orb\n|move|p2a: Pecharunt|Shadow Ball|p1a: Terrakion\n|-damage|p1a: Terrakion|0 fnt\n|faint|p1a: Terrakion\n|\n|upkeep\n|inactive|Time left: 300 sec this turn | 300 sec total | 5 sec grace\n|\n|t:|1783535682\n|switch|p1a: Kyurem|Kyurem-White, L73|228/303\n|-damage|p1a: Kyurem|153/303|[from] Stealth Rock\n|-ability|p1a: Kyurem|Turboblaze\n|turn|24\n|inactive|Time left: 300 sec this turn | 300 sec total\n|\n|t:|1783535683\n|switch|p2a: Calyrex|Calyrex-Ice, L72|100/100\n|-ability|p2a: Calyrex|As One\n|-ability|p2a: Calyrex|Unnerve\n|move|p1a: Kyurem|Ice Beam|p2a: Calyrex\n|-resisted|p2a: Calyrex\n|-damage|p2a: Calyrex|72/100\n|\n|upkeep\n|turn|25\n|inactive|Time left: 300 sec this turn | 300 sec total\n|\n|t:|1783535684\n|-terastallize|p1a: Kyurem|Ice\n|move|p1a: Kyurem|Ice Beam|p2a: Calyrex\n|-resisted|p2a: Calyrex\n|-damage|p2a: Calyrex|35/100\n|move|p2a: Calyrex|Glacial Lance|p1a: Kyurem\n|-resisted|p1a: Kyurem\n|-damage|p1a: Kyurem|72/303\n|\n|upkeep\n|turn|26\n|inactive|Time left: 300 sec this turn | 300 sec total\n|\n|t:|1783535685\n|move|p1a: Kyurem|Ice Beam|p2a: Calyrex\n|-resisted|p2a: Calyrex\n|-damage|p2a: Calyrex|0 fnt\n|faint|p2a: Calyrex\n|\n|upkeep\n|\n|t:|1783535686\n|switch|p2a: Pecharunt|Pecharunt, L77, tera:Dark|47/100\n|turn|27\n|inactive|Time left: 300 sec this turn | 300 sec total\n|\n|t:|1783535686\n|move|p1a: Kyurem|Ice Beam|p2a: Pecharunt\n|-damage|p2a: Pecharunt|0 fnt\n|faint|p2a: Pecharunt\n|\n|win|p0x1655e22", "uploadtime": 1783535686, "views": 0, "rating": 0, "private": 0, "password": null, "_winner": "p0x1655e22", "_our_name": "p0x1655e22"}