{"id": "battle-gen9randombattle-928", "formatid": "gen9randombattle", "format": "[Gen 9] Random Battle", "players": ["p0x9282408", "p0y9285b3e"], "log": "|init|battle\n|title|p0x9282408 vs. p0y9285b3e\n|j|\u2606p0x9282408\n|j|\u2606p0y9285b3e\n|t:|1783550657\n|gametype|singles\n|player|p1|p0x9282408|265|\n|player|p2|p0y9285b3e|1|\n|gen|9\n|tier|[Gen 9] Random Battle\n|rule|Species Clause: Limit one of each Pok\u00e9mon\n|rule|HP Percentage Mod: HP is shown in percentages\n|rule|Sleep Clause Mod: Limit one foe put to sleep\n|rule|Illusion Level Mod: Illusion disguises the Pok\u00e9mon's true level\n|\n|t:|1783550657\n|teamsize|p1|6\n|teamsize|p2|6\n|start\n|switch|p1a: Garchomp|Garchomp, L74, F|100/100\n|switch|p2a: Umbreon|Umbreon, L84, M|297/297\n|turn|1\n|inactive|Battle timer is ON: inactive players will automatically lose when time's up. (requested by p0y9285b3e)\n|inactive|p0x9282408 also wants the timer to be on.\n|\n|t:|1783550659\n|move|p1a: Garchomp|Stealth Rock|p2a: Umbreon\n|-sidestart|p2: p0y9285b3e|move: Stealth Rock\n|move|p2a: Umbreon|Toxic|p1a: Garchomp\n|-status|p1a: Garchomp|tox\n|\n|-damage|p1a: Garchomp|94/100 tox|[from] psn\n|upkeep\n|turn|2\n|inactive|Time left: 300 sec this turn | 300 sec total\n|\n|t:|1783550660\n|move|p1a: Garchomp|Outrage|p2a: Umbreon\n|-damage|p2a: Umbreon|195/297\n|move|p2a: Umbreon|Foul Play|p1a: Garchomp\n|-damage|p1a: Garchomp|52/100 tox\n|-damage|p2a: Umbreon|158/297|[from] ability: Rough Skin|[of] p1a: Garchomp\n|-damage|p2a: Umbreon|109/297|[from] item: Rocky Helmet|[of] p1a: Garchomp\n|\n|-heal|p2a: Umbreon|127/297|[from] item: Leftovers\n|-damage|p1a: Garchomp|40/100 tox|[from] psn\n|upkeep\n|turn|3\n|inactive|Time left: 300 sec this turn | 300 sec total\n|\n|t:|1783550661\n|move|p1a: Garchomp|Outrage|p2a: Umbreon|[from] lockedmove\n|-damage|p2a: Umbreon|18/297\n|-start|p1a: Garchomp|confusion|[fatigue]\n|move|p2a: Umbreon|Wish|p2a: Umbreon\n|\n|-heal|p2a: Umbreon|36/297|[from] item: Leftovers\n|-damage|p1a: Garchomp|22/100 tox|[from] psn\n|upkeep\n|turn|4\n|inactive|Time left: 300 sec this turn | 300 sec total\n|\n|t:|1783550662\n|move|p2a: Umbreon|Protect|p2a: Umbreon\n|-singleturn|p2a: Umbreon|Protect\n|-activate|p1a: Garchomp|confusion\n|move|p1a: Garchomp|Outrage|p2a: Umbreon\n|-activate|p2a: Umbreon|move: Protect\n|\n|-heal|p2a: Umbreon|184/297|[from] move: Wish|[wisher] Umbreon\n|-heal|p2a: Umbreon|202/297|[from] item: Leftovers\n|-damage|p1a: Garchomp|0 fnt|[from] psn\n|faint|p1a: Garchomp\n|upkeep\n|\n|t:|1783550663\n|switch|p1a: Staraptor|Staraptor, L79, F|100/100\n|turn|5\n|inactive|Time left: 300 sec this turn | 300 sec total\n|\n|t:|1783550664\n|move|p1a: Staraptor|Brave Bird|p2a: Umbreon\n|-damage|p2a: Umbreon|9/297\n|-damage|p1a: Staraptor|76/100|[from] Recoil\n|move|p2a: Umbreon|Foul Play|p1a: Staraptor\n|-damage|p1a: Staraptor|21/100\n|\n|-heal|p2a: Umbreon|27/297|[from] item: Leftovers\n|upkeep\n|turn|6\n|inactive|Time left: 300 sec this turn | 300 sec total\n|\n|t:|1783550665\n|move|p2a: Umbreon|Protect|p2a: Umbreon\n|-singleturn|p2a: Umbreon|Protect\n|move|p1a: Staraptor|Brave Bird|p2a: Umbreon\n|-activate|p2a: Umbreon|move: Protect\n|\n|-heal|p2a: Umbreon|45/297|[from] item: Leftovers\n|upkeep\n|turn|7\n|inactive|Time left: 300 sec this turn | 300 sec total\n|\n|t:|1783550666\n|move|p1a: Staraptor|Brave Bird|p2a: Umbreon\n|-damage|p2a: Umbreon|0 fnt\n|faint|p2a: Umbreon\n|-damage|p1a: Staraptor|16/100|[from] Recoil\n|\n|upkeep\n|inactive|Time left: 300 sec this turn | 300 sec total | 5 sec grace\n|\n|t:|1783550667\n|switch|p2a: Vikavolt|Vikavolt, L83, F|263/263\n|turn|8\n|inactive|Time left: 300 sec this turn | 300 sec total\n|\n|t:|1783550668\n|move|p1a: Staraptor|Brave Bird|p2a: Vikavolt\n|-damage|p2a: Vikavolt|46/263\n|-damage|p1a: Staraptor|0 fnt|[from] Recoil\n|faint|p1a: Staraptor\n|move|p2a: Vikavolt|Sticky Web|p1: Staraptor\n|-sidestart|p1: p0x9282408|move: Sticky Web\n|\n|upkeep\n|\n|t:|1783550669\n|switch|p1a: Volbeat|Volbeat, L90, M|100/100\n|turn|9\n|inactive|Time left: 300 sec this turn | 300 sec total\n|\n|t:|1783550671\n|switch|p2a: Incineroar|Incineroar, L82, F|290/290\n|-ability|p2a: Incineroar|Intimidate|boost\n|-unboost|p1a: Volbeat|atk|1\n|move|p1a: Volbeat|Lunge|p2a: Incineroar\n|-damage|p2a: Incineroar|230/290\n|-unboost|p2a: Incineroar|atk|1\n|\n|upkeep\n|turn|10\n|inactive|Time left: 300 sec this turn | 300 sec total\n|\n|t:|1783550672\n|switch|p1a: Carbink|Carbink, L90|100/100\n|-activate|p1a: Carbink|move: Sticky Web\n|-unboost|p1a: Carbink|spe|1\n|move|p2a: Incineroar|Knock Off|p1a: Carbink\n|-resisted|p1a: Carbink\n|-damage|p1a: Carbink|92/100\n|-enditem|p1a: Carbink|Leftovers|[from] move: Knock Off|[of] p2a: Incineroar\n|\n|upkeep\n|turn|11\n|inactive|Time left: 300 sec this turn | 300 sec total\n|\n|t:|1783550673\n|switch|p2a: Amoonguss|Amoonguss, L82, F, shiny|321/321\n|-damage|p2a: Amoonguss|281/321|[from] Stealth Rock\n|move|p1a: Carbink|Rock Polish|p1a: Carbink\n|-boost|p1a: Carbink|spe|2\n|\n|-heal|p2a: Amoonguss|301/321|[from] item: Leftovers\n|upkeep\n|turn|12\n|inactive|Time left: 300 sec this turn | 300 sec total\n|\n|t:|1783550674\n|move|p1a: Carbink|Rock Polish|p1a: Carbink\n|-boost|p1a: Carbink|spe|2\n|move|p2a: Amoonguss|Spore|p1a: Carbink\n|-status|p1a: Carbink|slp|[from] move: Spore\n|\n|-heal|p2a: Amoonguss|321/321|[from] item: Leftovers\n|upkeep\n|turn|13\n|inactive|Time left: 300 sec this turn | 300 sec total\n|\n|t:|1783550675\n|cant|p1a: Carbink|slp\n|move|p2a: Amoonguss|Giga Drain|p1a: Carbink\n|-supereffective|p1a: Carbink\n|-damage|p1a: Carbink|56/100 slp\n|\n|upkeep\n|turn|14\n|inactive|Time left: 300 sec this turn | 300 sec total\n|\n|t:|1783550676\n|-curestatus|p1a: Carbink|slp|[msg]\n|move|p1a: Carbink|Iron Defense|p1a: Carbink\n|-boost|p1a: Carbink|def|2\n|move|p2a: Amoonguss|Giga Drain|p1a: Carbink\n|-supereffective|p1a: Carbink\n|-damage|p1a: Carbink|23/100\n|\n|upkeep\n|turn|15\n|inactive|Time left: 300 sec this turn | 300 sec total\n|\n|t:|1783550678\n|-terastallize|p1a: Carbink|Fighting\n|move|p1a: Carbink|Body Press|p2a: Amoonguss\n|-resisted|p2a: Amoonguss\n|-damage|p2a: Amoonguss|151/321\n|move|p2a: Amoonguss|Giga Drain|p1a: Carbink\n|-damage|p1a: Carbink|4/100\n|-heal|p2a: Amoonguss|174/321|[from] drain|[of] p1a: Carbink\n|\n|-heal|p2a: Amoonguss|194/321|[from] item: Leftovers\n|upkeep\n|turn|16\n|inactive|Time left: 300 sec this turn | 300 sec total\n|\n|t:|1783550679\n|move|p1a: Carbink|Body Press|p2a: Amoonguss\n|-resisted|p2a: Amoonguss\n|-damage|p2a: Amoonguss|13/321\n|move|p2a: Amoonguss|Giga Drain|p1a: Carbink\n|-damage|p1a: Carbink|0 fnt\n|-heal|p2a: Amoonguss|17/321|[from] drain|[of] p1a: Carbink\n|faint|p1a: Carbink\n|\n|-heal|p2a: Amoonguss|37/321|[from] item: Leftovers\n|upkeep\n|\n|t:|1783550680\n|switch|p1a: Okidogi|Okidogi, L77, M|100/100\n|-activate|p1a: Okidogi|move: Sticky Web\n|-unboost|p1a: Okidogi|spe|1\n|turn|17\n|inactive|Time left: 300 sec this turn | 300 sec total\n|\n|t:|1783550681\n|switch|p2a: Incineroar|Incineroar, L82, F|230/290\n|-ability|p2a: Incineroar|Intimidate|boost\n|-unboost|p1a: Okidogi|atk|1\n|move|p1a: Okidogi|Knock Off|p2a: Incineroar\n|-resisted|p2a: Incineroar\n|-damage|p2a: Incineroar|207/290\n|-enditem|p2a: Incineroar|Heavy-Duty Boots|[from] move: Knock Off|[of] p1a: Okidogi\n|\n|upkeep\n|turn|18\n|inactive|Time left: 300 sec this turn | 300 sec total\n|\n|t:|1783550682\n|move|p2a: Incineroar|Will-O-Wisp|p1a: Okidogi\n|-status|p1a: Okidogi|brn\n|move|p1a: Okidogi|Drain Punch|p2a: Incineroar\n|-supereffective|p2a: Incineroar\n|-damage|p2a: Incineroar|150/290\n|\n|-damage|p1a: Okidogi|94/100 brn|[from] brn\n|upkeep\n|turn|19\n|inactive|Time left: 300 sec this turn | 300 sec total\n|\n|t:|1783550683\n|switch|p2a: Sneasler|Sneasler, L74, M|240/240\n|-damage|p2a: Sneasler|225/240|[from] Stealth Rock\n|move|p1a: Okidogi|High Horsepower|p2a: Sneasler\n|-supereffective|p2a: Sneasler\n|-damage|p2a: Sneasler|153/240\n|\n|-damage|p1a: Okidogi|88/100 brn|[from] brn\n|upkeep\n|turn|20\n|inactive|Time left: 300 sec this turn | 300 sec total\n|\n|t:|1783550683\n|move|p2a: Sneasler|Swords Dance|p2a: Sneasler\n|-boost|p2a: Sneasler|atk|2\n|move|p1a: Okidogi|Knock Off|p2a: Sneasler\n|-resisted|p2a: Sneasler\n|-damage|p2a: Sneasler|135/240\n|-enditem|p2a: Sneasler|White Herb|[from] move: Knock Off|[of] p1a: Okidogi\n|\n|-damage|p1a: Okidogi|82/100 brn|[from] brn\n|upkeep\n|turn|21\n|inactive|Time left: 300 sec this turn | 300 sec total\n|\n|t:|1783550684\n|move|p2a: Sneasler|Acrobatics|p1a: Okidogi\n|-supereffective|p1a: Okidogi\n|-damage|p1a: Okidogi|0 fnt\n|faint|p1a: Okidogi\n|\n|upkeep\n|\n|t:|1783550685\n|switch|p1a: Volbeat|Volbeat, L90, M|100/100\n|turn|22\n|inactive|Time left: 300 sec this turn | 300 sec total\n|\n|t:|1783550686\n|move|p1a: Volbeat|Thunder Wave|p2a: Sneasler\n|-status|p2a: Sneasler|par\n|cant|p2a: Sneasler|par\n|\n|upkeep\n|turn|23\n|inactive|Time left: 300 sec this turn | 300 sec total\n|\n|t:|1783550687\n|switch|p1a: Gogoat|Gogoat, L88, M|100/100\n|-activate|p1a: Gogoat|move: Sticky Web\n|-unboost|p1a: Gogoat|spe|1\n|move|p2a: Sneasler|Acrobatics|p1a: Gogoat\n|-supereffective|p1a: Gogoat\n|-damage|p1a: Gogoat|0 fnt\n|faint|p1a: Gogoat\n|\n|upkeep\n|\n|t:|1783550688\n|switch|p1a: Volbeat|Volbeat, L90, M|100/100\n|turn|24\n|inactive|Time left: 300 sec this turn | 300 sec total\n|\n|t:|1783550689\n|-terastallize|p2a: Sneasler|Flying\n|move|p2a: Sneasler|Acrobatics|p1a: Volbeat\n|-supereffective|p1a: Volbeat\n|-damage|p1a: Volbeat|0 fnt\n|faint|p1a: Volbeat\n|\n|win|p0y9285b3e", "uploadtime": 1783550689, "views": 0, "rating": 0, "private": 0, "password": null, "_winner": "p0y9285b3e", "_our_name": "p0y9285b3e"}