{"id": "battle-gen9randombattle-240", "formatid": "gen9randombattle", "format": "[Gen 9] Random Battle", "players": ["p0x240069d", "p0y240a0de"], "log": "|init|battle\n|title|p0x240069d vs. p0y240a0de\n|j|\u2606p0x240069d\n|j|\u2606p0y240a0de\n|t:|1783536052\n|gametype|singles\n|player|p1|p0x240069d|170|\n|player|p2|p0y240a0de|265|\n|gen|9\n|tier|[Gen 9] Random Battle\n|rule|Species Clause: Limit one of each Pok\u00e9mon\n|rule|HP Percentage Mod: HP is shown in percentages\n|rule|Sleep Clause Mod: Limit one foe put to sleep\n|rule|Illusion Level Mod: Illusion disguises the Pok\u00e9mon's true level\n|\n|t:|1783536052\n|teamsize|p1|6\n|teamsize|p2|6\n|start\n|switch|p1a: Blastoise|Blastoise, L80, F|100/100\n|switch|p2a: Lapras|Lapras, L87, M|368/368\n|turn|1\n|inactive|Battle timer is ON: inactive players will automatically lose when time's up. (requested by p0x240069d)\n|inactive|Time left: 300 sec this turn | 300 sec total | 60 sec grace\n|inactive|p0y240a0de also wants the timer to be on.\n|\n|t:|1783536054\n|move|p1a: Blastoise|Shell Smash|p1a: Blastoise\n|-unboost|p1a: Blastoise|def|1\n|-unboost|p1a: Blastoise|spd|1\n|-boost|p1a: Blastoise|atk|2\n|-boost|p1a: Blastoise|spa|2\n|-boost|p1a: Blastoise|spe|2\n|-enditem|p1a: Blastoise|White Herb\n|-clearnegativeboost|p1a: Blastoise|[silent]\n|move|p2a: Lapras|Freeze-Dry|p1a: Blastoise\n|-supereffective|p1a: Blastoise\n|-damage|p1a: Blastoise|45/100\n|\n|upkeep\n|turn|2\n|inactive|Time left: 300 sec this turn | 300 sec total\n|\n|t:|1783536055\n|move|p1a: Blastoise|Ice Beam|p2a: Lapras\n|-resisted|p2a: Lapras\n|-damage|p2a: Lapras|343/368\n|move|p2a: Lapras|Freeze-Dry|p1a: Blastoise\n|-supereffective|p1a: Blastoise\n|-damage|p1a: Blastoise|0 fnt\n|faint|p1a: Blastoise\n|\n|upkeep\n|\n|t:|1783536056\n|switch|p1a: Kricketune|Kricketune, L99, M|100/100\n|turn|3\n|inactive|Time left: 300 sec this turn | 300 sec total\n|\n|t:|1783536057\n|move|p1a: Kricketune|Sticky Web|p2a: Lapras\n|-sidestart|p2: p0y240a0de|move: Sticky Web\n|move|p2a: Lapras|Sparkling Aria|p1a: Kricketune\n|-damage|p1a: Kricketune|66/100\n|\n|upkeep\n|turn|4\n|inactive|Time left: 300 sec this turn | 300 sec total\n|\n|t:|1783536058\n|move|p1a: Kricketune|Knock Off|p2a: Lapras\n|-damage|p2a: Lapras|256/368\n|-enditem|p2a: Lapras|Heavy-Duty Boots|[from] move: Knock Off|[of] p1a: Kricketune\n|move|p2a: Lapras|Freeze-Dry|p1a: Kricketune\n|-damage|p1a: Kricketune|38/100\n|\n|upkeep\n|turn|5\n|inactive|Time left: 300 sec this turn | 300 sec total\n|\n|t:|1783536059\n|switch|p1a: Flareon|Flareon, L90, M|100/100\n|move|p2a: Lapras|Sparkling Aria|p1a: Flareon\n|-supereffective|p1a: Flareon\n|-damage|p1a: Flareon|40/100\n|\n|-status|p1a: Flareon|tox|[from] item: Toxic Orb\n|upkeep\n|turn|6\n|inactive|Time left: 300 sec this turn | 300 sec total\n|\n|t:|1783536060\n|move|p1a: Flareon|Flare Blitz|p2a: Lapras\n|-damage|p2a: Lapras|0 fnt\n|faint|p2a: Lapras\n|-damage|p1a: Flareon|8/100 tox|[from] Recoil\n|\n|-damage|p1a: Flareon|2/100 tox|[from] psn\n|upkeep\n|inactive|Time left: 300 sec this turn | 300 sec total | 5 sec grace\n|\n|t:|1783536061\n|switch|p2a: Dragapult|Dragapult, L77, M|262/262\n|-activate|p2a: Dragapult|move: Sticky Web\n|-unboost|p2a: Dragapult|spe|1\n|turn|7\n|inactive|Time left: 300 sec this turn | 300 sec total\n|\n|t:|1783536062\n|switch|p1a: Flamigo|Flamigo, L82, M|100/100\n|move|p2a: Dragapult|U-turn|p1a: Flamigo\n|-resisted|p1a: Flamigo\n|-damage|p1a: Flamigo|95/100\n|inactive|Time left: 300 sec this turn | 300 sec total | 5 sec grace\n|\n|t:|1783536063\n|switch|p2a: Toxtricity|Toxtricity, L82, M|257/257|[from] U-turn\n|-activate|p2a: Toxtricity|move: Sticky Web\n|-unboost|p2a: Toxtricity|spe|1\n|\n|upkeep\n|turn|8\n|inactive|Time left: 300 sec this turn | 300 sec total\n|\n|t:|1783536065\n|switch|p1a: Dugtrio|Dugtrio, L84, M|100/100\n|move|p2a: Toxtricity|Overdrive|p1a: Dugtrio\n|-immune|p1a: Dugtrio\n|\n|upkeep\n|turn|9\n|inactive|Time left: 300 sec this turn | 300 sec total\n|\n|t:|1783536066\n|-terastallize|p2a: Toxtricity|Normal\n|move|p1a: Dugtrio|Earthquake|p2a: Toxtricity\n|-damage|p2a: Toxtricity|78/257\n|-damage|p1a: Dugtrio|91/100|[from] item: Life Orb\n|move|p2a: Toxtricity|Boomburst|p1a: Dugtrio\n|-damage|p1a: Dugtrio|0 fnt\n|faint|p1a: Dugtrio\n|-enditem|p2a: Toxtricity|Throat Spray\n|-boost|p2a: Toxtricity|spa|1|[from] item: Throat Spray\n|\n|upkeep\n|\n|t:|1783536067\n|switch|p1a: Flamigo|Flamigo, L82, M|95/100\n|turn|10\n|inactive|Time left: 300 sec this turn | 300 sec total\n|\n|t:|1783536068\n|move|p1a: Flamigo|Throat Chop|p2a: Toxtricity\n|-damage|p2a: Toxtricity|0 fnt\n|faint|p2a: Toxtricity\n|-damage|p1a: Flamigo|85/100|[from] item: Life Orb\n|\n|upkeep\n|inactive|Time left: 300 sec this turn | 300 sec total | 5 sec grace\n|\n|t:|1783536069\n|switch|p2a: Azumarill|Azumarill, L82, M|298/298\n|-activate|p2a: Azumarill|move: Sticky Web\n|-unboost|p2a: Azumarill|spe|1\n|turn|11\n|inactive|Time left: 300 sec this turn | 300 sec total\n|\n|t:|1783536070\n|move|p1a: Flamigo|Swords Dance|p1a: Flamigo\n|-boost|p1a: Flamigo|atk|2\n|move|p2a: Azumarill|Play Rough|p1a: Flamigo\n|-supereffective|p1a: Flamigo\n|-damage|p1a: Flamigo|0 fnt\n|faint|p1a: Flamigo\n|\n|upkeep\n|\n|t:|1783536071\n|switch|p1a: Rabsca|Rabsca, L91, M|100/100\n|turn|12\n|inactive|Time left: 300 sec this turn | 300 sec total\n|\n|t:|1783536072\n|move|p2a: Azumarill|Play Rough|p1a: Rabsca\n|-damage|p1a: Rabsca|41/100\n|move|p1a: Rabsca|Psychic|p2a: Azumarill\n|-damage|p2a: Azumarill|166/298\n|\n|upkeep\n|turn|13\n|inactive|Time left: 300 sec this turn | 300 sec total\n|\n|t:|1783536073\n|-terastallize|p1a: Rabsca|Steel\n|move|p1a: Rabsca|Psychic|p2a: Azumarill\n|-damage|p2a: Azumarill|24/298\n|move|p2a: Azumarill|Play Rough|p1a: Rabsca|[miss]\n|-miss|p2a: Azumarill|p1a: Rabsca\n|\n|upkeep\n|turn|14\n|inactive|Time left: 300 sec this turn | 300 sec total\n|\n|t:|1783536074\n|switch|p2a: Florges|Florges-Yellow, L85, F|271/271\n|-activate|p2a: Florges|move: Sticky Web\n|-unboost|p2a: Florges|spe|1\n|move|p1a: Rabsca|Psychic|p2a: Florges\n|-damage|p2a: Florges|193/271\n|\n|-heal|p2a: Florges|209/271|[from] item: Leftovers\n|upkeep\n|turn|15\n|inactive|Time left: 300 sec this turn | 300 sec total\n|\n|t:|1783536075\n|move|p2a: Florges|Calm Mind|p2a: Florges\n|-boost|p2a: Florges|spa|1\n|-boost|p2a: Florges|spd|1\n|move|p1a: Rabsca|Psychic|p2a: Florges\n|-damage|p2a: Florges|157/271\n|\n|-heal|p2a: Florges|173/271|[from] item: Leftovers\n|upkeep\n|turn|16\n|inactive|Time left: 300 sec this turn | 300 sec total\n|\n|t:|1783536076\n|move|p2a: Florges|Wish|p2a: Florges\n|move|p1a: Rabsca|Psychic|p2a: Florges\n|-damage|p2a: Florges|116/271\n|\n|-heal|p2a: Florges|132/271|[from] item: Leftovers\n|upkeep\n|turn|17\n|inactive|Time left: 300 sec this turn | 300 sec total\n|\n|t:|1783536077\n|move|p2a: Florges|Calm Mind|p2a: Florges\n|-boost|p2a: Florges|spa|1\n|-boost|p2a: Florges|spd|1\n|move|p1a: Rabsca|Psychic|p2a: Florges\n|-damage|p2a: Florges|90/271\n|\n|-heal|p2a: Florges|225/271|[from] move: Wish|[wisher] Florges\n|-heal|p2a: Florges|241/271|[from] item: Leftovers\n|upkeep\n|turn|18\n|inactive|Time left: 300 sec this turn | 300 sec total\n|\n|t:|1783536078\n|move|p2a: Florges|Moonblast|p1a: Rabsca\n|-resisted|p1a: Rabsca\n|-damage|p1a: Rabsca|8/100\n|move|p1a: Rabsca|Psychic|p2a: Florges\n|-damage|p2a: Florges|198/271\n|\n|-heal|p2a: Florges|214/271|[from] item: Leftovers\n|upkeep\n|turn|19\n|inactive|Time left: 300 sec this turn | 300 sec total\n|\n|t:|1783536079\n|move|p2a: Florges|Moonblast|p1a: Rabsca\n|-resisted|p1a: Rabsca\n|-damage|p1a: Rabsca|0 fnt\n|faint|p1a: Rabsca\n|\n|-heal|p2a: Florges|230/271|[from] item: Leftovers\n|upkeep\n|\n|t:|1783536080\n|switch|p1a: Flareon|Flareon, L90, M|2/100 tox\n|turn|20\n|inactive|Time left: 300 sec this turn | 300 sec total\n|\n|t:|1783536081\n|move|p2a: Florges|Protect|p2a: Florges\n|-singleturn|p2a: Florges|Protect\n|move|p1a: Flareon|Facade|p2a: Florges\n|-activate|p2a: Florges|move: Protect\n|\n|-heal|p2a: Florges|246/271|[from] item: Leftovers\n|-damage|p1a: Flareon|0 fnt|[from] psn\n|faint|p1a: Flareon\n|upkeep\n|\n|t:|1783536082\n|switch|p1a: Kricketune|Kricketune, L99, M|38/100\n|turn|21\n|inactive|Time left: 300 sec this turn | 300 sec total\n|\n|t:|1783536082\n|move|p1a: Kricketune|Taunt|p2a: Florges\n|-start|p2a: Florges|move: Taunt\n|move|p2a: Florges|Moonblast|p1a: Kricketune\n|-damage|p1a: Kricketune|0 fnt\n|faint|p1a: Kricketune\n|\n|win|p0y240a0de", "uploadtime": 1783536082, "views": 0, "rating": 0, "private": 0, "password": null, "_winner": "p0y240a0de", "_our_name": "p0y240a0de"}