{"id": "battle-gen9randombattle-2205", "formatid": "gen9randombattle", "format": "[Gen 9] Random Battle", "players": ["p0x22059314", "p0y22058458"], "log": "|init|battle\n|title|p0x22059314 vs. p0y22058458\n|j|\u2606p0x22059314\n|j|\u2606p0y22058458\n|t:|1783565556\n|gametype|singles\n|player|p1|p0x22059314|2|\n|player|p2|p0y22058458|266|\n|gen|9\n|tier|[Gen 9] Random Battle\n|rule|Species Clause: Limit one of each Pok\u00e9mon\n|rule|HP Percentage Mod: HP is shown in percentages\n|rule|Sleep Clause Mod: Limit one foe put to sleep\n|rule|Illusion Level Mod: Illusion disguises the Pok\u00e9mon's true level\n|\n|t:|1783565556\n|teamsize|p1|6\n|teamsize|p2|6\n|start\n|switch|p1a: Chimecho|Chimecho, L93, M|100/100\n|switch|p2a: Gengar|Gengar, L81, M|230/230\n|turn|1\n|inactive|Battle timer is ON: inactive players will automatically lose when time's up. (requested by p0y22058458)\n|inactive|p0x22059314 also wants the timer to be on.\n|\n|t:|1783565558\n|switch|p1a: Snorlax|Snorlax, L82, F|100/100\n|move|p2a: Gengar|Shadow Ball|p1a: Snorlax\n|-immune|p1a: Snorlax\n|\n|upkeep\n|turn|2\n|inactive|Time left: 300 sec this turn | 300 sec total\n|\n|t:|1783565559\n|move|p2a: Gengar|Shadow Ball|p1a: Snorlax\n|-immune|p1a: Snorlax\n|move|p1a: Snorlax|Earthquake|p2a: Gengar\n|-supereffective|p2a: Gengar\n|-damage|p2a: Gengar|40/230\n|-start|p1a: Snorlax|Disable|Earthquake|[from] ability: Cursed Body|[of] p2a: Gengar\n|\n|upkeep\n|turn|3\n|inactive|Time left: 300 sec this turn | 300 sec total\n|\n|t:|1783565560\n|switch|p2a: Arboliva|Arboliva, L91, F|290/290\n|move|p1a: Snorlax|Body Slam|p2a: Arboliva\n|-damage|p2a: Arboliva|196/290\n|-fieldstart|move: Grassy Terrain|[from] ability: Seed Sower|[of] p2a: Arboliva\n|\n|-heal|p2a: Arboliva|214/290|[from] Grassy Terrain\n|-heal|p2a: Arboliva|232/290|[from] item: Leftovers\n|upkeep\n|turn|4\n|inactive|Time left: 300 sec this turn | 300 sec total\n|\n|t:|1783565561\n|move|p2a: Arboliva|Energy Ball|p1a: Snorlax\n|-damage|p1a: Snorlax|60/100\n|move|p1a: Snorlax|Body Slam|p2a: Arboliva\n|-damage|p2a: Arboliva|148/290\n|\n|-heal|p2a: Arboliva|166/290|[from] Grassy Terrain\n|-heal|p2a: Arboliva|184/290|[from] item: Leftovers\n|-heal|p1a: Snorlax|66/100|[from] Grassy Terrain\n|-heal|p1a: Snorlax|72/100|[from] item: Leftovers\n|upkeep\n|turn|5\n|inactive|Time left: 300 sec this turn | 300 sec total\n|\n|t:|1783565562\n|move|p2a: Arboliva|Energy Ball|p1a: Snorlax\n|-damage|p1a: Snorlax|31/100\n|move|p1a: Snorlax|Body Slam|p2a: Arboliva\n|-damage|p2a: Arboliva|90/290\n|-status|p2a: Arboliva|par\n|\n|-heal|p1a: Snorlax|38/100|[from] Grassy Terrain\n|-heal|p1a: Snorlax|44/100|[from] item: Leftovers\n|-heal|p2a: Arboliva|108/290 par|[from] Grassy Terrain\n|-heal|p2a: Arboliva|126/290 par|[from] item: Leftovers\n|-end|p1a: Snorlax|Disable\n|upkeep\n|turn|6\n|inactive|Time left: 300 sec this turn | 300 sec total\n|\n|t:|1783565564\n|move|p1a: Snorlax|Body Slam|p2a: Arboliva\n|-damage|p2a: Arboliva|45/290 par\n|move|p2a: Arboliva|Strength Sap|p1a: Snorlax\n|-unboost|p1a: Snorlax|atk|1\n|-heal|p2a: Arboliva|273/290 par\n|\n|-heal|p1a: Snorlax|50/100|[from] Grassy Terrain\n|-heal|p1a: Snorlax|56/100|[from] item: Leftovers\n|-heal|p2a: Arboliva|290/290 par|[from] Grassy Terrain\n|upkeep\n|turn|7\n|inactive|Time left: 300 sec this turn | 300 sec total\n|\n|t:|1783565565\n|switch|p1a: Chimecho|Chimecho, L93, M|100/100\n|cant|p2a: Arboliva|par\n|\n|-fieldend|move: Grassy Terrain\n|upkeep\n|turn|8\n|inactive|Time left: 300 sec this turn | 300 sec total\n|\n|t:|1783565566\n|move|p1a: Chimecho|Cosmic Power|p1a: Chimecho\n|-boost|p1a: Chimecho|def|1\n|-boost|p1a: Chimecho|spd|1\n|move|p2a: Arboliva|Energy Ball|p1a: Chimecho\n|-damage|p1a: Chimecho|70/100\n|-unboost|p1a: Chimecho|spd|1\n|\n|-heal|p1a: Chimecho|76/100|[from] item: Leftovers\n|upkeep\n|turn|9\n|inactive|Time left: 300 sec this turn | 300 sec total\n|\n|t:|1783565567\n|move|p1a: Chimecho|Cosmic Power|p1a: Chimecho\n|-boost|p1a: Chimecho|def|1\n|-boost|p1a: Chimecho|spd|1\n|move|p2a: Arboliva|Hyper Voice|p1a: Chimecho\n|-damage|p1a: Chimecho|48/100\n|\n|-heal|p1a: Chimecho|55/100|[from] item: Leftovers\n|upkeep\n|turn|10\n|inactive|Time left: 300 sec this turn | 300 sec total\n|\n|t:|1783565568\n|move|p1a: Chimecho|Recover|p1a: Chimecho\n|-heal|p1a: Chimecho|100/100\n|move|p2a: Arboliva|Energy Ball|p1a: Chimecho\n|-damage|p1a: Chimecho|74/100\n|\n|-heal|p1a: Chimecho|80/100|[from] item: Leftovers\n|upkeep\n|turn|11\n|inactive|Time left: 300 sec this turn | 300 sec total\n|\n|t:|1783565570\n|move|p1a: Chimecho|Cosmic Power|p1a: Chimecho\n|-boost|p1a: Chimecho|def|1\n|-boost|p1a: Chimecho|spd|1\n|move|p2a: Arboliva|Energy Ball|p1a: Chimecho\n|-damage|p1a: Chimecho|60/100\n|\n|-heal|p1a: Chimecho|67/100|[from] item: Leftovers\n|upkeep\n|turn|12\n|inactive|Time left: 300 sec this turn | 300 sec total\n|\n|t:|1783565571\n|move|p1a: Chimecho|Stored Power|p2a: Arboliva\n|-damage|p2a: Arboliva|163/290 par\n|-fieldstart|move: Grassy Terrain|[from] ability: Seed Sower|[of] p2a: Arboliva\n|move|p2a: Arboliva|Strength Sap|p1a: Chimecho\n|-unboost|p1a: Chimecho|atk|1\n|-heal|p2a: Arboliva|261/290 par\n|\n|-heal|p1a: Chimecho|73/100|[from] item: Leftovers\n|-heal|p2a: Arboliva|279/290 par|[from] Grassy Terrain\n|-heal|p2a: Arboliva|290/290 par|[from] item: Leftovers\n|upkeep\n|turn|13\n|inactive|Time left: 300 sec this turn | 300 sec total\n|\n|t:|1783565572\n|move|p1a: Chimecho|Stored Power|p2a: Arboliva\n|-damage|p2a: Arboliva|173/290 par\n|move|p2a: Arboliva|Energy Ball|p1a: Chimecho\n|-damage|p1a: Chimecho|44/100\n|\n|-heal|p1a: Chimecho|50/100|[from] item: Leftovers\n|-heal|p2a: Arboliva|191/290 par|[from] Grassy Terrain\n|-heal|p2a: Arboliva|209/290 par|[from] item: Leftovers\n|upkeep\n|turn|14\n|inactive|Time left: 300 sec this turn | 300 sec total\n|\n|t:|1783565574\n|move|p1a: Chimecho|Recover|p1a: Chimecho\n|-heal|p1a: Chimecho|99/100\n|move|p2a: Arboliva|Strength Sap|p1a: Chimecho\n|-unboost|p1a: Chimecho|atk|1\n|-heal|p2a: Arboliva|274/290 par\n|\n|-heal|p1a: Chimecho|100/100|[from] item: Leftovers\n|-heal|p2a: Arboliva|290/290 par|[from] Grassy Terrain\n|upkeep\n|turn|15\n|inactive|Time left: 300 sec this turn | 300 sec total\n|\n|t:|1783565575\n|move|p1a: Chimecho|Stored Power|p2a: Arboliva\n|-damage|p2a: Arboliva|164/290 par\n|move|p2a: Arboliva|Energy Ball|p1a: Chimecho\n|-damage|p1a: Chimecho|75/100\n|\n|-heal|p1a: Chimecho|82/100|[from] item: Leftovers\n|-heal|p2a: Arboliva|182/290 par|[from] Grassy Terrain\n|-heal|p2a: Arboliva|200/290 par|[from] item: Leftovers\n|upkeep\n|turn|16\n|inactive|Time left: 300 sec this turn | 300 sec total\n|\n|t:|1783565576\n|move|p1a: Chimecho|Stored Power|p2a: Arboliva\n|-damage|p2a: Arboliva|80/290 par\n|move|p2a: Arboliva|Strength Sap|p1a: Chimecho\n|-unboost|p1a: Chimecho|atk|1\n|-heal|p2a: Arboliva|129/290 par\n|\n|-heal|p1a: Chimecho|88/100|[from] item: Leftovers\n|-heal|p2a: Arboliva|147/290 par|[from] Grassy Terrain\n|-heal|p2a: Arboliva|165/290 par|[from] item: Leftovers\n|-fieldend|move: Grassy Terrain\n|upkeep\n|turn|17\n|inactive|Time left: 300 sec this turn | 300 sec total\n|\n|t:|1783565577\n|move|p1a: Chimecho|Stored Power|p2a: Arboliva\n|-damage|p2a: Arboliva|35/290 par\n|-fieldstart|move: Grassy Terrain|[from] ability: Seed Sower|[of] p2a: Arboliva\n|move|p2a: Arboliva|Strength Sap|p1a: Chimecho\n|-unboost|p1a: Chimecho|atk|1\n|-heal|p2a: Arboliva|74/290 par\n|\n|-heal|p1a: Chimecho|94/100|[from] item: Leftovers\n|-heal|p2a: Arboliva|92/290 par|[from] Grassy Terrain\n|-heal|p2a: Arboliva|110/290 par|[from] item: Leftovers\n|upkeep\n|turn|18\n|inactive|Time left: 300 sec this turn | 300 sec total\n|\n|t:|1783565578\n|move|p1a: Chimecho|Stored Power|p2a: Arboliva\n|-damage|p2a: Arboliva|0 fnt\n|faint|p2a: Arboliva\n|\n|-heal|p1a: Chimecho|99/100|[from] item: Leftovers\n|upkeep\n|inactive|Time left: 300 sec this turn | 300 sec total | 5 sec grace\n|\n|t:|1783565579\n|switch|p2a: Falinks|Falinks, L84|246/246\n|turn|19\n|inactive|Time left: 300 sec this turn | 300 sec total\n|\n|t:|1783565580\n|-terastallize|p2a: Falinks|Steel\n|move|p2a: Falinks|No Retreat|p2a: Falinks\n|-boost|p2a: Falinks|atk|1\n|-boost|p2a: Falinks|def|1\n|-boost|p2a: Falinks|spa|1\n|-boost|p2a: Falinks|spd|1\n|-boost|p2a: Falinks|spe|1\n|-start|p2a: Falinks|move: No Retreat\n|move|p1a: Chimecho|Stored Power|p2a: Falinks\n|-resisted|p2a: Falinks\n|-damage|p2a: Falinks|178/246\n|\n|-heal|p2a: Falinks|193/246|[from] Grassy Terrain\n|-heal|p1a: Chimecho|100/100|[from] item: Leftovers\n|upkeep\n|turn|20\n|inactive|Time left: 300 sec this turn | 300 sec total\n|\n|t:|1783565581\n|move|p2a: Falinks|Knock Off|p1a: Chimecho\n|-supereffective|p1a: Chimecho\n|-damage|p1a: Chimecho|66/100\n|-enditem|p1a: Chimecho|Leftovers|[from] move: Knock Off|[of] p2a: Falinks\n|-damage|p2a: Falinks|169/246|[from] item: Life Orb\n|move|p1a: Chimecho|Stored Power|p2a: Falinks\n|-resisted|p2a: Falinks\n|-damage|p2a: Falinks|100/246\n|\n|-heal|p2a: Falinks|115/246|[from] Grassy Terrain\n|upkeep\n|turn|21\n|inactive|Time left: 300 sec this turn | 300 sec total\n|\n|t:|1783565582\n|move|p2a: Falinks|Iron Head|p1a: Chimecho\n|-damage|p1a: Chimecho|45/100\n|-damage|p2a: Falinks|91/246|[from] item: Life Orb\n|move|p1a: Chimecho|Stored Power|p2a: Falinks\n|-resisted|p2a: Falinks\n|-damage|p2a: Falinks|27/246\n|\n|-heal|p2a: Falinks|42/246|[from] Grassy Terrain\n|-fieldend|move: Grassy Terrain\n|upkeep\n|turn|22\n|inactive|Time left: 300 sec this turn | 300 sec total\n|\n|t:|1783565584\n|move|p2a: Falinks|Iron Head|p1a: Chimecho\n|-damage|p1a: Chimecho|22/100\n|-damage|p2a: Falinks|18/246|[from] item: Life Orb\n|cant|p1a: Chimecho|flinch\n|\n|upkeep\n|turn|23\n|inactive|Time left: 300 sec this turn | 300 sec total\n|\n|t:|1783565585\n|move|p2a: Falinks|Knock Off|p1a: Chimecho\n|-supereffective|p1a: Chimecho\n|-damage|p1a: Chimecho|0 fnt\n|faint|p1a: Chimecho\n|-damage|p2a: Falinks|0 fnt|[from] item: Life Orb\n|faint|p2a: Falinks\n|\n|upkeep\n|inactive|Time left: 300 sec this turn | 300 sec total | 5 sec grace\n|\n|t:|1783565586\n|switch|p1a: Hitmonchan|Hitmonchan, L87, M|100/100\n|switch|p2a: Thundurus|Thundurus, L80, M|258/258\n|turn|24\n|inactive|Time left: 300 sec this turn | 300 sec total\n|\n|t:|1783565587\n|move|p2a: Thundurus|Nasty Plot|p2a: Thundurus\n|-boost|p2a: Thundurus|spa|2\n|move|p1a: Hitmonchan|Swords Dance|p1a: Hitmonchan\n|-boost|p1a: Hitmonchan|atk|2\n|\n|upkeep\n|turn|25\n|inactive|Time left: 300 sec this turn | 300 sec total\n|\n|t:|1783565589\n|move|p2a: Thundurus|Thunderbolt|p1a: Hitmonchan\n|-damage|p1a: Hitmonchan|23/100\n|-status|p1a: Hitmonchan|par\n|move|p1a: Hitmonchan|Rapid Spin|p2a: Thundurus\n|-damage|p2a: Thundurus|168/258\n|-boost|p1a: Hitmonchan|spe|1\n|\n|-heal|p1a: Hitmonchan|29/100 par|[from] item: Leftovers\n|upkeep\n|turn|26\n|inactive|Time left: 300 sec this turn | 300 sec total\n|\n|t:|1783565591\n|switch|p1a: Raichu|Raichu, L88, F|100/100\n|move|p2a: Thundurus|Thunderbolt|p1a: Raichu\n|-ability|p1a: Raichu|Lightning Rod|boost\n|-boost|p1a: Raichu|spa|1\n|\n|upkeep\n|turn|27\n|inactive|Time left: 300 sec this turn | 300 sec total\n|\n|t:|1783565592\n|move|p1a: Raichu|Thunderbolt|p2a: Thundurus\n|-damage|p2a: Thundurus|0 fnt\n|faint|p2a: Thundurus\n|-damage|p1a: Raichu|91/100|[from] item: Life Orb\n|\n|upkeep\n|inactive|Time left: 300 sec this turn | 300 sec total | 5 sec grace\n|\n|t:|1783565594\n|switch|p2a: Probopass|Probopass, L91, F|257/257\n|turn|28\n|inactive|Time left: 300 sec this turn | 300 sec total\n|\n|t:|1783565595\n|move|p1a: Raichu|Focus Blast|p2a: Probopass|[miss]\n|-miss|p1a: Raichu|p2a: Probopass\n|move|p2a: Probopass|Body Press|p1a: Raichu\n|-damage|p1a: Raichu|44/100\n|\n|upkeep\n|turn|29\n|inactive|Time left: 300 sec this turn | 300 sec total\n|\n|t:|1783565596\n|switch|p2a: Gengar|Gengar, L81, M|40/230\n|move|p1a: Raichu|Focus Blast|p2a: Gengar\n|-immune|p2a: Gengar\n|\n|upkeep\n|turn|30\n|inactive|Time left: 300 sec this turn | 300 sec total\n|\n|t:|1783565598\n|move|p1a: Raichu|Thunderbolt|p2a: Gengar\n|-damage|p2a: Gengar|0 fnt\n|faint|p2a: Gengar\n|-damage|p1a: Raichu|35/100|[from] item: Life Orb\n|\n|upkeep\n|inactive|Time left: 300 sec this turn | 300 sec total | 5 sec grace\n|\n|t:|1783565599\n|switch|p2a: Lokix|Lokix, L82, F|251/251\n|turn|31\n|inactive|Time left: 300 sec this turn | 300 sec total\n|\n|t:|1783565600\n|switch|p1a: Gholdengo|Gholdengo, L77|100/100\n|move|p2a: Lokix|First Impression|p1a: Gholdengo\n|-resisted|p1a: Gholdengo\n|-damage|p1a: Gholdengo|80/100\n|\n|-heal|p1a: Gholdengo|86/100|[from] item: Leftovers\n|upkeep\n|turn|32\n|inactive|Time left: 300 sec this turn | 300 sec total\n|\n|t:|1783565601\n|-terastallize|p1a: Gholdengo|Steel\n|move|p2a: Lokix|Knock Off|p1a: Gholdengo\n|-damage|p1a: Gholdengo|45/100\n|-enditem|p1a: Gholdengo|Leftovers|[from] move: Knock Off|[of] p2a: Lokix\n|move|p1a: Gholdengo|Make It Rain|p2a: Lokix\n|-damage|p2a: Lokix|9/251\n|-unboost|p1a: Gholdengo|spa|1\n|\n|upkeep\n|turn|33\n|inactive|Time left: 300 sec this turn | 300 sec total\n|\n|t:|1783565602\n|move|p2a: Lokix|Knock Off|p1a: Gholdengo\n|-damage|p1a: Gholdengo|20/100\n|move|p1a: Gholdengo|Thunder Wave|p2a: Lokix\n|-status|p2a: Lokix|par\n|\n|upkeep\n|turn|34\n|inactive|Time left: 300 sec this turn | 300 sec total\n|\n|t:|1783565603\n|move|p1a: Gholdengo|Recover|p1a: Gholdengo\n|-heal|p1a: Gholdengo|70/100\n|move|p2a: Lokix|U-turn|p1a: Gholdengo\n|-resisted|p1a: Gholdengo\n|-damage|p1a: Gholdengo|36/100\n|inactive|Time left: 300 sec this turn | 300 sec total | 5 sec grace\n|\n|t:|1783565604\n|switch|p2a: Probopass|Probopass, L91, F|257/257|[from] U-turn\n|\n|upkeep\n|turn|35\n|inactive|Time left: 300 sec this turn | 300 sec total\n|\n|t:|1783565605\n|move|p1a: Gholdengo|Thunder Wave|p2a: Probopass\n|-status|p2a: Probopass|par\n|move|p2a: Probopass|Body Press|p1a: Gholdengo\n|-supereffective|p1a: Gholdengo\n|-damage|p1a: Gholdengo|0 fnt\n|faint|p1a: Gholdengo\n|\n|upkeep\n|\n|t:|1783565606\n|switch|p1a: Hitmonchan|Hitmonchan, L87, M|29/100 par\n|turn|36\n|inactive|Time left: 300 sec this turn | 300 sec total\n|\n|t:|1783565607\n|switch|p2a: Lokix|Lokix, L82, F|9/251 par\n|cant|p1a: Hitmonchan|par\n|\n|-heal|p1a: Hitmonchan|35/100 par|[from] item: Leftovers\n|upkeep\n|turn|37\n|inactive|Time left: 300 sec this turn | 300 sec total\n|\n|t:|1783565608\n|cant|p2a: Lokix|par\n|cant|p1a: Hitmonchan|par\n|\n|-heal|p1a: Hitmonchan|41/100 par|[from] item: Leftovers\n|upkeep\n|turn|38\n|inactive|Time left: 300 sec this turn | 300 sec total\n|\n|t:|1783565609\n|cant|p2a: Lokix|par\n|move|p1a: Hitmonchan|Drain Punch|p2a: Lokix\n|-damage|p2a: Lokix|0 fnt\n|-heal|p1a: Hitmonchan|43/100 par|[from] drain|[of] p2a: Lokix\n|faint|p2a: Lokix\n|\n|-heal|p1a: Hitmonchan|49/100 par|[from] item: Leftovers\n|upkeep\n|inactive|Time left: 300 sec this turn | 300 sec total | 5 sec grace\n|\n|t:|1783565610\n|switch|p2a: Probopass|Probopass, L91, F|257/257 par\n|turn|39\n|inactive|Time left: 300 sec this turn | 300 sec total\n|\n|t:|1783565612\n|cant|p1a: Hitmonchan|par\n|move|p2a: Probopass|Iron Defense|p2a: Probopass\n|-boost|p2a: Probopass|def|2\n|\n|-heal|p1a: Hitmonchan|56/100 par|[from] item: Leftovers\n|upkeep\n|turn|40\n|inactive|Time left: 300 sec this turn | 300 sec total\n|\n|t:|1783565613\n|cant|p1a: Hitmonchan|par\n|move|p2a: Probopass|Body Press|p1a: Hitmonchan\n|-damage|p1a: Hitmonchan|0 fnt\n|faint|p1a: Hitmonchan\n|\n|upkeep\n|\n|t:|1783565614\n|switch|p1a: Raichu|Raichu, L88, F|35/100\n|turn|41\n|inactive|Time left: 300 sec this turn | 300 sec total\n|\n|t:|1783565615\n|move|p1a: Raichu|Focus Blast|p2a: Probopass\n|-supereffective|p2a: Probopass\n|-damage|p2a: Probopass|0 fnt\n|faint|p2a: Probopass\n|-damage|p1a: Raichu|25/100|[from] item: Life Orb\n|\n|win|p0x22059314", "uploadtime": 1783565615, "views": 0, "rating": 0, "private": 0, "password": null, "_winner": "p0x22059314", "_our_name": "p0y22058458"}