{"id": "battle-gen9randombattle-23", "formatid": "gen9randombattle", "format": "[Gen 9] Random Battle", "players": ["p0x023cdf9", "p0y0234a2c"], "log": "|init|battle\n|title|p0x023cdf9 vs. p0y0234a2c\n|j|\u2606p0x023cdf9\n|j|\u2606p0y0234a2c\n|t:|1783534076\n|gametype|singles\n|player|p1|p0x023cdf9|102|\n|player|p2|p0y0234a2c|102|\n|gen|9\n|tier|[Gen 9] Random Battle\n|rule|Species Clause: Limit one of each Pok\u00e9mon\n|rule|HP Percentage Mod: HP is shown in percentages\n|rule|Sleep Clause Mod: Limit one foe put to sleep\n|rule|Illusion Level Mod: Illusion disguises the Pok\u00e9mon's true level\n|\n|t:|1783534076\n|teamsize|p1|6\n|teamsize|p2|6\n|start\n|switch|p1a: Malamar|Malamar, L82, F|275/275\n|switch|p2a: Hitmonlee|Hitmonlee, L85, M|100/100\n|turn|1\n|inactive|Battle timer is ON: inactive players will automatically lose when time's up. (requested by p0x023cdf9)\n|inactive|p0y0234a2c also wants the timer to be on.\n|\n|t:|1783534078\n|move|p2a: Hitmonlee|High Jump Kick|p1a: Malamar\n|-damage|p1a: Malamar|0 fnt\n|faint|p1a: Malamar\n|\n|upkeep\n|inactive|Time left: 300 sec this turn | 300 sec total | 65 sec grace\n|\n|t:|1783534078\n|switch|p1a: Maushold|Maushold-Four, L76|238/238\n|turn|2\n|inactive|Time left: 300 sec this turn | 300 sec total\n|\n|t:|1783534080\n|switch|p2a: Gurdurr|Gurdurr, L85, F|100/100\n|move|p1a: Maushold|Population Bomb|p2a: Gurdurr\n|-damage|p2a: Gurdurr|95/100\n|-damage|p2a: Gurdurr|90/100\n|-damage|p2a: Gurdurr|84/100\n|-damage|p2a: Gurdurr|79/100\n|-damage|p2a: Gurdurr|73/100\n|-damage|p2a: Gurdurr|68/100\n|-damage|p2a: Gurdurr|61/100\n|-damage|p2a: Gurdurr|56/100\n|-damage|p2a: Gurdurr|50/100\n|-damage|p2a: Gurdurr|45/100\n|-hitcount|p2a: Gurdurr|10\n|\n|upkeep\n|turn|3\n|inactive|Time left: 300 sec this turn | 300 sec total\n|\n|t:|1783534081\n|-terastallize|p2a: Gurdurr|Steel\n|move|p1a: Maushold|Population Bomb|p2a: Gurdurr\n|-resisted|p2a: Gurdurr\n|-damage|p2a: Gurdurr|42/100\n|-resisted|p2a: Gurdurr\n|-damage|p2a: Gurdurr|40/100\n|-resisted|p2a: Gurdurr\n|-damage|p2a: Gurdurr|37/100\n|-resisted|p2a: Gurdurr\n|-damage|p2a: Gurdurr|34/100\n|-resisted|p2a: Gurdurr\n|-damage|p2a: Gurdurr|32/100\n|-resisted|p2a: Gurdurr\n|-damage|p2a: Gurdurr|29/100\n|-resisted|p2a: Gurdurr\n|-damage|p2a: Gurdurr|27/100\n|-resisted|p2a: Gurdurr\n|-damage|p2a: Gurdurr|24/100\n|-resisted|p2a: Gurdurr\n|-damage|p2a: Gurdurr|22/100\n|-resisted|p2a: Gurdurr\n|-damage|p2a: Gurdurr|19/100\n|-hitcount|p2a: Gurdurr|10\n|move|p2a: Gurdurr|Drain Punch|p1a: Maushold\n|-supereffective|p1a: Maushold\n|-damage|p1a: Maushold|0 fnt\n|-heal|p2a: Gurdurr|61/100|[from] drain|[of] p1a: Maushold\n|faint|p1a: Maushold\n|\n|upkeep\n|inactive|Time left: 300 sec this turn | 300 sec total | 5 sec grace\n|\n|t:|1783534082\n|switch|p1a: Volcarona|Volcarona, L77, M|257/257\n|turn|4\n|inactive|Time left: 300 sec this turn | 300 sec total\n|\n|t:|1783534083\n|switch|p2a: Dragonite|Dragonite, L74, M|100/100\n|move|p1a: Volcarona|Fire Blast|p2a: Dragonite\n|-resisted|p2a: Dragonite\n|-damage|p2a: Dragonite|87/100\n|\n|upkeep\n|turn|5\n|inactive|Time left: 300 sec this turn | 300 sec total\n|\n|t:|1783534084\n|move|p1a: Volcarona|Quiver Dance|p1a: Volcarona\n|-boost|p1a: Volcarona|spa|1\n|-boost|p1a: Volcarona|spd|1\n|-boost|p1a: Volcarona|spe|1\n|move|p2a: Dragonite|Outrage|p1a: Volcarona\n|-damage|p1a: Volcarona|92/257\n|\n|upkeep\n|turn|6\n|inactive|Time left: 300 sec this turn | 300 sec total\n|\n|t:|1783534085\n|move|p1a: Volcarona|Bug Buzz|p2a: Dragonite\n|-resisted|p2a: Dragonite\n|-damage|p2a: Dragonite|54/100\n|move|p2a: Dragonite|Outrage|p1a: Volcarona|[from] lockedmove\n|-damage|p1a: Volcarona|0 fnt\n|-status|p2a: Dragonite|brn|[from] ability: Flame Body|[of] p1a: Volcarona\n|faint|p1a: Volcarona\n|\n|-damage|p2a: Dragonite|48/100 brn|[from] brn\n|upkeep\n|inactive|Time left: 300 sec this turn | 300 sec total | 5 sec grace\n|\n|t:|1783534086\n|switch|p1a: Arceus|Arceus-Dragon, L71|288/288\n|turn|7\n|inactive|Time left: 300 sec this turn | 300 sec total\n|\n|t:|1783534087\n|-terastallize|p1a: Arceus|Fire\n|move|p1a: Arceus|Swords Dance|p1a: Arceus\n|-boost|p1a: Arceus|atk|2\n|move|p2a: Dragonite|Outrage|p1a: Arceus|[from] lockedmove\n|-damage|p1a: Arceus|230/288\n|-start|p2a: Dragonite|confusion|[fatigue]\n|\n|-damage|p2a: Dragonite|41/100 brn|[from] brn\n|upkeep\n|turn|8\n|inactive|Time left: 300 sec this turn | 300 sec total\n|\n|t:|1783534088\n|move|p1a: Arceus|Outrage|p2a: Dragonite\n|-supereffective|p2a: Dragonite\n|-crit|p2a: Dragonite\n|-damage|p2a: Dragonite|0 fnt\n|faint|p2a: Dragonite\n|\n|upkeep\n|\n|t:|1783534089\n|switch|p2a: Gurdurr|Gurdurr, L85, F, tera:Steel|61/100\n|turn|9\n|inactive|Time left: 300 sec this turn | 300 sec total\n|\n|t:|1783534090\n|move|p1a: Arceus|Outrage|p2a: Gurdurr|[from] lockedmove\n|-resisted|p2a: Gurdurr\n|-damage|p2a: Gurdurr|28/100\n|move|p2a: Gurdurr|Bulk Up|p2a: Gurdurr\n|-boost|p2a: Gurdurr|atk|1\n|-boost|p2a: Gurdurr|def|1\n|\n|upkeep\n|turn|10\n|inactive|Time left: 300 sec this turn | 300 sec total\n|\n|t:|1783534091\n|move|p1a: Arceus|Outrage|p2a: Gurdurr|[from] lockedmove\n|-resisted|p2a: Gurdurr\n|-damage|p2a: Gurdurr|9/100\n|-start|p1a: Arceus|confusion|[fatigue]\n|move|p2a: Gurdurr|Drain Punch|p1a: Arceus\n|-damage|p1a: Arceus|110/288\n|-heal|p2a: Gurdurr|30/100|[from] drain|[of] p1a: Arceus\n|\n|upkeep\n|turn|11\n|inactive|Time left: 300 sec this turn | 300 sec total\n|\n|t:|1783534092\n|-activate|p1a: Arceus|confusion\n|-damage|p1a: Arceus|61/288|[from] confusion\n|move|p2a: Gurdurr|Drain Punch|p1a: Arceus\n|-damage|p1a: Arceus|0 fnt\n|-heal|p2a: Gurdurr|41/100|[from] drain|[of] p1a: Arceus\n|faint|p1a: Arceus\n|\n|upkeep\n|inactive|Time left: 300 sec this turn | 300 sec total | 5 sec grace\n|\n|t:|1783534093\n|switch|p1a: Regice|Regice, L88|284/284\n|turn|12\n|inactive|Time left: 300 sec this turn | 300 sec total\n|\n|t:|1783534094\n|move|p1a: Regice|Ice Beam|p2a: Gurdurr\n|-resisted|p2a: Gurdurr\n|-damage|p2a: Gurdurr|23/100\n|move|p2a: Gurdurr|Drain Punch|p1a: Regice\n|-supereffective|p1a: Regice\n|-damage|p1a: Regice|62/284\n|-heal|p2a: Gurdurr|62/100|[from] drain|[of] p1a: Regice\n|\n|upkeep\n|turn|13\n|inactive|Time left: 300 sec this turn | 300 sec total\n|\n|t:|1783534095\n|switch|p1a: Ditto|Ditto, L87|225/225\n|-transform|p1a: Ditto|p2a: Gurdurr|[from] ability: Imposter\n|move|p2a: Gurdurr|Mach Punch|p1a: Ditto\n|-crit|p1a: Ditto\n|-damage|p1a: Ditto|120/225\n|\n|upkeep\n|turn|14\n|inactive|Time left: 300 sec this turn | 300 sec total\n|\n|t:|1783534096\n|switch|p2a: Ampharos|Ampharos, L88, M|100/100\n|move|p1a: Ditto|Drain Punch|p2a: Ampharos\n|-damage|p2a: Ampharos|59/100\n|-heal|p1a: Ditto|182/225|[from] drain|[of] p2a: Ampharos\n|\n|upkeep\n|turn|15\n|inactive|Time left: 300 sec this turn | 300 sec total\n|\n|t:|1783534097\n|move|p1a: Ditto|Drain Punch|p2a: Ampharos\n|-damage|p2a: Ampharos|20/100\n|-heal|p1a: Ditto|225/225|[from] drain|[of] p2a: Ampharos\n|move|p2a: Ampharos|Thunderbolt|p1a: Ditto\n|-damage|p1a: Ditto|11/225\n|-damage|p2a: Ampharos|10/100|[from] item: Life Orb\n|\n|upkeep\n|turn|16\n|inactive|Time left: 300 sec this turn | 300 sec total\n|\n|t:|1783534098\n|switch|p2a: Mesprit|Mesprit, L85|100/100\n|move|p1a: Ditto|Drain Punch|p2a: Mesprit\n|-resisted|p2a: Mesprit\n|-crit|p2a: Mesprit\n|-damage|p2a: Mesprit|70/100\n|-heal|p1a: Ditto|53/225|[from] drain|[of] p2a: Mesprit\n|\n|upkeep\n|turn|17\n|inactive|Time left: 300 sec this turn | 300 sec total\n|\n|t:|1783534099\n|move|p2a: Mesprit|Psychic Noise|p1a: Ditto\n|-supereffective|p1a: Ditto\n|-damage|p1a: Ditto|0 fnt\n|faint|p1a: Ditto\n|\n|upkeep\n|inactive|Time left: 300 sec this turn | 300 sec total | 5 sec grace\n|\n|t:|1783534100\n|switch|p1a: Regice|Regice, L88|62/284\n|turn|18\n|inactive|Time left: 300 sec this turn | 300 sec total\n|\n|t:|1783534101\n|move|p2a: Mesprit|Drain Punch|p1a: Regice\n|-supereffective|p1a: Regice\n|-damage|p1a: Regice|0 fnt\n|-heal|p2a: Mesprit|81/100|[from] drain|[of] p1a: Regice\n|faint|p1a: Regice\n|\n|win|p0y0234a2c", "uploadtime": 1783534101, "views": 0, "rating": 0, "private": 0, "password": null, "_winner": "p0y0234a2c", "_our_name": "p0x023cdf9"}