{"id": "battle-gen9randombattle-2573", "formatid": "gen9randombattle", "format": "[Gen 9] Random Battle", "players": ["p0x25738c08", "p0y2573b2ec"], "log": "|init|battle\n|title|p0x25738c08 vs. p0y2573b2ec\n|j|\u2606p0x25738c08\n|j|\u2606p0y2573b2ec\n|t:|1783569732\n|gametype|singles\n|player|p1|p0x25738c08|266|\n|player|p2|p0y2573b2ec|101|\n|gen|9\n|tier|[Gen 9] Random Battle\n|rule|Species Clause: Limit one of each Pok\u00e9mon\n|rule|HP Percentage Mod: HP is shown in percentages\n|rule|Sleep Clause Mod: Limit one foe put to sleep\n|rule|Illusion Level Mod: Illusion disguises the Pok\u00e9mon's true level\n|\n|t:|1783569732\n|teamsize|p1|6\n|teamsize|p2|6\n|start\n|switch|p1a: Fezandipiti|Fezandipiti, L82, M|100/100\n|switch|p2a: Wugtrio|Wugtrio, L91, F|212/212\n|turn|1\n|inactive|Battle timer is ON: inactive players will automatically lose when time's up. (requested by p0x25738c08)\n|inactive|Time left: 300 sec this turn | 300 sec total | 60 sec grace\n|inactive|p0y2573b2ec also wants the timer to be on.\n|\n|t:|1783569734\n|switch|p1a: Appletun|Appletun, L92, M|100/100\n|move|p2a: Wugtrio|Liquidation|p1a: Appletun\n|-resisted|p1a: Appletun\n|-damage|p1a: Appletun|89/100\n|\n|-heal|p1a: Appletun|95/100|[from] item: Leftovers\n|upkeep\n|turn|2\n|inactive|Time left: 300 sec this turn | 300 sec total\n|\n|t:|1783569735\n|switch|p2a: Grimmsnarl|Grimmsnarl, L83, M|293/293\n|move|p1a: Appletun|Apple Acid|p2a: Grimmsnarl\n|-damage|p2a: Grimmsnarl|176/293\n|-unboost|p2a: Grimmsnarl|spd|1\n|\n|-heal|p1a: Appletun|100/100|[from] item: Leftovers\n|upkeep\n|turn|3\n|inactive|Time left: 300 sec this turn | 300 sec total\n|\n|t:|1783569736\n|move|p2a: Grimmsnarl|Light Screen|p2a: Grimmsnarl\n|-sidestart|p2: p0y2573b2ec|move: Light Screen\n|move|p1a: Appletun|Apple Acid|p2a: Grimmsnarl\n|-damage|p2a: Grimmsnarl|88/293\n|-unboost|p2a: Grimmsnarl|spd|1\n|\n|upkeep\n|turn|4\n|inactive|Time left: 300 sec this turn | 300 sec total\n|\n|t:|1783569737\n|move|p2a: Grimmsnarl|Spirit Break|p1a: Appletun\n|-supereffective|p1a: Appletun\n|-damage|p1a: Appletun|47/100\n|-unboost|p1a: Appletun|spa|1\n|move|p1a: Appletun|Apple Acid|p2a: Grimmsnarl\n|-damage|p2a: Grimmsnarl|10/293\n|-unboost|p2a: Grimmsnarl|spd|1\n|\n|-heal|p1a: Appletun|53/100|[from] item: Leftovers\n|upkeep\n|turn|5\n|inactive|Time left: 300 sec this turn | 300 sec total\n|\n|t:|1783569738\n|switch|p1a: Gyarados|Gyarados, L79, F|100/100\n|-ability|p1a: Gyarados|Intimidate|boost\n|-unboost|p2a: Grimmsnarl|atk|1\n|move|p2a: Grimmsnarl|Spirit Break|p1a: Gyarados\n|-damage|p1a: Gyarados|77/100\n|-unboost|p1a: Gyarados|spa|1\n|\n|upkeep\n|turn|6\n|inactive|Time left: 300 sec this turn | 300 sec total\n|\n|t:|1783569739\n|move|p2a: Grimmsnarl|Parting Shot|p1a: Gyarados\n|-unboost|p1a: Gyarados|atk|1\n|-unboost|p1a: Gyarados|spa|1\n|inactive|Time left: 300 sec this turn | 300 sec total | 5 sec grace\n|\n|t:|1783569740\n|switch|p2a: Espeon|Espeon, L84, F|246/246|[from] Parting Shot\n|move|p1a: Gyarados|Dragon Dance|p1a: Gyarados\n|-boost|p1a: Gyarados|atk|1\n|-boost|p1a: Gyarados|spe|1\n|\n|upkeep\n|turn|7\n|inactive|Time left: 300 sec this turn | 300 sec total\n|\n|t:|1783569741\n|move|p1a: Gyarados|Waterfall|p2a: Espeon\n|-damage|p2a: Espeon|126/246\n|move|p2a: Espeon|Calm Mind|p2a: Espeon\n|-boost|p2a: Espeon|spa|1\n|-boost|p2a: Espeon|spd|1\n|\n|upkeep\n|turn|8\n|inactive|Time left: 300 sec this turn | 300 sec total\n|\n|t:|1783569742\n|move|p1a: Gyarados|Waterfall|p2a: Espeon\n|-crit|p2a: Espeon\n|-damage|p2a: Espeon|0 fnt\n|faint|p2a: Espeon\n|\n|upkeep\n|inactive|Time left: 300 sec this turn | 300 sec total | 5 sec grace\n|\n|t:|1783569743\n|switch|p2a: Roaring Moon|Roaring Moon, L72|270/270\n|turn|9\n|inactive|Time left: 300 sec this turn | 300 sec total\n|\n|t:|1783569744\n|switch|p1a: Fezandipiti|Fezandipiti, L82, M|100/100\n|move|p2a: Roaring Moon|Dragon Dance|p2a: Roaring Moon\n|-boost|p2a: Roaring Moon|atk|1\n|-boost|p2a: Roaring Moon|spe|1\n|\n|upkeep\n|turn|10\n|inactive|Time left: 300 sec this turn | 300 sec total\n|\n|t:|1783569745\n|move|p2a: Roaring Moon|Iron Head|p1a: Fezandipiti\n|-supereffective|p1a: Fezandipiti\n|-damage|p1a: Fezandipiti|40/100\n|move|p1a: Fezandipiti|Moonblast|p2a: Roaring Moon\n|-supereffective|p2a: Roaring Moon\n|-damage|p2a: Roaring Moon|106/270\n|-unboost|p2a: Roaring Moon|spa|1\n|\n|-heal|p1a: Fezandipiti|46/100|[from] item: Leftovers\n|-sideend|p2: p0y2573b2ec|move: Light Screen\n|upkeep\n|turn|11\n|inactive|Time left: 300 sec this turn | 300 sec total\n|\n|t:|1783569746\n|move|p2a: Roaring Moon|Iron Head|p1a: Fezandipiti\n|-supereffective|p1a: Fezandipiti\n|-damage|p1a: Fezandipiti|0 fnt\n|faint|p1a: Fezandipiti\n|\n|upkeep\n|\n|t:|1783569747\n|switch|p1a: Ampharos|Ampharos, L88, F|100/100\n|turn|12\n|inactive|Time left: 300 sec this turn | 300 sec total\n|\n|t:|1783569748\n|move|p2a: Roaring Moon|Outrage|p1a: Ampharos\n|-damage|p1a: Ampharos|45/100\n|-status|p2a: Roaring Moon|par|[from] ability: Static|[of] p1a: Ampharos\n|-enditem|p2a: Roaring Moon|Lum Berry|[eat]\n|-curestatus|p2a: Roaring Moon|par|[msg]\n|move|p1a: Ampharos|Dazzling Gleam|p2a: Roaring Moon\n|-supereffective|p2a: Roaring Moon\n|-damage|p2a: Roaring Moon|0 fnt\n|faint|p2a: Roaring Moon\n|-end|p2a: Roaring Moon|Protosynthesis|[silent]\n|\n|upkeep\n|inactive|Time left: 300 sec this turn | 300 sec total | 5 sec grace\n|\n|t:|1783569749\n|switch|p2a: Wugtrio|Wugtrio, L91, F|212/212\n|turn|13\n|inactive|Time left: 300 sec this turn | 300 sec total\n|\n|t:|1783569750\n|switch|p1a: Appletun|Appletun, L92, M|53/100\n|move|p2a: Wugtrio|Liquidation|p1a: Appletun\n|-resisted|p1a: Appletun\n|-damage|p1a: Appletun|42/100\n|\n|-heal|p1a: Appletun|48/100|[from] item: Leftovers\n|upkeep\n|turn|14\n|inactive|Time left: 300 sec this turn | 300 sec total\n|\n|t:|1783569751\n|switch|p2a: Grimmsnarl|Grimmsnarl, L83, M|10/293\n|move|p1a: Appletun|Apple Acid|p2a: Grimmsnarl\n|-damage|p2a: Grimmsnarl|0 fnt\n|faint|p2a: Grimmsnarl\n|\n|-heal|p1a: Appletun|54/100|[from] item: Leftovers\n|upkeep\n|inactive|Time left: 300 sec this turn | 300 sec total | 5 sec grace\n|\n|t:|1783569752\n|switch|p2a: Glalie|Glalie, L96, F|309/309\n|turn|15\n|inactive|Time left: 300 sec this turn | 300 sec total\n|\n|t:|1783569753\n|move|p2a: Glalie|Freeze-Dry|p1a: Appletun\n|-supereffective|p1a: Appletun\n|-crit|p1a: Appletun\n|-damage|p1a: Appletun|0 fnt\n|faint|p1a: Appletun\n|\n|upkeep\n|\n|t:|1783569753\n|switch|p1a: Suicune|Suicune, L82|100/100\n|-ability|p1a: Suicune|Pressure\n|turn|16\n|inactive|Time left: 300 sec this turn | 300 sec total\n|\n|t:|1783569754\n|move|p2a: Glalie|Freeze-Dry|p1a: Suicune\n|-supereffective|p1a: Suicune\n|-damage|p1a: Suicune|52/100\n|move|p1a: Suicune|Calm Mind|p1a: Suicune\n|-boost|p1a: Suicune|spa|1\n|-boost|p1a: Suicune|spd|1\n|\n|-heal|p1a: Suicune|58/100|[from] item: Leftovers\n|upkeep\n|turn|17\n|inactive|Time left: 300 sec this turn | 300 sec total\n|\n|t:|1783569755\n|move|p2a: Glalie|Freeze-Dry|p1a: Suicune\n|-supereffective|p1a: Suicune\n|-damage|p1a: Suicune|27/100\n|move|p1a: Suicune|Scald|p2a: Glalie\n|-damage|p2a: Glalie|207/309\n|\n|-heal|p1a: Suicune|33/100|[from] item: Leftovers\n|upkeep\n|turn|18\n|inactive|Time left: 300 sec this turn | 300 sec total\n|\n|t:|1783569756\n|move|p2a: Glalie|Freeze-Dry|p1a: Suicune\n|-supereffective|p1a: Suicune\n|-damage|p1a: Suicune|3/100\n|move|p1a: Suicune|Scald|p2a: Glalie\n|-damage|p2a: Glalie|105/309\n|-status|p2a: Glalie|brn\n|\n|-heal|p1a: Suicune|9/100|[from] item: Leftovers\n|-damage|p2a: Glalie|86/309 brn|[from] brn\n|upkeep\n|turn|19\n|inactive|Time left: 300 sec this turn | 300 sec total\n|\n|t:|1783569757\n|switch|p1a: Ampharos|Ampharos, L88, F|45/100\n|move|p2a: Glalie|Freeze-Dry|p1a: Ampharos\n|-damage|p1a: Ampharos|26/100\n|\n|-damage|p2a: Glalie|67/309 brn|[from] brn\n|upkeep\n|turn|20\n|inactive|Time left: 300 sec this turn | 300 sec total\n|\n|t:|1783569757\n|move|p2a: Glalie|Earthquake|p1a: Ampharos\n|-supereffective|p1a: Ampharos\n|-crit|p1a: Ampharos\n|-damage|p1a: Ampharos|0 fnt\n|faint|p1a: Ampharos\n|\n|-damage|p2a: Glalie|48/309 brn|[from] brn\n|upkeep\n|\n|t:|1783569758\n|switch|p1a: Talonflame|Talonflame, L83, F|100/100\n|turn|21\n|inactive|Time left: 300 sec this turn | 300 sec total\n|\n|t:|1783569759\n|move|p1a: Talonflame|Brave Bird|p2a: Glalie\n|-damage|p2a: Glalie|0 fnt\n|faint|p2a: Glalie\n|-damage|p1a: Talonflame|94/100|[from] Recoil\n|\n|upkeep\n|inactive|Time left: 300 sec this turn | 300 sec total | 5 sec grace\n|\n|t:|1783569760\n|switch|p2a: Wugtrio|Wugtrio, L91, F|212/212\n|turn|22\n|inactive|Time left: 300 sec this turn | 300 sec total\n|\n|t:|1783569761\n|switch|p1a: Gyarados|Gyarados, L79, F|77/100\n|-ability|p1a: Gyarados|Intimidate|boost\n|-unboost|p2a: Wugtrio|atk|1\n|move|p2a: Wugtrio|Liquidation|p1a: Gyarados\n|-resisted|p1a: Gyarados\n|-damage|p1a: Gyarados|54/100\n|\n|upkeep\n|turn|23\n|inactive|Time left: 300 sec this turn | 300 sec total\n|\n|t:|1783569762\n|move|p2a: Wugtrio|Liquidation|p1a: Gyarados\n|-resisted|p1a: Gyarados\n|-damage|p1a: Gyarados|30/100\n|move|p1a: Gyarados|Earthquake|p2a: Wugtrio\n|-damage|p2a: Wugtrio|106/212\n|\n|upkeep\n|turn|24\n|inactive|Time left: 300 sec this turn | 300 sec total\n|\n|t:|1783569763\n|move|p2a: Wugtrio|Liquidation|p1a: Gyarados\n|-resisted|p1a: Gyarados\n|-damage|p1a: Gyarados|8/100\n|move|p1a: Gyarados|Earthquake|p2a: Wugtrio\n|-damage|p2a: Wugtrio|0 fnt\n|faint|p2a: Wugtrio\n|\n|upkeep\n|inactive|Time left: 300 sec this turn | 300 sec total | 5 sec grace\n|\n|t:|1783569764\n|switch|p2a: Vaporeon|Vaporeon, L86, F|364/364\n|turn|25\n|inactive|Time left: 300 sec this turn | 300 sec total\n|\n|t:|1783569765\n|switch|p1a: Suicune|Suicune, L82|9/100\n|-ability|p1a: Suicune|Pressure\n|move|p2a: Vaporeon|Scald|p1a: Suicune\n|-resisted|p1a: Suicune\n|-damage|p1a: Suicune|0 fnt\n|faint|p1a: Suicune\n|\n|upkeep\n|\n|t:|1783569766\n|switch|p1a: Gyarados|Gyarados, L79, F|8/100\n|-ability|p1a: Gyarados|Intimidate|boost\n|-unboost|p2a: Vaporeon|atk|1\n|turn|26\n|inactive|Time left: 300 sec this turn | 300 sec total\n|\n|t:|1783569767\n|switch|p1a: Talonflame|Talonflame, L83, F|94/100\n|move|p2a: Vaporeon|Scald|p1a: Talonflame\n|-supereffective|p1a: Talonflame\n|-damage|p1a: Talonflame|0 fnt\n|faint|p1a: Talonflame\n|\n|upkeep\n|\n|t:|1783569768\n|switch|p1a: Gyarados|Gyarados, L79, F|8/100\n|-ability|p1a: Gyarados|Intimidate|boost\n|-unboost|p2a: Vaporeon|atk|1\n|turn|27\n|inactive|Time left: 300 sec this turn | 300 sec total\n|\n|t:|1783569769\n|-terastallize|p1a: Gyarados|Ground\n|move|p1a: Gyarados|Earthquake|p2a: Vaporeon\n|-crit|p2a: Vaporeon\n|-damage|p2a: Vaporeon|132/364\n|move|p2a: Vaporeon|Scald|p1a: Gyarados\n|-supereffective|p1a: Gyarados\n|-damage|p1a: Gyarados|0 fnt\n|faint|p1a: Gyarados\n|\n|win|p0y2573b2ec", "uploadtime": 1783569769, "views": 0, "rating": 0, "private": 0, "password": null, "_winner": "p0y2573b2ec", "_our_name": "p0y2573b2ec"}