{"id": "battle-gen9randombattle-195", "formatid": "gen9randombattle", "format": "[Gen 9] Random Battle", "players": ["p0x19576c8", "p0y1954480"], "log": "|init|battle\n|title|p0x19576c8 vs. p0y1954480\n|j|\u2606p0x19576c8\n|j|\u2606p0y1954480\n|t:|1783535500\n|gametype|singles\n|player|p1|p0x19576c8|1|\n|player|p2|p0y1954480|1|\n|gen|9\n|tier|[Gen 9] Random Battle\n|rule|Species Clause: Limit one of each Pok\u00e9mon\n|rule|HP Percentage Mod: HP is shown in percentages\n|rule|Sleep Clause Mod: Limit one foe put to sleep\n|rule|Illusion Level Mod: Illusion disguises the Pok\u00e9mon's true level\n|\n|t:|1783535500\n|teamsize|p1|6\n|teamsize|p2|6\n|start\n|switch|p1a: Iron Moth|Iron Moth, L78|100/100\n|switch|p2a: Oinkologne|Oinkologne, L92, M|352/352\n|turn|1\n|inactive|Battle timer is ON: inactive players will automatically lose when time's up. (requested by p0y1954480)\n|inactive|p0x19576c8 also wants the timer to be on.\n|\n|t:|1783535502\n|-end|p1a: Iron Moth|Quark Drive|[silent]\n|switch|p1a: Clawitzer|Clawitzer, L87, F|100/100\n|move|p2a: Oinkologne|High Horsepower|p1a: Clawitzer\n|-damage|p1a: Clawitzer|72/100\n|\n|upkeep\n|turn|2\n|inactive|Time left: 300 sec this turn | 300 sec total\n|\n|t:|1783535504\n|move|p2a: Oinkologne|Double-Edge|p1a: Clawitzer\n|-damage|p1a: Clawitzer|20/100\n|-damage|p2a: Oinkologne|306/352|[from] Recoil\n|move|p1a: Clawitzer|Aura Sphere|p2a: Oinkologne\n|-supereffective|p2a: Oinkologne\n|-damage|p2a: Oinkologne|2/352\n|\n|-heal|p2a: Oinkologne|24/352|[from] item: Leftovers\n|upkeep\n|turn|3\n|inactive|Time left: 300 sec this turn | 300 sec total\n|\n|t:|1783535505\n|switch|p1a: Vileplume|Vileplume, L85, M|100/100\n|move|p2a: Oinkologne|High Horsepower|p1a: Vileplume\n|-damage|p1a: Vileplume|72/100\n|\n|-heal|p2a: Oinkologne|46/352|[from] item: Leftovers\n|-heal|p1a: Vileplume|78/100|[from] item: Leftovers\n|upkeep\n|turn|4\n|inactive|Time left: 300 sec this turn | 300 sec total\n|\n|t:|1783535506\n|move|p2a: Oinkologne|Double-Edge|p1a: Vileplume\n|-damage|p1a: Vileplume|15/100\n|-status|p2a: Oinkologne|par|[from] ability: Effect Spore|[of] p1a: Vileplume\n|-damage|p2a: Oinkologne|0 fnt|[from] Recoil\n|faint|p2a: Oinkologne\n|move|p1a: Vileplume|Strength Sap|p2: Oinkologne|[notarget]\n|-fail|p1a: Vileplume\n|\n|-heal|p1a: Vileplume|21/100|[from] item: Leftovers\n|upkeep\n|inactive|Time left: 300 sec this turn | 300 sec total | 5 sec grace\n|\n|t:|1783535507\n|switch|p2a: Vivillon|Vivillon-Sun, L83, F|268/268\n|turn|5\n|inactive|Time left: 300 sec this turn | 300 sec total\n|\n|t:|1783535508\n|move|p2a: Vivillon|Hurricane|p1a: Vileplume\n|-supereffective|p1a: Vileplume\n|-damage|p1a: Vileplume|0 fnt\n|faint|p1a: Vileplume\n|\n|upkeep\n|\n|t:|1783535509\n|switch|p1a: Iron Moth|Iron Moth, L78|100/100\n|turn|6\n|inactive|Time left: 300 sec this turn | 300 sec total\n|\n|t:|1783535511\n|switch|p2a: Suicune|Suicune, L82|298/298\n|-ability|p2a: Suicune|Pressure\n|move|p1a: Iron Moth|Fiery Dance|p2a: Suicune\n|-resisted|p2a: Suicune\n|-damage|p2a: Suicune|256/298\n|-boost|p1a: Iron Moth|spa|1\n|\n|-heal|p2a: Suicune|274/298|[from] item: Leftovers\n|upkeep\n|turn|7\n|inactive|Time left: 300 sec this turn | 300 sec total\n|\n|t:|1783535512\n|move|p1a: Iron Moth|Sludge Wave|p2a: Suicune\n|-damage|p2a: Suicune|127/298\n|move|p2a: Suicune|Scald|p1a: Iron Moth\n|-supereffective|p1a: Iron Moth\n|-damage|p1a: Iron Moth|48/100\n|\n|-heal|p2a: Suicune|145/298|[from] item: Leftovers\n|upkeep\n|turn|8\n|inactive|Time left: 300 sec this turn | 300 sec total\n|\n|t:|1783535513\n|move|p1a: Iron Moth|Sludge Wave|p2a: Suicune\n|-damage|p2a: Suicune|0 fnt\n|faint|p2a: Suicune\n|\n|upkeep\n|inactive|Time left: 300 sec this turn | 300 sec total | 5 sec grace\n|\n|t:|1783535514\n|switch|p2a: Illumise|Illumise, L91, F|266/266\n|turn|9\n|inactive|Time left: 300 sec this turn | 300 sec total\n|\n|t:|1783535514\n|-terastallize|p2a: Illumise|Steel\n|move|p2a: Illumise|Encore|p1a: Iron Moth\n|-start|p1a: Iron Moth|Encore\n|move|p1a: Iron Moth|Sludge Wave|p2a: Illumise\n|-immune|p2a: Illumise\n|\n|upkeep\n|turn|10\n|inactive|Time left: 300 sec this turn | 300 sec total\n|\n|t:|1783535515\n|-end|p1a: Iron Moth|Quark Drive|[silent]\n|switch|p1a: Houndoom|Houndoom, L87, F|100/100\n|move|p2a: Illumise|Thunder Wave|p1a: Houndoom\n|-hint|Since gen 7, Dark is immune to Prankster moves.\n|-immune|p1a: Houndoom\n|\n|upkeep\n|turn|11\n|inactive|Time left: 300 sec this turn | 300 sec total\n|\n|t:|1783535516\n|move|p1a: Houndoom|Nasty Plot|p1a: Houndoom\n|-boost|p1a: Houndoom|spa|2\n|move|p2a: Illumise|Bug Buzz|p1a: Houndoom\n|-damage|p1a: Houndoom|64/100\n|\n|upkeep\n|turn|12\n|inactive|Time left: 300 sec this turn | 300 sec total\n|\n|t:|1783535517\n|move|p1a: Houndoom|Fire Blast|p2a: Illumise\n|-supereffective|p2a: Illumise\n|-damage|p2a: Illumise|0 fnt\n|faint|p2a: Illumise\n|\n|upkeep\n|inactive|Time left: 300 sec this turn | 300 sec total | 5 sec grace\n|\n|t:|1783535518\n|switch|p2a: Vivillon|Vivillon-Sun, L83, F|268/268\n|turn|13\n|inactive|Time left: 300 sec this turn | 300 sec total\n|\n|t:|1783535519\n|switch|p2a: Rotom|Rotom-Mow, L87|229/229\n|move|p1a: Houndoom|Fire Blast|p2a: Rotom\n|-supereffective|p2a: Rotom\n|-damage|p2a: Rotom|0 fnt\n|faint|p2a: Rotom\n|\n|upkeep\n|inactive|Time left: 300 sec this turn | 300 sec total | 5 sec grace\n|\n|t:|1783535520\n|switch|p2a: Ditto|Ditto, L87|225/225\n|-transform|p2a: Ditto|p1a: Houndoom|[from] ability: Imposter\n|turn|14\n|inactive|Time left: 300 sec this turn | 300 sec total\n|\n|t:|1783535521\n|move|p2a: Ditto|Sludge Bomb|p1a: Houndoom\n|-damage|p1a: Houndoom|8/100\n|move|p1a: Houndoom|Sludge Bomb|p2a: Ditto\n|-damage|p2a: Ditto|62/225\n|-status|p2a: Ditto|psn\n|\n|-damage|p2a: Ditto|34/225 psn|[from] psn\n|upkeep\n|turn|15\n|inactive|Time left: 300 sec this turn | 300 sec total\n|\n|t:|1783535522\n|switch|p1a: Registeel|Registeel, L81, shiny|100/100\n|move|p2a: Ditto|Sludge Bomb|p1a: Registeel\n|-immune|p1a: Registeel\n|\n|-damage|p2a: Ditto|6/225 psn|[from] psn\n|upkeep\n|turn|16\n|inactive|Time left: 300 sec this turn | 300 sec total\n|\n|t:|1783535523\n|switch|p2a: Vivillon|Vivillon-Sun, L83, F|268/268\n|switch|p1a: Iron Moth|Iron Moth, L78|48/100\n|\n|upkeep\n|turn|17\n|inactive|Time left: 300 sec this turn | 300 sec total\n|\n|t:|1783535524\n|switch|p2a: Ditto|Ditto, L87|6/225 psn\n|-transform|p2a: Ditto|p1a: Iron Moth|[from] ability: Imposter\n|-terastallize|p1a: Iron Moth|Fire\n|move|p1a: Iron Moth|Fiery Dance|p2a: Ditto\n|-resisted|p2a: Ditto\n|-damage|p2a: Ditto|0 fnt\n|-boost|p1a: Iron Moth|spa|1\n|faint|p2a: Ditto\n|-end|p2a: Ditto|Quark Drive|[silent]\n|\n|upkeep\n|inactive|Time left: 300 sec this turn | 300 sec total | 5 sec grace\n|\n|t:|1783535524\n|switch|p2a: Vivillon|Vivillon-Sun, L83, F|268/268\n|turn|18\n|inactive|Time left: 300 sec this turn | 300 sec total\n|\n|t:|1783535525\n|move|p1a: Iron Moth|Fiery Dance|p2a: Vivillon\n|-supereffective|p2a: Vivillon\n|-damage|p2a: Vivillon|0 fnt\n|faint|p2a: Vivillon\n|\n|win|p0x19576c8", "uploadtime": 1783535525, "views": 0, "rating": 0, "private": 0, "password": null, "_winner": "p0x19576c8", "_our_name": "p0y1954480"}