{"id": "battle-gen9randombattle-827", "formatid": "gen9randombattle", "format": "[Gen 9] Random Battle", "players": ["p0x8273dbd", "p0y82759e0"], "log": "|init|battle\n|title|p0x8273dbd vs. p0y82759e0\n|j|\u2606p0x8273dbd\n|j|\u2606p0y82759e0\n|t:|1783548722\n|gametype|singles\n|player|p1|p0x8273dbd|170|\n|player|p2|p0y82759e0|101|\n|gen|9\n|tier|[Gen 9] Random Battle\n|rule|Species Clause: Limit one of each Pok\u00e9mon\n|rule|HP Percentage Mod: HP is shown in percentages\n|rule|Sleep Clause Mod: Limit one foe put to sleep\n|rule|Illusion Level Mod: Illusion disguises the Pok\u00e9mon's true level\n|\n|t:|1783548722\n|teamsize|p1|6\n|teamsize|p2|6\n|start\n|switch|p1a: Kommo-o|Kommo-o, L77, F|100/100\n|switch|p2a: Arceus|Arceus-Fairy, L69|280/280\n|turn|1\n|inactive|Battle timer is ON: inactive players will automatically lose when time's up. (requested by p0x8273dbd)\n|inactive|Time left: 300 sec this turn | 300 sec total | 60 sec grace\n|inactive|p0y82759e0 also wants the timer to be on.\n|\n|t:|1783548724\n|switch|p1a: Snorlax|Snorlax, L82, F|100/100\n|move|p2a: Arceus|Judgment|p1a: Snorlax\n|-damage|p1a: Snorlax|80/100\n|\n|-heal|p1a: Snorlax|86/100|[from] item: Leftovers\n|upkeep\n|turn|2\n|inactive|Time left: 300 sec this turn | 300 sec total\n|\n|t:|1783548726\n|move|p2a: Arceus|Calm Mind|p2a: Arceus\n|-boost|p2a: Arceus|spa|1\n|-boost|p2a: Arceus|spd|1\n|move|p1a: Snorlax|Body Slam|p2a: Arceus\n|-crit|p2a: Arceus\n|-damage|p2a: Arceus|150/280\n|\n|-heal|p1a: Snorlax|92/100|[from] item: Leftovers\n|upkeep\n|turn|3\n|inactive|Time left: 300 sec this turn | 300 sec total\n|\n|t:|1783548727\n|move|p2a: Arceus|Recover|p2a: Arceus\n|-heal|p2a: Arceus|280/280\n|move|p1a: Snorlax|Body Slam|p2a: Arceus\n|-damage|p2a: Arceus|186/280\n|\n|-heal|p1a: Snorlax|98/100|[from] item: Leftovers\n|upkeep\n|turn|4\n|inactive|Time left: 300 sec this turn | 300 sec total\n|\n|t:|1783548728\n|move|p2a: Arceus|Recover|p2a: Arceus\n|-heal|p2a: Arceus|280/280\n|move|p1a: Snorlax|Body Slam|p2a: Arceus\n|-damage|p2a: Arceus|190/280\n|\n|-heal|p1a: Snorlax|100/100|[from] item: Leftovers\n|upkeep\n|turn|5\n|inactive|Time left: 300 sec this turn | 300 sec total\n|\n|t:|1783548729\n|move|p2a: Arceus|Judgment|p1a: Snorlax\n|-damage|p1a: Snorlax|69/100\n|move|p1a: Snorlax|Body Slam|p2a: Arceus\n|-damage|p2a: Arceus|108/280\n|-status|p2a: Arceus|par\n|\n|-heal|p1a: Snorlax|75/100|[from] item: Leftovers\n|upkeep\n|turn|6\n|inactive|Time left: 300 sec this turn | 300 sec total\n|\n|t:|1783548730\n|move|p2a: Arceus|Recover|p2a: Arceus\n|-heal|p2a: Arceus|248/280 par\n|move|p1a: Snorlax|Body Slam|p2a: Arceus\n|-damage|p2a: Arceus|160/280 par\n|\n|-heal|p1a: Snorlax|81/100|[from] item: Leftovers\n|upkeep\n|turn|7\n|inactive|Time left: 300 sec this turn | 300 sec total\n|\n|t:|1783548731\n|move|p2a: Arceus|Judgment|p1a: Snorlax\n|-damage|p1a: Snorlax|48/100\n|move|p1a: Snorlax|Body Slam|p2a: Arceus\n|-damage|p2a: Arceus|69/280 par\n|\n|-heal|p1a: Snorlax|54/100|[from] item: Leftovers\n|upkeep\n|turn|8\n|inactive|Time left: 300 sec this turn | 300 sec total\n|\n|t:|1783548732\n|move|p2a: Arceus|Recover|p2a: Arceus\n|-heal|p2a: Arceus|209/280 par\n|move|p1a: Snorlax|Body Slam|p2a: Arceus\n|-damage|p2a: Arceus|116/280 par\n|\n|-heal|p1a: Snorlax|60/100|[from] item: Leftovers\n|upkeep\n|turn|9\n|inactive|Time left: 300 sec this turn | 300 sec total\n|\n|t:|1783548733\n|move|p2a: Arceus|Recover|p2a: Arceus\n|-heal|p2a: Arceus|256/280 par\n|move|p1a: Snorlax|Body Slam|p2a: Arceus\n|-damage|p2a: Arceus|165/280 par\n|\n|-heal|p1a: Snorlax|66/100|[from] item: Leftovers\n|upkeep\n|turn|10\n|inactive|Time left: 300 sec this turn | 300 sec total\n|\n|t:|1783548734\n|move|p2a: Arceus|Judgment|p1a: Snorlax\n|-damage|p1a: Snorlax|31/100\n|move|p1a: Snorlax|Body Slam|p2a: Arceus\n|-damage|p2a: Arceus|78/280 par\n|\n|-heal|p1a: Snorlax|37/100|[from] item: Leftovers\n|upkeep\n|turn|11\n|inactive|Time left: 300 sec this turn | 300 sec total\n|\n|t:|1783548735\n|move|p2a: Arceus|Recover|p2a: Arceus\n|-heal|p2a: Arceus|218/280 par\n|move|p1a: Snorlax|Body Slam|p2a: Arceus\n|-damage|p2a: Arceus|121/280 par\n|\n|-heal|p1a: Snorlax|43/100|[from] item: Leftovers\n|upkeep\n|turn|12\n|inactive|Time left: 300 sec this turn | 300 sec total\n|\n|t:|1783548736\n|move|p2a: Arceus|Recover|p2a: Arceus\n|-heal|p2a: Arceus|261/280 par\n|move|p1a: Snorlax|Body Slam|p2a: Arceus\n|-damage|p2a: Arceus|171/280 par\n|\n|-heal|p1a: Snorlax|49/100|[from] item: Leftovers\n|upkeep\n|turn|13\n|inactive|Time left: 300 sec this turn | 300 sec total\n|\n|t:|1783548737\n|move|p2a: Arceus|Judgment|p1a: Snorlax\n|-damage|p1a: Snorlax|17/100\n|move|p1a: Snorlax|Body Slam|p2a: Arceus\n|-damage|p2a: Arceus|77/280 par\n|\n|-heal|p1a: Snorlax|23/100|[from] item: Leftovers\n|upkeep\n|turn|14\n|inactive|Time left: 300 sec this turn | 300 sec total\n|\n|t:|1783548738\n|move|p2a: Arceus|Judgment|p1a: Snorlax\n|-damage|p1a: Snorlax|0 fnt\n|faint|p1a: Snorlax\n|\n|upkeep\n|\n|t:|1783548739\n|switch|p1a: Ogerpon|Ogerpon-Cornerstone, L76, F|100/100\n|turn|15\n|inactive|Time left: 300 sec this turn | 300 sec total\n|\n|t:|1783548741\n|switch|p2a: Vileplume|Vileplume, L85, M|266/266\n|move|p1a: Ogerpon|Horn Leech|p2a: Vileplume\n|-resisted|p2a: Vileplume\n|-damage|p2a: Vileplume|242/266\n|\n|-heal|p2a: Vileplume|258/266|[from] item: Leftovers\n|upkeep\n|turn|16\n|inactive|Time left: 300 sec this turn | 300 sec total\n|\n|t:|1783548742\n|move|p1a: Ogerpon|Swords Dance|p1a: Ogerpon\n|-boost|p1a: Ogerpon|atk|2\n|move|p2a: Vileplume|Sludge Bomb|p1a: Ogerpon\n|-damage|p1a: Ogerpon|52/100\n|\n|-heal|p2a: Vileplume|266/266|[from] item: Leftovers\n|upkeep\n|turn|17\n|inactive|Time left: 300 sec this turn | 300 sec total\n|\n|t:|1783548743\n|-terastallize|p1a: Ogerpon|Rock\n|detailschange|p1a: Ogerpon|Ogerpon-Cornerstone-Tera, L76, F, tera:Rock\n|-ability|p1a: Ogerpon|Embody Aspect (Cornerstone)|boost\n|-boost|p1a: Ogerpon|def|1\n|move|p1a: Ogerpon|Ivy Cudgel|p2a: Vileplume|[anim] Ivy Cudgel Rock\n|-damage|p2a: Vileplume|0 fnt\n|faint|p2a: Vileplume\n|\n|upkeep\n|inactive|Time left: 300 sec this turn | 300 sec total | 5 sec grace\n|\n|t:|1783548744\n|switch|p2a: Lycanroc|Lycanroc, L86, F|269/269\n|turn|18\n|inactive|Time left: 300 sec this turn | 300 sec total\n|\n|t:|1783548745\n|move|p2a: Lycanroc|Close Combat|p1a: Ogerpon\n|-supereffective|p1a: Ogerpon\n|-damage|p1a: Ogerpon|0 fnt\n|-unboost|p2a: Lycanroc|def|1\n|-unboost|p2a: Lycanroc|spd|1\n|faint|p1a: Ogerpon\n|detailschange|p1: Ogerpon|Ogerpon-Cornerstone, L76, F|[silent]\n|\n|upkeep\n|\n|t:|1783548746\n|switch|p1a: Volcarona|Volcarona, L77, M|100/100\n|turn|19\n|inactive|Time left: 300 sec this turn | 300 sec total\n|\n|t:|1783548747\n|switch|p2a: Dragalge|Dragalge, L88, M|258/258\n|move|p1a: Volcarona|Quiver Dance|p1a: Volcarona\n|-boost|p1a: Volcarona|spa|1\n|-boost|p1a: Volcarona|spd|1\n|-boost|p1a: Volcarona|spe|1\n|\n|upkeep\n|turn|20\n|inactive|Time left: 300 sec this turn | 300 sec total\n|\n|t:|1783548748\n|move|p1a: Volcarona|Bug Buzz|p2a: Dragalge\n|-resisted|p2a: Dragalge\n|-damage|p2a: Dragalge|219/258\n|move|p2a: Dragalge|Dragon Tail|p1a: Volcarona\n|-damage|p1a: Volcarona|59/100\n|-status|p2a: Dragalge|brn|[from] ability: Flame Body|[of] p1a: Volcarona\n|drag|p1a: Kommo-o|Kommo-o, L77, F|100/100\n|\n|-damage|p2a: Dragalge|203/258 brn|[from] brn\n|upkeep\n|turn|21\n|inactive|Time left: 300 sec this turn | 300 sec total\n|\n|t:|1783548750\n|switch|p1a: Goodra|Goodra, L85, F|100/100\n|move|p2a: Dragalge|Draco Meteor|p1a: Goodra\n|-supereffective|p1a: Goodra\n|-damage|p1a: Goodra|39/100\n|-unboost|p2a: Dragalge|spa|2\n|\n|-damage|p2a: Dragalge|187/258 brn|[from] brn\n|upkeep\n|turn|22\n|inactive|Time left: 300 sec this turn | 300 sec total\n|\n|t:|1783548751\n|switch|p2a: Arceus|Arceus-Fairy, L69|77/280 par\n|move|p1a: Goodra|Knock Off|p2a: Arceus\n|-resisted|p2a: Arceus\n|-damage|p2a: Arceus|56/280 par\n|\n|upkeep\n|turn|23\n|inactive|Time left: 300 sec this turn | 300 sec total\n|\n|t:|1783548752\n|move|p1a: Goodra|Sludge Bomb|p2a: Arceus\n|-supereffective|p2a: Arceus\n|-damage|p2a: Arceus|0 fnt\n|faint|p2a: Arceus\n|\n|upkeep\n|inactive|Time left: 300 sec this turn | 300 sec total | 5 sec grace\n|\n|t:|1783548753\n|switch|p2a: Greninja|Greninja, L80, M|246/246\n|turn|24\n|inactive|Time left: 300 sec this turn | 300 sec total\n|\n|t:|1783548754\n|move|p2a: Greninja|Gunk Shot|p1a: Goodra\n|-damage|p1a: Goodra|0 fnt\n|faint|p1a: Goodra\n|-ability|p2a: Greninja|Battle Bond|boost\n|-boost|p2a: Greninja|atk|1\n|-boost|p2a: Greninja|spa|1\n|-boost|p2a: Greninja|spe|1\n|-activate|p2a: Greninja|ability: Battle Bond\n|-damage|p2a: Greninja|222/246|[from] item: Life Orb\n|\n|upkeep\n|\n|t:|1783548755\n|switch|p1a: Tauros|Tauros-Paldea-Aqua, L81, M|100/100\n|turn|25\n|inactive|Time left: 300 sec this turn | 300 sec total\n|\n|t:|1783548756\n|switch|p2a: Sinistcha|Sinistcha-Masterpiece, L83|254/254\n|move|p1a: Tauros|Close Combat|p2a: Sinistcha\n|-immune|p2a: Sinistcha\n|\n|upkeep\n|turn|26\n|inactive|Time left: 300 sec this turn | 300 sec total\n|\n|t:|1783548756\n|switch|p1a: Volcarona|Volcarona, L77, M|59/100\n|move|p2a: Sinistcha|Shadow Ball|p1a: Volcarona\n|-damage|p1a: Volcarona|24/100\n|\n|upkeep\n|turn|27\n|inactive|Time left: 300 sec this turn | 300 sec total\n|\n|t:|1783548757\n|move|p1a: Volcarona|Fire Blast|p2a: Sinistcha\n|-supereffective|p2a: Sinistcha\n|-damage|p2a: Sinistcha|102/254\n|move|p2a: Sinistcha|Shadow Ball|p1a: Volcarona\n|-damage|p1a: Volcarona|0 fnt\n|faint|p1a: Volcarona\n|\n|-heal|p2a: Sinistcha|117/254|[from] item: Leftovers\n|upkeep\n|\n|t:|1783548758\n|switch|p1a: Kommo-o|Kommo-o, L77, F|100/100\n|turn|28\n|inactive|Time left: 300 sec this turn | 300 sec total\n|\n|t:|1783548758\n|move|p1a: Kommo-o|Clangorous Soul|p1a: Kommo-o\n|-boost|p1a: Kommo-o|atk|1\n|-boost|p1a: Kommo-o|def|1\n|-boost|p1a: Kommo-o|spa|1\n|-boost|p1a: Kommo-o|spd|1\n|-boost|p1a: Kommo-o|spe|1\n|-damage|p1a: Kommo-o|68/100\n|-enditem|p1a: Kommo-o|Throat Spray\n|-boost|p1a: Kommo-o|spa|1|[from] item: Throat Spray\n|move|p2a: Sinistcha|Strength Sap|p1a: Kommo-o\n|-unboost|p1a: Kommo-o|atk|1\n|-heal|p2a: Sinistcha|254/254\n|\n|upkeep\n|turn|29\n|inactive|Time left: 300 sec this turn | 300 sec total\n|\n|t:|1783548759\n|move|p1a: Kommo-o|Clanging Scales|p2a: Sinistcha\n|-damage|p2a: Sinistcha|34/254\n|-unboost|p1a: Kommo-o|def|1\n|move|p2a: Sinistcha|Strength Sap|p1a: Kommo-o\n|-unboost|p1a: Kommo-o|atk|1\n|-heal|p2a: Sinistcha|248/254\n|\n|-heal|p2a: Sinistcha|254/254|[from] item: Leftovers\n|upkeep\n|turn|30\n|inactive|Time left: 300 sec this turn | 300 sec total\n|\n|t:|1783548760\n|move|p1a: Kommo-o|Clanging Scales|p2a: Sinistcha\n|-damage|p2a: Sinistcha|46/254\n|-unboost|p1a: Kommo-o|def|1\n|move|p2a: Sinistcha|Shadow Ball|p1a: Kommo-o\n|-damage|p1a: Kommo-o|39/100\n|\n|-heal|p2a: Sinistcha|61/254|[from] item: Leftovers\n|upkeep\n|turn|31\n|inactive|Time left: 300 sec this turn | 300 sec total\n|\n|t:|1783548761\n|move|p1a: Kommo-o|Clanging Scales|p2a: Sinistcha\n|-damage|p2a: Sinistcha|0 fnt\n|faint|p2a: Sinistcha\n|-unboost|p1a: Kommo-o|def|1\n|\n|upkeep\n|inactive|Time left: 300 sec this turn | 300 sec total | 5 sec grace\n|\n|t:|1783548762\n|switch|p2a: Lycanroc|Lycanroc, L86, F|269/269\n|turn|32\n|inactive|Time left: 300 sec this turn | 300 sec total\n|\n|t:|1783548762\n|move|p1a: Kommo-o|Clanging Scales|p2a: Lycanroc\n|-damage|p2a: Lycanroc|14/269\n|-unboost|p1a: Kommo-o|def|1\n|move|p2a: Lycanroc|Close Combat|p1a: Kommo-o\n|-damage|p1a: Kommo-o|0 fnt\n|-unboost|p2a: Lycanroc|def|1\n|-unboost|p2a: Lycanroc|spd|1\n|faint|p1a: Kommo-o\n|\n|upkeep\n|\n|t:|1783548763\n|switch|p1a: Tauros|Tauros-Paldea-Aqua, L81, M|100/100\n|turn|33\n|inactive|Time left: 300 sec this turn | 300 sec total\n|\n|t:|1783548764\n|-terastallize|p2a: Lycanroc|Fighting\n|move|p2a: Lycanroc|Close Combat|p1a: Tauros\n|-damage|p1a: Tauros|18/100\n|-unboost|p2a: Lycanroc|def|1\n|-unboost|p2a: Lycanroc|spd|1\n|-enditem|p1a: Tauros|Sitrus Berry|[eat]\n|-heal|p1a: Tauros|43/100|[from] item: Sitrus Berry\n|move|p1a: Tauros|Liquidation|p2a: Lycanroc\n|-damage|p2a: Lycanroc|0 fnt\n|faint|p2a: Lycanroc\n|\n|upkeep\n|inactive|Time left: 300 sec this turn | 300 sec total | 5 sec grace\n|\n|t:|1783548765\n|switch|p2a: Dragalge|Dragalge, L88, M|187/258 brn\n|turn|34\n|inactive|Time left: 300 sec this turn | 300 sec total\n|\n|t:|1783548766\n|move|p1a: Tauros|Substitute|p1a: Tauros\n|-start|p1a: Tauros|Substitute\n|-damage|p1a: Tauros|18/100\n|move|p2a: Dragalge|Sludge Wave|p1a: Tauros\n|-end|p1a: Tauros|Substitute\n|\n|-damage|p2a: Dragalge|171/258 brn|[from] brn\n|-activate|p1a: Tauros|ability: Cud Chew\n|-enditem|p1a: Tauros|Sitrus Berry|[eat]\n|-heal|p1a: Tauros|43/100|[from] item: Sitrus Berry\n|upkeep\n|turn|35\n|inactive|Time left: 300 sec this turn | 300 sec total\n|\n|t:|1783548767\n|move|p1a: Tauros|Substitute|p1a: Tauros\n|-start|p1a: Tauros|Substitute\n|-damage|p1a: Tauros|18/100\n|move|p2a: Dragalge|Sludge Wave|p1a: Tauros\n|-end|p1a: Tauros|Substitute\n|\n|-damage|p2a: Dragalge|155/258 brn|[from] brn\n|upkeep\n|turn|36\n|inactive|Time left: 300 sec this turn | 300 sec total\n|\n|t:|1783548768\n|move|p1a: Tauros|Liquidation|p2a: Dragalge\n|-resisted|p2a: Dragalge\n|-damage|p2a: Dragalge|110/258 brn\n|move|p2a: Dragalge|Sludge Wave|p1a: Tauros\n|-damage|p1a: Tauros|0 fnt\n|faint|p1a: Tauros\n|\n|win|p0y82759e0", "uploadtime": 1783548768, "views": 0, "rating": 0, "private": 0, "password": null, "_winner": "p0y82759e0", "_our_name": "p0y82759e0"}