{"id": "battle-gen9randombattle-2669", "formatid": "gen9randombattle", "format": "[Gen 9] Random Battle", "players": ["p0x2669f5a9", "p0y2669f7e8"], "log": "|init|battle\n|title|p0x2669f5a9 vs. p0y2669f7e8\n|j|\u2606p0x2669f5a9\n|j|\u2606p0y2669f7e8\n|t:|1783569795\n|gametype|singles\n|player|p1|p0x2669f5a9|1|\n|player|p2|p0y2669f7e8|170|\n|gen|9\n|tier|[Gen 9] Random Battle\n|rule|Species Clause: Limit one of each Pok\u00e9mon\n|rule|HP Percentage Mod: HP is shown in percentages\n|rule|Sleep Clause Mod: Limit one foe put to sleep\n|rule|Illusion Level Mod: Illusion disguises the Pok\u00e9mon's true level\n|\n|t:|1783569795\n|teamsize|p1|6\n|teamsize|p2|6\n|start\n|switch|p1a: Poliwrath|Poliwrath, L88, F|302/302\n|switch|p2a: Greedent|Greedent, L86, M|100/100\n|turn|1\n|inactive|Battle timer is ON: inactive players will automatically lose when time's up. (requested by p0x2669f5a9)\n|inactive|p0y2669f7e8 also wants the timer to be on.\n|\n|t:|1783569797\n|move|p1a: Poliwrath|Liquidation|p2a: Greedent\n|-damage|p2a: Greedent|72/100\n|move|p2a: Greedent|Swords Dance|p2a: Greedent\n|-boost|p2a: Greedent|atk|2\n|\n|upkeep\n|turn|2\n|inactive|Time left: 300 sec this turn | 300 sec total\n|\n|t:|1783569798\n|-terastallize|p2a: Greedent|Ghost\n|move|p2a: Greedent|Body Slam|p1a: Poliwrath\n|-damage|p1a: Poliwrath|124/302\n|move|p1a: Poliwrath|Circle Throw|p2a: Greedent\n|-immune|p2a: Greedent\n|\n|upkeep\n|turn|3\n|inactive|Time left: 300 sec this turn | 300 sec total\n|\n|t:|1783569799\n|move|p1a: Poliwrath|Knock Off|p2a: Greedent\n|-supereffective|p2a: Greedent\n|-damage|p2a: Greedent|34/100\n|-enditem|p2a: Greedent|Sitrus Berry|[from] move: Knock Off|[of] p1a: Poliwrath\n|move|p2a: Greedent|Earthquake|p1a: Poliwrath\n|-damage|p1a: Poliwrath|2/302\n|\n|upkeep\n|turn|4\n|inactive|Time left: 300 sec this turn | 300 sec total\n|\n|t:|1783569800\n|move|p1a: Poliwrath|Liquidation|p2a: Greedent\n|-damage|p2a: Greedent|9/100\n|move|p2a: Greedent|Knock Off|p1a: Poliwrath\n|-resisted|p1a: Poliwrath\n|-damage|p1a: Poliwrath|0 fnt\n|-enditem|p1a: Poliwrath|Assault Vest|[from] move: Knock Off|[of] p2a: Greedent\n|faint|p1a: Poliwrath\n|\n|upkeep\n|inactive|Time left: 300 sec this turn | 300 sec total | 5 sec grace\n|\n|t:|1783569801\n|switch|p1a: Klawf|Klawf, L90, F|272/272\n|turn|5\n|inactive|Time left: 300 sec this turn | 300 sec total\n|\n|t:|1783569802\n|switch|p2a: Shaymin|Shaymin, L82|100/100\n|move|p1a: Klawf|Knock Off|p2a: Shaymin\n|-damage|p2a: Shaymin|68/100\n|-enditem|p2a: Shaymin|Leftovers|[from] move: Knock Off|[of] p1a: Klawf\n|-damage|p1a: Klawf|245/272|[from] item: Life Orb\n|\n|upkeep\n|turn|6\n|inactive|Time left: 300 sec this turn | 300 sec total\n|\n|t:|1783569803\n|switch|p1a: Venomoth|Venomoth, L84, F|255/255\n|move|p2a: Shaymin|Seed Flare|p1a: Venomoth\n|-resisted|p1a: Venomoth\n|-damage|p1a: Venomoth|220/255\n|\n|upkeep\n|turn|7\n|inactive|Time left: 300 sec this turn | 300 sec total\n|\n|t:|1783569804\n|move|p2a: Shaymin|Air Slash|p1a: Venomoth\n|-supereffective|p1a: Venomoth\n|-damage|p1a: Venomoth|102/255\n|move|p1a: Venomoth|Quiver Dance|p1a: Venomoth\n|-boost|p1a: Venomoth|spa|1\n|-boost|p1a: Venomoth|spd|1\n|-boost|p1a: Venomoth|spe|1\n|\n|upkeep\n|turn|8\n|inactive|Time left: 300 sec this turn | 300 sec total\n|\n|t:|1783569805\n|switch|p2a: Greedent|Greedent, L86, M, tera:Ghost|9/100\n|move|p1a: Venomoth|Quiver Dance|p1a: Venomoth\n|-boost|p1a: Venomoth|spa|1\n|-boost|p1a: Venomoth|spd|1\n|-boost|p1a: Venomoth|spe|1\n|\n|upkeep\n|turn|9\n|inactive|Time left: 300 sec this turn | 300 sec total\n|\n|t:|1783569806\n|move|p1a: Venomoth|Sludge Wave|p2a: Greedent\n|-resisted|p2a: Greedent\n|-damage|p2a: Greedent|0 fnt\n|faint|p2a: Greedent\n|\n|upkeep\n|\n|t:|1783569807\n|switch|p2a: Seviper|Seviper, L93, F|100/100\n|turn|10\n|inactive|Time left: 300 sec this turn | 300 sec total\n|\n|t:|1783569808\n|move|p1a: Venomoth|Sleep Powder|p2a: Seviper|[miss]\n|-miss|p1a: Venomoth|p2a: Seviper\n|move|p2a: Seviper|Knock Off|p1a: Venomoth\n|-damage|p1a: Venomoth|0 fnt\n|-enditem|p1a: Venomoth|Heavy-Duty Boots|[from] move: Knock Off|[of] p2a: Seviper\n|faint|p1a: Venomoth\n|-damage|p2a: Seviper|91/100|[from] item: Life Orb\n|\n|upkeep\n|inactive|Time left: 300 sec this turn | 300 sec total | 5 sec grace\n|\n|t:|1783569809\n|switch|p1a: Klawf|Klawf, L90, F|272/272\n|turn|11\n|inactive|Time left: 300 sec this turn | 300 sec total\n|\n|t:|1783569810\n|move|p1a: Klawf|Stone Edge|p2a: Seviper\n|-damage|p2a: Seviper|20/100\n|-damage|p1a: Klawf|245/272|[from] item: Life Orb\n|move|p2a: Seviper|Giga Drain|p1a: Klawf\n|-supereffective|p1a: Klawf\n|-damage|p1a: Klawf|14/272\n|-heal|p2a: Seviper|60/100|[from] drain|[of] p1a: Klawf\n|-damage|p2a: Seviper|51/100|[from] item: Life Orb\n|\n|upkeep\n|turn|12\n|inactive|Time left: 300 sec this turn | 300 sec total\n|\n|t:|1783569811\n|switch|p2a: Dachsbun|Dachsbun, L92, F|100/100\n|move|p1a: Klawf|Stone Edge|p2a: Dachsbun|[miss]\n|-miss|p1a: Klawf|p2a: Dachsbun\n|\n|upkeep\n|turn|13\n|inactive|Time left: 300 sec this turn | 300 sec total\n|\n|t:|1783569812\n|switch|p1a: Swampert|Swampert, L83, M|302/302\n|move|p2a: Dachsbun|Body Press|p1a: Swampert\n|-damage|p1a: Swampert|224/302\n|\n|-heal|p1a: Swampert|242/302|[from] item: Leftovers\n|upkeep\n|turn|14\n|inactive|Time left: 300 sec this turn | 300 sec total\n|\n|t:|1783569813\n|move|p2a: Dachsbun|Play Rough|p1a: Swampert\n|-damage|p1a: Swampert|136/302\n|move|p1a: Swampert|Earthquake|p2a: Dachsbun\n|-damage|p2a: Dachsbun|69/100\n|\n|-heal|p2a: Dachsbun|75/100|[from] item: Leftovers\n|-heal|p1a: Swampert|154/302|[from] item: Leftovers\n|upkeep\n|turn|15\n|inactive|Time left: 300 sec this turn | 300 sec total\n|\n|t:|1783569814\n|move|p2a: Dachsbun|Body Press|p1a: Swampert\n|-damage|p1a: Swampert|76/302\n|move|p1a: Swampert|Knock Off|p2a: Dachsbun\n|-resisted|p2a: Dachsbun\n|-damage|p2a: Dachsbun|65/100\n|-enditem|p2a: Dachsbun|Leftovers|[from] move: Knock Off|[of] p1a: Swampert\n|\n|-heal|p1a: Swampert|94/302|[from] item: Leftovers\n|upkeep\n|turn|16\n|inactive|Time left: 300 sec this turn | 300 sec total\n|\n|t:|1783569815\n|move|p2a: Dachsbun|Play Rough|p1a: Swampert\n|-damage|p1a: Swampert|0 fnt\n|faint|p1a: Swampert\n|\n|upkeep\n|inactive|Time left: 300 sec this turn | 300 sec total | 5 sec grace\n|\n|t:|1783569816\n|switch|p1a: Chesnaught|Chesnaught, L84, F|285/285\n|turn|17\n|inactive|Time left: 300 sec this turn | 300 sec total\n|\n|t:|1783569817\n|move|p2a: Dachsbun|Wish|p2a: Dachsbun\n|move|p1a: Chesnaught|Spikes|p2a: Dachsbun\n|-sidestart|p2: p0y2669f7e8|Spikes\n|\n|upkeep\n|turn|18\n|inactive|Time left: 300 sec this turn | 300 sec total\n|\n|t:|1783569818\n|move|p2a: Dachsbun|Play Rough|p1a: Chesnaught\n|-supereffective|p1a: Chesnaught\n|-damage|p1a: Chesnaught|141/285\n|move|p1a: Chesnaught|Spikes|p2a: Dachsbun\n|-sidestart|p2: p0y2669f7e8|Spikes\n|\n|-heal|p2a: Dachsbun|100/100|[from] move: Wish|[wisher] Dachsbun\n|-heal|p1a: Chesnaught|158/285|[from] item: Leftovers\n|upkeep\n|turn|19\n|inactive|Time left: 300 sec this turn | 300 sec total\n|\n|t:|1783569819\n|move|p2a: Dachsbun|Play Rough|p1a: Chesnaught\n|-supereffective|p1a: Chesnaught\n|-damage|p1a: Chesnaught|8/285\n|move|p1a: Chesnaught|Synthesis|p1a: Chesnaught\n|-heal|p1a: Chesnaught|150/285\n|\n|-heal|p1a: Chesnaught|167/285|[from] item: Leftovers\n|upkeep\n|turn|20\n|inactive|Time left: 300 sec this turn | 300 sec total\n|\n|t:|1783569820\n|move|p2a: Dachsbun|Play Rough|p1a: Chesnaught\n|-supereffective|p1a: Chesnaught\n|-damage|p1a: Chesnaught|5/285\n|move|p1a: Chesnaught|Synthesis|p1a: Chesnaught\n|-heal|p1a: Chesnaught|147/285\n|\n|-heal|p1a: Chesnaught|164/285|[from] item: Leftovers\n|upkeep\n|turn|21\n|inactive|Time left: 300 sec this turn | 300 sec total\n|\n|t:|1783569821\n|move|p2a: Dachsbun|Play Rough|p1a: Chesnaught|[miss]\n|-miss|p2a: Dachsbun|p1a: Chesnaught\n|move|p1a: Chesnaught|Synthesis|p1a: Chesnaught\n|-heal|p1a: Chesnaught|285/285\n|\n|upkeep\n|turn|22\n|inactive|Time left: 300 sec this turn | 300 sec total\n|\n|t:|1783569822\n|move|p2a: Dachsbun|Play Rough|p1a: Chesnaught\n|-supereffective|p1a: Chesnaught\n|-damage|p1a: Chesnaught|133/285\n|move|p1a: Chesnaught|Wood Hammer|p2a: Dachsbun\n|-damage|p2a: Dachsbun|57/100\n|-damage|p1a: Chesnaught|96/285|[from] Recoil\n|\n|-heal|p1a: Chesnaught|113/285|[from] item: Leftovers\n|upkeep\n|turn|23\n|inactive|Time left: 300 sec this turn | 300 sec total\n|\n|t:|1783569823\n|move|p2a: Dachsbun|Play Rough|p1a: Chesnaught\n|-supereffective|p1a: Chesnaught\n|-damage|p1a: Chesnaught|0 fnt\n|faint|p1a: Chesnaught\n|\n|upkeep\n|inactive|Time left: 300 sec this turn | 300 sec total | 5 sec grace\n|\n|t:|1783569825\n|switch|p1a: Klawf|Klawf, L90, F|104/272\n|turn|24\n|inactive|Time left: 300 sec this turn | 300 sec total\n|\n|t:|1783569826\n|switch|p1a: Houndoom|Houndoom, L87, M|272/272\n|move|p2a: Dachsbun|Body Press|p1a: Houndoom\n|-supereffective|p1a: Houndoom\n|-damage|p1a: Houndoom|62/272\n|\n|upkeep\n|turn|25\n|inactive|Time left: 300 sec this turn | 300 sec total\n|\n|t:|1783569827\n|switch|p1a: Klawf|Klawf, L90, F|194/272\n|move|p2a: Dachsbun|Body Press|p1a: Klawf\n|-supereffective|p1a: Klawf\n|-damage|p1a: Klawf|78/272\n|\n|upkeep\n|turn|26\n|inactive|Time left: 300 sec this turn | 300 sec total\n|\n|t:|1783569828\n|switch|p1a: Houndoom|Houndoom, L87, M|62/272\n|move|p2a: Dachsbun|Body Press|p1a: Houndoom\n|-supereffective|p1a: Houndoom\n|-damage|p1a: Houndoom|0 fnt\n|faint|p1a: Houndoom\n|\n|upkeep\n|inactive|Time left: 300 sec this turn | 300 sec total | 5 sec grace\n|\n|t:|1783569829\n|switch|p1a: Klawf|Klawf, L90, F|168/272\n|turn|27\n|inactive|Time left: 300 sec this turn | 300 sec total\n|\n|t:|1783569830\n|move|p2a: Dachsbun|Body Press|p1a: Klawf\n|-supereffective|p1a: Klawf\n|-damage|p1a: Klawf|50/272\n|move|p1a: Klawf|Stealth Rock|p2a: Dachsbun\n|-sidestart|p2: p0y2669f7e8|move: Stealth Rock\n|\n|upkeep\n|turn|28\n|inactive|Time left: 300 sec this turn | 300 sec total\n|\n|t:|1783569831\n|move|p2a: Dachsbun|Body Press|p1a: Klawf\n|-supereffective|p1a: Klawf\n|-damage|p1a: Klawf|0 fnt\n|faint|p1a: Klawf\n|\n|win|p0y2669f7e8", "uploadtime": 1783569831, "views": 0, "rating": 0, "private": 0, "password": null, "_winner": "p0y2669f7e8", "_our_name": "p0x2669f5a9"}