{"id": "battle-gen9randombattle-639", "formatid": "gen9randombattle", "format": "[Gen 9] Random Battle", "players": ["p0x639f390", "p0y63959e3"], "log": "|init|battle\n|title|p0x639f390 vs. p0y63959e3\n|j|\u2606p0x639f390\n|j|\u2606p0y63959e3\n|t:|1783547224\n|gametype|singles\n|player|p1|p0x639f390|102|\n|player|p2|p0y63959e3|2|\n|gen|9\n|tier|[Gen 9] Random Battle\n|rule|Species Clause: Limit one of each Pok\u00e9mon\n|rule|HP Percentage Mod: HP is shown in percentages\n|rule|Sleep Clause Mod: Limit one foe put to sleep\n|rule|Illusion Level Mod: Illusion disguises the Pok\u00e9mon's true level\n|\n|t:|1783547224\n|teamsize|p1|6\n|teamsize|p2|6\n|start\n|switch|p1a: Flygon|Flygon, L82, M|100/100\n|switch|p2a: Shaymin|Shaymin, L82|298/298\n|turn|1\n|inactive|Battle timer is ON: inactive players will automatically lose when time's up. (requested by p0y63959e3)\n|inactive|p0x639f390 also wants the timer to be on.\n|\n|t:|1783547226\n|switch|p1a: Abomasnow|Abomasnow, L84, F|100/100\n|-weather|Snowscape|[from] ability: Snow Warning|[of] p1a: Abomasnow\n|move|p2a: Shaymin|Seed Flare|p1a: Abomasnow\n|-resisted|p1a: Abomasnow\n|-damage|p1a: Abomasnow|77/100\n|\n|-weather|Snowscape|[upkeep]\n|upkeep\n|turn|2\n|inactive|Time left: 300 sec this turn | 300 sec total\n|\n|t:|1783547227\n|move|p2a: Shaymin|Seed Flare|p1a: Abomasnow|[miss]\n|-miss|p2a: Shaymin|p1a: Abomasnow\n|move|p1a: Abomasnow|Aurora Veil|p1a: Abomasnow\n|-sidestart|p1: p0x639f390|move: Aurora Veil\n|\n|-weather|Snowscape|[upkeep]\n|upkeep\n|turn|3\n|inactive|Time left: 300 sec this turn | 300 sec total\n|\n|t:|1783547228\n|move|p2a: Shaymin|Air Slash|p1a: Abomasnow\n|-supereffective|p1a: Abomasnow\n|-damage|p1a: Abomasnow|59/100\n|cant|p1a: Abomasnow|flinch\n|\n|-weather|Snowscape|[upkeep]\n|upkeep\n|turn|4\n|inactive|Time left: 300 sec this turn | 300 sec total\n|\n|t:|1783547229\n|switch|p2a: Cresselia|Cresselia, L80, F|323/323\n|move|p1a: Abomasnow|Blizzard|p2a: Cresselia\n|-damage|p2a: Cresselia|236/323\n|\n|-weather|Snowscape|[upkeep]\n|-heal|p2a: Cresselia|256/323|[from] item: Leftovers\n|upkeep\n|turn|5\n|inactive|Time left: 300 sec this turn | 300 sec total\n|\n|t:|1783547230\n|switch|p1a: Sneasler|Sneasler, L74, M|100/100\n|move|p2a: Cresselia|Calm Mind|p2a: Cresselia\n|-boost|p2a: Cresselia|spa|1\n|-boost|p2a: Cresselia|spd|1\n|\n|-weather|none\n|-heal|p2a: Cresselia|276/323|[from] item: Leftovers\n|upkeep\n|turn|6\n|inactive|Time left: 300 sec this turn | 300 sec total\n|\n|t:|1783547231\n|move|p1a: Sneasler|U-turn|p2a: Cresselia\n|-supereffective|p2a: Cresselia\n|-damage|p2a: Cresselia|158/323\n|\n|t:|1783547232\n|switch|p1a: Cacturne|Cacturne, L92, F|100/100|[from] U-turn\n|move|p2a: Cresselia|Psyshock|p1a: Cacturne\n|-immune|p1a: Cacturne\n|\n|-heal|p2a: Cresselia|178/323|[from] item: Leftovers\n|upkeep\n|turn|7\n|inactive|Time left: 300 sec this turn | 300 sec total\n|\n|t:|1783547233\n|-terastallize|p2a: Cresselia|Electric\n|move|p2a: Cresselia|Moonlight|p2a: Cresselia\n|-heal|p2a: Cresselia|323/323\n|move|p1a: Cacturne|Knock Off|p2a: Cresselia\n|-damage|p2a: Cresselia|166/323\n|-enditem|p2a: Cresselia|Leftovers|[from] move: Knock Off|[of] p1a: Cacturne\n|-damage|p1a: Cacturne|91/100|[from] item: Life Orb\n|\n|upkeep\n|turn|8\n|inactive|Time left: 300 sec this turn | 300 sec total\n|\n|t:|1783547234\n|move|p2a: Cresselia|Moonlight|p2a: Cresselia\n|-heal|p2a: Cresselia|323/323\n|move|p1a: Cacturne|Knock Off|p2a: Cresselia\n|-crit|p2a: Cresselia\n|-damage|p2a: Cresselia|155/323\n|-damage|p1a: Cacturne|81/100|[from] item: Life Orb\n|\n|upkeep\n|turn|9\n|inactive|Time left: 300 sec this turn | 300 sec total\n|\n|t:|1783547235\n|switch|p1a: Abomasnow|Abomasnow, L84, F|59/100\n|-weather|Snowscape|[from] ability: Snow Warning|[of] p1a: Abomasnow\n|move|p2a: Cresselia|Moonlight|p2a: Cresselia\n|-heal|p2a: Cresselia|236/323\n|\n|-weather|Snowscape|[upkeep]\n|-sideend|p1: p0x639f390|move: Aurora Veil\n|upkeep\n|turn|10\n|inactive|Time left: 300 sec this turn | 300 sec total\n|\n|t:|1783547236\n|move|p2a: Cresselia|Thunderbolt|p1a: Abomasnow\n|-resisted|p1a: Abomasnow\n|-damage|p1a: Abomasnow|41/100\n|move|p1a: Abomasnow|Aurora Veil|p1a: Abomasnow\n|-sidestart|p1: p0x639f390|move: Aurora Veil\n|\n|-weather|Snowscape|[upkeep]\n|upkeep\n|turn|11\n|inactive|Time left: 300 sec this turn | 300 sec total\n|\n|t:|1783547237\n|move|p2a: Cresselia|Moonlight|p2a: Cresselia\n|-heal|p2a: Cresselia|317/323\n|move|p1a: Abomasnow|Wood Hammer|p2a: Cresselia\n|-damage|p2a: Cresselia|215/323\n|-damage|p1a: Abomasnow|29/100|[from] Recoil\n|\n|-weather|Snowscape|[upkeep]\n|upkeep\n|turn|12\n|inactive|Time left: 300 sec this turn | 300 sec total\n|\n|t:|1783547239\n|switch|p1a: Darkrai|Darkrai, L77|100/100\n|move|p2a: Cresselia|Psyshock|p1a: Darkrai\n|-immune|p1a: Darkrai\n|\n|-weather|Snowscape|[upkeep]\n|upkeep\n|turn|13\n|inactive|Time left: 300 sec this turn | 300 sec total\n|\n|t:|1783547240\n|move|p1a: Darkrai|Nasty Plot|p1a: Darkrai\n|-boost|p1a: Darkrai|spa|2\n|move|p2a: Cresselia|Moonlight|p2a: Cresselia\n|-heal|p2a: Cresselia|296/323\n|\n|-weather|none\n|upkeep\n|turn|14\n|inactive|Time left: 300 sec this turn | 300 sec total\n|\n|t:|1783547241\n|move|p1a: Darkrai|Dark Pulse|p2a: Cresselia\n|-damage|p2a: Cresselia|171/323\n|-damage|p1a: Darkrai|91/100|[from] item: Life Orb\n|move|p2a: Cresselia|Calm Mind|p2a: Cresselia\n|-boost|p2a: Cresselia|spa|1\n|-boost|p2a: Cresselia|spd|1\n|\n|upkeep\n|turn|15\n|inactive|Time left: 300 sec this turn | 300 sec total\n|\n|t:|1783547242\n|move|p1a: Darkrai|Hypnosis|p2a: Cresselia|[miss]\n|-miss|p1a: Darkrai|p2a: Cresselia\n|move|p2a: Cresselia|Moonlight|p2a: Cresselia\n|-heal|p2a: Cresselia|323/323\n|\n|upkeep\n|turn|16\n|inactive|Time left: 300 sec this turn | 300 sec total\n|\n|t:|1783547243\n|move|p1a: Darkrai|Hypnosis|p2a: Cresselia\n|-status|p2a: Cresselia|slp|[from] move: Hypnosis\n|cant|p2a: Cresselia|slp\n|\n|-damage|p2a: Cresselia|283/323 slp|[from] ability: Bad Dreams|[of] p1a: Darkrai\n|upkeep\n|turn|17\n|inactive|Time left: 300 sec this turn | 300 sec total\n|\n|t:|1783547244\n|move|p1a: Darkrai|Dark Pulse|p2a: Cresselia\n|-damage|p2a: Cresselia|184/323 slp\n|-damage|p1a: Darkrai|81/100|[from] item: Life Orb\n|-curestatus|p2a: Cresselia|slp|[msg]\n|cant|p2a: Cresselia|flinch\n|\n|-sideend|p1: p0x639f390|move: Aurora Veil\n|upkeep\n|turn|18\n|inactive|Time left: 300 sec this turn | 300 sec total\n|\n|t:|1783547246\n|move|p1a: Darkrai|Hypnosis|p2a: Cresselia\n|-status|p2a: Cresselia|slp|[from] move: Hypnosis\n|cant|p2a: Cresselia|slp\n|\n|-damage|p2a: Cresselia|144/323 slp|[from] ability: Bad Dreams|[of] p1a: Darkrai\n|upkeep\n|turn|19\n|inactive|Time left: 300 sec this turn | 300 sec total\n|\n|t:|1783547247\n|move|p1a: Darkrai|Dark Pulse|p2a: Cresselia\n|-damage|p2a: Cresselia|47/323 slp\n|-damage|p1a: Darkrai|71/100|[from] item: Life Orb\n|-curestatus|p2a: Cresselia|slp|[msg]\n|move|p2a: Cresselia|Thunderbolt|p1a: Darkrai\n|-damage|p1a: Darkrai|3/100\n|\n|upkeep\n|turn|20\n|inactive|Time left: 300 sec this turn | 300 sec total\n|\n|t:|1783547248\n|move|p1a: Darkrai|Sludge Bomb|p2a: Cresselia\n|-damage|p2a: Cresselia|0 fnt\n|faint|p2a: Cresselia\n|-damage|p1a: Darkrai|0 fnt|[from] item: Life Orb\n|faint|p1a: Darkrai\n|\n|upkeep\n|inactive|Time left: 300 sec this turn | 300 sec total | 5 sec grace\n|\n|t:|1783547249\n|switch|p1a: Hatterene|Hatterene, L85, F|100/100\n|switch|p2a: Kyurem|Kyurem-White, L73|303/303\n|-ability|p2a: Kyurem|Turboblaze\n|turn|21\n|inactive|Time left: 300 sec this turn | 300 sec total\n|\n|t:|1783547250\n|move|p2a: Kyurem|Ice Beam|p1a: Hatterene\n|-damage|p1a: Hatterene|71/100\n|move|p1a: Hatterene|Psychic|p2a: Kyurem\n|-damage|p2a: Kyurem|171/303\n|\n|upkeep\n|turn|22\n|inactive|Time left: 300 sec this turn | 300 sec total\n|\n|t:|1783547251\n|switch|p2a: Florges|Florges-Blue, L85, F|271/271\n|move|p1a: Hatterene|Draining Kiss|p2a: Florges\n|-damage|p2a: Florges|223/271\n|-heal|p1a: Hatterene|87/100|[from] drain|[of] p2a: Florges\n|\n|-heal|p2a: Florges|239/271|[from] item: Leftovers\n|upkeep\n|turn|23\n|inactive|Time left: 300 sec this turn | 300 sec total\n|\n|t:|1783547252\n|move|p2a: Florges|Calm Mind|p2a: Florges\n|-boost|p2a: Florges|spa|1\n|-boost|p2a: Florges|spd|1\n|move|p1a: Hatterene|Nuzzle|p2a: Florges\n|-damage|p2a: Florges|222/271\n|-status|p2a: Florges|par\n|\n|-heal|p2a: Florges|238/271 par|[from] item: Leftovers\n|upkeep\n|turn|24\n|inactive|Time left: 300 sec this turn | 300 sec total\n|\n|t:|1783547253\n|move|p1a: Hatterene|Mystical Fire|p2a: Florges\n|-damage|p2a: Florges|209/271 par\n|-unboost|p2a: Florges|spa|1\n|move|p2a: Florges|Moonblast|p1a: Hatterene\n|-damage|p1a: Hatterene|58/100\n|-unboost|p1a: Hatterene|spa|1\n|\n|-heal|p2a: Florges|225/271 par|[from] item: Leftovers\n|upkeep\n|turn|25\n|inactive|Time left: 300 sec this turn | 300 sec total\n|\n|t:|1783547254\n|switch|p1a: Sneasler|Sneasler, L74, M|100/100\n|move|p2a: Florges|Moonblast|p1a: Sneasler\n|-damage|p1a: Sneasler|39/100\n|\n|-heal|p2a: Florges|241/271 par|[from] item: Leftovers\n|upkeep\n|turn|26\n|inactive|Time left: 300 sec this turn | 300 sec total\n|\n|t:|1783547255\n|switch|p2a: Donphan|Donphan, L84, M|288/288\n|move|p1a: Sneasler|Dire Claw|p2a: Donphan\n|-resisted|p2a: Donphan\n|-damage|p2a: Donphan|237/288\n|\n|upkeep\n|turn|27\n|inactive|Time left: 300 sec this turn | 300 sec total\n|\n|t:|1783547257\n|move|p1a: Sneasler|Dire Claw|p2a: Donphan\n|-resisted|p2a: Donphan\n|-crit|p2a: Donphan\n|-damage|p2a: Donphan|168/288\n|-status|p2a: Donphan|psn|[from] ability: Poison Touch|[of] p1a: Sneasler\n|move|p2a: Donphan|Ice Spinner|p1a: Sneasler\n|-damage|p1a: Sneasler|0 fnt\n|faint|p1a: Sneasler\n|\n|-damage|p2a: Donphan|132/288 psn|[from] psn\n|upkeep\n|\n|t:|1783547258\n|switch|p1a: Abomasnow|Abomasnow, L84, F|29/100\n|-weather|Snowscape|[from] ability: Snow Warning|[of] p1a: Abomasnow\n|turn|28\n|inactive|Time left: 300 sec this turn | 300 sec total\n|\n|t:|1783547258\n|switch|p2a: Kyurem|Kyurem-White, L73|171/303\n|-ability|p2a: Kyurem|Turboblaze\n|move|p1a: Abomasnow|Aurora Veil|p1a: Abomasnow\n|-sidestart|p1: p0x639f390|move: Aurora Veil\n|\n|-weather|Snowscape|[upkeep]\n|upkeep\n|turn|29\n|inactive|Time left: 300 sec this turn | 300 sec total\n|\n|t:|1783547259\n|move|p2a: Kyurem|Fusion Flare|p1a: Abomasnow\n|-supereffective|p1a: Abomasnow\n|-damage|p1a: Abomasnow|0 fnt\n|faint|p1a: Abomasnow\n|\n|-weather|Snowscape|[upkeep]\n|upkeep\n|\n|t:|1783547260\n|switch|p1a: Hatterene|Hatterene, L85, F|58/100\n|turn|30\n|inactive|Time left: 300 sec this turn | 300 sec total\n|\n|t:|1783547262\n|switch|p2a: Florges|Florges-Blue, L85, F|241/271 par\n|move|p1a: Hatterene|Draining Kiss|p2a: Florges\n|-damage|p2a: Florges|198/271 par\n|-heal|p1a: Hatterene|72/100|[from] drain|[of] p2a: Florges\n|\n|-weather|Snowscape|[upkeep]\n|-heal|p2a: Florges|214/271 par|[from] item: Leftovers\n|upkeep\n|turn|31\n|inactive|Time left: 300 sec this turn | 300 sec total\n|\n|t:|1783547263\n|move|p1a: Hatterene|Psychic|p2a: Florges\n|-damage|p2a: Florges|132/271 par\n|move|p2a: Florges|Calm Mind|p2a: Florges\n|-boost|p2a: Florges|spa|1\n|-boost|p2a: Florges|spd|1\n|\n|-weather|Snowscape|[upkeep]\n|-heal|p2a: Florges|148/271 par|[from] item: Leftovers\n|upkeep\n|turn|32\n|inactive|Time left: 300 sec this turn | 300 sec total\n|\n|t:|1783547264\n|move|p1a: Hatterene|Psychic|p2a: Florges\n|-damage|p2a: Florges|90/271 par\n|move|p2a: Florges|Calm Mind|p2a: Florges\n|-boost|p2a: Florges|spa|1\n|-boost|p2a: Florges|spd|1\n|\n|-weather|none\n|-heal|p2a: Florges|106/271 par|[from] item: Leftovers\n|upkeep\n|turn|33\n|inactive|Time left: 300 sec this turn | 300 sec total\n|\n|t:|1783547265\n|move|p1a: Hatterene|Mystical Fire|p2a: Florges\n|-damage|p2a: Florges|83/271 par\n|-unboost|p2a: Florges|spa|1\n|move|p2a: Florges|Synthesis|p2a: Florges\n|-heal|p2a: Florges|218/271 par\n|\n|-heal|p2a: Florges|234/271 par|[from] item: Leftovers\n|upkeep\n|turn|34\n|inactive|Time left: 300 sec this turn | 300 sec total\n|\n|t:|1783547266\n|move|p1a: Hatterene|Mystical Fire|p2a: Florges\n|-damage|p2a: Florges|211/271 par\n|-unboost|p2a: Florges|spa|1\n|move|p2a: Florges|Moonblast|p1a: Hatterene\n|-damage|p1a: Hatterene|56/100\n|\n|-heal|p2a: Florges|227/271 par|[from] item: Leftovers\n|upkeep\n|turn|35\n|inactive|Time left: 300 sec this turn | 300 sec total\n|\n|t:|1783547267\n|move|p1a: Hatterene|Mystical Fire|p2a: Florges\n|-damage|p2a: Florges|205/271 par\n|-unboost|p2a: Florges|spa|1\n|cant|p2a: Florges|par\n|\n|-heal|p2a: Florges|221/271 par|[from] item: Leftovers\n|-sideend|p1: p0x639f390|move: Aurora Veil\n|upkeep\n|turn|36\n|inactive|Time left: 300 sec this turn | 300 sec total\n|\n|t:|1783547268\n|move|p1a: Hatterene|Mystical Fire|p2a: Florges\n|-damage|p2a: Florges|199/271 par\n|-unboost|p2a: Florges|spa|1\n|cant|p2a: Florges|par\n|\n|-heal|p2a: Florges|215/271 par|[from] item: Leftovers\n|upkeep\n|turn|37\n|inactive|Time left: 300 sec this turn | 300 sec total\n|\n|t:|1783547269\n|move|p1a: Hatterene|Mystical Fire|p2a: Florges\n|-damage|p2a: Florges|191/271 par\n|-unboost|p2a: Florges|spa|1\n|move|p2a: Florges|Moonblast|p1a: Hatterene\n|-damage|p1a: Hatterene|45/100\n|\n|-heal|p2a: Florges|207/271 par|[from] item: Leftovers\n|upkeep\n|turn|38\n|inactive|Time left: 300 sec this turn | 300 sec total\n|\n|t:|1783547270\n|move|p1a: Hatterene|Mystical Fire|p2a: Florges\n|-damage|p2a: Florges|185/271 par\n|-unboost|p2a: Florges|spa|1\n|move|p2a: Florges|Synthesis|p2a: Florges\n|-heal|p2a: Florges|271/271 par\n|\n|upkeep\n|turn|39\n|inactive|Time left: 300 sec this turn | 300 sec total\n|\n|t:|1783547271\n|move|p1a: Hatterene|Psychic|p2a: Florges\n|-damage|p2a: Florges|232/271 par\n|move|p2a: Florges|Moonblast|p1a: Hatterene\n|-damage|p1a: Hatterene|35/100\n|\n|-heal|p2a: Florges|248/271 par|[from] item: Leftovers\n|upkeep\n|turn|40\n|inactive|Time left: 300 sec this turn | 300 sec total\n|\n|t:|1783547272\n|move|p1a: Hatterene|Mystical Fire|p2a: Florges\n|-damage|p2a: Florges|226/271 par\n|-unboost|p2a: Florges|spa|1\n|move|p2a: Florges|Moonblast|p1a: Hatterene\n|-damage|p1a: Hatterene|26/100\n|-unboost|p1a: Hatterene|spa|1\n|\n|-heal|p2a: Florges|242/271 par|[from] item: Leftovers\n|upkeep\n|turn|41\n|inactive|Time left: 300 sec this turn | 300 sec total\n|\n|t:|1783547274\n|move|p1a: Hatterene|Draining Kiss|p2a: Florges\n|-damage|p2a: Florges|226/271 par\n|-heal|p1a: Hatterene|31/100|[from] drain|[of] p2a: Florges\n|move|p2a: Florges|Moonblast|p1a: Hatterene\n|-damage|p1a: Hatterene|23/100\n|-unboost|p1a: Hatterene|spa|1\n|\n|-heal|p2a: Florges|242/271 par|[from] item: Leftovers\n|upkeep\n|turn|42\n|inactive|Time left: 300 sec this turn | 300 sec total\n|\n|t:|1783547275\n|switch|p1a: Flygon|Flygon, L82, M|100/100\n|switch|p2a: Kyurem|Kyurem-White, L73|171/303\n|-ability|p2a: Kyurem|Turboblaze\n|\n|upkeep\n|turn|43\n|inactive|Time left: 300 sec this turn | 300 sec total\n|\n|t:|1783547276\n|move|p1a: Flygon|Outrage|p2a: Kyurem\n|-supereffective|p2a: Kyurem\n|-damage|p2a: Kyurem|0 fnt\n|faint|p2a: Kyurem\n|\n|upkeep\n|inactive|Time left: 300 sec this turn | 300 sec total | 5 sec grace\n|\n|t:|1783547277\n|switch|p2a: Florges|Florges-Blue, L85, F|242/271 par\n|turn|44\n|inactive|Time left: 300 sec this turn | 300 sec total\n|\n|t:|1783547278\n|move|p1a: Flygon|Outrage|p2a: Florges|[from] lockedmove\n|-immune|p2a: Florges\n|cant|p2a: Florges|par\n|\n|-heal|p2a: Florges|258/271 par|[from] item: Leftovers\n|upkeep\n|turn|45\n|inactive|Time left: 300 sec this turn | 300 sec total\n|\n|t:|1783547279\n|move|p1a: Flygon|Outrage|p2a: Florges\n|-immune|p2a: Florges\n|move|p2a: Florges|Moonblast|p1a: Flygon\n|-supereffective|p1a: Flygon\n|-damage|p1a: Flygon|5/100\n|\n|-heal|p2a: Florges|271/271 par|[from] item: Leftovers\n|upkeep\n|turn|46\n|inactive|Time left: 300 sec this turn | 300 sec total\n|\n|t:|1783547280\n|move|p1a: Flygon|Outrage|p2a: Florges\n|-immune|p2a: Florges\n|cant|p2a: Florges|par\n|\n|upkeep\n|turn|47\n|inactive|Time left: 300 sec this turn | 300 sec total\n|\n|t:|1783547281\n|move|p1a: Flygon|Outrage|p2a: Florges\n|-immune|p2a: Florges\n|cant|p2a: Florges|par\n|\n|upkeep\n|turn|48\n|inactive|Time left: 300 sec this turn | 300 sec total\n|\n|t:|1783547282\n|move|p1a: Flygon|Outrage|p2a: Florges\n|-immune|p2a: Florges\n|move|p2a: Florges|Calm Mind|p2a: Florges\n|-boost|p2a: Florges|spa|1\n|-boost|p2a: Florges|spd|1\n|\n|upkeep\n|turn|49\n|inactive|Time left: 300 sec this turn | 300 sec total\n|\n|t:|1783547284\n|move|p1a: Flygon|Outrage|p2a: Florges\n|-immune|p2a: Florges\n|move|p2a: Florges|Moonblast|p1a: Flygon\n|-supereffective|p1a: Flygon\n|-damage|p1a: Flygon|0 fnt\n|faint|p1a: Flygon\n|\n|upkeep\n|\n|t:|1783547285\n|switch|p1a: Hatterene|Hatterene, L85, F|23/100\n|turn|50\n|inactive|Time left: 300 sec this turn | 300 sec total\n|\n|t:|1783547286\n|move|p1a: Hatterene|Mystical Fire|p2a: Florges\n|-damage|p2a: Florges|243/271 par\n|-unboost|p2a: Florges|spa|1\n|move|p2a: Florges|Moonblast|p1a: Hatterene\n|-damage|p1a: Hatterene|0 fnt\n|faint|p1a: Hatterene\n|\n|-heal|p2a: Florges|259/271 par|[from] item: Leftovers\n|upkeep\n|\n|t:|1783547287\n|switch|p1a: Cacturne|Cacturne, L92, F|81/100\n|turn|51\n|inactive|Time left: 300 sec this turn | 300 sec total\n|\n|t:|1783547288\n|move|p1a: Cacturne|Sucker Punch|p2a: Florges\n|-resisted|p2a: Florges\n|-damage|p2a: Florges|178/271 par\n|-damage|p1a: Cacturne|71/100|[from] item: Life Orb\n|move|p2a: Florges|Moonblast|p1a: Cacturne\n|-supereffective|p1a: Cacturne\n|-damage|p1a: Cacturne|0 fnt\n|faint|p1a: Cacturne\n|\n|win|p0y63959e3", "uploadtime": 1783547288, "views": 0, "rating": 0, "private": 0, "password": null, "_winner": "p0y63959e3", "_our_name": "p0y63959e3"}