{"id": "battle-gen9randombattle-1653", "formatid": "gen9randombattle", "format": "[Gen 9] Random Battle", "players": ["p0x1653920b", "p0y1653bfe6"], "log": "|init|battle\n|title|p0x1653920b vs. p0y1653bfe6\n|j|\u2606p0x1653920b\n|j|\u2606p0y1653bfe6\n|t:|1783558395\n|gametype|singles\n|player|p1|p0x1653920b|2|\n|player|p2|p0y1653bfe6|169|\n|gen|9\n|tier|[Gen 9] Random Battle\n|rule|Species Clause: Limit one of each Pok\u00e9mon\n|rule|HP Percentage Mod: HP is shown in percentages\n|rule|Sleep Clause Mod: Limit one foe put to sleep\n|rule|Illusion Level Mod: Illusion disguises the Pok\u00e9mon's true level\n|\n|t:|1783558395\n|teamsize|p1|6\n|teamsize|p2|6\n|start\n|switch|p1a: Miraidon|Miraidon, L65|238/238\n|switch|p2a: Mewtwo|Mewtwo, L72|100/100\n|-ability|p2a: Mewtwo|Unnerve\n|-fieldstart|move: Electric Terrain|[from] ability: Hadron Engine|[of] p1a: Miraidon\n|turn|1\n|inactive|Battle timer is ON: inactive players will automatically lose when time's up. (requested by p0x1653920b)\n|inactive|p0y1653bfe6 also wants the timer to be on.\n|\n|t:|1783558396\n|move|p2a: Mewtwo|Psystrike|p1a: Miraidon\n|-damage|p1a: Miraidon|59/238\n|-damage|p2a: Mewtwo|91/100|[from] item: Life Orb\n|move|p1a: Miraidon|Electro Drift|p2a: Mewtwo\n|-damage|p2a: Mewtwo|5/100\n|-damage|p1a: Miraidon|36/238|[from] item: Life Orb\n|\n|upkeep\n|turn|2\n|inactive|Time left: 300 sec this turn | 300 sec total\n|\n|t:|1783558397\n|move|p2a: Mewtwo|Psystrike|p1a: Miraidon\n|-damage|p1a: Miraidon|0 fnt\n|faint|p1a: Miraidon\n|-damage|p2a: Mewtwo|0 fnt|[from] item: Life Orb\n|faint|p2a: Mewtwo\n|\n|upkeep\n|inactive|Time left: 300 sec this turn | 300 sec total | 5 sec grace\n|\n|t:|1783558399\n|switch|p2a: Tsareena|Tsareena, L87, F|100/100\n|switch|p1a: Flutter Mane|Flutter Mane, L74|203/203\n|turn|3\n|inactive|Time left: 300 sec this turn | 300 sec total\n|\n|t:|1783558400\n|-end|p1a: Flutter Mane|Protosynthesis|[silent]\n|switch|p1a: Zapdos|Zapdos, L78|268/268\n|move|p2a: Tsareena|Triple Axel|p1a: Zapdos\n|-supereffective|p1a: Zapdos\n|-damage|p1a: Zapdos|213/268\n|-supereffective|p1a: Zapdos\n|-damage|p1a: Zapdos|114/268\n|-supereffective|p1a: Zapdos\n|-damage|p1a: Zapdos|0 fnt\n|faint|p1a: Zapdos\n|-hitcount|p1: Zapdos|3\n|-damage|p2a: Tsareena|91/100|[from] item: Life Orb\n|\n|upkeep\n|inactive|Time left: 300 sec this turn | 300 sec total | 5 sec grace\n|\n|t:|1783558401\n|switch|p1a: Enamorus|Enamorus, L79, F|247/247\n|turn|4\n|inactive|Time left: 300 sec this turn | 300 sec total\n|\n|t:|1783558402\n|move|p1a: Enamorus|Superpower|p2a: Tsareena\n|-damage|p2a: Tsareena|62/100\n|-boost|p1a: Enamorus|atk|1\n|-boost|p1a: Enamorus|def|1\n|move|p2a: Tsareena|Triple Axel|p1a: Enamorus\n|-supereffective|p1a: Enamorus\n|-crit|p1a: Enamorus\n|-damage|p1a: Enamorus|156/247\n|-supereffective|p1a: Enamorus\n|-damage|p1a: Enamorus|73/247\n|-supereffective|p1a: Enamorus\n|-damage|p1a: Enamorus|0 fnt\n|faint|p1a: Enamorus\n|-hitcount|p1: Enamorus|3\n|-damage|p2a: Tsareena|52/100|[from] item: Life Orb\n|\n|upkeep\n|inactive|Time left: 300 sec this turn | 300 sec total | 5 sec grace\n|\n|t:|1783558403\n|switch|p1a: Flutter Mane|Flutter Mane, L74|203/203\n|turn|5\n|inactive|Time left: 300 sec this turn | 300 sec total\n|\n|t:|1783558404\n|move|p1a: Flutter Mane|Mystical Fire|p2a: Tsareena\n|-supereffective|p2a: Tsareena\n|-damage|p2a: Tsareena|0 fnt\n|faint|p2a: Tsareena\n|\n|-fieldend|move: Electric Terrain\n|upkeep\n|\n|t:|1783558405\n|switch|p2a: Dusknoir|Dusknoir, L89, F|100/100\n|-item|p1a: Flutter Mane|Choice Specs|[from] ability: Frisk|[of] p2a: Dusknoir\n|turn|6\n|inactive|Time left: 300 sec this turn | 300 sec total\n|\n|t:|1783558406\n|-end|p1a: Flutter Mane|Protosynthesis|[silent]\n|switch|p1a: Maushold|Maushold-Four, L76|238/238\n|move|p2a: Dusknoir|Poltergeist|p1a: Maushold\n|-immune|p1a: Maushold\n|\n|upkeep\n|turn|7\n|inactive|Time left: 300 sec this turn | 300 sec total\n|\n|t:|1783558407\n|-singleturn|p2a: Dusknoir|move: Focus Punch\n|move|p1a: Maushold|Tidy Up|p1a: Maushold\n|-boost|p1a: Maushold|atk|1\n|-boost|p1a: Maushold|spe|1\n|move|p2a: Dusknoir|Focus Punch|p1a: Maushold\n|-supereffective|p1a: Maushold\n|-damage|p1a: Maushold|0 fnt\n|faint|p1a: Maushold\n|\n|upkeep\n|inactive|Time left: 300 sec this turn | 300 sec total | 5 sec grace\n|\n|t:|1783558408\n|switch|p1a: Hypno|Hypno, L95, M|315/315\n|turn|8\n|inactive|Time left: 300 sec this turn | 300 sec total\n|\n|t:|1783558409\n|move|p1a: Hypno|Knock Off|p2a: Dusknoir\n|-supereffective|p2a: Dusknoir\n|-damage|p2a: Dusknoir|55/100\n|-enditem|p2a: Dusknoir|Leftovers|[from] move: Knock Off|[of] p1a: Hypno\n|move|p2a: Dusknoir|Poltergeist|p1a: Hypno\n|-activate|p1a: Hypno|move: Poltergeist|Leftovers\n|-supereffective|p1a: Hypno\n|-damage|p1a: Hypno|21/315\n|\n|-heal|p1a: Hypno|40/315|[from] item: Leftovers\n|upkeep\n|turn|9\n|inactive|Time left: 300 sec this turn | 300 sec total\n|\n|t:|1783558410\n|move|p1a: Hypno|Knock Off|p2a: Dusknoir\n|-supereffective|p2a: Dusknoir\n|-damage|p2a: Dusknoir|24/100\n|move|p2a: Dusknoir|Poltergeist|p1a: Hypno\n|-activate|p1a: Hypno|move: Poltergeist|Leftovers\n|-supereffective|p1a: Hypno\n|-damage|p1a: Hypno|0 fnt\n|faint|p1a: Hypno\n|\n|upkeep\n|inactive|Time left: 300 sec this turn | 300 sec total | 5 sec grace\n|\n|t:|1783558411\n|switch|p1a: Flutter Mane|Flutter Mane, L74|203/203\n|turn|10\n|inactive|Time left: 300 sec this turn | 300 sec total\n|\n|t:|1783558412\n|move|p1a: Flutter Mane|Moonblast|p2a: Dusknoir\n|-damage|p2a: Dusknoir|0 fnt\n|faint|p2a: Dusknoir\n|\n|upkeep\n|\n|t:|1783558413\n|switch|p2a: Haxorus|Haxorus, L77, F|100/100\n|-ability|p2a: Haxorus|Mold Breaker\n|turn|11\n|inactive|Time left: 300 sec this turn | 300 sec total\n|\n|t:|1783558414\n|-terastallize|p1a: Flutter Mane|Fairy\n|-terastallize|p2a: Haxorus|Steel\n|move|p1a: Flutter Mane|Moonblast|p2a: Haxorus\n|-resisted|p2a: Haxorus\n|-damage|p2a: Haxorus|44/100\n|move|p2a: Haxorus|Iron Head|p1a: Flutter Mane\n|-supereffective|p1a: Flutter Mane\n|-damage|p1a: Flutter Mane|0 fnt\n|faint|p1a: Flutter Mane\n|-end|p1a: Flutter Mane|Protosynthesis|[silent]\n|\n|win|p0y1653bfe6", "uploadtime": 1783558414, "views": 0, "rating": 0, "private": 0, "password": null, "_winner": "p0y1653bfe6", "_our_name": "p0x1653920b"}