{"id": "battle-gen9randombattle-1525", "formatid": "gen9randombattle", "format": "[Gen 9] Random Battle", "players": ["p0x15253c62", "p0y15257e20"], "log": "|init|battle\n|title|p0x15253c62 vs. p0y15257e20\n|j|\u2606p0x15253c62\n|j|\u2606p0y15257e20\n|t:|1783557747\n|gametype|singles\n|player|p1|p0x15253c62|1|\n|player|p2|p0y15257e20|169|\n|gen|9\n|tier|[Gen 9] Random Battle\n|rule|Species Clause: Limit one of each Pok\u00e9mon\n|rule|HP Percentage Mod: HP is shown in percentages\n|rule|Sleep Clause Mod: Limit one foe put to sleep\n|rule|Illusion Level Mod: Illusion disguises the Pok\u00e9mon's true level\n|\n|t:|1783557747\n|teamsize|p1|6\n|teamsize|p2|6\n|start\n|switch|p1a: Swalot|Swalot, L90, F|100/100\n|switch|p2a: Wyrdeer|Wyrdeer, L87, M|321/321\n|-ability|p2a: Wyrdeer|Intimidate|boost\n|-unboost|p1a: Swalot|atk|1\n|turn|1\n|inactive|Battle timer is ON: inactive players will automatically lose when time's up. (requested by p0x15253c62)\n|inactive|Time left: 300 sec this turn | 300 sec total | 60 sec grace\n|\n|t:|1783557748\n|switch|p1a: Granbull|Granbull, L88, M|100/100\n|-ability|p1a: Granbull|Intimidate|boost\n|-unboost|p2a: Wyrdeer|atk|1\n|move|p2a: Wyrdeer|Body Slam|p1a: Granbull\n|-damage|p1a: Granbull|77/100\n|\n|-heal|p1a: Granbull|83/100|[from] item: Leftovers\n|upkeep\n|turn|2\n|inactive|Time left: 300 sec this turn | 300 sec total\n|inactive|p0y15257e20 also wants the timer to be on.\n|\n|t:|1783557749\n|move|p2a: Wyrdeer|Psychic Noise|p1a: Granbull\n|-damage|p1a: Granbull|45/100\n|-start|p1a: Granbull|move: Heal Block\n|move|p1a: Granbull|Play Rough|p2a: Wyrdeer\n|-damage|p2a: Wyrdeer|186/321\n|-unboost|p2a: Wyrdeer|atk|1\n|\n|-heal|p2a: Wyrdeer|206/321|[from] item: Leftovers\n|upkeep\n|turn|3\n|inactive|Time left: 300 sec this turn | 300 sec total\n|\n|t:|1783557750\n|move|p2a: Wyrdeer|Psychic Noise|p1a: Granbull\n|-damage|p1a: Granbull|9/100\n|move|p1a: Granbull|Play Rough|p2a: Wyrdeer\n|-damage|p2a: Wyrdeer|59/321\n|\n|-heal|p2a: Wyrdeer|79/321|[from] item: Leftovers\n|-end|p1a: Granbull|move: Heal Block\n|upkeep\n|turn|4\n|inactive|Time left: 300 sec this turn | 300 sec total\n|\n|t:|1783557751\n|switch|p1a: Regice|Regice, L88|100/100\n|move|p2a: Wyrdeer|Psychic Noise|p1a: Regice\n|-damage|p1a: Regice|83/100\n|-start|p1a: Regice|move: Heal Block\n|\n|-heal|p2a: Wyrdeer|99/321|[from] item: Leftovers\n|upkeep\n|turn|5\n|inactive|Time left: 300 sec this turn | 300 sec total\n|\n|t:|1783557752\n|switch|p2a: Gouging Fire|Gouging Fire, L74|277/277\n|move|p1a: Regice|Ice Beam|p2a: Gouging Fire\n|-damage|p2a: Gouging Fire|153/277\n|\n|-end|p1a: Regice|move: Heal Block\n|upkeep\n|turn|6\n|inactive|Time left: 300 sec this turn | 300 sec total\n|\n|t:|1783557753\n|move|p2a: Gouging Fire|Heat Crash|p1a: Regice\n|-supereffective|p1a: Regice\n|-damage|p1a: Regice|39/100\n|move|p1a: Regice|Ice Beam|p2a: Gouging Fire\n|-damage|p2a: Gouging Fire|45/277\n|\n|upkeep\n|turn|7\n|inactive|Time left: 300 sec this turn | 300 sec total\n|\n|t:|1783557754\n|switch|p1a: Diancie|Diancie, L82|100/100\n|move|p2a: Gouging Fire|Heat Crash|p1a: Diancie\n|-resisted|p1a: Diancie\n|-damage|p1a: Diancie|84/100\n|\n|upkeep\n|turn|8\n|inactive|Time left: 300 sec this turn | 300 sec total\n|\n|t:|1783557754\n|move|p2a: Gouging Fire|Earthquake|p1a: Diancie\n|-supereffective|p1a: Diancie\n|-damage|p1a: Diancie|45/100\n|move|p1a: Diancie|Diamond Storm|p2a: Gouging Fire\n|-supereffective|p2a: Gouging Fire\n|-damage|p2a: Gouging Fire|0 fnt\n|faint|p2a: Gouging Fire\n|-end|p2a: Gouging Fire|Protosynthesis|[silent]\n|\n|upkeep\n|inactive|Time left: 300 sec this turn | 300 sec total | 5 sec grace\n|\n|t:|1783557755\n|switch|p2a: Inteleon|Inteleon, L81, M|246/246\n|turn|9\n|inactive|Time left: 300 sec this turn | 300 sec total\n|\n|t:|1783557756\n|switch|p1a: Regice|Regice, L88|39/100\n|move|p2a: Inteleon|Scald|p1a: Regice\n|-damage|p1a: Regice|15/100\n|\n|upkeep\n|turn|10\n|inactive|Time left: 300 sec this turn | 300 sec total\n|\n|t:|1783557757\n|move|p2a: Inteleon|Scald|p1a: Regice\n|-damage|p1a: Regice|0 fnt\n|faint|p1a: Regice\n|\n|upkeep\n|\n|t:|1783557758\n|switch|p1a: Swalot|Swalot, L90, F|100/100\n|turn|11\n|inactive|Time left: 300 sec this turn | 300 sec total\n|\n|t:|1783557759\n|move|p2a: Inteleon|Scald|p1a: Swalot\n|-damage|p1a: Swalot|57/100\n|-status|p1a: Swalot|brn\n|move|p1a: Swalot|Sludge Bomb|p2a: Inteleon\n|-damage|p2a: Inteleon|140/246\n|-status|p2a: Inteleon|psn\n|\n|-heal|p1a: Swalot|63/100 brn|[from] item: Leftovers\n|-damage|p2a: Inteleon|110/246 psn|[from] psn\n|-damage|p1a: Swalot|57/100 brn|[from] brn\n|upkeep\n|turn|12\n|inactive|Time left: 300 sec this turn | 300 sec total\n|\n|t:|1783557760\n|move|p2a: Inteleon|Scald|p1a: Swalot\n|-damage|p1a: Swalot|16/100 brn\n|move|p1a: Swalot|Sludge Bomb|p2a: Inteleon\n|-damage|p2a: Inteleon|0 fnt\n|faint|p2a: Inteleon\n|\n|-heal|p1a: Swalot|22/100 brn|[from] item: Leftovers\n|-damage|p1a: Swalot|16/100 brn|[from] brn\n|upkeep\n|inactive|Time left: 300 sec this turn | 300 sec total | 5 sec grace\n|\n|t:|1783557761\n|switch|p2a: Volcarona|Volcarona, L77, M|257/257\n|turn|13\n|inactive|Time left: 300 sec this turn | 300 sec total\n|\n|t:|1783557762\n|move|p2a: Volcarona|Quiver Dance|p2a: Volcarona\n|-boost|p2a: Volcarona|spa|1\n|-boost|p2a: Volcarona|spd|1\n|-boost|p2a: Volcarona|spe|1\n|move|p1a: Swalot|Toxic|p2a: Volcarona\n|-status|p2a: Volcarona|tox\n|\n|-heal|p1a: Swalot|22/100 brn|[from] item: Leftovers\n|-damage|p2a: Volcarona|241/257 tox|[from] psn\n|-damage|p1a: Swalot|16/100 brn|[from] brn\n|upkeep\n|turn|14\n|inactive|Time left: 300 sec this turn | 300 sec total\n|\n|t:|1783557763\n|switch|p1a: Clodsire|Clodsire, L81, F|100/100\n|move|p2a: Volcarona|Quiver Dance|p2a: Volcarona\n|-boost|p2a: Volcarona|spa|1\n|-boost|p2a: Volcarona|spd|1\n|-boost|p2a: Volcarona|spe|1\n|\n|-damage|p2a: Volcarona|209/257 tox|[from] psn\n|upkeep\n|turn|15\n|inactive|Time left: 300 sec this turn | 300 sec total\n|\n|t:|1783557764\n|-terastallize|p2a: Volcarona|Ground\n|move|p2a: Volcarona|Tera Blast|p1a: Clodsire|[anim] Tera Blast Ground\n|-supereffective|p1a: Clodsire\n|-damage|p1a: Clodsire|51/100\n|move|p1a: Clodsire|Earthquake|p2a: Volcarona\n|-damage|p2a: Volcarona|95/257 tox\n|\n|-heal|p1a: Clodsire|57/100|[from] item: Leftovers\n|-damage|p2a: Volcarona|47/257 tox|[from] psn\n|upkeep\n|turn|16\n|inactive|Time left: 300 sec this turn | 300 sec total\n|\n|t:|1783557765\n|move|p2a: Volcarona|Tera Blast|p1a: Clodsire|[anim] Tera Blast Ground\n|-supereffective|p1a: Clodsire\n|-damage|p1a: Clodsire|5/100\n|move|p1a: Clodsire|Recover|p1a: Clodsire\n|-heal|p1a: Clodsire|55/100\n|\n|-heal|p1a: Clodsire|61/100|[from] item: Leftovers\n|-damage|p2a: Volcarona|0 fnt|[from] psn\n|faint|p2a: Volcarona\n|upkeep\n|inactive|Time left: 300 sec this turn | 300 sec total | 5 sec grace\n|\n|t:|1783557766\n|switch|p2a: Wyrdeer|Wyrdeer, L87, M|99/321\n|-ability|p2a: Wyrdeer|Intimidate|boost\n|-unboost|p1a: Clodsire|atk|1\n|turn|17\n|inactive|Time left: 300 sec this turn | 300 sec total\n|\n|t:|1783557767\n|switch|p1a: Swalot|Swalot, L90, F|16/100 brn\n|move|p2a: Wyrdeer|Earthquake|p1a: Swalot\n|-supereffective|p1a: Swalot\n|-damage|p1a: Swalot|0 fnt\n|faint|p1a: Swalot\n|\n|-heal|p2a: Wyrdeer|119/321|[from] item: Leftovers\n|upkeep\n|\n|t:|1783557768\n|switch|p1a: Arceus|Arceus, L68|100/100\n|turn|18\n|inactive|Time left: 300 sec this turn | 300 sec total\n|\n|t:|1783557769\n|move|p1a: Arceus|Swords Dance|p1a: Arceus\n|-boost|p1a: Arceus|atk|2\n|move|p2a: Wyrdeer|Thunder Wave|p1a: Arceus\n|-status|p1a: Arceus|par\n|\n|-heal|p2a: Wyrdeer|139/321|[from] item: Leftovers\n|upkeep\n|turn|19\n|inactive|Time left: 300 sec this turn | 300 sec total\n|\n|t:|1783557770\n|switch|p2a: Persian|Persian-Alola, L86, M|252/252\n|move|p1a: Arceus|Extreme Speed|p2a: Persian\n|-damage|p2a: Persian|142/252\n|-damage|p1a: Arceus|91/100 par|[from] item: Life Orb\n|\n|upkeep\n|turn|20\n|inactive|Time left: 300 sec this turn | 300 sec total\n|\n|t:|1783557771\n|move|p1a: Arceus|Extreme Speed|p2a: Persian\n|-damage|p2a: Persian|39/252\n|-damage|p1a: Arceus|81/100 par|[from] item: Life Orb\n|move|p2a: Persian|Nasty Plot|p2a: Persian\n|-boost|p2a: Persian|spa|2\n|\n|upkeep\n|turn|21\n|inactive|Time left: 300 sec this turn | 300 sec total\n|\n|t:|1783557772\n|move|p1a: Arceus|Extreme Speed|p2a: Persian\n|-crit|p2a: Persian\n|-damage|p2a: Persian|0 fnt\n|faint|p2a: Persian\n|-damage|p1a: Arceus|71/100 par|[from] item: Life Orb\n|\n|upkeep\n|inactive|Time left: 300 sec this turn | 300 sec total | 5 sec grace\n|\n|t:|1783557772\n|switch|p2a: Wyrdeer|Wyrdeer, L87, M|139/321\n|-ability|p2a: Wyrdeer|Intimidate|boost\n|-unboost|p1a: Arceus|atk|1\n|turn|22\n|inactive|Time left: 300 sec this turn | 300 sec total\n|\n|t:|1783557773\n|cant|p1a: Arceus|par\n|move|p2a: Wyrdeer|Psychic Noise|p1a: Arceus\n|-damage|p1a: Arceus|43/100 par\n|-start|p1a: Arceus|move: Heal Block\n|\n|-heal|p2a: Wyrdeer|159/321|[from] item: Leftovers\n|upkeep\n|turn|23\n|inactive|Time left: 300 sec this turn | 300 sec total\n|\n|t:|1783557774\n|-terastallize|p1a: Arceus|Normal\n|move|p1a: Arceus|Extreme Speed|p2a: Wyrdeer\n|-damage|p2a: Wyrdeer|0 fnt\n|faint|p2a: Wyrdeer\n|-damage|p1a: Arceus|33/100 par|[from] item: Life Orb\n|\n|-end|p1a: Arceus|move: Heal Block\n|upkeep\n|inactive|Time left: 300 sec this turn | 300 sec total | 5 sec grace\n|\n|t:|1783557775\n|switch|p2a: Blissey|Blissey, L85, F|572/572\n|turn|24\n|inactive|Time left: 300 sec this turn | 300 sec total\n|\n|t:|1783557776\n|move|p1a: Arceus|Extreme Speed|p2a: Blissey\n|-crit|p2a: Blissey\n|-damage|p2a: Blissey|0 fnt\n|faint|p2a: Blissey\n|-damage|p1a: Arceus|23/100 par|[from] item: Life Orb\n|\n|win|p0x15253c62", "uploadtime": 1783557776, "views": 0, "rating": 0, "private": 0, "password": null, "_winner": "p0x15253c62", "_our_name": "p0y15257e20"}