{"id": "battle-gen9randombattle-1774", "formatid": "gen9randombattle", "format": "[Gen 9] Random Battle", "players": ["p0x17748a91", "p0y17745a53"], "log": "|init|battle\n|title|p0x17748a91 vs. p0y17745a53\n|j|\u2606p0x17748a91\n|j|\u2606p0y17745a53\n|t:|1783560558\n|gametype|singles\n|player|p1|p0x17748a91|101|\n|player|p2|p0y17745a53|265|\n|gen|9\n|tier|[Gen 9] Random Battle\n|rule|Species Clause: Limit one of each Pok\u00e9mon\n|rule|HP Percentage Mod: HP is shown in percentages\n|rule|Sleep Clause Mod: Limit one foe put to sleep\n|rule|Illusion Level Mod: Illusion disguises the Pok\u00e9mon's true level\n|\n|t:|1783560558\n|teamsize|p1|6\n|teamsize|p2|6\n|start\n|switch|p1a: Pachirisu|Pachirisu, L96, M|100/100\n|switch|p2a: Phione|Phione, L91|293/293\n|turn|1\n|inactive|Battle timer is ON: inactive players will automatically lose when time's up. (requested by p0x17748a91)\n|inactive|Time left: 300 sec this turn | 300 sec total | 60 sec grace\n|inactive|p0y17745a53 also wants the timer to be on.\n|\n|t:|1783560559\n|switch|p2a: Groudon|Groudon, L72|263/263\n|-weather|SunnyDay|[from] ability: Drought|[of] p2a: Groudon\n|move|p1a: Pachirisu|Super Fang|p2a: Groudon\n|-damage|p2a: Groudon|132/263\n|\n|-weather|SunnyDay|[upkeep]\n|-heal|p2a: Groudon|148/263|[from] item: Leftovers\n|upkeep\n|turn|2\n|inactive|Time left: 300 sec this turn | 300 sec total\n|\n|t:|1783560560\n|move|p1a: Pachirisu|U-turn|p2a: Groudon\n|-damage|p2a: Groudon|115/263\n|\n|t:|1783560560\n|switch|p1a: Zapdos|Zapdos-Galar, L77|100/100|[from] U-turn\n|move|p2a: Groudon|Swords Dance|p2a: Groudon\n|-boost|p2a: Groudon|atk|2\n|\n|-weather|SunnyDay|[upkeep]\n|-heal|p2a: Groudon|131/263|[from] item: Leftovers\n|upkeep\n|turn|3\n|inactive|Time left: 300 sec this turn | 300 sec total\n|\n|t:|1783560561\n|move|p1a: Zapdos|Close Combat|p2a: Groudon\n|-damage|p2a: Groudon|0 fnt\n|-unboost|p1a: Zapdos|def|1\n|-unboost|p1a: Zapdos|spd|1\n|faint|p2a: Groudon\n|-damage|p1a: Zapdos|91/100|[from] item: Life Orb\n|\n|-weather|SunnyDay|[upkeep]\n|upkeep\n|inactive|Time left: 300 sec this turn | 300 sec total | 5 sec grace\n|\n|t:|1783560562\n|switch|p2a: Morpeko|Morpeko, L88, M|245/245\n|turn|4\n|inactive|Time left: 300 sec this turn | 300 sec total\n|\n|t:|1783560563\n|switch|p1a: Pachirisu|Pachirisu, L96, M|100/100\n|move|p2a: Morpeko|Aura Wheel|p1a: Pachirisu\n|-immune|p1a: Pachirisu|[from] ability: Volt Absorb\n|\n|-weather|SunnyDay|[upkeep]\n|-formechange|p2a: Morpeko|Morpeko-Hangry||[from] ability: Hunger Switch\n|upkeep\n|turn|5\n|inactive|Time left: 300 sec this turn | 300 sec total\n|\n|t:|1783560564\n|move|p1a: Pachirisu|Super Fang|p2a: Morpeko\n|-damage|p2a: Morpeko|123/245\n|move|p2a: Morpeko|Aura Wheel|p1a: Pachirisu\n|-damage|p1a: Pachirisu|55/100\n|-boost|p2a: Morpeko|spe|1\n|\n|-weather|none\n|-formechange|p2a: Morpeko|Morpeko||[from] ability: Hunger Switch\n|upkeep\n|turn|6\n|inactive|Time left: 300 sec this turn | 300 sec total\n|\n|t:|1783560565\n|move|p2a: Morpeko|Rapid Spin|p1a: Pachirisu\n|-crit|p1a: Pachirisu\n|-damage|p1a: Pachirisu|33/100\n|-boost|p2a: Morpeko|spe|1\n|move|p1a: Pachirisu|U-turn|p2a: Morpeko\n|-supereffective|p2a: Morpeko\n|-damage|p2a: Morpeko|33/245\n|\n|t:|1783560566\n|switch|p1a: Wugtrio|Wugtrio, L91, M|100/100|[from] U-turn\n|\n|-formechange|p2a: Morpeko|Morpeko-Hangry||[from] ability: Hunger Switch\n|upkeep\n|turn|7\n|inactive|Time left: 300 sec this turn | 300 sec total\n|\n|t:|1783560567\n|move|p1a: Wugtrio|Aqua Jet|p2a: Morpeko\n|-damage|p2a: Morpeko|0 fnt\n|faint|p2a: Morpeko\n|\n|upkeep\n|inactive|Time left: 300 sec this turn | 300 sec total | 5 sec grace\n|\n|t:|1783560568\n|switch|p2a: Spidops|Spidops, L96, M|271/271\n|turn|8\n|inactive|Time left: 300 sec this turn | 300 sec total\n|\n|t:|1783560569\n|move|p1a: Wugtrio|Aqua Jet|p2a: Spidops\n|-damage|p2a: Spidops|204/271\n|move|p2a: Spidops|Sticky Web|p1a: Wugtrio\n|-sidestart|p1: p0x17748a91|move: Sticky Web\n|\n|upkeep\n|turn|9\n|inactive|Time left: 300 sec this turn | 300 sec total\n|\n|t:|1783560570\n|move|p1a: Wugtrio|Aqua Jet|p2a: Spidops\n|-damage|p2a: Spidops|140/271\n|move|p2a: Spidops|Knock Off|p1a: Wugtrio\n|-damage|p1a: Wugtrio|53/100\n|-ability|p1a: Wugtrio|Gooey\n|-unboost|p2a: Spidops|spe|1\n|-enditem|p1a: Wugtrio|Choice Band|[from] move: Knock Off|[of] p2a: Spidops\n|\n|upkeep\n|turn|10\n|inactive|Time left: 300 sec this turn | 300 sec total\n|\n|t:|1783560570\n|move|p1a: Wugtrio|Liquidation|p2a: Spidops\n|-damage|p2a: Spidops|50/271\n|move|p2a: Spidops|U-turn|p1a: Wugtrio\n|-damage|p1a: Wugtrio|0 fnt\n|-ability|p1a: Wugtrio|Gooey\n|-unboost|p2a: Spidops|spe|1\n|faint|p1a: Wugtrio\n|inactive|Time left: 300 sec this turn | 300 sec total | 5 sec grace\n|\n|t:|1783560571\n|switch|p2a: Persian|Persian-Alola, L86, F|252/252|[from] U-turn\n|\n|upkeep\n|\n|t:|1783560572\n|switch|p1a: Frosmoth|Frosmoth, L82, F|100/100\n|turn|11\n|inactive|Time left: 300 sec this turn | 300 sec total\n|\n|t:|1783560573\n|switch|p2a: Phione|Phione, L91|293/293\n|move|p1a: Frosmoth|Quiver Dance|p1a: Frosmoth\n|-boost|p1a: Frosmoth|spa|1\n|-boost|p1a: Frosmoth|spd|1\n|-boost|p1a: Frosmoth|spe|1\n|\n|upkeep\n|turn|12\n|inactive|Time left: 300 sec this turn | 300 sec total\n|\n|t:|1783560574\n|move|p1a: Frosmoth|Quiver Dance|p1a: Frosmoth\n|-boost|p1a: Frosmoth|spa|1\n|-boost|p1a: Frosmoth|spd|1\n|-boost|p1a: Frosmoth|spe|1\n|move|p2a: Phione|Scald|p1a: Frosmoth\n|-damage|p1a: Frosmoth|92/100\n|-status|p1a: Frosmoth|brn\n|\n|-damage|p1a: Frosmoth|86/100 brn|[from] brn\n|upkeep\n|turn|13\n|inactive|Time left: 300 sec this turn | 300 sec total\n|\n|t:|1783560575\n|move|p1a: Frosmoth|Bug Buzz|p2a: Phione\n|-damage|p2a: Phione|83/293\n|move|p2a: Phione|Scald|p1a: Frosmoth\n|-damage|p1a: Frosmoth|78/100 brn\n|\n|-heal|p2a: Phione|101/293|[from] item: Leftovers\n|-damage|p1a: Frosmoth|72/100 brn|[from] brn\n|upkeep\n|turn|14\n|inactive|Time left: 300 sec this turn | 300 sec total\n|\n|t:|1783560576\n|switch|p2a: Spidops|Spidops, L96, M|50/271\n|move|p1a: Frosmoth|Bug Buzz|p2a: Spidops\n|-damage|p2a: Spidops|0 fnt\n|faint|p2a: Spidops\n|\n|-damage|p1a: Frosmoth|66/100 brn|[from] brn\n|upkeep\n|inactive|Time left: 300 sec this turn | 300 sec total | 5 sec grace\n|\n|t:|1783560577\n|switch|p2a: Eternatus|Eternatus, L69|308/308\n|-ability|p2a: Eternatus|Pressure\n|turn|15\n|inactive|Time left: 300 sec this turn | 300 sec total\n|\n|t:|1783560578\n|-terastallize|p2a: Eternatus|Water\n|move|p1a: Frosmoth|Ice Beam|p2a: Eternatus\n|-resisted|p2a: Eternatus\n|-damage|p2a: Eternatus|178/308\n|move|p2a: Eternatus|Recover|p2a: Eternatus\n|-heal|p2a: Eternatus|308/308\n|\n|-damage|p1a: Frosmoth|60/100 brn|[from] brn\n|upkeep\n|turn|16\n|inactive|Time left: 300 sec this turn | 300 sec total\n|\n|t:|1783560579\n|move|p1a: Frosmoth|Bug Buzz|p2a: Eternatus\n|-damage|p2a: Eternatus|58/308\n|move|p2a: Eternatus|Recover|p2a: Eternatus\n|-heal|p2a: Eternatus|212/308\n|\n|-heal|p2a: Eternatus|231/308|[from] item: Leftovers\n|-damage|p1a: Frosmoth|54/100 brn|[from] brn\n|upkeep\n|turn|17\n|inactive|Time left: 300 sec this turn | 300 sec total\n|\n|t:|1783560580\n|switch|p2a: Phione|Phione, L91|101/293\n|move|p1a: Frosmoth|Bug Buzz|p2a: Phione\n|-damage|p2a: Phione|0 fnt\n|faint|p2a: Phione\n|\n|-damage|p1a: Frosmoth|48/100 brn|[from] brn\n|upkeep\n|inactive|Time left: 300 sec this turn | 300 sec total | 5 sec grace\n|\n|t:|1783560580\n|switch|p2a: Persian|Persian-Alola, L86, F|252/252\n|turn|18\n|inactive|Time left: 300 sec this turn | 300 sec total\n|\n|t:|1783560581\n|move|p1a: Frosmoth|Bug Buzz|p2a: Persian\n|-supereffective|p2a: Persian\n|-damage|p2a: Persian|0 fnt\n|faint|p2a: Persian\n|\n|-damage|p1a: Frosmoth|42/100 brn|[from] brn\n|upkeep\n|inactive|Time left: 300 sec this turn | 300 sec total | 5 sec grace\n|\n|t:|1783560582\n|switch|p2a: Eternatus|Eternatus, L69, tera:Water|231/308\n|-ability|p2a: Eternatus|Pressure\n|turn|19\n|inactive|Time left: 300 sec this turn | 300 sec total\n|\n|t:|1783560583\n|move|p1a: Frosmoth|Bug Buzz|p2a: Eternatus\n|-damage|p2a: Eternatus|0 fnt\n|faint|p2a: Eternatus\n|\n|win|p0x17748a91", "uploadtime": 1783560583, "views": 0, "rating": 0, "private": 0, "password": null, "_winner": "p0x17748a91", "_our_name": "p0y17745a53"}