{"id": "battle-gen9randombattle-2482", "formatid": "gen9randombattle", "format": "[Gen 9] Random Battle", "players": ["p0x2482a55e", "p0y2482bd3d"], "log": "|init|battle\n|title|p0x2482a55e vs. p0y2482bd3d\n|j|\u2606p0x2482a55e\n|j|\u2606p0y2482bd3d\n|t:|1783568764\n|gametype|singles\n|player|p1|p0x2482a55e|1|\n|player|p2|p0y2482bd3d|170|\n|gen|9\n|tier|[Gen 9] Random Battle\n|rule|Species Clause: Limit one of each Pok\u00e9mon\n|rule|HP Percentage Mod: HP is shown in percentages\n|rule|Sleep Clause Mod: Limit one foe put to sleep\n|rule|Illusion Level Mod: Illusion disguises the Pok\u00e9mon's true level\n|\n|t:|1783568764\n|teamsize|p1|6\n|teamsize|p2|6\n|start\n|switch|p1a: Mudsdale|Mudsdale, L83, F|302/302\n|switch|p2a: Beartic|Beartic, L91, F|100/100\n|turn|1\n|inactive|Battle timer is ON: inactive players will automatically lose when time's up. (requested by p0y2482bd3d)\n|inactive|Time left: 300 sec this turn | 300 sec total | 60 sec grace\n|inactive|p0x2482a55e also wants the timer to be on.\n|\n|t:|1783568766\n|move|p2a: Beartic|Icicle Crash|p1a: Mudsdale\n|-supereffective|p1a: Mudsdale\n|-damage|p1a: Mudsdale|62/302\n|-ability|p1a: Mudsdale|Stamina|boost\n|-boost|p1a: Mudsdale|def|1\n|move|p1a: Mudsdale|Heavy Slam|p2a: Beartic\n|-supereffective|p2a: Beartic\n|-damage|p2a: Beartic|55/100\n|\n|-heal|p1a: Mudsdale|80/302|[from] item: Leftovers\n|upkeep\n|turn|2\n|inactive|Time left: 300 sec this turn | 300 sec total\n|\n|t:|1783568767\n|switch|p1a: Slaking|Slaking, L84, M|389/389\n|move|p2a: Beartic|Icicle Crash|p1a: Slaking\n|-damage|p1a: Slaking|268/389\n|\n|upkeep\n|turn|3\n|inactive|Time left: 300 sec this turn | 300 sec total\n|\n|t:|1783568768\n|switch|p2a: Zamazenta|Zamazenta-Crowned, L68|100/100\n|-ability|p2a: Zamazenta|Dauntless Shield|boost\n|-boost|p2a: Zamazenta|def|1\n|move|p1a: Slaking|Giga Impact|p2a: Zamazenta\n|-resisted|p2a: Zamazenta\n|-damage|p2a: Zamazenta|56/100\n|-mustrecharge|p1a: Slaking\n|\n|upkeep\n|turn|4\n|inactive|Time left: 300 sec this turn | 300 sec total\n|\n|t:|1783568770\n|cant|p1a: Slaking|recharge\n|move|p2a: Zamazenta|Body Press|p1a: Slaking\n|-supereffective|p1a: Slaking\n|-damage|p1a: Slaking|56/389\n|\n|upkeep\n|turn|5\n|inactive|Time left: 300 sec this turn | 300 sec total\n|\n|t:|1783568771\n|move|p1a: Slaking|Giga Impact|p2a: Zamazenta\n|-resisted|p2a: Zamazenta\n|-damage|p2a: Zamazenta|10/100\n|-mustrecharge|p1a: Slaking\n|move|p2a: Zamazenta|Body Press|p1a: Slaking\n|-supereffective|p1a: Slaking\n|-damage|p1a: Slaking|0 fnt\n|faint|p1a: Slaking\n|\n|upkeep\n|inactive|Time left: 300 sec this turn | 300 sec total | 5 sec grace\n|\n|t:|1783568772\n|switch|p1a: Dragonite|Dragonite, L74, M|257/257\n|turn|6\n|inactive|Time left: 300 sec this turn | 300 sec total\n|\n|t:|1783568773\n|move|p2a: Zamazenta|Heavy Slam|p1a: Dragonite\n|-damage|p1a: Dragonite|222/257\n|move|p1a: Dragonite|Dragon Dance|p1a: Dragonite\n|-boost|p1a: Dragonite|atk|1\n|-boost|p1a: Dragonite|spe|1\n|\n|upkeep\n|turn|7\n|inactive|Time left: 300 sec this turn | 300 sec total\n|\n|t:|1783568774\n|switch|p2a: Iron Crown|Iron Crown, L78|100/100\n|move|p1a: Dragonite|Outrage|p2a: Iron Crown\n|-resisted|p2a: Iron Crown\n|-damage|p2a: Iron Crown|66/100\n|\n|-heal|p2a: Iron Crown|72/100|[from] item: Leftovers\n|upkeep\n|turn|8\n|inactive|Time left: 300 sec this turn | 300 sec total\n|\n|t:|1783568775\n|move|p1a: Dragonite|Outrage|p2a: Iron Crown|[from] lockedmove\n|-resisted|p2a: Iron Crown\n|-damage|p2a: Iron Crown|38/100\n|move|p2a: Iron Crown|Tachyon Cutter|p1a: Dragonite\n|-damage|p1a: Dragonite|168/257\n|-damage|p1a: Dragonite|107/257\n|-hitcount|p1a: Dragonite|2\n|\n|-heal|p2a: Iron Crown|44/100|[from] item: Leftovers\n|upkeep\n|turn|9\n|inactive|Time left: 300 sec this turn | 300 sec total\n|\n|t:|1783568776\n|move|p1a: Dragonite|Outrage|p2a: Iron Crown|[from] lockedmove\n|-resisted|p2a: Iron Crown\n|-damage|p2a: Iron Crown|10/100\n|-start|p1a: Dragonite|confusion|[fatigue]\n|move|p2a: Iron Crown|Tachyon Cutter|p1a: Dragonite\n|-damage|p1a: Dragonite|47/257\n|-damage|p1a: Dragonite|0 fnt\n|faint|p1a: Dragonite\n|-hitcount|p1: Dragonite|2\n|\n|-heal|p2a: Iron Crown|16/100|[from] item: Leftovers\n|upkeep\n|inactive|Time left: 300 sec this turn | 300 sec total | 5 sec grace\n|\n|t:|1783568777\n|switch|p1a: Necrozma|Necrozma, L80|286/286\n|turn|10\n|inactive|Time left: 300 sec this turn | 300 sec total\n|\n|t:|1783568778\n|move|p2a: Iron Crown|Tachyon Cutter|p1a: Necrozma\n|-damage|p1a: Necrozma|228/286\n|-damage|p1a: Necrozma|168/286\n|-hitcount|p1a: Necrozma|2\n|move|p1a: Necrozma|Calm Mind|p1a: Necrozma\n|-boost|p1a: Necrozma|spa|1\n|-boost|p1a: Necrozma|spd|1\n|\n|-heal|p2a: Iron Crown|22/100|[from] item: Leftovers\n|-heal|p1a: Necrozma|185/286|[from] item: Leftovers\n|upkeep\n|turn|11\n|inactive|Time left: 300 sec this turn | 300 sec total\n|\n|t:|1783568779\n|move|p2a: Iron Crown|Tachyon Cutter|p1a: Necrozma\n|-damage|p1a: Necrozma|145/286\n|-crit|p1a: Necrozma\n|-damage|p1a: Necrozma|63/286\n|-hitcount|p1a: Necrozma|2\n|move|p1a: Necrozma|Earth Power|p2a: Iron Crown\n|-supereffective|p2a: Iron Crown\n|-damage|p2a: Iron Crown|0 fnt\n|faint|p2a: Iron Crown\n|-end|p2a: Iron Crown|Quark Drive|[silent]\n|\n|-heal|p1a: Necrozma|80/286|[from] item: Leftovers\n|upkeep\n|\n|t:|1783568780\n|switch|p2a: Palkia|Palkia-Origin, L72|100/100\n|-ability|p2a: Palkia|Pressure\n|turn|12\n|inactive|Time left: 300 sec this turn | 300 sec total\n|\n|t:|1783568781\n|move|p2a: Palkia|Spacial Rend|p1a: Necrozma\n|-damage|p1a: Necrozma|0 fnt\n|faint|p1a: Necrozma\n|\n|upkeep\n|inactive|Time left: 300 sec this turn | 300 sec total | 5 sec grace\n|\n|t:|1783568782\n|switch|p1a: Overqwil|Overqwil, L82, F|274/274\n|-ability|p1a: Overqwil|Intimidate|boost\n|-unboost|p2a: Palkia|atk|1\n|turn|13\n|inactive|Time left: 300 sec this turn | 300 sec total\n|\n|t:|1783568783\n|move|p2a: Palkia|Spacial Rend|p1a: Overqwil\n|-damage|p1a: Overqwil|106/274\n|move|p1a: Overqwil|Scale Shot|p2a: Palkia\n|-supereffective|p2a: Palkia\n|-damage|p2a: Palkia|84/100\n|-supereffective|p2a: Palkia\n|-damage|p2a: Palkia|68/100\n|-supereffective|p2a: Palkia\n|-damage|p2a: Palkia|52/100\n|-supereffective|p2a: Palkia\n|-damage|p2a: Palkia|37/100\n|-supereffective|p2a: Palkia\n|-damage|p2a: Palkia|20/100\n|-hitcount|p2a: Palkia|5\n|-unboost|p1a: Overqwil|def|1\n|-boost|p1a: Overqwil|spe|1\n|\n|upkeep\n|turn|14\n|inactive|Time left: 300 sec this turn | 300 sec total\n|\n|t:|1783568784\n|move|p1a: Overqwil|Crunch|p2a: Palkia\n|-damage|p2a: Palkia|0 fnt\n|faint|p2a: Palkia\n|\n|upkeep\n|\n|t:|1783568784\n|switch|p2a: Beartic|Beartic, L91, F|55/100\n|turn|15\n|inactive|Time left: 300 sec this turn | 300 sec total\n|\n|t:|1783568785\n|move|p1a: Overqwil|Gunk Shot|p2a: Beartic\n|-damage|p2a: Beartic|14/100\n|-status|p2a: Beartic|psn\n|move|p2a: Beartic|Earthquake|p1a: Overqwil\n|-supereffective|p1a: Overqwil\n|-damage|p1a: Overqwil|0 fnt\n|faint|p1a: Overqwil\n|\n|-damage|p2a: Beartic|1/100 psn|[from] psn\n|upkeep\n|inactive|Time left: 300 sec this turn | 300 sec total | 5 sec grace\n|\n|t:|1783568787\n|switch|p1a: Kingdra|Kingdra, L84, M|263/263\n|turn|16\n|inactive|Time left: 300 sec this turn | 300 sec total\n|\n|t:|1783568788\n|move|p1a: Kingdra|Wave Crash|p2a: Beartic\n|-damage|p2a: Beartic|0 fnt\n|faint|p2a: Beartic\n|-damage|p1a: Kingdra|262/263|[from] Recoil\n|-damage|p1a: Kingdra|236/263|[from] item: Life Orb\n|\n|upkeep\n|\n|t:|1783568789\n|switch|p2a: Zamazenta|Zamazenta-Crowned, L68|10/100\n|turn|17\n|inactive|Time left: 300 sec this turn | 300 sec total\n|\n|t:|1783568790\n|move|p2a: Zamazenta|Body Press|p1a: Kingdra\n|-damage|p1a: Kingdra|163/263\n|move|p1a: Kingdra|Rain Dance|p1a: Kingdra\n|-weather|RainDance\n|\n|-weather|RainDance|[upkeep]\n|upkeep\n|turn|18\n|inactive|Time left: 300 sec this turn | 300 sec total\n|\n|t:|1783568791\n|move|p1a: Kingdra|Wave Crash|p2a: Zamazenta\n|-damage|p2a: Zamazenta|0 fnt\n|faint|p2a: Zamazenta\n|-damage|p1a: Kingdra|156/263|[from] Recoil\n|-damage|p1a: Kingdra|130/263|[from] item: Life Orb\n|\n|-weather|RainDance|[upkeep]\n|upkeep\n|\n|t:|1783568791\n|switch|p2a: Volcarona|Volcarona, L77, M|100/100\n|turn|19\n|inactive|Time left: 300 sec this turn | 300 sec total\n|\n|t:|1783568792\n|-terastallize|p2a: Volcarona|Grass\n|move|p1a: Kingdra|Hurricane|p2a: Volcarona\n|-supereffective|p2a: Volcarona\n|-damage|p2a: Volcarona|27/100\n|-damage|p1a: Kingdra|104/263|[from] item: Life Orb\n|move|p2a: Volcarona|Giga Drain|p1a: Kingdra\n|-damage|p1a: Kingdra|26/263\n|-heal|p2a: Volcarona|42/100|[from] drain|[of] p1a: Kingdra\n|\n|-weather|RainDance|[upkeep]\n|upkeep\n|turn|20\n|inactive|Time left: 300 sec this turn | 300 sec total\n|\n|t:|1783568793\n|move|p1a: Kingdra|Rain Dance||[still]\n|-fail|p1a: Kingdra\n|move|p2a: Volcarona|Giga Drain|p1a: Kingdra\n|-damage|p1a: Kingdra|0 fnt\n|-heal|p2a: Volcarona|47/100|[from] drain|[of] p1a: Kingdra\n|faint|p1a: Kingdra\n|\n|-weather|RainDance|[upkeep]\n|upkeep\n|inactive|Time left: 300 sec this turn | 300 sec total | 5 sec grace\n|\n|t:|1783568794\n|switch|p1a: Mudsdale|Mudsdale, L83, F|80/302\n|turn|21\n|inactive|Time left: 300 sec this turn | 300 sec total\n|\n|t:|1783568795\n|-terastallize|p1a: Mudsdale|Steel\n|move|p2a: Volcarona|Giga Drain|p1a: Mudsdale\n|-resisted|p1a: Mudsdale\n|-damage|p1a: Mudsdale|32/302\n|-heal|p2a: Volcarona|56/100|[from] drain|[of] p1a: Mudsdale\n|-ability|p1a: Mudsdale|Stamina|boost\n|-boost|p1a: Mudsdale|def|1\n|move|p1a: Mudsdale|Stone Edge|p2a: Volcarona\n|-damage|p2a: Volcarona|9/100\n|\n|-weather|none\n|-heal|p1a: Mudsdale|50/302|[from] item: Leftovers\n|upkeep\n|turn|22\n|inactive|Time left: 300 sec this turn | 300 sec total\n|\n|t:|1783568796\n|move|p2a: Volcarona|Fiery Dance|p1a: Mudsdale\n|-supereffective|p1a: Mudsdale\n|-damage|p1a: Mudsdale|0 fnt\n|-boost|p2a: Volcarona|spa|1\n|faint|p1a: Mudsdale\n|\n|win|p0y2482bd3d", "uploadtime": 1783568796, "views": 0, "rating": 0, "private": 0, "password": null, "_winner": "p0y2482bd3d", "_our_name": "p0x2482a55e"}