{"id": "battle-gen9randombattle-2560", "formatid": "gen9randombattle", "format": "[Gen 9] Random Battle", "players": ["p0x2560c95d", "p0y2560745b"], "log": "|init|battle\n|title|p0x2560c95d vs. p0y2560745b\n|j|\u2606p0x2560c95d\n|j|\u2606p0y2560745b\n|t:|1783568643\n|gametype|singles\n|player|p1|p0x2560c95d|266|\n|player|p2|p0y2560745b|169|\n|gen|9\n|tier|[Gen 9] Random Battle\n|rule|Species Clause: Limit one of each Pok\u00e9mon\n|rule|HP Percentage Mod: HP is shown in percentages\n|rule|Sleep Clause Mod: Limit one foe put to sleep\n|rule|Illusion Level Mod: Illusion disguises the Pok\u00e9mon's true level\n|\n|t:|1783568643\n|teamsize|p1|6\n|teamsize|p2|6\n|start\n|switch|p1a: Uxie|Uxie, L83|260/260\n|switch|p2a: Slowking|Slowking, L88, F|100/100\n|turn|1\n|inactive|Battle timer is ON: inactive players will automatically lose when time's up. (requested by p0y2560745b)\n|inactive|Time left: 300 sec this turn | 300 sec total | 60 sec grace\n|\n|t:|1783568644\n|switch|p1a: Gholdengo|Gholdengo, L77|261/261\n|move|p2a: Slowking|Scald|p1a: Gholdengo\n|-damage|p1a: Gholdengo|164/261\n|-status|p1a: Gholdengo|brn\n|\n|-heal|p1a: Gholdengo|180/261 brn|[from] item: Leftovers\n|-damage|p1a: Gholdengo|164/261 brn|[from] brn\n|upkeep\n|turn|2\n|inactive|Time left: 300 sec this turn | 300 sec total\n|inactive|p0x2560c95d also wants the timer to be on.\n|\n|t:|1783568646\n|move|p1a: Gholdengo|Nasty Plot|p1a: Gholdengo\n|-boost|p1a: Gholdengo|spa|2\n|move|p2a: Slowking|Scald|p1a: Gholdengo\n|-damage|p1a: Gholdengo|71/261 brn\n|\n|-heal|p1a: Gholdengo|87/261 brn|[from] item: Leftovers\n|-damage|p1a: Gholdengo|71/261 brn|[from] brn\n|upkeep\n|turn|3\n|inactive|Time left: 300 sec this turn | 300 sec total\n|\n|t:|1783568647\n|move|p1a: Gholdengo|Shadow Ball|p2a: Slowking\n|-supereffective|p2a: Slowking\n|-damage|p2a: Slowking|8/100\n|-unboost|p2a: Slowking|spd|1\n|move|p2a: Slowking|Scald|p1a: Gholdengo\n|-damage|p1a: Gholdengo|0 fnt\n|faint|p1a: Gholdengo\n|\n|upkeep\n|inactive|Time left: 300 sec this turn | 300 sec total | 5 sec grace\n|\n|t:|1783568648\n|switch|p1a: Golem|Golem-Alola, L93, M|300/300\n|turn|4\n|inactive|Time left: 300 sec this turn | 300 sec total\n|\n|t:|1783568649\n|switch|p2a: Shaymin|Shaymin, L82|100/100\n|move|p1a: Golem|Earthquake|p2a: Shaymin\n|-resisted|p2a: Shaymin\n|-damage|p2a: Shaymin|75/100\n|\n|-heal|p2a: Shaymin|81/100|[from] item: Leftovers\n|upkeep\n|turn|5\n|inactive|Time left: 300 sec this turn | 300 sec total\n|\n|t:|1783568651\n|switch|p1a: Goodra|Goodra, L85, F|292/292\n|move|p2a: Shaymin|Seed Flare|p1a: Goodra\n|-ability|p1a: Goodra|Sap Sipper|boost\n|-boost|p1a: Goodra|atk|1\n|\n|-heal|p2a: Shaymin|87/100|[from] item: Leftovers\n|upkeep\n|turn|6\n|inactive|Time left: 300 sec this turn | 300 sec total\n|\n|t:|1783568652\n|move|p2a: Shaymin|Substitute|p2a: Shaymin\n|-start|p2a: Shaymin|Substitute\n|-damage|p2a: Shaymin|63/100\n|move|p1a: Goodra|Sludge Bomb|p2a: Shaymin\n|-supereffective|p2a: Shaymin\n|-end|p2a: Shaymin|Substitute\n|\n|-heal|p2a: Shaymin|69/100|[from] item: Leftovers\n|upkeep\n|turn|7\n|inactive|Time left: 300 sec this turn | 300 sec total\n|\n|t:|1783568653\n|move|p2a: Shaymin|Air Slash|p1a: Goodra\n|-damage|p1a: Goodra|268/292\n|cant|p1a: Goodra|flinch\n|\n|-heal|p2a: Shaymin|75/100|[from] item: Leftovers\n|upkeep\n|turn|8\n|inactive|Time left: 300 sec this turn | 300 sec total\n|\n|t:|1783568654\n|move|p2a: Shaymin|Substitute|p2a: Shaymin\n|-start|p2a: Shaymin|Substitute\n|-damage|p2a: Shaymin|50/100\n|move|p1a: Goodra|Sludge Bomb|p2a: Shaymin\n|-supereffective|p2a: Shaymin\n|-end|p2a: Shaymin|Substitute\n|\n|-heal|p2a: Shaymin|56/100|[from] item: Leftovers\n|upkeep\n|turn|9\n|inactive|Time left: 300 sec this turn | 300 sec total\n|\n|t:|1783568655\n|move|p2a: Shaymin|Air Slash|p1a: Goodra\n|-damage|p1a: Goodra|247/292\n|cant|p1a: Goodra|flinch\n|\n|-heal|p2a: Shaymin|62/100|[from] item: Leftovers\n|upkeep\n|turn|10\n|inactive|Time left: 300 sec this turn | 300 sec total\n|\n|t:|1783568656\n|switch|p2a: Slowking|Slowking, L88, F|41/100\n|move|p1a: Goodra|Earthquake|p2a: Slowking\n|-damage|p2a: Slowking|2/100\n|\n|upkeep\n|turn|11\n|inactive|Time left: 300 sec this turn | 300 sec total\n|\n|t:|1783568657\n|switch|p2a: Shaymin|Shaymin, L82|62/100\n|move|p1a: Goodra|Earthquake|p2a: Shaymin\n|-resisted|p2a: Shaymin\n|-damage|p2a: Shaymin|44/100\n|\n|-heal|p2a: Shaymin|50/100|[from] item: Leftovers\n|upkeep\n|turn|12\n|inactive|Time left: 300 sec this turn | 300 sec total\n|\n|t:|1783568658\n|move|p2a: Shaymin|Substitute|p2a: Shaymin\n|-start|p2a: Shaymin|Substitute\n|-damage|p2a: Shaymin|25/100\n|move|p1a: Goodra|Sludge Bomb|p2a: Shaymin\n|-supereffective|p2a: Shaymin\n|-end|p2a: Shaymin|Substitute\n|\n|-heal|p2a: Shaymin|31/100|[from] item: Leftovers\n|upkeep\n|turn|13\n|inactive|Time left: 300 sec this turn | 300 sec total\n|\n|t:|1783568659\n|move|p2a: Shaymin|Substitute|p2a: Shaymin\n|-start|p2a: Shaymin|Substitute\n|-damage|p2a: Shaymin|6/100\n|move|p1a: Goodra|Earthquake|p2a: Shaymin\n|-resisted|p2a: Shaymin\n|-activate|p2a: Shaymin|move: Substitute|[damage]\n|\n|-heal|p2a: Shaymin|12/100|[from] item: Leftovers\n|upkeep\n|turn|14\n|inactive|Time left: 300 sec this turn | 300 sec total\n|\n|t:|1783568660\n|move|p2a: Shaymin|Air Slash|p1a: Goodra\n|-damage|p1a: Goodra|224/292\n|cant|p1a: Goodra|flinch\n|\n|-heal|p2a: Shaymin|18/100|[from] item: Leftovers\n|upkeep\n|turn|15\n|inactive|Time left: 300 sec this turn | 300 sec total\n|\n|t:|1783568661\n|move|p2a: Shaymin|Air Slash|p1a: Goodra\n|-damage|p1a: Goodra|200/292\n|move|p1a: Goodra|Sludge Bomb|p2a: Shaymin\n|-supereffective|p2a: Shaymin\n|-end|p2a: Shaymin|Substitute\n|\n|-heal|p2a: Shaymin|24/100|[from] item: Leftovers\n|upkeep\n|turn|16\n|inactive|Time left: 300 sec this turn | 300 sec total\n|\n|t:|1783568663\n|move|p2a: Shaymin|Air Slash|p1a: Goodra\n|-crit|p1a: Goodra\n|-damage|p1a: Goodra|164/292\n|cant|p1a: Goodra|flinch\n|\n|-heal|p2a: Shaymin|30/100|[from] item: Leftovers\n|upkeep\n|turn|17\n|inactive|Time left: 300 sec this turn | 300 sec total\n|\n|t:|1783568664\n|move|p2a: Shaymin|Substitute|p2a: Shaymin\n|-start|p2a: Shaymin|Substitute\n|-damage|p2a: Shaymin|6/100\n|move|p1a: Goodra|Earthquake|p2a: Shaymin\n|-resisted|p2a: Shaymin\n|-activate|p2a: Shaymin|move: Substitute|[damage]\n|\n|-heal|p2a: Shaymin|12/100|[from] item: Leftovers\n|upkeep\n|turn|18\n|inactive|Time left: 300 sec this turn | 300 sec total\n|\n|t:|1783568665\n|move|p2a: Shaymin|Air Slash|p1a: Goodra\n|-damage|p1a: Goodra|142/292\n|cant|p1a: Goodra|flinch\n|\n|-heal|p2a: Shaymin|18/100|[from] item: Leftovers\n|upkeep\n|turn|19\n|inactive|Time left: 300 sec this turn | 300 sec total\n|\n|t:|1783568666\n|move|p2a: Shaymin|Air Slash|p1a: Goodra\n|-damage|p1a: Goodra|118/292\n|move|p1a: Goodra|Sludge Bomb|p2a: Shaymin\n|-supereffective|p2a: Shaymin\n|-end|p2a: Shaymin|Substitute\n|\n|-heal|p2a: Shaymin|24/100|[from] item: Leftovers\n|upkeep\n|turn|20\n|inactive|Time left: 300 sec this turn | 300 sec total\n|\n|t:|1783568667\n|move|p2a: Shaymin|Air Slash|p1a: Goodra\n|-damage|p1a: Goodra|94/292\n|move|p1a: Goodra|Earthquake|p2a: Shaymin\n|-resisted|p2a: Shaymin\n|-damage|p2a: Shaymin|5/100\n|\n|-heal|p2a: Shaymin|11/100|[from] item: Leftovers\n|upkeep\n|turn|21\n|inactive|Time left: 300 sec this turn | 300 sec total\n|\n|t:|1783568669\n|move|p2a: Shaymin|Air Slash|p1a: Goodra\n|-damage|p1a: Goodra|71/292\n|move|p1a: Goodra|Sludge Bomb|p2a: Shaymin\n|-supereffective|p2a: Shaymin\n|-damage|p2a: Shaymin|0 fnt\n|faint|p2a: Shaymin\n|\n|upkeep\n|\n|t:|1783568670\n|switch|p2a: Medicham|Medicham, L86, M|100/100\n|turn|22\n|inactive|Time left: 300 sec this turn | 300 sec total\n|\n|t:|1783568671\n|switch|p1a: Uxie|Uxie, L83|260/260\n|move|p2a: Medicham|Close Combat|p1a: Uxie\n|-resisted|p1a: Uxie\n|-damage|p1a: Uxie|189/260\n|-unboost|p2a: Medicham|def|1\n|-unboost|p2a: Medicham|spd|1\n|\n|-heal|p1a: Uxie|205/260|[from] item: Leftovers\n|upkeep\n|turn|23\n|inactive|Time left: 300 sec this turn | 300 sec total\n|\n|t:|1783568672\n|move|p2a: Medicham|Close Combat|p1a: Uxie\n|-resisted|p1a: Uxie\n|-damage|p1a: Uxie|136/260\n|-unboost|p2a: Medicham|def|1\n|-unboost|p2a: Medicham|spd|1\n|move|p1a: Uxie|Knock Off|p2a: Medicham\n|-damage|p2a: Medicham|54/100\n|-enditem|p2a: Medicham|Choice Scarf|[from] move: Knock Off|[of] p1a: Uxie\n|\n|-heal|p1a: Uxie|152/260|[from] item: Leftovers\n|upkeep\n|turn|24\n|inactive|Time left: 300 sec this turn | 300 sec total\n|\n|t:|1783568673\n|switch|p2a: Magearna|Magearna, L77|100/100\n|move|p1a: Uxie|Knock Off|p2a: Magearna\n|-resisted|p2a: Magearna\n|-damage|p2a: Magearna|90/100\n|-enditem|p2a: Magearna|Leftovers|[from] move: Knock Off|[of] p1a: Uxie\n|\n|-heal|p1a: Uxie|168/260|[from] item: Leftovers\n|upkeep\n|turn|25\n|inactive|Time left: 300 sec this turn | 300 sec total\n|\n|t:|1783568674\n|switch|p1a: Golem|Golem-Alola, L93, M|300/300\n|move|p2a: Magearna|Flash Cannon|p1a: Golem\n|-damage|p1a: Golem|201/300\n|\n|upkeep\n|turn|26\n|inactive|Time left: 300 sec this turn | 300 sec total\n|\n|t:|1783568675\n|move|p2a: Magearna|Fleur Cannon|p1a: Golem\n|-damage|p1a: Golem|44/300\n|-unboost|p2a: Magearna|spa|2\n|move|p1a: Golem|Earthquake|p2a: Magearna\n|-supereffective|p2a: Magearna\n|-damage|p2a: Magearna|0 fnt\n|faint|p2a: Magearna\n|\n|upkeep\n|\n|t:|1783568676\n|switch|p2a: Florges|Florges-Blue, L85, F|100/100\n|turn|27\n|inactive|Time left: 300 sec this turn | 300 sec total\n|\n|t:|1783568677\n|move|p2a: Florges|Moonblast|p1a: Golem\n|-damage|p1a: Golem|0 fnt\n|faint|p1a: Golem\n|\n|upkeep\n|inactive|Time left: 300 sec this turn | 300 sec total | 5 sec grace\n|\n|t:|1783568678\n|switch|p1a: Goodra|Goodra, L85, F|71/292\n|turn|28\n|inactive|Time left: 300 sec this turn | 300 sec total\n|\n|t:|1783568679\n|move|p1a: Goodra|Sludge Bomb|p2a: Florges\n|-supereffective|p2a: Florges\n|-damage|p2a: Florges|67/100\n|-status|p2a: Florges|psn\n|move|p2a: Florges|Moonblast|p1a: Goodra\n|-supereffective|p1a: Goodra\n|-damage|p1a: Goodra|0 fnt\n|faint|p1a: Goodra\n|\n|-heal|p2a: Florges|73/100 psn|[from] item: Leftovers\n|-damage|p2a: Florges|61/100 psn|[from] psn\n|upkeep\n|inactive|Time left: 300 sec this turn | 300 sec total | 5 sec grace\n|\n|t:|1783568679\n|switch|p1a: Meowscarada|Meowscarada, L78, M|247/247\n|turn|29\n|inactive|Time left: 300 sec this turn | 300 sec total\n|\n|t:|1783568680\n|-terastallize|p1a: Meowscarada|Grass\n|move|p1a: Meowscarada|Flower Trick|p2a: Florges\n|-crit|p2a: Florges\n|-damage|p2a: Florges|0 fnt\n|faint|p2a: Florges\n|\n|upkeep\n|\n|t:|1783568681\n|switch|p2a: Toxicroak|Toxicroak, L84, M|100/100\n|turn|30\n|inactive|Time left: 300 sec this turn | 300 sec total\n|\n|t:|1783568682\n|move|p1a: Meowscarada|U-turn|p2a: Toxicroak\n|-resisted|p2a: Toxicroak\n|-damage|p2a: Toxicroak|95/100\n|inactive|Time left: 300 sec this turn | 300 sec total | 5 sec grace\n|\n|t:|1783568683\n|switch|p1a: Uxie|Uxie, L83|168/260|[from] U-turn\n|move|p2a: Toxicroak|Gunk Shot|p1a: Uxie\n|-damage|p1a: Uxie|38/260\n|-status|p1a: Uxie|psn\n|-damage|p2a: Toxicroak|85/100|[from] item: Life Orb\n|\n|-heal|p1a: Uxie|54/260 psn|[from] item: Leftovers\n|-damage|p1a: Uxie|22/260 psn|[from] psn\n|upkeep\n|turn|31\n|inactive|Time left: 300 sec this turn | 300 sec total\n|\n|t:|1783568684\n|-terastallize|p2a: Toxicroak|Dark\n|move|p1a: Uxie|Psychic Noise|p2a: Toxicroak\n|-immune|p2a: Toxicroak\n|move|p2a: Toxicroak|Swords Dance|p2a: Toxicroak\n|-boost|p2a: Toxicroak|atk|2\n|\n|-heal|p1a: Uxie|38/260 psn|[from] item: Leftovers\n|-damage|p1a: Uxie|6/260 psn|[from] psn\n|upkeep\n|turn|32\n|inactive|Time left: 300 sec this turn | 300 sec total\n|\n|t:|1783568685\n|move|p1a: Uxie|Encore|p2a: Toxicroak\n|-start|p2a: Toxicroak|Encore\n|move|p2a: Toxicroak|Swords Dance|p2a: Toxicroak\n|-boost|p2a: Toxicroak|atk|2\n|\n|-heal|p1a: Uxie|22/260 psn|[from] item: Leftovers\n|-damage|p1a: Uxie|0 fnt|[from] psn\n|faint|p1a: Uxie\n|upkeep\n|inactive|Time left: 300 sec this turn | 300 sec total | 5 sec grace\n|\n|t:|1783568686\n|switch|p1a: Meowscarada|Meowscarada, L78, M, tera:Grass|247/247\n|turn|33\n|inactive|Time left: 300 sec this turn | 300 sec total\n|\n|t:|1783568687\n|switch|p2a: Medicham|Medicham, L86, M|54/100\n|move|p1a: Meowscarada|Flower Trick|p2a: Medicham\n|-crit|p2a: Medicham\n|-damage|p2a: Medicham|0 fnt\n|faint|p2a: Medicham\n|\n|upkeep\n|\n|t:|1783568688\n|switch|p2a: Slowking|Slowking, L88, F|35/100\n|turn|34\n|inactive|Time left: 300 sec this turn | 300 sec total\n|\n|t:|1783568689\n|switch|p2a: Toxicroak|Toxicroak, L84, M, tera:Dark|85/100\n|move|p1a: Meowscarada|Flower Trick|p2a: Toxicroak\n|-crit|p2a: Toxicroak\n|-damage|p2a: Toxicroak|16/100\n|\n|upkeep\n|turn|35\n|inactive|Time left: 300 sec this turn | 300 sec total\n|\n|t:|1783568690\n|move|p1a: Meowscarada|Flower Trick|p2a: Toxicroak\n|-crit|p2a: Toxicroak\n|-damage|p2a: Toxicroak|0 fnt\n|faint|p2a: Toxicroak\n|\n|upkeep\n|\n|t:|1783568691\n|switch|p2a: Slowking|Slowking, L88, F|68/100\n|turn|36\n|inactive|Time left: 300 sec this turn | 300 sec total\n|\n|t:|1783568692\n|move|p1a: Meowscarada|Flower Trick|p2a: Slowking\n|-supereffective|p2a: Slowking\n|-crit|p2a: Slowking\n|-damage|p2a: Slowking|0 fnt\n|faint|p2a: Slowking\n|\n|win|p0x2560c95d", "uploadtime": 1783568692, "views": 0, "rating": 0, "private": 0, "password": null, "_winner": "p0x2560c95d", "_our_name": "p0x2560c95d"}