{"id": "battle-gen9randombattle-2250", "formatid": "gen9randombattle", "format": "[Gen 9] Random Battle", "players": ["p0x2250bde0", "p0y225090ec"], "log": "|init|battle\n|title|p0x2250bde0 vs. p0y225090ec\n|j|\u2606p0x2250bde0\n|j|\u2606p0y225090ec\n|t:|1783566079\n|gametype|singles\n|player|p1|p0x2250bde0|170|\n|player|p2|p0y225090ec|2|\n|gen|9\n|tier|[Gen 9] Random Battle\n|rule|Species Clause: Limit one of each Pok\u00e9mon\n|rule|HP Percentage Mod: HP is shown in percentages\n|rule|Sleep Clause Mod: Limit one foe put to sleep\n|rule|Illusion Level Mod: Illusion disguises the Pok\u00e9mon's true level\n|\n|t:|1783566079\n|teamsize|p1|6\n|teamsize|p2|6\n|start\n|switch|p1a: Zapdos|Zapdos, L78|268/268\n|switch|p2a: Landorus|Landorus, L75, M|100/100\n|turn|1\n|inactive|Battle timer is ON: inactive players will automatically lose when time's up. (requested by p0x2250bde0)\n|inactive|p0y225090ec also wants the timer to be on.\n|\n|t:|1783566080\n|move|p1a: Zapdos|Hurricane|p2a: Landorus\n|-damage|p2a: Landorus|41/100\n|move|p2a: Landorus|Nasty Plot|p2a: Landorus\n|-boost|p2a: Landorus|spa|2\n|\n|upkeep\n|turn|2\n|inactive|Time left: 300 sec this turn | 300 sec total\n|\n|t:|1783566082\n|move|p1a: Zapdos|Hurricane|p2a: Landorus\n|-damage|p2a: Landorus|0 fnt\n|faint|p2a: Landorus\n|\n|upkeep\n|\n|t:|1783566083\n|switch|p2a: Galvantula|Galvantula, L82, F|100/100\n|turn|3\n|inactive|Time left: 300 sec this turn | 300 sec total\n|\n|t:|1783566084\n|move|p2a: Galvantula|Sticky Web|p1a: Zapdos\n|-sidestart|p1: p0x2250bde0|move: Sticky Web\n|move|p1a: Zapdos|Hurricane|p2a: Galvantula\n|-damage|p2a: Galvantula|34/100\n|-start|p2a: Galvantula|confusion\n|\n|upkeep\n|turn|4\n|inactive|Time left: 300 sec this turn | 300 sec total\n|\n|t:|1783566085\n|switch|p2a: Zekrom|Zekrom, L71|100/100\n|-ability|p2a: Zekrom|Teravolt\n|move|p1a: Zapdos|Thunderbolt|p2a: Zekrom\n|-resisted|p2a: Zekrom\n|-damage|p2a: Zekrom|89/100\n|\n|-heal|p2a: Zekrom|95/100|[from] item: Leftovers\n|upkeep\n|turn|5\n|inactive|Time left: 300 sec this turn | 300 sec total\n|\n|t:|1783566086\n|move|p1a: Zapdos|Hurricane|p2a: Zekrom\n|-resisted|p2a: Zekrom\n|-damage|p2a: Zekrom|70/100\n|-start|p2a: Zekrom|confusion\n|-activate|p2a: Zekrom|confusion\n|move|p2a: Zekrom|Outrage|p1a: Zapdos\n|-damage|p1a: Zapdos|124/268\n|\n|-heal|p2a: Zekrom|76/100|[from] item: Leftovers\n|upkeep\n|turn|6\n|inactive|Time left: 300 sec this turn | 300 sec total\n|\n|t:|1783566087\n|switch|p1a: Calyrex|Calyrex-Ice, L72|263/263\n|-ability|p1a: Calyrex|As One\n|-ability|p1a: Calyrex|Unnerve\n|-activate|p1a: Calyrex|move: Sticky Web\n|-unboost|p1a: Calyrex|spe|1\n|-end|p2a: Zekrom|confusion\n|move|p2a: Zekrom|Outrage|p1a: Calyrex|[from] lockedmove\n|-damage|p1a: Calyrex|164/263\n|\n|-heal|p2a: Zekrom|82/100|[from] item: Leftovers\n|upkeep\n|turn|7\n|inactive|Time left: 300 sec this turn | 300 sec total\n|\n|t:|1783566088\n|move|p2a: Zekrom|Outrage|p1a: Calyrex|[from] lockedmove\n|-damage|p1a: Calyrex|71/263\n|-start|p2a: Zekrom|confusion|[fatigue]\n|move|p1a: Calyrex|Glacial Lance|p2a: Zekrom\n|-supereffective|p2a: Zekrom\n|-damage|p2a: Zekrom|0 fnt\n|faint|p2a: Zekrom\n|-ability|p1a: Calyrex|Chilling Neigh|boost\n|-boost|p1a: Calyrex|atk|1\n|\n|upkeep\n|\n|t:|1783566089\n|switch|p2a: Delphox|Delphox, L84, M|100/100\n|turn|8\n|inactive|Time left: 300 sec this turn | 300 sec total\n|\n|t:|1783566090\n|move|p2a: Delphox|Fire Blast|p1a: Calyrex\n|-supereffective|p1a: Calyrex\n|-damage|p1a: Calyrex|0 fnt\n|faint|p1a: Calyrex\n|\n|upkeep\n|inactive|Time left: 300 sec this turn | 300 sec total | 5 sec grace\n|\n|t:|1783566091\n|switch|p1a: Meloetta|Meloetta, L82|298/298\n|-activate|p1a: Meloetta|move: Sticky Web\n|-unboost|p1a: Meloetta|spe|1\n|turn|9\n|inactive|Time left: 300 sec this turn | 300 sec total\n|\n|t:|1783566093\n|move|p2a: Delphox|Fire Blast|p1a: Meloetta\n|-damage|p1a: Meloetta|141/298\n|move|p1a: Meloetta|Calm Mind|p1a: Meloetta\n|-boost|p1a: Meloetta|spa|1\n|-boost|p1a: Meloetta|spd|1\n|\n|-heal|p1a: Meloetta|159/298|[from] item: Leftovers\n|upkeep\n|turn|10\n|inactive|Time left: 300 sec this turn | 300 sec total\n|\n|t:|1783566094\n|move|p2a: Delphox|Fire Blast|p1a: Meloetta|[miss]\n|-miss|p2a: Delphox|p1a: Meloetta\n|move|p1a: Meloetta|Hyper Voice|p2a: Delphox\n|-damage|p2a: Delphox|39/100\n|\n|-heal|p1a: Meloetta|177/298|[from] item: Leftovers\n|upkeep\n|turn|11\n|inactive|Time left: 300 sec this turn | 300 sec total\n|\n|t:|1783566095\n|move|p2a: Delphox|Fire Blast|p1a: Meloetta\n|-damage|p1a: Meloetta|68/298\n|move|p1a: Meloetta|Hyper Voice|p2a: Delphox\n|-damage|p2a: Delphox|0 fnt\n|faint|p2a: Delphox\n|\n|-heal|p1a: Meloetta|86/298|[from] item: Leftovers\n|upkeep\n|\n|t:|1783566096\n|switch|p2a: Infernape|Infernape, L82, F|100/100\n|turn|12\n|inactive|Time left: 300 sec this turn | 300 sec total\n|\n|t:|1783566097\n|switch|p1a: Toxapex|Toxapex, L82, F|216/216\n|-activate|p1a: Toxapex|move: Sticky Web\n|-unboost|p1a: Toxapex|spe|1\n|move|p2a: Infernape|Knock Off|p1a: Toxapex\n|-damage|p1a: Toxapex|152/216\n|-damage|p2a: Infernape|84/100|[from] item: Rocky Helmet|[of] p1a: Toxapex\n|-enditem|p1a: Toxapex|Rocky Helmet|[from] move: Knock Off|[of] p2a: Infernape\n|-damage|p2a: Infernape|74/100|[from] item: Life Orb\n|\n|upkeep\n|turn|13\n|inactive|Time left: 300 sec this turn | 300 sec total\n|\n|t:|1783566098\n|switch|p2a: Regigigas|Regigigas, L84|100/100\n|-start|p2a: Regigigas|ability: Slow Start\n|move|p1a: Toxapex|Liquidation|p2a: Regigigas\n|-damage|p2a: Regigigas|84/100\n|\n|-heal|p2a: Regigigas|91/100|[from] item: Leftovers\n|upkeep\n|turn|14\n|inactive|Time left: 300 sec this turn | 300 sec total\n|\n|t:|1783566099\n|move|p2a: Regigigas|Body Slam|p1a: Toxapex\n|-damage|p1a: Toxapex|106/216\n|move|p1a: Toxapex|Toxic|p2a: Regigigas\n|-status|p2a: Regigigas|tox\n|\n|-heal|p2a: Regigigas|97/100 tox|[from] item: Leftovers\n|-damage|p2a: Regigigas|91/100 tox|[from] psn\n|upkeep\n|turn|15\n|inactive|Time left: 300 sec this turn | 300 sec total\n|\n|t:|1783566100\n|move|p2a: Regigigas|Body Slam|p1a: Toxapex\n|-damage|p1a: Toxapex|63/216\n|move|p1a: Toxapex|Recover|p1a: Toxapex\n|-heal|p1a: Toxapex|171/216\n|\n|-heal|p2a: Regigigas|97/100 tox|[from] item: Leftovers\n|-damage|p2a: Regigigas|84/100 tox|[from] psn\n|upkeep\n|turn|16\n|inactive|Time left: 300 sec this turn | 300 sec total\n|\n|t:|1783566101\n|move|p2a: Regigigas|Body Slam|p1a: Toxapex\n|-damage|p1a: Toxapex|123/216\n|-status|p1a: Toxapex|par\n|move|p1a: Toxapex|Liquidation|p2a: Regigigas\n|-damage|p2a: Regigigas|69/100 tox\n|-unboost|p2a: Regigigas|def|1\n|\n|-heal|p2a: Regigigas|75/100 tox|[from] item: Leftovers\n|-damage|p2a: Regigigas|57/100 tox|[from] psn\n|upkeep\n|turn|17\n|inactive|Time left: 300 sec this turn | 300 sec total\n|\n|t:|1783566102\n|switch|p1a: Koraidon|Koraidon, L64|235/235\n|-activate|p1a: Koraidon|move: Sticky Web\n|-unboost|p1a: Koraidon|spe|1\n|-weather|SunnyDay|[from] ability: Orichalcum Pulse|[of] p1a: Koraidon\n|-activate|p1a: Koraidon|Orichalcum Pulse|[source]\n|move|p2a: Regigigas|Rest|p2a: Regigigas\n|-status|p2a: Regigigas|slp|[from] move: Rest\n|-heal|p2a: Regigigas|100/100 slp|[silent]\n|\n|-weather|SunnyDay|[upkeep]\n|upkeep\n|turn|18\n|inactive|Time left: 300 sec this turn | 300 sec total\n|\n|t:|1783566103\n|move|p1a: Koraidon|Collision Course|p2a: Regigigas\n|-supereffective|p2a: Regigigas\n|-damage|p2a: Regigigas|0 fnt\n|faint|p2a: Regigigas\n|-end|p2a: Regigigas|Slow Start|[silent]\n|\n|-weather|SunnyDay|[upkeep]\n|upkeep\n|\n|t:|1783566104\n|switch|p2a: Galvantula|Galvantula, L82, F|34/100\n|turn|19\n|inactive|Time left: 300 sec this turn | 300 sec total\n|\n|t:|1783566104\n|move|p2a: Galvantula|Thunder|p1a: Koraidon|[miss]\n|-miss|p2a: Galvantula|p1a: Koraidon\n|move|p1a: Koraidon|Scale Shot|p2a: Galvantula\n|-damage|p2a: Galvantula|20/100\n|-damage|p2a: Galvantula|5/100\n|-damage|p2a: Galvantula|0 fnt\n|faint|p2a: Galvantula\n|-hitcount|p2: Galvantula|3\n|-unboost|p1a: Koraidon|def|1\n|-boost|p1a: Koraidon|spe|1\n|\n|-weather|SunnyDay|[upkeep]\n|upkeep\n|\n|t:|1783566105\n|switch|p2a: Infernape|Infernape, L82, F|74/100\n|turn|20\n|inactive|Time left: 300 sec this turn | 300 sec total\n|\n|t:|1783566106\n|switch|p1a: Meloetta|Meloetta, L82|86/298\n|-activate|p1a: Meloetta|move: Sticky Web\n|-unboost|p1a: Meloetta|spe|1\n|move|p2a: Infernape|Close Combat|p1a: Meloetta\n|-damage|p1a: Meloetta|0 fnt\n|-unboost|p2a: Infernape|def|1\n|-unboost|p2a: Infernape|spd|1\n|faint|p1a: Meloetta\n|-damage|p2a: Infernape|65/100|[from] item: Life Orb\n|\n|-weather|SunnyDay|[upkeep]\n|upkeep\n|inactive|Time left: 300 sec this turn | 300 sec total | 5 sec grace\n|\n|t:|1783566107\n|switch|p1a: Koraidon|Koraidon, L64|235/235\n|-activate|p1a: Koraidon|move: Sticky Web\n|-unboost|p1a: Koraidon|spe|1\n|-activate|p1a: Koraidon|ability: Orichalcum Pulse\n|turn|21\n|inactive|Time left: 300 sec this turn | 300 sec total\n|\n|t:|1783566108\n|-terastallize|p1a: Koraidon|Fire\n|move|p2a: Infernape|Close Combat|p1a: Koraidon\n|-damage|p1a: Koraidon|52/235\n|-unboost|p2a: Infernape|def|1\n|-unboost|p2a: Infernape|spd|1\n|-damage|p2a: Infernape|55/100|[from] item: Life Orb\n|move|p1a: Koraidon|Collision Course|p2a: Infernape\n|-damage|p2a: Infernape|0 fnt\n|faint|p2a: Infernape\n|\n|win|p0x2250bde0", "uploadtime": 1783566108, "views": 0, "rating": 0, "private": 0, "password": null, "_winner": "p0x2250bde0", "_our_name": "p0x2250bde0"}