{"id": "battle-gen9randombattle-112", "formatid": "gen9randombattle", "format": "[Gen 9] Random Battle", "players": ["p0x11203f2", "p0y1127874"], "log": "|init|battle\n|title|p0x11203f2 vs. p0y1127874\n|j|\u2606p0x11203f2\n|j|\u2606p0y1127874\n|t:|1783540793\n|gametype|singles\n|player|p1|p0x11203f2|1|\n|player|p2|p0y1127874|266|\n|gen|9\n|tier|[Gen 9] Random Battle\n|rule|Species Clause: Limit one of each Pok\u00e9mon\n|rule|HP Percentage Mod: HP is shown in percentages\n|rule|Sleep Clause Mod: Limit one foe put to sleep\n|rule|Illusion Level Mod: Illusion disguises the Pok\u00e9mon's true level\n|\n|t:|1783540793\n|teamsize|p1|6\n|teamsize|p2|6\n|start\n|switch|p1a: Arceus|Arceus-Bug, L73|295/295\n|switch|p2a: Latias|Latias, L79, F|100/100\n|turn|1\n|inactive|Battle timer is ON: inactive players will automatically lose when time's up. (requested by p0y1127874)\n|inactive|Time left: 300 sec this turn | 300 sec total | 60 sec grace\n|inactive|p0x11203f2 also wants the timer to be on.\n|\n|t:|1783540795\n|switch|p2a: Luxray|Luxray, L88, M|100/100\n|move|p1a: Arceus|Judgment|p2a: Luxray\n|-damage|p2a: Luxray|59/100\n|\n|-status|p2a: Luxray|brn|[from] item: Flame Orb\n|upkeep\n|turn|2\n|inactive|Time left: 300 sec this turn | 300 sec total\n|\n|t:|1783540796\n|move|p1a: Arceus|Judgment|p2a: Luxray\n|-damage|p2a: Luxray|17/100 brn\n|move|p2a: Luxray|Facade|p1a: Arceus\n|-damage|p1a: Arceus|114/295\n|\n|-damage|p2a: Luxray|11/100 brn|[from] brn\n|upkeep\n|turn|3\n|inactive|Time left: 300 sec this turn | 300 sec total\n|\n|t:|1783540797\n|switch|p2a: Hitmonchan|Hitmonchan, L87, M|100/100\n|move|p1a: Arceus|Judgment|p2a: Hitmonchan\n|-resisted|p2a: Hitmonchan\n|-damage|p2a: Hitmonchan|81/100\n|\n|-heal|p2a: Hitmonchan|87/100|[from] item: Leftovers\n|upkeep\n|turn|4\n|inactive|Time left: 300 sec this turn | 300 sec total\n|\n|t:|1783540799\n|move|p1a: Arceus|Recover|p1a: Arceus\n|-heal|p1a: Arceus|262/295\n|move|p2a: Hitmonchan|Bulk Up|p2a: Hitmonchan\n|-boost|p2a: Hitmonchan|atk|1\n|-boost|p2a: Hitmonchan|def|1\n|\n|-heal|p2a: Hitmonchan|94/100|[from] item: Leftovers\n|upkeep\n|turn|5\n|inactive|Time left: 300 sec this turn | 300 sec total\n|\n|t:|1783540800\n|move|p1a: Arceus|Calm Mind|p1a: Arceus\n|-boost|p1a: Arceus|spa|1\n|-boost|p1a: Arceus|spd|1\n|move|p2a: Hitmonchan|Bulk Up|p2a: Hitmonchan\n|-boost|p2a: Hitmonchan|atk|1\n|-boost|p2a: Hitmonchan|def|1\n|\n|-heal|p2a: Hitmonchan|99/100|[from] item: Leftovers\n|upkeep\n|turn|6\n|inactive|Time left: 300 sec this turn | 300 sec total\n|\n|t:|1783540801\n|move|p1a: Arceus|Calm Mind|p1a: Arceus\n|-boost|p1a: Arceus|spa|1\n|-boost|p1a: Arceus|spd|1\n|move|p2a: Hitmonchan|Drain Punch|p1a: Arceus\n|-resisted|p1a: Arceus\n|-damage|p1a: Arceus|158/295\n|-heal|p2a: Hitmonchan|100/100|[from] drain|[of] p1a: Arceus\n|\n|upkeep\n|turn|7\n|inactive|Time left: 300 sec this turn | 300 sec total\n|\n|t:|1783540802\n|move|p1a: Arceus|Recover|p1a: Arceus\n|-heal|p1a: Arceus|295/295\n|move|p2a: Hitmonchan|Rapid Spin|p1a: Arceus\n|-damage|p1a: Arceus|224/295\n|-boost|p2a: Hitmonchan|spe|1\n|\n|upkeep\n|turn|8\n|inactive|Time left: 300 sec this turn | 300 sec total\n|\n|t:|1783540803\n|move|p2a: Hitmonchan|Bulk Up|p2a: Hitmonchan\n|-boost|p2a: Hitmonchan|atk|1\n|-boost|p2a: Hitmonchan|def|1\n|move|p1a: Arceus|Recover|p1a: Arceus\n|-heal|p1a: Arceus|295/295\n|\n|upkeep\n|turn|9\n|inactive|Time left: 300 sec this turn | 300 sec total\n|\n|t:|1783540804\n|move|p2a: Hitmonchan|Rapid Spin|p1a: Arceus\n|-damage|p1a: Arceus|200/295\n|-boost|p2a: Hitmonchan|spe|1\n|move|p1a: Arceus|Recover|p1a: Arceus\n|-heal|p1a: Arceus|295/295\n|\n|upkeep\n|turn|10\n|inactive|Time left: 300 sec this turn | 300 sec total\n|\n|t:|1783540804\n|move|p2a: Hitmonchan|Drain Punch|p1a: Arceus\n|-resisted|p1a: Arceus\n|-damage|p1a: Arceus|170/295\n|move|p1a: Arceus|Recover|p1a: Arceus\n|-heal|p1a: Arceus|295/295\n|\n|upkeep\n|turn|11\n|inactive|Time left: 300 sec this turn | 300 sec total\n|\n|t:|1783540805\n|move|p2a: Hitmonchan|Drain Punch|p1a: Arceus\n|-resisted|p1a: Arceus\n|-damage|p1a: Arceus|180/295\n|move|p1a: Arceus|Recover|p1a: Arceus\n|-heal|p1a: Arceus|295/295\n|\n|upkeep\n|turn|12\n|inactive|Time left: 300 sec this turn | 300 sec total\n|\n|t:|1783540806\n|move|p2a: Hitmonchan|Drain Punch|p1a: Arceus\n|-resisted|p1a: Arceus\n|-damage|p1a: Arceus|175/295\n|move|p1a: Arceus|Recover|p1a: Arceus\n|-heal|p1a: Arceus|295/295\n|\n|upkeep\n|turn|13\n|inactive|Time left: 300 sec this turn | 300 sec total\n|\n|t:|1783540807\n|move|p2a: Hitmonchan|Drain Punch|p1a: Arceus\n|-resisted|p1a: Arceus\n|-damage|p1a: Arceus|173/295\n|move|p1a: Arceus|Recover|p1a: Arceus\n|-heal|p1a: Arceus|295/295\n|\n|upkeep\n|turn|14\n|inactive|Time left: 300 sec this turn | 300 sec total\n|\n|t:|1783540808\n|move|p2a: Hitmonchan|Drain Punch|p1a: Arceus\n|-resisted|p1a: Arceus\n|-damage|p1a: Arceus|181/295\n|move|p1a: Arceus|Judgment|p2a: Hitmonchan\n|-resisted|p2a: Hitmonchan\n|-damage|p2a: Hitmonchan|62/100\n|\n|-heal|p2a: Hitmonchan|68/100|[from] item: Leftovers\n|upkeep\n|turn|15\n|inactive|Time left: 300 sec this turn | 300 sec total\n|\n|t:|1783540809\n|move|p2a: Hitmonchan|Drain Punch|p1a: Arceus\n|-resisted|p1a: Arceus\n|-damage|p1a: Arceus|52/295\n|-heal|p2a: Hitmonchan|96/100|[from] drain|[of] p1a: Arceus\n|move|p1a: Arceus|Judgment|p2a: Hitmonchan\n|-resisted|p2a: Hitmonchan\n|-damage|p2a: Hitmonchan|54/100\n|\n|-heal|p2a: Hitmonchan|60/100|[from] item: Leftovers\n|upkeep\n|turn|16\n|inactive|Time left: 300 sec this turn | 300 sec total\n|\n|t:|1783540810\n|move|p2a: Hitmonchan|Drain Punch|p1a: Arceus\n|-resisted|p1a: Arceus\n|-damage|p1a: Arceus|0 fnt\n|-heal|p2a: Hitmonchan|72/100|[from] drain|[of] p1a: Arceus\n|faint|p1a: Arceus\n|\n|-heal|p2a: Hitmonchan|78/100|[from] item: Leftovers\n|upkeep\n|inactive|Time left: 300 sec this turn | 300 sec total | 5 sec grace\n|\n|t:|1783540811\n|switch|p1a: Reuniclus|Reuniclus, L88, F|337/337\n|turn|17\n|inactive|Time left: 300 sec this turn | 300 sec total\n|\n|t:|1783540812\n|-terastallize|p1a: Reuniclus|Fighting\n|move|p2a: Hitmonchan|Knock Off|p1a: Reuniclus\n|-resisted|p1a: Reuniclus\n|-damage|p1a: Reuniclus|240/337\n|-enditem|p1a: Reuniclus|Life Orb|[from] move: Knock Off|[of] p2a: Hitmonchan\n|move|p1a: Reuniclus|Focus Blast|p2a: Hitmonchan|[miss]\n|-miss|p1a: Reuniclus|p2a: Hitmonchan\n|\n|-heal|p2a: Hitmonchan|84/100|[from] item: Leftovers\n|upkeep\n|turn|18\n|inactive|Time left: 300 sec this turn | 300 sec total\n|\n|t:|1783540813\n|switch|p1a: Slither Wing|Slither Wing, L81|270/270\n|move|p2a: Hitmonchan|Drain Punch|p1a: Slither Wing\n|-resisted|p1a: Slither Wing\n|-damage|p1a: Slither Wing|133/270\n|-heal|p2a: Hitmonchan|100/100|[from] drain|[of] p1a: Slither Wing\n|\n|upkeep\n|turn|19\n|inactive|Time left: 300 sec this turn | 300 sec total\n|\n|t:|1783540814\n|move|p2a: Hitmonchan|Drain Punch|p1a: Slither Wing\n|-resisted|p1a: Slither Wing\n|-damage|p1a: Slither Wing|0 fnt\n|faint|p1a: Slither Wing\n|-end|p1a: Slither Wing|Protosynthesis|[silent]\n|\n|upkeep\n|inactive|Time left: 300 sec this turn | 300 sec total | 5 sec grace\n|\n|t:|1783540815\n|switch|p1a: Electrode|Electrode-Hisui, L87|246/246\n|turn|20\n|inactive|Time left: 300 sec this turn | 300 sec total\n|\n|t:|1783540816\n|move|p2a: Hitmonchan|Drain Punch|p1a: Electrode\n|-damage|p1a: Electrode|0 fnt\n|faint|p1a: Electrode\n|\n|upkeep\n|inactive|Time left: 300 sec this turn | 300 sec total | 5 sec grace\n|\n|t:|1783540817\n|switch|p1a: Grafaiai|Grafaiai, L86, F|249/249\n|turn|21\n|inactive|Time left: 300 sec this turn | 300 sec total\n|\n|t:|1783540819\n|move|p2a: Hitmonchan|Drain Punch|p1a: Grafaiai\n|-damage|p1a: Grafaiai|0 fnt\n|faint|p1a: Grafaiai\n|\n|upkeep\n|inactive|Time left: 300 sec this turn | 300 sec total | 5 sec grace\n|\n|t:|1783540819\n|switch|p1a: Reuniclus|Reuniclus, L88, F, tera:Fighting|240/337\n|turn|22\n|inactive|Time left: 300 sec this turn | 300 sec total\n|\n|t:|1783540820\n|move|p2a: Hitmonchan|Drain Punch|p1a: Reuniclus\n|-damage|p1a: Reuniclus|0 fnt\n|faint|p1a: Reuniclus\n|\n|upkeep\n|inactive|Time left: 300 sec this turn | 300 sec total | 5 sec grace\n|\n|t:|1783540821\n|switch|p1a: Luvdisc|Luvdisc, M|247/247\n|turn|23\n|inactive|Time left: 300 sec this turn | 300 sec total\n|\n|t:|1783540822\n|move|p2a: Hitmonchan|Drain Punch|p1a: Luvdisc\n|-damage|p1a: Luvdisc|0 fnt\n|faint|p1a: Luvdisc\n|\n|win|p0y1127874", "uploadtime": 1783540822, "views": 0, "rating": 0, "private": 0, "password": null, "_winner": "p0y1127874", "_our_name": "p0x11203f2"}