{"id": "battle-gen9randombattle-2322", "formatid": "gen9randombattle", "format": "[Gen 9] Random Battle", "players": ["p0x23229765", "p0y23224e40"], "log": "|init|battle\n|title|p0x23229765 vs. p0y23224e40\n|j|\u2606p0x23229765\n|j|\u2606p0y23224e40\n|t:|1783566957\n|gametype|singles\n|player|p1|p0x23229765|170|\n|player|p2|p0y23224e40|1|\n|gen|9\n|tier|[Gen 9] Random Battle\n|rule|Species Clause: Limit one of each Pok\u00e9mon\n|rule|HP Percentage Mod: HP is shown in percentages\n|rule|Sleep Clause Mod: Limit one foe put to sleep\n|rule|Illusion Level Mod: Illusion disguises the Pok\u00e9mon's true level\n|\n|t:|1783566958\n|teamsize|p1|6\n|teamsize|p2|6\n|start\n|switch|p1a: Frosmoth|Frosmoth, L82, F|249/249\n|switch|p2a: Suicune|Suicune, L82|100/100\n|-ability|p2a: Suicune|Pressure\n|turn|1\n|inactive|Battle timer is ON: inactive players will automatically lose when time's up. (requested by p0x23229765)\n|inactive|p0y23224e40 also wants the timer to be on.\n|\n|t:|1783566959\n|move|p2a: Suicune|Calm Mind|p2a: Suicune\n|-boost|p2a: Suicune|spa|1\n|-boost|p2a: Suicune|spd|1\n|move|p1a: Frosmoth|Quiver Dance|p1a: Frosmoth\n|-boost|p1a: Frosmoth|spa|1\n|-boost|p1a: Frosmoth|spd|1\n|-boost|p1a: Frosmoth|spe|1\n|\n|upkeep\n|turn|2\n|inactive|Time left: 300 sec this turn | 300 sec total\n|\n|t:|1783566960\n|move|p1a: Frosmoth|Quiver Dance|p1a: Frosmoth\n|-boost|p1a: Frosmoth|spa|1\n|-boost|p1a: Frosmoth|spd|1\n|-boost|p1a: Frosmoth|spe|1\n|move|p2a: Suicune|Calm Mind|p2a: Suicune\n|-boost|p2a: Suicune|spa|1\n|-boost|p2a: Suicune|spd|1\n|\n|upkeep\n|turn|3\n|inactive|Time left: 300 sec this turn | 300 sec total\n|\n|t:|1783566961\n|move|p1a: Frosmoth|Quiver Dance|p1a: Frosmoth\n|-boost|p1a: Frosmoth|spa|1\n|-boost|p1a: Frosmoth|spd|1\n|-boost|p1a: Frosmoth|spe|1\n|move|p2a: Suicune|Substitute|p2a: Suicune\n|-start|p2a: Suicune|Substitute\n|-damage|p2a: Suicune|76/100\n|\n|-heal|p2a: Suicune|82/100|[from] item: Leftovers\n|upkeep\n|turn|4\n|inactive|Time left: 300 sec this turn | 300 sec total\n|\n|t:|1783566962\n|move|p1a: Frosmoth|Giga Drain|p2a: Suicune\n|-supereffective|p2a: Suicune\n|-end|p2a: Suicune|Substitute\n|move|p2a: Suicune|Calm Mind|p2a: Suicune\n|-boost|p2a: Suicune|spa|1\n|-boost|p2a: Suicune|spd|1\n|\n|-heal|p2a: Suicune|88/100|[from] item: Leftovers\n|upkeep\n|turn|5\n|inactive|Time left: 300 sec this turn | 300 sec total\n|\n|t:|1783566963\n|move|p1a: Frosmoth|Quiver Dance|p1a: Frosmoth\n|-boost|p1a: Frosmoth|spa|1\n|-boost|p1a: Frosmoth|spd|1\n|-boost|p1a: Frosmoth|spe|1\n|move|p2a: Suicune|Scald|p1a: Frosmoth\n|-damage|p1a: Frosmoth|219/249\n|\n|-heal|p2a: Suicune|94/100|[from] item: Leftovers\n|upkeep\n|turn|6\n|inactive|Time left: 300 sec this turn | 300 sec total\n|\n|t:|1783566964\n|move|p1a: Frosmoth|Giga Drain|p2a: Suicune\n|-supereffective|p2a: Suicune\n|-damage|p2a: Suicune|49/100\n|-heal|p1a: Frosmoth|249/249|[from] drain|[of] p2a: Suicune\n|move|p2a: Suicune|Substitute|p2a: Suicune\n|-start|p2a: Suicune|Substitute\n|-damage|p2a: Suicune|24/100\n|\n|-heal|p2a: Suicune|30/100|[from] item: Leftovers\n|upkeep\n|turn|7\n|inactive|Time left: 300 sec this turn | 300 sec total\n|\n|t:|1783566965\n|-terastallize|p2a: Suicune|Steel\n|move|p1a: Frosmoth|Giga Drain|p2a: Suicune\n|-resisted|p2a: Suicune\n|-activate|p2a: Suicune|move: Substitute|[damage]\n|move|p2a: Suicune|Calm Mind|p2a: Suicune\n|-boost|p2a: Suicune|spa|1\n|-boost|p2a: Suicune|spd|1\n|\n|-heal|p2a: Suicune|36/100|[from] item: Leftovers\n|upkeep\n|turn|8\n|inactive|Time left: 300 sec this turn | 300 sec total\n|\n|t:|1783566966\n|move|p1a: Frosmoth|Quiver Dance|p1a: Frosmoth\n|-boost|p1a: Frosmoth|spa|1\n|-boost|p1a: Frosmoth|spd|1\n|-boost|p1a: Frosmoth|spe|1\n|move|p2a: Suicune|Scald|p1a: Frosmoth\n|-damage|p1a: Frosmoth|219/249\n|-status|p1a: Frosmoth|brn\n|\n|-heal|p2a: Suicune|42/100|[from] item: Leftovers\n|-damage|p1a: Frosmoth|204/249 brn|[from] brn\n|upkeep\n|turn|9\n|inactive|Time left: 300 sec this turn | 300 sec total\n|\n|t:|1783566967\n|move|p1a: Frosmoth|Giga Drain|p2a: Suicune\n|-resisted|p2a: Suicune\n|-activate|p2a: Suicune|move: Substitute|[damage]\n|-heal|p1a: Frosmoth|220/249 brn|[from] drain|[of] p2a: Suicune\n|move|p2a: Suicune|Scald|p1a: Frosmoth\n|-crit|p1a: Frosmoth\n|-damage|p1a: Frosmoth|58/249 brn\n|\n|-heal|p2a: Suicune|48/100|[from] item: Leftovers\n|-damage|p1a: Frosmoth|43/249 brn|[from] brn\n|upkeep\n|turn|10\n|inactive|Time left: 300 sec this turn | 300 sec total\n|\n|t:|1783566969\n|move|p1a: Frosmoth|Giga Drain|p2a: Suicune\n|-resisted|p2a: Suicune\n|-crit|p2a: Suicune\n|-end|p2a: Suicune|Substitute\n|-heal|p1a: Frosmoth|49/249 brn|[from] drain|[of] p2a: Suicune\n|move|p2a: Suicune|Scald|p1a: Frosmoth\n|-damage|p1a: Frosmoth|14/249 brn\n|\n|-heal|p2a: Suicune|54/100|[from] item: Leftovers\n|-damage|p1a: Frosmoth|0 fnt|[from] brn\n|faint|p1a: Frosmoth\n|upkeep\n|inactive|Time left: 300 sec this turn | 300 sec total | 5 sec grace\n|\n|t:|1783566970\n|switch|p1a: Skeledirge|Skeledirge, L79, F|294/294\n|turn|11\n|inactive|Time left: 300 sec this turn | 300 sec total\n|\n|t:|1783566971\n|move|p2a: Suicune|Scald|p1a: Skeledirge\n|-supereffective|p1a: Skeledirge\n|-crit|p1a: Skeledirge\n|-damage|p1a: Skeledirge|18/294\n|move|p1a: Skeledirge|Torch Song|p2a: Suicune\n|-supereffective|p2a: Suicune\n|-damage|p2a: Suicune|5/100\n|-boost|p1a: Skeledirge|spa|1\n|\n|-heal|p2a: Suicune|11/100|[from] item: Leftovers\n|upkeep\n|turn|12\n|inactive|Time left: 300 sec this turn | 300 sec total\n|\n|t:|1783566972\n|switch|p1a: Mimikyu|Mimikyu, L79, M|216/216\n|move|p2a: Suicune|Scald|p1a: Mimikyu\n|-activate|p1a: Mimikyu|ability: Disguise\n|-damage|p1a: Mimikyu|216/216\n|-status|p1a: Mimikyu|brn\n|detailschange|p1a: Mimikyu|Mimikyu-Busted, L79, M\n|-damage|p1a: Mimikyu|189/216 brn|[from] pokemon: Mimikyu-Busted\n|\n|-heal|p2a: Suicune|17/100|[from] item: Leftovers\n|-damage|p1a: Mimikyu|176/216 brn|[from] brn\n|upkeep\n|turn|13\n|inactive|Time left: 300 sec this turn | 300 sec total\n|\n|t:|1783566973\n|move|p1a: Mimikyu|Drain Punch|p2a: Suicune\n|-supereffective|p2a: Suicune\n|-damage|p2a: Suicune|0 fnt\n|-heal|p1a: Mimikyu|201/216 brn|[from] drain|[of] p2a: Suicune\n|faint|p2a: Suicune\n|-damage|p1a: Mimikyu|180/216 brn|[from] item: Life Orb\n|\n|-damage|p1a: Mimikyu|167/216 brn|[from] brn\n|upkeep\n|\n|t:|1783566974\n|switch|p2a: Fezandipiti|Fezandipiti, L82, M|100/100\n|turn|14\n|inactive|Time left: 300 sec this turn | 300 sec total\n|\n|t:|1783566975\n|move|p2a: Fezandipiti|Swords Dance|p2a: Fezandipiti\n|-boost|p2a: Fezandipiti|atk|2\n|move|p1a: Mimikyu|Swords Dance|p1a: Mimikyu\n|-boost|p1a: Mimikyu|atk|2\n|\n|-damage|p1a: Mimikyu|154/216 brn|[from] brn\n|upkeep\n|turn|15\n|inactive|Time left: 300 sec this turn | 300 sec total\n|\n|t:|1783566976\n|move|p2a: Fezandipiti|Play Rough|p1a: Mimikyu\n|-damage|p1a: Mimikyu|0 fnt\n|faint|p1a: Mimikyu\n|\n|upkeep\n|inactive|Time left: 300 sec this turn | 300 sec total | 5 sec grace\n|\n|t:|1783566977\n|switch|p1a: Meowscarada|Meowscarada, L78, M|247/247\n|turn|16\n|inactive|Time left: 300 sec this turn | 300 sec total\n|\n|t:|1783566978\n|move|p1a: Meowscarada|Triple Axel|p2a: Fezandipiti\n|-start|p1a: Meowscarada|typechange|Ice|[from] ability: Protean\n|-damage|p2a: Fezandipiti|88/100\n|-damage|p2a: Fezandipiti|66/100\n|-damage|p2a: Fezandipiti|31/100\n|-hitcount|p2a: Fezandipiti|3\n|move|p2a: Fezandipiti|Play Rough|p1a: Meowscarada\n|-damage|p1a: Meowscarada|40/247\n|\n|-heal|p2a: Fezandipiti|37/100|[from] item: Leftovers\n|upkeep\n|turn|17\n|inactive|Time left: 300 sec this turn | 300 sec total\n|\n|t:|1783566979\n|switch|p2a: Urshifu|Urshifu-Rapid-Strike, L75, F|100/100\n|move|p1a: Meowscarada|Triple Axel|p2a: Urshifu\n|-resisted|p2a: Urshifu\n|-damage|p2a: Urshifu|95/100\n|-resisted|p2a: Urshifu\n|-damage|p2a: Urshifu|82/100\n|-resisted|p2a: Urshifu\n|-damage|p2a: Urshifu|66/100\n|-hitcount|p2a: Urshifu|3\n|\n|upkeep\n|turn|18\n|inactive|Time left: 300 sec this turn | 300 sec total\n|\n|t:|1783566980\n|move|p2a: Urshifu|Aqua Jet|p1a: Meowscarada\n|-damage|p1a: Meowscarada|0 fnt\n|faint|p1a: Meowscarada\n|-damage|p2a: Urshifu|56/100|[from] item: Life Orb\n|\n|upkeep\n|inactive|Time left: 300 sec this turn | 300 sec total | 5 sec grace\n|\n|t:|1783566981\n|switch|p1a: Pelipper|Pelipper, L86, F|243/243\n|-weather|RainDance|[from] ability: Drizzle|[of] p1a: Pelipper\n|turn|19\n|inactive|Time left: 300 sec this turn | 300 sec total\n|\n|t:|1783566982\n|switch|p2a: Raikou|Raikou, L81|100/100\n|-ability|p2a: Raikou|Pressure\n|move|p1a: Pelipper|Surf|p2a: Raikou\n|-damage|p2a: Raikou|51/100\n|\n|-weather|RainDance|[upkeep]\n|upkeep\n|turn|20\n|inactive|Time left: 300 sec this turn | 300 sec total\n|\n|t:|1783566982\n|switch|p1a: Skeledirge|Skeledirge, L79, F|18/294\n|move|p2a: Raikou|Thunderbolt|p1a: Skeledirge\n|-damage|p1a: Skeledirge|0 fnt\n|faint|p1a: Skeledirge\n|\n|-weather|RainDance|[upkeep]\n|upkeep\n|inactive|Time left: 300 sec this turn | 300 sec total | 5 sec grace\n|\n|t:|1783566983\n|switch|p1a: Passimian|Passimian, L83, F|302/302\n|turn|21\n|inactive|Time left: 300 sec this turn | 300 sec total\n|\n|t:|1783566984\n|move|p2a: Raikou|Scald|p1a: Passimian\n|-damage|p1a: Passimian|170/302\n|move|p1a: Passimian|Gunk Shot|p2a: Raikou\n|-damage|p2a: Raikou|8/100\n|\n|-weather|RainDance|[upkeep]\n|-heal|p1a: Passimian|188/302|[from] item: Leftovers\n|upkeep\n|turn|22\n|inactive|Time left: 300 sec this turn | 300 sec total\n|\n|t:|1783566985\n|move|p2a: Raikou|Thunderbolt|p1a: Passimian\n|-damage|p1a: Passimian|50/302\n|move|p1a: Passimian|Knock Off|p2a: Raikou\n|-damage|p2a: Raikou|0 fnt\n|-enditem|p2a: Raikou|Heavy-Duty Boots|[from] move: Knock Off|[of] p1a: Passimian\n|faint|p2a: Raikou\n|\n|-weather|RainDance|[upkeep]\n|-heal|p1a: Passimian|68/302|[from] item: Leftovers\n|upkeep\n|\n|t:|1783566986\n|switch|p2a: Squawkabilly|Squawkabilly-White, L89, M|100/100\n|turn|23\n|inactive|Time left: 300 sec this turn | 300 sec total\n|\n|t:|1783566987\n|move|p2a: Squawkabilly|Double-Edge|p1a: Passimian\n|-damage|p1a: Passimian|0 fnt\n|faint|p1a: Passimian\n|-damage|p2a: Squawkabilly|93/100|[from] Recoil\n|\n|-weather|none\n|upkeep\n|inactive|Time left: 300 sec this turn | 300 sec total | 5 sec grace\n|\n|t:|1783566988\n|switch|p1a: Pelipper|Pelipper, L86, F|243/243\n|-weather|RainDance|[from] ability: Drizzle|[of] p1a: Pelipper\n|turn|24\n|inactive|Time left: 300 sec this turn | 300 sec total\n|\n|t:|1783566989\n|move|p2a: Squawkabilly|Double-Edge|p1a: Pelipper\n|-damage|p1a: Pelipper|0 fnt\n|faint|p1a: Pelipper\n|-damage|p2a: Squawkabilly|65/100|[from] Recoil\n|\n|win|p0y23224e40", "uploadtime": 1783566989, "views": 0, "rating": 0, "private": 0, "password": null, "_winner": "p0y23224e40", "_our_name": "p0x23229765"}