{"id": "battle-gen9randombattle-2720", "formatid": "gen9randombattle", "format": "[Gen 9] Random Battle", "players": ["p0x2720934f", "p0y27204ab5"], "log": "|init|battle\n|title|p0x2720934f vs. p0y27204ab5\n|j|\u2606p0x2720934f\n|j|\u2606p0y27204ab5\n|t:|1783570352\n|gametype|singles\n|player|p1|p0x2720934f|102|\n|player|p2|p0y27204ab5|102|\n|gen|9\n|tier|[Gen 9] Random Battle\n|rule|Species Clause: Limit one of each Pok\u00e9mon\n|rule|HP Percentage Mod: HP is shown in percentages\n|rule|Sleep Clause Mod: Limit one foe put to sleep\n|rule|Illusion Level Mod: Illusion disguises the Pok\u00e9mon's true level\n|\n|t:|1783570352\n|teamsize|p1|6\n|teamsize|p2|6\n|start\n|switch|p1a: Pachirisu|Pachirisu, L96, M|271/271\n|switch|p2a: Krookodile|Krookodile, L79, M|100/100\n|-ability|p2a: Krookodile|Intimidate|boost\n|-unboost|p1a: Pachirisu|atk|1\n|turn|1\n|inactive|Battle timer is ON: inactive players will automatically lose when time's up. (requested by p0y27204ab5)\n|inactive|Time left: 300 sec this turn | 300 sec total | 60 sec grace\n|inactive|p0x2720934f also wants the timer to be on.\n|\n|t:|1783570354\n|move|p1a: Pachirisu|U-turn|p2a: Krookodile\n|-supereffective|p2a: Krookodile\n|-damage|p2a: Krookodile|79/100\n|inactive|Time left: 300 sec this turn | 300 sec total | 65 sec grace\n|\n|t:|1783570355\n|switch|p1a: Mimikyu|Mimikyu, L79, F|216/216|[from] U-turn\n|move|p2a: Krookodile|Knock Off|p1a: Mimikyu\n|-activate|p1a: Mimikyu|ability: Disguise\n|-damage|p1a: Mimikyu|216/216\n|-enditem|p1a: Mimikyu|Life Orb|[from] move: Knock Off|[of] p2a: Krookodile\n|detailschange|p1a: Mimikyu|Mimikyu-Busted, L79, F\n|-damage|p1a: Mimikyu|189/216|[from] pokemon: Mimikyu-Busted\n|-damage|p2a: Krookodile|69/100|[from] item: Life Orb\n|\n|upkeep\n|turn|2\n|inactive|Time left: 300 sec this turn | 300 sec total\n|\n|t:|1783570356\n|move|p1a: Mimikyu|Play Rough|p2a: Krookodile\n|-supereffective|p2a: Krookodile\n|-damage|p2a: Krookodile|0 fnt\n|faint|p2a: Krookodile\n|\n|upkeep\n|\n|t:|1783570357\n|switch|p2a: Chi-Yu|Chi-Yu, L77|100/100\n|-ability|p2a: Chi-Yu|Beads of Ruin\n|turn|3\n|inactive|Time left: 300 sec this turn | 300 sec total\n|\n|t:|1783570358\n|move|p2a: Chi-Yu|Dark Pulse|p1a: Mimikyu\n|-damage|p1a: Mimikyu|68/216\n|move|p1a: Mimikyu|Play Rough|p2a: Chi-Yu\n|-damage|p2a: Chi-Yu|57/100\n|-unboost|p2a: Chi-Yu|atk|1\n|\n|upkeep\n|turn|4\n|inactive|Time left: 300 sec this turn | 300 sec total\n|\n|t:|1783570359\n|switch|p1a: Oricorio|Oricorio, L84, M|263/263\n|move|p2a: Chi-Yu|Fire Blast|p1a: Oricorio\n|-resisted|p1a: Oricorio\n|-damage|p1a: Oricorio|166/263\n|\n|upkeep\n|turn|5\n|inactive|Time left: 300 sec this turn | 300 sec total\n|\n|t:|1783570360\n|move|p1a: Oricorio|Quiver Dance|p1a: Oricorio\n|-boost|p1a: Oricorio|spa|1\n|-boost|p1a: Oricorio|spd|1\n|-boost|p1a: Oricorio|spe|1\n|move|p2a: Chi-Yu|Dark Pulse|p1a: Oricorio\n|-damage|p1a: Oricorio|67/263\n|\n|upkeep\n|turn|6\n|inactive|Time left: 300 sec this turn | 300 sec total\n|\n|t:|1783570361\n|move|p1a: Oricorio|Hurricane|p2a: Chi-Yu\n|-damage|p2a: Chi-Yu|0 fnt\n|faint|p2a: Chi-Yu\n|\n|upkeep\n|\n|t:|1783570362\n|switch|p2a: Calyrex|Calyrex-Ice, L72|100/100\n|-ability|p2a: Calyrex|As One\n|-ability|p2a: Calyrex|Unnerve\n|turn|7\n|inactive|Time left: 300 sec this turn | 300 sec total\n|\n|t:|1783570363\n|move|p1a: Oricorio|Revelation Dance|p2a: Calyrex\n|-supereffective|p2a: Calyrex\n|-damage|p2a: Calyrex|0 fnt\n|faint|p2a: Calyrex\n|\n|upkeep\n|\n|t:|1783570364\n|switch|p2a: Vigoroth|Vigoroth, L85, M|100/100\n|turn|8\n|inactive|Time left: 300 sec this turn | 300 sec total\n|\n|t:|1783570365\n|move|p1a: Oricorio|Roost|p1a: Oricorio\n|-heal|p1a: Oricorio|199/263\n|-singleturn|p1a: Oricorio|move: Roost\n|move|p2a: Vigoroth|Body Slam|p1a: Oricorio\n|-crit|p1a: Oricorio\n|-damage|p1a: Oricorio|66/263\n|-status|p1a: Oricorio|par\n|\n|upkeep\n|turn|9\n|inactive|Time left: 300 sec this turn | 300 sec total\n|\n|t:|1783570366\n|switch|p1a: Meganium|Meganium, L90, F|290/290\n|move|p2a: Vigoroth|Knock Off|p1a: Meganium\n|-damage|p1a: Meganium|235/290\n|-enditem|p1a: Meganium|Leftovers|[from] move: Knock Off|[of] p2a: Vigoroth\n|\n|upkeep\n|turn|10\n|inactive|Time left: 300 sec this turn | 300 sec total\n|\n|t:|1783570367\n|move|p2a: Vigoroth|Bulk Up|p2a: Vigoroth\n|-boost|p2a: Vigoroth|atk|1\n|-boost|p2a: Vigoroth|def|1\n|move|p1a: Meganium|Energy Ball|p2a: Vigoroth\n|-damage|p2a: Vigoroth|67/100\n|\n|upkeep\n|turn|11\n|inactive|Time left: 300 sec this turn | 300 sec total\n|\n|t:|1783570368\n|move|p2a: Vigoroth|Body Slam|p1a: Meganium\n|-damage|p1a: Meganium|136/290\n|move|p1a: Meganium|Encore|p2a: Vigoroth\n|-start|p2a: Vigoroth|Encore\n|\n|upkeep\n|turn|12\n|inactive|Time left: 300 sec this turn | 300 sec total\n|\n|t:|1783570369\n|move|p2a: Vigoroth|Body Slam|p1a: Meganium\n|-damage|p1a: Meganium|39/290\n|move|p1a: Meganium|Energy Ball|p2a: Vigoroth\n|-damage|p2a: Vigoroth|18/100\n|-unboost|p2a: Vigoroth|spd|1\n|\n|upkeep\n|turn|13\n|inactive|Time left: 300 sec this turn | 300 sec total\n|\n|t:|1783570370\n|switch|p1a: Mimikyu|Mimikyu-Busted, L79, F|68/216\n|move|p2a: Vigoroth|Body Slam|p1a: Mimikyu\n|-immune|p1a: Mimikyu\n|\n|upkeep\n|turn|14\n|inactive|Time left: 300 sec this turn | 300 sec total\n|\n|t:|1783570371\n|move|p2a: Vigoroth|Body Slam|p1a: Mimikyu\n|-immune|p1a: Mimikyu\n|move|p1a: Mimikyu|Play Rough|p2a: Vigoroth\n|-damage|p2a: Vigoroth|3/100\n|\n|-end|p2a: Vigoroth|Encore\n|upkeep\n|turn|15\n|inactive|Time left: 300 sec this turn | 300 sec total\n|\n|t:|1783570372\n|switch|p1a: Pikachu|Pikachu-Sinnoh, L93, M|216/216\n|move|p2a: Vigoroth|Slack Off|p2a: Vigoroth\n|-heal|p2a: Vigoroth|53/100\n|\n|upkeep\n|turn|16\n|inactive|Time left: 300 sec this turn | 300 sec total\n|\n|t:|1783570373\n|switch|p2a: Venusaur|Venusaur, L84, M|100/100\n|-terastallize|p1a: Pikachu|Water\n|move|p1a: Pikachu|Surf|p2a: Venusaur\n|-resisted|p2a: Venusaur\n|-damage|p2a: Venusaur|77/100\n|\n|-heal|p2a: Venusaur|84/100|[from] item: Leftovers\n|upkeep\n|turn|17\n|inactive|Time left: 300 sec this turn | 300 sec total\n|\n|t:|1783570374\n|switch|p1a: Uxie|Uxie, L83|260/260\n|move|p2a: Venusaur|Sludge Bomb|p1a: Uxie\n|-damage|p1a: Uxie|188/260\n|-status|p1a: Uxie|psn\n|\n|-heal|p1a: Uxie|204/260 psn|[from] item: Leftovers\n|-heal|p2a: Venusaur|90/100|[from] item: Leftovers\n|-damage|p1a: Uxie|172/260 psn|[from] psn\n|upkeep\n|turn|18\n|inactive|Time left: 300 sec this turn | 300 sec total\n|\n|t:|1783570375\n|move|p1a: Uxie|Psychic Noise|p2a: Venusaur\n|-supereffective|p2a: Venusaur\n|-damage|p2a: Venusaur|47/100\n|-start|p2a: Venusaur|move: Heal Block\n|move|p2a: Venusaur|Sludge Bomb|p1a: Uxie\n|-damage|p1a: Uxie|99/260 psn\n|\n|-heal|p1a: Uxie|115/260 psn|[from] item: Leftovers\n|-damage|p1a: Uxie|83/260 psn|[from] psn\n|upkeep\n|turn|19\n|inactive|Time left: 300 sec this turn | 300 sec total\n|\n|t:|1783570376\n|move|p1a: Uxie|Psychic Noise|p2a: Venusaur\n|-supereffective|p2a: Venusaur\n|-damage|p2a: Venusaur|7/100\n|move|p2a: Venusaur|Sludge Bomb|p1a: Uxie\n|-damage|p1a: Uxie|4/260 psn\n|\n|-heal|p1a: Uxie|20/260 psn|[from] item: Leftovers\n|-damage|p1a: Uxie|0 fnt|[from] psn\n|faint|p1a: Uxie\n|-end|p2a: Venusaur|move: Heal Block\n|upkeep\n|inactive|Time left: 300 sec this turn | 300 sec total | 5 sec grace\n|\n|t:|1783570378\n|switch|p1a: Pikachu|Pikachu-Sinnoh, L93, M, tera:Water|216/216\n|turn|20\n|inactive|Time left: 300 sec this turn | 300 sec total\n|\n|t:|1783570379\n|switch|p2a: Jolteon|Jolteon, L84, M|100/100\n|move|p1a: Pikachu|Volt Tackle|p2a: Jolteon\n|-immune|p2a: Jolteon|[from] ability: Volt Absorb\n|\n|upkeep\n|turn|21\n|inactive|Time left: 300 sec this turn | 300 sec total\n|\n|t:|1783570380\n|move|p2a: Jolteon|Calm Mind|p2a: Jolteon\n|-boost|p2a: Jolteon|spa|1\n|-boost|p2a: Jolteon|spd|1\n|move|p1a: Pikachu|Play Rough|p2a: Jolteon\n|-damage|p2a: Jolteon|45/100\n|\n|upkeep\n|turn|22\n|inactive|Time left: 300 sec this turn | 300 sec total\n|\n|t:|1783570381\n|move|p2a: Jolteon|Alluring Voice|p1a: Pikachu\n|-damage|p1a: Pikachu|87/216\n|move|p1a: Pikachu|Play Rough|p2a: Jolteon|[miss]\n|-miss|p1a: Pikachu|p2a: Jolteon\n|\n|upkeep\n|turn|23\n|inactive|Time left: 300 sec this turn | 300 sec total\n|\n|t:|1783570382\n|switch|p1a: Pachirisu|Pachirisu, L96, M|271/271\n|move|p2a: Jolteon|Alluring Voice|p1a: Pachirisu\n|-damage|p1a: Pachirisu|190/271\n|\n|upkeep\n|turn|24\n|inactive|Time left: 300 sec this turn | 300 sec total\n|\n|t:|1783570383\n|move|p2a: Jolteon|Calm Mind|p2a: Jolteon\n|-boost|p2a: Jolteon|spa|1\n|-boost|p2a: Jolteon|spd|1\n|move|p1a: Pachirisu|U-turn|p2a: Jolteon\n|-damage|p2a: Jolteon|24/100\n|inactive|Time left: 300 sec this turn | 300 sec total | 5 sec grace\n|\n|t:|1783570384\n|switch|p1a: Pikachu|Pikachu-Sinnoh, L93, M, tera:Water|87/216|[from] U-turn\n|\n|upkeep\n|turn|25\n|inactive|Time left: 300 sec this turn | 300 sec total\n|\n|t:|1783570385\n|move|p1a: Pikachu|Fake Out|p2a: Jolteon\n|-damage|p2a: Jolteon|0 fnt\n|faint|p2a: Jolteon\n|\n|upkeep\n|\n|t:|1783570386\n|switch|p2a: Vigoroth|Vigoroth, L85, M|53/100\n|turn|26\n|inactive|Time left: 300 sec this turn | 300 sec total\n|\n|t:|1783570387\n|move|p1a: Pikachu|Volt Tackle|p2a: Vigoroth\n|-damage|p2a: Vigoroth|0 fnt\n|faint|p2a: Vigoroth\n|-damage|p1a: Pikachu|39/216|[from] Recoil\n|\n|upkeep\n|\n|t:|1783570387\n|switch|p2a: Venusaur|Venusaur, L84, M|7/100\n|turn|27\n|inactive|Time left: 300 sec this turn | 300 sec total\n|\n|t:|1783570388\n|-terastallize|p2a: Venusaur|Dark\n|move|p1a: Pikachu|Volt Tackle|p2a: Venusaur\n|-damage|p2a: Venusaur|0 fnt\n|faint|p2a: Venusaur\n|-damage|p1a: Pikachu|33/216|[from] Recoil\n|\n|win|p0x2720934f", "uploadtime": 1783570388, "views": 0, "rating": 0, "private": 0, "password": null, "_winner": "p0x2720934f", "_our_name": "p0x2720934f"}