{"id": "battle-gen9randombattle-1947", "formatid": "gen9randombattle", "format": "[Gen 9] Random Battle", "players": ["p0x194724bf", "p0y19479bbc"], "log": "|init|battle\n|title|p0x194724bf vs. p0y19479bbc\n|j|\u2606p0x194724bf\n|j|\u2606p0y19479bbc\n|t:|1783562524\n|gametype|singles\n|player|p1|p0x194724bf|266|\n|player|p2|p0y19479bbc|1|\n|gen|9\n|tier|[Gen 9] Random Battle\n|rule|Species Clause: Limit one of each Pok\u00e9mon\n|rule|HP Percentage Mod: HP is shown in percentages\n|rule|Sleep Clause Mod: Limit one foe put to sleep\n|rule|Illusion Level Mod: Illusion disguises the Pok\u00e9mon's true level\n|\n|t:|1783562524\n|teamsize|p1|6\n|teamsize|p2|6\n|start\n|switch|p1a: Iron Bundle|Iron Bundle, L78|100/100\n|switch|p2a: Abomasnow|Abomasnow, L84, F|287/287\n|-weather|Snowscape|[from] ability: Snow Warning|[of] p2a: Abomasnow\n|turn|1\n|inactive|Battle timer is ON: inactive players will automatically lose when time's up. (requested by p0x194724bf)\n|inactive|Time left: 300 sec this turn | 300 sec total | 60 sec grace\n|inactive|p0y19479bbc also wants the timer to be on.\n|\n|t:|1783562525\n|move|p1a: Iron Bundle|Freeze-Dry|p2a: Abomasnow\n|-damage|p2a: Abomasnow|211/287\n|move|p2a: Abomasnow|Aurora Veil|p2a: Abomasnow\n|-sidestart|p2: p0y19479bbc|move: Aurora Veil\n|\n|-weather|Snowscape|[upkeep]\n|upkeep\n|turn|2\n|inactive|Time left: 300 sec this turn | 300 sec total\n|\n|t:|1783562526\n|switch|p2a: Rhyperior|Rhyperior, L82, M|323/323\n|move|p1a: Iron Bundle|Ice Beam|p2a: Rhyperior\n|-supereffective|p2a: Rhyperior\n|-damage|p2a: Rhyperior|208/323\n|-enditem|p2a: Rhyperior|Weakness Policy\n|-boost|p2a: Rhyperior|atk|2|[from] item: Weakness Policy\n|-boost|p2a: Rhyperior|spa|2|[from] item: Weakness Policy\n|\n|-weather|Snowscape|[upkeep]\n|upkeep\n|turn|3\n|inactive|Time left: 300 sec this turn | 300 sec total\n|\n|t:|1783562527\n|-terastallize|p2a: Rhyperior|Rock\n|move|p1a: Iron Bundle|Hydro Pump|p2a: Rhyperior\n|-supereffective|p2a: Rhyperior\n|-damage|p2a: Rhyperior|73/323\n|move|p2a: Rhyperior|Stone Edge|p1a: Iron Bundle\n|-supereffective|p1a: Iron Bundle\n|-damage|p1a: Iron Bundle|0 fnt\n|faint|p1a: Iron Bundle\n|-end|p1a: Iron Bundle|Quark Drive|[silent]\n|\n|-weather|Snowscape|[upkeep]\n|upkeep\n|\n|t:|1783562528\n|switch|p1a: Serperior|Serperior, L79, F|100/100\n|turn|4\n|inactive|Time left: 300 sec this turn | 300 sec total\n|\n|t:|1783562529\n|move|p1a: Serperior|Leaf Storm|p2a: Rhyperior\n|-supereffective|p2a: Rhyperior\n|-damage|p2a: Rhyperior|0 fnt\n|-boost|p1a: Serperior|spa|2\n|faint|p2a: Rhyperior\n|-damage|p1a: Serperior|91/100|[from] item: Life Orb\n|\n|-weather|Snowscape|[upkeep]\n|upkeep\n|inactive|Time left: 300 sec this turn | 300 sec total | 5 sec grace\n|\n|t:|1783562530\n|switch|p2a: Bombirdier|Bombirdier, L85, M|258/258\n|turn|5\n|inactive|Time left: 300 sec this turn | 300 sec total\n|\n|t:|1783562531\n|move|p1a: Serperior|Leaf Storm|p2a: Bombirdier\n|-resisted|p2a: Bombirdier\n|-damage|p2a: Bombirdier|190/258\n|-boost|p1a: Serperior|spa|2\n|-damage|p1a: Serperior|81/100|[from] item: Life Orb\n|move|p2a: Bombirdier|Brave Bird|p1a: Serperior\n|-supereffective|p1a: Serperior\n|-crit|p1a: Serperior\n|-damage|p1a: Serperior|0 fnt\n|faint|p1a: Serperior\n|-damage|p2a: Bombirdier|124/258|[from] Recoil\n|\n|-weather|none\n|upkeep\n|\n|t:|1783562533\n|switch|p1a: Coalossal|Coalossal, L89, F|100/100\n|turn|6\n|inactive|Time left: 300 sec this turn | 300 sec total\n|\n|t:|1783562534\n|switch|p2a: Houndoom|Houndoom, L87, M|272/272\n|move|p1a: Coalossal|Will-O-Wisp|p2a: Houndoom\n|-start|p2a: Houndoom|ability: Flash Fire\n|\n|upkeep\n|turn|7\n|inactive|Time left: 300 sec this turn | 300 sec total\n|\n|t:|1783562535\n|move|p2a: Houndoom|Nasty Plot|p2a: Houndoom\n|-boost|p2a: Houndoom|spa|2\n|move|p1a: Coalossal|Stone Edge|p2a: Houndoom\n|-supereffective|p2a: Houndoom\n|-damage|p2a: Houndoom|130/272\n|\n|upkeep\n|turn|8\n|inactive|Time left: 300 sec this turn | 300 sec total\n|\n|t:|1783562536\n|move|p2a: Houndoom|Dark Pulse|p1a: Coalossal\n|-damage|p1a: Coalossal|48/100\n|move|p1a: Coalossal|Stone Edge|p2a: Houndoom\n|-supereffective|p2a: Houndoom\n|-crit|p2a: Houndoom\n|-damage|p2a: Houndoom|0 fnt\n|faint|p2a: Houndoom\n|\n|-sideend|p2: p0y19479bbc|move: Aurora Veil\n|upkeep\n|inactive|Time left: 300 sec this turn | 300 sec total | 5 sec grace\n|\n|t:|1783562537\n|switch|p2a: Abomasnow|Abomasnow, L84, F|211/287\n|-weather|Snowscape|[from] ability: Snow Warning|[of] p2a: Abomasnow\n|turn|9\n|inactive|Time left: 300 sec this turn | 300 sec total\n|\n|t:|1783562538\n|move|p2a: Abomasnow|Aurora Veil|p2a: Abomasnow\n|-sidestart|p2: p0y19479bbc|move: Aurora Veil\n|move|p1a: Coalossal|Flamethrower|p2a: Abomasnow\n|-supereffective|p2a: Abomasnow\n|-damage|p2a: Abomasnow|35/287\n|-status|p2a: Abomasnow|brn\n|\n|-weather|Snowscape|[upkeep]\n|-damage|p2a: Abomasnow|18/287 brn|[from] brn\n|upkeep\n|turn|10\n|inactive|Time left: 300 sec this turn | 300 sec total\n|\n|t:|1783562539\n|move|p2a: Abomasnow|Blizzard|p1a: Coalossal\n|-resisted|p1a: Coalossal\n|-damage|p1a: Coalossal|32/100\n|move|p1a: Coalossal|Rapid Spin|p2a: Abomasnow\n|-damage|p2a: Abomasnow|4/287 brn\n|-boost|p1a: Coalossal|spe|1\n|\n|-weather|Snowscape|[upkeep]\n|-damage|p2a: Abomasnow|0 fnt|[from] brn\n|faint|p2a: Abomasnow\n|upkeep\n|inactive|Time left: 300 sec this turn | 300 sec total | 5 sec grace\n|\n|t:|1783562541\n|switch|p2a: Bombirdier|Bombirdier, L85, M|124/258\n|turn|11\n|inactive|Time left: 300 sec this turn | 300 sec total\n|\n|t:|1783562542\n|move|p2a: Bombirdier|Knock Off|p1a: Coalossal\n|-damage|p1a: Coalossal|0 fnt\n|-enditem|p1a: Coalossal|Heavy-Duty Boots|[from] move: Knock Off|[of] p2a: Bombirdier\n|faint|p1a: Coalossal\n|\n|-weather|Snowscape|[upkeep]\n|upkeep\n|\n|t:|1783562543\n|switch|p1a: Kingdra|Kingdra, L84, M|100/100\n|turn|12\n|inactive|Time left: 300 sec this turn | 300 sec total\n|\n|t:|1783562544\n|move|p1a: Kingdra|Dragon Dance|p1a: Kingdra\n|-boost|p1a: Kingdra|atk|1\n|-boost|p1a: Kingdra|spe|1\n|move|p2a: Bombirdier|Knock Off|p1a: Kingdra\n|-damage|p1a: Kingdra|39/100\n|-enditem|p1a: Kingdra|Lum Berry|[from] move: Knock Off|[of] p2a: Bombirdier\n|\n|-weather|Snowscape|[upkeep]\n|upkeep\n|turn|13\n|inactive|Time left: 300 sec this turn | 300 sec total\n|\n|t:|1783562545\n|move|p1a: Kingdra|Iron Head|p2a: Bombirdier\n|-damage|p2a: Bombirdier|80/258\n|move|p2a: Bombirdier|Knock Off|p1a: Kingdra\n|-damage|p1a: Kingdra|0 fnt\n|faint|p1a: Kingdra\n|\n|-weather|none\n|upkeep\n|\n|t:|1783562546\n|switch|p1a: Arceus|Arceus-Dragon, L71|100/100\n|turn|14\n|inactive|Time left: 300 sec this turn | 300 sec total\n|\n|t:|1783562547\n|move|p1a: Arceus|Calm Mind|p1a: Arceus\n|-boost|p1a: Arceus|spa|1\n|-boost|p1a: Arceus|spd|1\n|move|p2a: Bombirdier|Knock Off|p1a: Arceus\n|-damage|p1a: Arceus|63/100\n|\n|upkeep\n|turn|15\n|inactive|Time left: 300 sec this turn | 300 sec total\n|\n|t:|1783562548\n|switch|p2a: Basculegion|Basculegion, L80, M|323/323\n|move|p1a: Arceus|Calm Mind|p1a: Arceus\n|-boost|p1a: Arceus|spa|1\n|-boost|p1a: Arceus|spd|1\n|\n|upkeep\n|turn|16\n|inactive|Time left: 300 sec this turn | 300 sec total\n|\n|t:|1783562549\n|move|p1a: Arceus|Judgment|p2a: Basculegion\n|-damage|p2a: Basculegion|240/323\n|move|p2a: Basculegion|Wave Crash|p1a: Arceus\n|-resisted|p1a: Arceus\n|-damage|p1a: Arceus|36/100\n|-damage|p2a: Basculegion|215/323|[from] Recoil\n|\n|-sideend|p2: p0y19479bbc|move: Aurora Veil\n|upkeep\n|turn|17\n|inactive|Time left: 300 sec this turn | 300 sec total\n|\n|t:|1783562550\n|move|p1a: Arceus|Judgment|p2a: Basculegion\n|-damage|p2a: Basculegion|41/323\n|move|p2a: Basculegion|Wave Crash|p1a: Arceus\n|-resisted|p1a: Arceus\n|-damage|p1a: Arceus|10/100\n|-damage|p2a: Basculegion|16/323|[from] Recoil\n|\n|upkeep\n|turn|18\n|inactive|Time left: 300 sec this turn | 300 sec total\n|\n|t:|1783562551\n|move|p2a: Basculegion|Aqua Jet|p1a: Arceus\n|-resisted|p1a: Arceus\n|-crit|p1a: Arceus\n|-damage|p1a: Arceus|0 fnt\n|faint|p1a: Arceus\n|\n|upkeep\n|\n|t:|1783562551\n|switch|p1a: Venomoth|Venomoth, L84, F|100/100\n|turn|19\n|inactive|Time left: 300 sec this turn | 300 sec total\n|\n|t:|1783562552\n|-terastallize|p1a: Venomoth|Water\n|move|p1a: Venomoth|Quiver Dance|p1a: Venomoth\n|-boost|p1a: Venomoth|spa|1\n|-boost|p1a: Venomoth|spd|1\n|-boost|p1a: Venomoth|spe|1\n|move|p2a: Basculegion|Wave Crash|p1a: Venomoth\n|-resisted|p1a: Venomoth\n|-damage|p1a: Venomoth|59/100\n|-damage|p2a: Basculegion|0 fnt|[from] Recoil\n|faint|p2a: Basculegion\n|\n|upkeep\n|inactive|Time left: 300 sec this turn | 300 sec total | 5 sec grace\n|\n|t:|1783562553\n|switch|p2a: Bombirdier|Bombirdier, L85, M|80/258\n|turn|20\n|inactive|Time left: 300 sec this turn | 300 sec total\n|\n|t:|1783562554\n|move|p1a: Venomoth|Bug Buzz|p2a: Bombirdier\n|-damage|p2a: Bombirdier|0 fnt\n|faint|p2a: Bombirdier\n|\n|upkeep\n|inactive|Time left: 300 sec this turn | 300 sec total | 5 sec grace\n|\n|t:|1783562555\n|switch|p2a: Iron Hands|Iron Hands, L79|373/373\n|turn|21\n|inactive|Time left: 300 sec this turn | 300 sec total\n|\n|t:|1783562556\n|move|p1a: Venomoth|Sleep Powder|p2a: Iron Hands\n|-status|p2a: Iron Hands|slp|[from] move: Sleep Powder\n|cant|p2a: Iron Hands|slp\n|\n|upkeep\n|turn|22\n|inactive|Time left: 300 sec this turn | 300 sec total\n|\n|t:|1783562556\n|move|p1a: Venomoth|Bug Buzz|p2a: Iron Hands\n|-resisted|p2a: Iron Hands\n|-damage|p2a: Iron Hands|265/373 slp\n|cant|p2a: Iron Hands|slp\n|\n|upkeep\n|turn|23\n|inactive|Time left: 300 sec this turn | 300 sec total\n|\n|t:|1783562557\n|move|p1a: Venomoth|Bug Buzz|p2a: Iron Hands\n|-resisted|p2a: Iron Hands\n|-damage|p2a: Iron Hands|143/373 slp\n|-curestatus|p2a: Iron Hands|slp|[msg]\n|move|p2a: Iron Hands|Thunder Punch|p1a: Venomoth\n|-supereffective|p1a: Venomoth\n|-crit|p1a: Venomoth\n|-damage|p1a: Venomoth|0 fnt\n|faint|p1a: Venomoth\n|\n|win|p0y19479bbc", "uploadtime": 1783562557, "views": 0, "rating": 0, "private": 0, "password": null, "_winner": "p0y19479bbc", "_our_name": "p0y19479bbc"}