{"id": "battle-gen9randombattle-1330", "formatid": "gen9randombattle", "format": "[Gen 9] Random Battle", "players": ["p0x13308970", "p0y1330a940"], "log": "|init|battle\n|title|p0x13308970 vs. p0y1330a940\n|j|\u2606p0x13308970\n|j|\u2606p0y1330a940\n|t:|1783555433\n|gametype|singles\n|player|p1|p0x13308970|265|\n|player|p2|p0y1330a940|101|\n|gen|9\n|tier|[Gen 9] Random Battle\n|rule|Species Clause: Limit one of each Pok\u00e9mon\n|rule|HP Percentage Mod: HP is shown in percentages\n|rule|Sleep Clause Mod: Limit one foe put to sleep\n|rule|Illusion Level Mod: Illusion disguises the Pok\u00e9mon's true level\n|\n|t:|1783555433\n|teamsize|p1|6\n|teamsize|p2|6\n|start\n|switch|p1a: Tsareena|Tsareena, L87, F|267/267\n|switch|p2a: Skeledirge|Skeledirge, L79, F|100/100\n|turn|1\n|inactive|Battle timer is ON: inactive players will automatically lose when time's up. (requested by p0y1330a940)\n|inactive|Time left: 300 sec this turn | 300 sec total | 60 sec grace\n|\n|t:|1783555435\n|switch|p1a: Chi-Yu|Chi-Yu, L77|211/211\n|-ability|p1a: Chi-Yu|Beads of Ruin\n|move|p2a: Skeledirge|Torch Song|p1a: Chi-Yu\n|-resisted|p1a: Chi-Yu\n|-damage|p1a: Chi-Yu|175/211\n|-boost|p2a: Skeledirge|spa|1\n|\n|upkeep\n|turn|2\n|inactive|Time left: 300 sec this turn | 300 sec total\n|inactive|p0x13308970 also wants the timer to be on.\n|\n|t:|1783555436\n|move|p1a: Chi-Yu|Dark Pulse|p2a: Skeledirge\n|-supereffective|p2a: Skeledirge\n|-damage|p2a: Skeledirge|0 fnt\n|faint|p2a: Skeledirge\n|\n|upkeep\n|\n|t:|1783555437\n|switch|p2a: Salamence|Salamence, L77, M|100/100\n|-ability|p2a: Salamence|Intimidate|boost\n|-unboost|p1a: Chi-Yu|atk|1\n|turn|3\n|inactive|Time left: 300 sec this turn | 300 sec total\n|\n|t:|1783555438\n|move|p1a: Chi-Yu|Dark Pulse|p2a: Salamence\n|-damage|p2a: Salamence|47/100\n|move|p2a: Salamence|Earthquake|p1a: Chi-Yu\n|-supereffective|p1a: Chi-Yu\n|-damage|p1a: Chi-Yu|5/211\n|\n|upkeep\n|turn|4\n|inactive|Time left: 300 sec this turn | 300 sec total\n|\n|t:|1783555439\n|move|p1a: Chi-Yu|Dark Pulse|p2a: Salamence\n|-damage|p2a: Salamence|0 fnt\n|faint|p2a: Salamence\n|\n|upkeep\n|\n|t:|1783555440\n|switch|p2a: Espathra|Espathra, L80, F|100/100\n|turn|5\n|inactive|Time left: 300 sec this turn | 300 sec total\n|\n|t:|1783555442\n|move|p1a: Chi-Yu|Dark Pulse|p2a: Espathra\n|-supereffective|p2a: Espathra\n|-damage|p2a: Espathra|0 fnt\n|faint|p2a: Espathra\n|\n|upkeep\n|\n|t:|1783555442\n|switch|p2a: Mudsdale|Mudsdale, L83, F|100/100\n|turn|6\n|inactive|Time left: 300 sec this turn | 300 sec total\n|\n|t:|1783555443\n|switch|p1a: Tsareena|Tsareena, L87, F|267/267\n|move|p2a: Mudsdale|Stealth Rock|p1a: Tsareena\n|-sidestart|p1: p0x13308970|move: Stealth Rock\n|\n|upkeep\n|turn|7\n|inactive|Time left: 300 sec this turn | 300 sec total\n|\n|t:|1783555445\n|move|p1a: Tsareena|Power Whip|p2a: Mudsdale\n|-supereffective|p2a: Mudsdale\n|-damage|p2a: Mudsdale|0 fnt\n|faint|p2a: Mudsdale\n|-damage|p1a: Tsareena|241/267|[from] item: Life Orb\n|\n|upkeep\n|\n|t:|1783555446\n|switch|p2a: Pyroar|Pyroar, L88, M|100/100\n|-ability|p2a: Pyroar|Unnerve\n|turn|8\n|inactive|Time left: 300 sec this turn | 300 sec total\n|\n|t:|1783555447\n|-terastallize|p1a: Tsareena|Fighting\n|move|p2a: Pyroar|Will-O-Wisp|p1a: Tsareena|[miss]\n|-miss|p2a: Pyroar|p1a: Tsareena\n|move|p1a: Tsareena|High Jump Kick|p2a: Pyroar\n|-supereffective|p2a: Pyroar\n|-damage|p2a: Pyroar|0 fnt\n|faint|p2a: Pyroar\n|-damage|p1a: Tsareena|215/267|[from] item: Life Orb\n|\n|upkeep\n|\n|t:|1783555448\n|switch|p2a: Alomomola|Alomomola, L87, M|100/100\n|turn|9\n|inactive|Time left: 300 sec this turn | 300 sec total\n|\n|t:|1783555449\n|move|p2a: Alomomola|Protect|p2a: Alomomola\n|-singleturn|p2a: Alomomola|Protect\n|move|p1a: Tsareena|Power Whip|p2a: Alomomola\n|-activate|p2a: Alomomola|move: Protect\n|\n|upkeep\n|turn|10\n|inactive|Time left: 300 sec this turn | 300 sec total\n|\n|t:|1783555450\n|move|p1a: Tsareena|Power Whip|p2a: Alomomola\n|-supereffective|p2a: Alomomola\n|-damage|p2a: Alomomola|2/100\n|-damage|p1a: Tsareena|189/267|[from] item: Life Orb\n|move|p2a: Alomomola|Wish|p2a: Alomomola\n|\n|upkeep\n|turn|11\n|inactive|Time left: 300 sec this turn | 300 sec total\n|\n|t:|1783555451\n|move|p2a: Alomomola|Protect|p2a: Alomomola\n|-singleturn|p2a: Alomomola|Protect\n|move|p1a: Tsareena|Power Whip|p2a: Alomomola\n|-activate|p2a: Alomomola|move: Protect\n|\n|-heal|p2a: Alomomola|52/100|[from] move: Wish|[wisher] Alomomola\n|upkeep\n|turn|12\n|inactive|Time left: 300 sec this turn | 300 sec total\n|\n|t:|1783555453\n|move|p2a: Alomomola|Protect|p2a: Alomomola\n|-singleturn|p2a: Alomomola|Protect\n|move|p1a: Tsareena|High Jump Kick|p2a: Alomomola\n|-activate|p2a: Alomomola|move: Protect\n|-damage|p1a: Tsareena|56/267|[from] highjumpkick\n|\n|upkeep\n|turn|13\n|inactive|Time left: 300 sec this turn | 300 sec total\n|\n|t:|1783555454\n|move|p1a: Tsareena|High Jump Kick|p2a: Alomomola\n|-damage|p2a: Alomomola|0 fnt\n|faint|p2a: Alomomola\n|-damage|p1a: Tsareena|30/267|[from] item: Life Orb\n|\n|win|p0x13308970", "uploadtime": 1783555454, "views": 0, "rating": 0, "private": 0, "password": null, "_winner": "p0x13308970", "_our_name": "p0x13308970"}