{"id": "battle-gen9randombattle-1461", "formatid": "gen9randombattle", "format": "[Gen 9] Random Battle", "players": ["p0x14618776", "p0y14615d6f"], "log": "|init|battle\n|title|p0x14618776 vs. p0y14615d6f\n|j|\u2606p0x14618776\n|j|\u2606p0y14615d6f\n|t:|1783556083\n|gametype|singles\n|player|p1|p0x14618776|101|\n|player|p2|p0y14615d6f|1|\n|gen|9\n|tier|[Gen 9] Random Battle\n|rule|Species Clause: Limit one of each Pok\u00e9mon\n|rule|HP Percentage Mod: HP is shown in percentages\n|rule|Sleep Clause Mod: Limit one foe put to sleep\n|rule|Illusion Level Mod: Illusion disguises the Pok\u00e9mon's true level\n|\n|t:|1783556083\n|teamsize|p1|6\n|teamsize|p2|6\n|start\n|switch|p1a: Kilowattrel|Kilowattrel, L83, M|100/100\n|switch|p2a: Chimecho|Chimecho, L93, M|290/290\n|turn|1\n|inactive|Battle timer is ON: inactive players will automatically lose when time's up. (requested by p0x14618776)\n|inactive|Time left: 300 sec this turn | 300 sec total | 60 sec grace\n|inactive|p0y14615d6f also wants the timer to be on.\n|\n|t:|1783556084\n|move|p1a: Kilowattrel|Thunderbolt|p2a: Chimecho\n|-damage|p2a: Chimecho|208/290\n|move|p2a: Chimecho|Psychic Noise|p1a: Kilowattrel\n|-damage|p1a: Kilowattrel|52/100\n|-start|p1a: Kilowattrel|move: Heal Block\n|\n|-heal|p2a: Chimecho|226/290|[from] item: Leftovers\n|upkeep\n|turn|2\n|inactive|Time left: 300 sec this turn | 300 sec total\n|\n|t:|1783556086\n|move|p1a: Kilowattrel|Hurricane|p2a: Chimecho|[miss]\n|-miss|p1a: Kilowattrel|p2a: Chimecho\n|move|p2a: Chimecho|Psychic Noise|p1a: Kilowattrel\n|-crit|p1a: Kilowattrel\n|-damage|p1a: Kilowattrel|0 fnt\n|faint|p1a: Kilowattrel\n|\n|-heal|p2a: Chimecho|244/290|[from] item: Leftovers\n|upkeep\n|\n|t:|1783556087\n|switch|p1a: Ambipom|Ambipom, L84, M|100/100\n|turn|3\n|inactive|Time left: 300 sec this turn | 300 sec total\n|\n|t:|1783556088\n|move|p1a: Ambipom|Triple Axel|p2a: Chimecho\n|-damage|p2a: Chimecho|213/290\n|-damage|p2a: Chimecho|152/290\n|-crit|p2a: Chimecho\n|-damage|p2a: Chimecho|19/290\n|-hitcount|p2a: Chimecho|3\n|move|p2a: Chimecho|Knock Off|p1a: Ambipom\n|-damage|p1a: Ambipom|77/100\n|-enditem|p1a: Ambipom|Choice Band|[from] move: Knock Off|[of] p2a: Chimecho\n|\n|-heal|p2a: Chimecho|37/290|[from] item: Leftovers\n|upkeep\n|turn|4\n|inactive|Time left: 300 sec this turn | 300 sec total\n|\n|t:|1783556089\n|switch|p2a: Bronzong|Bronzong, L88|261/261\n|move|p1a: Ambipom|Triple Axel|p2a: Bronzong\n|-resisted|p2a: Bronzong\n|-damage|p2a: Bronzong|252/261\n|-resisted|p2a: Bronzong\n|-damage|p2a: Bronzong|236/261\n|-resisted|p2a: Bronzong\n|-damage|p2a: Bronzong|211/261\n|-hitcount|p2a: Bronzong|3\n|\n|upkeep\n|turn|5\n|inactive|Time left: 300 sec this turn | 300 sec total\n|\n|t:|1783556091\n|move|p1a: Ambipom|Knock Off|p2a: Bronzong\n|-supereffective|p2a: Bronzong\n|-damage|p2a: Bronzong|105/261\n|-enditem|p2a: Bronzong|Chesto Berry|[from] move: Knock Off|[of] p1a: Ambipom\n|move|p2a: Bronzong|Body Press|p1a: Ambipom\n|-supereffective|p1a: Ambipom\n|-damage|p1a: Ambipom|10/100\n|\n|upkeep\n|turn|6\n|inactive|Time left: 300 sec this turn | 300 sec total\n|\n|t:|1783556092\n|move|p1a: Ambipom|Knock Off|p2a: Bronzong\n|-supereffective|p2a: Bronzong\n|-damage|p2a: Bronzong|29/261\n|move|p2a: Bronzong|Body Press|p1a: Ambipom\n|-supereffective|p1a: Ambipom\n|-damage|p1a: Ambipom|0 fnt\n|faint|p1a: Ambipom\n|\n|upkeep\n|\n|t:|1783556093\n|switch|p1a: Lilligant|Lilligant, L86, F|100/100\n|turn|7\n|inactive|Time left: 300 sec this turn | 300 sec total\n|\n|t:|1783556093\n|move|p1a: Lilligant|Quiver Dance|p1a: Lilligant\n|-boost|p1a: Lilligant|spa|1\n|-boost|p1a: Lilligant|spd|1\n|-boost|p1a: Lilligant|spe|1\n|move|p2a: Bronzong|Body Press|p1a: Lilligant\n|-damage|p1a: Lilligant|70/100\n|\n|upkeep\n|turn|8\n|inactive|Time left: 300 sec this turn | 300 sec total\n|\n|t:|1783556094\n|move|p1a: Lilligant|Petal Dance|p2a: Bronzong\n|-resisted|p2a: Bronzong\n|-damage|p2a: Bronzong|0 fnt\n|faint|p2a: Bronzong\n|-damage|p1a: Lilligant|60/100|[from] item: Life Orb\n|\n|upkeep\n|inactive|Time left: 300 sec this turn | 300 sec total | 5 sec grace\n|\n|t:|1783556095\n|switch|p2a: Whiscash|Whiscash, L88, M|337/337\n|turn|9\n|inactive|Time left: 300 sec this turn | 300 sec total\n|\n|t:|1783556097\n|-terastallize|p2a: Whiscash|Poison\n|move|p1a: Lilligant|Petal Dance|p2a: Whiscash|[from] lockedmove\n|-resisted|p2a: Whiscash\n|-damage|p2a: Whiscash|175/337\n|-damage|p1a: Lilligant|50/100|[from] item: Life Orb\n|move|p2a: Whiscash|Ice Beam|p1a: Lilligant\n|-supereffective|p1a: Lilligant\n|-damage|p1a: Lilligant|19/100\n|\n|-heal|p2a: Whiscash|196/337|[from] item: Leftovers\n|upkeep\n|turn|10\n|inactive|Time left: 300 sec this turn | 300 sec total\n|\n|t:|1783556098\n|move|p1a: Lilligant|Sleep Powder|p2a: Whiscash\n|-status|p2a: Whiscash|slp|[from] move: Sleep Powder\n|cant|p2a: Whiscash|slp\n|\n|-heal|p2a: Whiscash|217/337 slp|[from] item: Leftovers\n|upkeep\n|turn|11\n|inactive|Time left: 300 sec this turn | 300 sec total\n|\n|t:|1783556099\n|switch|p2a: Falinks|Falinks, L84|246/246\n|move|p1a: Lilligant|Quiver Dance|p1a: Lilligant\n|-boost|p1a: Lilligant|spa|1\n|-boost|p1a: Lilligant|spd|1\n|-boost|p1a: Lilligant|spe|1\n|\n|upkeep\n|turn|12\n|inactive|Time left: 300 sec this turn | 300 sec total\n|\n|t:|1783556100\n|move|p1a: Lilligant|Petal Dance|p2a: Falinks\n|-crit|p2a: Falinks\n|-damage|p2a: Falinks|0 fnt\n|faint|p2a: Falinks\n|-damage|p1a: Lilligant|9/100|[from] item: Life Orb\n|\n|upkeep\n|inactive|Time left: 300 sec this turn | 300 sec total | 5 sec grace\n|\n|t:|1783556101\n|switch|p2a: Chimecho|Chimecho, L93, M|37/290\n|turn|13\n|inactive|Time left: 300 sec this turn | 300 sec total\n|\n|t:|1783556102\n|move|p1a: Lilligant|Petal Dance|p2a: Chimecho|[from] lockedmove\n|-damage|p2a: Chimecho|0 fnt\n|faint|p2a: Chimecho\n|-damage|p1a: Lilligant|0 fnt|[from] item: Life Orb\n|faint|p1a: Lilligant\n|\n|upkeep\n|inactive|Time left: 300 sec this turn | 300 sec total | 5 sec grace\n|\n|t:|1783556103\n|switch|p1a: Rampardos|Rampardos, L90, M|100/100\n|switch|p2a: Morpeko|Morpeko, L88, M|245/245\n|turn|14\n|inactive|Time left: 300 sec this turn | 300 sec total\n|\n|t:|1783556104\n|switch|p2a: Krookodile|Krookodile, L79, M|280/280\n|-ability|p2a: Krookodile|Intimidate|boost\n|-unboost|p1a: Rampardos|atk|1\n|move|p1a: Rampardos|Earthquake|p2a: Krookodile\n|-damage|p2a: Krookodile|162/280\n|-damage|p1a: Rampardos|91/100|[from] item: Life Orb\n|\n|upkeep\n|turn|15\n|inactive|Time left: 300 sec this turn | 300 sec total\n|\n|t:|1783556105\n|switch|p1a: Walking Wake|Walking Wake, L79|100/100\n|move|p2a: Krookodile|Earthquake|p1a: Walking Wake\n|-crit|p1a: Walking Wake\n|-damage|p1a: Walking Wake|21/100\n|-damage|p2a: Krookodile|134/280|[from] item: Life Orb\n|\n|upkeep\n|turn|16\n|inactive|Time left: 300 sec this turn | 300 sec total\n|\n|t:|1783556106\n|switch|p2a: Whiscash|Whiscash, L88, M, tera:Poison|217/337 slp\n|move|p1a: Walking Wake|Flamethrower|p2a: Whiscash\n|-damage|p2a: Whiscash|96/337 slp\n|\n|-heal|p2a: Whiscash|117/337 slp|[from] item: Leftovers\n|upkeep\n|turn|17\n|inactive|Time left: 300 sec this turn | 300 sec total\n|\n|t:|1783556107\n|move|p1a: Walking Wake|Flamethrower|p2a: Whiscash\n|-damage|p2a: Whiscash|0 fnt\n|faint|p2a: Whiscash\n|\n|upkeep\n|inactive|Time left: 300 sec this turn | 300 sec total | 5 sec grace\n|\n|t:|1783556108\n|switch|p2a: Morpeko|Morpeko, L88, M|245/245\n|turn|18\n|inactive|Time left: 300 sec this turn | 300 sec total\n|\n|t:|1783556109\n|move|p2a: Morpeko|Aura Wheel|p1a: Walking Wake\n|-damage|p1a: Walking Wake|0 fnt\n|-boost|p2a: Morpeko|spe|1\n|faint|p1a: Walking Wake\n|-end|p1a: Walking Wake|Protosynthesis|[silent]\n|\n|-formechange|p2a: Morpeko|Morpeko-Hangry||[from] ability: Hunger Switch\n|upkeep\n|\n|t:|1783556110\n|switch|p1a: Scyther|Scyther, L82, F|100/100\n|turn|19\n|inactive|Time left: 300 sec this turn | 300 sec total\n|\n|t:|1783556111\n|switch|p2a: Krookodile|Krookodile, L79, M|134/280\n|-ability|p2a: Krookodile|Intimidate|boost\n|-unboost|p1a: Scyther|atk|1\n|-terastallize|p1a: Scyther|Fighting\n|move|p1a: Scyther|Swords Dance|p1a: Scyther\n|-boost|p1a: Scyther|atk|2\n|\n|upkeep\n|turn|20\n|inactive|Time left: 300 sec this turn | 300 sec total\n|\n|t:|1783556112\n|move|p1a: Scyther|Bug Bite|p2a: Krookodile\n|-supereffective|p2a: Krookodile\n|-damage|p2a: Krookodile|0 fnt\n|faint|p2a: Krookodile\n|\n|upkeep\n|inactive|Time left: 300 sec this turn | 300 sec total | 5 sec grace\n|\n|t:|1783556113\n|switch|p2a: Morpeko|Morpeko, L88, M|245/245\n|turn|21\n|inactive|Time left: 300 sec this turn | 300 sec total\n|\n|t:|1783556114\n|move|p2a: Morpeko|Protect|p2a: Morpeko\n|-singleturn|p2a: Morpeko|Protect\n|move|p1a: Scyther|Bug Bite|p2a: Morpeko\n|-activate|p2a: Morpeko|move: Protect\n|\n|-formechange|p2a: Morpeko|Morpeko-Hangry||[from] ability: Hunger Switch\n|upkeep\n|turn|22\n|inactive|Time left: 300 sec this turn | 300 sec total\n|\n|t:|1783556115\n|move|p2a: Morpeko|Protect||[still]\n|-fail|p2a: Morpeko\n|move|p1a: Scyther|Bug Bite|p2a: Morpeko\n|-supereffective|p2a: Morpeko\n|-damage|p2a: Morpeko|0 fnt\n|faint|p2a: Morpeko\n|\n|win|p0x14618776", "uploadtime": 1783556115, "views": 0, "rating": 0, "private": 0, "password": null, "_winner": "p0x14618776", "_our_name": "p0y14615d6f"}