{"id": "battle-gen9randombattle-473", "formatid": "gen9randombattle", "format": "[Gen 9] Random Battle", "players": ["p0x4739a3e", "p0y4730907"], "log": "|init|battle\n|title|p0x4739a3e vs. p0y4730907\n|j|\u2606p0x4739a3e\n|j|\u2606p0y4730907\n|t:|1783544538\n|gametype|singles\n|player|p1|p0x4739a3e|265|\n|player|p2|p0y4730907|2|\n|gen|9\n|tier|[Gen 9] Random Battle\n|rule|Species Clause: Limit one of each Pok\u00e9mon\n|rule|HP Percentage Mod: HP is shown in percentages\n|rule|Sleep Clause Mod: Limit one foe put to sleep\n|rule|Illusion Level Mod: Illusion disguises the Pok\u00e9mon's true level\n|\n|t:|1783544538\n|teamsize|p1|6\n|teamsize|p2|6\n|start\n|switch|p1a: Iron Valiant|Iron Valiant, L78|100/100\n|switch|p2a: Solgaleo|Solgaleo, L74|325/325\n|turn|1\n|inactive|Battle timer is ON: inactive players will automatically lose when time's up. (requested by p0y4730907)\n|inactive|p0x4739a3e also wants the timer to be on.\n|\n|t:|1783544540\n|-end|p1a: Iron Valiant|Quark Drive|[silent]\n|switch|p1a: Armarouge|Armarouge, L80, M|100/100\n|move|p2a: Solgaleo|Sunsteel Strike|p1a: Armarouge\n|-resisted|p1a: Armarouge\n|-damage|p1a: Armarouge|82/100\n|-ability|p1a: Armarouge|Weak Armor|boost\n|-unboost|p1a: Armarouge|def|1\n|-boost|p1a: Armarouge|spe|2\n|\n|upkeep\n|turn|2\n|inactive|Time left: 300 sec this turn | 300 sec total\n|\n|t:|1783544541\n|-terastallize|p2a: Solgaleo|Water\n|move|p1a: Armarouge|Armor Cannon|p2a: Solgaleo\n|-resisted|p2a: Solgaleo\n|-damage|p2a: Solgaleo|241/325\n|-unboost|p1a: Armarouge|def|1\n|-unboost|p1a: Armarouge|spd|1\n|move|p2a: Solgaleo|Earthquake|p1a: Armarouge\n|-supereffective|p1a: Armarouge\n|-damage|p1a: Armarouge|0 fnt\n|faint|p1a: Armarouge\n|\n|upkeep\n|\n|t:|1783544542\n|switch|p1a: Falinks|Falinks, L84|100/100\n|turn|3\n|inactive|Time left: 300 sec this turn | 300 sec total\n|\n|t:|1783544543\n|move|p2a: Solgaleo|Sunsteel Strike|p1a: Falinks\n|-damage|p1a: Falinks|59/100\n|move|p1a: Falinks|No Retreat|p1a: Falinks\n|-boost|p1a: Falinks|atk|1\n|-boost|p1a: Falinks|def|1\n|-boost|p1a: Falinks|spa|1\n|-boost|p1a: Falinks|spd|1\n|-boost|p1a: Falinks|spe|1\n|-start|p1a: Falinks|move: No Retreat\n|\n|upkeep\n|turn|4\n|inactive|Time left: 300 sec this turn | 300 sec total\n|\n|t:|1783544544\n|move|p1a: Falinks|Close Combat|p2a: Solgaleo\n|-damage|p2a: Solgaleo|6/325\n|-unboost|p1a: Falinks|def|1\n|-unboost|p1a: Falinks|spd|1\n|-damage|p1a: Falinks|42/100|[from] item: Rocky Helmet|[of] p2a: Solgaleo\n|-damage|p1a: Falinks|32/100|[from] item: Life Orb\n|move|p2a: Solgaleo|Sunsteel Strike|p1a: Falinks\n|-damage|p1a: Falinks|0 fnt\n|faint|p1a: Falinks\n|\n|upkeep\n|\n|t:|1783544545\n|switch|p1a: Porygon-Z|Porygon-Z, L83|100/100\n|turn|5\n|inactive|Time left: 300 sec this turn | 300 sec total\n|\n|t:|1783544546\n|move|p1a: Porygon-Z|Tri Attack|p2a: Solgaleo\n|-damage|p2a: Solgaleo|0 fnt\n|faint|p2a: Solgaleo\n|\n|upkeep\n|inactive|Time left: 300 sec this turn | 300 sec total | 5 sec grace\n|\n|t:|1783544548\n|switch|p2a: Regice|Regice, L88|284/284\n|turn|6\n|inactive|Time left: 300 sec this turn | 300 sec total\n|\n|t:|1783544549\n|move|p1a: Porygon-Z|Tri Attack|p2a: Regice\n|-damage|p2a: Regice|214/284\n|move|p2a: Regice|Ice Beam|p1a: Porygon-Z\n|-damage|p1a: Porygon-Z|58/100\n|\n|upkeep\n|turn|7\n|inactive|Time left: 300 sec this turn | 300 sec total\n|\n|t:|1783544550\n|move|p1a: Porygon-Z|Tri Attack|p2a: Regice\n|-damage|p2a: Regice|146/284\n|move|p2a: Regice|Ice Beam|p1a: Porygon-Z\n|-damage|p1a: Porygon-Z|11/100\n|\n|upkeep\n|turn|8\n|inactive|Time left: 300 sec this turn | 300 sec total\n|\n|t:|1783544551\n|move|p1a: Porygon-Z|Tri Attack|p2a: Regice\n|-damage|p2a: Regice|76/284\n|move|p2a: Regice|Ice Beam|p1a: Porygon-Z\n|-damage|p1a: Porygon-Z|0 fnt\n|faint|p1a: Porygon-Z\n|\n|upkeep\n|\n|t:|1783544552\n|switch|p1a: Rayquaza|Rayquaza, L72|100/100\n|-ability|p1a: Rayquaza|Air Lock\n|turn|9\n|inactive|Time left: 300 sec this turn | 300 sec total\n|\n|t:|1783544553\n|switch|p2a: Eiscue|Eiscue, L88, F|274/274\n|move|p1a: Rayquaza|Outrage|p2a: Eiscue\n|-activate|p2a: Eiscue|ability: Ice Face\n|-damage|p2a: Eiscue|274/274\n|detailschange|p2a: Eiscue|Eiscue-Noice, L88, F\n|\n|upkeep\n|turn|10\n|inactive|Time left: 300 sec this turn | 300 sec total\n|\n|t:|1783544555\n|move|p2a: Eiscue|Ice Spinner|p1a: Rayquaza\n|-supereffective|p1a: Rayquaza\n|-damage|p1a: Rayquaza|0 fnt\n|faint|p1a: Rayquaza\n|\n|upkeep\n|\n|t:|1783544556\n|switch|p1a: Avalugg|Avalugg-Hisui, L90, M|100/100\n|turn|11\n|inactive|Time left: 300 sec this turn | 300 sec total\n|\n|t:|1783544557\n|switch|p2a: Emboar|Emboar, L84, M|322/322\n|move|p1a: Avalugg|Stone Edge|p2a: Emboar\n|-damage|p2a: Emboar|141/322\n|\n|-heal|p2a: Emboar|161/322|[from] item: Leftovers\n|upkeep\n|turn|12\n|inactive|Time left: 300 sec this turn | 300 sec total\n|\n|t:|1783544558\n|-terastallize|p1a: Avalugg|Poison\n|move|p2a: Emboar|Drain Punch|p1a: Avalugg\n|-resisted|p1a: Avalugg\n|-damage|p1a: Avalugg|93/100\n|-heal|p2a: Emboar|174/322|[from] drain|[of] p1a: Avalugg\n|move|p1a: Avalugg|Stone Edge|p2a: Emboar|[miss]\n|-miss|p1a: Avalugg|p2a: Emboar\n|\n|-heal|p2a: Emboar|194/322|[from] item: Leftovers\n|upkeep\n|turn|13\n|inactive|Time left: 300 sec this turn | 300 sec total\n|\n|t:|1783544559\n|move|p2a: Emboar|Flare Blitz|p1a: Avalugg\n|-damage|p1a: Avalugg|62/100\n|-damage|p2a: Emboar|162/322|[from] Recoil\n|move|p1a: Avalugg|Body Press|p2a: Emboar\n|-damage|p2a: Emboar|33/322\n|\n|-heal|p2a: Emboar|53/322|[from] item: Leftovers\n|upkeep\n|turn|14\n|inactive|Time left: 300 sec this turn | 300 sec total\n|\n|t:|1783544560\n|move|p2a: Emboar|Flare Blitz|p1a: Avalugg\n|-damage|p1a: Avalugg|33/100\n|-damage|p2a: Emboar|23/322|[from] Recoil\n|move|p1a: Avalugg|Recover|p1a: Avalugg\n|-heal|p1a: Avalugg|83/100\n|\n|-heal|p2a: Emboar|43/322|[from] item: Leftovers\n|upkeep\n|turn|15\n|inactive|Time left: 300 sec this turn | 300 sec total\n|\n|t:|1783544561\n|move|p2a: Emboar|Flare Blitz|p1a: Avalugg\n|-damage|p1a: Avalugg|52/100\n|-damage|p2a: Emboar|10/322|[from] Recoil\n|move|p1a: Avalugg|Stone Edge|p2a: Emboar\n|-damage|p2a: Emboar|0 fnt\n|faint|p2a: Emboar\n|\n|upkeep\n|inactive|Time left: 300 sec this turn | 300 sec total | 5 sec grace\n|\n|t:|1783544562\n|switch|p2a: Articuno|Articuno-Galar, L84|288/288\n|turn|16\n|inactive|Time left: 300 sec this turn | 300 sec total\n|\n|t:|1783544563\n|move|p2a: Articuno|Freezing Glare|p1a: Avalugg\n|-supereffective|p1a: Avalugg\n|-damage|p1a: Avalugg|0 fnt\n|faint|p1a: Avalugg\n|\n|upkeep\n|\n|t:|1783544564\n|switch|p1a: Iron Valiant|Iron Valiant, L78|100/100\n|turn|17\n|inactive|Time left: 300 sec this turn | 300 sec total\n|\n|t:|1783544565\n|move|p1a: Iron Valiant|Calm Mind|p1a: Iron Valiant\n|-boost|p1a: Iron Valiant|spa|1\n|-boost|p1a: Iron Valiant|spd|1\n|move|p2a: Articuno|Freezing Glare|p1a: Iron Valiant\n|-supereffective|p1a: Iron Valiant\n|-damage|p1a: Iron Valiant|14/100\n|\n|upkeep\n|turn|18\n|inactive|Time left: 300 sec this turn | 300 sec total\n|\n|t:|1783544565\n|move|p1a: Iron Valiant|Calm Mind|p1a: Iron Valiant\n|-boost|p1a: Iron Valiant|spa|1\n|-boost|p1a: Iron Valiant|spd|1\n|move|p2a: Articuno|Freezing Glare|p1a: Iron Valiant\n|-supereffective|p1a: Iron Valiant\n|-damage|p1a: Iron Valiant|0 fnt\n|faint|p1a: Iron Valiant\n|-end|p1a: Iron Valiant|Quark Drive|[silent]\n|\n|win|p0y4730907", "uploadtime": 1783544565, "views": 0, "rating": 0, "private": 0, "password": null, "_winner": "p0y4730907", "_our_name": "p0y4730907"}