{"id": "battle-gen9randombattle-1105", "formatid": "gen9randombattle", "format": "[Gen 9] Random Battle", "players": ["p0x11051e4e", "p0y11058f9f"], "log": "|init|battle\n|title|p0x11051e4e vs. p0y11058f9f\n|j|\u2606p0x11051e4e\n|j|\u2606p0y11058f9f\n|t:|1783552789\n|gametype|singles\n|player|p1|p0x11051e4e|2|\n|player|p2|p0y11058f9f|102|\n|gen|9\n|tier|[Gen 9] Random Battle\n|rule|Species Clause: Limit one of each Pok\u00e9mon\n|rule|HP Percentage Mod: HP is shown in percentages\n|rule|Sleep Clause Mod: Limit one foe put to sleep\n|rule|Illusion Level Mod: Illusion disguises the Pok\u00e9mon's true level\n|\n|t:|1783552789\n|teamsize|p1|6\n|teamsize|p2|6\n|start\n|switch|p1a: Weavile|Weavile, L79, F|100/100\n|switch|p2a: Farigiraf|Farigiraf, L90, M|362/362\n|turn|1\n|inactive|Battle timer is ON: inactive players will automatically lose when time's up. (requested by p0y11058f9f)\n|inactive|p0x11051e4e also wants the timer to be on.\n|\n|t:|1783552791\n|move|p1a: Weavile|Knock Off|p2a: Farigiraf\n|-supereffective|p2a: Farigiraf\n|-damage|p2a: Farigiraf|26/362\n|-enditem|p2a: Farigiraf|Leftovers|[from] move: Knock Off|[of] p1a: Weavile\n|move|p2a: Farigiraf|Body Slam|p1a: Weavile\n|-damage|p1a: Weavile|48/100\n|\n|upkeep\n|turn|2\n|inactive|Time left: 300 sec this turn | 300 sec total\n|\n|t:|1783552792\n|switch|p2a: Ninetales|Ninetales-Alola, L78, F|242/242\n|-weather|Snowscape|[from] ability: Snow Warning|[of] p2a: Ninetales\n|move|p1a: Weavile|Knock Off|p2a: Ninetales\n|-resisted|p2a: Ninetales\n|-damage|p2a: Ninetales|176/242\n|-enditem|p2a: Ninetales|Light Clay|[from] move: Knock Off|[of] p1a: Weavile\n|\n|-weather|Snowscape|[upkeep]\n|upkeep\n|turn|3\n|inactive|Time left: 300 sec this turn | 300 sec total\n|\n|t:|1783552793\n|move|p1a: Weavile|Knock Off|p2a: Ninetales\n|-resisted|p2a: Ninetales\n|-damage|p2a: Ninetales|131/242\n|move|p2a: Ninetales|Aurora Veil|p2a: Ninetales\n|-sidestart|p2: p0y11058f9f|move: Aurora Veil\n|\n|-weather|Snowscape|[upkeep]\n|upkeep\n|turn|4\n|inactive|Time left: 300 sec this turn | 300 sec total\n|\n|t:|1783552794\n|switch|p1a: Milotic|Milotic, L83, M|100/100\n|move|p2a: Ninetales|Moonblast|p1a: Milotic\n|-damage|p1a: Milotic|80/100\n|\n|-weather|Snowscape|[upkeep]\n|-heal|p1a: Milotic|86/100|[from] item: Leftovers\n|upkeep\n|turn|5\n|inactive|Time left: 300 sec this turn | 300 sec total\n|\n|t:|1783552796\n|switch|p2a: Chesnaught|Chesnaught, L84, M|285/285\n|move|p1a: Milotic|Scald|p2a: Chesnaught\n|-resisted|p2a: Chesnaught\n|-damage|p2a: Chesnaught|261/285\n|\n|-weather|Snowscape|[upkeep]\n|-heal|p1a: Milotic|92/100|[from] item: Leftovers\n|-heal|p2a: Chesnaught|278/285|[from] item: Leftovers\n|upkeep\n|turn|6\n|inactive|Time left: 300 sec this turn | 300 sec total\n|\n|t:|1783552797\n|move|p1a: Milotic|Scald|p2a: Chesnaught\n|-resisted|p2a: Chesnaught\n|-damage|p2a: Chesnaught|254/285\n|move|p2a: Chesnaught|Wood Hammer|p1a: Milotic\n|-supereffective|p1a: Milotic\n|-damage|p1a: Milotic|0 fnt\n|faint|p1a: Milotic\n|-damage|p2a: Chesnaught|165/285|[from] Recoil\n|\n|-weather|none\n|-heal|p2a: Chesnaught|182/285|[from] item: Leftovers\n|upkeep\n|\n|t:|1783552797\n|switch|p1a: Mandibuzz|Mandibuzz, L85, F|100/100\n|turn|7\n|inactive|Time left: 300 sec this turn | 300 sec total\n|\n|t:|1783552798\n|move|p1a: Mandibuzz|Brave Bird|p2a: Chesnaught\n|-supereffective|p2a: Chesnaught\n|-damage|p2a: Chesnaught|36/285\n|-damage|p1a: Mandibuzz|86/100|[from] Recoil\n|move|p2a: Chesnaught|Synthesis|p2a: Chesnaught\n|-heal|p2a: Chesnaught|178/285\n|\n|-heal|p2a: Chesnaught|195/285|[from] item: Leftovers\n|-sideend|p2: p0y11058f9f|move: Aurora Veil\n|upkeep\n|turn|8\n|inactive|Time left: 300 sec this turn | 300 sec total\n|\n|t:|1783552799\n|switch|p2a: Stantler|Stantler, L92, F|284/284\n|-ability|p2a: Stantler|Intimidate|boost\n|-unboost|p1a: Mandibuzz|atk|1\n|move|p1a: Mandibuzz|Brave Bird|p2a: Stantler\n|-damage|p2a: Stantler|233/284\n|-damage|p1a: Mandibuzz|81/100|[from] Recoil\n|\n|upkeep\n|turn|9\n|inactive|Time left: 300 sec this turn | 300 sec total\n|\n|t:|1783552800\n|switch|p1a: Cinccino|Cinccino, L83, M|100/100\n|move|p2a: Stantler|Calm Mind|p2a: Stantler\n|-boost|p2a: Stantler|spa|1\n|-boost|p2a: Stantler|spd|1\n|\n|upkeep\n|turn|10\n|inactive|Time left: 300 sec this turn | 300 sec total\n|\n|t:|1783552801\n|move|p1a: Cinccino|Triple Axel|p2a: Stantler\n|-damage|p2a: Stantler|215/284\n|-crit|p2a: Stantler\n|-damage|p2a: Stantler|164/284\n|-damage|p2a: Stantler|112/284\n|-hitcount|p2a: Stantler|3\n|move|p2a: Stantler|Tera Blast|p1a: Cinccino\n|-damage|p1a: Cinccino|33/100\n|\n|upkeep\n|turn|11\n|inactive|Time left: 300 sec this turn | 300 sec total\n|\n|t:|1783552803\n|move|p1a: Cinccino|Triple Axel|p2a: Stantler\n|-damage|p2a: Stantler|95/284\n|-damage|p2a: Stantler|61/284\n|-damage|p2a: Stantler|15/284\n|-hitcount|p2a: Stantler|3\n|move|p2a: Stantler|Tera Blast|p1a: Cinccino\n|-damage|p1a: Cinccino|0 fnt\n|faint|p1a: Cinccino\n|\n|upkeep\n|\n|t:|1783552803\n|switch|p1a: Weavile|Weavile, L79, F|48/100\n|turn|12\n|inactive|Time left: 300 sec this turn | 300 sec total\n|\n|t:|1783552805\n|switch|p2a: Ninetales|Ninetales-Alola, L78, F|131/242\n|-weather|Snowscape|[from] ability: Snow Warning|[of] p2a: Ninetales\n|move|p1a: Weavile|Triple Axel|p2a: Ninetales\n|-resisted|p2a: Ninetales\n|-damage|p2a: Ninetales|116/242\n|-resisted|p2a: Ninetales\n|-damage|p2a: Ninetales|87/242\n|-resisted|p2a: Ninetales\n|-damage|p2a: Ninetales|48/242\n|-hitcount|p2a: Ninetales|3\n|\n|-weather|Snowscape|[upkeep]\n|upkeep\n|turn|13\n|inactive|Time left: 300 sec this turn | 300 sec total\n|\n|t:|1783552806\n|move|p1a: Weavile|Triple Axel|p2a: Ninetales\n|-resisted|p2a: Ninetales\n|-damage|p2a: Ninetales|33/242\n|-resisted|p2a: Ninetales\n|-damage|p2a: Ninetales|5/242\n|-resisted|p2a: Ninetales\n|-damage|p2a: Ninetales|0 fnt\n|faint|p2a: Ninetales\n|-hitcount|p2: Ninetales|3\n|\n|-weather|Snowscape|[upkeep]\n|upkeep\n|inactive|Time left: 300 sec this turn | 300 sec total | 5 sec grace\n|\n|t:|1783552807\n|switch|p2a: Chesnaught|Chesnaught, L84, M|195/285\n|turn|14\n|inactive|Time left: 300 sec this turn | 300 sec total\n|\n|t:|1783552808\n|-terastallize|p2a: Chesnaught|Steel\n|move|p1a: Weavile|Triple Axel|p2a: Chesnaught\n|-resisted|p2a: Chesnaught\n|-damage|p2a: Chesnaught|182/285\n|-resisted|p2a: Chesnaught\n|-damage|p2a: Chesnaught|158/285\n|-resisted|p2a: Chesnaught\n|-damage|p2a: Chesnaught|120/285\n|-hitcount|p2a: Chesnaught|3\n|move|p2a: Chesnaught|Body Press|p1a: Weavile\n|-supereffective|p1a: Weavile\n|-damage|p1a: Weavile|0 fnt\n|faint|p1a: Weavile\n|\n|-weather|Snowscape|[upkeep]\n|-heal|p2a: Chesnaught|137/285|[from] item: Leftovers\n|upkeep\n|\n|t:|1783552809\n|switch|p1a: Jolteon|Jolteon, L84, F|100/100\n|turn|15\n|inactive|Time left: 300 sec this turn | 300 sec total\n|\n|t:|1783552810\n|move|p1a: Jolteon|Thunderbolt|p2a: Chesnaught\n|-damage|p2a: Chesnaught|16/285\n|move|p2a: Chesnaught|Knock Off|p1a: Jolteon\n|-damage|p1a: Jolteon|63/100\n|-enditem|p1a: Jolteon|Leftovers|[from] move: Knock Off|[of] p2a: Chesnaught\n|\n|-weather|Snowscape|[upkeep]\n|-heal|p2a: Chesnaught|33/285|[from] item: Leftovers\n|upkeep\n|turn|16\n|inactive|Time left: 300 sec this turn | 300 sec total\n|\n|t:|1783552811\n|switch|p2a: Stantler|Stantler, L92, F|15/284\n|-ability|p2a: Stantler|Intimidate|boost\n|-unboost|p1a: Jolteon|atk|1\n|move|p1a: Jolteon|Thunderbolt|p2a: Stantler\n|-damage|p2a: Stantler|0 fnt\n|faint|p2a: Stantler\n|\n|-weather|none\n|upkeep\n|inactive|Time left: 300 sec this turn | 300 sec total | 5 sec grace\n|\n|t:|1783552812\n|switch|p2a: Lycanroc|Lycanroc-Dusk, L81, M|254/254\n|turn|17\n|inactive|Time left: 300 sec this turn | 300 sec total\n|\n|t:|1783552813\n|move|p1a: Jolteon|Thunderbolt|p2a: Lycanroc\n|-damage|p2a: Lycanroc|128/254\n|move|p2a: Lycanroc|Stone Edge|p1a: Jolteon\n|-damage|p1a: Jolteon|0 fnt\n|faint|p1a: Jolteon\n|-damage|p2a: Lycanroc|103/254|[from] item: Life Orb\n|\n|upkeep\n|\n|t:|1783552814\n|switch|p1a: Mandibuzz|Mandibuzz, L85, F|81/100\n|turn|18\n|inactive|Time left: 300 sec this turn | 300 sec total\n|\n|t:|1783552815\n|move|p2a: Lycanroc|Stone Edge|p1a: Mandibuzz\n|-supereffective|p1a: Mandibuzz\n|-damage|p1a: Mandibuzz|6/100\n|-damage|p2a: Lycanroc|78/254|[from] item: Life Orb\n|move|p1a: Mandibuzz|Foul Play|p2a: Lycanroc\n|-damage|p2a: Lycanroc|0 fnt\n|faint|p2a: Lycanroc\n|\n|upkeep\n|inactive|Time left: 300 sec this turn | 300 sec total | 5 sec grace\n|\n|t:|1783552816\n|switch|p2a: Zapdos|Zapdos-Galar, L77|265/265\n|turn|19\n|inactive|Time left: 300 sec this turn | 300 sec total\n|\n|t:|1783552817\n|move|p2a: Zapdos|Brave Bird|p1a: Mandibuzz\n|-damage|p1a: Mandibuzz|0 fnt\n|faint|p1a: Mandibuzz\n|-damage|p2a: Zapdos|259/265|[from] Recoil\n|-damage|p2a: Zapdos|233/265|[from] item: Life Orb\n|\n|upkeep\n|\n|t:|1783552818\n|switch|p1a: Deoxys|Deoxys-Speed, L82|100/100\n|-ability|p1a: Deoxys|Pressure\n|turn|20\n|inactive|Time left: 300 sec this turn | 300 sec total\n|\n|t:|1783552819\n|switch|p2a: Farigiraf|Farigiraf, L90, M|26/362\n|move|p1a: Deoxys|Spikes|p2a: Farigiraf\n|-sidestart|p2: p0y11058f9f|Spikes\n|\n|upkeep\n|turn|21\n|inactive|Time left: 300 sec this turn | 300 sec total\n|\n|t:|1783552820\n|-terastallize|p1a: Deoxys|Ghost\n|move|p2a: Farigiraf|Protect|p2a: Farigiraf\n|-singleturn|p2a: Farigiraf|Protect\n|move|p1a: Deoxys|Knock Off|p2a: Farigiraf\n|-activate|p2a: Farigiraf|move: Protect\n|\n|upkeep\n|turn|22\n|inactive|Time left: 300 sec this turn | 300 sec total\n|\n|t:|1783552821\n|move|p2a: Farigiraf|Protect||[still]\n|-fail|p2a: Farigiraf\n|move|p1a: Deoxys|Knock Off|p2a: Farigiraf\n|-supereffective|p2a: Farigiraf\n|-damage|p2a: Farigiraf|0 fnt\n|faint|p2a: Farigiraf\n|-damage|p1a: Deoxys|91/100|[from] item: Life Orb\n|\n|upkeep\n|inactive|Time left: 300 sec this turn | 300 sec total | 5 sec grace\n|\n|t:|1783552822\n|switch|p2a: Zapdos|Zapdos-Galar, L77|233/265\n|turn|23\n|inactive|Time left: 300 sec this turn | 300 sec total\n|\n|t:|1783552822\n|switch|p2a: Chesnaught|Chesnaught, L84, M, tera:Steel|33/285\n|-damage|p2a: Chesnaught|0 fnt|[from] Spikes\n|faint|p2a: Chesnaught\n|move|p1a: Deoxys|Psycho Boost|p2: Chesnaught|[notarget]\n|-fail|p1a: Deoxys\n|\n|upkeep\n|inactive|Time left: 300 sec this turn | 300 sec total | 5 sec grace\n|\n|t:|1783552823\n|switch|p2a: Zapdos|Zapdos-Galar, L77|233/265\n|turn|24\n|inactive|Time left: 300 sec this turn | 300 sec total\n|\n|t:|1783552824\n|move|p1a: Deoxys|Psycho Boost|p2a: Zapdos\n|-supereffective|p2a: Zapdos\n|-damage|p2a: Zapdos|0 fnt\n|-unboost|p1a: Deoxys|spa|2\n|faint|p2a: Zapdos\n|-damage|p1a: Deoxys|81/100|[from] item: Life Orb\n|\n|win|p0x11051e4e", "uploadtime": 1783552824, "views": 0, "rating": 0, "private": 0, "password": null, "_winner": "p0x11051e4e", "_our_name": "p0y11058f9f"}