{"id": "battle-gen9randombattle-2078", "formatid": "gen9randombattle", "format": "[Gen 9] Random Battle", "players": ["p0x20782fe0", "p0y2078f80a"], "log": "|init|battle\n|title|p0x20782fe0 vs. p0y2078f80a\n|j|\u2606p0x20782fe0\n|j|\u2606p0y2078f80a\n|t:|1783563258\n|gametype|singles\n|player|p1|p0x20782fe0|169|\n|player|p2|p0y2078f80a|101|\n|gen|9\n|tier|[Gen 9] Random Battle\n|rule|Species Clause: Limit one of each Pok\u00e9mon\n|rule|HP Percentage Mod: HP is shown in percentages\n|rule|Sleep Clause Mod: Limit one foe put to sleep\n|rule|Illusion Level Mod: Illusion disguises the Pok\u00e9mon's true level\n|\n|t:|1783563258\n|teamsize|p1|6\n|teamsize|p2|6\n|start\n|switch|p1a: Appletun|Appletun, L92, F|100/100\n|switch|p2a: Qwilfish|Qwilfish, L86, F|252/252\n|-ability|p2a: Qwilfish|Intimidate|boost\n|-unboost|p1a: Appletun|atk|1\n|turn|1\n|inactive|Battle timer is ON: inactive players will automatically lose when time's up. (requested by p0y2078f80a)\n|\n|t:|1783563260\n|move|p2a: Qwilfish|Toxic Spikes|p1a: Appletun\n|-sidestart|p1: p0x20782fe0|move: Toxic Spikes\n|move|p1a: Appletun|Dragon Pulse|p2a: Qwilfish\n|-damage|p2a: Qwilfish|107/252\n|\n|-heal|p2a: Qwilfish|122/252|[from] item: Leftovers\n|upkeep\n|turn|2\n|inactive|Time left: 300 sec this turn | 300 sec total\n|inactive|p0x20782fe0 also wants the timer to be on.\n|\n|t:|1783563261\n|switch|p1a: Toxtricity|Toxtricity, L82, F|100/100\n|-sideend|p1: p0x20782fe0|move: Toxic Spikes|[of] p1a: Toxtricity\n|move|p2a: Qwilfish|Gunk Shot|p1a: Toxtricity\n|-resisted|p1a: Toxtricity\n|-damage|p1a: Toxtricity|69/100\n|\n|-heal|p2a: Qwilfish|137/252|[from] item: Leftovers\n|upkeep\n|turn|3\n|inactive|Time left: 300 sec this turn | 300 sec total\n|\n|t:|1783563263\n|switch|p2a: Typhlosion|Typhlosion-Hisui, L83, M|257/257\n|move|p1a: Toxtricity|Boomburst|p2a: Typhlosion\n|-immune|p2a: Typhlosion\n|\n|upkeep\n|turn|4\n|inactive|Time left: 300 sec this turn | 300 sec total\n|\n|t:|1783563264\n|move|p2a: Typhlosion|Eruption|p1a: Toxtricity\n|-damage|p1a: Toxtricity|0 fnt\n|faint|p1a: Toxtricity\n|\n|upkeep\n|\n|t:|1783563265\n|switch|p1a: Milotic|Milotic, L83, M|100/100\n|turn|5\n|inactive|Time left: 300 sec this turn | 300 sec total\n|\n|t:|1783563266\n|move|p2a: Typhlosion|Eruption|p1a: Milotic\n|-resisted|p1a: Milotic\n|-damage|p1a: Milotic|62/100\n|move|p1a: Milotic|Scald|p2a: Typhlosion\n|-supereffective|p2a: Typhlosion\n|-damage|p2a: Typhlosion|93/257\n|\n|-heal|p1a: Milotic|68/100|[from] item: Leftovers\n|upkeep\n|turn|6\n|inactive|Time left: 300 sec this turn | 300 sec total\n|\n|t:|1783563267\n|switch|p2a: Politoed|Politoed, L88, F|302/302\n|-weather|RainDance|[from] ability: Drizzle|[of] p2a: Politoed\n|move|p1a: Milotic|Scald|p2a: Politoed\n|-resisted|p2a: Politoed\n|-damage|p2a: Politoed|243/302\n|\n|-weather|RainDance|[upkeep]\n|-heal|p1a: Milotic|74/100|[from] item: Leftovers\n|upkeep\n|turn|7\n|inactive|Time left: 300 sec this turn | 300 sec total\n|\n|t:|1783563268\n|move|p1a: Milotic|Scald|p2a: Politoed\n|-resisted|p2a: Politoed\n|-damage|p2a: Politoed|188/302\n|move|p2a: Politoed|Hydro Pump|p1a: Milotic\n|-resisted|p1a: Milotic\n|-damage|p1a: Milotic|36/100\n|\n|-weather|RainDance|[upkeep]\n|-heal|p1a: Milotic|42/100|[from] item: Leftovers\n|upkeep\n|turn|8\n|inactive|Time left: 300 sec this turn | 300 sec total\n|\n|t:|1783563269\n|move|p1a: Milotic|Recover|p1a: Milotic\n|-heal|p1a: Milotic|93/100\n|move|p2a: Politoed|Hydro Pump|p1a: Milotic\n|-resisted|p1a: Milotic\n|-damage|p1a: Milotic|59/100\n|\n|-weather|RainDance|[upkeep]\n|-heal|p1a: Milotic|65/100|[from] item: Leftovers\n|upkeep\n|turn|9\n|inactive|Time left: 300 sec this turn | 300 sec total\n|\n|t:|1783563270\n|move|p1a: Milotic|Recover|p1a: Milotic\n|-heal|p1a: Milotic|100/100\n|move|p2a: Politoed|Hydro Pump|p1a: Milotic\n|-resisted|p1a: Milotic\n|-crit|p1a: Milotic\n|-damage|p1a: Milotic|50/100\n|\n|-weather|RainDance|[upkeep]\n|-heal|p1a: Milotic|56/100|[from] item: Leftovers\n|upkeep\n|turn|10\n|inactive|Time left: 300 sec this turn | 300 sec total\n|\n|t:|1783563271\n|move|p1a: Milotic|Scald|p2a: Politoed\n|-resisted|p2a: Politoed\n|-damage|p2a: Politoed|128/302\n|move|p2a: Politoed|Hydro Pump|p1a: Milotic\n|-resisted|p1a: Milotic\n|-damage|p1a: Milotic|18/100\n|\n|-weather|none\n|-heal|p1a: Milotic|24/100|[from] item: Leftovers\n|upkeep\n|turn|11\n|inactive|Time left: 300 sec this turn | 300 sec total\n|\n|t:|1783563272\n|move|p1a: Milotic|Recover|p1a: Milotic\n|-heal|p1a: Milotic|74/100\n|move|p2a: Politoed|Hydro Pump|p1a: Milotic\n|-resisted|p1a: Milotic\n|-damage|p1a: Milotic|51/100\n|\n|-heal|p1a: Milotic|57/100|[from] item: Leftovers\n|upkeep\n|turn|12\n|inactive|Time left: 300 sec this turn | 300 sec total\n|\n|t:|1783563273\n|move|p1a: Milotic|Recover|p1a: Milotic\n|-heal|p1a: Milotic|100/100\n|move|p2a: Politoed|Hydro Pump|p1a: Milotic\n|-resisted|p1a: Milotic\n|-damage|p1a: Milotic|75/100\n|\n|-heal|p1a: Milotic|81/100|[from] item: Leftovers\n|upkeep\n|turn|13\n|inactive|Time left: 300 sec this turn | 300 sec total\n|\n|t:|1783563273\n|move|p1a: Milotic|Scald|p2a: Politoed\n|-resisted|p2a: Politoed\n|-damage|p2a: Politoed|91/302\n|move|p2a: Politoed|Hydro Pump|p1a: Milotic|[miss]\n|-miss|p2a: Politoed|p1a: Milotic\n|\n|-heal|p1a: Milotic|87/100|[from] item: Leftovers\n|upkeep\n|turn|14\n|inactive|Time left: 300 sec this turn | 300 sec total\n|\n|t:|1783563274\n|move|p1a: Milotic|Scald|p2a: Politoed\n|-resisted|p2a: Politoed\n|-damage|p2a: Politoed|52/302\n|move|p2a: Politoed|Hydro Pump|p1a: Milotic\n|-resisted|p1a: Milotic\n|-damage|p1a: Milotic|64/100\n|\n|-heal|p1a: Milotic|70/100|[from] item: Leftovers\n|upkeep\n|turn|15\n|inactive|Time left: 300 sec this turn | 300 sec total\n|\n|t:|1783563275\n|switch|p2a: Goodra|Goodra, L85, F|292/292\n|move|p1a: Milotic|Scald|p2a: Goodra\n|-resisted|p2a: Goodra\n|-damage|p2a: Goodra|271/292\n|-status|p2a: Goodra|brn\n|\n|-heal|p1a: Milotic|76/100|[from] item: Leftovers\n|-damage|p2a: Goodra|253/292 brn|[from] brn\n|upkeep\n|turn|16\n|inactive|Time left: 300 sec this turn | 300 sec total\n|\n|t:|1783563276\n|move|p2a: Goodra|Draco Meteor|p1a: Milotic\n|-damage|p1a: Milotic|35/100\n|-unboost|p2a: Goodra|spa|2\n|move|p1a: Milotic|Recover|p1a: Milotic\n|-heal|p1a: Milotic|85/100\n|\n|-heal|p1a: Milotic|91/100|[from] item: Leftovers\n|-damage|p2a: Goodra|235/292 brn|[from] brn\n|upkeep\n|turn|17\n|inactive|Time left: 300 sec this turn | 300 sec total\n|\n|t:|1783563277\n|switch|p2a: Slowbro|Slowbro-Galar, L87, M|307/307\n|move|p1a: Milotic|Scald|p2a: Slowbro\n|-damage|p2a: Slowbro|201/307\n|\n|-heal|p1a: Milotic|97/100|[from] item: Leftovers\n|upkeep\n|turn|18\n|inactive|Time left: 300 sec this turn | 300 sec total\n|\n|t:|1783563278\n|move|p1a: Milotic|Scald|p2a: Slowbro\n|-damage|p2a: Slowbro|107/307\n|-status|p2a: Slowbro|brn\n|move|p2a: Slowbro|Shell Side Arm|p1a: Milotic|[anim] Shell Side Arm Physical\n|-damage|p1a: Milotic|73/100\n|-hint|Physical Shell Side Arm\n|-damage|p2a: Slowbro|77/307 brn|[from] item: Life Orb\n|\n|-heal|p1a: Milotic|79/100|[from] item: Leftovers\n|-damage|p2a: Slowbro|58/307 brn|[from] brn\n|upkeep\n|turn|19\n|inactive|Time left: 300 sec this turn | 300 sec total\n|\n|t:|1783563279\n|switch|p2a: Goodra|Goodra, L85, F|235/292 brn\n|move|p1a: Milotic|Scald|p2a: Goodra\n|-resisted|p2a: Goodra\n|-damage|p2a: Goodra|217/292 brn\n|\n|-heal|p1a: Milotic|85/100|[from] item: Leftovers\n|-damage|p2a: Goodra|199/292 brn|[from] brn\n|upkeep\n|turn|20\n|inactive|Time left: 300 sec this turn | 300 sec total\n|\n|t:|1783563281\n|move|p2a: Goodra|Fire Blast|p1a: Milotic\n|-resisted|p1a: Milotic\n|-damage|p1a: Milotic|74/100\n|move|p1a: Milotic|Scald|p2a: Goodra\n|-resisted|p2a: Goodra\n|-crit|p2a: Goodra\n|-damage|p2a: Goodra|168/292 brn\n|\n|-heal|p1a: Milotic|80/100|[from] item: Leftovers\n|-damage|p2a: Goodra|150/292 brn|[from] brn\n|upkeep\n|turn|21\n|inactive|Time left: 300 sec this turn | 300 sec total\n|\n|t:|1783563283\n|move|p2a: Goodra|Knock Off|p1a: Milotic\n|-damage|p1a: Milotic|67/100\n|-enditem|p1a: Milotic|Leftovers|[from] move: Knock Off|[of] p2a: Goodra\n|move|p1a: Milotic|Ice Beam|p2a: Goodra\n|-supereffective|p2a: Goodra\n|-damage|p2a: Goodra|98/292 brn\n|\n|-damage|p2a: Goodra|80/292 brn|[from] brn\n|upkeep\n|turn|22\n|inactive|Time left: 300 sec this turn | 300 sec total\n|\n|t:|1783563284\n|move|p2a: Goodra|Draco Meteor|p1a: Milotic\n|-damage|p1a: Milotic|27/100\n|-unboost|p2a: Goodra|spa|2\n|move|p1a: Milotic|Recover|p1a: Milotic\n|-heal|p1a: Milotic|78/100\n|\n|-damage|p2a: Goodra|62/292 brn|[from] brn\n|upkeep\n|turn|23\n|inactive|Time left: 300 sec this turn | 300 sec total\n|\n|t:|1783563286\n|switch|p2a: Politoed|Politoed, L88, F|52/302\n|-weather|RainDance|[from] ability: Drizzle|[of] p2a: Politoed\n|move|p1a: Milotic|Scald|p2a: Politoed\n|-resisted|p2a: Politoed\n|-damage|p2a: Politoed|0 fnt\n|faint|p2a: Politoed\n|\n|-weather|RainDance|[upkeep]\n|upkeep\n|inactive|Time left: 300 sec this turn | 300 sec total | 5 sec grace\n|\n|t:|1783563287\n|switch|p2a: Goodra|Goodra, L85, F|62/292 brn\n|turn|24\n|inactive|Time left: 300 sec this turn | 300 sec total\n|\n|t:|1783563288\n|move|p2a: Goodra|Draco Meteor|p1a: Milotic\n|-damage|p1a: Milotic|38/100\n|-unboost|p2a: Goodra|spa|2\n|move|p1a: Milotic|Recover|p1a: Milotic\n|-heal|p1a: Milotic|89/100\n|\n|-weather|RainDance|[upkeep]\n|-damage|p2a: Goodra|44/292 brn|[from] brn\n|upkeep\n|turn|25\n|inactive|Time left: 300 sec this turn | 300 sec total\n|\n|t:|1783563290\n|move|p2a: Goodra|Power Whip|p1a: Milotic\n|-supereffective|p1a: Milotic\n|-crit|p1a: Milotic\n|-damage|p1a: Milotic|42/100\n|move|p1a: Milotic|Recover|p1a: Milotic\n|-heal|p1a: Milotic|92/100\n|\n|-weather|RainDance|[upkeep]\n|-damage|p2a: Goodra|26/292 brn|[from] brn\n|upkeep\n|turn|26\n|inactive|Time left: 300 sec this turn | 300 sec total\n|\n|t:|1783563291\n|move|p2a: Goodra|Power Whip|p1a: Milotic\n|-supereffective|p1a: Milotic\n|-damage|p1a: Milotic|58/100\n|move|p1a: Milotic|Scald|p2a: Goodra\n|-resisted|p2a: Goodra\n|-damage|p2a: Goodra|0 fnt\n|faint|p2a: Goodra\n|\n|-weather|RainDance|[upkeep]\n|upkeep\n|inactive|Time left: 300 sec this turn | 300 sec total | 5 sec grace\n|\n|t:|1783563292\n|switch|p2a: Slowbro|Slowbro-Galar, L87, M|160/307 brn\n|turn|27\n|inactive|Time left: 300 sec this turn | 300 sec total\n|\n|t:|1783563293\n|move|p1a: Milotic|Scald|p2a: Slowbro\n|-damage|p2a: Slowbro|4/307 brn\n|move|p2a: Slowbro|Shell Side Arm|p1a: Milotic|[anim] Shell Side Arm Physical\n|-damage|p1a: Milotic|34/100\n|-hint|Physical Shell Side Arm\n|-status|p1a: Milotic|psn\n|-damage|p2a: Slowbro|0 fnt|[from] item: Life Orb\n|faint|p2a: Slowbro\n|\n|-weather|none\n|-damage|p1a: Milotic|22/100 psn|[from] psn\n|upkeep\n|inactive|Time left: 300 sec this turn | 300 sec total | 5 sec grace\n|\n|t:|1783563294\n|switch|p2a: Typhlosion|Typhlosion-Hisui, L83, M|93/257\n|turn|28\n|inactive|Time left: 300 sec this turn | 300 sec total\n|\n|t:|1783563295\n|move|p2a: Typhlosion|Shadow Ball|p1a: Milotic\n|-damage|p1a: Milotic|0 fnt\n|faint|p1a: Milotic\n|\n|upkeep\n|\n|t:|1783563296\n|switch|p1a: Appletun|Appletun, L92, F|100/100\n|turn|29\n|inactive|Time left: 300 sec this turn | 300 sec total\n|\n|t:|1783563297\n|move|p2a: Typhlosion|Shadow Ball|p1a: Appletun\n|-damage|p1a: Appletun|61/100\n|move|p1a: Appletun|Dragon Pulse|p2a: Typhlosion\n|-damage|p2a: Typhlosion|0 fnt\n|faint|p2a: Typhlosion\n|\n|-heal|p1a: Appletun|68/100|[from] item: Leftovers\n|upkeep\n|inactive|Time left: 300 sec this turn | 300 sec total | 5 sec grace\n|\n|t:|1783563298\n|switch|p2a: Kleavor|Kleavor, L78, M|237/237\n|turn|30\n|inactive|Time left: 300 sec this turn | 300 sec total\n|\n|t:|1783563299\n|switch|p1a: Annihilape|Annihilape, L76, M|100/100\n|move|p2a: Kleavor|X-Scissor|p1a: Annihilape\n|-resisted|p1a: Annihilape\n|-damage|p1a: Annihilape|86/100\n|\n|-heal|p1a: Annihilape|93/100|[from] item: Leftovers\n|upkeep\n|turn|31\n|inactive|Time left: 300 sec this turn | 300 sec total\n|\n|t:|1783563300\n|move|p1a: Annihilape|Bulk Up|p1a: Annihilape\n|-boost|p1a: Annihilape|atk|1\n|-boost|p1a: Annihilape|def|1\n|move|p2a: Kleavor|Stone Axe|p1a: Annihilape\n|-resisted|p1a: Annihilape\n|-damage|p1a: Annihilape|77/100\n|-sidestart|p1: p0x20782fe0|move: Stealth Rock\n|\n|-heal|p1a: Annihilape|83/100|[from] item: Leftovers\n|upkeep\n|turn|32\n|inactive|Time left: 300 sec this turn | 300 sec total\n|\n|t:|1783563301\n|move|p1a: Annihilape|Drain Punch|p2a: Kleavor\n|-damage|p2a: Kleavor|120/237\n|-heal|p1a: Annihilape|100/100|[from] drain|[of] p2a: Kleavor\n|move|p2a: Kleavor|X-Scissor|p1a: Annihilape\n|-resisted|p1a: Annihilape\n|-damage|p1a: Annihilape|91/100\n|\n|-heal|p1a: Annihilape|97/100|[from] item: Leftovers\n|upkeep\n|turn|33\n|inactive|Time left: 300 sec this turn | 300 sec total\n|\n|t:|1783563302\n|switch|p2a: Qwilfish|Qwilfish, L86, F|137/252\n|-ability|p2a: Qwilfish|Intimidate|boost\n|-unboost|p1a: Annihilape|atk|1\n|-ability|p1a: Annihilape|Defiant|boost\n|-boost|p1a: Annihilape|atk|2\n|move|p1a: Annihilape|Drain Punch|p2a: Qwilfish\n|-resisted|p2a: Qwilfish\n|-damage|p2a: Qwilfish|59/252\n|-heal|p1a: Annihilape|100/100|[from] drain|[of] p2a: Qwilfish\n|\n|-heal|p2a: Qwilfish|74/252|[from] item: Leftovers\n|upkeep\n|turn|34\n|inactive|Time left: 300 sec this turn | 300 sec total\n|\n|t:|1783563303\n|-terastallize|p1a: Annihilape|Ghost\n|move|p2a: Qwilfish|Waterfall|p1a: Annihilape\n|-damage|p1a: Annihilape|75/100\n|move|p1a: Annihilape|Rage Fist|p2a: Qwilfish\n|-damage|p2a: Qwilfish|0 fnt\n|faint|p2a: Qwilfish\n|\n|-heal|p1a: Annihilape|82/100|[from] item: Leftovers\n|upkeep\n|inactive|Time left: 300 sec this turn | 300 sec total | 5 sec grace\n|\n|t:|1783563304\n|switch|p2a: Kleavor|Kleavor, L78, M|120/237\n|turn|35\n|inactive|Time left: 300 sec this turn | 300 sec total\n|\n|t:|1783563305\n|-terastallize|p2a: Kleavor|Rock\n|move|p1a: Annihilape|Rage Fist|p2a: Kleavor\n|-damage|p2a: Kleavor|0 fnt\n|faint|p2a: Kleavor\n|\n|win|p0x20782fe0", "uploadtime": 1783563305, "views": 0, "rating": 0, "private": 0, "password": null, "_winner": "p0x20782fe0", "_our_name": "p0y2078f80a"}