{"id": "battle-gen9randombattle-1861", "formatid": "gen9randombattle", "format": "[Gen 9] Random Battle", "players": ["p0x18614d5c", "p0y18615641"], "log": "|init|battle\n|title|p0x18614d5c vs. p0y18615641\n|j|\u2606p0x18614d5c\n|j|\u2606p0y18615641\n|t:|1783561536\n|gametype|singles\n|player|p1|p0x18614d5c|169|\n|player|p2|p0y18615641|101|\n|gen|9\n|tier|[Gen 9] Random Battle\n|rule|Species Clause: Limit one of each Pok\u00e9mon\n|rule|HP Percentage Mod: HP is shown in percentages\n|rule|Sleep Clause Mod: Limit one foe put to sleep\n|rule|Illusion Level Mod: Illusion disguises the Pok\u00e9mon's true level\n|\n|t:|1783561536\n|teamsize|p1|6\n|teamsize|p2|6\n|start\n|switch|p1a: Keldeo|Keldeo-Resolute, L79|100/100\n|switch|p2a: Lunala|Lunala, L70|308/308\n|turn|1\n|inactive|Battle timer is ON: inactive players will automatically lose when time's up. (requested by p0y18615641)\n|inactive|p0x18614d5c also wants the timer to be on.\n|\n|t:|1783561538\n|move|p1a: Keldeo|Hydro Pump|p2a: Lunala|[miss]\n|-miss|p1a: Keldeo|p2a: Lunala\n|move|p2a: Lunala|Calm Mind|p2a: Lunala\n|-boost|p2a: Lunala|spa|1\n|-boost|p2a: Lunala|spd|1\n|\n|upkeep\n|turn|2\n|inactive|Time left: 300 sec this turn | 300 sec total\n|\n|t:|1783561539\n|move|p1a: Keldeo|Hydro Pump|p2a: Lunala|[miss]\n|-miss|p1a: Keldeo|p2a: Lunala\n|move|p2a: Lunala|Moonblast|p1a: Keldeo\n|-supereffective|p1a: Keldeo\n|-damage|p1a: Keldeo|28/100\n|-unboost|p1a: Keldeo|spa|1\n|\n|upkeep\n|turn|3\n|inactive|Time left: 300 sec this turn | 300 sec total\n|\n|t:|1783561540\n|switch|p1a: Comfey|Comfey, L85, F|100/100\n|move|p2a: Lunala|Moongeist Beam|p1a: Comfey\n|-damage|p1a: Comfey|46/100\n|\n|-heal|p1a: Comfey|52/100|[from] item: Leftovers\n|upkeep\n|turn|4\n|inactive|Time left: 300 sec this turn | 300 sec total\n|\n|t:|1783561541\n|move|p1a: Comfey|Calm Mind|p1a: Comfey\n|-boost|p1a: Comfey|spa|1\n|-boost|p1a: Comfey|spd|1\n|move|p2a: Lunala|Moongeist Beam|p1a: Comfey\n|-damage|p1a: Comfey|13/100\n|\n|-heal|p1a: Comfey|20/100|[from] item: Leftovers\n|upkeep\n|turn|5\n|inactive|Time left: 300 sec this turn | 300 sec total\n|\n|t:|1783561542\n|move|p1a: Comfey|Giga Drain|p2a: Lunala\n|-damage|p2a: Lunala|281/308\n|-heal|p1a: Comfey|26/100|[from] drain|[of] p2a: Lunala\n|move|p2a: Lunala|Moongeist Beam|p1a: Comfey\n|-damage|p1a: Comfey|0 fnt\n|faint|p1a: Comfey\n|\n|-heal|p2a: Lunala|300/308|[from] item: Leftovers\n|upkeep\n|\n|t:|1783561543\n|switch|p1a: Skeledirge|Skeledirge, L79, M|100/100\n|turn|6\n|inactive|Time left: 300 sec this turn | 300 sec total\n|\n|t:|1783561544\n|move|p2a: Lunala|Moongeist Beam|p1a: Skeledirge\n|-supereffective|p1a: Skeledirge\n|-damage|p1a: Skeledirge|0 fnt\n|faint|p1a: Skeledirge\n|\n|-heal|p2a: Lunala|308/308|[from] item: Leftovers\n|upkeep\n|\n|t:|1783561545\n|switch|p1a: Latias|Latias, L79, F|100/100\n|turn|7\n|inactive|Time left: 300 sec this turn | 300 sec total\n|\n|t:|1783561546\n|move|p1a: Latias|Calm Mind|p1a: Latias\n|-boost|p1a: Latias|spa|1\n|-boost|p1a: Latias|spd|1\n|move|p2a: Lunala|Moongeist Beam|p1a: Latias\n|-supereffective|p1a: Latias\n|-damage|p1a: Latias|36/100\n|\n|upkeep\n|turn|8\n|inactive|Time left: 300 sec this turn | 300 sec total\n|\n|t:|1783561547\n|-terastallize|p1a: Latias|Steel\n|move|p1a: Latias|Recover|p1a: Latias\n|-heal|p1a: Latias|86/100\n|move|p2a: Lunala|Moongeist Beam|p1a: Latias\n|-crit|p1a: Latias\n|-damage|p1a: Latias|16/100\n|\n|upkeep\n|turn|9\n|inactive|Time left: 300 sec this turn | 300 sec total\n|\n|t:|1783561548\n|move|p1a: Latias|Recover|p1a: Latias\n|-heal|p1a: Latias|66/100\n|move|p2a: Lunala|Moongeist Beam|p1a: Latias\n|-damage|p1a: Latias|37/100\n|\n|upkeep\n|turn|10\n|inactive|Time left: 300 sec this turn | 300 sec total\n|\n|t:|1783561548\n|move|p1a: Latias|Recover|p1a: Latias\n|-heal|p1a: Latias|87/100\n|move|p2a: Lunala|Calm Mind|p2a: Lunala\n|-boost|p2a: Lunala|spa|1\n|-boost|p2a: Lunala|spd|1\n|\n|upkeep\n|turn|11\n|inactive|Time left: 300 sec this turn | 300 sec total\n|\n|t:|1783561549\n|move|p1a: Latias|Calm Mind|p1a: Latias\n|-boost|p1a: Latias|spa|1\n|-boost|p1a: Latias|spd|1\n|move|p2a: Lunala|Moongeist Beam|p1a: Latias\n|-damage|p1a: Latias|55/100\n|\n|upkeep\n|turn|12\n|inactive|Time left: 300 sec this turn | 300 sec total\n|\n|t:|1783561551\n|move|p1a: Latias|Recover|p1a: Latias\n|-heal|p1a: Latias|100/100\n|move|p2a: Lunala|Calm Mind|p2a: Lunala\n|-boost|p2a: Lunala|spa|1\n|-boost|p2a: Lunala|spd|1\n|\n|upkeep\n|turn|13\n|inactive|Time left: 300 sec this turn | 300 sec total\n|\n|t:|1783561552\n|move|p1a: Latias|Calm Mind|p1a: Latias\n|-boost|p1a: Latias|spa|1\n|-boost|p1a: Latias|spd|1\n|move|p2a: Lunala|Moonblast|p1a: Latias\n|-resisted|p1a: Latias\n|-damage|p1a: Latias|90/100\n|-unboost|p1a: Latias|spa|1\n|\n|upkeep\n|turn|14\n|inactive|Time left: 300 sec this turn | 300 sec total\n|\n|t:|1783561553\n|move|p1a: Latias|Calm Mind|p1a: Latias\n|-boost|p1a: Latias|spa|1\n|-boost|p1a: Latias|spd|1\n|move|p2a: Lunala|Calm Mind|p2a: Lunala\n|-boost|p2a: Lunala|spa|1\n|-boost|p2a: Lunala|spd|1\n|\n|upkeep\n|turn|15\n|inactive|Time left: 300 sec this turn | 300 sec total\n|\n|t:|1783561554\n|move|p1a: Latias|Calm Mind|p1a: Latias\n|-boost|p1a: Latias|spa|1\n|-boost|p1a: Latias|spd|1\n|move|p2a: Lunala|Moonblast|p1a: Latias\n|-resisted|p1a: Latias\n|-damage|p1a: Latias|82/100\n|\n|upkeep\n|turn|16\n|inactive|Time left: 300 sec this turn | 300 sec total\n|\n|t:|1783561555\n|move|p1a: Latias|Psyshock|p2a: Lunala\n|-resisted|p2a: Lunala\n|-damage|p2a: Lunala|224/308\n|move|p2a: Lunala|Moonblast|p1a: Latias\n|-resisted|p1a: Latias\n|-damage|p1a: Latias|73/100\n|\n|-heal|p2a: Lunala|243/308|[from] item: Leftovers\n|upkeep\n|turn|17\n|inactive|Time left: 300 sec this turn | 300 sec total\n|\n|t:|1783561556\n|move|p1a: Latias|Psyshock|p2a: Lunala\n|-resisted|p2a: Lunala\n|-damage|p2a: Lunala|81/308\n|move|p2a: Lunala|Moonlight|p2a: Lunala\n|-heal|p2a: Lunala|235/308\n|\n|-heal|p2a: Lunala|254/308|[from] item: Leftovers\n|upkeep\n|turn|18\n|inactive|Time left: 300 sec this turn | 300 sec total\n|\n|t:|1783561557\n|move|p1a: Latias|Psyshock|p2a: Lunala\n|-resisted|p2a: Lunala\n|-damage|p2a: Lunala|71/308\n|move|p2a: Lunala|Moonlight|p2a: Lunala\n|-heal|p2a: Lunala|225/308\n|\n|-heal|p2a: Lunala|244/308|[from] item: Leftovers\n|upkeep\n|turn|19\n|inactive|Time left: 300 sec this turn | 300 sec total\n|\n|t:|1783561558\n|move|p1a: Latias|Psyshock|p2a: Lunala\n|-resisted|p2a: Lunala\n|-damage|p2a: Lunala|55/308\n|move|p2a: Lunala|Moonlight|p2a: Lunala\n|-heal|p2a: Lunala|209/308\n|\n|-heal|p2a: Lunala|228/308|[from] item: Leftovers\n|upkeep\n|turn|20\n|inactive|Time left: 300 sec this turn | 300 sec total\n|\n|t:|1783561559\n|move|p1a: Latias|Psyshock|p2a: Lunala\n|-resisted|p2a: Lunala\n|-damage|p2a: Lunala|55/308\n|move|p2a: Lunala|Moonlight|p2a: Lunala\n|-heal|p2a: Lunala|209/308\n|\n|-heal|p2a: Lunala|228/308|[from] item: Leftovers\n|upkeep\n|turn|21\n|inactive|Time left: 300 sec this turn | 300 sec total\n|\n|t:|1783561560\n|move|p1a: Latias|Psyshock|p2a: Lunala\n|-resisted|p2a: Lunala\n|-damage|p2a: Lunala|44/308\n|move|p2a: Lunala|Moonlight|p2a: Lunala\n|-heal|p2a: Lunala|198/308\n|\n|-heal|p2a: Lunala|217/308|[from] item: Leftovers\n|upkeep\n|turn|22\n|inactive|Time left: 300 sec this turn | 300 sec total\n|\n|t:|1783561561\n|move|p1a: Latias|Psyshock|p2a: Lunala\n|-resisted|p2a: Lunala\n|-damage|p2a: Lunala|44/308\n|move|p2a: Lunala|Moonlight|p2a: Lunala\n|-heal|p2a: Lunala|198/308\n|\n|-heal|p2a: Lunala|217/308|[from] item: Leftovers\n|upkeep\n|turn|23\n|inactive|Time left: 300 sec this turn | 300 sec total\n|\n|t:|1783561562\n|move|p1a: Latias|Psyshock|p2a: Lunala\n|-resisted|p2a: Lunala\n|-damage|p2a: Lunala|46/308\n|move|p2a: Lunala|Moonlight|p2a: Lunala\n|-heal|p2a: Lunala|200/308\n|\n|-heal|p2a: Lunala|219/308|[from] item: Leftovers\n|upkeep\n|turn|24\n|inactive|Time left: 300 sec this turn | 300 sec total\n|\n|t:|1783561563\n|move|p1a: Latias|Psyshock|p2a: Lunala\n|-resisted|p2a: Lunala\n|-damage|p2a: Lunala|48/308\n|move|p2a: Lunala|Moonlight|p2a: Lunala\n|-heal|p2a: Lunala|202/308\n|\n|-heal|p2a: Lunala|221/308|[from] item: Leftovers\n|upkeep\n|turn|25\n|inactive|Time left: 300 sec this turn | 300 sec total\n|\n|t:|1783561563\n|move|p1a: Latias|Psyshock|p2a: Lunala\n|-resisted|p2a: Lunala\n|-damage|p2a: Lunala|41/308\n|move|p2a: Lunala|Moonblast|p1a: Latias\n|-resisted|p1a: Latias\n|-damage|p1a: Latias|64/100\n|\n|-heal|p2a: Lunala|60/308|[from] item: Leftovers\n|upkeep\n|turn|26\n|inactive|Time left: 300 sec this turn | 300 sec total\n|\n|t:|1783561564\n|switch|p2a: Malamar|Malamar, L82, F|275/275\n|move|p1a: Latias|Psyshock|p2a: Malamar\n|-immune|p2a: Malamar\n|\n|upkeep\n|turn|27\n|inactive|Time left: 300 sec this turn | 300 sec total\n|\n|t:|1783561565\n|switch|p2a: Lunala|Lunala, L70|60/308\n|move|p1a: Latias|Draco Meteor|p2a: Lunala\n|-damage|p2a: Lunala|0 fnt\n|-unboost|p1a: Latias|spa|2\n|faint|p2a: Lunala\n|\n|upkeep\n|inactive|Time left: 300 sec this turn | 300 sec total | 5 sec grace\n|\n|t:|1783561566\n|switch|p2a: Malamar|Malamar, L82, F|275/275\n|turn|28\n|inactive|Time left: 300 sec this turn | 300 sec total\n|\n|t:|1783561567\n|-terastallize|p2a: Malamar|Steel\n|move|p1a: Latias|Draco Meteor|p2a: Malamar\n|-resisted|p2a: Malamar\n|-damage|p2a: Malamar|95/275\n|-unboost|p1a: Latias|spa|2\n|move|p2a: Malamar|Superpower|p1a: Latias\n|-supereffective|p1a: Latias\n|-damage|p1a: Latias|0 fnt\n|-boost|p2a: Malamar|atk|1\n|-boost|p2a: Malamar|def|1\n|faint|p1a: Latias\n|\n|upkeep\n|\n|t:|1783561568\n|switch|p1a: Keldeo|Keldeo-Resolute, L79|28/100\n|turn|29\n|inactive|Time left: 300 sec this turn | 300 sec total\n|\n|t:|1783561569\n|switch|p2a: Fezandipiti|Fezandipiti, L82, M|278/278\n|move|p1a: Keldeo|Hydro Pump|p2a: Fezandipiti\n|-damage|p2a: Fezandipiti|122/278\n|\n|-heal|p2a: Fezandipiti|139/278|[from] item: Leftovers\n|upkeep\n|turn|30\n|inactive|Time left: 300 sec this turn | 300 sec total\n|\n|t:|1783561570\n|switch|p2a: Regidrago|Regidrago, L77|435/435\n|move|p1a: Keldeo|Hydro Pump|p2a: Regidrago\n|-resisted|p2a: Regidrago\n|-damage|p2a: Regidrago|282/435\n|\n|upkeep\n|turn|31\n|inactive|Time left: 300 sec this turn | 300 sec total\n|\n|t:|1783561571\n|move|p1a: Keldeo|Hydro Pump|p2a: Regidrago|[miss]\n|-miss|p1a: Keldeo|p2a: Regidrago\n|move|p2a: Regidrago|Dragon Dance|p2a: Regidrago\n|-boost|p2a: Regidrago|atk|1\n|-boost|p2a: Regidrago|spe|1\n|\n|upkeep\n|turn|32\n|inactive|Time left: 300 sec this turn | 300 sec total\n|\n|t:|1783561572\n|move|p2a: Regidrago|Outrage|p1a: Keldeo\n|-damage|p1a: Keldeo|0 fnt\n|faint|p1a: Keldeo\n|\n|upkeep\n|\n|t:|1783561573\n|switch|p1a: Cloyster|Cloyster, L80, F|100/100\n|turn|33\n|inactive|Time left: 300 sec this turn | 300 sec total\n|\n|t:|1783561574\n|move|p2a: Regidrago|Outrage|p1a: Cloyster|[from] lockedmove\n|-damage|p1a: Cloyster|36/100\n|-start|p2a: Regidrago|confusion|[fatigue]\n|-enditem|p2a: Regidrago|Lum Berry|[eat]\n|-end|p2a: Regidrago|confusion\n|move|p1a: Cloyster|Shell Smash|p1a: Cloyster\n|-unboost|p1a: Cloyster|def|1\n|-unboost|p1a: Cloyster|spd|1\n|-boost|p1a: Cloyster|atk|2\n|-boost|p1a: Cloyster|spa|2\n|-boost|p1a: Cloyster|spe|2\n|-enditem|p1a: Cloyster|White Herb\n|-clearnegativeboost|p1a: Cloyster|[silent]\n|\n|upkeep\n|turn|34\n|inactive|Time left: 300 sec this turn | 300 sec total\n|\n|t:|1783561575\n|move|p1a: Cloyster|Icicle Spear|p2a: Regidrago\n|-supereffective|p2a: Regidrago\n|-damage|p2a: Regidrago|118/435\n|-supereffective|p2a: Regidrago\n|-damage|p2a: Regidrago|0 fnt\n|faint|p2a: Regidrago\n|-hitcount|p2: Regidrago|2\n|\n|upkeep\n|inactive|Time left: 300 sec this turn | 300 sec total | 5 sec grace\n|\n|t:|1783561575\n|switch|p2a: Pecharunt|Pecharunt, L77|262/262\n|turn|35\n|inactive|Time left: 300 sec this turn | 300 sec total\n|\n|t:|1783561576\n|move|p1a: Cloyster|Icicle Spear|p2a: Pecharunt\n|-damage|p2a: Pecharunt|231/262\n|-damage|p2a: Pecharunt|194/262\n|-damage|p2a: Pecharunt|163/262\n|-damage|p2a: Pecharunt|130/262\n|-damage|p2a: Pecharunt|96/262\n|-hitcount|p2a: Pecharunt|5\n|move|p2a: Pecharunt|Malignant Chain|p1a: Cloyster\n|-damage|p1a: Cloyster|0 fnt\n|faint|p1a: Cloyster\n|\n|-heal|p2a: Pecharunt|112/262|[from] item: Leftovers\n|upkeep\n|\n|t:|1783561577\n|switch|p1a: Raichu|Raichu, L88, F|100/100\n|turn|36\n|inactive|Time left: 300 sec this turn | 300 sec total\n|\n|t:|1783561578\n|move|p1a: Raichu|Nasty Plot|p1a: Raichu\n|-boost|p1a: Raichu|spa|2\n|move|p2a: Pecharunt|Parting Shot|p1a: Raichu\n|-unboost|p1a: Raichu|atk|1\n|-unboost|p1a: Raichu|spa|1\n|inactive|Time left: 300 sec this turn | 300 sec total | 5 sec grace\n|\n|t:|1783561579\n|switch|p2a: Fezandipiti|Fezandipiti, L82, M|139/278|[from] Parting Shot\n|\n|-heal|p2a: Fezandipiti|156/278|[from] item: Leftovers\n|upkeep\n|turn|37\n|inactive|Time left: 300 sec this turn | 300 sec total\n|\n|t:|1783561579\n|move|p1a: Raichu|Thunderbolt|p2a: Fezandipiti\n|-damage|p2a: Fezandipiti|7/278\n|-damage|p1a: Raichu|91/100|[from] item: Life Orb\n|move|p2a: Fezandipiti|Gunk Shot|p1a: Raichu|[miss]\n|-miss|p2a: Fezandipiti|p1a: Raichu\n|\n|-heal|p2a: Fezandipiti|24/278|[from] item: Leftovers\n|upkeep\n|turn|38\n|inactive|Time left: 300 sec this turn | 300 sec total\n|\n|t:|1783561581\n|move|p1a: Raichu|Thunderbolt|p2a: Fezandipiti\n|-damage|p2a: Fezandipiti|0 fnt\n|faint|p2a: Fezandipiti\n|-damage|p1a: Raichu|81/100|[from] item: Life Orb\n|\n|upkeep\n|inactive|Time left: 300 sec this turn | 300 sec total | 5 sec grace\n|\n|t:|1783561582\n|switch|p2a: Minun|Minun, L95, F|268/268\n|turn|39\n|inactive|Time left: 300 sec this turn | 300 sec total\n|\n|t:|1783561583\n|move|p1a: Raichu|Focus Blast|p2a: Minun\n|-damage|p2a: Minun|119/268\n|-damage|p1a: Raichu|72/100|[from] item: Life Orb\n|move|p2a: Minun|Nasty Plot|p2a: Minun\n|-boost|p2a: Minun|spa|2\n|\n|upkeep\n|turn|40\n|inactive|Time left: 300 sec this turn | 300 sec total\n|\n|t:|1783561584\n|move|p1a: Raichu|Focus Blast|p2a: Minun\n|-damage|p2a: Minun|0 fnt\n|faint|p2a: Minun\n|-damage|p1a: Raichu|62/100|[from] item: Life Orb\n|\n|upkeep\n|inactive|Time left: 300 sec this turn | 300 sec total | 5 sec grace\n|\n|t:|1783561586\n|switch|p2a: Pecharunt|Pecharunt, L77|112/262\n|turn|41\n|inactive|Time left: 300 sec this turn | 300 sec total\n|\n|t:|1783561586\n|move|p1a: Raichu|Thunderbolt|p2a: Pecharunt\n|-damage|p2a: Pecharunt|0 fnt\n|faint|p2a: Pecharunt\n|-damage|p1a: Raichu|52/100|[from] item: Life Orb\n|\n|upkeep\n|inactive|Time left: 300 sec this turn | 300 sec total | 5 sec grace\n|\n|t:|1783561588\n|switch|p2a: Malamar|Malamar, L82, F, tera:Steel|95/275\n|turn|42\n|inactive|Time left: 300 sec this turn | 300 sec total\n|\n|t:|1783561589\n|move|p1a: Raichu|Thunderbolt|p2a: Malamar\n|-damage|p2a: Malamar|0 fnt\n|faint|p2a: Malamar\n|-damage|p1a: Raichu|43/100|[from] item: Life Orb\n|\n|win|p0x18614d5c", "uploadtime": 1783561589, "views": 0, "rating": 0, "private": 0, "password": null, "_winner": "p0x18614d5c", "_our_name": "p0y18615641"}