{"id": "battle-gen9randombattle-2884", "formatid": "gen9randombattle", "format": "[Gen 9] Random Battle", "players": ["p0x2884ecdf", "p0y2884d3d3"], "log": "|init|battle\n|title|p0x2884ecdf vs. p0y2884d3d3\n|j|\u2606p0x2884ecdf\n|j|\u2606p0y2884d3d3\n|t:|1783572264\n|gametype|singles\n|player|p1|p0x2884ecdf|265|\n|player|p2|p0y2884d3d3|101|\n|gen|9\n|tier|[Gen 9] Random Battle\n|rule|Species Clause: Limit one of each Pok\u00e9mon\n|rule|HP Percentage Mod: HP is shown in percentages\n|rule|Sleep Clause Mod: Limit one foe put to sleep\n|rule|Illusion Level Mod: Illusion disguises the Pok\u00e9mon's true level\n|\n|t:|1783572264\n|teamsize|p1|6\n|teamsize|p2|6\n|start\n|switch|p1a: Dragonite|Dragonite, L74, F|100/100\n|switch|p2a: Minun|Minun, L95, M|268/268\n|turn|1\n|inactive|Battle timer is ON: inactive players will automatically lose when time's up. (requested by p0y2884d3d3)\n|inactive|p0x2884ecdf also wants the timer to be on.\n|\n|t:|1783572265\n|switch|p2a: Leafeon|Leafeon, L88, M|258/258\n|move|p1a: Dragonite|Outrage|p2a: Leafeon\n|-damage|p2a: Leafeon|171/258\n|\n|-heal|p2a: Leafeon|187/258|[from] item: Leftovers\n|upkeep\n|turn|2\n|inactive|Time left: 300 sec this turn | 300 sec total\n|\n|t:|1783572266\n|switch|p2a: Comfey|Comfey, L85, M|225/225\n|move|p1a: Dragonite|Outrage|p2a: Comfey|[from] lockedmove\n|-immune|p2a: Comfey\n|\n|upkeep\n|turn|3\n|inactive|Time left: 300 sec this turn | 300 sec total\n|\n|t:|1783572267\n|move|p2a: Comfey|Calm Mind|p2a: Comfey\n|-boost|p2a: Comfey|spa|1\n|-boost|p2a: Comfey|spd|1\n|move|p1a: Dragonite|Dragon Dance|p1a: Dragonite\n|-boost|p1a: Dragonite|atk|1\n|-boost|p1a: Dragonite|spe|1\n|\n|upkeep\n|turn|4\n|inactive|Time left: 300 sec this turn | 300 sec total\n|\n|t:|1783572268\n|-terastallize|p1a: Dragonite|Flying\n|move|p2a: Comfey|Draining Kiss|p1a: Dragonite\n|-damage|p1a: Dragonite|85/100\n|move|p1a: Dragonite|Tera Blast|p2a: Comfey|[anim] Tera Blast Flying\n|-damage|p2a: Comfey|63/225\n|\n|-heal|p2a: Comfey|77/225|[from] item: Leftovers\n|upkeep\n|turn|5\n|inactive|Time left: 300 sec this turn | 300 sec total\n|\n|t:|1783572269\n|switch|p2a: Ampharos|Ampharos, L88, F|302/302\n|move|p1a: Dragonite|Tera Blast|p2a: Ampharos|[anim] Tera Blast Flying\n|-resisted|p2a: Ampharos\n|-damage|p2a: Ampharos|216/302\n|\n|upkeep\n|turn|6\n|inactive|Time left: 300 sec this turn | 300 sec total\n|\n|t:|1783572270\n|move|p1a: Dragonite|Earthquake|p2a: Ampharos\n|-supereffective|p2a: Ampharos\n|-damage|p2a: Ampharos|0 fnt\n|faint|p2a: Ampharos\n|\n|upkeep\n|inactive|Time left: 300 sec this turn | 300 sec total | 5 sec grace\n|\n|t:|1783572271\n|switch|p2a: Basculegion|Basculegion-F, L83, F|335/335\n|turn|7\n|inactive|Time left: 300 sec this turn | 300 sec total\n|\n|t:|1783572272\n|move|p1a: Dragonite|Outrage|p2a: Basculegion\n|-damage|p2a: Basculegion|94/335\n|move|p2a: Basculegion|Hydro Pump|p1a: Dragonite\n|-damage|p1a: Dragonite|0 fnt\n|faint|p1a: Dragonite\n|\n|upkeep\n|\n|t:|1783572273\n|switch|p1a: Smeargle|Smeargle, L95, F|100/100\n|turn|8\n|inactive|Time left: 300 sec this turn | 300 sec total\n|\n|t:|1783572274\n|move|p1a: Smeargle|Sticky Web|p2a: Basculegion\n|-sidestart|p2: p0y2884d3d3|move: Sticky Web\n|move|p2a: Basculegion|Hydro Pump|p1a: Smeargle\n|-enditem|p1a: Smeargle|Focus Sash\n|-damage|p1a: Smeargle|1/100\n|\n|upkeep\n|turn|9\n|inactive|Time left: 300 sec this turn | 300 sec total\n|\n|t:|1783572275\n|move|p1a: Smeargle|Stealth Rock|p2a: Basculegion\n|-sidestart|p2: p0y2884d3d3|move: Stealth Rock\n|move|p2a: Basculegion|Hydro Pump|p1a: Smeargle\n|-damage|p1a: Smeargle|0 fnt\n|faint|p1a: Smeargle\n|\n|upkeep\n|\n|t:|1783572276\n|switch|p1a: Grumpig|Grumpig, L92, F|100/100\n|turn|10\n|inactive|Time left: 300 sec this turn | 300 sec total\n|\n|t:|1783572277\n|move|p1a: Grumpig|Psyshock|p2a: Basculegion\n|-damage|p2a: Basculegion|0 fnt\n|faint|p2a: Basculegion\n|\n|upkeep\n|inactive|Time left: 300 sec this turn | 300 sec total | 5 sec grace\n|\n|t:|1783572278\n|switch|p2a: Leafeon|Leafeon, L88, M|187/258\n|-activate|p2a: Leafeon|move: Sticky Web\n|-unboost|p2a: Leafeon|spe|1\n|-damage|p2a: Leafeon|155/258|[from] Stealth Rock\n|turn|11\n|inactive|Time left: 300 sec this turn | 300 sec total\n|\n|t:|1783572279\n|move|p1a: Grumpig|Nasty Plot|p1a: Grumpig\n|-boost|p1a: Grumpig|spa|2\n|move|p2a: Leafeon|Knock Off|p1a: Grumpig\n|-supereffective|p1a: Grumpig\n|-damage|p1a: Grumpig|37/100\n|-enditem|p1a: Grumpig|Leftovers|[from] move: Knock Off|[of] p2a: Leafeon\n|\n|-heal|p2a: Leafeon|171/258|[from] item: Leftovers\n|upkeep\n|turn|12\n|inactive|Time left: 300 sec this turn | 300 sec total\n|\n|t:|1783572280\n|move|p1a: Grumpig|Focus Blast|p2a: Leafeon\n|-damage|p2a: Leafeon|0 fnt\n|faint|p2a: Leafeon\n|\n|upkeep\n|inactive|Time left: 300 sec this turn | 300 sec total | 5 sec grace\n|\n|t:|1783572281\n|switch|p2a: Comfey|Comfey, L85, M|77/225\n|-activate|p2a: Comfey|move: Sticky Web\n|-unboost|p2a: Comfey|spe|1\n|-damage|p2a: Comfey|49/225|[from] Stealth Rock\n|turn|13\n|inactive|Time left: 300 sec this turn | 300 sec total\n|\n|t:|1783572282\n|move|p2a: Comfey|Giga Drain|p1a: Grumpig\n|-damage|p1a: Grumpig|25/100\n|-heal|p2a: Comfey|68/225|[from] drain|[of] p1a: Grumpig\n|move|p1a: Grumpig|Psyshock|p2a: Comfey\n|-damage|p2a: Comfey|0 fnt\n|faint|p2a: Comfey\n|\n|upkeep\n|inactive|Time left: 300 sec this turn | 300 sec total | 5 sec grace\n|\n|t:|1783572283\n|switch|p2a: Arceus|Arceus-Poison, L70|284/284\n|-activate|p2a: Arceus|move: Sticky Web\n|-unboost|p2a: Arceus|spe|1\n|-damage|p2a: Arceus|249/284|[from] Stealth Rock\n|turn|14\n|inactive|Time left: 300 sec this turn | 300 sec total\n|\n|t:|1783572284\n|-terastallize|p2a: Arceus|Normal\n|move|p2a: Arceus|Extreme Speed|p1a: Grumpig\n|-damage|p1a: Grumpig|0 fnt\n|faint|p1a: Grumpig\n|\n|upkeep\n|\n|t:|1783572285\n|switch|p1a: Pincurchin|Pincurchin, M|100/100\n|-fieldstart|move: Electric Terrain|[from] ability: Electric Surge|[of] p1a: Pincurchin\n|turn|15\n|inactive|Time left: 300 sec this turn | 300 sec total\n|\n|t:|1783572286\n|move|p2a: Arceus|Swords Dance|p2a: Arceus\n|-boost|p2a: Arceus|atk|2\n|move|p1a: Pincurchin|Curse|p1a: Pincurchin\n|-unboost|p1a: Pincurchin|spe|1\n|-boost|p1a: Pincurchin|atk|1\n|-boost|p1a: Pincurchin|def|1\n|\n|upkeep\n|turn|16\n|inactive|Time left: 300 sec this turn | 300 sec total\n|\n|t:|1783572287\n|move|p2a: Arceus|Gunk Shot|p1a: Pincurchin\n|-damage|p1a: Pincurchin|44/100\n|move|p1a: Pincurchin|Zing Zap|p2a: Arceus\n|-damage|p2a: Arceus|11/284\n|\n|-heal|p1a: Pincurchin|50/100|[from] item: Leftovers\n|upkeep\n|turn|17\n|inactive|Time left: 300 sec this turn | 300 sec total\n|\n|t:|1783572287\n|switch|p1a: Alomomola|Alomomola, L87, F|100/100\n|move|p2a: Arceus|Earthquake|p1a: Alomomola\n|-damage|p1a: Alomomola|70/100\n|\n|-heal|p1a: Alomomola|76/100|[from] item: Leftovers\n|upkeep\n|turn|18\n|inactive|Time left: 300 sec this turn | 300 sec total\n|\n|t:|1783572288\n|move|p2a: Arceus|Extreme Speed|p1a: Alomomola\n|-damage|p1a: Alomomola|42/100\n|move|p1a: Alomomola|Flip Turn|p2a: Arceus\n|-crit|p2a: Arceus\n|-damage|p2a: Arceus|0 fnt\n|faint|p2a: Arceus\n|\n|t:|1783572289\n|switch|p1a: Veluza|Veluza, L85, F|100/100|[from] Flip Turn\n|\n|upkeep\n|inactive|Time left: 300 sec this turn | 300 sec total | 10 sec grace\n|\n|t:|1783572290\n|switch|p2a: Minun|Minun, L95, M|268/268\n|-activate|p2a: Minun|move: Sticky Web\n|-unboost|p2a: Minun|spe|1\n|-damage|p2a: Minun|235/268|[from] Stealth Rock\n|turn|19\n|inactive|Time left: 300 sec this turn | 300 sec total\n|\n|t:|1783572291\n|move|p1a: Veluza|Aqua Cutter|p2a: Minun\n|-damage|p2a: Minun|82/268\n|move|p2a: Minun|Encore|p1a: Veluza\n|-start|p1a: Veluza|Encore\n|\n|-fieldend|move: Electric Terrain\n|upkeep\n|turn|20\n|inactive|Time left: 300 sec this turn | 300 sec total\n|\n|t:|1783572292\n|move|p1a: Veluza|Aqua Cutter|p2a: Minun\n|-damage|p2a: Minun|0 fnt\n|faint|p2a: Minun\n|\n|win|p0x2884ecdf", "uploadtime": 1783572292, "views": 0, "rating": 0, "private": 0, "password": null, "_winner": "p0x2884ecdf", "_our_name": "p0y2884d3d3"}