{"id": "battle-gen9randombattle-1915", "formatid": "gen9randombattle", "format": "[Gen 9] Random Battle", "players": ["p0x19152ceb", "p0y191595c3"], "log": "|init|battle\n|title|p0x19152ceb vs. p0y191595c3\n|j|\u2606p0x19152ceb\n|j|\u2606p0y191595c3\n|t:|1783562158\n|gametype|singles\n|player|p1|p0x19152ceb|169|\n|player|p2|p0y191595c3|2|\n|gen|9\n|tier|[Gen 9] Random Battle\n|rule|Species Clause: Limit one of each Pok\u00e9mon\n|rule|HP Percentage Mod: HP is shown in percentages\n|rule|Sleep Clause Mod: Limit one foe put to sleep\n|rule|Illusion Level Mod: Illusion disguises the Pok\u00e9mon's true level\n|\n|t:|1783562158\n|teamsize|p1|6\n|teamsize|p2|6\n|start\n|switch|p1a: Komala|Komala, L87, M|255/255\n|switch|p2a: Squawkabilly|Squawkabilly-Blue, L85, F|100/100\n|-ability|p1a: Komala|Comatose\n|turn|1\n|inactive|Battle timer is ON: inactive players will automatically lose when time's up. (requested by p0y191595c3)\n|inactive|Time left: 300 sec this turn | 300 sec total | 60 sec grace\n|\n|t:|1783562159\n|move|p2a: Squawkabilly|Protect|p2a: Squawkabilly\n|-singleturn|p2a: Squawkabilly|Protect\n|move|p1a: Komala|Knock Off|p2a: Squawkabilly\n|-activate|p2a: Squawkabilly|move: Protect\n|\n|-status|p2a: Squawkabilly|brn|[from] item: Flame Orb\n|upkeep\n|turn|2\n|inactive|p0x19152ceb also wants the timer to be on.\n|inactive|Time left: 300 sec this turn | 300 sec total\n|\n|t:|1783562160\n|switch|p1a: Glastrier|Glastrier, L86|311/311\n|move|p2a: Squawkabilly|Facade|p1a: Glastrier\n|-damage|p1a: Glastrier|139/311\n|\n|-damage|p2a: Squawkabilly|94/100 brn|[from] brn\n|upkeep\n|turn|3\n|inactive|Time left: 300 sec this turn | 300 sec total\n|\n|t:|1783562161\n|-terastallize|p1a: Glastrier|Steel\n|move|p2a: Squawkabilly|Facade|p1a: Glastrier\n|-resisted|p1a: Glastrier\n|-damage|p1a: Glastrier|55/311\n|move|p1a: Glastrier|Heavy Slam|p2a: Squawkabilly\n|-damage|p2a: Squawkabilly|0 fnt\n|faint|p2a: Squawkabilly\n|-ability|p1a: Glastrier|Chilling Neigh|boost\n|-boost|p1a: Glastrier|atk|1\n|\n|upkeep\n|\n|t:|1783562162\n|switch|p2a: Miraidon|Miraidon, L65|100/100\n|-fieldstart|move: Electric Terrain|[from] ability: Hadron Engine|[of] p2a: Miraidon\n|turn|4\n|inactive|Time left: 300 sec this turn | 300 sec total\n|\n|t:|1783562163\n|move|p2a: Miraidon|Electro Drift|p1a: Glastrier\n|-damage|p1a: Glastrier|0 fnt\n|faint|p1a: Glastrier\n|\n|upkeep\n|inactive|Time left: 300 sec this turn | 300 sec total | 5 sec grace\n|\n|t:|1783562164\n|switch|p1a: Regidrago|Regidrago, L77|435/435\n|turn|5\n|inactive|Time left: 300 sec this turn | 300 sec total\n|\n|t:|1783562165\n|-terastallize|p2a: Miraidon|Electric\n|move|p2a: Miraidon|Electro Drift|p1a: Regidrago\n|-resisted|p1a: Regidrago\n|-damage|p1a: Regidrago|204/435\n|move|p1a: Regidrago|Dragon Claw|p2a: Miraidon\n|-damage|p2a: Miraidon|25/100\n|-damage|p1a: Regidrago|161/435|[from] item: Life Orb\n|\n|upkeep\n|turn|6\n|inactive|Time left: 300 sec this turn | 300 sec total\n|\n|t:|1783562165\n|switch|p1a: Giratina|Giratina-Origin, L72|335/335\n|move|p2a: Miraidon|Electro Drift|p1a: Giratina\n|-resisted|p1a: Giratina\n|-damage|p1a: Giratina|173/335\n|\n|upkeep\n|turn|7\n|inactive|Time left: 300 sec this turn | 300 sec total\n|\n|t:|1783562166\n|move|p2a: Miraidon|Electro Drift|p1a: Giratina\n|-resisted|p1a: Giratina\n|-damage|p1a: Giratina|18/335\n|move|p1a: Giratina|Poltergeist|p2a: Miraidon\n|-activate|p2a: Miraidon|move: Poltergeist|Choice Specs\n|-damage|p2a: Miraidon|0 fnt\n|faint|p2a: Miraidon\n|\n|upkeep\n|\n|t:|1783562167\n|switch|p2a: Volcarona|Volcarona, L77, M|100/100\n|turn|8\n|inactive|Time left: 300 sec this turn | 300 sec total\n|\n|t:|1783562168\n|move|p2a: Volcarona|Bug Buzz|p1a: Giratina\n|-resisted|p1a: Giratina\n|-damage|p1a: Giratina|0 fnt\n|faint|p1a: Giratina\n|\n|-fieldend|move: Electric Terrain\n|upkeep\n|inactive|Time left: 300 sec this turn | 300 sec total | 5 sec grace\n|\n|t:|1783562169\n|switch|p1a: Komala|Komala, L87, M|255/255\n|-ability|p1a: Komala|Comatose\n|turn|9\n|inactive|Time left: 300 sec this turn | 300 sec total\n|\n|t:|1783562170\n|switch|p2a: Lucario|Lucario, L84, M|100/100\n|move|p1a: Komala|Body Slam|p2a: Lucario\n|-resisted|p2a: Lucario\n|-damage|p2a: Lucario|76/100\n|\n|upkeep\n|turn|10\n|inactive|Time left: 300 sec this turn | 300 sec total\n|\n|t:|1783562171\n|switch|p1a: Regidrago|Regidrago, L77|161/435\n|move|p2a: Lucario|Close Combat|p1a: Regidrago\n|-damage|p1a: Regidrago|0 fnt\n|-unboost|p2a: Lucario|def|1\n|-unboost|p2a: Lucario|spd|1\n|faint|p1a: Regidrago\n|\n|upkeep\n|inactive|Time left: 300 sec this turn | 300 sec total | 5 sec grace\n|\n|t:|1783562172\n|switch|p1a: Noctowl|Noctowl, L95, F|344/344\n|turn|11\n|inactive|Time left: 300 sec this turn | 300 sec total\n|\n|t:|1783562173\n|move|p2a: Lucario|Close Combat|p1a: Noctowl\n|-damage|p1a: Noctowl|68/344\n|-unboost|p2a: Lucario|def|1\n|-unboost|p2a: Lucario|spd|1\n|move|p1a: Noctowl|Hyper Voice|p2a: Lucario\n|-resisted|p2a: Lucario\n|-damage|p2a: Lucario|0 fnt\n|faint|p2a: Lucario\n|\n|upkeep\n|\n|t:|1783562174\n|switch|p2a: Volcarona|Volcarona, L77, M|100/100\n|turn|12\n|inactive|Time left: 300 sec this turn | 300 sec total\n|\n|t:|1783562175\n|switch|p1a: Komala|Komala, L87, M|255/255\n|-ability|p1a: Komala|Comatose\n|move|p2a: Volcarona|Quiver Dance|p2a: Volcarona\n|-boost|p2a: Volcarona|spa|1\n|-boost|p2a: Volcarona|spd|1\n|-boost|p2a: Volcarona|spe|1\n|\n|upkeep\n|turn|13\n|inactive|Time left: 300 sec this turn | 300 sec total\n|\n|t:|1783562176\n|move|p2a: Volcarona|Fire Blast|p1a: Komala\n|-damage|p1a: Komala|146/255\n|move|p1a: Komala|Body Slam|p2a: Volcarona\n|-damage|p2a: Volcarona|47/100\n|\n|upkeep\n|turn|14\n|inactive|Time left: 300 sec this turn | 300 sec total\n|\n|t:|1783562177\n|move|p2a: Volcarona|Fire Blast|p1a: Komala\n|-damage|p1a: Komala|40/255\n|move|p1a: Komala|Body Slam|p2a: Volcarona\n|-damage|p2a: Volcarona|0 fnt\n|faint|p2a: Volcarona\n|\n|upkeep\n|\n|t:|1783562178\n|switch|p2a: Quagsire|Quagsire, L84, F|100/100\n|turn|15\n|inactive|Time left: 300 sec this turn | 300 sec total\n|\n|t:|1783562179\n|move|p1a: Komala|Body Slam|p2a: Quagsire\n|-damage|p2a: Quagsire|63/100\n|move|p2a: Quagsire|Earthquake|p1a: Komala\n|-damage|p1a: Komala|0 fnt\n|faint|p1a: Komala\n|\n|-heal|p2a: Quagsire|69/100|[from] item: Leftovers\n|upkeep\n|inactive|Time left: 300 sec this turn | 300 sec total | 5 sec grace\n|\n|t:|1783562180\n|switch|p1a: Noctowl|Noctowl, L95, F|68/344\n|turn|16\n|inactive|Time left: 300 sec this turn | 300 sec total\n|\n|t:|1783562181\n|move|p1a: Noctowl|Roost|p1a: Noctowl\n|-heal|p1a: Noctowl|240/344\n|-singleturn|p1a: Noctowl|move: Roost\n|move|p2a: Quagsire|Toxic|p1a: Noctowl|[miss]\n|-miss|p2a: Quagsire|p1a: Noctowl\n|\n|-heal|p2a: Quagsire|75/100|[from] item: Leftovers\n|upkeep\n|turn|17\n|inactive|Time left: 300 sec this turn | 300 sec total\n|\n|t:|1783562182\n|move|p1a: Noctowl|Hurricane|p2a: Quagsire|[miss]\n|-miss|p1a: Noctowl|p2a: Quagsire\n|move|p2a: Quagsire|Toxic|p1a: Noctowl\n|-status|p1a: Noctowl|tox\n|\n|-heal|p2a: Quagsire|81/100|[from] item: Leftovers\n|-damage|p1a: Noctowl|219/344 tox|[from] psn\n|upkeep\n|turn|18\n|inactive|Time left: 300 sec this turn | 300 sec total\n|\n|t:|1783562183\n|move|p1a: Noctowl|Hurricane|p2a: Quagsire|[miss]\n|-miss|p1a: Noctowl|p2a: Quagsire\n|move|p2a: Quagsire|Recover|p2a: Quagsire\n|-heal|p2a: Quagsire|100/100\n|\n|-damage|p1a: Noctowl|177/344 tox|[from] psn\n|upkeep\n|turn|19\n|inactive|Time left: 300 sec this turn | 300 sec total\n|\n|t:|1783562184\n|move|p1a: Noctowl|Hurricane|p2a: Quagsire|[miss]\n|-miss|p1a: Noctowl|p2a: Quagsire\n|move|p2a: Quagsire|Ice Beam|p1a: Noctowl\n|-supereffective|p1a: Noctowl\n|-damage|p1a: Noctowl|101/344 tox\n|\n|-damage|p1a: Noctowl|38/344 tox|[from] psn\n|upkeep\n|turn|20\n|inactive|Time left: 300 sec this turn | 300 sec total\n|\n|t:|1783562185\n|move|p1a: Noctowl|Hurricane|p2a: Quagsire\n|-damage|p2a: Quagsire|48/100\n|move|p2a: Quagsire|Earthquake|p1a: Noctowl\n|-immune|p1a: Noctowl\n|\n|-heal|p2a: Quagsire|54/100|[from] item: Leftovers\n|-damage|p1a: Noctowl|0 fnt|[from] psn\n|faint|p1a: Noctowl\n|upkeep\n|inactive|Time left: 300 sec this turn | 300 sec total | 5 sec grace\n|\n|t:|1783562186\n|switch|p1a: Mightyena|Mightyena, L96, F|290/290\n|-ability|p1a: Mightyena|Intimidate|boost\n|-unboost|p2a: Quagsire|atk|1\n|turn|21\n|inactive|Time left: 300 sec this turn | 300 sec total\n|\n|t:|1783562187\n|move|p1a: Mightyena|Poison Fang|p2a: Quagsire\n|-resisted|p2a: Quagsire\n|-damage|p2a: Quagsire|47/100\n|move|p2a: Quagsire|Toxic|p1a: Mightyena\n|-status|p1a: Mightyena|tox\n|\n|-heal|p2a: Quagsire|53/100|[from] item: Leftovers\n|-damage|p1a: Mightyena|272/290 tox|[from] psn\n|upkeep\n|turn|22\n|inactive|Time left: 300 sec this turn | 300 sec total\n|\n|t:|1783562188\n|move|p1a: Mightyena|Play Rough|p2a: Quagsire\n|-damage|p2a: Quagsire|26/100\n|move|p2a: Quagsire|Earthquake|p1a: Mightyena\n|-damage|p1a: Mightyena|203/290 tox\n|\n|-heal|p2a: Quagsire|32/100|[from] item: Leftovers\n|-damage|p1a: Mightyena|167/290 tox|[from] psn\n|upkeep\n|turn|23\n|inactive|Time left: 300 sec this turn | 300 sec total\n|\n|t:|1783562189\n|move|p1a: Mightyena|Throat Chop|p2a: Quagsire\n|-crit|p2a: Quagsire\n|-damage|p2a: Quagsire|0 fnt\n|faint|p2a: Quagsire\n|\n|-damage|p1a: Mightyena|113/290 tox|[from] psn\n|upkeep\n|\n|t:|1783562190\n|switch|p2a: Coalossal|Coalossal, L89, F|100/100\n|turn|24\n|inactive|Time left: 300 sec this turn | 300 sec total\n|\n|t:|1783562191\n|move|p1a: Mightyena|Poison Fang|p2a: Coalossal\n|-resisted|p2a: Coalossal\n|-damage|p2a: Coalossal|96/100\n|move|p2a: Coalossal|Overheat|p1a: Mightyena\n|-damage|p1a: Mightyena|14/290 tox\n|-unboost|p2a: Coalossal|spa|2\n|\n|-damage|p1a: Mightyena|0 fnt|[from] psn\n|faint|p1a: Mightyena\n|\n|win|p0y191595c3", "uploadtime": 1783562191, "views": 0, "rating": 0, "private": 0, "password": null, "_winner": "p0y191595c3", "_our_name": "p0x19152ceb"}