{"id": "battle-gen9randombattle-2053", "formatid": "gen9randombattle", "format": "[Gen 9] Random Battle", "players": ["p0x2053ffd7", "p0y20535015"], "log": "|init|battle\n|title|p0x2053ffd7 vs. p0y20535015\n|j|\u2606p0x2053ffd7\n|j|\u2606p0y20535015\n|t:|1783563786\n|gametype|singles\n|player|p1|p0x2053ffd7|266|\n|player|p2|p0y20535015|265|\n|gen|9\n|tier|[Gen 9] Random Battle\n|rule|Species Clause: Limit one of each Pok\u00e9mon\n|rule|HP Percentage Mod: HP is shown in percentages\n|rule|Sleep Clause Mod: Limit one foe put to sleep\n|rule|Illusion Level Mod: Illusion disguises the Pok\u00e9mon's true level\n|\n|t:|1783563786\n|teamsize|p1|6\n|teamsize|p2|6\n|start\n|switch|p1a: Barraskewda|Barraskewda, L81, F|231/231\n|switch|p2a: Oranguru|Oranguru, L92, F|100/100\n|turn|1\n|inactive|Battle timer is ON: inactive players will automatically lose when time's up. (requested by p0x2053ffd7)\n|inactive|p0y20535015 also wants the timer to be on.\n|\n|t:|1783563787\n|move|p1a: Barraskewda|Flip Turn|p2a: Oranguru\n|-damage|p2a: Oranguru|68/100\n|inactive|Time left: 300 sec this turn | 300 sec total | 65 sec grace\n|\n|t:|1783563789\n|switch|p1a: Lokix|Lokix, L82, M|251/251|[from] Flip Turn\n|move|p2a: Oranguru|Psyshock|p1a: Lokix\n|-immune|p1a: Lokix\n|\n|upkeep\n|turn|2\n|inactive|Time left: 300 sec this turn | 300 sec total\n|\n|t:|1783563790\n|switch|p2a: Emboar|Emboar, L84, F|100/100\n|move|p1a: Lokix|U-turn|p2a: Emboar\n|-resisted|p2a: Emboar\n|-damage|p2a: Emboar|84/100\n|inactive|Time left: 300 sec this turn | 300 sec total | 5 sec grace\n|\n|t:|1783563791\n|switch|p1a: Squawkabilly|Squawkabilly-Blue, L85, F|278/278|[from] U-turn\n|\n|-status|p1a: Squawkabilly|brn|[from] item: Flame Orb\n|upkeep\n|turn|3\n|inactive|Time left: 300 sec this turn | 300 sec total\n|\n|t:|1783563792\n|switch|p2a: Solgaleo|Solgaleo, L74|100/100\n|move|p1a: Squawkabilly|Facade|p2a: Solgaleo\n|-resisted|p2a: Solgaleo\n|-damage|p2a: Solgaleo|65/100\n|-damage|p1a: Squawkabilly|232/278 brn|[from] item: Rocky Helmet|[of] p2a: Solgaleo\n|\n|-damage|p1a: Squawkabilly|215/278 brn|[from] brn\n|upkeep\n|turn|4\n|inactive|Time left: 300 sec this turn | 300 sec total\n|\n|t:|1783563793\n|switch|p1a: Bellibolt|Bellibolt, L84, F|320/320\n|move|p2a: Solgaleo|Sunsteel Strike|p1a: Bellibolt\n|-resisted|p1a: Bellibolt\n|-damage|p1a: Bellibolt|263/320\n|-start|p1a: Bellibolt|Charge|Sunsteel Strike|[from] ability: Electromorphosis\n|\n|-heal|p1a: Bellibolt|283/320|[from] item: Leftovers\n|upkeep\n|turn|5\n|inactive|Time left: 300 sec this turn | 300 sec total\n|\n|t:|1783563794\n|move|p2a: Solgaleo|Earthquake|p1a: Bellibolt\n|-supereffective|p1a: Bellibolt\n|-damage|p1a: Bellibolt|137/320\n|-start|p1a: Bellibolt|Charge|Earthquake|[from] ability: Electromorphosis\n|move|p1a: Bellibolt|Thunderbolt|p2a: Solgaleo\n|-damage|p2a: Solgaleo|0 fnt\n|faint|p2a: Solgaleo\n|-end|p1a: Bellibolt|Charge|[silent]\n|\n|-heal|p1a: Bellibolt|157/320|[from] item: Leftovers\n|upkeep\n|\n|t:|1783563795\n|switch|p2a: Oranguru|Oranguru, L92, F|68/100\n|turn|6\n|inactive|Time left: 300 sec this turn | 300 sec total\n|\n|t:|1783563796\n|switch|p1a: Altaria|Altaria, L89, F|278/278\n|move|p2a: Oranguru|Hyper Voice|p1a: Altaria\n|-damage|p1a: Altaria|143/278\n|\n|upkeep\n|turn|7\n|inactive|Time left: 300 sec this turn | 300 sec total\n|\n|t:|1783563797\n|move|p1a: Altaria|Roost|p1a: Altaria\n|-heal|p1a: Altaria|278/278\n|-singleturn|p1a: Altaria|move: Roost\n|move|p2a: Oranguru|Hyper Voice|p1a: Altaria\n|-damage|p1a: Altaria|139/278\n|\n|upkeep\n|turn|8\n|inactive|Time left: 300 sec this turn | 300 sec total\n|\n|t:|1783563798\n|move|p1a: Altaria|Roost|p1a: Altaria\n|-heal|p1a: Altaria|278/278\n|-singleturn|p1a: Altaria|move: Roost\n|move|p2a: Oranguru|Hyper Voice|p1a: Altaria\n|-crit|p1a: Altaria\n|-damage|p1a: Altaria|77/278\n|\n|upkeep\n|turn|9\n|inactive|Time left: 300 sec this turn | 300 sec total\n|\n|t:|1783563799\n|move|p1a: Altaria|Roost|p1a: Altaria\n|-heal|p1a: Altaria|216/278\n|-singleturn|p1a: Altaria|move: Roost\n|move|p2a: Oranguru|Hyper Voice|p1a: Altaria\n|-damage|p1a: Altaria|75/278\n|\n|upkeep\n|turn|10\n|inactive|Time left: 300 sec this turn | 300 sec total\n|\n|t:|1783563800\n|move|p1a: Altaria|Brave Bird|p2a: Oranguru\n|-damage|p2a: Oranguru|34/100\n|-damage|p1a: Altaria|39/278|[from] Recoil\n|move|p2a: Oranguru|Hyper Voice|p1a: Altaria\n|-damage|p1a: Altaria|0 fnt\n|faint|p1a: Altaria\n|\n|upkeep\n|inactive|Time left: 300 sec this turn | 300 sec total | 5 sec grace\n|\n|t:|1783563801\n|switch|p1a: Squawkabilly|Squawkabilly-Blue, L85, F|215/278 brn\n|turn|11\n|inactive|Time left: 300 sec this turn | 300 sec total\n|\n|t:|1783563801\n|move|p1a: Squawkabilly|Facade|p2a: Oranguru\n|-damage|p2a: Oranguru|0 fnt\n|faint|p2a: Oranguru\n|\n|-damage|p1a: Squawkabilly|198/278 brn|[from] brn\n|upkeep\n|\n|t:|1783563802\n|switch|p2a: Swanna|Swanna, L89, M|100/100\n|turn|12\n|inactive|Time left: 300 sec this turn | 300 sec total\n|\n|t:|1783563803\n|switch|p1a: Bellibolt|Bellibolt, L84, F|157/320\n|move|p2a: Swanna|Brave Bird|p1a: Bellibolt\n|-resisted|p1a: Bellibolt\n|-damage|p1a: Bellibolt|88/320\n|-start|p1a: Bellibolt|Charge|Brave Bird|[from] ability: Electromorphosis\n|-damage|p2a: Swanna|92/100|[from] Recoil\n|\n|-heal|p1a: Bellibolt|108/320|[from] item: Leftovers\n|upkeep\n|turn|13\n|inactive|Time left: 300 sec this turn | 300 sec total\n|\n|t:|1783563804\n|move|p2a: Swanna|Hydro Pump|p1a: Bellibolt\n|-damage|p1a: Bellibolt|0 fnt\n|faint|p1a: Bellibolt\n|\n|upkeep\n|inactive|Time left: 300 sec this turn | 300 sec total | 5 sec grace\n|\n|t:|1783563805\n|switch|p1a: Crabominable|Crabominable, L90, M|321/321\n|turn|14\n|inactive|Time left: 300 sec this turn | 300 sec total\n|\n|t:|1783563806\n|move|p2a: Swanna|Brave Bird|p1a: Crabominable\n|-supereffective|p1a: Crabominable\n|-damage|p1a: Crabominable|73/321\n|-damage|p2a: Swanna|63/100|[from] Recoil\n|move|p1a: Crabominable|Drain Punch|p2a: Swanna\n|-resisted|p2a: Swanna\n|-damage|p2a: Swanna|13/100\n|-heal|p1a: Crabominable|142/321|[from] drain|[of] p2a: Swanna\n|\n|upkeep\n|turn|15\n|inactive|Time left: 300 sec this turn | 300 sec total\n|\n|t:|1783563807\n|move|p2a: Swanna|Brave Bird|p1a: Crabominable\n|-supereffective|p1a: Crabominable\n|-damage|p1a: Crabominable|0 fnt\n|faint|p1a: Crabominable\n|-damage|p2a: Swanna|0 fnt|[from] Recoil\n|faint|p2a: Swanna\n|\n|upkeep\n|inactive|Time left: 300 sec this turn | 300 sec total | 5 sec grace\n|\n|t:|1783563808\n|switch|p2a: Araquanid|Araquanid, L82, F|100/100\n|switch|p1a: Barraskewda|Barraskewda, L81, F|231/231\n|turn|16\n|inactive|Time left: 300 sec this turn | 300 sec total\n|\n|t:|1783563809\n|move|p1a: Barraskewda|Waterfall|p2a: Araquanid\n|-resisted|p2a: Araquanid\n|-damage|p2a: Araquanid|69/100\n|move|p2a: Araquanid|Leech Life|p1a: Barraskewda\n|-damage|p1a: Barraskewda|147/231\n|-heal|p2a: Araquanid|86/100|[from] drain|[of] p1a: Barraskewda\n|\n|upkeep\n|turn|17\n|inactive|Time left: 300 sec this turn | 300 sec total\n|\n|t:|1783563810\n|move|p1a: Barraskewda|Waterfall|p2a: Araquanid\n|-resisted|p2a: Araquanid\n|-damage|p2a: Araquanid|56/100\n|move|p2a: Araquanid|Leech Life|p1a: Barraskewda\n|-damage|p1a: Barraskewda|56/231\n|-heal|p2a: Araquanid|75/100|[from] drain|[of] p1a: Barraskewda\n|\n|upkeep\n|turn|18\n|inactive|Time left: 300 sec this turn | 300 sec total\n|\n|t:|1783563811\n|move|p1a: Barraskewda|Waterfall|p2a: Araquanid\n|-resisted|p2a: Araquanid\n|-damage|p2a: Araquanid|46/100\n|move|p2a: Araquanid|Sticky Web|p1a: Barraskewda\n|-sidestart|p1: p0x2053ffd7|move: Sticky Web\n|\n|upkeep\n|turn|19\n|inactive|Time left: 300 sec this turn | 300 sec total\n|\n|t:|1783563812\n|move|p1a: Barraskewda|Waterfall|p2a: Araquanid\n|-resisted|p2a: Araquanid\n|-damage|p2a: Araquanid|16/100\n|move|p2a: Araquanid|Liquidation|p1a: Barraskewda\n|-resisted|p1a: Barraskewda\n|-damage|p1a: Barraskewda|0 fnt\n|faint|p1a: Barraskewda\n|\n|upkeep\n|inactive|Time left: 300 sec this turn | 300 sec total | 5 sec grace\n|\n|t:|1783563813\n|switch|p1a: Squawkabilly|Squawkabilly-Blue, L85, F|198/278 brn\n|turn|20\n|inactive|Time left: 300 sec this turn | 300 sec total\n|\n|t:|1783563814\n|move|p1a: Squawkabilly|Facade|p2a: Araquanid\n|-damage|p2a: Araquanid|0 fnt\n|faint|p2a: Araquanid\n|\n|-damage|p1a: Squawkabilly|181/278 brn|[from] brn\n|upkeep\n|\n|t:|1783563815\n|switch|p2a: Flareon|Flareon, L90, M|100/100\n|turn|21\n|inactive|Time left: 300 sec this turn | 300 sec total\n|\n|t:|1783563816\n|-terastallize|p1a: Squawkabilly|Normal\n|move|p1a: Squawkabilly|Facade|p2a: Flareon\n|-damage|p2a: Flareon|0 fnt\n|faint|p2a: Flareon\n|\n|-damage|p1a: Squawkabilly|164/278 brn|[from] brn\n|upkeep\n|\n|t:|1783563817\n|switch|p2a: Emboar|Emboar, L84, F|84/100\n|turn|22\n|inactive|Time left: 300 sec this turn | 300 sec total\n|\n|t:|1783563818\n|-terastallize|p2a: Emboar|Dark\n|move|p1a: Squawkabilly|Facade|p2a: Emboar\n|-damage|p2a: Emboar|0 fnt\n|faint|p2a: Emboar\n|\n|win|p0x2053ffd7", "uploadtime": 1783563818, "views": 0, "rating": 0, "private": 0, "password": null, "_winner": "p0x2053ffd7", "_our_name": "p0x2053ffd7"}