{"id": "battle-gen9randombattle-756", "formatid": "gen9randombattle", "format": "[Gen 9] Random Battle", "players": ["p0x756c44c", "p0y7569cf8"], "log": "|init|battle\n|title|p0x756c44c vs. p0y7569cf8\n|j|\u2606p0x756c44c\n|j|\u2606p0y7569cf8\n|t:|1783548631\n|gametype|singles\n|player|p1|p0x756c44c|102|\n|player|p2|p0y7569cf8|266|\n|gen|9\n|tier|[Gen 9] Random Battle\n|rule|Species Clause: Limit one of each Pok\u00e9mon\n|rule|HP Percentage Mod: HP is shown in percentages\n|rule|Sleep Clause Mod: Limit one foe put to sleep\n|rule|Illusion Level Mod: Illusion disguises the Pok\u00e9mon's true level\n|\n|t:|1783548631\n|teamsize|p1|6\n|teamsize|p2|6\n|start\n|switch|p1a: Delphox|Delphox, L84, F|100/100\n|switch|p2a: Mismagius|Mismagius, L86, M|243/243\n|turn|1\n|inactive|Battle timer is ON: inactive players will automatically lose when time's up. (requested by p0y7569cf8)\n|inactive|p0x756c44c also wants the timer to be on.\n|\n|t:|1783548633\n|move|p1a: Delphox|Psyshock|p2a: Mismagius\n|-damage|p2a: Mismagius|110/243\n|move|p2a: Mismagius|Shadow Ball|p1a: Delphox\n|-supereffective|p1a: Delphox\n|-damage|p1a: Delphox|36/100\n|\n|-heal|p2a: Mismagius|125/243|[from] item: Leftovers\n|upkeep\n|turn|2\n|inactive|Time left: 300 sec this turn | 300 sec total\n|\n|t:|1783548634\n|switch|p2a: Archaludon|Archaludon, L78, F|268/268\n|move|p1a: Delphox|Psyshock|p2a: Archaludon\n|-resisted|p2a: Archaludon\n|-crit|p2a: Archaludon\n|-damage|p2a: Archaludon|214/268\n|-ability|p2a: Archaludon|Stamina|boost\n|-boost|p2a: Archaludon|def|1\n|\n|upkeep\n|turn|3\n|inactive|Time left: 300 sec this turn | 300 sec total\n|\n|t:|1783548635\n|switch|p1a: Sandy Shocks|Sandy Shocks, L80|100/100\n|move|p2a: Archaludon|Flash Cannon|p1a: Sandy Shocks\n|-resisted|p1a: Sandy Shocks\n|-damage|p1a: Sandy Shocks|81/100\n|\n|upkeep\n|turn|4\n|inactive|Time left: 300 sec this turn | 300 sec total\n|\n|t:|1783548636\n|switch|p2a: Lurantis|Lurantis, L87, F|264/264\n|move|p1a: Sandy Shocks|Earth Power|p2a: Lurantis\n|-resisted|p2a: Lurantis\n|-damage|p2a: Lurantis|229/264\n|\n|upkeep\n|turn|5\n|inactive|Time left: 300 sec this turn | 300 sec total\n|\n|t:|1783548637\n|move|p1a: Sandy Shocks|Volt Switch|p2a: Lurantis\n|-resisted|p2a: Lurantis\n|-damage|p2a: Lurantis|203/264\n|\n|t:|1783548638\n|-end|p1a: Sandy Shocks|Protosynthesis|[silent]\n|switch|p1a: Salazzle|Salazzle, L83, F|100/100|[from] Volt Switch\n|move|p2a: Lurantis|Leaf Storm|p1a: Salazzle\n|-resisted|p1a: Salazzle\n|-damage|p1a: Salazzle|83/100\n|-boost|p2a: Lurantis|spa|2\n|\n|upkeep\n|turn|6\n|inactive|Time left: 300 sec this turn | 300 sec total\n|\n|t:|1783548639\n|-terastallize|p2a: Lurantis|Fighting\n|move|p1a: Salazzle|Nasty Plot|p1a: Salazzle\n|-boost|p1a: Salazzle|spa|2\n|move|p2a: Lurantis|Superpower|p1a: Salazzle\n|-resisted|p1a: Salazzle\n|-damage|p1a: Salazzle|45/100\n|-boost|p2a: Lurantis|atk|1\n|-boost|p2a: Lurantis|def|1\n|\n|upkeep\n|turn|7\n|inactive|Time left: 300 sec this turn | 300 sec total\n|\n|t:|1783548640\n|move|p1a: Salazzle|Sludge Wave|p2a: Lurantis\n|-damage|p2a: Lurantis|70/264\n|-status|p2a: Lurantis|psn\n|move|p2a: Lurantis|Superpower|p1a: Salazzle\n|-resisted|p1a: Salazzle\n|-damage|p1a: Salazzle|0 fnt\n|-boost|p2a: Lurantis|atk|1\n|-boost|p2a: Lurantis|def|1\n|faint|p1a: Salazzle\n|\n|-damage|p2a: Lurantis|37/264 psn|[from] psn\n|upkeep\n|\n|t:|1783548641\n|switch|p1a: Veluza|Veluza, L85, M|100/100\n|turn|8\n|inactive|Time left: 300 sec this turn | 300 sec total\n|\n|t:|1783548642\n|move|p1a: Veluza|Psycho Cut|p2a: Lurantis\n|-supereffective|p2a: Lurantis\n|-crit|p2a: Lurantis\n|-damage|p2a: Lurantis|0 fnt\n|faint|p2a: Lurantis\n|\n|upkeep\n|inactive|Time left: 300 sec this turn | 300 sec total | 5 sec grace\n|\n|t:|1783548643\n|switch|p2a: Chandelure|Chandelure, L83, F|235/235\n|turn|9\n|inactive|Time left: 300 sec this turn | 300 sec total\n|\n|t:|1783548644\n|-terastallize|p1a: Veluza|Water\n|move|p2a: Chandelure|Shadow Ball|p1a: Veluza\n|-damage|p1a: Veluza|51/100\n|move|p1a: Veluza|Aqua Cutter|p2a: Chandelure\n|-supereffective|p2a: Chandelure\n|-crit|p2a: Chandelure\n|-damage|p2a: Chandelure|0 fnt\n|faint|p2a: Chandelure\n|\n|upkeep\n|inactive|Time left: 300 sec this turn | 300 sec total | 5 sec grace\n|\n|t:|1783548645\n|switch|p2a: Espeon|Espeon, L84, M|246/246\n|turn|10\n|inactive|Time left: 300 sec this turn | 300 sec total\n|\n|t:|1783548646\n|switch|p1a: Vigoroth|Vigoroth, L85, F|100/100\n|move|p2a: Espeon|Psychic|p1a: Vigoroth\n|-damage|p1a: Vigoroth|50/100\n|-damage|p2a: Espeon|222/246|[from] item: Life Orb\n|\n|upkeep\n|turn|11\n|inactive|Time left: 300 sec this turn | 300 sec total\n|\n|t:|1783548647\n|switch|p1a: Delphox|Delphox, L84, F|36/100\n|move|p2a: Espeon|Psychic|p1a: Delphox\n|-resisted|p1a: Delphox\n|-damage|p1a: Delphox|7/100\n|-damage|p2a: Espeon|198/246|[from] item: Life Orb\n|\n|upkeep\n|turn|12\n|inactive|Time left: 300 sec this turn | 300 sec total\n|\n|t:|1783548648\n|switch|p2a: Noctowl|Noctowl, L95, M|344/344\n|move|p1a: Delphox|Fire Blast|p2a: Noctowl\n|-damage|p2a: Noctowl|181/344\n|\n|upkeep\n|turn|13\n|inactive|Time left: 300 sec this turn | 300 sec total\n|\n|t:|1783548649\n|move|p1a: Delphox|Fire Blast|p2a: Noctowl\n|-damage|p2a: Noctowl|27/344\n|move|p2a: Noctowl|Roost|p2a: Noctowl\n|-heal|p2a: Noctowl|199/344\n|-singleturn|p2a: Noctowl|move: Roost\n|\n|upkeep\n|turn|14\n|inactive|Time left: 300 sec this turn | 300 sec total\n|\n|t:|1783548650\n|move|p1a: Delphox|Fire Blast|p2a: Noctowl\n|-damage|p2a: Noctowl|24/344\n|move|p2a: Noctowl|Roost|p2a: Noctowl\n|-heal|p2a: Noctowl|196/344\n|-singleturn|p2a: Noctowl|move: Roost\n|\n|upkeep\n|turn|15\n|inactive|Time left: 300 sec this turn | 300 sec total\n|\n|t:|1783548651\n|move|p1a: Delphox|Fire Blast|p2a: Noctowl\n|-damage|p2a: Noctowl|42/344\n|move|p2a: Noctowl|Roost|p2a: Noctowl\n|-heal|p2a: Noctowl|214/344\n|-singleturn|p2a: Noctowl|move: Roost\n|\n|upkeep\n|turn|16\n|inactive|Time left: 300 sec this turn | 300 sec total\n|\n|t:|1783548653\n|move|p1a: Delphox|Fire Blast|p2a: Noctowl|[miss]\n|-miss|p1a: Delphox|p2a: Noctowl\n|move|p2a: Noctowl|Roost|p2a: Noctowl\n|-heal|p2a: Noctowl|344/344\n|-singleturn|p2a: Noctowl|move: Roost\n|\n|upkeep\n|turn|17\n|inactive|Time left: 300 sec this turn | 300 sec total\n|\n|t:|1783548653\n|move|p1a: Delphox|Fire Blast|p2a: Noctowl\n|-damage|p2a: Noctowl|184/344\n|-status|p2a: Noctowl|brn\n|move|p2a: Noctowl|Calm Mind|p2a: Noctowl\n|-boost|p2a: Noctowl|spa|1\n|-boost|p2a: Noctowl|spd|1\n|\n|-damage|p2a: Noctowl|163/344 brn|[from] brn\n|upkeep\n|turn|18\n|inactive|Time left: 300 sec this turn | 300 sec total\n|\n|t:|1783548655\n|move|p1a: Delphox|Fire Blast|p2a: Noctowl|[miss]\n|-miss|p1a: Delphox|p2a: Noctowl\n|move|p2a: Noctowl|Roost|p2a: Noctowl\n|-heal|p2a: Noctowl|335/344 brn\n|-singleturn|p2a: Noctowl|move: Roost\n|\n|-damage|p2a: Noctowl|314/344 brn|[from] brn\n|upkeep\n|turn|19\n|inactive|Time left: 300 sec this turn | 300 sec total\n|\n|t:|1783548656\n|move|p1a: Delphox|Fire Blast|p2a: Noctowl\n|-damage|p2a: Noctowl|200/344 brn\n|move|p2a: Noctowl|Calm Mind|p2a: Noctowl\n|-boost|p2a: Noctowl|spa|1\n|-boost|p2a: Noctowl|spd|1\n|\n|-damage|p2a: Noctowl|179/344 brn|[from] brn\n|upkeep\n|turn|20\n|inactive|Time left: 300 sec this turn | 300 sec total\n|\n|t:|1783548657\n|-activate|p1a: Delphox|move: Struggle\n|move|p1a: Delphox|Struggle|p2a: Noctowl\n|-damage|p2a: Noctowl|151/344 brn\n|-damage|p1a: Delphox|0 fnt|[from] recoil\n|faint|p1a: Delphox\n|move|p2a: Noctowl|Hurricane|p1: Delphox|[notarget]\n|-fail|p2a: Noctowl\n|\n|-damage|p2a: Noctowl|130/344 brn|[from] brn\n|upkeep\n|\n|t:|1783548657\n|switch|p1a: Vigoroth|Vigoroth, L85, F|50/100\n|turn|21\n|inactive|Time left: 300 sec this turn | 300 sec total\n|\n|t:|1783548658\n|move|p1a: Vigoroth|Body Slam|p2a: Noctowl\n|-damage|p2a: Noctowl|22/344 brn\n|move|p2a: Noctowl|Roost|p2a: Noctowl\n|-heal|p2a: Noctowl|194/344 brn\n|-singleturn|p2a: Noctowl|move: Roost\n|\n|-damage|p2a: Noctowl|173/344 brn|[from] brn\n|upkeep\n|turn|22\n|inactive|Time left: 300 sec this turn | 300 sec total\n|\n|t:|1783548659\n|move|p1a: Vigoroth|Body Slam|p2a: Noctowl\n|-damage|p2a: Noctowl|61/344 brn\n|move|p2a: Noctowl|Roost|p2a: Noctowl\n|-heal|p2a: Noctowl|233/344 brn\n|-singleturn|p2a: Noctowl|move: Roost\n|\n|-damage|p2a: Noctowl|212/344 brn|[from] brn\n|upkeep\n|turn|23\n|inactive|Time left: 300 sec this turn | 300 sec total\n|\n|t:|1783548660\n|move|p1a: Vigoroth|Body Slam|p2a: Noctowl\n|-damage|p2a: Noctowl|115/344 brn\n|move|p2a: Noctowl|Roost|p2a: Noctowl\n|-heal|p2a: Noctowl|287/344 brn\n|-singleturn|p2a: Noctowl|move: Roost\n|\n|-damage|p2a: Noctowl|266/344 brn|[from] brn\n|upkeep\n|turn|24\n|inactive|Time left: 300 sec this turn | 300 sec total\n|\n|t:|1783548661\n|move|p1a: Vigoroth|Slack Off|p1a: Vigoroth\n|-heal|p1a: Vigoroth|99/100\n|move|p2a: Noctowl|Hyper Voice|p1a: Vigoroth\n|-damage|p1a: Vigoroth|29/100\n|\n|-damage|p2a: Noctowl|245/344 brn|[from] brn\n|upkeep\n|turn|25\n|inactive|Time left: 300 sec this turn | 300 sec total\n|\n|t:|1783548663\n|move|p1a: Vigoroth|Body Slam|p2a: Noctowl\n|-damage|p2a: Noctowl|137/344 brn\n|move|p2a: Noctowl|Hyper Voice|p1a: Vigoroth\n|-damage|p1a: Vigoroth|0 fnt\n|faint|p1a: Vigoroth\n|\n|-damage|p2a: Noctowl|116/344 brn|[from] brn\n|upkeep\n|\n|t:|1783548664\n|switch|p1a: Sandy Shocks|Sandy Shocks, L80|81/100\n|turn|26\n|inactive|Time left: 300 sec this turn | 300 sec total\n|\n|t:|1783548665\n|move|p1a: Sandy Shocks|Volt Switch|p2a: Noctowl\n|-supereffective|p2a: Noctowl\n|-damage|p2a: Noctowl|42/344 brn\n|\n|t:|1783548666\n|-end|p1a: Sandy Shocks|Protosynthesis|[silent]\n|switch|p1a: Suicune|Suicune, L82|100/100|[from] Volt Switch\n|-ability|p1a: Suicune|Pressure\n|move|p2a: Noctowl|Hyper Voice|p1a: Suicune\n|-damage|p1a: Suicune|44/100\n|\n|-heal|p1a: Suicune|50/100|[from] item: Leftovers\n|-damage|p2a: Noctowl|21/344 brn|[from] brn\n|upkeep\n|turn|27\n|inactive|Time left: 300 sec this turn | 300 sec total\n|\n|t:|1783548667\n|move|p2a: Noctowl|Hyper Voice|p1a: Suicune\n|-damage|p1a: Suicune|0 fnt\n|faint|p1a: Suicune\n|\n|-damage|p2a: Noctowl|0 fnt|[from] brn\n|faint|p2a: Noctowl\n|upkeep\n|inactive|Time left: 300 sec this turn | 300 sec total | 5 sec grace\n|\n|t:|1783548668\n|switch|p2a: Espeon|Espeon, L84, M|198/246\n|switch|p1a: Sandy Shocks|Sandy Shocks, L80|81/100\n|turn|28\n|inactive|Time left: 300 sec this turn | 300 sec total\n|\n|t:|1783548669\n|move|p2a: Espeon|Calm Mind|p2a: Espeon\n|-boost|p2a: Espeon|spa|1\n|-boost|p2a: Espeon|spd|1\n|move|p1a: Sandy Shocks|Earth Power|p2a: Espeon\n|-damage|p2a: Espeon|125/246\n|\n|upkeep\n|turn|29\n|inactive|Time left: 300 sec this turn | 300 sec total\n|\n|t:|1783548670\n|-end|p1a: Sandy Shocks|Protosynthesis|[silent]\n|switch|p1a: Veluza|Veluza, L85, M, tera:Water|51/100\n|move|p2a: Espeon|Psychic|p1a: Veluza\n|-damage|p1a: Veluza|0 fnt\n|faint|p1a: Veluza\n|-damage|p2a: Espeon|101/246|[from] item: Life Orb\n|\n|upkeep\n|\n|t:|1783548671\n|switch|p1a: Sandy Shocks|Sandy Shocks, L80|81/100\n|turn|30\n|inactive|Time left: 300 sec this turn | 300 sec total\n|\n|t:|1783548672\n|move|p2a: Espeon|Psychic|p1a: Sandy Shocks\n|-damage|p1a: Sandy Shocks|0 fnt\n|faint|p1a: Sandy Shocks\n|-end|p1a: Sandy Shocks|Protosynthesis|[silent]\n|-damage|p2a: Espeon|77/246|[from] item: Life Orb\n|\n|win|p0y7569cf8", "uploadtime": 1783548672, "views": 0, "rating": 0, "private": 0, "password": null, "_winner": "p0y7569cf8", "_our_name": "p0y7569cf8"}