{"id": "battle-gen9randombattle-1033", "formatid": "gen9randombattle", "format": "[Gen 9] Random Battle", "players": ["p0x10330f73", "p0y103395cf"], "log": "|init|battle\n|title|p0x10330f73 vs. p0y103395cf\n|j|\u2606p0x10330f73\n|j|\u2606p0y103395cf\n|t:|1783551171\n|gametype|singles\n|player|p1|p0x10330f73|265|\n|player|p2|p0y103395cf|170|\n|gen|9\n|tier|[Gen 9] Random Battle\n|rule|Species Clause: Limit one of each Pok\u00e9mon\n|rule|HP Percentage Mod: HP is shown in percentages\n|rule|Sleep Clause Mod: Limit one foe put to sleep\n|rule|Illusion Level Mod: Illusion disguises the Pok\u00e9mon's true level\n|\n|t:|1783551171\n|teamsize|p1|6\n|teamsize|p2|6\n|start\n|switch|p1a: Torkoal|Torkoal, L88, F|266/266\n|switch|p2a: Lanturn|Lanturn, L89, F|100/100\n|-weather|SunnyDay|[from] ability: Drought|[of] p1a: Torkoal\n|turn|1\n|inactive|Battle timer is ON: inactive players will automatically lose when time's up. (requested by p0x10330f73)\n|inactive|p0y103395cf also wants the timer to be on.\n|\n|t:|1783551172\n|move|p2a: Lanturn|Thunder Wave|p1a: Torkoal|[miss]\n|-miss|p2a: Lanturn|p1a: Torkoal\n|move|p1a: Torkoal|Stealth Rock|p2a: Lanturn\n|-sidestart|p2: p0y103395cf|move: Stealth Rock\n|\n|-weather|SunnyDay|[upkeep]\n|upkeep\n|turn|2\n|inactive|Time left: 300 sec this turn | 300 sec total\n|\n|t:|1783551173\n|move|p2a: Lanturn|Thunderbolt|p1a: Torkoal\n|-damage|p1a: Torkoal|166/266\n|move|p1a: Torkoal|Solar Beam||[still]\n|-prepare|p1a: Torkoal|Solar Beam\n|-anim|p1a: Torkoal|Solar Beam|p2a: Lanturn\n|-supereffective|p2a: Lanturn\n|-damage|p2a: Lanturn|50/100\n|\n|-weather|SunnyDay|[upkeep]\n|-heal|p2a: Lanturn|56/100|[from] item: Leftovers\n|upkeep\n|turn|3\n|inactive|Time left: 300 sec this turn | 300 sec total\n|\n|t:|1783551174\n|move|p2a: Lanturn|Scald|p1a: Torkoal\n|-supereffective|p1a: Torkoal\n|-damage|p1a: Torkoal|86/266\n|move|p1a: Torkoal|Solar Beam||[still]\n|-prepare|p1a: Torkoal|Solar Beam\n|-anim|p1a: Torkoal|Solar Beam|p2a: Lanturn\n|-supereffective|p2a: Lanturn\n|-damage|p2a: Lanturn|5/100\n|\n|-weather|SunnyDay|[upkeep]\n|-heal|p2a: Lanturn|11/100|[from] item: Leftovers\n|upkeep\n|turn|4\n|inactive|Time left: 300 sec this turn | 300 sec total\n|\n|t:|1783551175\n|switch|p1a: Pincurchin|Pincurchin, M|258/258\n|-fieldstart|move: Electric Terrain|[from] ability: Electric Surge|[of] p1a: Pincurchin\n|move|p2a: Lanturn|Thunderbolt|p1a: Pincurchin\n|-resisted|p1a: Pincurchin\n|-damage|p1a: Pincurchin|208/258\n|\n|-weather|SunnyDay|[upkeep]\n|-heal|p2a: Lanturn|17/100|[from] item: Leftovers\n|-heal|p1a: Pincurchin|224/258|[from] item: Leftovers\n|upkeep\n|turn|5\n|inactive|Time left: 300 sec this turn | 300 sec total\n|\n|t:|1783551176\n|move|p2a: Lanturn|Scald|p1a: Pincurchin\n|-damage|p1a: Pincurchin|190/258\n|move|p1a: Pincurchin|Liquidation|p2a: Lanturn\n|-resisted|p2a: Lanturn\n|-damage|p2a: Lanturn|8/100\n|-unboost|p2a: Lanturn|def|1\n|\n|-weather|none\n|-heal|p2a: Lanturn|14/100|[from] item: Leftovers\n|-heal|p1a: Pincurchin|206/258|[from] item: Leftovers\n|upkeep\n|turn|6\n|inactive|Time left: 300 sec this turn | 300 sec total\n|\n|t:|1783551177\n|move|p2a: Lanturn|Scald|p1a: Pincurchin\n|-damage|p1a: Pincurchin|134/258\n|-status|p1a: Pincurchin|brn\n|move|p1a: Pincurchin|Liquidation|p2a: Lanturn\n|-resisted|p2a: Lanturn\n|-damage|p2a: Lanturn|3/100\n|\n|-heal|p2a: Lanturn|9/100|[from] item: Leftovers\n|-heal|p1a: Pincurchin|150/258 brn|[from] item: Leftovers\n|-damage|p1a: Pincurchin|134/258 brn|[from] brn\n|upkeep\n|turn|7\n|inactive|Time left: 300 sec this turn | 300 sec total\n|\n|t:|1783551177\n|move|p2a: Lanturn|Thunderbolt|p1a: Pincurchin\n|-resisted|p1a: Pincurchin\n|-damage|p1a: Pincurchin|84/258 brn\n|move|p1a: Pincurchin|Liquidation|p2a: Lanturn\n|-resisted|p2a: Lanturn\n|-damage|p2a: Lanturn|0 fnt\n|faint|p2a: Lanturn\n|\n|-heal|p1a: Pincurchin|100/258 brn|[from] item: Leftovers\n|-damage|p1a: Pincurchin|84/258 brn|[from] brn\n|upkeep\n|\n|t:|1783551178\n|switch|p2a: Bisharp|Bisharp, L79, F|100/100\n|-damage|p2a: Bisharp|94/100|[from] Stealth Rock\n|turn|8\n|inactive|Time left: 300 sec this turn | 300 sec total\n|\n|t:|1783551179\n|move|p2a: Bisharp|Swords Dance|p2a: Bisharp\n|-boost|p2a: Bisharp|atk|2\n|move|p1a: Pincurchin|Recover|p1a: Pincurchin\n|-heal|p1a: Pincurchin|213/258 brn\n|\n|-heal|p1a: Pincurchin|229/258 brn|[from] item: Leftovers\n|-damage|p1a: Pincurchin|213/258 brn|[from] brn\n|-fieldend|move: Electric Terrain\n|upkeep\n|turn|9\n|inactive|Time left: 300 sec this turn | 300 sec total\n|\n|t:|1783551180\n|switch|p1a: Crawdaunt|Crawdaunt, L84, F|243/243\n|move|p2a: Bisharp|Throat Chop|p1a: Crawdaunt\n|-resisted|p1a: Crawdaunt\n|-damage|p1a: Crawdaunt|149/243\n|-start|p1a: Crawdaunt|Throat Chop|[silent]\n|\n|upkeep\n|turn|10\n|inactive|Time left: 300 sec this turn | 300 sec total\n|\n|t:|1783551180\n|move|p2a: Bisharp|Iron Head|p1a: Crawdaunt\n|-resisted|p1a: Crawdaunt\n|-damage|p1a: Crawdaunt|62/243\n|move|p1a: Crawdaunt|Close Combat|p2a: Bisharp\n|-supereffective|p2a: Bisharp\n|-damage|p2a: Bisharp|0 fnt\n|-unboost|p1a: Crawdaunt|def|1\n|-unboost|p1a: Crawdaunt|spd|1\n|faint|p2a: Bisharp\n|\n|-end|p1a: Crawdaunt|Throat Chop|[silent]\n|upkeep\n|\n|t:|1783551181\n|switch|p2a: Toxicroak|Toxicroak, L84, M|100/100\n|-damage|p2a: Toxicroak|94/100|[from] Stealth Rock\n|turn|11\n|inactive|Time left: 300 sec this turn | 300 sec total\n|\n|t:|1783551182\n|move|p2a: Toxicroak|Gunk Shot|p1a: Crawdaunt|[miss]\n|-miss|p2a: Toxicroak|p1a: Crawdaunt\n|move|p1a: Crawdaunt|Close Combat|p2a: Toxicroak\n|-resisted|p2a: Toxicroak\n|-damage|p2a: Toxicroak|60/100\n|-unboost|p1a: Crawdaunt|def|1\n|-unboost|p1a: Crawdaunt|spd|1\n|\n|upkeep\n|turn|12\n|inactive|Time left: 300 sec this turn | 300 sec total\n|\n|t:|1783551183\n|switch|p1a: Pincurchin|Pincurchin, M|213/258 brn\n|-fieldstart|move: Electric Terrain|[from] ability: Electric Surge|[of] p1a: Pincurchin\n|move|p2a: Toxicroak|Gunk Shot|p1a: Pincurchin\n|-crit|p1a: Pincurchin\n|-damage|p1a: Pincurchin|0 fnt\n|faint|p1a: Pincurchin\n|\n|upkeep\n|inactive|Time left: 300 sec this turn | 300 sec total | 5 sec grace\n|\n|t:|1783551184\n|switch|p1a: Deoxys|Deoxys-Attack, L72|191/191\n|-ability|p1a: Deoxys|Pressure\n|turn|13\n|inactive|Time left: 300 sec this turn | 300 sec total\n|\n|t:|1783551185\n|move|p1a: Deoxys|Psycho Boost|p2a: Toxicroak\n|-supereffective|p2a: Toxicroak\n|-damage|p2a: Toxicroak|0 fnt\n|-unboost|p1a: Deoxys|spa|2\n|faint|p2a: Toxicroak\n|-damage|p1a: Deoxys|172/191|[from] item: Life Orb\n|\n|upkeep\n|\n|t:|1783551186\n|switch|p2a: Medicham|Medicham, L86, M|100/100\n|-damage|p2a: Medicham|94/100|[from] Stealth Rock\n|turn|14\n|inactive|Time left: 300 sec this turn | 300 sec total\n|\n|t:|1783551187\n|switch|p1a: Crawdaunt|Crawdaunt, L84, F|62/243\n|move|p2a: Medicham|Close Combat|p1a: Crawdaunt\n|-supereffective|p1a: Crawdaunt\n|-damage|p1a: Crawdaunt|0 fnt\n|-unboost|p2a: Medicham|def|1\n|-unboost|p2a: Medicham|spd|1\n|faint|p1a: Crawdaunt\n|\n|upkeep\n|inactive|Time left: 300 sec this turn | 300 sec total | 5 sec grace\n|\n|t:|1783551188\n|switch|p1a: Azumarill|Azumarill, L82, F|298/298\n|turn|15\n|inactive|Time left: 300 sec this turn | 300 sec total\n|\n|t:|1783551189\n|move|p2a: Medicham|Close Combat|p1a: Azumarill\n|-resisted|p1a: Azumarill\n|-damage|p1a: Azumarill|131/298\n|-unboost|p2a: Medicham|def|1\n|-unboost|p2a: Medicham|spd|1\n|-enditem|p1a: Azumarill|Sitrus Berry|[eat]\n|-heal|p1a: Azumarill|205/298|[from] item: Sitrus Berry\n|move|p1a: Azumarill|Liquidation|p2a: Medicham\n|-damage|p2a: Medicham|3/100\n|\n|upkeep\n|turn|16\n|inactive|Time left: 300 sec this turn | 300 sec total\n|\n|t:|1783551190\n|move|p1a: Azumarill|Aqua Jet|p2a: Medicham\n|-damage|p2a: Medicham|0 fnt\n|faint|p2a: Medicham\n|\n|-fieldend|move: Electric Terrain\n|upkeep\n|\n|t:|1783551191\n|switch|p2a: Vigoroth|Vigoroth, L85, F|100/100\n|-damage|p2a: Vigoroth|88/100|[from] Stealth Rock\n|turn|17\n|inactive|Time left: 300 sec this turn | 300 sec total\n|\n|t:|1783551192\n|move|p2a: Vigoroth|Bulk Up|p2a: Vigoroth\n|-boost|p2a: Vigoroth|atk|1\n|-boost|p2a: Vigoroth|def|1\n|move|p1a: Azumarill|Play Rough|p2a: Vigoroth\n|-damage|p2a: Vigoroth|68/100\n|\n|upkeep\n|turn|18\n|inactive|Time left: 300 sec this turn | 300 sec total\n|\n|t:|1783551193\n|move|p2a: Vigoroth|Body Slam|p1a: Azumarill\n|-damage|p1a: Azumarill|72/298\n|move|p1a: Azumarill|Liquidation|p2a: Vigoroth\n|-damage|p2a: Vigoroth|50/100\n|-unboost|p2a: Vigoroth|def|1\n|\n|upkeep\n|turn|19\n|inactive|Time left: 300 sec this turn | 300 sec total\n|\n|t:|1783551195\n|move|p2a: Vigoroth|Slack Off|p2a: Vigoroth\n|-heal|p2a: Vigoroth|99/100\n|move|p1a: Azumarill|Liquidation|p2a: Vigoroth\n|-damage|p2a: Vigoroth|72/100\n|\n|upkeep\n|turn|20\n|inactive|Time left: 300 sec this turn | 300 sec total\n|\n|t:|1783551196\n|move|p2a: Vigoroth|Bulk Up|p2a: Vigoroth\n|-boost|p2a: Vigoroth|atk|1\n|-boost|p2a: Vigoroth|def|1\n|move|p1a: Azumarill|Play Rough|p2a: Vigoroth\n|-damage|p2a: Vigoroth|50/100\n|\n|upkeep\n|turn|21\n|inactive|Time left: 300 sec this turn | 300 sec total\n|\n|t:|1783551197\n|move|p1a: Azumarill|Aqua Jet|p2a: Vigoroth\n|-damage|p2a: Vigoroth|41/100\n|move|p2a: Vigoroth|Slack Off|p2a: Vigoroth\n|-heal|p2a: Vigoroth|91/100\n|\n|upkeep\n|turn|22\n|inactive|Time left: 300 sec this turn | 300 sec total\n|\n|t:|1783551198\n|move|p2a: Vigoroth|Body Slam|p1a: Azumarill\n|-damage|p1a: Azumarill|0 fnt\n|faint|p1a: Azumarill\n|\n|upkeep\n|inactive|Time left: 300 sec this turn | 300 sec total | 5 sec grace\n|\n|t:|1783551199\n|switch|p1a: Deoxys|Deoxys-Attack, L72|172/191\n|-ability|p1a: Deoxys|Pressure\n|turn|23\n|inactive|Time left: 300 sec this turn | 300 sec total\n|\n|t:|1783551200\n|move|p1a: Deoxys|Psycho Boost|p2a: Vigoroth\n|-damage|p2a: Vigoroth|14/100\n|-unboost|p1a: Deoxys|spa|2\n|-damage|p1a: Deoxys|153/191|[from] item: Life Orb\n|move|p2a: Vigoroth|Body Slam|p1a: Deoxys\n|-damage|p1a: Deoxys|0 fnt\n|faint|p1a: Deoxys\n|\n|upkeep\n|inactive|Time left: 300 sec this turn | 300 sec total | 5 sec grace\n|\n|t:|1783551201\n|switch|p1a: Shiftry|Shiftry, L89, M|305/305\n|turn|24\n|inactive|Time left: 300 sec this turn | 300 sec total\n|\n|t:|1783551202\n|move|p2a: Vigoroth|Slack Off|p2a: Vigoroth\n|-heal|p2a: Vigoroth|64/100\n|move|p1a: Shiftry|Swords Dance|p1a: Shiftry\n|-boost|p1a: Shiftry|atk|2\n|\n|upkeep\n|turn|25\n|inactive|Time left: 300 sec this turn | 300 sec total\n|\n|t:|1783551203\n|-terastallize|p1a: Shiftry|Dark\n|move|p2a: Vigoroth|Body Slam|p1a: Shiftry\n|-damage|p1a: Shiftry|100/305\n|move|p1a: Shiftry|Knock Off|p2a: Vigoroth\n|-damage|p2a: Vigoroth|0 fnt\n|-enditem|p2a: Vigoroth|Eviolite|[from] move: Knock Off|[of] p1a: Shiftry\n|faint|p2a: Vigoroth\n|-damage|p1a: Shiftry|70/305|[from] item: Life Orb\n|\n|upkeep\n|\n|t:|1783551204\n|switch|p2a: Regidrago|Regidrago, L77|100/100\n|-damage|p2a: Regidrago|88/100|[from] Stealth Rock\n|turn|26\n|inactive|Time left: 300 sec this turn | 300 sec total\n|\n|t:|1783551205\n|-terastallize|p2a: Regidrago|Steel\n|move|p1a: Shiftry|Knock Off|p2a: Regidrago\n|-damage|p2a: Regidrago|0 fnt\n|-enditem|p2a: Regidrago|Life Orb|[from] move: Knock Off|[of] p1a: Shiftry\n|faint|p2a: Regidrago\n|-damage|p1a: Shiftry|40/305|[from] item: Life Orb\n|\n|win|p0x10330f73", "uploadtime": 1783551205, "views": 0, "rating": 0, "private": 0, "password": null, "_winner": "p0x10330f73", "_our_name": "p0x10330f73"}