{"id": "battle-gen9randombattle-1759", "formatid": "gen9randombattle", "format": "[Gen 9] Random Battle", "players": ["p0x17595c63", "p0y17593051"], "log": "|init|battle\n|title|p0x17595c63 vs. p0y17593051\n|j|\u2606p0x17595c63\n|j|\u2606p0y17593051\n|t:|1783560312\n|gametype|singles\n|player|p1|p0x17595c63|170|\n|player|p2|p0y17593051|1|\n|gen|9\n|tier|[Gen 9] Random Battle\n|rule|Species Clause: Limit one of each Pok\u00e9mon\n|rule|HP Percentage Mod: HP is shown in percentages\n|rule|Sleep Clause Mod: Limit one foe put to sleep\n|rule|Illusion Level Mod: Illusion disguises the Pok\u00e9mon's true level\n|\n|t:|1783560312\n|teamsize|p1|6\n|teamsize|p2|6\n|start\n|switch|p1a: Kyurem|Kyurem, L77|319/319\n|switch|p2a: Passimian|Passimian, L83, M|100/100\n|-ability|p1a: Kyurem|Pressure\n|turn|1\n|inactive|Battle timer is ON: inactive players will automatically lose when time's up. (requested by p0x17595c63)\n|inactive|p0y17593051 also wants the timer to be on.\n|\n|t:|1783560314\n|move|p1a: Kyurem|Icicle Spear|p2a: Passimian\n|-damage|p2a: Passimian|91/100\n|-damage|p2a: Passimian|82/100\n|-damage|p2a: Passimian|73/100\n|-damage|p2a: Passimian|64/100\n|-hitcount|p2a: Passimian|4\n|move|p2a: Passimian|Close Combat|p1a: Kyurem\n|-supereffective|p1a: Kyurem\n|-damage|p1a: Kyurem|0 fnt\n|-unboost|p2a: Passimian|def|1\n|-unboost|p2a: Passimian|spd|1\n|faint|p1a: Kyurem\n|\n|upkeep\n|inactive|Time left: 300 sec this turn | 300 sec total | 65 sec grace\n|\n|t:|1783560315\n|switch|p1a: Palossand|Palossand, L89, F|296/296\n|turn|2\n|inactive|Time left: 300 sec this turn | 300 sec total\n|\n|t:|1783560316\n|switch|p2a: Ursaluna|Ursaluna, L79, M|100/100\n|move|p1a: Palossand|Stealth Rock|p2a: Ursaluna\n|-sidestart|p2: p0y17593051|move: Stealth Rock\n|\n|-status|p2a: Ursaluna|brn|[from] item: Flame Orb\n|upkeep\n|turn|3\n|inactive|Time left: 300 sec this turn | 300 sec total\n|\n|t:|1783560317\n|move|p2a: Ursaluna|Swords Dance|p2a: Ursaluna\n|-boost|p2a: Ursaluna|atk|2\n|move|p1a: Palossand|Earth Power|p2a: Ursaluna\n|-damage|p2a: Ursaluna|60/100 brn\n|\n|-damage|p2a: Ursaluna|54/100 brn|[from] brn\n|upkeep\n|turn|4\n|inactive|Time left: 300 sec this turn | 300 sec total\n|\n|t:|1783560318\n|move|p2a: Ursaluna|Headlong Rush|p1a: Palossand\n|-damage|p1a: Palossand|0 fnt\n|-unboost|p2a: Ursaluna|def|1\n|-unboost|p2a: Ursaluna|spd|1\n|faint|p1a: Palossand\n|\n|-damage|p2a: Ursaluna|48/100 brn|[from] brn\n|upkeep\n|inactive|Time left: 300 sec this turn | 300 sec total | 5 sec grace\n|\n|t:|1783560319\n|switch|p1a: Chi-Yu|Chi-Yu, L77|211/211\n|-ability|p1a: Chi-Yu|Beads of Ruin\n|turn|5\n|inactive|Time left: 300 sec this turn | 300 sec total\n|\n|t:|1783560320\n|switch|p2a: Regidrago|Regidrago, L77|100/100\n|-damage|p2a: Regidrago|88/100|[from] Stealth Rock\n|move|p1a: Chi-Yu|Dark Pulse|p2a: Regidrago\n|-damage|p2a: Regidrago|39/100\n|\n|upkeep\n|turn|6\n|inactive|Time left: 300 sec this turn | 300 sec total\n|\n|t:|1783560321\n|switch|p2a: Passimian|Passimian, L83, M|64/100\n|-damage|p2a: Passimian|58/100|[from] Stealth Rock\n|move|p1a: Chi-Yu|Dark Pulse|p2a: Passimian\n|-resisted|p2a: Passimian\n|-damage|p2a: Passimian|30/100\n|\n|upkeep\n|turn|7\n|inactive|Time left: 300 sec this turn | 300 sec total\n|\n|t:|1783560322\n|switch|p1a: Vileplume|Vileplume, L85, F|266/266\n|move|p2a: Passimian|Close Combat|p1a: Vileplume\n|-resisted|p1a: Vileplume\n|-damage|p1a: Vileplume|158/266\n|-unboost|p2a: Passimian|def|1\n|-unboost|p2a: Passimian|spd|1\n|\n|-heal|p1a: Vileplume|174/266|[from] item: Leftovers\n|upkeep\n|turn|8\n|inactive|Time left: 300 sec this turn | 300 sec total\n|\n|t:|1783560323\n|move|p2a: Passimian|Close Combat|p1a: Vileplume\n|-resisted|p1a: Vileplume\n|-damage|p1a: Vileplume|69/266\n|-unboost|p2a: Passimian|def|1\n|-unboost|p2a: Passimian|spd|1\n|move|p1a: Vileplume|Sludge Bomb|p2a: Passimian\n|-damage|p2a: Passimian|0 fnt\n|faint|p2a: Passimian\n|\n|-heal|p1a: Vileplume|85/266|[from] item: Leftovers\n|upkeep\n|\n|t:|1783560324\n|switch|p2a: Bisharp|Bisharp, L79, F|100/100\n|-damage|p2a: Bisharp|94/100|[from] Stealth Rock\n|turn|9\n|inactive|Time left: 300 sec this turn | 300 sec total\n|\n|t:|1783560325\n|switch|p1a: Chi-Yu|Chi-Yu, L77|211/211\n|-ability|p1a: Chi-Yu|Beads of Ruin\n|move|p2a: Bisharp|Throat Chop|p1a: Chi-Yu\n|-resisted|p1a: Chi-Yu\n|-damage|p1a: Chi-Yu|159/211\n|-start|p1a: Chi-Yu|Throat Chop|[silent]\n|\n|upkeep\n|turn|10\n|inactive|Time left: 300 sec this turn | 300 sec total\n|\n|t:|1783560326\n|switch|p2a: Regidrago|Regidrago, L77|39/100\n|-damage|p2a: Regidrago|26/100|[from] Stealth Rock\n|move|p1a: Chi-Yu|Flamethrower|p2a: Regidrago\n|-resisted|p2a: Regidrago\n|-damage|p2a: Regidrago|2/100\n|\n|-end|p1a: Chi-Yu|Throat Chop|[silent]\n|upkeep\n|turn|11\n|inactive|Time left: 300 sec this turn | 300 sec total\n|\n|t:|1783560327\n|move|p1a: Chi-Yu|Flamethrower|p2a: Regidrago\n|-resisted|p2a: Regidrago\n|-crit|p2a: Regidrago\n|-damage|p2a: Regidrago|0 fnt\n|faint|p2a: Regidrago\n|\n|upkeep\n|\n|t:|1783560328\n|switch|p2a: Breloom|Breloom, L83, F|100/100\n|-damage|p2a: Breloom|95/100|[from] Stealth Rock\n|turn|12\n|inactive|Time left: 300 sec this turn | 300 sec total\n|\n|t:|1783560329\n|-terastallize|p1a: Chi-Yu|Fire\n|move|p2a: Breloom|Mach Punch|p1a: Chi-Yu\n|-damage|p1a: Chi-Yu|38/211\n|-damage|p2a: Breloom|85/100|[from] item: Life Orb\n|move|p1a: Chi-Yu|Flamethrower|p2a: Breloom\n|-supereffective|p2a: Breloom\n|-damage|p2a: Breloom|0 fnt\n|faint|p2a: Breloom\n|\n|upkeep\n|\n|t:|1783560330\n|switch|p2a: Bisharp|Bisharp, L79, F|94/100\n|-damage|p2a: Bisharp|88/100|[from] Stealth Rock\n|turn|13\n|inactive|Time left: 300 sec this turn | 300 sec total\n|\n|t:|1783560331\n|move|p2a: Bisharp|Sucker Punch|p1a: Chi-Yu\n|-damage|p1a: Chi-Yu|0 fnt\n|faint|p1a: Chi-Yu\n|\n|upkeep\n|inactive|Time left: 300 sec this turn | 300 sec total | 5 sec grace\n|\n|t:|1783560332\n|switch|p1a: Charizard|Charizard, L85, F|271/271\n|turn|14\n|inactive|Time left: 300 sec this turn | 300 sec total\n|\n|t:|1783560333\n|-terastallize|p2a: Bisharp|Flying\n|move|p1a: Charizard|Flamethrower|p2a: Bisharp\n|-damage|p2a: Bisharp|50/100\n|move|p2a: Bisharp|Swords Dance|p2a: Bisharp\n|-boost|p2a: Bisharp|atk|2\n|\n|upkeep\n|turn|15\n|inactive|Time left: 300 sec this turn | 300 sec total\n|\n|t:|1783560334\n|move|p1a: Charizard|Will-O-Wisp|p2a: Bisharp\n|-status|p2a: Bisharp|brn\n|move|p2a: Bisharp|Throat Chop|p1a: Charizard\n|-damage|p1a: Charizard|164/271\n|-start|p1a: Charizard|Throat Chop|[silent]\n|\n|-damage|p2a: Bisharp|44/100 brn|[from] brn\n|upkeep\n|turn|16\n|inactive|Time left: 300 sec this turn | 300 sec total\n|\n|t:|1783560335\n|move|p1a: Charizard|Flamethrower|p2a: Bisharp\n|-crit|p2a: Bisharp\n|-damage|p2a: Bisharp|0 fnt\n|faint|p2a: Bisharp\n|\n|-end|p1a: Charizard|Throat Chop|[silent]\n|upkeep\n|\n|t:|1783560336\n|switch|p2a: Persian|Persian, L92, M|100/100\n|-damage|p2a: Persian|88/100|[from] Stealth Rock\n|turn|17\n|inactive|Time left: 300 sec this turn | 300 sec total\n|\n|t:|1783560336\n|switch|p1a: Kommo-o|Kommo-o, L77, M|242/242\n|move|p2a: Persian|Fake Out|p1a: Kommo-o\n|-damage|p1a: Kommo-o|178/242\n|\n|upkeep\n|turn|18\n|inactive|Time left: 300 sec this turn | 300 sec total\n|\n|t:|1783560337\n|move|p2a: Persian|Double-Edge|p1a: Kommo-o\n|-damage|p1a: Kommo-o|54/242\n|-damage|p2a: Persian|73/100|[from] Recoil\n|move|p1a: Kommo-o|Close Combat|p2a: Persian\n|-supereffective|p2a: Persian\n|-damage|p2a: Persian|0 fnt\n|-unboost|p1a: Kommo-o|def|1\n|-unboost|p1a: Kommo-o|spd|1\n|faint|p2a: Persian\n|\n|upkeep\n|\n|t:|1783560338\n|switch|p2a: Ursaluna|Ursaluna, L79, M|48/100 brn\n|-damage|p2a: Ursaluna|42/100 brn|[from] Stealth Rock\n|turn|19\n|inactive|Time left: 300 sec this turn | 300 sec total\n|\n|t:|1783560339\n|move|p1a: Kommo-o|Close Combat|p2a: Ursaluna\n|-supereffective|p2a: Ursaluna\n|-damage|p2a: Ursaluna|0 fnt\n|-unboost|p1a: Kommo-o|def|1\n|-unboost|p1a: Kommo-o|spd|1\n|faint|p2a: Ursaluna\n|\n|win|p0x17595c63", "uploadtime": 1783560339, "views": 0, "rating": 0, "private": 0, "password": null, "_winner": "p0x17595c63", "_our_name": "p0x17595c63"}