{"id": "battle-gen9randombattle-613", "formatid": "gen9randombattle", "format": "[Gen 9] Random Battle", "players": ["p0x613d29a", "p0y613069f"], "log": "|init|battle\n|title|p0x613d29a vs. p0y613069f\n|j|\u2606p0x613d29a\n|j|\u2606p0y613069f\n|t:|1783546212\n|gametype|singles\n|player|p1|p0x613d29a|2|\n|player|p2|p0y613069f|1|\n|gen|9\n|tier|[Gen 9] Random Battle\n|rule|Species Clause: Limit one of each Pok\u00e9mon\n|rule|HP Percentage Mod: HP is shown in percentages\n|rule|Sleep Clause Mod: Limit one foe put to sleep\n|rule|Illusion Level Mod: Illusion disguises the Pok\u00e9mon's true level\n|\n|t:|1783546212\n|teamsize|p1|6\n|teamsize|p2|6\n|start\n|switch|p1a: Enamorus|Enamorus, L79, F|247/247\n|switch|p2a: Gliscor|Gliscor, L76, M|100/100\n|turn|1\n|inactive|Battle timer is ON: inactive players will automatically lose when time's up. (requested by p0x613d29a)\n|inactive|p0y613069f also wants the timer to be on.\n|\n|t:|1783546214\n|move|p1a: Enamorus|Moonblast|p2a: Gliscor\n|-damage|p2a: Gliscor|37/100\n|move|p2a: Gliscor|Toxic|p1a: Enamorus|[miss]\n|-miss|p2a: Gliscor|p1a: Enamorus\n|\n|-status|p2a: Gliscor|tox|[from] item: Toxic Orb\n|upkeep\n|turn|2\n|inactive|Time left: 300 sec this turn | 300 sec total\n|\n|t:|1783546215\n|switch|p2a: Kyogre|Kyogre, L71|100/100\n|-weather|RainDance|[from] ability: Drizzle|[of] p2a: Kyogre\n|move|p1a: Enamorus|Moonblast|p2a: Kyogre\n|-damage|p2a: Kyogre|61/100\n|-unboost|p2a: Kyogre|spa|1\n|\n|-weather|RainDance|[upkeep]\n|upkeep\n|turn|3\n|inactive|Time left: 300 sec this turn | 300 sec total\n|\n|t:|1783546216\n|move|p2a: Kyogre|Origin Pulse|p1a: Enamorus\n|-damage|p1a: Enamorus|120/247\n|move|p1a: Enamorus|Moonblast|p2a: Kyogre\n|-damage|p2a: Kyogre|23/100\n|\n|-weather|RainDance|[upkeep]\n|upkeep\n|turn|4\n|inactive|Time left: 300 sec this turn | 300 sec total\n|\n|t:|1783546217\n|switch|p1a: Araquanid|Araquanid, L82, M|246/246\n|move|p2a: Kyogre|Origin Pulse|p1a: Araquanid\n|-resisted|p1a: Araquanid\n|-damage|p1a: Araquanid|203/246\n|\n|-weather|RainDance|[upkeep]\n|upkeep\n|turn|5\n|inactive|Time left: 300 sec this turn | 300 sec total\n|\n|t:|1783546218\n|move|p2a: Kyogre|Origin Pulse|p1a: Araquanid|[miss]\n|-miss|p2a: Kyogre|p1a: Araquanid\n|move|p1a: Araquanid|Sticky Web|p2a: Kyogre\n|-sidestart|p2: p0y613069f|move: Sticky Web\n|\n|-weather|RainDance|[upkeep]\n|upkeep\n|turn|6\n|inactive|Time left: 300 sec this turn | 300 sec total\n|\n|t:|1783546219\n|move|p2a: Kyogre|Origin Pulse|p1a: Araquanid\n|-resisted|p1a: Araquanid\n|-damage|p1a: Araquanid|157/246\n|move|p1a: Araquanid|Liquidation|p2a: Kyogre\n|-resisted|p2a: Kyogre\n|-damage|p2a: Kyogre|0 fnt\n|faint|p2a: Kyogre\n|\n|-weather|none\n|upkeep\n|\n|t:|1783546220\n|switch|p2a: Braviary|Braviary, L85, M|100/100\n|turn|7\n|inactive|Time left: 300 sec this turn | 300 sec total\n|\n|t:|1783546221\n|switch|p1a: Espathra|Espathra, L80, F|283/283\n|move|p2a: Braviary|Brave Bird|p1a: Espathra\n|-damage|p1a: Espathra|78/283\n|-damage|p2a: Braviary|78/100|[from] Recoil\n|\n|upkeep\n|turn|8\n|inactive|Time left: 300 sec this turn | 300 sec total\n|\n|t:|1783546223\n|move|p1a: Espathra|Lumina Crash|p2a: Braviary\n|-damage|p2a: Braviary|35/100\n|-unboost|p2a: Braviary|spd|2\n|-ability|p2a: Braviary|Defiant|boost\n|-boost|p2a: Braviary|atk|2\n|move|p2a: Braviary|Brave Bird|p1a: Espathra\n|-damage|p1a: Espathra|0 fnt\n|faint|p1a: Espathra\n|-damage|p2a: Braviary|27/100|[from] Recoil\n|\n|upkeep\n|inactive|Time left: 300 sec this turn | 300 sec total | 5 sec grace\n|\n|t:|1783546224\n|switch|p1a: Enamorus|Enamorus, L79, F|120/247\n|turn|9\n|inactive|Time left: 300 sec this turn | 300 sec total\n|\n|t:|1783546225\n|switch|p2a: Scovillain|Scovillain, L91, F|100/100\n|move|p1a: Enamorus|Moonblast|p2a: Scovillain\n|-resisted|p2a: Scovillain\n|-damage|p2a: Scovillain|77/100\n|\n|upkeep\n|turn|10\n|inactive|Time left: 300 sec this turn | 300 sec total\n|\n|t:|1783546226\n|move|p1a: Enamorus|Mystical Fire|p2a: Scovillain\n|-damage|p2a: Scovillain|49/100\n|-unboost|p2a: Scovillain|spa|1\n|move|p2a: Scovillain|Fire Blast|p1a: Enamorus\n|-damage|p1a: Enamorus|5/247\n|\n|upkeep\n|turn|11\n|inactive|Time left: 300 sec this turn | 300 sec total\n|\n|t:|1783546227\n|move|p1a: Enamorus|Mystical Fire|p2a: Scovillain\n|-damage|p2a: Scovillain|23/100\n|-unboost|p2a: Scovillain|spa|1\n|move|p2a: Scovillain|Energy Ball|p1a: Enamorus\n|-resisted|p1a: Enamorus\n|-damage|p1a: Enamorus|0 fnt\n|faint|p1a: Enamorus\n|\n|upkeep\n|inactive|Time left: 300 sec this turn | 300 sec total | 5 sec grace\n|\n|t:|1783546228\n|switch|p1a: Gouging Fire|Gouging Fire, L74|277/277\n|turn|12\n|inactive|Time left: 300 sec this turn | 300 sec total\n|\n|t:|1783546229\n|switch|p2a: Mightyena|Mightyena, L96, M|100/100\n|-activate|p2a: Mightyena|move: Sticky Web\n|-unboost|p2a: Mightyena|spe|1\n|-ability|p2a: Mightyena|Intimidate|boost\n|-unboost|p1a: Gouging Fire|atk|1\n|move|p1a: Gouging Fire|Dragon Dance|p1a: Gouging Fire\n|-boost|p1a: Gouging Fire|atk|1\n|-boost|p1a: Gouging Fire|spe|1\n|\n|upkeep\n|turn|13\n|inactive|Time left: 300 sec this turn | 300 sec total\n|\n|t:|1783546230\n|move|p1a: Gouging Fire|Dragon Dance|p1a: Gouging Fire\n|-boost|p1a: Gouging Fire|atk|1\n|-boost|p1a: Gouging Fire|spe|1\n|move|p2a: Mightyena|Throat Chop|p1a: Gouging Fire\n|-damage|p1a: Gouging Fire|184/277\n|-start|p1a: Gouging Fire|Throat Chop|[silent]\n|\n|upkeep\n|turn|14\n|inactive|Time left: 300 sec this turn | 300 sec total\n|\n|t:|1783546231\n|-terastallize|p2a: Mightyena|Fairy\n|move|p1a: Gouging Fire|Outrage|p2a: Mightyena\n|-immune|p2a: Mightyena\n|move|p2a: Mightyena|Play Rough|p1a: Gouging Fire\n|-damage|p1a: Gouging Fire|87/277\n|\n|-end|p1a: Gouging Fire|Throat Chop|[silent]\n|upkeep\n|turn|15\n|inactive|Time left: 300 sec this turn | 300 sec total\n|\n|t:|1783546232\n|move|p1a: Gouging Fire|Morning Sun|p1a: Gouging Fire\n|-heal|p1a: Gouging Fire|225/277\n|move|p2a: Mightyena|Play Rough|p1a: Gouging Fire|[miss]\n|-miss|p2a: Mightyena|p1a: Gouging Fire\n|\n|upkeep\n|turn|16\n|inactive|Time left: 300 sec this turn | 300 sec total\n|\n|t:|1783546233\n|switch|p2a: Braviary|Braviary, L85, M|27/100\n|move|p1a: Gouging Fire|Heat Crash|p2a: Braviary\n|-damage|p2a: Braviary|0 fnt\n|faint|p2a: Braviary\n|\n|upkeep\n|\n|t:|1783546234\n|switch|p2a: Palkia|Palkia, L75|100/100\n|-activate|p2a: Palkia|move: Sticky Web\n|-unboost|p2a: Palkia|spe|1\n|-ability|p2a: Palkia|Pressure\n|turn|17\n|inactive|Time left: 300 sec this turn | 300 sec total\n|\n|t:|1783546235\n|-terastallize|p1a: Gouging Fire|Fairy\n|move|p1a: Gouging Fire|Dragon Dance|p1a: Gouging Fire\n|-boost|p1a: Gouging Fire|atk|1\n|-boost|p1a: Gouging Fire|spe|1\n|move|p2a: Palkia|Hydro Pump|p1a: Gouging Fire|[miss]\n|-miss|p2a: Palkia|p1a: Gouging Fire\n|\n|upkeep\n|turn|18\n|inactive|Time left: 300 sec this turn | 300 sec total\n|\n|t:|1783546236\n|move|p1a: Gouging Fire|Dragon Dance|p1a: Gouging Fire\n|-boost|p1a: Gouging Fire|atk|1\n|-boost|p1a: Gouging Fire|spe|1\n|move|p2a: Palkia|Hydro Pump|p1a: Gouging Fire\n|-damage|p1a: Gouging Fire|35/277\n|\n|upkeep\n|turn|19\n|inactive|Time left: 300 sec this turn | 300 sec total\n|\n|t:|1783546238\n|move|p1a: Gouging Fire|Morning Sun|p1a: Gouging Fire\n|-heal|p1a: Gouging Fire|173/277\n|move|p2a: Palkia|Hydro Pump|p1a: Gouging Fire\n|-damage|p1a: Gouging Fire|0 fnt\n|faint|p1a: Gouging Fire\n|-end|p1a: Gouging Fire|Protosynthesis|[silent]\n|\n|upkeep\n|inactive|Time left: 300 sec this turn | 300 sec total | 5 sec grace\n|\n|t:|1783546239\n|switch|p1a: Greedent|Greedent, L86, F|347/347\n|turn|20\n|inactive|Time left: 300 sec this turn | 300 sec total\n|\n|t:|1783546240\n|move|p2a: Palkia|Hydro Pump|p1a: Greedent\n|-damage|p1a: Greedent|157/347\n|-enditem|p1a: Greedent|Sitrus Berry|[eat]\n|-heal|p1a: Greedent|243/347|[from] item: Sitrus Berry\n|-heal|p1a: Greedent|347/347|[from] ability: Cheek Pouch\n|move|p1a: Greedent|Swords Dance|p1a: Greedent\n|-boost|p1a: Greedent|atk|2\n|\n|upkeep\n|turn|21\n|inactive|Time left: 300 sec this turn | 300 sec total\n|\n|t:|1783546241\n|move|p2a: Palkia|Hydro Pump|p1a: Greedent\n|-damage|p1a: Greedent|166/347\n|move|p1a: Greedent|Double-Edge|p2a: Palkia\n|-damage|p2a: Palkia|2/100\n|-damage|p1a: Greedent|82/347|[from] Recoil\n|\n|upkeep\n|turn|22\n|inactive|Time left: 300 sec this turn | 300 sec total\n|\n|t:|1783546242\n|move|p2a: Palkia|Draco Meteor|p1a: Greedent\n|-damage|p1a: Greedent|0 fnt\n|-unboost|p2a: Palkia|spa|2\n|faint|p1a: Greedent\n|\n|upkeep\n|inactive|Time left: 300 sec this turn | 300 sec total | 5 sec grace\n|\n|t:|1783546243\n|switch|p1a: Espeon|Espeon, L84, M|246/246\n|turn|23\n|inactive|Time left: 300 sec this turn | 300 sec total\n|\n|t:|1783546244\n|switch|p2a: Mightyena|Mightyena, L96, M, tera:Fairy|100/100\n|-activate|p2a: Mightyena|move: Sticky Web\n|-unboost|p2a: Mightyena|spe|1\n|-ability|p2a: Mightyena|Intimidate|boost\n|-unboost|p1a: Espeon|atk|1\n|move|p1a: Espeon|Psyshock|p2a: Mightyena\n|-damage|p2a: Mightyena|53/100\n|-damage|p1a: Espeon|222/246|[from] item: Life Orb\n|\n|-heal|p2a: Mightyena|59/100|[from] item: Leftovers\n|upkeep\n|turn|24\n|inactive|Time left: 300 sec this turn | 300 sec total\n|\n|t:|1783546245\n|switch|p1a: Araquanid|Araquanid, L82, M|157/246\n|move|p2a: Mightyena|Throat Chop|p1a: Araquanid\n|-damage|p1a: Araquanid|54/246\n|-start|p1a: Araquanid|Throat Chop|[silent]\n|\n|-heal|p2a: Mightyena|65/100|[from] item: Leftovers\n|upkeep\n|turn|25\n|inactive|Time left: 300 sec this turn | 300 sec total\n|\n|t:|1783546245\n|move|p2a: Mightyena|Throat Chop|p1a: Araquanid\n|-damage|p1a: Araquanid|0 fnt\n|faint|p1a: Araquanid\n|\n|-heal|p2a: Mightyena|72/100|[from] item: Leftovers\n|upkeep\n|inactive|Time left: 300 sec this turn | 300 sec total | 5 sec grace\n|\n|t:|1783546246\n|switch|p1a: Espeon|Espeon, L84, M|222/246\n|turn|26\n|inactive|Time left: 300 sec this turn | 300 sec total\n|\n|t:|1783546247\n|move|p1a: Espeon|Psyshock|p2a: Mightyena\n|-damage|p2a: Mightyena|26/100\n|-damage|p1a: Espeon|198/246|[from] item: Life Orb\n|move|p2a: Mightyena|Throat Chop|p1a: Espeon\n|-supereffective|p1a: Espeon\n|-damage|p1a: Espeon|0 fnt\n|faint|p1a: Espeon\n|\n|win|p0y613069f", "uploadtime": 1783546247, "views": 0, "rating": 0, "private": 0, "password": null, "_winner": "p0y613069f", "_our_name": "p0x613d29a"}