{"id": "battle-gen9randombattle-493", "formatid": "gen9randombattle", "format": "[Gen 9] Random Battle", "players": ["p0x4931d34", "p0y4934af3"], "log": "|init|battle\n|title|p0x4931d34 vs. p0y4934af3\n|j|\u2606p0x4931d34\n|j|\u2606p0y4934af3\n|t:|1783545502\n|gametype|singles\n|player|p1|p0x4931d34|102|\n|player|p2|p0y4934af3|102|\n|gen|9\n|tier|[Gen 9] Random Battle\n|rule|Species Clause: Limit one of each Pok\u00e9mon\n|rule|HP Percentage Mod: HP is shown in percentages\n|rule|Sleep Clause Mod: Limit one foe put to sleep\n|rule|Illusion Level Mod: Illusion disguises the Pok\u00e9mon's true level\n|\n|t:|1783545502\n|teamsize|p1|6\n|teamsize|p2|6\n|start\n|switch|p1a: Golduck|Golduck, L90, M|100/100\n|switch|p2a: Pincurchin|Pincurchin, M|258/258\n|-ability|p1a: Golduck|Cloud Nine\n|-fieldstart|move: Electric Terrain|[from] ability: Electric Surge|[of] p2a: Pincurchin\n|turn|1\n|inactive|Battle timer is ON: inactive players will automatically lose when time's up. (requested by p0x4931d34)\n|inactive|Time left: 300 sec this turn | 300 sec total | 60 sec grace\n|inactive|p0y4934af3 also wants the timer to be on.\n|\n|t:|1783545504\n|move|p1a: Golduck|Hydro Pump|p2a: Pincurchin|[miss]\n|-miss|p1a: Golduck|p2a: Pincurchin\n|move|p2a: Pincurchin|Zing Zap|p1a: Golduck\n|-supereffective|p1a: Golduck\n|-damage|p1a: Golduck|0 fnt\n|faint|p1a: Golduck\n|\n|upkeep\n|\n|t:|1783545505\n|switch|p1a: Mudsdale|Mudsdale, L83, F|100/100\n|turn|2\n|inactive|Time left: 300 sec this turn | 300 sec total\n|\n|t:|1783545506\n|move|p1a: Mudsdale|Earthquake|p2a: Pincurchin\n|-supereffective|p2a: Pincurchin\n|-damage|p2a: Pincurchin|54/258\n|move|p2a: Pincurchin|Curse|p2a: Pincurchin\n|-unboost|p2a: Pincurchin|spe|1\n|-boost|p2a: Pincurchin|atk|1\n|-boost|p2a: Pincurchin|def|1\n|\n|-heal|p2a: Pincurchin|70/258|[from] item: Leftovers\n|upkeep\n|turn|3\n|inactive|Time left: 300 sec this turn | 300 sec total\n|\n|t:|1783545507\n|-terastallize|p2a: Pincurchin|Water\n|move|p1a: Mudsdale|Earthquake|p2a: Pincurchin\n|-damage|p2a: Pincurchin|6/258\n|move|p2a: Pincurchin|Liquidation|p1a: Mudsdale\n|-supereffective|p1a: Mudsdale\n|-damage|p1a: Mudsdale|0 fnt\n|faint|p1a: Mudsdale\n|\n|-heal|p2a: Pincurchin|22/258|[from] item: Leftovers\n|upkeep\n|\n|t:|1783545508\n|switch|p1a: Raikou|Raikou, L81|100/100\n|-ability|p1a: Raikou|Pressure\n|turn|4\n|inactive|Time left: 300 sec this turn | 300 sec total\n|\n|t:|1783545510\n|switch|p2a: Swampert|Swampert, L83, M|302/302\n|move|p1a: Raikou|Thunderbolt|p2a: Swampert\n|-immune|p2a: Swampert\n|\n|upkeep\n|turn|5\n|inactive|Time left: 300 sec this turn | 300 sec total\n|\n|t:|1783545511\n|switch|p1a: Eiscue|Eiscue, L88, F|100/100\n|move|p2a: Swampert|Earthquake|p1a: Eiscue\n|-activate|p1a: Eiscue|ability: Ice Face\n|-damage|p1a: Eiscue|100/100\n|detailschange|p1a: Eiscue|Eiscue-Noice, L88, F\n|\n|-fieldend|move: Electric Terrain\n|upkeep\n|turn|6\n|inactive|Time left: 300 sec this turn | 300 sec total\n|\n|t:|1783545512\n|move|p1a: Eiscue|Belly Drum|p1a: Eiscue\n|-damage|p1a: Eiscue|50/100\n|-setboost|p1a: Eiscue|atk|6|[from] move: Belly Drum\n|-enditem|p1a: Eiscue|Sitrus Berry|[eat]\n|-heal|p1a: Eiscue|75/100|[from] item: Sitrus Berry\n|move|p2a: Swampert|Earthquake|p1a: Eiscue\n|-damage|p1a: Eiscue|26/100\n|\n|upkeep\n|turn|7\n|inactive|Time left: 300 sec this turn | 300 sec total\n|\n|t:|1783545513\n|switch|p2a: Pincurchin|Pincurchin, M, tera:Water|22/258\n|-fieldstart|move: Electric Terrain|[from] ability: Electric Surge|[of] p2a: Pincurchin\n|move|p1a: Eiscue|Ice Spinner|p2a: Pincurchin\n|-resisted|p2a: Pincurchin\n|-damage|p2a: Pincurchin|0 fnt\n|-fieldend|move: Electric Terrain\n|faint|p2a: Pincurchin\n|\n|upkeep\n|inactive|Time left: 300 sec this turn | 300 sec total | 5 sec grace\n|\n|t:|1783545514\n|switch|p2a: Iron Bundle|Iron Bundle, L78|215/215\n|turn|8\n|inactive|Time left: 300 sec this turn | 300 sec total\n|\n|t:|1783545516\n|move|p1a: Eiscue|Zen Headbutt|p2a: Iron Bundle|[miss]\n|-miss|p1a: Eiscue|p2a: Iron Bundle\n|move|p2a: Iron Bundle|Ice Beam|p1a: Eiscue\n|-resisted|p1a: Eiscue\n|-damage|p1a: Eiscue|0 fnt\n|faint|p1a: Eiscue\n|\n|upkeep\n|\n|t:|1783545517\n|switch|p1a: Raikou|Raikou, L81|100/100\n|-ability|p1a: Raikou|Pressure\n|turn|9\n|inactive|Time left: 300 sec this turn | 300 sec total\n|\n|t:|1783545518\n|-end|p2a: Iron Bundle|Quark Drive|[silent]\n|switch|p2a: Wo-Chien|Wo-Chien, L83|277/277\n|-ability|p2a: Wo-Chien|Tablets of Ruin\n|move|p1a: Raikou|Scald|p2a: Wo-Chien\n|-resisted|p2a: Wo-Chien\n|-damage|p2a: Wo-Chien|242/277\n|-status|p2a: Wo-Chien|brn\n|\n|-heal|p2a: Wo-Chien|259/277 brn|[from] item: Leftovers\n|-damage|p2a: Wo-Chien|242/277 brn|[from] brn\n|upkeep\n|turn|10\n|inactive|Time left: 300 sec this turn | 300 sec total\n|\n|t:|1783545519\n|move|p1a: Raikou|Scald|p2a: Wo-Chien\n|-resisted|p2a: Wo-Chien\n|-damage|p2a: Wo-Chien|208/277 brn\n|move|p2a: Wo-Chien|Leech Seed|p1a: Raikou\n|-start|p1a: Raikou|move: Leech Seed\n|\n|-heal|p2a: Wo-Chien|225/277 brn|[from] item: Leftovers\n|-damage|p1a: Raikou|88/100|[from] Leech Seed|[of] p2a: Wo-Chien\n|-heal|p2a: Wo-Chien|259/277 brn|[silent]\n|-damage|p2a: Wo-Chien|242/277 brn|[from] brn\n|upkeep\n|turn|11\n|inactive|Time left: 300 sec this turn | 300 sec total\n|\n|t:|1783545520\n|switch|p1a: Heatran|Heatran, L79, M|100/100\n|move|p2a: Wo-Chien|Ruination|p1a: Heatran\n|-damage|p1a: Heatran|51/100\n|\n|-heal|p2a: Wo-Chien|259/277 brn|[from] item: Leftovers\n|-damage|p2a: Wo-Chien|242/277 brn|[from] brn\n|upkeep\n|turn|12\n|inactive|Time left: 300 sec this turn | 300 sec total\n|\n|t:|1783545521\n|move|p2a: Wo-Chien|Protect|p2a: Wo-Chien\n|-singleturn|p2a: Wo-Chien|Protect\n|move|p1a: Heatran|Magma Storm|p2a: Wo-Chien\n|-activate|p2a: Wo-Chien|move: Protect\n|\n|-heal|p2a: Wo-Chien|259/277 brn|[from] item: Leftovers\n|-damage|p2a: Wo-Chien|242/277 brn|[from] brn\n|upkeep\n|turn|13\n|inactive|Time left: 300 sec this turn | 300 sec total\n|\n|t:|1783545522\n|move|p1a: Heatran|Lava Plume|p2a: Wo-Chien\n|-supereffective|p2a: Wo-Chien\n|-damage|p2a: Wo-Chien|102/277 brn\n|move|p2a: Wo-Chien|Leech Seed|p1a: Heatran\n|-start|p1a: Heatran|move: Leech Seed\n|\n|-heal|p2a: Wo-Chien|119/277 brn|[from] item: Leftovers\n|-damage|p1a: Heatran|38/100|[from] Leech Seed|[of] p2a: Wo-Chien\n|-heal|p2a: Wo-Chien|153/277 brn|[silent]\n|-damage|p2a: Wo-Chien|136/277 brn|[from] brn\n|upkeep\n|turn|14\n|inactive|Time left: 300 sec this turn | 300 sec total\n|\n|t:|1783545523\n|move|p2a: Wo-Chien|Protect|p2a: Wo-Chien\n|-singleturn|p2a: Wo-Chien|Protect\n|move|p1a: Heatran|Lava Plume|p2a: Wo-Chien\n|-activate|p2a: Wo-Chien|move: Protect\n|\n|-heal|p2a: Wo-Chien|153/277 brn|[from] item: Leftovers\n|-damage|p1a: Heatran|26/100|[from] Leech Seed|[of] p2a: Wo-Chien\n|-heal|p2a: Wo-Chien|187/277 brn|[silent]\n|-damage|p2a: Wo-Chien|170/277 brn|[from] brn\n|upkeep\n|turn|15\n|inactive|Time left: 300 sec this turn | 300 sec total\n|\n|t:|1783545524\n|switch|p2a: Swampert|Swampert, L83, M|302/302\n|move|p1a: Heatran|Magma Storm|p2a: Swampert|[miss]\n|-miss|p1a: Heatran|p2a: Swampert\n|\n|-damage|p1a: Heatran|13/100|[from] Leech Seed|[of] p2a: Swampert\n|upkeep\n|turn|16\n|inactive|Time left: 300 sec this turn | 300 sec total\n|\n|t:|1783545525\n|move|p1a: Heatran|Lava Plume|p2a: Swampert\n|-resisted|p2a: Swampert\n|-damage|p2a: Swampert|255/302\n|-status|p2a: Swampert|brn\n|move|p2a: Swampert|Earthquake|p1a: Heatran\n|-supereffective|p1a: Heatran\n|-damage|p1a: Heatran|0 fnt\n|faint|p1a: Heatran\n|\n|-heal|p2a: Swampert|273/302 brn|[from] item: Leftovers\n|-damage|p2a: Swampert|255/302 brn|[from] brn\n|upkeep\n|\n|t:|1783545527\n|switch|p1a: Swanna|Swanna, L89, F|100/100\n|turn|17\n|inactive|Time left: 300 sec this turn | 300 sec total\n|\n|t:|1783545528\n|move|p1a: Swanna|Hydro Pump|p2a: Swampert\n|-damage|p2a: Swampert|131/302 brn\n|move|p2a: Swampert|Knock Off|p1a: Swanna\n|-damage|p1a: Swanna|85/100\n|-enditem|p1a: Swanna|Heavy-Duty Boots|[from] move: Knock Off|[of] p2a: Swampert\n|\n|-heal|p2a: Swampert|149/302 brn|[from] item: Leftovers\n|-damage|p2a: Swampert|131/302 brn|[from] brn\n|upkeep\n|turn|18\n|inactive|Time left: 300 sec this turn | 300 sec total\n|\n|t:|1783545529\n|move|p1a: Swanna|Brave Bird|p2a: Swampert\n|-damage|p2a: Swampert|0 fnt\n|faint|p2a: Swampert\n|-damage|p1a: Swanna|70/100|[from] Recoil\n|\n|upkeep\n|inactive|Time left: 300 sec this turn | 300 sec total | 5 sec grace\n|\n|t:|1783545530\n|switch|p2a: Iron Bundle|Iron Bundle, L78|215/215\n|turn|19\n|inactive|Time left: 300 sec this turn | 300 sec total\n|\n|t:|1783545531\n|switch|p1a: Raikou|Raikou, L81|88/100\n|-ability|p1a: Raikou|Pressure\n|move|p2a: Iron Bundle|Freeze-Dry|p1a: Raikou\n|-damage|p1a: Raikou|50/100\n|\n|upkeep\n|turn|20\n|inactive|Time left: 300 sec this turn | 300 sec total\n|\n|t:|1783545532\n|-end|p2a: Iron Bundle|Quark Drive|[silent]\n|switch|p2a: Arboliva|Arboliva, L91, M|288/288\n|move|p1a: Raikou|Volt Switch|p2a: Arboliva\n|-resisted|p2a: Arboliva\n|-damage|p2a: Arboliva|243/288\n|\n|t:|1783545532\n|switch|p1a: Swanna|Swanna, L89, F|70/100|[from] Volt Switch\n|\n|upkeep\n|turn|21\n|inactive|Time left: 300 sec this turn | 300 sec total\n|\n|t:|1783545533\n|switch|p2a: Iron Bundle|Iron Bundle, L78|215/215\n|move|p1a: Swanna|Brave Bird|p2a: Iron Bundle\n|-damage|p2a: Iron Bundle|103/215\n|-damage|p1a: Swanna|56/100|[from] Recoil\n|\n|upkeep\n|turn|22\n|inactive|Time left: 300 sec this turn | 300 sec total\n|\n|t:|1783545534\n|switch|p1a: Raikou|Raikou, L81|50/100\n|-ability|p1a: Raikou|Pressure\n|move|p2a: Iron Bundle|Ice Beam|p1a: Raikou\n|-damage|p1a: Raikou|4/100\n|\n|upkeep\n|turn|23\n|inactive|Time left: 300 sec this turn | 300 sec total\n|\n|t:|1783545535\n|move|p2a: Iron Bundle|Ice Beam|p1a: Raikou\n|-damage|p1a: Raikou|0 fnt\n|faint|p1a: Raikou\n|\n|upkeep\n|\n|t:|1783545536\n|switch|p1a: Swanna|Swanna, L89, F|56/100\n|turn|24\n|inactive|Time left: 300 sec this turn | 300 sec total\n|\n|t:|1783545537\n|-terastallize|p1a: Swanna|Ground\n|move|p2a: Iron Bundle|Ice Beam|p1a: Swanna\n|-supereffective|p1a: Swanna\n|-damage|p1a: Swanna|0 fnt\n|faint|p1a: Swanna\n|\n|win|p0y4934af3", "uploadtime": 1783545537, "views": 0, "rating": 0, "private": 0, "password": null, "_winner": "p0y4934af3", "_our_name": "p0y4934af3"}