{"id": "battle-gen9randombattle-2780", "formatid": "gen9randombattle", "format": "[Gen 9] Random Battle", "players": ["p0x27803107", "p0y2780f3ca"], "log": "|init|battle\n|title|p0x27803107 vs. p0y2780f3ca\n|j|\u2606p0x27803107\n|j|\u2606p0y2780f3ca\n|t:|1783571019\n|gametype|singles\n|player|p1|p0x27803107|2|\n|player|p2|p0y2780f3ca|102|\n|gen|9\n|tier|[Gen 9] Random Battle\n|rule|Species Clause: Limit one of each Pok\u00e9mon\n|rule|HP Percentage Mod: HP is shown in percentages\n|rule|Sleep Clause Mod: Limit one foe put to sleep\n|rule|Illusion Level Mod: Illusion disguises the Pok\u00e9mon's true level\n|\n|t:|1783571019\n|teamsize|p1|6\n|teamsize|p2|6\n|start\n|switch|p1a: Terrakion|Terrakion, L79|273/273\n|switch|p2a: Piloswine|Piloswine, L85, M|100/100\n|turn|1\n|inactive|Battle timer is ON: inactive players will automatically lose when time's up. (requested by p0y2780f3ca)\n|inactive|Time left: 300 sec this turn | 300 sec total | 60 sec grace\n|inactive|p0x27803107 also wants the timer to be on.\n|\n|t:|1783571020\n|move|p1a: Terrakion|Close Combat|p2a: Piloswine\n|-supereffective|p2a: Piloswine\n|-damage|p2a: Piloswine|9/100\n|-unboost|p1a: Terrakion|def|1\n|-unboost|p1a: Terrakion|spd|1\n|-damage|p1a: Terrakion|246/273|[from] item: Life Orb\n|move|p2a: Piloswine|Earthquake|p1a: Terrakion\n|-supereffective|p1a: Terrakion\n|-damage|p1a: Terrakion|0 fnt\n|faint|p1a: Terrakion\n|\n|upkeep\n|inactive|Time left: 300 sec this turn | 300 sec total | 65 sec grace\n|\n|t:|1783571022\n|switch|p1a: Inteleon|Inteleon, L81, F|246/246\n|turn|2\n|inactive|Time left: 300 sec this turn | 300 sec total\n|\n|t:|1783571023\n|move|p2a: Piloswine|Ice Shard|p1a: Inteleon\n|-resisted|p1a: Inteleon\n|-damage|p1a: Inteleon|215/246\n|move|p1a: Inteleon|Scald|p2a: Piloswine\n|-supereffective|p2a: Piloswine\n|-damage|p2a: Piloswine|0 fnt\n|faint|p2a: Piloswine\n|\n|upkeep\n|\n|t:|1783571024\n|switch|p2a: Crawdaunt|Crawdaunt, L84, M|100/100\n|turn|3\n|inactive|Time left: 300 sec this turn | 300 sec total\n|\n|t:|1783571025\n|move|p1a: Inteleon|Scald|p2a: Crawdaunt\n|-resisted|p2a: Crawdaunt\n|-damage|p2a: Crawdaunt|56/100\n|move|p2a: Crawdaunt|Knock Off|p1a: Inteleon\n|-damage|p1a: Inteleon|0 fnt\n|-enditem|p1a: Inteleon|Choice Specs|[from] move: Knock Off|[of] p2a: Crawdaunt\n|faint|p1a: Inteleon\n|-damage|p2a: Crawdaunt|46/100|[from] item: Life Orb\n|\n|upkeep\n|inactive|Time left: 300 sec this turn | 300 sec total | 5 sec grace\n|\n|t:|1783571026\n|switch|p1a: Sandslash|Sandslash, L89, M|278/278\n|turn|4\n|inactive|Time left: 300 sec this turn | 300 sec total\n|\n|t:|1783571027\n|switch|p2a: Misdreavus|Misdreavus, L90, F|100/100\n|move|p1a: Sandslash|Earthquake|p2a: Misdreavus\n|-immune|p2a: Misdreavus|[from] ability: Levitate\n|\n|upkeep\n|turn|5\n|inactive|Time left: 300 sec this turn | 300 sec total\n|\n|t:|1783571028\n|move|p2a: Misdreavus|Calm Mind|p2a: Misdreavus\n|-boost|p2a: Misdreavus|spa|1\n|-boost|p2a: Misdreavus|spd|1\n|move|p1a: Sandslash|Swords Dance|p1a: Sandslash\n|-boost|p1a: Sandslash|atk|2\n|\n|upkeep\n|turn|6\n|inactive|Time left: 300 sec this turn | 300 sec total\n|\n|t:|1783571029\n|move|p2a: Misdreavus|Shadow Ball|p1a: Sandslash\n|-damage|p1a: Sandslash|92/278\n|move|p1a: Sandslash|Knock Off|p2a: Misdreavus\n|-supereffective|p2a: Misdreavus\n|-damage|p2a: Misdreavus|4/100\n|-enditem|p2a: Misdreavus|Eviolite|[from] move: Knock Off|[of] p1a: Sandslash\n|\n|-heal|p1a: Sandslash|109/278|[from] item: Leftovers\n|upkeep\n|turn|7\n|inactive|Time left: 300 sec this turn | 300 sec total\n|\n|t:|1783571030\n|switch|p1a: Toucannon|Toucannon, L88, F|284/284\n|move|p2a: Misdreavus|Shadow Ball|p1a: Toucannon\n|-immune|p1a: Toucannon\n|\n|upkeep\n|turn|8\n|inactive|Time left: 300 sec this turn | 300 sec total\n|\n|t:|1783571031\n|-singleturn|p1a: Toucannon|move: Beak Blast\n|move|p2a: Misdreavus|Will-O-Wisp|p1a: Toucannon\n|-status|p1a: Toucannon|brn\n|move|p1a: Toucannon|Beak Blast|p2a: Misdreavus\n|-damage|p2a: Misdreavus|0 fnt\n|faint|p2a: Misdreavus\n|\n|-damage|p1a: Toucannon|267/284 brn|[from] brn\n|upkeep\n|\n|t:|1783571032\n|switch|p2a: Mismagius|Mismagius, L86, F|100/100\n|turn|9\n|inactive|Time left: 300 sec this turn | 300 sec total\n|\n|t:|1783571033\n|move|p2a: Mismagius|Nasty Plot|p2a: Mismagius\n|-boost|p2a: Mismagius|spa|2\n|move|p1a: Toucannon|Knock Off|p2a: Mismagius\n|-supereffective|p2a: Mismagius\n|-damage|p2a: Mismagius|55/100\n|-enditem|p2a: Mismagius|Leftovers|[from] move: Knock Off|[of] p1a: Toucannon\n|\n|-damage|p1a: Toucannon|250/284 brn|[from] brn\n|upkeep\n|turn|10\n|inactive|Time left: 300 sec this turn | 300 sec total\n|\n|t:|1783571034\n|-singleturn|p1a: Toucannon|move: Beak Blast\n|move|p2a: Mismagius|Tera Blast|p1a: Toucannon\n|-damage|p1a: Toucannon|126/284 brn\n|move|p1a: Toucannon|Beak Blast|p2a: Mismagius\n|-damage|p2a: Mismagius|22/100\n|\n|-damage|p1a: Toucannon|109/284 brn|[from] brn\n|upkeep\n|turn|11\n|inactive|Time left: 300 sec this turn | 300 sec total\n|\n|t:|1783571035\n|-singleturn|p1a: Toucannon|move: Beak Blast\n|move|p2a: Mismagius|Tera Blast|p1a: Toucannon\n|-damage|p1a: Toucannon|0 fnt\n|faint|p1a: Toucannon\n|\n|upkeep\n|inactive|Time left: 300 sec this turn | 300 sec total | 5 sec grace\n|\n|t:|1783571036\n|switch|p1a: Regieleki|Regieleki, L79|256/256\n|turn|12\n|inactive|Time left: 300 sec this turn | 300 sec total\n|\n|t:|1783571037\n|move|p1a: Regieleki|Thunderbolt|p2a: Mismagius\n|-damage|p2a: Mismagius|0 fnt\n|faint|p2a: Mismagius\n|\n|upkeep\n|\n|t:|1783571038\n|switch|p2a: Mabosstiff|Mabosstiff, L86, M|100/100\n|turn|13\n|inactive|Time left: 300 sec this turn | 300 sec total\n|\n|t:|1783571039\n|move|p1a: Regieleki|Thunderbolt|p2a: Mabosstiff\n|-damage|p2a: Mabosstiff|43/100\n|move|p2a: Mabosstiff|Crunch|p1a: Regieleki\n|-damage|p1a: Regieleki|12/256\n|\n|upkeep\n|turn|14\n|inactive|Time left: 300 sec this turn | 300 sec total\n|\n|t:|1783571040\n|move|p1a: Regieleki|Thunderbolt|p2a: Mabosstiff\n|-damage|p2a: Mabosstiff|0 fnt\n|faint|p2a: Mabosstiff\n|\n|upkeep\n|\n|t:|1783571041\n|switch|p2a: Crawdaunt|Crawdaunt, L84, M|46/100\n|turn|15\n|inactive|Time left: 300 sec this turn | 300 sec total\n|\n|t:|1783571042\n|move|p2a: Crawdaunt|Aqua Jet|p1a: Regieleki\n|-damage|p1a: Regieleki|0 fnt\n|faint|p1a: Regieleki\n|-damage|p2a: Crawdaunt|36/100|[from] item: Life Orb\n|\n|upkeep\n|inactive|Time left: 300 sec this turn | 300 sec total | 5 sec grace\n|\n|t:|1783571043\n|switch|p1a: Medicham|Medicham, L86, M|243/243\n|turn|16\n|inactive|Time left: 300 sec this turn | 300 sec total\n|\n|t:|1783571044\n|-terastallize|p2a: Crawdaunt|Water\n|move|p2a: Crawdaunt|Aqua Jet|p1a: Medicham\n|-damage|p1a: Medicham|126/243\n|-damage|p2a: Crawdaunt|26/100|[from] item: Life Orb\n|move|p1a: Medicham|Close Combat|p2a: Crawdaunt\n|-damage|p2a: Crawdaunt|0 fnt\n|-unboost|p1a: Medicham|def|1\n|-unboost|p1a: Medicham|spd|1\n|faint|p2a: Crawdaunt\n|\n|upkeep\n|\n|t:|1783571045\n|switch|p2a: Phione|Phione, L91|100/100\n|turn|17\n|inactive|Time left: 300 sec this turn | 300 sec total\n|\n|t:|1783571046\n|move|p1a: Medicham|Close Combat|p2a: Phione\n|-damage|p2a: Phione|40/100\n|-unboost|p1a: Medicham|def|1\n|-unboost|p1a: Medicham|spd|1\n|move|p2a: Phione|Scald|p1a: Medicham\n|-damage|p1a: Medicham|0 fnt\n|faint|p1a: Medicham\n|\n|-heal|p2a: Phione|46/100|[from] item: Leftovers\n|upkeep\n|inactive|Time left: 300 sec this turn | 300 sec total | 5 sec grace\n|\n|t:|1783571046\n|switch|p1a: Sandslash|Sandslash, L89, M|109/278\n|turn|18\n|inactive|Time left: 300 sec this turn | 300 sec total\n|\n|t:|1783571047\n|-terastallize|p1a: Sandslash|Water\n|move|p2a: Phione|Scald|p1a: Sandslash\n|-resisted|p1a: Sandslash\n|-damage|p1a: Sandslash|55/278\n|-status|p1a: Sandslash|brn\n|move|p1a: Sandslash|Earthquake|p2a: Phione\n|-damage|p2a: Phione|27/100\n|\n|-heal|p2a: Phione|33/100|[from] item: Leftovers\n|-heal|p1a: Sandslash|72/278 brn|[from] item: Leftovers\n|-damage|p1a: Sandslash|55/278 brn|[from] brn\n|upkeep\n|turn|19\n|inactive|Time left: 300 sec this turn | 300 sec total\n|\n|t:|1783571048\n|move|p2a: Phione|Scald|p1a: Sandslash\n|-resisted|p1a: Sandslash\n|-damage|p1a: Sandslash|0 fnt\n|faint|p1a: Sandslash\n|\n|win|p0y2780f3ca", "uploadtime": 1783571048, "views": 0, "rating": 0, "private": 0, "password": null, "_winner": "p0y2780f3ca", "_our_name": "p0x27803107"}