{"id": "battle-gen9randombattle-483", "formatid": "gen9randombattle", "format": "[Gen 9] Random Battle", "players": ["p0x4831174", "p0y4834b48"], "log": "|init|battle\n|title|p0x4831174 vs. p0y4834b48\n|j|\u2606p0x4831174\n|j|\u2606p0y4834b48\n|t:|1783544649\n|gametype|singles\n|player|p1|p0x4831174|1|\n|player|p2|p0y4834b48|266|\n|gen|9\n|tier|[Gen 9] Random Battle\n|rule|Species Clause: Limit one of each Pok\u00e9mon\n|rule|HP Percentage Mod: HP is shown in percentages\n|rule|Sleep Clause Mod: Limit one foe put to sleep\n|rule|Illusion Level Mod: Illusion disguises the Pok\u00e9mon's true level\n|\n|t:|1783544649\n|teamsize|p1|6\n|teamsize|p2|6\n|start\n|switch|p1a: Armarouge|Armarouge, L80, M|100/100\n|switch|p2a: Heracross|Heracross, L80, F|259/259\n|turn|1\n|inactive|Battle timer is ON: inactive players will automatically lose when time's up. (requested by p0x4831174)\n|inactive|Time left: 300 sec this turn | 300 sec total | 60 sec grace\n|inactive|p0y4834b48 also wants the timer to be on.\n|\n|t:|1783544651\n|-terastallize|p2a: Heracross|Normal\n|move|p2a: Heracross|Knock Off|p1a: Armarouge\n|-supereffective|p1a: Armarouge\n|-damage|p1a: Armarouge|47/100\n|-ability|p1a: Armarouge|Weak Armor|boost\n|-unboost|p1a: Armarouge|def|1\n|-boost|p1a: Armarouge|spe|2\n|-enditem|p1a: Armarouge|Choice Specs|[from] move: Knock Off|[of] p2a: Heracross\n|move|p1a: Armarouge|Armor Cannon|p2a: Heracross\n|-damage|p2a: Heracross|126/259\n|-unboost|p1a: Armarouge|def|1\n|-unboost|p1a: Armarouge|spd|1\n|\n|-status|p2a: Heracross|brn|[from] item: Flame Orb\n|upkeep\n|turn|2\n|inactive|Time left: 300 sec this turn | 300 sec total\n|\n|t:|1783544652\n|switch|p2a: Dunsparce|Dunsparce, L86, F|312/312\n|move|p1a: Armarouge|Armor Cannon|p2a: Dunsparce\n|-damage|p2a: Dunsparce|191/312\n|-unboost|p1a: Armarouge|def|1\n|-unboost|p1a: Armarouge|spd|1\n|\n|upkeep\n|turn|3\n|inactive|Time left: 300 sec this turn | 300 sec total\n|\n|t:|1783544653\n|move|p1a: Armarouge|Armor Cannon|p2a: Dunsparce\n|-damage|p2a: Dunsparce|73/312\n|-unboost|p1a: Armarouge|def|1\n|-unboost|p1a: Armarouge|spd|1\n|move|p2a: Dunsparce|Body Slam|p1a: Armarouge\n|-damage|p1a: Armarouge|0 fnt\n|faint|p1a: Armarouge\n|\n|upkeep\n|\n|t:|1783544654\n|switch|p1a: Diancie|Diancie, L82|100/100\n|turn|4\n|inactive|Time left: 300 sec this turn | 300 sec total\n|\n|t:|1783544655\n|switch|p2a: Pincurchin|Pincurchin, F|258/258\n|-fieldstart|move: Electric Terrain|[from] ability: Electric Surge|[of] p2a: Pincurchin\n|move|p1a: Diancie|Diamond Storm|p2a: Pincurchin\n|-damage|p2a: Pincurchin|180/258\n|-boost|p1a: Diancie|def|2\n|\n|-heal|p2a: Pincurchin|196/258|[from] item: Leftovers\n|upkeep\n|turn|5\n|inactive|Time left: 300 sec this turn | 300 sec total\n|\n|t:|1783544656\n|move|p1a: Diancie|Body Press|p2a: Pincurchin\n|-damage|p2a: Pincurchin|76/258\n|move|p2a: Pincurchin|Recover|p2a: Pincurchin\n|-heal|p2a: Pincurchin|205/258\n|\n|-heal|p2a: Pincurchin|221/258|[from] item: Leftovers\n|upkeep\n|turn|6\n|inactive|Time left: 300 sec this turn | 300 sec total\n|\n|t:|1783544657\n|move|p1a: Diancie|Body Press|p2a: Pincurchin\n|-damage|p2a: Pincurchin|102/258\n|move|p2a: Pincurchin|Recover|p2a: Pincurchin\n|-heal|p2a: Pincurchin|231/258\n|\n|-heal|p2a: Pincurchin|247/258|[from] item: Leftovers\n|upkeep\n|turn|7\n|inactive|Time left: 300 sec this turn | 300 sec total\n|\n|t:|1783544658\n|move|p1a: Diancie|Body Press|p2a: Pincurchin\n|-damage|p2a: Pincurchin|120/258\n|move|p2a: Pincurchin|Recover|p2a: Pincurchin\n|-heal|p2a: Pincurchin|249/258\n|\n|-heal|p2a: Pincurchin|258/258|[from] item: Leftovers\n|upkeep\n|turn|8\n|inactive|Time left: 300 sec this turn | 300 sec total\n|\n|t:|1783544659\n|move|p1a: Diancie|Rock Polish|p1a: Diancie\n|-boost|p1a: Diancie|spe|2\n|move|p2a: Pincurchin|Recover||[still]\n|-fail|p2a: Pincurchin|heal\n|\n|-fieldend|move: Electric Terrain\n|upkeep\n|turn|9\n|inactive|Time left: 300 sec this turn | 300 sec total\n|\n|t:|1783544660\n|move|p1a: Diancie|Diamond Storm|p2a: Pincurchin\n|-damage|p2a: Pincurchin|170/258\n|move|p2a: Pincurchin|Curse|p2a: Pincurchin\n|-unboost|p2a: Pincurchin|spe|1\n|-boost|p2a: Pincurchin|atk|1\n|-boost|p2a: Pincurchin|def|1\n|\n|-heal|p2a: Pincurchin|186/258|[from] item: Leftovers\n|upkeep\n|turn|10\n|inactive|Time left: 300 sec this turn | 300 sec total\n|\n|t:|1783544660\n|move|p1a: Diancie|Diamond Storm|p2a: Pincurchin\n|-damage|p2a: Pincurchin|132/258\n|-boost|p1a: Diancie|def|2\n|move|p2a: Pincurchin|Recover|p2a: Pincurchin\n|-heal|p2a: Pincurchin|258/258\n|\n|upkeep\n|turn|11\n|inactive|Time left: 300 sec this turn | 300 sec total\n|\n|t:|1783544661\n|move|p1a: Diancie|Body Press|p2a: Pincurchin\n|-damage|p2a: Pincurchin|147/258\n|move|p2a: Pincurchin|Recover|p2a: Pincurchin\n|-heal|p2a: Pincurchin|258/258\n|\n|upkeep\n|turn|12\n|inactive|Time left: 300 sec this turn | 300 sec total\n|\n|t:|1783544663\n|move|p1a: Diancie|Body Press|p2a: Pincurchin\n|-damage|p2a: Pincurchin|129/258\n|move|p2a: Pincurchin|Curse|p2a: Pincurchin\n|-unboost|p2a: Pincurchin|spe|1\n|-boost|p2a: Pincurchin|atk|1\n|-boost|p2a: Pincurchin|def|1\n|\n|-heal|p2a: Pincurchin|145/258|[from] item: Leftovers\n|upkeep\n|turn|13\n|inactive|Time left: 300 sec this turn | 300 sec total\n|\n|t:|1783544664\n|move|p1a: Diancie|Body Press|p2a: Pincurchin\n|-damage|p2a: Pincurchin|48/258\n|move|p2a: Pincurchin|Recover|p2a: Pincurchin\n|-heal|p2a: Pincurchin|177/258\n|\n|-heal|p2a: Pincurchin|193/258|[from] item: Leftovers\n|upkeep\n|turn|14\n|inactive|Time left: 300 sec this turn | 300 sec total\n|\n|t:|1783544665\n|move|p1a: Diancie|Body Press|p2a: Pincurchin\n|-damage|p2a: Pincurchin|98/258\n|move|p2a: Pincurchin|Recover|p2a: Pincurchin\n|-heal|p2a: Pincurchin|227/258\n|\n|-heal|p2a: Pincurchin|243/258|[from] item: Leftovers\n|upkeep\n|turn|15\n|inactive|Time left: 300 sec this turn | 300 sec total\n|\n|t:|1783544666\n|move|p1a: Diancie|Body Press|p2a: Pincurchin\n|-damage|p2a: Pincurchin|145/258\n|move|p2a: Pincurchin|Zing Zap|p1a: Diancie\n|-damage|p1a: Diancie|75/100\n|\n|-heal|p1a: Diancie|81/100|[from] item: Leftovers\n|-heal|p2a: Pincurchin|161/258|[from] item: Leftovers\n|upkeep\n|turn|16\n|inactive|Time left: 300 sec this turn | 300 sec total\n|\n|t:|1783544667\n|move|p1a: Diancie|Body Press|p2a: Pincurchin\n|-damage|p2a: Pincurchin|78/258\n|move|p2a: Pincurchin|Liquidation|p1a: Diancie\n|-supereffective|p1a: Diancie\n|-damage|p1a: Diancie|47/100\n|\n|-heal|p1a: Diancie|53/100|[from] item: Leftovers\n|-heal|p2a: Pincurchin|94/258|[from] item: Leftovers\n|upkeep\n|turn|17\n|inactive|Time left: 300 sec this turn | 300 sec total\n|\n|t:|1783544668\n|move|p1a: Diancie|Body Press|p2a: Pincurchin\n|-damage|p2a: Pincurchin|3/258\n|move|p2a: Pincurchin|Liquidation|p1a: Diancie\n|-supereffective|p1a: Diancie\n|-damage|p1a: Diancie|17/100\n|\n|-heal|p1a: Diancie|23/100|[from] item: Leftovers\n|-heal|p2a: Pincurchin|19/258|[from] item: Leftovers\n|upkeep\n|turn|18\n|inactive|Time left: 300 sec this turn | 300 sec total\n|\n|t:|1783544669\n|switch|p2a: Comfey|Comfey, L85, M|225/225\n|move|p1a: Diancie|Body Press|p2a: Comfey\n|-resisted|p2a: Comfey\n|-damage|p2a: Comfey|108/225\n|\n|-heal|p1a: Diancie|29/100|[from] item: Leftovers\n|-heal|p2a: Comfey|122/225|[from] item: Leftovers\n|upkeep\n|turn|19\n|inactive|Time left: 300 sec this turn | 300 sec total\n|\n|t:|1783544670\n|move|p2a: Comfey|Draining Kiss|p1a: Diancie\n|-crit|p1a: Diancie\n|-damage|p1a: Diancie|5/100\n|-heal|p2a: Comfey|161/225|[from] drain|[of] p1a: Diancie\n|move|p1a: Diancie|Body Press|p2a: Comfey\n|-resisted|p2a: Comfey\n|-damage|p2a: Comfey|54/225\n|\n|-heal|p1a: Diancie|11/100|[from] item: Leftovers\n|-heal|p2a: Comfey|68/225|[from] item: Leftovers\n|upkeep\n|turn|20\n|inactive|Time left: 300 sec this turn | 300 sec total\n|\n|t:|1783544671\n|move|p2a: Comfey|Draining Kiss|p1a: Diancie\n|-damage|p1a: Diancie|0 fnt\n|-heal|p2a: Comfey|85/225|[from] drain|[of] p1a: Diancie\n|faint|p1a: Diancie\n|\n|-heal|p2a: Comfey|99/225|[from] item: Leftovers\n|upkeep\n|\n|t:|1783544672\n|switch|p1a: Garchomp|Garchomp, L74, F|100/100\n|turn|21\n|inactive|Time left: 300 sec this turn | 300 sec total\n|\n|t:|1783544673\n|move|p2a: Comfey|Draining Kiss|p1a: Garchomp\n|-supereffective|p1a: Garchomp\n|-crit|p1a: Garchomp\n|-damage|p1a: Garchomp|38/100\n|-heal|p2a: Comfey|225/225|[from] drain|[of] p1a: Garchomp\n|-damage|p2a: Comfey|197/225|[from] ability: Rough Skin|[of] p1a: Garchomp\n|move|p1a: Garchomp|Swords Dance|p1a: Garchomp\n|-boost|p1a: Garchomp|atk|2\n|\n|-heal|p2a: Comfey|211/225|[from] item: Leftovers\n|upkeep\n|turn|22\n|inactive|Time left: 300 sec this turn | 300 sec total\n|\n|t:|1783544674\n|-terastallize|p1a: Garchomp|Steel\n|move|p2a: Comfey|Draining Kiss|p1a: Garchomp\n|-resisted|p1a: Garchomp\n|-damage|p1a: Garchomp|27/100\n|-heal|p2a: Comfey|225/225|[from] drain|[of] p1a: Garchomp\n|-damage|p2a: Comfey|197/225|[from] ability: Rough Skin|[of] p1a: Garchomp\n|move|p1a: Garchomp|Iron Head|p2a: Comfey\n|-supereffective|p2a: Comfey\n|-damage|p2a: Comfey|0 fnt\n|faint|p2a: Comfey\n|\n|upkeep\n|inactive|Time left: 300 sec this turn | 300 sec total | 5 sec grace\n|\n|t:|1783544675\n|switch|p2a: Haxorus|Haxorus, L77, M|244/244\n|-ability|p2a: Haxorus|Mold Breaker\n|turn|23\n|inactive|Time left: 300 sec this turn | 300 sec total\n|\n|t:|1783544676\n|move|p1a: Garchomp|Scale Shot|p2a: Haxorus\n|-supereffective|p2a: Haxorus\n|-damage|p2a: Haxorus|124/244\n|-supereffective|p2a: Haxorus\n|-damage|p2a: Haxorus|16/244\n|-supereffective|p2a: Haxorus\n|-crit|p2a: Haxorus\n|-damage|p2a: Haxorus|0 fnt\n|faint|p2a: Haxorus\n|-hitcount|p2: Haxorus|3\n|-unboost|p1a: Garchomp|def|1\n|-boost|p1a: Garchomp|spe|1\n|\n|upkeep\n|inactive|Time left: 300 sec this turn | 300 sec total | 5 sec grace\n|\n|t:|1783544677\n|switch|p2a: Grimmsnarl|Grimmsnarl, L83, M|293/293\n|turn|24\n|inactive|Time left: 300 sec this turn | 300 sec total\n|\n|t:|1783544678\n|move|p2a: Grimmsnarl|Thunder Wave|p1a: Garchomp\n|-status|p1a: Garchomp|par\n|move|p1a: Garchomp|Iron Head|p2a: Grimmsnarl\n|-supereffective|p2a: Grimmsnarl\n|-damage|p2a: Grimmsnarl|0 fnt\n|faint|p2a: Grimmsnarl\n|\n|upkeep\n|inactive|Time left: 300 sec this turn | 300 sec total | 5 sec grace\n|\n|t:|1783544679\n|switch|p2a: Heracross|Heracross, L80, F, tera:Normal|126/259 brn\n|turn|25\n|inactive|Time left: 300 sec this turn | 300 sec total\n|\n|t:|1783544680\n|move|p2a: Heracross|Close Combat|p1a: Garchomp\n|-supereffective|p1a: Garchomp\n|-damage|p1a: Garchomp|0 fnt\n|-unboost|p2a: Heracross|def|1\n|-unboost|p2a: Heracross|spd|1\n|-damage|p2a: Heracross|94/259 brn|[from] ability: Rough Skin|[of] p1a: Garchomp\n|faint|p1a: Garchomp\n|\n|-damage|p2a: Heracross|78/259 brn|[from] brn\n|upkeep\n|\n|t:|1783544681\n|switch|p1a: Arceus|Arceus-Dragon, L71|100/100\n|turn|26\n|inactive|Time left: 300 sec this turn | 300 sec total\n|\n|t:|1783544682\n|move|p1a: Arceus|Outrage|p2a: Heracross\n|-damage|p2a: Heracross|0 fnt\n|faint|p2a: Heracross\n|\n|upkeep\n|inactive|Time left: 300 sec this turn | 300 sec total | 5 sec grace\n|\n|t:|1783544683\n|switch|p2a: Pincurchin|Pincurchin, F|19/258\n|-fieldstart|move: Electric Terrain|[from] ability: Electric Surge|[of] p2a: Pincurchin\n|turn|27\n|inactive|Time left: 300 sec this turn | 300 sec total\n|\n|t:|1783544684\n|move|p1a: Arceus|Outrage|p2a: Pincurchin|[from] lockedmove\n|-damage|p2a: Pincurchin|0 fnt\n|faint|p2a: Pincurchin\n|-start|p1a: Arceus|confusion|[fatigue]\n|\n|upkeep\n|inactive|Time left: 300 sec this turn | 300 sec total | 5 sec grace\n|\n|t:|1783544685\n|switch|p2a: Dunsparce|Dunsparce, L86, F|73/312\n|turn|28\n|inactive|Time left: 300 sec this turn | 300 sec total\n|\n|t:|1783544686\n|-activate|p1a: Arceus|confusion\n|-damage|p1a: Arceus|93/100|[from] confusion\n|move|p2a: Dunsparce|Roost|p2a: Dunsparce\n|-heal|p2a: Dunsparce|229/312\n|-singleturn|p2a: Dunsparce|move: Roost\n|\n|upkeep\n|turn|29\n|inactive|Time left: 300 sec this turn | 300 sec total\n|\n|t:|1783544687\n|-end|p1a: Arceus|confusion\n|move|p1a: Arceus|Outrage|p2a: Dunsparce\n|-damage|p2a: Dunsparce|120/312\n|move|p2a: Dunsparce|Coil|p2a: Dunsparce\n|-boost|p2a: Dunsparce|atk|1\n|-boost|p2a: Dunsparce|def|1\n|-boost|p2a: Dunsparce|accuracy|1\n|\n|upkeep\n|turn|30\n|inactive|Time left: 300 sec this turn | 300 sec total\n|\n|t:|1783544688\n|move|p1a: Arceus|Outrage|p2a: Dunsparce|[from] lockedmove\n|-damage|p2a: Dunsparce|57/312\n|move|p2a: Dunsparce|Roost|p2a: Dunsparce\n|-heal|p2a: Dunsparce|213/312\n|-singleturn|p2a: Dunsparce|move: Roost\n|\n|upkeep\n|turn|31\n|inactive|Time left: 300 sec this turn | 300 sec total\n|\n|t:|1783544690\n|move|p1a: Arceus|Outrage|p2a: Dunsparce|[from] lockedmove\n|-damage|p2a: Dunsparce|149/312\n|-start|p1a: Arceus|confusion|[fatigue]\n|move|p2a: Dunsparce|Roost|p2a: Dunsparce\n|-heal|p2a: Dunsparce|305/312\n|-singleturn|p2a: Dunsparce|move: Roost\n|\n|-fieldend|move: Electric Terrain\n|upkeep\n|turn|32\n|inactive|Time left: 300 sec this turn | 300 sec total\n|\n|t:|1783544691\n|switch|p1a: Dudunsparce|Dudunsparce-Three-Segment, L83, F|100/100\n|move|p2a: Dunsparce|Coil|p2a: Dunsparce\n|-boost|p2a: Dunsparce|atk|1\n|-boost|p2a: Dunsparce|def|1\n|-boost|p2a: Dunsparce|accuracy|1\n|\n|upkeep\n|turn|33\n|inactive|Time left: 300 sec this turn | 300 sec total\n|\n|t:|1783544692\n|move|p1a: Dudunsparce|Glare|p2a: Dunsparce\n|-status|p2a: Dunsparce|par\n|cant|p2a: Dunsparce|par\n|\n|upkeep\n|turn|34\n|inactive|Time left: 300 sec this turn | 300 sec total\n|\n|t:|1783544693\n|move|p1a: Dudunsparce|Headbutt|p2a: Dunsparce\n|-damage|p2a: Dunsparce|274/312 par\n|cant|p2a: Dunsparce|par\n|\n|upkeep\n|turn|35\n|inactive|Time left: 300 sec this turn | 300 sec total\n|\n|t:|1783544694\n|move|p1a: Dudunsparce|Headbutt|p2a: Dunsparce\n|-damage|p2a: Dunsparce|244/312 par\n|cant|p2a: Dunsparce|flinch\n|\n|upkeep\n|turn|36\n|inactive|Time left: 300 sec this turn | 300 sec total\n|\n|t:|1783544695\n|move|p1a: Dudunsparce|Headbutt|p2a: Dunsparce\n|-damage|p2a: Dunsparce|214/312 par\n|cant|p2a: Dunsparce|flinch\n|\n|upkeep\n|turn|37\n|inactive|Time left: 300 sec this turn | 300 sec total\n|\n|t:|1783544696\n|move|p1a: Dudunsparce|Headbutt|p2a: Dunsparce\n|-damage|p2a: Dunsparce|184/312 par\n|cant|p2a: Dunsparce|flinch\n|\n|upkeep\n|turn|38\n|inactive|Time left: 300 sec this turn | 300 sec total\n|\n|t:|1783544697\n|move|p1a: Dudunsparce|Headbutt|p2a: Dunsparce\n|-damage|p2a: Dunsparce|156/312 par\n|move|p2a: Dunsparce|Body Slam|p1a: Dudunsparce\n|-damage|p1a: Dudunsparce|51/100\n|-status|p1a: Dudunsparce|par\n|\n|-heal|p1a: Dudunsparce|57/100 par|[from] item: Leftovers\n|upkeep\n|turn|39\n|inactive|Time left: 300 sec this turn | 300 sec total\n|\n|t:|1783544699\n|move|p1a: Dudunsparce|Headbutt|p2a: Dunsparce\n|-damage|p2a: Dunsparce|123/312 par\n|cant|p2a: Dunsparce|flinch\n|\n|-heal|p1a: Dudunsparce|63/100 par|[from] item: Leftovers\n|upkeep\n|turn|40\n|inactive|Time left: 300 sec this turn | 300 sec total\n|\n|t:|1783544700\n|cant|p1a: Dudunsparce|par\n|move|p2a: Dunsparce|Roost|p2a: Dunsparce\n|-heal|p2a: Dunsparce|279/312 par\n|-singleturn|p2a: Dunsparce|move: Roost\n|\n|-heal|p1a: Dudunsparce|69/100 par|[from] item: Leftovers\n|upkeep\n|turn|41\n|inactive|Time left: 300 sec this turn | 300 sec total\n|\n|t:|1783544701\n|move|p1a: Dudunsparce|Headbutt|p2a: Dunsparce\n|-damage|p2a: Dunsparce|249/312 par\n|cant|p2a: Dunsparce|flinch\n|\n|-heal|p1a: Dudunsparce|75/100 par|[from] item: Leftovers\n|upkeep\n|turn|42\n|inactive|Time left: 300 sec this turn | 300 sec total\n|\n|t:|1783544702\n|move|p1a: Dudunsparce|Roost|p1a: Dudunsparce\n|-heal|p1a: Dudunsparce|100/100 par\n|-singleturn|p1a: Dudunsparce|move: Roost\n|cant|p2a: Dunsparce|par\n|\n|upkeep\n|turn|43\n|inactive|Time left: 300 sec this turn | 300 sec total\n|\n|t:|1783544703\n|switch|p1a: Kilowattrel|Kilowattrel, L83, M|100/100\n|move|p2a: Dunsparce|Body Slam|p1a: Kilowattrel\n|-damage|p1a: Kilowattrel|19/100\n|\n|upkeep\n|turn|44\n|inactive|Time left: 300 sec this turn | 300 sec total\n|\n|t:|1783544704\n|move|p1a: Kilowattrel|Hurricane|p2a: Dunsparce\n|-damage|p2a: Dunsparce|153/312 par\n|-start|p2a: Dunsparce|confusion\n|-activate|p2a: Dunsparce|confusion\n|cant|p2a: Dunsparce|par\n|\n|upkeep\n|turn|45\n|inactive|Time left: 300 sec this turn | 300 sec total\n|\n|t:|1783544705\n|move|p1a: Kilowattrel|Thunderbolt|p2a: Dunsparce\n|-damage|p2a: Dunsparce|65/312 par\n|-activate|p2a: Dunsparce|confusion\n|move|p2a: Dunsparce|Roost|p2a: Dunsparce\n|-heal|p2a: Dunsparce|221/312 par\n|-singleturn|p2a: Dunsparce|move: Roost\n|\n|upkeep\n|turn|46\n|inactive|Time left: 300 sec this turn | 300 sec total\n|\n|t:|1783544706\n|move|p1a: Kilowattrel|Hurricane|p2a: Dunsparce|[miss]\n|-miss|p1a: Kilowattrel|p2a: Dunsparce\n|-activate|p2a: Dunsparce|confusion\n|move|p2a: Dunsparce|Body Slam|p1a: Kilowattrel\n|-damage|p1a: Kilowattrel|0 fnt\n|faint|p1a: Kilowattrel\n|\n|upkeep\n|\n|t:|1783544707\n|switch|p1a: Arceus|Arceus-Dragon, L71|93/100\n|turn|47\n|inactive|Time left: 300 sec this turn | 300 sec total\n|\n|t:|1783544708\n|move|p1a: Arceus|Dragon Dance|p1a: Arceus\n|-boost|p1a: Arceus|atk|1\n|-boost|p1a: Arceus|spe|1\n|-end|p2a: Dunsparce|confusion\n|move|p2a: Dunsparce|Body Slam|p1a: Arceus\n|-damage|p1a: Arceus|42/100\n|-status|p1a: Arceus|par\n|\n|upkeep\n|turn|48\n|inactive|Time left: 300 sec this turn | 300 sec total\n|\n|t:|1783544709\n|cant|p1a: Arceus|par\n|move|p2a: Dunsparce|Body Slam|p1a: Arceus\n|-damage|p1a: Arceus|0 fnt\n|faint|p1a: Arceus\n|\n|upkeep\n|\n|t:|1783544709\n|switch|p1a: Dudunsparce|Dudunsparce-Three-Segment, L83, F|100/100 par\n|turn|49\n|inactive|Time left: 300 sec this turn | 300 sec total\n|\n|t:|1783544710\n|move|p1a: Dudunsparce|Headbutt|p2a: Dunsparce\n|-damage|p2a: Dunsparce|188/312 par\n|cant|p2a: Dunsparce|flinch\n|\n|upkeep\n|turn|50\n|inactive|Time left: 300 sec this turn | 300 sec total\n|\n|t:|1783544711\n|move|p1a: Dudunsparce|Headbutt|p2a: Dunsparce\n|-damage|p2a: Dunsparce|158/312 par\n|cant|p2a: Dunsparce|par\n|\n|upkeep\n|turn|51\n|inactive|Time left: 300 sec this turn | 300 sec total\n|\n|t:|1783544712\n|move|p1a: Dudunsparce|Headbutt|p2a: Dunsparce\n|-damage|p2a: Dunsparce|127/312 par\n|move|p2a: Dunsparce|Roost|p2a: Dunsparce\n|-heal|p2a: Dunsparce|283/312 par\n|-singleturn|p2a: Dunsparce|move: Roost\n|\n|upkeep\n|turn|52\n|inactive|Time left: 300 sec this turn | 300 sec total\n|\n|t:|1783544713\n|move|p1a: Dudunsparce|Headbutt|p2a: Dunsparce\n|-damage|p2a: Dunsparce|252/312 par\n|cant|p2a: Dunsparce|par\n|\n|upkeep\n|turn|53\n|inactive|Time left: 300 sec this turn | 300 sec total\n|\n|t:|1783544714\n|move|p1a: Dudunsparce|Headbutt|p2a: Dunsparce\n|-damage|p2a: Dunsparce|224/312 par\n|cant|p2a: Dunsparce|flinch\n|\n|upkeep\n|turn|54\n|inactive|Time left: 300 sec this turn | 300 sec total\n|\n|t:|1783544715\n|move|p1a: Dudunsparce|Headbutt|p2a: Dunsparce\n|-damage|p2a: Dunsparce|196/312 par\n|cant|p2a: Dunsparce|flinch\n|\n|upkeep\n|turn|55\n|inactive|Time left: 300 sec this turn | 300 sec total\n|\n|t:|1783544716\n|move|p1a: Dudunsparce|Headbutt|p2a: Dunsparce\n|-damage|p2a: Dunsparce|169/312 par\n|cant|p2a: Dunsparce|flinch\n|\n|upkeep\n|turn|56\n|inactive|Time left: 300 sec this turn | 300 sec total\n|\n|t:|1783544716\n|cant|p1a: Dudunsparce|par\n|move|p2a: Dunsparce|Roost|p2a: Dunsparce\n|-heal|p2a: Dunsparce|312/312 par\n|-singleturn|p2a: Dunsparce|move: Roost\n|\n|upkeep\n|turn|57\n|inactive|Time left: 300 sec this turn | 300 sec total\n|\n|t:|1783544717\n|move|p1a: Dudunsparce|Headbutt|p2a: Dunsparce\n|-damage|p2a: Dunsparce|282/312 par\n|cant|p2a: Dunsparce|flinch\n|\n|upkeep\n|turn|58\n|inactive|Time left: 300 sec this turn | 300 sec total\n|\n|t:|1783544718\n|move|p1a: Dudunsparce|Headbutt|p2a: Dunsparce\n|-damage|p2a: Dunsparce|251/312 par\n|cant|p2a: Dunsparce|par\n|\n|upkeep\n|turn|59\n|inactive|Time left: 300 sec this turn | 300 sec total\n|\n|t:|1783544719\n|move|p1a: Dudunsparce|Headbutt|p2a: Dunsparce\n|-damage|p2a: Dunsparce|220/312 par\n|cant|p2a: Dunsparce|flinch\n|\n|upkeep\n|turn|60\n|inactive|Time left: 300 sec this turn | 300 sec total\n|\n|t:|1783544720\n|move|p1a: Dudunsparce|Headbutt|p2a: Dunsparce\n|-damage|p2a: Dunsparce|193/312 par\n|cant|p2a: Dunsparce|flinch\n|\n|upkeep\n|turn|61\n|inactive|Time left: 300 sec this turn | 300 sec total\n|\n|t:|1783544721\n|move|p1a: Dudunsparce|Headbutt|p2a: Dunsparce\n|-damage|p2a: Dunsparce|162/312 par\n|cant|p2a: Dunsparce|flinch\n|\n|upkeep\n|turn|62\n|inactive|Time left: 300 sec this turn | 300 sec total\n|\n|t:|1783544722\n|cant|p1a: Dudunsparce|par\n|move|p2a: Dunsparce|Roost|p2a: Dunsparce\n|-heal|p2a: Dunsparce|312/312 par\n|-singleturn|p2a: Dunsparce|move: Roost\n|\n|upkeep\n|turn|63\n|inactive|Time left: 300 sec this turn | 300 sec total\n|\n|t:|1783544723\n|cant|p1a: Dudunsparce|par\n|move|p2a: Dunsparce|Coil|p2a: Dunsparce\n|-boost|p2a: Dunsparce|atk|1\n|-boost|p2a: Dunsparce|def|1\n|-boost|p2a: Dunsparce|accuracy|1\n|\n|upkeep\n|turn|64\n|inactive|Time left: 300 sec this turn | 300 sec total\n|\n|t:|1783544724\n|move|p1a: Dudunsparce|Headbutt|p2a: Dunsparce\n|-damage|p2a: Dunsparce|290/312 par\n|cant|p2a: Dunsparce|flinch\n|\n|upkeep\n|turn|65\n|inactive|Time left: 300 sec this turn | 300 sec total\n|\n|t:|1783544726\n|move|p1a: Dudunsparce|Headbutt|p2a: Dunsparce\n|-crit|p2a: Dunsparce\n|-damage|p2a: Dunsparce|199/312 par\n|move|p2a: Dunsparce|Body Slam|p1a: Dudunsparce\n|-damage|p1a: Dudunsparce|41/100 par\n|\n|-heal|p1a: Dudunsparce|47/100 par|[from] item: Leftovers\n|upkeep\n|turn|66\n|inactive|Time left: 300 sec this turn | 300 sec total\n|\n|t:|1783544727\n|cant|p1a: Dudunsparce|par\n|move|p2a: Dunsparce|Body Slam|p1a: Dudunsparce\n|-damage|p1a: Dudunsparce|0 fnt\n|faint|p1a: Dudunsparce\n|\n|win|p0y4834b48", "uploadtime": 1783544727, "views": 0, "rating": 0, "private": 0, "password": null, "_winner": "p0y4834b48", "_our_name": "p0y4834b48"}