{"id": "battle-gen9randombattle-2188", "formatid": "gen9randombattle", "format": "[Gen 9] Random Battle", "players": ["p0x2188ebd5", "p0y21881b5e"], "log": "|init|battle\n|title|p0x2188ebd5 vs. p0y21881b5e\n|j|\u2606p0x2188ebd5\n|j|\u2606p0y21881b5e\n|t:|1783564465\n|gametype|singles\n|player|p1|p0x2188ebd5|169|\n|player|p2|p0y21881b5e|101|\n|gen|9\n|tier|[Gen 9] Random Battle\n|rule|Species Clause: Limit one of each Pok\u00e9mon\n|rule|HP Percentage Mod: HP is shown in percentages\n|rule|Sleep Clause Mod: Limit one foe put to sleep\n|rule|Illusion Level Mod: Illusion disguises the Pok\u00e9mon's true level\n|\n|t:|1783564465\n|teamsize|p1|6\n|teamsize|p2|6\n|start\n|switch|p1a: Hoopa|Hoopa, L85|275/275\n|switch|p2a: Mightyena|Mightyena, L96, F|100/100\n|-ability|p2a: Mightyena|Intimidate|boost\n|-unboost|p1a: Hoopa|atk|1\n|turn|1\n|inactive|Battle timer is ON: inactive players will automatically lose when time's up. (requested by p0y21881b5e)\n|inactive|Time left: 300 sec this turn | 300 sec total | 60 sec grace\n|inactive|p0x2188ebd5 also wants the timer to be on.\n|\n|t:|1783564467\n|switch|p1a: Appletun|Appletun, L92, M|352/352\n|move|p2a: Mightyena|Throat Chop|p1a: Appletun\n|-damage|p1a: Appletun|213/352\n|-start|p1a: Appletun|Throat Chop|[silent]\n|\n|-heal|p1a: Appletun|235/352|[from] item: Leftovers\n|upkeep\n|turn|2\n|inactive|Time left: 300 sec this turn | 300 sec total\n|\n|t:|1783564468\n|move|p2a: Mightyena|Throat Chop|p1a: Appletun\n|-damage|p1a: Appletun|75/352\n|move|p1a: Appletun|Recover|p1a: Appletun\n|-heal|p1a: Appletun|251/352\n|\n|-heal|p1a: Appletun|273/352|[from] item: Leftovers\n|-end|p1a: Appletun|Throat Chop|[silent]\n|upkeep\n|turn|3\n|inactive|Time left: 300 sec this turn | 300 sec total\n|\n|t:|1783564469\n|move|p2a: Mightyena|Throat Chop|p1a: Appletun\n|-damage|p1a: Appletun|122/352\n|-start|p1a: Appletun|Throat Chop|[silent]\n|move|p1a: Appletun|Apple Acid|p2a: Mightyena\n|-damage|p2a: Mightyena|59/100\n|-unboost|p2a: Mightyena|spd|1\n|\n|-heal|p1a: Appletun|144/352|[from] item: Leftovers\n|upkeep\n|turn|4\n|inactive|Time left: 300 sec this turn | 300 sec total\n|\n|t:|1783564470\n|move|p2a: Mightyena|Throat Chop|p1a: Appletun\n|-damage|p1a: Appletun|0 fnt\n|faint|p1a: Appletun\n|\n|upkeep\n|inactive|Time left: 300 sec this turn | 300 sec total | 5 sec grace\n|\n|t:|1783564471\n|switch|p1a: Revavroom|Revavroom, L79, M|256/256\n|turn|5\n|inactive|Time left: 300 sec this turn | 300 sec total\n|\n|t:|1783564472\n|move|p2a: Mightyena|Throat Chop|p1a: Revavroom\n|-damage|p1a: Revavroom|81/256\n|-start|p1a: Revavroom|Throat Chop|[silent]\n|move|p1a: Revavroom|Shift Gear|p1a: Revavroom\n|-boost|p1a: Revavroom|spe|2\n|-boost|p1a: Revavroom|atk|1\n|\n|upkeep\n|turn|6\n|inactive|Time left: 300 sec this turn | 300 sec total\n|\n|t:|1783564472\n|move|p1a: Revavroom|Gunk Shot|p2a: Mightyena\n|-damage|p2a: Mightyena|0 fnt\n|faint|p2a: Mightyena\n|-damage|p1a: Revavroom|56/256|[from] item: Life Orb\n|\n|-end|p1a: Revavroom|Throat Chop|[silent]\n|upkeep\n|\n|t:|1783564473\n|switch|p2a: Lapras|Lapras, L87, F|100/100\n|turn|7\n|inactive|Time left: 300 sec this turn | 300 sec total\n|\n|t:|1783564474\n|move|p1a: Revavroom|Iron Head|p2a: Lapras\n|-damage|p2a: Lapras|55/100\n|-damage|p1a: Revavroom|31/256|[from] item: Life Orb\n|cant|p2a: Lapras|flinch\n|\n|upkeep\n|turn|8\n|inactive|Time left: 300 sec this turn | 300 sec total\n|\n|t:|1783564475\n|move|p1a: Revavroom|Gunk Shot|p2a: Lapras\n|-damage|p2a: Lapras|0 fnt\n|faint|p2a: Lapras\n|-damage|p1a: Revavroom|6/256|[from] item: Life Orb\n|\n|upkeep\n|\n|t:|1783564476\n|switch|p2a: Arceus|Arceus-Poison, L70|100/100\n|turn|9\n|inactive|Time left: 300 sec this turn | 300 sec total\n|\n|t:|1783564477\n|move|p1a: Revavroom|Iron Head|p2a: Arceus\n|-damage|p2a: Arceus|41/100\n|-damage|p1a: Revavroom|0 fnt|[from] item: Life Orb\n|faint|p1a: Revavroom\n|move|p2a: Arceus|Swords Dance|p2a: Arceus\n|-boost|p2a: Arceus|atk|2\n|\n|upkeep\n|inactive|Time left: 300 sec this turn | 300 sec total | 5 sec grace\n|\n|t:|1783564478\n|switch|p1a: Mewtwo|Mewtwo, L72|272/272\n|-ability|p1a: Mewtwo|Unnerve\n|turn|10\n|inactive|Time left: 300 sec this turn | 300 sec total\n|\n|t:|1783564479\n|move|p1a: Mewtwo|Psystrike|p2a: Arceus\n|-supereffective|p2a: Arceus\n|-damage|p2a: Arceus|0 fnt\n|faint|p2a: Arceus\n|-damage|p1a: Mewtwo|245/272|[from] item: Life Orb\n|\n|upkeep\n|\n|t:|1783564480\n|switch|p2a: Malamar|Malamar, L82, M|100/100\n|turn|11\n|inactive|Time left: 300 sec this turn | 300 sec total\n|\n|t:|1783564481\n|-terastallize|p1a: Mewtwo|Dark\n|move|p1a: Mewtwo|Nasty Plot|p1a: Mewtwo\n|-boost|p1a: Mewtwo|spa|2\n|move|p2a: Malamar|Knock Off|p1a: Mewtwo\n|-resisted|p1a: Mewtwo\n|-damage|p1a: Mewtwo|193/272\n|-enditem|p1a: Mewtwo|Life Orb|[from] move: Knock Off|[of] p2a: Malamar\n|\n|upkeep\n|turn|12\n|inactive|Time left: 300 sec this turn | 300 sec total\n|\n|t:|1783564482\n|-terastallize|p2a: Malamar|Fighting\n|move|p1a: Mewtwo|Dark Pulse|p2a: Malamar\n|-resisted|p2a: Malamar\n|-damage|p2a: Malamar|62/100\n|cant|p2a: Malamar|flinch\n|\n|-heal|p2a: Malamar|68/100|[from] item: Leftovers\n|upkeep\n|turn|13\n|inactive|Time left: 300 sec this turn | 300 sec total\n|\n|t:|1783564483\n|move|p1a: Mewtwo|Psystrike|p2a: Malamar\n|-supereffective|p2a: Malamar\n|-damage|p2a: Malamar|0 fnt\n|faint|p2a: Malamar\n|\n|upkeep\n|\n|t:|1783564484\n|switch|p2a: Magcargo|Magcargo, L95, M|100/100\n|turn|14\n|inactive|Time left: 300 sec this turn | 300 sec total\n|\n|t:|1783564485\n|move|p1a: Mewtwo|Dark Pulse|p2a: Magcargo\n|-damage|p2a: Magcargo|39/100\n|move|p2a: Magcargo|Fire Blast|p1a: Mewtwo\n|-damage|p1a: Mewtwo|22/272\n|\n|upkeep\n|turn|15\n|inactive|Time left: 300 sec this turn | 300 sec total\n|\n|t:|1783564486\n|switch|p2a: Kyogre|Kyogre, L71|100/100\n|-weather|RainDance|[from] ability: Drizzle|[of] p2a: Kyogre\n|move|p1a: Mewtwo|Psystrike|p2a: Kyogre\n|-damage|p2a: Kyogre|0 fnt\n|faint|p2a: Kyogre\n|\n|-weather|RainDance|[upkeep]\n|upkeep\n|\n|t:|1783564487\n|switch|p2a: Magcargo|Magcargo, L95, M|39/100\n|turn|16\n|inactive|Time left: 300 sec this turn | 300 sec total\n|\n|t:|1783564488\n|move|p1a: Mewtwo|Aura Sphere|p2a: Magcargo\n|-supereffective|p2a: Magcargo\n|-damage|p2a: Magcargo|0 fnt\n|faint|p2a: Magcargo\n|\n|win|p0x2188ebd5", "uploadtime": 1783564488, "views": 0, "rating": 0, "private": 0, "password": null, "_winner": "p0x2188ebd5", "_our_name": "p0x2188ebd5"}