{"id": "battle-gen9randombattle-232", "formatid": "gen9randombattle", "format": "[Gen 9] Random Battle", "players": ["p0x232a563", "p0y2325553"], "log": "|init|battle\n|title|p0x232a563 vs. p0y2325553\n|j|\u2606p0x232a563\n|j|\u2606p0y2325553\n|t:|1783541804\n|gametype|singles\n|player|p1|p0x232a563|1|\n|player|p2|p0y2325553|266|\n|gen|9\n|tier|[Gen 9] Random Battle\n|rule|Species Clause: Limit one of each Pok\u00e9mon\n|rule|HP Percentage Mod: HP is shown in percentages\n|rule|Sleep Clause Mod: Limit one foe put to sleep\n|rule|Illusion Level Mod: Illusion disguises the Pok\u00e9mon's true level\n|\n|t:|1783541804\n|teamsize|p1|6\n|teamsize|p2|6\n|start\n|switch|p1a: Raging Bolt|Raging Bolt, L78|100/100\n|switch|p2a: Orthworm|Orthworm, L88, M|266/266\n|turn|1\n|inactive|Battle timer is ON: inactive players will automatically lose when time's up. (requested by p0y2325553)\n|inactive|p0x232a563 also wants the timer to be on.\n|\n|t:|1783541806\n|move|p2a: Orthworm|Coil|p2a: Orthworm\n|-boost|p2a: Orthworm|atk|1\n|-boost|p2a: Orthworm|def|1\n|-boost|p2a: Orthworm|accuracy|1\n|move|p1a: Raging Bolt|Calm Mind|p1a: Raging Bolt\n|-boost|p1a: Raging Bolt|spa|1\n|-boost|p1a: Raging Bolt|spd|1\n|\n|upkeep\n|turn|2\n|inactive|Time left: 300 sec this turn | 300 sec total\n|\n|t:|1783541807\n|move|p2a: Orthworm|Coil|p2a: Orthworm\n|-boost|p2a: Orthworm|atk|1\n|-boost|p2a: Orthworm|def|1\n|-boost|p2a: Orthworm|accuracy|1\n|move|p1a: Raging Bolt|Thunderbolt|p2a: Orthworm\n|-damage|p2a: Orthworm|49/266\n|\n|upkeep\n|turn|3\n|inactive|Time left: 300 sec this turn | 300 sec total\n|\n|t:|1783541808\n|move|p2a: Orthworm|Rest|p2a: Orthworm\n|-status|p2a: Orthworm|slp|[from] move: Rest\n|-heal|p2a: Orthworm|266/266 slp|[silent]\n|-enditem|p2a: Orthworm|Chesto Berry|[eat]\n|-curestatus|p2a: Orthworm|slp|[msg]\n|move|p1a: Raging Bolt|Thunderbolt|p2a: Orthworm\n|-damage|p2a: Orthworm|65/266\n|\n|upkeep\n|turn|4\n|inactive|Time left: 300 sec this turn | 300 sec total\n|\n|t:|1783541809\n|move|p2a: Orthworm|Body Press|p1a: Raging Bolt\n|-damage|p1a: Raging Bolt|41/100\n|move|p1a: Raging Bolt|Thunderbolt|p2a: Orthworm\n|-damage|p2a: Orthworm|0 fnt\n|faint|p2a: Orthworm\n|\n|-heal|p1a: Raging Bolt|48/100|[from] item: Leftovers\n|upkeep\n|inactive|Time left: 300 sec this turn | 300 sec total | 5 sec grace\n|\n|t:|1783541810\n|switch|p2a: Slither Wing|Slither Wing, L81|270/270\n|-enditem|p2a: Slither Wing|Booster Energy\n|-activate|p2a: Slither Wing|ability: Protosynthesis|[fromitem]\n|-start|p2a: Slither Wing|protosynthesisatk\n|turn|5\n|inactive|Time left: 300 sec this turn | 300 sec total\n|\n|t:|1783541811\n|move|p1a: Raging Bolt|Thunderclap|p2a: Slither Wing\n|-crit|p2a: Slither Wing\n|-damage|p2a: Slither Wing|84/270\n|move|p2a: Slither Wing|Earthquake|p1a: Raging Bolt\n|-supereffective|p1a: Raging Bolt\n|-damage|p1a: Raging Bolt|0 fnt\n|faint|p1a: Raging Bolt\n|-end|p1a: Raging Bolt|Protosynthesis|[silent]\n|\n|upkeep\n|\n|t:|1783541812\n|switch|p1a: Indeedee|Indeedee-F, L90, F|100/100\n|-fieldstart|move: Psychic Terrain|[from] ability: Psychic Surge|[of] p1a: Indeedee\n|turn|6\n|inactive|Time left: 300 sec this turn | 300 sec total\n|\n|t:|1783541813\n|move|p1a: Indeedee|Psychic|p2a: Slither Wing\n|-supereffective|p2a: Slither Wing\n|-damage|p2a: Slither Wing|0 fnt\n|faint|p2a: Slither Wing\n|-end|p2a: Slither Wing|Protosynthesis|[silent]\n|\n|upkeep\n|inactive|Time left: 300 sec this turn | 300 sec total | 5 sec grace\n|\n|t:|1783541814\n|switch|p2a: Komala|Komala, L87, F|255/255\n|-ability|p2a: Komala|Comatose\n|turn|7\n|inactive|Time left: 300 sec this turn | 300 sec total\n|\n|t:|1783541815\n|move|p1a: Indeedee|Psychic|p2a: Komala\n|-damage|p2a: Komala|126/255\n|move|p2a: Komala|Knock Off|p1a: Indeedee\n|-supereffective|p1a: Indeedee\n|-damage|p1a: Indeedee|26/100\n|-enditem|p1a: Indeedee|Choice Specs|[from] move: Knock Off|[of] p2a: Komala\n|\n|upkeep\n|turn|8\n|inactive|Time left: 300 sec this turn | 300 sec total\n|\n|t:|1783541815\n|move|p1a: Indeedee|Psychic|p2a: Komala\n|-damage|p2a: Komala|35/255\n|move|p2a: Komala|Rapid Spin|p1a: Indeedee\n|-damage|p1a: Indeedee|0 fnt\n|-boost|p2a: Komala|spe|1\n|faint|p1a: Indeedee\n|\n|upkeep\n|\n|t:|1783541816\n|switch|p1a: Rillaboom|Rillaboom, L79, M|100/100\n|-fieldstart|move: Grassy Terrain|[from] ability: Grassy Surge|[of] p1a: Rillaboom\n|turn|9\n|inactive|Time left: 300 sec this turn | 300 sec total\n|\n|t:|1783541817\n|move|p1a: Rillaboom|Grassy Glide|p2a: Komala\n|-damage|p2a: Komala|0 fnt\n|faint|p2a: Komala\n|-damage|p1a: Rillaboom|91/100|[from] item: Life Orb\n|\n|-heal|p1a: Rillaboom|97/100|[from] Grassy Terrain\n|upkeep\n|inactive|Time left: 300 sec this turn | 300 sec total | 5 sec grace\n|\n|t:|1783541818\n|switch|p2a: Articuno|Articuno, L86|295/295\n|-ability|p2a: Articuno|Pressure\n|turn|10\n|inactive|Time left: 300 sec this turn | 300 sec total\n|\n|t:|1783541819\n|switch|p1a: Gouging Fire|Gouging Fire, L74|100/100\n|move|p2a: Articuno|Brave Bird|p1a: Gouging Fire\n|-damage|p1a: Gouging Fire|62/100\n|-damage|p2a: Articuno|260/295|[from] Recoil\n|\n|-heal|p1a: Gouging Fire|68/100|[from] Grassy Terrain\n|upkeep\n|turn|11\n|inactive|Time left: 300 sec this turn | 300 sec total\n|\n|t:|1783541820\n|move|p2a: Articuno|Freeze-Dry|p1a: Gouging Fire\n|-damage|p1a: Gouging Fire|40/100\n|move|p1a: Gouging Fire|Dragon Dance|p1a: Gouging Fire\n|-boost|p1a: Gouging Fire|atk|1\n|-boost|p1a: Gouging Fire|spe|1\n|\n|-heal|p1a: Gouging Fire|46/100|[from] Grassy Terrain\n|upkeep\n|turn|12\n|inactive|Time left: 300 sec this turn | 300 sec total\n|\n|t:|1783541821\n|-terastallize|p2a: Articuno|Ground\n|move|p1a: Gouging Fire|Heat Crash|p2a: Articuno\n|-damage|p2a: Articuno|112/295\n|move|p2a: Articuno|Haze|p2a: Articuno\n|-clearallboost\n|\n|-heal|p2a: Articuno|130/295|[from] Grassy Terrain\n|-heal|p1a: Gouging Fire|52/100|[from] Grassy Terrain\n|upkeep\n|turn|13\n|inactive|Time left: 300 sec this turn | 300 sec total\n|\n|t:|1783541823\n|move|p2a: Articuno|Roost|p2a: Articuno\n|-heal|p2a: Articuno|278/295\n|move|p1a: Gouging Fire|Dragon Dance|p1a: Gouging Fire\n|-boost|p1a: Gouging Fire|atk|1\n|-boost|p1a: Gouging Fire|spe|1\n|\n|-heal|p1a: Gouging Fire|58/100|[from] Grassy Terrain\n|-heal|p2a: Articuno|295/295|[from] Grassy Terrain\n|-fieldend|move: Grassy Terrain\n|upkeep\n|turn|14\n|inactive|Time left: 300 sec this turn | 300 sec total\n|\n|t:|1783541824\n|move|p1a: Gouging Fire|Heat Crash|p2a: Articuno\n|-damage|p2a: Articuno|148/295\n|move|p2a: Articuno|Haze|p2a: Articuno\n|-clearallboost\n|\n|upkeep\n|turn|15\n|inactive|Time left: 300 sec this turn | 300 sec total\n|\n|t:|1783541825\n|move|p2a: Articuno|Roost|p2a: Articuno\n|-heal|p2a: Articuno|295/295\n|move|p1a: Gouging Fire|Dragon Dance|p1a: Gouging Fire\n|-boost|p1a: Gouging Fire|atk|1\n|-boost|p1a: Gouging Fire|spe|1\n|\n|upkeep\n|turn|16\n|inactive|Time left: 300 sec this turn | 300 sec total\n|\n|t:|1783541826\n|move|p1a: Gouging Fire|Heat Crash|p2a: Articuno\n|-damage|p2a: Articuno|156/295\n|move|p2a: Articuno|Haze|p2a: Articuno\n|-clearallboost\n|\n|upkeep\n|turn|17\n|inactive|Time left: 300 sec this turn | 300 sec total\n|\n|t:|1783541827\n|move|p2a: Articuno|Freeze-Dry|p1a: Gouging Fire\n|-damage|p1a: Gouging Fire|26/100\n|move|p1a: Gouging Fire|Dragon Dance|p1a: Gouging Fire\n|-boost|p1a: Gouging Fire|atk|1\n|-boost|p1a: Gouging Fire|spe|1\n|\n|upkeep\n|turn|18\n|inactive|Time left: 300 sec this turn | 300 sec total\n|\n|t:|1783541828\n|move|p1a: Gouging Fire|Outrage|p2a: Articuno\n|-damage|p2a: Articuno|3/295\n|move|p2a: Articuno|Freeze-Dry|p1a: Gouging Fire\n|-damage|p1a: Gouging Fire|0 fnt\n|faint|p1a: Gouging Fire\n|-end|p1a: Gouging Fire|Protosynthesis|[silent]\n|\n|upkeep\n|\n|t:|1783541829\n|switch|p1a: Golduck|Golduck, L90, F|100/100\n|-ability|p1a: Golduck|Cloud Nine\n|turn|19\n|inactive|Time left: 300 sec this turn | 300 sec total\n|\n|t:|1783541830\n|move|p1a: Golduck|Ice Beam|p2a: Articuno\n|-supereffective|p2a: Articuno\n|-damage|p2a: Articuno|0 fnt\n|faint|p2a: Articuno\n|\n|upkeep\n|inactive|Time left: 300 sec this turn | 300 sec total | 5 sec grace\n|\n|t:|1783541831\n|switch|p2a: Maushold|Maushold, L76|238/238\n|turn|20\n|inactive|Time left: 300 sec this turn | 300 sec total\n|\n|t:|1783541832\n|move|p2a: Maushold|Tidy Up|p2a: Maushold\n|-boost|p2a: Maushold|atk|1\n|-boost|p2a: Maushold|spe|1\n|move|p1a: Golduck|Ice Beam|p2a: Maushold\n|-damage|p2a: Maushold|101/238\n|\n|upkeep\n|turn|21\n|inactive|Time left: 300 sec this turn | 300 sec total\n|\n|t:|1783541833\n|move|p2a: Maushold|Population Bomb|p1a: Golduck\n|-damage|p1a: Golduck|88/100\n|-damage|p1a: Golduck|75/100\n|-damage|p1a: Golduck|64/100\n|-damage|p1a: Golduck|52/100\n|-damage|p1a: Golduck|41/100\n|-damage|p1a: Golduck|30/100\n|-damage|p1a: Golduck|18/100\n|-damage|p1a: Golduck|7/100\n|-damage|p1a: Golduck|0 fnt\n|faint|p1a: Golduck\n|-hitcount|p1: Golduck|9\n|\n|upkeep\n|\n|t:|1783541833\n|switch|p1a: Rillaboom|Rillaboom, L79, M|97/100\n|-fieldstart|move: Grassy Terrain|[from] ability: Grassy Surge|[of] p1a: Rillaboom\n|turn|22\n|inactive|Time left: 300 sec this turn | 300 sec total\n|\n|t:|1783541834\n|-terastallize|p1a: Rillaboom|Grass\n|move|p1a: Rillaboom|Grassy Glide|p2a: Maushold\n|-damage|p2a: Maushold|0 fnt\n|faint|p2a: Maushold\n|-damage|p1a: Rillaboom|87/100|[from] item: Life Orb\n|\n|-heal|p1a: Rillaboom|94/100|[from] Grassy Terrain\n|upkeep\n|inactive|Time left: 300 sec this turn | 300 sec total | 5 sec grace\n|\n|t:|1783541835\n|switch|p2a: Arceus|Arceus-Fighting, L70|284/284\n|turn|23\n|inactive|Time left: 300 sec this turn | 300 sec total\n|\n|t:|1783541836\n|move|p2a: Arceus|Iron Defense|p2a: Arceus\n|-boost|p2a: Arceus|def|2\n|move|p1a: Rillaboom|Wood Hammer|p2a: Arceus\n|-damage|p2a: Arceus|131/284\n|-damage|p1a: Rillaboom|76/100|[from] Recoil\n|-damage|p1a: Rillaboom|66/100|[from] item: Life Orb\n|\n|-heal|p2a: Arceus|148/284|[from] Grassy Terrain\n|-heal|p1a: Rillaboom|73/100|[from] Grassy Terrain\n|upkeep\n|turn|24\n|inactive|Time left: 300 sec this turn | 300 sec total\n|\n|t:|1783541837\n|switch|p1a: Articuno|Articuno-Galar, L84|100/100\n|move|p2a: Arceus|Iron Defense|p2a: Arceus\n|-boost|p2a: Arceus|def|2\n|\n|-heal|p2a: Arceus|165/284|[from] Grassy Terrain\n|upkeep\n|turn|25\n|inactive|Time left: 300 sec this turn | 300 sec total\n|\n|t:|1783541838\n|move|p2a: Arceus|Recover|p2a: Arceus\n|-heal|p2a: Arceus|284/284\n|move|p1a: Articuno|Freezing Glare|p2a: Arceus\n|-supereffective|p2a: Arceus\n|-damage|p2a: Arceus|54/284\n|-status|p2a: Arceus|frz\n|\n|-heal|p2a: Arceus|71/284 frz|[from] Grassy Terrain\n|upkeep\n|turn|26\n|inactive|Time left: 300 sec this turn | 300 sec total\n|\n|t:|1783541839\n|-curestatus|p2a: Arceus|frz|[msg]\n|move|p2a: Arceus|Recover|p2a: Arceus\n|-heal|p2a: Arceus|213/284\n|move|p1a: Articuno|Freezing Glare|p2a: Arceus\n|-supereffective|p2a: Arceus\n|-damage|p2a: Arceus|0 fnt\n|faint|p2a: Arceus\n|\n|win|p0x232a563", "uploadtime": 1783541839, "views": 0, "rating": 0, "private": 0, "password": null, "_winner": "p0x232a563", "_our_name": "p0y2325553"}