{"id": "battle-gen9randombattle-1360", "formatid": "gen9randombattle", "format": "[Gen 9] Random Battle", "players": ["p0x13608677", "p0y1360215b"], "log": "|init|battle\n|title|p0x13608677 vs. p0y1360215b\n|j|\u2606p0x13608677\n|j|\u2606p0y1360215b\n|t:|1783554913\n|gametype|singles\n|player|p1|p0x13608677|170|\n|player|p2|p0y1360215b|169|\n|gen|9\n|tier|[Gen 9] Random Battle\n|rule|Species Clause: Limit one of each Pok\u00e9mon\n|rule|HP Percentage Mod: HP is shown in percentages\n|rule|Sleep Clause Mod: Limit one foe put to sleep\n|rule|Illusion Level Mod: Illusion disguises the Pok\u00e9mon's true level\n|\n|t:|1783554913\n|teamsize|p1|6\n|teamsize|p2|6\n|start\n|switch|p1a: Morpeko|Morpeko, L88, F|100/100\n|switch|p2a: Torkoal|Torkoal, L88, F|266/266\n|-weather|SunnyDay|[from] ability: Drought|[of] p2a: Torkoal\n|turn|1\n|inactive|Battle timer is ON: inactive players will automatically lose when time's up. (requested by p0x13608677)\n|inactive|Time left: 300 sec this turn | 300 sec total | 60 sec grace\n|inactive|p0y1360215b also wants the timer to be on.\n|\n|t:|1783554915\n|move|p1a: Morpeko|Knock Off|p2a: Torkoal\n|-damage|p2a: Torkoal|194/266\n|-enditem|p2a: Torkoal|Heavy-Duty Boots|[from] move: Knock Off|[of] p1a: Morpeko\n|move|p2a: Torkoal|Lava Plume|p1a: Morpeko\n|-damage|p1a: Morpeko|38/100\n|-status|p1a: Morpeko|brn\n|\n|-weather|SunnyDay|[upkeep]\n|-heal|p1a: Morpeko|44/100 brn|[from] item: Leftovers\n|-damage|p1a: Morpeko|38/100 brn|[from] brn\n|-formechange|p1a: Morpeko|Morpeko-Hangry||[from] ability: Hunger Switch\n|upkeep\n|turn|2\n|inactive|Time left: 300 sec this turn | 300 sec total\n|\n|t:|1783554916\n|move|p1a: Morpeko|Aura Wheel|p2a: Torkoal\n|-damage|p2a: Torkoal|150/266\n|-boost|p1a: Morpeko|spe|1\n|move|p2a: Torkoal|Stealth Rock|p1a: Morpeko\n|-sidestart|p1: p0x13608677|move: Stealth Rock\n|\n|-weather|SunnyDay|[upkeep]\n|-heal|p1a: Morpeko|44/100 brn|[from] item: Leftovers\n|-damage|p1a: Morpeko|38/100 brn|[from] brn\n|-formechange|p1a: Morpeko|Morpeko||[from] ability: Hunger Switch\n|upkeep\n|turn|3\n|inactive|Time left: 300 sec this turn | 300 sec total\n|\n|t:|1783554917\n|move|p1a: Morpeko|Rapid Spin|p2a: Torkoal\n|-damage|p2a: Torkoal|138/266\n|-boost|p1a: Morpeko|spe|1\n|-sideend|p1: p0x13608677|Stealth Rock|[from] move: Rapid Spin|[of] p1a: Morpeko\n|move|p2a: Torkoal|Lava Plume|p1a: Morpeko\n|-damage|p1a: Morpeko|0 fnt\n|faint|p1a: Morpeko\n|\n|-weather|SunnyDay|[upkeep]\n|upkeep\n|\n|t:|1783554918\n|switch|p1a: Ariados|Ariados, L95, M|100/100\n|turn|4\n|inactive|Time left: 300 sec this turn | 300 sec total\n|\n|t:|1783554920\n|-terastallize|p1a: Ariados|Ghost\n|move|p1a: Ariados|Sticky Web|p2a: Torkoal\n|-sidestart|p2: p0y1360215b|move: Sticky Web\n|move|p2a: Torkoal|Lava Plume|p1a: Ariados\n|-damage|p1a: Ariados|50/100\n|-status|p1a: Ariados|brn\n|\n|-weather|SunnyDay|[upkeep]\n|-damage|p1a: Ariados|44/100 brn|[from] brn\n|upkeep\n|turn|5\n|inactive|Time left: 300 sec this turn | 300 sec total\n|\n|t:|1783554921\n|switch|p1a: Palossand|Palossand, L89, F|100/100\n|move|p2a: Torkoal|Lava Plume|p1a: Palossand\n|-damage|p1a: Palossand|55/100\n|\n|-weather|none\n|-heal|p1a: Palossand|61/100|[from] item: Leftovers\n|upkeep\n|turn|6\n|inactive|Time left: 300 sec this turn | 300 sec total\n|\n|t:|1783554922\n|move|p1a: Palossand|Earth Power|p2a: Torkoal\n|-supereffective|p2a: Torkoal\n|-damage|p2a: Torkoal|0 fnt\n|faint|p2a: Torkoal\n|\n|-heal|p1a: Palossand|67/100|[from] item: Leftovers\n|upkeep\n|inactive|Time left: 300 sec this turn | 300 sec total | 5 sec grace\n|\n|t:|1783554923\n|switch|p2a: Tsareena|Tsareena, L87, F|267/267\n|-activate|p2a: Tsareena|move: Sticky Web\n|-unboost|p2a: Tsareena|spe|1\n|turn|7\n|inactive|Time left: 300 sec this turn | 300 sec total\n|\n|t:|1783554924\n|switch|p1a: Ariados|Ariados, L95, M, tera:Ghost|44/100 brn\n|move|p2a: Tsareena|Power Whip|p1a: Ariados|[miss]\n|-miss|p2a: Tsareena|p1a: Ariados\n|\n|-damage|p1a: Ariados|38/100 brn|[from] brn\n|upkeep\n|turn|8\n|inactive|Time left: 300 sec this turn | 300 sec total\n|\n|t:|1783554925\n|move|p1a: Ariados|Knock Off|p2a: Tsareena\n|-crit|p2a: Tsareena\n|-damage|p2a: Tsareena|214/267\n|-enditem|p2a: Tsareena|Life Orb|[from] move: Knock Off|[of] p1a: Ariados\n|move|p2a: Tsareena|Power Whip|p1a: Ariados\n|-damage|p1a: Ariados|0 fnt\n|faint|p1a: Ariados\n|\n|upkeep\n|\n|t:|1783554926\n|switch|p1a: Cresselia|Cresselia, L80, F|100/100\n|turn|9\n|inactive|Time left: 300 sec this turn | 300 sec total\n|\n|t:|1783554927\n|move|p1a: Cresselia|Calm Mind|p1a: Cresselia\n|-boost|p1a: Cresselia|spa|1\n|-boost|p1a: Cresselia|spd|1\n|move|p2a: Tsareena|Knock Off|p1a: Cresselia\n|-supereffective|p1a: Cresselia\n|-damage|p1a: Cresselia|52/100\n|-enditem|p1a: Cresselia|Leftovers|[from] move: Knock Off|[of] p2a: Tsareena\n|\n|upkeep\n|turn|10\n|inactive|Time left: 300 sec this turn | 300 sec total\n|\n|t:|1783554928\n|move|p1a: Cresselia|Moonlight|p1a: Cresselia\n|-heal|p1a: Cresselia|100/100\n|move|p2a: Tsareena|Power Whip|p1a: Cresselia\n|-damage|p1a: Cresselia|58/100\n|\n|upkeep\n|turn|11\n|inactive|Time left: 300 sec this turn | 300 sec total\n|\n|t:|1783554929\n|move|p1a: Cresselia|Moonlight|p1a: Cresselia\n|-heal|p1a: Cresselia|100/100\n|move|p2a: Tsareena|Power Whip|p1a: Cresselia\n|-damage|p1a: Cresselia|58/100\n|\n|upkeep\n|turn|12\n|inactive|Time left: 300 sec this turn | 300 sec total\n|\n|t:|1783554930\n|move|p1a: Cresselia|Moonlight|p1a: Cresselia\n|-heal|p1a: Cresselia|100/100\n|move|p2a: Tsareena|Knock Off|p1a: Cresselia\n|-supereffective|p1a: Cresselia\n|-damage|p1a: Cresselia|71/100\n|\n|upkeep\n|turn|13\n|inactive|Time left: 300 sec this turn | 300 sec total\n|\n|t:|1783554931\n|move|p1a: Cresselia|Calm Mind|p1a: Cresselia\n|-boost|p1a: Cresselia|spa|1\n|-boost|p1a: Cresselia|spd|1\n|move|p2a: Tsareena|Power Whip|p1a: Cresselia\n|-damage|p1a: Cresselia|27/100\n|\n|upkeep\n|turn|14\n|inactive|Time left: 300 sec this turn | 300 sec total\n|\n|t:|1783554932\n|move|p1a: Cresselia|Moonlight|p1a: Cresselia\n|-heal|p1a: Cresselia|77/100\n|move|p2a: Tsareena|Power Whip|p1a: Cresselia\n|-damage|p1a: Cresselia|34/100\n|\n|upkeep\n|turn|15\n|inactive|Time left: 300 sec this turn | 300 sec total\n|\n|t:|1783554933\n|move|p1a: Cresselia|Moonlight|p1a: Cresselia\n|-heal|p1a: Cresselia|84/100\n|move|p2a: Tsareena|Power Whip|p1a: Cresselia\n|-damage|p1a: Cresselia|43/100\n|\n|upkeep\n|turn|16\n|inactive|Time left: 300 sec this turn | 300 sec total\n|\n|t:|1783554934\n|move|p1a: Cresselia|Moonlight|p1a: Cresselia\n|-heal|p1a: Cresselia|93/100\n|move|p2a: Tsareena|Knock Off|p1a: Cresselia\n|-supereffective|p1a: Cresselia\n|-damage|p1a: Cresselia|59/100\n|\n|upkeep\n|turn|17\n|inactive|Time left: 300 sec this turn | 300 sec total\n|\n|t:|1783554935\n|move|p1a: Cresselia|Moonlight|p1a: Cresselia\n|-heal|p1a: Cresselia|100/100\n|move|p2a: Tsareena|Power Whip|p1a: Cresselia\n|-damage|p1a: Cresselia|60/100\n|\n|upkeep\n|turn|18\n|inactive|Time left: 300 sec this turn | 300 sec total\n|\n|t:|1783554936\n|move|p1a: Cresselia|Psyshock|p2a: Tsareena\n|-damage|p2a: Tsareena|96/267\n|move|p2a: Tsareena|Power Whip|p1a: Cresselia\n|-damage|p1a: Cresselia|18/100\n|\n|upkeep\n|turn|19\n|inactive|Time left: 300 sec this turn | 300 sec total\n|\n|t:|1783554937\n|-terastallize|p2a: Tsareena|Steel\n|move|p1a: Cresselia|Moonlight|p1a: Cresselia\n|-heal|p1a: Cresselia|67/100\n|move|p2a: Tsareena|Knock Off|p1a: Cresselia\n|-supereffective|p1a: Cresselia\n|-damage|p1a: Cresselia|33/100\n|\n|upkeep\n|turn|20\n|inactive|Time left: 300 sec this turn | 300 sec total\n|\n|t:|1783554938\n|move|p1a: Cresselia|Thunderbolt|p2a: Tsareena\n|-damage|p2a: Tsareena|4/267\n|move|p2a: Tsareena|Power Whip|p1a: Cresselia|[miss]\n|-miss|p2a: Tsareena|p1a: Cresselia\n|\n|upkeep\n|turn|21\n|inactive|Time left: 300 sec this turn | 300 sec total\n|\n|t:|1783554939\n|move|p1a: Cresselia|Psyshock|p2a: Tsareena\n|-resisted|p2a: Tsareena\n|-damage|p2a: Tsareena|0 fnt\n|faint|p2a: Tsareena\n|\n|upkeep\n|inactive|Time left: 300 sec this turn | 300 sec total | 5 sec grace\n|\n|t:|1783554940\n|switch|p2a: Luxray|Luxray, L88, M|284/284\n|-activate|p2a: Luxray|move: Sticky Web\n|-unboost|p2a: Luxray|spe|1\n|-ability|p2a: Luxray|Intimidate|boost\n|-unboost|p1a: Cresselia|atk|1\n|turn|22\n|inactive|Time left: 300 sec this turn | 300 sec total\n|\n|t:|1783554941\n|move|p1a: Cresselia|Psyshock|p2a: Luxray\n|-damage|p2a: Luxray|140/284\n|move|p2a: Luxray|Wild Charge|p1a: Cresselia\n|-damage|p1a: Cresselia|1/100\n|-damage|p2a: Luxray|114/284|[from] Recoil\n|\n|upkeep\n|turn|23\n|inactive|Time left: 300 sec this turn | 300 sec total\n|\n|t:|1783554942\n|move|p1a: Cresselia|Psyshock|p2a: Luxray\n|-damage|p2a: Luxray|0 fnt\n|faint|p2a: Luxray\n|\n|upkeep\n|inactive|Time left: 300 sec this turn | 300 sec total | 5 sec grace\n|\n|t:|1783554943\n|switch|p2a: Galvantula|Galvantula, L82, F|249/249\n|turn|24\n|inactive|Time left: 300 sec this turn | 300 sec total\n|\n|t:|1783554944\n|switch|p1a: Palossand|Palossand, L89, F|67/100\n|move|p2a: Galvantula|Sticky Web|p1a: Palossand\n|-sidestart|p1: p0x13608677|move: Sticky Web\n|\n|-heal|p1a: Palossand|73/100|[from] item: Leftovers\n|upkeep\n|turn|25\n|inactive|Time left: 300 sec this turn | 300 sec total\n|\n|t:|1783554945\n|move|p2a: Galvantula|Energy Ball|p1a: Palossand\n|-supereffective|p1a: Palossand\n|-damage|p1a: Palossand|26/100\n|move|p1a: Palossand|Shadow Ball|p2a: Galvantula\n|-damage|p2a: Galvantula|128/249\n|\n|-heal|p1a: Palossand|32/100|[from] item: Leftovers\n|upkeep\n|turn|26\n|inactive|Time left: 300 sec this turn | 300 sec total\n|\n|t:|1783554946\n|switch|p1a: Infernape|Infernape, L82, M|100/100\n|-activate|p1a: Infernape|move: Sticky Web\n|-unboost|p1a: Infernape|spe|1\n|move|p2a: Galvantula|Energy Ball|p1a: Infernape\n|-resisted|p1a: Infernape\n|-damage|p1a: Infernape|86/100\n|-unboost|p1a: Infernape|spd|1\n|\n|upkeep\n|turn|27\n|inactive|Time left: 300 sec this turn | 300 sec total\n|\n|t:|1783554947\n|move|p2a: Galvantula|Thunder|p1a: Infernape\n|-damage|p1a: Infernape|13/100\n|move|p1a: Infernape|Flare Blitz|p2a: Galvantula\n|-supereffective|p2a: Galvantula\n|-damage|p2a: Galvantula|0 fnt\n|faint|p2a: Galvantula\n|-damage|p1a: Infernape|0 fnt|[from] Recoil\n|faint|p1a: Infernape\n|\n|upkeep\n|inactive|Time left: 300 sec this turn | 300 sec total | 5 sec grace\n|\n|t:|1783554949\n|switch|p2a: Comfey|Comfey, L85, F|225/225\n|switch|p1a: Solgaleo|Solgaleo, L74|100/100\n|-activate|p2a: Comfey|move: Sticky Web\n|-unboost|p2a: Comfey|spe|1\n|-activate|p1a: Solgaleo|move: Sticky Web\n|-fail|p1a: Solgaleo|unboost|[from] ability: Full Metal Body|[of] p1a: Solgaleo\n|turn|28\n|inactive|Time left: 300 sec this turn | 300 sec total\n|\n|t:|1783554950\n|switch|p2a: Slowking|Slowking-Galar, L85, F|300/300\n|-activate|p2a: Slowking|move: Sticky Web\n|-unboost|p2a: Slowking|spe|1\n|move|p1a: Solgaleo|Sunsteel Strike|p2a: Slowking\n|-damage|p2a: Slowking|191/300\n|\n|upkeep\n|turn|29\n|inactive|Time left: 300 sec this turn | 300 sec total\n|\n|t:|1783554951\n|move|p1a: Solgaleo|Sunsteel Strike|p2a: Slowking\n|-damage|p2a: Slowking|82/300\n|move|p2a: Slowking|Fire Blast|p1a: Solgaleo\n|-supereffective|p1a: Solgaleo\n|-damage|p1a: Solgaleo|38/100\n|-enditem|p1a: Solgaleo|Weakness Policy\n|-boost|p1a: Solgaleo|atk|2|[from] item: Weakness Policy\n|-boost|p1a: Solgaleo|spa|2|[from] item: Weakness Policy\n|\n|upkeep\n|turn|30\n|inactive|Time left: 300 sec this turn | 300 sec total\n|\n|t:|1783554952\n|move|p1a: Solgaleo|Sunsteel Strike|p2a: Slowking\n|-damage|p2a: Slowking|0 fnt\n|faint|p2a: Slowking\n|\n|upkeep\n|inactive|Time left: 300 sec this turn | 300 sec total | 5 sec grace\n|\n|t:|1783554953\n|switch|p2a: Comfey|Comfey, L85, F|225/225\n|-activate|p2a: Comfey|move: Sticky Web\n|-unboost|p2a: Comfey|spe|1\n|turn|31\n|inactive|Time left: 300 sec this turn | 300 sec total\n|\n|t:|1783554954\n|move|p1a: Solgaleo|Sunsteel Strike|p2a: Comfey\n|-supereffective|p2a: Comfey\n|-damage|p2a: Comfey|0 fnt\n|faint|p2a: Comfey\n|\n|win|p0x13608677", "uploadtime": 1783554954, "views": 0, "rating": 0, "private": 0, "password": null, "_winner": "p0x13608677", "_our_name": "p0y1360215b"}