{"id": "battle-gen9randombattle-2717", "formatid": "gen9randombattle", "format": "[Gen 9] Random Battle", "players": ["p0x271743c5", "p0y2717af67"], "log": "|init|battle\n|title|p0x271743c5 vs. p0y2717af67\n|j|\u2606p0x271743c5\n|j|\u2606p0y2717af67\n|t:|1783570315\n|gametype|singles\n|player|p1|p0x271743c5|266|\n|player|p2|p0y2717af67|101|\n|gen|9\n|tier|[Gen 9] Random Battle\n|rule|Species Clause: Limit one of each Pok\u00e9mon\n|rule|HP Percentage Mod: HP is shown in percentages\n|rule|Sleep Clause Mod: Limit one foe put to sleep\n|rule|Illusion Level Mod: Illusion disguises the Pok\u00e9mon's true level\n|\n|t:|1783570315\n|teamsize|p1|6\n|teamsize|p2|6\n|start\n|switch|p1a: Donphan|Donphan, L84, F|288/288\n|switch|p2a: Rhydon|Rhydon, L85, M|100/100\n|turn|1\n|inactive|Battle timer is ON: inactive players will automatically lose when time's up. (requested by p0x271743c5)\n|inactive|p0y2717af67 also wants the timer to be on.\n|\n|t:|1783570317\n|move|p1a: Donphan|Earthquake|p2a: Rhydon\n|-supereffective|p2a: Rhydon\n|-damage|p2a: Rhydon|63/100\n|move|p2a: Rhydon|Swords Dance|p2a: Rhydon\n|-boost|p2a: Rhydon|atk|2\n|\n|upkeep\n|turn|2\n|inactive|Time left: 300 sec this turn | 300 sec total\n|\n|t:|1783570318\n|-terastallize|p2a: Rhydon|Water\n|move|p1a: Donphan|Earthquake|p2a: Rhydon\n|-damage|p2a: Rhydon|43/100\n|move|p2a: Rhydon|Earthquake|p1a: Donphan\n|-damage|p1a: Donphan|65/288\n|\n|upkeep\n|turn|3\n|inactive|Time left: 300 sec this turn | 300 sec total\n|\n|t:|1783570319\n|move|p1a: Donphan|Knock Off|p2a: Rhydon\n|-damage|p2a: Rhydon|31/100\n|-enditem|p2a: Rhydon|Eviolite|[from] move: Knock Off|[of] p1a: Donphan\n|move|p2a: Rhydon|Earthquake|p1a: Donphan\n|-damage|p1a: Donphan|0 fnt\n|faint|p1a: Donphan\n|\n|upkeep\n|inactive|Time left: 300 sec this turn | 300 sec total | 5 sec grace\n|\n|t:|1783570320\n|switch|p1a: Pecharunt|Pecharunt, L77|262/262\n|turn|4\n|inactive|Time left: 300 sec this turn | 300 sec total\n|\n|t:|1783570321\n|move|p1a: Pecharunt|Malignant Chain|p2a: Rhydon\n|-damage|p2a: Rhydon|0 fnt\n|faint|p2a: Rhydon\n|\n|upkeep\n|\n|t:|1783570322\n|switch|p2a: Hypno|Hypno, L95, M|100/100\n|turn|5\n|inactive|Time left: 300 sec this turn | 300 sec total\n|\n|t:|1783570322\n|move|p2a: Hypno|Psychic Noise|p1a: Pecharunt\n|-supereffective|p1a: Pecharunt\n|-damage|p1a: Pecharunt|64/262\n|-start|p1a: Pecharunt|move: Heal Block\n|move|p1a: Pecharunt|Nasty Plot|p1a: Pecharunt\n|-boost|p1a: Pecharunt|spa|2\n|\n|upkeep\n|turn|6\n|inactive|Time left: 300 sec this turn | 300 sec total\n|\n|t:|1783570323\n|-terastallize|p1a: Pecharunt|Dark\n|move|p2a: Hypno|Encore|p1a: Pecharunt\n|-start|p1a: Pecharunt|Encore\n|move|p1a: Pecharunt|Nasty Plot|p1a: Pecharunt\n|-boost|p1a: Pecharunt|spa|2\n|\n|-end|p1a: Pecharunt|move: Heal Block\n|upkeep\n|turn|7\n|inactive|Time left: 300 sec this turn | 300 sec total\n|\n|t:|1783570324\n|switch|p2a: Kyurem|Kyurem-Black, L71|100/100\n|-ability|p2a: Kyurem|Teravolt\n|switch|p1a: Golem|Golem, L87, F|281/281\n|\n|upkeep\n|turn|8\n|inactive|Time left: 300 sec this turn | 300 sec total\n|\n|t:|1783570325\n|move|p2a: Kyurem|Icicle Spear|p1a: Golem\n|-supereffective|p1a: Golem\n|-damage|p1a: Golem|237/281\n|-enditem|p1a: Golem|Weakness Policy\n|-boost|p1a: Golem|atk|2|[from] item: Weakness Policy\n|-boost|p1a: Golem|spa|2|[from] item: Weakness Policy\n|-supereffective|p1a: Golem\n|-damage|p1a: Golem|189/281\n|-supereffective|p1a: Golem\n|-damage|p1a: Golem|147/281\n|-supereffective|p1a: Golem\n|-damage|p1a: Golem|103/281\n|-supereffective|p1a: Golem\n|-damage|p1a: Golem|59/281\n|-hitcount|p1a: Golem|5\n|move|p1a: Golem|Stone Edge|p2a: Kyurem\n|-supereffective|p2a: Kyurem\n|-damage|p2a: Kyurem|0 fnt\n|faint|p2a: Kyurem\n|\n|upkeep\n|\n|t:|1783570326\n|switch|p2a: Dudunsparce|Dudunsparce-Three-Segment, L83, M|100/100\n|turn|9\n|inactive|Time left: 300 sec this turn | 300 sec total\n|\n|t:|1783570327\n|move|p2a: Dudunsparce|Boomburst|p1a: Golem\n|-resisted|p1a: Golem\n|-damage|p1a: Golem|0 fnt\n|faint|p1a: Golem\n|\n|upkeep\n|inactive|Time left: 300 sec this turn | 300 sec total | 5 sec grace\n|\n|t:|1783570328\n|switch|p1a: Zamazenta|Zamazenta, L71|248/248\n|-ability|p1a: Zamazenta|Dauntless Shield|boost\n|-boost|p1a: Zamazenta|def|1\n|turn|10\n|inactive|Time left: 300 sec this turn | 300 sec total\n|\n|t:|1783570329\n|switch|p2a: Altaria|Altaria, L89, M|100/100\n|move|p1a: Zamazenta|Close Combat|p2a: Altaria\n|-resisted|p2a: Altaria\n|-damage|p2a: Altaria|73/100\n|-unboost|p1a: Zamazenta|def|1\n|-unboost|p1a: Zamazenta|spd|1\n|\n|upkeep\n|turn|11\n|inactive|Time left: 300 sec this turn | 300 sec total\n|\n|t:|1783570330\n|switch|p1a: Rayquaza|Rayquaza, L72|270/270\n|-ability|p1a: Rayquaza|Air Lock\n|move|p2a: Altaria|Dragon Dance|p2a: Altaria\n|-boost|p2a: Altaria|atk|1\n|-boost|p2a: Altaria|spe|1\n|\n|upkeep\n|turn|12\n|inactive|Time left: 300 sec this turn | 300 sec total\n|\n|t:|1783570331\n|move|p2a: Altaria|Brave Bird|p1a: Rayquaza\n|-damage|p1a: Rayquaza|95/270\n|-damage|p2a: Altaria|52/100|[from] Recoil\n|move|p1a: Rayquaza|Dragon Ascent|p2a: Altaria\n|-damage|p2a: Altaria|0 fnt\n|-unboost|p1a: Rayquaza|def|1\n|-unboost|p1a: Rayquaza|spd|1\n|faint|p2a: Altaria\n|\n|upkeep\n|\n|t:|1783570332\n|switch|p2a: Dudunsparce|Dudunsparce-Three-Segment, L83, M|100/100\n|turn|13\n|inactive|Time left: 300 sec this turn | 300 sec total\n|\n|t:|1783570333\n|move|p1a: Rayquaza|Dragon Ascent|p2a: Dudunsparce\n|-damage|p2a: Dudunsparce|36/100\n|-unboost|p1a: Rayquaza|def|1\n|-unboost|p1a: Rayquaza|spd|1\n|move|p2a: Dudunsparce|Boomburst|p1a: Rayquaza\n|-damage|p1a: Rayquaza|0 fnt\n|faint|p1a: Rayquaza\n|\n|-heal|p2a: Dudunsparce|42/100|[from] item: Leftovers\n|upkeep\n|inactive|Time left: 300 sec this turn | 300 sec total | 5 sec grace\n|\n|t:|1783570334\n|switch|p1a: Zamazenta|Zamazenta, L71|248/248\n|turn|14\n|inactive|Time left: 300 sec this turn | 300 sec total\n|\n|t:|1783570335\n|switch|p2a: Hypno|Hypno, L95, M|100/100\n|move|p1a: Zamazenta|Close Combat|p2a: Hypno\n|-resisted|p2a: Hypno\n|-damage|p2a: Hypno|72/100\n|-unboost|p1a: Zamazenta|def|1\n|-unboost|p1a: Zamazenta|spd|1\n|\n|-heal|p2a: Hypno|78/100|[from] item: Leftovers\n|upkeep\n|turn|15\n|inactive|Time left: 300 sec this turn | 300 sec total\n|\n|t:|1783570336\n|switch|p1a: Pecharunt|Pecharunt, L77, tera:Dark|64/262\n|move|p2a: Hypno|Thunder Wave|p1a: Pecharunt\n|-status|p1a: Pecharunt|par\n|\n|-heal|p2a: Hypno|84/100|[from] item: Leftovers\n|-heal|p1a: Pecharunt|80/262 par|[from] item: Leftovers\n|upkeep\n|turn|16\n|inactive|Time left: 300 sec this turn | 300 sec total\n|\n|t:|1783570337\n|switch|p2a: Dudunsparce|Dudunsparce-Three-Segment, L83, M|42/100\n|move|p1a: Pecharunt|Malignant Chain|p2a: Dudunsparce\n|-damage|p2a: Dudunsparce|16/100\n|\n|-heal|p2a: Dudunsparce|22/100|[from] item: Leftovers\n|-heal|p1a: Pecharunt|96/262 par|[from] item: Leftovers\n|upkeep\n|turn|17\n|inactive|Time left: 300 sec this turn | 300 sec total\n|\n|t:|1783570338\n|move|p2a: Dudunsparce|Roost|p2a: Dudunsparce\n|-heal|p2a: Dudunsparce|73/100\n|-singleturn|p2a: Dudunsparce|move: Roost\n|move|p1a: Pecharunt|Malignant Chain|p2a: Dudunsparce\n|-damage|p2a: Dudunsparce|46/100\n|\n|-heal|p2a: Dudunsparce|52/100|[from] item: Leftovers\n|-heal|p1a: Pecharunt|112/262 par|[from] item: Leftovers\n|upkeep\n|turn|18\n|inactive|Time left: 300 sec this turn | 300 sec total\n|\n|t:|1783570339\n|switch|p1a: Zamazenta|Zamazenta, L71|248/248\n|move|p2a: Dudunsparce|Boomburst|p1a: Zamazenta\n|-damage|p1a: Zamazenta|115/248\n|\n|-heal|p2a: Dudunsparce|58/100|[from] item: Leftovers\n|upkeep\n|turn|19\n|inactive|Time left: 300 sec this turn | 300 sec total\n|\n|t:|1783570340\n|switch|p2a: Hypno|Hypno, L95, M|84/100\n|move|p1a: Zamazenta|Close Combat|p2a: Hypno\n|-resisted|p2a: Hypno\n|-damage|p2a: Hypno|56/100\n|-unboost|p1a: Zamazenta|def|1\n|-unboost|p1a: Zamazenta|spd|1\n|\n|-heal|p2a: Hypno|62/100|[from] item: Leftovers\n|upkeep\n|turn|20\n|inactive|Time left: 300 sec this turn | 300 sec total\n|\n|t:|1783570341\n|switch|p1a: Pecharunt|Pecharunt, L77, tera:Dark|112/262 par\n|move|p2a: Hypno|Knock Off|p1a: Pecharunt\n|-resisted|p1a: Pecharunt\n|-damage|p1a: Pecharunt|87/262 par\n|-enditem|p1a: Pecharunt|Leftovers|[from] move: Knock Off|[of] p2a: Hypno\n|\n|-heal|p2a: Hypno|68/100|[from] item: Leftovers\n|upkeep\n|turn|21\n|inactive|Time left: 300 sec this turn | 300 sec total\n|\n|t:|1783570342\n|switch|p2a: Dudunsparce|Dudunsparce-Three-Segment, L83, M|58/100\n|move|p1a: Pecharunt|Recover|p1a: Pecharunt\n|-heal|p1a: Pecharunt|218/262 par\n|\n|-heal|p2a: Dudunsparce|64/100|[from] item: Leftovers\n|upkeep\n|turn|22\n|inactive|Time left: 300 sec this turn | 300 sec total\n|\n|t:|1783570343\n|move|p2a: Dudunsparce|Boomburst|p1a: Pecharunt\n|-crit|p1a: Pecharunt\n|-damage|p1a: Pecharunt|0 fnt\n|faint|p1a: Pecharunt\n|\n|-heal|p2a: Dudunsparce|70/100|[from] item: Leftovers\n|upkeep\n|inactive|Time left: 300 sec this turn | 300 sec total | 5 sec grace\n|\n|t:|1783570344\n|switch|p1a: Zamazenta|Zamazenta, L71|115/248\n|turn|23\n|inactive|Time left: 300 sec this turn | 300 sec total\n|\n|t:|1783570345\n|switch|p2a: Hypno|Hypno, L95, M|68/100\n|move|p1a: Zamazenta|Close Combat|p2a: Hypno\n|-resisted|p2a: Hypno\n|-damage|p2a: Hypno|39/100\n|-unboost|p1a: Zamazenta|def|1\n|-unboost|p1a: Zamazenta|spd|1\n|\n|-heal|p2a: Hypno|45/100|[from] item: Leftovers\n|upkeep\n|turn|24\n|inactive|Time left: 300 sec this turn | 300 sec total\n|\n|t:|1783570346\n|switch|p1a: Hypno|Hypno, L95, M|315/315\n|move|p2a: Hypno|Psychic Noise|p1a: Hypno\n|-resisted|p1a: Hypno\n|-damage|p1a: Hypno|282/315\n|-start|p1a: Hypno|move: Heal Block\n|\n|-heal|p2a: Hypno|51/100|[from] item: Leftovers\n|upkeep\n|turn|25\n|inactive|Time left: 300 sec this turn | 300 sec total\n|\n|t:|1783570347\n|move|p2a: Hypno|Knock Off|p1a: Hypno\n|-supereffective|p1a: Hypno\n|-crit|p1a: Hypno\n|-damage|p1a: Hypno|44/315\n|-enditem|p1a: Hypno|Leftovers|[from] move: Knock Off|[of] p2a: Hypno\n|move|p1a: Hypno|Knock Off|p2a: Hypno\n|-supereffective|p2a: Hypno\n|-damage|p2a: Hypno|3/100\n|-enditem|p2a: Hypno|Leftovers|[from] move: Knock Off|[of] p1a: Hypno\n|\n|-end|p1a: Hypno|move: Heal Block\n|upkeep\n|turn|26\n|inactive|Time left: 300 sec this turn | 300 sec total\n|\n|t:|1783570348\n|move|p2a: Hypno|Psychic Noise|p1a: Hypno\n|-resisted|p1a: Hypno\n|-damage|p1a: Hypno|15/315\n|-start|p1a: Hypno|move: Heal Block\n|move|p1a: Hypno|Toxic|p2a: Hypno\n|-status|p2a: Hypno|tox\n|\n|-damage|p2a: Hypno|0 fnt|[from] psn\n|faint|p2a: Hypno\n|upkeep\n|\n|t:|1783570349\n|switch|p2a: Dudunsparce|Dudunsparce-Three-Segment, L83, M|70/100\n|turn|27\n|inactive|Time left: 300 sec this turn | 300 sec total\n|\n|t:|1783570350\n|move|p1a: Hypno|Encore||[still]\n|-fail|p1a: Hypno\n|move|p2a: Dudunsparce|Boomburst|p1a: Hypno\n|-damage|p1a: Hypno|0 fnt\n|faint|p1a: Hypno\n|\n|-heal|p2a: Dudunsparce|77/100|[from] item: Leftovers\n|upkeep\n|inactive|Time left: 300 sec this turn | 300 sec total | 5 sec grace\n|\n|t:|1783570351\n|switch|p1a: Zamazenta|Zamazenta, L71|115/248\n|turn|28\n|inactive|Time left: 300 sec this turn | 300 sec total\n|\n|t:|1783570352\n|move|p1a: Zamazenta|Iron Head|p2a: Dudunsparce\n|-damage|p2a: Dudunsparce|53/100\n|cant|p2a: Dudunsparce|flinch\n|\n|-heal|p2a: Dudunsparce|59/100|[from] item: Leftovers\n|upkeep\n|turn|29\n|inactive|Time left: 300 sec this turn | 300 sec total\n|\n|t:|1783570352\n|move|p1a: Zamazenta|Iron Head|p2a: Dudunsparce\n|-damage|p2a: Dudunsparce|37/100\n|cant|p2a: Dudunsparce|flinch\n|\n|-heal|p2a: Dudunsparce|43/100|[from] item: Leftovers\n|upkeep\n|turn|30\n|inactive|Time left: 300 sec this turn | 300 sec total\n|\n|t:|1783570353\n|move|p1a: Zamazenta|Iron Head|p2a: Dudunsparce\n|-damage|p2a: Dudunsparce|20/100\n|move|p2a: Dudunsparce|Boomburst|p1a: Zamazenta\n|-damage|p1a: Zamazenta|0 fnt\n|faint|p1a: Zamazenta\n|\n|win|p0y2717af67", "uploadtime": 1783570353, "views": 0, "rating": 0, "private": 0, "password": null, "_winner": "p0y2717af67", "_our_name": "p0x271743c5"}