{"id": "battle-gen9randombattle-195", "formatid": "gen9randombattle", "format": "[Gen 9] Random Battle", "players": ["p0x1951b9b", "p0y195d6f7"], "log": "|init|battle\n|title|p0x1951b9b vs. p0y195d6f7\n|j|\u2606p0x1951b9b\n|j|\u2606p0y195d6f7\n|t:|1783541835\n|gametype|singles\n|player|p1|p0x1951b9b|1|\n|player|p2|p0y195d6f7|102|\n|gen|9\n|tier|[Gen 9] Random Battle\n|rule|Species Clause: Limit one of each Pok\u00e9mon\n|rule|HP Percentage Mod: HP is shown in percentages\n|rule|Sleep Clause Mod: Limit one foe put to sleep\n|rule|Illusion Level Mod: Illusion disguises the Pok\u00e9mon's true level\n|\n|t:|1783541835\n|teamsize|p1|6\n|teamsize|p2|6\n|start\n|switch|p1a: Magcargo|Magcargo, L95, F|268/268\n|switch|p2a: Fezandipiti|Fezandipiti, L82, M|100/100\n|turn|1\n|inactive|Battle timer is ON: inactive players will automatically lose when time's up. (requested by p0x1951b9b)\n|inactive|p0y195d6f7 also wants the timer to be on.\n|\n|t:|1783541836\n|move|p2a: Fezandipiti|Swords Dance|p2a: Fezandipiti\n|-boost|p2a: Fezandipiti|atk|2\n|move|p1a: Magcargo|Lava Plume|p2a: Fezandipiti\n|-damage|p2a: Fezandipiti|73/100\n|\n|-heal|p2a: Fezandipiti|79/100|[from] item: Leftovers\n|upkeep\n|turn|2\n|inactive|Time left: 300 sec this turn | 300 sec total\n|\n|t:|1783541837\n|-terastallize|p2a: Fezandipiti|Ground\n|move|p2a: Fezandipiti|Tera Blast|p1a: Magcargo|[anim] Tera Blast Ground\n|-supereffective|p1a: Magcargo\n|-damage|p1a: Magcargo|0 fnt\n|faint|p1a: Magcargo\n|\n|-heal|p2a: Fezandipiti|85/100|[from] item: Leftovers\n|upkeep\n|inactive|Time left: 300 sec this turn | 300 sec total | 5 sec grace\n|\n|t:|1783541838\n|switch|p1a: Lilligant|Lilligant-Hisui, L79, F|240/240\n|turn|3\n|inactive|Time left: 300 sec this turn | 300 sec total\n|\n|t:|1783541840\n|move|p1a: Lilligant|Leaf Blade|p2a: Fezandipiti\n|-supereffective|p2a: Fezandipiti\n|-damage|p2a: Fezandipiti|0 fnt\n|faint|p2a: Fezandipiti\n|-damage|p1a: Lilligant|216/240|[from] item: Life Orb\n|\n|upkeep\n|\n|t:|1783541840\n|switch|p2a: Pelipper|Pelipper, L86, F|100/100\n|-weather|RainDance|[from] ability: Drizzle|[of] p2a: Pelipper\n|turn|4\n|inactive|Time left: 300 sec this turn | 300 sec total\n|\n|t:|1783541842\n|move|p1a: Lilligant|Leaf Blade|p2a: Pelipper\n|-damage|p2a: Pelipper|38/100\n|-damage|p1a: Lilligant|192/240|[from] item: Life Orb\n|move|p2a: Pelipper|Hurricane|p1a: Lilligant\n|-supereffective|p1a: Lilligant\n|-damage|p1a: Lilligant|0 fnt\n|faint|p1a: Lilligant\n|\n|-weather|RainDance|[upkeep]\n|upkeep\n|inactive|Time left: 300 sec this turn | 300 sec total | 5 sec grace\n|\n|t:|1783541843\n|switch|p1a: Regieleki|Regieleki, L79|256/256\n|turn|5\n|inactive|Time left: 300 sec this turn | 300 sec total\n|\n|t:|1783541844\n|switch|p2a: Carbink|Carbink, L90|100/100\n|move|p1a: Regieleki|Volt Switch|p2a: Carbink\n|-damage|p2a: Carbink|75/100\n|inactive|Time left: 300 sec this turn | 300 sec total | 5 sec grace\n|\n|t:|1783541845\n|switch|p1a: Magearna|Magearna, L77|250/250|[from] Volt Switch\n|\n|-weather|RainDance|[upkeep]\n|-heal|p2a: Carbink|81/100|[from] item: Leftovers\n|upkeep\n|turn|6\n|inactive|Time left: 300 sec this turn | 300 sec total\n|\n|t:|1783541846\n|switch|p2a: Slowbro|Slowbro, L85, F|100/100\n|move|p1a: Magearna|Shift Gear|p1a: Magearna\n|-boost|p1a: Magearna|spe|2\n|-boost|p1a: Magearna|atk|1\n|\n|-weather|RainDance|[upkeep]\n|upkeep\n|turn|7\n|inactive|Time left: 300 sec this turn | 300 sec total\n|\n|t:|1783541847\n|move|p1a: Magearna|Shift Gear|p1a: Magearna\n|-boost|p1a: Magearna|spe|2\n|-boost|p1a: Magearna|atk|1\n|move|p2a: Slowbro|Scald|p1a: Magearna\n|-damage|p1a: Magearna|141/250\n|\n|-weather|RainDance|[upkeep]\n|upkeep\n|turn|8\n|inactive|Time left: 300 sec this turn | 300 sec total\n|\n|t:|1783541848\n|move|p1a: Magearna|Iron Head|p2a: Slowbro\n|-resisted|p2a: Slowbro\n|-damage|p2a: Slowbro|79/100\n|move|p2a: Slowbro|Scald|p1a: Magearna\n|-damage|p1a: Magearna|18/250\n|-status|p1a: Magearna|brn\n|\n|-weather|none\n|-heal|p2a: Slowbro|85/100|[from] item: Leftovers\n|-damage|p1a: Magearna|3/250 brn|[from] brn\n|upkeep\n|turn|9\n|inactive|Time left: 300 sec this turn | 300 sec total\n|\n|t:|1783541850\n|move|p1a: Magearna|Fleur Cannon|p2a: Slowbro\n|-damage|p2a: Slowbro|30/100\n|-unboost|p1a: Magearna|spa|2\n|move|p2a: Slowbro|Scald|p1a: Magearna\n|-damage|p1a: Magearna|0 fnt\n|faint|p1a: Magearna\n|\n|-heal|p2a: Slowbro|36/100|[from] item: Leftovers\n|upkeep\n|inactive|Time left: 300 sec this turn | 300 sec total | 5 sec grace\n|\n|t:|1783541851\n|switch|p1a: Latias|Latias, L79, F|256/256\n|turn|10\n|inactive|Time left: 300 sec this turn | 300 sec total\n|\n|t:|1783541852\n|switch|p2a: Carbink|Carbink, L90|81/100\n|move|p1a: Latias|Calm Mind|p1a: Latias\n|-boost|p1a: Latias|spa|1\n|-boost|p1a: Latias|spd|1\n|\n|-heal|p2a: Carbink|87/100|[from] item: Leftovers\n|upkeep\n|turn|11\n|inactive|Time left: 300 sec this turn | 300 sec total\n|\n|t:|1783541853\n|move|p1a: Latias|Calm Mind|p1a: Latias\n|-boost|p1a: Latias|spa|1\n|-boost|p1a: Latias|spd|1\n|move|p2a: Carbink|Moonblast|p1a: Latias\n|-supereffective|p1a: Latias\n|-damage|p1a: Latias|194/256\n|-unboost|p1a: Latias|spa|1\n|\n|-heal|p2a: Carbink|92/100|[from] item: Leftovers\n|upkeep\n|turn|12\n|inactive|Time left: 300 sec this turn | 300 sec total\n|\n|t:|1783541854\n|move|p1a: Latias|Psyshock|p2a: Carbink\n|-damage|p2a: Carbink|57/100\n|move|p2a: Carbink|Moonblast|p1a: Latias\n|-supereffective|p1a: Latias\n|-damage|p1a: Latias|138/256\n|-unboost|p1a: Latias|spa|1\n|\n|-heal|p2a: Carbink|63/100|[from] item: Leftovers\n|upkeep\n|turn|13\n|inactive|Time left: 300 sec this turn | 300 sec total\n|\n|t:|1783541855\n|move|p1a: Latias|Recover|p1a: Latias\n|-heal|p1a: Latias|256/256\n|move|p2a: Carbink|Iron Defense|p2a: Carbink\n|-boost|p2a: Carbink|def|2\n|\n|-heal|p2a: Carbink|69/100|[from] item: Leftovers\n|upkeep\n|turn|14\n|inactive|Time left: 300 sec this turn | 300 sec total\n|\n|t:|1783541856\n|move|p1a: Latias|Calm Mind|p1a: Latias\n|-boost|p1a: Latias|spa|1\n|-boost|p1a: Latias|spd|1\n|move|p2a: Carbink|Body Press|p1a: Latias\n|-resisted|p1a: Latias\n|-damage|p1a: Latias|162/256\n|\n|-heal|p2a: Carbink|75/100|[from] item: Leftovers\n|upkeep\n|turn|15\n|inactive|Time left: 300 sec this turn | 300 sec total\n|\n|t:|1783541857\n|move|p1a: Latias|Recover|p1a: Latias\n|-heal|p1a: Latias|256/256\n|move|p2a: Carbink|Body Press|p1a: Latias\n|-resisted|p1a: Latias\n|-damage|p1a: Latias|157/256\n|\n|-heal|p2a: Carbink|81/100|[from] item: Leftovers\n|upkeep\n|turn|16\n|inactive|Time left: 300 sec this turn | 300 sec total\n|\n|t:|1783541858\n|move|p1a: Latias|Recover|p1a: Latias\n|-heal|p1a: Latias|256/256\n|move|p2a: Carbink|Body Press|p1a: Latias\n|-resisted|p1a: Latias\n|-damage|p1a: Latias|162/256\n|\n|-heal|p2a: Carbink|87/100|[from] item: Leftovers\n|upkeep\n|turn|17\n|inactive|Time left: 300 sec this turn | 300 sec total\n|\n|t:|1783541859\n|move|p1a: Latias|Recover|p1a: Latias\n|-heal|p1a: Latias|256/256\n|move|p2a: Carbink|Body Press|p1a: Latias\n|-resisted|p1a: Latias\n|-damage|p1a: Latias|163/256\n|\n|-heal|p2a: Carbink|92/100|[from] item: Leftovers\n|upkeep\n|turn|18\n|inactive|Time left: 300 sec this turn | 300 sec total\n|\n|t:|1783541860\n|move|p1a: Latias|Recover|p1a: Latias\n|-heal|p1a: Latias|256/256\n|move|p2a: Carbink|Body Press|p1a: Latias\n|-resisted|p1a: Latias\n|-crit|p1a: Latias\n|-damage|p1a: Latias|117/256\n|\n|-heal|p2a: Carbink|98/100|[from] item: Leftovers\n|upkeep\n|turn|19\n|inactive|Time left: 300 sec this turn | 300 sec total\n|\n|t:|1783541861\n|move|p1a: Latias|Recover|p1a: Latias\n|-heal|p1a: Latias|245/256\n|move|p2a: Carbink|Body Press|p1a: Latias\n|-resisted|p1a: Latias\n|-damage|p1a: Latias|151/256\n|\n|-heal|p2a: Carbink|100/100|[from] item: Leftovers\n|upkeep\n|turn|20\n|inactive|Time left: 300 sec this turn | 300 sec total\n|\n|t:|1783541863\n|move|p1a: Latias|Recover|p1a: Latias\n|-heal|p1a: Latias|256/256\n|move|p2a: Carbink|Body Press|p1a: Latias\n|-resisted|p1a: Latias\n|-damage|p1a: Latias|154/256\n|\n|upkeep\n|turn|21\n|inactive|Time left: 300 sec this turn | 300 sec total\n|\n|t:|1783541864\n|move|p1a: Latias|Recover|p1a: Latias\n|-heal|p1a: Latias|256/256\n|move|p2a: Carbink|Body Press|p1a: Latias\n|-resisted|p1a: Latias\n|-damage|p1a: Latias|159/256\n|\n|upkeep\n|turn|22\n|inactive|Time left: 300 sec this turn | 300 sec total\n|\n|t:|1783541865\n|move|p1a: Latias|Psyshock|p2a: Carbink\n|-damage|p2a: Carbink|82/100\n|move|p2a: Carbink|Body Press|p1a: Latias\n|-resisted|p1a: Latias\n|-damage|p1a: Latias|70/256\n|\n|-heal|p2a: Carbink|88/100|[from] item: Leftovers\n|upkeep\n|turn|23\n|inactive|Time left: 300 sec this turn | 300 sec total\n|\n|t:|1783541866\n|move|p1a: Latias|Psyshock|p2a: Carbink\n|-damage|p2a: Carbink|69/100\n|move|p2a: Carbink|Body Press|p1a: Latias\n|-resisted|p1a: Latias\n|-damage|p1a: Latias|0 fnt\n|faint|p1a: Latias\n|\n|-heal|p2a: Carbink|75/100|[from] item: Leftovers\n|upkeep\n|inactive|Time left: 300 sec this turn | 300 sec total | 5 sec grace\n|\n|t:|1783541867\n|switch|p1a: Regieleki|Regieleki, L79|256/256\n|turn|24\n|inactive|Time left: 300 sec this turn | 300 sec total\n|\n|t:|1783541868\n|-terastallize|p1a: Regieleki|Electric\n|move|p1a: Regieleki|Volt Switch|p2a: Carbink\n|-damage|p2a: Carbink|39/100\n|inactive|Time left: 300 sec this turn | 300 sec total | 5 sec grace\n|\n|t:|1783541869\n|switch|p1a: Chien-Pao|Chien-Pao, L72|234/234|[from] Volt Switch\n|-ability|p1a: Chien-Pao|Sword of Ruin\n|move|p2a: Carbink|Body Press|p1a: Chien-Pao\n|-supereffective|p1a: Chien-Pao\n|-damage|p1a: Chien-Pao|0 fnt\n|faint|p1a: Chien-Pao\n|\n|-heal|p2a: Carbink|45/100|[from] item: Leftovers\n|upkeep\n|inactive|Time left: 300 sec this turn | 300 sec total | 10 sec grace\n|\n|t:|1783541870\n|switch|p1a: Regieleki|Regieleki, L79, tera:Electric|256/256\n|turn|25\n|inactive|Time left: 300 sec this turn | 300 sec total\n|\n|t:|1783541870\n|move|p1a: Regieleki|Thunderbolt|p2a: Carbink\n|-damage|p2a: Carbink|0 fnt\n|faint|p2a: Carbink\n|\n|upkeep\n|\n|t:|1783541871\n|switch|p2a: Mesprit|Mesprit, L85|100/100\n|turn|26\n|inactive|Time left: 300 sec this turn | 300 sec total\n|\n|t:|1783541873\n|move|p1a: Regieleki|Thunderbolt|p2a: Mesprit\n|-damage|p2a: Mesprit|44/100\n|move|p2a: Mesprit|Psychic|p1a: Regieleki\n|-damage|p1a: Regieleki|36/256\n|-damage|p2a: Mesprit|34/100|[from] item: Life Orb\n|\n|upkeep\n|turn|27\n|inactive|Time left: 300 sec this turn | 300 sec total\n|\n|t:|1783541874\n|move|p1a: Regieleki|Volt Switch|p2a: Mesprit\n|-damage|p2a: Mesprit|0 fnt\n|faint|p2a: Mesprit\n|\n|upkeep\n|\n|t:|1783541875\n|switch|p2a: Skarmory|Skarmory, L80, F|100/100\n|turn|28\n|inactive|Time left: 300 sec this turn | 300 sec total\n|\n|t:|1783541876\n|move|p1a: Regieleki|Thunderbolt|p2a: Skarmory\n|-supereffective|p2a: Skarmory\n|-ability|p2a: Skarmory|Sturdy\n|-damage|p2a: Skarmory|1/100\n|move|p2a: Skarmory|Brave Bird|p1a: Regieleki\n|-resisted|p1a: Regieleki\n|-damage|p1a: Regieleki|0 fnt\n|faint|p1a: Regieleki\n|-damage|p2a: Skarmory|0 fnt|[from] Recoil\n|faint|p2a: Skarmory\n|\n|win|p0y195d6f7", "uploadtime": 1783541876, "views": 0, "rating": 0, "private": 0, "password": null, "_winner": "p0y195d6f7", "_our_name": "p0x1951b9b"}