{"id": "battle-gen9randombattle-2155", "formatid": "gen9randombattle", "format": "[Gen 9] Random Battle", "players": ["p0x21559ce8", "p0y215547e9"], "log": "|init|battle\n|title|p0x21559ce8 vs. p0y215547e9\n|j|\u2606p0x21559ce8\n|j|\u2606p0y215547e9\n|t:|1783564953\n|gametype|singles\n|player|p1|p0x21559ce8|101|\n|player|p2|p0y215547e9|1|\n|gen|9\n|tier|[Gen 9] Random Battle\n|rule|Species Clause: Limit one of each Pok\u00e9mon\n|rule|HP Percentage Mod: HP is shown in percentages\n|rule|Sleep Clause Mod: Limit one foe put to sleep\n|rule|Illusion Level Mod: Illusion disguises the Pok\u00e9mon's true level\n|\n|t:|1783564953\n|teamsize|p1|6\n|teamsize|p2|6\n|start\n|switch|p1a: Farigiraf|Farigiraf, L90, M|362/362\n|switch|p2a: Cetitan|Cetitan, L82, M|100/100\n|turn|1\n|inactive|Battle timer is ON: inactive players will automatically lose when time's up. (requested by p0x21559ce8)\n|\n|t:|1783564954\n|switch|p2a: Mightyena|Mightyena, L96, M|100/100\n|-ability|p2a: Mightyena|Intimidate|boost\n|-unboost|p1a: Farigiraf|atk|1\n|move|p1a: Farigiraf|Body Slam|p2a: Mightyena\n|-damage|p2a: Mightyena|78/100\n|\n|upkeep\n|turn|2\n|inactive|Time left: 300 sec this turn | 300 sec total\n|inactive|p0y215547e9 also wants the timer to be on.\n|\n|t:|1783564956\n|switch|p1a: Perrserker|Perrserker, L89, F|269/269\n|move|p2a: Mightyena|Throat Chop|p1a: Perrserker\n|-damage|p1a: Perrserker|127/269\n|-start|p1a: Perrserker|Throat Chop|[silent]\n|\n|upkeep\n|turn|3\n|inactive|Time left: 300 sec this turn | 300 sec total\n|\n|t:|1783564957\n|move|p2a: Mightyena|Throat Chop|p1a: Perrserker\n|-damage|p1a: Perrserker|0 fnt\n|faint|p1a: Perrserker\n|\n|upkeep\n|inactive|Time left: 300 sec this turn | 300 sec total | 5 sec grace\n|\n|t:|1783564957\n|switch|p1a: Masquerain|Masquerain, L87, M|264/264\n|-ability|p1a: Masquerain|Intimidate|boost\n|-unboost|p2a: Mightyena|atk|1\n|turn|4\n|inactive|Time left: 300 sec this turn | 300 sec total\n|\n|t:|1783564958\n|move|p2a: Mightyena|Throat Chop|p1a: Masquerain\n|-damage|p1a: Masquerain|138/264\n|-start|p1a: Masquerain|Throat Chop|[silent]\n|move|p1a: Masquerain|Quiver Dance|p1a: Masquerain\n|-boost|p1a: Masquerain|spa|1\n|-boost|p1a: Masquerain|spd|1\n|-boost|p1a: Masquerain|spe|1\n|\n|upkeep\n|turn|5\n|inactive|Time left: 300 sec this turn | 300 sec total\n|\n|t:|1783564959\n|move|p1a: Masquerain|Hurricane|p2a: Mightyena|[miss]\n|-miss|p1a: Masquerain|p2a: Mightyena\n|move|p2a: Mightyena|Throat Chop|p1a: Masquerain\n|-damage|p1a: Masquerain|15/264\n|\n|-end|p1a: Masquerain|Throat Chop|[silent]\n|upkeep\n|turn|6\n|inactive|Time left: 300 sec this turn | 300 sec total\n|\n|t:|1783564960\n|-terastallize|p2a: Mightyena|Poison\n|move|p1a: Masquerain|Bug Buzz|p2a: Mightyena\n|-resisted|p2a: Mightyena\n|-damage|p2a: Mightyena|46/100\n|move|p2a: Mightyena|Throat Chop|p1a: Masquerain\n|-crit|p1a: Masquerain\n|-damage|p1a: Masquerain|0 fnt\n|faint|p1a: Masquerain\n|\n|upkeep\n|inactive|Time left: 300 sec this turn | 300 sec total | 5 sec grace\n|\n|t:|1783564960\n|switch|p1a: Whiscash|Whiscash, L88, M|337/337\n|turn|7\n|inactive|Time left: 300 sec this turn | 300 sec total\n|\n|t:|1783564961\n|switch|p2a: Flamigo|Flamigo, L82, M|100/100\n|move|p1a: Whiscash|Dragon Dance|p1a: Whiscash\n|-boost|p1a: Whiscash|atk|1\n|-boost|p1a: Whiscash|spe|1\n|\n|upkeep\n|turn|8\n|inactive|Time left: 300 sec this turn | 300 sec total\n|\n|t:|1783564962\n|move|p1a: Whiscash|Liquidation|p2a: Flamigo\n|-damage|p2a: Flamigo|28/100\n|-damage|p1a: Whiscash|304/337|[from] item: Life Orb\n|move|p2a: Flamigo|Close Combat|p1a: Whiscash\n|-damage|p1a: Whiscash|125/337\n|-unboost|p2a: Flamigo|def|1\n|-unboost|p2a: Flamigo|spd|1\n|-damage|p2a: Flamigo|18/100|[from] item: Life Orb\n|\n|upkeep\n|turn|9\n|inactive|Time left: 300 sec this turn | 300 sec total\n|\n|t:|1783564963\n|move|p1a: Whiscash|Liquidation|p2a: Flamigo\n|-damage|p2a: Flamigo|0 fnt\n|faint|p2a: Flamigo\n|-damage|p1a: Whiscash|92/337|[from] item: Life Orb\n|\n|upkeep\n|\n|t:|1783564963\n|switch|p2a: Mightyena|Mightyena, L96, M, tera:Poison|46/100\n|-ability|p2a: Mightyena|Intimidate|boost\n|-fail|p1a: Whiscash|unboost|Attack|[from] ability: Oblivious|[of] p1a: Whiscash\n|turn|10\n|inactive|Time left: 300 sec this turn | 300 sec total\n|\n|t:|1783564964\n|move|p2a: Mightyena|Sucker Punch||[still]\n|-fail|p2a: Mightyena\n|move|p1a: Whiscash|Dragon Dance|p1a: Whiscash\n|-boost|p1a: Whiscash|atk|1\n|-boost|p1a: Whiscash|spe|1\n|\n|upkeep\n|turn|11\n|inactive|Time left: 300 sec this turn | 300 sec total\n|\n|t:|1783564965\n|move|p2a: Mightyena|Sucker Punch||[still]\n|-fail|p2a: Mightyena\n|move|p1a: Whiscash|Dragon Dance|p1a: Whiscash\n|-boost|p1a: Whiscash|atk|1\n|-boost|p1a: Whiscash|spe|1\n|\n|upkeep\n|turn|12\n|inactive|Time left: 300 sec this turn | 300 sec total\n|\n|t:|1783564966\n|move|p2a: Mightyena|Sucker Punch||[still]\n|-fail|p2a: Mightyena\n|move|p1a: Whiscash|Dragon Dance|p1a: Whiscash\n|-boost|p1a: Whiscash|atk|1\n|-boost|p1a: Whiscash|spe|1\n|\n|upkeep\n|turn|13\n|inactive|Time left: 300 sec this turn | 300 sec total\n|\n|t:|1783564967\n|move|p2a: Mightyena|Sucker Punch||[still]\n|-fail|p2a: Mightyena\n|move|p1a: Whiscash|Dragon Dance|p1a: Whiscash\n|-boost|p1a: Whiscash|atk|1\n|-boost|p1a: Whiscash|spe|1\n|\n|upkeep\n|turn|14\n|inactive|Time left: 300 sec this turn | 300 sec total\n|\n|t:|1783564968\n|move|p2a: Mightyena|Sucker Punch||[still]\n|-fail|p2a: Mightyena\n|move|p1a: Whiscash|Dragon Dance|p1a: Whiscash\n|-boost|p1a: Whiscash|atk|1\n|-boost|p1a: Whiscash|spe|1\n|\n|upkeep\n|turn|15\n|inactive|Time left: 300 sec this turn | 300 sec total\n|\n|t:|1783564969\n|move|p2a: Mightyena|Sucker Punch||[still]\n|-fail|p2a: Mightyena\n|move|p1a: Whiscash|Dragon Dance|p1a: Whiscash\n|-boost|p1a: Whiscash|atk|0\n|-boost|p1a: Whiscash|spe|0\n|\n|upkeep\n|turn|16\n|inactive|Time left: 300 sec this turn | 300 sec total\n|\n|t:|1783564970\n|move|p2a: Mightyena|Sucker Punch||[still]\n|-fail|p2a: Mightyena\n|move|p1a: Whiscash|Dragon Dance|p1a: Whiscash\n|-boost|p1a: Whiscash|atk|0\n|-boost|p1a: Whiscash|spe|0\n|\n|upkeep\n|turn|17\n|inactive|Time left: 300 sec this turn | 300 sec total\n|\n|t:|1783564971\n|move|p2a: Mightyena|Sucker Punch||[still]\n|-fail|p2a: Mightyena\n|move|p1a: Whiscash|Dragon Dance|p1a: Whiscash\n|-boost|p1a: Whiscash|atk|0\n|-boost|p1a: Whiscash|spe|0\n|\n|upkeep\n|turn|18\n|inactive|Time left: 300 sec this turn | 300 sec total\n|\n|t:|1783564972\n|move|p1a: Whiscash|Liquidation|p2a: Mightyena\n|-damage|p2a: Mightyena|0 fnt\n|faint|p2a: Mightyena\n|-damage|p1a: Whiscash|59/337|[from] item: Life Orb\n|\n|upkeep\n|\n|t:|1783564973\n|switch|p2a: Cetitan|Cetitan, L82, M|100/100\n|turn|19\n|inactive|Time left: 300 sec this turn | 300 sec total\n|\n|t:|1783564975\n|move|p2a: Cetitan|Ice Shard|p1a: Whiscash\n|-damage|p1a: Whiscash|0 fnt\n|faint|p1a: Whiscash\n|-damage|p2a: Cetitan|91/100|[from] item: Life Orb\n|\n|upkeep\n|inactive|Time left: 300 sec this turn | 300 sec total | 5 sec grace\n|\n|t:|1783564976\n|switch|p1a: Farigiraf|Farigiraf, L90, M|362/362\n|turn|20\n|inactive|Time left: 300 sec this turn | 300 sec total\n|\n|t:|1783564977\n|move|p2a: Cetitan|Icicle Crash|p1a: Farigiraf\n|-damage|p1a: Farigiraf|183/362\n|move|p1a: Farigiraf|Body Slam|p2a: Cetitan\n|-damage|p2a: Cetitan|58/100\n|-status|p2a: Cetitan|par\n|\n|-heal|p1a: Farigiraf|205/362|[from] item: Leftovers\n|upkeep\n|turn|21\n|inactive|Time left: 300 sec this turn | 300 sec total\n|\n|t:|1783564978\n|move|p1a: Farigiraf|Wish|p1a: Farigiraf\n|move|p2a: Cetitan|Icicle Crash|p1a: Farigiraf\n|-damage|p1a: Farigiraf|36/362\n|\n|-heal|p1a: Farigiraf|58/362|[from] item: Leftovers\n|upkeep\n|turn|22\n|inactive|Time left: 300 sec this turn | 300 sec total\n|\n|t:|1783564979\n|move|p1a: Farigiraf|Protect|p1a: Farigiraf\n|-singleturn|p1a: Farigiraf|Protect\n|cant|p2a: Cetitan|par\n|\n|-heal|p1a: Farigiraf|239/362|[from] move: Wish|[wisher] Farigiraf\n|-heal|p1a: Farigiraf|261/362|[from] item: Leftovers\n|upkeep\n|turn|23\n|inactive|Time left: 300 sec this turn | 300 sec total\n|\n|t:|1783564980\n|move|p1a: Farigiraf|Body Slam|p2a: Cetitan\n|-damage|p2a: Cetitan|29/100 par\n|move|p2a: Cetitan|Icicle Crash|p1a: Farigiraf\n|-damage|p1a: Farigiraf|69/362\n|\n|-heal|p1a: Farigiraf|91/362|[from] item: Leftovers\n|upkeep\n|turn|24\n|inactive|Time left: 300 sec this turn | 300 sec total\n|\n|t:|1783564981\n|move|p1a: Farigiraf|Psychic Noise|p2a: Cetitan\n|-damage|p2a: Cetitan|0 fnt\n|faint|p2a: Cetitan\n|\n|-heal|p1a: Farigiraf|113/362|[from] item: Leftovers\n|upkeep\n|\n|t:|1783564982\n|switch|p2a: Blaziken|Blaziken, L76, M|100/100\n|turn|25\n|inactive|Time left: 300 sec this turn | 300 sec total\n|\n|t:|1783564984\n|switch|p1a: Latias|Latias, L79, F|256/256\n|move|p2a: Blaziken|Close Combat|p1a: Latias\n|-resisted|p1a: Latias\n|-damage|p1a: Latias|166/256\n|-unboost|p2a: Blaziken|def|1\n|-unboost|p2a: Blaziken|spd|1\n|-damage|p2a: Blaziken|91/100|[from] item: Life Orb\n|\n|-ability|p2a: Blaziken|Speed Boost|boost\n|-boost|p2a: Blaziken|spe|1\n|upkeep\n|turn|26\n|inactive|Time left: 300 sec this turn | 300 sec total\n|\n|t:|1783564985\n|move|p2a: Blaziken|Protect|p2a: Blaziken\n|-singleturn|p2a: Blaziken|Protect\n|move|p1a: Latias|Psyshock|p2a: Blaziken\n|-activate|p2a: Blaziken|move: Protect\n|\n|-ability|p2a: Blaziken|Speed Boost|boost\n|-boost|p2a: Blaziken|spe|1\n|upkeep\n|turn|27\n|inactive|Time left: 300 sec this turn | 300 sec total\n|\n|t:|1783564986\n|switch|p2a: Feraligatr|Feraligatr, L79, M|100/100\n|move|p1a: Latias|Psyshock|p2a: Feraligatr\n|-damage|p2a: Feraligatr|64/100\n|\n|upkeep\n|turn|28\n|inactive|Time left: 300 sec this turn | 300 sec total\n|\n|t:|1783564987\n|move|p1a: Latias|Draco Meteor|p2a: Feraligatr\n|-damage|p2a: Feraligatr|0 fnt\n|-unboost|p1a: Latias|spa|2\n|faint|p2a: Feraligatr\n|\n|upkeep\n|\n|t:|1783564988\n|switch|p2a: Blaziken|Blaziken, L76, M|91/100\n|turn|29\n|inactive|Time left: 300 sec this turn | 300 sec total\n|\n|t:|1783564989\n|move|p1a: Latias|Psyshock|p2a: Blaziken\n|-supereffective|p2a: Blaziken\n|-damage|p2a: Blaziken|40/100\n|move|p2a: Blaziken|Swords Dance|p2a: Blaziken\n|-boost|p2a: Blaziken|atk|2\n|\n|-ability|p2a: Blaziken|Speed Boost|boost\n|-boost|p2a: Blaziken|spe|1\n|upkeep\n|turn|30\n|inactive|Time left: 300 sec this turn | 300 sec total\n|\n|t:|1783564990\n|move|p2a: Blaziken|Close Combat|p1a: Latias\n|-resisted|p1a: Latias\n|-damage|p1a: Latias|4/256\n|-unboost|p2a: Blaziken|def|1\n|-unboost|p2a: Blaziken|spd|1\n|-damage|p2a: Blaziken|30/100|[from] item: Life Orb\n|move|p1a: Latias|Psyshock|p2a: Blaziken\n|-supereffective|p2a: Blaziken\n|-damage|p2a: Blaziken|0 fnt\n|faint|p2a: Blaziken\n|\n|upkeep\n|\n|t:|1783564991\n|switch|p2a: Charizard|Charizard, L85, F|100/100\n|turn|31\n|inactive|Time left: 300 sec this turn | 300 sec total\n|\n|t:|1783564992\n|move|p1a: Latias|Draco Meteor|p2a: Charizard\n|-damage|p2a: Charizard|71/100\n|-unboost|p1a: Latias|spa|2\n|move|p2a: Charizard|Flamethrower|p1a: Latias\n|-resisted|p1a: Latias\n|-damage|p1a: Latias|0 fnt\n|faint|p1a: Latias\n|\n|upkeep\n|inactive|Time left: 300 sec this turn | 300 sec total | 5 sec grace\n|\n|t:|1783564993\n|switch|p1a: Cryogonal|Cryogonal, L89|287/287\n|turn|32\n|inactive|Time left: 300 sec this turn | 300 sec total\n|\n|t:|1783564994\n|-terastallize|p1a: Cryogonal|Poison\n|move|p1a: Cryogonal|Freeze-Dry|p2a: Charizard\n|-damage|p2a: Charizard|43/100\n|move|p2a: Charizard|Flamethrower|p1a: Cryogonal\n|-damage|p1a: Cryogonal|209/287\n|\n|upkeep\n|turn|33\n|inactive|Time left: 300 sec this turn | 300 sec total\n|\n|t:|1783564996\n|move|p1a: Cryogonal|Freeze-Dry|p2a: Charizard\n|-damage|p2a: Charizard|14/100\n|-status|p2a: Charizard|frz\n|cant|p2a: Charizard|frz\n|\n|upkeep\n|turn|34\n|inactive|Time left: 300 sec this turn | 300 sec total\n|\n|t:|1783564997\n|move|p1a: Cryogonal|Freeze-Dry|p2a: Charizard\n|-damage|p2a: Charizard|0 fnt\n|faint|p2a: Charizard\n|\n|win|p0x21559ce8", "uploadtime": 1783564997, "views": 0, "rating": 0, "private": 0, "password": null, "_winner": "p0x21559ce8", "_our_name": "p0x21559ce8"}