{"id": "battle-gen9randombattle-1571", "formatid": "gen9randombattle", "format": "[Gen 9] Random Battle", "players": ["p0x15715a07", "p0y15712944"], "log": "|init|battle\n|title|p0x15715a07 vs. p0y15712944\n|j|\u2606p0x15715a07\n|j|\u2606p0y15712944\n|t:|1783557384\n|gametype|singles\n|player|p1|p0x15715a07|266|\n|player|p2|p0y15712944|2|\n|gen|9\n|tier|[Gen 9] Random Battle\n|rule|Species Clause: Limit one of each Pok\u00e9mon\n|rule|HP Percentage Mod: HP is shown in percentages\n|rule|Sleep Clause Mod: Limit one foe put to sleep\n|rule|Illusion Level Mod: Illusion disguises the Pok\u00e9mon's true level\n|\n|t:|1783557384\n|teamsize|p1|6\n|teamsize|p2|6\n|start\n|switch|p1a: Registeel|Registeel, L81|262/262\n|switch|p2a: Mew|Mew, L82|100/100\n|turn|1\n|inactive|Battle timer is ON: inactive players will automatically lose when time's up. (requested by p0y15712944)\n|inactive|Time left: 300 sec this turn | 300 sec total | 60 sec grace\n|inactive|p0x15715a07 also wants the timer to be on.\n|\n|t:|1783557386\n|move|p2a: Mew|Toxic Spikes|p1a: Registeel\n|-sidestart|p1: p0x15715a07|move: Toxic Spikes\n|move|p1a: Registeel|Iron Defense|p1a: Registeel\n|-boost|p1a: Registeel|def|2\n|\n|upkeep\n|turn|2\n|inactive|Time left: 300 sec this turn | 300 sec total\n|\n|t:|1783557387\n|move|p2a: Mew|Encore|p1a: Registeel\n|-start|p1a: Registeel|Encore\n|move|p1a: Registeel|Iron Defense|p1a: Registeel\n|-boost|p1a: Registeel|def|2\n|\n|upkeep\n|turn|3\n|inactive|Time left: 300 sec this turn | 300 sec total\n|\n|t:|1783557388\n|switch|p1a: Ho-Oh|Ho-Oh, L71|268/268\n|move|p2a: Mew|Psychic|p1a: Ho-Oh\n|-damage|p1a: Ho-Oh|204/268\n|\n|upkeep\n|turn|4\n|inactive|Time left: 300 sec this turn | 300 sec total\n|\n|t:|1783557389\n|move|p2a: Mew|Psychic|p1a: Ho-Oh\n|-damage|p1a: Ho-Oh|140/268\n|move|p1a: Ho-Oh|Sacred Fire|p2a: Mew\n|-damage|p2a: Mew|70/100\n|\n|-heal|p2a: Mew|76/100|[from] item: Leftovers\n|upkeep\n|turn|5\n|inactive|Time left: 300 sec this turn | 300 sec total\n|\n|t:|1783557391\n|move|p2a: Mew|Psychic|p1a: Ho-Oh\n|-damage|p1a: Ho-Oh|67/268\n|move|p1a: Ho-Oh|Sacred Fire|p2a: Mew\n|-damage|p2a: Mew|46/100\n|-status|p2a: Mew|brn\n|-activate|p2a: Mew|ability: Synchronize\n|-immune|p1a: Ho-Oh\n|\n|-heal|p2a: Mew|52/100 brn|[from] item: Leftovers\n|-damage|p2a: Mew|46/100 brn|[from] brn\n|upkeep\n|turn|6\n|inactive|Time left: 300 sec this turn | 300 sec total\n|\n|t:|1783557393\n|switch|p1a: Registeel|Registeel, L81|262/262\n|move|p2a: Mew|Toxic Spikes|p1a: Registeel\n|-sidestart|p1: p0x15715a07|move: Toxic Spikes\n|\n|-heal|p2a: Mew|52/100 brn|[from] item: Leftovers\n|-damage|p2a: Mew|46/100 brn|[from] brn\n|upkeep\n|turn|7\n|inactive|Time left: 300 sec this turn | 300 sec total\n|\n|t:|1783557394\n|move|p2a: Mew|Psychic|p1a: Registeel\n|-resisted|p1a: Registeel\n|-damage|p1a: Registeel|228/262\n|move|p1a: Registeel|Body Press|p2a: Mew\n|-resisted|p2a: Mew\n|-damage|p2a: Mew|34/100 brn\n|\n|-heal|p2a: Mew|40/100 brn|[from] item: Leftovers\n|-damage|p2a: Mew|34/100 brn|[from] brn\n|upkeep\n|turn|8\n|inactive|Time left: 300 sec this turn | 300 sec total\n|\n|t:|1783557395\n|move|p2a: Mew|Psychic|p1a: Registeel\n|-resisted|p1a: Registeel\n|-damage|p1a: Registeel|199/262\n|move|p1a: Registeel|Iron Defense|p1a: Registeel\n|-boost|p1a: Registeel|def|2\n|\n|-heal|p2a: Mew|40/100 brn|[from] item: Leftovers\n|-damage|p2a: Mew|34/100 brn|[from] brn\n|upkeep\n|turn|9\n|inactive|Time left: 300 sec this turn | 300 sec total\n|\n|t:|1783557397\n|move|p2a: Mew|Encore|p1a: Registeel\n|-start|p1a: Registeel|Encore\n|move|p1a: Registeel|Iron Defense|p1a: Registeel\n|-boost|p1a: Registeel|def|2\n|\n|-heal|p2a: Mew|40/100 brn|[from] item: Leftovers\n|-damage|p2a: Mew|34/100 brn|[from] brn\n|upkeep\n|turn|10\n|inactive|Time left: 300 sec this turn | 300 sec total\n|\n|t:|1783557398\n|switch|p1a: Ho-Oh|Ho-Oh, L71|156/268\n|move|p2a: Mew|Psychic|p1a: Ho-Oh\n|-damage|p1a: Ho-Oh|90/268\n|\n|-heal|p2a: Mew|40/100 brn|[from] item: Leftovers\n|-damage|p2a: Mew|34/100 brn|[from] brn\n|upkeep\n|turn|11\n|inactive|Time left: 300 sec this turn | 300 sec total\n|\n|t:|1783557399\n|move|p2a: Mew|Psychic|p1a: Ho-Oh\n|-damage|p1a: Ho-Oh|26/268\n|-unboost|p1a: Ho-Oh|spd|1\n|move|p1a: Ho-Oh|Recover|p1a: Ho-Oh\n|-heal|p1a: Ho-Oh|160/268\n|\n|-heal|p2a: Mew|40/100 brn|[from] item: Leftovers\n|-damage|p2a: Mew|34/100 brn|[from] brn\n|upkeep\n|turn|12\n|inactive|Time left: 300 sec this turn | 300 sec total\n|\n|t:|1783557401\n|switch|p1a: Registeel|Registeel, L81|199/262\n|move|p2a: Mew|Psychic|p1a: Registeel\n|-resisted|p1a: Registeel\n|-damage|p1a: Registeel|167/262\n|\n|-heal|p2a: Mew|40/100 brn|[from] item: Leftovers\n|-damage|p2a: Mew|34/100 brn|[from] brn\n|upkeep\n|turn|13\n|inactive|Time left: 300 sec this turn | 300 sec total\n|\n|t:|1783557402\n|move|p2a: Mew|Psychic|p1a: Registeel\n|-resisted|p1a: Registeel\n|-damage|p1a: Registeel|134/262\n|move|p1a: Registeel|Iron Defense|p1a: Registeel\n|-boost|p1a: Registeel|def|2\n|\n|-heal|p2a: Mew|40/100 brn|[from] item: Leftovers\n|-damage|p2a: Mew|34/100 brn|[from] brn\n|upkeep\n|turn|14\n|inactive|Time left: 300 sec this turn | 300 sec total\n|\n|t:|1783557404\n|move|p2a: Mew|Encore|p1a: Registeel\n|-start|p1a: Registeel|Encore\n|move|p1a: Registeel|Iron Defense|p1a: Registeel\n|-boost|p1a: Registeel|def|2\n|\n|-heal|p2a: Mew|40/100 brn|[from] item: Leftovers\n|-damage|p2a: Mew|34/100 brn|[from] brn\n|upkeep\n|turn|15\n|inactive|Time left: 300 sec this turn | 300 sec total\n|\n|t:|1783557405\n|switch|p1a: Ho-Oh|Ho-Oh, L71|249/268\n|move|p2a: Mew|Psychic|p1a: Ho-Oh\n|-damage|p1a: Ho-Oh|183/268\n|\n|-heal|p2a: Mew|40/100 brn|[from] item: Leftovers\n|-damage|p2a: Mew|34/100 brn|[from] brn\n|upkeep\n|turn|16\n|inactive|Time left: 300 sec this turn | 300 sec total\n|\n|t:|1783557407\n|move|p2a: Mew|Psychic|p1a: Ho-Oh\n|-damage|p1a: Ho-Oh|107/268\n|move|p1a: Ho-Oh|Sacred Fire|p2a: Mew\n|-damage|p2a: Mew|1/100 brn\n|\n|-heal|p2a: Mew|7/100 brn|[from] item: Leftovers\n|-damage|p2a: Mew|1/100 brn|[from] brn\n|upkeep\n|turn|17\n|inactive|Time left: 300 sec this turn | 300 sec total\n|\n|t:|1783557409\n|move|p2a: Mew|Psychic|p1a: Ho-Oh\n|-damage|p1a: Ho-Oh|34/268\n|move|p1a: Ho-Oh|Recover|p1a: Ho-Oh\n|-heal|p1a: Ho-Oh|168/268\n|\n|-heal|p2a: Mew|7/100 brn|[from] item: Leftovers\n|-damage|p2a: Mew|1/100 brn|[from] brn\n|upkeep\n|turn|18\n|inactive|Time left: 300 sec this turn | 300 sec total\n|\n|t:|1783557410\n|move|p2a: Mew|Psychic|p1a: Ho-Oh\n|-crit|p1a: Ho-Oh\n|-damage|p1a: Ho-Oh|54/268\n|move|p1a: Ho-Oh|Recover|p1a: Ho-Oh\n|-heal|p1a: Ho-Oh|188/268\n|\n|-heal|p2a: Mew|7/100 brn|[from] item: Leftovers\n|-damage|p2a: Mew|1/100 brn|[from] brn\n|upkeep\n|turn|19\n|inactive|Time left: 300 sec this turn | 300 sec total\n|\n|t:|1783557412\n|move|p2a: Mew|Psychic|p1a: Ho-Oh\n|-damage|p1a: Ho-Oh|124/268\n|move|p1a: Ho-Oh|Recover|p1a: Ho-Oh\n|-heal|p1a: Ho-Oh|258/268\n|\n|-heal|p2a: Mew|7/100 brn|[from] item: Leftovers\n|-damage|p2a: Mew|1/100 brn|[from] brn\n|upkeep\n|turn|20\n|inactive|Time left: 300 sec this turn | 300 sec total\n|\n|t:|1783557413\n|move|p2a: Mew|Psychic|p1a: Ho-Oh\n|-damage|p1a: Ho-Oh|188/268\n|move|p1a: Ho-Oh|Brave Bird|p2a: Mew\n|-damage|p2a: Mew|0 fnt\n|faint|p2a: Mew\n|-damage|p1a: Ho-Oh|187/268|[from] Recoil\n|\n|upkeep\n|\n|t:|1783557414\n|switch|p2a: Iron Thorns|Iron Thorns, L83|100/100\n|-enditem|p2a: Iron Thorns|Booster Energy\n|-activate|p2a: Iron Thorns|ability: Quark Drive|[fromitem]\n|-start|p2a: Iron Thorns|quarkdriveatk\n|turn|21\n|inactive|Time left: 300 sec this turn | 300 sec total\n|\n|t:|1783557415\n|switch|p1a: Registeel|Registeel, L81|134/262\n|move|p2a: Iron Thorns|Dragon Dance|p2a: Iron Thorns\n|-boost|p2a: Iron Thorns|atk|1\n|-boost|p2a: Iron Thorns|spe|1\n|\n|upkeep\n|turn|22\n|inactive|Time left: 300 sec this turn | 300 sec total\n|\n|t:|1783557416\n|move|p2a: Iron Thorns|Wild Charge|p1a: Registeel\n|-damage|p1a: Registeel|0 fnt\n|faint|p1a: Registeel\n|-damage|p2a: Iron Thorns|89/100|[from] Recoil\n|\n|upkeep\n|inactive|Time left: 300 sec this turn | 300 sec total | 5 sec grace\n|\n|t:|1783557417\n|switch|p1a: Barraskewda|Barraskewda, L81, F|231/231\n|-status|p1a: Barraskewda|tox\n|turn|23\n|inactive|Time left: 300 sec this turn | 300 sec total\n|\n|t:|1783557418\n|-terastallize|p1a: Barraskewda|Water\n|-terastallize|p2a: Iron Thorns|Flying\n|move|p1a: Barraskewda|Waterfall|p2a: Iron Thorns\n|-damage|p2a: Iron Thorns|33/100\n|move|p2a: Iron Thorns|Earthquake|p1a: Barraskewda\n|-damage|p1a: Barraskewda|0 fnt\n|faint|p1a: Barraskewda\n|\n|upkeep\n|inactive|Time left: 300 sec this turn | 300 sec total | 5 sec grace\n|\n|t:|1783557420\n|switch|p1a: Deoxys|Deoxys, L74|196/196\n|-status|p1a: Deoxys|tox\n|-ability|p1a: Deoxys|Pressure\n|turn|24\n|inactive|Time left: 300 sec this turn | 300 sec total\n|\n|t:|1783557421\n|move|p1a: Deoxys|Psycho Boost|p2a: Iron Thorns|[miss]\n|-miss|p1a: Deoxys|p2a: Iron Thorns\n|move|p2a: Iron Thorns|Stone Edge|p1a: Deoxys\n|-damage|p1a: Deoxys|0 fnt\n|faint|p1a: Deoxys\n|\n|upkeep\n|inactive|Time left: 300 sec this turn | 300 sec total | 5 sec grace\n|\n|t:|1783557422\n|switch|p1a: Dewgong|Dewgong, L94, M|322/322\n|turn|25\n|inactive|Time left: 300 sec this turn | 300 sec total\n|\n|t:|1783557423\n|move|p2a: Iron Thorns|Stone Edge|p1a: Dewgong\n|-supereffective|p1a: Dewgong\n|-damage|p1a: Dewgong|0 fnt\n|faint|p1a: Dewgong\n|\n|upkeep\n|inactive|Time left: 300 sec this turn | 300 sec total | 5 sec grace\n|\n|t:|1783557424\n|switch|p1a: Ho-Oh|Ho-Oh, L71|268/268\n|turn|26\n|inactive|Time left: 300 sec this turn | 300 sec total\n|\n|t:|1783557425\n|switch|p1a: Terapagos|Terapagos, L77, F|265/265\n|-activate|p1a: Terapagos|ability: Tera Shift\n|detailschange|p1a: Terapagos|Terapagos-Terastal, L77, F\n|-heal|p1a: Terapagos|273/273|[silent]\n|move|p2a: Iron Thorns|Stone Edge|p1a: Terapagos\n|-activate|p1a: Terapagos|ability: Tera Shell\n|-resisted|p1a: Terapagos\n|-damage|p1a: Terapagos|160/273\n|\n|upkeep\n|turn|27\n|inactive|Time left: 300 sec this turn | 300 sec total\n|\n|t:|1783557425\n|switch|p1a: Ho-Oh|Ho-Oh, L71|268/268\n|move|p2a: Iron Thorns|Stone Edge|p1a: Ho-Oh\n|-supereffective|p1a: Ho-Oh\n|-damage|p1a: Ho-Oh|0 fnt\n|faint|p1a: Ho-Oh\n|\n|upkeep\n|inactive|Time left: 300 sec this turn | 300 sec total | 5 sec grace\n|\n|t:|1783557426\n|switch|p1a: Terapagos|Terapagos-Terastal, L77, F|160/273\n|turn|28\n|inactive|Time left: 300 sec this turn | 300 sec total\n|\n|t:|1783557427\n|move|p2a: Iron Thorns|Stone Edge|p1a: Terapagos\n|-damage|p1a: Terapagos|0 fnt\n|faint|p1a: Terapagos\n|\n|win|p0y15712944", "uploadtime": 1783557427, "views": 0, "rating": 0, "private": 0, "password": null, "_winner": "p0y15712944", "_our_name": "p0x15715a07"}