{"id": "battle-gen9randombattle-2019", "formatid": "gen9randombattle", "format": "[Gen 9] Random Battle", "players": ["p0x2019283d", "p0y2019dad6"], "log": "|init|battle\n|title|p0x2019283d vs. p0y2019dad6\n|j|\u2606p0x2019283d\n|j|\u2606p0y2019dad6\n|t:|1783562637\n|gametype|singles\n|player|p1|p0x2019283d|170|\n|player|p2|p0y2019dad6|169|\n|gen|9\n|tier|[Gen 9] Random Battle\n|rule|Species Clause: Limit one of each Pok\u00e9mon\n|rule|HP Percentage Mod: HP is shown in percentages\n|rule|Sleep Clause Mod: Limit one foe put to sleep\n|rule|Illusion Level Mod: Illusion disguises the Pok\u00e9mon's true level\n|\n|t:|1783562637\n|teamsize|p1|6\n|teamsize|p2|6\n|start\n|switch|p1a: Tinkaton|Tinkaton, L82, F|274/274\n|switch|p2a: Barraskewda|Barraskewda, L81, M|100/100\n|-ability|p1a: Tinkaton|Mold Breaker\n|turn|1\n|inactive|Battle timer is ON: inactive players will automatically lose when time's up. (requested by p0y2019dad6)\n|inactive|Time left: 300 sec this turn | 300 sec total | 60 sec grace\n|inactive|p0x2019283d also wants the timer to be on.\n|\n|t:|1783562638\n|move|p2a: Barraskewda|Waterfall|p1a: Tinkaton\n|-damage|p1a: Tinkaton|97/274\n|move|p1a: Tinkaton|Knock Off|p2a: Barraskewda\n|-damage|p2a: Barraskewda|67/100\n|-enditem|p2a: Barraskewda|Choice Band|[from] move: Knock Off|[of] p1a: Tinkaton\n|\n|-heal|p1a: Tinkaton|114/274|[from] item: Leftovers\n|upkeep\n|turn|2\n|inactive|Time left: 300 sec this turn | 300 sec total\n|\n|t:|1783562639\n|switch|p1a: Mightyena|Mightyena, L96, F|290/290\n|-ability|p1a: Mightyena|Intimidate|boost\n|-unboost|p2a: Barraskewda|atk|1\n|move|p2a: Barraskewda|Waterfall|p1a: Mightyena\n|-damage|p1a: Mightyena|226/290\n|\n|upkeep\n|turn|3\n|inactive|Time left: 300 sec this turn | 300 sec total\n|\n|t:|1783562640\n|switch|p2a: Sudowoodo|Sudowoodo, L94, F|100/100\n|move|p1a: Mightyena|Crunch|p2a: Sudowoodo\n|-damage|p2a: Sudowoodo|62/100\n|\n|-heal|p2a: Sudowoodo|68/100|[from] item: Leftovers\n|upkeep\n|turn|4\n|inactive|Time left: 300 sec this turn | 300 sec total\n|\n|t:|1783562641\n|move|p1a: Mightyena|Crunch|p2a: Sudowoodo\n|-damage|p2a: Sudowoodo|31/100\n|move|p2a: Sudowoodo|Head Smash|p1a: Mightyena\n|-damage|p1a: Mightyena|24/290\n|\n|-heal|p2a: Sudowoodo|37/100|[from] item: Leftovers\n|upkeep\n|turn|5\n|inactive|Time left: 300 sec this turn | 300 sec total\n|\n|t:|1783562642\n|move|p1a: Mightyena|Crunch|p2a: Sudowoodo\n|-damage|p2a: Sudowoodo|0 fnt\n|faint|p2a: Sudowoodo\n|\n|upkeep\n|\n|t:|1783562643\n|switch|p2a: Electivire|Electivire, L84, F|100/100\n|turn|6\n|inactive|Time left: 300 sec this turn | 300 sec total\n|\n|t:|1783562644\n|move|p2a: Electivire|Ice Punch|p1a: Mightyena\n|-damage|p1a: Mightyena|0 fnt\n|faint|p1a: Mightyena\n|-damage|p2a: Electivire|91/100|[from] item: Life Orb\n|\n|upkeep\n|inactive|Time left: 300 sec this turn | 300 sec total | 5 sec grace\n|\n|t:|1783562645\n|switch|p1a: Dragapult|Dragapult, L77, M|262/262\n|turn|7\n|inactive|Time left: 300 sec this turn | 300 sec total\n|\n|t:|1783562646\n|move|p1a: Dragapult|Dragon Darts|p2a: Electivire\n|-damage|p2a: Electivire|61/100\n|-anim|p1a: Dragapult|Dragon Darts|p2a: Electivire\n|-damage|p2a: Electivire|31/100\n|-damage|p1a: Dragapult|236/262|[from] item: Life Orb\n|move|p2a: Electivire|Ice Punch|p1a: Dragapult\n|-supereffective|p1a: Dragapult\n|-damage|p1a: Dragapult|31/262\n|-damage|p2a: Electivire|21/100|[from] item: Life Orb\n|\n|upkeep\n|turn|8\n|inactive|Time left: 300 sec this turn | 300 sec total\n|\n|t:|1783562647\n|switch|p2a: Vileplume|Vileplume, L85, F|100/100\n|move|p1a: Dragapult|Dragon Darts|p2a: Vileplume\n|-damage|p2a: Vileplume|74/100\n|-anim|p1a: Dragapult|Dragon Darts|p2a: Vileplume\n|-damage|p2a: Vileplume|50/100\n|-damage|p1a: Dragapult|5/262|[from] item: Life Orb\n|\n|-heal|p2a: Vileplume|56/100|[from] item: Leftovers\n|upkeep\n|turn|9\n|inactive|Time left: 300 sec this turn | 300 sec total\n|\n|t:|1783562648\n|move|p1a: Dragapult|Fire Blast|p2a: Vileplume\n|-supereffective|p2a: Vileplume\n|-damage|p2a: Vileplume|0 fnt\n|faint|p2a: Vileplume\n|-damage|p1a: Dragapult|0 fnt|[from] item: Life Orb\n|faint|p1a: Dragapult\n|\n|upkeep\n|inactive|Time left: 300 sec this turn | 300 sec total | 5 sec grace\n|\n|t:|1783562649\n|switch|p1a: Chandelure|Chandelure, L83, F|235/235\n|switch|p2a: Darkrai|Darkrai, L77|100/100\n|turn|10\n|inactive|Time left: 300 sec this turn | 300 sec total\n|\n|t:|1783562650\n|switch|p1a: Tinkaton|Tinkaton, L82, F|114/274\n|-ability|p1a: Tinkaton|Mold Breaker\n|move|p2a: Darkrai|Dark Pulse|p1a: Tinkaton\n|-resisted|p1a: Tinkaton\n|-damage|p1a: Tinkaton|58/274\n|-damage|p2a: Darkrai|91/100|[from] item: Life Orb\n|\n|-heal|p1a: Tinkaton|75/274|[from] item: Leftovers\n|upkeep\n|turn|11\n|inactive|Time left: 300 sec this turn | 300 sec total\n|\n|t:|1783562650\n|move|p2a: Darkrai|Focus Blast|p1a: Tinkaton\n|-damage|p1a: Tinkaton|0 fnt\n|faint|p1a: Tinkaton\n|-damage|p2a: Darkrai|81/100|[from] item: Life Orb\n|\n|upkeep\n|inactive|Time left: 300 sec this turn | 300 sec total | 5 sec grace\n|\n|t:|1783562651\n|switch|p1a: Yanmega|Yanmega, L82, F|275/275\n|turn|12\n|inactive|Time left: 300 sec this turn | 300 sec total\n|\n|t:|1783562652\n|move|p2a: Darkrai|Dark Pulse|p1a: Yanmega\n|-damage|p1a: Yanmega|94/275\n|-damage|p2a: Darkrai|71/100|[from] item: Life Orb\n|move|p1a: Yanmega|Bug Buzz|p2a: Darkrai\n|-supereffective|p2a: Darkrai\n|-damage|p2a: Darkrai|0 fnt\n|faint|p2a: Darkrai\n|\n|upkeep\n|\n|t:|1783562653\n|switch|p2a: Electivire|Electivire, L84, F|21/100\n|turn|13\n|inactive|Time left: 300 sec this turn | 300 sec total\n|\n|t:|1783562654\n|move|p2a: Electivire|Supercell Slam|p1a: Yanmega\n|-supereffective|p1a: Yanmega\n|-damage|p1a: Yanmega|0 fnt\n|faint|p1a: Yanmega\n|-damage|p2a: Electivire|11/100|[from] item: Life Orb\n|\n|upkeep\n|inactive|Time left: 300 sec this turn | 300 sec total | 5 sec grace\n|\n|t:|1783562655\n|switch|p1a: Chandelure|Chandelure, L83, F|235/235\n|turn|14\n|inactive|Time left: 300 sec this turn | 300 sec total\n|\n|t:|1783562656\n|-terastallize|p1a: Chandelure|Ghost\n|move|p2a: Electivire|Earthquake|p1a: Chandelure\n|-damage|p1a: Chandelure|115/235\n|-damage|p2a: Electivire|1/100|[from] item: Life Orb\n|move|p1a: Chandelure|Flame Charge|p2a: Electivire\n|-damage|p2a: Electivire|0 fnt\n|-boost|p1a: Chandelure|spe|1\n|faint|p2a: Electivire\n|\n|upkeep\n|\n|t:|1783562657\n|switch|p2a: Urshifu|Urshifu, L74, M|100/100\n|turn|15\n|inactive|Time left: 300 sec this turn | 300 sec total\n|\n|t:|1783562658\n|move|p1a: Chandelure|Fire Blast|p2a: Urshifu\n|-damage|p2a: Urshifu|11/100\n|move|p2a: Urshifu|Wicked Blow|p1a: Chandelure\n|-supereffective|p1a: Chandelure\n|-crit|p1a: Chandelure\n|-damage|p1a: Chandelure|0 fnt\n|faint|p1a: Chandelure\n|\n|upkeep\n|inactive|Time left: 300 sec this turn | 300 sec total | 5 sec grace\n|\n|t:|1783562659\n|switch|p1a: Golduck|Golduck, L90, M|290/290\n|-ability|p1a: Golduck|Cloud Nine\n|turn|16\n|inactive|Time left: 300 sec this turn | 300 sec total\n|\n|t:|1783562660\n|move|p1a: Golduck|Grass Knot|p2a: Urshifu\n|-damage|p2a: Urshifu|0 fnt\n|faint|p2a: Urshifu\n|-damage|p1a: Golduck|261/290|[from] item: Life Orb\n|\n|upkeep\n|\n|t:|1783562661\n|switch|p2a: Barraskewda|Barraskewda, L81, M|67/100\n|turn|17\n|inactive|Time left: 300 sec this turn | 300 sec total\n|\n|t:|1783562661\n|move|p2a: Barraskewda|Waterfall|p1a: Golduck\n|-resisted|p1a: Golduck\n|-damage|p1a: Golduck|209/290\n|cant|p1a: Golduck|flinch\n|\n|upkeep\n|turn|18\n|inactive|Time left: 300 sec this turn | 300 sec total\n|\n|t:|1783562662\n|-terastallize|p2a: Barraskewda|Water\n|move|p2a: Barraskewda|Waterfall|p1a: Golduck\n|-resisted|p1a: Golduck\n|-damage|p1a: Golduck|142/290\n|cant|p1a: Golduck|flinch\n|\n|upkeep\n|turn|19\n|inactive|Time left: 300 sec this turn | 300 sec total\n|\n|t:|1783562663\n|move|p2a: Barraskewda|Waterfall|p1a: Golduck\n|-resisted|p1a: Golduck\n|-damage|p1a: Golduck|81/290\n|move|p1a: Golduck|Grass Knot|p2a: Barraskewda\n|-supereffective|p2a: Barraskewda\n|-damage|p2a: Barraskewda|0 fnt\n|faint|p2a: Barraskewda\n|-damage|p1a: Golduck|52/290|[from] item: Life Orb\n|\n|win|p0x2019283d", "uploadtime": 1783562663, "views": 0, "rating": 0, "private": 0, "password": null, "_winner": "p0x2019283d", "_our_name": "p0x2019283d"}