{"id": "battle-gen9randombattle-2870", "formatid": "gen9randombattle", "format": "[Gen 9] Random Battle", "players": ["p0x2870af97", "p0y287028eb"], "log": "|init|battle\n|title|p0x2870af97 vs. p0y287028eb\n|j|\u2606p0x2870af97\n|j|\u2606p0y287028eb\n|t:|1783572104\n|gametype|singles\n|player|p1|p0x2870af97|265|\n|player|p2|p0y287028eb|2|\n|gen|9\n|tier|[Gen 9] Random Battle\n|rule|Species Clause: Limit one of each Pok\u00e9mon\n|rule|HP Percentage Mod: HP is shown in percentages\n|rule|Sleep Clause Mod: Limit one foe put to sleep\n|rule|Illusion Level Mod: Illusion disguises the Pok\u00e9mon's true level\n|\n|t:|1783572104\n|teamsize|p1|6\n|teamsize|p2|6\n|start\n|switch|p1a: Armarouge|Armarouge, L80, M|100/100\n|switch|p2a: Oricorio|Oricorio-Sensu, L85, F|266/266\n|turn|1\n|inactive|Battle timer is ON: inactive players will automatically lose when time's up. (requested by p0x2870af97)\n|inactive|Time left: 300 sec this turn | 300 sec total | 60 sec grace\n|inactive|p0y287028eb also wants the timer to be on.\n|\n|t:|1783572106\n|move|p2a: Oricorio|Quiver Dance|p2a: Oricorio\n|-boost|p2a: Oricorio|spa|1\n|-boost|p2a: Oricorio|spd|1\n|-boost|p2a: Oricorio|spe|1\n|move|p1a: Armarouge|Meteor Beam||[still]\n|-prepare|p1a: Armarouge|Meteor Beam\n|-boost|p1a: Armarouge|spa|1\n|-enditem|p1a: Armarouge|Power Herb\n|-anim|p1a: Armarouge|Meteor Beam|p2a: Oricorio\n|-supereffective|p2a: Oricorio\n|-damage|p2a: Oricorio|54/266\n|\n|upkeep\n|turn|2\n|inactive|Time left: 300 sec this turn | 300 sec total\n|\n|t:|1783572107\n|-terastallize|p1a: Armarouge|Fire\n|move|p2a: Oricorio|Revelation Dance|p1a: Armarouge\n|-damage|p1a: Armarouge|38/100\n|move|p1a: Armarouge|Armor Cannon|p2a: Oricorio\n|-damage|p2a: Oricorio|0 fnt\n|-unboost|p1a: Armarouge|def|1\n|-unboost|p1a: Armarouge|spd|1\n|faint|p2a: Oricorio\n|\n|upkeep\n|inactive|Time left: 300 sec this turn | 300 sec total | 5 sec grace\n|\n|t:|1783572108\n|switch|p2a: Hydreigon|Hydreigon, L79, F|275/275\n|turn|3\n|inactive|Time left: 300 sec this turn | 300 sec total\n|\n|t:|1783572109\n|move|p2a: Hydreigon|Dark Pulse|p1a: Armarouge\n|-damage|p1a: Armarouge|0 fnt\n|faint|p1a: Armarouge\n|\n|upkeep\n|\n|t:|1783572110\n|switch|p1a: Salamence|Salamence, L77, F|100/100\n|-ability|p1a: Salamence|Intimidate|boost\n|-unboost|p2a: Hydreigon|atk|1\n|turn|4\n|inactive|Time left: 300 sec this turn | 300 sec total\n|\n|t:|1783572111\n|move|p2a: Hydreigon|Dark Pulse|p1a: Salamence\n|-damage|p1a: Salamence|62/100\n|cant|p1a: Salamence|flinch\n|\n|upkeep\n|turn|5\n|inactive|Time left: 300 sec this turn | 300 sec total\n|\n|t:|1783572112\n|move|p2a: Hydreigon|Dark Pulse|p1a: Salamence\n|-damage|p1a: Salamence|23/100\n|move|p1a: Salamence|Outrage|p2a: Hydreigon\n|-supereffective|p2a: Hydreigon\n|-damage|p2a: Hydreigon|0 fnt\n|faint|p2a: Hydreigon\n|\n|upkeep\n|inactive|Time left: 300 sec this turn | 300 sec total | 5 sec grace\n|\n|t:|1783572113\n|switch|p2a: Regirock|Regirock, L83|268/268\n|turn|6\n|inactive|Time left: 300 sec this turn | 300 sec total\n|\n|t:|1783572115\n|move|p1a: Salamence|Outrage|p2a: Regirock|[from] lockedmove\n|-damage|p2a: Regirock|202/268\n|-start|p1a: Salamence|confusion|[fatigue]\n|move|p2a: Regirock|Stone Edge|p1a: Salamence\n|-supereffective|p1a: Salamence\n|-damage|p1a: Salamence|0 fnt\n|faint|p1a: Salamence\n|\n|upkeep\n|\n|t:|1783572116\n|switch|p1a: Politoed|Politoed, L88, M|100/100\n|-weather|RainDance|[from] ability: Drizzle|[of] p1a: Politoed\n|turn|7\n|inactive|Time left: 300 sec this turn | 300 sec total\n|\n|t:|1783572117\n|switch|p2a: Hypno|Hypno, L95, F|315/315\n|move|p1a: Politoed|Weather Ball|p2a: Hypno\n|-damage|p2a: Hypno|149/315\n|\n|-weather|RainDance|[upkeep]\n|-heal|p2a: Hypno|168/315|[from] item: Leftovers\n|upkeep\n|turn|8\n|inactive|Time left: 300 sec this turn | 300 sec total\n|\n|t:|1783572118\n|move|p2a: Hypno|Knock Off|p1a: Politoed\n|-crit|p1a: Politoed\n|-damage|p1a: Politoed|63/100\n|-enditem|p1a: Politoed|Choice Specs|[from] move: Knock Off|[of] p2a: Hypno\n|move|p1a: Politoed|Weather Ball|p2a: Hypno\n|-damage|p2a: Hypno|51/315\n|\n|-weather|RainDance|[upkeep]\n|-heal|p2a: Hypno|70/315|[from] item: Leftovers\n|upkeep\n|turn|9\n|inactive|Time left: 300 sec this turn | 300 sec total\n|\n|t:|1783572119\n|move|p2a: Hypno|Toxic|p1a: Politoed\n|-status|p1a: Politoed|tox\n|move|p1a: Politoed|Weather Ball|p2a: Hypno\n|-damage|p2a: Hypno|0 fnt\n|faint|p2a: Hypno\n|\n|-weather|RainDance|[upkeep]\n|-damage|p1a: Politoed|57/100 tox|[from] psn\n|upkeep\n|inactive|Time left: 300 sec this turn | 300 sec total | 5 sec grace\n|\n|t:|1783572120\n|switch|p2a: Slowking|Slowking-Galar, L85, M|300/300\n|turn|10\n|inactive|Time left: 300 sec this turn | 300 sec total\n|\n|t:|1783572121\n|move|p1a: Politoed|Weather Ball|p2a: Slowking\n|-damage|p2a: Slowking|162/300\n|move|p2a: Slowking|Sludge Bomb|p1a: Politoed\n|-damage|p1a: Politoed|24/100 tox\n|\n|-weather|RainDance|[upkeep]\n|-heal|p2a: Slowking|180/300|[from] item: Leftovers\n|-damage|p1a: Politoed|12/100 tox|[from] psn\n|upkeep\n|turn|11\n|inactive|Time left: 300 sec this turn | 300 sec total\n|\n|t:|1783572122\n|move|p1a: Politoed|Weather Ball|p2a: Slowking\n|-damage|p2a: Slowking|47/300\n|move|p2a: Slowking|Slack Off|p2a: Slowking\n|-heal|p2a: Slowking|197/300\n|\n|-weather|none\n|-heal|p2a: Slowking|215/300|[from] item: Leftovers\n|-damage|p1a: Politoed|0 fnt|[from] psn\n|faint|p1a: Politoed\n|upkeep\n|\n|t:|1783572123\n|switch|p1a: Iron Jugulis|Iron Jugulis, L77|100/100\n|turn|12\n|inactive|Time left: 300 sec this turn | 300 sec total\n|\n|t:|1783572124\n|move|p1a: Iron Jugulis|Meteor Beam||[still]\n|-prepare|p1a: Iron Jugulis|Meteor Beam\n|-boost|p1a: Iron Jugulis|spa|1\n|-enditem|p1a: Iron Jugulis|Power Herb\n|-anim|p1a: Iron Jugulis|Meteor Beam|p2a: Slowking\n|-damage|p2a: Slowking|106/300\n|move|p2a: Slowking|Sludge Bomb|p1a: Iron Jugulis\n|-crit|p1a: Iron Jugulis\n|-damage|p1a: Iron Jugulis|30/100\n|\n|-heal|p2a: Slowking|124/300|[from] item: Leftovers\n|upkeep\n|turn|13\n|inactive|Time left: 300 sec this turn | 300 sec total\n|\n|t:|1783572124\n|switch|p2a: Oinkologne|Oinkologne, L92, M|352/352\n|move|p1a: Iron Jugulis|Hurricane|p2a: Oinkologne|[miss]\n|-miss|p1a: Iron Jugulis|p2a: Oinkologne\n|\n|upkeep\n|turn|14\n|inactive|Time left: 300 sec this turn | 300 sec total\n|\n|t:|1783572125\n|move|p1a: Iron Jugulis|Dark Pulse|p2a: Oinkologne\n|-damage|p2a: Oinkologne|222/352\n|move|p2a: Oinkologne|Double-Edge|p1a: Iron Jugulis\n|-damage|p1a: Iron Jugulis|0 fnt\n|faint|p1a: Iron Jugulis\n|-end|p1a: Iron Jugulis|Quark Drive|[silent]\n|-damage|p2a: Oinkologne|195/352|[from] Recoil\n|\n|-heal|p2a: Oinkologne|217/352|[from] item: Leftovers\n|upkeep\n|\n|t:|1783572126\n|switch|p1a: Granbull|Granbull, L88, F|100/100\n|-ability|p1a: Granbull|Intimidate|boost\n|-unboost|p2a: Oinkologne|atk|1\n|turn|15\n|inactive|Time left: 300 sec this turn | 300 sec total\n|\n|t:|1783572127\n|move|p2a: Oinkologne|Curse|p2a: Oinkologne\n|-unboost|p2a: Oinkologne|spe|1\n|-boost|p2a: Oinkologne|atk|1\n|-boost|p2a: Oinkologne|def|1\n|move|p1a: Granbull|Earthquake|p2a: Oinkologne\n|-damage|p2a: Oinkologne|157/352\n|\n|-heal|p2a: Oinkologne|179/352|[from] item: Leftovers\n|upkeep\n|turn|16\n|inactive|Time left: 300 sec this turn | 300 sec total\n|\n|t:|1783572128\n|move|p1a: Granbull|Play Rough|p2a: Oinkologne\n|-damage|p2a: Oinkologne|100/352\n|move|p2a: Oinkologne|High Horsepower|p1a: Granbull\n|-damage|p1a: Granbull|71/100\n|\n|-heal|p1a: Granbull|77/100|[from] item: Leftovers\n|-heal|p2a: Oinkologne|122/352|[from] item: Leftovers\n|upkeep\n|turn|17\n|inactive|Time left: 300 sec this turn | 300 sec total\n|\n|t:|1783572128\n|move|p1a: Granbull|Play Rough|p2a: Oinkologne\n|-damage|p2a: Oinkologne|35/352\n|-unboost|p2a: Oinkologne|atk|1\n|move|p2a: Oinkologne|Double-Edge|p1a: Granbull\n|-damage|p1a: Granbull|40/100\n|-damage|p2a: Oinkologne|0 fnt|[from] Recoil\n|faint|p2a: Oinkologne\n|\n|-heal|p1a: Granbull|46/100|[from] item: Leftovers\n|upkeep\n|inactive|Time left: 300 sec this turn | 300 sec total | 5 sec grace\n|\n|t:|1783572129\n|switch|p2a: Regirock|Regirock, L83|202/268\n|turn|18\n|inactive|Time left: 300 sec this turn | 300 sec total\n|\n|t:|1783572130\n|move|p2a: Regirock|Stone Edge|p1a: Granbull\n|-damage|p1a: Granbull|5/100\n|move|p1a: Granbull|Thunder Wave|p2a: Regirock\n|-status|p2a: Regirock|par\n|\n|-heal|p1a: Granbull|11/100|[from] item: Leftovers\n|upkeep\n|turn|19\n|inactive|Time left: 300 sec this turn | 300 sec total\n|\n|t:|1783572131\n|move|p1a: Granbull|Encore|p2a: Regirock\n|-start|p2a: Regirock|Encore\n|cant|p2a: Regirock|par\n|\n|-heal|p1a: Granbull|17/100|[from] item: Leftovers\n|upkeep\n|turn|20\n|inactive|Time left: 300 sec this turn | 300 sec total\n|\n|t:|1783572132\n|move|p1a: Granbull|Earthquake|p2a: Regirock\n|-supereffective|p2a: Regirock\n|-damage|p2a: Regirock|106/268 par\n|move|p2a: Regirock|Stone Edge|p1a: Granbull\n|-damage|p1a: Granbull|0 fnt\n|faint|p1a: Granbull\n|\n|upkeep\n|\n|t:|1783572133\n|switch|p1a: Terapagos|Terapagos, L77, M|100/100\n|-activate|p1a: Terapagos|ability: Tera Shift\n|detailschange|p1a: Terapagos|Terapagos-Terastal, L77, M\n|-heal|p1a: Terapagos|100/100|[silent]\n|turn|21\n|inactive|Time left: 300 sec this turn | 300 sec total\n|\n|t:|1783572134\n|move|p1a: Terapagos|Calm Mind|p1a: Terapagos\n|-boost|p1a: Terapagos|spa|1\n|-boost|p1a: Terapagos|spd|1\n|move|p2a: Regirock|Stone Edge|p1a: Terapagos\n|-activate|p1a: Terapagos|ability: Tera Shell\n|-resisted|p1a: Terapagos\n|-damage|p1a: Terapagos|84/100\n|\n|-end|p2a: Regirock|Encore\n|upkeep\n|turn|22\n|inactive|Time left: 300 sec this turn | 300 sec total\n|\n|t:|1783572135\n|move|p1a: Terapagos|Dark Pulse|p2a: Regirock\n|-damage|p2a: Regirock|39/268 par\n|move|p2a: Regirock|Rest|p2a: Regirock\n|-status|p2a: Regirock|slp|[from] move: Rest\n|-heal|p2a: Regirock|268/268 slp|[silent]\n|-enditem|p2a: Regirock|Chesto Berry|[eat]\n|-curestatus|p2a: Regirock|slp|[msg]\n|\n|upkeep\n|turn|23\n|inactive|Time left: 300 sec this turn | 300 sec total\n|\n|t:|1783572136\n|-terastallize|p2a: Regirock|Fighting\n|move|p1a: Terapagos|Dark Pulse|p2a: Regirock\n|-resisted|p2a: Regirock\n|-damage|p2a: Regirock|232/268\n|move|p2a: Regirock|Body Press|p1a: Terapagos\n|-supereffective|p1a: Terapagos\n|-damage|p1a: Terapagos|0 fnt\n|faint|p1a: Terapagos\n|\n|win|p0y287028eb", "uploadtime": 1783572136, "views": 0, "rating": 0, "private": 0, "password": null, "_winner": "p0y287028eb", "_our_name": "p0y287028eb"}