{"id": "battle-gen9randombattle-1519", "formatid": "gen9randombattle", "format": "[Gen 9] Random Battle", "players": ["p0x15196b34", "p0y151901f5"], "log": "|init|battle\n|title|p0x15196b34 vs. p0y151901f5\n|j|\u2606p0x15196b34\n|j|\u2606p0y151901f5\n|t:|1783556739\n|gametype|singles\n|player|p1|p0x15196b34|102|\n|player|p2|p0y151901f5|1|\n|gen|9\n|tier|[Gen 9] Random Battle\n|rule|Species Clause: Limit one of each Pok\u00e9mon\n|rule|HP Percentage Mod: HP is shown in percentages\n|rule|Sleep Clause Mod: Limit one foe put to sleep\n|rule|Illusion Level Mod: Illusion disguises the Pok\u00e9mon's true level\n|\n|t:|1783556739\n|teamsize|p1|6\n|teamsize|p2|6\n|start\n|switch|p1a: Registeel|Registeel, L81|100/100\n|switch|p2a: Poliwrath|Poliwrath, L88, M|302/302\n|turn|1\n|inactive|Battle timer is ON: inactive players will automatically lose when time's up. (requested by p0y151901f5)\n|inactive|p0x15196b34 also wants the timer to be on.\n|\n|t:|1783556741\n|move|p2a: Poliwrath|Knock Off|p1a: Registeel\n|-damage|p1a: Registeel|83/100\n|-enditem|p1a: Registeel|Leftovers|[from] move: Knock Off|[of] p2a: Poliwrath\n|move|p1a: Registeel|Stealth Rock|p2a: Poliwrath\n|-sidestart|p2: p0y151901f5|move: Stealth Rock\n|\n|upkeep\n|turn|2\n|inactive|Time left: 300 sec this turn | 300 sec total\n|\n|t:|1783556742\n|move|p2a: Poliwrath|Liquidation|p1a: Registeel\n|-damage|p1a: Registeel|57/100\n|move|p1a: Registeel|Thunder Wave|p2a: Poliwrath\n|-status|p2a: Poliwrath|par\n|\n|upkeep\n|turn|3\n|inactive|Time left: 300 sec this turn | 300 sec total\n|\n|t:|1783556743\n|move|p1a: Registeel|Body Press|p2a: Poliwrath\n|-damage|p2a: Poliwrath|240/302 par\n|move|p2a: Poliwrath|Liquidation|p1a: Registeel\n|-damage|p1a: Registeel|31/100\n|\n|upkeep\n|turn|4\n|inactive|Time left: 300 sec this turn | 300 sec total\n|\n|t:|1783556745\n|move|p1a: Registeel|Iron Head|p2a: Poliwrath\n|-resisted|p2a: Poliwrath\n|-damage|p2a: Poliwrath|210/302 par\n|move|p2a: Poliwrath|Liquidation|p1a: Registeel\n|-damage|p1a: Registeel|7/100\n|\n|upkeep\n|turn|5\n|inactive|Time left: 300 sec this turn | 300 sec total\n|\n|t:|1783556746\n|move|p1a: Registeel|Iron Head|p2a: Poliwrath\n|-resisted|p2a: Poliwrath\n|-damage|p2a: Poliwrath|179/302 par\n|move|p2a: Poliwrath|Circle Throw|p1a: Registeel\n|-supereffective|p1a: Registeel\n|-damage|p1a: Registeel|0 fnt\n|faint|p1a: Registeel\n|\n|upkeep\n|\n|t:|1783556747\n|switch|p1a: Zekrom|Zekrom, L71|100/100\n|-ability|p1a: Zekrom|Teravolt\n|turn|6\n|inactive|Time left: 300 sec this turn | 300 sec total\n|\n|t:|1783556748\n|move|p1a: Zekrom|Bolt Strike|p2a: Poliwrath\n|-supereffective|p2a: Poliwrath\n|-damage|p2a: Poliwrath|0 fnt\n|faint|p2a: Poliwrath\n|\n|upkeep\n|inactive|Time left: 300 sec this turn | 300 sec total | 5 sec grace\n|\n|t:|1783556749\n|switch|p2a: Enamorus|Enamorus-Therian, L83, F|259/259\n|-damage|p2a: Enamorus|195/259|[from] Stealth Rock\n|turn|7\n|inactive|Time left: 300 sec this turn | 300 sec total\n|\n|t:|1783556751\n|-terastallize|p2a: Enamorus|Ground\n|move|p1a: Zekrom|Bolt Strike|p2a: Enamorus\n|-immune|p2a: Enamorus\n|move|p2a: Enamorus|Moonblast|p1a: Zekrom\n|-supereffective|p1a: Zekrom\n|-damage|p1a: Zekrom|0 fnt\n|faint|p1a: Zekrom\n|\n|upkeep\n|\n|t:|1783556751\n|switch|p1a: Goodra|Goodra, L85, M|100/100\n|turn|8\n|inactive|Time left: 300 sec this turn | 300 sec total\n|\n|t:|1783556752\n|move|p1a: Goodra|Power Whip|p2a: Enamorus\n|-supereffective|p2a: Enamorus\n|-damage|p2a: Enamorus|49/259\n|-enditem|p2a: Enamorus|Weakness Policy\n|-boost|p2a: Enamorus|atk|2|[from] item: Weakness Policy\n|-boost|p2a: Enamorus|spa|2|[from] item: Weakness Policy\n|move|p2a: Enamorus|Moonblast|p1a: Goodra\n|-supereffective|p1a: Goodra\n|-damage|p1a: Goodra|20/100\n|-unboost|p1a: Goodra|spa|1\n|\n|upkeep\n|turn|9\n|inactive|Time left: 300 sec this turn | 300 sec total\n|\n|t:|1783556755\n|move|p1a: Goodra|Power Whip|p2a: Enamorus\n|-supereffective|p2a: Enamorus\n|-damage|p2a: Enamorus|0 fnt\n|faint|p2a: Enamorus\n|\n|upkeep\n|inactive|Time left: 300 sec this turn | 300 sec total | 5 sec grace\n|\n|t:|1783556756\n|switch|p2a: Chi-Yu|Chi-Yu, L77|211/211\n|-ability|p2a: Chi-Yu|Beads of Ruin\n|turn|10\n|inactive|Time left: 300 sec this turn | 300 sec total\n|\n|t:|1783556757\n|switch|p1a: Infernape|Infernape, L82, M|100/100\n|move|p2a: Chi-Yu|Nasty Plot|p2a: Chi-Yu\n|-boost|p2a: Chi-Yu|spa|2\n|\n|upkeep\n|turn|11\n|inactive|Time left: 300 sec this turn | 300 sec total\n|\n|t:|1783556758\n|switch|p2a: Azumarill|Azumarill, L82, M|298/298\n|-damage|p2a: Azumarill|261/298|[from] Stealth Rock\n|move|p1a: Infernape|Close Combat|p2a: Azumarill\n|-resisted|p2a: Azumarill\n|-damage|p2a: Azumarill|175/298\n|-unboost|p1a: Infernape|def|1\n|-unboost|p1a: Infernape|spd|1\n|-damage|p1a: Infernape|91/100|[from] item: Life Orb\n|\n|upkeep\n|turn|12\n|inactive|Time left: 300 sec this turn | 300 sec total\n|\n|t:|1783556760\n|-terastallize|p1a: Infernape|Fighting\n|move|p1a: Infernape|Gunk Shot|p2a: Azumarill|[miss]\n|-miss|p1a: Infernape|p2a: Azumarill\n|move|p2a: Azumarill|Liquidation|p1a: Infernape\n|-damage|p1a: Infernape|23/100\n|\n|upkeep\n|turn|13\n|inactive|Time left: 300 sec this turn | 300 sec total\n|\n|t:|1783556761\n|move|p2a: Azumarill|Aqua Jet|p1a: Infernape\n|-damage|p1a: Infernape|0 fnt\n|faint|p1a: Infernape\n|\n|upkeep\n|\n|t:|1783556762\n|switch|p1a: Goodra|Goodra, L85, M|20/100\n|turn|14\n|inactive|Time left: 300 sec this turn | 300 sec total\n|\n|t:|1783556763\n|switch|p2a: Chi-Yu|Chi-Yu, L77|211/211\n|-ability|p2a: Chi-Yu|Beads of Ruin\n|move|p1a: Goodra|Power Whip|p2a: Chi-Yu\n|-resisted|p2a: Chi-Yu\n|-damage|p2a: Chi-Yu|158/211\n|\n|upkeep\n|turn|15\n|inactive|Time left: 300 sec this turn | 300 sec total\n|\n|t:|1783556764\n|move|p2a: Chi-Yu|Nasty Plot|p2a: Chi-Yu\n|-boost|p2a: Chi-Yu|spa|2\n|move|p1a: Goodra|Draco Meteor|p2a: Chi-Yu\n|-damage|p2a: Chi-Yu|16/211\n|-unboost|p1a: Goodra|spa|2\n|\n|upkeep\n|turn|16\n|inactive|Time left: 300 sec this turn | 300 sec total\n|\n|t:|1783556766\n|move|p2a: Chi-Yu|Psychic|p1a: Goodra\n|-damage|p1a: Goodra|0 fnt\n|faint|p1a: Goodra\n|\n|upkeep\n|\n|t:|1783556767\n|switch|p1a: Arceus|Arceus-Bug, L73|100/100\n|turn|17\n|inactive|Time left: 300 sec this turn | 300 sec total\n|\n|t:|1783556767\n|switch|p2a: Dragalge|Dragalge, L88, M|258/258\n|-damage|p2a: Dragalge|226/258|[from] Stealth Rock\n|move|p1a: Arceus|Judgment|p2a: Dragalge\n|-resisted|p2a: Dragalge\n|-damage|p2a: Dragalge|183/258\n|\n|-heal|p2a: Dragalge|199/258|[from] item: Leftovers\n|upkeep\n|turn|18\n|inactive|Time left: 300 sec this turn | 300 sec total\n|\n|t:|1783556768\n|move|p1a: Arceus|Calm Mind|p1a: Arceus\n|-boost|p1a: Arceus|spa|1\n|-boost|p1a: Arceus|spd|1\n|move|p2a: Dragalge|Sludge Wave|p1a: Arceus\n|-damage|p1a: Arceus|71/100\n|\n|-heal|p2a: Dragalge|215/258|[from] item: Leftovers\n|upkeep\n|turn|19\n|inactive|Time left: 300 sec this turn | 300 sec total\n|\n|t:|1783556769\n|move|p1a: Arceus|Calm Mind|p1a: Arceus\n|-boost|p1a: Arceus|spa|1\n|-boost|p1a: Arceus|spd|1\n|move|p2a: Dragalge|Sludge Wave|p1a: Arceus\n|-damage|p1a: Arceus|48/100\n|\n|-heal|p2a: Dragalge|231/258|[from] item: Leftovers\n|upkeep\n|turn|20\n|inactive|Time left: 300 sec this turn | 300 sec total\n|\n|t:|1783556770\n|move|p1a: Arceus|Recover|p1a: Arceus\n|-heal|p1a: Arceus|98/100\n|move|p2a: Dragalge|Sludge Wave|p1a: Arceus\n|-damage|p1a: Arceus|73/100\n|\n|-heal|p2a: Dragalge|247/258|[from] item: Leftovers\n|upkeep\n|turn|21\n|inactive|Time left: 300 sec this turn | 300 sec total\n|\n|t:|1783556771\n|move|p1a: Arceus|Judgment|p2a: Dragalge\n|-resisted|p2a: Dragalge\n|-damage|p2a: Dragalge|163/258\n|move|p2a: Dragalge|Sludge Wave|p1a: Arceus\n|-damage|p1a: Arceus|50/100\n|-status|p1a: Arceus|psn\n|\n|-heal|p2a: Dragalge|179/258|[from] item: Leftovers\n|-damage|p1a: Arceus|37/100 psn|[from] psn\n|upkeep\n|turn|22\n|inactive|Time left: 300 sec this turn | 300 sec total\n|\n|t:|1783556772\n|move|p1a: Arceus|Recover|p1a: Arceus\n|-heal|p1a: Arceus|88/100 psn\n|move|p2a: Dragalge|Sludge Wave|p1a: Arceus\n|-damage|p1a: Arceus|67/100 psn\n|\n|-heal|p2a: Dragalge|195/258|[from] item: Leftovers\n|-damage|p1a: Arceus|54/100 psn|[from] psn\n|upkeep\n|turn|23\n|inactive|Time left: 300 sec this turn | 300 sec total\n|\n|t:|1783556772\n|move|p1a: Arceus|Recover|p1a: Arceus\n|-heal|p1a: Arceus|100/100 psn\n|move|p2a: Dragalge|Sludge Wave|p1a: Arceus\n|-damage|p1a: Arceus|78/100 psn\n|\n|-heal|p2a: Dragalge|211/258|[from] item: Leftovers\n|-damage|p1a: Arceus|66/100 psn|[from] psn\n|upkeep\n|turn|24\n|inactive|Time left: 300 sec this turn | 300 sec total\n|\n|t:|1783556773\n|move|p1a: Arceus|Recover|p1a: Arceus\n|-heal|p1a: Arceus|100/100 psn\n|move|p2a: Dragalge|Sludge Wave|p1a: Arceus\n|-damage|p1a: Arceus|77/100 psn\n|\n|-heal|p2a: Dragalge|227/258|[from] item: Leftovers\n|-damage|p1a: Arceus|65/100 psn|[from] psn\n|upkeep\n|turn|25\n|inactive|Time left: 300 sec this turn | 300 sec total\n|\n|t:|1783556774\n|move|p1a: Arceus|Recover|p1a: Arceus\n|-heal|p1a: Arceus|100/100 psn\n|move|p2a: Dragalge|Sludge Wave|p1a: Arceus\n|-damage|p1a: Arceus|78/100 psn\n|\n|-heal|p2a: Dragalge|243/258|[from] item: Leftovers\n|-damage|p1a: Arceus|66/100 psn|[from] psn\n|upkeep\n|turn|26\n|inactive|Time left: 300 sec this turn | 300 sec total\n|\n|t:|1783556775\n|move|p1a: Arceus|Recover|p1a: Arceus\n|-heal|p1a: Arceus|100/100 psn\n|move|p2a: Dragalge|Sludge Wave|p1a: Arceus\n|-damage|p1a: Arceus|79/100 psn\n|\n|-heal|p2a: Dragalge|258/258|[from] item: Leftovers\n|-damage|p1a: Arceus|67/100 psn|[from] psn\n|upkeep\n|turn|27\n|inactive|Time left: 300 sec this turn | 300 sec total\n|\n|t:|1783556776\n|move|p1a: Arceus|Recover|p1a: Arceus\n|-heal|p1a: Arceus|100/100 psn\n|move|p2a: Dragalge|Sludge Wave|p1a: Arceus\n|-damage|p1a: Arceus|79/100 psn\n|\n|-damage|p1a: Arceus|67/100 psn|[from] psn\n|upkeep\n|turn|28\n|inactive|Time left: 300 sec this turn | 300 sec total\n|\n|t:|1783556777\n|move|p1a: Arceus|Calm Mind|p1a: Arceus\n|-boost|p1a: Arceus|spa|1\n|-boost|p1a: Arceus|spd|1\n|move|p2a: Dragalge|Sludge Wave|p1a: Arceus\n|-damage|p1a: Arceus|46/100 psn\n|\n|-damage|p1a: Arceus|34/100 psn|[from] psn\n|upkeep\n|turn|29\n|inactive|Time left: 300 sec this turn | 300 sec total\n|\n|t:|1783556777\n|move|p1a: Arceus|Recover|p1a: Arceus\n|-heal|p1a: Arceus|84/100 psn\n|move|p2a: Dragalge|Sludge Wave|p1a: Arceus\n|-damage|p1a: Arceus|65/100 psn\n|\n|-damage|p1a: Arceus|53/100 psn|[from] psn\n|upkeep\n|turn|30\n|inactive|Time left: 300 sec this turn | 300 sec total\n|\n|t:|1783556778\n|move|p1a: Arceus|Judgment|p2a: Dragalge\n|-resisted|p2a: Dragalge\n|-damage|p2a: Dragalge|147/258\n|move|p2a: Dragalge|Sludge Wave|p1a: Arceus\n|-damage|p1a: Arceus|35/100 psn\n|\n|-heal|p2a: Dragalge|163/258|[from] item: Leftovers\n|-damage|p1a: Arceus|23/100 psn|[from] psn\n|upkeep\n|turn|31\n|inactive|Time left: 300 sec this turn | 300 sec total\n|\n|t:|1783556779\n|switch|p2a: Chi-Yu|Chi-Yu, L77|16/211\n|-ability|p2a: Chi-Yu|Beads of Ruin\n|move|p1a: Arceus|Judgment|p2a: Chi-Yu\n|-damage|p2a: Chi-Yu|0 fnt\n|faint|p2a: Chi-Yu\n|\n|-damage|p1a: Arceus|10/100 psn|[from] psn\n|upkeep\n|inactive|Time left: 300 sec this turn | 300 sec total | 5 sec grace\n|\n|t:|1783556780\n|switch|p2a: Electrode|Electrode, L92|260/260\n|-damage|p2a: Electrode|228/260|[from] Stealth Rock\n|turn|32\n|inactive|Time left: 300 sec this turn | 300 sec total\n|\n|t:|1783556781\n|move|p2a: Electrode|Volt Switch|p1a: Arceus\n|-damage|p1a: Arceus|0 fnt\n|faint|p1a: Arceus\n|-damage|p2a: Electrode|202/260|[from] item: Life Orb\n|inactive|Time left: 300 sec this turn | 300 sec total | 5 sec grace\n|\n|t:|1783556782\n|switch|p2a: Azumarill|Azumarill, L82, M|175/298|[from] Volt Switch\n|-damage|p2a: Azumarill|138/298|[from] Stealth Rock\n|-enditem|p2a: Azumarill|Sitrus Berry|[eat]\n|-heal|p2a: Azumarill|212/298|[from] item: Sitrus Berry\n|\n|upkeep\n|\n|t:|1783556783\n|switch|p1a: Hypno|Hypno, L95, F|100/100\n|turn|33\n|inactive|Time left: 300 sec this turn | 300 sec total\n|\n|t:|1783556784\n|move|p1a: Hypno|Psychic Noise|p2a: Azumarill\n|-damage|p2a: Azumarill|128/298\n|-start|p2a: Azumarill|move: Heal Block\n|move|p2a: Azumarill|Liquidation|p1a: Hypno\n|-damage|p1a: Hypno|65/100\n|\n|-heal|p1a: Hypno|71/100|[from] item: Leftovers\n|upkeep\n|turn|34\n|inactive|Time left: 300 sec this turn | 300 sec total\n|\n|t:|1783556785\n|move|p1a: Hypno|Protect|p1a: Hypno\n|-singleturn|p1a: Hypno|Protect\n|move|p2a: Azumarill|Play Rough|p1a: Hypno\n|-activate|p1a: Hypno|move: Protect\n|\n|-heal|p1a: Hypno|77/100|[from] item: Leftovers\n|-end|p2a: Azumarill|move: Heal Block\n|upkeep\n|turn|35\n|inactive|Time left: 300 sec this turn | 300 sec total\n|\n|t:|1783556786\n|move|p1a: Hypno|Psychic Noise|p2a: Azumarill\n|-damage|p2a: Azumarill|41/298\n|-start|p2a: Azumarill|move: Heal Block\n|move|p2a: Azumarill|Liquidation|p1a: Hypno\n|-damage|p1a: Hypno|41/100\n|\n|-heal|p1a: Hypno|47/100|[from] item: Leftovers\n|upkeep\n|turn|36\n|inactive|Time left: 300 sec this turn | 300 sec total\n|\n|t:|1783556788\n|move|p1a: Hypno|Protect|p1a: Hypno\n|-singleturn|p1a: Hypno|Protect\n|move|p2a: Azumarill|Aqua Jet|p1a: Hypno\n|-activate|p1a: Hypno|move: Protect\n|\n|-heal|p1a: Hypno|53/100|[from] item: Leftovers\n|-end|p2a: Azumarill|move: Heal Block\n|upkeep\n|turn|37\n|inactive|Time left: 300 sec this turn | 300 sec total\n|\n|t:|1783556789\n|move|p2a: Azumarill|Aqua Jet|p1a: Hypno\n|-damage|p1a: Hypno|36/100\n|move|p1a: Hypno|Psychic Noise|p2a: Azumarill\n|-damage|p2a: Azumarill|0 fnt\n|faint|p2a: Azumarill\n|\n|-heal|p1a: Hypno|42/100|[from] item: Leftovers\n|upkeep\n|inactive|Time left: 300 sec this turn | 300 sec total | 5 sec grace\n|\n|t:|1783556790\n|switch|p2a: Dragalge|Dragalge, L88, M|163/258\n|-damage|p2a: Dragalge|131/258|[from] Stealth Rock\n|turn|38\n|inactive|Time left: 300 sec this turn | 300 sec total\n|\n|t:|1783556791\n|move|p1a: Hypno|Protect|p1a: Hypno\n|-singleturn|p1a: Hypno|Protect\n|move|p2a: Dragalge|Draco Meteor|p1a: Hypno\n|-activate|p1a: Hypno|move: Protect\n|\n|-heal|p1a: Hypno|48/100|[from] item: Leftovers\n|-heal|p2a: Dragalge|147/258|[from] item: Leftovers\n|upkeep\n|turn|39\n|inactive|Time left: 300 sec this turn | 300 sec total\n|\n|t:|1783556792\n|move|p1a: Hypno|Protect|p1a: Hypno\n|-singleturn|p1a: Hypno|Protect\n|move|p2a: Dragalge|Draco Meteor|p1a: Hypno\n|-activate|p1a: Hypno|move: Protect\n|\n|-heal|p1a: Hypno|54/100|[from] item: Leftovers\n|-heal|p2a: Dragalge|163/258|[from] item: Leftovers\n|upkeep\n|turn|40\n|inactive|Time left: 300 sec this turn | 300 sec total\n|\n|t:|1783556793\n|move|p1a: Hypno|Psychic Noise|p2a: Dragalge\n|-supereffective|p2a: Dragalge\n|-damage|p2a: Dragalge|49/258\n|-start|p2a: Dragalge|move: Heal Block\n|move|p2a: Dragalge|Draco Meteor|p1a: Hypno\n|-damage|p1a: Hypno|5/100\n|-unboost|p2a: Dragalge|spa|2\n|\n|-heal|p1a: Hypno|11/100|[from] item: Leftovers\n|upkeep\n|turn|41\n|inactive|Time left: 300 sec this turn | 300 sec total\n|\n|t:|1783556794\n|move|p1a: Hypno|Protect|p1a: Hypno\n|-singleturn|p1a: Hypno|Protect\n|move|p2a: Dragalge|Sludge Wave|p1a: Hypno\n|-activate|p1a: Hypno|move: Protect\n|\n|-heal|p1a: Hypno|17/100|[from] item: Leftovers\n|-end|p2a: Dragalge|move: Heal Block\n|upkeep\n|turn|42\n|inactive|Time left: 300 sec this turn | 300 sec total\n|\n|t:|1783556795\n|move|p1a: Hypno|Psychic Noise|p2a: Dragalge\n|-supereffective|p2a: Dragalge\n|-damage|p2a: Dragalge|0 fnt\n|faint|p2a: Dragalge\n|\n|-heal|p1a: Hypno|23/100|[from] item: Leftovers\n|upkeep\n|inactive|Time left: 300 sec this turn | 300 sec total | 5 sec grace\n|\n|t:|1783556796\n|switch|p2a: Electrode|Electrode, L92|202/260\n|-damage|p2a: Electrode|170/260|[from] Stealth Rock\n|turn|43\n|inactive|Time left: 300 sec this turn | 300 sec total\n|\n|t:|1783556797\n|move|p1a: Hypno|Protect|p1a: Hypno\n|-singleturn|p1a: Hypno|Protect\n|move|p2a: Electrode|Thunderbolt|p1a: Hypno\n|-activate|p1a: Hypno|move: Protect\n|\n|-heal|p1a: Hypno|29/100|[from] item: Leftovers\n|upkeep\n|turn|44\n|inactive|Time left: 300 sec this turn | 300 sec total\n|\n|t:|1783556798\n|move|p1a: Hypno|Protect||[still]\n|-fail|p1a: Hypno\n|move|p2a: Electrode|Thunderbolt|p1a: Hypno\n|-damage|p1a: Hypno|2/100\n|-damage|p2a: Electrode|144/260|[from] item: Life Orb\n|\n|-heal|p1a: Hypno|8/100|[from] item: Leftovers\n|upkeep\n|turn|45\n|inactive|Time left: 300 sec this turn | 300 sec total\n|\n|t:|1783556799\n|move|p1a: Hypno|Protect|p1a: Hypno\n|-singleturn|p1a: Hypno|Protect\n|move|p2a: Electrode|Volt Switch|p1a: Hypno\n|-activate|p1a: Hypno|move: Protect\n|\n|-heal|p1a: Hypno|14/100|[from] item: Leftovers\n|upkeep\n|turn|46\n|inactive|Time left: 300 sec this turn | 300 sec total\n|\n|t:|1783556800\n|move|p2a: Electrode|Thunderbolt|p1a: Hypno\n|-damage|p1a: Hypno|0 fnt\n|faint|p1a: Hypno\n|-damage|p2a: Electrode|118/260|[from] item: Life Orb\n|\n|win|p0y151901f5", "uploadtime": 1783556800, "views": 0, "rating": 0, "private": 0, "password": null, "_winner": "p0y151901f5", "_our_name": "p0y151901f5"}