{"id": "battle-gen9randombattle-2670", "formatid": "gen9randombattle", "format": "[Gen 9] Random Battle", "players": ["p0x2670132f", "p0y2670b0d3"], "log": "|init|battle\n|title|p0x2670132f vs. p0y2670b0d3\n|j|\u2606p0x2670132f\n|j|\u2606p0y2670b0d3\n|t:|1783569796\n|gametype|singles\n|player|p1|p0x2670132f|2|\n|player|p2|p0y2670b0d3|265|\n|gen|9\n|tier|[Gen 9] Random Battle\n|rule|Species Clause: Limit one of each Pok\u00e9mon\n|rule|HP Percentage Mod: HP is shown in percentages\n|rule|Sleep Clause Mod: Limit one foe put to sleep\n|rule|Illusion Level Mod: Illusion disguises the Pok\u00e9mon's true level\n|\n|t:|1783569796\n|teamsize|p1|6\n|teamsize|p2|6\n|start\n|switch|p1a: Mew|Mew, L82|100/100\n|switch|p2a: Arcanine|Arcanine-Hisui, L79, M|280/280\n|turn|1\n|inactive|Battle timer is ON: inactive players will automatically lose when time's up. (requested by p0x2670132f)\n|inactive|Time left: 300 sec this turn | 300 sec total | 60 sec grace\n|inactive|p0y2670b0d3 also wants the timer to be on.\n|\n|t:|1783569798\n|move|p1a: Mew|Nasty Plot|p1a: Mew\n|-boost|p1a: Mew|spa|2\n|move|p2a: Arcanine|Head Smash|p1a: Mew\n|-damage|p1a: Mew|49/100\n|\n|upkeep\n|turn|2\n|inactive|Time left: 300 sec this turn | 300 sec total\n|\n|t:|1783569799\n|switch|p2a: Mewtwo|Mewtwo, L72|272/272\n|-ability|p2a: Mewtwo|Unnerve\n|move|p1a: Mew|Aura Sphere|p2a: Mewtwo\n|-resisted|p2a: Mewtwo\n|-damage|p2a: Mewtwo|186/272\n|-damage|p1a: Mew|39/100|[from] item: Life Orb\n|\n|upkeep\n|turn|3\n|inactive|Time left: 300 sec this turn | 300 sec total\n|\n|t:|1783569801\n|move|p2a: Mewtwo|Dark Pulse|p1a: Mew\n|-supereffective|p1a: Mew\n|-damage|p1a: Mew|0 fnt\n|faint|p1a: Mew\n|-damage|p2a: Mewtwo|159/272|[from] item: Life Orb\n|\n|upkeep\n|\n|t:|1783569802\n|switch|p1a: Excadrill|Excadrill, L79, M|100/100\n|-ability|p1a: Excadrill|Mold Breaker\n|turn|4\n|inactive|Time left: 300 sec this turn | 300 sec total\n|\n|t:|1783569803\n|switch|p2a: Iron Bundle|Iron Bundle, L78|215/215\n|move|p1a: Excadrill|Earthquake|p2a: Iron Bundle\n|-damage|p2a: Iron Bundle|104/215\n|\n|upkeep\n|turn|5\n|inactive|Time left: 300 sec this turn | 300 sec total\n|\n|t:|1783569804\n|move|p2a: Iron Bundle|Hydro Pump|p1a: Excadrill\n|-supereffective|p1a: Excadrill\n|-damage|p1a: Excadrill|0 fnt\n|faint|p1a: Excadrill\n|\n|upkeep\n|\n|t:|1783569805\n|switch|p1a: Gogoat|Gogoat, L88, M|100/100\n|turn|6\n|inactive|Time left: 300 sec this turn | 300 sec total\n|\n|t:|1783569806\n|-end|p2a: Iron Bundle|Quark Drive|[silent]\n|switch|p2a: Arceus|Arceus-Ice, L72|291/291\n|move|p1a: Gogoat|Bulk Up|p1a: Gogoat\n|-boost|p1a: Gogoat|atk|1\n|-boost|p1a: Gogoat|def|1\n|\n|upkeep\n|turn|7\n|inactive|Time left: 300 sec this turn | 300 sec total\n|\n|t:|1783569807\n|move|p2a: Arceus|Judgment|p1a: Gogoat\n|-supereffective|p1a: Gogoat\n|-damage|p1a: Gogoat|34/100\n|move|p1a: Gogoat|Horn Leech|p2a: Arceus\n|-damage|p2a: Arceus|168/291\n|-heal|p1a: Gogoat|51/100|[from] drain|[of] p2a: Arceus\n|\n|-heal|p1a: Gogoat|57/100|[from] item: Leftovers\n|upkeep\n|turn|8\n|inactive|Time left: 300 sec this turn | 300 sec total\n|\n|t:|1783569807\n|-terastallize|p1a: Gogoat|Water\n|move|p2a: Arceus|Judgment|p1a: Gogoat\n|-resisted|p1a: Gogoat\n|-damage|p1a: Gogoat|41/100\n|move|p1a: Gogoat|Horn Leech|p2a: Arceus\n|-damage|p2a: Arceus|53/291\n|-heal|p1a: Gogoat|57/100|[from] drain|[of] p2a: Arceus\n|\n|-heal|p1a: Gogoat|64/100|[from] item: Leftovers\n|upkeep\n|turn|9\n|inactive|Time left: 300 sec this turn | 300 sec total\n|\n|t:|1783569808\n|move|p2a: Arceus|Recover|p2a: Arceus\n|-heal|p2a: Arceus|199/291\n|move|p1a: Gogoat|Horn Leech|p2a: Arceus\n|-damage|p2a: Arceus|69/291\n|-heal|p1a: Gogoat|82/100|[from] drain|[of] p2a: Arceus\n|\n|-heal|p1a: Gogoat|88/100|[from] item: Leftovers\n|upkeep\n|turn|10\n|inactive|Time left: 300 sec this turn | 300 sec total\n|\n|t:|1783569809\n|move|p2a: Arceus|Recover|p2a: Arceus\n|-heal|p2a: Arceus|215/291\n|move|p1a: Gogoat|Horn Leech|p2a: Arceus\n|-damage|p2a: Arceus|98/291\n|-heal|p1a: Gogoat|100/100|[from] drain|[of] p2a: Arceus\n|\n|upkeep\n|turn|11\n|inactive|Time left: 300 sec this turn | 300 sec total\n|\n|t:|1783569810\n|move|p2a: Arceus|Recover|p2a: Arceus\n|-heal|p2a: Arceus|244/291\n|move|p1a: Gogoat|Bulk Up|p1a: Gogoat\n|-boost|p1a: Gogoat|atk|1\n|-boost|p1a: Gogoat|def|1\n|\n|upkeep\n|turn|12\n|inactive|Time left: 300 sec this turn | 300 sec total\n|\n|t:|1783569811\n|switch|p2a: Tinkaton|Tinkaton, L82, F|274/274\n|-ability|p2a: Tinkaton|Mold Breaker\n|move|p1a: Gogoat|Horn Leech|p2a: Tinkaton\n|-resisted|p2a: Tinkaton\n|-damage|p2a: Tinkaton|164/274\n|\n|-heal|p2a: Tinkaton|181/274|[from] item: Leftovers\n|upkeep\n|turn|13\n|inactive|Time left: 300 sec this turn | 300 sec total\n|\n|t:|1783569812\n|move|p2a: Tinkaton|Swords Dance|p2a: Tinkaton\n|-boost|p2a: Tinkaton|atk|2\n|move|p1a: Gogoat|Earthquake|p2a: Tinkaton\n|-supereffective|p2a: Tinkaton\n|-damage|p2a: Tinkaton|0 fnt\n|faint|p2a: Tinkaton\n|\n|upkeep\n|inactive|Time left: 300 sec this turn | 300 sec total | 5 sec grace\n|\n|t:|1783569813\n|switch|p2a: Mewtwo|Mewtwo, L72|159/272\n|-ability|p2a: Mewtwo|Unnerve\n|turn|14\n|inactive|Time left: 300 sec this turn | 300 sec total\n|\n|t:|1783569814\n|move|p2a: Mewtwo|Recover|p2a: Mewtwo\n|-heal|p2a: Mewtwo|272/272\n|move|p1a: Gogoat|Horn Leech|p2a: Mewtwo\n|-damage|p2a: Mewtwo|74/272\n|\n|upkeep\n|turn|15\n|inactive|Time left: 300 sec this turn | 300 sec total\n|\n|t:|1783569815\n|move|p2a: Mewtwo|Recover|p2a: Mewtwo\n|-heal|p2a: Mewtwo|210/272\n|move|p1a: Gogoat|Horn Leech|p2a: Mewtwo\n|-damage|p2a: Mewtwo|0 fnt\n|faint|p2a: Mewtwo\n|\n|upkeep\n|inactive|Time left: 300 sec this turn | 300 sec total | 5 sec grace\n|\n|t:|1783569816\n|switch|p2a: Sylveon|Sylveon, L85, M|300/300\n|turn|16\n|inactive|Time left: 300 sec this turn | 300 sec total\n|\n|t:|1783569817\n|move|p2a: Sylveon|Protect|p2a: Sylveon\n|-singleturn|p2a: Sylveon|Protect\n|move|p1a: Gogoat|Earthquake|p2a: Sylveon\n|-activate|p2a: Sylveon|move: Protect\n|\n|upkeep\n|turn|17\n|inactive|Time left: 300 sec this turn | 300 sec total\n|\n|t:|1783569818\n|move|p1a: Gogoat|Earthquake|p2a: Sylveon\n|-damage|p2a: Sylveon|108/300\n|move|p2a: Sylveon|Wish|p2a: Sylveon\n|\n|-heal|p2a: Sylveon|126/300|[from] item: Leftovers\n|upkeep\n|turn|18\n|inactive|Time left: 300 sec this turn | 300 sec total\n|\n|t:|1783569819\n|move|p2a: Sylveon|Protect|p2a: Sylveon\n|-singleturn|p2a: Sylveon|Protect\n|move|p1a: Gogoat|Earthquake|p2a: Sylveon\n|-activate|p2a: Sylveon|move: Protect\n|\n|-heal|p2a: Sylveon|276/300|[from] move: Wish|[wisher] Sylveon\n|-heal|p2a: Sylveon|294/300|[from] item: Leftovers\n|upkeep\n|turn|19\n|inactive|Time left: 300 sec this turn | 300 sec total\n|\n|t:|1783569820\n|move|p1a: Gogoat|Earthquake|p2a: Sylveon\n|-damage|p2a: Sylveon|104/300\n|move|p2a: Sylveon|Wish|p2a: Sylveon\n|\n|-heal|p2a: Sylveon|122/300|[from] item: Leftovers\n|upkeep\n|turn|20\n|inactive|Time left: 300 sec this turn | 300 sec total\n|\n|t:|1783569821\n|move|p2a: Sylveon|Protect|p2a: Sylveon\n|-singleturn|p2a: Sylveon|Protect\n|move|p1a: Gogoat|Earthquake|p2a: Sylveon\n|-activate|p2a: Sylveon|move: Protect\n|\n|-heal|p2a: Sylveon|272/300|[from] move: Wish|[wisher] Sylveon\n|-heal|p2a: Sylveon|290/300|[from] item: Leftovers\n|upkeep\n|turn|21\n|inactive|Time left: 300 sec this turn | 300 sec total\n|\n|t:|1783569822\n|move|p2a: Sylveon|Protect|p2a: Sylveon\n|-singleturn|p2a: Sylveon|Protect\n|move|p1a: Gogoat|Earthquake|p2a: Sylveon\n|-activate|p2a: Sylveon|move: Protect\n|\n|-heal|p2a: Sylveon|300/300|[from] item: Leftovers\n|upkeep\n|turn|22\n|inactive|Time left: 300 sec this turn | 300 sec total\n|\n|t:|1783569823\n|move|p1a: Gogoat|Earthquake|p2a: Sylveon\n|-damage|p2a: Sylveon|105/300\n|move|p2a: Sylveon|Wish|p2a: Sylveon\n|\n|-heal|p2a: Sylveon|123/300|[from] item: Leftovers\n|upkeep\n|turn|23\n|inactive|Time left: 300 sec this turn | 300 sec total\n|\n|t:|1783569824\n|switch|p2a: Arceus|Arceus-Ice, L72|244/291\n|move|p1a: Gogoat|Earthquake|p2a: Arceus\n|-damage|p2a: Arceus|97/291\n|\n|-heal|p2a: Arceus|247/291|[from] move: Wish|[wisher] Sylveon\n|upkeep\n|turn|24\n|inactive|Time left: 300 sec this turn | 300 sec total\n|\n|t:|1783569825\n|move|p2a: Arceus|Recover|p2a: Arceus\n|-heal|p2a: Arceus|291/291\n|move|p1a: Gogoat|Horn Leech|p2a: Arceus\n|-damage|p2a: Arceus|140/291\n|\n|upkeep\n|turn|25\n|inactive|Time left: 300 sec this turn | 300 sec total\n|\n|t:|1783569826\n|move|p2a: Arceus|Recover|p2a: Arceus\n|-heal|p2a: Arceus|286/291\n|move|p1a: Gogoat|Horn Leech|p2a: Arceus\n|-damage|p2a: Arceus|135/291\n|\n|upkeep\n|turn|26\n|inactive|Time left: 300 sec this turn | 300 sec total\n|\n|t:|1783569827\n|move|p2a: Arceus|Recover|p2a: Arceus\n|-heal|p2a: Arceus|281/291\n|move|p1a: Gogoat|Horn Leech|p2a: Arceus\n|-damage|p2a: Arceus|121/291\n|\n|upkeep\n|turn|27\n|inactive|Time left: 300 sec this turn | 300 sec total\n|\n|t:|1783569828\n|move|p2a: Arceus|Recover|p2a: Arceus\n|-heal|p2a: Arceus|267/291\n|move|p1a: Gogoat|Earthquake|p2a: Arceus\n|-damage|p2a: Arceus|115/291\n|\n|upkeep\n|turn|28\n|inactive|Time left: 300 sec this turn | 300 sec total\n|\n|t:|1783569829\n|move|p2a: Arceus|Recover|p2a: Arceus\n|-heal|p2a: Arceus|261/291\n|move|p1a: Gogoat|Horn Leech|p2a: Arceus\n|-damage|p2a: Arceus|87/291\n|\n|upkeep\n|turn|29\n|inactive|Time left: 300 sec this turn | 300 sec total\n|\n|t:|1783569830\n|move|p2a: Arceus|Earth Power|p1a: Gogoat\n|-damage|p1a: Gogoat|85/100\n|move|p1a: Gogoat|Horn Leech|p2a: Arceus\n|-damage|p2a: Arceus|0 fnt\n|-heal|p1a: Gogoat|97/100|[from] drain|[of] p2a: Arceus\n|faint|p2a: Arceus\n|\n|-heal|p1a: Gogoat|100/100|[from] item: Leftovers\n|upkeep\n|inactive|Time left: 300 sec this turn | 300 sec total | 5 sec grace\n|\n|t:|1783569831\n|switch|p2a: Sylveon|Sylveon, L85, M|123/300\n|turn|30\n|inactive|Time left: 300 sec this turn | 300 sec total\n|\n|t:|1783569832\n|move|p2a: Sylveon|Protect|p2a: Sylveon\n|-singleturn|p2a: Sylveon|Protect\n|move|p1a: Gogoat|Earthquake|p2a: Sylveon\n|-activate|p2a: Sylveon|move: Protect\n|\n|-heal|p2a: Sylveon|141/300|[from] item: Leftovers\n|upkeep\n|turn|31\n|inactive|Time left: 300 sec this turn | 300 sec total\n|\n|t:|1783569833\n|move|p2a: Sylveon|Protect|p2a: Sylveon\n|-singleturn|p2a: Sylveon|Protect\n|move|p1a: Gogoat|Earthquake|p2a: Sylveon\n|-activate|p2a: Sylveon|move: Protect\n|\n|-heal|p2a: Sylveon|159/300|[from] item: Leftovers\n|upkeep\n|turn|32\n|inactive|Time left: 300 sec this turn | 300 sec total\n|\n|t:|1783569834\n|move|p1a: Gogoat|Earthquake|p2a: Sylveon\n|-damage|p2a: Sylveon|0 fnt\n|faint|p2a: Sylveon\n|\n|upkeep\n|inactive|Time left: 300 sec this turn | 300 sec total | 5 sec grace\n|\n|t:|1783569835\n|switch|p2a: Arcanine|Arcanine-Hisui, L79, M|280/280\n|turn|33\n|inactive|Time left: 300 sec this turn | 300 sec total\n|\n|t:|1783569836\n|-terastallize|p2a: Arcanine|Normal\n|move|p2a: Arcanine|Extreme Speed|p1a: Gogoat\n|-damage|p1a: Gogoat|86/100\n|move|p1a: Gogoat|Earthquake|p2a: Arcanine\n|-damage|p2a: Arcanine|108/280\n|\n|-heal|p1a: Gogoat|92/100|[from] item: Leftovers\n|upkeep\n|turn|34\n|inactive|Time left: 300 sec this turn | 300 sec total\n|\n|t:|1783569836\n|move|p2a: Arcanine|Morning Sun|p2a: Arcanine\n|-heal|p2a: Arcanine|248/280\n|move|p1a: Gogoat|Horn Leech|p2a: Arcanine\n|-crit|p2a: Arcanine\n|-damage|p2a: Arcanine|0 fnt\n|-heal|p1a: Gogoat|100/100|[from] drain|[of] p2a: Arcanine\n|faint|p2a: Arcanine\n|\n|upkeep\n|inactive|Time left: 300 sec this turn | 300 sec total | 5 sec grace\n|\n|t:|1783569837\n|switch|p2a: Iron Bundle|Iron Bundle, L78|104/215\n|turn|35\n|inactive|Time left: 300 sec this turn | 300 sec total\n|\n|t:|1783569838\n|move|p2a: Iron Bundle|Freeze-Dry|p1a: Gogoat\n|-supereffective|p1a: Gogoat\n|-damage|p1a: Gogoat|33/100\n|move|p1a: Gogoat|Earthquake|p2a: Iron Bundle\n|-damage|p2a: Iron Bundle|0 fnt\n|faint|p2a: Iron Bundle\n|-end|p2a: Iron Bundle|Quark Drive|[silent]\n|\n|win|p0x2670132f", "uploadtime": 1783569838, "views": 0, "rating": 0, "private": 0, "password": null, "_winner": "p0x2670132f", "_our_name": "p0y2670b0d3"}