{"id": "battle-gen9randombattle-2959", "formatid": "gen9randombattle", "format": "[Gen 9] Random Battle", "players": ["p0x2959378d", "p0y29599f60"], "log": "|init|battle\n|title|p0x2959378d vs. p0y29599f60\n|j|\u2606p0x2959378d\n|j|\u2606p0y29599f60\n|t:|1783573096\n|gametype|singles\n|player|p1|p0x2959378d|2|\n|player|p2|p0y29599f60|102|\n|gen|9\n|tier|[Gen 9] Random Battle\n|rule|Species Clause: Limit one of each Pok\u00e9mon\n|rule|HP Percentage Mod: HP is shown in percentages\n|rule|Sleep Clause Mod: Limit one foe put to sleep\n|rule|Illusion Level Mod: Illusion disguises the Pok\u00e9mon's true level\n|\n|t:|1783573096\n|teamsize|p1|6\n|teamsize|p2|6\n|start\n|switch|p1a: Annihilape|Annihilape, L76, F|292/292\n|switch|p2a: Floatzel|Floatzel, L86, M|100/100\n|turn|1\n|inactive|Battle timer is ON: inactive players will automatically lose when time's up. (requested by p0x2959378d)\n|inactive|p0y29599f60 also wants the timer to be on.\n|\n|t:|1783573098\n|switch|p1a: Ogerpon|Ogerpon-Wellspring, L76, F|247/247\n|move|p2a: Floatzel|Wave Crash|p1a: Ogerpon\n|-immune|p1a: Ogerpon|[from] ability: Water Absorb\n|\n|upkeep\n|turn|2\n|inactive|Time left: 300 sec this turn | 300 sec total\n|\n|t:|1783573099\n|switch|p2a: Victreebel|Victreebel, L90, F|100/100\n|move|p1a: Ogerpon|Swords Dance|p1a: Ogerpon\n|-boost|p1a: Ogerpon|atk|2\n|\n|upkeep\n|turn|3\n|inactive|Time left: 300 sec this turn | 300 sec total\n|\n|t:|1783573100\n|move|p1a: Ogerpon|Knock Off|p2a: Victreebel\n|-damage|p2a: Victreebel|38/100\n|-enditem|p2a: Victreebel|Life Orb|[from] move: Knock Off|[of] p1a: Ogerpon\n|move|p2a: Victreebel|Poison Jab|p1a: Ogerpon\n|-supereffective|p1a: Ogerpon\n|-damage|p1a: Ogerpon|29/247\n|\n|upkeep\n|turn|4\n|inactive|Time left: 300 sec this turn | 300 sec total\n|\n|t:|1783573101\n|move|p2a: Victreebel|Sucker Punch|p1a: Ogerpon\n|-damage|p1a: Ogerpon|0 fnt\n|faint|p1a: Ogerpon\n|\n|upkeep\n|inactive|Time left: 300 sec this turn | 300 sec total | 5 sec grace\n|\n|t:|1783573102\n|switch|p1a: Klawf|Klawf, L90, F|272/272\n|turn|5\n|inactive|Time left: 300 sec this turn | 300 sec total\n|\n|t:|1783573103\n|move|p1a: Klawf|High Horsepower|p2a: Victreebel\n|-damage|p2a: Victreebel|0 fnt\n|faint|p2a: Victreebel\n|-damage|p1a: Klawf|245/272|[from] item: Life Orb\n|\n|upkeep\n|\n|t:|1783573104\n|switch|p2a: Iron Bundle|Iron Bundle, L78|100/100\n|turn|6\n|inactive|Time left: 300 sec this turn | 300 sec total\n|\n|t:|1783573105\n|move|p2a: Iron Bundle|Hydro Pump|p1a: Klawf\n|-supereffective|p1a: Klawf\n|-damage|p1a: Klawf|0 fnt\n|faint|p1a: Klawf\n|\n|upkeep\n|inactive|Time left: 300 sec this turn | 300 sec total | 5 sec grace\n|\n|t:|1783573106\n|switch|p1a: Minun|Minun, L95, M|268/268\n|turn|7\n|inactive|Time left: 300 sec this turn | 300 sec total\n|\n|t:|1783573106\n|move|p2a: Iron Bundle|Hydro Pump|p1a: Minun\n|-damage|p1a: Minun|114/268\n|move|p1a: Minun|Thunderbolt|p2a: Iron Bundle\n|-supereffective|p2a: Iron Bundle\n|-damage|p2a: Iron Bundle|0 fnt\n|faint|p2a: Iron Bundle\n|-end|p2a: Iron Bundle|Quark Drive|[silent]\n|-damage|p1a: Minun|88/268|[from] item: Life Orb\n|\n|upkeep\n|\n|t:|1783573107\n|switch|p2a: Floatzel|Floatzel, L86, M|100/100\n|turn|8\n|inactive|Time left: 300 sec this turn | 300 sec total\n|\n|t:|1783573108\n|switch|p1a: Mandibuzz|Mandibuzz, L85, F|326/326\n|move|p2a: Floatzel|Wave Crash|p1a: Mandibuzz\n|-damage|p1a: Mandibuzz|149/326\n|-damage|p2a: Floatzel|80/100|[from] Recoil\n|\n|upkeep\n|turn|9\n|inactive|Time left: 300 sec this turn | 300 sec total\n|\n|t:|1783573109\n|switch|p1a: Tropius|Tropius, L91, M|328/328\n|move|p2a: Floatzel|Wave Crash|p1a: Tropius\n|-resisted|p1a: Tropius\n|-damage|p1a: Tropius|235/328\n|-damage|p2a: Floatzel|69/100|[from] Recoil\n|\n|upkeep\n|turn|10\n|inactive|Time left: 300 sec this turn | 300 sec total\n|\n|t:|1783573110\n|move|p2a: Floatzel|Wave Crash|p1a: Tropius\n|-resisted|p1a: Tropius\n|-damage|p1a: Tropius|135/328\n|-enditem|p1a: Tropius|Sitrus Berry|[eat]\n|-heal|p1a: Tropius|217/328|[from] item: Sitrus Berry\n|-damage|p2a: Floatzel|58/100|[from] Recoil\n|move|p1a: Tropius|Air Slash|p2a: Floatzel\n|-damage|p2a: Floatzel|20/100\n|\n|-item|p1a: Tropius|Sitrus Berry|[from] ability: Harvest\n|upkeep\n|turn|11\n|inactive|Time left: 300 sec this turn | 300 sec total\n|\n|t:|1783573111\n|move|p2a: Floatzel|Wave Crash|p1a: Tropius\n|-resisted|p1a: Tropius\n|-crit|p1a: Tropius\n|-damage|p1a: Tropius|71/328\n|-enditem|p1a: Tropius|Sitrus Berry|[eat]\n|-heal|p1a: Tropius|153/328|[from] item: Sitrus Berry\n|-damage|p2a: Floatzel|3/100|[from] Recoil\n|move|p1a: Tropius|Leech Seed|p2a: Floatzel\n|-start|p2a: Floatzel|move: Leech Seed\n|\n|-damage|p2a: Floatzel|0 fnt|[from] Leech Seed|[of] p1a: Tropius\n|-heal|p1a: Tropius|160/328|[silent]\n|faint|p2a: Floatzel\n|upkeep\n|\n|t:|1783573112\n|switch|p2a: Donphan|Donphan, L84, F|100/100\n|turn|12\n|inactive|Time left: 300 sec this turn | 300 sec total\n|\n|t:|1783573113\n|move|p1a: Tropius|Leech Seed|p2a: Donphan\n|-start|p2a: Donphan|move: Leech Seed\n|move|p2a: Donphan|Ice Spinner|p1a: Tropius\n|-supereffective|p1a: Tropius\n|-damage|p1a: Tropius|0 fnt\n|faint|p1a: Tropius\n|\n|upkeep\n|inactive|Time left: 300 sec this turn | 300 sec total | 5 sec grace\n|\n|t:|1783573114\n|switch|p1a: Mandibuzz|Mandibuzz, L85, F|149/326\n|turn|13\n|inactive|Time left: 300 sec this turn | 300 sec total\n|\n|t:|1783573115\n|switch|p2a: Ariados|Ariados, L95, F|100/100\n|move|p1a: Mandibuzz|Roost|p1a: Mandibuzz\n|-heal|p1a: Mandibuzz|312/326\n|-singleturn|p1a: Mandibuzz|move: Roost\n|\n|upkeep\n|turn|14\n|inactive|Time left: 300 sec this turn | 300 sec total\n|\n|t:|1783573115\n|move|p1a: Mandibuzz|Foul Play|p2a: Ariados\n|-damage|p2a: Ariados|60/100\n|move|p2a: Ariados|Sticky Web|p1a: Mandibuzz\n|-sidestart|p1: p0x2959378d|move: Sticky Web\n|\n|upkeep\n|turn|15\n|inactive|Time left: 300 sec this turn | 300 sec total\n|\n|t:|1783573116\n|switch|p2a: Donphan|Donphan, L84, F|100/100\n|move|p1a: Mandibuzz|Brave Bird|p2a: Donphan\n|-damage|p2a: Donphan|73/100\n|-damage|p1a: Mandibuzz|286/326|[from] Recoil\n|\n|-heal|p2a: Donphan|80/100|[from] item: Leftovers\n|upkeep\n|turn|16\n|inactive|Time left: 300 sec this turn | 300 sec total\n|\n|t:|1783573118\n|move|p1a: Mandibuzz|Foul Play|p2a: Donphan\n|-damage|p2a: Donphan|48/100\n|move|p2a: Donphan|Rapid Spin|p1a: Mandibuzz\n|-damage|p1a: Mandibuzz|250/326\n|-boost|p2a: Donphan|spe|1\n|\n|-heal|p2a: Donphan|55/100|[from] item: Leftovers\n|upkeep\n|turn|17\n|inactive|Time left: 300 sec this turn | 300 sec total\n|\n|t:|1783573119\n|move|p2a: Donphan|Ice Spinner|p1a: Mandibuzz\n|-supereffective|p1a: Mandibuzz\n|-damage|p1a: Mandibuzz|132/326\n|move|p1a: Mandibuzz|Foul Play|p2a: Donphan\n|-damage|p2a: Donphan|22/100\n|\n|-heal|p2a: Donphan|28/100|[from] item: Leftovers\n|upkeep\n|turn|18\n|inactive|Time left: 300 sec this turn | 300 sec total\n|\n|t:|1783573120\n|move|p2a: Donphan|Ice Spinner|p1a: Mandibuzz\n|-supereffective|p1a: Mandibuzz\n|-damage|p1a: Mandibuzz|6/326\n|move|p1a: Mandibuzz|Foul Play|p2a: Donphan\n|-damage|p2a: Donphan|0 fnt\n|faint|p2a: Donphan\n|\n|upkeep\n|\n|t:|1783573121\n|switch|p2a: Ariados|Ariados, L95, F|60/100\n|turn|19\n|inactive|Time left: 300 sec this turn | 300 sec total\n|\n|t:|1783573121\n|-terastallize|p1a: Mandibuzz|Steel\n|move|p1a: Mandibuzz|Roost|p1a: Mandibuzz\n|-heal|p1a: Mandibuzz|169/326\n|move|p2a: Ariados|Knock Off|p1a: Mandibuzz\n|-damage|p1a: Mandibuzz|99/326\n|-enditem|p1a: Mandibuzz|Heavy-Duty Boots|[from] move: Knock Off|[of] p2a: Ariados\n|\n|upkeep\n|turn|20\n|inactive|Time left: 300 sec this turn | 300 sec total\n|\n|t:|1783573122\n|move|p1a: Mandibuzz|Roost|p1a: Mandibuzz\n|-heal|p1a: Mandibuzz|262/326\n|move|p2a: Ariados|Megahorn|p1a: Mandibuzz\n|-resisted|p1a: Mandibuzz\n|-damage|p1a: Mandibuzz|191/326\n|\n|upkeep\n|turn|21\n|inactive|Time left: 300 sec this turn | 300 sec total\n|\n|t:|1783573123\n|switch|p2a: Vespiquen|Vespiquen, L99, F|100/100\n|-ability|p2a: Vespiquen|Pressure\n|move|p1a: Mandibuzz|Foul Play|p2a: Vespiquen\n|-damage|p2a: Vespiquen|74/100\n|\n|upkeep\n|turn|22\n|inactive|Time left: 300 sec this turn | 300 sec total\n|\n|t:|1783573124\n|move|p1a: Mandibuzz|Defog|p2a: Vespiquen\n|-unboost|p2a: Vespiquen|evasion|1\n|-sideend|p1: p0x2959378d|Sticky Web|[from] move: Defog|[of] p1a: Mandibuzz\n|move|p2a: Vespiquen|Roost|p2a: Vespiquen\n|-heal|p2a: Vespiquen|100/100\n|-singleturn|p2a: Vespiquen|move: Roost\n|\n|upkeep\n|turn|23\n|inactive|Time left: 300 sec this turn | 300 sec total\n|\n|t:|1783573125\n|move|p1a: Mandibuzz|Roost|p1a: Mandibuzz\n|-heal|p1a: Mandibuzz|326/326\n|move|p2a: Vespiquen|Spikes|p1a: Mandibuzz\n|-sidestart|p1: p0x2959378d|Spikes\n|\n|upkeep\n|turn|24\n|inactive|Time left: 300 sec this turn | 300 sec total\n|\n|t:|1783573126\n|move|p1a: Mandibuzz|Brave Bird|p2a: Vespiquen\n|-supereffective|p2a: Vespiquen\n|-damage|p2a: Vespiquen|46/100\n|-damage|p1a: Mandibuzz|272/326|[from] Recoil\n|move|p2a: Vespiquen|Spikes|p1a: Mandibuzz\n|-sidestart|p1: p0x2959378d|Spikes\n|\n|upkeep\n|turn|25\n|inactive|Time left: 300 sec this turn | 300 sec total\n|\n|t:|1783573127\n|-terastallize|p2a: Vespiquen|Steel\n|move|p1a: Mandibuzz|Brave Bird|p2a: Vespiquen\n|-resisted|p2a: Vespiquen\n|-damage|p2a: Vespiquen|33/100\n|-damage|p1a: Mandibuzz|260/326|[from] Recoil\n|move|p2a: Vespiquen|Roost|p2a: Vespiquen\n|-heal|p2a: Vespiquen|83/100\n|\n|upkeep\n|turn|26\n|inactive|Time left: 300 sec this turn | 300 sec total\n|\n|t:|1783573128\n|move|p1a: Mandibuzz|Defog|p2a: Vespiquen\n|-unboost|p2a: Vespiquen|evasion|1\n|-sideend|p1: p0x2959378d|Spikes|[from] move: Defog|[of] p1a: Mandibuzz\n|move|p2a: Vespiquen|Roost|p2a: Vespiquen\n|-heal|p2a: Vespiquen|100/100\n|\n|upkeep\n|turn|27\n|inactive|Time left: 300 sec this turn | 300 sec total\n|\n|t:|1783573129\n|move|p1a: Mandibuzz|Foul Play|p2a: Vespiquen\n|-damage|p2a: Vespiquen|72/100\n|move|p2a: Vespiquen|Spikes|p1a: Mandibuzz\n|-sidestart|p1: p0x2959378d|Spikes\n|\n|upkeep\n|turn|28\n|inactive|Time left: 300 sec this turn | 300 sec total\n|\n|t:|1783573130\n|move|p1a: Mandibuzz|Defog|p2a: Vespiquen\n|-unboost|p2a: Vespiquen|evasion|1\n|-sideend|p1: p0x2959378d|Spikes|[from] move: Defog|[of] p1a: Mandibuzz\n|move|p2a: Vespiquen|Roost|p2a: Vespiquen\n|-heal|p2a: Vespiquen|100/100\n|\n|upkeep\n|turn|29\n|inactive|Time left: 300 sec this turn | 300 sec total\n|\n|t:|1783573131\n|move|p1a: Mandibuzz|Roost|p1a: Mandibuzz\n|-heal|p1a: Mandibuzz|326/326\n|move|p2a: Vespiquen|Spikes|p1a: Mandibuzz\n|-sidestart|p1: p0x2959378d|Spikes\n|\n|upkeep\n|turn|30\n|inactive|Time left: 300 sec this turn | 300 sec total\n|\n|t:|1783573132\n|move|p1a: Mandibuzz|Foul Play|p2a: Vespiquen\n|-damage|p2a: Vespiquen|74/100\n|move|p2a: Vespiquen|Air Slash|p1a: Mandibuzz\n|-resisted|p1a: Mandibuzz\n|-damage|p1a: Mandibuzz|279/326\n|\n|upkeep\n|turn|31\n|inactive|Time left: 300 sec this turn | 300 sec total\n|\n|t:|1783573133\n|move|p1a: Mandibuzz|Defog|p2a: Vespiquen\n|-unboost|p2a: Vespiquen|evasion|1\n|-sideend|p1: p0x2959378d|Spikes|[from] move: Defog|[of] p1a: Mandibuzz\n|move|p2a: Vespiquen|Roost|p2a: Vespiquen\n|-heal|p2a: Vespiquen|100/100\n|\n|upkeep\n|turn|32\n|inactive|Time left: 300 sec this turn | 300 sec total\n|\n|t:|1783573134\n|move|p1a: Mandibuzz|Foul Play|p2a: Vespiquen\n|-damage|p2a: Vespiquen|72/100\n|move|p2a: Vespiquen|Spikes|p1a: Mandibuzz\n|-sidestart|p1: p0x2959378d|Spikes\n|\n|upkeep\n|turn|33\n|inactive|Time left: 300 sec this turn | 300 sec total\n|\n|t:|1783573135\n|move|p1a: Mandibuzz|Defog|p2a: Vespiquen\n|-unboost|p2a: Vespiquen|evasion|1\n|-sideend|p1: p0x2959378d|Spikes|[from] move: Defog|[of] p1a: Mandibuzz\n|move|p2a: Vespiquen|Roost|p2a: Vespiquen\n|-heal|p2a: Vespiquen|100/100\n|\n|upkeep\n|turn|34\n|inactive|Time left: 300 sec this turn | 300 sec total\n|\n|t:|1783573136\n|move|p1a: Mandibuzz|Foul Play|p2a: Vespiquen\n|-damage|p2a: Vespiquen|73/100\n|move|p2a: Vespiquen|Spikes|p1a: Mandibuzz\n|-sidestart|p1: p0x2959378d|Spikes\n|\n|upkeep\n|turn|35\n|inactive|Time left: 300 sec this turn | 300 sec total\n|\n|t:|1783573137\n|move|p1a: Mandibuzz|Defog|p2a: Vespiquen\n|-unboost|p2a: Vespiquen|evasion|1\n|-sideend|p1: p0x2959378d|Spikes|[from] move: Defog|[of] p1a: Mandibuzz\n|move|p2a: Vespiquen|Roost|p2a: Vespiquen\n|-heal|p2a: Vespiquen|100/100\n|\n|upkeep\n|turn|36\n|inactive|Time left: 300 sec this turn | 300 sec total\n|\n|t:|1783573138\n|move|p1a: Mandibuzz|Foul Play|p2a: Vespiquen\n|-crit|p2a: Vespiquen\n|-damage|p2a: Vespiquen|60/100\n|move|p2a: Vespiquen|Spikes|p1a: Mandibuzz\n|-sidestart|p1: p0x2959378d|Spikes\n|\n|upkeep\n|turn|37\n|inactive|Time left: 300 sec this turn | 300 sec total\n|\n|t:|1783573139\n|move|p1a: Mandibuzz|Foul Play|p2a: Vespiquen\n|-damage|p2a: Vespiquen|34/100\n|move|p2a: Vespiquen|Roost|p2a: Vespiquen\n|-heal|p2a: Vespiquen|84/100\n|\n|upkeep\n|turn|38\n|inactive|Time left: 300 sec this turn | 300 sec total\n|\n|t:|1783573139\n|move|p1a: Mandibuzz|Foul Play|p2a: Vespiquen\n|-damage|p2a: Vespiquen|60/100\n|move|p2a: Vespiquen|Air Slash|p1a: Mandibuzz\n|-resisted|p1a: Mandibuzz\n|-crit|p1a: Mandibuzz\n|-damage|p1a: Mandibuzz|219/326\n|\n|upkeep\n|turn|39\n|inactive|Time left: 300 sec this turn | 300 sec total\n|\n|t:|1783573140\n|move|p1a: Mandibuzz|Foul Play|p2a: Vespiquen\n|-damage|p2a: Vespiquen|32/100\n|move|p2a: Vespiquen|Air Slash|p1a: Mandibuzz\n|-resisted|p1a: Mandibuzz\n|-damage|p1a: Mandibuzz|174/326\n|\n|upkeep\n|turn|40\n|inactive|Time left: 300 sec this turn | 300 sec total\n|\n|t:|1783573141\n|switch|p2a: Ariados|Ariados, L95, F|60/100\n|move|p1a: Mandibuzz|Foul Play|p2a: Ariados\n|-damage|p2a: Ariados|18/100\n|\n|upkeep\n|turn|41\n|inactive|Time left: 300 sec this turn | 300 sec total\n|\n|t:|1783573142\n|switch|p2a: Vespiquen|Vespiquen, L99, F, tera:Steel|32/100\n|-ability|p2a: Vespiquen|Pressure\n|move|p1a: Mandibuzz|Brave Bird|p2a: Vespiquen\n|-resisted|p2a: Vespiquen\n|-damage|p2a: Vespiquen|20/100\n|-damage|p1a: Mandibuzz|162/326|[from] Recoil\n|\n|upkeep\n|turn|42\n|inactive|Time left: 300 sec this turn | 300 sec total\n|\n|t:|1783573143\n|switch|p2a: Ariados|Ariados, L95, F|18/100\n|move|p1a: Mandibuzz|Foul Play|p2a: Ariados\n|-damage|p2a: Ariados|0 fnt\n|faint|p2a: Ariados\n|\n|upkeep\n|\n|t:|1783573144\n|switch|p2a: Vespiquen|Vespiquen, L99, F, tera:Steel|20/100\n|-ability|p2a: Vespiquen|Pressure\n|turn|43\n|inactive|Time left: 300 sec this turn | 300 sec total\n|\n|t:|1783573145\n|move|p1a: Mandibuzz|Brave Bird|p2a: Vespiquen\n|-resisted|p2a: Vespiquen\n|-damage|p2a: Vespiquen|8/100\n|-damage|p1a: Mandibuzz|150/326|[from] Recoil\n|move|p2a: Vespiquen|Spikes|p1a: Mandibuzz\n|-sidestart|p1: p0x2959378d|Spikes\n|\n|upkeep\n|turn|44\n|inactive|Time left: 300 sec this turn | 300 sec total\n|\n|t:|1783573146\n|move|p1a: Mandibuzz|Brave Bird|p2a: Vespiquen\n|-resisted|p2a: Vespiquen\n|-crit|p2a: Vespiquen\n|-damage|p2a: Vespiquen|0 fnt\n|faint|p2a: Vespiquen\n|-damage|p1a: Mandibuzz|143/326|[from] Recoil\n|\n|win|p0x2959378d", "uploadtime": 1783573146, "views": 0, "rating": 0, "private": 0, "password": null, "_winner": "p0x2959378d", "_our_name": "p0x2959378d"}