{"id": "battle-gen9randombattle-243", "formatid": "gen9randombattle", "format": "[Gen 9] Random Battle", "players": ["p0x2430d75", "p0y2433c07"], "log": "|init|battle\n|title|p0x2430d75 vs. p0y2433c07\n|j|\u2606p0x2430d75\n|j|\u2606p0y2433c07\n|t:|1783542401\n|gametype|singles\n|player|p1|p0x2430d75|101|\n|player|p2|p0y2433c07|170|\n|gen|9\n|tier|[Gen 9] Random Battle\n|rule|Species Clause: Limit one of each Pok\u00e9mon\n|rule|HP Percentage Mod: HP is shown in percentages\n|rule|Sleep Clause Mod: Limit one foe put to sleep\n|rule|Illusion Level Mod: Illusion disguises the Pok\u00e9mon's true level\n|\n|t:|1783542401\n|teamsize|p1|6\n|teamsize|p2|6\n|start\n|switch|p1a: Clawitzer|Clawitzer, L87, F|100/100\n|switch|p2a: Passimian|Passimian, L83, M|302/302\n|turn|1\n|inactive|Battle timer is ON: inactive players will automatically lose when time's up. (requested by p0x2430d75)\n|inactive|Time left: 300 sec this turn | 300 sec total | 60 sec grace\n|inactive|p0y2433c07 also wants the timer to be on.\n|\n|t:|1783542402\n|move|p2a: Passimian|Knock Off|p1a: Clawitzer\n|-damage|p1a: Clawitzer|57/100\n|-enditem|p1a: Clawitzer|Assault Vest|[from] move: Knock Off|[of] p2a: Passimian\n|move|p1a: Clawitzer|Water Pulse|p2a: Passimian\n|-damage|p2a: Passimian|152/302\n|\n|upkeep\n|turn|2\n|inactive|Time left: 300 sec this turn | 300 sec total\n|\n|t:|1783542404\n|switch|p2a: Mimikyu|Mimikyu, L79, F|216/216\n|move|p1a: Clawitzer|Water Pulse|p2a: Mimikyu\n|-activate|p2a: Mimikyu|ability: Disguise\n|-damage|p2a: Mimikyu|216/216\n|-start|p2a: Mimikyu|confusion\n|detailschange|p2a: Mimikyu|Mimikyu-Busted, L79, F\n|-damage|p2a: Mimikyu|189/216|[from] pokemon: Mimikyu-Busted\n|\n|upkeep\n|turn|3\n|inactive|Time left: 300 sec this turn | 300 sec total\n|\n|t:|1783542405\n|switch|p2a: Ludicolo|Ludicolo, L90, M|290/290\n|move|p1a: Clawitzer|Water Pulse|p2a: Ludicolo\n|-resisted|p2a: Ludicolo\n|-damage|p2a: Ludicolo|266/290\n|\n|upkeep\n|turn|4\n|inactive|Time left: 300 sec this turn | 300 sec total\n|\n|t:|1783542407\n|move|p2a: Ludicolo|Giga Drain|p1a: Clawitzer\n|-supereffective|p1a: Clawitzer\n|-crit|p1a: Clawitzer\n|-damage|p1a: Clawitzer|0 fnt\n|-heal|p2a: Ludicolo|290/290|[from] drain|[of] p1a: Clawitzer\n|faint|p1a: Clawitzer\n|\n|upkeep\n|\n|t:|1783542408\n|switch|p1a: Brute Bonnet|Brute Bonnet, L80|100/100\n|turn|5\n|inactive|Time left: 300 sec this turn | 300 sec total\n|\n|t:|1783542409\n|move|p2a: Ludicolo|Giga Drain|p1a: Brute Bonnet\n|-resisted|p1a: Brute Bonnet\n|-damage|p1a: Brute Bonnet|82/100\n|move|p1a: Brute Bonnet|Crunch|p2a: Ludicolo\n|-damage|p2a: Ludicolo|179/290\n|\n|-heal|p1a: Brute Bonnet|88/100|[from] item: Leftovers\n|upkeep\n|turn|6\n|inactive|Time left: 300 sec this turn | 300 sec total\n|\n|t:|1783542410\n|move|p2a: Ludicolo|Giga Drain|p1a: Brute Bonnet\n|-resisted|p1a: Brute Bonnet\n|-damage|p1a: Brute Bonnet|68/100\n|-heal|p2a: Ludicolo|209/290|[from] drain|[of] p1a: Brute Bonnet\n|move|p1a: Brute Bonnet|Seed Bomb|p2a: Ludicolo\n|-crit|p2a: Ludicolo\n|-damage|p2a: Ludicolo|37/290\n|\n|-heal|p1a: Brute Bonnet|75/100|[from] item: Leftovers\n|upkeep\n|turn|7\n|inactive|Time left: 300 sec this turn | 300 sec total\n|\n|t:|1783542411\n|switch|p2a: Passimian|Passimian, L83, M|152/302\n|move|p1a: Brute Bonnet|Seed Bomb|p2a: Passimian\n|-damage|p2a: Passimian|52/302\n|\n|-heal|p1a: Brute Bonnet|81/100|[from] item: Leftovers\n|upkeep\n|turn|8\n|inactive|Time left: 300 sec this turn | 300 sec total\n|\n|t:|1783542412\n|-terastallize|p1a: Brute Bonnet|Dark\n|move|p1a: Brute Bonnet|Sucker Punch|p2a: Passimian\n|-resisted|p2a: Passimian\n|-damage|p2a: Passimian|0 fnt\n|faint|p2a: Passimian\n|\n|-heal|p1a: Brute Bonnet|87/100|[from] item: Leftovers\n|upkeep\n|inactive|Time left: 300 sec this turn | 300 sec total | 5 sec grace\n|\n|t:|1783542413\n|switch|p2a: Emboar|Emboar, L84, F|322/322\n|turn|9\n|inactive|Time left: 300 sec this turn | 300 sec total\n|\n|t:|1783542414\n|move|p2a: Emboar|Close Combat|p1a: Brute Bonnet\n|-supereffective|p1a: Brute Bonnet\n|-damage|p1a: Brute Bonnet|0 fnt\n|-unboost|p2a: Emboar|def|1\n|-unboost|p2a: Emboar|spd|1\n|faint|p1a: Brute Bonnet\n|-end|p1a: Brute Bonnet|Protosynthesis|[silent]\n|\n|upkeep\n|\n|t:|1783542415\n|switch|p1a: Eelektross|Eelektross, L87, F|100/100\n|turn|10\n|inactive|Time left: 300 sec this turn | 300 sec total\n|\n|t:|1783542416\n|move|p2a: Emboar|Flare Blitz|p1a: Eelektross\n|-damage|p1a: Eelektross|37/100\n|-status|p1a: Eelektross|brn\n|-damage|p2a: Emboar|262/322|[from] Recoil\n|move|p1a: Eelektross|Supercell Slam|p2a: Emboar\n|-damage|p2a: Emboar|145/322\n|\n|-heal|p1a: Eelektross|44/100 brn|[from] item: Leftovers\n|-damage|p1a: Eelektross|37/100 brn|[from] brn\n|upkeep\n|turn|11\n|inactive|Time left: 300 sec this turn | 300 sec total\n|\n|t:|1783542418\n|move|p2a: Emboar|Flare Blitz|p1a: Eelektross\n|-damage|p1a: Eelektross|0 fnt\n|faint|p1a: Eelektross\n|-damage|p2a: Emboar|110/322|[from] Recoil\n|\n|upkeep\n|\n|t:|1783542419\n|switch|p1a: Keldeo|Keldeo-Resolute, L79|100/100\n|turn|12\n|inactive|Time left: 300 sec this turn | 300 sec total\n|\n|t:|1783542420\n|switch|p2a: Mimikyu|Mimikyu-Busted, L79, F|189/216\n|move|p1a: Keldeo|Secret Sword|p2a: Mimikyu\n|-immune|p2a: Mimikyu\n|\n|upkeep\n|turn|13\n|inactive|Time left: 300 sec this turn | 300 sec total\n|\n|t:|1783542420\n|move|p1a: Keldeo|Hydro Pump|p2a: Mimikyu\n|-damage|p2a: Mimikyu|33/216\n|-damage|p1a: Keldeo|91/100|[from] item: Life Orb\n|move|p2a: Mimikyu|Play Rough|p1a: Keldeo\n|-supereffective|p1a: Keldeo\n|-damage|p1a: Keldeo|18/100\n|-damage|p2a: Mimikyu|12/216|[from] item: Life Orb\n|\n|upkeep\n|turn|14\n|inactive|Time left: 300 sec this turn | 300 sec total\n|\n|t:|1783542422\n|move|p1a: Keldeo|Hydro Pump|p2a: Mimikyu\n|-damage|p2a: Mimikyu|0 fnt\n|faint|p2a: Mimikyu\n|-damage|p1a: Keldeo|8/100|[from] item: Life Orb\n|\n|upkeep\n|inactive|Time left: 300 sec this turn | 300 sec total | 5 sec grace\n|\n|t:|1783542423\n|switch|p2a: Furret|Furret, L94, M|312/312\n|-item|p1a: Keldeo|Life Orb|[from] ability: Frisk|[of] p2a: Furret\n|turn|15\n|inactive|Time left: 300 sec this turn | 300 sec total\n|\n|t:|1783542424\n|move|p1a: Keldeo|Vacuum Wave|p2a: Furret\n|-supereffective|p2a: Furret\n|-damage|p2a: Furret|169/312\n|-damage|p1a: Keldeo|0 fnt|[from] item: Life Orb\n|faint|p1a: Keldeo\n|move|p2a: Furret|Double-Edge|p1: Keldeo|[notarget]\n|-fail|p2a: Furret\n|\n|upkeep\n|\n|t:|1783542425\n|switch|p1a: Camerupt|Camerupt, L91, M|100/100\n|turn|16\n|inactive|Time left: 300 sec this turn | 300 sec total\n|\n|t:|1783542426\n|move|p2a: Furret|Double-Edge|p1a: Camerupt\n|-damage|p1a: Camerupt|27/100\n|-damage|p2a: Furret|102/312|[from] Recoil\n|-damage|p2a: Furret|71/312|[from] item: Life Orb\n|move|p1a: Camerupt|Earthquake|p2a: Furret\n|-damage|p2a: Furret|0 fnt\n|faint|p2a: Furret\n|\n|-heal|p1a: Camerupt|33/100|[from] item: Leftovers\n|upkeep\n|inactive|Time left: 300 sec this turn | 300 sec total | 5 sec grace\n|\n|t:|1783542427\n|switch|p2a: Ludicolo|Ludicolo, L90, M|37/290\n|turn|17\n|inactive|Time left: 300 sec this turn | 300 sec total\n|\n|t:|1783542428\n|switch|p1a: Mienshao|Mienshao, L83, M|100/100\n|move|p2a: Ludicolo|Giga Drain|p1a: Mienshao\n|-damage|p1a: Mienshao|56/100\n|-heal|p2a: Ludicolo|91/290|[from] drain|[of] p1a: Mienshao\n|\n|upkeep\n|turn|18\n|inactive|Time left: 300 sec this turn | 300 sec total\n|\n|t:|1783542429\n|switch|p2a: Emboar|Emboar, L84, F|110/322\n|move|p1a: Mienshao|Close Combat|p2a: Emboar\n|-damage|p2a: Emboar|0 fnt\n|-unboost|p1a: Mienshao|def|1\n|-unboost|p1a: Mienshao|spd|1\n|faint|p2a: Emboar\n|\n|upkeep\n|inactive|Time left: 300 sec this turn | 300 sec total | 5 sec grace\n|\n|t:|1783542430\n|switch|p2a: Snorlax|Snorlax, L82, M|397/397\n|turn|19\n|inactive|Time left: 300 sec this turn | 300 sec total\n|\n|t:|1783542431\n|switch|p1a: Camerupt|Camerupt, L91, M|33/100\n|-terastallize|p2a: Snorlax|Poison\n|move|p2a: Snorlax|Body Slam|p1a: Camerupt\n|-damage|p1a: Camerupt|0 fnt\n|faint|p1a: Camerupt\n|\n|upkeep\n|\n|t:|1783542432\n|switch|p1a: Mienshao|Mienshao, L83, M|89/100\n|turn|20\n|inactive|Time left: 300 sec this turn | 300 sec total\n|\n|t:|1783542433\n|move|p1a: Mienshao|Fake Out|p2a: Snorlax\n|-damage|p2a: Snorlax|356/397\n|cant|p2a: Snorlax|flinch\n|\n|-heal|p2a: Snorlax|380/397|[from] item: Leftovers\n|upkeep\n|turn|21\n|inactive|Time left: 300 sec this turn | 300 sec total\n|\n|t:|1783542433\n|move|p1a: Mienshao|Fake Out||[still]\n|-hint|Fake Out only works on your first turn out.\n|-fail|p1a: Mienshao\n|move|p2a: Snorlax|Body Slam|p1a: Mienshao\n|-damage|p1a: Mienshao|34/100\n|\n|-heal|p2a: Snorlax|397/397|[from] item: Leftovers\n|upkeep\n|turn|22\n|inactive|Time left: 300 sec this turn | 300 sec total\n|\n|t:|1783542434\n|move|p1a: Mienshao|Knock Off|p2a: Snorlax\n|-crit|p2a: Snorlax\n|-damage|p2a: Snorlax|230/397\n|-enditem|p2a: Snorlax|Leftovers|[from] move: Knock Off|[of] p1a: Mienshao\n|move|p2a: Snorlax|Body Slam|p1a: Mienshao\n|-damage|p1a: Mienshao|0 fnt\n|faint|p1a: Mienshao\n|\n|win|p0y2433c07", "uploadtime": 1783542434, "views": 0, "rating": 0, "private": 0, "password": null, "_winner": "p0y2433c07", "_our_name": "p0y2433c07"}