{"id": "battle-gen9randombattle-1777", "formatid": "gen9randombattle", "format": "[Gen 9] Random Battle", "players": ["p0x1777cc42", "p0y177721a2"], "log": "|init|battle\n|title|p0x1777cc42 vs. p0y177721a2\n|j|\u2606p0x1777cc42\n|j|\u2606p0y177721a2\n|t:|1783560590\n|gametype|singles\n|player|p1|p0x1777cc42|102|\n|player|p2|p0y177721a2|2|\n|gen|9\n|tier|[Gen 9] Random Battle\n|rule|Species Clause: Limit one of each Pok\u00e9mon\n|rule|HP Percentage Mod: HP is shown in percentages\n|rule|Sleep Clause Mod: Limit one foe put to sleep\n|rule|Illusion Level Mod: Illusion disguises the Pok\u00e9mon's true level\n|\n|t:|1783560590\n|teamsize|p1|6\n|teamsize|p2|6\n|start\n|switch|p1a: Great Tusk|Great Tusk, L77|304/304\n|switch|p2a: Dugtrio|Dugtrio-Alola, L84, F|100/100\n|turn|1\n|inactive|Battle timer is ON: inactive players will automatically lose when time's up. (requested by p0y177721a2)\n|inactive|Time left: 300 sec this turn | 300 sec total | 60 sec grace\n|\n|t:|1783560591\n|switch|p2a: Bombirdier|Bombirdier, L85, M|100/100\n|move|p1a: Great Tusk|Headlong Rush|p2a: Bombirdier\n|-immune|p2a: Bombirdier\n|\n|upkeep\n|turn|2\n|inactive|Time left: 300 sec this turn | 300 sec total\n|inactive|p0x1777cc42 also wants the timer to be on.\n|\n|t:|1783560592\n|move|p2a: Bombirdier|Brave Bird|p1a: Great Tusk\n|-supereffective|p1a: Great Tusk\n|-damage|p1a: Great Tusk|0 fnt\n|faint|p1a: Great Tusk\n|-end|p1a: Great Tusk|Protosynthesis|[silent]\n|-damage|p2a: Bombirdier|62/100|[from] Recoil\n|\n|upkeep\n|inactive|Time left: 300 sec this turn | 300 sec total | 5 sec grace\n|\n|t:|1783560593\n|switch|p1a: Pincurchin|Pincurchin, M|258/258\n|-fieldstart|move: Electric Terrain|[from] ability: Electric Surge|[of] p1a: Pincurchin\n|turn|3\n|inactive|Time left: 300 sec this turn | 300 sec total\n|\n|t:|1783560594\n|switch|p2a: Abomasnow|Abomasnow, L84, F|100/100\n|-weather|Snowscape|[from] ability: Snow Warning|[of] p2a: Abomasnow\n|move|p1a: Pincurchin|Zing Zap|p2a: Abomasnow\n|-resisted|p2a: Abomasnow\n|-damage|p2a: Abomasnow|78/100\n|\n|-weather|Snowscape|[upkeep]\n|upkeep\n|turn|4\n|inactive|Time left: 300 sec this turn | 300 sec total\n|\n|t:|1783560595\n|move|p2a: Abomasnow|Aurora Veil|p2a: Abomasnow\n|-sidestart|p2: p0y177721a2|move: Aurora Veil\n|move|p1a: Pincurchin|Curse|p1a: Pincurchin\n|-unboost|p1a: Pincurchin|spe|1\n|-boost|p1a: Pincurchin|atk|1\n|-boost|p1a: Pincurchin|def|1\n|\n|-weather|Snowscape|[upkeep]\n|upkeep\n|turn|5\n|inactive|Time left: 300 sec this turn | 300 sec total\n|\n|t:|1783560596\n|move|p2a: Abomasnow|Blizzard|p1a: Pincurchin\n|-damage|p1a: Pincurchin|168/258\n|move|p1a: Pincurchin|Zing Zap|p2a: Abomasnow\n|-resisted|p2a: Abomasnow\n|-crit|p2a: Abomasnow\n|-damage|p2a: Abomasnow|27/100\n|\n|-weather|Snowscape|[upkeep]\n|-heal|p1a: Pincurchin|184/258|[from] item: Leftovers\n|upkeep\n|turn|6\n|inactive|Time left: 300 sec this turn | 300 sec total\n|\n|t:|1783560597\n|move|p2a: Abomasnow|Blizzard|p1a: Pincurchin\n|-damage|p1a: Pincurchin|91/258\n|move|p1a: Pincurchin|Recover|p1a: Pincurchin\n|-heal|p1a: Pincurchin|220/258\n|\n|-weather|Snowscape|[upkeep]\n|-heal|p1a: Pincurchin|236/258|[from] item: Leftovers\n|upkeep\n|turn|7\n|inactive|Time left: 300 sec this turn | 300 sec total\n|\n|t:|1783560598\n|move|p2a: Abomasnow|Blizzard|p1a: Pincurchin\n|-damage|p1a: Pincurchin|137/258\n|move|p1a: Pincurchin|Zing Zap|p2a: Abomasnow\n|-resisted|p2a: Abomasnow\n|-damage|p2a: Abomasnow|12/100\n|\n|-weather|none\n|-heal|p1a: Pincurchin|153/258|[from] item: Leftovers\n|-fieldend|move: Electric Terrain\n|upkeep\n|turn|8\n|inactive|Time left: 300 sec this turn | 300 sec total\n|\n|t:|1783560599\n|move|p2a: Abomasnow|Blizzard|p1a: Pincurchin\n|-damage|p1a: Pincurchin|50/258\n|move|p1a: Pincurchin|Recover|p1a: Pincurchin\n|-heal|p1a: Pincurchin|179/258\n|\n|-heal|p1a: Pincurchin|195/258|[from] item: Leftovers\n|upkeep\n|turn|9\n|inactive|Time left: 300 sec this turn | 300 sec total\n|\n|t:|1783560600\n|move|p2a: Abomasnow|Blizzard|p1a: Pincurchin|[miss]\n|-miss|p2a: Abomasnow|p1a: Pincurchin\n|move|p1a: Pincurchin|Recover|p1a: Pincurchin\n|-heal|p1a: Pincurchin|258/258\n|\n|upkeep\n|turn|10\n|inactive|Time left: 300 sec this turn | 300 sec total\n|\n|t:|1783560601\n|switch|p2a: Porygon-Z|Porygon-Z, L83|100/100\n|move|p1a: Pincurchin|Zing Zap|p2a: Porygon-Z\n|-damage|p2a: Porygon-Z|59/100\n|\n|upkeep\n|turn|11\n|inactive|Time left: 300 sec this turn | 300 sec total\n|\n|t:|1783560602\n|move|p2a: Porygon-Z|Nasty Plot|p2a: Porygon-Z\n|-boost|p2a: Porygon-Z|spa|2\n|move|p1a: Pincurchin|Zing Zap|p2a: Porygon-Z\n|-damage|p2a: Porygon-Z|20/100\n|\n|-sideend|p2: p0y177721a2|move: Aurora Veil\n|upkeep\n|turn|12\n|inactive|Time left: 300 sec this turn | 300 sec total\n|\n|t:|1783560603\n|move|p2a: Porygon-Z|Tri Attack|p1a: Pincurchin\n|-damage|p1a: Pincurchin|0 fnt\n|faint|p1a: Pincurchin\n|-damage|p2a: Porygon-Z|11/100|[from] item: Life Orb\n|\n|upkeep\n|inactive|Time left: 300 sec this turn | 300 sec total | 5 sec grace\n|\n|t:|1783560604\n|switch|p1a: Talonflame|Talonflame, L83, M|265/265\n|turn|13\n|inactive|Time left: 300 sec this turn | 300 sec total\n|\n|t:|1783560605\n|move|p1a: Talonflame|Brave Bird|p2a: Porygon-Z\n|-damage|p2a: Porygon-Z|0 fnt\n|faint|p2a: Porygon-Z\n|-damage|p1a: Talonflame|256/265|[from] Recoil\n|\n|upkeep\n|\n|t:|1783560606\n|switch|p2a: Bombirdier|Bombirdier, L85, M|62/100\n|turn|14\n|inactive|Time left: 300 sec this turn | 300 sec total\n|\n|t:|1783560606\n|move|p1a: Talonflame|Swords Dance|p1a: Talonflame\n|-boost|p1a: Talonflame|atk|2\n|move|p2a: Bombirdier|Knock Off|p1a: Talonflame\n|-crit|p1a: Talonflame\n|-damage|p1a: Talonflame|0 fnt\n|-enditem|p1a: Talonflame|Heavy-Duty Boots|[from] move: Knock Off|[of] p2a: Bombirdier\n|faint|p1a: Talonflame\n|\n|upkeep\n|inactive|Time left: 300 sec this turn | 300 sec total | 5 sec grace\n|\n|t:|1783560607\n|switch|p1a: Quaquaval|Quaquaval, L79, M|264/264\n|turn|15\n|inactive|Time left: 300 sec this turn | 300 sec total\n|\n|t:|1783560608\n|switch|p2a: Altaria|Altaria, L89, M|100/100\n|move|p1a: Quaquaval|Aqua Step|p2a: Altaria\n|-resisted|p2a: Altaria\n|-damage|p2a: Altaria|78/100\n|-boost|p1a: Quaquaval|spe|1\n|\n|upkeep\n|turn|16\n|inactive|Time left: 300 sec this turn | 300 sec total\n|\n|t:|1783560609\n|-terastallize|p1a: Quaquaval|Water\n|move|p1a: Quaquaval|Aqua Step|p2a: Altaria\n|-resisted|p2a: Altaria\n|-damage|p2a: Altaria|49/100\n|-boost|p1a: Quaquaval|spe|1\n|move|p2a: Altaria|Brave Bird|p1a: Quaquaval\n|-damage|p1a: Quaquaval|147/264\n|-damage|p2a: Altaria|35/100|[from] Recoil\n|\n|upkeep\n|turn|17\n|inactive|Time left: 300 sec this turn | 300 sec total\n|\n|t:|1783560610\n|move|p1a: Quaquaval|Aqua Step|p2a: Altaria\n|-resisted|p2a: Altaria\n|-damage|p2a: Altaria|2/100\n|-boost|p1a: Quaquaval|spe|1\n|move|p2a: Altaria|Brave Bird|p1a: Quaquaval\n|-damage|p1a: Quaquaval|27/264\n|-damage|p2a: Altaria|0 fnt|[from] Recoil\n|faint|p2a: Altaria\n|\n|upkeep\n|\n|t:|1783560611\n|switch|p2a: Dugtrio|Dugtrio-Alola, L84, F|100/100\n|turn|18\n|inactive|Time left: 300 sec this turn | 300 sec total\n|\n|t:|1783560612\n|move|p2a: Dugtrio|Sucker Punch|p1a: Quaquaval\n|-damage|p1a: Quaquaval|0 fnt\n|faint|p1a: Quaquaval\n|-damage|p2a: Dugtrio|91/100|[from] item: Life Orb\n|\n|upkeep\n|inactive|Time left: 300 sec this turn | 300 sec total | 5 sec grace\n|\n|t:|1783560613\n|switch|p1a: Shaymin|Shaymin, L82|298/298\n|turn|19\n|inactive|Time left: 300 sec this turn | 300 sec total\n|\n|t:|1783560614\n|switch|p2a: Bombirdier|Bombirdier, L85, M|62/100\n|move|p1a: Shaymin|Seed Flare|p2a: Bombirdier\n|-resisted|p2a: Bombirdier\n|-damage|p2a: Bombirdier|38/100\n|\n|upkeep\n|turn|20\n|inactive|Time left: 300 sec this turn | 300 sec total\n|\n|t:|1783560615\n|move|p1a: Shaymin|Substitute|p1a: Shaymin\n|-start|p1a: Shaymin|Substitute\n|-damage|p1a: Shaymin|224/298\n|move|p2a: Bombirdier|Brave Bird|p1a: Shaymin\n|-supereffective|p1a: Shaymin\n|-end|p1a: Shaymin|Substitute\n|-damage|p2a: Bombirdier|29/100|[from] Recoil|[of] p1a: Shaymin\n|\n|-heal|p1a: Shaymin|242/298|[from] item: Leftovers\n|upkeep\n|turn|21\n|inactive|Time left: 300 sec this turn | 300 sec total\n|\n|t:|1783560615\n|move|p1a: Shaymin|Substitute|p1a: Shaymin\n|-start|p1a: Shaymin|Substitute\n|-damage|p1a: Shaymin|168/298\n|move|p2a: Bombirdier|Brave Bird|p1a: Shaymin\n|-supereffective|p1a: Shaymin\n|-end|p1a: Shaymin|Substitute\n|-damage|p2a: Bombirdier|20/100|[from] Recoil|[of] p1a: Shaymin\n|\n|-heal|p1a: Shaymin|186/298|[from] item: Leftovers\n|upkeep\n|turn|22\n|inactive|Time left: 300 sec this turn | 300 sec total\n|\n|t:|1783560616\n|move|p1a: Shaymin|Seed Flare|p2a: Bombirdier\n|-resisted|p2a: Bombirdier\n|-damage|p2a: Bombirdier|0 fnt\n|faint|p2a: Bombirdier\n|\n|-heal|p1a: Shaymin|204/298|[from] item: Leftovers\n|upkeep\n|\n|t:|1783560617\n|switch|p2a: Electivire|Electivire, L84, F|100/100\n|turn|23\n|inactive|Time left: 300 sec this turn | 300 sec total\n|\n|t:|1783560618\n|move|p1a: Shaymin|Seed Flare|p2a: Electivire\n|-damage|p2a: Electivire|54/100\n|move|p2a: Electivire|Flamethrower|p1a: Shaymin\n|-supereffective|p1a: Shaymin\n|-crit|p1a: Shaymin\n|-damage|p1a: Shaymin|0 fnt\n|faint|p1a: Shaymin\n|-damage|p2a: Electivire|45/100|[from] item: Life Orb\n|\n|upkeep\n|inactive|Time left: 300 sec this turn | 300 sec total | 5 sec grace\n|\n|t:|1783560619\n|switch|p1a: Latias|Latias, L79, F|256/256\n|turn|24\n|inactive|Time left: 300 sec this turn | 300 sec total\n|\n|t:|1783560619\n|move|p1a: Latias|Psyshock|p2a: Electivire\n|-damage|p2a: Electivire|0 fnt\n|faint|p2a: Electivire\n|\n|upkeep\n|\n|t:|1783560620\n|switch|p2a: Dugtrio|Dugtrio-Alola, L84, F|91/100\n|turn|25\n|inactive|Time left: 300 sec this turn | 300 sec total\n|\n|t:|1783560621\n|move|p2a: Dugtrio|Swords Dance|p2a: Dugtrio\n|-boost|p2a: Dugtrio|atk|2\n|move|p1a: Latias|Calm Mind|p1a: Latias\n|-boost|p1a: Latias|spa|1\n|-boost|p1a: Latias|spd|1\n|\n|upkeep\n|turn|26\n|inactive|Time left: 300 sec this turn | 300 sec total\n|\n|t:|1783560622\n|move|p2a: Dugtrio|Swords Dance|p2a: Dugtrio\n|-boost|p2a: Dugtrio|atk|2\n|move|p1a: Latias|Recover||[still]\n|-fail|p1a: Latias|heal\n|\n|upkeep\n|turn|27\n|inactive|Time left: 300 sec this turn | 300 sec total\n|\n|t:|1783560622\n|move|p2a: Dugtrio|Iron Head|p1a: Latias\n|-damage|p1a: Latias|0 fnt\n|faint|p1a: Latias\n|-damage|p2a: Dugtrio|81/100|[from] item: Life Orb\n|\n|win|p0y177721a2", "uploadtime": 1783560622, "views": 0, "rating": 0, "private": 0, "password": null, "_winner": "p0y177721a2", "_our_name": "p0x1777cc42"}