{"id": "battle-gen9randombattle-1898", "formatid": "gen9randombattle", "format": "[Gen 9] Random Battle", "players": ["p0x18983a2d", "p0y189890f8"], "log": "|init|battle\n|title|p0x18983a2d vs. p0y189890f8\n|j|\u2606p0x18983a2d\n|j|\u2606p0y189890f8\n|t:|1783561965\n|gametype|singles\n|player|p1|p0x18983a2d|266|\n|player|p2|p0y189890f8|266|\n|gen|9\n|tier|[Gen 9] Random Battle\n|rule|Species Clause: Limit one of each Pok\u00e9mon\n|rule|HP Percentage Mod: HP is shown in percentages\n|rule|Sleep Clause Mod: Limit one foe put to sleep\n|rule|Illusion Level Mod: Illusion disguises the Pok\u00e9mon's true level\n|\n|t:|1783561965\n|teamsize|p1|6\n|teamsize|p2|6\n|start\n|switch|p1a: Gyarados|Gyarados, L79, M|280/280\n|switch|p2a: Flapple|Flapple, L88, M|100/100\n|turn|1\n|inactive|Battle timer is ON: inactive players will automatically lose when time's up. (requested by p0x18983a2d)\n|\n|t:|1783561966\n|-terastallize|p1a: Gyarados|Flying\n|move|p1a: Gyarados|Tera Blast|p2a: Flapple|[anim] Tera Blast Flying\n|-supereffective|p2a: Flapple\n|-damage|p2a: Flapple|1/100\n|move|p2a: Flapple|Outrage|p1a: Gyarados\n|-damage|p1a: Gyarados|6/280\n|\n|upkeep\n|turn|2\n|inactive|Time left: 300 sec this turn | 300 sec total\n|inactive|p0y189890f8 also wants the timer to be on.\n|\n|t:|1783561967\n|move|p1a: Gyarados|Tera Blast|p2a: Flapple|[anim] Tera Blast Flying\n|-supereffective|p2a: Flapple\n|-crit|p2a: Flapple\n|-damage|p2a: Flapple|0 fnt\n|faint|p2a: Flapple\n|-ability|p1a: Gyarados|Moxie|boost\n|-boost|p1a: Gyarados|atk|1\n|\n|upkeep\n|\n|t:|1783561968\n|switch|p2a: Iron Jugulis|Iron Jugulis, L77|100/100\n|turn|3\n|inactive|Time left: 300 sec this turn | 300 sec total\n|\n|t:|1783561969\n|move|p2a: Iron Jugulis|Hurricane|p1a: Gyarados|[miss]\n|-miss|p2a: Iron Jugulis|p1a: Gyarados\n|move|p1a: Gyarados|Tera Blast|p2a: Iron Jugulis|[anim] Tera Blast Flying\n|-damage|p2a: Iron Jugulis|21/100\n|\n|upkeep\n|turn|4\n|inactive|Time left: 300 sec this turn | 300 sec total\n|\n|t:|1783561970\n|move|p2a: Iron Jugulis|Hurricane|p1a: Gyarados\n|-damage|p1a: Gyarados|0 fnt\n|faint|p1a: Gyarados\n|\n|upkeep\n|inactive|Time left: 300 sec this turn | 300 sec total | 5 sec grace\n|\n|t:|1783561971\n|switch|p1a: Zamazenta|Zamazenta-Crowned, L68|238/238\n|-ability|p1a: Zamazenta|Dauntless Shield|boost\n|-boost|p1a: Zamazenta|def|1\n|turn|5\n|inactive|Time left: 300 sec this turn | 300 sec total\n|\n|t:|1783561971\n|-end|p2a: Iron Jugulis|Quark Drive|[silent]\n|switch|p2a: Farigiraf|Farigiraf, L90, M|100/100\n|move|p1a: Zamazenta|Body Press|p2a: Farigiraf\n|-damage|p2a: Farigiraf|65/100\n|\n|-heal|p2a: Farigiraf|71/100|[from] item: Leftovers\n|upkeep\n|turn|6\n|inactive|Time left: 300 sec this turn | 300 sec total\n|\n|t:|1783561972\n|move|p1a: Zamazenta|Body Press|p2a: Farigiraf\n|-damage|p2a: Farigiraf|38/100\n|move|p2a: Farigiraf|Wish|p2a: Farigiraf\n|\n|-heal|p2a: Farigiraf|44/100|[from] item: Leftovers\n|upkeep\n|turn|7\n|inactive|Time left: 300 sec this turn | 300 sec total\n|\n|t:|1783561973\n|move|p1a: Zamazenta|Body Press|p2a: Farigiraf\n|-damage|p2a: Farigiraf|12/100\n|move|p2a: Farigiraf|Psychic Noise|p1a: Zamazenta\n|-damage|p1a: Zamazenta|145/238\n|-start|p1a: Zamazenta|move: Heal Block\n|\n|-heal|p2a: Farigiraf|62/100|[from] move: Wish|[wisher] Farigiraf\n|-heal|p2a: Farigiraf|68/100|[from] item: Leftovers\n|upkeep\n|turn|8\n|inactive|Time left: 300 sec this turn | 300 sec total\n|\n|t:|1783561974\n|move|p1a: Zamazenta|Body Press|p2a: Farigiraf\n|-damage|p2a: Farigiraf|32/100\n|move|p2a: Farigiraf|Psychic Noise|p1a: Zamazenta\n|-damage|p1a: Zamazenta|61/238\n|\n|-heal|p2a: Farigiraf|38/100|[from] item: Leftovers\n|-end|p1a: Zamazenta|move: Heal Block\n|upkeep\n|turn|9\n|inactive|Time left: 300 sec this turn | 300 sec total\n|\n|t:|1783561975\n|move|p1a: Zamazenta|Body Press|p2a: Farigiraf\n|-damage|p2a: Farigiraf|2/100\n|move|p2a: Farigiraf|Psychic Noise|p1a: Zamazenta\n|-damage|p1a: Zamazenta|0 fnt\n|faint|p1a: Zamazenta\n|\n|-heal|p2a: Farigiraf|8/100|[from] item: Leftovers\n|upkeep\n|inactive|Time left: 300 sec this turn | 300 sec total | 5 sec grace\n|\n|t:|1783561976\n|switch|p1a: Raikou|Raikou, L81|278/278\n|-ability|p1a: Raikou|Pressure\n|turn|10\n|inactive|Time left: 300 sec this turn | 300 sec total\n|\n|t:|1783561977\n|switch|p2a: Ampharos|Ampharos, L88, F|100/100\n|move|p1a: Raikou|Scald|p2a: Ampharos\n|-damage|p2a: Ampharos|89/100\n|\n|upkeep\n|turn|11\n|inactive|Time left: 300 sec this turn | 300 sec total\n|\n|t:|1783561978\n|move|p1a: Raikou|Calm Mind|p1a: Raikou\n|-boost|p1a: Raikou|spa|1\n|-boost|p1a: Raikou|spd|1\n|move|p2a: Ampharos|Dazzling Gleam|p1a: Raikou\n|-damage|p1a: Raikou|236/278\n|\n|upkeep\n|turn|12\n|inactive|Time left: 300 sec this turn | 300 sec total\n|\n|t:|1783561979\n|move|p1a: Raikou|Calm Mind|p1a: Raikou\n|-boost|p1a: Raikou|spa|1\n|-boost|p1a: Raikou|spd|1\n|move|p2a: Ampharos|Dragon Tail|p1a: Raikou\n|-damage|p1a: Raikou|188/278\n|drag|p1a: Azelf|Azelf, L82|257/257\n|\n|upkeep\n|turn|13\n|inactive|Time left: 300 sec this turn | 300 sec total\n|\n|t:|1783561980\n|switch|p1a: Muk|Muk-Alola, L82, F|306/306\n|move|p2a: Ampharos|Discharge|p1a: Muk\n|-damage|p1a: Muk|239/306\n|\n|upkeep\n|turn|14\n|inactive|Time left: 300 sec this turn | 300 sec total\n|\n|t:|1783561981\n|switch|p2a: Rhydon|Rhydon, L85, F|100/100\n|move|p1a: Muk|Knock Off|p2a: Rhydon\n|-damage|p2a: Rhydon|83/100\n|-enditem|p2a: Rhydon|Eviolite|[from] move: Knock Off|[of] p1a: Muk\n|\n|upkeep\n|turn|15\n|inactive|Time left: 300 sec this turn | 300 sec total\n|\n|t:|1783561982\n|switch|p1a: Azelf|Azelf, L82|257/257\n|move|p2a: Rhydon|Earthquake|p1a: Azelf\n|-immune|p1a: Azelf|[from] ability: Levitate\n|\n|upkeep\n|turn|16\n|inactive|Time left: 300 sec this turn | 300 sec total\n|\n|t:|1783561982\n|move|p1a: Azelf|Psychic|p2a: Rhydon\n|-damage|p2a: Rhydon|14/100\n|-unboost|p2a: Rhydon|spd|1\n|-damage|p1a: Azelf|232/257|[from] item: Life Orb\n|move|p2a: Rhydon|Megahorn|p1a: Azelf\n|-supereffective|p1a: Azelf\n|-damage|p1a: Azelf|0 fnt\n|faint|p1a: Azelf\n|\n|upkeep\n|inactive|Time left: 300 sec this turn | 300 sec total | 5 sec grace\n|\n|t:|1783561983\n|switch|p1a: Mimikyu|Mimikyu, L79, F|216/216\n|turn|17\n|inactive|Time left: 300 sec this turn | 300 sec total\n|\n|t:|1783561984\n|switch|p2a: Farigiraf|Farigiraf, L90, M|8/100\n|move|p1a: Mimikyu|Swords Dance|p1a: Mimikyu\n|-boost|p1a: Mimikyu|atk|2\n|\n|-heal|p2a: Farigiraf|14/100|[from] item: Leftovers\n|upkeep\n|turn|18\n|inactive|Time left: 300 sec this turn | 300 sec total\n|\n|t:|1783561985\n|move|p2a: Farigiraf|Protect|p2a: Farigiraf\n|-singleturn|p2a: Farigiraf|Protect\n|move|p1a: Mimikyu|Play Rough|p2a: Farigiraf\n|-activate|p2a: Farigiraf|move: Protect\n|\n|-heal|p2a: Farigiraf|20/100|[from] item: Leftovers\n|upkeep\n|turn|19\n|inactive|Time left: 300 sec this turn | 300 sec total\n|\n|t:|1783561986\n|move|p2a: Farigiraf|Protect||[still]\n|-fail|p2a: Farigiraf\n|move|p1a: Mimikyu|Play Rough|p2a: Farigiraf\n|-damage|p2a: Farigiraf|0 fnt\n|faint|p2a: Farigiraf\n|-damage|p1a: Mimikyu|195/216|[from] item: Life Orb\n|\n|upkeep\n|\n|t:|1783561987\n|switch|p2a: Iron Jugulis|Iron Jugulis, L77|21/100\n|turn|20\n|inactive|Time left: 300 sec this turn | 300 sec total\n|\n|t:|1783561988\n|move|p2a: Iron Jugulis|Dark Pulse|p1a: Mimikyu\n|-activate|p1a: Mimikyu|ability: Disguise\n|-damage|p1a: Mimikyu|195/216\n|detailschange|p1a: Mimikyu|Mimikyu-Busted, L79, F\n|-damage|p1a: Mimikyu|168/216|[from] pokemon: Mimikyu-Busted\n|move|p1a: Mimikyu|Play Rough|p2a: Iron Jugulis\n|-supereffective|p2a: Iron Jugulis\n|-damage|p2a: Iron Jugulis|0 fnt\n|faint|p2a: Iron Jugulis\n|-end|p2a: Iron Jugulis|Quark Drive|[silent]\n|-damage|p1a: Mimikyu|147/216|[from] item: Life Orb\n|\n|upkeep\n|\n|t:|1783561989\n|switch|p2a: Ampharos|Ampharos, L88, F|89/100\n|turn|21\n|inactive|Time left: 300 sec this turn | 300 sec total\n|\n|t:|1783561990\n|move|p1a: Mimikyu|Play Rough|p2a: Ampharos\n|-damage|p2a: Ampharos|24/100\n|-damage|p1a: Mimikyu|126/216|[from] item: Life Orb\n|move|p2a: Ampharos|Discharge|p1a: Mimikyu\n|-damage|p1a: Mimikyu|35/216\n|\n|upkeep\n|turn|22\n|inactive|Time left: 300 sec this turn | 300 sec total\n|\n|t:|1783561991\n|move|p1a: Mimikyu|Play Rough|p2a: Ampharos|[miss]\n|-miss|p1a: Mimikyu|p2a: Ampharos\n|move|p2a: Ampharos|Dazzling Gleam|p1a: Mimikyu\n|-damage|p1a: Mimikyu|0 fnt\n|faint|p1a: Mimikyu\n|\n|upkeep\n|inactive|Time left: 300 sec this turn | 300 sec total | 5 sec grace\n|\n|t:|1783561992\n|switch|p1a: Muk|Muk-Alola, L82, F|239/306\n|turn|23\n|inactive|Time left: 300 sec this turn | 300 sec total\n|\n|t:|1783561993\n|move|p2a: Ampharos|Discharge|p1a: Muk\n|-damage|p1a: Muk|173/306\n|-status|p1a: Muk|par\n|move|p1a: Muk|Gunk Shot|p2a: Ampharos\n|-damage|p2a: Ampharos|0 fnt\n|faint|p2a: Ampharos\n|\n|upkeep\n|\n|t:|1783561994\n|switch|p2a: Rhydon|Rhydon, L85, F|14/100\n|turn|24\n|inactive|Time left: 300 sec this turn | 300 sec total\n|\n|t:|1783561995\n|move|p2a: Rhydon|Earthquake|p1a: Muk\n|-supereffective|p1a: Muk\n|-damage|p1a: Muk|0 fnt\n|faint|p1a: Muk\n|\n|upkeep\n|inactive|Time left: 300 sec this turn | 300 sec total | 5 sec grace\n|\n|t:|1783561996\n|switch|p1a: Raikou|Raikou, L81|188/278\n|-ability|p1a: Raikou|Pressure\n|turn|25\n|inactive|Time left: 300 sec this turn | 300 sec total\n|\n|t:|1783561997\n|move|p1a: Raikou|Scald|p2a: Rhydon\n|-supereffective|p2a: Rhydon\n|-damage|p2a: Rhydon|0 fnt\n|faint|p2a: Rhydon\n|\n|upkeep\n|\n|t:|1783561998\n|switch|p2a: Meloetta|Meloetta, L82|100/100\n|turn|26\n|inactive|Time left: 300 sec this turn | 300 sec total\n|\n|t:|1783561999\n|-terastallize|p2a: Meloetta|Normal\n|move|p1a: Raikou|Thunderbolt|p2a: Meloetta\n|-damage|p2a: Meloetta|72/100\n|-status|p2a: Meloetta|par\n|move|p2a: Meloetta|Hyper Voice|p1a: Raikou\n|-crit|p1a: Raikou\n|-damage|p1a: Raikou|0 fnt\n|faint|p1a: Raikou\n|\n|win|p0y189890f8", "uploadtime": 1783561999, "views": 0, "rating": 0, "private": 0, "password": null, "_winner": "p0y189890f8", "_our_name": "p0x18983a2d"}