{"id": "battle-gen9randombattle-1678", "formatid": "gen9randombattle", "format": "[Gen 9] Random Battle", "players": ["p0x1678b685", "p0y1678a624"], "log": "|init|battle\n|title|p0x1678b685 vs. p0y1678a624\n|j|\u2606p0x1678b685\n|j|\u2606p0y1678a624\n|t:|1783558687\n|gametype|singles\n|player|p1|p0x1678b685|265|\n|player|p2|p0y1678a624|101|\n|gen|9\n|tier|[Gen 9] Random Battle\n|rule|Species Clause: Limit one of each Pok\u00e9mon\n|rule|HP Percentage Mod: HP is shown in percentages\n|rule|Sleep Clause Mod: Limit one foe put to sleep\n|rule|Illusion Level Mod: Illusion disguises the Pok\u00e9mon's true level\n|\n|t:|1783558687\n|teamsize|p1|6\n|teamsize|p2|6\n|start\n|switch|p1a: Snorlax|Snorlax, L82, M|100/100\n|switch|p2a: Leavanny|Leavanny, L86, M|269/269\n|turn|1\n|inactive|Battle timer is ON: inactive players will automatically lose when time's up. (requested by p0x1678b685)\n|inactive|Time left: 300 sec this turn | 300 sec total | 60 sec grace\n|inactive|p0y1678a624 also wants the timer to be on.\n|\n|t:|1783558688\n|switch|p1a: Cloyster|Cloyster, L80, F|100/100\n|move|p2a: Leavanny|Sticky Web|p1a: Cloyster\n|-sidestart|p1: p0x1678b685|move: Sticky Web\n|\n|upkeep\n|turn|2\n|inactive|Time left: 300 sec this turn | 300 sec total\n|\n|t:|1783558689\n|-terastallize|p2a: Leavanny|Ghost\n|move|p2a: Leavanny|Bullet Seed|p1a: Cloyster\n|-supereffective|p1a: Cloyster\n|-damage|p1a: Cloyster|82/100\n|-supereffective|p1a: Cloyster\n|-damage|p1a: Cloyster|65/100\n|-supereffective|p1a: Cloyster\n|-damage|p1a: Cloyster|48/100\n|-supereffective|p1a: Cloyster\n|-damage|p1a: Cloyster|31/100\n|-supereffective|p1a: Cloyster\n|-damage|p1a: Cloyster|13/100\n|-hitcount|p1a: Cloyster|5\n|move|p1a: Cloyster|Shell Smash|p1a: Cloyster\n|-unboost|p1a: Cloyster|def|1\n|-unboost|p1a: Cloyster|spd|1\n|-boost|p1a: Cloyster|atk|2\n|-boost|p1a: Cloyster|spa|2\n|-boost|p1a: Cloyster|spe|2\n|-enditem|p1a: Cloyster|White Herb\n|-clearnegativeboost|p1a: Cloyster|[silent]\n|\n|upkeep\n|turn|3\n|inactive|Time left: 300 sec this turn | 300 sec total\n|\n|t:|1783558690\n|move|p1a: Cloyster|Icicle Spear|p2a: Leavanny\n|-damage|p2a: Leavanny|215/269\n|-damage|p2a: Leavanny|160/269\n|-damage|p2a: Leavanny|109/269\n|-damage|p2a: Leavanny|54/269\n|-damage|p2a: Leavanny|0 fnt\n|faint|p2a: Leavanny\n|-hitcount|p2: Leavanny|5\n|\n|upkeep\n|inactive|Time left: 300 sec this turn | 300 sec total | 5 sec grace\n|\n|t:|1783558691\n|switch|p2a: Bisharp|Bisharp, L79, M|232/232\n|turn|4\n|inactive|Time left: 300 sec this turn | 300 sec total\n|\n|t:|1783558691\n|move|p1a: Cloyster|Drill Run|p2a: Bisharp\n|-supereffective|p2a: Bisharp\n|-damage|p2a: Bisharp|106/232\n|move|p2a: Bisharp|Throat Chop|p1a: Cloyster\n|-damage|p1a: Cloyster|0 fnt\n|faint|p1a: Cloyster\n|\n|upkeep\n|\n|t:|1783558692\n|switch|p1a: Hitmonchan|Hitmonchan, L87, M|100/100\n|-activate|p1a: Hitmonchan|move: Sticky Web\n|-unboost|p1a: Hitmonchan|spe|1\n|turn|5\n|inactive|Time left: 300 sec this turn | 300 sec total\n|\n|t:|1783558693\n|move|p2a: Bisharp|Iron Head|p1a: Hitmonchan\n|-damage|p1a: Hitmonchan|57/100\n|cant|p1a: Hitmonchan|flinch\n|\n|-heal|p1a: Hitmonchan|63/100|[from] item: Leftovers\n|upkeep\n|turn|6\n|inactive|Time left: 300 sec this turn | 300 sec total\n|\n|t:|1783558694\n|move|p2a: Bisharp|Iron Head|p1a: Hitmonchan\n|-damage|p1a: Hitmonchan|21/100\n|move|p1a: Hitmonchan|Rapid Spin|p2a: Bisharp\n|-resisted|p2a: Bisharp\n|-damage|p2a: Bisharp|93/232\n|-boost|p1a: Hitmonchan|spe|1\n|-sideend|p1: p0x1678b685|Sticky Web|[from] move: Rapid Spin|[of] p1a: Hitmonchan\n|\n|-heal|p1a: Hitmonchan|27/100|[from] item: Leftovers\n|upkeep\n|turn|7\n|inactive|Time left: 300 sec this turn | 300 sec total\n|\n|t:|1783558695\n|switch|p2a: Calyrex|Calyrex, L93|337/337\n|-ability|p2a: Calyrex|Unnerve\n|move|p1a: Hitmonchan|Drain Punch|p2a: Calyrex\n|-resisted|p2a: Calyrex\n|-damage|p2a: Calyrex|289/337\n|-heal|p1a: Hitmonchan|37/100|[from] drain|[of] p2a: Calyrex\n|\n|-heal|p2a: Calyrex|310/337|[from] item: Leftovers\n|-heal|p1a: Hitmonchan|43/100|[from] item: Leftovers\n|upkeep\n|turn|8\n|inactive|Time left: 300 sec this turn | 300 sec total\n|\n|t:|1783558696\n|move|p2a: Calyrex|Psychic|p1a: Hitmonchan\n|-supereffective|p1a: Hitmonchan\n|-damage|p1a: Hitmonchan|0 fnt\n|faint|p1a: Hitmonchan\n|\n|-heal|p2a: Calyrex|331/337|[from] item: Leftovers\n|upkeep\n|\n|t:|1783558697\n|switch|p1a: Gallade|Gallade, L80, M|100/100\n|turn|9\n|inactive|Time left: 300 sec this turn | 300 sec total\n|\n|t:|1783558699\n|move|p2a: Calyrex|Psychic|p1a: Gallade\n|-damage|p1a: Gallade|64/100\n|move|p1a: Gallade|Night Slash|p2a: Calyrex\n|-supereffective|p2a: Calyrex\n|-damage|p2a: Calyrex|107/337\n|-damage|p1a: Gallade|54/100|[from] item: Life Orb\n|\n|-heal|p2a: Calyrex|128/337|[from] item: Leftovers\n|upkeep\n|turn|10\n|inactive|Time left: 300 sec this turn | 300 sec total\n|\n|t:|1783558700\n|move|p2a: Calyrex|Psychic|p1a: Gallade\n|-damage|p1a: Gallade|19/100\n|move|p1a: Gallade|Night Slash|p2a: Calyrex\n|-supereffective|p2a: Calyrex\n|-damage|p2a: Calyrex|0 fnt\n|faint|p2a: Calyrex\n|-damage|p1a: Gallade|9/100|[from] item: Life Orb\n|\n|upkeep\n|inactive|Time left: 300 sec this turn | 300 sec total | 5 sec grace\n|\n|t:|1783558701\n|switch|p2a: Zangoose|Zangoose, L85, M|263/263\n|turn|11\n|inactive|Time left: 300 sec this turn | 300 sec total\n|\n|t:|1783558702\n|switch|p1a: Snorlax|Snorlax, L82, M|100/100\n|move|p2a: Zangoose|Knock Off|p1a: Snorlax\n|-damage|p1a: Snorlax|76/100\n|-enditem|p1a: Snorlax|Chesto Berry|[from] move: Knock Off|[of] p2a: Zangoose\n|\n|-status|p2a: Zangoose|tox|[from] item: Toxic Orb\n|upkeep\n|turn|12\n|inactive|Time left: 300 sec this turn | 300 sec total\n|\n|t:|1783558703\n|switch|p1a: Gallade|Gallade, L80, M|9/100\n|move|p2a: Zangoose|Facade|p1a: Gallade\n|-damage|p1a: Gallade|0 fnt\n|faint|p1a: Gallade\n|\n|-damage|p2a: Zangoose|247/263 tox|[from] psn\n|upkeep\n|\n|t:|1783558704\n|switch|p1a: Volbeat|Volbeat, L90, M|100/100\n|turn|13\n|inactive|Time left: 300 sec this turn | 300 sec total\n|\n|t:|1783558705\n|move|p1a: Volbeat|Lunge|p2a: Zangoose\n|-crit|p2a: Zangoose\n|-damage|p2a: Zangoose|82/263 tox\n|-unboost|p2a: Zangoose|atk|1\n|move|p2a: Zangoose|Facade|p1a: Volbeat\n|-damage|p1a: Volbeat|35/100\n|\n|-damage|p2a: Zangoose|50/263 tox|[from] psn\n|upkeep\n|turn|14\n|inactive|Time left: 300 sec this turn | 300 sec total\n|\n|t:|1783558706\n|switch|p2a: Bisharp|Bisharp, L79, M|93/232\n|move|p1a: Volbeat|Lunge|p2a: Bisharp\n|-damage|p2a: Bisharp|44/232\n|-unboost|p2a: Bisharp|atk|1\n|-ability|p2a: Bisharp|Defiant|boost\n|-boost|p2a: Bisharp|atk|2\n|\n|upkeep\n|turn|15\n|inactive|Time left: 300 sec this turn | 300 sec total\n|\n|t:|1783558707\n|move|p2a: Bisharp|Sucker Punch|p1a: Volbeat\n|-damage|p1a: Volbeat|0 fnt\n|faint|p1a: Volbeat\n|\n|upkeep\n|\n|t:|1783558708\n|switch|p1a: Rotom|Rotom-Wash, L82|100/100\n|turn|16\n|inactive|Time left: 300 sec this turn | 300 sec total\n|\n|t:|1783558709\n|move|p2a: Bisharp|Sucker Punch||[still]\n|-fail|p2a: Bisharp\n|move|p1a: Rotom|Nasty Plot|p1a: Rotom\n|-boost|p1a: Rotom|spa|2\n|\n|upkeep\n|turn|17\n|inactive|Time left: 300 sec this turn | 300 sec total\n|\n|t:|1783558710\n|move|p1a: Rotom|Will-O-Wisp|p2a: Bisharp\n|-status|p2a: Bisharp|brn\n|move|p2a: Bisharp|Throat Chop|p1a: Rotom\n|-damage|p1a: Rotom|74/100\n|-start|p1a: Rotom|Throat Chop|[silent]\n|\n|-heal|p1a: Rotom|80/100|[from] item: Leftovers\n|-damage|p2a: Bisharp|30/232 brn|[from] brn\n|upkeep\n|turn|18\n|inactive|Time left: 300 sec this turn | 300 sec total\n|\n|t:|1783558711\n|move|p1a: Rotom|Nasty Plot|p1a: Rotom\n|-boost|p1a: Rotom|spa|2\n|move|p2a: Bisharp|Throat Chop|p1a: Rotom\n|-damage|p1a: Rotom|54/100\n|\n|-heal|p1a: Rotom|60/100|[from] item: Leftovers\n|-damage|p2a: Bisharp|16/232 brn|[from] brn\n|-end|p1a: Rotom|Throat Chop|[silent]\n|upkeep\n|turn|19\n|inactive|Time left: 300 sec this turn | 300 sec total\n|\n|t:|1783558712\n|move|p1a: Rotom|Nasty Plot|p1a: Rotom\n|-boost|p1a: Rotom|spa|2\n|move|p2a: Bisharp|Throat Chop|p1a: Rotom\n|-damage|p1a: Rotom|33/100\n|-start|p1a: Rotom|Throat Chop|[silent]\n|\n|-heal|p1a: Rotom|39/100|[from] item: Leftovers\n|-damage|p2a: Bisharp|2/232 brn|[from] brn\n|upkeep\n|turn|20\n|inactive|Time left: 300 sec this turn | 300 sec total\n|\n|t:|1783558713\n|move|p1a: Rotom|Hydro Pump|p2a: Bisharp\n|-damage|p2a: Bisharp|0 fnt\n|faint|p2a: Bisharp\n|\n|-heal|p1a: Rotom|45/100|[from] item: Leftovers\n|-end|p1a: Rotom|Throat Chop|[silent]\n|upkeep\n|inactive|Time left: 300 sec this turn | 300 sec total | 5 sec grace\n|\n|t:|1783558714\n|switch|p2a: Zangoose|Zangoose, L85, M|50/263 tox\n|turn|21\n|inactive|Time left: 300 sec this turn | 300 sec total\n|\n|t:|1783558715\n|move|p2a: Zangoose|Facade|p1a: Rotom\n|-damage|p1a: Rotom|0 fnt\n|faint|p1a: Rotom\n|\n|-damage|p2a: Zangoose|34/263 tox|[from] psn\n|upkeep\n|\n|t:|1783558716\n|switch|p1a: Snorlax|Snorlax, L82, M|76/100\n|turn|22\n|inactive|Time left: 300 sec this turn | 300 sec total\n|\n|t:|1783558717\n|move|p2a: Zangoose|Facade|p1a: Snorlax\n|-damage|p1a: Snorlax|0 fnt\n|faint|p1a: Snorlax\n|\n|win|p0y1678a624", "uploadtime": 1783558717, "views": 0, "rating": 0, "private": 0, "password": null, "_winner": "p0y1678a624", "_our_name": "p0y1678a624"}