{"id": "battle-gen9randombattle-585", "formatid": "gen9randombattle", "format": "[Gen 9] Random Battle", "players": ["p0x585be13", "p0y5852b6e"], "log": "|init|battle\n|title|p0x585be13 vs. p0y5852b6e\n|j|\u2606p0x585be13\n|j|\u2606p0y5852b6e\n|t:|1783546591\n|gametype|singles\n|player|p1|p0x585be13|169|\n|player|p2|p0y5852b6e|2|\n|gen|9\n|tier|[Gen 9] Random Battle\n|rule|Species Clause: Limit one of each Pok\u00e9mon\n|rule|HP Percentage Mod: HP is shown in percentages\n|rule|Sleep Clause Mod: Limit one foe put to sleep\n|rule|Illusion Level Mod: Illusion disguises the Pok\u00e9mon's true level\n|\n|t:|1783546591\n|teamsize|p1|6\n|teamsize|p2|6\n|start\n|switch|p1a: Latios|Latios, L78, M|253/253\n|switch|p2a: Dewgong|Dewgong, L94, M|100/100\n|turn|1\n|inactive|Battle timer is ON: inactive players will automatically lose when time's up. (requested by p0y5852b6e)\n|inactive|Time left: 300 sec this turn | 300 sec total | 60 sec grace\n|inactive|p0x585be13 also wants the timer to be on.\n|\n|t:|1783546592\n|switch|p1a: Basculin|Basculin-Blue-Striped, L86, M|261/261\n|move|p2a: Dewgong|Triple Axel|p1a: Basculin\n|-resisted|p1a: Basculin\n|-damage|p1a: Basculin|247/261\n|-resisted|p1a: Basculin\n|-damage|p1a: Basculin|222/261\n|-resisted|p1a: Basculin\n|-damage|p1a: Basculin|186/261\n|-hitcount|p1a: Basculin|3\n|\n|upkeep\n|turn|2\n|inactive|Time left: 300 sec this turn | 300 sec total\n|\n|t:|1783546594\n|move|p1a: Basculin|Wave Crash|p2a: Dewgong\n|-resisted|p2a: Dewgong\n|-damage|p2a: Dewgong|65/100\n|-damage|p1a: Basculin|148/261|[from] Recoil\n|move|p2a: Dewgong|Triple Axel|p1a: Basculin\n|-resisted|p1a: Basculin\n|-damage|p1a: Basculin|135/261\n|-resisted|p1a: Basculin\n|-damage|p1a: Basculin|111/261\n|-resisted|p1a: Basculin\n|-damage|p1a: Basculin|75/261\n|-hitcount|p1a: Basculin|3\n|\n|upkeep\n|turn|3\n|inactive|Time left: 300 sec this turn | 300 sec total\n|\n|t:|1783546595\n|move|p1a: Basculin|Wave Crash|p2a: Dewgong\n|-resisted|p2a: Dewgong\n|-damage|p2a: Dewgong|25/100\n|-damage|p1a: Basculin|33/261|[from] Recoil\n|move|p2a: Dewgong|Triple Axel|p1a: Basculin\n|-resisted|p1a: Basculin\n|-damage|p1a: Basculin|21/261\n|-resisted|p1a: Basculin\n|-damage|p1a: Basculin|0 fnt\n|faint|p1a: Basculin\n|-hitcount|p1: Basculin|2\n|\n|upkeep\n|inactive|Time left: 300 sec this turn | 300 sec total | 5 sec grace\n|\n|t:|1783546596\n|switch|p1a: Polteageist|Polteageist, L78|222/222\n|turn|4\n|inactive|Time left: 300 sec this turn | 300 sec total\n|\n|t:|1783546598\n|switch|p2a: Goodra|Goodra, L85, M|100/100\n|move|p1a: Polteageist|Shell Smash|p1a: Polteageist\n|-unboost|p1a: Polteageist|def|1\n|-unboost|p1a: Polteageist|spd|1\n|-boost|p1a: Polteageist|atk|2\n|-boost|p1a: Polteageist|spa|2\n|-boost|p1a: Polteageist|spe|2\n|-enditem|p1a: Polteageist|White Herb\n|-clearnegativeboost|p1a: Polteageist|[silent]\n|\n|upkeep\n|turn|5\n|inactive|Time left: 300 sec this turn | 300 sec total\n|\n|t:|1783546599\n|move|p1a: Polteageist|Shadow Ball|p2a: Goodra\n|-damage|p2a: Goodra|70/100\n|move|p2a: Goodra|Dragon Tail|p1a: Polteageist\n|-damage|p1a: Polteageist|126/222\n|-start|p2a: Goodra|Disable|Dragon Tail|[from] ability: Cursed Body|[of] p1a: Polteageist\n|drag|p1a: Latios|Latios, L78, M|253/253\n|\n|upkeep\n|turn|6\n|inactive|Time left: 300 sec this turn | 300 sec total\n|\n|t:|1783546601\n|switch|p1a: Kyogre|Kyogre, L71|259/259\n|-weather|RainDance|[from] ability: Drizzle|[of] p1a: Kyogre\n|move|p2a: Goodra|Draco Meteor|p1a: Kyogre|[miss]\n|-miss|p2a: Goodra|p1a: Kyogre\n|\n|-weather|RainDance|[upkeep]\n|upkeep\n|turn|7\n|inactive|Time left: 300 sec this turn | 300 sec total\n|\n|t:|1783546602\n|move|p2a: Goodra|Power Whip|p1a: Kyogre\n|-supereffective|p1a: Kyogre\n|-damage|p1a: Kyogre|45/259\n|move|p1a: Kyogre|Origin Pulse|p2a: Goodra\n|-resisted|p2a: Goodra\n|-damage|p2a: Goodra|56/100\n|\n|-weather|RainDance|[upkeep]\n|-heal|p1a: Kyogre|61/259|[from] item: Leftovers\n|upkeep\n|turn|8\n|inactive|Time left: 300 sec this turn | 300 sec total\n|\n|t:|1783546603\n|switch|p1a: Chimecho|Chimecho, L93, M|290/290\n|move|p2a: Goodra|Power Whip|p1a: Chimecho\n|-damage|p1a: Chimecho|196/290\n|\n|-weather|RainDance|[upkeep]\n|-heal|p1a: Chimecho|214/290|[from] item: Leftovers\n|-end|p2a: Goodra|Disable\n|upkeep\n|turn|9\n|inactive|Time left: 300 sec this turn | 300 sec total\n|\n|t:|1783546605\n|move|p1a: Chimecho|Thunder Wave|p2a: Goodra\n|-status|p2a: Goodra|par\n|cant|p2a: Goodra|par\n|\n|-weather|RainDance|[upkeep]\n|-heal|p1a: Chimecho|232/290|[from] item: Leftovers\n|upkeep\n|turn|10\n|inactive|Time left: 300 sec this turn | 300 sec total\n|\n|t:|1783546606\n|move|p1a: Chimecho|Psychic Noise|p2a: Goodra\n|-damage|p2a: Goodra|41/100 par\n|-start|p2a: Goodra|move: Heal Block\n|move|p2a: Goodra|Dragon Tail|p1a: Chimecho\n|-damage|p1a: Chimecho|162/290\n|drag|p1a: Polteageist|Polteageist, L78|126/222\n|\n|-weather|none\n|upkeep\n|turn|11\n|inactive|Time left: 300 sec this turn | 300 sec total\n|\n|t:|1783546607\n|move|p1a: Polteageist|Shell Smash|p1a: Polteageist\n|-unboost|p1a: Polteageist|def|1\n|-unboost|p1a: Polteageist|spd|1\n|-boost|p1a: Polteageist|atk|2\n|-boost|p1a: Polteageist|spa|2\n|-boost|p1a: Polteageist|spe|2\n|cant|p2a: Goodra|par\n|\n|-end|p2a: Goodra|move: Heal Block\n|upkeep\n|turn|12\n|inactive|Time left: 300 sec this turn | 300 sec total\n|\n|t:|1783546608\n|-terastallize|p1a: Polteageist|Psychic\n|move|p1a: Polteageist|Stored Power|p2a: Goodra\n|-crit|p2a: Goodra\n|-damage|p2a: Goodra|0 fnt\n|faint|p2a: Goodra\n|\n|upkeep\n|\n|t:|1783546609\n|switch|p2a: Scizor|Scizor, L79, F|100/100\n|turn|13\n|inactive|Time left: 300 sec this turn | 300 sec total\n|\n|t:|1783546611\n|move|p2a: Scizor|Bullet Punch|p1a: Polteageist\n|-damage|p1a: Polteageist|0 fnt\n|-start|p2a: Scizor|Disable|Bullet Punch|[from] ability: Cursed Body|[of] p1a: Polteageist\n|faint|p1a: Polteageist\n|\n|upkeep\n|inactive|Time left: 300 sec this turn | 300 sec total | 5 sec grace\n|\n|t:|1783546612\n|switch|p1a: Chimecho|Chimecho, L93, M|162/290\n|turn|14\n|inactive|Time left: 300 sec this turn | 300 sec total\n|\n|t:|1783546613\n|move|p1a: Chimecho|Recover|p1a: Chimecho\n|-heal|p1a: Chimecho|290/290\n|move|p2a: Scizor|Knock Off|p1a: Chimecho\n|-supereffective|p1a: Chimecho\n|-crit|p1a: Chimecho\n|-damage|p1a: Chimecho|78/290\n|-enditem|p1a: Chimecho|Leftovers|[from] move: Knock Off|[of] p2a: Scizor\n|\n|upkeep\n|turn|15\n|inactive|Time left: 300 sec this turn | 300 sec total\n|\n|t:|1783546614\n|move|p1a: Chimecho|Recover|p1a: Chimecho\n|-heal|p1a: Chimecho|223/290\n|move|p2a: Scizor|Knock Off|p1a: Chimecho\n|-supereffective|p1a: Chimecho\n|-damage|p1a: Chimecho|119/290\n|\n|upkeep\n|turn|16\n|inactive|Time left: 300 sec this turn | 300 sec total\n|\n|t:|1783546615\n|move|p1a: Chimecho|Recover|p1a: Chimecho\n|-heal|p1a: Chimecho|264/290\n|move|p2a: Scizor|Knock Off|p1a: Chimecho\n|-supereffective|p1a: Chimecho\n|-damage|p1a: Chimecho|154/290\n|\n|-end|p2a: Scizor|Disable\n|upkeep\n|turn|17\n|inactive|Time left: 300 sec this turn | 300 sec total\n|\n|t:|1783546616\n|move|p1a: Chimecho|Recover|p1a: Chimecho\n|-heal|p1a: Chimecho|290/290\n|move|p2a: Scizor|Knock Off|p1a: Chimecho\n|-supereffective|p1a: Chimecho\n|-damage|p1a: Chimecho|188/290\n|\n|upkeep\n|turn|18\n|inactive|Time left: 300 sec this turn | 300 sec total\n|\n|t:|1783546618\n|move|p1a: Chimecho|Recover|p1a: Chimecho\n|-heal|p1a: Chimecho|290/290\n|move|p2a: Scizor|Knock Off|p1a: Chimecho\n|-supereffective|p1a: Chimecho\n|-damage|p1a: Chimecho|184/290\n|\n|upkeep\n|turn|19\n|inactive|Time left: 300 sec this turn | 300 sec total\n|\n|t:|1783546619\n|move|p1a: Chimecho|Recover|p1a: Chimecho\n|-heal|p1a: Chimecho|290/290\n|move|p2a: Scizor|Knock Off|p1a: Chimecho\n|-supereffective|p1a: Chimecho\n|-damage|p1a: Chimecho|194/290\n|\n|upkeep\n|turn|20\n|inactive|Time left: 300 sec this turn | 300 sec total\n|\n|t:|1783546620\n|move|p1a: Chimecho|Recover|p1a: Chimecho\n|-heal|p1a: Chimecho|290/290\n|move|p2a: Scizor|Knock Off|p1a: Chimecho\n|-supereffective|p1a: Chimecho\n|-damage|p1a: Chimecho|192/290\n|\n|upkeep\n|turn|21\n|inactive|Time left: 300 sec this turn | 300 sec total\n|\n|t:|1783546621\n|move|p1a: Chimecho|Thunder Wave|p2a: Scizor\n|-status|p2a: Scizor|par\n|move|p2a: Scizor|Knock Off|p1a: Chimecho\n|-supereffective|p1a: Chimecho\n|-damage|p1a: Chimecho|100/290\n|\n|upkeep\n|turn|22\n|inactive|Time left: 300 sec this turn | 300 sec total\n|\n|t:|1783546622\n|move|p1a: Chimecho|Recover|p1a: Chimecho\n|-heal|p1a: Chimecho|245/290\n|move|p2a: Scizor|Knock Off|p1a: Chimecho\n|-supereffective|p1a: Chimecho\n|-damage|p1a: Chimecho|139/290\n|\n|upkeep\n|turn|23\n|inactive|Time left: 300 sec this turn | 300 sec total\n|\n|t:|1783546623\n|move|p1a: Chimecho|Psychic Noise|p2a: Scizor\n|-resisted|p2a: Scizor\n|-damage|p2a: Scizor|78/100 par\n|-start|p2a: Scizor|move: Heal Block\n|move|p2a: Scizor|Knock Off|p1a: Chimecho\n|-supereffective|p1a: Chimecho\n|-damage|p1a: Chimecho|43/290\n|\n|upkeep\n|turn|24\n|inactive|Time left: 300 sec this turn | 300 sec total\n|\n|t:|1783546625\n|cant|p2a: Scizor|par\n|move|p1a: Chimecho|Psychic Noise|p2a: Scizor\n|-resisted|p2a: Scizor\n|-damage|p2a: Scizor|54/100 par\n|\n|-end|p2a: Scizor|move: Heal Block\n|upkeep\n|turn|25\n|inactive|Time left: 300 sec this turn | 300 sec total\n|\n|t:|1783546626\n|move|p2a: Scizor|Bullet Punch|p1a: Chimecho\n|-damage|p1a: Chimecho|0 fnt\n|faint|p1a: Chimecho\n|\n|-heal|p2a: Scizor|60/100 par|[from] item: Leftovers\n|upkeep\n|inactive|Time left: 300 sec this turn | 300 sec total | 5 sec grace\n|\n|t:|1783546627\n|switch|p1a: Kyogre|Kyogre, L71|61/259\n|-weather|RainDance|[from] ability: Drizzle|[of] p1a: Kyogre\n|turn|26\n|inactive|Time left: 300 sec this turn | 300 sec total\n|\n|t:|1783546628\n|switch|p2a: Meganium|Meganium, L90, M|100/100\n|move|p1a: Kyogre|Origin Pulse|p2a: Meganium\n|-resisted|p2a: Meganium\n|-damage|p2a: Meganium|75/100\n|\n|-weather|RainDance|[upkeep]\n|-heal|p2a: Meganium|82/100|[from] item: Leftovers\n|-heal|p1a: Kyogre|77/259|[from] item: Leftovers\n|upkeep\n|turn|27\n|inactive|Time left: 300 sec this turn | 300 sec total\n|\n|t:|1783546629\n|switch|p1a: Latios|Latios, L78, M|253/253\n|move|p2a: Meganium|Knock Off|p1a: Latios\n|-supereffective|p1a: Latios\n|-crit|p1a: Latios\n|-damage|p1a: Latios|3/253\n|-enditem|p1a: Latios|Soul Dew|[from] move: Knock Off|[of] p2a: Meganium\n|\n|-weather|RainDance|[upkeep]\n|-heal|p2a: Meganium|88/100|[from] item: Leftovers\n|upkeep\n|turn|28\n|inactive|Time left: 300 sec this turn | 300 sec total\n|\n|t:|1783546631\n|move|p1a: Latios|Recover|p1a: Latios\n|-heal|p1a: Latios|130/253\n|move|p2a: Meganium|Leech Seed|p1a: Latios\n|-start|p1a: Latios|move: Leech Seed\n|\n|-weather|RainDance|[upkeep]\n|-heal|p2a: Meganium|94/100|[from] item: Leftovers\n|-damage|p1a: Latios|99/253|[from] Leech Seed|[of] p2a: Meganium\n|-heal|p2a: Meganium|100/100|[silent]\n|upkeep\n|turn|29\n|inactive|Time left: 300 sec this turn | 300 sec total\n|\n|t:|1783546632\n|move|p1a: Latios|Recover|p1a: Latios\n|-heal|p1a: Latios|226/253\n|move|p2a: Meganium|Knock Off|p1a: Latios\n|-supereffective|p1a: Latios\n|-damage|p1a: Latios|112/253\n|\n|-weather|RainDance|[upkeep]\n|-damage|p1a: Latios|81/253|[from] Leech Seed|[of] p2a: Meganium\n|upkeep\n|turn|30\n|inactive|Time left: 300 sec this turn | 300 sec total\n|\n|t:|1783546633\n|move|p1a: Latios|Recover|p1a: Latios\n|-heal|p1a: Latios|208/253\n|move|p2a: Meganium|Knock Off|p1a: Latios\n|-supereffective|p1a: Latios\n|-damage|p1a: Latios|106/253\n|\n|-weather|none\n|-damage|p1a: Latios|75/253|[from] Leech Seed|[of] p2a: Meganium\n|upkeep\n|turn|31\n|inactive|Time left: 300 sec this turn | 300 sec total\n|\n|t:|1783546634\n|move|p1a: Latios|Recover|p1a: Latios\n|-heal|p1a: Latios|202/253\n|move|p2a: Meganium|Knock Off|p1a: Latios\n|-supereffective|p1a: Latios\n|-damage|p1a: Latios|98/253\n|\n|-damage|p1a: Latios|67/253|[from] Leech Seed|[of] p2a: Meganium\n|upkeep\n|turn|32\n|inactive|Time left: 300 sec this turn | 300 sec total\n|\n|t:|1783546635\n|move|p1a: Latios|Recover|p1a: Latios\n|-heal|p1a: Latios|194/253\n|move|p2a: Meganium|Knock Off|p1a: Latios\n|-supereffective|p1a: Latios\n|-damage|p1a: Latios|92/253\n|\n|-damage|p1a: Latios|61/253|[from] Leech Seed|[of] p2a: Meganium\n|upkeep\n|turn|33\n|inactive|Time left: 300 sec this turn | 300 sec total\n|\n|t:|1783546636\n|move|p1a: Latios|Recover|p1a: Latios\n|-heal|p1a: Latios|188/253\n|move|p2a: Meganium|Energy Ball|p1a: Latios\n|-resisted|p1a: Latios\n|-damage|p1a: Latios|146/253\n|\n|-damage|p1a: Latios|115/253|[from] Leech Seed|[of] p2a: Meganium\n|upkeep\n|turn|34\n|inactive|Time left: 300 sec this turn | 300 sec total\n|\n|t:|1783546637\n|move|p1a: Latios|Recover|p1a: Latios\n|-heal|p1a: Latios|242/253\n|move|p2a: Meganium|Knock Off|p1a: Latios\n|-supereffective|p1a: Latios\n|-damage|p1a: Latios|136/253\n|\n|-damage|p1a: Latios|105/253|[from] Leech Seed|[of] p2a: Meganium\n|upkeep\n|turn|35\n|inactive|Time left: 300 sec this turn | 300 sec total\n|\n|t:|1783546638\n|move|p1a: Latios|Recover|p1a: Latios\n|-heal|p1a: Latios|232/253\n|move|p2a: Meganium|Knock Off|p1a: Latios\n|-supereffective|p1a: Latios\n|-damage|p1a: Latios|118/253\n|\n|-damage|p1a: Latios|87/253|[from] Leech Seed|[of] p2a: Meganium\n|upkeep\n|turn|36\n|inactive|Time left: 300 sec this turn | 300 sec total\n|\n|t:|1783546639\n|move|p1a: Latios|Luster Purge|p2a: Meganium\n|-crit|p2a: Meganium\n|-damage|p2a: Meganium|49/100\n|move|p2a: Meganium|Knock Off|p1a: Latios\n|-supereffective|p1a: Latios\n|-damage|p1a: Latios|0 fnt\n|faint|p1a: Latios\n|\n|-heal|p2a: Meganium|55/100|[from] item: Leftovers\n|upkeep\n|inactive|Time left: 300 sec this turn | 300 sec total | 5 sec grace\n|\n|t:|1783546640\n|switch|p1a: Electrode|Electrode, L92|260/260\n|turn|37\n|inactive|Time left: 300 sec this turn | 300 sec total\n|\n|t:|1783546641\n|move|p1a: Electrode|Thunder Wave|p2a: Meganium\n|-status|p2a: Meganium|par\n|move|p2a: Meganium|Energy Ball|p1a: Electrode\n|-damage|p1a: Electrode|160/260\n|\n|-heal|p2a: Meganium|61/100 par|[from] item: Leftovers\n|upkeep\n|turn|38\n|inactive|Time left: 300 sec this turn | 300 sec total\n|\n|t:|1783546642\n|switch|p2a: Electivire|Electivire, L84, M|100/100\n|move|p1a: Electrode|Thunderbolt|p2a: Electivire\n|-ability|p2a: Electivire|Motor Drive|boost\n|-boost|p2a: Electivire|spe|1\n|\n|upkeep\n|turn|39\n|inactive|Time left: 300 sec this turn | 300 sec total\n|\n|t:|1783546643\n|move|p1a: Electrode|Foul Play|p2a: Electivire\n|-crit|p2a: Electivire\n|-damage|p2a: Electivire|18/100\n|-damage|p1a: Electrode|134/260|[from] item: Life Orb\n|move|p2a: Electivire|Earthquake|p1a: Electrode\n|-supereffective|p1a: Electrode\n|-damage|p1a: Electrode|0 fnt\n|faint|p1a: Electrode\n|-damage|p2a: Electivire|8/100|[from] item: Life Orb\n|\n|upkeep\n|inactive|Time left: 300 sec this turn | 300 sec total | 5 sec grace\n|\n|t:|1783546644\n|switch|p1a: Kyogre|Kyogre, L71|77/259\n|-weather|RainDance|[from] ability: Drizzle|[of] p1a: Kyogre\n|turn|40\n|inactive|Time left: 300 sec this turn | 300 sec total\n|\n|t:|1783546645\n|move|p2a: Electivire|Volt Switch|p1a: Kyogre\n|-supereffective|p1a: Kyogre\n|-damage|p1a: Kyogre|0 fnt\n|faint|p1a: Kyogre\n|-damage|p2a: Electivire|0 fnt|[from] item: Life Orb\n|faint|p2a: Electivire\n|\n|win|p0y5852b6e", "uploadtime": 1783546645, "views": 0, "rating": 0, "private": 0, "password": null, "_winner": "p0y5852b6e", "_our_name": "p0x585be13"}