{"id": "battle-gen9randombattle-544", "formatid": "gen9randombattle", "format": "[Gen 9] Random Battle", "players": ["p0x544b576", "p0y5449085"], "log": "|init|battle\n|title|p0x544b576 vs. p0y5449085\n|j|\u2606p0x544b576\n|j|\u2606p0y5449085\n|t:|1783545373\n|gametype|singles\n|player|p1|p0x544b576|1|\n|player|p2|p0y5449085|170|\n|gen|9\n|tier|[Gen 9] Random Battle\n|rule|Species Clause: Limit one of each Pok\u00e9mon\n|rule|HP Percentage Mod: HP is shown in percentages\n|rule|Sleep Clause Mod: Limit one foe put to sleep\n|rule|Illusion Level Mod: Illusion disguises the Pok\u00e9mon's true level\n|\n|t:|1783545373\n|teamsize|p1|6\n|teamsize|p2|6\n|start\n|switch|p1a: Koraidon|Koraidon, L64|100/100\n|switch|p2a: Flygon|Flygon, L82, F|265/265\n|-weather|SunnyDay|[from] ability: Orichalcum Pulse|[of] p1a: Koraidon\n|-activate|p1a: Koraidon|Orichalcum Pulse|[source]\n|turn|1\n|inactive|Battle timer is ON: inactive players will automatically lose when time's up. (requested by p0x544b576)\n|inactive|Time left: 300 sec this turn | 300 sec total | 60 sec grace\n|inactive|p0y5449085 also wants the timer to be on.\n|\n|t:|1783545375\n|move|p2a: Flygon|Outrage|p1a: Koraidon\n|-supereffective|p1a: Koraidon\n|-damage|p1a: Koraidon|0 fnt\n|faint|p1a: Koraidon\n|\n|-weather|SunnyDay|[upkeep]\n|upkeep\n|\n|t:|1783545376\n|switch|p1a: Fezandipiti|Fezandipiti, L82, M|100/100\n|turn|2\n|inactive|Time left: 300 sec this turn | 300 sec total\n|\n|t:|1783545378\n|move|p2a: Flygon|Outrage|p1a: Fezandipiti|[from] lockedmove\n|-immune|p1a: Fezandipiti\n|-start|p2a: Flygon|confusion|[fatigue]\n|move|p1a: Fezandipiti|Moonblast|p2a: Flygon\n|-supereffective|p2a: Flygon\n|-damage|p2a: Flygon|85/265\n|\n|-weather|SunnyDay|[upkeep]\n|upkeep\n|turn|3\n|inactive|Time left: 300 sec this turn | 300 sec total\n|\n|t:|1783545379\n|switch|p2a: Victreebel|Victreebel, L90, F|290/290\n|move|p1a: Fezandipiti|Gunk Shot|p2a: Victreebel\n|-damage|p2a: Victreebel|152/290\n|\n|-weather|SunnyDay|[upkeep]\n|upkeep\n|turn|4\n|inactive|Time left: 300 sec this turn | 300 sec total\n|\n|t:|1783545380\n|move|p2a: Victreebel|Strength Sap|p1a: Fezandipiti\n|-unboost|p1a: Fezandipiti|atk|1\n|-heal|p2a: Victreebel|290/290\n|move|p1a: Fezandipiti|Gunk Shot|p2a: Victreebel\n|-damage|p2a: Victreebel|193/290\n|\n|-weather|SunnyDay|[upkeep]\n|upkeep\n|turn|5\n|inactive|Time left: 300 sec this turn | 300 sec total\n|\n|t:|1783545381\n|switch|p1a: Ceruledge|Ceruledge, L78, M|100/100\n|move|p2a: Victreebel|Strength Sap|p1a: Ceruledge\n|-unboost|p1a: Ceruledge|atk|1\n|-heal|p2a: Victreebel|290/290\n|\n|-weather|none\n|upkeep\n|turn|6\n|inactive|Time left: 300 sec this turn | 300 sec total\n|\n|t:|1783545382\n|switch|p2a: Conkeldurr|Conkeldurr, L80, M|299/299\n|move|p1a: Ceruledge|Swords Dance|p1a: Ceruledge\n|-boost|p1a: Ceruledge|atk|2\n|\n|-status|p2a: Conkeldurr|brn|[from] item: Flame Orb\n|upkeep\n|turn|7\n|inactive|Time left: 300 sec this turn | 300 sec total\n|\n|t:|1783545384\n|-terastallize|p1a: Ceruledge|Fire\n|move|p1a: Ceruledge|Bitter Blade|p2a: Conkeldurr\n|-crit|p2a: Conkeldurr\n|-damage|p2a: Conkeldurr|0 fnt\n|faint|p2a: Conkeldurr\n|\n|upkeep\n|inactive|Time left: 300 sec this turn | 300 sec total | 5 sec grace\n|\n|t:|1783545385\n|switch|p2a: Flygon|Flygon, L82, F|85/265\n|turn|8\n|inactive|Time left: 300 sec this turn | 300 sec total\n|\n|t:|1783545386\n|switch|p1a: Bronzong|Bronzong, L88|100/100\n|move|p2a: Flygon|Earthquake|p1a: Bronzong\n|-immune|p1a: Bronzong|[from] ability: Levitate\n|\n|upkeep\n|turn|9\n|inactive|Time left: 300 sec this turn | 300 sec total\n|\n|t:|1783545387\n|switch|p2a: Morpeko|Morpeko, L88, F|245/245\n|move|p1a: Bronzong|Stealth Rock|p2a: Morpeko\n|-sidestart|p2: p0y5449085|move: Stealth Rock\n|\n|-formechange|p2a: Morpeko|Morpeko-Hangry||[from] ability: Hunger Switch\n|upkeep\n|turn|10\n|inactive|Time left: 300 sec this turn | 300 sec total\n|\n|t:|1783545388\n|move|p2a: Morpeko|Aura Wheel|p1a: Bronzong\n|-supereffective|p1a: Bronzong\n|-damage|p1a: Bronzong|31/100\n|-boost|p2a: Morpeko|spe|1\n|move|p1a: Bronzong|Earthquake|p2a: Morpeko\n|-supereffective|p2a: Morpeko\n|-damage|p2a: Morpeko|67/245\n|\n|-heal|p2a: Morpeko|82/245|[from] item: Leftovers\n|-heal|p1a: Bronzong|37/100|[from] item: Leftovers\n|-formechange|p2a: Morpeko|Morpeko||[from] ability: Hunger Switch\n|upkeep\n|turn|11\n|inactive|Time left: 300 sec this turn | 300 sec total\n|\n|t:|1783545389\n|move|p2a: Morpeko|Knock Off|p1a: Bronzong\n|-supereffective|p1a: Bronzong\n|-damage|p1a: Bronzong|0 fnt\n|-enditem|p1a: Bronzong|Leftovers|[from] move: Knock Off|[of] p2a: Morpeko\n|faint|p1a: Bronzong\n|\n|-heal|p2a: Morpeko|97/245|[from] item: Leftovers\n|-formechange|p2a: Morpeko|Morpeko-Hangry||[from] ability: Hunger Switch\n|upkeep\n|\n|t:|1783545390\n|switch|p1a: Ceruledge|Ceruledge, L78, M, tera:Fire|100/100\n|turn|12\n|inactive|Time left: 300 sec this turn | 300 sec total\n|\n|t:|1783545391\n|switch|p2a: Zangoose|Zangoose, L85, M|263/263\n|-damage|p2a: Zangoose|231/263|[from] Stealth Rock\n|move|p1a: Ceruledge|Bitter Blade|p2a: Zangoose\n|-damage|p2a: Zangoose|59/263\n|\n|-status|p2a: Zangoose|tox|[from] item: Toxic Orb\n|upkeep\n|turn|13\n|inactive|Time left: 300 sec this turn | 300 sec total\n|\n|t:|1783545392\n|switch|p1a: Slowking|Slowking, L88, M|100/100\n|move|p2a: Zangoose|Facade|p1a: Slowking\n|-damage|p1a: Slowking|20/100\n|\n|-damage|p2a: Zangoose|43/263 tox|[from] psn\n|upkeep\n|turn|14\n|inactive|Time left: 300 sec this turn | 300 sec total\n|\n|t:|1783545393\n|move|p2a: Zangoose|Facade|p1a: Slowking\n|-damage|p1a: Slowking|0 fnt\n|faint|p1a: Slowking\n|\n|-damage|p2a: Zangoose|11/263 tox|[from] psn\n|upkeep\n|\n|t:|1783545394\n|switch|p1a: Swanna|Swanna, L89, M|100/100\n|turn|15\n|inactive|Time left: 300 sec this turn | 300 sec total\n|\n|t:|1783545395\n|move|p2a: Zangoose|Quick Attack|p1a: Swanna\n|-damage|p1a: Swanna|69/100\n|move|p1a: Swanna|Brave Bird|p2a: Zangoose\n|-damage|p2a: Zangoose|0 fnt\n|faint|p2a: Zangoose\n|-damage|p1a: Swanna|67/100|[from] Recoil\n|\n|upkeep\n|inactive|Time left: 300 sec this turn | 300 sec total | 5 sec grace\n|\n|t:|1783545396\n|switch|p2a: Flygon|Flygon, L82, F|85/265\n|-damage|p2a: Flygon|69/265|[from] Stealth Rock\n|turn|16\n|inactive|Time left: 300 sec this turn | 300 sec total\n|\n|t:|1783545397\n|move|p2a: Flygon|Outrage|p1a: Swanna\n|-damage|p1a: Swanna|12/100\n|move|p1a: Swanna|Brave Bird|p2a: Flygon\n|-damage|p2a: Flygon|0 fnt\n|faint|p2a: Flygon\n|-damage|p1a: Swanna|4/100|[from] Recoil\n|\n|upkeep\n|inactive|Time left: 300 sec this turn | 300 sec total | 5 sec grace\n|\n|t:|1783545398\n|switch|p2a: Morpeko|Morpeko, L88, F|97/245\n|-damage|p2a: Morpeko|67/245|[from] Stealth Rock\n|turn|17\n|inactive|Time left: 300 sec this turn | 300 sec total\n|\n|t:|1783545399\n|move|p2a: Morpeko|Protect|p2a: Morpeko\n|-singleturn|p2a: Morpeko|Protect\n|move|p1a: Swanna|Hydro Pump|p2a: Morpeko\n|-activate|p2a: Morpeko|move: Protect\n|\n|-heal|p2a: Morpeko|82/245|[from] item: Leftovers\n|-formechange|p2a: Morpeko|Morpeko-Hangry||[from] ability: Hunger Switch\n|upkeep\n|turn|18\n|inactive|Time left: 300 sec this turn | 300 sec total\n|\n|t:|1783545400\n|move|p2a: Morpeko|Protect|p2a: Morpeko\n|-singleturn|p2a: Morpeko|Protect\n|move|p1a: Swanna|Hydro Pump|p2a: Morpeko\n|-activate|p2a: Morpeko|move: Protect\n|\n|-heal|p2a: Morpeko|97/245|[from] item: Leftovers\n|-formechange|p2a: Morpeko|Morpeko||[from] ability: Hunger Switch\n|upkeep\n|turn|19\n|inactive|Time left: 300 sec this turn | 300 sec total\n|\n|t:|1783545401\n|move|p1a: Swanna|Hydro Pump|p2a: Morpeko\n|-damage|p2a: Morpeko|0 fnt\n|faint|p2a: Morpeko\n|\n|upkeep\n|inactive|Time left: 300 sec this turn | 300 sec total | 5 sec grace\n|\n|t:|1783545402\n|switch|p2a: Vespiquen|Vespiquen, L99, F|299/299\n|-ability|p2a: Vespiquen|Pressure\n|turn|20\n|inactive|Time left: 300 sec this turn | 300 sec total\n|\n|t:|1783545403\n|move|p1a: Swanna|Roost|p1a: Swanna\n|-heal|p1a: Swanna|54/100\n|-singleturn|p1a: Swanna|move: Roost\n|move|p2a: Vespiquen|Roost||[still]\n|-fail|p2a: Vespiquen|heal\n|\n|upkeep\n|turn|21\n|inactive|Time left: 300 sec this turn | 300 sec total\n|\n|t:|1783545404\n|move|p1a: Swanna|Roost|p1a: Swanna\n|-heal|p1a: Swanna|100/100\n|-singleturn|p1a: Swanna|move: Roost\n|move|p2a: Vespiquen|Toxic|p1a: Swanna\n|-status|p1a: Swanna|tox\n|\n|-damage|p1a: Swanna|94/100 tox|[from] psn\n|upkeep\n|turn|22\n|inactive|Time left: 300 sec this turn | 300 sec total\n|\n|t:|1783545405\n|switch|p1a: Ceruledge|Ceruledge, L78, M, tera:Fire|100/100\n|move|p2a: Vespiquen|Toxic|p1a: Ceruledge\n|-status|p1a: Ceruledge|tox\n|\n|-damage|p1a: Ceruledge|94/100 tox|[from] psn\n|upkeep\n|turn|23\n|inactive|Time left: 300 sec this turn | 300 sec total\n|\n|t:|1783545406\n|move|p1a: Ceruledge|Swords Dance|p1a: Ceruledge\n|-boost|p1a: Ceruledge|atk|2\n|move|p2a: Vespiquen|Roost||[still]\n|-fail|p2a: Vespiquen|heal\n|\n|-damage|p1a: Ceruledge|82/100 tox|[from] psn\n|upkeep\n|turn|24\n|inactive|Time left: 300 sec this turn | 300 sec total\n|\n|t:|1783545406\n|switch|p2a: Victreebel|Victreebel, L90, F|290/290\n|-damage|p2a: Victreebel|254/290|[from] Stealth Rock\n|move|p1a: Ceruledge|Bitter Blade|p2a: Victreebel\n|-supereffective|p2a: Victreebel\n|-damage|p2a: Victreebel|0 fnt\n|-heal|p1a: Ceruledge|100/100 tox|[from] drain|[of] p2a: Victreebel\n|faint|p2a: Victreebel\n|\n|-damage|p1a: Ceruledge|82/100 tox|[from] psn\n|upkeep\n|inactive|Time left: 300 sec this turn | 300 sec total | 5 sec grace\n|\n|t:|1783545407\n|switch|p2a: Vespiquen|Vespiquen, L99, F|299/299\n|-ability|p2a: Vespiquen|Pressure\n|turn|25\n|inactive|Time left: 300 sec this turn | 300 sec total\n|\n|t:|1783545408\n|-terastallize|p2a: Vespiquen|Steel\n|move|p1a: Ceruledge|Bitter Blade|p2a: Vespiquen\n|-supereffective|p2a: Vespiquen\n|-damage|p2a: Vespiquen|0 fnt\n|-heal|p1a: Ceruledge|100/100 tox|[from] drain|[of] p2a: Vespiquen\n|faint|p2a: Vespiquen\n|\n|win|p0x544b576", "uploadtime": 1783545408, "views": 0, "rating": 0, "private": 0, "password": null, "_winner": "p0x544b576", "_our_name": "p0y5449085"}