{"id": "battle-gen9randombattle-836", "formatid": "gen9randombattle", "format": "[Gen 9] Random Battle", "players": ["p0x83688b3", "p0y8367eb3"], "log": "|init|battle\n|title|p0x83688b3 vs. p0y8367eb3\n|j|\u2606p0x83688b3\n|j|\u2606p0y8367eb3\n|t:|1783549579\n|gametype|singles\n|player|p1|p0x83688b3|170|\n|player|p2|p0y8367eb3|265|\n|gen|9\n|tier|[Gen 9] Random Battle\n|rule|Species Clause: Limit one of each Pok\u00e9mon\n|rule|HP Percentage Mod: HP is shown in percentages\n|rule|Sleep Clause Mod: Limit one foe put to sleep\n|rule|Illusion Level Mod: Illusion disguises the Pok\u00e9mon's true level\n|\n|t:|1783549579\n|teamsize|p1|6\n|teamsize|p2|6\n|start\n|switch|p1a: Bombirdier|Bombirdier, L85, F|258/258\n|switch|p2a: Sinistcha|Sinistcha-Masterpiece, L83|100/100\n|turn|1\n|inactive|Battle timer is ON: inactive players will automatically lose when time's up. (requested by p0y8367eb3)\n|inactive|Time left: 300 sec this turn | 300 sec total | 60 sec grace\n|inactive|p0x83688b3 also wants the timer to be on.\n|\n|t:|1783549581\n|move|p1a: Bombirdier|Knock Off|p2a: Sinistcha\n|-supereffective|p2a: Sinistcha\n|-damage|p2a: Sinistcha|23/100\n|-enditem|p2a: Sinistcha|Leftovers|[from] move: Knock Off|[of] p1a: Bombirdier\n|move|p2a: Sinistcha|Strength Sap|p1a: Bombirdier\n|-unboost|p1a: Bombirdier|atk|1\n|-heal|p2a: Sinistcha|100/100\n|\n|upkeep\n|turn|2\n|inactive|Time left: 300 sec this turn | 300 sec total\n|\n|t:|1783549582\n|move|p1a: Bombirdier|Knock Off|p2a: Sinistcha\n|-supereffective|p2a: Sinistcha\n|-damage|p2a: Sinistcha|67/100\n|move|p2a: Sinistcha|Strength Sap|p1a: Bombirdier\n|-unboost|p1a: Bombirdier|atk|1\n|-heal|p2a: Sinistcha|100/100\n|\n|upkeep\n|turn|3\n|inactive|Time left: 300 sec this turn | 300 sec total\n|\n|t:|1783549583\n|switch|p1a: Dedenne|Dedenne, L88, M|261/261\n|move|p2a: Sinistcha|Matcha Gotcha|p1a: Dedenne\n|-damage|p1a: Dedenne|143/261\n|\n|upkeep\n|turn|4\n|inactive|Time left: 300 sec this turn | 300 sec total\n|\n|t:|1783549584\n|move|p1a: Dedenne|Nuzzle|p2a: Sinistcha\n|-resisted|p2a: Sinistcha\n|-damage|p2a: Sinistcha|97/100\n|-status|p2a: Sinistcha|par\n|move|p2a: Sinistcha|Calm Mind|p2a: Sinistcha\n|-boost|p2a: Sinistcha|spa|1\n|-boost|p2a: Sinistcha|spd|1\n|\n|upkeep\n|turn|5\n|inactive|Time left: 300 sec this turn | 300 sec total\n|\n|t:|1783549586\n|switch|p1a: Bombirdier|Bombirdier, L85, F|258/258\n|move|p2a: Sinistcha|Matcha Gotcha|p1a: Bombirdier\n|-resisted|p1a: Bombirdier\n|-damage|p1a: Bombirdier|189/258\n|-heal|p2a: Sinistcha|100/100 par|[from] drain|[of] p1a: Bombirdier\n|-status|p1a: Bombirdier|brn\n|\n|-damage|p1a: Bombirdier|173/258 brn|[from] brn\n|upkeep\n|turn|6\n|inactive|Time left: 300 sec this turn | 300 sec total\n|\n|t:|1783549587\n|move|p1a: Bombirdier|Knock Off|p2a: Sinistcha\n|-supereffective|p2a: Sinistcha\n|-damage|p2a: Sinistcha|74/100 par\n|move|p2a: Sinistcha|Calm Mind|p2a: Sinistcha\n|-boost|p2a: Sinistcha|spa|1\n|-boost|p2a: Sinistcha|spd|1\n|\n|-damage|p1a: Bombirdier|157/258 brn|[from] brn\n|upkeep\n|turn|7\n|inactive|Time left: 300 sec this turn | 300 sec total\n|\n|t:|1783549588\n|move|p1a: Bombirdier|Brave Bird|p2a: Sinistcha\n|-supereffective|p2a: Sinistcha\n|-damage|p2a: Sinistcha|26/100 par\n|-damage|p1a: Bombirdier|117/258 brn|[from] Recoil\n|move|p2a: Sinistcha|Strength Sap|p1a: Bombirdier\n|-unboost|p1a: Bombirdier|atk|1\n|-heal|p2a: Sinistcha|100/100 par\n|\n|-damage|p1a: Bombirdier|101/258 brn|[from] brn\n|upkeep\n|turn|8\n|inactive|Time left: 300 sec this turn | 300 sec total\n|\n|t:|1783549589\n|move|p1a: Bombirdier|Brave Bird|p2a: Sinistcha\n|-supereffective|p2a: Sinistcha\n|-damage|p2a: Sinistcha|70/100 par\n|-damage|p1a: Bombirdier|75/258 brn|[from] Recoil\n|cant|p2a: Sinistcha|par\n|\n|-damage|p1a: Bombirdier|59/258 brn|[from] brn\n|upkeep\n|turn|9\n|inactive|Time left: 300 sec this turn | 300 sec total\n|\n|t:|1783549590\n|move|p1a: Bombirdier|Brave Bird|p2a: Sinistcha\n|-supereffective|p2a: Sinistcha\n|-damage|p2a: Sinistcha|40/100 par\n|-damage|p1a: Bombirdier|34/258 brn|[from] Recoil\n|move|p2a: Sinistcha|Matcha Gotcha|p1a: Bombirdier|[miss]\n|-miss|p2a: Sinistcha|p1a: Bombirdier\n|\n|-damage|p1a: Bombirdier|18/258 brn|[from] brn\n|upkeep\n|turn|10\n|inactive|Time left: 300 sec this turn | 300 sec total\n|\n|t:|1783549592\n|move|p1a: Bombirdier|Brave Bird|p2a: Sinistcha\n|-supereffective|p2a: Sinistcha\n|-damage|p2a: Sinistcha|5/100 par\n|-damage|p1a: Bombirdier|0 fnt|[from] Recoil\n|faint|p1a: Bombirdier\n|move|p2a: Sinistcha|Strength Sap|p1: Bombirdier|[notarget]\n|-fail|p2a: Sinistcha\n|\n|upkeep\n|inactive|Time left: 300 sec this turn | 300 sec total | 5 sec grace\n|\n|t:|1783549593\n|switch|p1a: Dedenne|Dedenne, L88, M|143/261\n|turn|11\n|inactive|Time left: 300 sec this turn | 300 sec total\n|\n|t:|1783549593\n|move|p1a: Dedenne|Thunderbolt|p2a: Sinistcha\n|-resisted|p2a: Sinistcha\n|-damage|p2a: Sinistcha|0 fnt\n|faint|p2a: Sinistcha\n|\n|upkeep\n|\n|t:|1783549594\n|switch|p2a: Mismagius|Mismagius, L86, F|100/100\n|turn|12\n|inactive|Time left: 300 sec this turn | 300 sec total\n|\n|t:|1783549596\n|switch|p1a: Meganium|Meganium, L90, F|290/290\n|move|p2a: Mismagius|Nasty Plot|p2a: Mismagius\n|-boost|p2a: Mismagius|spa|2\n|\n|upkeep\n|turn|13\n|inactive|Time left: 300 sec this turn | 300 sec total\n|\n|t:|1783549597\n|move|p2a: Mismagius|Mystical Fire|p1a: Meganium\n|-supereffective|p1a: Meganium\n|-damage|p1a: Meganium|12/290\n|-unboost|p1a: Meganium|spa|1\n|-damage|p2a: Mismagius|91/100|[from] item: Life Orb\n|move|p1a: Meganium|Knock Off|p2a: Mismagius\n|-supereffective|p2a: Mismagius\n|-crit|p2a: Mismagius\n|-damage|p2a: Mismagius|0 fnt\n|-enditem|p2a: Mismagius|Life Orb|[from] move: Knock Off|[of] p1a: Meganium\n|faint|p2a: Mismagius\n|\n|-heal|p1a: Meganium|30/290|[from] item: Leftovers\n|upkeep\n|\n|t:|1783549598\n|switch|p2a: Lucario|Lucario, L84, F|100/100\n|turn|14\n|inactive|Time left: 300 sec this turn | 300 sec total\n|\n|t:|1783549599\n|switch|p1a: Chimecho|Chimecho, L93, F|290/290\n|move|p2a: Lucario|Nasty Plot|p2a: Lucario\n|-boost|p2a: Lucario|spa|2\n|\n|upkeep\n|turn|15\n|inactive|Time left: 300 sec this turn | 300 sec total\n|\n|t:|1783549600\n|move|p2a: Lucario|Flash Cannon|p1a: Chimecho\n|-damage|p1a: Chimecho|64/290\n|-damage|p2a: Lucario|91/100|[from] item: Life Orb\n|move|p1a: Chimecho|Psychic Noise|p2a: Lucario\n|-damage|p2a: Lucario|44/100\n|-start|p2a: Lucario|move: Heal Block\n|\n|-heal|p1a: Chimecho|82/290|[from] item: Leftovers\n|upkeep\n|turn|16\n|inactive|Time left: 300 sec this turn | 300 sec total\n|\n|t:|1783549601\n|move|p2a: Lucario|Flash Cannon|p1a: Chimecho\n|-damage|p1a: Chimecho|0 fnt\n|faint|p1a: Chimecho\n|-damage|p2a: Lucario|34/100|[from] item: Life Orb\n|\n|-end|p2a: Lucario|move: Heal Block\n|upkeep\n|inactive|Time left: 300 sec this turn | 300 sec total | 5 sec grace\n|\n|t:|1783549602\n|switch|p1a: Dedenne|Dedenne, L88, M|143/261\n|turn|17\n|inactive|Time left: 300 sec this turn | 300 sec total\n|\n|t:|1783549603\n|switch|p2a: Gouging Fire|Gouging Fire, L74|100/100\n|move|p1a: Dedenne|Dazzling Gleam|p2a: Gouging Fire\n|-damage|p2a: Gouging Fire|69/100\n|\n|upkeep\n|turn|18\n|inactive|Time left: 300 sec this turn | 300 sec total\n|\n|t:|1783549604\n|switch|p1a: Hippowdon|Hippowdon, L82, F|311/311\n|-weather|Sandstorm|[from] ability: Sand Stream|[of] p1a: Hippowdon\n|move|p2a: Gouging Fire|Dragon Dance|p2a: Gouging Fire\n|-boost|p2a: Gouging Fire|atk|1\n|-boost|p2a: Gouging Fire|spe|1\n|\n|-weather|Sandstorm|[upkeep]\n|-damage|p2a: Gouging Fire|63/100|[from] Sandstorm\n|upkeep\n|turn|19\n|inactive|Time left: 300 sec this turn | 300 sec total\n|\n|t:|1783549605\n|-terastallize|p2a: Gouging Fire|Ground\n|move|p2a: Gouging Fire|Outrage|p1a: Hippowdon\n|-damage|p1a: Hippowdon|172/311\n|move|p1a: Hippowdon|Earthquake|p2a: Gouging Fire\n|-damage|p2a: Gouging Fire|24/100\n|\n|-weather|Sandstorm|[upkeep]\n|-heal|p1a: Hippowdon|191/311|[from] item: Leftovers\n|upkeep\n|turn|20\n|inactive|Time left: 300 sec this turn | 300 sec total\n|\n|t:|1783549606\n|switch|p1a: Dedenne|Dedenne, L88, M|143/261\n|move|p2a: Gouging Fire|Outrage|p1a: Dedenne|[from] lockedmove\n|-immune|p1a: Dedenne\n|-start|p2a: Gouging Fire|confusion|[fatigue]\n|\n|-weather|Sandstorm|[upkeep]\n|-damage|p1a: Dedenne|127/261|[from] Sandstorm\n|-enditem|p1a: Dedenne|Sitrus Berry|[eat]\n|-heal|p1a: Dedenne|192/261|[from] item: Sitrus Berry\n|-heal|p1a: Dedenne|261/261|[from] ability: Cheek Pouch\n|upkeep\n|turn|21\n|inactive|Time left: 300 sec this turn | 300 sec total\n|\n|t:|1783549607\n|-activate|p2a: Gouging Fire|confusion\n|move|p2a: Gouging Fire|Earthquake|p1a: Dedenne\n|-supereffective|p1a: Dedenne\n|-damage|p1a: Dedenne|0 fnt\n|faint|p1a: Dedenne\n|\n|-weather|Sandstorm|[upkeep]\n|upkeep\n|inactive|Time left: 300 sec this turn | 300 sec total | 5 sec grace\n|\n|t:|1783549608\n|switch|p1a: Hippowdon|Hippowdon, L82, F|191/311\n|turn|22\n|inactive|Time left: 300 sec this turn | 300 sec total\n|\n|t:|1783549609\n|-activate|p2a: Gouging Fire|confusion\n|move|p2a: Gouging Fire|Outrage|p1a: Hippowdon\n|-damage|p1a: Hippowdon|62/311\n|move|p1a: Hippowdon|Earthquake|p2a: Gouging Fire\n|-damage|p2a: Gouging Fire|0 fnt\n|faint|p2a: Gouging Fire\n|-end|p2a: Gouging Fire|Protosynthesis|[silent]\n|\n|-weather|none\n|-heal|p1a: Hippowdon|81/311|[from] item: Leftovers\n|upkeep\n|\n|t:|1783549610\n|switch|p2a: Lucario|Lucario, L84, F|34/100\n|turn|23\n|inactive|Time left: 300 sec this turn | 300 sec total\n|\n|t:|1783549610\n|switch|p1a: Golduck|Golduck, L90, M|290/290\n|-ability|p1a: Golduck|Cloud Nine\n|move|p2a: Lucario|Flash Cannon|p1a: Golduck\n|-resisted|p1a: Golduck\n|-damage|p1a: Golduck|228/290\n|-damage|p2a: Lucario|24/100|[from] item: Life Orb\n|\n|upkeep\n|turn|24\n|inactive|Time left: 300 sec this turn | 300 sec total\n|\n|t:|1783549612\n|move|p2a: Lucario|Vacuum Wave|p1a: Golduck\n|-crit|p1a: Golduck\n|-damage|p1a: Golduck|137/290\n|-damage|p2a: Lucario|14/100|[from] item: Life Orb\n|move|p1a: Golduck|Nasty Plot|p1a: Golduck\n|-boost|p1a: Golduck|spa|2\n|\n|upkeep\n|turn|25\n|inactive|Time left: 300 sec this turn | 300 sec total\n|\n|t:|1783549613\n|move|p2a: Lucario|Vacuum Wave|p1a: Golduck\n|-damage|p1a: Golduck|73/290\n|-damage|p2a: Lucario|4/100|[from] item: Life Orb\n|move|p1a: Golduck|Nasty Plot|p1a: Golduck\n|-boost|p1a: Golduck|spa|2\n|\n|upkeep\n|turn|26\n|inactive|Time left: 300 sec this turn | 300 sec total\n|\n|t:|1783549614\n|move|p2a: Lucario|Vacuum Wave|p1a: Golduck\n|-damage|p1a: Golduck|9/290\n|-damage|p2a: Lucario|0 fnt|[from] item: Life Orb\n|faint|p2a: Lucario\n|move|p1a: Golduck|Ice Beam|p2: Lucario|[notarget]\n|-fail|p1a: Golduck\n|\n|upkeep\n|\n|t:|1783549615\n|switch|p2a: Ambipom|Ambipom, L84, F|100/100\n|turn|27\n|inactive|Time left: 300 sec this turn | 300 sec total\n|\n|t:|1783549616\n|move|p2a: Ambipom|Low Kick|p1a: Golduck\n|-damage|p1a: Golduck|0 fnt\n|faint|p1a: Golduck\n|\n|upkeep\n|inactive|Time left: 300 sec this turn | 300 sec total | 5 sec grace\n|\n|t:|1783549617\n|switch|p1a: Meganium|Meganium, L90, F|30/290\n|turn|28\n|inactive|Time left: 300 sec this turn | 300 sec total\n|\n|t:|1783549618\n|move|p2a: Ambipom|Double-Edge|p1a: Meganium\n|-damage|p1a: Meganium|0 fnt\n|faint|p1a: Meganium\n|-damage|p2a: Ambipom|97/100|[from] Recoil\n|\n|upkeep\n|inactive|Time left: 300 sec this turn | 300 sec total | 5 sec grace\n|\n|t:|1783549619\n|switch|p1a: Hippowdon|Hippowdon, L82, F|81/311\n|-weather|Sandstorm|[from] ability: Sand Stream|[of] p1a: Hippowdon\n|turn|29\n|inactive|Time left: 300 sec this turn | 300 sec total\n|\n|t:|1783549620\n|-terastallize|p1a: Hippowdon|Dragon\n|move|p2a: Ambipom|Double-Edge|p1a: Hippowdon\n|-damage|p1a: Hippowdon|0 fnt\n|faint|p1a: Hippowdon\n|-damage|p2a: Ambipom|86/100|[from] Recoil\n|\n|win|p0y8367eb3", "uploadtime": 1783549620, "views": 0, "rating": 0, "private": 0, "password": null, "_winner": "p0y8367eb3", "_our_name": "p0x83688b3"}