{"id": "battle-gen9randombattle-668", "formatid": "gen9randombattle", "format": "[Gen 9] Random Battle", "players": ["p0x668adc1", "p0y668ec6f"], "log": "|init|battle\n|title|p0x668adc1 vs. p0y668ec6f\n|j|\u2606p0x668adc1\n|j|\u2606p0y668ec6f\n|t:|1783546880\n|gametype|singles\n|player|p1|p0x668adc1|1|\n|player|p2|p0y668ec6f|170|\n|gen|9\n|tier|[Gen 9] Random Battle\n|rule|Species Clause: Limit one of each Pok\u00e9mon\n|rule|HP Percentage Mod: HP is shown in percentages\n|rule|Sleep Clause Mod: Limit one foe put to sleep\n|rule|Illusion Level Mod: Illusion disguises the Pok\u00e9mon's true level\n|\n|t:|1783546880\n|teamsize|p1|6\n|teamsize|p2|6\n|start\n|switch|p1a: Gyarados|Gyarados, L79, M|100/100\n|switch|p2a: Appletun|Appletun, L92, F|352/352\n|turn|1\n|inactive|Battle timer is ON: inactive players will automatically lose when time's up. (requested by p0x668adc1)\n|inactive|Time left: 300 sec this turn | 300 sec total | 60 sec grace\n|inactive|p0y668ec6f also wants the timer to be on.\n|\n|t:|1783546882\n|switch|p1a: Lurantis|Lurantis, L87, M|100/100\n|move|p2a: Appletun|Apple Acid|p1a: Lurantis\n|-resisted|p1a: Lurantis\n|-damage|p1a: Lurantis|81/100\n|-boost|p1a: Lurantis|spd|1\n|\n|-heal|p1a: Lurantis|87/100|[from] item: Leftovers\n|upkeep\n|turn|2\n|inactive|Time left: 300 sec this turn | 300 sec total\n|\n|t:|1783546883\n|move|p1a: Lurantis|Superpower|p2a: Appletun\n|-damage|p2a: Appletun|252/352\n|-boost|p1a: Lurantis|atk|1\n|-boost|p1a: Lurantis|def|1\n|move|p2a: Appletun|Dragon Pulse|p1a: Lurantis\n|-damage|p1a: Lurantis|59/100\n|\n|-heal|p1a: Lurantis|65/100|[from] item: Leftovers\n|-heal|p2a: Appletun|274/352|[from] item: Leftovers\n|upkeep\n|turn|3\n|inactive|Time left: 300 sec this turn | 300 sec total\n|\n|t:|1783546884\n|switch|p2a: Zapdos|Zapdos, L78|268/268\n|move|p1a: Lurantis|Superpower|p2a: Zapdos\n|-resisted|p2a: Zapdos\n|-crit|p2a: Zapdos\n|-damage|p2a: Zapdos|152/268\n|-boost|p1a: Lurantis|atk|1\n|-boost|p1a: Lurantis|def|1\n|-status|p1a: Lurantis|par|[from] ability: Static|[of] p2a: Zapdos\n|\n|-heal|p1a: Lurantis|71/100 par|[from] item: Leftovers\n|upkeep\n|turn|4\n|inactive|Time left: 300 sec this turn | 300 sec total\n|\n|t:|1783546885\n|move|p2a: Zapdos|Hurricane|p1a: Lurantis|[miss]\n|-miss|p2a: Zapdos|p1a: Lurantis\n|move|p1a: Lurantis|Superpower|p2a: Zapdos\n|-resisted|p2a: Zapdos\n|-damage|p2a: Zapdos|44/268\n|-boost|p1a: Lurantis|atk|1\n|-boost|p1a: Lurantis|def|1\n|\n|-heal|p1a: Lurantis|77/100 par|[from] item: Leftovers\n|upkeep\n|turn|5\n|inactive|Time left: 300 sec this turn | 300 sec total\n|\n|t:|1783546886\n|move|p2a: Zapdos|Hurricane|p1a: Lurantis\n|-supereffective|p1a: Lurantis\n|-damage|p1a: Lurantis|18/100 par\n|move|p1a: Lurantis|Leaf Storm|p2a: Zapdos|[miss]\n|-miss|p1a: Lurantis|p2a: Zapdos\n|\n|-heal|p1a: Lurantis|24/100 par|[from] item: Leftovers\n|upkeep\n|turn|6\n|inactive|Time left: 300 sec this turn | 300 sec total\n|\n|t:|1783546887\n|move|p2a: Zapdos|Hurricane|p1a: Lurantis\n|-supereffective|p1a: Lurantis\n|-damage|p1a: Lurantis|0 fnt\n|faint|p1a: Lurantis\n|\n|upkeep\n|\n|t:|1783546888\n|switch|p1a: Reshiram|Reshiram, L76|100/100\n|-ability|p1a: Reshiram|Turboblaze\n|turn|7\n|inactive|Time left: 300 sec this turn | 300 sec total\n|\n|t:|1783546890\n|move|p2a: Zapdos|Discharge|p1a: Reshiram\n|-resisted|p1a: Reshiram\n|-damage|p1a: Reshiram|86/100\n|move|p1a: Reshiram|Dragon Dance|p1a: Reshiram\n|-boost|p1a: Reshiram|atk|1\n|-boost|p1a: Reshiram|spe|1\n|\n|upkeep\n|turn|8\n|inactive|Time left: 300 sec this turn | 300 sec total\n|\n|t:|1783546891\n|switch|p2a: Carbink|Carbink, L90|236/236\n|move|p1a: Reshiram|Outrage|p2a: Carbink\n|-immune|p2a: Carbink\n|\n|upkeep\n|turn|9\n|inactive|Time left: 300 sec this turn | 300 sec total\n|\n|t:|1783546892\n|move|p1a: Reshiram|Dragon Dance|p1a: Reshiram\n|-boost|p1a: Reshiram|atk|1\n|-boost|p1a: Reshiram|spe|1\n|move|p2a: Carbink|Iron Defense|p2a: Carbink\n|-boost|p2a: Carbink|def|2\n|\n|upkeep\n|turn|10\n|inactive|Time left: 300 sec this turn | 300 sec total\n|\n|t:|1783546893\n|-terastallize|p2a: Carbink|Fighting\n|move|p1a: Reshiram|Flare Blitz|p2a: Carbink\n|-damage|p2a: Carbink|164/236\n|-damage|p1a: Reshiram|78/100|[from] Recoil\n|move|p2a: Carbink|Body Press|p1a: Reshiram\n|-damage|p1a: Reshiram|0 fnt\n|faint|p1a: Reshiram\n|\n|-heal|p2a: Carbink|178/236|[from] item: Leftovers\n|upkeep\n|\n|t:|1783546894\n|switch|p1a: Chesnaught|Chesnaught, L84, F|100/100\n|turn|11\n|inactive|Time left: 300 sec this turn | 300 sec total\n|\n|t:|1783546895\n|move|p1a: Chesnaught|Iron Defense|p1a: Chesnaught\n|-boost|p1a: Chesnaught|def|2\n|move|p2a: Carbink|Body Press|p1a: Chesnaught\n|-damage|p1a: Chesnaught|65/100\n|\n|-heal|p1a: Chesnaught|71/100|[from] item: Leftovers\n|-heal|p2a: Carbink|192/236|[from] item: Leftovers\n|upkeep\n|turn|12\n|inactive|Time left: 300 sec this turn | 300 sec total\n|\n|t:|1783546896\n|move|p1a: Chesnaught|Synthesis|p1a: Chesnaught\n|-heal|p1a: Chesnaught|100/100\n|move|p2a: Carbink|Moonblast|p1a: Chesnaught\n|-supereffective|p1a: Chesnaught\n|-damage|p1a: Chesnaught|37/100\n|\n|-heal|p1a: Chesnaught|43/100|[from] item: Leftovers\n|-heal|p2a: Carbink|206/236|[from] item: Leftovers\n|upkeep\n|turn|13\n|inactive|Time left: 300 sec this turn | 300 sec total\n|\n|t:|1783546897\n|move|p1a: Chesnaught|Synthesis|p1a: Chesnaught\n|-heal|p1a: Chesnaught|93/100\n|move|p2a: Carbink|Moonblast|p1a: Chesnaught\n|-supereffective|p1a: Chesnaught\n|-crit|p1a: Chesnaught\n|-damage|p1a: Chesnaught|7/100\n|\n|-heal|p1a: Chesnaught|13/100|[from] item: Leftovers\n|-heal|p2a: Carbink|220/236|[from] item: Leftovers\n|upkeep\n|turn|14\n|inactive|Time left: 300 sec this turn | 300 sec total\n|\n|t:|1783546898\n|move|p1a: Chesnaught|Synthesis|p1a: Chesnaught\n|-heal|p1a: Chesnaught|63/100\n|move|p2a: Carbink|Moonblast|p1a: Chesnaught\n|-supereffective|p1a: Chesnaught\n|-crit|p1a: Chesnaught\n|-damage|p1a: Chesnaught|0 fnt\n|faint|p1a: Chesnaught\n|\n|-heal|p2a: Carbink|234/236|[from] item: Leftovers\n|upkeep\n|\n|t:|1783546899\n|switch|p1a: Gyarados|Gyarados, L79, M|100/100\n|turn|15\n|inactive|Time left: 300 sec this turn | 300 sec total\n|\n|t:|1783546900\n|move|p1a: Gyarados|Waterfall|p2a: Carbink\n|-damage|p2a: Carbink|204/236\n|move|p2a: Carbink|Body Press|p1a: Gyarados\n|-resisted|p1a: Gyarados\n|-damage|p1a: Gyarados|44/100\n|\n|-heal|p2a: Carbink|218/236|[from] item: Leftovers\n|upkeep\n|turn|16\n|inactive|Time left: 300 sec this turn | 300 sec total\n|\n|t:|1783546901\n|move|p1a: Gyarados|Waterfall|p2a: Carbink\n|-crit|p2a: Carbink\n|-damage|p2a: Carbink|139/236\n|move|p2a: Carbink|Body Press|p1a: Gyarados\n|-resisted|p1a: Gyarados\n|-damage|p1a: Gyarados|0 fnt\n|faint|p1a: Gyarados\n|\n|-heal|p2a: Carbink|153/236|[from] item: Leftovers\n|upkeep\n|\n|t:|1783546902\n|switch|p1a: Iron Thorns|Iron Thorns, L83|100/100\n|-item|p1a: Iron Thorns|Air Balloon\n|turn|17\n|inactive|Time left: 300 sec this turn | 300 sec total\n|\n|t:|1783546903\n|move|p1a: Iron Thorns|Spikes|p2a: Carbink\n|-sidestart|p2: p0y668ec6f|Spikes\n|move|p2a: Carbink|Body Press|p1a: Iron Thorns\n|-supereffective|p1a: Iron Thorns\n|-damage|p1a: Iron Thorns|0 fnt\n|-enditem|p1a: Iron Thorns|Air Balloon\n|faint|p1a: Iron Thorns\n|-end|p1a: Iron Thorns|Quark Drive|[silent]\n|\n|-heal|p2a: Carbink|167/236|[from] item: Leftovers\n|upkeep\n|\n|t:|1783546904\n|switch|p1a: Flareon|Flareon, L90, F|100/100\n|turn|18\n|inactive|Time left: 300 sec this turn | 300 sec total\n|\n|t:|1783546905\n|move|p1a: Flareon|Will-O-Wisp|p2a: Carbink\n|-status|p2a: Carbink|brn\n|move|p2a: Carbink|Body Press|p1a: Flareon\n|-damage|p1a: Flareon|34/100\n|\n|-heal|p2a: Carbink|181/236 brn|[from] item: Leftovers\n|-damage|p2a: Carbink|167/236 brn|[from] brn\n|-status|p1a: Flareon|tox|[from] item: Toxic Orb\n|upkeep\n|turn|19\n|inactive|Time left: 300 sec this turn | 300 sec total\n|\n|t:|1783546906\n|move|p1a: Flareon|Facade|p2a: Carbink\n|-damage|p2a: Carbink|100/236 brn\n|move|p2a: Carbink|Body Press|p1a: Flareon\n|-damage|p1a: Flareon|0 fnt\n|faint|p1a: Flareon\n|\n|win|p0y668ec6f", "uploadtime": 1783546906, "views": 0, "rating": 0, "private": 0, "password": null, "_winner": "p0y668ec6f", "_our_name": "p0y668ec6f"}