{"id": "battle-gen9randombattle-2562", "formatid": "gen9randombattle", "format": "[Gen 9] Random Battle", "players": ["p0x25622a28", "p0y25623e93"], "log": "|init|battle\n|title|p0x25622a28 vs. p0y25623e93\n|j|\u2606p0x25622a28\n|j|\u2606p0y25623e93\n|t:|1783569631\n|gametype|singles\n|player|p1|p0x25622a28|1|\n|player|p2|p0y25623e93|170|\n|gen|9\n|tier|[Gen 9] Random Battle\n|rule|Species Clause: Limit one of each Pok\u00e9mon\n|rule|HP Percentage Mod: HP is shown in percentages\n|rule|Sleep Clause Mod: Limit one foe put to sleep\n|rule|Illusion Level Mod: Illusion disguises the Pok\u00e9mon's true level\n|\n|t:|1783569631\n|teamsize|p1|6\n|teamsize|p2|6\n|start\n|switch|p1a: Cloyster|Cloyster, L80, F|100/100\n|switch|p2a: Flamigo|Flamigo, L82, F|269/269\n|turn|1\n|inactive|Battle timer is ON: inactive players will automatically lose when time's up. (requested by p0x25622a28)\n|inactive|Time left: 300 sec this turn | 300 sec total | 60 sec grace\n|inactive|p0y25623e93 also wants the timer to be on.\n|\n|t:|1783569632\n|-terastallize|p1a: Cloyster|Ground\n|move|p2a: Flamigo|Close Combat|p1a: Cloyster\n|-damage|p1a: Cloyster|47/100\n|-unboost|p2a: Flamigo|def|1\n|-unboost|p2a: Flamigo|spd|1\n|move|p1a: Cloyster|Shell Smash|p1a: Cloyster\n|-unboost|p1a: Cloyster|def|1\n|-unboost|p1a: Cloyster|spd|1\n|-boost|p1a: Cloyster|atk|2\n|-boost|p1a: Cloyster|spa|2\n|-boost|p1a: Cloyster|spe|2\n|-enditem|p1a: Cloyster|White Herb\n|-clearnegativeboost|p1a: Cloyster|[silent]\n|\n|upkeep\n|turn|2\n|inactive|Time left: 300 sec this turn | 300 sec total\n|\n|t:|1783569633\n|move|p1a: Cloyster|Icicle Spear|p2a: Flamigo\n|-supereffective|p2a: Flamigo\n|-damage|p2a: Flamigo|105/269\n|-supereffective|p2a: Flamigo\n|-damage|p2a: Flamigo|0 fnt\n|faint|p2a: Flamigo\n|-hitcount|p2: Flamigo|2\n|\n|upkeep\n|inactive|Time left: 300 sec this turn | 300 sec total | 5 sec grace\n|\n|t:|1783569634\n|switch|p2a: Kyogre|Kyogre, L71|259/259\n|-weather|RainDance|[from] ability: Drizzle|[of] p2a: Kyogre\n|turn|3\n|inactive|Time left: 300 sec this turn | 300 sec total\n|\n|t:|1783569635\n|move|p1a: Cloyster|Drill Run|p2a: Kyogre\n|-damage|p2a: Kyogre|94/259\n|move|p2a: Kyogre|Ice Beam|p1a: Cloyster\n|-supereffective|p1a: Cloyster\n|-damage|p1a: Cloyster|0 fnt\n|faint|p1a: Cloyster\n|\n|-weather|RainDance|[upkeep]\n|-heal|p2a: Kyogre|110/259|[from] item: Leftovers\n|upkeep\n|\n|t:|1783569636\n|switch|p1a: Archaludon|Archaludon, L78, M|100/100\n|turn|4\n|inactive|Time left: 300 sec this turn | 300 sec total\n|\n|t:|1783569637\n|move|p1a: Archaludon|Outrage|p2a: Kyogre\n|-damage|p2a: Kyogre|0 fnt\n|faint|p2a: Kyogre\n|\n|-weather|RainDance|[upkeep]\n|upkeep\n|inactive|Time left: 300 sec this turn | 300 sec total | 5 sec grace\n|\n|t:|1783569638\n|switch|p2a: Iron Valiant|Iron Valiant, L78|244/244\n|turn|5\n|inactive|Time left: 300 sec this turn | 300 sec total\n|\n|t:|1783569639\n|move|p2a: Iron Valiant|Swords Dance|p2a: Iron Valiant\n|-boost|p2a: Iron Valiant|atk|2\n|move|p1a: Archaludon|Outrage|p2a: Iron Valiant|[from] lockedmove\n|-immune|p2a: Iron Valiant\n|-start|p1a: Archaludon|confusion|[fatigue]\n|-enditem|p1a: Archaludon|Lum Berry|[eat]\n|-end|p1a: Archaludon|confusion\n|\n|-weather|RainDance|[upkeep]\n|upkeep\n|turn|6\n|inactive|Time left: 300 sec this turn | 300 sec total\n|\n|t:|1783569640\n|move|p2a: Iron Valiant|Close Combat|p1a: Archaludon\n|-supereffective|p1a: Archaludon\n|-damage|p1a: Archaludon|0 fnt\n|-unboost|p2a: Iron Valiant|def|1\n|-unboost|p2a: Iron Valiant|spd|1\n|faint|p1a: Archaludon\n|-damage|p2a: Iron Valiant|220/244|[from] item: Life Orb\n|\n|-weather|RainDance|[upkeep]\n|upkeep\n|\n|t:|1783569641\n|switch|p1a: Electrode|Electrode, L92|100/100\n|turn|7\n|inactive|Time left: 300 sec this turn | 300 sec total\n|\n|t:|1783569642\n|move|p1a: Electrode|Thunderbolt|p2a: Iron Valiant\n|-damage|p2a: Iron Valiant|0 fnt\n|faint|p2a: Iron Valiant\n|-end|p2a: Iron Valiant|Quark Drive|[silent]\n|-damage|p1a: Electrode|90/100|[from] item: Life Orb\n|\n|-weather|none\n|upkeep\n|inactive|Time left: 300 sec this turn | 300 sec total | 5 sec grace\n|\n|t:|1783569643\n|switch|p2a: Mimikyu|Mimikyu, L79, F|216/216\n|turn|8\n|inactive|Time left: 300 sec this turn | 300 sec total\n|\n|t:|1783569644\n|move|p1a: Electrode|Taunt|p2a: Mimikyu\n|-start|p2a: Mimikyu|move: Taunt\n|cant|p2a: Mimikyu|move: Taunt|Swords Dance\n|\n|upkeep\n|turn|9\n|inactive|Time left: 300 sec this turn | 300 sec total\n|\n|t:|1783569645\n|move|p1a: Electrode|Volt Switch|p2a: Mimikyu\n|-activate|p2a: Mimikyu|ability: Disguise\n|-damage|p2a: Mimikyu|216/216\n|detailschange|p2a: Mimikyu|Mimikyu-Busted, L79, F\n|-damage|p2a: Mimikyu|189/216|[from] pokemon: Mimikyu-Busted\n|-damage|p1a: Electrode|80/100|[from] item: Life Orb\n|\n|t:|1783569646\n|switch|p1a: Serperior|Serperior, L79, M|100/100|[from] Volt Switch\n|move|p2a: Mimikyu|Play Rough|p1a: Serperior\n|-damage|p1a: Serperior|57/100\n|-damage|p2a: Mimikyu|168/216|[from] item: Life Orb\n|\n|upkeep\n|turn|10\n|inactive|Time left: 300 sec this turn | 300 sec total\n|\n|t:|1783569647\n|switch|p2a: Squawkabilly|Squawkabilly-Blue, L85, M|278/278\n|move|p1a: Serperior|Leaf Storm|p2a: Squawkabilly\n|-resisted|p2a: Squawkabilly\n|-damage|p2a: Squawkabilly|179/278\n|-boost|p1a: Serperior|spa|2\n|-damage|p1a: Serperior|48/100|[from] item: Life Orb\n|\n|-status|p2a: Squawkabilly|brn|[from] item: Flame Orb\n|upkeep\n|turn|11\n|inactive|Time left: 300 sec this turn | 300 sec total\n|\n|t:|1783569648\n|switch|p2a: Cetitan|Cetitan, L82, F|412/412\n|move|p1a: Serperior|Leaf Storm|p2a: Cetitan\n|-damage|p2a: Cetitan|65/412\n|-boost|p1a: Serperior|spa|2\n|-enditem|p2a: Cetitan|Sitrus Berry|[eat]\n|-heal|p2a: Cetitan|168/412|[from] item: Sitrus Berry\n|-damage|p1a: Serperior|38/100|[from] item: Life Orb\n|\n|upkeep\n|turn|12\n|inactive|Time left: 300 sec this turn | 300 sec total\n|\n|t:|1783569649\n|move|p2a: Cetitan|Ice Shard|p1a: Serperior\n|-supereffective|p1a: Serperior\n|-damage|p1a: Serperior|4/100\n|move|p1a: Serperior|Leaf Storm|p2a: Cetitan\n|-damage|p2a: Cetitan|0 fnt\n|-boost|p1a: Serperior|spa|2\n|faint|p2a: Cetitan\n|-damage|p1a: Serperior|0 fnt|[from] item: Life Orb\n|faint|p1a: Serperior\n|\n|upkeep\n|inactive|Time left: 300 sec this turn | 300 sec total | 5 sec grace\n|\n|t:|1783569650\n|switch|p1a: Electrode|Electrode, L92|80/100\n|switch|p2a: Mimikyu|Mimikyu-Busted, L79, F|168/216\n|turn|13\n|inactive|Time left: 300 sec this turn | 300 sec total\n|\n|t:|1783569651\n|move|p1a: Electrode|Thunderbolt|p2a: Mimikyu\n|-damage|p2a: Mimikyu|50/216\n|-status|p2a: Mimikyu|par\n|-damage|p1a: Electrode|70/100|[from] item: Life Orb\n|move|p2a: Mimikyu|Play Rough|p1a: Electrode\n|-damage|p1a: Electrode|25/100\n|-damage|p2a: Mimikyu|29/216 par|[from] item: Life Orb\n|\n|upkeep\n|turn|14\n|inactive|Time left: 300 sec this turn | 300 sec total\n|\n|t:|1783569652\n|move|p1a: Electrode|Thunderbolt|p2a: Mimikyu\n|-damage|p2a: Mimikyu|0 fnt\n|faint|p2a: Mimikyu\n|-damage|p1a: Electrode|15/100|[from] item: Life Orb\n|\n|upkeep\n|inactive|Time left: 300 sec this turn | 300 sec total | 5 sec grace\n|\n|t:|1783569653\n|switch|p2a: Squawkabilly|Squawkabilly-Blue, L85, M|179/278 brn\n|turn|15\n|inactive|Time left: 300 sec this turn | 300 sec total\n|\n|t:|1783569654\n|switch|p1a: Cramorant|Cramorant, L86, F|100/100\n|move|p2a: Squawkabilly|Quick Attack|p1a: Cramorant\n|-damage|p1a: Cramorant|69/100\n|\n|-damage|p2a: Squawkabilly|162/278 brn|[from] brn\n|upkeep\n|turn|16\n|inactive|Time left: 300 sec this turn | 300 sec total\n|\n|t:|1783569655\n|move|p2a: Squawkabilly|Facade|p1a: Cramorant\n|-damage|p1a: Cramorant|0 fnt\n|faint|p1a: Cramorant\n|\n|-damage|p2a: Squawkabilly|145/278 brn|[from] brn\n|upkeep\n|\n|t:|1783569656\n|switch|p1a: Electrode|Electrode, L92|15/100\n|turn|17\n|inactive|Time left: 300 sec this turn | 300 sec total\n|\n|t:|1783569656\n|switch|p1a: Chansey|Chansey, L85, F|100/100\n|move|p2a: Squawkabilly|Quick Attack|p1a: Chansey\n|-damage|p1a: Chansey|73/100\n|\n|-damage|p2a: Squawkabilly|128/278 brn|[from] brn\n|upkeep\n|turn|18\n|inactive|Time left: 300 sec this turn | 300 sec total\n|\n|t:|1783569657\n|-terastallize|p2a: Squawkabilly|Normal\n|move|p2a: Squawkabilly|Facade|p1a: Chansey\n|-damage|p1a: Chansey|0 fnt\n|faint|p1a: Chansey\n|\n|-damage|p2a: Squawkabilly|111/278 brn|[from] brn\n|upkeep\n|\n|t:|1783569658\n|switch|p1a: Electrode|Electrode, L92|15/100\n|turn|19\n|inactive|Time left: 300 sec this turn | 300 sec total\n|\n|t:|1783569659\n|move|p2a: Squawkabilly|Quick Attack|p1a: Electrode\n|-damage|p1a: Electrode|0 fnt\n|-damage|p2a: Squawkabilly|42/278 brn|[from] ability: Aftermath|[of] p1a: Electrode\n|faint|p1a: Electrode\n|\n|win|p0y25623e93", "uploadtime": 1783569659, "views": 0, "rating": 0, "private": 0, "password": null, "_winner": "p0y25623e93", "_our_name": "p0y25623e93"}