{"id": "battle-gen9randombattle-782", "formatid": "gen9randombattle", "format": "[Gen 9] Random Battle", "players": ["p0x7821f04", "p0y7827aae"], "log": "|init|battle\n|title|p0x7821f04 vs. p0y7827aae\n|j|\u2606p0x7821f04\n|j|\u2606p0y7827aae\n|t:|1783548195\n|gametype|singles\n|player|p1|p0x7821f04|170|\n|player|p2|p0y7827aae|170|\n|gen|9\n|tier|[Gen 9] Random Battle\n|rule|Species Clause: Limit one of each Pok\u00e9mon\n|rule|HP Percentage Mod: HP is shown in percentages\n|rule|Sleep Clause Mod: Limit one foe put to sleep\n|rule|Illusion Level Mod: Illusion disguises the Pok\u00e9mon's true level\n|\n|t:|1783548196\n|teamsize|p1|6\n|teamsize|p2|6\n|start\n|switch|p1a: Vikavolt|Vikavolt, L83, M|263/263\n|switch|p2a: Rabsca|Rabsca, L91, F|100/100\n|turn|1\n|inactive|Battle timer is ON: inactive players will automatically lose when time's up. (requested by p0y7827aae)\n|inactive|Time left: 300 sec this turn | 300 sec total | 60 sec grace\n|\n|t:|1783548197\n|move|p2a: Rabsca|Psychic|p1a: Vikavolt\n|-damage|p1a: Vikavolt|125/263\n|move|p1a: Vikavolt|Sticky Web|p2a: Rabsca\n|-sidestart|p2: p0y7827aae|move: Sticky Web\n|\n|upkeep\n|turn|2\n|inactive|Time left: 300 sec this turn | 300 sec total\n|inactive|p0x7821f04 also wants the timer to be on.\n|\n|t:|1783548198\n|switch|p1a: Toucannon|Toucannon, L88, F|284/284\n|move|p2a: Rabsca|Bug Buzz|p1a: Toucannon\n|-resisted|p1a: Toucannon\n|-damage|p1a: Toucannon|217/284\n|\n|upkeep\n|turn|3\n|inactive|Time left: 300 sec this turn | 300 sec total\n|\n|t:|1783548200\n|-singleturn|p1a: Toucannon|move: Beak Blast\n|move|p2a: Rabsca|Psychic|p1a: Toucannon\n|-damage|p1a: Toucannon|90/284\n|move|p1a: Toucannon|Beak Blast|p2a: Rabsca\n|-supereffective|p2a: Rabsca\n|-damage|p2a: Rabsca|14/100\n|\n|upkeep\n|turn|4\n|inactive|Time left: 300 sec this turn | 300 sec total\n|\n|t:|1783548201\n|switch|p2a: Glaceon|Glaceon, L94, F|100/100\n|move|p1a: Toucannon|Boomburst|p2a: Glaceon\n|-damage|p2a: Glaceon|59/100\n|\n|upkeep\n|turn|5\n|inactive|Time left: 300 sec this turn | 300 sec total\n|\n|t:|1783548202\n|-terastallize|p1a: Toucannon|Steel\n|move|p2a: Glaceon|Freeze-Dry|p1a: Toucannon\n|-resisted|p1a: Toucannon\n|-damage|p1a: Toucannon|25/284\n|move|p1a: Toucannon|Roost|p1a: Toucannon\n|-heal|p1a: Toucannon|167/284\n|\n|upkeep\n|turn|6\n|inactive|Time left: 300 sec this turn | 300 sec total\n|\n|t:|1783548203\n|move|p2a: Glaceon|Wish|p2a: Glaceon\n|move|p1a: Toucannon|Boomburst|p2a: Glaceon\n|-damage|p2a: Glaceon|16/100\n|\n|upkeep\n|turn|7\n|inactive|Time left: 300 sec this turn | 300 sec total\n|\n|t:|1783548204\n|move|p2a: Glaceon|Protect|p2a: Glaceon\n|-singleturn|p2a: Glaceon|Protect\n|move|p1a: Toucannon|U-turn|p2a: Glaceon\n|-activate|p2a: Glaceon|move: Protect\n|\n|-heal|p2a: Glaceon|66/100|[from] move: Wish|[wisher] Glaceon\n|upkeep\n|turn|8\n|inactive|Time left: 300 sec this turn | 300 sec total\n|\n|t:|1783548205\n|-singleturn|p1a: Toucannon|move: Beak Blast\n|move|p2a: Glaceon|Calm Mind|p2a: Glaceon\n|-boost|p2a: Glaceon|spa|1\n|-boost|p2a: Glaceon|spd|1\n|move|p1a: Toucannon|Beak Blast|p2a: Glaceon\n|-damage|p2a: Glaceon|29/100\n|\n|upkeep\n|turn|9\n|inactive|Time left: 300 sec this turn | 300 sec total\n|\n|t:|1783548206\n|-singleturn|p1a: Toucannon|move: Beak Blast\n|move|p2a: Glaceon|Protect|p2a: Glaceon\n|-singleturn|p2a: Glaceon|Protect\n|move|p1a: Toucannon|Beak Blast|p2a: Glaceon\n|-activate|p2a: Glaceon|move: Protect\n|\n|upkeep\n|turn|10\n|inactive|Time left: 300 sec this turn | 300 sec total\n|\n|t:|1783548207\n|-singleturn|p1a: Toucannon|move: Beak Blast\n|move|p2a: Glaceon|Freeze-Dry|p1a: Toucannon\n|-resisted|p1a: Toucannon\n|-damage|p1a: Toucannon|77/284\n|move|p1a: Toucannon|Beak Blast|p2a: Glaceon\n|-damage|p2a: Glaceon|0 fnt\n|faint|p2a: Glaceon\n|\n|upkeep\n|\n|t:|1783548208\n|switch|p2a: Koraidon|Koraidon, L64|100/100\n|-activate|p2a: Koraidon|move: Sticky Web\n|-unboost|p2a: Koraidon|spe|1\n|-weather|SunnyDay|[from] ability: Orichalcum Pulse|[of] p2a: Koraidon\n|-activate|p2a: Koraidon|Orichalcum Pulse|[source]\n|turn|11\n|inactive|Time left: 300 sec this turn | 300 sec total\n|\n|t:|1783548210\n|move|p1a: Toucannon|Boomburst|p2a: Koraidon\n|-damage|p2a: Koraidon|34/100\n|move|p2a: Koraidon|Flare Blitz|p1a: Toucannon\n|-supereffective|p1a: Toucannon\n|-damage|p1a: Toucannon|0 fnt\n|faint|p1a: Toucannon\n|-damage|p2a: Koraidon|23/100|[from] Recoil\n|\n|-weather|SunnyDay|[upkeep]\n|upkeep\n|inactive|Time left: 300 sec this turn | 300 sec total | 5 sec grace\n|\n|t:|1783548211\n|switch|p1a: Gyarados|Gyarados, L79, M|280/280\n|turn|12\n|inactive|Time left: 300 sec this turn | 300 sec total\n|\n|t:|1783548212\n|move|p1a: Gyarados|Earthquake|p2a: Koraidon\n|-damage|p2a: Koraidon|0 fnt\n|faint|p2a: Koraidon\n|-ability|p1a: Gyarados|Moxie|boost\n|-boost|p1a: Gyarados|atk|1\n|\n|-weather|SunnyDay|[upkeep]\n|upkeep\n|\n|t:|1783548213\n|switch|p2a: Delibird|Delibird, M|100/100\n|turn|13\n|inactive|Time left: 300 sec this turn | 300 sec total\n|\n|t:|1783548214\n|switch|p1a: Regirock|Regirock, L83|268/268\n|move|p2a: Delibird|Freeze-Dry|p1a: Regirock\n|-damage|p1a: Regirock|195/268\n|\n|-weather|SunnyDay|[upkeep]\n|-heal|p1a: Regirock|211/268|[from] item: Leftovers\n|upkeep\n|turn|14\n|inactive|Time left: 300 sec this turn | 300 sec total\n|\n|t:|1783548215\n|move|p2a: Delibird|Rapid Spin|p1a: Regirock\n|-resisted|p1a: Regirock\n|-damage|p1a: Regirock|202/268\n|-boost|p2a: Delibird|spe|1\n|-sideend|p2: p0y7827aae|Sticky Web|[from] move: Rapid Spin|[of] p2a: Delibird\n|move|p1a: Regirock|Stone Edge|p2a: Delibird\n|-supereffective|p2a: Delibird\n|-damage|p2a: Delibird|0 fnt\n|faint|p2a: Delibird\n|\n|-weather|SunnyDay|[upkeep]\n|-heal|p1a: Regirock|218/268|[from] item: Leftovers\n|upkeep\n|\n|t:|1783548216\n|switch|p2a: Rabsca|Rabsca, L91, F|14/100\n|turn|15\n|inactive|Time left: 300 sec this turn | 300 sec total\n|\n|t:|1783548217\n|switch|p1a: Gyarados|Gyarados, L79, M|280/280\n|move|p2a: Rabsca|Bug Buzz|p1a: Gyarados\n|-resisted|p1a: Gyarados\n|-damage|p1a: Gyarados|219/280\n|\n|-weather|none\n|upkeep\n|turn|16\n|inactive|Time left: 300 sec this turn | 300 sec total\n|\n|t:|1783548217\n|switch|p2a: Toxapex|Toxapex, L82, M|100/100\n|move|p1a: Gyarados|Waterfall|p2a: Toxapex\n|-resisted|p2a: Toxapex\n|-damage|p2a: Toxapex|87/100\n|-damage|p1a: Gyarados|173/280|[from] item: Rocky Helmet|[of] p2a: Toxapex\n|\n|upkeep\n|turn|17\n|inactive|Time left: 300 sec this turn | 300 sec total\n|\n|t:|1783548218\n|switch|p2a: Indeedee|Indeedee-F, L90, F|100/100\n|-fieldstart|move: Psychic Terrain|[from] ability: Psychic Surge|[of] p2a: Indeedee\n|move|p1a: Gyarados|Earthquake|p2a: Indeedee\n|-damage|p2a: Indeedee|68/100\n|\n|upkeep\n|turn|18\n|inactive|Time left: 300 sec this turn | 300 sec total\n|\n|t:|1783548219\n|switch|p1a: Regirock|Regirock, L83|218/268\n|move|p2a: Indeedee|Calm Mind|p2a: Indeedee\n|-boost|p2a: Indeedee|spa|1\n|-boost|p2a: Indeedee|spd|1\n|\n|-heal|p1a: Regirock|234/268|[from] item: Leftovers\n|upkeep\n|turn|19\n|inactive|Time left: 300 sec this turn | 300 sec total\n|\n|t:|1783548220\n|move|p2a: Indeedee|Psyshock|p1a: Regirock\n|-damage|p1a: Regirock|100/268\n|-damage|p2a: Indeedee|58/100|[from] item: Life Orb\n|move|p1a: Regirock|Stone Edge|p2a: Indeedee\n|-damage|p2a: Indeedee|14/100\n|\n|-heal|p1a: Regirock|116/268|[from] item: Leftovers\n|upkeep\n|turn|20\n|inactive|Time left: 300 sec this turn | 300 sec total\n|\n|t:|1783548221\n|move|p2a: Indeedee|Psyshock|p1a: Regirock\n|-damage|p1a: Regirock|0 fnt\n|faint|p1a: Regirock\n|-damage|p2a: Indeedee|4/100|[from] item: Life Orb\n|\n|upkeep\n|inactive|Time left: 300 sec this turn | 300 sec total | 5 sec grace\n|\n|t:|1783548221\n|switch|p1a: Deoxys|Deoxys, L74|196/196\n|-ability|p1a: Deoxys|Pressure\n|turn|21\n|inactive|Time left: 300 sec this turn | 300 sec total\n|\n|t:|1783548222\n|move|p1a: Deoxys|Ice Beam|p2a: Indeedee\n|-damage|p2a: Indeedee|0 fnt\n|faint|p2a: Indeedee\n|-damage|p1a: Deoxys|177/196|[from] item: Life Orb\n|\n|-fieldend|move: Psychic Terrain\n|upkeep\n|\n|t:|1783548224\n|switch|p2a: Toxapex|Toxapex, L82, M|100/100\n|turn|22\n|inactive|Time left: 300 sec this turn | 300 sec total\n|\n|t:|1783548224\n|-terastallize|p2a: Toxapex|Fairy\n|move|p1a: Deoxys|Psycho Boost|p2a: Toxapex\n|-damage|p2a: Toxapex|35/100\n|-unboost|p1a: Deoxys|spa|2\n|-damage|p1a: Deoxys|158/196|[from] item: Life Orb\n|move|p2a: Toxapex|Liquidation|p1a: Deoxys\n|-damage|p1a: Deoxys|50/196\n|\n|upkeep\n|turn|23\n|inactive|Time left: 300 sec this turn | 300 sec total\n|\n|t:|1783548226\n|switch|p2a: Rabsca|Rabsca, L91, F|14/100\n|move|p1a: Deoxys|Psycho Boost|p2a: Rabsca\n|-resisted|p2a: Rabsca\n|-damage|p2a: Rabsca|0 fnt\n|-unboost|p1a: Deoxys|spa|2\n|faint|p2a: Rabsca\n|-damage|p1a: Deoxys|31/196|[from] item: Life Orb\n|\n|upkeep\n|\n|t:|1783548227\n|switch|p2a: Toxapex|Toxapex, L82, M, tera:Fairy|68/100\n|turn|24\n|inactive|Time left: 300 sec this turn | 300 sec total\n|\n|t:|1783548228\n|switch|p1a: Vileplume|Vileplume, L85, M|266/266\n|move|p2a: Toxapex|Recover|p2a: Toxapex\n|-heal|p2a: Toxapex|100/100\n|\n|upkeep\n|turn|25\n|inactive|Time left: 300 sec this turn | 300 sec total\n|\n|t:|1783548229\n|move|p1a: Vileplume|Sludge Bomb|p2a: Toxapex\n|-supereffective|p2a: Toxapex\n|-damage|p2a: Toxapex|27/100\n|-status|p2a: Toxapex|psn\n|move|p2a: Toxapex|Recover|p2a: Toxapex\n|-heal|p2a: Toxapex|77/100 psn\n|\n|-damage|p2a: Toxapex|65/100 psn|[from] psn\n|upkeep\n|turn|26\n|inactive|Time left: 300 sec this turn | 300 sec total\n|\n|t:|1783548230\n|move|p1a: Vileplume|Sludge Bomb|p2a: Toxapex\n|-supereffective|p2a: Toxapex\n|-damage|p2a: Toxapex|0 fnt\n|faint|p2a: Toxapex\n|\n|win|p0x7821f04", "uploadtime": 1783548230, "views": 0, "rating": 0, "private": 0, "password": null, "_winner": "p0x7821f04", "_our_name": "p0x7821f04"}