{"id": "battle-gen9randombattle-291", "formatid": "gen9randombattle", "format": "[Gen 9] Random Battle", "players": ["p0x2917812", "p0y291ec42"], "log": "|init|battle\n|title|p0x2917812 vs. p0y291ec42\n|j|\u2606p0x2917812\n|j|\u2606p0y291ec42\n|t:|1783542946\n|gametype|singles\n|player|p1|p0x2917812|170|\n|player|p2|p0y291ec42|101|\n|gen|9\n|tier|[Gen 9] Random Battle\n|rule|Species Clause: Limit one of each Pok\u00e9mon\n|rule|HP Percentage Mod: HP is shown in percentages\n|rule|Sleep Clause Mod: Limit one foe put to sleep\n|rule|Illusion Level Mod: Illusion disguises the Pok\u00e9mon's true level\n|\n|t:|1783542946\n|teamsize|p1|6\n|teamsize|p2|6\n|start\n|switch|p1a: Feraligatr|Feraligatr, L79, F|264/264\n|switch|p2a: Scizor|Scizor, L79, F|100/100\n|turn|1\n|inactive|Battle timer is ON: inactive players will automatically lose when time's up. (requested by p0y291ec42)\n|inactive|Time left: 300 sec this turn | 300 sec total | 60 sec grace\n|inactive|p0x2917812 also wants the timer to be on.\n|\n|t:|1783542948\n|move|p1a: Feraligatr|Liquidation|p2a: Scizor\n|-damage|p2a: Scizor|44/100\n|move|p2a: Scizor|Knock Off|p1a: Feraligatr\n|-damage|p1a: Feraligatr|163/264\n|-enditem|p1a: Feraligatr|Life Orb|[from] move: Knock Off|[of] p2a: Scizor\n|\n|upkeep\n|turn|2\n|inactive|Time left: 300 sec this turn | 300 sec total\n|\n|t:|1783542949\n|move|p1a: Feraligatr|Liquidation|p2a: Scizor\n|-damage|p2a: Scizor|0 fnt\n|faint|p2a: Scizor\n|\n|upkeep\n|\n|t:|1783542950\n|switch|p2a: Flamigo|Flamigo, L82, F|100/100\n|turn|3\n|inactive|Time left: 300 sec this turn | 300 sec total\n|\n|t:|1783542951\n|move|p2a: Flamigo|Close Combat|p1a: Feraligatr\n|-damage|p1a: Feraligatr|0 fnt\n|-unboost|p2a: Flamigo|def|1\n|-unboost|p2a: Flamigo|spd|1\n|faint|p1a: Feraligatr\n|\n|upkeep\n|inactive|Time left: 300 sec this turn | 300 sec total | 5 sec grace\n|\n|t:|1783542952\n|switch|p1a: Chi-Yu|Chi-Yu, L77|211/211\n|-ability|p1a: Chi-Yu|Beads of Ruin\n|turn|4\n|inactive|Time left: 300 sec this turn | 300 sec total\n|\n|t:|1783542953\n|switch|p2a: Magmortar|Magmortar, L88, M|100/100\n|move|p1a: Chi-Yu|Fire Blast|p2a: Magmortar\n|-resisted|p2a: Magmortar\n|-damage|p2a: Magmortar|73/100\n|\n|upkeep\n|turn|5\n|inactive|Time left: 300 sec this turn | 300 sec total\n|\n|t:|1783542954\n|move|p1a: Chi-Yu|Nasty Plot|p1a: Chi-Yu\n|-boost|p1a: Chi-Yu|spa|2\n|move|p2a: Magmortar|Earthquake|p1a: Chi-Yu\n|-supereffective|p1a: Chi-Yu\n|-damage|p1a: Chi-Yu|27/211\n|\n|upkeep\n|turn|6\n|inactive|Time left: 300 sec this turn | 300 sec total\n|\n|t:|1783542955\n|move|p1a: Chi-Yu|Dark Pulse|p2a: Magmortar\n|-damage|p2a: Magmortar|0 fnt\n|faint|p2a: Magmortar\n|\n|upkeep\n|\n|t:|1783542956\n|switch|p2a: Braviary|Braviary-Hisui, L85, M|100/100\n|turn|7\n|inactive|Time left: 300 sec this turn | 300 sec total\n|\n|t:|1783542957\n|move|p2a: Braviary|Vacuum Wave|p1a: Chi-Yu\n|-supereffective|p1a: Chi-Yu\n|-damage|p1a: Chi-Yu|0 fnt\n|faint|p1a: Chi-Yu\n|\n|upkeep\n|inactive|Time left: 300 sec this turn | 300 sec total | 5 sec grace\n|\n|t:|1783542958\n|switch|p1a: Bellossom|Bellossom, L84, M|263/263\n|turn|8\n|inactive|Time left: 300 sec this turn | 300 sec total\n|\n|t:|1783542959\n|switch|p2a: Flamigo|Flamigo, L82, F|100/100\n|move|p1a: Bellossom|Quiver Dance|p1a: Bellossom\n|-boost|p1a: Bellossom|spa|1\n|-boost|p1a: Bellossom|spd|1\n|-boost|p1a: Bellossom|spe|1\n|\n|upkeep\n|turn|9\n|inactive|Time left: 300 sec this turn | 300 sec total\n|\n|t:|1783542960\n|-terastallize|p1a: Bellossom|Poison\n|move|p1a: Bellossom|Quiver Dance|p1a: Bellossom\n|-boost|p1a: Bellossom|spa|1\n|-boost|p1a: Bellossom|spd|1\n|-boost|p1a: Bellossom|spe|1\n|move|p2a: Flamigo|Brave Bird|p1a: Bellossom\n|-damage|p1a: Bellossom|79/263\n|-damage|p2a: Flamigo|78/100|[from] Recoil\n|\n|-heal|p1a: Bellossom|95/263|[from] item: Leftovers\n|upkeep\n|turn|10\n|inactive|Time left: 300 sec this turn | 300 sec total\n|\n|t:|1783542961\n|move|p1a: Bellossom|Sludge Bomb|p2a: Flamigo\n|-damage|p2a: Flamigo|0 fnt\n|faint|p2a: Flamigo\n|\n|-heal|p1a: Bellossom|111/263|[from] item: Leftovers\n|upkeep\n|\n|t:|1783542962\n|switch|p2a: Braviary|Braviary-Hisui, L85, M|100/100\n|turn|11\n|inactive|Time left: 300 sec this turn | 300 sec total\n|\n|t:|1783542963\n|move|p1a: Bellossom|Strength Sap|p2a: Braviary\n|-unboost|p2a: Braviary|atk|1\n|-heal|p1a: Bellossom|263/263\n|move|p2a: Braviary|Esper Wing|p1a: Bellossom\n|-supereffective|p1a: Bellossom\n|-damage|p1a: Bellossom|129/263\n|-boost|p2a: Braviary|spe|1\n|\n|-heal|p1a: Bellossom|145/263|[from] item: Leftovers\n|upkeep\n|turn|12\n|inactive|Time left: 300 sec this turn | 300 sec total\n|\n|t:|1783542964\n|move|p1a: Bellossom|Sludge Bomb|p2a: Braviary\n|-damage|p2a: Braviary|32/100\n|move|p2a: Braviary|Esper Wing|p1a: Bellossom\n|-supereffective|p1a: Bellossom\n|-damage|p1a: Bellossom|17/263\n|-boost|p2a: Braviary|spe|1\n|\n|-heal|p1a: Bellossom|33/263|[from] item: Leftovers\n|upkeep\n|turn|13\n|inactive|Time left: 300 sec this turn | 300 sec total\n|\n|t:|1783542965\n|switch|p1a: Hypno|Hypno, L95, M|315/315\n|move|p2a: Braviary|Esper Wing|p1a: Hypno\n|-resisted|p1a: Hypno\n|-damage|p1a: Hypno|217/315\n|-boost|p2a: Braviary|spe|1\n|\n|-heal|p1a: Hypno|236/315|[from] item: Leftovers\n|upkeep\n|turn|14\n|inactive|Time left: 300 sec this turn | 300 sec total\n|\n|t:|1783542966\n|move|p2a: Braviary|Esper Wing|p1a: Hypno\n|-resisted|p1a: Hypno\n|-damage|p1a: Hypno|132/315\n|-boost|p2a: Braviary|spe|1\n|move|p1a: Hypno|Knock Off|p2a: Braviary\n|-supereffective|p2a: Braviary\n|-damage|p2a: Braviary|0 fnt\n|-enditem|p2a: Braviary|Choice Specs|[from] move: Knock Off|[of] p1a: Hypno\n|faint|p2a: Braviary\n|\n|-heal|p1a: Hypno|151/315|[from] item: Leftovers\n|upkeep\n|\n|t:|1783542967\n|switch|p2a: Feraligatr|Feraligatr, L79, F|100/100\n|turn|15\n|inactive|Time left: 300 sec this turn | 300 sec total\n|\n|t:|1783542968\n|move|p1a: Hypno|Toxic|p2a: Feraligatr\n|-status|p2a: Feraligatr|tox\n|move|p2a: Feraligatr|Dragon Dance|p2a: Feraligatr\n|-boost|p2a: Feraligatr|atk|1\n|-boost|p2a: Feraligatr|spe|1\n|\n|-heal|p1a: Hypno|170/315|[from] item: Leftovers\n|-damage|p2a: Feraligatr|94/100 tox|[from] psn\n|upkeep\n|turn|16\n|inactive|Time left: 300 sec this turn | 300 sec total\n|\n|t:|1783542969\n|switch|p1a: Gyarados|Gyarados, L79, M|280/280\n|-ability|p1a: Gyarados|Intimidate|boost\n|-unboost|p2a: Feraligatr|atk|1\n|move|p2a: Feraligatr|Liquidation|p1a: Gyarados\n|-resisted|p1a: Gyarados\n|-damage|p1a: Gyarados|194/280\n|\n|-damage|p2a: Feraligatr|82/100 tox|[from] psn\n|upkeep\n|turn|17\n|inactive|Time left: 300 sec this turn | 300 sec total\n|\n|t:|1783542970\n|switch|p2a: Trevenant|Trevenant, L89, F|100/100\n|move|p1a: Gyarados|Earthquake|p2a: Trevenant\n|-resisted|p2a: Trevenant\n|-damage|p2a: Trevenant|86/100\n|\n|upkeep\n|turn|18\n|inactive|Time left: 300 sec this turn | 300 sec total\n|\n|t:|1783542972\n|switch|p1a: Bellossom|Bellossom, L84, M, tera:Poison|33/263\n|move|p2a: Trevenant|Poltergeist|p1a: Bellossom\n|-activate|p1a: Bellossom|move: Poltergeist|Leftovers\n|-damage|p1a: Bellossom|0 fnt\n|faint|p1a: Bellossom\n|-damage|p2a: Trevenant|77/100|[from] item: Life Orb\n|\n|upkeep\n|inactive|Time left: 300 sec this turn | 300 sec total | 5 sec grace\n|\n|t:|1783542973\n|switch|p1a: Eternatus|Eternatus, L69|308/308\n|-ability|p1a: Eternatus|Pressure\n|turn|19\n|inactive|Time left: 300 sec this turn | 300 sec total\n|\n|t:|1783542974\n|move|p1a: Eternatus|Fire Blast|p2a: Trevenant\n|-supereffective|p2a: Trevenant\n|-damage|p2a: Trevenant|30/100\n|move|p2a: Trevenant|Poltergeist|p1a: Eternatus\n|-activate|p1a: Eternatus|move: Poltergeist|Leftovers\n|-damage|p1a: Eternatus|108/308\n|-damage|p2a: Trevenant|20/100|[from] item: Life Orb\n|\n|-heal|p1a: Eternatus|127/308|[from] item: Leftovers\n|upkeep\n|turn|20\n|inactive|Time left: 300 sec this turn | 300 sec total\n|\n|t:|1783542975\n|move|p1a: Eternatus|Dynamax Cannon|p2a: Trevenant\n|-damage|p2a: Trevenant|0 fnt\n|faint|p2a: Trevenant\n|\n|-heal|p1a: Eternatus|146/308|[from] item: Leftovers\n|upkeep\n|\n|t:|1783542976\n|switch|p2a: Feraligatr|Feraligatr, L79, F|82/100 tox\n|turn|21\n|inactive|Time left: 300 sec this turn | 300 sec total\n|\n|t:|1783542977\n|move|p1a: Eternatus|Dynamax Cannon|p2a: Feraligatr\n|-damage|p2a: Feraligatr|37/100 tox\n|move|p2a: Feraligatr|Dragon Dance|p2a: Feraligatr\n|-boost|p2a: Feraligatr|atk|1\n|-boost|p2a: Feraligatr|spe|1\n|\n|-heal|p1a: Eternatus|165/308|[from] item: Leftovers\n|-damage|p2a: Feraligatr|31/100 tox|[from] psn\n|upkeep\n|turn|22\n|inactive|Time left: 300 sec this turn | 300 sec total\n|\n|t:|1783542978\n|move|p2a: Feraligatr|Dragon Dance|p2a: Feraligatr\n|-boost|p2a: Feraligatr|atk|1\n|-boost|p2a: Feraligatr|spe|1\n|move|p1a: Eternatus|Dynamax Cannon|p2a: Feraligatr\n|-damage|p2a: Feraligatr|0 fnt\n|faint|p2a: Feraligatr\n|\n|win|p0x2917812", "uploadtime": 1783542978, "views": 0, "rating": 0, "private": 0, "password": null, "_winner": "p0x2917812", "_our_name": "p0x2917812"}