{"id": "battle-gen9randombattle-2444", "formatid": "gen9randombattle", "format": "[Gen 9] Random Battle", "players": ["p0x2444fd6d", "p0y2444aae4"], "log": "|init|battle\n|title|p0x2444fd6d vs. p0y2444aae4\n|j|\u2606p0x2444fd6d\n|j|\u2606p0y2444aae4\n|t:|1783568319\n|gametype|singles\n|player|p1|p0x2444fd6d|170|\n|player|p2|p0y2444aae4|101|\n|gen|9\n|tier|[Gen 9] Random Battle\n|rule|Species Clause: Limit one of each Pok\u00e9mon\n|rule|HP Percentage Mod: HP is shown in percentages\n|rule|Sleep Clause Mod: Limit one foe put to sleep\n|rule|Illusion Level Mod: Illusion disguises the Pok\u00e9mon's true level\n|\n|t:|1783568319\n|teamsize|p1|6\n|teamsize|p2|6\n|start\n|switch|p1a: Umbreon|Umbreon, L84, F|100/100\n|switch|p2a: Mimikyu|Mimikyu, L79, M|216/216\n|turn|1\n|inactive|Battle timer is ON: inactive players will automatically lose when time's up. (requested by p0y2444aae4)\n|inactive|p0x2444fd6d also wants the timer to be on.\n|\n|t:|1783568321\n|move|p2a: Mimikyu|Swords Dance|p2a: Mimikyu\n|-boost|p2a: Mimikyu|atk|2\n|move|p1a: Umbreon|Foul Play|p2a: Mimikyu\n|-activate|p2a: Mimikyu|ability: Disguise\n|-damage|p2a: Mimikyu|216/216\n|detailschange|p2a: Mimikyu|Mimikyu-Busted, L79, M\n|-damage|p2a: Mimikyu|189/216|[from] pokemon: Mimikyu-Busted\n|\n|upkeep\n|turn|2\n|inactive|Time left: 300 sec this turn | 300 sec total\n|\n|t:|1783568322\n|-terastallize|p1a: Umbreon|Poison\n|move|p2a: Mimikyu|Play Rough|p1a: Umbreon\n|-resisted|p1a: Umbreon\n|-damage|p1a: Umbreon|71/100\n|-damage|p2a: Mimikyu|168/216|[from] item: Life Orb\n|move|p1a: Umbreon|Foul Play|p2a: Mimikyu\n|-damage|p2a: Mimikyu|0 fnt\n|faint|p2a: Mimikyu\n|\n|-heal|p1a: Umbreon|77/100|[from] item: Leftovers\n|upkeep\n|inactive|Time left: 300 sec this turn | 300 sec total | 5 sec grace\n|\n|t:|1783568323\n|switch|p2a: Politoed|Politoed, L88, F|302/302\n|-weather|RainDance|[from] ability: Drizzle|[of] p2a: Politoed\n|turn|3\n|inactive|Time left: 300 sec this turn | 300 sec total\n|\n|t:|1783568324\n|move|p1a: Umbreon|Protect|p1a: Umbreon\n|-singleturn|p1a: Umbreon|Protect\n|move|p2a: Politoed|Weather Ball|p1a: Umbreon\n|-activate|p1a: Umbreon|move: Protect\n|\n|-weather|RainDance|[upkeep]\n|-heal|p1a: Umbreon|83/100|[from] item: Leftovers\n|upkeep\n|turn|4\n|inactive|Time left: 300 sec this turn | 300 sec total\n|\n|t:|1783568325\n|move|p2a: Politoed|Weather Ball|p1a: Umbreon\n|-damage|p1a: Umbreon|22/100\n|move|p1a: Umbreon|Toxic|p2a: Politoed\n|-status|p2a: Politoed|tox\n|\n|-weather|RainDance|[upkeep]\n|-heal|p1a: Umbreon|28/100|[from] item: Leftovers\n|-damage|p2a: Politoed|284/302 tox|[from] psn\n|upkeep\n|turn|5\n|inactive|Time left: 300 sec this turn | 300 sec total\n|\n|t:|1783568327\n|move|p1a: Umbreon|Protect|p1a: Umbreon\n|-singleturn|p1a: Umbreon|Protect\n|move|p2a: Politoed|Weather Ball|p1a: Umbreon\n|-activate|p1a: Umbreon|move: Protect\n|\n|-weather|RainDance|[upkeep]\n|-heal|p1a: Umbreon|34/100|[from] item: Leftovers\n|-damage|p2a: Politoed|248/302 tox|[from] psn\n|upkeep\n|turn|6\n|inactive|Time left: 300 sec this turn | 300 sec total\n|\n|t:|1783568327\n|move|p1a: Umbreon|Protect||[still]\n|-fail|p1a: Umbreon\n|move|p2a: Politoed|Weather Ball|p1a: Umbreon\n|-damage|p1a: Umbreon|0 fnt\n|faint|p1a: Umbreon\n|\n|-weather|RainDance|[upkeep]\n|-damage|p2a: Politoed|194/302 tox|[from] psn\n|upkeep\n|\n|t:|1783568328\n|switch|p1a: Crabominable|Crabominable, L90, F|100/100\n|turn|7\n|inactive|Time left: 300 sec this turn | 300 sec total\n|\n|t:|1783568329\n|move|p2a: Politoed|Weather Ball|p1a: Crabominable\n|-damage|p1a: Crabominable|41/100\n|move|p1a: Crabominable|Drain Punch|p2a: Politoed\n|-damage|p2a: Politoed|40/302 tox\n|-heal|p1a: Crabominable|65/100|[from] drain|[of] p2a: Politoed\n|\n|-weather|none\n|-damage|p2a: Politoed|0 fnt|[from] psn\n|faint|p2a: Politoed\n|upkeep\n|inactive|Time left: 300 sec this turn | 300 sec total | 5 sec grace\n|\n|t:|1783568330\n|switch|p2a: Breloom|Breloom, L83, F|235/235\n|turn|8\n|inactive|Time left: 300 sec this turn | 300 sec total\n|\n|t:|1783568331\n|move|p2a: Breloom|Spore|p1a: Crabominable\n|-status|p1a: Crabominable|slp|[from] move: Spore\n|cant|p1a: Crabominable|slp\n|\n|upkeep\n|turn|9\n|inactive|Time left: 300 sec this turn | 300 sec total\n|\n|t:|1783568332\n|switch|p1a: Hypno|Hypno, L95, M|100/100\n|move|p2a: Breloom|Mach Punch|p1a: Hypno\n|-resisted|p1a: Hypno\n|-damage|p1a: Hypno|84/100\n|-damage|p2a: Breloom|212/235|[from] item: Life Orb\n|\n|-heal|p1a: Hypno|90/100|[from] item: Leftovers\n|upkeep\n|turn|10\n|inactive|Time left: 300 sec this turn | 300 sec total\n|\n|t:|1783568333\n|switch|p2a: Kingambit|Kingambit, L74, M|270/270\n|-activate|p2a: Kingambit|ability: Supreme Overlord\n|-start|p2a: Kingambit|fallen2|[silent]\n|move|p1a: Hypno|Psychic Noise|p2a: Kingambit\n|-immune|p2a: Kingambit\n|\n|-heal|p1a: Hypno|96/100|[from] item: Leftovers\n|upkeep\n|turn|11\n|inactive|Time left: 300 sec this turn | 300 sec total\n|\n|t:|1783568335\n|move|p1a: Hypno|Focus Blast|p2a: Kingambit\n|-supereffective|p2a: Kingambit\n|-damage|p2a: Kingambit|0 fnt\n|faint|p2a: Kingambit\n|-end|p2a: Kingambit|fallen2|[silent]\n|\n|-heal|p1a: Hypno|100/100|[from] item: Leftovers\n|upkeep\n|inactive|Time left: 300 sec this turn | 300 sec total | 5 sec grace\n|\n|t:|1783568335\n|switch|p2a: Mismagius|Mismagius, L86, M|243/243\n|turn|12\n|inactive|Time left: 300 sec this turn | 300 sec total\n|\n|t:|1783568336\n|move|p2a: Mismagius|Nasty Plot|p2a: Mismagius\n|-boost|p2a: Mismagius|spa|2\n|move|p1a: Hypno|Toxic|p2a: Mismagius\n|-status|p2a: Mismagius|tox\n|\n|-damage|p2a: Mismagius|228/243 tox|[from] psn\n|upkeep\n|turn|13\n|inactive|Time left: 300 sec this turn | 300 sec total\n|\n|t:|1783568337\n|move|p1a: Hypno|Protect|p1a: Hypno\n|-singleturn|p1a: Hypno|Protect\n|move|p2a: Mismagius|Shadow Ball|p1a: Hypno\n|-activate|p1a: Hypno|move: Protect\n|\n|-heal|p2a: Mismagius|243/243 tox|[from] item: Leftovers\n|-damage|p2a: Mismagius|213/243 tox|[from] psn\n|upkeep\n|turn|14\n|inactive|Time left: 300 sec this turn | 300 sec total\n|\n|t:|1783568339\n|move|p2a: Mismagius|Shadow Ball|p1a: Hypno\n|-supereffective|p1a: Hypno\n|-crit|p1a: Hypno\n|-damage|p1a: Hypno|0 fnt\n|faint|p1a: Hypno\n|\n|-heal|p2a: Mismagius|228/243 tox|[from] item: Leftovers\n|-damage|p2a: Mismagius|183/243 tox|[from] psn\n|upkeep\n|\n|t:|1783568340\n|switch|p1a: Hitmontop|Hitmontop, L88, M|100/100\n|turn|15\n|inactive|Time left: 300 sec this turn | 300 sec total\n|\n|t:|1783568341\n|move|p2a: Mismagius|Shadow Ball|p1a: Hitmontop\n|-damage|p1a: Hitmontop|33/100\n|move|p1a: Hitmontop|Triple Axel|p2a: Mismagius\n|-damage|p2a: Mismagius|152/243 tox\n|-damage|p2a: Mismagius|96/243 tox\n|-damage|p2a: Mismagius|0 fnt\n|faint|p2a: Mismagius\n|-hitcount|p2: Mismagius|3\n|\n|-heal|p1a: Hitmontop|39/100|[from] item: Leftovers\n|upkeep\n|inactive|Time left: 300 sec this turn | 300 sec total | 5 sec grace\n|\n|t:|1783568342\n|switch|p2a: Breloom|Breloom, L83, F|212/235\n|turn|16\n|inactive|Time left: 300 sec this turn | 300 sec total\n|\n|t:|1783568343\n|switch|p1a: Comfey|Comfey, L85, F|100/100\n|move|p2a: Breloom|Mach Punch|p1a: Comfey\n|-resisted|p1a: Comfey\n|-damage|p1a: Comfey|79/100\n|-damage|p2a: Breloom|189/235|[from] item: Life Orb\n|\n|-heal|p1a: Comfey|85/100|[from] item: Leftovers\n|upkeep\n|turn|17\n|inactive|Time left: 300 sec this turn | 300 sec total\n|\n|t:|1783568344\n|move|p1a: Comfey|Draining Kiss|p2a: Breloom\n|-supereffective|p2a: Breloom\n|-damage|p2a: Breloom|57/235\n|-heal|p1a: Comfey|100/100|[from] drain|[of] p2a: Breloom\n|move|p2a: Breloom|Bullet Seed|p1a: Comfey\n|-damage|p1a: Comfey|75/100\n|-damage|p1a: Comfey|47/100\n|-damage|p1a: Comfey|17/100\n|-damage|p1a: Comfey|0 fnt\n|faint|p1a: Comfey\n|-hitcount|p1: Comfey|4\n|-damage|p2a: Breloom|34/235|[from] item: Life Orb\n|\n|upkeep\n|\n|t:|1783568345\n|switch|p1a: Crabominable|Crabominable, L90, F|65/100 slp\n|turn|18\n|inactive|Time left: 300 sec this turn | 300 sec total\n|\n|t:|1783568346\n|-terastallize|p2a: Breloom|Fighting\n|move|p2a: Breloom|Mach Punch|p1a: Crabominable\n|-supereffective|p1a: Crabominable\n|-damage|p1a: Crabominable|0 fnt\n|faint|p1a: Crabominable\n|-damage|p2a: Breloom|11/235|[from] item: Life Orb\n|\n|upkeep\n|\n|t:|1783568347\n|switch|p1a: Hitmontop|Hitmontop, L88, M|39/100\n|turn|19\n|inactive|Time left: 300 sec this turn | 300 sec total\n|\n|t:|1783568348\n|move|p2a: Breloom|Mach Punch|p1a: Hitmontop\n|-damage|p1a: Hitmontop|0 fnt\n|faint|p1a: Hitmontop\n|-damage|p2a: Breloom|0 fnt|[from] item: Life Orb\n|faint|p2a: Breloom\n|\n|upkeep\n|inactive|Time left: 300 sec this turn | 300 sec total | 5 sec grace\n|\n|t:|1783568348\n|switch|p1a: Smeargle|Smeargle, L95, F|100/100\n|switch|p2a: Lycanroc|Lycanroc-Midnight, L89, M|296/296\n|turn|20\n|inactive|Time left: 300 sec this turn | 300 sec total\n|\n|t:|1783568349\n|move|p2a: Lycanroc|Stone Edge|p1a: Smeargle\n|-damage|p1a: Smeargle|0 fnt\n|faint|p1a: Smeargle\n|-damage|p2a: Lycanroc|267/296|[from] item: Life Orb\n|\n|win|p0y2444aae4", "uploadtime": 1783568349, "views": 0, "rating": 0, "private": 0, "password": null, "_winner": "p0y2444aae4", "_our_name": "p0y2444aae4"}