{"id": "battle-gen9randombattle-2508", "formatid": "gen9randombattle", "format": "[Gen 9] Random Battle", "players": ["p0x2508b655", "p0y25087340"], "log": "|init|battle\n|title|p0x2508b655 vs. p0y25087340\n|j|\u2606p0x2508b655\n|j|\u2606p0y25087340\n|t:|1783569038\n|gametype|singles\n|player|p1|p0x2508b655|102|\n|player|p2|p0y25087340|102|\n|gen|9\n|tier|[Gen 9] Random Battle\n|rule|Species Clause: Limit one of each Pok\u00e9mon\n|rule|HP Percentage Mod: HP is shown in percentages\n|rule|Sleep Clause Mod: Limit one foe put to sleep\n|rule|Illusion Level Mod: Illusion disguises the Pok\u00e9mon's true level\n|\n|t:|1783569038\n|teamsize|p1|6\n|teamsize|p2|6\n|start\n|switch|p1a: Sawsbuck|Sawsbuck-Summer, L88, M|100/100\n|switch|p2a: Chi-Yu|Chi-Yu, L77|211/211\n|-ability|p2a: Chi-Yu|Beads of Ruin\n|turn|1\n|inactive|Battle timer is ON: inactive players will automatically lose when time's up. (requested by p0x2508b655)\n|inactive|Time left: 300 sec this turn | 300 sec total | 60 sec grace\n|inactive|p0y25087340 also wants the timer to be on.\n|\n|t:|1783569040\n|move|p1a: Sawsbuck|Double-Edge|p2a: Chi-Yu\n|-crit|p2a: Chi-Yu\n|-damage|p2a: Chi-Yu|0 fnt\n|faint|p2a: Chi-Yu\n|-damage|p1a: Sawsbuck|76/100|[from] Recoil\n|-damage|p1a: Sawsbuck|66/100|[from] item: Life Orb\n|\n|upkeep\n|inactive|Time left: 300 sec this turn | 300 sec total | 65 sec grace\n|\n|t:|1783569041\n|switch|p2a: Sunflora|Sunflora, F|312/312\n|turn|2\n|inactive|Time left: 300 sec this turn | 300 sec total\n|\n|t:|1783569042\n|move|p1a: Sawsbuck|Horn Leech|p2a: Sunflora\n|-resisted|p2a: Sunflora\n|-crit|p2a: Sunflora\n|-damage|p2a: Sunflora|205/312\n|-heal|p1a: Sawsbuck|85/100|[from] drain|[of] p2a: Sunflora\n|-damage|p1a: Sawsbuck|75/100|[from] item: Life Orb\n|move|p2a: Sunflora|Sludge Bomb|p1a: Sawsbuck\n|-supereffective|p1a: Sawsbuck\n|-damage|p1a: Sawsbuck|0 fnt\n|faint|p1a: Sawsbuck\n|\n|upkeep\n|\n|t:|1783569043\n|switch|p1a: Typhlosion|Typhlosion-Hisui, L83, M|100/100\n|turn|3\n|inactive|Time left: 300 sec this turn | 300 sec total\n|\n|t:|1783569044\n|switch|p2a: Lanturn|Lanturn, L89, M|367/367\n|move|p1a: Typhlosion|Fire Blast|p2a: Lanturn\n|-resisted|p2a: Lanturn\n|-damage|p2a: Lanturn|293/367\n|\n|-heal|p2a: Lanturn|315/367|[from] item: Leftovers\n|upkeep\n|turn|4\n|inactive|Time left: 300 sec this turn | 300 sec total\n|\n|t:|1783569046\n|move|p1a: Typhlosion|Calm Mind|p1a: Typhlosion\n|-boost|p1a: Typhlosion|spa|1\n|-boost|p1a: Typhlosion|spd|1\n|move|p2a: Lanturn|Scald|p1a: Typhlosion\n|-supereffective|p1a: Typhlosion\n|-damage|p1a: Typhlosion|58/100\n|\n|-heal|p1a: Typhlosion|65/100|[from] item: Leftovers\n|-heal|p2a: Lanturn|337/367|[from] item: Leftovers\n|upkeep\n|turn|5\n|inactive|Time left: 300 sec this turn | 300 sec total\n|\n|t:|1783569047\n|move|p1a: Typhlosion|Calm Mind|p1a: Typhlosion\n|-boost|p1a: Typhlosion|spa|1\n|-boost|p1a: Typhlosion|spd|1\n|move|p2a: Lanturn|Scald|p1a: Typhlosion\n|-supereffective|p1a: Typhlosion\n|-damage|p1a: Typhlosion|34/100\n|\n|-heal|p1a: Typhlosion|40/100|[from] item: Leftovers\n|-heal|p2a: Lanturn|359/367|[from] item: Leftovers\n|upkeep\n|turn|6\n|inactive|Time left: 300 sec this turn | 300 sec total\n|\n|t:|1783569048\n|move|p1a: Typhlosion|Shadow Ball|p2a: Lanturn\n|-damage|p2a: Lanturn|163/367\n|move|p2a: Lanturn|Scald|p1a: Typhlosion\n|-supereffective|p1a: Typhlosion\n|-damage|p1a: Typhlosion|6/100\n|\n|-heal|p1a: Typhlosion|13/100|[from] item: Leftovers\n|-heal|p2a: Lanturn|185/367|[from] item: Leftovers\n|upkeep\n|turn|7\n|inactive|Time left: 300 sec this turn | 300 sec total\n|\n|t:|1783569049\n|move|p1a: Typhlosion|Shadow Ball|p2a: Lanturn\n|-damage|p2a: Lanturn|0 fnt\n|faint|p2a: Lanturn\n|\n|-heal|p1a: Typhlosion|19/100|[from] item: Leftovers\n|upkeep\n|inactive|Time left: 300 sec this turn | 300 sec total | 5 sec grace\n|\n|t:|1783569050\n|switch|p2a: Raikou|Raikou, L81|278/278\n|-ability|p2a: Raikou|Pressure\n|turn|8\n|inactive|Time left: 300 sec this turn | 300 sec total\n|\n|t:|1783569051\n|switch|p1a: Raging Bolt|Raging Bolt, L78|100/100\n|move|p2a: Raikou|Thunderbolt|p1a: Raging Bolt\n|-resisted|p1a: Raging Bolt\n|-damage|p1a: Raging Bolt|95/100\n|\n|upkeep\n|turn|9\n|inactive|Time left: 300 sec this turn | 300 sec total\n|\n|t:|1783569052\n|move|p2a: Raikou|Calm Mind|p2a: Raikou\n|-boost|p2a: Raikou|spa|1\n|-boost|p2a: Raikou|spd|1\n|move|p1a: Raging Bolt|Thunderbolt|p2a: Raikou\n|-resisted|p2a: Raikou\n|-damage|p2a: Raikou|241/278\n|\n|upkeep\n|turn|10\n|inactive|Time left: 300 sec this turn | 300 sec total\n|\n|t:|1783569053\n|move|p2a: Raikou|Calm Mind|p2a: Raikou\n|-boost|p2a: Raikou|spa|1\n|-boost|p2a: Raikou|spd|1\n|move|p1a: Raging Bolt|Thunderbolt|p2a: Raikou\n|-resisted|p2a: Raikou\n|-damage|p2a: Raikou|217/278\n|\n|upkeep\n|turn|11\n|inactive|Time left: 300 sec this turn | 300 sec total\n|\n|t:|1783569054\n|move|p2a: Raikou|Calm Mind|p2a: Raikou\n|-boost|p2a: Raikou|spa|1\n|-boost|p2a: Raikou|spd|1\n|move|p1a: Raging Bolt|Thunderbolt|p2a: Raikou\n|-resisted|p2a: Raikou\n|-damage|p2a: Raikou|195/278\n|\n|upkeep\n|turn|12\n|inactive|Time left: 300 sec this turn | 300 sec total\n|\n|t:|1783569055\n|move|p2a: Raikou|Calm Mind|p2a: Raikou\n|-boost|p2a: Raikou|spa|1\n|-boost|p2a: Raikou|spd|1\n|move|p1a: Raging Bolt|Volt Switch|p2a: Raikou\n|-resisted|p2a: Raikou\n|-damage|p2a: Raikou|181/278\n|\n|t:|1783569057\n|-end|p1a: Raging Bolt|Protosynthesis|[silent]\n|switch|p1a: Typhlosion|Typhlosion-Hisui, L83, M|19/100|[from] Volt Switch\n|\n|-heal|p1a: Typhlosion|25/100|[from] item: Leftovers\n|upkeep\n|turn|13\n|inactive|Time left: 300 sec this turn | 300 sec total\n|\n|t:|1783569058\n|switch|p1a: Raging Bolt|Raging Bolt, L78|95/100\n|move|p2a: Raikou|Thunderbolt|p1a: Raging Bolt\n|-resisted|p1a: Raging Bolt\n|-damage|p1a: Raging Bolt|79/100\n|\n|upkeep\n|turn|14\n|inactive|Time left: 300 sec this turn | 300 sec total\n|\n|t:|1783569058\n|move|p2a: Raikou|Scald|p1a: Raging Bolt\n|-resisted|p1a: Raging Bolt\n|-damage|p1a: Raging Bolt|59/100\n|move|p1a: Raging Bolt|Volt Switch|p2a: Raikou\n|-resisted|p2a: Raikou\n|-damage|p2a: Raikou|166/278\n|\n|t:|1783569059\n|-end|p1a: Raging Bolt|Protosynthesis|[silent]\n|switch|p1a: Typhlosion|Typhlosion-Hisui, L83, M|25/100|[from] Volt Switch\n|\n|-heal|p1a: Typhlosion|31/100|[from] item: Leftovers\n|upkeep\n|turn|15\n|inactive|Time left: 300 sec this turn | 300 sec total\n|\n|t:|1783569060\n|switch|p1a: Raging Bolt|Raging Bolt, L78|59/100\n|move|p2a: Raikou|Scald|p1a: Raging Bolt\n|-resisted|p1a: Raging Bolt\n|-damage|p1a: Raging Bolt|41/100\n|\n|upkeep\n|turn|16\n|inactive|Time left: 300 sec this turn | 300 sec total\n|\n|t:|1783569061\n|move|p2a: Raikou|Scald|p1a: Raging Bolt\n|-resisted|p1a: Raging Bolt\n|-damage|p1a: Raging Bolt|20/100\n|move|p1a: Raging Bolt|Volt Switch|p2a: Raikou\n|-resisted|p2a: Raikou\n|-damage|p2a: Raikou|152/278\n|\n|t:|1783569062\n|-end|p1a: Raging Bolt|Protosynthesis|[silent]\n|switch|p1a: Typhlosion|Typhlosion-Hisui, L83, M|31/100|[from] Volt Switch\n|\n|-heal|p1a: Typhlosion|37/100|[from] item: Leftovers\n|upkeep\n|turn|17\n|inactive|Time left: 300 sec this turn | 300 sec total\n|\n|t:|1783569063\n|switch|p1a: Raging Bolt|Raging Bolt, L78|20/100\n|move|p2a: Raikou|Thunderbolt|p1a: Raging Bolt\n|-resisted|p1a: Raging Bolt\n|-damage|p1a: Raging Bolt|5/100\n|\n|upkeep\n|turn|18\n|inactive|Time left: 300 sec this turn | 300 sec total\n|\n|t:|1783569064\n|move|p2a: Raikou|Thunderbolt|p1a: Raging Bolt\n|-resisted|p1a: Raging Bolt\n|-damage|p1a: Raging Bolt|0 fnt\n|faint|p1a: Raging Bolt\n|-end|p1a: Raging Bolt|Protosynthesis|[silent]\n|\n|upkeep\n|\n|t:|1783569065\n|switch|p1a: Typhlosion|Typhlosion-Hisui, L83, M|37/100\n|turn|19\n|inactive|Time left: 300 sec this turn | 300 sec total\n|\n|t:|1783569066\n|move|p2a: Raikou|Thunderbolt|p1a: Typhlosion\n|-damage|p1a: Typhlosion|0 fnt\n|faint|p1a: Typhlosion\n|\n|upkeep\n|\n|t:|1783569067\n|switch|p1a: Gardevoir|Gardevoir, L83, M|100/100\n|-ability|p1a: Gardevoir|Pressure|Trace|[from] ability: Trace|[of] p2a: Raikou\n|-ability|p1a: Gardevoir|Pressure\n|turn|20\n|inactive|Time left: 300 sec this turn | 300 sec total\n|\n|t:|1783569068\n|move|p2a: Raikou|Thunderbolt|p1a: Gardevoir\n|-damage|p1a: Gardevoir|9/100\n|move|p1a: Gardevoir|Calm Mind|p1a: Gardevoir\n|-boost|p1a: Gardevoir|spa|1\n|-boost|p1a: Gardevoir|spd|1\n|\n|upkeep\n|turn|21\n|inactive|Time left: 300 sec this turn | 300 sec total\n|\n|t:|1783569068\n|move|p2a: Raikou|Thunderbolt|p1a: Gardevoir\n|-damage|p1a: Gardevoir|0 fnt\n|faint|p1a: Gardevoir\n|\n|upkeep\n|\n|t:|1783569069\n|switch|p1a: Smeargle|Smeargle, L95, M|100/100\n|turn|22\n|inactive|Time left: 300 sec this turn | 300 sec total\n|\n|t:|1783569070\n|move|p2a: Raikou|Thunderbolt|p1a: Smeargle\n|-damage|p1a: Smeargle|0 fnt\n|faint|p1a: Smeargle\n|\n|upkeep\n|\n|t:|1783569071\n|switch|p1a: Klawf|Klawf, L90, M|100/100\n|turn|23\n|inactive|Time left: 300 sec this turn | 300 sec total\n|\n|t:|1783569072\n|-terastallize|p2a: Raikou|Flying\n|move|p2a: Raikou|Scald|p1a: Klawf\n|-supereffective|p1a: Klawf\n|-damage|p1a: Klawf|0 fnt\n|faint|p1a: Klawf\n|\n|win|p0y25087340", "uploadtime": 1783569072, "views": 0, "rating": 0, "private": 0, "password": null, "_winner": "p0y25087340", "_our_name": "p0y25087340"}