{"id": "battle-gen9randombattle-2150", "formatid": "gen9randombattle", "format": "[Gen 9] Random Battle", "players": ["p0x215062fd", "p0y21504a4b"], "log": "|init|battle\n|title|p0x215062fd vs. p0y21504a4b\n|j|\u2606p0x215062fd\n|j|\u2606p0y21504a4b\n|t:|1783564874\n|gametype|singles\n|player|p1|p0x215062fd|2|\n|player|p2|p0y21504a4b|266|\n|gen|9\n|tier|[Gen 9] Random Battle\n|rule|Species Clause: Limit one of each Pok\u00e9mon\n|rule|HP Percentage Mod: HP is shown in percentages\n|rule|Sleep Clause Mod: Limit one foe put to sleep\n|rule|Illusion Level Mod: Illusion disguises the Pok\u00e9mon's true level\n|\n|t:|1783564874\n|teamsize|p1|6\n|teamsize|p2|6\n|start\n|switch|p1a: Decidueye|Decidueye-Hisui, L87, M|100/100\n|switch|p2a: Hitmonchan|Hitmonchan, L87, M|229/229\n|turn|1\n|inactive|Battle timer is ON: inactive players will automatically lose when time's up. (requested by p0y21504a4b)\n|inactive|p0x215062fd also wants the timer to be on.\n|\n|t:|1783564875\n|switch|p2a: Hariyama|Hariyama, L87, M|392/392\n|move|p1a: Decidueye|Triple Arrows|p2a: Hariyama\n|-damage|p2a: Hariyama|254/392\n|-unboost|p2a: Hariyama|def|1\n|\n|-status|p2a: Hariyama|brn|[from] item: Flame Orb\n|upkeep\n|turn|2\n|inactive|Time left: 300 sec this turn | 300 sec total\n|\n|t:|1783564876\n|switch|p2a: Entei|Entei, L78|307/307\n|move|p1a: Decidueye|Triple Arrows|p2a: Entei\n|-damage|p2a: Entei|177/307\n|-unboost|p2a: Entei|def|1\n|\n|upkeep\n|turn|3\n|inactive|Time left: 300 sec this turn | 300 sec total\n|\n|t:|1783564878\n|-terastallize|p1a: Decidueye|Water\n|move|p2a: Entei|Sacred Fire|p1a: Decidueye\n|-resisted|p1a: Decidueye\n|-damage|p1a: Decidueye|75/100\n|move|p1a: Decidueye|Triple Arrows|p2a: Entei\n|-damage|p2a: Entei|0 fnt\n|faint|p2a: Entei\n|\n|-heal|p1a: Decidueye|81/100|[from] item: Leftovers\n|upkeep\n|inactive|Time left: 300 sec this turn | 300 sec total | 5 sec grace\n|\n|t:|1783564879\n|switch|p2a: Rhyperior|Rhyperior, L82, F|323/323\n|turn|4\n|inactive|Time left: 300 sec this turn | 300 sec total\n|\n|t:|1783564880\n|switch|p1a: Weezing|Weezing, L88, M|100/100\n|move|p2a: Rhyperior|Earthquake|p1a: Weezing\n|-immune|p1a: Weezing|[from] ability: Levitate\n|\n|upkeep\n|turn|5\n|inactive|Time left: 300 sec this turn | 300 sec total\n|\n|t:|1783564881\n|move|p1a: Weezing|Will-O-Wisp|p2a: Rhyperior\n|-status|p2a: Rhyperior|brn\n|move|p2a: Rhyperior|Rock Polish|p2a: Rhyperior\n|-boost|p2a: Rhyperior|spe|2\n|\n|-damage|p2a: Rhyperior|303/323 brn|[from] brn\n|upkeep\n|turn|6\n|inactive|Time left: 300 sec this turn | 300 sec total\n|\n|t:|1783564882\n|move|p2a: Rhyperior|Stone Edge|p1a: Weezing\n|-damage|p1a: Weezing|83/100\n|move|p1a: Weezing|Sludge Bomb|p2a: Rhyperior\n|-resisted|p2a: Rhyperior\n|-damage|p2a: Rhyperior|269/323 brn\n|\n|-heal|p1a: Weezing|89/100|[from] item: Leftovers\n|-damage|p2a: Rhyperior|249/323 brn|[from] brn\n|upkeep\n|turn|7\n|inactive|Time left: 300 sec this turn | 300 sec total\n|\n|t:|1783564883\n|move|p2a: Rhyperior|Rock Polish|p2a: Rhyperior\n|-boost|p2a: Rhyperior|spe|2\n|move|p1a: Weezing|Fire Blast|p2a: Rhyperior\n|-resisted|p2a: Rhyperior\n|-damage|p2a: Rhyperior|194/323 brn\n|\n|-heal|p1a: Weezing|95/100|[from] item: Leftovers\n|-damage|p2a: Rhyperior|174/323 brn|[from] brn\n|upkeep\n|turn|8\n|inactive|Time left: 300 sec this turn | 300 sec total\n|\n|t:|1783564884\n|move|p2a: Rhyperior|Stone Edge|p1a: Weezing|[miss]\n|-miss|p2a: Rhyperior|p1a: Weezing\n|move|p1a: Weezing|Fire Blast|p2a: Rhyperior\n|-resisted|p2a: Rhyperior\n|-damage|p2a: Rhyperior|122/323 brn\n|\n|-heal|p1a: Weezing|100/100|[from] item: Leftovers\n|-damage|p2a: Rhyperior|102/323 brn|[from] brn\n|upkeep\n|turn|9\n|inactive|Time left: 300 sec this turn | 300 sec total\n|\n|t:|1783564885\n|move|p2a: Rhyperior|Stone Edge|p1a: Weezing\n|-damage|p1a: Weezing|82/100\n|move|p1a: Weezing|Fire Blast|p2a: Rhyperior\n|-resisted|p2a: Rhyperior\n|-damage|p2a: Rhyperior|48/323 brn\n|\n|-heal|p1a: Weezing|88/100|[from] item: Leftovers\n|-damage|p2a: Rhyperior|28/323 brn|[from] brn\n|upkeep\n|turn|10\n|inactive|Time left: 300 sec this turn | 300 sec total\n|\n|t:|1783564886\n|move|p2a: Rhyperior|Stone Edge|p1a: Weezing\n|-damage|p1a: Weezing|68/100\n|move|p1a: Weezing|Sludge Bomb|p2a: Rhyperior\n|-resisted|p2a: Rhyperior\n|-crit|p2a: Rhyperior\n|-damage|p2a: Rhyperior|0 fnt\n|faint|p2a: Rhyperior\n|\n|-heal|p1a: Weezing|75/100|[from] item: Leftovers\n|upkeep\n|inactive|Time left: 300 sec this turn | 300 sec total | 5 sec grace\n|\n|t:|1783564887\n|switch|p2a: Espeon|Espeon, L84, M|246/246\n|turn|11\n|inactive|Time left: 300 sec this turn | 300 sec total\n|\n|t:|1783564888\n|switch|p1a: Probopass|Probopass, L91, F|100/100\n|move|p2a: Espeon|Psyshock|p1a: Probopass\n|-resisted|p1a: Probopass\n|-damage|p1a: Probopass|79/100\n|\n|upkeep\n|turn|12\n|inactive|Time left: 300 sec this turn | 300 sec total\n|\n|t:|1783564890\n|move|p2a: Espeon|Psyshock|p1a: Probopass\n|-resisted|p1a: Probopass\n|-damage|p1a: Probopass|60/100\n|move|p1a: Probopass|Iron Defense|p1a: Probopass\n|-boost|p1a: Probopass|def|2\n|\n|upkeep\n|turn|13\n|inactive|Time left: 300 sec this turn | 300 sec total\n|\n|t:|1783564891\n|switch|p2a: Hitmonchan|Hitmonchan, L87, M|229/229\n|move|p1a: Probopass|Body Press|p2a: Hitmonchan\n|-damage|p2a: Hitmonchan|39/229\n|\n|-heal|p2a: Hitmonchan|53/229|[from] item: Leftovers\n|upkeep\n|turn|14\n|inactive|Time left: 300 sec this turn | 300 sec total\n|\n|t:|1783564892\n|move|p2a: Hitmonchan|Drain Punch|p1a: Probopass\n|-supereffective|p1a: Probopass\n|-damage|p1a: Probopass|8/100\n|-heal|p2a: Hitmonchan|121/229|[from] drain|[of] p1a: Probopass\n|move|p1a: Probopass|Body Press|p2a: Hitmonchan\n|-damage|p2a: Hitmonchan|0 fnt\n|faint|p2a: Hitmonchan\n|\n|upkeep\n|inactive|Time left: 300 sec this turn | 300 sec total | 5 sec grace\n|\n|t:|1783564893\n|switch|p2a: Espeon|Espeon, L84, M|246/246\n|turn|15\n|inactive|Time left: 300 sec this turn | 300 sec total\n|\n|t:|1783564894\n|switch|p1a: Donphan|Donphan, L84, F|100/100\n|move|p2a: Espeon|Psyshock|p1a: Donphan\n|-damage|p1a: Donphan|58/100\n|\n|-heal|p1a: Donphan|65/100|[from] item: Leftovers\n|upkeep\n|turn|16\n|inactive|Time left: 300 sec this turn | 300 sec total\n|\n|t:|1783564895\n|move|p2a: Espeon|Psyshock|p1a: Donphan\n|-damage|p1a: Donphan|21/100\n|move|p1a: Donphan|Knock Off|p2a: Espeon\n|-supereffective|p2a: Espeon\n|-damage|p2a: Espeon|16/246\n|-enditem|p2a: Espeon|Choice Specs|[from] move: Knock Off|[of] p1a: Donphan\n|\n|-heal|p1a: Donphan|27/100|[from] item: Leftovers\n|upkeep\n|turn|17\n|inactive|Time left: 300 sec this turn | 300 sec total\n|\n|t:|1783564896\n|move|p1a: Donphan|Ice Shard|p2a: Espeon\n|-damage|p2a: Espeon|0 fnt\n|faint|p2a: Espeon\n|\n|-heal|p1a: Donphan|33/100|[from] item: Leftovers\n|upkeep\n|inactive|Time left: 300 sec this turn | 300 sec total | 5 sec grace\n|\n|t:|1783564897\n|switch|p2a: Hariyama|Hariyama, L87, M|254/392 brn\n|turn|18\n|inactive|Time left: 300 sec this turn | 300 sec total\n|\n|t:|1783564898\n|switch|p1a: Weezing|Weezing, L88, M|75/100\n|move|p2a: Hariyama|Knock Off|p1a: Weezing\n|-damage|p1a: Weezing|35/100\n|-enditem|p1a: Weezing|Leftovers|[from] move: Knock Off|[of] p2a: Hariyama\n|\n|-damage|p2a: Hariyama|230/392 brn|[from] brn\n|upkeep\n|turn|19\n|inactive|Time left: 300 sec this turn | 300 sec total\n|\n|t:|1783564899\n|move|p1a: Weezing|Pain Split|p2a: Hariyama\n|-sethp|p2a: Hariyama|159/392 brn|[from] move: Pain Split|[silent]\n|-sethp|p1a: Weezing|62/100|[from] move: Pain Split\n|move|p2a: Hariyama|Facade|p1a: Weezing\n|-damage|p1a: Weezing|4/100\n|\n|-damage|p2a: Hariyama|135/392 brn|[from] brn\n|upkeep\n|turn|20\n|inactive|Time left: 300 sec this turn | 300 sec total\n|\n|t:|1783564900\n|move|p2a: Hariyama|Bullet Punch|p1a: Weezing\n|-crit|p1a: Weezing\n|-damage|p1a: Weezing|0 fnt\n|faint|p1a: Weezing\n|\n|-damage|p2a: Hariyama|111/392 brn|[from] brn\n|upkeep\n|\n|t:|1783564901\n|switch|p1a: Decidueye|Decidueye-Hisui, L87, M, tera:Water|81/100\n|turn|21\n|inactive|Time left: 300 sec this turn | 300 sec total\n|\n|t:|1783564902\n|switch|p2a: Overqwil|Overqwil, L82, M|274/274\n|-ability|p2a: Overqwil|Intimidate|boost\n|-fail|p1a: Decidueye|unboost|Attack|[from] ability: Scrappy|[of] p1a: Decidueye\n|move|p1a: Decidueye|Triple Arrows|p2a: Overqwil\n|-damage|p2a: Overqwil|163/274\n|-unboost|p2a: Overqwil|def|1\n|\n|-heal|p1a: Decidueye|87/100|[from] item: Leftovers\n|upkeep\n|turn|22\n|inactive|Time left: 300 sec this turn | 300 sec total\n|\n|t:|1783564903\n|move|p2a: Overqwil|Swords Dance|p2a: Overqwil\n|-boost|p2a: Overqwil|atk|2\n|move|p1a: Decidueye|Triple Arrows|p2a: Overqwil\n|-damage|p2a: Overqwil|0 fnt\n|faint|p2a: Overqwil\n|\n|-heal|p1a: Decidueye|93/100|[from] item: Leftovers\n|upkeep\n|inactive|Time left: 300 sec this turn | 300 sec total | 5 sec grace\n|\n|t:|1783564904\n|switch|p2a: Hariyama|Hariyama, L87, M|111/392 brn\n|turn|23\n|inactive|Time left: 300 sec this turn | 300 sec total\n|\n|t:|1783564905\n|-terastallize|p2a: Hariyama|Normal\n|move|p1a: Decidueye|Triple Arrows|p2a: Hariyama\n|-supereffective|p2a: Hariyama\n|-damage|p2a: Hariyama|0 fnt\n|faint|p2a: Hariyama\n|\n|win|p0x215062fd", "uploadtime": 1783564905, "views": 0, "rating": 0, "private": 0, "password": null, "_winner": "p0x215062fd", "_our_name": "p0y21504a4b"}