{"id": "battle-gen9randombattle-2918", "formatid": "gen9randombattle", "format": "[Gen 9] Random Battle", "players": ["p0x29189a4f", "p0y2918635b"], "log": "|init|battle\n|title|p0x29189a4f vs. p0y2918635b\n|j|\u2606p0x29189a4f\n|j|\u2606p0y2918635b\n|t:|1783573591\n|gametype|singles\n|player|p1|p0x29189a4f|169|\n|player|p2|p0y2918635b|170|\n|gen|9\n|tier|[Gen 9] Random Battle\n|rule|Species Clause: Limit one of each Pok\u00e9mon\n|rule|HP Percentage Mod: HP is shown in percentages\n|rule|Sleep Clause Mod: Limit one foe put to sleep\n|rule|Illusion Level Mod: Illusion disguises the Pok\u00e9mon's true level\n|\n|t:|1783573591\n|teamsize|p1|6\n|teamsize|p2|6\n|start\n|switch|p1a: Arboliva|Arboliva, L91, F|100/100\n|switch|p2a: Rhydon|Rhydon, L85, M|317/317\n|turn|1\n|inactive|Battle timer is ON: inactive players will automatically lose when time's up. (requested by p0x29189a4f)\n|inactive|Time left: 300 sec this turn | 300 sec total | 60 sec grace\n|inactive|p0y2918635b also wants the timer to be on.\n|\n|t:|1783573593\n|move|p1a: Arboliva|Energy Ball|p2a: Rhydon\n|-supereffective|p2a: Rhydon\n|-damage|p2a: Rhydon|0 fnt\n|faint|p2a: Rhydon\n|\n|upkeep\n|inactive|Time left: 300 sec this turn | 300 sec total | 65 sec grace\n|\n|t:|1783573594\n|switch|p2a: Gogoat|Gogoat, L88, F|360/360\n|turn|2\n|inactive|Time left: 300 sec this turn | 300 sec total\n|\n|t:|1783573595\n|move|p2a: Gogoat|Bulk Up|p2a: Gogoat\n|-boost|p2a: Gogoat|atk|1\n|-boost|p2a: Gogoat|def|1\n|move|p1a: Arboliva|Hyper Voice|p2a: Gogoat\n|-crit|p2a: Gogoat\n|-damage|p2a: Gogoat|158/360\n|\n|-heal|p2a: Gogoat|180/360|[from] item: Leftovers\n|upkeep\n|turn|3\n|inactive|Time left: 300 sec this turn | 300 sec total\n|\n|t:|1783573596\n|move|p2a: Gogoat|Milk Drink|p2a: Gogoat\n|-heal|p2a: Gogoat|360/360\n|move|p1a: Arboliva|Hyper Voice|p2a: Gogoat\n|-damage|p2a: Gogoat|213/360\n|\n|-heal|p2a: Gogoat|235/360|[from] item: Leftovers\n|upkeep\n|turn|4\n|inactive|Time left: 300 sec this turn | 300 sec total\n|\n|t:|1783573597\n|move|p2a: Gogoat|Horn Leech|p1a: Arboliva\n|-resisted|p1a: Arboliva\n|-damage|p1a: Arboliva|78/100\n|-heal|p2a: Gogoat|268/360|[from] drain|[of] p1a: Arboliva\n|-fieldstart|move: Grassy Terrain|[from] ability: Seed Sower|[of] p1a: Arboliva\n|move|p1a: Arboliva|Hyper Voice|p2a: Gogoat\n|-damage|p2a: Gogoat|141/360\n|\n|-heal|p2a: Gogoat|163/360|[from] Grassy Terrain\n|-heal|p2a: Gogoat|185/360|[from] item: Leftovers\n|-heal|p1a: Arboliva|84/100|[from] Grassy Terrain\n|-heal|p1a: Arboliva|90/100|[from] item: Leftovers\n|upkeep\n|turn|5\n|inactive|Time left: 300 sec this turn | 300 sec total\n|\n|t:|1783573598\n|move|p2a: Gogoat|Horn Leech|p1a: Arboliva\n|-resisted|p1a: Arboliva\n|-damage|p1a: Arboliva|65/100\n|-heal|p2a: Gogoat|221/360|[from] drain|[of] p1a: Arboliva\n|move|p1a: Arboliva|Hyper Voice|p2a: Gogoat\n|-damage|p2a: Gogoat|80/360\n|\n|-heal|p2a: Gogoat|102/360|[from] Grassy Terrain\n|-heal|p2a: Gogoat|124/360|[from] item: Leftovers\n|-heal|p1a: Arboliva|72/100|[from] Grassy Terrain\n|-heal|p1a: Arboliva|78/100|[from] item: Leftovers\n|upkeep\n|turn|6\n|inactive|Time left: 300 sec this turn | 300 sec total\n|\n|t:|1783573599\n|move|p2a: Gogoat|Milk Drink|p2a: Gogoat\n|-heal|p2a: Gogoat|304/360\n|move|p1a: Arboliva|Hyper Voice|p2a: Gogoat\n|-damage|p2a: Gogoat|175/360\n|\n|-heal|p2a: Gogoat|197/360|[from] Grassy Terrain\n|-heal|p2a: Gogoat|219/360|[from] item: Leftovers\n|-heal|p1a: Arboliva|84/100|[from] Grassy Terrain\n|-heal|p1a: Arboliva|90/100|[from] item: Leftovers\n|upkeep\n|turn|7\n|inactive|Time left: 300 sec this turn | 300 sec total\n|\n|t:|1783573600\n|move|p2a: Gogoat|Horn Leech|p1a: Arboliva\n|-resisted|p1a: Arboliva\n|-damage|p1a: Arboliva|62/100\n|-heal|p2a: Gogoat|260/360|[from] drain|[of] p1a: Arboliva\n|move|p1a: Arboliva|Hyper Voice|p2a: Gogoat\n|-damage|p2a: Gogoat|118/360\n|\n|-heal|p2a: Gogoat|140/360|[from] Grassy Terrain\n|-heal|p2a: Gogoat|162/360|[from] item: Leftovers\n|-heal|p1a: Arboliva|68/100|[from] Grassy Terrain\n|-heal|p1a: Arboliva|75/100|[from] item: Leftovers\n|upkeep\n|turn|8\n|inactive|Time left: 300 sec this turn | 300 sec total\n|\n|t:|1783573601\n|move|p2a: Gogoat|Milk Drink|p2a: Gogoat\n|-heal|p2a: Gogoat|342/360\n|move|p1a: Arboliva|Hyper Voice|p2a: Gogoat\n|-damage|p2a: Gogoat|212/360\n|\n|-heal|p2a: Gogoat|234/360|[from] Grassy Terrain\n|-heal|p2a: Gogoat|256/360|[from] item: Leftovers\n|-heal|p1a: Arboliva|81/100|[from] Grassy Terrain\n|-heal|p1a: Arboliva|87/100|[from] item: Leftovers\n|-fieldend|move: Grassy Terrain\n|upkeep\n|turn|9\n|inactive|Time left: 300 sec this turn | 300 sec total\n|\n|t:|1783573602\n|move|p2a: Gogoat|Bulk Up|p2a: Gogoat\n|-boost|p2a: Gogoat|atk|1\n|-boost|p2a: Gogoat|def|1\n|move|p1a: Arboliva|Hyper Voice|p2a: Gogoat\n|-damage|p2a: Gogoat|106/360\n|\n|-heal|p2a: Gogoat|128/360|[from] item: Leftovers\n|-heal|p1a: Arboliva|93/100|[from] item: Leftovers\n|upkeep\n|turn|10\n|inactive|Time left: 300 sec this turn | 300 sec total\n|\n|t:|1783573603\n|move|p2a: Gogoat|Milk Drink|p2a: Gogoat\n|-heal|p2a: Gogoat|308/360\n|move|p1a: Arboliva|Hyper Voice|p2a: Gogoat\n|-damage|p2a: Gogoat|169/360\n|\n|-heal|p2a: Gogoat|191/360|[from] item: Leftovers\n|-heal|p1a: Arboliva|99/100|[from] item: Leftovers\n|upkeep\n|turn|11\n|inactive|Time left: 300 sec this turn | 300 sec total\n|\n|t:|1783573603\n|move|p2a: Gogoat|Horn Leech|p1a: Arboliva\n|-resisted|p1a: Arboliva\n|-damage|p1a: Arboliva|69/100\n|-heal|p2a: Gogoat|235/360|[from] drain|[of] p1a: Arboliva\n|-fieldstart|move: Grassy Terrain|[from] ability: Seed Sower|[of] p1a: Arboliva\n|move|p1a: Arboliva|Hyper Voice|p2a: Gogoat\n|-damage|p2a: Gogoat|96/360\n|\n|-heal|p2a: Gogoat|118/360|[from] Grassy Terrain\n|-heal|p2a: Gogoat|140/360|[from] item: Leftovers\n|-heal|p1a: Arboliva|75/100|[from] Grassy Terrain\n|-heal|p1a: Arboliva|82/100|[from] item: Leftovers\n|upkeep\n|turn|12\n|inactive|Time left: 300 sec this turn | 300 sec total\n|\n|t:|1783573604\n|move|p2a: Gogoat|Horn Leech|p1a: Arboliva\n|-resisted|p1a: Arboliva\n|-damage|p1a: Arboliva|45/100\n|-heal|p2a: Gogoat|194/360|[from] drain|[of] p1a: Arboliva\n|move|p1a: Arboliva|Hyper Voice|p2a: Gogoat\n|-damage|p2a: Gogoat|46/360\n|\n|-heal|p2a: Gogoat|68/360|[from] Grassy Terrain\n|-heal|p2a: Gogoat|90/360|[from] item: Leftovers\n|-heal|p1a: Arboliva|51/100|[from] Grassy Terrain\n|-heal|p1a: Arboliva|57/100|[from] item: Leftovers\n|upkeep\n|turn|13\n|inactive|Time left: 300 sec this turn | 300 sec total\n|\n|t:|1783573605\n|move|p2a: Gogoat|Milk Drink|p2a: Gogoat\n|-heal|p2a: Gogoat|270/360\n|move|p1a: Arboliva|Hyper Voice|p2a: Gogoat\n|-damage|p2a: Gogoat|135/360\n|\n|-heal|p2a: Gogoat|157/360|[from] Grassy Terrain\n|-heal|p2a: Gogoat|179/360|[from] item: Leftovers\n|-heal|p1a: Arboliva|63/100|[from] Grassy Terrain\n|-heal|p1a: Arboliva|69/100|[from] item: Leftovers\n|upkeep\n|turn|14\n|inactive|Time left: 300 sec this turn | 300 sec total\n|\n|t:|1783573606\n|move|p2a: Gogoat|Horn Leech|p1a: Arboliva\n|-resisted|p1a: Arboliva\n|-damage|p1a: Arboliva|35/100\n|-heal|p2a: Gogoat|229/360|[from] drain|[of] p1a: Arboliva\n|move|p1a: Arboliva|Hyper Voice|p2a: Gogoat\n|-damage|p2a: Gogoat|91/360\n|\n|-heal|p2a: Gogoat|113/360|[from] Grassy Terrain\n|-heal|p2a: Gogoat|135/360|[from] item: Leftovers\n|-heal|p1a: Arboliva|41/100|[from] Grassy Terrain\n|-heal|p1a: Arboliva|47/100|[from] item: Leftovers\n|upkeep\n|turn|15\n|inactive|Time left: 300 sec this turn | 300 sec total\n|\n|t:|1783573607\n|move|p2a: Gogoat|Horn Leech|p1a: Arboliva\n|-resisted|p1a: Arboliva\n|-damage|p1a: Arboliva|10/100\n|-heal|p2a: Gogoat|189/360|[from] drain|[of] p1a: Arboliva\n|move|p1a: Arboliva|Hyper Voice|p2a: Gogoat\n|-damage|p2a: Gogoat|54/360\n|\n|-heal|p2a: Gogoat|76/360|[from] Grassy Terrain\n|-heal|p2a: Gogoat|98/360|[from] item: Leftovers\n|-heal|p1a: Arboliva|17/100|[from] Grassy Terrain\n|-heal|p1a: Arboliva|23/100|[from] item: Leftovers\n|-fieldend|move: Grassy Terrain\n|upkeep\n|turn|16\n|inactive|Time left: 300 sec this turn | 300 sec total\n|\n|t:|1783573608\n|move|p2a: Gogoat|Milk Drink|p2a: Gogoat\n|-heal|p2a: Gogoat|278/360\n|move|p1a: Arboliva|Hyper Voice|p2a: Gogoat\n|-damage|p2a: Gogoat|130/360\n|\n|-heal|p2a: Gogoat|152/360|[from] item: Leftovers\n|-heal|p1a: Arboliva|29/100|[from] item: Leftovers\n|upkeep\n|turn|17\n|inactive|Time left: 300 sec this turn | 300 sec total\n|\n|t:|1783573609\n|move|p2a: Gogoat|Horn Leech|p1a: Arboliva\n|-resisted|p1a: Arboliva\n|-damage|p1a: Arboliva|2/100\n|-heal|p2a: Gogoat|192/360|[from] drain|[of] p1a: Arboliva\n|-fieldstart|move: Grassy Terrain|[from] ability: Seed Sower|[of] p1a: Arboliva\n|move|p1a: Arboliva|Hyper Voice|p2a: Gogoat\n|-damage|p2a: Gogoat|60/360\n|\n|-heal|p2a: Gogoat|82/360|[from] Grassy Terrain\n|-heal|p2a: Gogoat|104/360|[from] item: Leftovers\n|-heal|p1a: Arboliva|8/100|[from] Grassy Terrain\n|-heal|p1a: Arboliva|14/100|[from] item: Leftovers\n|upkeep\n|turn|18\n|inactive|Time left: 300 sec this turn | 300 sec total\n|\n|t:|1783573611\n|move|p2a: Gogoat|Horn Leech|p1a: Arboliva\n|-resisted|p1a: Arboliva\n|-crit|p1a: Arboliva\n|-damage|p1a: Arboliva|0 fnt\n|-heal|p2a: Gogoat|124/360|[from] drain|[of] p1a: Arboliva\n|faint|p1a: Arboliva\n|\n|-heal|p2a: Gogoat|146/360|[from] Grassy Terrain\n|-heal|p2a: Gogoat|168/360|[from] item: Leftovers\n|upkeep\n|\n|t:|1783573612\n|switch|p1a: Deoxys|Deoxys, L74|100/100\n|-ability|p1a: Deoxys|Pressure\n|turn|19\n|inactive|Time left: 300 sec this turn | 300 sec total\n|\n|t:|1783573613\n|move|p1a: Deoxys|Psycho Boost|p2a: Gogoat\n|-damage|p2a: Gogoat|0 fnt\n|-unboost|p1a: Deoxys|spa|2\n|faint|p2a: Gogoat\n|-damage|p1a: Deoxys|91/100|[from] item: Life Orb\n|\n|-heal|p1a: Deoxys|97/100|[from] Grassy Terrain\n|upkeep\n|inactive|Time left: 300 sec this turn | 300 sec total | 5 sec grace\n|\n|t:|1783573614\n|switch|p2a: Regidrago|Regidrago, L77|435/435\n|turn|20\n|inactive|Time left: 300 sec this turn | 300 sec total\n|\n|t:|1783573615\n|switch|p1a: Qwilfish|Qwilfish, L86, F|100/100\n|-ability|p1a: Qwilfish|Intimidate|boost\n|-unboost|p2a: Regidrago|atk|1\n|move|p2a: Regidrago|Outrage|p1a: Qwilfish\n|-damage|p1a: Qwilfish|60/100\n|\n|-heal|p1a: Qwilfish|66/100|[from] Grassy Terrain\n|-heal|p1a: Qwilfish|72/100|[from] item: Leftovers\n|upkeep\n|turn|21\n|inactive|Time left: 300 sec this turn | 300 sec total\n|\n|t:|1783573616\n|move|p1a: Qwilfish|Destiny Bond|p1a: Qwilfish\n|-singlemove|p1a: Qwilfish|Destiny Bond\n|move|p2a: Regidrago|Outrage|p1a: Qwilfish|[from] lockedmove\n|-damage|p1a: Qwilfish|28/100\n|\n|-heal|p1a: Qwilfish|34/100|[from] Grassy Terrain\n|-heal|p1a: Qwilfish|40/100|[from] item: Leftovers\n|-fieldend|move: Grassy Terrain\n|upkeep\n|turn|22\n|inactive|Time left: 300 sec this turn | 300 sec total\n|\n|t:|1783573617\n|switch|p1a: Glimmora|Glimmora, L75, M|100/100\n|move|p2a: Regidrago|Outrage|p1a: Glimmora|[from] lockedmove\n|-damage|p1a: Glimmora|55/100\n|-activate|p1a: Glimmora|ability: Toxic Debris\n|-sidestart|p2: p0y2918635b|move: Toxic Spikes\n|-start|p2a: Regidrago|confusion|[fatigue]\n|-enditem|p2a: Regidrago|Lum Berry|[eat]\n|-end|p2a: Regidrago|confusion\n|\n|upkeep\n|turn|23\n|inactive|Time left: 300 sec this turn | 300 sec total\n|\n|t:|1783573618\n|move|p1a: Glimmora|Power Gem|p2a: Regidrago\n|-damage|p2a: Regidrago|288/435\n|move|p2a: Regidrago|Dragon Dance|p2a: Regidrago\n|-boost|p2a: Regidrago|atk|1\n|-boost|p2a: Regidrago|spe|1\n|\n|upkeep\n|turn|24\n|inactive|Time left: 300 sec this turn | 300 sec total\n|\n|t:|1783573619\n|switch|p1a: Qwilfish|Qwilfish, L86, F|40/100\n|-ability|p1a: Qwilfish|Intimidate|boost\n|-unboost|p2a: Regidrago|atk|1\n|move|p2a: Regidrago|Outrage|p1a: Qwilfish\n|-damage|p1a: Qwilfish|0 fnt\n|faint|p1a: Qwilfish\n|\n|upkeep\n|\n|t:|1783573620\n|switch|p1a: Deoxys|Deoxys, L74|97/100\n|-ability|p1a: Deoxys|Pressure\n|turn|25\n|inactive|Time left: 300 sec this turn | 300 sec total\n|\n|t:|1783573621\n|move|p1a: Deoxys|Psycho Boost|p2a: Regidrago\n|-damage|p2a: Regidrago|0 fnt\n|-unboost|p1a: Deoxys|spa|2\n|faint|p2a: Regidrago\n|-damage|p1a: Deoxys|87/100|[from] item: Life Orb\n|\n|upkeep\n|inactive|Time left: 300 sec this turn | 300 sec total | 5 sec grace\n|\n|t:|1783573622\n|switch|p2a: Dialga|Dialga, L73|266/266\n|-ability|p2a: Dialga|Pressure\n|turn|26\n|inactive|Time left: 300 sec this turn | 300 sec total\n|\n|t:|1783573623\n|switch|p1a: Infernape|Infernape, L82, M|100/100\n|move|p2a: Dialga|Heavy Slam|p1a: Infernape\n|-resisted|p1a: Infernape\n|-damage|p1a: Infernape|76/100\n|\n|upkeep\n|turn|27\n|inactive|Time left: 300 sec this turn | 300 sec total\n|\n|t:|1783573624\n|-terastallize|p2a: Dialga|Flying\n|move|p1a: Infernape|Close Combat|p2a: Dialga\n|-resisted|p2a: Dialga\n|-damage|p2a: Dialga|196/266\n|-unboost|p1a: Infernape|def|1\n|-unboost|p1a: Infernape|spd|1\n|-damage|p1a: Infernape|67/100|[from] item: Life Orb\n|move|p2a: Dialga|Heavy Slam|p1a: Infernape\n|-resisted|p1a: Infernape\n|-damage|p1a: Infernape|30/100\n|\n|upkeep\n|turn|28\n|inactive|Time left: 300 sec this turn | 300 sec total\n|\n|t:|1783573625\n|move|p1a: Infernape|Overheat|p2a: Dialga\n|-damage|p2a: Dialga|4/266\n|-unboost|p1a: Infernape|spa|2\n|-damage|p1a: Infernape|20/100|[from] item: Life Orb\n|move|p2a: Dialga|Heavy Slam|p1a: Infernape\n|-resisted|p1a: Infernape\n|-damage|p1a: Infernape|0 fnt\n|faint|p1a: Infernape\n|\n|upkeep\n|\n|t:|1783573626\n|switch|p1a: Deoxys|Deoxys, L74|87/100\n|-ability|p1a: Deoxys|Pressure\n|turn|29\n|inactive|Time left: 300 sec this turn | 300 sec total\n|\n|t:|1783573627\n|move|p1a: Deoxys|Ice Beam|p2a: Dialga\n|-supereffective|p2a: Dialga\n|-damage|p2a: Dialga|0 fnt\n|faint|p2a: Dialga\n|-damage|p1a: Deoxys|78/100|[from] item: Life Orb\n|\n|upkeep\n|inactive|Time left: 300 sec this turn | 300 sec total | 5 sec grace\n|\n|t:|1783573628\n|switch|p2a: Vaporeon|Vaporeon, L86, M|364/364\n|-status|p2a: Vaporeon|psn\n|turn|30\n|inactive|Time left: 300 sec this turn | 300 sec total\n|\n|t:|1783573629\n|switch|p1a: Cacturne|Cacturne, L92, M|100/100\n|move|p2a: Vaporeon|Scald|p1a: Cacturne\n|-immune|p1a: Cacturne|[from] ability: Water Absorb\n|\n|-damage|p2a: Vaporeon|319/364 psn|[from] psn\n|upkeep\n|turn|31\n|inactive|Time left: 300 sec this turn | 300 sec total\n|\n|t:|1783573630\n|move|p2a: Vaporeon|Protect|p2a: Vaporeon\n|-singleturn|p2a: Vaporeon|Protect\n|move|p1a: Cacturne|Knock Off|p2a: Vaporeon\n|-activate|p2a: Vaporeon|move: Protect\n|\n|-heal|p2a: Vaporeon|341/364 psn|[from] item: Leftovers\n|-damage|p2a: Vaporeon|296/364 psn|[from] psn\n|upkeep\n|turn|32\n|inactive|Time left: 300 sec this turn | 300 sec total\n|\n|t:|1783573631\n|move|p2a: Vaporeon|Protect||[still]\n|-fail|p2a: Vaporeon\n|move|p1a: Cacturne|Leaf Storm|p2a: Vaporeon\n|-supereffective|p2a: Vaporeon\n|-damage|p2a: Vaporeon|0 fnt\n|-unboost|p1a: Cacturne|spa|2\n|faint|p2a: Vaporeon\n|-damage|p1a: Cacturne|91/100|[from] item: Life Orb\n|\n|upkeep\n|inactive|Time left: 300 sec this turn | 300 sec total | 5 sec grace\n|\n|t:|1783573632\n|switch|p2a: Rampardos|Rampardos, L90, M|321/321\n|-status|p2a: Rampardos|psn\n|turn|33\n|inactive|Time left: 300 sec this turn | 300 sec total\n|\n|t:|1783573632\n|move|p1a: Cacturne|Sucker Punch|p2a: Rampardos\n|-damage|p2a: Rampardos|172/321 psn\n|-damage|p1a: Cacturne|81/100|[from] item: Life Orb\n|move|p2a: Rampardos|Earthquake|p1a: Cacturne\n|-resisted|p1a: Cacturne\n|-damage|p1a: Cacturne|54/100\n|\n|-damage|p2a: Rampardos|132/321 psn|[from] psn\n|upkeep\n|turn|34\n|inactive|Time left: 300 sec this turn | 300 sec total\n|\n|t:|1783573633\n|-terastallize|p1a: Cacturne|Poison\n|move|p1a: Cacturne|Sucker Punch|p2a: Rampardos\n|-damage|p2a: Rampardos|0 fnt\n|faint|p2a: Rampardos\n|-damage|p1a: Cacturne|44/100|[from] item: Life Orb\n|\n|win|p0x29189a4f", "uploadtime": 1783573633, "views": 0, "rating": 0, "private": 0, "password": null, "_winner": "p0x29189a4f", "_our_name": "p0y2918635b"}