{"id": "battle-gen9randombattle-2025", "formatid": "gen9randombattle", "format": "[Gen 9] Random Battle", "players": ["p0x2025e7ca", "p0y20254a52"], "log": "|init|battle\n|title|p0x2025e7ca vs. p0y20254a52\n|j|\u2606p0x2025e7ca\n|j|\u2606p0y20254a52\n|t:|1783562706\n|gametype|singles\n|player|p1|p0x2025e7ca|2|\n|player|p2|p0y20254a52|170|\n|gen|9\n|tier|[Gen 9] Random Battle\n|rule|Species Clause: Limit one of each Pok\u00e9mon\n|rule|HP Percentage Mod: HP is shown in percentages\n|rule|Sleep Clause Mod: Limit one foe put to sleep\n|rule|Illusion Level Mod: Illusion disguises the Pok\u00e9mon's true level\n|\n|t:|1783562706\n|teamsize|p1|6\n|teamsize|p2|6\n|start\n|switch|p1a: Greedent|Greedent, L86, M|100/100\n|switch|p2a: Dewgong|Dewgong, L94, F|322/322\n|turn|1\n|inactive|Battle timer is ON: inactive players will automatically lose when time's up. (requested by p0y20254a52)\n|inactive|p0x2025e7ca also wants the timer to be on.\n|\n|t:|1783562707\n|move|p2a: Dewgong|Ice Beam|p1a: Greedent\n|-damage|p1a: Greedent|72/100\n|move|p1a: Greedent|Swords Dance|p1a: Greedent\n|-boost|p1a: Greedent|atk|2\n|\n|upkeep\n|turn|2\n|inactive|Time left: 300 sec this turn | 300 sec total\n|\n|t:|1783562708\n|move|p2a: Dewgong|Encore|p1a: Greedent\n|-start|p1a: Greedent|Encore\n|move|p1a: Greedent|Swords Dance|p1a: Greedent\n|-boost|p1a: Greedent|atk|2\n|\n|upkeep\n|turn|3\n|inactive|Time left: 300 sec this turn | 300 sec total\n|\n|t:|1783562709\n|move|p2a: Dewgong|Ice Beam|p1a: Greedent\n|-damage|p1a: Greedent|45/100\n|-enditem|p1a: Greedent|Sitrus Berry|[eat]\n|-heal|p1a: Greedent|69/100|[from] item: Sitrus Berry\n|-heal|p1a: Greedent|100/100|[from] ability: Cheek Pouch\n|move|p1a: Greedent|Swords Dance|p1a: Greedent\n|-boost|p1a: Greedent|atk|2\n|\n|upkeep\n|turn|4\n|inactive|Time left: 300 sec this turn | 300 sec total\n|\n|t:|1783562710\n|switch|p1a: Volcanion|Volcanion, L79|100/100\n|move|p2a: Dewgong|Ice Beam|p1a: Volcanion\n|-resisted|p1a: Volcanion\n|-damage|p1a: Volcanion|90/100\n|\n|upkeep\n|turn|5\n|inactive|Time left: 300 sec this turn | 300 sec total\n|\n|t:|1783562711\n|move|p2a: Dewgong|Ice Beam|p1a: Volcanion\n|-resisted|p1a: Volcanion\n|-crit|p1a: Volcanion\n|-damage|p1a: Volcanion|77/100\n|move|p1a: Volcanion|Steam Eruption|p2a: Dewgong\n|-resisted|p2a: Dewgong\n|-damage|p2a: Dewgong|266/322\n|\n|upkeep\n|turn|6\n|inactive|Time left: 300 sec this turn | 300 sec total\n|\n|t:|1783562712\n|move|p2a: Dewgong|Ice Beam|p1a: Volcanion\n|-resisted|p1a: Volcanion\n|-damage|p1a: Volcanion|67/100\n|move|p1a: Volcanion|Steam Eruption|p2a: Dewgong\n|-resisted|p2a: Dewgong\n|-damage|p2a: Dewgong|209/322\n|\n|upkeep\n|turn|7\n|inactive|Time left: 300 sec this turn | 300 sec total\n|\n|t:|1783562713\n|move|p2a: Dewgong|Ice Beam|p1a: Volcanion\n|-resisted|p1a: Volcanion\n|-damage|p1a: Volcanion|57/100\n|move|p1a: Volcanion|Steam Eruption|p2a: Dewgong\n|-resisted|p2a: Dewgong\n|-damage|p2a: Dewgong|152/322\n|\n|upkeep\n|turn|8\n|inactive|Time left: 300 sec this turn | 300 sec total\n|\n|t:|1783562714\n|move|p2a: Dewgong|Ice Beam|p1a: Volcanion\n|-resisted|p1a: Volcanion\n|-damage|p1a: Volcanion|48/100\n|move|p1a: Volcanion|Steam Eruption|p2a: Dewgong\n|-resisted|p2a: Dewgong\n|-damage|p2a: Dewgong|98/322\n|\n|upkeep\n|turn|9\n|inactive|Time left: 300 sec this turn | 300 sec total\n|\n|t:|1783562715\n|switch|p2a: Mabosstiff|Mabosstiff, L86, F|278/278\n|move|p1a: Volcanion|Steam Eruption|p2a: Mabosstiff\n|-damage|p2a: Mabosstiff|124/278\n|-status|p2a: Mabosstiff|brn\n|\n|-damage|p2a: Mabosstiff|107/278 brn|[from] brn\n|upkeep\n|turn|10\n|inactive|Time left: 300 sec this turn | 300 sec total\n|\n|t:|1783562716\n|switch|p1a: Overqwil|Overqwil, L82, F|100/100\n|-ability|p1a: Overqwil|Intimidate|boost\n|-unboost|p2a: Mabosstiff|atk|1\n|move|p2a: Mabosstiff|Crunch|p1a: Overqwil\n|-resisted|p1a: Overqwil\n|-damage|p1a: Overqwil|81/100\n|\n|-damage|p2a: Mabosstiff|90/278 brn|[from] brn\n|upkeep\n|turn|11\n|inactive|Time left: 300 sec this turn | 300 sec total\n|\n|t:|1783562717\n|move|p2a: Mabosstiff|Crunch|p1a: Overqwil\n|-resisted|p1a: Overqwil\n|-damage|p1a: Overqwil|71/100\n|move|p1a: Overqwil|Swords Dance|p1a: Overqwil\n|-boost|p1a: Overqwil|atk|2\n|\n|-damage|p2a: Mabosstiff|73/278 brn|[from] brn\n|upkeep\n|turn|12\n|inactive|Time left: 300 sec this turn | 300 sec total\n|\n|t:|1783562718\n|move|p2a: Mabosstiff|Crunch|p1a: Overqwil\n|-resisted|p1a: Overqwil\n|-damage|p1a: Overqwil|63/100\n|move|p1a: Overqwil|Swords Dance|p1a: Overqwil\n|-boost|p1a: Overqwil|atk|2\n|\n|-damage|p2a: Mabosstiff|56/278 brn|[from] brn\n|upkeep\n|turn|13\n|inactive|Time left: 300 sec this turn | 300 sec total\n|\n|t:|1783562719\n|move|p2a: Mabosstiff|Crunch|p1a: Overqwil\n|-resisted|p1a: Overqwil\n|-damage|p1a: Overqwil|53/100\n|move|p1a: Overqwil|Crunch|p2a: Mabosstiff\n|-resisted|p2a: Mabosstiff\n|-damage|p2a: Mabosstiff|0 fnt\n|faint|p2a: Mabosstiff\n|-damage|p1a: Overqwil|43/100|[from] item: Life Orb\n|\n|upkeep\n|inactive|Time left: 300 sec this turn | 300 sec total | 5 sec grace\n|\n|t:|1783562720\n|switch|p2a: Terrakion|Terrakion, L79|273/273\n|turn|14\n|inactive|Time left: 300 sec this turn | 300 sec total\n|\n|t:|1783562721\n|move|p2a: Terrakion|Close Combat|p1a: Overqwil\n|-damage|p1a: Overqwil|0 fnt\n|-unboost|p2a: Terrakion|def|1\n|-unboost|p2a: Terrakion|spd|1\n|faint|p1a: Overqwil\n|\n|upkeep\n|\n|t:|1783562722\n|switch|p1a: Noivern|Noivern, L82, M|100/100\n|turn|15\n|inactive|Time left: 300 sec this turn | 300 sec total\n|\n|t:|1783562723\n|move|p1a: Noivern|Hurricane|p2a: Terrakion\n|-crit|p2a: Terrakion\n|-damage|p2a: Terrakion|0 fnt\n|faint|p2a: Terrakion\n|\n|upkeep\n|inactive|Time left: 300 sec this turn | 300 sec total | 5 sec grace\n|\n|t:|1783562723\n|switch|p2a: Necrozma|Necrozma, L80|286/286\n|turn|16\n|inactive|Time left: 300 sec this turn | 300 sec total\n|\n|t:|1783562724\n|move|p1a: Noivern|Hurricane|p2a: Necrozma\n|-damage|p2a: Necrozma|114/286\n|-start|p2a: Necrozma|confusion\n|-activate|p2a: Necrozma|confusion\n|move|p2a: Necrozma|Dragon Dance|p2a: Necrozma\n|-boost|p2a: Necrozma|atk|1\n|-boost|p2a: Necrozma|spe|1\n|\n|upkeep\n|turn|17\n|inactive|Time left: 300 sec this turn | 300 sec total\n|\n|t:|1783562725\n|-activate|p2a: Necrozma|confusion\n|move|p2a: Necrozma|Photon Geyser|p1a: Noivern\n|-damage|p1a: Noivern|39/100\n|move|p1a: Noivern|Hurricane|p2a: Necrozma\n|-damage|p2a: Necrozma|0 fnt\n|faint|p2a: Necrozma\n|\n|upkeep\n|inactive|Time left: 300 sec this turn | 300 sec total | 5 sec grace\n|\n|t:|1783562726\n|switch|p2a: Grafaiai|Grafaiai, L86, F|249/249\n|turn|18\n|inactive|Time left: 300 sec this turn | 300 sec total\n|\n|t:|1783562727\n|move|p1a: Noivern|Hurricane|p2a: Grafaiai\n|-damage|p2a: Grafaiai|132/249\n|-start|p2a: Grafaiai|confusion\n|-activate|p2a: Grafaiai|confusion\n|move|p2a: Grafaiai|Knock Off|p1a: Noivern\n|-damage|p1a: Noivern|12/100\n|-enditem|p1a: Noivern|Choice Specs|[from] move: Knock Off|[of] p2a: Grafaiai\n|\n|upkeep\n|turn|19\n|inactive|Time left: 300 sec this turn | 300 sec total\n|\n|t:|1783562728\n|switch|p2a: Hitmontop|Hitmontop, L88, M|231/231\n|move|p1a: Noivern|Boomburst|p2a: Hitmontop\n|-damage|p2a: Hitmontop|149/231\n|\n|-heal|p2a: Hitmontop|163/231|[from] item: Leftovers\n|upkeep\n|turn|20\n|inactive|Time left: 300 sec this turn | 300 sec total\n|\n|t:|1783562729\n|move|p1a: Noivern|Hurricane|p2a: Hitmontop\n|-supereffective|p2a: Hitmontop\n|-damage|p2a: Hitmontop|0 fnt\n|faint|p2a: Hitmontop\n|\n|upkeep\n|inactive|Time left: 300 sec this turn | 300 sec total | 5 sec grace\n|\n|t:|1783562729\n|switch|p2a: Grafaiai|Grafaiai, L86, F|132/249\n|turn|21\n|inactive|Time left: 300 sec this turn | 300 sec total\n|\n|t:|1783562730\n|move|p1a: Noivern|Draco Meteor|p2a: Grafaiai\n|-damage|p2a: Grafaiai|27/249\n|-unboost|p1a: Noivern|spa|2\n|move|p2a: Grafaiai|Gunk Shot|p1a: Noivern\n|-damage|p1a: Noivern|0 fnt\n|faint|p1a: Noivern\n|\n|upkeep\n|\n|t:|1783562731\n|switch|p1a: Meloetta|Meloetta, L82|100/100\n|turn|22\n|inactive|Time left: 300 sec this turn | 300 sec total\n|\n|t:|1783562732\n|-terastallize|p2a: Grafaiai|Dark\n|move|p2a: Grafaiai|Knock Off|p1a: Meloetta\n|-supereffective|p1a: Meloetta\n|-damage|p1a: Meloetta|23/100\n|-status|p1a: Meloetta|psn|[from] ability: Poison Touch|[of] p2a: Grafaiai\n|-enditem|p1a: Meloetta|Choice Specs|[from] move: Knock Off|[of] p2a: Grafaiai\n|move|p1a: Meloetta|Hyper Voice|p2a: Grafaiai\n|-damage|p2a: Grafaiai|0 fnt\n|faint|p2a: Grafaiai\n|\n|-damage|p1a: Meloetta|11/100 psn|[from] psn\n|upkeep\n|inactive|Time left: 300 sec this turn | 300 sec total | 5 sec grace\n|\n|t:|1783562733\n|switch|p2a: Dewgong|Dewgong, L94, F|98/322\n|turn|23\n|inactive|Time left: 300 sec this turn | 300 sec total\n|\n|t:|1783562734\n|-terastallize|p1a: Meloetta|Normal\n|move|p1a: Meloetta|Hyper Voice|p2a: Dewgong\n|-damage|p2a: Dewgong|0 fnt\n|faint|p2a: Dewgong\n|\n|win|p0x2025e7ca", "uploadtime": 1783562734, "views": 0, "rating": 0, "private": 0, "password": null, "_winner": "p0x2025e7ca", "_our_name": "p0y20254a52"}