{"id": "battle-gen9randombattle-1159", "formatid": "gen9randombattle", "format": "[Gen 9] Random Battle", "players": ["p0x1159f18f", "p0y1159bc05"], "log": "|init|battle\n|title|p0x1159f18f vs. p0y1159bc05\n|j|\u2606p0x1159f18f\n|j|\u2606p0y1159bc05\n|t:|1783553461\n|gametype|singles\n|player|p1|p0x1159f18f|2|\n|player|p2|p0y1159bc05|102|\n|gen|9\n|tier|[Gen 9] Random Battle\n|rule|Species Clause: Limit one of each Pok\u00e9mon\n|rule|HP Percentage Mod: HP is shown in percentages\n|rule|Sleep Clause Mod: Limit one foe put to sleep\n|rule|Illusion Level Mod: Illusion disguises the Pok\u00e9mon's true level\n|\n|t:|1783553461\n|teamsize|p1|6\n|teamsize|p2|6\n|start\n|switch|p1a: Great Tusk|Great Tusk, L77|304/304\n|switch|p2a: Shaymin|Shaymin-Sky, L73|100/100\n|turn|1\n|inactive|Battle timer is ON: inactive players will automatically lose when time's up. (requested by p0x1159f18f)\n|\n|t:|1783553462\n|-end|p1a: Great Tusk|Protosynthesis|[silent]\n|switch|p1a: Masquerain|Masquerain, L87, M|264/264\n|-ability|p1a: Masquerain|Intimidate|boost\n|-unboost|p2a: Shaymin|atk|1\n|move|p2a: Shaymin|Seed Flare|p1a: Masquerain|[miss]\n|-miss|p2a: Shaymin|p1a: Masquerain\n|\n|upkeep\n|turn|2\n|inactive|Time left: 300 sec this turn | 300 sec total\n|inactive|p0y1159bc05 also wants the timer to be on.\n|\n|t:|1783553463\n|switch|p2a: Articuno|Articuno-Galar, L84|100/100\n|move|p1a: Masquerain|Sticky Web|p2a: Articuno\n|-sidestart|p2: p0y1159bc05|move: Sticky Web\n|\n|upkeep\n|turn|3\n|inactive|Time left: 300 sec this turn | 300 sec total\n|\n|t:|1783553464\n|move|p2a: Articuno|Hurricane|p1a: Masquerain|[miss]\n|-miss|p2a: Articuno|p1a: Masquerain\n|move|p1a: Masquerain|Hurricane|p2a: Articuno\n|-damage|p2a: Articuno|60/100\n|\n|upkeep\n|turn|4\n|inactive|Time left: 300 sec this turn | 300 sec total\n|\n|t:|1783553465\n|move|p2a: Articuno|Hurricane|p1a: Masquerain\n|-supereffective|p1a: Masquerain\n|-damage|p1a: Masquerain|0 fnt\n|faint|p1a: Masquerain\n|\n|upkeep\n|inactive|Time left: 300 sec this turn | 300 sec total | 5 sec grace\n|\n|t:|1783553466\n|switch|p1a: Tatsugiri|Tatsugiri, L87, M|260/260\n|turn|5\n|inactive|Time left: 300 sec this turn | 300 sec total\n|\n|t:|1783553467\n|move|p2a: Articuno|Calm Mind|p2a: Articuno\n|-boost|p2a: Articuno|spa|1\n|-boost|p2a: Articuno|spd|1\n|move|p1a: Tatsugiri|Nasty Plot|p1a: Tatsugiri\n|-boost|p1a: Tatsugiri|spa|2\n|\n|upkeep\n|turn|6\n|inactive|Time left: 300 sec this turn | 300 sec total\n|\n|t:|1783553468\n|move|p2a: Articuno|Hurricane|p1a: Tatsugiri|[miss]\n|-miss|p2a: Articuno|p1a: Tatsugiri\n|move|p1a: Tatsugiri|Hydro Pump|p2a: Articuno\n|-damage|p2a: Articuno|1/100\n|\n|upkeep\n|turn|7\n|inactive|Time left: 300 sec this turn | 300 sec total\n|\n|t:|1783553469\n|move|p2a: Articuno|Freezing Glare|p1a: Tatsugiri\n|-damage|p1a: Tatsugiri|110/260\n|move|p1a: Tatsugiri|Rapid Spin|p2a: Articuno\n|-damage|p2a: Articuno|0 fnt\n|-boost|p1a: Tatsugiri|spe|1\n|faint|p2a: Articuno\n|\n|upkeep\n|\n|t:|1783553469\n|switch|p2a: Roaring Moon|Roaring Moon, L72|100/100\n|-activate|p2a: Roaring Moon|move: Sticky Web\n|-unboost|p2a: Roaring Moon|spe|1\n|-enditem|p2a: Roaring Moon|Booster Energy\n|-activate|p2a: Roaring Moon|ability: Protosynthesis|[fromitem]\n|-start|p2a: Roaring Moon|protosynthesisatk\n|turn|8\n|inactive|Time left: 300 sec this turn | 300 sec total\n|\n|t:|1783553471\n|move|p1a: Tatsugiri|Draco Meteor|p2a: Roaring Moon\n|-supereffective|p2a: Roaring Moon\n|-crit|p2a: Roaring Moon\n|-damage|p2a: Roaring Moon|0 fnt\n|-unboost|p1a: Tatsugiri|spa|2\n|faint|p2a: Roaring Moon\n|-end|p2a: Roaring Moon|Protosynthesis|[silent]\n|\n|upkeep\n|\n|t:|1783553472\n|switch|p2a: Seviper|Seviper, L93, F|100/100\n|-activate|p2a: Seviper|move: Sticky Web\n|-unboost|p2a: Seviper|spe|1\n|turn|9\n|inactive|Time left: 300 sec this turn | 300 sec total\n|\n|t:|1783553473\n|move|p1a: Tatsugiri|Hydro Pump|p2a: Seviper\n|-damage|p2a: Seviper|35/100\n|move|p2a: Seviper|Earthquake|p1a: Tatsugiri\n|-damage|p1a: Tatsugiri|0 fnt\n|faint|p1a: Tatsugiri\n|\n|-heal|p2a: Seviper|41/100|[from] item: Leftovers\n|upkeep\n|inactive|Time left: 300 sec this turn | 300 sec total | 5 sec grace\n|\n|t:|1783553474\n|switch|p1a: Cinccino|Cinccino, L83, F|260/260\n|turn|10\n|inactive|Time left: 300 sec this turn | 300 sec total\n|\n|t:|1783553475\n|switch|p2a: Spidops|Spidops, L96, M|100/100\n|move|p1a: Cinccino|Tail Slap|p2a: Spidops\n|-damage|p2a: Spidops|88/100\n|-damage|p2a: Spidops|77/100\n|-damage|p2a: Spidops|65/100\n|-damage|p2a: Spidops|52/100\n|-hitcount|p2a: Spidops|4\n|\n|upkeep\n|turn|11\n|inactive|Time left: 300 sec this turn | 300 sec total\n|\n|t:|1783553476\n|-terastallize|p1a: Cinccino|Ice\n|move|p1a: Cinccino|Triple Axel|p2a: Spidops\n|-damage|p2a: Spidops|42/100\n|-damage|p2a: Spidops|22/100\n|-damage|p2a: Spidops|0 fnt\n|faint|p2a: Spidops\n|-hitcount|p2: Spidops|3\n|\n|upkeep\n|\n|t:|1783553477\n|switch|p2a: Mew|Mew, L82|100/100\n|-activate|p2a: Mew|move: Sticky Web\n|-unboost|p2a: Mew|spe|1\n|turn|12\n|inactive|Time left: 300 sec this turn | 300 sec total\n|\n|t:|1783553478\n|move|p1a: Cinccino|Triple Axel|p2a: Mew\n|-damage|p2a: Mew|91/100\n|-damage|p2a: Mew|71/100\n|-damage|p2a: Mew|43/100\n|-hitcount|p2a: Mew|3\n|move|p2a: Mew|Nasty Plot|p2a: Mew\n|-boost|p2a: Mew|spa|2\n|\n|upkeep\n|turn|13\n|inactive|Time left: 300 sec this turn | 300 sec total\n|\n|t:|1783553479\n|move|p1a: Cinccino|Triple Axel|p2a: Mew\n|-damage|p2a: Mew|32/100\n|-damage|p2a: Mew|11/100\n|-damage|p2a: Mew|0 fnt\n|faint|p2a: Mew\n|-hitcount|p2: Mew|3\n|\n|upkeep\n|\n|t:|1783553480\n|switch|p2a: Seviper|Seviper, L93, F|41/100\n|-activate|p2a: Seviper|move: Sticky Web\n|-unboost|p2a: Seviper|spe|1\n|turn|14\n|inactive|Time left: 300 sec this turn | 300 sec total\n|\n|t:|1783553481\n|move|p1a: Cinccino|Triple Axel|p2a: Seviper\n|-damage|p2a: Seviper|29/100\n|-damage|p2a: Seviper|5/100\n|-damage|p2a: Seviper|0 fnt\n|faint|p2a: Seviper\n|-hitcount|p2: Seviper|3\n|\n|upkeep\n|\n|t:|1783553482\n|switch|p2a: Shaymin|Shaymin-Sky, L73|100/100\n|turn|15\n|inactive|Time left: 300 sec this turn | 300 sec total\n|\n|t:|1783553483\n|move|p1a: Cinccino|Triple Axel|p2a: Shaymin\n|-supereffective|p2a: Shaymin\n|-damage|p2a: Shaymin|40/100\n|-supereffective|p2a: Shaymin\n|-damage|p2a: Shaymin|0 fnt\n|faint|p2a: Shaymin\n|-hitcount|p2: Shaymin|2\n|\n|win|p0x1159f18f", "uploadtime": 1783553483, "views": 0, "rating": 0, "private": 0, "password": null, "_winner": "p0x1159f18f", "_our_name": "p0x1159f18f"}