{"id": "battle-gen9randombattle-1713", "formatid": "gen9randombattle", "format": "[Gen 9] Random Battle", "players": ["p0x171332a1", "p0y17130c08"], "log": "|init|battle\n|title|p0x171332a1 vs. p0y17130c08\n|j|\u2606p0x171332a1\n|j|\u2606p0y17130c08\n|t:|1783559030\n|gametype|singles\n|player|p1|p0x171332a1|170|\n|player|p2|p0y17130c08|170|\n|gen|9\n|tier|[Gen 9] Random Battle\n|rule|Species Clause: Limit one of each Pok\u00e9mon\n|rule|HP Percentage Mod: HP is shown in percentages\n|rule|Sleep Clause Mod: Limit one foe put to sleep\n|rule|Illusion Level Mod: Illusion disguises the Pok\u00e9mon's true level\n|\n|t:|1783559030\n|teamsize|p1|6\n|teamsize|p2|6\n|start\n|switch|p1a: Ambipom|Ambipom, L84, M|263/263\n|switch|p2a: Charizard|Charizard, L85, M|100/100\n|turn|1\n|inactive|Battle timer is ON: inactive players will automatically lose when time's up. (requested by p0y17130c08)\n|inactive|Time left: 300 sec this turn | 300 sec total | 60 sec grace\n|\n|t:|1783559031\n|move|p1a: Ambipom|Fake Out|p2a: Charizard\n|-damage|p2a: Charizard|71/100\n|cant|p2a: Charizard|flinch\n|\n|upkeep\n|turn|2\n|inactive|Time left: 300 sec this turn | 300 sec total\n|inactive|p0x171332a1 also wants the timer to be on.\n|\n|t:|1783559033\n|-terastallize|p1a: Ambipom|Normal\n|move|p1a: Ambipom|Double-Edge|p2a: Charizard\n|-damage|p2a: Charizard|0 fnt\n|faint|p2a: Charizard\n|-damage|p1a: Ambipom|200/263|[from] Recoil\n|\n|upkeep\n|\n|t:|1783559034\n|switch|p2a: Cloyster|Cloyster, L80, M|100/100\n|turn|3\n|inactive|Time left: 300 sec this turn | 300 sec total\n|\n|t:|1783559035\n|switch|p1a: Toxapex|Toxapex, L82, F|216/216\n|move|p2a: Cloyster|Shell Smash|p2a: Cloyster\n|-unboost|p2a: Cloyster|def|1\n|-unboost|p2a: Cloyster|spd|1\n|-boost|p2a: Cloyster|atk|2\n|-boost|p2a: Cloyster|spa|2\n|-boost|p2a: Cloyster|spe|2\n|-enditem|p2a: Cloyster|White Herb\n|-clearnegativeboost|p2a: Cloyster|[silent]\n|\n|upkeep\n|turn|4\n|inactive|Time left: 300 sec this turn | 300 sec total\n|\n|t:|1783559036\n|move|p2a: Cloyster|Icicle Spear|p1a: Toxapex\n|-resisted|p1a: Toxapex\n|-damage|p1a: Toxapex|200/216\n|-resisted|p1a: Toxapex\n|-damage|p1a: Toxapex|185/216\n|-resisted|p1a: Toxapex\n|-damage|p1a: Toxapex|168/216\n|-resisted|p1a: Toxapex\n|-damage|p1a: Toxapex|152/216\n|-resisted|p1a: Toxapex\n|-damage|p1a: Toxapex|137/216\n|-hitcount|p1a: Toxapex|5\n|move|p1a: Toxapex|Haze|p1a: Toxapex\n|-clearallboost\n|\n|-heal|p1a: Toxapex|150/216|[from] item: Leftovers\n|upkeep\n|turn|5\n|inactive|Time left: 300 sec this turn | 300 sec total\n|\n|t:|1783559037\n|move|p2a: Cloyster|Shell Smash|p2a: Cloyster\n|-unboost|p2a: Cloyster|def|1\n|-unboost|p2a: Cloyster|spd|1\n|-boost|p2a: Cloyster|atk|2\n|-boost|p2a: Cloyster|spa|2\n|-boost|p2a: Cloyster|spe|2\n|move|p1a: Toxapex|Toxic|p2a: Cloyster\n|-status|p2a: Cloyster|tox\n|\n|-heal|p1a: Toxapex|163/216|[from] item: Leftovers\n|-damage|p2a: Cloyster|94/100 tox|[from] psn\n|upkeep\n|turn|6\n|inactive|Time left: 300 sec this turn | 300 sec total\n|\n|t:|1783559038\n|-terastallize|p2a: Cloyster|Rock\n|move|p2a: Cloyster|Rock Blast|p1a: Toxapex\n|-damage|p1a: Toxapex|129/216\n|-damage|p1a: Toxapex|99/216\n|-damage|p1a: Toxapex|66/216\n|-damage|p1a: Toxapex|36/216\n|-damage|p1a: Toxapex|5/216\n|-hitcount|p1a: Toxapex|5\n|move|p1a: Toxapex|Haze|p1a: Toxapex\n|-clearallboost\n|\n|-heal|p1a: Toxapex|18/216|[from] item: Leftovers\n|-damage|p2a: Cloyster|82/100 tox|[from] psn\n|upkeep\n|turn|7\n|inactive|Time left: 300 sec this turn | 300 sec total\n|\n|t:|1783559039\n|switch|p1a: Glimmora|Glimmora, L75, F|248/248\n|move|p2a: Cloyster|Icicle Spear|p1a: Glimmora\n|-damage|p1a: Glimmora|221/248\n|-activate|p1a: Glimmora|ability: Toxic Debris\n|-sidestart|p2: p0y17130c08|move: Toxic Spikes\n|-damage|p1a: Glimmora|194/248\n|-activate|p1a: Glimmora|ability: Toxic Debris\n|-sidestart|p2: p0y17130c08|move: Toxic Spikes\n|-damage|p1a: Glimmora|167/248\n|-damage|p1a: Glimmora|140/248\n|-damage|p1a: Glimmora|113/248\n|-hitcount|p1a: Glimmora|5\n|\n|-damage|p2a: Cloyster|64/100 tox|[from] psn\n|upkeep\n|turn|8\n|inactive|Time left: 300 sec this turn | 300 sec total\n|\n|t:|1783559041\n|move|p1a: Glimmora|Meteor Beam||[still]\n|-prepare|p1a: Glimmora|Meteor Beam\n|-boost|p1a: Glimmora|spa|1\n|-enditem|p1a: Glimmora|Power Herb\n|-anim|p1a: Glimmora|Meteor Beam|p2a: Cloyster\n|-damage|p2a: Cloyster|0 fnt\n|faint|p2a: Cloyster\n|\n|upkeep\n|\n|t:|1783559041\n|switch|p2a: Regieleki|Regieleki, L79|100/100\n|-status|p2a: Regieleki|tox\n|turn|9\n|inactive|Time left: 300 sec this turn | 300 sec total\n|\n|t:|1783559043\n|switch|p1a: Torterra|Torterra, L78, M|276/276\n|move|p2a: Regieleki|Thunderbolt|p1a: Torterra\n|-immune|p1a: Torterra\n|\n|-damage|p2a: Regieleki|94/100 tox|[from] psn\n|upkeep\n|turn|10\n|inactive|Time left: 300 sec this turn | 300 sec total\n|\n|t:|1783559044\n|move|p2a: Regieleki|Rapid Spin|p1a: Torterra\n|-damage|p1a: Torterra|247/276\n|-boost|p2a: Regieleki|spe|1\n|-sideend|p2: p0y17130c08|Toxic Spikes|[from] move: Rapid Spin|[of] p2a: Regieleki\n|move|p1a: Torterra|Shell Smash|p1a: Torterra\n|-unboost|p1a: Torterra|def|1\n|-unboost|p1a: Torterra|spd|1\n|-boost|p1a: Torterra|atk|2\n|-boost|p1a: Torterra|spa|2\n|-boost|p1a: Torterra|spe|2\n|\n|-damage|p2a: Regieleki|82/100 tox|[from] psn\n|upkeep\n|turn|11\n|inactive|Time left: 300 sec this turn | 300 sec total\n|\n|t:|1783559045\n|move|p2a: Regieleki|Rapid Spin|p1a: Torterra\n|-damage|p1a: Torterra|205/276\n|-boost|p2a: Regieleki|spe|1\n|move|p1a: Torterra|Shell Smash|p1a: Torterra\n|-unboost|p1a: Torterra|def|1\n|-unboost|p1a: Torterra|spd|1\n|-boost|p1a: Torterra|atk|2\n|-boost|p1a: Torterra|spa|2\n|-boost|p1a: Torterra|spe|2\n|\n|-damage|p2a: Regieleki|63/100 tox|[from] psn\n|upkeep\n|turn|12\n|inactive|Time left: 300 sec this turn | 300 sec total\n|\n|t:|1783559045\n|move|p2a: Regieleki|Explosion|p1a: Torterra\n|-damage|p1a: Torterra|0 fnt\n|faint|p2a: Regieleki\n|faint|p1a: Torterra\n|\n|upkeep\n|inactive|Time left: 300 sec this turn | 300 sec total | 5 sec grace\n|\n|t:|1783559046\n|switch|p2a: Kleavor|Kleavor, L78, F|100/100\n|switch|p1a: Medicham|Medicham, L86, M|243/243\n|turn|13\n|inactive|Time left: 300 sec this turn | 300 sec total\n|\n|t:|1783559047\n|move|p2a: Kleavor|Stone Axe|p1a: Medicham\n|-resisted|p1a: Medicham\n|-damage|p1a: Medicham|182/243\n|-sidestart|p1: p0x171332a1|move: Stealth Rock\n|move|p1a: Medicham|Close Combat|p2a: Kleavor\n|-damage|p2a: Kleavor|0 fnt\n|-unboost|p1a: Medicham|def|1\n|-unboost|p1a: Medicham|spd|1\n|faint|p2a: Kleavor\n|\n|upkeep\n|\n|t:|1783559048\n|switch|p2a: Electivire|Electivire, L84, F|100/100\n|turn|14\n|inactive|Time left: 300 sec this turn | 300 sec total\n|\n|t:|1783559049\n|switch|p1a: Glimmora|Glimmora, L75, F|113/248\n|-damage|p1a: Glimmora|82/248|[from] Stealth Rock\n|move|p2a: Electivire|Knock Off|p1a: Glimmora\n|-damage|p1a: Glimmora|22/248\n|-activate|p1a: Glimmora|ability: Toxic Debris\n|-sidestart|p2: p0y17130c08|move: Toxic Spikes\n|\n|upkeep\n|turn|15\n|inactive|Time left: 300 sec this turn | 300 sec total\n|\n|t:|1783559051\n|move|p2a: Electivire|Knock Off|p1a: Glimmora\n|-crit|p1a: Glimmora\n|-damage|p1a: Glimmora|0 fnt\n|-activate|p1a: Glimmora|ability: Toxic Debris\n|-sidestart|p2: p0y17130c08|move: Toxic Spikes\n|faint|p1a: Glimmora\n|\n|upkeep\n|inactive|Time left: 300 sec this turn | 300 sec total | 5 sec grace\n|\n|t:|1783559052\n|switch|p1a: Ambipom|Ambipom, L84, M, tera:Normal|200/263\n|-damage|p1a: Ambipom|168/263|[from] Stealth Rock\n|turn|16\n|inactive|Time left: 300 sec this turn | 300 sec total\n|\n|t:|1783559053\n|move|p1a: Ambipom|Fake Out|p2a: Electivire\n|-damage|p2a: Electivire|53/100\n|cant|p2a: Electivire|flinch\n|\n|upkeep\n|turn|17\n|inactive|Time left: 300 sec this turn | 300 sec total\n|\n|t:|1783559054\n|move|p2a: Electivire|Knock Off|p1a: Ambipom\n|-damage|p1a: Ambipom|72/263\n|-enditem|p1a: Ambipom|Silk Scarf|[from] move: Knock Off|[of] p2a: Electivire\n|move|p1a: Ambipom|Double-Edge|p2a: Electivire\n|-damage|p2a: Electivire|0 fnt\n|faint|p2a: Electivire\n|-damage|p1a: Ambipom|27/263|[from] Recoil\n|\n|upkeep\n|\n|t:|1783559055\n|switch|p2a: Umbreon|Umbreon, L84, F|100/100\n|-status|p2a: Umbreon|tox\n|turn|18\n|inactive|Time left: 300 sec this turn | 300 sec total\n|\n|t:|1783559056\n|switch|p1a: Medicham|Medicham, L86, M|182/243\n|-damage|p1a: Medicham|167/243|[from] Stealth Rock\n|move|p2a: Umbreon|Toxic|p1a: Medicham\n|-status|p1a: Medicham|tox\n|\n|-damage|p1a: Medicham|152/243 tox|[from] psn\n|-damage|p2a: Umbreon|94/100 tox|[from] psn\n|upkeep\n|turn|19\n|inactive|Time left: 300 sec this turn | 300 sec total\n|\n|t:|1783559057\n|move|p2a: Umbreon|Protect|p2a: Umbreon\n|-singleturn|p2a: Umbreon|Protect\n|move|p1a: Medicham|Close Combat|p2a: Umbreon\n|-activate|p2a: Umbreon|move: Protect\n|\n|-heal|p2a: Umbreon|100/100 tox|[from] item: Leftovers\n|-damage|p1a: Medicham|122/243 tox|[from] psn\n|-damage|p2a: Umbreon|88/100 tox|[from] psn\n|upkeep\n|turn|20\n|inactive|Time left: 300 sec this turn | 300 sec total\n|\n|t:|1783559058\n|move|p2a: Umbreon|Protect|p2a: Umbreon\n|-singleturn|p2a: Umbreon|Protect\n|move|p1a: Medicham|Close Combat|p2a: Umbreon\n|-activate|p2a: Umbreon|move: Protect\n|\n|-heal|p2a: Umbreon|94/100 tox|[from] item: Leftovers\n|-damage|p1a: Medicham|77/243 tox|[from] psn\n|-damage|p2a: Umbreon|76/100 tox|[from] psn\n|upkeep\n|turn|21\n|inactive|Time left: 300 sec this turn | 300 sec total\n|\n|t:|1783559058\n|move|p1a: Medicham|Close Combat|p2a: Umbreon\n|-supereffective|p2a: Umbreon\n|-damage|p2a: Umbreon|0 fnt\n|-unboost|p1a: Medicham|def|1\n|-unboost|p1a: Medicham|spd|1\n|faint|p2a: Umbreon\n|\n|win|p0x171332a1", "uploadtime": 1783559058, "views": 0, "rating": 0, "private": 0, "password": null, "_winner": "p0x171332a1", "_our_name": "p0x171332a1"}