{"id": "battle-gen9randombattle-1022", "formatid": "gen9randombattle", "format": "[Gen 9] Random Battle", "players": ["p0x10222538", "p0y102236d5"], "log": "|init|battle\n|title|p0x10222538 vs. p0y102236d5\n|j|\u2606p0x10222538\n|j|\u2606p0y102236d5\n|t:|1783551042\n|gametype|singles\n|player|p1|p0x10222538|101|\n|player|p2|p0y102236d5|2|\n|gen|9\n|tier|[Gen 9] Random Battle\n|rule|Species Clause: Limit one of each Pok\u00e9mon\n|rule|HP Percentage Mod: HP is shown in percentages\n|rule|Sleep Clause Mod: Limit one foe put to sleep\n|rule|Illusion Level Mod: Illusion disguises the Pok\u00e9mon's true level\n|\n|t:|1783551042\n|teamsize|p1|6\n|teamsize|p2|6\n|start\n|switch|p1a: Ho-Oh|Ho-Oh, L71|268/268\n|switch|p2a: Conkeldurr|Conkeldurr, L80, F|100/100\n|turn|1\n|inactive|Battle timer is ON: inactive players will automatically lose when time's up. (requested by p0x10222538)\n|inactive|p0y102236d5 also wants the timer to be on.\n|\n|t:|1783551044\n|move|p1a: Ho-Oh|Brave Bird|p2a: Conkeldurr\n|-supereffective|p2a: Conkeldurr\n|-damage|p2a: Conkeldurr|22/100\n|-damage|p1a: Ho-Oh|191/268|[from] Recoil\n|move|p2a: Conkeldurr|Knock Off|p1a: Ho-Oh\n|-damage|p1a: Ho-Oh|89/268\n|-enditem|p1a: Ho-Oh|Heavy-Duty Boots|[from] move: Knock Off|[of] p2a: Conkeldurr\n|\n|-status|p2a: Conkeldurr|brn|[from] item: Flame Orb\n|upkeep\n|turn|2\n|inactive|Time left: 300 sec this turn | 300 sec total\n|\n|t:|1783551045\n|switch|p2a: Hydrapple|Hydrapple, L83, F|100/100\n|move|p1a: Ho-Oh|Sacred Fire|p2a: Hydrapple\n|-damage|p2a: Hydrapple|76/100\n|-status|p2a: Hydrapple|brn\n|\n|-damage|p2a: Hydrapple|70/100 brn|[from] brn\n|upkeep\n|turn|3\n|inactive|Time left: 300 sec this turn | 300 sec total\n|\n|t:|1783551047\n|move|p1a: Ho-Oh|Brave Bird|p2a: Hydrapple\n|-supereffective|p2a: Hydrapple\n|-damage|p2a: Hydrapple|10/100 brn\n|-damage|p1a: Ho-Oh|28/268|[from] Recoil\n|move|p2a: Hydrapple|Fickle Beam|p1a: Ho-Oh\n|-damage|p1a: Ho-Oh|0 fnt\n|faint|p1a: Ho-Oh\n|\n|-damage|p2a: Hydrapple|4/100 brn|[from] brn\n|upkeep\n|inactive|Time left: 300 sec this turn | 300 sec total | 5 sec grace\n|\n|t:|1783551048\n|switch|p1a: Dunsparce|Dunsparce, L86, M|312/312\n|turn|4\n|inactive|Time left: 300 sec this turn | 300 sec total\n|\n|t:|1783551049\n|switch|p2a: Rotom|Rotom-Frost, L87|100/100\n|move|p1a: Dunsparce|Coil|p1a: Dunsparce\n|-boost|p1a: Dunsparce|atk|1\n|-boost|p1a: Dunsparce|def|1\n|-boost|p1a: Dunsparce|accuracy|1\n|\n|upkeep\n|turn|5\n|inactive|Time left: 300 sec this turn | 300 sec total\n|\n|t:|1783551050\n|move|p2a: Rotom|Will-O-Wisp|p1a: Dunsparce\n|-status|p1a: Dunsparce|brn\n|move|p1a: Dunsparce|Body Slam|p2a: Rotom\n|-damage|p2a: Rotom|82/100\n|\n|-damage|p1a: Dunsparce|293/312 brn|[from] brn\n|upkeep\n|turn|6\n|inactive|Time left: 300 sec this turn | 300 sec total\n|\n|t:|1783551051\n|move|p2a: Rotom|Blizzard|p1a: Dunsparce\n|-damage|p1a: Dunsparce|188/312 brn\n|move|p1a: Dunsparce|Coil|p1a: Dunsparce\n|-boost|p1a: Dunsparce|atk|1\n|-boost|p1a: Dunsparce|def|1\n|-boost|p1a: Dunsparce|accuracy|1\n|\n|-damage|p1a: Dunsparce|169/312 brn|[from] brn\n|upkeep\n|turn|7\n|inactive|Time left: 300 sec this turn | 300 sec total\n|\n|t:|1783551052\n|move|p2a: Rotom|Blizzard|p1a: Dunsparce|[miss]\n|-miss|p2a: Rotom|p1a: Dunsparce\n|move|p1a: Dunsparce|Roost|p1a: Dunsparce\n|-heal|p1a: Dunsparce|312/312 brn\n|-singleturn|p1a: Dunsparce|move: Roost\n|\n|-damage|p1a: Dunsparce|293/312 brn|[from] brn\n|upkeep\n|turn|8\n|inactive|Time left: 300 sec this turn | 300 sec total\n|\n|t:|1783551053\n|move|p2a: Rotom|Blizzard|p1a: Dunsparce\n|-damage|p1a: Dunsparce|182/312 brn\n|move|p1a: Dunsparce|Body Slam|p2a: Rotom\n|-damage|p2a: Rotom|53/100\n|\n|-damage|p1a: Dunsparce|163/312 brn|[from] brn\n|upkeep\n|turn|9\n|inactive|Time left: 300 sec this turn | 300 sec total\n|\n|t:|1783551054\n|move|p2a: Rotom|Blizzard|p1a: Dunsparce|[miss]\n|-miss|p2a: Rotom|p1a: Dunsparce\n|move|p1a: Dunsparce|Roost|p1a: Dunsparce\n|-heal|p1a: Dunsparce|312/312 brn\n|-singleturn|p1a: Dunsparce|move: Roost\n|\n|-damage|p1a: Dunsparce|293/312 brn|[from] brn\n|upkeep\n|turn|10\n|inactive|Time left: 300 sec this turn | 300 sec total\n|\n|t:|1783551055\n|move|p2a: Rotom|Blizzard|p1a: Dunsparce\n|-damage|p1a: Dunsparce|191/312 brn\n|move|p1a: Dunsparce|Body Slam|p2a: Rotom\n|-damage|p2a: Rotom|24/100\n|\n|-damage|p1a: Dunsparce|172/312 brn|[from] brn\n|upkeep\n|turn|11\n|inactive|Time left: 300 sec this turn | 300 sec total\n|\n|t:|1783551056\n|move|p2a: Rotom|Blizzard|p1a: Dunsparce\n|-damage|p1a: Dunsparce|72/312 brn\n|move|p1a: Dunsparce|Body Slam|p2a: Rotom\n|-damage|p2a: Rotom|0 fnt\n|faint|p2a: Rotom\n|\n|-damage|p1a: Dunsparce|53/312 brn|[from] brn\n|upkeep\n|\n|t:|1783551057\n|switch|p2a: Hydrapple|Hydrapple, L83, F|38/100 brn\n|turn|12\n|inactive|Time left: 300 sec this turn | 300 sec total\n|\n|t:|1783551058\n|move|p1a: Dunsparce|Roost|p1a: Dunsparce\n|-heal|p1a: Dunsparce|209/312 brn\n|-singleturn|p1a: Dunsparce|move: Roost\n|move|p2a: Hydrapple|Draco Meteor|p1a: Dunsparce\n|-damage|p1a: Dunsparce|17/312 brn\n|-unboost|p2a: Hydrapple|spa|2\n|\n|-damage|p1a: Dunsparce|0 fnt|[from] brn\n|faint|p1a: Dunsparce\n|-damage|p2a: Hydrapple|32/100 brn|[from] brn\n|upkeep\n|inactive|Time left: 300 sec this turn | 300 sec total | 5 sec grace\n|\n|t:|1783551059\n|switch|p1a: Stantler|Stantler, L92, F|284/284\n|-ability|p1a: Stantler|Intimidate|boost\n|-unboost|p2a: Hydrapple|atk|1\n|turn|13\n|inactive|Time left: 300 sec this turn | 300 sec total\n|\n|t:|1783551060\n|move|p1a: Stantler|Calm Mind|p1a: Stantler\n|-boost|p1a: Stantler|spa|1\n|-boost|p1a: Stantler|spd|1\n|move|p2a: Hydrapple|Draco Meteor|p1a: Stantler\n|-damage|p1a: Stantler|221/284\n|-unboost|p2a: Hydrapple|spa|2\n|\n|-damage|p2a: Hydrapple|25/100 brn|[from] brn\n|upkeep\n|turn|14\n|inactive|Time left: 300 sec this turn | 300 sec total\n|\n|t:|1783551061\n|switch|p2a: Cyclizar|Cyclizar, L84, M|100/100\n|move|p1a: Stantler|Tera Blast|p2a: Cyclizar\n|-damage|p2a: Cyclizar|36/100\n|\n|upkeep\n|turn|15\n|inactive|Time left: 300 sec this turn | 300 sec total\n|\n|t:|1783551062\n|switch|p2a: Forretress|Forretress, L84, F|100/100\n|move|p1a: Stantler|Tera Blast|p2a: Forretress\n|-resisted|p2a: Forretress\n|-damage|p2a: Forretress|70/100\n|\n|-heal|p2a: Forretress|76/100|[from] item: Leftovers\n|upkeep\n|turn|16\n|inactive|Time left: 300 sec this turn | 300 sec total\n|\n|t:|1783551063\n|move|p1a: Stantler|Earth Power|p2a: Forretress\n|-damage|p2a: Forretress|23/100\n|move|p2a: Forretress|Thunder Wave|p1a: Stantler\n|-status|p1a: Stantler|par\n|\n|-heal|p2a: Forretress|29/100|[from] item: Leftovers\n|upkeep\n|turn|17\n|inactive|Time left: 300 sec this turn | 300 sec total\n|\n|t:|1783551064\n|move|p2a: Forretress|Iron Head|p1a: Stantler\n|-crit|p1a: Stantler\n|-damage|p1a: Stantler|125/284 par\n|move|p1a: Stantler|Shadow Ball|p2a: Forretress\n|-damage|p2a: Forretress|0 fnt\n|faint|p2a: Forretress\n|\n|upkeep\n|\n|t:|1783551065\n|switch|p2a: Hydrapple|Hydrapple, L83, F|59/100 brn\n|turn|18\n|inactive|Time left: 300 sec this turn | 300 sec total\n|\n|t:|1783551066\n|move|p2a: Hydrapple|Earth Power|p1a: Stantler\n|-damage|p1a: Stantler|68/284 par\n|move|p1a: Stantler|Tera Blast|p2a: Hydrapple\n|-damage|p2a: Hydrapple|12/100 brn\n|\n|-damage|p2a: Hydrapple|6/100 brn|[from] brn\n|upkeep\n|turn|19\n|inactive|Time left: 300 sec this turn | 300 sec total\n|\n|t:|1783551067\n|switch|p2a: Cyclizar|Cyclizar, L84, M|69/100\n|move|p1a: Stantler|Shadow Ball|p2a: Cyclizar\n|-immune|p2a: Cyclizar\n|\n|upkeep\n|turn|20\n|inactive|Time left: 300 sec this turn | 300 sec total\n|\n|t:|1783551068\n|move|p2a: Cyclizar|Knock Off|p1a: Stantler\n|-damage|p1a: Stantler|15/284 par\n|-enditem|p1a: Stantler|Eviolite|[from] move: Knock Off|[of] p2a: Cyclizar\n|move|p1a: Stantler|Tera Blast|p2a: Cyclizar\n|-damage|p2a: Cyclizar|6/100\n|\n|upkeep\n|turn|21\n|inactive|Time left: 300 sec this turn | 300 sec total\n|\n|t:|1783551069\n|move|p2a: Cyclizar|Knock Off|p1a: Stantler\n|-damage|p1a: Stantler|0 fnt\n|faint|p1a: Stantler\n|\n|upkeep\n|inactive|Time left: 300 sec this turn | 300 sec total | 5 sec grace\n|\n|t:|1783551070\n|switch|p1a: Iron Valiant|Iron Valiant, L78|244/244\n|turn|22\n|inactive|Time left: 300 sec this turn | 300 sec total\n|\n|t:|1783551071\n|switch|p2a: Rabsca|Rabsca, L91, F|100/100\n|move|p1a: Iron Valiant|Moonblast|p2a: Rabsca\n|-damage|p2a: Rabsca|61/100\n|-damage|p1a: Iron Valiant|220/244|[from] item: Life Orb\n|\n|upkeep\n|turn|23\n|inactive|Time left: 300 sec this turn | 300 sec total\n|\n|t:|1783551072\n|-end|p1a: Iron Valiant|Quark Drive|[silent]\n|switch|p1a: Zapdos|Zapdos, L78|268/268\n|move|p2a: Rabsca|Psychic|p1a: Zapdos\n|-damage|p1a: Zapdos|124/268\n|\n|upkeep\n|turn|24\n|inactive|Time left: 300 sec this turn | 300 sec total\n|\n|t:|1783551072\n|move|p1a: Zapdos|Hurricane|p2a: Rabsca\n|-supereffective|p2a: Rabsca\n|-damage|p2a: Rabsca|0 fnt\n|faint|p2a: Rabsca\n|\n|upkeep\n|\n|t:|1783551073\n|switch|p2a: Cyclizar|Cyclizar, L84, M|40/100\n|turn|25\n|inactive|Time left: 300 sec this turn | 300 sec total\n|\n|t:|1783551074\n|switch|p1a: Iron Valiant|Iron Valiant, L78|220/244\n|move|p2a: Cyclizar|Draco Meteor|p1a: Iron Valiant\n|-immune|p1a: Iron Valiant\n|\n|upkeep\n|turn|26\n|inactive|Time left: 300 sec this turn | 300 sec total\n|\n|t:|1783551075\n|switch|p2a: Hydrapple|Hydrapple, L83, F|40/100 brn\n|move|p1a: Iron Valiant|Moonblast|p2a: Hydrapple\n|-supereffective|p2a: Hydrapple\n|-damage|p2a: Hydrapple|0 fnt\n|faint|p2a: Hydrapple\n|-damage|p1a: Iron Valiant|196/244|[from] item: Life Orb\n|\n|upkeep\n|\n|t:|1783551076\n|switch|p2a: Cyclizar|Cyclizar, L84, M|73/100\n|turn|27\n|inactive|Time left: 300 sec this turn | 300 sec total\n|\n|t:|1783551077\n|move|p2a: Cyclizar|Shed Tail|p2a: Cyclizar\n|-start|p2a: Cyclizar|Substitute|[from] move: Shed Tail\n|-damage|p2a: Cyclizar|23/100\n|\n|t:|1783551078\n|switch|p2a: Conkeldurr|Conkeldurr, L80, F|22/100 brn|[from] Shed Tail\n|move|p1a: Iron Valiant|Moonblast|p2a: Conkeldurr\n|-supereffective|p2a: Conkeldurr\n|-end|p2a: Conkeldurr|Substitute\n|-damage|p1a: Iron Valiant|172/244|[from] item: Life Orb\n|\n|-damage|p2a: Conkeldurr|16/100 brn|[from] brn\n|upkeep\n|turn|28\n|inactive|Time left: 300 sec this turn | 300 sec total\n|\n|t:|1783551079\n|move|p2a: Conkeldurr|Mach Punch|p1a: Iron Valiant\n|-resisted|p1a: Iron Valiant\n|-crit|p1a: Iron Valiant\n|-damage|p1a: Iron Valiant|106/244\n|move|p1a: Iron Valiant|Moonblast|p2a: Conkeldurr\n|-supereffective|p2a: Conkeldurr\n|-damage|p2a: Conkeldurr|0 fnt\n|faint|p2a: Conkeldurr\n|-damage|p1a: Iron Valiant|82/244|[from] item: Life Orb\n|\n|upkeep\n|\n|t:|1783551079\n|switch|p2a: Cyclizar|Cyclizar, L84, M|56/100\n|turn|29\n|inactive|Time left: 300 sec this turn | 300 sec total\n|\n|t:|1783551080\n|move|p2a: Cyclizar|Shed Tail|p2a: Cyclizar\n|-fail|p2a: Cyclizar\n|move|p1a: Iron Valiant|Moonblast|p2a: Cyclizar\n|-supereffective|p2a: Cyclizar\n|-damage|p2a: Cyclizar|0 fnt\n|faint|p2a: Cyclizar\n|-damage|p1a: Iron Valiant|58/244|[from] item: Life Orb\n|\n|win|p0x10222538", "uploadtime": 1783551080, "views": 0, "rating": 0, "private": 0, "password": null, "_winner": "p0x10222538", "_our_name": "p0x10222538"}