{"id": "battle-gen9randombattle-185", "formatid": "gen9randombattle", "format": "[Gen 9] Random Battle", "players": ["p0x18551a6", "p0y18554dc"], "log": "|init|battle\n|title|p0x18551a6 vs. p0y18554dc\n|j|\u2606p0x18551a6\n|j|\u2606p0y18554dc\n|t:|1783541253\n|gametype|singles\n|player|p1|p0x18551a6|102|\n|player|p2|p0y18554dc|169|\n|gen|9\n|tier|[Gen 9] Random Battle\n|rule|Species Clause: Limit one of each Pok\u00e9mon\n|rule|HP Percentage Mod: HP is shown in percentages\n|rule|Sleep Clause Mod: Limit one foe put to sleep\n|rule|Illusion Level Mod: Illusion disguises the Pok\u00e9mon's true level\n|\n|t:|1783541253\n|teamsize|p1|6\n|teamsize|p2|6\n|start\n|switch|p1a: Misdreavus|Misdreavus, L90, F|100/100\n|switch|p2a: Arceus|Arceus-Dragon, L71|288/288\n|turn|1\n|inactive|Battle timer is ON: inactive players will automatically lose when time's up. (requested by p0x18551a6)\n|inactive|Time left: 300 sec this turn | 300 sec total | 60 sec grace\n|inactive|p0y18554dc also wants the timer to be on.\n|\n|t:|1783541255\n|move|p2a: Arceus|Calm Mind|p2a: Arceus\n|-boost|p2a: Arceus|spa|1\n|-boost|p2a: Arceus|spd|1\n|move|p1a: Misdreavus|Calm Mind|p1a: Misdreavus\n|-boost|p1a: Misdreavus|spa|1\n|-boost|p1a: Misdreavus|spd|1\n|\n|upkeep\n|turn|2\n|inactive|Time left: 300 sec this turn | 300 sec total\n|\n|t:|1783541256\n|move|p2a: Arceus|Calm Mind|p2a: Arceus\n|-boost|p2a: Arceus|spa|1\n|-boost|p2a: Arceus|spd|1\n|move|p1a: Misdreavus|Calm Mind|p1a: Misdreavus\n|-boost|p1a: Misdreavus|spa|1\n|-boost|p1a: Misdreavus|spd|1\n|\n|upkeep\n|turn|3\n|inactive|Time left: 300 sec this turn | 300 sec total\n|\n|t:|1783541257\n|move|p2a: Arceus|Calm Mind|p2a: Arceus\n|-boost|p2a: Arceus|spa|1\n|-boost|p2a: Arceus|spd|1\n|move|p1a: Misdreavus|Shadow Ball|p2a: Arceus\n|-crit|p2a: Arceus\n|-damage|p2a: Arceus|35/288\n|\n|upkeep\n|turn|4\n|inactive|Time left: 300 sec this turn | 300 sec total\n|\n|t:|1783541258\n|move|p2a: Arceus|Judgment|p1a: Misdreavus\n|-crit|p1a: Misdreavus\n|-damage|p1a: Misdreavus|0 fnt\n|faint|p1a: Misdreavus\n|\n|upkeep\n|\n|t:|1783541259\n|switch|p1a: Dewgong|Dewgong, L94, F|100/100\n|turn|5\n|inactive|Time left: 300 sec this turn | 300 sec total\n|\n|t:|1783541260\n|move|p2a: Arceus|Judgment|p1a: Dewgong\n|-damage|p1a: Dewgong|49/100\n|move|p1a: Dewgong|Knock Off|p2a: Arceus\n|-damage|p2a: Arceus|0 fnt\n|faint|p2a: Arceus\n|\n|upkeep\n|inactive|Time left: 300 sec this turn | 300 sec total | 5 sec grace\n|\n|t:|1783541261\n|switch|p2a: Masquerain|Masquerain, L87, F|264/264\n|-ability|p2a: Masquerain|Intimidate|boost\n|-unboost|p1a: Dewgong|atk|1\n|turn|6\n|inactive|Time left: 300 sec this turn | 300 sec total\n|\n|t:|1783541263\n|move|p2a: Masquerain|Sticky Web|p1a: Dewgong\n|-sidestart|p1: p0x18551a6|move: Sticky Web\n|move|p1a: Dewgong|Ice Beam|p2a: Masquerain\n|-supereffective|p2a: Masquerain\n|-damage|p2a: Masquerain|88/264\n|\n|upkeep\n|turn|7\n|inactive|Time left: 300 sec this turn | 300 sec total\n|\n|t:|1783541264\n|move|p2a: Masquerain|U-turn|p1a: Dewgong\n|-damage|p1a: Dewgong|33/100\n|inactive|Time left: 300 sec this turn | 300 sec total | 5 sec grace\n|\n|t:|1783541265\n|switch|p2a: Moltres|Moltres-Galar, L79|271/271|[from] U-turn\n|move|p1a: Dewgong|Ice Beam|p2a: Moltres\n|-supereffective|p2a: Moltres\n|-damage|p2a: Moltres|107/271\n|-ability|p2a: Moltres|Berserk|boost\n|-boost|p2a: Moltres|spa|1\n|\n|upkeep\n|turn|8\n|inactive|Time left: 300 sec this turn | 300 sec total\n|\n|t:|1783541266\n|move|p2a: Moltres|Rest|p2a: Moltres\n|-status|p2a: Moltres|slp|[from] move: Rest\n|-heal|p2a: Moltres|271/271 slp|[silent]\n|-enditem|p2a: Moltres|Chesto Berry|[eat]\n|-curestatus|p2a: Moltres|slp|[msg]\n|move|p1a: Dewgong|Ice Beam|p2a: Moltres\n|-supereffective|p2a: Moltres\n|-damage|p2a: Moltres|121/271\n|-ability|p2a: Moltres|Berserk|boost\n|-boost|p2a: Moltres|spa|1\n|\n|upkeep\n|turn|9\n|inactive|Time left: 300 sec this turn | 300 sec total\n|\n|t:|1783541267\n|move|p2a: Moltres|Hurricane|p1a: Dewgong\n|-damage|p1a: Dewgong|0 fnt\n|faint|p1a: Dewgong\n|\n|upkeep\n|\n|t:|1783541268\n|switch|p1a: Iron Hands|Iron Hands, L79|100/100\n|-activate|p1a: Iron Hands|move: Sticky Web\n|-unboost|p1a: Iron Hands|spe|1\n|turn|10\n|inactive|Time left: 300 sec this turn | 300 sec total\n|\n|t:|1783541269\n|move|p2a: Moltres|Hurricane|p1a: Iron Hands\n|-damage|p1a: Iron Hands|50/100\n|move|p1a: Iron Hands|Thunder Punch|p2a: Moltres\n|-supereffective|p2a: Moltres\n|-damage|p2a: Moltres|0 fnt\n|faint|p2a: Moltres\n|\n|upkeep\n|inactive|Time left: 300 sec this turn | 300 sec total | 5 sec grace\n|\n|t:|1783541270\n|switch|p2a: Gurdurr|Gurdurr, L85, M|283/283\n|turn|11\n|inactive|Time left: 300 sec this turn | 300 sec total\n|\n|t:|1783541271\n|move|p2a: Gurdurr|Bulk Up|p2a: Gurdurr\n|-boost|p2a: Gurdurr|atk|1\n|-boost|p2a: Gurdurr|def|1\n|move|p1a: Iron Hands|Drain Punch|p2a: Gurdurr\n|-damage|p2a: Gurdurr|240/283\n|-heal|p1a: Iron Hands|56/100|[from] drain|[of] p2a: Gurdurr\n|\n|upkeep\n|turn|12\n|inactive|Time left: 300 sec this turn | 300 sec total\n|\n|t:|1783541272\n|move|p2a: Gurdurr|Drain Punch|p1a: Iron Hands\n|-damage|p1a: Iron Hands|26/100\n|-heal|p2a: Gurdurr|283/283|[from] drain|[of] p1a: Iron Hands\n|move|p1a: Iron Hands|Volt Switch|p2a: Gurdurr\n|-damage|p2a: Gurdurr|244/283\n|\n|t:|1783541273\n|-end|p1a: Iron Hands|Quark Drive|[silent]\n|switch|p1a: Palossand|Palossand, L89, M|100/100|[from] Volt Switch\n|-activate|p1a: Palossand|move: Sticky Web\n|-unboost|p1a: Palossand|spe|1\n|\n|upkeep\n|turn|13\n|inactive|Time left: 300 sec this turn | 300 sec total\n|\n|t:|1783541274\n|move|p2a: Gurdurr|Knock Off|p1a: Palossand\n|-supereffective|p1a: Palossand\n|-damage|p1a: Palossand|37/100\n|-enditem|p1a: Palossand|Leftovers|[from] move: Knock Off|[of] p2a: Gurdurr\n|move|p1a: Palossand|Earth Power|p2a: Gurdurr\n|-damage|p2a: Gurdurr|147/283\n|\n|upkeep\n|turn|14\n|inactive|Time left: 300 sec this turn | 300 sec total\n|\n|t:|1783541275\n|-terastallize|p1a: Palossand|Poison\n|move|p2a: Gurdurr|Knock Off|p1a: Palossand\n|-damage|p1a: Palossand|15/100\n|move|p1a: Palossand|Shore Up|p1a: Palossand\n|-heal|p1a: Palossand|65/100\n|\n|upkeep\n|turn|15\n|inactive|Time left: 300 sec this turn | 300 sec total\n|\n|t:|1783541276\n|move|p2a: Gurdurr|Knock Off|p1a: Palossand\n|-damage|p1a: Palossand|46/100\n|move|p1a: Palossand|Earth Power|p2a: Gurdurr\n|-damage|p2a: Gurdurr|32/283\n|\n|upkeep\n|turn|16\n|inactive|Time left: 300 sec this turn | 300 sec total\n|\n|t:|1783541277\n|move|p2a: Gurdurr|Knock Off|p1a: Palossand\n|-damage|p1a: Palossand|27/100\n|move|p1a: Palossand|Shadow Ball|p2a: Gurdurr\n|-damage|p2a: Gurdurr|0 fnt\n|faint|p2a: Gurdurr\n|\n|upkeep\n|inactive|Time left: 300 sec this turn | 300 sec total | 5 sec grace\n|\n|t:|1783541278\n|switch|p2a: Magcargo|Magcargo, L95, F|268/268\n|turn|17\n|inactive|Time left: 300 sec this turn | 300 sec total\n|\n|t:|1783541279\n|move|p2a: Magcargo|Lava Plume|p1a: Palossand\n|-damage|p1a: Palossand|0 fnt\n|faint|p1a: Palossand\n|\n|upkeep\n|\n|t:|1783541280\n|switch|p1a: Porygon-Z|Porygon-Z, L83|100/100\n|-activate|p1a: Porygon-Z|move: Sticky Web\n|-unboost|p1a: Porygon-Z|spe|1\n|turn|18\n|inactive|Time left: 300 sec this turn | 300 sec total\n|\n|t:|1783541281\n|move|p1a: Porygon-Z|Nasty Plot|p1a: Porygon-Z\n|-boost|p1a: Porygon-Z|spa|2\n|move|p2a: Magcargo|Lava Plume|p1a: Porygon-Z\n|-damage|p1a: Porygon-Z|60/100\n|\n|upkeep\n|turn|19\n|inactive|Time left: 300 sec this turn | 300 sec total\n|\n|t:|1783541282\n|move|p1a: Porygon-Z|Tera Blast|p2a: Magcargo\n|-resisted|p2a: Magcargo\n|-damage|p2a: Magcargo|98/268\n|-damage|p1a: Porygon-Z|50/100|[from] item: Life Orb\n|move|p2a: Magcargo|Lava Plume|p1a: Porygon-Z\n|-damage|p1a: Porygon-Z|11/100\n|-status|p1a: Porygon-Z|brn\n|\n|-damage|p1a: Porygon-Z|5/100 brn|[from] brn\n|upkeep\n|turn|20\n|inactive|Time left: 300 sec this turn | 300 sec total\n|\n|t:|1783541283\n|switch|p2a: Excadrill|Excadrill, L79, F|303/303\n|-ability|p2a: Excadrill|Mold Breaker\n|move|p1a: Porygon-Z|Tera Blast|p2a: Excadrill\n|-resisted|p2a: Excadrill\n|-damage|p2a: Excadrill|125/303\n|-damage|p1a: Porygon-Z|0 fnt|[from] item: Life Orb\n|faint|p1a: Porygon-Z\n|\n|upkeep\n|\n|t:|1783541284\n|switch|p1a: Hypno|Hypno, L95, M|100/100\n|-activate|p1a: Hypno|move: Sticky Web\n|-unboost|p1a: Hypno|spe|1\n|turn|21\n|inactive|Time left: 300 sec this turn | 300 sec total\n|\n|t:|1783541285\n|switch|p2a: Masquerain|Masquerain, L87, F|88/264\n|-ability|p2a: Masquerain|Intimidate|boost\n|-unboost|p1a: Hypno|atk|1\n|move|p1a: Hypno|Focus Blast|p2a: Masquerain\n|-resisted|p2a: Masquerain\n|-damage|p2a: Masquerain|67/264\n|\n|upkeep\n|turn|22\n|inactive|Time left: 300 sec this turn | 300 sec total\n|\n|t:|1783541287\n|switch|p1a: Iron Hands|Iron Hands, L79|26/100\n|-activate|p1a: Iron Hands|move: Sticky Web\n|-unboost|p1a: Iron Hands|spe|1\n|move|p2a: Masquerain|U-turn|p1a: Iron Hands\n|-resisted|p1a: Iron Hands\n|-damage|p1a: Iron Hands|20/100\n|inactive|Time left: 300 sec this turn | 300 sec total | 5 sec grace\n|\n|t:|1783541288\n|switch|p2a: Excadrill|Excadrill, L79, F|125/303|[from] U-turn\n|-ability|p2a: Excadrill|Mold Breaker\n|\n|upkeep\n|turn|23\n|inactive|Time left: 300 sec this turn | 300 sec total\n|\n|t:|1783541289\n|move|p2a: Excadrill|Earthquake|p1a: Iron Hands\n|-supereffective|p1a: Iron Hands\n|-damage|p1a: Iron Hands|0 fnt\n|faint|p1a: Iron Hands\n|-end|p1a: Iron Hands|Quark Drive|[silent]\n|\n|upkeep\n|\n|t:|1783541290\n|switch|p1a: Hypno|Hypno, L95, M|100/100\n|-activate|p1a: Hypno|move: Sticky Web\n|-unboost|p1a: Hypno|spe|1\n|turn|24\n|inactive|Time left: 300 sec this turn | 300 sec total\n|\n|t:|1783541291\n|move|p2a: Excadrill|Earthquake|p1a: Hypno\n|-damage|p1a: Hypno|58/100\n|move|p1a: Hypno|Focus Blast|p2a: Excadrill\n|-supereffective|p2a: Excadrill\n|-damage|p2a: Excadrill|0 fnt\n|faint|p2a: Excadrill\n|\n|-heal|p1a: Hypno|64/100|[from] item: Leftovers\n|upkeep\n|inactive|Time left: 300 sec this turn | 300 sec total | 5 sec grace\n|\n|t:|1783541292\n|switch|p2a: Masquerain|Masquerain, L87, F|67/264\n|-ability|p2a: Masquerain|Intimidate|boost\n|-unboost|p1a: Hypno|atk|1\n|turn|25\n|inactive|Time left: 300 sec this turn | 300 sec total\n|\n|t:|1783541293\n|move|p2a: Masquerain|U-turn|p1a: Hypno\n|-supereffective|p1a: Hypno\n|-damage|p1a: Hypno|27/100\n|inactive|Time left: 300 sec this turn | 300 sec total | 5 sec grace\n|\n|t:|1783541294\n|switch|p2a: Magcargo|Magcargo, L95, F|98/268|[from] U-turn\n|move|p1a: Hypno|Psychic Noise|p2a: Magcargo\n|-damage|p2a: Magcargo|11/268\n|-start|p2a: Magcargo|move: Heal Block\n|\n|-heal|p1a: Hypno|34/100|[from] item: Leftovers\n|upkeep\n|turn|26\n|inactive|Time left: 300 sec this turn | 300 sec total\n|\n|t:|1783541295\n|-terastallize|p2a: Magcargo|Dragon\n|move|p1a: Hypno|Psychic Noise|p2a: Magcargo\n|-damage|p2a: Magcargo|0 fnt\n|faint|p2a: Magcargo\n|\n|-heal|p1a: Hypno|40/100|[from] item: Leftovers\n|upkeep\n|inactive|Time left: 300 sec this turn | 300 sec total | 5 sec grace\n|\n|t:|1783541296\n|switch|p2a: Masquerain|Masquerain, L87, F|67/264\n|-ability|p2a: Masquerain|Intimidate|boost\n|-unboost|p1a: Hypno|atk|1\n|turn|27\n|inactive|Time left: 300 sec this turn | 300 sec total\n|\n|t:|1783541297\n|move|p1a: Hypno|Protect|p1a: Hypno\n|-singleturn|p1a: Hypno|Protect\n|move|p2a: Masquerain|U-turn|p1a: Hypno\n|-activate|p1a: Hypno|move: Protect\n|\n|-heal|p1a: Hypno|46/100|[from] item: Leftovers\n|upkeep\n|turn|28\n|inactive|Time left: 300 sec this turn | 300 sec total\n|\n|t:|1783541298\n|move|p1a: Hypno|Protect|p1a: Hypno\n|-singleturn|p1a: Hypno|Protect\n|move|p2a: Masquerain|Hurricane|p1a: Hypno\n|-activate|p1a: Hypno|move: Protect\n|\n|-heal|p1a: Hypno|52/100|[from] item: Leftovers\n|upkeep\n|turn|29\n|inactive|Time left: 300 sec this turn | 300 sec total\n|\n|t:|1783541299\n|move|p2a: Masquerain|Hurricane|p1a: Hypno|[miss]\n|-miss|p2a: Masquerain|p1a: Hypno\n|move|p1a: Hypno|Psychic Noise|p2a: Masquerain\n|-damage|p2a: Masquerain|0 fnt\n|faint|p2a: Masquerain\n|\n|win|p0x18551a6", "uploadtime": 1783541299, "views": 0, "rating": 0, "private": 0, "password": null, "_winner": "p0x18551a6", "_our_name": "p0y18554dc"}