{"id": "battle-gen9randombattle-677", "formatid": "gen9randombattle", "format": "[Gen 9] Random Battle", "players": ["p0x6776f9d", "p0y67707fa"], "log": "|init|battle\n|title|p0x6776f9d vs. p0y67707fa\n|j|\u2606p0x6776f9d\n|j|\u2606p0y67707fa\n|t:|1783547679\n|gametype|singles\n|player|p1|p0x6776f9d|2|\n|player|p2|p0y67707fa|101|\n|gen|9\n|tier|[Gen 9] Random Battle\n|rule|Species Clause: Limit one of each Pok\u00e9mon\n|rule|HP Percentage Mod: HP is shown in percentages\n|rule|Sleep Clause Mod: Limit one foe put to sleep\n|rule|Illusion Level Mod: Illusion disguises the Pok\u00e9mon's true level\n|\n|t:|1783547679\n|teamsize|p1|6\n|teamsize|p2|6\n|start\n|switch|p1a: Probopass|Probopass, L91, M|100/100\n|switch|p2a: Vikavolt|Vikavolt, L83, M|263/263\n|turn|1\n|inactive|Battle timer is ON: inactive players will automatically lose when time's up. (requested by p0y67707fa)\n|inactive|p0x6776f9d also wants the timer to be on.\n|\n|t:|1783547681\n|move|p1a: Probopass|Power Gem|p2a: Vikavolt\n|-supereffective|p2a: Vikavolt\n|-damage|p2a: Vikavolt|59/263\n|move|p2a: Vikavolt|Sticky Web|p1a: Probopass\n|-sidestart|p1: p0x6776f9d|move: Sticky Web\n|\n|upkeep\n|turn|2\n|inactive|Time left: 300 sec this turn | 300 sec total\n|\n|t:|1783547682\n|switch|p2a: Polteageist|Polteageist-Antique, L78|222/222\n|move|p1a: Probopass|Power Gem|p2a: Polteageist\n|-damage|p2a: Polteageist|146/222\n|\n|upkeep\n|turn|3\n|inactive|Time left: 300 sec this turn | 300 sec total\n|\n|t:|1783547683\n|switch|p1a: Luxray|Luxray, L88, F|100/100\n|-activate|p1a: Luxray|move: Sticky Web\n|-unboost|p1a: Luxray|spe|1\n|move|p2a: Polteageist|Shell Smash|p2a: Polteageist\n|-unboost|p2a: Polteageist|def|1\n|-unboost|p2a: Polteageist|spd|1\n|-boost|p2a: Polteageist|atk|2\n|-boost|p2a: Polteageist|spa|2\n|-boost|p2a: Polteageist|spe|2\n|-enditem|p2a: Polteageist|White Herb\n|-clearnegativeboost|p2a: Polteageist|[silent]\n|\n|-status|p1a: Luxray|brn|[from] item: Flame Orb\n|upkeep\n|turn|4\n|inactive|Time left: 300 sec this turn | 300 sec total\n|\n|t:|1783547684\n|-terastallize|p2a: Polteageist|Fighting\n|move|p2a: Polteageist|Tera Blast|p1a: Luxray|[anim] Tera Blast Fighting\n|-damage|p1a: Luxray|26/100 brn\n|move|p1a: Luxray|Supercell Slam|p2a: Polteageist\n|-damage|p2a: Polteageist|0 fnt\n|faint|p2a: Polteageist\n|\n|-damage|p1a: Luxray|20/100 brn|[from] brn\n|upkeep\n|inactive|Time left: 300 sec this turn | 300 sec total | 5 sec grace\n|\n|t:|1783547685\n|switch|p2a: Roaring Moon|Roaring Moon, L72|270/270\n|turn|5\n|inactive|Time left: 300 sec this turn | 300 sec total\n|\n|t:|1783547687\n|switch|p1a: Probopass|Probopass, L91, M|100/100\n|-activate|p1a: Probopass|move: Sticky Web\n|-unboost|p1a: Probopass|spe|1\n|move|p2a: Roaring Moon|Knock Off|p1a: Probopass\n|-damage|p1a: Probopass|65/100\n|-enditem|p1a: Probopass|Leftovers|[from] move: Knock Off|[of] p2a: Roaring Moon\n|\n|upkeep\n|turn|6\n|inactive|Time left: 300 sec this turn | 300 sec total\n|\n|t:|1783547688\n|-end|p2a: Roaring Moon|Protosynthesis|[silent]\n|switch|p2a: Clodsire|Clodsire, L81, M|343/343\n|move|p1a: Probopass|Body Press|p2a: Clodsire\n|-resisted|p2a: Clodsire\n|-damage|p2a: Clodsire|278/343\n|\n|-heal|p2a: Clodsire|299/343|[from] item: Leftovers\n|upkeep\n|turn|7\n|inactive|Time left: 300 sec this turn | 300 sec total\n|\n|t:|1783547689\n|switch|p1a: Vespiquen|Vespiquen, L99, F|100/100\n|-ability|p1a: Vespiquen|Pressure\n|move|p2a: Clodsire|Spikes|p1a: Vespiquen\n|-sidestart|p1: p0x6776f9d|Spikes\n|\n|-heal|p2a: Clodsire|320/343|[from] item: Leftovers\n|upkeep\n|turn|8\n|inactive|Time left: 300 sec this turn | 300 sec total\n|\n|t:|1783547690\n|move|p1a: Vespiquen|Toxic Spikes|p2a: Clodsire\n|-sidestart|p2: p0y67707fa|move: Toxic Spikes\n|move|p2a: Clodsire|Spikes|p1a: Vespiquen\n|-sidestart|p1: p0x6776f9d|Spikes\n|\n|-heal|p2a: Clodsire|341/343|[from] item: Leftovers\n|upkeep\n|turn|9\n|inactive|Time left: 300 sec this turn | 300 sec total\n|\n|t:|1783547691\n|move|p1a: Vespiquen|Hurricane|p2a: Clodsire\n|-damage|p2a: Clodsire|205/343\n|move|p2a: Clodsire|Spikes|p1a: Vespiquen\n|-sidestart|p1: p0x6776f9d|Spikes\n|\n|-heal|p2a: Clodsire|226/343|[from] item: Leftovers\n|upkeep\n|turn|10\n|inactive|Time left: 300 sec this turn | 300 sec total\n|\n|t:|1783547692\n|move|p1a: Vespiquen|Hurricane|p2a: Clodsire\n|-damage|p2a: Clodsire|85/343\n|move|p2a: Clodsire|Recover|p2a: Clodsire\n|-heal|p2a: Clodsire|257/343\n|\n|-heal|p2a: Clodsire|278/343|[from] item: Leftovers\n|upkeep\n|turn|11\n|inactive|Time left: 300 sec this turn | 300 sec total\n|\n|t:|1783547694\n|move|p1a: Vespiquen|Hurricane|p2a: Clodsire|[miss]\n|-miss|p1a: Vespiquen|p2a: Clodsire\n|move|p2a: Clodsire|Poison Jab|p1a: Vespiquen\n|-damage|p1a: Vespiquen|82/100\n|\n|-heal|p2a: Clodsire|299/343|[from] item: Leftovers\n|upkeep\n|turn|12\n|inactive|Time left: 300 sec this turn | 300 sec total\n|\n|t:|1783547695\n|move|p1a: Vespiquen|Hurricane|p2a: Clodsire\n|-crit|p2a: Clodsire\n|-damage|p2a: Clodsire|110/343\n|move|p2a: Clodsire|Poison Jab|p1a: Vespiquen\n|-damage|p1a: Vespiquen|67/100\n|\n|-heal|p2a: Clodsire|131/343|[from] item: Leftovers\n|upkeep\n|turn|13\n|inactive|Time left: 300 sec this turn | 300 sec total\n|\n|t:|1783547696\n|move|p1a: Vespiquen|Hurricane|p2a: Clodsire\n|-damage|p2a: Clodsire|0 fnt\n|faint|p2a: Clodsire\n|\n|upkeep\n|inactive|Time left: 300 sec this turn | 300 sec total | 5 sec grace\n|\n|t:|1783547697\n|switch|p2a: Dugtrio|Dugtrio-Alola, L84, M|196/196\n|turn|14\n|inactive|Time left: 300 sec this turn | 300 sec total\n|\n|t:|1783547698\n|move|p2a: Dugtrio|Stone Edge|p1a: Vespiquen|[miss]\n|-miss|p2a: Dugtrio|p1a: Vespiquen\n|move|p1a: Vespiquen|Hurricane|p2a: Dugtrio\n|-resisted|p2a: Dugtrio\n|-damage|p2a: Dugtrio|111/196\n|-start|p2a: Dugtrio|confusion\n|\n|upkeep\n|turn|15\n|inactive|Time left: 300 sec this turn | 300 sec total\n|\n|t:|1783547699\n|-activate|p2a: Dugtrio|confusion\n|-damage|p2a: Dugtrio|71/196|[from] confusion\n|move|p1a: Vespiquen|Hurricane|p2a: Dugtrio|[miss]\n|-miss|p1a: Vespiquen|p2a: Dugtrio\n|\n|upkeep\n|turn|16\n|inactive|Time left: 300 sec this turn | 300 sec total\n|\n|t:|1783547700\n|-activate|p2a: Dugtrio|confusion\n|move|p2a: Dugtrio|Stone Edge|p1a: Vespiquen|[miss]\n|-miss|p2a: Dugtrio|p1a: Vespiquen\n|move|p1a: Vespiquen|Hurricane|p2a: Dugtrio\n|-resisted|p2a: Dugtrio\n|-damage|p2a: Dugtrio|0 fnt\n|faint|p2a: Dugtrio\n|\n|upkeep\n|inactive|Time left: 300 sec this turn | 300 sec total | 5 sec grace\n|\n|t:|1783547701\n|switch|p2a: Roaring Moon|Roaring Moon, L72|270/270\n|-status|p2a: Roaring Moon|psn\n|turn|17\n|inactive|Time left: 300 sec this turn | 300 sec total\n|\n|t:|1783547703\n|move|p2a: Roaring Moon|Outrage|p1a: Vespiquen\n|-damage|p1a: Vespiquen|21/100\n|move|p1a: Vespiquen|U-turn|p2a: Roaring Moon\n|-supereffective|p2a: Roaring Moon\n|-damage|p2a: Roaring Moon|30/270 psn\n|\n|t:|1783547704\n|switch|p1a: Altaria|Altaria, L89, M|100/100|[from] U-turn\n|\n|-damage|p2a: Roaring Moon|0 fnt|[from] psn\n|faint|p2a: Roaring Moon\n|-end|p2a: Roaring Moon|Protosynthesis|[silent]\n|upkeep\n|inactive|Time left: 300 sec this turn | 300 sec total | 10 sec grace\n|\n|t:|1783547704\n|switch|p2a: Vespiquen|Vespiquen, L99, F|299/299\n|-ability|p2a: Vespiquen|Pressure\n|turn|18\n|inactive|Time left: 300 sec this turn | 300 sec total\n|\n|t:|1783547705\n|move|p1a: Altaria|Dragon Dance|p1a: Altaria\n|-boost|p1a: Altaria|atk|1\n|-boost|p1a: Altaria|spe|1\n|move|p2a: Vespiquen|Roost||[still]\n|-fail|p2a: Vespiquen|heal\n|\n|upkeep\n|turn|19\n|inactive|Time left: 300 sec this turn | 300 sec total\n|\n|t:|1783547706\n|move|p1a: Altaria|Dragon Dance|p1a: Altaria\n|-boost|p1a: Altaria|atk|1\n|-boost|p1a: Altaria|spe|1\n|move|p2a: Vespiquen|Air Slash|p1a: Altaria\n|-damage|p1a: Altaria|71/100\n|\n|upkeep\n|turn|20\n|inactive|Time left: 300 sec this turn | 300 sec total\n|\n|t:|1783547707\n|move|p1a: Altaria|Brave Bird|p2a: Vespiquen\n|-supereffective|p2a: Vespiquen\n|-damage|p2a: Vespiquen|0 fnt\n|faint|p2a: Vespiquen\n|-damage|p1a: Altaria|36/100|[from] Recoil\n|\n|upkeep\n|inactive|Time left: 300 sec this turn | 300 sec total | 5 sec grace\n|\n|t:|1783547708\n|switch|p2a: Vikavolt|Vikavolt, L83, M|59/263\n|turn|21\n|inactive|Time left: 300 sec this turn | 300 sec total\n|\n|t:|1783547709\n|move|p1a: Altaria|Brave Bird|p2a: Vikavolt\n|-damage|p2a: Vikavolt|0 fnt\n|faint|p2a: Vikavolt\n|-damage|p1a: Altaria|29/100|[from] Recoil\n|\n|win|p0x6776f9d", "uploadtime": 1783547709, "views": 0, "rating": 0, "private": 0, "password": null, "_winner": "p0x6776f9d", "_our_name": "p0y67707fa"}