{"id": "battle-gen9randombattle-216", "formatid": "gen9randombattle", "format": "[Gen 9] Random Battle", "players": ["p0x216c6f7", "p0y216400c"], "log": "|init|battle\n|title|p0x216c6f7 vs. p0y216400c\n|j|\u2606p0x216c6f7\n|j|\u2606p0y216400c\n|t:|1783542067\n|gametype|singles\n|player|p1|p0x216c6f7|102|\n|player|p2|p0y216400c|102|\n|gen|9\n|tier|[Gen 9] Random Battle\n|rule|Species Clause: Limit one of each Pok\u00e9mon\n|rule|HP Percentage Mod: HP is shown in percentages\n|rule|Sleep Clause Mod: Limit one foe put to sleep\n|rule|Illusion Level Mod: Illusion disguises the Pok\u00e9mon's true level\n|\n|t:|1783542067\n|teamsize|p1|6\n|teamsize|p2|6\n|start\n|switch|p1a: Drednaw|Drednaw, L81, M|278/278\n|switch|p2a: Espathra|Espathra, L80, M|100/100\n|turn|1\n|inactive|Battle timer is ON: inactive players will automatically lose when time's up. (requested by p0y216400c)\n|inactive|Time left: 300 sec this turn | 300 sec total | 60 sec grace\n|inactive|p0x216c6f7 also wants the timer to be on.\n|\n|t:|1783542069\n|move|p2a: Espathra|Lumina Crash|p1a: Drednaw\n|-damage|p1a: Drednaw|139/278\n|-unboost|p1a: Drednaw|spd|2\n|-enditem|p1a: Drednaw|White Herb\n|-clearnegativeboost|p1a: Drednaw|[silent]\n|move|p1a: Drednaw|Shell Smash|p1a: Drednaw\n|-unboost|p1a: Drednaw|def|1\n|-unboost|p1a: Drednaw|spd|1\n|-boost|p1a: Drednaw|atk|2\n|-boost|p1a: Drednaw|spa|2\n|-boost|p1a: Drednaw|spe|2\n|\n|-ability|p2a: Espathra|Speed Boost|boost\n|-boost|p2a: Espathra|spe|1\n|upkeep\n|turn|2\n|inactive|Time left: 300 sec this turn | 300 sec total\n|\n|t:|1783542070\n|switch|p2a: Stantler|Stantler, L92, M|100/100\n|-ability|p2a: Stantler|Intimidate|boost\n|-unboost|p1a: Drednaw|atk|1\n|move|p1a: Drednaw|Stone Edge|p2a: Stantler\n|-damage|p2a: Stantler|56/100\n|\n|upkeep\n|turn|3\n|inactive|Time left: 300 sec this turn | 300 sec total\n|\n|t:|1783542071\n|move|p1a: Drednaw|Liquidation|p2a: Stantler\n|-damage|p2a: Stantler|17/100\n|move|p2a: Stantler|Earthquake|p1a: Drednaw\n|-supereffective|p1a: Drednaw\n|-damage|p1a: Drednaw|0 fnt\n|faint|p1a: Drednaw\n|\n|upkeep\n|inactive|Time left: 300 sec this turn | 300 sec total | 5 sec grace\n|\n|t:|1783542072\n|switch|p1a: Moltres|Moltres, L81|278/278\n|turn|4\n|inactive|Time left: 300 sec this turn | 300 sec total\n|\n|t:|1783542073\n|switch|p2a: Espathra|Espathra, L80, M|100/100\n|move|p1a: Moltres|Fire Blast|p2a: Espathra\n|-damage|p2a: Espathra|32/100\n|\n|upkeep\n|turn|5\n|inactive|Time left: 300 sec this turn | 300 sec total\n|\n|t:|1783542074\n|move|p2a: Espathra|Lumina Crash|p1a: Moltres\n|-damage|p1a: Moltres|160/278\n|-unboost|p1a: Moltres|spd|2\n|move|p1a: Moltres|Brave Bird|p2a: Espathra\n|-damage|p2a: Espathra|0 fnt\n|faint|p2a: Espathra\n|-damage|p1a: Moltres|130/278|[from] Recoil\n|\n|upkeep\n|\n|t:|1783542075\n|switch|p2a: Basculin|Basculin-Blue-Striped, L86, F|100/100\n|turn|6\n|inactive|Time left: 300 sec this turn | 300 sec total\n|\n|t:|1783542076\n|switch|p1a: Vaporeon|Vaporeon, L86, F|364/364\n|move|p2a: Basculin|Wave Crash|p1a: Vaporeon\n|-immune|p1a: Vaporeon|[from] ability: Water Absorb\n|\n|upkeep\n|turn|7\n|inactive|Time left: 300 sec this turn | 300 sec total\n|\n|t:|1783542078\n|move|p2a: Basculin|Wave Crash|p1a: Vaporeon\n|-immune|p1a: Vaporeon|[from] ability: Water Absorb\n|move|p1a: Vaporeon|Scald|p2a: Basculin\n|-resisted|p2a: Basculin\n|-damage|p2a: Basculin|73/100\n|-status|p2a: Basculin|brn\n|\n|-damage|p2a: Basculin|67/100 brn|[from] brn\n|upkeep\n|turn|8\n|inactive|Time left: 300 sec this turn | 300 sec total\n|\n|t:|1783542079\n|move|p2a: Basculin|Wave Crash|p1a: Vaporeon\n|-immune|p1a: Vaporeon|[from] ability: Water Absorb\n|move|p1a: Vaporeon|Scald|p2a: Basculin\n|-resisted|p2a: Basculin\n|-damage|p2a: Basculin|41/100 brn\n|\n|-damage|p2a: Basculin|35/100 brn|[from] brn\n|upkeep\n|turn|9\n|inactive|Time left: 300 sec this turn | 300 sec total\n|\n|t:|1783542080\n|move|p2a: Basculin|Wave Crash|p1a: Vaporeon\n|-immune|p1a: Vaporeon|[from] ability: Water Absorb\n|move|p1a: Vaporeon|Scald|p2a: Basculin\n|-resisted|p2a: Basculin\n|-damage|p2a: Basculin|8/100 brn\n|\n|-damage|p2a: Basculin|2/100 brn|[from] brn\n|upkeep\n|turn|10\n|inactive|Time left: 300 sec this turn | 300 sec total\n|\n|t:|1783542081\n|move|p2a: Basculin|Wave Crash|p1a: Vaporeon\n|-immune|p1a: Vaporeon|[from] ability: Water Absorb\n|move|p1a: Vaporeon|Scald|p2a: Basculin\n|-resisted|p2a: Basculin\n|-damage|p2a: Basculin|0 fnt\n|faint|p2a: Basculin\n|\n|upkeep\n|\n|t:|1783542082\n|switch|p2a: Drifblim|Drifblim, L86, M|100/100\n|turn|11\n|inactive|Time left: 300 sec this turn | 300 sec total\n|\n|t:|1783542083\n|move|p2a: Drifblim|Calm Mind|p2a: Drifblim\n|-boost|p2a: Drifblim|spa|1\n|-boost|p2a: Drifblim|spd|1\n|move|p1a: Vaporeon|Scald|p2a: Drifblim\n|-damage|p2a: Drifblim|78/100\n|\n|upkeep\n|turn|12\n|inactive|Time left: 300 sec this turn | 300 sec total\n|\n|t:|1783542084\n|move|p2a: Drifblim|Calm Mind|p2a: Drifblim\n|-boost|p2a: Drifblim|spa|1\n|-boost|p2a: Drifblim|spd|1\n|move|p1a: Vaporeon|Roar|p2a: Drifblim\n|drag|p2a: Slither Wing|Slither Wing, L81|100/100\n|\n|upkeep\n|turn|13\n|inactive|Time left: 300 sec this turn | 300 sec total\n|\n|t:|1783542085\n|move|p2a: Slither Wing|U-turn|p1a: Vaporeon\n|-damage|p1a: Vaporeon|240/364\n|\n|t:|1783542085\n|-end|p2a: Slither Wing|Protosynthesis|[silent]\n|switch|p2a: Drifblim|Drifblim, L86, M|78/100|[from] U-turn\n|move|p1a: Vaporeon|Scald|p2a: Drifblim\n|-damage|p2a: Drifblim|44/100\n|-status|p2a: Drifblim|brn\n|-enditem|p2a: Drifblim|Sitrus Berry|[eat]\n|-heal|p2a: Drifblim|69/100 brn|[from] item: Sitrus Berry\n|\n|-heal|p1a: Vaporeon|262/364|[from] item: Leftovers\n|-damage|p2a: Drifblim|63/100 brn|[from] brn\n|upkeep\n|turn|14\n|inactive|Time left: 300 sec this turn | 300 sec total\n|\n|t:|1783542087\n|move|p2a: Drifblim|Calm Mind|p2a: Drifblim\n|-boost|p2a: Drifblim|spa|1\n|-boost|p2a: Drifblim|spd|1\n|move|p1a: Vaporeon|Scald|p2a: Drifblim\n|-damage|p2a: Drifblim|42/100 brn\n|\n|-heal|p1a: Vaporeon|284/364|[from] item: Leftovers\n|-damage|p2a: Drifblim|36/100 brn|[from] brn\n|upkeep\n|turn|15\n|inactive|Time left: 300 sec this turn | 300 sec total\n|\n|t:|1783542088\n|move|p2a: Drifblim|Strength Sap|p1a: Vaporeon\n|-unboost|p1a: Vaporeon|atk|1\n|-heal|p2a: Drifblim|65/100 brn\n|move|p1a: Vaporeon|Scald|p2a: Drifblim\n|-damage|p2a: Drifblim|40/100 brn\n|\n|-heal|p1a: Vaporeon|306/364|[from] item: Leftovers\n|-damage|p2a: Drifblim|34/100 brn|[from] brn\n|upkeep\n|turn|16\n|inactive|Time left: 300 sec this turn | 300 sec total\n|\n|t:|1783542089\n|move|p2a: Drifblim|Strength Sap|p1a: Vaporeon\n|-unboost|p1a: Vaporeon|atk|1\n|-heal|p2a: Drifblim|54/100 brn\n|move|p1a: Vaporeon|Scald|p2a: Drifblim\n|-crit|p2a: Drifblim\n|-damage|p2a: Drifblim|1/100 brn\n|\n|-heal|p1a: Vaporeon|328/364|[from] item: Leftovers\n|-damage|p2a: Drifblim|0 fnt|[from] brn\n|faint|p2a: Drifblim\n|upkeep\n|\n|t:|1783542090\n|switch|p2a: Stantler|Stantler, L92, M|17/100\n|-ability|p2a: Stantler|Intimidate|boost\n|-unboost|p1a: Vaporeon|atk|1\n|turn|17\n|inactive|Time left: 300 sec this turn | 300 sec total\n|\n|t:|1783542091\n|switch|p1a: Moltres|Moltres, L81|130/278\n|move|p2a: Stantler|Body Slam|p1a: Moltres\n|-damage|p1a: Moltres|16/278\n|\n|upkeep\n|turn|18\n|inactive|Time left: 300 sec this turn | 300 sec total\n|\n|t:|1783542092\n|switch|p1a: Spiritomb|Spiritomb, L89, M|234/234\n|move|p2a: Stantler|Body Slam|p1a: Spiritomb\n|-immune|p1a: Spiritomb\n|\n|upkeep\n|turn|19\n|inactive|Time left: 300 sec this turn | 300 sec total\n|\n|t:|1783542093\n|move|p2a: Stantler|Thunder Wave|p1a: Spiritomb\n|-status|p1a: Spiritomb|par\n|move|p1a: Spiritomb|Foul Play|p2a: Stantler\n|-damage|p2a: Stantler|0 fnt\n|faint|p2a: Stantler\n|\n|upkeep\n|\n|t:|1783542094\n|switch|p2a: Ting-Lu|Ting-Lu, L78|100/100\n|-ability|p2a: Ting-Lu|Vessel of Ruin\n|turn|20\n|inactive|Time left: 300 sec this turn | 300 sec total\n|\n|t:|1783542095\n|move|p2a: Ting-Lu|Spikes|p1a: Spiritomb\n|-sidestart|p1: p0x216c6f7|Spikes\n|move|p1a: Spiritomb|Toxic|p2a: Ting-Lu\n|-status|p2a: Ting-Lu|tox\n|\n|-damage|p2a: Ting-Lu|94/100 tox|[from] psn\n|upkeep\n|turn|21\n|inactive|Time left: 300 sec this turn | 300 sec total\n|\n|t:|1783542096\n|move|p2a: Ting-Lu|Spikes|p1a: Spiritomb\n|-sidestart|p1: p0x216c6f7|Spikes\n|cant|p1a: Spiritomb|par\n|\n|-heal|p2a: Ting-Lu|100/100 tox|[from] item: Leftovers\n|-damage|p2a: Ting-Lu|88/100 tox|[from] psn\n|upkeep\n|turn|22\n|inactive|Time left: 300 sec this turn | 300 sec total\n|\n|t:|1783542097\n|move|p2a: Ting-Lu|Earthquake|p1a: Spiritomb\n|-damage|p1a: Spiritomb|144/234 par\n|move|p1a: Spiritomb|Poltergeist|p2a: Ting-Lu\n|-activate|p2a: Ting-Lu|move: Poltergeist|Leftovers\n|-resisted|p2a: Ting-Lu\n|-damage|p2a: Ting-Lu|75/100 tox\n|\n|-heal|p2a: Ting-Lu|81/100 tox|[from] item: Leftovers\n|-heal|p1a: Spiritomb|158/234 par|[from] item: Leftovers\n|-damage|p2a: Ting-Lu|62/100 tox|[from] psn\n|upkeep\n|turn|23\n|inactive|Time left: 300 sec this turn | 300 sec total\n|\n|t:|1783542098\n|move|p2a: Ting-Lu|Throat Chop|p1a: Spiritomb\n|-damage|p1a: Spiritomb|94/234 par\n|-start|p1a: Spiritomb|Throat Chop|[silent]\n|move|p1a: Spiritomb|Poltergeist|p2a: Ting-Lu\n|-activate|p2a: Ting-Lu|move: Poltergeist|Leftovers\n|-resisted|p2a: Ting-Lu\n|-damage|p2a: Ting-Lu|50/100 tox\n|\n|-heal|p2a: Ting-Lu|56/100 tox|[from] item: Leftovers\n|-heal|p1a: Spiritomb|108/234 par|[from] item: Leftovers\n|-damage|p2a: Ting-Lu|31/100 tox|[from] psn\n|upkeep\n|turn|24\n|inactive|Time left: 300 sec this turn | 300 sec total\n|\n|t:|1783542099\n|move|p2a: Ting-Lu|Throat Chop|p1a: Spiritomb\n|-damage|p1a: Spiritomb|42/234 par\n|move|p1a: Spiritomb|Foul Play|p2a: Ting-Lu\n|-resisted|p2a: Ting-Lu\n|-damage|p2a: Ting-Lu|18/100 tox\n|\n|-heal|p2a: Ting-Lu|25/100 tox|[from] item: Leftovers\n|-heal|p1a: Spiritomb|56/234 par|[from] item: Leftovers\n|-damage|p2a: Ting-Lu|0 fnt|[from] psn\n|faint|p2a: Ting-Lu\n|-end|p1a: Spiritomb|Throat Chop|[silent]\n|upkeep\n|\n|t:|1783542101\n|switch|p2a: Slither Wing|Slither Wing, L81|100/100\n|turn|25\n|inactive|Time left: 300 sec this turn | 300 sec total\n|\n|t:|1783542102\n|move|p2a: Slither Wing|U-turn|p1a: Spiritomb\n|-damage|p1a: Spiritomb|0 fnt\n|faint|p1a: Spiritomb\n|\n|upkeep\n|inactive|Time left: 300 sec this turn | 300 sec total | 5 sec grace\n|\n|t:|1783542103\n|switch|p1a: Moltres|Moltres, L81|16/278\n|turn|26\n|inactive|Time left: 300 sec this turn | 300 sec total\n|\n|t:|1783542104\n|-terastallize|p2a: Slither Wing|Fire\n|move|p1a: Moltres|Fire Blast|p2a: Slither Wing\n|-resisted|p2a: Slither Wing\n|-damage|p2a: Slither Wing|79/100\n|move|p2a: Slither Wing|Morning Sun|p2a: Slither Wing\n|-heal|p2a: Slither Wing|100/100\n|\n|upkeep\n|turn|27\n|inactive|Time left: 300 sec this turn | 300 sec total\n|\n|t:|1783542105\n|move|p1a: Moltres|Roost|p1a: Moltres\n|-heal|p1a: Moltres|155/278\n|-singleturn|p1a: Moltres|move: Roost\n|move|p2a: Slither Wing|U-turn|p1a: Moltres\n|-resisted|p1a: Moltres\n|-damage|p1a: Moltres|105/278\n|\n|upkeep\n|turn|28\n|inactive|Time left: 300 sec this turn | 300 sec total\n|\n|t:|1783542107\n|move|p1a: Moltres|Roost|p1a: Moltres\n|-heal|p1a: Moltres|244/278\n|-singleturn|p1a: Moltres|move: Roost\n|move|p2a: Slither Wing|Morning Sun|p2a: Slither Wing\n|-fail|p2a: Slither Wing|heal\n|\n|upkeep\n|turn|29\n|inactive|Time left: 300 sec this turn | 300 sec total\n|\n|t:|1783542108\n|move|p1a: Moltres|Brave Bird|p2a: Slither Wing\n|-damage|p2a: Slither Wing|47/100\n|-damage|p1a: Moltres|196/278|[from] Recoil\n|move|p2a: Slither Wing|Morning Sun|p2a: Slither Wing\n|-heal|p2a: Slither Wing|97/100\n|\n|upkeep\n|turn|30\n|inactive|Time left: 300 sec this turn | 300 sec total\n|\n|t:|1783542109\n|move|p1a: Moltres|Roost|p1a: Moltres\n|-heal|p1a: Moltres|278/278\n|-singleturn|p1a: Moltres|move: Roost\n|move|p2a: Slither Wing|Morning Sun|p2a: Slither Wing\n|-heal|p2a: Slither Wing|100/100\n|\n|upkeep\n|turn|31\n|inactive|Time left: 300 sec this turn | 300 sec total\n|\n|t:|1783542110\n|move|p1a: Moltres|Brave Bird|p2a: Slither Wing\n|-damage|p2a: Slither Wing|50/100\n|-damage|p1a: Moltres|233/278|[from] Recoil\n|move|p2a: Slither Wing|Morning Sun|p2a: Slither Wing\n|-heal|p2a: Slither Wing|99/100\n|\n|upkeep\n|turn|32\n|inactive|Time left: 300 sec this turn | 300 sec total\n|\n|t:|1783542111\n|move|p1a: Moltres|Brave Bird|p2a: Slither Wing\n|-damage|p2a: Slither Wing|50/100\n|-damage|p1a: Moltres|188/278|[from] Recoil\n|move|p2a: Slither Wing|Morning Sun|p2a: Slither Wing\n|-heal|p2a: Slither Wing|99/100\n|\n|upkeep\n|turn|33\n|inactive|Time left: 300 sec this turn | 300 sec total\n|\n|t:|1783542112\n|move|p1a: Moltres|Brave Bird|p2a: Slither Wing\n|-damage|p2a: Slither Wing|50/100\n|-damage|p1a: Moltres|143/278|[from] Recoil\n|move|p2a: Slither Wing|Morning Sun|p2a: Slither Wing\n|-heal|p2a: Slither Wing|99/100\n|\n|upkeep\n|turn|34\n|inactive|Time left: 300 sec this turn | 300 sec total\n|\n|t:|1783542113\n|move|p1a: Moltres|Brave Bird|p2a: Slither Wing\n|-damage|p2a: Slither Wing|47/100\n|-damage|p1a: Moltres|96/278|[from] Recoil\n|move|p2a: Slither Wing|Morning Sun|p2a: Slither Wing\n|-heal|p2a: Slither Wing|97/100\n|\n|upkeep\n|turn|35\n|inactive|Time left: 300 sec this turn | 300 sec total\n|\n|t:|1783542114\n|move|p1a: Moltres|Brave Bird|p2a: Slither Wing\n|-crit|p2a: Slither Wing\n|-damage|p2a: Slither Wing|25/100\n|-damage|p1a: Moltres|31/278|[from] Recoil\n|move|p2a: Slither Wing|Close Combat|p1a: Moltres\n|-resisted|p1a: Moltres\n|-damage|p1a: Moltres|0 fnt\n|-unboost|p2a: Slither Wing|def|1\n|-unboost|p2a: Slither Wing|spd|1\n|faint|p1a: Moltres\n|\n|upkeep\n|inactive|Time left: 300 sec this turn | 300 sec total | 5 sec grace\n|\n|t:|1783542115\n|switch|p1a: Meloetta|Meloetta, L82|298/298\n|-damage|p1a: Meloetta|249/298|[from] Spikes\n|turn|36\n|inactive|Time left: 300 sec this turn | 300 sec total\n|\n|t:|1783542116\n|move|p1a: Meloetta|Close Combat|p2a: Slither Wing\n|-damage|p2a: Slither Wing|0 fnt\n|-unboost|p1a: Meloetta|def|1\n|-unboost|p1a: Meloetta|spd|1\n|faint|p2a: Slither Wing\n|-end|p2a: Slither Wing|Protosynthesis|[silent]\n|-damage|p1a: Meloetta|220/298|[from] item: Life Orb\n|\n|win|p0x216c6f7", "uploadtime": 1783542116, "views": 0, "rating": 0, "private": 0, "password": null, "_winner": "p0x216c6f7", "_our_name": "p0x216c6f7"}