{"id": "battle-gen9randombattle-2938", "formatid": "gen9randombattle", "format": "[Gen 9] Random Battle", "players": ["p0x2938641b", "p0y293808e3"], "log": "|init|battle\n|title|p0x2938641b vs. p0y293808e3\n|j|\u2606p0x2938641b\n|j|\u2606p0y293808e3\n|t:|1783572839\n|gametype|singles\n|player|p1|p0x2938641b|170|\n|player|p2|p0y293808e3|102|\n|gen|9\n|tier|[Gen 9] Random Battle\n|rule|Species Clause: Limit one of each Pok\u00e9mon\n|rule|HP Percentage Mod: HP is shown in percentages\n|rule|Sleep Clause Mod: Limit one foe put to sleep\n|rule|Illusion Level Mod: Illusion disguises the Pok\u00e9mon's true level\n|\n|t:|1783572839\n|teamsize|p1|6\n|teamsize|p2|6\n|start\n|switch|p1a: Misdreavus|Misdreavus, L90, M|100/100\n|switch|p2a: Oinkologne|Oinkologne-F, L92, F|361/361\n|turn|1\n|inactive|Battle timer is ON: inactive players will automatically lose when time's up. (requested by p0y293808e3)\n|inactive|p0x2938641b also wants the timer to be on.\n|\n|t:|1783572841\n|move|p1a: Misdreavus|Will-O-Wisp|p2a: Oinkologne\n|-status|p2a: Oinkologne|brn\n|move|p2a: Oinkologne|Curse|p2a: Oinkologne\n|-unboost|p2a: Oinkologne|spe|1\n|-boost|p2a: Oinkologne|atk|1\n|-boost|p2a: Oinkologne|def|1\n|\n|-damage|p2a: Oinkologne|339/361 brn|[from] brn\n|upkeep\n|turn|2\n|inactive|Time left: 300 sec this turn | 300 sec total\n|\n|t:|1783572842\n|move|p1a: Misdreavus|Calm Mind|p1a: Misdreavus\n|-boost|p1a: Misdreavus|spa|1\n|-boost|p1a: Misdreavus|spd|1\n|move|p2a: Oinkologne|Curse|p2a: Oinkologne\n|-unboost|p2a: Oinkologne|spe|1\n|-boost|p2a: Oinkologne|atk|1\n|-boost|p2a: Oinkologne|def|1\n|\n|-heal|p2a: Oinkologne|361/361 brn|[from] item: Leftovers\n|-damage|p2a: Oinkologne|339/361 brn|[from] brn\n|upkeep\n|turn|3\n|inactive|Time left: 300 sec this turn | 300 sec total\n|\n|t:|1783572843\n|move|p1a: Misdreavus|Calm Mind|p1a: Misdreavus\n|-boost|p1a: Misdreavus|spa|1\n|-boost|p1a: Misdreavus|spd|1\n|move|p2a: Oinkologne|Curse|p2a: Oinkologne\n|-unboost|p2a: Oinkologne|spe|1\n|-boost|p2a: Oinkologne|atk|1\n|-boost|p2a: Oinkologne|def|1\n|\n|-heal|p2a: Oinkologne|361/361 brn|[from] item: Leftovers\n|-damage|p2a: Oinkologne|339/361 brn|[from] brn\n|upkeep\n|turn|4\n|inactive|Time left: 300 sec this turn | 300 sec total\n|\n|t:|1783572844\n|move|p1a: Misdreavus|Calm Mind|p1a: Misdreavus\n|-boost|p1a: Misdreavus|spa|1\n|-boost|p1a: Misdreavus|spd|1\n|move|p2a: Oinkologne|Rest|p2a: Oinkologne\n|-status|p2a: Oinkologne|slp|[from] move: Rest\n|-heal|p2a: Oinkologne|361/361 slp|[silent]\n|\n|upkeep\n|turn|5\n|inactive|Time left: 300 sec this turn | 300 sec total\n|\n|t:|1783572845\n|move|p1a: Misdreavus|Shadow Ball|p2a: Oinkologne\n|-immune|p2a: Oinkologne\n|cant|p2a: Oinkologne|slp\n|\n|upkeep\n|turn|6\n|inactive|Time left: 300 sec this turn | 300 sec total\n|\n|t:|1783572846\n|move|p1a: Misdreavus|Calm Mind|p1a: Misdreavus\n|-boost|p1a: Misdreavus|spa|1\n|-boost|p1a: Misdreavus|spd|1\n|cant|p2a: Oinkologne|slp\n|move|p2a: Oinkologne|Sleep Talk|p2a: Oinkologne\n|move|p2a: Oinkologne|Rest||[from] move: Sleep Talk|[still]\n|-fail|p2a: Oinkologne\n|\n|upkeep\n|turn|7\n|inactive|Time left: 300 sec this turn | 300 sec total\n|\n|t:|1783572847\n|move|p1a: Misdreavus|Shadow Ball|p2a: Oinkologne\n|-immune|p2a: Oinkologne\n|-curestatus|p2a: Oinkologne|slp|[msg]\n|move|p2a: Oinkologne|Curse|p2a: Oinkologne\n|-unboost|p2a: Oinkologne|spe|1\n|-boost|p2a: Oinkologne|atk|1\n|-boost|p2a: Oinkologne|def|1\n|\n|upkeep\n|turn|8\n|inactive|Time left: 300 sec this turn | 300 sec total\n|\n|t:|1783572848\n|move|p1a: Misdreavus|Draining Kiss|p2a: Oinkologne\n|-damage|p2a: Oinkologne|270/361\n|move|p2a: Oinkologne|Body Slam|p1a: Misdreavus\n|-immune|p1a: Misdreavus\n|\n|-heal|p2a: Oinkologne|292/361|[from] item: Leftovers\n|upkeep\n|turn|9\n|inactive|Time left: 300 sec this turn | 300 sec total\n|\n|t:|1783572849\n|move|p1a: Misdreavus|Draining Kiss|p2a: Oinkologne\n|-damage|p2a: Oinkologne|190/361\n|move|p2a: Oinkologne|Curse|p2a: Oinkologne\n|-unboost|p2a: Oinkologne|spe|1\n|-boost|p2a: Oinkologne|atk|1\n|-boost|p2a: Oinkologne|def|1\n|\n|-heal|p2a: Oinkologne|212/361|[from] item: Leftovers\n|upkeep\n|turn|10\n|inactive|Time left: 300 sec this turn | 300 sec total\n|\n|t:|1783572850\n|move|p1a: Misdreavus|Draining Kiss|p2a: Oinkologne\n|-damage|p2a: Oinkologne|112/361\n|move|p2a: Oinkologne|Rest|p2a: Oinkologne\n|-status|p2a: Oinkologne|slp|[from] move: Rest\n|-heal|p2a: Oinkologne|361/361 slp|[silent]\n|\n|upkeep\n|turn|11\n|inactive|Time left: 300 sec this turn | 300 sec total\n|\n|t:|1783572851\n|move|p1a: Misdreavus|Draining Kiss|p2a: Oinkologne\n|-damage|p2a: Oinkologne|257/361 slp\n|cant|p2a: Oinkologne|slp\n|move|p2a: Oinkologne|Sleep Talk|p2a: Oinkologne\n|move|p2a: Oinkologne|Curse|p2a: Oinkologne|[from] move: Sleep Talk\n|-unboost|p2a: Oinkologne|spe|1\n|-boost|p2a: Oinkologne|atk|1\n|-boost|p2a: Oinkologne|def|1\n|\n|-heal|p2a: Oinkologne|279/361 slp|[from] item: Leftovers\n|upkeep\n|turn|12\n|inactive|Time left: 300 sec this turn | 300 sec total\n|\n|t:|1783572852\n|move|p1a: Misdreavus|Draining Kiss|p2a: Oinkologne\n|-damage|p2a: Oinkologne|174/361 slp\n|cant|p2a: Oinkologne|slp\n|move|p2a: Oinkologne|Sleep Talk|p2a: Oinkologne\n|move|p2a: Oinkologne|Curse|p2a: Oinkologne|[from] move: Sleep Talk\n|\n|-heal|p2a: Oinkologne|196/361 slp|[from] item: Leftovers\n|upkeep\n|turn|13\n|inactive|Time left: 300 sec this turn | 300 sec total\n|\n|t:|1783572853\n|move|p1a: Misdreavus|Shadow Ball|p2a: Oinkologne\n|-immune|p2a: Oinkologne\n|-curestatus|p2a: Oinkologne|slp|[msg]\n|move|p2a: Oinkologne|Rest|p2a: Oinkologne\n|-status|p2a: Oinkologne|slp|[from] move: Rest\n|-heal|p2a: Oinkologne|361/361 slp|[silent]\n|\n|upkeep\n|turn|14\n|inactive|Time left: 300 sec this turn | 300 sec total\n|\n|t:|1783572854\n|move|p1a: Misdreavus|Draining Kiss|p2a: Oinkologne\n|-damage|p2a: Oinkologne|261/361 slp\n|cant|p2a: Oinkologne|slp\n|\n|-heal|p2a: Oinkologne|283/361 slp|[from] item: Leftovers\n|upkeep\n|turn|15\n|inactive|Time left: 300 sec this turn | 300 sec total\n|\n|t:|1783572855\n|move|p1a: Misdreavus|Draining Kiss|p2a: Oinkologne\n|-damage|p2a: Oinkologne|186/361 slp\n|cant|p2a: Oinkologne|slp\n|move|p2a: Oinkologne|Sleep Talk|p2a: Oinkologne\n|move|p2a: Oinkologne|Body Slam|p1a: Misdreavus|[from] move: Sleep Talk\n|-immune|p1a: Misdreavus\n|\n|-heal|p2a: Oinkologne|208/361 slp|[from] item: Leftovers\n|upkeep\n|turn|16\n|inactive|Time left: 300 sec this turn | 300 sec total\n|\n|t:|1783572856\n|move|p1a: Misdreavus|Shadow Ball|p2a: Oinkologne\n|-immune|p2a: Oinkologne\n|-curestatus|p2a: Oinkologne|slp|[msg]\n|move|p2a: Oinkologne|Rest|p2a: Oinkologne\n|-status|p2a: Oinkologne|slp|[from] move: Rest\n|-heal|p2a: Oinkologne|361/361 slp|[silent]\n|\n|upkeep\n|turn|17\n|inactive|Time left: 300 sec this turn | 300 sec total\n|\n|t:|1783572857\n|move|p1a: Misdreavus|Draining Kiss|p2a: Oinkologne\n|-damage|p2a: Oinkologne|268/361 slp\n|cant|p2a: Oinkologne|slp\n|\n|-heal|p2a: Oinkologne|290/361 slp|[from] item: Leftovers\n|upkeep\n|turn|18\n|inactive|Time left: 300 sec this turn | 300 sec total\n|\n|t:|1783572858\n|move|p1a: Misdreavus|Draining Kiss|p2a: Oinkologne\n|-damage|p2a: Oinkologne|198/361 slp\n|cant|p2a: Oinkologne|slp\n|move|p2a: Oinkologne|Sleep Talk|p2a: Oinkologne\n|move|p2a: Oinkologne|Rest||[from] move: Sleep Talk|[still]\n|-fail|p2a: Oinkologne\n|\n|-heal|p2a: Oinkologne|220/361 slp|[from] item: Leftovers\n|upkeep\n|turn|19\n|inactive|Time left: 300 sec this turn | 300 sec total\n|\n|t:|1783572859\n|move|p1a: Misdreavus|Draining Kiss|p2a: Oinkologne\n|-damage|p2a: Oinkologne|119/361 slp\n|-curestatus|p2a: Oinkologne|slp|[msg]\n|move|p2a: Oinkologne|Rest|p2a: Oinkologne\n|-status|p2a: Oinkologne|slp|[from] move: Rest\n|-heal|p2a: Oinkologne|361/361 slp|[silent]\n|\n|upkeep\n|turn|20\n|inactive|Time left: 300 sec this turn | 300 sec total\n|\n|t:|1783572859\n|move|p1a: Misdreavus|Draining Kiss|p2a: Oinkologne\n|-damage|p2a: Oinkologne|260/361 slp\n|cant|p2a: Oinkologne|slp\n|move|p2a: Oinkologne|Sleep Talk|p2a: Oinkologne\n|move|p2a: Oinkologne|Rest||[from] move: Sleep Talk|[still]\n|-fail|p2a: Oinkologne\n|\n|-heal|p2a: Oinkologne|282/361 slp|[from] item: Leftovers\n|upkeep\n|turn|21\n|inactive|Time left: 300 sec this turn | 300 sec total\n|\n|t:|1783572860\n|move|p1a: Misdreavus|Draining Kiss|p2a: Oinkologne\n|-damage|p2a: Oinkologne|182/361 slp\n|cant|p2a: Oinkologne|slp\n|move|p2a: Oinkologne|Sleep Talk|p2a: Oinkologne\n|move|p2a: Oinkologne|Rest||[from] move: Sleep Talk|[still]\n|-fail|p2a: Oinkologne\n|\n|-heal|p2a: Oinkologne|204/361 slp|[from] item: Leftovers\n|upkeep\n|turn|22\n|inactive|Time left: 300 sec this turn | 300 sec total\n|\n|t:|1783572861\n|move|p1a: Misdreavus|Draining Kiss|p2a: Oinkologne\n|-damage|p2a: Oinkologne|112/361 slp\n|-curestatus|p2a: Oinkologne|slp|[msg]\n|move|p2a: Oinkologne|Rest|p2a: Oinkologne\n|-status|p2a: Oinkologne|slp|[from] move: Rest\n|-heal|p2a: Oinkologne|361/361 slp|[silent]\n|\n|upkeep\n|turn|23\n|inactive|Time left: 300 sec this turn | 300 sec total\n|\n|t:|1783572862\n|move|p1a: Misdreavus|Draining Kiss|p2a: Oinkologne\n|-damage|p2a: Oinkologne|265/361 slp\n|cant|p2a: Oinkologne|slp\n|\n|-heal|p2a: Oinkologne|287/361 slp|[from] item: Leftovers\n|upkeep\n|turn|24\n|inactive|Time left: 300 sec this turn | 300 sec total\n|\n|t:|1783572863\n|move|p1a: Misdreavus|Draining Kiss|p2a: Oinkologne\n|-damage|p2a: Oinkologne|194/361 slp\n|cant|p2a: Oinkologne|slp\n|move|p2a: Oinkologne|Sleep Talk|p2a: Oinkologne\n|move|p2a: Oinkologne|Curse|p2a: Oinkologne|[from] move: Sleep Talk\n|\n|-heal|p2a: Oinkologne|216/361 slp|[from] item: Leftovers\n|upkeep\n|turn|25\n|inactive|Time left: 300 sec this turn | 300 sec total\n|\n|t:|1783572864\n|move|p1a: Misdreavus|Calm Mind|p1a: Misdreavus\n|-boost|p1a: Misdreavus|spa|1\n|-boost|p1a: Misdreavus|spd|1\n|-curestatus|p2a: Oinkologne|slp|[msg]\n|move|p2a: Oinkologne|Rest|p2a: Oinkologne\n|-status|p2a: Oinkologne|slp|[from] move: Rest\n|-heal|p2a: Oinkologne|361/361 slp|[silent]\n|\n|upkeep\n|turn|26\n|inactive|Time left: 300 sec this turn | 300 sec total\n|\n|t:|1783572865\n|move|p1a: Misdreavus|Shadow Ball|p2a: Oinkologne\n|-immune|p2a: Oinkologne\n|cant|p2a: Oinkologne|slp\n|\n|upkeep\n|turn|27\n|inactive|Time left: 300 sec this turn | 300 sec total\n|\n|t:|1783572866\n|move|p1a: Misdreavus|Draining Kiss|p2a: Oinkologne\n|-damage|p2a: Oinkologne|241/361 slp\n|cant|p2a: Oinkologne|slp\n|move|p2a: Oinkologne|Sleep Talk|p2a: Oinkologne\n|move|p2a: Oinkologne|Rest||[from] move: Sleep Talk|[still]\n|-fail|p2a: Oinkologne\n|\n|-heal|p2a: Oinkologne|263/361 slp|[from] item: Leftovers\n|upkeep\n|turn|28\n|inactive|Time left: 300 sec this turn | 300 sec total\n|\n|t:|1783572867\n|move|p1a: Misdreavus|Calm Mind|p1a: Misdreavus\n|-boost|p1a: Misdreavus|spa|1\n|-boost|p1a: Misdreavus|spd|1\n|-curestatus|p2a: Oinkologne|slp|[msg]\n|move|p2a: Oinkologne|Body Slam|p1a: Misdreavus\n|-immune|p1a: Misdreavus\n|\n|-heal|p2a: Oinkologne|285/361|[from] item: Leftovers\n|upkeep\n|turn|29\n|inactive|Time left: 300 sec this turn | 300 sec total\n|\n|t:|1783572868\n|move|p1a: Misdreavus|Will-O-Wisp|p2a: Oinkologne\n|-status|p2a: Oinkologne|brn\n|move|p2a: Oinkologne|Body Slam|p1a: Misdreavus\n|-immune|p1a: Misdreavus\n|\n|-heal|p2a: Oinkologne|307/361 brn|[from] item: Leftovers\n|-damage|p2a: Oinkologne|285/361 brn|[from] brn\n|upkeep\n|turn|30\n|inactive|Time left: 300 sec this turn | 300 sec total\n|\n|t:|1783572869\n|move|p1a: Misdreavus|Shadow Ball|p2a: Oinkologne\n|-immune|p2a: Oinkologne\n|move|p2a: Oinkologne|Rest|p2a: Oinkologne\n|-status|p2a: Oinkologne|slp|[from] move: Rest\n|-heal|p2a: Oinkologne|361/361 slp|[silent]\n|\n|upkeep\n|turn|31\n|inactive|Time left: 300 sec this turn | 300 sec total\n|\n|t:|1783572869\n|move|p1a: Misdreavus|Shadow Ball|p2a: Oinkologne\n|-immune|p2a: Oinkologne\n|cant|p2a: Oinkologne|slp\n|\n|upkeep\n|turn|32\n|inactive|Time left: 300 sec this turn | 300 sec total\n|\n|t:|1783572870\n|move|p1a: Misdreavus|Shadow Ball|p2a: Oinkologne\n|-immune|p2a: Oinkologne\n|cant|p2a: Oinkologne|slp\n|\n|upkeep\n|turn|33\n|inactive|Time left: 300 sec this turn | 300 sec total\n|\n|t:|1783572871\n|move|p1a: Misdreavus|Shadow Ball|p2a: Oinkologne\n|-immune|p2a: Oinkologne\n|-curestatus|p2a: Oinkologne|slp|[msg]\n|move|p2a: Oinkologne|Sleep Talk||[still]\n|-fail|p2a: Oinkologne\n|\n|upkeep\n|turn|34\n|inactive|Time left: 300 sec this turn | 300 sec total\n|\n|t:|1783572872\n|move|p1a: Misdreavus|Will-O-Wisp|p2a: Oinkologne\n|-status|p2a: Oinkologne|brn\n|move|p2a: Oinkologne|Body Slam|p1a: Misdreavus\n|-immune|p1a: Misdreavus\n|\n|-damage|p2a: Oinkologne|339/361 brn|[from] brn\n|upkeep\n|turn|35\n|inactive|Time left: 300 sec this turn | 300 sec total\n|\n|t:|1783572873\n|move|p1a: Misdreavus|Shadow Ball|p2a: Oinkologne\n|-immune|p2a: Oinkologne\n|move|p2a: Oinkologne|Body Slam|p1a: Misdreavus\n|-immune|p1a: Misdreavus\n|\n|-heal|p2a: Oinkologne|361/361 brn|[from] item: Leftovers\n|-damage|p2a: Oinkologne|339/361 brn|[from] brn\n|upkeep\n|turn|36\n|inactive|Time left: 300 sec this turn | 300 sec total\n|\n|t:|1783572874\n|move|p1a: Misdreavus|Shadow Ball|p2a: Oinkologne\n|-immune|p2a: Oinkologne\n|move|p2a: Oinkologne|Body Slam|p1a: Misdreavus\n|-immune|p1a: Misdreavus\n|\n|-heal|p2a: Oinkologne|361/361 brn|[from] item: Leftovers\n|-damage|p2a: Oinkologne|339/361 brn|[from] brn\n|upkeep\n|turn|37\n|inactive|Time left: 300 sec this turn | 300 sec total\n|\n|t:|1783572875\n|move|p1a: Misdreavus|Shadow Ball|p2a: Oinkologne\n|-immune|p2a: Oinkologne\n|move|p2a: Oinkologne|Body Slam|p1a: Misdreavus\n|-immune|p1a: Misdreavus\n|\n|-heal|p2a: Oinkologne|361/361 brn|[from] item: Leftovers\n|-damage|p2a: Oinkologne|339/361 brn|[from] brn\n|upkeep\n|turn|38\n|inactive|Time left: 300 sec this turn | 300 sec total\n|\n|t:|1783572876\n|move|p1a: Misdreavus|Shadow Ball|p2a: Oinkologne\n|-immune|p2a: Oinkologne\n|move|p2a: Oinkologne|Curse|p2a: Oinkologne\n|\n|-heal|p2a: Oinkologne|361/361 brn|[from] item: Leftovers\n|-damage|p2a: Oinkologne|339/361 brn|[from] brn\n|upkeep\n|turn|39\n|inactive|Time left: 300 sec this turn | 300 sec total\n|\n|t:|1783572877\n|move|p1a: Misdreavus|Shadow Ball|p2a: Oinkologne\n|-immune|p2a: Oinkologne\n|move|p2a: Oinkologne|Body Slam|p1a: Misdreavus\n|-immune|p1a: Misdreavus\n|\n|-heal|p2a: Oinkologne|361/361 brn|[from] item: Leftovers\n|-damage|p2a: Oinkologne|339/361 brn|[from] brn\n|upkeep\n|turn|40\n|inactive|Time left: 300 sec this turn | 300 sec total\n|\n|t:|1783572879\n|move|p1a: Misdreavus|Shadow Ball|p2a: Oinkologne\n|-immune|p2a: Oinkologne\n|move|p2a: Oinkologne|Body Slam|p1a: Misdreavus\n|-immune|p1a: Misdreavus\n|\n|-heal|p2a: Oinkologne|361/361 brn|[from] item: Leftovers\n|-damage|p2a: Oinkologne|339/361 brn|[from] brn\n|upkeep\n|turn|41\n|inactive|Time left: 300 sec this turn | 300 sec total\n|\n|t:|1783572880\n|move|p1a: Misdreavus|Shadow Ball|p2a: Oinkologne\n|-immune|p2a: Oinkologne\n|move|p2a: Oinkologne|Body Slam|p1a: Misdreavus\n|-immune|p1a: Misdreavus\n|\n|-heal|p2a: Oinkologne|361/361 brn|[from] item: Leftovers\n|-damage|p2a: Oinkologne|339/361 brn|[from] brn\n|upkeep\n|turn|42\n|inactive|Time left: 300 sec this turn | 300 sec total\n|\n|t:|1783572881\n|move|p1a: Misdreavus|Shadow Ball|p2a: Oinkologne\n|-immune|p2a: Oinkologne\n|move|p2a: Oinkologne|Body Slam|p1a: Misdreavus\n|-immune|p1a: Misdreavus\n|\n|-heal|p2a: Oinkologne|361/361 brn|[from] item: Leftovers\n|-damage|p2a: Oinkologne|339/361 brn|[from] brn\n|upkeep\n|turn|43\n|inactive|Time left: 300 sec this turn | 300 sec total\n|\n|t:|1783572882\n|move|p1a: Misdreavus|Shadow Ball|p2a: Oinkologne\n|-immune|p2a: Oinkologne\n|move|p2a: Oinkologne|Body Slam|p1a: Misdreavus\n|-immune|p1a: Misdreavus\n|\n|-heal|p2a: Oinkologne|361/361 brn|[from] item: Leftovers\n|-damage|p2a: Oinkologne|339/361 brn|[from] brn\n|upkeep\n|turn|44\n|inactive|Time left: 300 sec this turn | 300 sec total\n|\n|t:|1783572883\n|move|p1a: Misdreavus|Shadow Ball|p2a: Oinkologne\n|-immune|p2a: Oinkologne\n|move|p2a: Oinkologne|Body Slam|p1a: Misdreavus\n|-immune|p1a: Misdreavus\n|\n|-heal|p2a: Oinkologne|361/361 brn|[from] item: Leftovers\n|-damage|p2a: Oinkologne|339/361 brn|[from] brn\n|upkeep\n|turn|45\n|inactive|Time left: 300 sec this turn | 300 sec total\n|\n|t:|1783572884\n|move|p1a: Misdreavus|Shadow Ball|p2a: Oinkologne\n|-immune|p2a: Oinkologne\n|move|p2a: Oinkologne|Body Slam|p1a: Misdreavus\n|-immune|p1a: Misdreavus\n|\n|-heal|p2a: Oinkologne|361/361 brn|[from] item: Leftovers\n|-damage|p2a: Oinkologne|339/361 brn|[from] brn\n|upkeep\n|turn|46\n|inactive|Time left: 300 sec this turn | 300 sec total\n|\n|t:|1783572885\n|move|p1a: Misdreavus|Shadow Ball|p2a: Oinkologne\n|-immune|p2a: Oinkologne\n|move|p2a: Oinkologne|Body Slam|p1a: Misdreavus\n|-immune|p1a: Misdreavus\n|\n|-heal|p2a: Oinkologne|361/361 brn|[from] item: Leftovers\n|-damage|p2a: Oinkologne|339/361 brn|[from] brn\n|upkeep\n|turn|47\n|inactive|Time left: 300 sec this turn | 300 sec total\n|\n|t:|1783572886\n|move|p1a: Misdreavus|Shadow Ball|p2a: Oinkologne\n|-immune|p2a: Oinkologne\n|move|p2a: Oinkologne|Body Slam|p1a: Misdreavus\n|-immune|p1a: Misdreavus\n|\n|-heal|p2a: Oinkologne|361/361 brn|[from] item: Leftovers\n|-damage|p2a: Oinkologne|339/361 brn|[from] brn\n|upkeep\n|turn|48\n|inactive|Time left: 300 sec this turn | 300 sec total\n|\n|t:|1783572887\n|move|p1a: Misdreavus|Shadow Ball|p2a: Oinkologne\n|-immune|p2a: Oinkologne\n|move|p2a: Oinkologne|Body Slam|p1a: Misdreavus\n|-immune|p1a: Misdreavus\n|\n|-heal|p2a: Oinkologne|361/361 brn|[from] item: Leftovers\n|-damage|p2a: Oinkologne|339/361 brn|[from] brn\n|upkeep\n|turn|49\n|inactive|Time left: 300 sec this turn | 300 sec total\n|\n|t:|1783572888\n|move|p1a: Misdreavus|Will-O-Wisp|p2a: Oinkologne\n|-fail|p2a: Oinkologne|brn\n|move|p2a: Oinkologne|Body Slam|p1a: Misdreavus\n|-immune|p1a: Misdreavus\n|\n|-heal|p2a: Oinkologne|361/361 brn|[from] item: Leftovers\n|-damage|p2a: Oinkologne|339/361 brn|[from] brn\n|upkeep\n|turn|50\n|inactive|Time left: 300 sec this turn | 300 sec total\n|\n|t:|1783572889\n|move|p1a: Misdreavus|Will-O-Wisp|p2a: Oinkologne\n|-fail|p2a: Oinkologne|brn\n|move|p2a: Oinkologne|Body Slam|p1a: Misdreavus\n|-immune|p1a: Misdreavus\n|\n|-heal|p2a: Oinkologne|361/361 brn|[from] item: Leftovers\n|-damage|p2a: Oinkologne|339/361 brn|[from] brn\n|upkeep\n|turn|51\n|inactive|Time left: 300 sec this turn | 300 sec total\n|\n|t:|1783572890\n|move|p1a: Misdreavus|Will-O-Wisp|p2a: Oinkologne\n|-fail|p2a: Oinkologne|brn\n|move|p2a: Oinkologne|Body Slam|p1a: Misdreavus\n|-immune|p1a: Misdreavus\n|\n|-heal|p2a: Oinkologne|361/361 brn|[from] item: Leftovers\n|-damage|p2a: Oinkologne|339/361 brn|[from] brn\n|upkeep\n|turn|52\n|inactive|Time left: 300 sec this turn | 300 sec total\n|\n|t:|1783572891\n|move|p1a: Misdreavus|Will-O-Wisp|p2a: Oinkologne|[miss]\n|-miss|p1a: Misdreavus|p2a: Oinkologne\n|move|p2a: Oinkologne|Body Slam|p1a: Misdreavus\n|-immune|p1a: Misdreavus\n|\n|-heal|p2a: Oinkologne|361/361 brn|[from] item: Leftovers\n|-damage|p2a: Oinkologne|339/361 brn|[from] brn\n|upkeep\n|turn|53\n|inactive|Time left: 300 sec this turn | 300 sec total\n|\n|t:|1783572892\n|move|p1a: Misdreavus|Will-O-Wisp|p2a: Oinkologne\n|-fail|p2a: Oinkologne|brn\n|move|p2a: Oinkologne|Body Slam|p1a: Misdreavus\n|-immune|p1a: Misdreavus\n|\n|-heal|p2a: Oinkologne|361/361 brn|[from] item: Leftovers\n|-damage|p2a: Oinkologne|339/361 brn|[from] brn\n|upkeep\n|turn|54\n|inactive|Time left: 300 sec this turn | 300 sec total\n|\n|t:|1783572893\n|move|p1a: Misdreavus|Calm Mind|p1a: Misdreavus\n|-boost|p1a: Misdreavus|spa|0\n|-boost|p1a: Misdreavus|spd|0\n|move|p2a: Oinkologne|Body Slam|p1a: Misdreavus\n|-immune|p1a: Misdreavus\n|\n|-heal|p2a: Oinkologne|361/361 brn|[from] item: Leftovers\n|-damage|p2a: Oinkologne|339/361 brn|[from] brn\n|upkeep\n|turn|55\n|inactive|Time left: 300 sec this turn | 300 sec total\n|\n|t:|1783572894\n|move|p1a: Misdreavus|Calm Mind|p1a: Misdreavus\n|-boost|p1a: Misdreavus|spa|0\n|-boost|p1a: Misdreavus|spd|0\n|move|p2a: Oinkologne|Body Slam|p1a: Misdreavus\n|-immune|p1a: Misdreavus\n|\n|-heal|p2a: Oinkologne|361/361 brn|[from] item: Leftovers\n|-damage|p2a: Oinkologne|339/361 brn|[from] brn\n|upkeep\n|turn|56\n|inactive|Time left: 300 sec this turn | 300 sec total\n|\n|t:|1783572895\n|move|p1a: Misdreavus|Calm Mind|p1a: Misdreavus\n|-boost|p1a: Misdreavus|spa|0\n|-boost|p1a: Misdreavus|spd|0\n|move|p2a: Oinkologne|Curse|p2a: Oinkologne\n|\n|-heal|p2a: Oinkologne|361/361 brn|[from] item: Leftovers\n|-damage|p2a: Oinkologne|339/361 brn|[from] brn\n|upkeep\n|turn|57\n|inactive|Time left: 300 sec this turn | 300 sec total\n|\n|t:|1783572897\n|move|p1a: Misdreavus|Will-O-Wisp|p2a: Oinkologne\n|-fail|p2a: Oinkologne|brn\n|move|p2a: Oinkologne|Sleep Talk||[still]\n|-fail|p2a: Oinkologne\n|\n|-heal|p2a: Oinkologne|361/361 brn|[from] item: Leftovers\n|-damage|p2a: Oinkologne|339/361 brn|[from] brn\n|upkeep\n|turn|58\n|inactive|Time left: 300 sec this turn | 300 sec total\n|\n|t:|1783572898\n|move|p1a: Misdreavus|Will-O-Wisp|p2a: Oinkologne\n|-fail|p2a: Oinkologne|brn\n|move|p2a: Oinkologne|Curse|p2a: Oinkologne\n|\n|-heal|p2a: Oinkologne|361/361 brn|[from] item: Leftovers\n|-damage|p2a: Oinkologne|339/361 brn|[from] brn\n|upkeep\n|turn|59\n|inactive|Time left: 300 sec this turn | 300 sec total\n|\n|t:|1783572898\n|move|p1a: Misdreavus|Will-O-Wisp|p2a: Oinkologne\n|-fail|p2a: Oinkologne|brn\n|move|p2a: Oinkologne|Sleep Talk||[still]\n|-fail|p2a: Oinkologne\n|\n|-heal|p2a: Oinkologne|361/361 brn|[from] item: Leftovers\n|-damage|p2a: Oinkologne|339/361 brn|[from] brn\n|upkeep\n|turn|60\n|inactive|Time left: 300 sec this turn | 300 sec total\n|\n|t:|1783572899\n|move|p1a: Misdreavus|Will-O-Wisp|p2a: Oinkologne\n|-fail|p2a: Oinkologne|brn\n|move|p2a: Oinkologne|Curse|p2a: Oinkologne\n|\n|-heal|p2a: Oinkologne|361/361 brn|[from] item: Leftovers\n|-damage|p2a: Oinkologne|339/361 brn|[from] brn\n|upkeep\n|turn|61\n|inactive|Time left: 300 sec this turn | 300 sec total\n|\n|t:|1783572900\n|move|p1a: Misdreavus|Will-O-Wisp|p2a: Oinkologne\n|-fail|p2a: Oinkologne|brn\n|move|p2a: Oinkologne|Sleep Talk||[still]\n|-fail|p2a: Oinkologne\n|\n|-heal|p2a: Oinkologne|361/361 brn|[from] item: Leftovers\n|-damage|p2a: Oinkologne|339/361 brn|[from] brn\n|upkeep\n|turn|62\n|inactive|Time left: 300 sec this turn | 300 sec total\n|\n|t:|1783572901\n|move|p1a: Misdreavus|Will-O-Wisp|p2a: Oinkologne\n|-fail|p2a: Oinkologne|brn\n|move|p2a: Oinkologne|Curse|p2a: Oinkologne\n|\n|-heal|p2a: Oinkologne|361/361 brn|[from] item: Leftovers\n|-damage|p2a: Oinkologne|339/361 brn|[from] brn\n|upkeep\n|turn|63\n|inactive|Time left: 300 sec this turn | 300 sec total\n|\n|t:|1783572902\n|move|p1a: Misdreavus|Will-O-Wisp|p2a: Oinkologne\n|-fail|p2a: Oinkologne|brn\n|move|p2a: Oinkologne|Curse|p2a: Oinkologne\n|\n|-heal|p2a: Oinkologne|361/361 brn|[from] item: Leftovers\n|-damage|p2a: Oinkologne|339/361 brn|[from] brn\n|upkeep\n|turn|64\n|inactive|Time left: 300 sec this turn | 300 sec total\n|\n|t:|1783572903\n|move|p1a: Misdreavus|Will-O-Wisp|p2a: Oinkologne|[miss]\n|-miss|p1a: Misdreavus|p2a: Oinkologne\n|move|p2a: Oinkologne|Curse|p2a: Oinkologne\n|\n|-heal|p2a: Oinkologne|361/361 brn|[from] item: Leftovers\n|-damage|p2a: Oinkologne|339/361 brn|[from] brn\n|upkeep\n|turn|65\n|inactive|Time left: 300 sec this turn | 300 sec total\n|\n|t:|1783572904\n|move|p1a: Misdreavus|Will-O-Wisp|p2a: Oinkologne\n|-fail|p2a: Oinkologne|brn\n|move|p2a: Oinkologne|Sleep Talk||[still]\n|-fail|p2a: Oinkologne\n|\n|-heal|p2a: Oinkologne|361/361 brn|[from] item: Leftovers\n|-damage|p2a: Oinkologne|339/361 brn|[from] brn\n|upkeep\n|turn|66\n|inactive|Time left: 300 sec this turn | 300 sec total\n|\n|t:|1783572905\n|move|p1a: Misdreavus|Will-O-Wisp|p2a: Oinkologne\n|-fail|p2a: Oinkologne|brn\n|move|p2a: Oinkologne|Curse|p2a: Oinkologne\n|\n|-heal|p2a: Oinkologne|361/361 brn|[from] item: Leftovers\n|-damage|p2a: Oinkologne|339/361 brn|[from] brn\n|upkeep\n|turn|67\n|inactive|Time left: 300 sec this turn | 300 sec total\n|\n|t:|1783572905\n|move|p1a: Misdreavus|Will-O-Wisp|p2a: Oinkologne\n|-fail|p2a: Oinkologne|brn\n|move|p2a: Oinkologne|Curse|p2a: Oinkologne\n|\n|-heal|p2a: Oinkologne|361/361 brn|[from] item: Leftovers\n|-damage|p2a: Oinkologne|339/361 brn|[from] brn\n|upkeep\n|turn|68\n|inactive|Time left: 300 sec this turn | 300 sec total\n|\n|t:|1783572906\n|move|p1a: Misdreavus|Will-O-Wisp|p2a: Oinkologne\n|-fail|p2a: Oinkologne|brn\n|move|p2a: Oinkologne|Sleep Talk||[still]\n|-fail|p2a: Oinkologne\n|\n|-heal|p2a: Oinkologne|361/361 brn|[from] item: Leftovers\n|-damage|p2a: Oinkologne|339/361 brn|[from] brn\n|upkeep\n|turn|69\n|inactive|Time left: 300 sec this turn | 300 sec total\n|\n|t:|1783572907\n|move|p1a: Misdreavus|Will-O-Wisp|p2a: Oinkologne\n|-fail|p2a: Oinkologne|brn\n|move|p2a: Oinkologne|Curse|p2a: Oinkologne\n|\n|-heal|p2a: Oinkologne|361/361 brn|[from] item: Leftovers\n|-damage|p2a: Oinkologne|339/361 brn|[from] brn\n|upkeep\n|turn|70\n|inactive|Time left: 300 sec this turn | 300 sec total\n|\n|t:|1783572908\n|move|p1a: Misdreavus|Will-O-Wisp|p2a: Oinkologne\n|-fail|p2a: Oinkologne|brn\n|move|p2a: Oinkologne|Curse|p2a: Oinkologne\n|\n|-heal|p2a: Oinkologne|361/361 brn|[from] item: Leftovers\n|-damage|p2a: Oinkologne|339/361 brn|[from] brn\n|upkeep\n|turn|71\n|inactive|Time left: 300 sec this turn | 300 sec total\n|\n|t:|1783572909\n|move|p1a: Misdreavus|Will-O-Wisp|p2a: Oinkologne|[miss]\n|-miss|p1a: Misdreavus|p2a: Oinkologne\n|move|p2a: Oinkologne|Sleep Talk||[still]\n|-fail|p2a: Oinkologne\n|\n|-heal|p2a: Oinkologne|361/361 brn|[from] item: Leftovers\n|-damage|p2a: Oinkologne|339/361 brn|[from] brn\n|upkeep\n|turn|72\n|inactive|Time left: 300 sec this turn | 300 sec total\n|\n|t:|1783572909\n|move|p1a: Misdreavus|Shadow Ball|p2a: Oinkologne\n|-immune|p2a: Oinkologne\n|-activate|p2a: Oinkologne|move: Struggle\n|move|p2a: Oinkologne|Struggle|p1a: Misdreavus\n|-damage|p1a: Misdreavus|76/100\n|-damage|p2a: Oinkologne|249/361 brn|[from] recoil\n|\n|-heal|p2a: Oinkologne|271/361 brn|[from] item: Leftovers\n|-damage|p2a: Oinkologne|249/361 brn|[from] brn\n|upkeep\n|turn|73\n|inactive|Time left: 300 sec this turn | 300 sec total\n|\n|t:|1783572910\n|move|p1a: Misdreavus|Will-O-Wisp|p2a: Oinkologne\n|-fail|p2a: Oinkologne|brn\n|-activate|p2a: Oinkologne|move: Struggle\n|move|p2a: Oinkologne|Struggle|p1a: Misdreavus\n|-damage|p1a: Misdreavus|49/100\n|-damage|p2a: Oinkologne|159/361 brn|[from] recoil\n|\n|-heal|p2a: Oinkologne|181/361 brn|[from] item: Leftovers\n|-damage|p2a: Oinkologne|159/361 brn|[from] brn\n|upkeep\n|turn|74\n|inactive|Time left: 300 sec this turn | 300 sec total\n|\n|t:|1783572911\n|move|p1a: Misdreavus|Calm Mind|p1a: Misdreavus\n|-boost|p1a: Misdreavus|spa|0\n|-boost|p1a: Misdreavus|spd|0\n|-activate|p2a: Oinkologne|move: Struggle\n|move|p2a: Oinkologne|Struggle|p1a: Misdreavus\n|-damage|p1a: Misdreavus|24/100\n|-damage|p2a: Oinkologne|69/361 brn|[from] recoil\n|\n|-heal|p2a: Oinkologne|91/361 brn|[from] item: Leftovers\n|-damage|p2a: Oinkologne|69/361 brn|[from] brn\n|upkeep\n|turn|75\n|inactive|Time left: 300 sec this turn | 300 sec total\n|\n|t:|1783572912\n|switch|p1a: Banette|Banette, L93, F|100/100\n|-activate|p2a: Oinkologne|move: Struggle\n|move|p2a: Oinkologne|Struggle|p1a: Banette\n|-damage|p1a: Banette|70/100\n|-damage|p2a: Oinkologne|0 fnt|[from] recoil\n|faint|p2a: Oinkologne\n|\n|upkeep\n|inactive|Time left: 300 sec this turn | 300 sec total | 5 sec grace\n|\n|t:|1783572913\n|switch|p2a: Pecharunt|Pecharunt, L77|262/262\n|turn|76\n|inactive|Time left: 300 sec this turn | 300 sec total\n|\n|t:|1783572914\n|move|p2a: Pecharunt|Parting Shot|p1a: Banette\n|-unboost|p1a: Banette|atk|1\n|-unboost|p1a: Banette|spa|1\n|inactive|Time left: 300 sec this turn | 300 sec total | 5 sec grace\n|\n|t:|1783572915\n|switch|p2a: Registeel|Registeel, L81|262/262|[from] Parting Shot\n|move|p1a: Banette|Poltergeist|p2a: Registeel|[miss]\n|-miss|p1a: Banette|p2a: Registeel\n|\n|upkeep\n|turn|77\n|inactive|Time left: 300 sec this turn | 300 sec total\n|\n|t:|1783572916\n|move|p1a: Banette|Swords Dance|p1a: Banette\n|-boost|p1a: Banette|atk|2\n|move|p2a: Registeel|Stealth Rock|p1a: Banette\n|-sidestart|p1: p0x2938641b|move: Stealth Rock\n|\n|upkeep\n|turn|78\n|inactive|Time left: 300 sec this turn | 300 sec total\n|\n|t:|1783572917\n|move|p1a: Banette|Poltergeist|p2a: Registeel\n|-activate|p2a: Registeel|move: Poltergeist|Leftovers\n|-damage|p2a: Registeel|50/262\n|-damage|p1a: Banette|60/100|[from] item: Life Orb\n|move|p2a: Registeel|Iron Head|p1a: Banette\n|-damage|p1a: Banette|33/100\n|\n|-heal|p2a: Registeel|66/262|[from] item: Leftovers\n|upkeep\n|turn|79\n|inactive|Time left: 300 sec this turn | 300 sec total\n|\n|t:|1783572918\n|move|p1a: Banette|Poltergeist|p2a: Registeel\n|-activate|p2a: Registeel|move: Poltergeist|Leftovers\n|-crit|p2a: Registeel\n|-damage|p2a: Registeel|0 fnt\n|faint|p2a: Registeel\n|-damage|p1a: Banette|23/100|[from] item: Life Orb\n|\n|upkeep\n|inactive|Time left: 300 sec this turn | 300 sec total | 5 sec grace\n|\n|t:|1783572919\n|switch|p2a: Pecharunt|Pecharunt, L77|262/262\n|turn|80\n|inactive|Time left: 300 sec this turn | 300 sec total\n|\n|t:|1783572920\n|move|p1a: Banette|Shadow Sneak|p2a: Pecharunt\n|-supereffective|p2a: Pecharunt\n|-damage|p2a: Pecharunt|114/262\n|-damage|p1a: Banette|13/100|[from] item: Life Orb\n|move|p2a: Pecharunt|Shadow Ball|p1a: Banette\n|-supereffective|p1a: Banette\n|-damage|p1a: Banette|0 fnt\n|faint|p1a: Banette\n|\n|-heal|p2a: Pecharunt|130/262|[from] item: Leftovers\n|upkeep\n|\n|t:|1783572921\n|switch|p1a: Arceus|Arceus-Ice, L72|100/100\n|-damage|p1a: Arceus|76/100|[from] Stealth Rock\n|turn|81\n|inactive|Time left: 300 sec this turn | 300 sec total\n|\n|t:|1783572922\n|move|p1a: Arceus|Judgment|p2a: Pecharunt\n|-damage|p2a: Pecharunt|1/262\n|move|p2a: Pecharunt|Parting Shot|p1a: Arceus\n|-unboost|p1a: Arceus|atk|1\n|-unboost|p1a: Arceus|spa|1\n|inactive|Time left: 300 sec this turn | 300 sec total | 5 sec grace\n|\n|t:|1783572923\n|switch|p2a: Probopass|Probopass, L91, F|257/257|[from] Parting Shot\n|\n|upkeep\n|turn|82\n|inactive|Time left: 300 sec this turn | 300 sec total\n|\n|t:|1783572924\n|switch|p1a: Ho-Oh|Ho-Oh, L71|100/100\n|move|p2a: Probopass|Flash Cannon|p1a: Ho-Oh\n|-resisted|p1a: Ho-Oh\n|-damage|p1a: Ho-Oh|88/100\n|\n|upkeep\n|turn|83\n|inactive|Time left: 300 sec this turn | 300 sec total\n|\n|t:|1783572925\n|move|p1a: Ho-Oh|Earthquake|p2a: Probopass\n|-supereffective|p2a: Probopass\n|-damage|p2a: Probopass|105/257\n|move|p2a: Probopass|Iron Defense|p2a: Probopass\n|-boost|p2a: Probopass|def|2\n|\n|-heal|p2a: Probopass|121/257|[from] item: Leftovers\n|upkeep\n|turn|84\n|inactive|Time left: 300 sec this turn | 300 sec total\n|\n|t:|1783572926\n|move|p1a: Ho-Oh|Earthquake|p2a: Probopass\n|-supereffective|p2a: Probopass\n|-damage|p2a: Probopass|41/257\n|move|p2a: Probopass|Body Press|p1a: Ho-Oh\n|-resisted|p1a: Ho-Oh\n|-damage|p1a: Ho-Oh|46/100\n|\n|-heal|p2a: Probopass|57/257|[from] item: Leftovers\n|upkeep\n|turn|85\n|inactive|Time left: 300 sec this turn | 300 sec total\n|\n|t:|1783572927\n|-terastallize|p2a: Probopass|Fighting\n|move|p1a: Ho-Oh|Earthquake|p2a: Probopass\n|-damage|p2a: Probopass|35/257\n|move|p2a: Probopass|Body Press|p1a: Ho-Oh\n|-resisted|p1a: Ho-Oh\n|-damage|p1a: Ho-Oh|0 fnt\n|faint|p1a: Ho-Oh\n|\n|-heal|p2a: Probopass|51/257|[from] item: Leftovers\n|upkeep\n|\n|t:|1783572928\n|switch|p1a: Shaymin|Shaymin, L82|100/100\n|-damage|p1a: Shaymin|88/100|[from] Stealth Rock\n|turn|86\n|inactive|Time left: 300 sec this turn | 300 sec total\n|\n|t:|1783572929\n|switch|p2a: Sylveon|Sylveon, L85, F|300/300\n|move|p1a: Shaymin|Air Slash|p2a: Sylveon\n|-damage|p2a: Sylveon|265/300\n|\n|-heal|p1a: Shaymin|94/100|[from] item: Leftovers\n|-heal|p2a: Sylveon|283/300|[from] item: Leftovers\n|upkeep\n|turn|87\n|inactive|Time left: 300 sec this turn | 300 sec total\n|\n|t:|1783572930\n|move|p1a: Shaymin|Leech Seed|p2a: Sylveon\n|-start|p2a: Sylveon|move: Leech Seed\n|move|p2a: Sylveon|Calm Mind|p2a: Sylveon\n|-boost|p2a: Sylveon|spa|1\n|-boost|p2a: Sylveon|spd|1\n|\n|-heal|p1a: Shaymin|99/100|[from] item: Leftovers\n|-heal|p2a: Sylveon|300/300|[from] item: Leftovers\n|-damage|p2a: Sylveon|263/300|[from] Leech Seed|[of] p1a: Shaymin\n|-heal|p1a: Shaymin|100/100|[silent]\n|upkeep\n|turn|88\n|inactive|Time left: 300 sec this turn | 300 sec total\n|\n|t:|1783572931\n|move|p1a: Shaymin|Seed Flare|p2a: Sylveon\n|-damage|p2a: Sylveon|208/300\n|move|p2a: Sylveon|Hyper Voice|p1a: Shaymin\n|-damage|p1a: Shaymin|38/100\n|\n|-heal|p1a: Shaymin|44/100|[from] item: Leftovers\n|-heal|p2a: Sylveon|226/300|[from] item: Leftovers\n|-damage|p2a: Sylveon|189/300|[from] Leech Seed|[of] p1a: Shaymin\n|-heal|p1a: Shaymin|56/100|[silent]\n|upkeep\n|turn|89\n|inactive|Time left: 300 sec this turn | 300 sec total\n|\n|t:|1783572932\n|-terastallize|p1a: Shaymin|Steel\n|move|p1a: Shaymin|Seed Flare|p2a: Sylveon|[miss]\n|-miss|p1a: Shaymin|p2a: Sylveon\n|move|p2a: Sylveon|Hyper Voice|p1a: Shaymin\n|-resisted|p1a: Shaymin\n|-damage|p1a: Shaymin|25/100\n|\n|-heal|p1a: Shaymin|31/100|[from] item: Leftovers\n|-heal|p2a: Sylveon|207/300|[from] item: Leftovers\n|-damage|p2a: Sylveon|170/300|[from] Leech Seed|[of] p1a: Shaymin\n|-heal|p1a: Shaymin|43/100|[silent]\n|upkeep\n|turn|90\n|inactive|Time left: 300 sec this turn | 300 sec total\n|\n|t:|1783572933\n|move|p1a: Shaymin|Seed Flare|p2a: Sylveon\n|-damage|p2a: Sylveon|113/300\n|-unboost|p2a: Sylveon|spd|2\n|move|p2a: Sylveon|Hyper Voice|p1a: Shaymin\n|-resisted|p1a: Shaymin\n|-damage|p1a: Shaymin|12/100\n|\n|-heal|p1a: Shaymin|18/100|[from] item: Leftovers\n|-heal|p2a: Sylveon|131/300|[from] item: Leftovers\n|-damage|p2a: Sylveon|94/300|[from] Leech Seed|[of] p1a: Shaymin\n|-heal|p1a: Shaymin|30/100|[silent]\n|upkeep\n|turn|91\n|inactive|Time left: 300 sec this turn | 300 sec total\n|\n|t:|1783572934\n|switch|p2a: Venusaur|Venusaur, L84, M|272/272\n|move|p1a: Shaymin|Seed Flare|p2a: Venusaur\n|-resisted|p2a: Venusaur\n|-damage|p2a: Venusaur|247/272\n|\n|-heal|p1a: Shaymin|36/100|[from] item: Leftovers\n|-heal|p2a: Venusaur|264/272|[from] item: Leftovers\n|upkeep\n|turn|92\n|inactive|Time left: 300 sec this turn | 300 sec total\n|\n|t:|1783572935\n|move|p1a: Shaymin|Air Slash|p2a: Venusaur\n|-supereffective|p2a: Venusaur\n|-damage|p2a: Venusaur|176/272\n|move|p2a: Venusaur|Leech Seed|p1a: Shaymin\n|-start|p1a: Shaymin|move: Leech Seed\n|\n|-heal|p1a: Shaymin|42/100|[from] item: Leftovers\n|-heal|p2a: Venusaur|193/272|[from] item: Leftovers\n|-damage|p1a: Shaymin|30/100|[from] Leech Seed|[of] p2a: Venusaur\n|-heal|p2a: Venusaur|230/272|[silent]\n|upkeep\n|turn|93\n|inactive|Time left: 300 sec this turn | 300 sec total\n|\n|t:|1783572937\n|move|p1a: Shaymin|Seed Flare|p2a: Venusaur\n|-resisted|p2a: Venusaur\n|-damage|p2a: Venusaur|202/272\n|move|p2a: Venusaur|Sludge Bomb|p1a: Shaymin\n|-immune|p1a: Shaymin\n|\n|-heal|p1a: Shaymin|36/100|[from] item: Leftovers\n|-heal|p2a: Venusaur|219/272|[from] item: Leftovers\n|-damage|p1a: Shaymin|24/100|[from] Leech Seed|[of] p2a: Venusaur\n|-heal|p2a: Venusaur|256/272|[silent]\n|upkeep\n|turn|94\n|inactive|Time left: 300 sec this turn | 300 sec total\n|\n|t:|1783572938\n|move|p1a: Shaymin|Air Slash|p2a: Venusaur\n|-supereffective|p2a: Venusaur\n|-damage|p2a: Venusaur|168/272\n|cant|p2a: Venusaur|flinch\n|\n|-heal|p1a: Shaymin|30/100|[from] item: Leftovers\n|-heal|p2a: Venusaur|185/272|[from] item: Leftovers\n|-damage|p1a: Shaymin|17/100|[from] Leech Seed|[of] p2a: Venusaur\n|-heal|p2a: Venusaur|222/272|[silent]\n|upkeep\n|turn|95\n|inactive|Time left: 300 sec this turn | 300 sec total\n|\n|t:|1783572939\n|move|p1a: Shaymin|Air Slash|p2a: Venusaur\n|-supereffective|p2a: Venusaur\n|-damage|p2a: Venusaur|128/272\n|move|p2a: Venusaur|Giga Drain|p1a: Shaymin\n|-resisted|p1a: Shaymin\n|-crit|p1a: Shaymin\n|-damage|p1a: Shaymin|0 fnt\n|-heal|p2a: Venusaur|153/272|[from] drain|[of] p1a: Shaymin\n|faint|p1a: Shaymin\n|\n|-heal|p2a: Venusaur|170/272|[from] item: Leftovers\n|upkeep\n|\n|t:|1783572940\n|switch|p1a: Kyurem|Kyurem, L77|100/100\n|-damage|p1a: Kyurem|76/100|[from] Stealth Rock\n|-ability|p1a: Kyurem|Pressure\n|turn|96\n|inactive|Time left: 300 sec this turn | 300 sec total\n|\n|t:|1783572941\n|switch|p2a: Pecharunt|Pecharunt, L77|1/262\n|move|p1a: Kyurem|Icicle Spear|p2a: Pecharunt\n|-damage|p2a: Pecharunt|0 fnt\n|faint|p2a: Pecharunt\n|-hitcount|p2: Pecharunt|1\n|\n|upkeep\n|inactive|Time left: 300 sec this turn | 300 sec total | 5 sec grace\n|\n|t:|1783572942\n|switch|p2a: Sylveon|Sylveon, L85, F|94/300\n|turn|97\n|inactive|Time left: 300 sec this turn | 300 sec total\n|\n|t:|1783572943\n|move|p2a: Sylveon|Protect|p2a: Sylveon\n|-singleturn|p2a: Sylveon|Protect\n|move|p1a: Kyurem|Icicle Spear|p2a: Sylveon\n|-activate|p2a: Sylveon|move: Protect\n|\n|-heal|p2a: Sylveon|112/300|[from] item: Leftovers\n|upkeep\n|turn|98\n|inactive|Time left: 300 sec this turn | 300 sec total\n|\n|t:|1783572944\n|move|p2a: Sylveon|Protect|p2a: Sylveon\n|-singleturn|p2a: Sylveon|Protect\n|move|p1a: Kyurem|Icicle Spear|p2a: Sylveon\n|-activate|p2a: Sylveon|move: Protect\n|\n|-heal|p2a: Sylveon|130/300|[from] item: Leftovers\n|upkeep\n|turn|99\n|inactive|Time left: 300 sec this turn | 300 sec total\n|\n|t:|1783572945\n|move|p1a: Kyurem|Icicle Spear|p2a: Sylveon\n|-damage|p2a: Sylveon|96/300\n|-damage|p2a: Sylveon|60/300\n|-damage|p2a: Sylveon|24/300\n|-damage|p2a: Sylveon|0 fnt\n|faint|p2a: Sylveon\n|-hitcount|p2: Sylveon|4\n|\n|upkeep\n|inactive|Time left: 300 sec this turn | 300 sec total | 5 sec grace\n|\n|t:|1783572946\n|switch|p2a: Probopass|Probopass, L91, F, tera:Fighting|51/257\n|turn|100\n|inactive|Time left: 300 sec this turn | 300 sec total\n|\n|t:|1783572947\n|move|p1a: Kyurem|Icicle Spear|p2a: Probopass\n|-damage|p2a: Probopass|30/257\n|-damage|p2a: Probopass|11/257\n|-damage|p2a: Probopass|0 fnt\n|faint|p2a: Probopass\n|-hitcount|p2: Probopass|3\n|\n|upkeep\n|inactive|Time left: 300 sec this turn | 300 sec total | 5 sec grace\n|\n|t:|1783572948\n|switch|p2a: Venusaur|Venusaur, L84, M|170/272\n|turn|101\n|inactive|Time left: 300 sec this turn | 300 sec total\n|\n|t:|1783572949\n|move|p1a: Kyurem|Icicle Spear|p2a: Venusaur\n|-supereffective|p2a: Venusaur\n|-damage|p2a: Venusaur|108/272\n|-supereffective|p2a: Venusaur\n|-damage|p2a: Venusaur|52/272\n|-supereffective|p2a: Venusaur\n|-damage|p2a: Venusaur|0 fnt\n|faint|p2a: Venusaur\n|-hitcount|p2: Venusaur|3\n|\n|win|p0x2938641b", "uploadtime": 1783572949, "views": 0, "rating": 0, "private": 0, "password": null, "_winner": "p0x2938641b", "_our_name": "p0y293808e3"}