{"id": "battle-gen9randombattle-943", "formatid": "gen9randombattle", "format": "[Gen 9] Random Battle", "players": ["p0x9437959", "p0y943b6a3"], "log": "|init|battle\n|title|p0x9437959 vs. p0y943b6a3\n|j|\u2606p0x9437959\n|j|\u2606p0y943b6a3\n|t:|1783550085\n|gametype|singles\n|player|p1|p0x9437959|169|\n|player|p2|p0y943b6a3|101|\n|gen|9\n|tier|[Gen 9] Random Battle\n|rule|Species Clause: Limit one of each Pok\u00e9mon\n|rule|HP Percentage Mod: HP is shown in percentages\n|rule|Sleep Clause Mod: Limit one foe put to sleep\n|rule|Illusion Level Mod: Illusion disguises the Pok\u00e9mon's true level\n|\n|t:|1783550085\n|teamsize|p1|6\n|teamsize|p2|6\n|start\n|switch|p1a: Victreebel|Victreebel, L90, F|290/290\n|switch|p2a: Oricorio|Oricorio-Pom-Pom, L82, M|100/100\n|turn|1\n|inactive|Battle timer is ON: inactive players will automatically lose when time's up. (requested by p0x9437959)\n|inactive|p0y943b6a3 also wants the timer to be on.\n|\n|t:|1783550086\n|move|p2a: Oricorio|Quiver Dance|p2a: Oricorio\n|-boost|p2a: Oricorio|spa|1\n|-boost|p2a: Oricorio|spd|1\n|-boost|p2a: Oricorio|spe|1\n|move|p1a: Victreebel|Sludge Wave|p2a: Oricorio\n|-damage|p2a: Oricorio|51/100\n|-damage|p1a: Victreebel|261/290|[from] item: Life Orb\n|\n|upkeep\n|turn|2\n|inactive|Time left: 300 sec this turn | 300 sec total\n|\n|t:|1783550087\n|move|p2a: Oricorio|Hurricane|p1a: Victreebel\n|-supereffective|p1a: Victreebel\n|-damage|p1a: Victreebel|0 fnt\n|faint|p1a: Victreebel\n|\n|upkeep\n|inactive|Time left: 300 sec this turn | 300 sec total | 5 sec grace\n|\n|t:|1783550088\n|switch|p1a: Greedent|Greedent, L86, F|347/347\n|turn|3\n|inactive|Time left: 300 sec this turn | 300 sec total\n|\n|t:|1783550089\n|move|p2a: Oricorio|Hurricane|p1a: Greedent\n|-damage|p1a: Greedent|164/347\n|-enditem|p1a: Greedent|Sitrus Berry|[eat]\n|-heal|p1a: Greedent|250/347|[from] item: Sitrus Berry\n|-heal|p1a: Greedent|347/347|[from] ability: Cheek Pouch\n|move|p1a: Greedent|Double-Edge|p2a: Oricorio\n|-damage|p2a: Oricorio|0 fnt\n|faint|p2a: Oricorio\n|-damage|p1a: Greedent|304/347|[from] Recoil\n|\n|upkeep\n|\n|t:|1783550090\n|switch|p2a: Medicham|Medicham, L86, F|100/100\n|turn|4\n|inactive|Time left: 300 sec this turn | 300 sec total\n|\n|t:|1783550091\n|-terastallize|p1a: Greedent|Ghost\n|move|p2a: Medicham|Zen Headbutt|p1a: Greedent\n|-damage|p1a: Greedent|120/347\n|move|p1a: Greedent|Double-Edge|p2a: Medicham\n|-damage|p2a: Medicham|45/100\n|-damage|p1a: Greedent|75/347|[from] Recoil\n|\n|upkeep\n|turn|5\n|inactive|Time left: 300 sec this turn | 300 sec total\n|\n|t:|1783550092\n|switch|p1a: Hydreigon|Hydreigon, L79, F|275/275\n|move|p2a: Medicham|Zen Headbutt|p1a: Hydreigon\n|-immune|p1a: Hydreigon\n|\n|upkeep\n|turn|6\n|inactive|Time left: 300 sec this turn | 300 sec total\n|\n|t:|1783550093\n|switch|p2a: Diancie|Diancie, L82|100/100\n|move|p1a: Hydreigon|Nasty Plot|p1a: Hydreigon\n|-boost|p1a: Hydreigon|spa|2\n|\n|upkeep\n|turn|7\n|inactive|Time left: 300 sec this turn | 300 sec total\n|\n|t:|1783550095\n|-terastallize|p2a: Diancie|Fairy\n|move|p1a: Hydreigon|Flash Cannon|p2a: Diancie\n|-supereffective|p2a: Diancie\n|-damage|p2a: Diancie|10/100\n|-damage|p1a: Hydreigon|248/275|[from] item: Life Orb\n|move|p2a: Diancie|Draining Kiss|p1a: Hydreigon\n|-supereffective|p1a: Hydreigon\n|-damage|p1a: Hydreigon|0 fnt\n|-heal|p2a: Diancie|96/100|[from] drain|[of] p1a: Hydreigon\n|faint|p1a: Hydreigon\n|\n|-heal|p2a: Diancie|100/100|[from] item: Leftovers\n|upkeep\n|inactive|Time left: 300 sec this turn | 300 sec total | 5 sec grace\n|\n|t:|1783550096\n|switch|p1a: Dunsparce|Dunsparce, L86, M|312/312\n|turn|8\n|inactive|Time left: 300 sec this turn | 300 sec total\n|\n|t:|1783550097\n|move|p2a: Diancie|Calm Mind|p2a: Diancie\n|-boost|p2a: Diancie|spa|1\n|-boost|p2a: Diancie|spd|1\n|move|p1a: Dunsparce|Coil|p1a: Dunsparce\n|-boost|p1a: Dunsparce|atk|1\n|-boost|p1a: Dunsparce|def|1\n|-boost|p1a: Dunsparce|accuracy|1\n|\n|upkeep\n|turn|9\n|inactive|Time left: 300 sec this turn | 300 sec total\n|\n|t:|1783550098\n|move|p2a: Diancie|Calm Mind|p2a: Diancie\n|-boost|p2a: Diancie|spa|1\n|-boost|p2a: Diancie|spd|1\n|move|p1a: Dunsparce|Coil|p1a: Dunsparce\n|-boost|p1a: Dunsparce|atk|1\n|-boost|p1a: Dunsparce|def|1\n|-boost|p1a: Dunsparce|accuracy|1\n|\n|upkeep\n|turn|10\n|inactive|Time left: 300 sec this turn | 300 sec total\n|\n|t:|1783550099\n|move|p2a: Diancie|Diamond Storm|p1a: Dunsparce\n|-damage|p1a: Dunsparce|269/312\n|move|p1a: Dunsparce|Body Slam|p2a: Diancie\n|-damage|p2a: Diancie|56/100\n|\n|-heal|p2a: Diancie|62/100|[from] item: Leftovers\n|upkeep\n|turn|11\n|inactive|Time left: 300 sec this turn | 300 sec total\n|\n|t:|1783550100\n|move|p2a: Diancie|Draining Kiss|p1a: Dunsparce\n|-damage|p1a: Dunsparce|131/312\n|-heal|p2a: Diancie|100/100|[from] drain|[of] p1a: Dunsparce\n|move|p1a: Dunsparce|Body Slam|p2a: Diancie\n|-damage|p2a: Diancie|54/100\n|-status|p2a: Diancie|par\n|\n|-heal|p2a: Diancie|60/100 par|[from] item: Leftovers\n|upkeep\n|turn|12\n|inactive|Time left: 300 sec this turn | 300 sec total\n|\n|t:|1783550101\n|move|p1a: Dunsparce|Roost|p1a: Dunsparce\n|-heal|p1a: Dunsparce|287/312\n|-singleturn|p1a: Dunsparce|move: Roost\n|move|p2a: Diancie|Draining Kiss|p1a: Dunsparce\n|-crit|p1a: Dunsparce\n|-damage|p1a: Dunsparce|103/312\n|-heal|p2a: Diancie|100/100 par|[from] drain|[of] p1a: Dunsparce\n|\n|upkeep\n|turn|13\n|inactive|Time left: 300 sec this turn | 300 sec total\n|\n|t:|1783550102\n|move|p1a: Dunsparce|Roost|p1a: Dunsparce\n|-heal|p1a: Dunsparce|259/312\n|-singleturn|p1a: Dunsparce|move: Roost\n|move|p2a: Diancie|Draining Kiss|p1a: Dunsparce\n|-damage|p1a: Dunsparce|119/312\n|\n|upkeep\n|turn|14\n|inactive|Time left: 300 sec this turn | 300 sec total\n|\n|t:|1783550103\n|move|p1a: Dunsparce|Roost|p1a: Dunsparce\n|-heal|p1a: Dunsparce|275/312\n|-singleturn|p1a: Dunsparce|move: Roost\n|move|p2a: Diancie|Draining Kiss|p1a: Dunsparce\n|-damage|p1a: Dunsparce|147/312\n|\n|upkeep\n|turn|15\n|inactive|Time left: 300 sec this turn | 300 sec total\n|\n|t:|1783550104\n|move|p1a: Dunsparce|Roost|p1a: Dunsparce\n|-heal|p1a: Dunsparce|303/312\n|-singleturn|p1a: Dunsparce|move: Roost\n|move|p2a: Diancie|Draining Kiss|p1a: Dunsparce\n|-damage|p1a: Dunsparce|175/312\n|\n|upkeep\n|turn|16\n|inactive|Time left: 300 sec this turn | 300 sec total\n|\n|t:|1783550105\n|move|p1a: Dunsparce|Roost|p1a: Dunsparce\n|-heal|p1a: Dunsparce|312/312\n|-singleturn|p1a: Dunsparce|move: Roost\n|move|p2a: Diancie|Draining Kiss|p1a: Dunsparce\n|-damage|p1a: Dunsparce|168/312\n|\n|upkeep\n|turn|17\n|inactive|Time left: 300 sec this turn | 300 sec total\n|\n|t:|1783550107\n|move|p1a: Dunsparce|Roost|p1a: Dunsparce\n|-heal|p1a: Dunsparce|312/312\n|-singleturn|p1a: Dunsparce|move: Roost\n|move|p2a: Diancie|Draining Kiss|p1a: Dunsparce\n|-damage|p1a: Dunsparce|184/312\n|\n|upkeep\n|turn|18\n|inactive|Time left: 300 sec this turn | 300 sec total\n|\n|t:|1783550107\n|move|p1a: Dunsparce|Roost|p1a: Dunsparce\n|-heal|p1a: Dunsparce|312/312\n|-singleturn|p1a: Dunsparce|move: Roost\n|cant|p2a: Diancie|par\n|\n|upkeep\n|turn|19\n|inactive|Time left: 300 sec this turn | 300 sec total\n|\n|t:|1783550108\n|move|p1a: Dunsparce|Body Slam|p2a: Diancie\n|-damage|p2a: Diancie|53/100 par\n|move|p2a: Diancie|Draining Kiss|p1a: Dunsparce\n|-damage|p1a: Dunsparce|182/312\n|-heal|p2a: Diancie|98/100 par|[from] drain|[of] p1a: Dunsparce\n|\n|-heal|p2a: Diancie|100/100 par|[from] item: Leftovers\n|upkeep\n|turn|20\n|inactive|Time left: 300 sec this turn | 300 sec total\n|\n|t:|1783550109\n|move|p1a: Dunsparce|Roost|p1a: Dunsparce\n|-heal|p1a: Dunsparce|312/312\n|-singleturn|p1a: Dunsparce|move: Roost\n|move|p2a: Diancie|Draining Kiss|p1a: Dunsparce\n|-damage|p1a: Dunsparce|188/312\n|\n|upkeep\n|turn|21\n|inactive|Time left: 300 sec this turn | 300 sec total\n|\n|t:|1783550110\n|move|p1a: Dunsparce|Coil|p1a: Dunsparce\n|-boost|p1a: Dunsparce|atk|1\n|-boost|p1a: Dunsparce|def|1\n|-boost|p1a: Dunsparce|accuracy|1\n|cant|p2a: Diancie|par\n|\n|upkeep\n|turn|22\n|inactive|Time left: 300 sec this turn | 300 sec total\n|\n|t:|1783550111\n|move|p1a: Dunsparce|Body Slam|p2a: Diancie\n|-damage|p2a: Diancie|45/100 par\n|cant|p2a: Diancie|par\n|\n|-heal|p2a: Diancie|51/100 par|[from] item: Leftovers\n|upkeep\n|turn|23\n|inactive|Time left: 300 sec this turn | 300 sec total\n|\n|t:|1783550112\n|switch|p2a: Lunala|Lunala, L70|100/100\n|move|p1a: Dunsparce|Body Slam|p2a: Lunala\n|-immune|p2a: Lunala\n|\n|upkeep\n|turn|24\n|inactive|Time left: 300 sec this turn | 300 sec total\n|\n|t:|1783550113\n|move|p2a: Lunala|Calm Mind|p2a: Lunala\n|-boost|p2a: Lunala|spa|1\n|-boost|p2a: Lunala|spd|1\n|move|p1a: Dunsparce|Earthquake|p2a: Lunala\n|-damage|p2a: Lunala|75/100\n|\n|-heal|p2a: Lunala|81/100|[from] item: Leftovers\n|upkeep\n|turn|25\n|inactive|Time left: 300 sec this turn | 300 sec total\n|\n|t:|1783550114\n|move|p2a: Lunala|Focus Blast|p1a: Dunsparce\n|-supereffective|p1a: Dunsparce\n|-damage|p1a: Dunsparce|0 fnt\n|faint|p1a: Dunsparce\n|\n|-heal|p2a: Lunala|87/100|[from] item: Leftovers\n|upkeep\n|inactive|Time left: 300 sec this turn | 300 sec total | 5 sec grace\n|\n|t:|1783550115\n|switch|p1a: Frosmoth|Frosmoth, L82, M|249/249\n|turn|26\n|inactive|Time left: 300 sec this turn | 300 sec total\n|\n|t:|1783550116\n|move|p2a: Lunala|Moongeist Beam|p1a: Frosmoth\n|-damage|p1a: Frosmoth|102/249\n|move|p1a: Frosmoth|Quiver Dance|p1a: Frosmoth\n|-boost|p1a: Frosmoth|spa|1\n|-boost|p1a: Frosmoth|spd|1\n|-boost|p1a: Frosmoth|spe|1\n|\n|-heal|p2a: Lunala|93/100|[from] item: Leftovers\n|upkeep\n|turn|27\n|inactive|Time left: 300 sec this turn | 300 sec total\n|\n|t:|1783550117\n|move|p1a: Frosmoth|Ice Beam|p2a: Lunala\n|-damage|p2a: Lunala|54/100\n|move|p2a: Lunala|Moongeist Beam|p1a: Frosmoth\n|-damage|p1a: Frosmoth|0 fnt\n|faint|p1a: Frosmoth\n|\n|-heal|p2a: Lunala|61/100|[from] item: Leftovers\n|upkeep\n|inactive|Time left: 300 sec this turn | 300 sec total | 5 sec grace\n|\n|t:|1783550118\n|switch|p1a: Slowbro|Slowbro, L85, M|300/300\n|turn|28\n|inactive|Time left: 300 sec this turn | 300 sec total\n|\n|t:|1783550119\n|move|p2a: Lunala|Moongeist Beam|p1a: Slowbro\n|-supereffective|p1a: Slowbro\n|-damage|p1a: Slowbro|82/300\n|move|p1a: Slowbro|Scald|p2a: Lunala\n|-damage|p2a: Lunala|42/100\n|\n|-heal|p2a: Lunala|48/100|[from] item: Leftovers\n|upkeep\n|turn|29\n|inactive|Time left: 300 sec this turn | 300 sec total\n|\n|t:|1783550120\n|move|p2a: Lunala|Moongeist Beam|p1a: Slowbro\n|-supereffective|p1a: Slowbro\n|-damage|p1a: Slowbro|0 fnt\n|faint|p1a: Slowbro\n|\n|-heal|p2a: Lunala|54/100|[from] item: Leftovers\n|upkeep\n|inactive|Time left: 300 sec this turn | 300 sec total | 5 sec grace\n|\n|t:|1783550121\n|switch|p1a: Greedent|Greedent, L86, F, tera:Ghost|75/347\n|turn|30\n|inactive|Time left: 300 sec this turn | 300 sec total\n|\n|t:|1783550122\n|move|p2a: Lunala|Moongeist Beam|p1a: Greedent\n|-supereffective|p1a: Greedent\n|-damage|p1a: Greedent|0 fnt\n|faint|p1a: Greedent\n|\n|win|p0y943b6a3", "uploadtime": 1783550122, "views": 0, "rating": 0, "private": 0, "password": null, "_winner": "p0y943b6a3", "_our_name": "p0x9437959"}