{"id": "battle-gen9randombattle-904", "formatid": "gen9randombattle", "format": "[Gen 9] Random Battle", "players": ["p0x904b80d", "p0y9045ff1"], "log": "|init|battle\n|title|p0x904b80d vs. p0y9045ff1\n|j|\u2606p0x904b80d\n|j|\u2606p0y9045ff1\n|t:|1783550392\n|gametype|singles\n|player|p1|p0x904b80d|265|\n|player|p2|p0y9045ff1|170|\n|gen|9\n|tier|[Gen 9] Random Battle\n|rule|Species Clause: Limit one of each Pok\u00e9mon\n|rule|HP Percentage Mod: HP is shown in percentages\n|rule|Sleep Clause Mod: Limit one foe put to sleep\n|rule|Illusion Level Mod: Illusion disguises the Pok\u00e9mon's true level\n|\n|t:|1783550392\n|teamsize|p1|6\n|teamsize|p2|6\n|start\n|switch|p1a: Arceus|Arceus, L68|276/276\n|switch|p2a: Chimecho|Chimecho, L93, M|100/100\n|turn|1\n|inactive|Battle timer is ON: inactive players will automatically lose when time's up. (requested by p0y9045ff1)\n|inactive|Time left: 300 sec this turn | 300 sec total | 60 sec grace\n|inactive|p0x904b80d also wants the timer to be on.\n|\n|t:|1783550394\n|switch|p2a: Conkeldurr|Conkeldurr, L80, M|100/100\n|move|p1a: Arceus|Swords Dance|p1a: Arceus\n|-boost|p1a: Arceus|atk|2\n|\n|-status|p2a: Conkeldurr|brn|[from] item: Flame Orb\n|upkeep\n|turn|2\n|inactive|Time left: 300 sec this turn | 300 sec total\n|\n|t:|1783550395\n|move|p1a: Arceus|Extreme Speed|p2a: Conkeldurr\n|-damage|p2a: Conkeldurr|40/100 brn\n|-damage|p1a: Arceus|249/276|[from] item: Life Orb\n|move|p2a: Conkeldurr|Close Combat|p1a: Arceus\n|-supereffective|p1a: Arceus\n|-damage|p1a: Arceus|0 fnt\n|-unboost|p2a: Conkeldurr|def|1\n|-unboost|p2a: Conkeldurr|spd|1\n|faint|p1a: Arceus\n|\n|-damage|p2a: Conkeldurr|34/100 brn|[from] brn\n|upkeep\n|inactive|Time left: 300 sec this turn | 300 sec total | 5 sec grace\n|\n|t:|1783550396\n|switch|p1a: Necrozma|Necrozma-Dusk-Mane, L69|248/248\n|turn|3\n|inactive|Time left: 300 sec this turn | 300 sec total\n|\n|t:|1783550397\n|switch|p2a: Lugia|Lugia, L73|100/100\n|move|p1a: Necrozma|Dragon Dance|p1a: Necrozma\n|-boost|p1a: Necrozma|atk|1\n|-boost|p1a: Necrozma|spe|1\n|\n|upkeep\n|turn|4\n|inactive|Time left: 300 sec this turn | 300 sec total\n|\n|t:|1783550398\n|move|p1a: Necrozma|Dragon Dance|p1a: Necrozma\n|-boost|p1a: Necrozma|atk|1\n|-boost|p1a: Necrozma|spe|1\n|move|p2a: Lugia|Calm Mind|p2a: Lugia\n|-boost|p2a: Lugia|spa|1\n|-boost|p2a: Lugia|spd|1\n|\n|upkeep\n|turn|5\n|inactive|Time left: 300 sec this turn | 300 sec total\n|\n|t:|1783550399\n|move|p1a: Necrozma|Sunsteel Strike|p2a: Lugia\n|-damage|p2a: Lugia|36/100\n|move|p2a: Lugia|Recover|p2a: Lugia\n|-heal|p2a: Lugia|86/100\n|\n|upkeep\n|turn|6\n|inactive|Time left: 300 sec this turn | 300 sec total\n|\n|t:|1783550400\n|move|p1a: Necrozma|Sunsteel Strike|p2a: Lugia\n|-damage|p2a: Lugia|19/100\n|move|p2a: Lugia|Recover|p2a: Lugia\n|-heal|p2a: Lugia|69/100\n|\n|upkeep\n|turn|7\n|inactive|Time left: 300 sec this turn | 300 sec total\n|\n|t:|1783550401\n|move|p1a: Necrozma|Sunsteel Strike|p2a: Lugia\n|-damage|p2a: Lugia|0 fnt\n|faint|p2a: Lugia\n|\n|upkeep\n|\n|t:|1783550402\n|switch|p2a: Chimecho|Chimecho, L93, M|100/100\n|turn|8\n|inactive|Time left: 300 sec this turn | 300 sec total\n|\n|t:|1783550403\n|move|p1a: Necrozma|Sunsteel Strike|p2a: Chimecho\n|-damage|p2a: Chimecho|28/100\n|move|p2a: Chimecho|Recover|p2a: Chimecho\n|-heal|p2a: Chimecho|78/100\n|\n|-heal|p2a: Chimecho|84/100|[from] item: Leftovers\n|upkeep\n|turn|9\n|inactive|Time left: 300 sec this turn | 300 sec total\n|\n|t:|1783550405\n|move|p1a: Necrozma|Sunsteel Strike|p2a: Chimecho\n|-damage|p2a: Chimecho|18/100\n|move|p2a: Chimecho|Calm Mind|p2a: Chimecho\n|-boost|p2a: Chimecho|spa|1\n|-boost|p2a: Chimecho|spd|1\n|\n|-heal|p2a: Chimecho|24/100|[from] item: Leftovers\n|upkeep\n|turn|10\n|inactive|Time left: 300 sec this turn | 300 sec total\n|\n|t:|1783550406\n|switch|p2a: Magnezone|Magnezone, L85|100/100\n|move|p1a: Necrozma|Photon Geyser|p2a: Magnezone\n|-resisted|p2a: Magnezone\n|-damage|p2a: Magnezone|67/100\n|\n|-heal|p2a: Magnezone|73/100|[from] item: Leftovers\n|upkeep\n|turn|11\n|inactive|Time left: 300 sec this turn | 300 sec total\n|\n|t:|1783550407\n|switch|p2a: Chimecho|Chimecho, L93, M|24/100\n|move|p1a: Necrozma|Earthquake|p2a: Chimecho\n|-immune|p2a: Chimecho|[from] ability: Levitate\n|\n|-heal|p2a: Chimecho|30/100|[from] item: Leftovers\n|upkeep\n|turn|12\n|inactive|Time left: 300 sec this turn | 300 sec total\n|\n|t:|1783550408\n|switch|p2a: Magnezone|Magnezone, L85|73/100\n|move|p1a: Necrozma|Sunsteel Strike|p2a: Magnezone\n|-resisted|p2a: Magnezone\n|-damage|p2a: Magnezone|57/100\n|\n|-heal|p2a: Magnezone|63/100|[from] item: Leftovers\n|upkeep\n|turn|13\n|inactive|Time left: 300 sec this turn | 300 sec total\n|\n|t:|1783550409\n|switch|p2a: Chimecho|Chimecho, L93, M|30/100\n|move|p1a: Necrozma|Earthquake|p2a: Chimecho\n|-immune|p2a: Chimecho|[from] ability: Levitate\n|\n|-heal|p2a: Chimecho|36/100|[from] item: Leftovers\n|upkeep\n|turn|14\n|inactive|Time left: 300 sec this turn | 300 sec total\n|\n|t:|1783550410\n|switch|p2a: Magnezone|Magnezone, L85|63/100\n|move|p1a: Necrozma|Sunsteel Strike|p2a: Magnezone\n|-resisted|p2a: Magnezone\n|-crit|p2a: Magnezone\n|-damage|p2a: Magnezone|37/100\n|\n|-heal|p2a: Magnezone|44/100|[from] item: Leftovers\n|upkeep\n|turn|15\n|inactive|Time left: 300 sec this turn | 300 sec total\n|\n|t:|1783550411\n|switch|p2a: Chimecho|Chimecho, L93, M|36/100\n|move|p1a: Necrozma|Earthquake|p2a: Chimecho\n|-immune|p2a: Chimecho|[from] ability: Levitate\n|\n|-heal|p2a: Chimecho|43/100|[from] item: Leftovers\n|upkeep\n|turn|16\n|inactive|Time left: 300 sec this turn | 300 sec total\n|\n|t:|1783550412\n|-terastallize|p2a: Chimecho|Steel\n|move|p1a: Necrozma|Sunsteel Strike|p2a: Chimecho\n|-resisted|p2a: Chimecho\n|-damage|p2a: Chimecho|8/100\n|move|p2a: Chimecho|Recover|p2a: Chimecho\n|-heal|p2a: Chimecho|58/100\n|\n|-heal|p2a: Chimecho|64/100|[from] item: Leftovers\n|upkeep\n|turn|17\n|inactive|Time left: 300 sec this turn | 300 sec total\n|\n|t:|1783550413\n|move|p1a: Necrozma|Photon Geyser|p2a: Chimecho\n|-resisted|p2a: Chimecho\n|-damage|p2a: Chimecho|32/100\n|move|p2a: Chimecho|Recover|p2a: Chimecho\n|-heal|p2a: Chimecho|82/100\n|\n|-heal|p2a: Chimecho|88/100|[from] item: Leftovers\n|upkeep\n|turn|18\n|inactive|Time left: 300 sec this turn | 300 sec total\n|\n|t:|1783550414\n|move|p1a: Necrozma|Dragon Dance|p1a: Necrozma\n|-boost|p1a: Necrozma|atk|1\n|-boost|p1a: Necrozma|spe|1\n|move|p2a: Chimecho|Calm Mind|p2a: Chimecho\n|-boost|p2a: Chimecho|spa|1\n|-boost|p2a: Chimecho|spd|1\n|\n|-heal|p2a: Chimecho|94/100|[from] item: Leftovers\n|upkeep\n|turn|19\n|inactive|Time left: 300 sec this turn | 300 sec total\n|\n|t:|1783550415\n|move|p1a: Necrozma|Dragon Dance|p1a: Necrozma\n|-boost|p1a: Necrozma|atk|1\n|-boost|p1a: Necrozma|spe|1\n|move|p2a: Chimecho|Dazzling Gleam|p1a: Necrozma\n|-resisted|p1a: Necrozma\n|-damage|p1a: Necrozma|195/248\n|\n|-heal|p2a: Chimecho|100/100|[from] item: Leftovers\n|upkeep\n|turn|20\n|inactive|Time left: 300 sec this turn | 300 sec total\n|\n|t:|1783550416\n|move|p1a: Necrozma|Photon Geyser|p2a: Chimecho\n|-resisted|p2a: Chimecho\n|-crit|p2a: Chimecho\n|-damage|p2a: Chimecho|14/100\n|move|p2a: Chimecho|Recover|p2a: Chimecho\n|-heal|p2a: Chimecho|64/100\n|\n|-heal|p2a: Chimecho|70/100|[from] item: Leftovers\n|upkeep\n|turn|21\n|inactive|Time left: 300 sec this turn | 300 sec total\n|\n|t:|1783550417\n|move|p1a: Necrozma|Photon Geyser|p2a: Chimecho\n|-resisted|p2a: Chimecho\n|-damage|p2a: Chimecho|16/100\n|move|p2a: Chimecho|Recover|p2a: Chimecho\n|-heal|p2a: Chimecho|66/100\n|\n|-heal|p2a: Chimecho|72/100|[from] item: Leftovers\n|upkeep\n|turn|22\n|inactive|Time left: 300 sec this turn | 300 sec total\n|\n|t:|1783550419\n|move|p1a: Necrozma|Photon Geyser|p2a: Chimecho\n|-resisted|p2a: Chimecho\n|-damage|p2a: Chimecho|21/100\n|move|p2a: Chimecho|Recover|p2a: Chimecho\n|-heal|p2a: Chimecho|71/100\n|\n|-heal|p2a: Chimecho|77/100|[from] item: Leftovers\n|upkeep\n|turn|23\n|inactive|Time left: 300 sec this turn | 300 sec total\n|\n|t:|1783550420\n|move|p1a: Necrozma|Photon Geyser|p2a: Chimecho\n|-resisted|p2a: Chimecho\n|-damage|p2a: Chimecho|23/100\n|move|p2a: Chimecho|Recover|p2a: Chimecho\n|-heal|p2a: Chimecho|73/100\n|\n|-heal|p2a: Chimecho|79/100|[from] item: Leftovers\n|upkeep\n|turn|24\n|inactive|Time left: 300 sec this turn | 300 sec total\n|\n|t:|1783550421\n|move|p1a: Necrozma|Photon Geyser|p2a: Chimecho\n|-resisted|p2a: Chimecho\n|-damage|p2a: Chimecho|23/100\n|move|p2a: Chimecho|Recover|p2a: Chimecho\n|-heal|p2a: Chimecho|73/100\n|\n|-heal|p2a: Chimecho|79/100|[from] item: Leftovers\n|upkeep\n|turn|25\n|inactive|Time left: 300 sec this turn | 300 sec total\n|\n|t:|1783550422\n|move|p1a: Necrozma|Dragon Dance|p1a: Necrozma\n|-boost|p1a: Necrozma|atk|1\n|-boost|p1a: Necrozma|spe|1\n|move|p2a: Chimecho|Calm Mind|p2a: Chimecho\n|-boost|p2a: Chimecho|spa|1\n|-boost|p2a: Chimecho|spd|1\n|\n|-heal|p2a: Chimecho|85/100|[from] item: Leftovers\n|upkeep\n|turn|26\n|inactive|Time left: 300 sec this turn | 300 sec total\n|\n|t:|1783550423\n|move|p1a: Necrozma|Dragon Dance|p1a: Necrozma\n|-boost|p1a: Necrozma|atk|1\n|-boost|p1a: Necrozma|spe|1\n|move|p2a: Chimecho|Dazzling Gleam|p1a: Necrozma\n|-resisted|p1a: Necrozma\n|-damage|p1a: Necrozma|124/248\n|\n|-heal|p2a: Chimecho|92/100|[from] item: Leftovers\n|upkeep\n|turn|27\n|inactive|Time left: 300 sec this turn | 300 sec total\n|\n|t:|1783550424\n|move|p1a: Necrozma|Photon Geyser|p2a: Chimecho\n|-resisted|p2a: Chimecho\n|-damage|p2a: Chimecho|23/100\n|move|p2a: Chimecho|Dazzling Gleam|p1a: Necrozma\n|-resisted|p1a: Necrozma\n|-damage|p1a: Necrozma|57/248\n|\n|-heal|p2a: Chimecho|29/100|[from] item: Leftovers\n|upkeep\n|turn|28\n|inactive|Time left: 300 sec this turn | 300 sec total\n|\n|t:|1783550426\n|move|p1a: Necrozma|Earthquake|p2a: Chimecho\n|-immune|p2a: Chimecho|[from] ability: Levitate\n|move|p2a: Chimecho|Dazzling Gleam|p1a: Necrozma\n|-resisted|p1a: Necrozma\n|-damage|p1a: Necrozma|0 fnt\n|faint|p1a: Necrozma\n|\n|-heal|p2a: Chimecho|36/100|[from] item: Leftovers\n|upkeep\n|inactive|Time left: 300 sec this turn | 300 sec total | 5 sec grace\n|\n|t:|1783550427\n|switch|p1a: Carbink|Carbink, L90|236/236\n|turn|29\n|inactive|Time left: 300 sec this turn | 300 sec total\n|\n|t:|1783550428\n|move|p2a: Chimecho|Psyshock|p1a: Carbink\n|-damage|p1a: Carbink|109/236\n|move|p1a: Carbink|Body Press|p2a: Chimecho\n|-supereffective|p2a: Chimecho\n|-damage|p2a: Chimecho|0 fnt\n|faint|p2a: Chimecho\n|\n|-heal|p1a: Carbink|123/236|[from] item: Leftovers\n|upkeep\n|\n|t:|1783550429\n|switch|p2a: Gholdengo|Gholdengo, L77|100/100\n|turn|30\n|inactive|Time left: 300 sec this turn | 300 sec total\n|\n|t:|1783550430\n|switch|p1a: Lapras|Lapras, L87, M|367/367\n|move|p2a: Gholdengo|Nasty Plot|p2a: Gholdengo\n|-boost|p2a: Gholdengo|spa|2\n|\n|upkeep\n|turn|31\n|inactive|Time left: 300 sec this turn | 300 sec total\n|\n|t:|1783550431\n|-terastallize|p1a: Lapras|Ground\n|move|p2a: Gholdengo|Shadow Ball|p1a: Lapras\n|-damage|p1a: Lapras|205/367\n|move|p1a: Lapras|Dragon Dance|p1a: Lapras\n|-boost|p1a: Lapras|atk|1\n|-boost|p1a: Lapras|spe|1\n|\n|upkeep\n|turn|32\n|inactive|Time left: 300 sec this turn | 300 sec total\n|\n|t:|1783550433\n|switch|p2a: Magnezone|Magnezone, L85|44/100\n|move|p1a: Lapras|Earthquake|p2a: Magnezone\n|-supereffective|p2a: Magnezone\n|-damage|p2a: Magnezone|0 fnt\n|faint|p2a: Magnezone\n|\n|upkeep\n|\n|t:|1783550433\n|switch|p2a: Conkeldurr|Conkeldurr, L80, M|34/100 brn\n|turn|33\n|inactive|Time left: 300 sec this turn | 300 sec total\n|\n|t:|1783550434\n|move|p2a: Conkeldurr|Mach Punch|p1a: Lapras\n|-damage|p1a: Lapras|120/367\n|move|p1a: Lapras|Earthquake|p2a: Conkeldurr\n|-damage|p2a: Conkeldurr|0 fnt\n|faint|p2a: Conkeldurr\n|\n|upkeep\n|\n|t:|1783550435\n|switch|p2a: Skuntank|Skuntank, L84, M|100/100\n|turn|34\n|inactive|Time left: 300 sec this turn | 300 sec total\n|\n|t:|1783550436\n|move|p2a: Skuntank|Sucker Punch|p1a: Lapras\n|-damage|p1a: Lapras|26/367\n|-damage|p2a: Skuntank|90/100|[from] item: Life Orb\n|move|p1a: Lapras|Earthquake|p2a: Skuntank\n|-supereffective|p2a: Skuntank\n|-damage|p2a: Skuntank|0 fnt\n|faint|p2a: Skuntank\n|\n|upkeep\n|\n|t:|1783550437\n|switch|p2a: Gholdengo|Gholdengo, L77|100/100\n|turn|35\n|inactive|Time left: 300 sec this turn | 300 sec total\n|\n|t:|1783550438\n|move|p1a: Lapras|Earthquake|p2a: Gholdengo\n|-supereffective|p2a: Gholdengo\n|-damage|p2a: Gholdengo|0 fnt\n|faint|p2a: Gholdengo\n|\n|win|p0x904b80d", "uploadtime": 1783550438, "views": 0, "rating": 0, "private": 0, "password": null, "_winner": "p0x904b80d", "_our_name": "p0x904b80d"}