{"id": "battle-gen9randombattle-1336", "formatid": "gen9randombattle", "format": "[Gen 9] Random Battle", "players": ["p0x133688fc", "p0y13360b8b"], "log": "|init|battle\n|title|p0x133688fc vs. p0y13360b8b\n|j|\u2606p0x133688fc\n|j|\u2606p0y13360b8b\n|t:|1783554631\n|gametype|singles\n|player|p1|p0x133688fc|265|\n|player|p2|p0y13360b8b|1|\n|gen|9\n|tier|[Gen 9] Random Battle\n|rule|Species Clause: Limit one of each Pok\u00e9mon\n|rule|HP Percentage Mod: HP is shown in percentages\n|rule|Sleep Clause Mod: Limit one foe put to sleep\n|rule|Illusion Level Mod: Illusion disguises the Pok\u00e9mon's true level\n|\n|t:|1783554631\n|teamsize|p1|6\n|teamsize|p2|6\n|start\n|switch|p1a: Magnezone|Magnezone, L85|100/100\n|switch|p2a: Greninja|Greninja, L80, M|246/246\n|turn|1\n|inactive|Battle timer is ON: inactive players will automatically lose when time's up. (requested by p0y13360b8b)\n|inactive|p0x133688fc also wants the timer to be on.\n|\n|t:|1783554633\n|switch|p2a: Ampharos|Ampharos, L88, M|302/302\n|move|p1a: Magnezone|Thunderbolt|p2a: Ampharos\n|-resisted|p2a: Ampharos\n|-damage|p2a: Ampharos|261/302\n|\n|upkeep\n|turn|2\n|inactive|Time left: 300 sec this turn | 300 sec total\n|\n|t:|1783554634\n|move|p1a: Magnezone|Iron Defense|p1a: Magnezone\n|-boost|p1a: Magnezone|def|2\n|move|p2a: Ampharos|Thunderbolt|p1a: Magnezone\n|-resisted|p1a: Magnezone\n|-crit|p1a: Magnezone\n|-damage|p1a: Magnezone|66/100\n|\n|-heal|p1a: Magnezone|72/100|[from] item: Leftovers\n|upkeep\n|turn|3\n|inactive|Time left: 300 sec this turn | 300 sec total\n|\n|t:|1783554635\n|move|p1a: Magnezone|Body Press|p2a: Ampharos\n|-damage|p2a: Ampharos|122/302\n|move|p2a: Ampharos|Focus Blast|p1a: Magnezone\n|-supereffective|p1a: Magnezone\n|-damage|p1a: Magnezone|0 fnt\n|faint|p1a: Magnezone\n|\n|upkeep\n|\n|t:|1783554636\n|switch|p1a: Cinderace|Cinderace, L77, M|100/100\n|turn|4\n|inactive|Time left: 300 sec this turn | 300 sec total\n|\n|t:|1783554637\n|move|p1a: Cinderace|Pyro Ball|p2a: Ampharos\n|-damage|p2a: Ampharos|0 fnt\n|faint|p2a: Ampharos\n|\n|upkeep\n|inactive|Time left: 300 sec this turn | 300 sec total | 5 sec grace\n|\n|t:|1783554638\n|switch|p2a: Azelf|Azelf, L82|257/257\n|turn|5\n|inactive|Time left: 300 sec this turn | 300 sec total\n|\n|t:|1783554639\n|move|p2a: Azelf|Psychic|p1a: Cinderace\n|-damage|p1a: Cinderace|21/100\n|move|p1a: Cinderace|Pyro Ball|p2a: Azelf\n|-damage|p2a: Azelf|52/257\n|\n|upkeep\n|turn|6\n|inactive|Time left: 300 sec this turn | 300 sec total\n|\n|t:|1783554641\n|switch|p1a: Cresselia|Cresselia, L80, F|100/100\n|move|p2a: Azelf|Psychic|p1a: Cresselia\n|-resisted|p1a: Cresselia\n|-damage|p1a: Cresselia|80/100\n|\n|-heal|p1a: Cresselia|86/100|[from] item: Leftovers\n|upkeep\n|turn|7\n|inactive|Time left: 300 sec this turn | 300 sec total\n|\n|t:|1783554642\n|move|p2a: Azelf|Psychic|p1a: Cresselia\n|-resisted|p1a: Cresselia\n|-damage|p1a: Cresselia|63/100\n|move|p1a: Cresselia|Calm Mind|p1a: Cresselia\n|-boost|p1a: Cresselia|spa|1\n|-boost|p1a: Cresselia|spd|1\n|\n|-heal|p1a: Cresselia|70/100|[from] item: Leftovers\n|upkeep\n|turn|8\n|inactive|Time left: 300 sec this turn | 300 sec total\n|\n|t:|1783554643\n|switch|p2a: Mabosstiff|Mabosstiff, L86, F|278/278\n|move|p1a: Cresselia|Moonblast|p2a: Mabosstiff\n|-supereffective|p2a: Mabosstiff\n|-damage|p2a: Mabosstiff|100/278\n|\n|-heal|p1a: Cresselia|76/100|[from] item: Leftovers\n|upkeep\n|turn|9\n|inactive|Time left: 300 sec this turn | 300 sec total\n|\n|t:|1783554644\n|-terastallize|p1a: Cresselia|Steel\n|move|p2a: Mabosstiff|Crunch|p1a: Cresselia\n|-damage|p1a: Cresselia|48/100\n|move|p1a: Cresselia|Moonblast|p2a: Mabosstiff\n|-supereffective|p2a: Mabosstiff\n|-damage|p2a: Mabosstiff|0 fnt\n|faint|p2a: Mabosstiff\n|\n|-heal|p1a: Cresselia|55/100|[from] item: Leftovers\n|upkeep\n|inactive|Time left: 300 sec this turn | 300 sec total | 5 sec grace\n|\n|t:|1783554645\n|switch|p2a: Orthworm|Orthworm, L88, M|266/266\n|turn|10\n|inactive|Time left: 300 sec this turn | 300 sec total\n|\n|t:|1783554646\n|move|p1a: Cresselia|Moonlight|p1a: Cresselia\n|-heal|p1a: Cresselia|100/100\n|move|p2a: Orthworm|Body Press|p1a: Cresselia\n|-supereffective|p1a: Cresselia\n|-damage|p1a: Cresselia|57/100\n|\n|-heal|p1a: Cresselia|63/100|[from] item: Leftovers\n|upkeep\n|turn|11\n|inactive|Time left: 300 sec this turn | 300 sec total\n|\n|t:|1783554647\n|move|p1a: Cresselia|Moonlight|p1a: Cresselia\n|-heal|p1a: Cresselia|100/100\n|move|p2a: Orthworm|Body Press|p1a: Cresselia\n|-supereffective|p1a: Cresselia\n|-damage|p1a: Cresselia|52/100\n|\n|-heal|p1a: Cresselia|58/100|[from] item: Leftovers\n|upkeep\n|turn|12\n|inactive|Time left: 300 sec this turn | 300 sec total\n|\n|t:|1783554648\n|move|p1a: Cresselia|Moonlight|p1a: Cresselia\n|-heal|p1a: Cresselia|100/100\n|move|p2a: Orthworm|Body Press|p1a: Cresselia\n|-supereffective|p1a: Cresselia\n|-damage|p1a: Cresselia|55/100\n|\n|-heal|p1a: Cresselia|61/100|[from] item: Leftovers\n|upkeep\n|turn|13\n|inactive|Time left: 300 sec this turn | 300 sec total\n|\n|t:|1783554649\n|move|p1a: Cresselia|Moonlight|p1a: Cresselia\n|-heal|p1a: Cresselia|100/100\n|move|p2a: Orthworm|Body Press|p1a: Cresselia\n|-supereffective|p1a: Cresselia\n|-crit|p1a: Cresselia\n|-damage|p1a: Cresselia|32/100\n|\n|-heal|p1a: Cresselia|38/100|[from] item: Leftovers\n|upkeep\n|turn|14\n|inactive|Time left: 300 sec this turn | 300 sec total\n|\n|t:|1783554650\n|move|p1a: Cresselia|Moonlight|p1a: Cresselia\n|-heal|p1a: Cresselia|88/100\n|move|p2a: Orthworm|Body Press|p1a: Cresselia\n|-supereffective|p1a: Cresselia\n|-damage|p1a: Cresselia|40/100\n|\n|-heal|p1a: Cresselia|46/100|[from] item: Leftovers\n|upkeep\n|turn|15\n|inactive|Time left: 300 sec this turn | 300 sec total\n|\n|t:|1783554651\n|move|p1a: Cresselia|Moonlight|p1a: Cresselia\n|-heal|p1a: Cresselia|96/100\n|move|p2a: Orthworm|Body Press|p1a: Cresselia\n|-supereffective|p1a: Cresselia\n|-damage|p1a: Cresselia|50/100\n|\n|-heal|p1a: Cresselia|57/100|[from] item: Leftovers\n|upkeep\n|turn|16\n|inactive|Time left: 300 sec this turn | 300 sec total\n|\n|t:|1783554653\n|move|p1a: Cresselia|Moonlight|p1a: Cresselia\n|-heal|p1a: Cresselia|100/100\n|move|p2a: Orthworm|Body Press|p1a: Cresselia\n|-supereffective|p1a: Cresselia\n|-crit|p1a: Cresselia\n|-damage|p1a: Cresselia|24/100\n|\n|-heal|p1a: Cresselia|30/100|[from] item: Leftovers\n|upkeep\n|turn|17\n|inactive|Time left: 300 sec this turn | 300 sec total\n|\n|t:|1783554654\n|move|p1a: Cresselia|Moonlight|p1a: Cresselia\n|-heal|p1a: Cresselia|80/100\n|move|p2a: Orthworm|Body Press|p1a: Cresselia\n|-supereffective|p1a: Cresselia\n|-damage|p1a: Cresselia|32/100\n|\n|-heal|p1a: Cresselia|38/100|[from] item: Leftovers\n|upkeep\n|turn|18\n|inactive|Time left: 300 sec this turn | 300 sec total\n|\n|t:|1783554655\n|move|p1a: Cresselia|Moonblast|p2a: Orthworm\n|-resisted|p2a: Orthworm\n|-damage|p2a: Orthworm|213/266\n|-unboost|p2a: Orthworm|spa|1\n|move|p2a: Orthworm|Body Press|p1a: Cresselia\n|-supereffective|p1a: Cresselia\n|-damage|p1a: Cresselia|0 fnt\n|faint|p1a: Cresselia\n|\n|-heal|p2a: Orthworm|229/266|[from] item: Leftovers\n|upkeep\n|\n|t:|1783554656\n|switch|p1a: Cinderace|Cinderace, L77, M|21/100\n|turn|19\n|inactive|Time left: 300 sec this turn | 300 sec total\n|\n|t:|1783554657\n|move|p1a: Cinderace|Pyro Ball|p2a: Orthworm\n|-supereffective|p2a: Orthworm\n|-damage|p2a: Orthworm|7/266\n|move|p2a: Orthworm|Body Press|p1a: Cinderace\n|-damage|p1a: Cinderace|0 fnt\n|faint|p1a: Cinderace\n|\n|-heal|p2a: Orthworm|23/266|[from] item: Leftovers\n|upkeep\n|\n|t:|1783554658\n|switch|p1a: Azelf|Azelf, L82|100/100\n|turn|20\n|inactive|Time left: 300 sec this turn | 300 sec total\n|\n|t:|1783554659\n|move|p1a: Azelf|Knock Off|p2a: Orthworm\n|-damage|p2a: Orthworm|0 fnt\n|-enditem|p2a: Orthworm|Leftovers|[from] move: Knock Off|[of] p1a: Azelf\n|faint|p2a: Orthworm\n|\n|upkeep\n|inactive|Time left: 300 sec this turn | 300 sec total | 5 sec grace\n|\n|t:|1783554659\n|switch|p2a: Drifblim|Drifblim, L86, F|398/398\n|turn|21\n|inactive|Time left: 300 sec this turn | 300 sec total\n|\n|t:|1783554660\n|move|p1a: Azelf|Knock Off|p2a: Drifblim\n|-supereffective|p2a: Drifblim\n|-damage|p2a: Drifblim|142/398\n|-enditem|p2a: Drifblim|Heavy-Duty Boots|[from] move: Knock Off|[of] p1a: Azelf\n|move|p2a: Drifblim|Strength Sap|p1a: Azelf\n|-unboost|p1a: Azelf|atk|1\n|-heal|p2a: Drifblim|394/398\n|\n|upkeep\n|turn|22\n|inactive|Time left: 300 sec this turn | 300 sec total\n|\n|t:|1783554661\n|switch|p1a: Mandibuzz|Mandibuzz, L85, F|100/100\n|move|p2a: Drifblim|Shadow Ball|p1a: Mandibuzz\n|-resisted|p1a: Mandibuzz\n|-damage|p1a: Mandibuzz|89/100\n|\n|upkeep\n|turn|23\n|inactive|Time left: 300 sec this turn | 300 sec total\n|\n|t:|1783554662\n|move|p2a: Drifblim|Strength Sap|p1a: Mandibuzz\n|-unboost|p1a: Mandibuzz|atk|1\n|-heal|p2a: Drifblim|398/398\n|move|p1a: Mandibuzz|Foul Play|p2a: Drifblim\n|-supereffective|p2a: Drifblim\n|-damage|p2a: Drifblim|164/398\n|\n|upkeep\n|turn|24\n|inactive|Time left: 300 sec this turn | 300 sec total\n|\n|t:|1783554662\n|move|p2a: Drifblim|Air Slash|p1a: Mandibuzz\n|-damage|p1a: Mandibuzz|65/100\n|move|p1a: Mandibuzz|Foul Play|p2a: Drifblim\n|-supereffective|p2a: Drifblim\n|-damage|p2a: Drifblim|0 fnt\n|-damage|p1a: Mandibuzz|40/100|[from] ability: Aftermath|[of] p2a: Drifblim\n|faint|p2a: Drifblim\n|\n|upkeep\n|inactive|Time left: 300 sec this turn | 300 sec total | 5 sec grace\n|\n|t:|1783554663\n|switch|p2a: Azelf|Azelf, L82|52/257\n|turn|25\n|inactive|Time left: 300 sec this turn | 300 sec total\n|\n|t:|1783554664\n|move|p2a: Azelf|Dazzling Gleam|p1a: Mandibuzz\n|-supereffective|p1a: Mandibuzz\n|-damage|p1a: Mandibuzz|0 fnt\n|faint|p1a: Mandibuzz\n|\n|upkeep\n|\n|t:|1783554664\n|switch|p1a: Azelf|Azelf, L82|100/100\n|turn|26\n|inactive|Time left: 300 sec this turn | 300 sec total\n|\n|t:|1783554665\n|move|p1a: Azelf|Knock Off|p2a: Azelf\n|-supereffective|p2a: Azelf\n|-damage|p2a: Azelf|0 fnt\n|-enditem|p2a: Azelf|Choice Specs|[from] move: Knock Off|[of] p1a: Azelf\n|faint|p2a: Azelf\n|\n|upkeep\n|inactive|Time left: 300 sec this turn | 300 sec total | 5 sec grace\n|\n|t:|1783554666\n|switch|p2a: Greninja|Greninja, L80, M|246/246\n|turn|27\n|inactive|Time left: 300 sec this turn | 300 sec total\n|\n|t:|1783554667\n|move|p2a: Greninja|Hydro Pump|p1a: Azelf|[miss]\n|-start|p2a: Greninja|typechange|Water|[from] ability: Protean\n|-miss|p2a: Greninja|p1a: Azelf\n|move|p1a: Azelf|Explosion|p2a: Greninja\n|-damage|p2a: Greninja|0 fnt\n|faint|p1a: Azelf\n|faint|p2a: Greninja\n|\n|win|p0x133688fc", "uploadtime": 1783554667, "views": 0, "rating": 0, "private": 0, "password": null, "_winner": "p0x133688fc", "_our_name": "p0y13360b8b"}