{"id": "battle-gen9randombattle-1987", "formatid": "gen9randombattle", "format": "[Gen 9] Random Battle", "players": ["p0x1987cc67", "p0y19876028"], "log": "|init|battle\n|title|p0x1987cc67 vs. p0y19876028\n|j|\u2606p0x1987cc67\n|j|\u2606p0y19876028\n|t:|1783562998\n|gametype|singles\n|player|p1|p0x1987cc67|1|\n|player|p2|p0y19876028|101|\n|gen|9\n|tier|[Gen 9] Random Battle\n|rule|Species Clause: Limit one of each Pok\u00e9mon\n|rule|HP Percentage Mod: HP is shown in percentages\n|rule|Sleep Clause Mod: Limit one foe put to sleep\n|rule|Illusion Level Mod: Illusion disguises the Pok\u00e9mon's true level\n|\n|t:|1783562998\n|teamsize|p1|6\n|teamsize|p2|6\n|start\n|switch|p1a: Ceruledge|Ceruledge, L78, F|100/100\n|switch|p2a: Raging Bolt|Raging Bolt, L78|323/323\n|turn|1\n|inactive|Battle timer is ON: inactive players will automatically lose when time's up. (requested by p0x1987cc67)\n|inactive|Time left: 300 sec this turn | 300 sec total | 60 sec grace\n|inactive|p0y19876028 also wants the timer to be on.\n|\n|t:|1783562999\n|move|p1a: Ceruledge|Swords Dance|p1a: Ceruledge\n|-boost|p1a: Ceruledge|atk|2\n|move|p2a: Raging Bolt|Thunderbolt|p1a: Ceruledge\n|-damage|p1a: Ceruledge|55/100\n|-status|p1a: Ceruledge|par\n|\n|upkeep\n|turn|2\n|inactive|Time left: 300 sec this turn | 300 sec total\n|\n|t:|1783563001\n|move|p2a: Raging Bolt|Draco Meteor|p1a: Ceruledge\n|-damage|p1a: Ceruledge|0 fnt\n|-unboost|p2a: Raging Bolt|spa|2\n|faint|p1a: Ceruledge\n|\n|upkeep\n|\n|t:|1783563002\n|switch|p1a: Minior|Minior-Violet, L79|100/100\n|-formechange|p1a: Minior|Minior-Meteor||[from] ability: Shields Down\n|turn|3\n|inactive|Time left: 300 sec this turn | 300 sec total\n|\n|t:|1783563003\n|move|p2a: Raging Bolt|Volt Switch|p1a: Minior\n|-supereffective|p1a: Minior\n|-damage|p1a: Minior|65/100\n|inactive|Time left: 300 sec this turn | 300 sec total | 5 sec grace\n|\n|t:|1783563004\n|-end|p2a: Raging Bolt|Protosynthesis|[silent]\n|switch|p2a: Poliwrath|Poliwrath, L88, M|302/302|[from] Volt Switch\n|move|p1a: Minior|Shell Smash|p1a: Minior\n|-unboost|p1a: Minior|def|1\n|-unboost|p1a: Minior|spd|1\n|-boost|p1a: Minior|atk|2\n|-boost|p1a: Minior|spa|2\n|-boost|p1a: Minior|spe|2\n|-enditem|p1a: Minior|White Herb\n|-clearnegativeboost|p1a: Minior|[silent]\n|\n|upkeep\n|turn|4\n|inactive|Time left: 300 sec this turn | 300 sec total\n|\n|t:|1783563005\n|move|p1a: Minior|Acrobatics|p2a: Poliwrath\n|-supereffective|p2a: Poliwrath\n|-damage|p2a: Poliwrath|54/302\n|move|p2a: Poliwrath|Liquidation|p1a: Minior\n|-supereffective|p1a: Minior\n|-crit|p1a: Minior\n|-damage|p1a: Minior|0 fnt\n|faint|p1a: Minior\n|\n|-heal|p2a: Poliwrath|72/302|[from] item: Leftovers\n|upkeep\n|\n|t:|1783563005\n|switch|p1a: Raging Bolt|Raging Bolt, L78|100/100\n|-enditem|p1a: Raging Bolt|Booster Energy\n|-activate|p1a: Raging Bolt|ability: Protosynthesis|[fromitem]\n|-start|p1a: Raging Bolt|protosynthesisspa\n|turn|5\n|inactive|Time left: 300 sec this turn | 300 sec total\n|\n|t:|1783563007\n|switch|p2a: Raging Bolt|Raging Bolt, L78|323/323\n|move|p1a: Raging Bolt|Dragon Pulse|p2a: Raging Bolt\n|-supereffective|p2a: Raging Bolt\n|-damage|p2a: Raging Bolt|135/323\n|\n|upkeep\n|turn|6\n|inactive|Time left: 300 sec this turn | 300 sec total\n|\n|t:|1783563007\n|move|p1a: Raging Bolt|Dragon Pulse|p2a: Raging Bolt\n|-supereffective|p2a: Raging Bolt\n|-damage|p2a: Raging Bolt|0 fnt\n|faint|p2a: Raging Bolt\n|-end|p2a: Raging Bolt|Protosynthesis|[silent]\n|\n|upkeep\n|inactive|Time left: 300 sec this turn | 300 sec total | 5 sec grace\n|\n|t:|1783563008\n|switch|p2a: Muk|Muk-Alola, L82, F|306/306\n|turn|7\n|inactive|Time left: 300 sec this turn | 300 sec total\n|\n|t:|1783563009\n|move|p1a: Raging Bolt|Calm Mind|p1a: Raging Bolt\n|-boost|p1a: Raging Bolt|spa|1\n|-boost|p1a: Raging Bolt|spd|1\n|move|p2a: Muk|Poison Jab|p1a: Raging Bolt\n|-damage|p1a: Raging Bolt|73/100\n|\n|upkeep\n|turn|8\n|inactive|Time left: 300 sec this turn | 300 sec total\n|\n|t:|1783563010\n|move|p1a: Raging Bolt|Thunderbolt|p2a: Muk\n|-damage|p2a: Muk|171/306\n|move|p2a: Muk|Ice Punch|p1a: Raging Bolt\n|-supereffective|p1a: Raging Bolt\n|-damage|p1a: Raging Bolt|37/100\n|-status|p1a: Raging Bolt|frz\n|\n|upkeep\n|turn|9\n|inactive|Time left: 300 sec this turn | 300 sec total\n|\n|t:|1783563011\n|-curestatus|p1a: Raging Bolt|frz|[msg]\n|move|p1a: Raging Bolt|Dragon Pulse|p2a: Muk\n|-damage|p2a: Muk|48/306\n|move|p2a: Muk|Ice Punch|p1a: Raging Bolt\n|-supereffective|p1a: Raging Bolt\n|-damage|p1a: Raging Bolt|1/100\n|-status|p1a: Raging Bolt|psn|[from] ability: Poison Touch|[of] p2a: Muk\n|\n|-damage|p1a: Raging Bolt|0 fnt|[from] psn\n|faint|p1a: Raging Bolt\n|-end|p1a: Raging Bolt|Protosynthesis|[silent]\n|upkeep\n|\n|t:|1783563012\n|switch|p1a: Honchkrow|Honchkrow, L86, M|100/100\n|turn|10\n|inactive|Time left: 300 sec this turn | 300 sec total\n|\n|t:|1783563013\n|switch|p2a: Metagross|Metagross, L79|256/256\n|move|p1a: Honchkrow|Brave Bird|p2a: Metagross\n|-resisted|p2a: Metagross\n|-damage|p2a: Metagross|188/256\n|-damage|p1a: Honchkrow|93/100|[from] Recoil\n|\n|-heal|p2a: Metagross|204/256|[from] item: Leftovers\n|upkeep\n|turn|11\n|inactive|Time left: 300 sec this turn | 300 sec total\n|\n|t:|1783563014\n|move|p1a: Honchkrow|Heat Wave|p2a: Metagross\n|-supereffective|p2a: Metagross\n|-damage|p2a: Metagross|60/256\n|move|p2a: Metagross|Heavy Slam|p1a: Honchkrow\n|-damage|p1a: Honchkrow|26/100\n|\n|-heal|p2a: Metagross|76/256|[from] item: Leftovers\n|upkeep\n|turn|12\n|inactive|Time left: 300 sec this turn | 300 sec total\n|\n|t:|1783563016\n|switch|p2a: Poliwrath|Poliwrath, L88, M|72/302\n|move|p1a: Honchkrow|Brave Bird|p2a: Poliwrath\n|-supereffective|p2a: Poliwrath\n|-damage|p2a: Poliwrath|0 fnt\n|faint|p2a: Poliwrath\n|-ability|p1a: Honchkrow|Moxie|boost\n|-boost|p1a: Honchkrow|atk|1\n|-damage|p1a: Honchkrow|18/100|[from] Recoil\n|\n|upkeep\n|inactive|Time left: 300 sec this turn | 300 sec total | 5 sec grace\n|\n|t:|1783563016\n|switch|p2a: Dudunsparce|Dudunsparce, L83, F|343/343\n|turn|13\n|inactive|Time left: 300 sec this turn | 300 sec total\n|\n|t:|1783563018\n|-terastallize|p1a: Honchkrow|Flying\n|move|p1a: Honchkrow|Brave Bird|p2a: Dudunsparce\n|-damage|p2a: Dudunsparce|9/343\n|-damage|p1a: Honchkrow|0 fnt|[from] Recoil\n|faint|p1a: Honchkrow\n|move|p2a: Dudunsparce|Roost|p2a: Dudunsparce\n|-heal|p2a: Dudunsparce|181/343\n|-singleturn|p2a: Dudunsparce|move: Roost\n|\n|-heal|p2a: Dudunsparce|202/343|[from] item: Leftovers\n|upkeep\n|\n|t:|1783563018\n|switch|p1a: Inteleon|Inteleon, L81, F|100/100\n|turn|14\n|inactive|Time left: 300 sec this turn | 300 sec total\n|\n|t:|1783563019\n|switch|p2a: Vaporeon|Vaporeon, L86, F|364/364\n|move|p1a: Inteleon|Hydro Pump|p2a: Vaporeon\n|-immune|p2a: Vaporeon|[from] ability: Water Absorb\n|\n|upkeep\n|turn|15\n|inactive|Time left: 300 sec this turn | 300 sec total\n|\n|t:|1783563021\n|move|p1a: Inteleon|Hydro Pump|p2a: Vaporeon\n|-immune|p2a: Vaporeon|[from] ability: Water Absorb\n|move|p2a: Vaporeon|Scald|p1a: Inteleon\n|-resisted|p1a: Inteleon\n|-crit|p1a: Inteleon\n|-damage|p1a: Inteleon|63/100\n|\n|upkeep\n|turn|16\n|inactive|Time left: 300 sec this turn | 300 sec total\n|\n|t:|1783563022\n|move|p1a: Inteleon|Hydro Pump|p2a: Vaporeon\n|-immune|p2a: Vaporeon|[from] ability: Water Absorb\n|move|p2a: Vaporeon|Scald|p1a: Inteleon\n|-resisted|p1a: Inteleon\n|-damage|p1a: Inteleon|37/100\n|\n|upkeep\n|turn|17\n|inactive|Time left: 300 sec this turn | 300 sec total\n|\n|t:|1783563023\n|move|p1a: Inteleon|Hydro Pump|p2a: Vaporeon\n|-immune|p2a: Vaporeon|[from] ability: Water Absorb\n|move|p2a: Vaporeon|Scald|p1a: Inteleon\n|-resisted|p1a: Inteleon\n|-damage|p1a: Inteleon|9/100\n|\n|upkeep\n|turn|18\n|inactive|Time left: 300 sec this turn | 300 sec total\n|\n|t:|1783563024\n|move|p1a: Inteleon|Hydro Pump|p2a: Vaporeon\n|-immune|p2a: Vaporeon|[from] ability: Water Absorb\n|move|p2a: Vaporeon|Scald|p1a: Inteleon\n|-resisted|p1a: Inteleon\n|-damage|p1a: Inteleon|0 fnt\n|faint|p1a: Inteleon\n|\n|upkeep\n|\n|t:|1783563025\n|switch|p1a: Spectrier|Spectrier, L75|100/100\n|turn|19\n|inactive|Time left: 300 sec this turn | 300 sec total\n|\n|t:|1783563026\n|move|p1a: Spectrier|Nasty Plot|p1a: Spectrier\n|-boost|p1a: Spectrier|spa|2\n|move|p2a: Vaporeon|Scald|p1a: Spectrier\n|-damage|p1a: Spectrier|60/100\n|\n|upkeep\n|turn|20\n|inactive|Time left: 300 sec this turn | 300 sec total\n|\n|t:|1783563027\n|move|p1a: Spectrier|Draining Kiss|p2a: Vaporeon\n|-damage|p2a: Vaporeon|263/364\n|-heal|p1a: Spectrier|87/100|[from] drain|[of] p2a: Vaporeon\n|-damage|p1a: Spectrier|78/100|[from] item: Life Orb\n|move|p2a: Vaporeon|Scald|p1a: Spectrier\n|-damage|p1a: Spectrier|37/100\n|\n|-heal|p2a: Vaporeon|285/364|[from] item: Leftovers\n|upkeep\n|turn|21\n|inactive|Time left: 300 sec this turn | 300 sec total\n|\n|t:|1783563028\n|move|p1a: Spectrier|Draining Kiss|p2a: Vaporeon\n|-damage|p2a: Vaporeon|188/364\n|-heal|p1a: Spectrier|64/100|[from] drain|[of] p2a: Vaporeon\n|-damage|p1a: Spectrier|54/100|[from] item: Life Orb\n|move|p2a: Vaporeon|Scald|p1a: Spectrier\n|-damage|p1a: Spectrier|9/100\n|\n|-heal|p2a: Vaporeon|210/364|[from] item: Leftovers\n|upkeep\n|turn|22\n|inactive|Time left: 300 sec this turn | 300 sec total\n|\n|t:|1783563029\n|move|p1a: Spectrier|Draining Kiss|p2a: Vaporeon\n|-damage|p2a: Vaporeon|122/364\n|-heal|p1a: Spectrier|33/100|[from] drain|[of] p2a: Vaporeon\n|-damage|p1a: Spectrier|23/100|[from] item: Life Orb\n|move|p2a: Vaporeon|Scald|p1a: Spectrier\n|-damage|p1a: Spectrier|0 fnt\n|faint|p1a: Spectrier\n|\n|win|p0y19876028", "uploadtime": 1783563029, "views": 0, "rating": 0, "private": 0, "password": null, "_winner": "p0y19876028", "_our_name": "p0y19876028"}