{"id": "battle-gen9randombattle-2507", "formatid": "gen9randombattle", "format": "[Gen 9] Random Battle", "players": ["p0x2506ea6c", "p0y250629b5"], "log": "|init|battle\n|title|p0x2506ea6c vs. p0y250629b5\n|j|\u2606p0x2506ea6c\n|j|\u2606p0y250629b5\n|t:|1783568056\n|gametype|singles\n|player|p1|p0x2506ea6c|101|\n|player|p2|p0y250629b5|102|\n|gen|9\n|tier|[Gen 9] Random Battle\n|rule|Species Clause: Limit one of each Pok\u00e9mon\n|rule|HP Percentage Mod: HP is shown in percentages\n|rule|Sleep Clause Mod: Limit one foe put to sleep\n|rule|Illusion Level Mod: Illusion disguises the Pok\u00e9mon's true level\n|\n|t:|1783568056\n|teamsize|p1|6\n|teamsize|p2|6\n|start\n|switch|p1a: Furret|Furret, L94, F|100/100\n|switch|p2a: Masquerain|Masquerain, L87, F|264/264\n|-item|p2a: Masquerain|Heavy-Duty Boots|[from] ability: Frisk|[of] p1a: Furret\n|-ability|p2a: Masquerain|Intimidate|boost\n|-unboost|p1a: Furret|atk|1\n|turn|1\n|inactive|Battle timer is ON: inactive players will automatically lose when time's up. (requested by p0y250629b5)\n|inactive|p0x2506ea6c also wants the timer to be on.\n|\n|t:|1783568057\n|move|p1a: Furret|Double-Edge|p2a: Masquerain\n|-damage|p2a: Masquerain|114/264\n|-damage|p1a: Furret|84/100|[from] Recoil\n|move|p2a: Masquerain|Quiver Dance|p2a: Masquerain\n|-boost|p2a: Masquerain|spa|1\n|-boost|p2a: Masquerain|spd|1\n|-boost|p2a: Masquerain|spe|1\n|\n|upkeep\n|turn|2\n|inactive|Time left: 300 sec this turn | 300 sec total\n|\n|t:|1783568059\n|move|p2a: Masquerain|Hurricane|p1a: Furret\n|-damage|p1a: Furret|3/100\n|-start|p1a: Furret|confusion\n|-activate|p1a: Furret|confusion\n|move|p1a: Furret|Double-Edge|p2a: Masquerain\n|-damage|p2a: Masquerain|0 fnt\n|faint|p2a: Masquerain\n|-damage|p1a: Furret|0 fnt|[from] Recoil\n|faint|p1a: Furret\n|\n|upkeep\n|inactive|Time left: 300 sec this turn | 300 sec total | 5 sec grace\n|\n|t:|1783568060\n|switch|p1a: Bellossom|Bellossom, L84, M|100/100\n|switch|p2a: Wo-Chien|Wo-Chien, L83|277/277\n|-ability|p2a: Wo-Chien|Tablets of Ruin\n|turn|3\n|inactive|Time left: 300 sec this turn | 300 sec total\n|\n|t:|1783568061\n|move|p2a: Wo-Chien|Knock Off|p1a: Bellossom\n|-damage|p1a: Bellossom|66/100\n|-enditem|p1a: Bellossom|Leftovers|[from] move: Knock Off|[of] p2a: Wo-Chien\n|move|p1a: Bellossom|Quiver Dance|p1a: Bellossom\n|-boost|p1a: Bellossom|spa|1\n|-boost|p1a: Bellossom|spd|1\n|-boost|p1a: Bellossom|spe|1\n|\n|upkeep\n|turn|4\n|inactive|Time left: 300 sec this turn | 300 sec total\n|\n|t:|1783568062\n|move|p1a: Bellossom|Quiver Dance|p1a: Bellossom\n|-boost|p1a: Bellossom|spa|1\n|-boost|p1a: Bellossom|spd|1\n|-boost|p1a: Bellossom|spe|1\n|move|p2a: Wo-Chien|Ruination|p1a: Bellossom\n|-damage|p1a: Bellossom|33/100\n|\n|upkeep\n|turn|5\n|inactive|Time left: 300 sec this turn | 300 sec total\n|\n|t:|1783568063\n|move|p1a: Bellossom|Strength Sap|p2a: Wo-Chien\n|-unboost|p2a: Wo-Chien|atk|1\n|-heal|p1a: Bellossom|100/100\n|move|p2a: Wo-Chien|Ruination|p1a: Bellossom\n|-damage|p1a: Bellossom|51/100\n|\n|upkeep\n|turn|6\n|inactive|Time left: 300 sec this turn | 300 sec total\n|\n|t:|1783568064\n|move|p1a: Bellossom|Strength Sap|p2a: Wo-Chien\n|-unboost|p2a: Wo-Chien|atk|1\n|-heal|p1a: Bellossom|99/100\n|move|p2a: Wo-Chien|Ruination|p1a: Bellossom\n|-damage|p1a: Bellossom|50/100\n|\n|upkeep\n|turn|7\n|inactive|Time left: 300 sec this turn | 300 sec total\n|\n|t:|1783568065\n|switch|p2a: Sylveon|Sylveon, L85, F|300/300\n|move|p1a: Bellossom|Quiver Dance|p1a: Bellossom\n|-boost|p1a: Bellossom|spa|1\n|-boost|p1a: Bellossom|spd|1\n|-boost|p1a: Bellossom|spe|1\n|\n|upkeep\n|turn|8\n|inactive|Time left: 300 sec this turn | 300 sec total\n|\n|t:|1783568066\n|move|p1a: Bellossom|Strength Sap|p2a: Sylveon\n|-unboost|p2a: Sylveon|atk|1\n|-heal|p1a: Bellossom|93/100\n|move|p2a: Sylveon|Calm Mind|p2a: Sylveon\n|-boost|p2a: Sylveon|spa|1\n|-boost|p2a: Sylveon|spd|1\n|\n|upkeep\n|turn|9\n|inactive|Time left: 300 sec this turn | 300 sec total\n|\n|t:|1783568067\n|move|p1a: Bellossom|Quiver Dance|p1a: Bellossom\n|-boost|p1a: Bellossom|spa|1\n|-boost|p1a: Bellossom|spd|1\n|-boost|p1a: Bellossom|spe|1\n|move|p2a: Sylveon|Calm Mind|p2a: Sylveon\n|-boost|p2a: Sylveon|spa|1\n|-boost|p2a: Sylveon|spd|1\n|\n|upkeep\n|turn|10\n|inactive|Time left: 300 sec this turn | 300 sec total\n|\n|t:|1783568068\n|move|p1a: Bellossom|Quiver Dance|p1a: Bellossom\n|-boost|p1a: Bellossom|spa|1\n|-boost|p1a: Bellossom|spd|1\n|-boost|p1a: Bellossom|spe|1\n|move|p2a: Sylveon|Calm Mind|p2a: Sylveon\n|-boost|p2a: Sylveon|spa|1\n|-boost|p2a: Sylveon|spd|1\n|\n|upkeep\n|turn|11\n|inactive|Time left: 300 sec this turn | 300 sec total\n|\n|t:|1783568069\n|move|p1a: Bellossom|Giga Drain|p2a: Sylveon\n|-damage|p2a: Sylveon|216/300\n|-heal|p1a: Bellossom|100/100|[from] drain|[of] p2a: Sylveon\n|move|p2a: Sylveon|Hyper Voice|p1a: Bellossom\n|-damage|p1a: Bellossom|67/100\n|\n|-heal|p2a: Sylveon|234/300|[from] item: Leftovers\n|upkeep\n|turn|12\n|inactive|Time left: 300 sec this turn | 300 sec total\n|\n|t:|1783568070\n|move|p1a: Bellossom|Strength Sap|p2a: Sylveon\n|-unboost|p2a: Sylveon|atk|1\n|-heal|p1a: Bellossom|96/100\n|move|p2a: Sylveon|Hyper Voice|p1a: Bellossom\n|-damage|p1a: Bellossom|62/100\n|\n|-heal|p2a: Sylveon|252/300|[from] item: Leftovers\n|upkeep\n|turn|13\n|inactive|Time left: 300 sec this turn | 300 sec total\n|\n|t:|1783568071\n|move|p1a: Bellossom|Strength Sap|p2a: Sylveon\n|-unboost|p2a: Sylveon|atk|1\n|-heal|p1a: Bellossom|83/100\n|move|p2a: Sylveon|Hyper Voice|p1a: Bellossom\n|-crit|p1a: Bellossom\n|-damage|p1a: Bellossom|0 fnt\n|faint|p1a: Bellossom\n|\n|-heal|p2a: Sylveon|270/300|[from] item: Leftovers\n|upkeep\n|\n|t:|1783568072\n|switch|p1a: Entei|Entei, L78|100/100\n|turn|14\n|inactive|Time left: 300 sec this turn | 300 sec total\n|\n|t:|1783568073\n|move|p1a: Entei|Sacred Fire|p2a: Sylveon\n|-damage|p2a: Sylveon|62/300\n|move|p2a: Sylveon|Hyper Voice|p1a: Entei\n|-resisted|p1a: Entei\n|-crit|p1a: Entei\n|-damage|p1a: Entei|11/100\n|\n|-heal|p2a: Sylveon|80/300|[from] item: Leftovers\n|upkeep\n|turn|15\n|inactive|Time left: 300 sec this turn | 300 sec total\n|\n|t:|1783568074\n|move|p1a: Entei|Sacred Fire|p2a: Sylveon\n|-damage|p2a: Sylveon|0 fnt\n|faint|p2a: Sylveon\n|\n|upkeep\n|inactive|Time left: 300 sec this turn | 300 sec total | 5 sec grace\n|\n|t:|1783568075\n|switch|p2a: Rampardos|Rampardos, L90, M|321/321\n|turn|16\n|inactive|Time left: 300 sec this turn | 300 sec total\n|\n|t:|1783568076\n|move|p2a: Rampardos|Rock Slide|p1a: Entei\n|-supereffective|p1a: Entei\n|-damage|p1a: Entei|0 fnt\n|faint|p1a: Entei\n|\n|upkeep\n|\n|t:|1783568076\n|switch|p1a: Azumarill|Azumarill, L82, M|100/100\n|turn|17\n|inactive|Time left: 300 sec this turn | 300 sec total\n|\n|t:|1783568077\n|switch|p2a: Wo-Chien|Wo-Chien, L83|277/277\n|-ability|p2a: Wo-Chien|Tablets of Ruin\n|move|p1a: Azumarill|Liquidation|p2a: Wo-Chien\n|-resisted|p2a: Wo-Chien\n|-damage|p2a: Wo-Chien|239/277\n|\n|-heal|p2a: Wo-Chien|256/277|[from] item: Leftovers\n|upkeep\n|turn|18\n|inactive|Time left: 300 sec this turn | 300 sec total\n|\n|t:|1783568078\n|move|p2a: Wo-Chien|Ruination|p1a: Azumarill\n|-damage|p1a: Azumarill|50/100\n|-enditem|p1a: Azumarill|Sitrus Berry|[eat]\n|-heal|p1a: Azumarill|75/100|[from] item: Sitrus Berry\n|move|p1a: Azumarill|Play Rough|p2a: Wo-Chien\n|-supereffective|p2a: Wo-Chien\n|-damage|p2a: Wo-Chien|98/277\n|\n|-heal|p2a: Wo-Chien|115/277|[from] item: Leftovers\n|upkeep\n|turn|19\n|inactive|Time left: 300 sec this turn | 300 sec total\n|\n|t:|1783568079\n|move|p2a: Wo-Chien|Giga Drain|p1a: Azumarill\n|-supereffective|p1a: Azumarill\n|-damage|p1a: Azumarill|13/100\n|-heal|p2a: Wo-Chien|208/277|[from] drain|[of] p1a: Azumarill\n|move|p1a: Azumarill|Play Rough|p2a: Wo-Chien\n|-supereffective|p2a: Wo-Chien\n|-damage|p2a: Wo-Chien|50/277\n|\n|-heal|p2a: Wo-Chien|67/277|[from] item: Leftovers\n|upkeep\n|turn|20\n|inactive|Time left: 300 sec this turn | 300 sec total\n|\n|t:|1783568080\n|move|p2a: Wo-Chien|Giga Drain|p1a: Azumarill\n|-supereffective|p1a: Azumarill\n|-damage|p1a: Azumarill|0 fnt\n|-heal|p2a: Wo-Chien|86/277|[from] drain|[of] p1a: Azumarill\n|faint|p1a: Azumarill\n|\n|-heal|p2a: Wo-Chien|103/277|[from] item: Leftovers\n|upkeep\n|\n|t:|1783568080\n|switch|p1a: Mandibuzz|Mandibuzz, L85, F|100/100\n|turn|21\n|inactive|Time left: 300 sec this turn | 300 sec total\n|\n|t:|1783568081\n|switch|p2a: Rampardos|Rampardos, L90, M|321/321\n|move|p1a: Mandibuzz|U-turn|p2a: Rampardos\n|-damage|p2a: Rampardos|269/321\n|\n|t:|1783568082\n|switch|p1a: Articuno|Articuno-Galar, L84|100/100|[from] U-turn\n|\n|upkeep\n|turn|22\n|inactive|Time left: 300 sec this turn | 300 sec total\n|\n|t:|1783568083\n|-terastallize|p1a: Articuno|Steel\n|move|p2a: Rampardos|Rock Slide|p1a: Articuno\n|-resisted|p1a: Articuno\n|-damage|p1a: Articuno|67/100\n|move|p1a: Articuno|Freezing Glare|p2a: Rampardos\n|-damage|p2a: Rampardos|121/321\n|\n|upkeep\n|turn|23\n|inactive|Time left: 300 sec this turn | 300 sec total\n|\n|t:|1783568084\n|move|p2a: Rampardos|Rock Slide|p1a: Articuno|[miss]\n|-miss|p2a: Rampardos|p1a: Articuno\n|move|p1a: Articuno|Freezing Glare|p2a: Rampardos\n|-damage|p2a: Rampardos|0 fnt\n|faint|p2a: Rampardos\n|\n|upkeep\n|inactive|Time left: 300 sec this turn | 300 sec total | 5 sec grace\n|\n|t:|1783568085\n|switch|p2a: Eiscue|Eiscue, L88, F|274/274\n|turn|24\n|inactive|Time left: 300 sec this turn | 300 sec total\n|\n|t:|1783568086\n|move|p1a: Articuno|Calm Mind|p1a: Articuno\n|-boost|p1a: Articuno|spa|1\n|-boost|p1a: Articuno|spd|1\n|move|p2a: Eiscue|Belly Drum|p2a: Eiscue\n|-damage|p2a: Eiscue|137/274\n|-setboost|p2a: Eiscue|atk|6|[from] move: Belly Drum\n|-enditem|p2a: Eiscue|Sitrus Berry|[eat]\n|-heal|p2a: Eiscue|205/274|[from] item: Sitrus Berry\n|\n|upkeep\n|turn|25\n|inactive|Time left: 300 sec this turn | 300 sec total\n|\n|t:|1783568087\n|-terastallize|p2a: Eiscue|Water\n|move|p1a: Articuno|Hurricane|p2a: Eiscue|[miss]\n|-miss|p1a: Articuno|p2a: Eiscue\n|move|p2a: Eiscue|Liquidation|p1a: Articuno\n|-damage|p1a: Articuno|0 fnt\n|faint|p1a: Articuno\n|\n|upkeep\n|\n|t:|1783568088\n|switch|p1a: Mandibuzz|Mandibuzz, L85, F|100/100\n|turn|26\n|inactive|Time left: 300 sec this turn | 300 sec total\n|\n|t:|1783568089\n|move|p1a: Mandibuzz|Defog|p2a: Eiscue\n|-unboost|p2a: Eiscue|evasion|1\n|move|p2a: Eiscue|Ice Spinner|p1a: Mandibuzz\n|-supereffective|p1a: Mandibuzz\n|-damage|p1a: Mandibuzz|0 fnt\n|faint|p1a: Mandibuzz\n|\n|win|p0y250629b5", "uploadtime": 1783568089, "views": 0, "rating": 0, "private": 0, "password": null, "_winner": "p0y250629b5", "_our_name": "p0y250629b5"}