{"id": "battle-gen9randombattle-1091", "formatid": "gen9randombattle", "format": "[Gen 9] Random Battle", "players": ["p0x10911b28", "p0y10913ae4"], "log": "|init|battle\n|title|p0x10911b28 vs. p0y10913ae4\n|j|\u2606p0x10911b28\n|j|\u2606p0y10913ae4\n|t:|1783551824\n|gametype|singles\n|player|p1|p0x10911b28|265|\n|player|p2|p0y10913ae4|265|\n|gen|9\n|tier|[Gen 9] Random Battle\n|rule|Species Clause: Limit one of each Pok\u00e9mon\n|rule|HP Percentage Mod: HP is shown in percentages\n|rule|Sleep Clause Mod: Limit one foe put to sleep\n|rule|Illusion Level Mod: Illusion disguises the Pok\u00e9mon's true level\n|\n|t:|1783551824\n|teamsize|p1|6\n|teamsize|p2|6\n|start\n|switch|p1a: Bellossom|Bellossom, L84, M|100/100\n|switch|p2a: Dugtrio|Dugtrio-Alola, L84, F|196/196\n|turn|1\n|inactive|Battle timer is ON: inactive players will automatically lose when time's up. (requested by p0x10911b28)\n|inactive|Time left: 300 sec this turn | 300 sec total | 60 sec grace\n|inactive|p0y10913ae4 also wants the timer to be on.\n|\n|t:|1783551826\n|move|p2a: Dugtrio|Stealth Rock|p1a: Bellossom\n|-sidestart|p1: p0x10911b28|move: Stealth Rock\n|move|p1a: Bellossom|Giga Drain|p2a: Dugtrio\n|-damage|p2a: Dugtrio|112/196\n|\n|upkeep\n|turn|2\n|inactive|Time left: 300 sec this turn | 300 sec total\n|\n|t:|1783551827\n|switch|p2a: Typhlosion|Typhlosion, L84, F|267/267\n|move|p1a: Bellossom|Quiver Dance|p1a: Bellossom\n|-boost|p1a: Bellossom|spa|1\n|-boost|p1a: Bellossom|spd|1\n|-boost|p1a: Bellossom|spe|1\n|\n|upkeep\n|turn|3\n|inactive|Time left: 300 sec this turn | 300 sec total\n|\n|t:|1783551828\n|-terastallize|p1a: Bellossom|Fairy\n|move|p2a: Typhlosion|Eruption|p1a: Bellossom\n|-damage|p1a: Bellossom|42/100\n|move|p1a: Bellossom|Quiver Dance|p1a: Bellossom\n|-boost|p1a: Bellossom|spa|1\n|-boost|p1a: Bellossom|spd|1\n|-boost|p1a: Bellossom|spe|1\n|\n|-heal|p1a: Bellossom|48/100|[from] item: Leftovers\n|upkeep\n|turn|4\n|inactive|Time left: 300 sec this turn | 300 sec total\n|\n|t:|1783551829\n|move|p1a: Bellossom|Strength Sap|p2a: Typhlosion\n|-unboost|p2a: Typhlosion|atk|1\n|-heal|p1a: Bellossom|100/100\n|move|p2a: Typhlosion|Eruption|p1a: Bellossom\n|-damage|p1a: Bellossom|53/100\n|\n|-heal|p1a: Bellossom|59/100|[from] item: Leftovers\n|upkeep\n|turn|5\n|inactive|Time left: 300 sec this turn | 300 sec total\n|\n|t:|1783551830\n|move|p1a: Bellossom|Giga Drain|p2a: Typhlosion\n|-resisted|p2a: Typhlosion\n|-damage|p2a: Typhlosion|194/267\n|-heal|p1a: Bellossom|73/100|[from] drain|[of] p2a: Typhlosion\n|move|p2a: Typhlosion|Eruption|p1a: Bellossom\n|-damage|p1a: Bellossom|43/100\n|\n|-heal|p1a: Bellossom|49/100|[from] item: Leftovers\n|upkeep\n|turn|6\n|inactive|Time left: 300 sec this turn | 300 sec total\n|\n|t:|1783551831\n|switch|p2a: Vileplume|Vileplume, L85, F|266/266\n|move|p1a: Bellossom|Giga Drain|p2a: Vileplume\n|-resisted|p2a: Vileplume\n|-damage|p2a: Vileplume|230/266\n|-heal|p1a: Bellossom|56/100|[from] drain|[of] p2a: Vileplume\n|\n|-heal|p1a: Bellossom|62/100|[from] item: Leftovers\n|-heal|p2a: Vileplume|246/266|[from] item: Leftovers\n|upkeep\n|turn|7\n|inactive|Time left: 300 sec this turn | 300 sec total\n|\n|t:|1783551832\n|move|p1a: Bellossom|Strength Sap|p2a: Vileplume\n|-unboost|p2a: Vileplume|atk|1\n|-heal|p1a: Bellossom|100/100\n|move|p2a: Vileplume|Sleep Powder|p1a: Bellossom\n|-status|p1a: Bellossom|slp|[from] move: Sleep Powder\n|\n|-heal|p2a: Vileplume|262/266|[from] item: Leftovers\n|upkeep\n|turn|8\n|inactive|Time left: 300 sec this turn | 300 sec total\n|\n|t:|1783551833\n|cant|p1a: Bellossom|slp\n|move|p2a: Vileplume|Sludge Bomb|p1a: Bellossom\n|-supereffective|p1a: Bellossom\n|-damage|p1a: Bellossom|59/100 slp\n|\n|-heal|p1a: Bellossom|65/100 slp|[from] item: Leftovers\n|-heal|p2a: Vileplume|266/266|[from] item: Leftovers\n|upkeep\n|turn|9\n|inactive|Time left: 300 sec this turn | 300 sec total\n|\n|t:|1783551834\n|cant|p1a: Bellossom|slp\n|move|p2a: Vileplume|Sludge Bomb|p1a: Bellossom\n|-supereffective|p1a: Bellossom\n|-damage|p1a: Bellossom|26/100 slp\n|\n|-heal|p1a: Bellossom|32/100 slp|[from] item: Leftovers\n|upkeep\n|turn|10\n|inactive|Time left: 300 sec this turn | 300 sec total\n|\n|t:|1783551835\n|-curestatus|p1a: Bellossom|slp|[msg]\n|move|p1a: Bellossom|Strength Sap|p2a: Vileplume\n|-unboost|p2a: Vileplume|atk|1\n|-heal|p1a: Bellossom|68/100\n|move|p2a: Vileplume|Sludge Bomb|p1a: Bellossom\n|-supereffective|p1a: Bellossom\n|-damage|p1a: Bellossom|29/100\n|\n|-heal|p1a: Bellossom|35/100|[from] item: Leftovers\n|upkeep\n|turn|11\n|inactive|Time left: 300 sec this turn | 300 sec total\n|\n|t:|1783551836\n|move|p1a: Bellossom|Strength Sap|p2a: Vileplume\n|-unboost|p2a: Vileplume|atk|1\n|-heal|p1a: Bellossom|62/100\n|move|p2a: Vileplume|Sludge Bomb|p1a: Bellossom\n|-supereffective|p1a: Bellossom\n|-damage|p1a: Bellossom|23/100\n|-status|p1a: Bellossom|psn\n|\n|-heal|p1a: Bellossom|29/100 psn|[from] item: Leftovers\n|-damage|p1a: Bellossom|17/100 psn|[from] psn\n|upkeep\n|turn|12\n|inactive|Time left: 300 sec this turn | 300 sec total\n|\n|t:|1783551837\n|move|p1a: Bellossom|Strength Sap|p2a: Vileplume\n|-unboost|p2a: Vileplume|atk|1\n|-heal|p1a: Bellossom|38/100 psn\n|move|p2a: Vileplume|Sludge Bomb|p1a: Bellossom\n|-supereffective|p1a: Bellossom\n|-damage|p1a: Bellossom|0 fnt\n|faint|p1a: Bellossom\n|\n|upkeep\n|\n|t:|1783551838\n|switch|p1a: Kleavor|Kleavor, L78, M|100/100\n|turn|13\n|inactive|Time left: 300 sec this turn | 300 sec total\n|\n|t:|1783551839\n|switch|p2a: Dugtrio|Dugtrio-Alola, L84, F|112/196\n|move|p1a: Kleavor|Stone Axe|p2a: Dugtrio\n|-resisted|p2a: Dugtrio\n|-damage|p2a: Dugtrio|72/196\n|-ability|p2a: Dugtrio|Tangling Hair\n|-unboost|p1a: Kleavor|spe|1\n|-sidestart|p2: p0y10913ae4|move: Stealth Rock\n|\n|upkeep\n|turn|14\n|inactive|Time left: 300 sec this turn | 300 sec total\n|\n|t:|1783551840\n|switch|p1a: Dudunsparce|Dudunsparce, L83, F|100/100\n|-damage|p1a: Dudunsparce|88/100|[from] Stealth Rock\n|move|p2a: Dugtrio|Stone Edge|p1a: Dudunsparce\n|-damage|p1a: Dudunsparce|57/100\n|-damage|p2a: Dugtrio|53/196|[from] item: Life Orb\n|\n|-heal|p1a: Dudunsparce|63/100|[from] item: Leftovers\n|upkeep\n|turn|15\n|inactive|Time left: 300 sec this turn | 300 sec total\n|\n|t:|1783551841\n|move|p2a: Dugtrio|Iron Head|p1a: Dudunsparce\n|-damage|p1a: Dudunsparce|28/100\n|-damage|p2a: Dugtrio|34/196|[from] item: Life Orb\n|move|p1a: Dudunsparce|Roost|p1a: Dudunsparce\n|-heal|p1a: Dudunsparce|78/100\n|-singleturn|p1a: Dudunsparce|move: Roost\n|\n|-heal|p1a: Dudunsparce|84/100|[from] item: Leftovers\n|upkeep\n|turn|16\n|inactive|Time left: 300 sec this turn | 300 sec total\n|\n|t:|1783551842\n|move|p2a: Dugtrio|Iron Head|p1a: Dudunsparce\n|-damage|p1a: Dudunsparce|49/100\n|-damage|p2a: Dugtrio|15/196|[from] item: Life Orb\n|move|p1a: Dudunsparce|Calm Mind|p1a: Dudunsparce\n|-boost|p1a: Dudunsparce|spa|1\n|-boost|p1a: Dudunsparce|spd|1\n|\n|-heal|p1a: Dudunsparce|56/100|[from] item: Leftovers\n|upkeep\n|turn|17\n|inactive|Time left: 300 sec this turn | 300 sec total\n|\n|t:|1783551843\n|move|p2a: Dugtrio|Earthquake|p1a: Dudunsparce\n|-damage|p1a: Dudunsparce|13/100\n|-damage|p2a: Dugtrio|0 fnt|[from] item: Life Orb\n|faint|p2a: Dugtrio\n|move|p1a: Dudunsparce|Roost|p1a: Dudunsparce\n|-heal|p1a: Dudunsparce|63/100\n|-singleturn|p1a: Dudunsparce|move: Roost\n|\n|-heal|p1a: Dudunsparce|69/100|[from] item: Leftovers\n|upkeep\n|inactive|Time left: 300 sec this turn | 300 sec total | 5 sec grace\n|\n|t:|1783551844\n|switch|p2a: Medicham|Medicham, L86, F|243/243\n|-damage|p2a: Medicham|228/243|[from] Stealth Rock\n|turn|18\n|inactive|Time left: 300 sec this turn | 300 sec total\n|\n|t:|1783551845\n|move|p2a: Medicham|Close Combat|p1a: Dudunsparce\n|-supereffective|p1a: Dudunsparce\n|-damage|p1a: Dudunsparce|0 fnt\n|-unboost|p2a: Medicham|def|1\n|-unboost|p2a: Medicham|spd|1\n|faint|p1a: Dudunsparce\n|\n|upkeep\n|\n|t:|1783551846\n|switch|p1a: Braviary|Braviary, L85, M|100/100\n|turn|19\n|inactive|Time left: 300 sec this turn | 300 sec total\n|\n|t:|1783551847\n|move|p2a: Medicham|Close Combat|p1a: Braviary\n|-damage|p1a: Braviary|6/100\n|-unboost|p2a: Medicham|def|1\n|-unboost|p2a: Medicham|spd|1\n|move|p1a: Braviary|Brave Bird|p2a: Medicham\n|-supereffective|p2a: Medicham\n|-damage|p2a: Medicham|0 fnt\n|faint|p2a: Medicham\n|-damage|p1a: Braviary|0 fnt|[from] Recoil\n|faint|p1a: Braviary\n|\n|upkeep\n|inactive|Time left: 300 sec this turn | 300 sec total | 5 sec grace\n|\n|t:|1783551848\n|switch|p2a: Iron Boulder|Iron Boulder, L77|265/265\n|switch|p1a: Empoleon|Empoleon, L84, F|100/100\n|-damage|p2a: Iron Boulder|232/265|[from] Stealth Rock\n|-damage|p1a: Empoleon|94/100|[from] Stealth Rock\n|turn|20\n|inactive|Time left: 300 sec this turn | 300 sec total\n|\n|t:|1783551849\n|-terastallize|p2a: Iron Boulder|Fighting\n|move|p2a: Iron Boulder|Close Combat|p1a: Empoleon\n|-supereffective|p1a: Empoleon\n|-damage|p1a: Empoleon|0 fnt\n|-unboost|p2a: Iron Boulder|def|1\n|-unboost|p2a: Iron Boulder|spd|1\n|faint|p1a: Empoleon\n|-damage|p2a: Iron Boulder|206/265|[from] item: Life Orb\n|\n|upkeep\n|\n|t:|1783551850\n|switch|p1a: Glaceon|Glaceon, L94, M|100/100\n|turn|21\n|inactive|Time left: 300 sec this turn | 300 sec total\n|\n|t:|1783551851\n|move|p2a: Iron Boulder|Swords Dance|p2a: Iron Boulder\n|-boost|p2a: Iron Boulder|atk|2\n|move|p1a: Glaceon|Freeze-Dry|p2a: Iron Boulder\n|-damage|p2a: Iron Boulder|34/265\n|\n|upkeep\n|turn|22\n|inactive|Time left: 300 sec this turn | 300 sec total\n|\n|t:|1783551853\n|move|p1a: Glaceon|Protect|p1a: Glaceon\n|-singleturn|p1a: Glaceon|Protect\n|move|p2a: Iron Boulder|Mighty Cleave|p1a: Glaceon\n|-supereffective|p1a: Glaceon\n|-damage|p1a: Glaceon|0 fnt\n|faint|p1a: Glaceon\n|-damage|p2a: Iron Boulder|8/265|[from] item: Life Orb\n|\n|upkeep\n|\n|t:|1783551853\n|switch|p1a: Kleavor|Kleavor, L78, M|100/100\n|turn|23\n|inactive|Time left: 300 sec this turn | 300 sec total\n|\n|t:|1783551855\n|move|p2a: Iron Boulder|Close Combat|p1a: Kleavor\n|-damage|p1a: Kleavor|0 fnt\n|-unboost|p2a: Iron Boulder|def|1\n|-unboost|p2a: Iron Boulder|spd|1\n|faint|p1a: Kleavor\n|-damage|p2a: Iron Boulder|0 fnt|[from] item: Life Orb\n|faint|p2a: Iron Boulder\n|-end|p2a: Iron Boulder|Quark Drive|[silent]\n|\n|win|p0y10913ae4", "uploadtime": 1783551855, "views": 0, "rating": 0, "private": 0, "password": null, "_winner": "p0y10913ae4", "_our_name": "p0y10913ae4"}