{"id": "battle-gen9randombattle-321", "formatid": "gen9randombattle", "format": "[Gen 9] Random Battle", "players": ["p0x3215f8a", "p0y321149e"], "log": "|init|battle\n|title|p0x3215f8a vs. p0y321149e\n|j|\u2606p0x3215f8a\n|j|\u2606p0y321149e\n|t:|1783542800\n|gametype|singles\n|player|p1|p0x3215f8a|102|\n|player|p2|p0y321149e|169|\n|gen|9\n|tier|[Gen 9] Random Battle\n|rule|Species Clause: Limit one of each Pok\u00e9mon\n|rule|HP Percentage Mod: HP is shown in percentages\n|rule|Sleep Clause Mod: Limit one foe put to sleep\n|rule|Illusion Level Mod: Illusion disguises the Pok\u00e9mon's true level\n|\n|t:|1783542800\n|teamsize|p1|6\n|teamsize|p2|6\n|start\n|switch|p1a: Alomomola|Alomomola, L87, M|100/100\n|switch|p2a: Bastiodon|Bastiodon, L89, F|252/252\n|turn|1\n|inactive|Battle timer is ON: inactive players will automatically lose when time's up. (requested by p0y321149e)\n|inactive|p0x3215f8a also wants the timer to be on.\n|\n|t:|1783542801\n|move|p1a: Alomomola|Scald|p2a: Bastiodon\n|-supereffective|p2a: Bastiodon\n|-damage|p2a: Bastiodon|190/252\n|move|p2a: Bastiodon|Iron Defense|p2a: Bastiodon\n|-boost|p2a: Bastiodon|def|2\n|\n|upkeep\n|turn|2\n|inactive|Time left: 300 sec this turn | 300 sec total\n|\n|t:|1783542802\n|move|p1a: Alomomola|Scald|p2a: Bastiodon\n|-supereffective|p2a: Bastiodon\n|-damage|p2a: Bastiodon|128/252\n|move|p2a: Bastiodon|Body Press|p1a: Alomomola\n|-damage|p1a: Alomomola|57/100\n|\n|-heal|p1a: Alomomola|63/100|[from] item: Leftovers\n|upkeep\n|turn|3\n|inactive|Time left: 300 sec this turn | 300 sec total\n|\n|t:|1783542803\n|switch|p1a: Lugia|Lugia, L73|100/100\n|move|p2a: Bastiodon|Body Press|p1a: Lugia\n|-resisted|p1a: Lugia\n|-damage|p1a: Lugia|93/100\n|\n|upkeep\n|turn|4\n|inactive|Time left: 300 sec this turn | 300 sec total\n|\n|t:|1783542805\n|move|p1a: Lugia|Calm Mind|p1a: Lugia\n|-boost|p1a: Lugia|spa|1\n|-boost|p1a: Lugia|spd|1\n|move|p2a: Bastiodon|Rest|p2a: Bastiodon\n|-status|p2a: Bastiodon|slp|[from] move: Rest\n|-heal|p2a: Bastiodon|252/252 slp|[silent]\n|-enditem|p2a: Bastiodon|Chesto Berry|[eat]\n|-curestatus|p2a: Bastiodon|slp|[msg]\n|\n|upkeep\n|turn|5\n|inactive|Time left: 300 sec this turn | 300 sec total\n|\n|t:|1783542805\n|move|p1a: Lugia|Calm Mind|p1a: Lugia\n|-boost|p1a: Lugia|spa|1\n|-boost|p1a: Lugia|spd|1\n|move|p2a: Bastiodon|Foul Play|p1a: Lugia\n|-supereffective|p1a: Lugia\n|-damage|p1a: Lugia|67/100\n|\n|upkeep\n|turn|6\n|inactive|Time left: 300 sec this turn | 300 sec total\n|\n|t:|1783542806\n|move|p1a: Lugia|Recover|p1a: Lugia\n|-heal|p1a: Lugia|100/100\n|move|p2a: Bastiodon|Foul Play|p1a: Lugia\n|-supereffective|p1a: Lugia\n|-damage|p1a: Lugia|87/100\n|\n|upkeep\n|turn|7\n|inactive|Time left: 300 sec this turn | 300 sec total\n|\n|t:|1783542807\n|move|p1a: Lugia|Calm Mind|p1a: Lugia\n|-boost|p1a: Lugia|spa|1\n|-boost|p1a: Lugia|spd|1\n|move|p2a: Bastiodon|Foul Play|p1a: Lugia\n|-supereffective|p1a: Lugia\n|-damage|p1a: Lugia|60/100\n|\n|upkeep\n|turn|8\n|inactive|Time left: 300 sec this turn | 300 sec total\n|\n|t:|1783542808\n|move|p1a: Lugia|Recover|p1a: Lugia\n|-heal|p1a: Lugia|100/100\n|move|p2a: Bastiodon|Foul Play|p1a: Lugia\n|-supereffective|p1a: Lugia\n|-damage|p1a: Lugia|87/100\n|\n|upkeep\n|turn|9\n|inactive|Time left: 300 sec this turn | 300 sec total\n|\n|t:|1783542809\n|move|p1a: Lugia|Calm Mind|p1a: Lugia\n|-boost|p1a: Lugia|spa|1\n|-boost|p1a: Lugia|spd|1\n|move|p2a: Bastiodon|Foul Play|p1a: Lugia\n|-supereffective|p1a: Lugia\n|-damage|p1a: Lugia|58/100\n|\n|upkeep\n|turn|10\n|inactive|Time left: 300 sec this turn | 300 sec total\n|\n|t:|1783542810\n|move|p1a: Lugia|Recover|p1a: Lugia\n|-heal|p1a: Lugia|100/100\n|move|p2a: Bastiodon|Foul Play|p1a: Lugia\n|-supereffective|p1a: Lugia\n|-crit|p1a: Lugia\n|-damage|p1a: Lugia|79/100\n|\n|upkeep\n|turn|11\n|inactive|Time left: 300 sec this turn | 300 sec total\n|\n|t:|1783542811\n|move|p1a: Lugia|Recover|p1a: Lugia\n|-heal|p1a: Lugia|100/100\n|move|p2a: Bastiodon|Foul Play|p1a: Lugia\n|-supereffective|p1a: Lugia\n|-damage|p1a: Lugia|86/100\n|\n|upkeep\n|turn|12\n|inactive|Time left: 300 sec this turn | 300 sec total\n|\n|t:|1783542812\n|move|p1a: Lugia|Aeroblast|p2a: Bastiodon\n|-resisted|p2a: Bastiodon\n|-damage|p2a: Bastiodon|213/252\n|move|p2a: Bastiodon|Foul Play|p1a: Lugia\n|-supereffective|p1a: Lugia\n|-damage|p1a: Lugia|59/100\n|\n|upkeep\n|turn|13\n|inactive|Time left: 300 sec this turn | 300 sec total\n|\n|t:|1783542814\n|move|p1a: Lugia|Recover|p1a: Lugia\n|-heal|p1a: Lugia|100/100\n|move|p2a: Bastiodon|Foul Play|p1a: Lugia\n|-supereffective|p1a: Lugia\n|-damage|p1a: Lugia|87/100\n|\n|upkeep\n|turn|14\n|inactive|Time left: 300 sec this turn | 300 sec total\n|\n|t:|1783542815\n|move|p1a: Lugia|Aeroblast|p2a: Bastiodon\n|-resisted|p2a: Bastiodon\n|-damage|p2a: Bastiodon|174/252\n|move|p2a: Bastiodon|Foul Play|p1a: Lugia\n|-supereffective|p1a: Lugia\n|-damage|p1a: Lugia|59/100\n|\n|upkeep\n|turn|15\n|inactive|Time left: 300 sec this turn | 300 sec total\n|\n|t:|1783542816\n|move|p1a: Lugia|Recover|p1a: Lugia\n|-heal|p1a: Lugia|100/100\n|move|p2a: Bastiodon|Foul Play|p1a: Lugia\n|-supereffective|p1a: Lugia\n|-damage|p1a: Lugia|87/100\n|\n|upkeep\n|turn|16\n|inactive|Time left: 300 sec this turn | 300 sec total\n|\n|t:|1783542817\n|move|p1a: Lugia|Aeroblast|p2a: Bastiodon|[miss]\n|-miss|p1a: Lugia|p2a: Bastiodon\n|move|p2a: Bastiodon|Foul Play|p1a: Lugia\n|-supereffective|p1a: Lugia\n|-damage|p1a: Lugia|61/100\n|\n|upkeep\n|turn|17\n|inactive|Time left: 300 sec this turn | 300 sec total\n|\n|t:|1783542818\n|move|p1a: Lugia|Recover|p1a: Lugia\n|-heal|p1a: Lugia|100/100\n|move|p2a: Bastiodon|Foul Play|p1a: Lugia\n|-supereffective|p1a: Lugia\n|-damage|p1a: Lugia|86/100\n|\n|upkeep\n|turn|18\n|inactive|Time left: 300 sec this turn | 300 sec total\n|\n|t:|1783542819\n|move|p1a: Lugia|Aeroblast|p2a: Bastiodon\n|-resisted|p2a: Bastiodon\n|-damage|p2a: Bastiodon|136/252\n|move|p2a: Bastiodon|Foul Play|p1a: Lugia\n|-supereffective|p1a: Lugia\n|-damage|p1a: Lugia|57/100\n|\n|upkeep\n|turn|19\n|inactive|Time left: 300 sec this turn | 300 sec total\n|\n|t:|1783542820\n|move|p1a: Lugia|Recover|p1a: Lugia\n|-heal|p1a: Lugia|100/100\n|move|p2a: Bastiodon|Foul Play|p1a: Lugia\n|-supereffective|p1a: Lugia\n|-damage|p1a: Lugia|86/100\n|\n|upkeep\n|turn|20\n|inactive|Time left: 300 sec this turn | 300 sec total\n|\n|t:|1783542821\n|switch|p2a: Dipplin|Dipplin, L88, M|284/284\n|move|p1a: Lugia|Aeroblast|p2a: Dipplin\n|-supereffective|p2a: Dipplin\n|-damage|p2a: Dipplin|0 fnt\n|faint|p2a: Dipplin\n|\n|upkeep\n|inactive|Time left: 300 sec this turn | 300 sec total | 5 sec grace\n|\n|t:|1783542822\n|switch|p2a: Bastiodon|Bastiodon, L89, F|136/252\n|turn|21\n|inactive|Time left: 300 sec this turn | 300 sec total\n|\n|t:|1783542823\n|move|p1a: Lugia|Aeroblast|p2a: Bastiodon\n|-resisted|p2a: Bastiodon\n|-damage|p2a: Bastiodon|100/252\n|move|p2a: Bastiodon|Foul Play|p1a: Lugia\n|-supereffective|p1a: Lugia\n|-damage|p1a: Lugia|60/100\n|\n|upkeep\n|turn|22\n|inactive|Time left: 300 sec this turn | 300 sec total\n|\n|t:|1783542824\n|move|p1a: Lugia|Aeroblast|p2a: Bastiodon\n|-resisted|p2a: Bastiodon\n|-damage|p2a: Bastiodon|60/252\n|move|p2a: Bastiodon|Foul Play|p1a: Lugia\n|-supereffective|p1a: Lugia\n|-damage|p1a: Lugia|30/100\n|\n|upkeep\n|turn|23\n|inactive|Time left: 300 sec this turn | 300 sec total\n|\n|t:|1783542825\n|move|p1a: Lugia|Aeroblast|p2a: Bastiodon\n|-resisted|p2a: Bastiodon\n|-damage|p2a: Bastiodon|24/252\n|move|p2a: Bastiodon|Foul Play|p1a: Lugia\n|-supereffective|p1a: Lugia\n|-damage|p1a: Lugia|3/100\n|\n|upkeep\n|turn|24\n|inactive|Time left: 300 sec this turn | 300 sec total\n|\n|t:|1783542826\n|move|p1a: Lugia|Psychic Noise|p2a: Bastiodon\n|-immune|p2a: Bastiodon|[from] ability: Soundproof\n|move|p2a: Bastiodon|Body Press|p1a: Lugia\n|-resisted|p1a: Lugia\n|-damage|p1a: Lugia|0 fnt\n|faint|p1a: Lugia\n|\n|upkeep\n|\n|t:|1783542827\n|switch|p1a: Sandslash|Sandslash-Alola, L88, F|100/100\n|turn|25\n|inactive|Time left: 300 sec this turn | 300 sec total\n|\n|t:|1783542829\n|move|p1a: Sandslash|Earthquake|p2a: Bastiodon\n|-supereffective|p2a: Bastiodon\n|-damage|p2a: Bastiodon|0 fnt\n|faint|p2a: Bastiodon\n|\n|upkeep\n|inactive|Time left: 300 sec this turn | 300 sec total | 5 sec grace\n|\n|t:|1783542830\n|switch|p2a: Okidogi|Okidogi, L77, M|262/262\n|turn|26\n|inactive|Time left: 300 sec this turn | 300 sec total\n|\n|t:|1783542831\n|move|p2a: Okidogi|Drain Punch|p1a: Sandslash\n|-supereffective|p1a: Sandslash\n|-damage|p1a: Sandslash|13/100\n|move|p1a: Sandslash|Earthquake|p2a: Okidogi\n|-supereffective|p2a: Okidogi\n|-damage|p2a: Okidogi|124/262\n|\n|upkeep\n|turn|27\n|inactive|Time left: 300 sec this turn | 300 sec total\n|\n|t:|1783542832\n|switch|p1a: Alomomola|Alomomola, L87, M|96/100\n|move|p2a: Okidogi|Knock Off|p1a: Alomomola\n|-damage|p1a: Alomomola|79/100\n|-enditem|p1a: Alomomola|Leftovers|[from] move: Knock Off|[of] p2a: Okidogi\n|\n|upkeep\n|turn|28\n|inactive|Time left: 300 sec this turn | 300 sec total\n|\n|t:|1783542833\n|move|p2a: Okidogi|Drain Punch|p1a: Alomomola\n|-damage|p1a: Alomomola|59/100\n|-heal|p2a: Okidogi|166/262|[from] drain|[of] p1a: Alomomola\n|move|p1a: Alomomola|Flip Turn|p2a: Okidogi\n|-crit|p2a: Okidogi\n|-damage|p2a: Okidogi|87/262\n|\n|t:|1783542834\n|switch|p1a: Glastrier|Glastrier, L86|100/100|[from] Flip Turn\n|\n|upkeep\n|turn|29\n|inactive|Time left: 300 sec this turn | 300 sec total\n|\n|t:|1783542835\n|move|p2a: Okidogi|Drain Punch|p1a: Glastrier\n|-supereffective|p1a: Glastrier\n|-damage|p1a: Glastrier|59/100\n|-heal|p2a: Okidogi|151/262|[from] drain|[of] p1a: Glastrier\n|move|p1a: Glastrier|Swords Dance|p1a: Glastrier\n|-boost|p1a: Glastrier|atk|2\n|\n|upkeep\n|turn|30\n|inactive|Time left: 300 sec this turn | 300 sec total\n|\n|t:|1783542836\n|move|p2a: Okidogi|Drain Punch|p1a: Glastrier\n|-supereffective|p1a: Glastrier\n|-damage|p1a: Glastrier|19/100\n|-heal|p2a: Okidogi|214/262|[from] drain|[of] p1a: Glastrier\n|-status|p1a: Glastrier|tox|[from] ability: Toxic Chain|[of] p2a: Okidogi\n|move|p1a: Glastrier|Icicle Crash|p2a: Okidogi\n|-damage|p2a: Okidogi|0 fnt\n|faint|p2a: Okidogi\n|-ability|p1a: Glastrier|Chilling Neigh|boost\n|-boost|p1a: Glastrier|atk|1\n|\n|-damage|p1a: Glastrier|13/100 tox|[from] psn\n|upkeep\n|inactive|Time left: 300 sec this turn | 300 sec total | 5 sec grace\n|\n|t:|1783542837\n|switch|p2a: Pecharunt|Pecharunt, L77|262/262\n|turn|31\n|inactive|Time left: 300 sec this turn | 300 sec total\n|\n|t:|1783542838\n|switch|p1a: Milotic|Milotic, L83, F|100/100\n|move|p2a: Pecharunt|Shadow Ball|p1a: Milotic\n|-damage|p1a: Milotic|81/100\n|\n|-heal|p1a: Milotic|87/100|[from] item: Leftovers\n|upkeep\n|turn|32\n|inactive|Time left: 300 sec this turn | 300 sec total\n|\n|t:|1783542839\n|move|p1a: Milotic|Scald|p2a: Pecharunt\n|-damage|p2a: Pecharunt|168/262\n|-status|p2a: Pecharunt|brn\n|move|p2a: Pecharunt|Malignant Chain|p1a: Milotic\n|-damage|p1a: Milotic|65/100\n|\n|-heal|p1a: Milotic|71/100|[from] item: Leftovers\n|-heal|p2a: Pecharunt|184/262 brn|[from] item: Leftovers\n|-damage|p2a: Pecharunt|168/262 brn|[from] brn\n|upkeep\n|turn|33\n|inactive|Time left: 300 sec this turn | 300 sec total\n|\n|t:|1783542840\n|move|p1a: Milotic|Scald|p2a: Pecharunt\n|-damage|p2a: Pecharunt|78/262 brn\n|move|p2a: Pecharunt|Recover|p2a: Pecharunt\n|-heal|p2a: Pecharunt|209/262 brn\n|\n|-heal|p1a: Milotic|77/100|[from] item: Leftovers\n|-heal|p2a: Pecharunt|225/262 brn|[from] item: Leftovers\n|-damage|p2a: Pecharunt|209/262 brn|[from] brn\n|upkeep\n|turn|34\n|inactive|Time left: 300 sec this turn | 300 sec total\n|\n|t:|1783542841\n|move|p1a: Milotic|Scald|p2a: Pecharunt\n|-crit|p2a: Pecharunt\n|-damage|p2a: Pecharunt|67/262 brn\n|move|p2a: Pecharunt|Malignant Chain|p1a: Milotic\n|-damage|p1a: Milotic|54/100\n|-status|p1a: Milotic|tox\n|-start|p1a: Milotic|confusion|[from] ability: Poison Puppeteer|[of] p2a: Pecharunt\n|\n|-heal|p1a: Milotic|61/100 tox|[from] item: Leftovers\n|-heal|p2a: Pecharunt|83/262 brn|[from] item: Leftovers\n|-damage|p1a: Milotic|54/100 tox|[from] psn\n|-damage|p2a: Pecharunt|67/262 brn|[from] brn\n|upkeep\n|turn|35\n|inactive|Time left: 300 sec this turn | 300 sec total\n|\n|t:|1783542842\n|-activate|p1a: Milotic|confusion\n|move|p1a: Milotic|Scald|p2a: Pecharunt\n|-damage|p2a: Pecharunt|0 fnt\n|faint|p2a: Pecharunt\n|\n|-heal|p1a: Milotic|61/100 tox|[from] item: Leftovers\n|-damage|p1a: Milotic|48/100 tox|[from] psn\n|upkeep\n|inactive|Time left: 300 sec this turn | 300 sec total | 5 sec grace\n|\n|t:|1783542843\n|switch|p2a: Tatsugiri|Tatsugiri, L87, F|260/260\n|turn|36\n|inactive|Time left: 300 sec this turn | 300 sec total\n|\n|t:|1783542844\n|move|p2a: Tatsugiri|Nasty Plot|p2a: Tatsugiri\n|-boost|p2a: Tatsugiri|spa|2\n|-activate|p1a: Milotic|confusion\n|-damage|p1a: Milotic|41/100 tox|[from] confusion\n|\n|-heal|p1a: Milotic|48/100 tox|[from] item: Leftovers\n|-damage|p1a: Milotic|29/100 tox|[from] psn\n|upkeep\n|turn|37\n|inactive|Time left: 300 sec this turn | 300 sec total\n|\n|t:|1783542845\n|move|p2a: Tatsugiri|Hydro Pump|p1a: Milotic\n|-resisted|p1a: Milotic\n|-damage|p1a: Milotic|0 fnt\n|faint|p1a: Milotic\n|\n|upkeep\n|\n|t:|1783542846\n|switch|p1a: Sandslash|Sandslash-Alola, L88, F|13/100\n|turn|38\n|inactive|Time left: 300 sec this turn | 300 sec total\n|\n|t:|1783542847\n|move|p2a: Tatsugiri|Hydro Pump|p1a: Sandslash\n|-damage|p1a: Sandslash|0 fnt\n|faint|p1a: Sandslash\n|\n|upkeep\n|\n|t:|1783542848\n|switch|p1a: Glastrier|Glastrier, L86|13/100 tox\n|turn|39\n|inactive|Time left: 300 sec this turn | 300 sec total\n|\n|t:|1783542849\n|move|p2a: Tatsugiri|Hydro Pump|p1a: Glastrier\n|-damage|p1a: Glastrier|0 fnt\n|faint|p1a: Glastrier\n|\n|upkeep\n|\n|t:|1783542849\n|switch|p1a: Alomomola|Alomomola, L87, M|93/100\n|turn|40\n|inactive|Time left: 300 sec this turn | 300 sec total\n|\n|t:|1783542850\n|move|p1a: Alomomola|Protect|p1a: Alomomola\n|-singleturn|p1a: Alomomola|Protect\n|move|p2a: Tatsugiri|Nasty Plot|p2a: Tatsugiri\n|-boost|p2a: Tatsugiri|spa|2\n|\n|upkeep\n|turn|41\n|inactive|Time left: 300 sec this turn | 300 sec total\n|\n|t:|1783542851\n|move|p1a: Alomomola|Protect||[still]\n|-fail|p1a: Alomomola\n|move|p2a: Tatsugiri|Draco Meteor|p1a: Alomomola\n|-damage|p1a: Alomomola|0 fnt\n|-unboost|p2a: Tatsugiri|spa|2\n|faint|p1a: Alomomola\n|\n|upkeep\n|\n|t:|1783542852\n|switch|p1a: Pyroar|Pyroar, L88, M|100/100\n|-ability|p1a: Pyroar|Unnerve\n|turn|42\n|inactive|Time left: 300 sec this turn | 300 sec total\n|\n|t:|1783542853\n|-terastallize|p2a: Tatsugiri|Water\n|move|p1a: Pyroar|Dark Pulse|p2a: Tatsugiri\n|-damage|p2a: Tatsugiri|203/260\n|cant|p2a: Tatsugiri|flinch\n|\n|upkeep\n|turn|43\n|inactive|Time left: 300 sec this turn | 300 sec total\n|\n|t:|1783542854\n|move|p1a: Pyroar|Hyper Voice|p2a: Tatsugiri\n|-damage|p2a: Tatsugiri|98/260\n|move|p2a: Tatsugiri|Draco Meteor|p1a: Pyroar\n|-damage|p1a: Pyroar|0 fnt\n|-unboost|p2a: Tatsugiri|spa|2\n|faint|p1a: Pyroar\n|\n|win|p0y321149e", "uploadtime": 1783542854, "views": 0, "rating": 0, "private": 0, "password": null, "_winner": "p0y321149e", "_our_name": "p0y321149e"}