{"id": "battle-gen9randombattle-1418", "formatid": "gen9randombattle", "format": "[Gen 9] Random Battle", "players": ["p0x1418fb24", "p0y14187efd"], "log": "|init|battle\n|title|p0x1418fb24 vs. p0y14187efd\n|j|\u2606p0x1418fb24\n|j|\u2606p0y14187efd\n|t:|1783555537\n|gametype|singles\n|player|p1|p0x1418fb24|102|\n|player|p2|p0y14187efd|101|\n|gen|9\n|tier|[Gen 9] Random Battle\n|rule|Species Clause: Limit one of each Pok\u00e9mon\n|rule|HP Percentage Mod: HP is shown in percentages\n|rule|Sleep Clause Mod: Limit one foe put to sleep\n|rule|Illusion Level Mod: Illusion disguises the Pok\u00e9mon's true level\n|\n|t:|1783555537\n|teamsize|p1|6\n|teamsize|p2|6\n|start\n|switch|p1a: Whimsicott|Whimsicott, L84, M|238/238\n|switch|p2a: Piloswine|Piloswine, L85, M|100/100\n|turn|1\n|inactive|Battle timer is ON: inactive players will automatically lose when time's up. (requested by p0y14187efd)\n|inactive|Time left: 300 sec this turn | 300 sec total | 60 sec grace\n|inactive|p0x1418fb24 also wants the timer to be on.\n|\n|t:|1783555539\n|move|p1a: Whimsicott|Moonblast|p2a: Piloswine\n|-damage|p2a: Piloswine|77/100\n|-unboost|p2a: Piloswine|spa|1\n|move|p2a: Piloswine|Stealth Rock|p1a: Whimsicott\n|-sidestart|p1: p0x1418fb24|move: Stealth Rock\n|\n|upkeep\n|turn|2\n|inactive|Time left: 300 sec this turn | 300 sec total\n|\n|t:|1783555540\n|switch|p2a: Gogoat|Gogoat, L88, F|100/100\n|move|p1a: Whimsicott|Leech Seed|p2a: Gogoat\n|-ability|p2a: Gogoat|Sap Sipper|boost\n|-boost|p2a: Gogoat|atk|1\n|\n|upkeep\n|turn|3\n|inactive|Time left: 300 sec this turn | 300 sec total\n|\n|t:|1783555541\n|switch|p1a: Noctowl|Noctowl, L95, F|344/344\n|move|p2a: Gogoat|Bulk Up|p2a: Gogoat\n|-boost|p2a: Gogoat|atk|1\n|-boost|p2a: Gogoat|def|1\n|\n|upkeep\n|turn|4\n|inactive|Time left: 300 sec this turn | 300 sec total\n|\n|t:|1783555542\n|move|p1a: Noctowl|Hurricane|p2a: Gogoat|[miss]\n|-miss|p1a: Noctowl|p2a: Gogoat\n|move|p2a: Gogoat|Horn Leech|p1a: Noctowl\n|-resisted|p1a: Noctowl\n|-damage|p1a: Noctowl|235/344\n|\n|upkeep\n|turn|5\n|inactive|Time left: 300 sec this turn | 300 sec total\n|\n|t:|1783555543\n|move|p1a: Noctowl|Hurricane|p2a: Gogoat\n|-supereffective|p2a: Gogoat\n|-damage|p2a: Gogoat|30/100\n|-start|p2a: Gogoat|confusion\n|-activate|p2a: Gogoat|confusion\n|move|p2a: Gogoat|Horn Leech|p1a: Noctowl\n|-resisted|p1a: Noctowl\n|-damage|p1a: Noctowl|112/344\n|-heal|p2a: Gogoat|47/100|[from] drain|[of] p1a: Noctowl\n|\n|-heal|p2a: Gogoat|53/100|[from] item: Leftovers\n|upkeep\n|turn|6\n|inactive|Time left: 300 sec this turn | 300 sec total\n|\n|t:|1783555544\n|move|p1a: Noctowl|Hurricane|p2a: Gogoat|[miss]\n|-miss|p1a: Noctowl|p2a: Gogoat\n|-activate|p2a: Gogoat|confusion\n|move|p2a: Gogoat|Horn Leech|p1a: Noctowl\n|-resisted|p1a: Noctowl\n|-damage|p1a: Noctowl|0 fnt\n|-heal|p2a: Gogoat|69/100|[from] drain|[of] p1a: Noctowl\n|faint|p1a: Noctowl\n|\n|-heal|p2a: Gogoat|75/100|[from] item: Leftovers\n|upkeep\n|inactive|Time left: 300 sec this turn | 300 sec total | 5 sec grace\n|\n|t:|1783555545\n|switch|p1a: Vivillon|Vivillon-Modern, L83, F|268/268\n|turn|7\n|inactive|Time left: 300 sec this turn | 300 sec total\n|\n|t:|1783555546\n|move|p1a: Vivillon|Hurricane|p2a: Gogoat\n|-supereffective|p2a: Gogoat\n|-damage|p2a: Gogoat|14/100\n|-activate|p2a: Gogoat|confusion\n|move|p2a: Gogoat|Horn Leech|p1a: Vivillon\n|-resisted|p1a: Vivillon\n|-damage|p1a: Vivillon|202/268\n|-heal|p2a: Gogoat|24/100|[from] drain|[of] p1a: Vivillon\n|\n|-heal|p2a: Gogoat|30/100|[from] item: Leftovers\n|upkeep\n|turn|8\n|inactive|Time left: 300 sec this turn | 300 sec total\n|\n|t:|1783555547\n|switch|p2a: Brambleghast|Brambleghast, L88, M|100/100\n|move|p1a: Vivillon|Hurricane|p2a: Brambleghast\n|-ability|p2a: Brambleghast|Wind Rider|boost\n|-boost|p2a: Brambleghast|atk|1\n|\n|upkeep\n|turn|9\n|inactive|Time left: 300 sec this turn | 300 sec total\n|\n|t:|1783555548\n|switch|p1a: Duraludon|Duraludon, L82, M|249/249\n|-damage|p1a: Duraludon|234/249|[from] Stealth Rock\n|move|p2a: Brambleghast|Poltergeist|p1a: Duraludon\n|-activate|p1a: Duraludon|move: Poltergeist|Eviolite\n|-damage|p1a: Duraludon|114/249\n|\n|upkeep\n|turn|10\n|inactive|Time left: 300 sec this turn | 300 sec total\n|\n|t:|1783555549\n|move|p2a: Brambleghast|Poltergeist|p1a: Duraludon\n|-activate|p1a: Duraludon|move: Poltergeist|Eviolite\n|-damage|p1a: Duraludon|0 fnt\n|faint|p1a: Duraludon\n|\n|upkeep\n|inactive|Time left: 300 sec this turn | 300 sec total | 5 sec grace\n|\n|t:|1783555550\n|switch|p1a: Hitmontop|Hitmontop, L88, M|231/231\n|-damage|p1a: Hitmontop|217/231|[from] Stealth Rock\n|-ability|p1a: Hitmontop|Intimidate|boost\n|-unboost|p2a: Brambleghast|atk|1\n|turn|11\n|inactive|Time left: 300 sec this turn | 300 sec total\n|\n|t:|1783555551\n|move|p1a: Hitmontop|Sucker Punch|p2a: Brambleghast\n|-supereffective|p2a: Brambleghast\n|-damage|p2a: Brambleghast|47/100\n|move|p2a: Brambleghast|Poltergeist|p1a: Hitmontop\n|-activate|p1a: Hitmontop|move: Poltergeist|Assault Vest\n|-damage|p1a: Hitmontop|90/231\n|\n|-heal|p2a: Brambleghast|53/100|[from] item: Leftovers\n|upkeep\n|turn|12\n|inactive|Time left: 300 sec this turn | 300 sec total\n|\n|t:|1783555553\n|move|p1a: Hitmontop|Sucker Punch|p2a: Brambleghast\n|-supereffective|p2a: Brambleghast\n|-damage|p2a: Brambleghast|1/100\n|move|p2a: Brambleghast|Poltergeist|p1a: Hitmontop\n|-activate|p1a: Hitmontop|move: Poltergeist|Assault Vest\n|-damage|p1a: Hitmontop|0 fnt\n|faint|p1a: Hitmontop\n|\n|-heal|p2a: Brambleghast|7/100|[from] item: Leftovers\n|upkeep\n|inactive|Time left: 300 sec this turn | 300 sec total | 5 sec grace\n|\n|t:|1783555553\n|switch|p1a: Whimsicott|Whimsicott, L84, M|238/238\n|-damage|p1a: Whimsicott|209/238|[from] Stealth Rock\n|turn|13\n|inactive|Time left: 300 sec this turn | 300 sec total\n|\n|t:|1783555555\n|switch|p2a: Mudsdale|Mudsdale, L83, F|100/100\n|move|p1a: Whimsicott|Moonblast|p2a: Mudsdale\n|-damage|p2a: Mudsdale|73/100\n|-ability|p2a: Mudsdale|Stamina|boost\n|-boost|p2a: Mudsdale|def|1\n|\n|-heal|p1a: Whimsicott|223/238|[from] item: Leftovers\n|-heal|p2a: Mudsdale|79/100|[from] item: Leftovers\n|upkeep\n|turn|14\n|inactive|Time left: 300 sec this turn | 300 sec total\n|\n|t:|1783555556\n|move|p1a: Whimsicott|Leech Seed|p2a: Mudsdale\n|-start|p2a: Mudsdale|move: Leech Seed\n|move|p2a: Mudsdale|Heavy Slam|p1a: Whimsicott\n|-supereffective|p1a: Whimsicott\n|-damage|p1a: Whimsicott|15/238\n|\n|-heal|p1a: Whimsicott|29/238|[from] item: Leftovers\n|-heal|p2a: Mudsdale|85/100|[from] item: Leftovers\n|-damage|p2a: Mudsdale|73/100|[from] Leech Seed|[of] p1a: Whimsicott\n|-heal|p1a: Whimsicott|66/238|[silent]\n|upkeep\n|turn|15\n|inactive|Time left: 300 sec this turn | 300 sec total\n|\n|t:|1783555557\n|move|p1a: Whimsicott|Moonblast|p2a: Mudsdale\n|-damage|p2a: Mudsdale|42/100\n|-ability|p2a: Mudsdale|Stamina|boost\n|-boost|p2a: Mudsdale|def|1\n|move|p2a: Mudsdale|Heavy Slam|p1a: Whimsicott\n|-supereffective|p1a: Whimsicott\n|-damage|p1a: Whimsicott|0 fnt\n|faint|p1a: Whimsicott\n|\n|-heal|p2a: Mudsdale|48/100|[from] item: Leftovers\n|upkeep\n|inactive|Time left: 300 sec this turn | 300 sec total | 5 sec grace\n|\n|t:|1783555558\n|switch|p1a: Azumarill|Azumarill, L82, M|298/298\n|-damage|p1a: Azumarill|261/298|[from] Stealth Rock\n|turn|16\n|inactive|Time left: 300 sec this turn | 300 sec total\n|\n|t:|1783555559\n|switch|p2a: Gogoat|Gogoat, L88, F|30/100\n|move|p1a: Azumarill|Liquidation|p2a: Gogoat\n|-resisted|p2a: Gogoat\n|-crit|p2a: Gogoat\n|-damage|p2a: Gogoat|0 fnt\n|faint|p2a: Gogoat\n|\n|upkeep\n|\n|t:|1783555560\n|switch|p2a: Brambleghast|Brambleghast, L88, M|7/100\n|turn|17\n|inactive|Time left: 300 sec this turn | 300 sec total\n|\n|t:|1783555560\n|move|p2a: Brambleghast|Power Whip|p1a: Azumarill\n|-supereffective|p1a: Azumarill\n|-damage|p1a: Azumarill|0 fnt\n|faint|p1a: Azumarill\n|\n|-heal|p2a: Brambleghast|13/100|[from] item: Leftovers\n|upkeep\n|inactive|Time left: 300 sec this turn | 300 sec total | 5 sec grace\n|\n|t:|1783555561\n|switch|p1a: Vivillon|Vivillon-Modern, L83, F|202/268\n|turn|18\n|inactive|Time left: 300 sec this turn | 300 sec total\n|\n|t:|1783555562\n|move|p2a: Brambleghast|Poltergeist|p1a: Vivillon|[miss]\n|-miss|p2a: Brambleghast|p1a: Vivillon\n|move|p1a: Vivillon|Quiver Dance|p1a: Vivillon\n|-boost|p1a: Vivillon|spa|1\n|-boost|p1a: Vivillon|spd|1\n|-boost|p1a: Vivillon|spe|1\n|\n|-heal|p2a: Brambleghast|20/100|[from] item: Leftovers\n|upkeep\n|turn|19\n|inactive|Time left: 300 sec this turn | 300 sec total\n|\n|t:|1783555563\n|-terastallize|p1a: Vivillon|Ground\n|move|p1a: Vivillon|Tera Blast|p2a: Brambleghast|[anim] Tera Blast Ground\n|-resisted|p2a: Brambleghast\n|-damage|p2a: Brambleghast|0 fnt\n|faint|p2a: Brambleghast\n|\n|upkeep\n|\n|t:|1783555564\n|switch|p2a: Sudowoodo|Sudowoodo, L94, F|100/100\n|turn|20\n|inactive|Time left: 300 sec this turn | 300 sec total\n|\n|t:|1783555565\n|move|p1a: Vivillon|Sleep Powder|p2a: Sudowoodo\n|-status|p2a: Sudowoodo|slp|[from] move: Sleep Powder\n|cant|p2a: Sudowoodo|slp\n|\n|upkeep\n|turn|21\n|inactive|Time left: 300 sec this turn | 300 sec total\n|\n|t:|1783555566\n|move|p1a: Vivillon|Tera Blast|p2a: Sudowoodo|[anim] Tera Blast Ground\n|-supereffective|p2a: Sudowoodo\n|-damage|p2a: Sudowoodo|15/100 slp\n|cant|p2a: Sudowoodo|slp\n|\n|upkeep\n|turn|22\n|inactive|Time left: 300 sec this turn | 300 sec total\n|\n|t:|1783555566\n|cant|p2a: Sudowoodo|slp\n|move|p1a: Vivillon|Hurricane|p2a: Sudowoodo\n|-resisted|p2a: Sudowoodo\n|-damage|p2a: Sudowoodo|0 fnt\n|faint|p2a: Sudowoodo\n|\n|upkeep\n|\n|t:|1783555567\n|switch|p2a: Piloswine|Piloswine, L85, M|77/100\n|turn|23\n|inactive|Time left: 300 sec this turn | 300 sec total\n|\n|t:|1783555568\n|move|p1a: Vivillon|Sleep Powder|p2a: Piloswine\n|-status|p2a: Piloswine|slp|[from] move: Sleep Powder\n|cant|p2a: Piloswine|slp\n|\n|upkeep\n|turn|24\n|inactive|Time left: 300 sec this turn | 300 sec total\n|\n|t:|1783555569\n|move|p1a: Vivillon|Hurricane|p2a: Piloswine\n|-damage|p2a: Piloswine|34/100 slp\n|cant|p2a: Piloswine|slp\n|\n|upkeep\n|turn|25\n|inactive|Time left: 300 sec this turn | 300 sec total\n|\n|t:|1783555569\n|switch|p2a: Snorlax|Snorlax, L82, M|100/100\n|move|p1a: Vivillon|Hurricane|p2a: Snorlax\n|-damage|p2a: Snorlax|66/100\n|\n|-heal|p2a: Snorlax|72/100|[from] item: Leftovers\n|upkeep\n|turn|26\n|inactive|Time left: 300 sec this turn | 300 sec total\n|\n|t:|1783555570\n|move|p1a: Vivillon|Hurricane|p2a: Snorlax\n|-damage|p2a: Snorlax|37/100\n|move|p2a: Snorlax|Body Slam|p1a: Vivillon\n|-damage|p1a: Vivillon|54/268\n|\n|-heal|p2a: Snorlax|43/100|[from] item: Leftovers\n|upkeep\n|turn|27\n|inactive|Time left: 300 sec this turn | 300 sec total\n|\n|t:|1783555571\n|move|p1a: Vivillon|Hurricane|p2a: Snorlax\n|-damage|p2a: Snorlax|8/100\n|-start|p2a: Snorlax|confusion\n|-activate|p2a: Snorlax|confusion\n|move|p2a: Snorlax|Body Slam|p1a: Vivillon\n|-damage|p1a: Vivillon|0 fnt\n|faint|p1a: Vivillon\n|\n|win|p0y14187efd", "uploadtime": 1783555571, "views": 0, "rating": 0, "private": 0, "password": null, "_winner": "p0y14187efd", "_our_name": "p0x1418fb24"}