{"id": "battle-gen9randombattle-2350", "formatid": "gen9randombattle", "format": "[Gen 9] Random Battle", "players": ["p0x235095b8", "p0y23501f12"], "log": "|init|battle\n|title|p0x235095b8 vs. p0y23501f12\n|j|\u2606p0x235095b8\n|j|\u2606p0y23501f12\n|t:|1783566264\n|gametype|singles\n|player|p1|p0x235095b8|1|\n|player|p2|p0y23501f12|169|\n|gen|9\n|tier|[Gen 9] Random Battle\n|rule|Species Clause: Limit one of each Pok\u00e9mon\n|rule|HP Percentage Mod: HP is shown in percentages\n|rule|Sleep Clause Mod: Limit one foe put to sleep\n|rule|Illusion Level Mod: Illusion disguises the Pok\u00e9mon's true level\n|\n|t:|1783566264\n|teamsize|p1|6\n|teamsize|p2|6\n|start\n|switch|p1a: Venusaur|Venusaur, L84, M|272/272\n|switch|p2a: Chimecho|Chimecho, L93, M|100/100\n|turn|1\n|inactive|Battle timer is ON: inactive players will automatically lose when time's up. (requested by p0x235095b8)\n|inactive|p0y23501f12 also wants the timer to be on.\n|\n|t:|1783566265\n|switch|p1a: Hariyama|Hariyama, L87, F|392/392\n|move|p2a: Chimecho|Calm Mind|p2a: Chimecho\n|-boost|p2a: Chimecho|spa|1\n|-boost|p2a: Chimecho|spd|1\n|\n|-status|p1a: Hariyama|brn|[from] item: Flame Orb\n|upkeep\n|turn|2\n|inactive|Time left: 300 sec this turn | 300 sec total\n|\n|t:|1783566267\n|-terastallize|p1a: Hariyama|Normal\n|move|p2a: Chimecho|Psyshock|p1a: Hariyama\n|-crit|p1a: Hariyama\n|-damage|p1a: Hariyama|101/392 brn\n|move|p1a: Hariyama|Facade|p2a: Chimecho\n|-damage|p2a: Chimecho|7/100\n|\n|-heal|p2a: Chimecho|13/100|[from] item: Leftovers\n|-damage|p1a: Hariyama|77/392 brn|[from] brn\n|upkeep\n|turn|3\n|inactive|Time left: 300 sec this turn | 300 sec total\n|\n|t:|1783566268\n|switch|p1a: Tinkaton|Tinkaton, L82, F|274/274\n|-ability|p1a: Tinkaton|Mold Breaker\n|move|p2a: Chimecho|Dazzling Gleam|p1a: Tinkaton\n|-resisted|p1a: Tinkaton\n|-damage|p1a: Tinkaton|227/274\n|\n|-heal|p1a: Tinkaton|244/274|[from] item: Leftovers\n|-heal|p2a: Chimecho|19/100|[from] item: Leftovers\n|upkeep\n|turn|4\n|inactive|Time left: 300 sec this turn | 300 sec total\n|\n|t:|1783566269\n|switch|p2a: Kingambit|Kingambit, L74, F|100/100\n|move|p1a: Tinkaton|Gigaton Hammer|p2a: Kingambit\n|-resisted|p2a: Kingambit\n|-damage|p2a: Kingambit|79/100\n|\n|-heal|p1a: Tinkaton|261/274|[from] item: Leftovers\n|-heal|p2a: Kingambit|85/100|[from] item: Leftovers\n|upkeep\n|turn|5\n|inactive|Time left: 300 sec this turn | 300 sec total\n|\n|t:|1783566270\n|move|p1a: Tinkaton|Play Rough|p2a: Kingambit\n|-damage|p2a: Kingambit|61/100\n|move|p2a: Kingambit|Swords Dance|p2a: Kingambit\n|-boost|p2a: Kingambit|atk|2\n|\n|-heal|p1a: Tinkaton|274/274|[from] item: Leftovers\n|-heal|p2a: Kingambit|67/100|[from] item: Leftovers\n|upkeep\n|turn|6\n|inactive|Time left: 300 sec this turn | 300 sec total\n|\n|t:|1783566271\n|move|p1a: Tinkaton|Encore|p2a: Kingambit\n|-start|p2a: Kingambit|Encore\n|move|p2a: Kingambit|Swords Dance|p2a: Kingambit\n|-boost|p2a: Kingambit|atk|2\n|\n|-heal|p2a: Kingambit|73/100|[from] item: Leftovers\n|upkeep\n|turn|7\n|inactive|Time left: 300 sec this turn | 300 sec total\n|\n|t:|1783566272\n|move|p1a: Tinkaton|Gigaton Hammer|p2a: Kingambit\n|-resisted|p2a: Kingambit\n|-damage|p2a: Kingambit|52/100\n|move|p2a: Kingambit|Swords Dance|p2a: Kingambit\n|-boost|p2a: Kingambit|atk|2\n|\n|-heal|p2a: Kingambit|58/100|[from] item: Leftovers\n|upkeep\n|turn|8\n|inactive|Time left: 300 sec this turn | 300 sec total\n|\n|t:|1783566273\n|switch|p1a: Falinks|Falinks, L84|246/246\n|-end|p2a: Kingambit|fallenundefined|[silent]\n|switch|p2a: Azumarill|Azumarill, L82, M|100/100\n|\n|upkeep\n|turn|9\n|inactive|Time left: 300 sec this turn | 300 sec total\n|\n|t:|1783566274\n|move|p1a: Falinks|No Retreat|p1a: Falinks\n|-boost|p1a: Falinks|atk|1\n|-boost|p1a: Falinks|def|1\n|-boost|p1a: Falinks|spa|1\n|-boost|p1a: Falinks|spd|1\n|-boost|p1a: Falinks|spe|1\n|-start|p1a: Falinks|move: No Retreat\n|move|p2a: Azumarill|Play Rough|p1a: Falinks\n|-supereffective|p1a: Falinks\n|-damage|p1a: Falinks|24/246\n|\n|upkeep\n|turn|10\n|inactive|Time left: 300 sec this turn | 300 sec total\n|\n|t:|1783566275\n|move|p1a: Falinks|Close Combat|p2a: Azumarill\n|-resisted|p2a: Azumarill\n|-damage|p2a: Azumarill|54/100\n|-unboost|p1a: Falinks|def|1\n|-unboost|p1a: Falinks|spd|1\n|-damage|p1a: Falinks|0 fnt|[from] item: Life Orb\n|faint|p1a: Falinks\n|move|p2a: Azumarill|Play Rough|p1: Falinks|[notarget]\n|-fail|p2a: Azumarill\n|\n|upkeep\n|inactive|Time left: 300 sec this turn | 300 sec total | 5 sec grace\n|\n|t:|1783566276\n|switch|p1a: Lanturn|Lanturn, L89, M|367/367\n|turn|11\n|inactive|Time left: 300 sec this turn | 300 sec total\n|\n|t:|1783566276\n|switch|p2a: Heracross|Heracross, L80, F|100/100\n|move|p1a: Lanturn|Thunderbolt|p2a: Heracross\n|-damage|p2a: Heracross|68/100\n|\n|upkeep\n|turn|12\n|inactive|Time left: 300 sec this turn | 300 sec total\n|\n|t:|1783566277\n|move|p2a: Heracross|Close Combat|p1a: Lanturn\n|-damage|p1a: Lanturn|102/367\n|-unboost|p2a: Heracross|def|1\n|-unboost|p2a: Heracross|spd|1\n|move|p1a: Lanturn|Scald|p2a: Heracross\n|-damage|p2a: Heracross|19/100\n|\n|-heal|p1a: Lanturn|124/367|[from] item: Leftovers\n|upkeep\n|turn|13\n|inactive|Time left: 300 sec this turn | 300 sec total\n|\n|t:|1783566279\n|switch|p1a: Venusaur|Venusaur, L84, M|272/272\n|move|p2a: Heracross|Close Combat|p1a: Venusaur\n|-resisted|p1a: Venusaur\n|-damage|p1a: Venusaur|168/272\n|-unboost|p2a: Heracross|def|1\n|-unboost|p2a: Heracross|spd|1\n|\n|-heal|p1a: Venusaur|185/272|[from] item: Leftovers\n|upkeep\n|turn|14\n|inactive|Time left: 300 sec this turn | 300 sec total\n|\n|t:|1783566279\n|switch|p2a: Yanmega|Yanmega, L82, M|100/100\n|move|p1a: Venusaur|Energy Ball|p2a: Yanmega\n|-resisted|p2a: Yanmega\n|-damage|p2a: Yanmega|87/100\n|\n|-heal|p1a: Venusaur|202/272|[from] item: Leftovers\n|upkeep\n|turn|15\n|inactive|Time left: 300 sec this turn | 300 sec total\n|\n|t:|1783566281\n|switch|p1a: Tinkaton|Tinkaton, L82, F|274/274\n|-ability|p1a: Tinkaton|Mold Breaker\n|move|p2a: Yanmega|Air Slash|p1a: Tinkaton\n|-resisted|p1a: Tinkaton\n|-damage|p1a: Tinkaton|148/274\n|\n|-heal|p1a: Tinkaton|165/274|[from] item: Leftovers\n|upkeep\n|turn|16\n|inactive|Time left: 300 sec this turn | 300 sec total\n|\n|t:|1783566282\n|move|p2a: Yanmega|Air Slash|p1a: Tinkaton\n|-resisted|p1a: Tinkaton\n|-damage|p1a: Tinkaton|47/274\n|cant|p1a: Tinkaton|flinch\n|\n|-heal|p1a: Tinkaton|64/274|[from] item: Leftovers\n|upkeep\n|turn|17\n|inactive|Time left: 300 sec this turn | 300 sec total\n|\n|t:|1783566283\n|move|p2a: Yanmega|Air Slash|p1a: Tinkaton\n|-resisted|p1a: Tinkaton\n|-damage|p1a: Tinkaton|0 fnt\n|faint|p1a: Tinkaton\n|\n|upkeep\n|inactive|Time left: 300 sec this turn | 300 sec total | 5 sec grace\n|\n|t:|1783566284\n|switch|p1a: Kingdra|Kingdra, L84, F|263/263\n|turn|18\n|inactive|Time left: 300 sec this turn | 300 sec total\n|\n|t:|1783566284\n|move|p2a: Yanmega|Air Slash|p1a: Kingdra\n|-damage|p1a: Kingdra|136/263\n|cant|p1a: Kingdra|flinch\n|\n|upkeep\n|turn|19\n|inactive|Time left: 300 sec this turn | 300 sec total\n|\n|t:|1783566285\n|move|p2a: Yanmega|Air Slash|p1a: Kingdra\n|-damage|p1a: Kingdra|6/263\n|move|p1a: Kingdra|Dragon Dance|p1a: Kingdra\n|-boost|p1a: Kingdra|atk|1\n|-boost|p1a: Kingdra|spe|1\n|\n|upkeep\n|turn|20\n|inactive|Time left: 300 sec this turn | 300 sec total\n|\n|t:|1783566286\n|move|p1a: Kingdra|Waterfall|p2a: Yanmega\n|-damage|p2a: Yanmega|38/100\n|cant|p2a: Yanmega|flinch\n|\n|upkeep\n|turn|21\n|inactive|Time left: 300 sec this turn | 300 sec total\n|\n|t:|1783566287\n|switch|p2a: Azumarill|Azumarill, L82, M|54/100\n|move|p1a: Kingdra|Outrage|p2a: Azumarill\n|-immune|p2a: Azumarill\n|\n|upkeep\n|turn|22\n|inactive|Time left: 300 sec this turn | 300 sec total\n|\n|t:|1783566288\n|move|p1a: Kingdra|Waterfall|p2a: Azumarill\n|-resisted|p2a: Azumarill\n|-damage|p2a: Azumarill|30/100\n|move|p2a: Azumarill|Play Rough|p1a: Kingdra\n|-supereffective|p1a: Kingdra\n|-damage|p1a: Kingdra|0 fnt\n|faint|p1a: Kingdra\n|\n|upkeep\n|inactive|Time left: 300 sec this turn | 300 sec total | 5 sec grace\n|\n|t:|1783566289\n|switch|p1a: Venusaur|Venusaur, L84, M|202/272\n|turn|23\n|inactive|Time left: 300 sec this turn | 300 sec total\n|\n|t:|1783566290\n|switch|p2a: Kingambit|Kingambit, L74, F|58/100\n|move|p1a: Venusaur|Sludge Bomb|p2a: Kingambit\n|-immune|p2a: Kingambit\n|\n|-heal|p1a: Venusaur|219/272|[from] item: Leftovers\n|-heal|p2a: Kingambit|63/100|[from] item: Leftovers\n|upkeep\n|turn|24\n|inactive|Time left: 300 sec this turn | 300 sec total\n|\n|t:|1783566291\n|move|p1a: Venusaur|Knock Off|p2a: Kingambit\n|-resisted|p2a: Kingambit\n|-damage|p2a: Kingambit|53/100\n|-enditem|p2a: Kingambit|Leftovers|[from] move: Knock Off|[of] p1a: Venusaur\n|move|p2a: Kingambit|Swords Dance|p2a: Kingambit\n|-boost|p2a: Kingambit|atk|2\n|\n|-heal|p1a: Venusaur|236/272|[from] item: Leftovers\n|upkeep\n|turn|25\n|inactive|Time left: 300 sec this turn | 300 sec total\n|\n|t:|1783566292\n|move|p1a: Venusaur|Energy Ball|p2a: Kingambit\n|-resisted|p2a: Kingambit\n|-damage|p2a: Kingambit|30/100\n|move|p2a: Kingambit|Kowtow Cleave|p1a: Venusaur\n|-damage|p1a: Venusaur|29/272\n|\n|-heal|p1a: Venusaur|46/272|[from] item: Leftovers\n|upkeep\n|turn|26\n|inactive|Time left: 300 sec this turn | 300 sec total\n|\n|t:|1783566293\n|move|p2a: Kingambit|Sucker Punch|p1a: Venusaur\n|-damage|p1a: Venusaur|0 fnt\n|faint|p1a: Venusaur\n|\n|upkeep\n|inactive|Time left: 300 sec this turn | 300 sec total | 5 sec grace\n|\n|t:|1783566294\n|switch|p1a: Lanturn|Lanturn, L89, M|124/367\n|turn|27\n|inactive|Time left: 300 sec this turn | 300 sec total\n|\n|t:|1783566295\n|move|p1a: Lanturn|Thunder Wave|p2a: Kingambit\n|-status|p2a: Kingambit|par\n|cant|p2a: Kingambit|par\n|\n|-heal|p1a: Lanturn|146/367|[from] item: Leftovers\n|upkeep\n|turn|28\n|inactive|Time left: 300 sec this turn | 300 sec total\n|\n|t:|1783566296\n|move|p1a: Lanturn|Thunder Wave|p2a: Kingambit\n|-fail|p2a: Kingambit|par\n|move|p2a: Kingambit|Kowtow Cleave|p1a: Lanturn\n|-damage|p1a: Lanturn|0 fnt\n|faint|p1a: Lanturn\n|\n|upkeep\n|inactive|Time left: 300 sec this turn | 300 sec total | 5 sec grace\n|\n|t:|1783566297\n|switch|p1a: Hariyama|Hariyama, L87, F, tera:Normal|77/392 brn\n|turn|29\n|inactive|Time left: 300 sec this turn | 300 sec total\n|\n|t:|1783566298\n|move|p2a: Kingambit|Sucker Punch|p1a: Hariyama\n|-damage|p1a: Hariyama|0 fnt\n|faint|p1a: Hariyama\n|\n|win|p0y23501f12", "uploadtime": 1783566298, "views": 0, "rating": 0, "private": 0, "password": null, "_winner": "p0y23501f12", "_our_name": "p0x235095b8"}