{"id": "battle-gen9randombattle-719", "formatid": "gen9randombattle", "format": "[Gen 9] Random Battle", "players": ["p0x719492c", "p0y719f32c"], "log": "|init|battle\n|title|p0x719492c vs. p0y719f32c\n|j|\u2606p0x719492c\n|j|\u2606p0y719f32c\n|t:|1783547466\n|gametype|singles\n|player|p1|p0x719492c|169|\n|player|p2|p0y719f32c|265|\n|gen|9\n|tier|[Gen 9] Random Battle\n|rule|Species Clause: Limit one of each Pok\u00e9mon\n|rule|HP Percentage Mod: HP is shown in percentages\n|rule|Sleep Clause Mod: Limit one foe put to sleep\n|rule|Illusion Level Mod: Illusion disguises the Pok\u00e9mon's true level\n|\n|t:|1783547466\n|teamsize|p1|6\n|teamsize|p2|6\n|start\n|switch|p1a: Kingambit|Kingambit, L74, F|270/270\n|switch|p2a: Cyclizar|Cyclizar, L84, F|100/100\n|turn|1\n|inactive|Battle timer is ON: inactive players will automatically lose when time's up. (requested by p0y719f32c)\n|inactive|Time left: 300 sec this turn | 300 sec total | 60 sec grace\n|inactive|p0x719492c also wants the timer to be on.\n|\n|t:|1783547467\n|move|p2a: Cyclizar|Shed Tail|p2a: Cyclizar\n|-start|p2a: Cyclizar|Substitute|[from] move: Shed Tail\n|-damage|p2a: Cyclizar|50/100\n|\n|t:|1783547468\n|switch|p2a: Heatran|Heatran, L79, M|100/100|[from] Shed Tail\n|move|p1a: Kingambit|Swords Dance|p1a: Kingambit\n|-boost|p1a: Kingambit|atk|2\n|\n|upkeep\n|turn|2\n|inactive|Time left: 300 sec this turn | 300 sec total\n|\n|t:|1783547469\n|-terastallize|p1a: Kingambit|Dark\n|move|p1a: Kingambit|Sucker Punch|p2a: Heatran\n|-end|p2a: Heatran|Substitute\n|move|p2a: Heatran|Magma Storm|p1a: Kingambit|[miss]\n|-miss|p2a: Heatran|p1a: Kingambit\n|\n|upkeep\n|turn|3\n|inactive|Time left: 300 sec this turn | 300 sec total\n|\n|t:|1783547470\n|move|p2a: Heatran|Lava Plume|p1a: Kingambit\n|-damage|p1a: Kingambit|156/270\n|move|p1a: Kingambit|Kowtow Cleave|p2a: Heatran\n|-damage|p2a: Heatran|16/100\n|\n|-heal|p1a: Kingambit|172/270|[from] item: Leftovers\n|upkeep\n|turn|4\n|inactive|Time left: 300 sec this turn | 300 sec total\n|\n|t:|1783547471\n|move|p1a: Kingambit|Sucker Punch|p2a: Heatran\n|-damage|p2a: Heatran|0 fnt\n|faint|p2a: Heatran\n|\n|-heal|p1a: Kingambit|188/270|[from] item: Leftovers\n|upkeep\n|\n|t:|1783547472\n|switch|p2a: Altaria|Altaria, L89, F|100/100\n|turn|5\n|inactive|Time left: 300 sec this turn | 300 sec total\n|\n|t:|1783547473\n|move|p2a: Altaria|Will-O-Wisp|p1a: Kingambit\n|-status|p1a: Kingambit|brn\n|move|p1a: Kingambit|Kowtow Cleave|p2a: Altaria\n|-damage|p2a: Altaria|59/100\n|\n|-heal|p1a: Kingambit|204/270 brn|[from] item: Leftovers\n|-damage|p1a: Kingambit|188/270 brn|[from] brn\n|upkeep\n|turn|6\n|inactive|Time left: 300 sec this turn | 300 sec total\n|\n|t:|1783547473\n|move|p2a: Altaria|Roost|p2a: Altaria\n|-heal|p2a: Altaria|100/100\n|-singleturn|p2a: Altaria|move: Roost\n|move|p1a: Kingambit|Kowtow Cleave|p2a: Altaria\n|-damage|p2a: Altaria|57/100\n|\n|-heal|p1a: Kingambit|204/270 brn|[from] item: Leftovers\n|-damage|p1a: Kingambit|188/270 brn|[from] brn\n|upkeep\n|turn|7\n|inactive|Time left: 300 sec this turn | 300 sec total\n|\n|t:|1783547474\n|move|p2a: Altaria|Roost|p2a: Altaria\n|-heal|p2a: Altaria|100/100\n|-singleturn|p2a: Altaria|move: Roost\n|move|p1a: Kingambit|Kowtow Cleave|p2a: Altaria\n|-damage|p2a: Altaria|60/100\n|\n|-heal|p1a: Kingambit|204/270 brn|[from] item: Leftovers\n|-damage|p1a: Kingambit|188/270 brn|[from] brn\n|upkeep\n|turn|8\n|inactive|Time left: 300 sec this turn | 300 sec total\n|\n|t:|1783547475\n|move|p2a: Altaria|Roost|p2a: Altaria\n|-heal|p2a: Altaria|100/100\n|-singleturn|p2a: Altaria|move: Roost\n|move|p1a: Kingambit|Kowtow Cleave|p2a: Altaria\n|-damage|p2a: Altaria|63/100\n|\n|-heal|p1a: Kingambit|204/270 brn|[from] item: Leftovers\n|-damage|p1a: Kingambit|188/270 brn|[from] brn\n|upkeep\n|turn|9\n|inactive|Time left: 300 sec this turn | 300 sec total\n|\n|t:|1783547476\n|move|p2a: Altaria|Roost|p2a: Altaria\n|-heal|p2a: Altaria|100/100\n|-singleturn|p2a: Altaria|move: Roost\n|move|p1a: Kingambit|Kowtow Cleave|p2a: Altaria\n|-crit|p2a: Altaria\n|-damage|p2a: Altaria|37/100\n|\n|-heal|p1a: Kingambit|204/270 brn|[from] item: Leftovers\n|-damage|p1a: Kingambit|188/270 brn|[from] brn\n|upkeep\n|turn|10\n|inactive|Time left: 300 sec this turn | 300 sec total\n|\n|t:|1783547478\n|move|p2a: Altaria|Roost|p2a: Altaria\n|-heal|p2a: Altaria|87/100\n|-singleturn|p2a: Altaria|move: Roost\n|move|p1a: Kingambit|Kowtow Cleave|p2a: Altaria\n|-damage|p2a: Altaria|48/100\n|\n|-heal|p1a: Kingambit|204/270 brn|[from] item: Leftovers\n|-damage|p1a: Kingambit|188/270 brn|[from] brn\n|upkeep\n|turn|11\n|inactive|Time left: 300 sec this turn | 300 sec total\n|\n|t:|1783547479\n|move|p2a: Altaria|Roost|p2a: Altaria\n|-heal|p2a: Altaria|98/100\n|-singleturn|p2a: Altaria|move: Roost\n|move|p1a: Kingambit|Kowtow Cleave|p2a: Altaria\n|-damage|p2a: Altaria|56/100\n|\n|-heal|p1a: Kingambit|204/270 brn|[from] item: Leftovers\n|-damage|p1a: Kingambit|188/270 brn|[from] brn\n|upkeep\n|turn|12\n|inactive|Time left: 300 sec this turn | 300 sec total\n|\n|t:|1783547480\n|move|p2a: Altaria|Roost|p2a: Altaria\n|-heal|p2a: Altaria|100/100\n|-singleturn|p2a: Altaria|move: Roost\n|move|p1a: Kingambit|Kowtow Cleave|p2a: Altaria\n|-damage|p2a: Altaria|56/100\n|\n|-heal|p1a: Kingambit|204/270 brn|[from] item: Leftovers\n|-damage|p1a: Kingambit|188/270 brn|[from] brn\n|upkeep\n|turn|13\n|inactive|Time left: 300 sec this turn | 300 sec total\n|\n|t:|1783547481\n|move|p2a: Altaria|Roost|p2a: Altaria\n|-heal|p2a: Altaria|100/100\n|-singleturn|p2a: Altaria|move: Roost\n|move|p1a: Kingambit|Kowtow Cleave|p2a: Altaria\n|-damage|p2a: Altaria|61/100\n|\n|-heal|p1a: Kingambit|204/270 brn|[from] item: Leftovers\n|-damage|p1a: Kingambit|188/270 brn|[from] brn\n|upkeep\n|turn|14\n|inactive|Time left: 300 sec this turn | 300 sec total\n|\n|t:|1783547482\n|switch|p2a: Swampert|Swampert, L83, M|100/100\n|move|p1a: Kingambit|Kowtow Cleave|p2a: Swampert\n|-damage|p2a: Swampert|58/100\n|\n|-heal|p2a: Swampert|64/100|[from] item: Leftovers\n|-heal|p1a: Kingambit|204/270 brn|[from] item: Leftovers\n|-damage|p1a: Kingambit|188/270 brn|[from] brn\n|upkeep\n|turn|15\n|inactive|Time left: 300 sec this turn | 300 sec total\n|\n|t:|1783547484\n|move|p2a: Swampert|Stealth Rock|p1a: Kingambit\n|-sidestart|p1: p0x719492c|move: Stealth Rock\n|move|p1a: Kingambit|Kowtow Cleave|p2a: Swampert\n|-damage|p2a: Swampert|26/100\n|\n|-heal|p2a: Swampert|32/100|[from] item: Leftovers\n|-heal|p1a: Kingambit|204/270 brn|[from] item: Leftovers\n|-damage|p1a: Kingambit|188/270 brn|[from] brn\n|upkeep\n|turn|16\n|inactive|Time left: 300 sec this turn | 300 sec total\n|\n|t:|1783547485\n|move|p2a: Swampert|Flip Turn|p1a: Kingambit\n|-damage|p1a: Kingambit|103/270 brn\n|\n|t:|1783547486\n|switch|p2a: Wyrdeer|Wyrdeer, L87, F|100/100|[from] Flip Turn\n|-ability|p2a: Wyrdeer|Intimidate|boost\n|-unboost|p1a: Kingambit|atk|1\n|move|p1a: Kingambit|Kowtow Cleave|p2a: Wyrdeer\n|-supereffective|p2a: Wyrdeer\n|-damage|p2a: Wyrdeer|35/100\n|\n|-heal|p2a: Wyrdeer|41/100|[from] item: Leftovers\n|-heal|p1a: Kingambit|119/270 brn|[from] item: Leftovers\n|-damage|p1a: Kingambit|103/270 brn|[from] brn\n|upkeep\n|turn|17\n|inactive|Time left: 300 sec this turn | 300 sec total\n|\n|t:|1783547486\n|move|p2a: Wyrdeer|Megahorn|p1a: Kingambit\n|-supereffective|p1a: Kingambit\n|-damage|p1a: Kingambit|0 fnt\n|faint|p1a: Kingambit\n|-end|p1a: Kingambit|fallenundefined|[silent]\n|\n|-heal|p2a: Wyrdeer|48/100|[from] item: Leftovers\n|upkeep\n|inactive|Time left: 300 sec this turn | 300 sec total | 5 sec grace\n|\n|t:|1783547487\n|switch|p1a: Arceus|Arceus-Dragon, L71|288/288\n|-damage|p1a: Arceus|252/288|[from] Stealth Rock\n|turn|18\n|inactive|Time left: 300 sec this turn | 300 sec total\n|\n|t:|1783547489\n|move|p1a: Arceus|Outrage|p2a: Wyrdeer\n|-damage|p2a: Wyrdeer|0 fnt\n|faint|p2a: Wyrdeer\n|\n|upkeep\n|\n|t:|1783547490\n|switch|p2a: Altaria|Altaria, L89, F|61/100\n|turn|19\n|inactive|Time left: 300 sec this turn | 300 sec total\n|\n|t:|1783547490\n|-terastallize|p2a: Altaria|Steel\n|move|p1a: Arceus|Outrage|p2a: Altaria|[from] lockedmove\n|-resisted|p2a: Altaria\n|-damage|p2a: Altaria|39/100\n|-start|p1a: Arceus|confusion|[fatigue]\n|move|p2a: Altaria|Will-O-Wisp|p1a: Arceus\n|-status|p1a: Arceus|brn\n|\n|-damage|p1a: Arceus|234/288 brn|[from] brn\n|upkeep\n|turn|20\n|inactive|Time left: 300 sec this turn | 300 sec total\n|\n|t:|1783547491\n|switch|p1a: Gouging Fire|Gouging Fire, L74|277/277\n|move|p2a: Altaria|Will-O-Wisp|p1a: Gouging Fire\n|-immune|p1a: Gouging Fire\n|\n|upkeep\n|turn|21\n|inactive|Time left: 300 sec this turn | 300 sec total\n|\n|t:|1783547492\n|move|p2a: Altaria|Earthquake|p1a: Gouging Fire\n|-supereffective|p1a: Gouging Fire\n|-damage|p1a: Gouging Fire|161/277\n|move|p1a: Gouging Fire|Dragon Dance|p1a: Gouging Fire\n|-boost|p1a: Gouging Fire|atk|1\n|-boost|p1a: Gouging Fire|spe|1\n|\n|upkeep\n|turn|22\n|inactive|Time left: 300 sec this turn | 300 sec total\n|\n|t:|1783547494\n|move|p1a: Gouging Fire|Heat Crash|p2a: Altaria\n|-supereffective|p2a: Altaria\n|-damage|p2a: Altaria|0 fnt\n|faint|p2a: Altaria\n|\n|upkeep\n|\n|t:|1783547495\n|switch|p2a: Cyclizar|Cyclizar, L84, F|84/100\n|turn|23\n|inactive|Time left: 300 sec this turn | 300 sec total\n|\n|t:|1783547496\n|switch|p2a: Swampert|Swampert, L83, M|32/100\n|move|p1a: Gouging Fire|Outrage|p2a: Swampert\n|-damage|p2a: Swampert|0 fnt\n|faint|p2a: Swampert\n|\n|upkeep\n|\n|t:|1783547496\n|switch|p2a: Delphox|Delphox, L84, M|100/100\n|turn|24\n|inactive|Time left: 300 sec this turn | 300 sec total\n|\n|t:|1783547497\n|move|p1a: Gouging Fire|Outrage|p2a: Delphox|[from] lockedmove\n|-damage|p2a: Delphox|29/100\n|move|p2a: Delphox|Psyshock|p1a: Gouging Fire\n|-damage|p1a: Gouging Fire|76/277\n|\n|upkeep\n|turn|25\n|inactive|Time left: 300 sec this turn | 300 sec total\n|\n|t:|1783547499\n|move|p1a: Gouging Fire|Outrage|p2a: Delphox|[from] lockedmove\n|-damage|p2a: Delphox|0 fnt\n|faint|p2a: Delphox\n|-start|p1a: Gouging Fire|confusion|[fatigue]\n|\n|upkeep\n|\n|t:|1783547499\n|switch|p2a: Cyclizar|Cyclizar, L84, F|100/100\n|turn|26\n|inactive|Time left: 300 sec this turn | 300 sec total\n|\n|t:|1783547500\n|-activate|p1a: Gouging Fire|confusion\n|move|p1a: Gouging Fire|Outrage|p2a: Cyclizar\n|-supereffective|p2a: Cyclizar\n|-crit|p2a: Cyclizar\n|-damage|p2a: Cyclizar|0 fnt\n|faint|p2a: Cyclizar\n|\n|win|p0x719492c", "uploadtime": 1783547500, "views": 0, "rating": 0, "private": 0, "password": null, "_winner": "p0x719492c", "_our_name": "p0x719492c"}