{"id": "battle-gen9randombattle-33", "formatid": "gen9randombattle", "format": "[Gen 9] Random Battle", "players": ["p0x033a4c9", "p0y033e591"], "log": "|init|battle\n|title|p0x033a4c9 vs. p0y033e591\n|j|\u2606p0x033a4c9\n|j|\u2606p0y033e591\n|t:|1783533605\n|gametype|singles\n|player|p1|p0x033a4c9|170|\n|player|p2|p0y033e591|102|\n|gen|9\n|tier|[Gen 9] Random Battle\n|rule|Species Clause: Limit one of each Pok\u00e9mon\n|rule|HP Percentage Mod: HP is shown in percentages\n|rule|Sleep Clause Mod: Limit one foe put to sleep\n|rule|Illusion Level Mod: Illusion disguises the Pok\u00e9mon's true level\n|\n|t:|1783533605\n|teamsize|p1|6\n|teamsize|p2|6\n|start\n|switch|p1a: Leavanny|Leavanny, L86, M|100/100\n|switch|p2a: Calyrex|Calyrex-Ice, L72|263/263\n|-ability|p2a: Calyrex|As One\n|-ability|p2a: Calyrex|Unnerve\n|turn|1\n|inactive|Battle timer is ON: inactive players will automatically lose when time's up. (requested by p0x033a4c9)\n|inactive|Time left: 300 sec this turn | 300 sec total | 60 sec grace\n|inactive|p0y033e591 also wants the timer to be on.\n|\n|t:|1783533606\n|move|p1a: Leavanny|Sticky Web|p2a: Calyrex\n|-sidestart|p2: p0y033e591|move: Sticky Web\n|move|p2a: Calyrex|Glacial Lance|p1a: Leavanny\n|-supereffective|p1a: Leavanny\n|-damage|p1a: Leavanny|0 fnt\n|faint|p1a: Leavanny\n|-ability|p2a: Calyrex|Chilling Neigh|boost\n|-boost|p2a: Calyrex|atk|1\n|\n|upkeep\n|\n|t:|1783533607\n|switch|p1a: Magmortar|Magmortar, L88, M|100/100\n|turn|2\n|inactive|Time left: 300 sec this turn | 300 sec total\n|\n|t:|1783533609\n|move|p1a: Magmortar|Fire Blast|p2a: Calyrex\n|-supereffective|p2a: Calyrex\n|-damage|p2a: Calyrex|0 fnt\n|faint|p2a: Calyrex\n|\n|upkeep\n|inactive|Time left: 300 sec this turn | 300 sec total | 5 sec grace\n|\n|t:|1783533610\n|switch|p2a: Grimmsnarl|Grimmsnarl, L83, M|293/293\n|-activate|p2a: Grimmsnarl|move: Sticky Web\n|-unboost|p2a: Grimmsnarl|spe|1\n|turn|3\n|inactive|Time left: 300 sec this turn | 300 sec total\n|\n|t:|1783533611\n|move|p2a: Grimmsnarl|Light Screen|p2a: Grimmsnarl\n|-sidestart|p2: p0y033e591|move: Light Screen\n|move|p1a: Magmortar|Fire Blast|p2a: Grimmsnarl\n|-damage|p2a: Grimmsnarl|200/293\n|\n|upkeep\n|turn|4\n|inactive|Time left: 300 sec this turn | 300 sec total\n|\n|t:|1783533612\n|move|p2a: Grimmsnarl|Reflect|p2a: Grimmsnarl\n|-sidestart|p2: p0y033e591|Reflect\n|move|p1a: Magmortar|Knock Off|p2a: Grimmsnarl\n|-resisted|p2a: Grimmsnarl\n|-damage|p2a: Grimmsnarl|188/293\n|-enditem|p2a: Grimmsnarl|Light Clay|[from] move: Knock Off|[of] p1a: Magmortar\n|\n|upkeep\n|turn|5\n|inactive|Time left: 300 sec this turn | 300 sec total\n|\n|t:|1783533613\n|move|p1a: Magmortar|Fire Blast|p2a: Grimmsnarl|[miss]\n|-miss|p1a: Magmortar|p2a: Grimmsnarl\n|move|p2a: Grimmsnarl|Spirit Break|p1a: Magmortar\n|-resisted|p1a: Magmortar\n|-damage|p1a: Magmortar|79/100\n|-unboost|p1a: Magmortar|spa|1\n|\n|upkeep\n|turn|6\n|inactive|Time left: 300 sec this turn | 300 sec total\n|\n|t:|1783533614\n|move|p1a: Magmortar|Knock Off|p2a: Grimmsnarl\n|-resisted|p2a: Grimmsnarl\n|-damage|p2a: Grimmsnarl|181/293\n|move|p2a: Grimmsnarl|Spirit Break|p1a: Magmortar\n|-resisted|p1a: Magmortar\n|-damage|p1a: Magmortar|59/100\n|-unboost|p1a: Magmortar|spa|1\n|-status|p2a: Grimmsnarl|brn|[from] ability: Flame Body|[of] p1a: Magmortar\n|\n|-damage|p2a: Grimmsnarl|163/293 brn|[from] brn\n|upkeep\n|turn|7\n|inactive|Time left: 300 sec this turn | 300 sec total\n|\n|t:|1783533616\n|switch|p1a: Zacian|Zacian-Crowned, L64|100/100\n|-ability|p1a: Zacian|Intrepid Sword|boost\n|-boost|p1a: Zacian|atk|1\n|switch|p2a: Great Tusk|Great Tusk, L77|304/304\n|-activate|p2a: Great Tusk|move: Sticky Web\n|-unboost|p2a: Great Tusk|spe|1\n|\n|upkeep\n|turn|8\n|inactive|Time left: 300 sec this turn | 300 sec total\n|\n|t:|1783533617\n|switch|p1a: Chimecho|Chimecho, L93, F|100/100\n|move|p2a: Great Tusk|Earthquake|p1a: Chimecho\n|-immune|p1a: Chimecho|[from] ability: Levitate\n|\n|upkeep\n|turn|9\n|inactive|Time left: 300 sec this turn | 300 sec total\n|\n|t:|1783533618\n|move|p1a: Chimecho|Psychic Noise|p2a: Great Tusk\n|-supereffective|p2a: Great Tusk\n|-damage|p2a: Great Tusk|148/304\n|-start|p2a: Great Tusk|move: Heal Block\n|move|p2a: Great Tusk|Bulk Up|p2a: Great Tusk\n|-boost|p2a: Great Tusk|atk|1\n|-boost|p2a: Great Tusk|def|1\n|\n|upkeep\n|turn|10\n|inactive|Time left: 300 sec this turn | 300 sec total\n|\n|t:|1783533619\n|move|p1a: Chimecho|Psychic Noise|p2a: Great Tusk\n|-supereffective|p2a: Great Tusk\n|-damage|p2a: Great Tusk|10/304\n|move|p2a: Great Tusk|Bulk Up|p2a: Great Tusk\n|-boost|p2a: Great Tusk|atk|1\n|-boost|p2a: Great Tusk|def|1\n|\n|-end|p2a: Great Tusk|move: Heal Block\n|-sideend|p2: p0y033e591|move: Light Screen\n|upkeep\n|turn|11\n|inactive|Time left: 300 sec this turn | 300 sec total\n|\n|t:|1783533621\n|move|p1a: Chimecho|Psychic Noise|p2a: Great Tusk\n|-supereffective|p2a: Great Tusk\n|-damage|p2a: Great Tusk|0 fnt\n|faint|p2a: Great Tusk\n|-end|p2a: Great Tusk|Protosynthesis|[silent]\n|\n|-sideend|p2: p0y033e591|Reflect\n|upkeep\n|inactive|Time left: 300 sec this turn | 300 sec total | 5 sec grace\n|\n|t:|1783533622\n|switch|p2a: Grimmsnarl|Grimmsnarl, L83, M|163/293 brn\n|-activate|p2a: Grimmsnarl|move: Sticky Web\n|-unboost|p2a: Grimmsnarl|spe|1\n|turn|12\n|inactive|Time left: 300 sec this turn | 300 sec total\n|\n|t:|1783533623\n|switch|p1a: Zacian|Zacian-Crowned, L64|100/100\n|move|p2a: Grimmsnarl|Reflect|p2a: Grimmsnarl\n|-sidestart|p2: p0y033e591|Reflect\n|\n|-damage|p2a: Grimmsnarl|145/293 brn|[from] brn\n|upkeep\n|turn|13\n|inactive|Time left: 300 sec this turn | 300 sec total\n|\n|t:|1783533624\n|move|p2a: Grimmsnarl|Thunder Wave|p1a: Zacian\n|-status|p1a: Zacian|par\n|move|p1a: Zacian|Swords Dance|p1a: Zacian\n|-boost|p1a: Zacian|atk|2\n|\n|-damage|p2a: Grimmsnarl|127/293 brn|[from] brn\n|upkeep\n|turn|14\n|inactive|Time left: 300 sec this turn | 300 sec total\n|\n|t:|1783533625\n|move|p2a: Grimmsnarl|Light Screen|p2a: Grimmsnarl\n|-sidestart|p2: p0y033e591|move: Light Screen\n|cant|p1a: Zacian|par\n|\n|-damage|p2a: Grimmsnarl|109/293 brn|[from] brn\n|upkeep\n|turn|15\n|inactive|Time left: 300 sec this turn | 300 sec total\n|\n|t:|1783533626\n|cant|p1a: Zacian|par\n|move|p2a: Grimmsnarl|Spirit Break|p1a: Zacian\n|-resisted|p1a: Zacian\n|-damage|p1a: Zacian|91/100 par\n|-unboost|p1a: Zacian|spa|1\n|\n|-damage|p2a: Grimmsnarl|91/293 brn|[from] brn\n|upkeep\n|turn|16\n|inactive|Time left: 300 sec this turn | 300 sec total\n|\n|t:|1783533627\n|cant|p1a: Zacian|par\n|move|p2a: Grimmsnarl|Spirit Break|p1a: Zacian\n|-resisted|p1a: Zacian\n|-damage|p1a: Zacian|80/100 par\n|-unboost|p1a: Zacian|spa|1\n|\n|-damage|p2a: Grimmsnarl|73/293 brn|[from] brn\n|-sideend|p2: p0y033e591|Reflect\n|upkeep\n|turn|17\n|inactive|Time left: 300 sec this turn | 300 sec total\n|\n|t:|1783533628\n|move|p2a: Grimmsnarl|Reflect|p2a: Grimmsnarl\n|-sidestart|p2: p0y033e591|Reflect\n|cant|p1a: Zacian|par\n|\n|-damage|p2a: Grimmsnarl|55/293 brn|[from] brn\n|upkeep\n|turn|18\n|inactive|Time left: 300 sec this turn | 300 sec total\n|\n|t:|1783533629\n|move|p1a: Zacian|Swords Dance|p1a: Zacian\n|-boost|p1a: Zacian|atk|2\n|move|p2a: Grimmsnarl|Spirit Break|p1a: Zacian\n|-resisted|p1a: Zacian\n|-damage|p1a: Zacian|69/100 par\n|-unboost|p1a: Zacian|spa|1\n|\n|-damage|p2a: Grimmsnarl|37/293 brn|[from] brn\n|-sideend|p2: p0y033e591|move: Light Screen\n|upkeep\n|turn|19\n|inactive|Time left: 300 sec this turn | 300 sec total\n|\n|t:|1783533631\n|move|p2a: Grimmsnarl|Light Screen|p2a: Grimmsnarl\n|-sidestart|p2: p0y033e591|move: Light Screen\n|move|p1a: Zacian|Swords Dance|p1a: Zacian\n|-boost|p1a: Zacian|atk|2\n|\n|-damage|p2a: Grimmsnarl|19/293 brn|[from] brn\n|upkeep\n|turn|20\n|inactive|Time left: 300 sec this turn | 300 sec total\n|\n|t:|1783533632\n|move|p1a: Zacian|Play Rough|p2a: Grimmsnarl\n|-supereffective|p2a: Grimmsnarl\n|-damage|p2a: Grimmsnarl|0 fnt\n|faint|p2a: Grimmsnarl\n|\n|upkeep\n|inactive|Time left: 300 sec this turn | 300 sec total | 5 sec grace\n|\n|t:|1783533632\n|switch|p2a: Lucario|Lucario, L84, M|255/255\n|-activate|p2a: Lucario|move: Sticky Web\n|-unboost|p2a: Lucario|spe|1\n|turn|21\n|inactive|Time left: 300 sec this turn | 300 sec total\n|\n|t:|1783533633\n|move|p2a: Lucario|Close Combat|p1a: Zacian\n|-damage|p1a: Zacian|0 fnt\n|-unboost|p2a: Lucario|def|1\n|-unboost|p2a: Lucario|spd|1\n|faint|p1a: Zacian\n|\n|-sideend|p2: p0y033e591|Reflect\n|upkeep\n|\n|t:|1783533634\n|switch|p1a: Magmortar|Magmortar, L88, M|59/100\n|turn|22\n|inactive|Time left: 300 sec this turn | 300 sec total\n|\n|t:|1783533635\n|move|p1a: Magmortar|Fire Blast|p2a: Lucario\n|-supereffective|p2a: Lucario\n|-damage|p2a: Lucario|0 fnt\n|faint|p2a: Lucario\n|\n|upkeep\n|inactive|Time left: 300 sec this turn | 300 sec total | 5 sec grace\n|\n|t:|1783533636\n|switch|p2a: Sawsbuck|Sawsbuck, L88, F|284/284\n|-activate|p2a: Sawsbuck|move: Sticky Web\n|-unboost|p2a: Sawsbuck|spe|1\n|turn|23\n|inactive|Time left: 300 sec this turn | 300 sec total\n|\n|t:|1783533637\n|move|p1a: Magmortar|Will-O-Wisp|p2a: Sawsbuck\n|-status|p2a: Sawsbuck|brn\n|move|p2a: Sawsbuck|Double-Edge|p1a: Magmortar\n|-damage|p1a: Magmortar|18/100\n|-damage|p2a: Sawsbuck|247/284 brn|[from] Recoil\n|-damage|p2a: Sawsbuck|219/284 brn|[from] item: Life Orb\n|\n|-damage|p2a: Sawsbuck|202/284 brn|[from] brn\n|-sideend|p2: p0y033e591|move: Light Screen\n|upkeep\n|turn|24\n|inactive|Time left: 300 sec this turn | 300 sec total\n|\n|t:|1783533638\n|move|p1a: Magmortar|Fire Blast|p2a: Sawsbuck\n|-supereffective|p2a: Sawsbuck\n|-damage|p2a: Sawsbuck|0 fnt\n|faint|p2a: Sawsbuck\n|\n|upkeep\n|inactive|Time left: 300 sec this turn | 300 sec total | 5 sec grace\n|\n|t:|1783533639\n|switch|p2a: Dialga|Dialga, L73|266/266\n|-activate|p2a: Dialga|move: Sticky Web\n|-unboost|p2a: Dialga|spe|1\n|-ability|p2a: Dialga|Pressure\n|turn|25\n|inactive|Time left: 300 sec this turn | 300 sec total\n|\n|t:|1783533640\n|move|p1a: Magmortar|Fire Blast|p2a: Dialga\n|-damage|p2a: Dialga|107/266\n|move|p2a: Dialga|Thunder Wave|p1a: Magmortar\n|-status|p1a: Magmortar|par\n|\n|-heal|p2a: Dialga|123/266|[from] item: Leftovers\n|upkeep\n|turn|26\n|inactive|Time left: 300 sec this turn | 300 sec total\n|\n|t:|1783533641\n|move|p2a: Dialga|Heavy Slam|p1a: Magmortar\n|-resisted|p1a: Magmortar\n|-damage|p1a: Magmortar|0 fnt\n|faint|p1a: Magmortar\n|\n|-heal|p2a: Dialga|139/266|[from] item: Leftovers\n|upkeep\n|\n|t:|1783533642\n|switch|p1a: Ursaluna|Ursaluna-Bloodmoon, L79, M|100/100\n|turn|27\n|inactive|Time left: 300 sec this turn | 300 sec total\n|\n|t:|1783533643\n|-terastallize|p2a: Dialga|Steel\n|move|p1a: Ursaluna|Calm Mind|p1a: Ursaluna\n|-boost|p1a: Ursaluna|spa|1\n|-boost|p1a: Ursaluna|spd|1\n|move|p2a: Dialga|Stealth Rock|p1a: Ursaluna\n|-sidestart|p1: p0x033a4c9|move: Stealth Rock\n|\n|-heal|p2a: Dialga|155/266|[from] item: Leftovers\n|upkeep\n|turn|28\n|inactive|Time left: 300 sec this turn | 300 sec total\n|\n|t:|1783533644\n|-terastallize|p1a: Ursaluna|Normal\n|move|p1a: Ursaluna|Blood Moon|p2a: Dialga\n|-resisted|p2a: Dialga\n|-damage|p2a: Dialga|0 fnt\n|faint|p2a: Dialga\n|\n|win|p0x033a4c9", "uploadtime": 1783533644, "views": 0, "rating": 0, "private": 0, "password": null, "_winner": "p0x033a4c9", "_our_name": "p0y033e591"}