{"id": "battle-gen9randombattle-390", "formatid": "gen9randombattle", "format": "[Gen 9] Random Battle", "players": ["p0x39003f9", "p0y39005a9"], "log": "|init|battle\n|title|p0x39003f9 vs. p0y39005a9\n|j|\u2606p0x39003f9\n|j|\u2606p0y39005a9\n|t:|1783543602\n|gametype|singles\n|player|p1|p0x39003f9|170|\n|player|p2|p0y39005a9|1|\n|gen|9\n|tier|[Gen 9] Random Battle\n|rule|Species Clause: Limit one of each Pok\u00e9mon\n|rule|HP Percentage Mod: HP is shown in percentages\n|rule|Sleep Clause Mod: Limit one foe put to sleep\n|rule|Illusion Level Mod: Illusion disguises the Pok\u00e9mon's true level\n|\n|t:|1783543602\n|teamsize|p1|6\n|teamsize|p2|6\n|start\n|switch|p1a: Clawitzer|Clawitzer, L87, F|265/265\n|switch|p2a: Ogerpon|Ogerpon-Wellspring, L76, F|100/100\n|turn|1\n|inactive|Battle timer is ON: inactive players will automatically lose when time's up. (requested by p0y39005a9)\n|inactive|Time left: 300 sec this turn | 300 sec total | 60 sec grace\n|inactive|p0x39003f9 also wants the timer to be on.\n|\n|t:|1783543604\n|move|p2a: Ogerpon|Wood Hammer|p1a: Clawitzer\n|-supereffective|p1a: Clawitzer\n|-damage|p1a: Clawitzer|1/265\n|-damage|p2a: Ogerpon|65/100|[from] Recoil\n|move|p1a: Clawitzer|Dragon Pulse|p2a: Ogerpon\n|-damage|p2a: Ogerpon|22/100\n|\n|upkeep\n|turn|2\n|inactive|Time left: 300 sec this turn | 300 sec total\n|\n|t:|1783543605\n|move|p2a: Ogerpon|Ivy Cudgel|p1a: Clawitzer|[anim] Ivy Cudgel Water\n|-resisted|p1a: Clawitzer\n|-damage|p1a: Clawitzer|0 fnt\n|faint|p1a: Clawitzer\n|\n|upkeep\n|inactive|Time left: 300 sec this turn | 300 sec total | 5 sec grace\n|\n|t:|1783543606\n|switch|p1a: Passimian|Passimian, L83, M|302/302\n|turn|3\n|inactive|Time left: 300 sec this turn | 300 sec total\n|\n|t:|1783543607\n|move|p1a: Passimian|Knock Off|p2a: Ogerpon\n|-damage|p2a: Ogerpon|0 fnt\n|faint|p2a: Ogerpon\n|\n|upkeep\n|\n|t:|1783543608\n|switch|p2a: Revavroom|Revavroom, L79, F|100/100\n|turn|4\n|inactive|Time left: 300 sec this turn | 300 sec total\n|\n|t:|1783543609\n|switch|p1a: Rhyperior|Rhyperior, L82, M|323/323\n|move|p2a: Revavroom|Shift Gear|p2a: Revavroom\n|-boost|p2a: Revavroom|spe|2\n|-boost|p2a: Revavroom|atk|1\n|\n|upkeep\n|turn|5\n|inactive|Time left: 300 sec this turn | 300 sec total\n|\n|t:|1783543610\n|move|p2a: Revavroom|Iron Head|p1a: Rhyperior\n|-supereffective|p1a: Rhyperior\n|-damage|p1a: Rhyperior|142/323\n|-enditem|p1a: Rhyperior|Weakness Policy\n|-boost|p1a: Rhyperior|atk|2|[from] item: Weakness Policy\n|-boost|p1a: Rhyperior|spa|2|[from] item: Weakness Policy\n|-damage|p2a: Revavroom|91/100|[from] item: Life Orb\n|move|p1a: Rhyperior|Earthquake|p2a: Revavroom\n|-supereffective|p2a: Revavroom\n|-damage|p2a: Revavroom|0 fnt\n|faint|p2a: Revavroom\n|\n|upkeep\n|\n|t:|1783543611\n|switch|p2a: Sylveon|Sylveon, L85, M|100/100\n|turn|6\n|inactive|Time left: 300 sec this turn | 300 sec total\n|\n|t:|1783543613\n|move|p2a: Sylveon|Hyper Voice|p1a: Rhyperior\n|-damage|p1a: Rhyperior|0 fnt\n|faint|p1a: Rhyperior\n|\n|upkeep\n|inactive|Time left: 300 sec this turn | 300 sec total | 5 sec grace\n|\n|t:|1783543613\n|switch|p1a: Azelf|Azelf, L82|257/257\n|turn|7\n|inactive|Time left: 300 sec this turn | 300 sec total\n|\n|t:|1783543614\n|move|p1a: Azelf|Nasty Plot|p1a: Azelf\n|-boost|p1a: Azelf|spa|2\n|move|p2a: Sylveon|Hyper Voice|p1a: Azelf\n|-damage|p1a: Azelf|101/257\n|\n|upkeep\n|turn|8\n|inactive|Time left: 300 sec this turn | 300 sec total\n|\n|t:|1783543615\n|move|p1a: Azelf|Psyshock|p2a: Sylveon\n|-damage|p2a: Sylveon|0 fnt\n|faint|p2a: Sylveon\n|-damage|p1a: Azelf|76/257|[from] item: Life Orb\n|\n|upkeep\n|\n|t:|1783543616\n|switch|p2a: Hypno|Hypno, L95, F|100/100\n|turn|9\n|inactive|Time left: 300 sec this turn | 300 sec total\n|\n|t:|1783543617\n|move|p1a: Azelf|Fire Blast|p2a: Hypno\n|-damage|p2a: Hypno|47/100\n|-damage|p1a: Azelf|51/257|[from] item: Life Orb\n|move|p2a: Hypno|Psychic Noise|p1a: Azelf\n|-resisted|p1a: Azelf\n|-damage|p1a: Azelf|3/257\n|-start|p1a: Azelf|move: Heal Block\n|\n|-heal|p2a: Hypno|53/100|[from] item: Leftovers\n|upkeep\n|turn|10\n|inactive|Time left: 300 sec this turn | 300 sec total\n|\n|t:|1783543618\n|move|p1a: Azelf|Fire Blast|p2a: Hypno\n|-damage|p2a: Hypno|4/100\n|-status|p2a: Hypno|brn\n|-damage|p1a: Azelf|0 fnt|[from] item: Life Orb\n|faint|p1a: Azelf\n|move|p2a: Hypno|Psychic Noise|p1: Azelf|[notarget]\n|-fail|p2a: Hypno\n|\n|-heal|p2a: Hypno|10/100 brn|[from] item: Leftovers\n|-damage|p2a: Hypno|4/100 brn|[from] brn\n|upkeep\n|inactive|Time left: 300 sec this turn | 300 sec total | 5 sec grace\n|\n|t:|1783543619\n|switch|p1a: Passimian|Passimian, L83, M|302/302\n|turn|11\n|inactive|Time left: 300 sec this turn | 300 sec total\n|\n|t:|1783543620\n|switch|p2a: Annihilape|Annihilape, L76, F|100/100\n|move|p1a: Passimian|Earthquake|p2a: Annihilape\n|-damage|p2a: Annihilape|65/100\n|\n|upkeep\n|turn|12\n|inactive|Time left: 300 sec this turn | 300 sec total\n|\n|t:|1783543622\n|move|p1a: Passimian|Earthquake|p2a: Annihilape\n|-damage|p2a: Annihilape|30/100\n|move|p2a: Annihilape|Bulk Up|p2a: Annihilape\n|-boost|p2a: Annihilape|atk|1\n|-boost|p2a: Annihilape|def|1\n|\n|upkeep\n|turn|13\n|inactive|Time left: 300 sec this turn | 300 sec total\n|\n|t:|1783543623\n|move|p1a: Passimian|Earthquake|p2a: Annihilape\n|-damage|p2a: Annihilape|8/100\n|move|p2a: Annihilape|Rest|p2a: Annihilape\n|-status|p2a: Annihilape|slp|[from] move: Rest\n|-heal|p2a: Annihilape|100/100 slp|[silent]\n|-enditem|p2a: Annihilape|Chesto Berry|[eat]\n|-curestatus|p2a: Annihilape|slp|[msg]\n|\n|upkeep\n|turn|14\n|inactive|Time left: 300 sec this turn | 300 sec total\n|\n|t:|1783543624\n|switch|p1a: Weezing|Weezing-Galar, L86, M|252/252\n|move|p2a: Annihilape|Drain Punch|p1a: Weezing\n|-resisted|p1a: Weezing\n|-damage|p1a: Weezing|231/252\n|\n|-heal|p1a: Weezing|246/252|[from] item: Leftovers\n|upkeep\n|turn|15\n|inactive|Time left: 300 sec this turn | 300 sec total\n|\n|t:|1783543625\n|move|p2a: Annihilape|Bulk Up|p2a: Annihilape\n|-boost|p2a: Annihilape|atk|1\n|-boost|p2a: Annihilape|def|1\n|move|p1a: Weezing|Strange Steam|p2a: Annihilape\n|-supereffective|p2a: Annihilape\n|-damage|p2a: Annihilape|36/100\n|\n|-heal|p1a: Weezing|252/252|[from] item: Leftovers\n|upkeep\n|turn|16\n|inactive|Time left: 300 sec this turn | 300 sec total\n|\n|t:|1783543626\n|move|p2a: Annihilape|Rest|p2a: Annihilape\n|-status|p2a: Annihilape|slp|[from] move: Rest\n|-heal|p2a: Annihilape|100/100 slp|[silent]\n|move|p1a: Weezing|Strange Steam|p2a: Annihilape\n|-supereffective|p2a: Annihilape\n|-damage|p2a: Annihilape|36/100 slp\n|\n|upkeep\n|turn|17\n|inactive|Time left: 300 sec this turn | 300 sec total\n|\n|t:|1783543627\n|-terastallize|p2a: Annihilape|Steel\n|cant|p2a: Annihilape|slp\n|move|p1a: Weezing|Strange Steam|p2a: Annihilape\n|-resisted|p2a: Annihilape\n|-damage|p2a: Annihilape|19/100 slp\n|\n|upkeep\n|turn|18\n|inactive|Time left: 300 sec this turn | 300 sec total\n|\n|t:|1783543628\n|switch|p1a: Passimian|Passimian, L83, M|302/302\n|cant|p2a: Annihilape|slp\n|\n|upkeep\n|turn|19\n|inactive|Time left: 300 sec this turn | 300 sec total\n|\n|t:|1783543628\n|move|p1a: Passimian|Close Combat|p2a: Annihilape\n|-supereffective|p2a: Annihilape\n|-damage|p2a: Annihilape|0 fnt\n|-unboost|p1a: Passimian|def|1\n|-unboost|p1a: Passimian|spd|1\n|faint|p2a: Annihilape\n|\n|upkeep\n|\n|t:|1783543629\n|switch|p2a: Hypno|Hypno, L95, F|4/100 brn\n|turn|20\n|inactive|Time left: 300 sec this turn | 300 sec total\n|\n|t:|1783543630\n|move|p1a: Passimian|Close Combat|p2a: Hypno\n|-resisted|p2a: Hypno\n|-damage|p2a: Hypno|0 fnt\n|-unboost|p1a: Passimian|def|1\n|-unboost|p1a: Passimian|spd|1\n|faint|p2a: Hypno\n|\n|upkeep\n|\n|t:|1783543630\n|switch|p2a: Golduck|Golduck, L90, M|100/100\n|-ability|p2a: Golduck|Cloud Nine\n|turn|21\n|inactive|Time left: 300 sec this turn | 300 sec total\n|\n|t:|1783543631\n|move|p1a: Passimian|Close Combat|p2a: Golduck\n|-damage|p2a: Golduck|50/100\n|-unboost|p1a: Passimian|def|1\n|-unboost|p1a: Passimian|spd|1\n|move|p2a: Golduck|Ice Beam|p1a: Passimian\n|-damage|p1a: Passimian|0 fnt\n|faint|p1a: Passimian\n|-damage|p2a: Golduck|40/100|[from] item: Life Orb\n|\n|upkeep\n|inactive|Time left: 300 sec this turn | 300 sec total | 5 sec grace\n|\n|t:|1783543632\n|switch|p1a: Magnezone|Magnezone, L85|258/258\n|turn|22\n|inactive|Time left: 300 sec this turn | 300 sec total\n|\n|t:|1783543632\n|-terastallize|p1a: Magnezone|Flying\n|move|p2a: Golduck|Ice Beam|p1a: Magnezone\n|-supereffective|p1a: Magnezone\n|-damage|p1a: Magnezone|133/258\n|-damage|p2a: Golduck|30/100|[from] item: Life Orb\n|move|p1a: Magnezone|Volt Switch|p2a: Golduck\n|-supereffective|p2a: Golduck\n|-damage|p2a: Golduck|0 fnt\n|faint|p2a: Golduck\n|\n|win|p0x39003f9", "uploadtime": 1783543632, "views": 0, "rating": 0, "private": 0, "password": null, "_winner": "p0x39003f9", "_our_name": "p0x39003f9"}