{"id": "battle-gen9randombattle-393", "formatid": "gen9randombattle", "format": "[Gen 9] Random Battle", "players": ["p0x3932696", "p0y393a5c7"], "log": "|init|battle\n|title|p0x3932696 vs. p0y393a5c7\n|j|\u2606p0x3932696\n|j|\u2606p0y393a5c7\n|t:|1783544248\n|gametype|singles\n|player|p1|p0x3932696|1|\n|player|p2|p0y393a5c7|102|\n|gen|9\n|tier|[Gen 9] Random Battle\n|rule|Species Clause: Limit one of each Pok\u00e9mon\n|rule|HP Percentage Mod: HP is shown in percentages\n|rule|Sleep Clause Mod: Limit one foe put to sleep\n|rule|Illusion Level Mod: Illusion disguises the Pok\u00e9mon's true level\n|\n|t:|1783544248\n|teamsize|p1|6\n|teamsize|p2|6\n|start\n|switch|p1a: Rampardos|Rampardos, L90, M|100/100\n|switch|p2a: Dodrio|Dodrio, L85, M|241/241\n|turn|1\n|inactive|Battle timer is ON: inactive players will automatically lose when time's up. (requested by p0x3932696)\n|inactive|Time left: 300 sec this turn | 300 sec total | 60 sec grace\n|inactive|p0y393a5c7 also wants the timer to be on.\n|\n|t:|1783544249\n|move|p2a: Dodrio|Knock Off|p1a: Rampardos\n|-damage|p1a: Rampardos|53/100\n|-enditem|p1a: Rampardos|Choice Scarf|[from] move: Knock Off|[of] p2a: Dodrio\n|move|p1a: Rampardos|Rock Slide|p2a: Dodrio\n|-supereffective|p2a: Dodrio\n|-damage|p2a: Dodrio|0 fnt\n|faint|p2a: Dodrio\n|\n|upkeep\n|inactive|Time left: 300 sec this turn | 300 sec total | 65 sec grace\n|\n|t:|1783544250\n|switch|p2a: Cinccino|Cinccino, L83, F|260/260\n|turn|2\n|inactive|Time left: 300 sec this turn | 300 sec total\n|\n|t:|1783544251\n|move|p2a: Cinccino|Bullet Seed|p1a: Rampardos\n|-supereffective|p1a: Rampardos\n|-damage|p1a: Rampardos|31/100\n|-supereffective|p1a: Rampardos\n|-damage|p1a: Rampardos|11/100\n|-supereffective|p1a: Rampardos\n|-damage|p1a: Rampardos|0 fnt\n|faint|p1a: Rampardos\n|-hitcount|p1: Rampardos|3\n|\n|upkeep\n|\n|t:|1783544252\n|switch|p1a: Malamar|Malamar, L82, F|100/100\n|turn|3\n|inactive|Time left: 300 sec this turn | 300 sec total\n|\n|t:|1783544253\n|switch|p2a: Sylveon|Sylveon, L85, M|300/300\n|move|p1a: Malamar|Superpower|p2a: Sylveon\n|-resisted|p2a: Sylveon\n|-damage|p2a: Sylveon|256/300\n|-boost|p1a: Malamar|atk|1\n|-boost|p1a: Malamar|def|1\n|\n|-heal|p2a: Sylveon|274/300|[from] item: Leftovers\n|upkeep\n|turn|4\n|inactive|Time left: 300 sec this turn | 300 sec total\n|\n|t:|1783544254\n|switch|p1a: Charizard|Charizard, L85, M|100/100\n|move|p2a: Sylveon|Hyper Voice|p1a: Charizard\n|-resisted|p1a: Charizard\n|-damage|p1a: Charizard|75/100\n|\n|-heal|p2a: Sylveon|292/300|[from] item: Leftovers\n|upkeep\n|turn|5\n|inactive|Time left: 300 sec this turn | 300 sec total\n|\n|t:|1783544256\n|move|p1a: Charizard|Dragon Dance|p1a: Charizard\n|-boost|p1a: Charizard|atk|1\n|-boost|p1a: Charizard|spe|1\n|move|p2a: Sylveon|Hyper Voice|p1a: Charizard\n|-resisted|p1a: Charizard\n|-damage|p1a: Charizard|48/100\n|\n|-heal|p2a: Sylveon|300/300|[from] item: Leftovers\n|upkeep\n|turn|6\n|inactive|Time left: 300 sec this turn | 300 sec total\n|\n|t:|1783544257\n|move|p1a: Charizard|Dragon Dance|p1a: Charizard\n|-boost|p1a: Charizard|atk|1\n|-boost|p1a: Charizard|spe|1\n|move|p2a: Sylveon|Hyper Voice|p1a: Charizard\n|-resisted|p1a: Charizard\n|-damage|p1a: Charizard|24/100\n|\n|upkeep\n|turn|7\n|inactive|Time left: 300 sec this turn | 300 sec total\n|\n|t:|1783544258\n|move|p1a: Charizard|Flare Blitz|p2a: Sylveon\n|-damage|p2a: Sylveon|0 fnt\n|faint|p2a: Sylveon\n|-damage|p1a: Charizard|0 fnt|[from] Recoil\n|faint|p1a: Charizard\n|\n|upkeep\n|inactive|Time left: 300 sec this turn | 300 sec total | 5 sec grace\n|\n|t:|1783544259\n|switch|p1a: Malamar|Malamar, L82, F|100/100\n|switch|p2a: Spiritomb|Spiritomb, L89, F|234/234\n|turn|8\n|inactive|Time left: 300 sec this turn | 300 sec total\n|\n|t:|1783544260\n|move|p1a: Malamar|Knock Off|p2a: Spiritomb\n|-damage|p2a: Spiritomb|155/234\n|-enditem|p2a: Spiritomb|Leftovers|[from] move: Knock Off|[of] p1a: Malamar\n|move|p2a: Spiritomb|Toxic|p1a: Malamar\n|-status|p1a: Malamar|tox\n|\n|-damage|p1a: Malamar|94/100 tox|[from] psn\n|upkeep\n|turn|9\n|inactive|Time left: 300 sec this turn | 300 sec total\n|\n|t:|1783544262\n|move|p1a: Malamar|Rest|p1a: Malamar\n|-status|p1a: Malamar|slp|[from] move: Rest\n|-heal|p1a: Malamar|100/100 slp|[silent]\n|-enditem|p1a: Malamar|Chesto Berry|[eat]\n|-curestatus|p1a: Malamar|slp|[msg]\n|move|p2a: Spiritomb|Pain Split|p1a: Malamar\n|-sethp|p1a: Malamar|79/100|[from] move: Pain Split|[silent]\n|-sethp|p2a: Spiritomb|215/234|[from] move: Pain Split\n|\n|upkeep\n|turn|10\n|inactive|Time left: 300 sec this turn | 300 sec total\n|\n|t:|1783544263\n|move|p1a: Malamar|Knock Off|p2a: Spiritomb\n|-damage|p2a: Spiritomb|160/234\n|move|p2a: Spiritomb|Toxic|p1a: Malamar\n|-status|p1a: Malamar|tox\n|\n|-damage|p1a: Malamar|72/100 tox|[from] psn\n|upkeep\n|turn|11\n|inactive|Time left: 300 sec this turn | 300 sec total\n|\n|t:|1783544264\n|move|p1a: Malamar|Superpower|p2a: Spiritomb\n|-immune|p2a: Spiritomb\n|move|p2a: Spiritomb|Foul Play|p1a: Malamar\n|-damage|p1a: Malamar|33/100 tox\n|\n|-damage|p1a: Malamar|20/100 tox|[from] psn\n|upkeep\n|turn|12\n|inactive|Time left: 300 sec this turn | 300 sec total\n|\n|t:|1783544265\n|move|p1a: Malamar|Rest|p1a: Malamar\n|-status|p1a: Malamar|slp|[from] move: Rest\n|-heal|p1a: Malamar|100/100 slp|[silent]\n|move|p2a: Spiritomb|Foul Play|p1a: Malamar\n|-damage|p1a: Malamar|63/100 slp\n|\n|upkeep\n|turn|13\n|inactive|Time left: 300 sec this turn | 300 sec total\n|\n|t:|1783544266\n|cant|p1a: Malamar|slp\n|move|p2a: Spiritomb|Foul Play|p1a: Malamar\n|-damage|p1a: Malamar|25/100 slp\n|\n|upkeep\n|turn|14\n|inactive|Time left: 300 sec this turn | 300 sec total\n|\n|t:|1783544267\n|cant|p1a: Malamar|slp\n|move|p2a: Spiritomb|Foul Play|p1a: Malamar\n|-damage|p1a: Malamar|0 fnt\n|faint|p1a: Malamar\n|\n|upkeep\n|\n|t:|1783544268\n|switch|p1a: Whiscash|Whiscash, L88, F|100/100\n|turn|15\n|inactive|Time left: 300 sec this turn | 300 sec total\n|\n|t:|1783544269\n|move|p1a: Whiscash|Dragon Dance|p1a: Whiscash\n|-boost|p1a: Whiscash|atk|1\n|-boost|p1a: Whiscash|spe|1\n|move|p2a: Spiritomb|Pain Split|p1a: Whiscash\n|-sethp|p1a: Whiscash|74/100|[from] move: Pain Split|[silent]\n|-sethp|p2a: Spiritomb|234/234|[from] move: Pain Split\n|\n|upkeep\n|turn|16\n|inactive|Time left: 300 sec this turn | 300 sec total\n|\n|t:|1783544270\n|move|p1a: Whiscash|Earthquake|p2a: Spiritomb\n|-damage|p2a: Spiritomb|78/234\n|-damage|p1a: Whiscash|64/100|[from] item: Life Orb\n|move|p2a: Spiritomb|Foul Play|p1a: Whiscash\n|-damage|p1a: Whiscash|18/100\n|\n|upkeep\n|turn|17\n|inactive|Time left: 300 sec this turn | 300 sec total\n|\n|t:|1783544271\n|move|p1a: Whiscash|Liquidation|p2a: Spiritomb\n|-damage|p2a: Spiritomb|0 fnt\n|faint|p2a: Spiritomb\n|-damage|p1a: Whiscash|8/100|[from] item: Life Orb\n|\n|upkeep\n|inactive|Time left: 300 sec this turn | 300 sec total | 5 sec grace\n|\n|t:|1783544272\n|switch|p2a: Cinccino|Cinccino, L83, F|260/260\n|turn|18\n|inactive|Time left: 300 sec this turn | 300 sec total\n|\n|t:|1783544273\n|move|p2a: Cinccino|Bullet Seed|p1a: Whiscash\n|-supereffective|p1a: Whiscash\n|-damage|p1a: Whiscash|0 fnt\n|faint|p1a: Whiscash\n|-hitcount|p1: Whiscash|1\n|\n|upkeep\n|\n|t:|1783544274\n|switch|p1a: Phione|Phione, L91|100/100\n|turn|19\n|inactive|Time left: 300 sec this turn | 300 sec total\n|\n|t:|1783544275\n|switch|p2a: Polteageist|Polteageist, L78|222/222\n|-terastallize|p1a: Phione|Steel\n|move|p1a: Phione|Scald|p2a: Polteageist\n|-damage|p2a: Polteageist|144/222\n|\n|upkeep\n|turn|20\n|inactive|Time left: 300 sec this turn | 300 sec total\n|\n|t:|1783544276\n|move|p1a: Phione|Scald|p2a: Polteageist\n|-damage|p2a: Polteageist|65/222\n|-start|p1a: Phione|Disable|Scald|[from] ability: Cursed Body|[of] p2a: Polteageist\n|move|p2a: Polteageist|Shell Smash|p2a: Polteageist\n|-unboost|p2a: Polteageist|def|1\n|-unboost|p2a: Polteageist|spd|1\n|-boost|p2a: Polteageist|atk|2\n|-boost|p2a: Polteageist|spa|2\n|-boost|p2a: Polteageist|spe|2\n|-enditem|p2a: Polteageist|White Herb\n|-clearnegativeboost|p2a: Polteageist|[silent]\n|\n|upkeep\n|turn|21\n|inactive|Time left: 300 sec this turn | 300 sec total\n|\n|t:|1783544277\n|switch|p1a: Azelf|Azelf, L82|100/100\n|move|p2a: Polteageist|Strength Sap|p1a: Azelf\n|-unboost|p1a: Azelf|atk|1\n|-heal|p2a: Polteageist|222/222\n|\n|upkeep\n|turn|22\n|inactive|Time left: 300 sec this turn | 300 sec total\n|\n|t:|1783544278\n|switch|p1a: Phione|Phione, L91, tera:Steel|100/100\n|move|p2a: Polteageist|Shadow Ball|p1a: Phione\n|-damage|p1a: Phione|37/100\n|\n|-heal|p1a: Phione|43/100|[from] item: Leftovers\n|upkeep\n|turn|23\n|inactive|Time left: 300 sec this turn | 300 sec total\n|\n|t:|1783544279\n|-terastallize|p2a: Polteageist|Psychic\n|move|p2a: Polteageist|Shadow Ball|p1a: Phione\n|-damage|p1a: Phione|0 fnt\n|faint|p1a: Phione\n|\n|upkeep\n|\n|t:|1783544280\n|switch|p1a: Azelf|Azelf, L82|100/100\n|turn|24\n|inactive|Time left: 300 sec this turn | 300 sec total\n|\n|t:|1783544281\n|move|p2a: Polteageist|Shadow Ball|p1a: Azelf\n|-supereffective|p1a: Azelf\n|-crit|p1a: Azelf\n|-damage|p1a: Azelf|0 fnt\n|faint|p1a: Azelf\n|\n|win|p0y393a5c7", "uploadtime": 1783544281, "views": 0, "rating": 0, "private": 0, "password": null, "_winner": "p0y393a5c7", "_our_name": "p0y393a5c7"}