{"id": "battle-gen9randombattle-2476", "formatid": "gen9randombattle", "format": "[Gen 9] Random Battle", "players": ["p0x2476d3ab", "p0y2476d70c"], "log": "|init|battle\n|title|p0x2476d3ab vs. p0y2476d70c\n|j|\u2606p0x2476d3ab\n|j|\u2606p0y2476d70c\n|t:|1783567755\n|gametype|singles\n|player|p1|p0x2476d3ab|102|\n|player|p2|p0y2476d70c|170|\n|gen|9\n|tier|[Gen 9] Random Battle\n|rule|Species Clause: Limit one of each Pok\u00e9mon\n|rule|HP Percentage Mod: HP is shown in percentages\n|rule|Sleep Clause Mod: Limit one foe put to sleep\n|rule|Illusion Level Mod: Illusion disguises the Pok\u00e9mon's true level\n|\n|t:|1783567755\n|teamsize|p1|6\n|teamsize|p2|6\n|start\n|switch|p1a: Pelipper|Pelipper, L86, F|243/243\n|switch|p2a: Mightyena|Mightyena, L96, F|100/100\n|-ability|p2a: Mightyena|Intimidate|boost\n|-unboost|p1a: Pelipper|atk|1\n|-weather|RainDance|[from] ability: Drizzle|[of] p1a: Pelipper\n|turn|1\n|inactive|Battle timer is ON: inactive players will automatically lose when time's up. (requested by p0y2476d70c)\n|inactive|Time left: 300 sec this turn | 300 sec total | 60 sec grace\n|\n|t:|1783567756\n|move|p2a: Mightyena|Crunch|p1a: Pelipper\n|-damage|p1a: Pelipper|147/243\n|move|p1a: Pelipper|Weather Ball|p2a: Mightyena\n|-damage|p2a: Mightyena|5/100\n|\n|-weather|RainDance|[upkeep]\n|-heal|p2a: Mightyena|12/100|[from] item: Leftovers\n|upkeep\n|turn|2\n|inactive|Time left: 300 sec this turn | 300 sec total\n|inactive|p0x2476d3ab also wants the timer to be on.\n|\n|t:|1783567757\n|move|p2a: Mightyena|Crunch|p1a: Pelipper\n|-damage|p1a: Pelipper|53/243\n|move|p1a: Pelipper|Weather Ball|p2a: Mightyena\n|-damage|p2a: Mightyena|0 fnt\n|faint|p2a: Mightyena\n|\n|-weather|RainDance|[upkeep]\n|upkeep\n|\n|t:|1783567758\n|switch|p2a: Morpeko|Morpeko, L88, M|100/100\n|turn|3\n|inactive|Time left: 300 sec this turn | 300 sec total\n|\n|t:|1783567759\n|switch|p1a: Gogoat|Gogoat, L88, M|360/360\n|move|p2a: Morpeko|Aura Wheel|p1a: Gogoat\n|-resisted|p1a: Gogoat\n|-damage|p1a: Gogoat|278/360\n|-boost|p2a: Morpeko|spe|1\n|\n|-weather|RainDance|[upkeep]\n|-heal|p1a: Gogoat|300/360|[from] item: Leftovers\n|-formechange|p2a: Morpeko|Morpeko-Hangry||[from] ability: Hunger Switch\n|upkeep\n|turn|4\n|inactive|Time left: 300 sec this turn | 300 sec total\n|\n|t:|1783567760\n|move|p2a: Morpeko|Aura Wheel|p1a: Gogoat\n|-damage|p1a: Gogoat|147/360\n|-boost|p2a: Morpeko|spe|1\n|move|p1a: Gogoat|Bulk Up|p1a: Gogoat\n|-boost|p1a: Gogoat|atk|1\n|-boost|p1a: Gogoat|def|1\n|\n|-weather|RainDance|[upkeep]\n|-heal|p1a: Gogoat|169/360|[from] item: Leftovers\n|-formechange|p2a: Morpeko|Morpeko||[from] ability: Hunger Switch\n|upkeep\n|turn|5\n|inactive|Time left: 300 sec this turn | 300 sec total\n|\n|t:|1783567761\n|move|p2a: Morpeko|Parting Shot|p1a: Gogoat\n|-unboost|p1a: Gogoat|atk|1\n|-unboost|p1a: Gogoat|spa|1\n|\n|t:|1783567762\n|switch|p2a: Banette|Banette, L93, M|100/100|[from] Parting Shot\n|move|p1a: Gogoat|Earthquake|p2a: Banette\n|-damage|p2a: Banette|64/100\n|\n|-weather|none\n|-heal|p1a: Gogoat|191/360|[from] item: Leftovers\n|upkeep\n|turn|6\n|inactive|Time left: 300 sec this turn | 300 sec total\n|\n|t:|1783567763\n|move|p2a: Banette|Swords Dance|p2a: Banette\n|-boost|p2a: Banette|atk|2\n|move|p1a: Gogoat|Horn Leech|p2a: Banette\n|-damage|p2a: Banette|24/100\n|-heal|p1a: Gogoat|245/360|[from] drain|[of] p2a: Banette\n|\n|-heal|p1a: Gogoat|267/360|[from] item: Leftovers\n|upkeep\n|turn|7\n|inactive|Time left: 300 sec this turn | 300 sec total\n|\n|t:|1783567764\n|switch|p1a: Arboliva|Arboliva, L91, F|290/290\n|move|p2a: Banette|Poltergeist|p1a: Arboliva\n|-immune|p1a: Arboliva\n|\n|upkeep\n|turn|8\n|inactive|Time left: 300 sec this turn | 300 sec total\n|\n|t:|1783567764\n|move|p2a: Banette|Gunk Shot|p1a: Arboliva\n|-supereffective|p1a: Arboliva\n|-damage|p1a: Arboliva|0 fnt\n|-fieldstart|move: Grassy Terrain|[from] ability: Seed Sower|[of] p1a: Arboliva\n|faint|p1a: Arboliva\n|-damage|p2a: Banette|14/100|[from] item: Life Orb\n|\n|-heal|p2a: Banette|20/100|[from] Grassy Terrain\n|upkeep\n|inactive|Time left: 300 sec this turn | 300 sec total | 5 sec grace\n|\n|t:|1783567765\n|switch|p1a: Iron Jugulis|Iron Jugulis, L77|271/271\n|turn|9\n|inactive|Time left: 300 sec this turn | 300 sec total\n|\n|t:|1783567766\n|move|p2a: Banette|Shadow Sneak|p1a: Iron Jugulis\n|-resisted|p1a: Iron Jugulis\n|-damage|p1a: Iron Jugulis|187/271\n|-damage|p2a: Banette|10/100|[from] item: Life Orb\n|move|p1a: Iron Jugulis|Dark Pulse|p2a: Banette\n|-supereffective|p2a: Banette\n|-damage|p2a: Banette|0 fnt\n|faint|p2a: Banette\n|\n|upkeep\n|\n|t:|1783567767\n|switch|p2a: Morpeko|Morpeko, L88, M|100/100\n|turn|10\n|inactive|Time left: 300 sec this turn | 300 sec total\n|\n|t:|1783567768\n|-end|p1a: Iron Jugulis|Quark Drive|[silent]\n|switch|p1a: Gogoat|Gogoat, L88, M|267/360\n|move|p2a: Morpeko|Aura Wheel|p1a: Gogoat\n|-resisted|p1a: Gogoat\n|-damage|p1a: Gogoat|187/360\n|-boost|p2a: Morpeko|spe|1\n|\n|-heal|p1a: Gogoat|209/360|[from] Grassy Terrain\n|-heal|p1a: Gogoat|231/360|[from] item: Leftovers\n|-formechange|p2a: Morpeko|Morpeko-Hangry||[from] ability: Hunger Switch\n|upkeep\n|turn|11\n|inactive|Time left: 300 sec this turn | 300 sec total\n|\n|t:|1783567770\n|move|p2a: Morpeko|Parting Shot|p1a: Gogoat\n|-unboost|p1a: Gogoat|atk|1\n|-unboost|p1a: Gogoat|spa|1\n|\n|t:|1783567770\n|switch|p2a: Excadrill|Excadrill, L79, F|100/100|[from] Parting Shot\n|-ability|p2a: Excadrill|Mold Breaker\n|move|p1a: Gogoat|Horn Leech|p2a: Excadrill\n|-damage|p2a: Excadrill|67/100\n|-heal|p1a: Gogoat|281/360|[from] drain|[of] p2a: Excadrill\n|\n|-heal|p2a: Excadrill|73/100|[from] Grassy Terrain\n|-heal|p2a: Excadrill|79/100|[from] item: Leftovers\n|-heal|p1a: Gogoat|303/360|[from] Grassy Terrain\n|-heal|p1a: Gogoat|325/360|[from] item: Leftovers\n|upkeep\n|turn|12\n|inactive|Time left: 300 sec this turn | 300 sec total\n|\n|t:|1783567772\n|switch|p1a: Iron Jugulis|Iron Jugulis, L77|187/271\n|move|p2a: Excadrill|Swords Dance|p2a: Excadrill\n|-boost|p2a: Excadrill|atk|2\n|\n|-heal|p2a: Excadrill|85/100|[from] Grassy Terrain\n|-heal|p2a: Excadrill|91/100|[from] item: Leftovers\n|-fieldend|move: Grassy Terrain\n|upkeep\n|turn|13\n|inactive|Time left: 300 sec this turn | 300 sec total\n|\n|t:|1783567773\n|move|p1a: Iron Jugulis|Hydro Pump|p2a: Excadrill\n|-supereffective|p2a: Excadrill\n|-damage|p2a: Excadrill|0 fnt\n|faint|p2a: Excadrill\n|\n|upkeep\n|\n|t:|1783567774\n|switch|p2a: Morpeko|Morpeko, L88, M|100/100\n|turn|14\n|inactive|Time left: 300 sec this turn | 300 sec total\n|\n|t:|1783567775\n|-end|p1a: Iron Jugulis|Quark Drive|[silent]\n|switch|p1a: Gumshoos|Gumshoos, L95, F|321/321\n|move|p2a: Morpeko|Aura Wheel|p1a: Gumshoos\n|-damage|p1a: Gumshoos|176/321\n|-boost|p2a: Morpeko|spe|1\n|\n|-formechange|p2a: Morpeko|Morpeko-Hangry||[from] ability: Hunger Switch\n|upkeep\n|turn|15\n|inactive|Time left: 300 sec this turn | 300 sec total\n|\n|t:|1783567776\n|move|p2a: Morpeko|Protect|p2a: Morpeko\n|-singleturn|p2a: Morpeko|Protect\n|move|p1a: Gumshoos|Earthquake|p2a: Morpeko\n|-activate|p2a: Morpeko|move: Protect\n|\n|-formechange|p2a: Morpeko|Morpeko||[from] ability: Hunger Switch\n|upkeep\n|turn|16\n|inactive|Time left: 300 sec this turn | 300 sec total\n|\n|t:|1783567776\n|-terastallize|p2a: Morpeko|Electric\n|-terastallize|p1a: Gumshoos|Ground\n|move|p2a: Morpeko|Aura Wheel|p1a: Gumshoos\n|-immune|p1a: Gumshoos\n|move|p1a: Gumshoos|Earthquake|p2a: Morpeko\n|-supereffective|p2a: Morpeko\n|-damage|p2a: Morpeko|0 fnt\n|faint|p2a: Morpeko\n|\n|upkeep\n|\n|t:|1783567777\n|switch|p2a: Golduck|Golduck, L90, M|100/100\n|-ability|p2a: Golduck|Cloud Nine\n|turn|17\n|inactive|Time left: 300 sec this turn | 300 sec total\n|\n|t:|1783567778\n|move|p2a: Golduck|Hydro Pump|p1a: Gumshoos|[miss]\n|-miss|p2a: Golduck|p1a: Gumshoos\n|move|p1a: Gumshoos|Earthquake|p2a: Golduck\n|-damage|p2a: Golduck|16/100\n|\n|-heal|p2a: Golduck|22/100|[from] item: Leftovers\n|upkeep\n|turn|18\n|inactive|Time left: 300 sec this turn | 300 sec total\n|\n|t:|1783567779\n|switch|p1a: Slowking|Slowking-Galar, L85, M|300/300\n|move|p2a: Golduck|Ice Beam|p1a: Slowking\n|-damage|p1a: Slowking|244/300\n|\n|-heal|p2a: Golduck|28/100|[from] item: Leftovers\n|-heal|p1a: Slowking|262/300|[from] item: Leftovers\n|upkeep\n|turn|19\n|inactive|Time left: 300 sec this turn | 300 sec total\n|\n|t:|1783567780\n|move|p2a: Golduck|Hydro Pump|p1a: Slowking|[miss]\n|-miss|p2a: Golduck|p1a: Slowking\n|move|p1a: Slowking|Sludge Bomb|p2a: Golduck\n|-damage|p2a: Golduck|0 fnt\n|faint|p2a: Golduck\n|\n|-heal|p1a: Slowking|280/300|[from] item: Leftovers\n|upkeep\n|\n|t:|1783567781\n|switch|p2a: Floatzel|Floatzel, L86, F|100/100\n|turn|20\n|inactive|Time left: 300 sec this turn | 300 sec total\n|\n|t:|1783567782\n|move|p2a: Floatzel|Wave Crash|p1a: Slowking\n|-damage|p1a: Slowking|130/300\n|-damage|p2a: Floatzel|83/100|[from] Recoil\n|move|p1a: Slowking|Sludge Bomb|p2a: Floatzel\n|-damage|p2a: Floatzel|30/100\n|\n|-heal|p2a: Floatzel|35/100|[from] item: Leftovers\n|-heal|p1a: Slowking|148/300|[from] item: Leftovers\n|upkeep\n|turn|21\n|inactive|Time left: 300 sec this turn | 300 sec total\n|\n|t:|1783567783\n|move|p2a: Floatzel|Wave Crash|p1a: Slowking\n|-damage|p1a: Slowking|0 fnt\n|faint|p1a: Slowking\n|-damage|p2a: Floatzel|18/100|[from] Recoil\n|\n|-heal|p2a: Floatzel|24/100|[from] item: Leftovers\n|upkeep\n|inactive|Time left: 300 sec this turn | 300 sec total | 5 sec grace\n|\n|t:|1783567783\n|switch|p1a: Gogoat|Gogoat, L88, M|325/360\n|turn|22\n|inactive|Time left: 300 sec this turn | 300 sec total\n|\n|t:|1783567784\n|move|p2a: Floatzel|Ice Spinner|p1a: Gogoat\n|-supereffective|p1a: Gogoat\n|-damage|p1a: Gogoat|163/360\n|move|p1a: Gogoat|Horn Leech|p2a: Floatzel\n|-supereffective|p2a: Floatzel\n|-damage|p2a: Floatzel|0 fnt\n|-heal|p1a: Gogoat|197/360|[from] drain|[of] p2a: Floatzel\n|faint|p2a: Floatzel\n|\n|win|p0x2476d3ab", "uploadtime": 1783567784, "views": 0, "rating": 0, "private": 0, "password": null, "_winner": "p0x2476d3ab", "_our_name": "p0x2476d3ab"}