{"id": "battle-gen9randombattle-2351", "formatid": "gen9randombattle", "format": "[Gen 9] Random Battle", "players": ["p0x23517a6a", "p0y235169e4"], "log": "|init|battle\n|title|p0x23517a6a vs. p0y235169e4\n|j|\u2606p0x23517a6a\n|j|\u2606p0y235169e4\n|t:|1783566265\n|gametype|singles\n|player|p1|p0x23517a6a|170|\n|player|p2|p0y235169e4|102|\n|gen|9\n|tier|[Gen 9] Random Battle\n|rule|Species Clause: Limit one of each Pok\u00e9mon\n|rule|HP Percentage Mod: HP is shown in percentages\n|rule|Sleep Clause Mod: Limit one foe put to sleep\n|rule|Illusion Level Mod: Illusion disguises the Pok\u00e9mon's true level\n|\n|t:|1783566265\n|teamsize|p1|6\n|teamsize|p2|6\n|start\n|switch|p1a: Altaria|Altaria, L89, F|100/100\n|switch|p2a: Rhydon|Rhydon, L85, F|317/317\n|turn|1\n|inactive|Battle timer is ON: inactive players will automatically lose when time's up. (requested by p0x23517a6a)\n|inactive|Time left: 300 sec this turn | 300 sec total | 60 sec grace\n|inactive|p0y235169e4 also wants the timer to be on.\n|\n|t:|1783566267\n|move|p1a: Altaria|Will-O-Wisp|p2a: Rhydon\n|-status|p2a: Rhydon|brn\n|move|p2a: Rhydon|Stone Edge|p1a: Altaria\n|-supereffective|p1a: Altaria\n|-damage|p1a: Altaria|50/100\n|\n|-damage|p2a: Rhydon|298/317 brn|[from] brn\n|upkeep\n|turn|2\n|inactive|Time left: 300 sec this turn | 300 sec total\n|\n|t:|1783566268\n|move|p1a: Altaria|Roost|p1a: Altaria\n|-heal|p1a: Altaria|100/100\n|-singleturn|p1a: Altaria|move: Roost\n|move|p2a: Rhydon|Swords Dance|p2a: Rhydon\n|-boost|p2a: Rhydon|atk|2\n|\n|-damage|p2a: Rhydon|279/317 brn|[from] brn\n|upkeep\n|turn|3\n|inactive|Time left: 300 sec this turn | 300 sec total\n|\n|t:|1783566269\n|switch|p1a: Mudsdale|Mudsdale, L83, F|100/100\n|move|p2a: Rhydon|Stone Edge|p1a: Mudsdale\n|-resisted|p1a: Mudsdale\n|-damage|p1a: Mudsdale|80/100\n|-ability|p1a: Mudsdale|Stamina|boost\n|-boost|p1a: Mudsdale|def|1\n|\n|-heal|p1a: Mudsdale|86/100|[from] item: Leftovers\n|-damage|p2a: Rhydon|260/317 brn|[from] brn\n|upkeep\n|turn|4\n|inactive|Time left: 300 sec this turn | 300 sec total\n|\n|t:|1783566270\n|move|p2a: Rhydon|Swords Dance|p2a: Rhydon\n|-boost|p2a: Rhydon|atk|2\n|move|p1a: Mudsdale|Earthquake|p2a: Rhydon\n|-supereffective|p2a: Rhydon\n|-damage|p2a: Rhydon|134/317 brn\n|\n|-heal|p1a: Mudsdale|92/100|[from] item: Leftovers\n|-damage|p2a: Rhydon|115/317 brn|[from] brn\n|upkeep\n|turn|5\n|inactive|Time left: 300 sec this turn | 300 sec total\n|\n|t:|1783566271\n|move|p2a: Rhydon|Earthquake|p1a: Mudsdale\n|-damage|p1a: Mudsdale|51/100\n|-ability|p1a: Mudsdale|Stamina|boost\n|-boost|p1a: Mudsdale|def|1\n|move|p1a: Mudsdale|Earthquake|p2a: Rhydon\n|-supereffective|p2a: Rhydon\n|-damage|p2a: Rhydon|0 fnt\n|faint|p2a: Rhydon\n|\n|-heal|p1a: Mudsdale|57/100|[from] item: Leftovers\n|upkeep\n|inactive|Time left: 300 sec this turn | 300 sec total | 5 sec grace\n|\n|t:|1783566272\n|switch|p2a: Shaymin|Shaymin-Sky, L73|266/266\n|turn|6\n|inactive|Time left: 300 sec this turn | 300 sec total\n|\n|t:|1783566273\n|move|p2a: Shaymin|Seed Flare|p1a: Mudsdale\n|-supereffective|p1a: Mudsdale\n|-damage|p1a: Mudsdale|0 fnt\n|faint|p1a: Mudsdale\n|\n|upkeep\n|\n|t:|1783566274\n|switch|p1a: Cinccino|Cinccino, L83, M|100/100\n|turn|7\n|inactive|Time left: 300 sec this turn | 300 sec total\n|\n|t:|1783566275\n|switch|p2a: Carbink|Carbink, L90|236/236\n|move|p1a: Cinccino|Triple Axel|p2a: Carbink\n|-damage|p2a: Carbink|223/236\n|-damage|p2a: Carbink|196/236\n|-damage|p2a: Carbink|156/236\n|-hitcount|p2a: Carbink|3\n|\n|upkeep\n|turn|8\n|inactive|Time left: 300 sec this turn | 300 sec total\n|\n|t:|1783566276\n|move|p1a: Cinccino|Bullet Seed|p2a: Carbink\n|-supereffective|p2a: Carbink\n|-damage|p2a: Carbink|126/236\n|-supereffective|p2a: Carbink\n|-damage|p2a: Carbink|94/236\n|-supereffective|p2a: Carbink\n|-damage|p2a: Carbink|62/236\n|-supereffective|p2a: Carbink\n|-damage|p2a: Carbink|28/236\n|-supereffective|p2a: Carbink\n|-damage|p2a: Carbink|0 fnt\n|faint|p2a: Carbink\n|-hitcount|p2: Carbink|5\n|\n|upkeep\n|inactive|Time left: 300 sec this turn | 300 sec total | 5 sec grace\n|\n|t:|1783566277\n|switch|p2a: Vespiquen|Vespiquen, L99, F|299/299\n|-ability|p2a: Vespiquen|Pressure\n|turn|9\n|inactive|Time left: 300 sec this turn | 300 sec total\n|\n|t:|1783566278\n|move|p1a: Cinccino|Triple Axel|p2a: Vespiquen\n|-supereffective|p2a: Vespiquen\n|-damage|p2a: Vespiquen|269/299\n|-supereffective|p2a: Vespiquen\n|-crit|p2a: Vespiquen\n|-damage|p2a: Vespiquen|169/299\n|-supereffective|p2a: Vespiquen\n|-damage|p2a: Vespiquen|69/299\n|-hitcount|p2a: Vespiquen|3\n|move|p2a: Vespiquen|Hurricane|p1a: Cinccino\n|-damage|p1a: Cinccino|32/100\n|\n|upkeep\n|turn|10\n|inactive|Time left: 300 sec this turn | 300 sec total\n|\n|t:|1783566279\n|-terastallize|p2a: Vespiquen|Steel\n|move|p1a: Cinccino|Tail Slap|p2a: Vespiquen|[miss]\n|-miss|p1a: Cinccino|p2a: Vespiquen\n|move|p2a: Vespiquen|Roost|p2a: Vespiquen\n|-heal|p2a: Vespiquen|219/299\n|\n|upkeep\n|turn|11\n|inactive|Time left: 300 sec this turn | 300 sec total\n|\n|t:|1783566280\n|switch|p1a: Hypno|Hypno, L95, F|100/100\n|move|p2a: Vespiquen|Roost|p2a: Vespiquen\n|-heal|p2a: Vespiquen|299/299\n|\n|upkeep\n|turn|12\n|inactive|Time left: 300 sec this turn | 300 sec total\n|\n|t:|1783566281\n|move|p1a: Hypno|Focus Blast|p2a: Vespiquen|[miss]\n|-miss|p1a: Hypno|p2a: Vespiquen\n|move|p2a: Vespiquen|Spikes|p1a: Hypno\n|-sidestart|p1: p0x23517a6a|Spikes\n|\n|upkeep\n|turn|13\n|inactive|Time left: 300 sec this turn | 300 sec total\n|\n|t:|1783566282\n|move|p1a: Hypno|Focus Blast|p2a: Vespiquen\n|-supereffective|p2a: Vespiquen\n|-damage|p2a: Vespiquen|169/299\n|move|p2a: Vespiquen|Spikes|p1a: Hypno\n|-sidestart|p1: p0x23517a6a|Spikes\n|\n|upkeep\n|turn|14\n|inactive|Time left: 300 sec this turn | 300 sec total\n|\n|t:|1783566283\n|move|p1a: Hypno|Focus Blast|p2a: Vespiquen\n|-supereffective|p2a: Vespiquen\n|-damage|p2a: Vespiquen|31/299\n|move|p2a: Vespiquen|U-turn|p1a: Hypno\n|-supereffective|p1a: Hypno\n|-damage|p1a: Hypno|40/100\n|inactive|Time left: 300 sec this turn | 300 sec total | 5 sec grace\n|\n|t:|1783566284\n|switch|p2a: Mesprit|Mesprit, L85|275/275|[from] U-turn\n|\n|-heal|p1a: Hypno|46/100|[from] item: Leftovers\n|upkeep\n|turn|15\n|inactive|Time left: 300 sec this turn | 300 sec total\n|\n|t:|1783566285\n|move|p2a: Mesprit|Knock Off|p1a: Hypno\n|-supereffective|p1a: Hypno\n|-damage|p1a: Hypno|0 fnt\n|-enditem|p1a: Hypno|Leftovers|[from] move: Knock Off|[of] p2a: Mesprit\n|faint|p1a: Hypno\n|\n|upkeep\n|\n|t:|1783566286\n|switch|p1a: Altaria|Altaria, L89, F|100/100\n|turn|16\n|inactive|Time left: 300 sec this turn | 300 sec total\n|\n|t:|1783566287\n|move|p1a: Altaria|Defog|p2a: Mesprit\n|-unboost|p2a: Mesprit|evasion|1\n|-sideend|p1: p0x23517a6a|Spikes|[from] move: Defog|[of] p1a: Altaria\n|move|p2a: Mesprit|Psychic Noise|p1a: Altaria\n|-damage|p1a: Altaria|76/100\n|-start|p1a: Altaria|move: Heal Block\n|\n|upkeep\n|turn|17\n|inactive|Time left: 300 sec this turn | 300 sec total\n|\n|t:|1783566288\n|move|p1a: Altaria|Will-O-Wisp|p2a: Mesprit\n|-status|p2a: Mesprit|brn\n|move|p2a: Mesprit|Psychic Noise|p1a: Altaria\n|-damage|p1a: Altaria|50/100\n|\n|-damage|p2a: Mesprit|258/275 brn|[from] brn\n|-end|p1a: Altaria|move: Heal Block\n|upkeep\n|turn|18\n|inactive|Time left: 300 sec this turn | 300 sec total\n|\n|t:|1783566289\n|move|p1a: Altaria|Roost|p1a: Altaria\n|-heal|p1a: Altaria|100/100\n|-singleturn|p1a: Altaria|move: Roost\n|move|p2a: Mesprit|Psychic Noise|p1a: Altaria\n|-crit|p1a: Altaria\n|-damage|p1a: Altaria|63/100\n|-start|p1a: Altaria|move: Heal Block\n|\n|-heal|p2a: Mesprit|275/275 brn|[from] item: Leftovers\n|-damage|p2a: Mesprit|258/275 brn|[from] brn\n|upkeep\n|turn|19\n|inactive|Time left: 300 sec this turn | 300 sec total\n|\n|t:|1783566290\n|move|p1a: Altaria|Brave Bird|p2a: Mesprit\n|-damage|p2a: Mesprit|155/275 brn\n|-damage|p1a: Altaria|51/100|[from] Recoil\n|move|p2a: Mesprit|Psychic Noise|p1a: Altaria\n|-damage|p1a: Altaria|25/100\n|\n|-heal|p2a: Mesprit|172/275 brn|[from] item: Leftovers\n|-damage|p2a: Mesprit|155/275 brn|[from] brn\n|-end|p1a: Altaria|move: Heal Block\n|upkeep\n|turn|20\n|inactive|Time left: 300 sec this turn | 300 sec total\n|\n|t:|1783566292\n|move|p1a: Altaria|Roost|p1a: Altaria\n|-heal|p1a: Altaria|75/100\n|-singleturn|p1a: Altaria|move: Roost\n|move|p2a: Mesprit|Psychic Noise|p1a: Altaria\n|-damage|p1a: Altaria|50/100\n|-start|p1a: Altaria|move: Heal Block\n|\n|-heal|p2a: Mesprit|172/275 brn|[from] item: Leftovers\n|-damage|p2a: Mesprit|155/275 brn|[from] brn\n|upkeep\n|turn|21\n|inactive|Time left: 300 sec this turn | 300 sec total\n|\n|t:|1783566293\n|move|p1a: Altaria|Brave Bird|p2a: Mesprit\n|-crit|p2a: Mesprit\n|-damage|p2a: Mesprit|19/275 brn\n|-damage|p1a: Altaria|34/100|[from] Recoil\n|move|p2a: Mesprit|Psychic Noise|p1a: Altaria\n|-damage|p1a: Altaria|7/100\n|\n|-heal|p2a: Mesprit|36/275 brn|[from] item: Leftovers\n|-damage|p2a: Mesprit|19/275 brn|[from] brn\n|-end|p1a: Altaria|move: Heal Block\n|upkeep\n|turn|22\n|inactive|Time left: 300 sec this turn | 300 sec total\n|\n|t:|1783566294\n|move|p1a: Altaria|Roost|p1a: Altaria\n|-heal|p1a: Altaria|57/100\n|-singleturn|p1a: Altaria|move: Roost\n|move|p2a: Mesprit|Psychic Noise|p1a: Altaria\n|-damage|p1a: Altaria|30/100\n|-start|p1a: Altaria|move: Heal Block\n|\n|-heal|p2a: Mesprit|36/275 brn|[from] item: Leftovers\n|-damage|p2a: Mesprit|19/275 brn|[from] brn\n|upkeep\n|turn|23\n|inactive|Time left: 300 sec this turn | 300 sec total\n|\n|t:|1783566296\n|move|p1a: Altaria|Brave Bird|p2a: Mesprit\n|-damage|p2a: Mesprit|0 fnt\n|faint|p2a: Mesprit\n|-damage|p1a: Altaria|28/100|[from] Recoil\n|\n|-end|p1a: Altaria|move: Heal Block\n|upkeep\n|inactive|Time left: 300 sec this turn | 300 sec total | 5 sec grace\n|\n|t:|1783566296\n|switch|p2a: Arcanine|Arcanine, L84, M|288/288\n|-ability|p2a: Arcanine|Intimidate|boost\n|-unboost|p1a: Altaria|atk|1\n|turn|24\n|inactive|Time left: 300 sec this turn | 300 sec total\n|\n|t:|1783566297\n|move|p2a: Arcanine|Flare Blitz|p1a: Altaria\n|-resisted|p1a: Altaria\n|-damage|p1a: Altaria|3/100\n|-damage|p2a: Arcanine|266/288|[from] Recoil\n|move|p1a: Altaria|Roost|p1a: Altaria\n|-heal|p1a: Altaria|53/100\n|-singleturn|p1a: Altaria|move: Roost\n|\n|upkeep\n|turn|25\n|inactive|Time left: 300 sec this turn | 300 sec total\n|\n|t:|1783566299\n|move|p2a: Arcanine|Flare Blitz|p1a: Altaria\n|-resisted|p1a: Altaria\n|-damage|p1a: Altaria|30/100\n|-damage|p2a: Arcanine|244/288|[from] Recoil\n|move|p1a: Altaria|Roost|p1a: Altaria\n|-heal|p1a: Altaria|80/100\n|-singleturn|p1a: Altaria|move: Roost\n|\n|upkeep\n|turn|26\n|inactive|Time left: 300 sec this turn | 300 sec total\n|\n|t:|1783566300\n|move|p2a: Arcanine|Flare Blitz|p1a: Altaria\n|-resisted|p1a: Altaria\n|-damage|p1a: Altaria|55/100\n|-damage|p2a: Arcanine|222/288|[from] Recoil\n|move|p1a: Altaria|Roost|p1a: Altaria\n|-heal|p1a: Altaria|100/100\n|-singleturn|p1a: Altaria|move: Roost\n|\n|upkeep\n|turn|27\n|inactive|Time left: 300 sec this turn | 300 sec total\n|\n|t:|1783566301\n|switch|p1a: Cinccino|Cinccino, L83, M|32/100\n|move|p2a: Arcanine|Flare Blitz|p1a: Cinccino\n|-damage|p1a: Cinccino|0 fnt\n|faint|p1a: Cinccino\n|-damage|p2a: Arcanine|195/288|[from] Recoil\n|\n|upkeep\n|\n|t:|1783566301\n|switch|p1a: Pikachu|Pikachu-Partner, L93, M|100/100\n|turn|28\n|inactive|Time left: 300 sec this turn | 300 sec total\n|\n|t:|1783566302\n|move|p2a: Arcanine|Extreme Speed|p1a: Pikachu\n|-damage|p1a: Pikachu|57/100\n|move|p1a: Pikachu|Volt Tackle|p2a: Arcanine\n|-damage|p2a: Arcanine|0 fnt\n|faint|p2a: Arcanine\n|-damage|p1a: Pikachu|27/100|[from] Recoil\n|\n|upkeep\n|inactive|Time left: 300 sec this turn | 300 sec total | 5 sec grace\n|\n|t:|1783566303\n|switch|p2a: Shaymin|Shaymin-Sky, L73|266/266\n|turn|29\n|inactive|Time left: 300 sec this turn | 300 sec total\n|\n|t:|1783566304\n|switch|p1a: Altaria|Altaria, L89, F|100/100\n|move|p2a: Shaymin|Seed Flare|p1a: Altaria\n|-resisted|p1a: Altaria\n|-damage|p1a: Altaria|92/100\n|-unboost|p1a: Altaria|spd|2\n|\n|upkeep\n|turn|30\n|inactive|Time left: 300 sec this turn | 300 sec total\n|\n|t:|1783566305\n|move|p2a: Shaymin|Substitute|p2a: Shaymin\n|-start|p2a: Shaymin|Substitute\n|-damage|p2a: Shaymin|200/266\n|move|p1a: Altaria|Brave Bird|p2a: Shaymin\n|-supereffective|p2a: Shaymin\n|-end|p2a: Shaymin|Substitute\n|-damage|p1a: Altaria|84/100|[from] Recoil|[of] p2a: Shaymin\n|\n|-heal|p2a: Shaymin|216/266|[from] item: Leftovers\n|upkeep\n|turn|31\n|inactive|Time left: 300 sec this turn | 300 sec total\n|\n|t:|1783566306\n|move|p2a: Shaymin|Substitute|p2a: Shaymin\n|-start|p2a: Shaymin|Substitute\n|-damage|p2a: Shaymin|150/266\n|move|p1a: Altaria|Brave Bird|p2a: Shaymin\n|-supereffective|p2a: Shaymin\n|-end|p2a: Shaymin|Substitute\n|-damage|p1a: Altaria|76/100|[from] Recoil|[of] p2a: Shaymin\n|\n|-heal|p2a: Shaymin|166/266|[from] item: Leftovers\n|upkeep\n|turn|32\n|inactive|Time left: 300 sec this turn | 300 sec total\n|\n|t:|1783566306\n|move|p2a: Shaymin|Substitute|p2a: Shaymin\n|-start|p2a: Shaymin|Substitute\n|-damage|p2a: Shaymin|100/266\n|move|p1a: Altaria|Brave Bird|p2a: Shaymin\n|-supereffective|p2a: Shaymin\n|-end|p2a: Shaymin|Substitute\n|-damage|p1a: Altaria|68/100|[from] Recoil|[of] p2a: Shaymin\n|\n|-heal|p2a: Shaymin|116/266|[from] item: Leftovers\n|upkeep\n|turn|33\n|inactive|Time left: 300 sec this turn | 300 sec total\n|\n|t:|1783566307\n|move|p2a: Shaymin|Substitute|p2a: Shaymin\n|-start|p2a: Shaymin|Substitute\n|-damage|p2a: Shaymin|50/266\n|move|p1a: Altaria|Brave Bird|p2a: Shaymin\n|-supereffective|p2a: Shaymin\n|-end|p2a: Shaymin|Substitute\n|-damage|p1a: Altaria|60/100|[from] Recoil|[of] p2a: Shaymin\n|\n|-heal|p2a: Shaymin|66/266|[from] item: Leftovers\n|upkeep\n|turn|34\n|inactive|Time left: 300 sec this turn | 300 sec total\n|\n|t:|1783566308\n|-terastallize|p1a: Altaria|Steel\n|move|p2a: Shaymin|Air Slash|p1a: Altaria\n|-resisted|p1a: Altaria\n|-damage|p1a: Altaria|40/100\n|cant|p1a: Altaria|flinch\n|\n|-heal|p2a: Shaymin|82/266|[from] item: Leftovers\n|upkeep\n|turn|35\n|inactive|Time left: 300 sec this turn | 300 sec total\n|\n|t:|1783566309\n|move|p2a: Shaymin|Substitute|p2a: Shaymin\n|-start|p2a: Shaymin|Substitute\n|-damage|p2a: Shaymin|16/266\n|move|p1a: Altaria|Brave Bird|p2a: Shaymin\n|-supereffective|p2a: Shaymin\n|-end|p2a: Shaymin|Substitute\n|-damage|p1a: Altaria|33/100|[from] Recoil|[of] p2a: Shaymin\n|\n|-heal|p2a: Shaymin|32/266|[from] item: Leftovers\n|upkeep\n|turn|36\n|inactive|Time left: 300 sec this turn | 300 sec total\n|\n|t:|1783566310\n|move|p2a: Shaymin|Air Slash|p1a: Altaria\n|-resisted|p1a: Altaria\n|-damage|p1a: Altaria|12/100\n|move|p1a: Altaria|Brave Bird|p2a: Shaymin\n|-supereffective|p2a: Shaymin\n|-damage|p2a: Shaymin|0 fnt\n|faint|p2a: Shaymin\n|-damage|p1a: Altaria|8/100|[from] Recoil\n|\n|upkeep\n|inactive|Time left: 300 sec this turn | 300 sec total | 5 sec grace\n|\n|t:|1783566310\n|switch|p2a: Vespiquen|Vespiquen, L99, F, tera:Steel|31/299\n|-ability|p2a: Vespiquen|Pressure\n|turn|37\n|inactive|Time left: 300 sec this turn | 300 sec total\n|\n|t:|1783566311\n|move|p1a: Altaria|Brave Bird|p2a: Vespiquen\n|-resisted|p2a: Vespiquen\n|-damage|p2a: Vespiquen|0 fnt\n|faint|p2a: Vespiquen\n|-damage|p1a: Altaria|4/100|[from] Recoil\n|\n|win|p0x23517a6a", "uploadtime": 1783566311, "views": 0, "rating": 0, "private": 0, "password": null, "_winner": "p0x23517a6a", "_our_name": "p0y235169e4"}