{"id": "battle-gen9randombattle-1052", "formatid": "gen9randombattle", "format": "[Gen 9] Random Battle", "players": ["p0x1052e52e", "p0y105253da"], "log": "|init|battle\n|title|p0x1052e52e vs. p0y105253da\n|j|\u2606p0x1052e52e\n|j|\u2606p0y105253da\n|t:|1783552095\n|gametype|singles\n|player|p1|p0x1052e52e|266|\n|player|p2|p0y105253da|170|\n|gen|9\n|tier|[Gen 9] Random Battle\n|rule|Species Clause: Limit one of each Pok\u00e9mon\n|rule|HP Percentage Mod: HP is shown in percentages\n|rule|Sleep Clause Mod: Limit one foe put to sleep\n|rule|Illusion Level Mod: Illusion disguises the Pok\u00e9mon's true level\n|\n|t:|1783552095\n|teamsize|p1|6\n|teamsize|p2|6\n|start\n|switch|p1a: Alomomola|Alomomola, L87, F|429/429\n|switch|p2a: Oinkologne|Oinkologne, L92, M|100/100\n|turn|1\n|inactive|Battle timer is ON: inactive players will automatically lose when time's up. (requested by p0y105253da)\n|inactive|Time left: 300 sec this turn | 300 sec total | 60 sec grace\n|inactive|p0x1052e52e also wants the timer to be on.\n|\n|t:|1783552097\n|move|p2a: Oinkologne|Body Slam|p1a: Alomomola\n|-damage|p1a: Alomomola|315/429\n|-status|p1a: Alomomola|par\n|move|p1a: Alomomola|Scald|p2a: Oinkologne\n|-damage|p2a: Oinkologne|87/100\n|\n|-heal|p2a: Oinkologne|94/100|[from] item: Leftovers\n|upkeep\n|turn|2\n|inactive|Time left: 300 sec this turn | 300 sec total\n|\n|t:|1783552098\n|move|p2a: Oinkologne|Body Slam|p1a: Alomomola\n|-damage|p1a: Alomomola|210/429 par\n|move|p1a: Alomomola|Scald|p2a: Oinkologne\n|-damage|p2a: Oinkologne|79/100\n|\n|-heal|p2a: Oinkologne|85/100|[from] item: Leftovers\n|upkeep\n|turn|3\n|inactive|Time left: 300 sec this turn | 300 sec total\n|\n|t:|1783552099\n|switch|p1a: Clawitzer|Clawitzer, L87, M|265/265\n|move|p2a: Oinkologne|Body Slam|p1a: Clawitzer\n|-damage|p1a: Clawitzer|162/265\n|-status|p1a: Clawitzer|par\n|\n|-heal|p2a: Oinkologne|92/100|[from] item: Leftovers\n|upkeep\n|turn|4\n|inactive|Time left: 300 sec this turn | 300 sec total\n|\n|t:|1783552100\n|move|p2a: Oinkologne|Body Slam|p1a: Clawitzer\n|-damage|p1a: Clawitzer|54/265 par\n|move|p1a: Clawitzer|Aura Sphere|p2a: Oinkologne\n|-supereffective|p2a: Oinkologne\n|-damage|p2a: Oinkologne|2/100\n|\n|-heal|p2a: Oinkologne|8/100|[from] item: Leftovers\n|upkeep\n|turn|5\n|inactive|Time left: 300 sec this turn | 300 sec total\n|\n|t:|1783552101\n|move|p2a: Oinkologne|Body Slam|p1a: Clawitzer\n|-damage|p1a: Clawitzer|0 fnt\n|faint|p1a: Clawitzer\n|\n|-heal|p2a: Oinkologne|14/100|[from] item: Leftovers\n|upkeep\n|inactive|Time left: 300 sec this turn | 300 sec total | 5 sec grace\n|\n|t:|1783552102\n|switch|p1a: Forretress|Forretress, L84, F|263/263\n|turn|6\n|inactive|Time left: 300 sec this turn | 300 sec total\n|\n|t:|1783552104\n|move|p2a: Oinkologne|High Horsepower|p1a: Forretress\n|-damage|p1a: Forretress|203/263\n|move|p1a: Forretress|Body Press|p2a: Oinkologne\n|-supereffective|p2a: Oinkologne\n|-damage|p2a: Oinkologne|0 fnt\n|faint|p2a: Oinkologne\n|\n|-heal|p1a: Forretress|219/263|[from] item: Leftovers\n|upkeep\n|\n|t:|1783552105\n|switch|p2a: Dusknoir|Dusknoir, L89, F|100/100\n|-item|p1a: Forretress|Leftovers|[from] ability: Frisk|[of] p2a: Dusknoir\n|turn|7\n|inactive|Time left: 300 sec this turn | 300 sec total\n|\n|t:|1783552106\n|move|p2a: Dusknoir|Will-O-Wisp|p1a: Forretress\n|-status|p1a: Forretress|brn\n|move|p1a: Forretress|Stealth Rock|p2a: Dusknoir\n|-sidestart|p2: p0y105253da|move: Stealth Rock\n|\n|-heal|p1a: Forretress|235/263 brn|[from] item: Leftovers\n|-damage|p1a: Forretress|219/263 brn|[from] brn\n|upkeep\n|turn|8\n|inactive|Time left: 300 sec this turn | 300 sec total\n|\n|t:|1783552107\n|move|p2a: Dusknoir|Earthquake|p1a: Forretress\n|-damage|p1a: Forretress|166/263 brn\n|move|p1a: Forretress|Spikes|p2a: Dusknoir\n|-sidestart|p2: p0y105253da|Spikes\n|\n|-heal|p1a: Forretress|182/263 brn|[from] item: Leftovers\n|-damage|p1a: Forretress|166/263 brn|[from] brn\n|upkeep\n|turn|9\n|inactive|Time left: 300 sec this turn | 300 sec total\n|\n|t:|1783552108\n|move|p2a: Dusknoir|Poltergeist|p1a: Forretress\n|-activate|p1a: Forretress|move: Poltergeist|Leftovers\n|-damage|p1a: Forretress|82/263 brn\n|move|p1a: Forretress|Spikes|p2a: Dusknoir\n|-sidestart|p2: p0y105253da|Spikes\n|\n|-heal|p1a: Forretress|98/263 brn|[from] item: Leftovers\n|-damage|p1a: Forretress|82/263 brn|[from] brn\n|upkeep\n|turn|10\n|inactive|Time left: 300 sec this turn | 300 sec total\n|\n|t:|1783552109\n|move|p2a: Dusknoir|Poltergeist|p1a: Forretress\n|-activate|p1a: Forretress|move: Poltergeist|Leftovers\n|-damage|p1a: Forretress|0 fnt\n|faint|p1a: Forretress\n|\n|upkeep\n|inactive|Time left: 300 sec this turn | 300 sec total | 5 sec grace\n|\n|t:|1783552110\n|switch|p1a: Alomomola|Alomomola, L87, F|353/429 par\n|turn|11\n|inactive|Time left: 300 sec this turn | 300 sec total\n|\n|t:|1783552111\n|move|p2a: Dusknoir|Poltergeist|p1a: Alomomola\n|-activate|p1a: Alomomola|move: Poltergeist|Heavy-Duty Boots\n|-damage|p1a: Alomomola|218/429 par\n|move|p1a: Alomomola|Flip Turn|p2a: Dusknoir\n|-damage|p2a: Dusknoir|84/100\n|inactive|Time left: 300 sec this turn | 300 sec total | 5 sec grace\n|\n|t:|1783552112\n|switch|p1a: Torkoal|Torkoal, L88, M|266/266|[from] Flip Turn\n|-weather|SunnyDay|[from] ability: Drought|[of] p1a: Torkoal\n|\n|-weather|SunnyDay|[upkeep]\n|-heal|p2a: Dusknoir|91/100|[from] item: Leftovers\n|upkeep\n|turn|12\n|inactive|Time left: 300 sec this turn | 300 sec total\n|\n|t:|1783552113\n|move|p2a: Dusknoir|Earthquake|p1a: Torkoal\n|-supereffective|p1a: Torkoal\n|-damage|p1a: Torkoal|154/266\n|move|p1a: Torkoal|Fire Blast|p2a: Dusknoir\n|-damage|p2a: Dusknoir|41/100\n|\n|-weather|SunnyDay|[upkeep]\n|-heal|p2a: Dusknoir|47/100|[from] item: Leftovers\n|upkeep\n|turn|13\n|inactive|Time left: 300 sec this turn | 300 sec total\n|\n|t:|1783552114\n|move|p2a: Dusknoir|Earthquake|p1a: Torkoal\n|-supereffective|p1a: Torkoal\n|-damage|p1a: Torkoal|48/266\n|move|p1a: Torkoal|Fire Blast|p2a: Dusknoir\n|-damage|p2a: Dusknoir|0 fnt\n|faint|p2a: Dusknoir\n|\n|-weather|SunnyDay|[upkeep]\n|upkeep\n|\n|t:|1783552115\n|switch|p2a: Shiftry|Shiftry, L89, M|100/100\n|turn|14\n|inactive|Time left: 300 sec this turn | 300 sec total\n|\n|t:|1783552116\n|move|p2a: Shiftry|Knock Off|p1a: Torkoal\n|-damage|p1a: Torkoal|0 fnt\n|-enditem|p1a: Torkoal|Heavy-Duty Boots|[from] move: Knock Off|[of] p2a: Shiftry\n|faint|p1a: Torkoal\n|\n|-weather|SunnyDay|[upkeep]\n|upkeep\n|inactive|Time left: 300 sec this turn | 300 sec total | 5 sec grace\n|\n|t:|1783552117\n|switch|p1a: Cinccino|Cinccino, L83, M|260/260\n|turn|15\n|inactive|Time left: 300 sec this turn | 300 sec total\n|\n|t:|1783552118\n|-terastallize|p2a: Shiftry|Dark\n|move|p1a: Cinccino|Triple Axel|p2a: Shiftry\n|-damage|p2a: Shiftry|92/100\n|-damage|p2a: Shiftry|76/100\n|-damage|p2a: Shiftry|50/100\n|-hitcount|p2a: Shiftry|3\n|move|p2a: Shiftry|Knock Off|p1a: Cinccino\n|-damage|p1a: Cinccino|42/260\n|-enditem|p1a: Cinccino|Loaded Dice|[from] move: Knock Off|[of] p2a: Shiftry\n|\n|-weather|none\n|upkeep\n|turn|16\n|inactive|Time left: 300 sec this turn | 300 sec total\n|\n|t:|1783552119\n|move|p2a: Shiftry|Sucker Punch|p1a: Cinccino\n|-damage|p1a: Cinccino|0 fnt\n|faint|p1a: Cinccino\n|\n|upkeep\n|inactive|Time left: 300 sec this turn | 300 sec total | 5 sec grace\n|\n|t:|1783552120\n|switch|p1a: Bellibolt|Bellibolt, L84, F|320/320\n|turn|17\n|inactive|Time left: 300 sec this turn | 300 sec total\n|\n|t:|1783552121\n|move|p2a: Shiftry|Defog|p1a: Bellibolt\n|-unboost|p1a: Bellibolt|evasion|1\n|-sideend|p2: p0y105253da|Spikes|[from] move: Defog|[of] p2a: Shiftry\n|-sideend|p2: p0y105253da|Stealth Rock|[from] move: Defog|[of] p2a: Shiftry\n|move|p1a: Bellibolt|Thunderbolt|p2a: Shiftry\n|-damage|p2a: Shiftry|8/100\n|\n|upkeep\n|turn|18\n|inactive|Time left: 300 sec this turn | 300 sec total\n|\n|t:|1783552122\n|switch|p2a: Electrode|Electrode-Hisui, L87|100/100\n|move|p1a: Bellibolt|Muddy Water|p2a: Electrode\n|-resisted|p2a: Electrode\n|-damage|p2a: Electrode|86/100\n|\n|-heal|p2a: Electrode|92/100|[from] item: Leftovers\n|upkeep\n|turn|19\n|inactive|Time left: 300 sec this turn | 300 sec total\n|\n|t:|1783552124\n|move|p2a: Electrode|Leech Seed|p1a: Bellibolt\n|-start|p1a: Bellibolt|move: Leech Seed\n|move|p1a: Bellibolt|Toxic|p2a: Electrode\n|-status|p2a: Electrode|tox\n|\n|-heal|p2a: Electrode|98/100 tox|[from] item: Leftovers\n|-damage|p1a: Bellibolt|280/320|[from] Leech Seed|[of] p2a: Electrode\n|-heal|p2a: Electrode|100/100 tox|[silent]\n|-damage|p2a: Electrode|94/100 tox|[from] psn\n|upkeep\n|turn|20\n|inactive|Time left: 300 sec this turn | 300 sec total\n|\n|t:|1783552125\n|switch|p1a: Alomomola|Alomomola, L87, F|361/429 par\n|move|p2a: Electrode|Thunderbolt|p1a: Alomomola\n|-supereffective|p1a: Alomomola\n|-damage|p1a: Alomomola|83/429 par\n|\n|-heal|p2a: Electrode|100/100 tox|[from] item: Leftovers\n|-damage|p2a: Electrode|88/100 tox|[from] psn\n|upkeep\n|turn|21\n|inactive|Time left: 300 sec this turn | 300 sec total\n|\n|t:|1783552126\n|switch|p1a: Bellibolt|Bellibolt, L84, F|280/320\n|move|p2a: Electrode|Leech Seed|p1a: Bellibolt\n|-start|p1a: Bellibolt|move: Leech Seed\n|\n|-heal|p2a: Electrode|94/100 tox|[from] item: Leftovers\n|-heal|p1a: Bellibolt|300/320|[from] item: Leftovers\n|-damage|p1a: Bellibolt|260/320|[from] Leech Seed|[of] p2a: Electrode\n|-heal|p2a: Electrode|100/100 tox|[silent]\n|-damage|p2a: Electrode|82/100 tox|[from] psn\n|upkeep\n|turn|22\n|inactive|Time left: 300 sec this turn | 300 sec total\n|\n|t:|1783552127\n|switch|p1a: Alomomola|Alomomola, L87, F|226/429 par\n|move|p2a: Electrode|Giga Drain|p1a: Alomomola\n|-supereffective|p1a: Alomomola\n|-damage|p1a: Alomomola|10/429 par\n|-heal|p2a: Electrode|100/100 tox|[from] drain|[of] p1a: Alomomola\n|\n|-damage|p2a: Electrode|76/100 tox|[from] psn\n|upkeep\n|turn|23\n|inactive|Time left: 300 sec this turn | 300 sec total\n|\n|t:|1783552128\n|switch|p2a: Toxapex|Toxapex, L82, F|100/100\n|cant|p1a: Alomomola|par\n|\n|upkeep\n|turn|24\n|inactive|Time left: 300 sec this turn | 300 sec total\n|\n|t:|1783552129\n|switch|p1a: Bellibolt|Bellibolt, L84, F|260/320\n|move|p2a: Toxapex|Toxic|p1a: Bellibolt\n|-status|p1a: Bellibolt|tox\n|\n|-heal|p1a: Bellibolt|280/320 tox|[from] item: Leftovers\n|-damage|p1a: Bellibolt|260/320 tox|[from] psn\n|upkeep\n|turn|25\n|inactive|Time left: 300 sec this turn | 300 sec total\n|\n|t:|1783552130\n|switch|p2a: Electrode|Electrode-Hisui, L87|76/100 tox\n|move|p1a: Bellibolt|Thunderbolt|p2a: Electrode\n|-resisted|p2a: Electrode\n|-damage|p2a: Electrode|66/100 tox\n|\n|-heal|p2a: Electrode|72/100 tox|[from] item: Leftovers\n|-heal|p1a: Bellibolt|280/320 tox|[from] item: Leftovers\n|-damage|p2a: Electrode|66/100 tox|[from] psn\n|-damage|p1a: Bellibolt|240/320 tox|[from] psn\n|upkeep\n|turn|26\n|inactive|Time left: 300 sec this turn | 300 sec total\n|\n|t:|1783552131\n|move|p2a: Electrode|Leech Seed|p1a: Bellibolt\n|-start|p1a: Bellibolt|move: Leech Seed\n|move|p1a: Bellibolt|Muddy Water|p2a: Electrode\n|-resisted|p2a: Electrode\n|-damage|p2a: Electrode|53/100 tox\n|\n|-heal|p2a: Electrode|59/100 tox|[from] item: Leftovers\n|-heal|p1a: Bellibolt|260/320 tox|[from] item: Leftovers\n|-damage|p1a: Bellibolt|220/320 tox|[from] Leech Seed|[of] p2a: Electrode\n|-heal|p2a: Electrode|75/100 tox|[silent]\n|-damage|p2a: Electrode|63/100 tox|[from] psn\n|-damage|p1a: Bellibolt|160/320 tox|[from] psn\n|upkeep\n|turn|27\n|inactive|Time left: 300 sec this turn | 300 sec total\n|\n|t:|1783552132\n|move|p2a: Electrode|Giga Drain|p1a: Bellibolt\n|-damage|p1a: Bellibolt|90/320 tox\n|-heal|p2a: Electrode|77/100 tox|[from] drain|[of] p1a: Bellibolt\n|-start|p1a: Bellibolt|Charge|Giga Drain|[from] ability: Electromorphosis\n|move|p1a: Bellibolt|Slack Off|p1a: Bellibolt\n|-heal|p1a: Bellibolt|250/320 tox\n|\n|-heal|p2a: Electrode|83/100 tox|[from] item: Leftovers\n|-heal|p1a: Bellibolt|270/320 tox|[from] item: Leftovers\n|-damage|p1a: Bellibolt|230/320 tox|[from] Leech Seed|[of] p2a: Electrode\n|-heal|p2a: Electrode|99/100 tox|[silent]\n|-damage|p2a: Electrode|81/100 tox|[from] psn\n|-damage|p1a: Bellibolt|150/320 tox|[from] psn\n|upkeep\n|turn|28\n|inactive|Time left: 300 sec this turn | 300 sec total\n|\n|t:|1783552133\n|switch|p1a: Alomomola|Alomomola, L87, F|153/429 par\n|move|p2a: Electrode|Giga Drain|p1a: Alomomola\n|-supereffective|p1a: Alomomola\n|-damage|p1a: Alomomola|0 fnt\n|-heal|p2a: Electrode|100/100 tox|[from] drain|[of] p1a: Alomomola\n|faint|p1a: Alomomola\n|\n|-damage|p2a: Electrode|76/100 tox|[from] psn\n|upkeep\n|inactive|Time left: 300 sec this turn | 300 sec total | 5 sec grace\n|\n|t:|1783552134\n|switch|p1a: Bellibolt|Bellibolt, L84, F|150/320 tox\n|turn|29\n|inactive|Time left: 300 sec this turn | 300 sec total\n|\n|t:|1783552135\n|move|p2a: Electrode|Leech Seed|p1a: Bellibolt\n|-start|p1a: Bellibolt|move: Leech Seed\n|move|p1a: Bellibolt|Slack Off|p1a: Bellibolt\n|-heal|p1a: Bellibolt|310/320 tox\n|\n|-heal|p2a: Electrode|82/100 tox|[from] item: Leftovers\n|-heal|p1a: Bellibolt|320/320 tox|[from] item: Leftovers\n|-damage|p1a: Bellibolt|280/320 tox|[from] Leech Seed|[of] p2a: Electrode\n|-heal|p2a: Electrode|98/100 tox|[silent]\n|-damage|p2a: Electrode|68/100 tox|[from] psn\n|-damage|p1a: Bellibolt|260/320 tox|[from] psn\n|upkeep\n|turn|30\n|inactive|Time left: 300 sec this turn | 300 sec total\n|\n|t:|1783552136\n|move|p2a: Electrode|Giga Drain|p1a: Bellibolt\n|-damage|p1a: Bellibolt|178/320 tox\n|-heal|p2a: Electrode|85/100 tox|[from] drain|[of] p1a: Bellibolt\n|-start|p1a: Bellibolt|Charge|Giga Drain|[from] ability: Electromorphosis\n|move|p1a: Bellibolt|Slack Off|p1a: Bellibolt\n|-heal|p1a: Bellibolt|320/320 tox\n|\n|-heal|p2a: Electrode|91/100 tox|[from] item: Leftovers\n|-damage|p1a: Bellibolt|280/320 tox|[from] Leech Seed|[of] p2a: Electrode\n|-heal|p2a: Electrode|100/100 tox|[silent]\n|-damage|p2a: Electrode|64/100 tox|[from] psn\n|-damage|p1a: Bellibolt|240/320 tox|[from] psn\n|upkeep\n|turn|31\n|inactive|Time left: 300 sec this turn | 300 sec total\n|\n|t:|1783552137\n|move|p2a: Electrode|Giga Drain|p1a: Bellibolt\n|-damage|p1a: Bellibolt|162/320 tox\n|-heal|p2a: Electrode|80/100 tox|[from] drain|[of] p1a: Bellibolt\n|-start|p1a: Bellibolt|Charge|Giga Drain|[from] ability: Electromorphosis\n|move|p1a: Bellibolt|Slack Off|p1a: Bellibolt\n|-heal|p1a: Bellibolt|320/320 tox\n|\n|-heal|p2a: Electrode|86/100 tox|[from] item: Leftovers\n|-damage|p1a: Bellibolt|280/320 tox|[from] Leech Seed|[of] p2a: Electrode\n|-heal|p2a: Electrode|100/100 tox|[silent]\n|-damage|p2a: Electrode|58/100 tox|[from] psn\n|-damage|p1a: Bellibolt|220/320 tox|[from] psn\n|upkeep\n|turn|32\n|inactive|Time left: 300 sec this turn | 300 sec total\n|\n|t:|1783552138\n|move|p2a: Electrode|Giga Drain|p1a: Bellibolt\n|-damage|p1a: Bellibolt|145/320 tox\n|-heal|p2a: Electrode|73/100 tox|[from] drain|[of] p1a: Bellibolt\n|-start|p1a: Bellibolt|Charge|Giga Drain|[from] ability: Electromorphosis\n|move|p1a: Bellibolt|Slack Off|p1a: Bellibolt\n|-heal|p1a: Bellibolt|305/320 tox\n|\n|-heal|p2a: Electrode|79/100 tox|[from] item: Leftovers\n|-heal|p1a: Bellibolt|320/320 tox|[from] item: Leftovers\n|-damage|p1a: Bellibolt|280/320 tox|[from] Leech Seed|[of] p2a: Electrode\n|-heal|p2a: Electrode|96/100 tox|[silent]\n|-damage|p2a: Electrode|47/100 tox|[from] psn\n|-damage|p1a: Bellibolt|200/320 tox|[from] psn\n|upkeep\n|turn|33\n|inactive|Time left: 300 sec this turn | 300 sec total\n|\n|t:|1783552139\n|switch|p2a: Shiftry|Shiftry, L89, M, tera:Dark|8/100\n|move|p1a: Bellibolt|Slack Off|p1a: Bellibolt\n|-heal|p1a: Bellibolt|320/320 tox\n|\n|-damage|p1a: Bellibolt|280/320 tox|[from] Leech Seed|[of] p2a: Shiftry\n|-heal|p2a: Shiftry|21/100|[silent]\n|-damage|p1a: Bellibolt|180/320 tox|[from] psn\n|upkeep\n|turn|34\n|inactive|Time left: 300 sec this turn | 300 sec total\n|\n|t:|1783552140\n|move|p2a: Shiftry|Knock Off|p1a: Bellibolt\n|-damage|p1a: Bellibolt|34/320 tox\n|-start|p1a: Bellibolt|Charge|Knock Off|[from] ability: Electromorphosis\n|-enditem|p1a: Bellibolt|Leftovers|[from] move: Knock Off|[of] p2a: Shiftry\n|move|p1a: Bellibolt|Slack Off|p1a: Bellibolt\n|-heal|p1a: Bellibolt|194/320 tox\n|\n|-damage|p1a: Bellibolt|154/320 tox|[from] Leech Seed|[of] p2a: Shiftry\n|-heal|p2a: Shiftry|35/100|[silent]\n|-damage|p1a: Bellibolt|34/320 tox|[from] psn\n|upkeep\n|turn|35\n|inactive|Time left: 300 sec this turn | 300 sec total\n|\n|t:|1783552141\n|switch|p2a: Jirachi|Jirachi, L80|100/100\n|-terastallize|p1a: Bellibolt|Water\n|move|p1a: Bellibolt|Thunderbolt|p2a: Jirachi\n|-damage|p2a: Jirachi|33/100\n|-end|p1a: Bellibolt|Charge|[silent]\n|\n|-heal|p2a: Jirachi|40/100|[from] item: Leftovers\n|-damage|p1a: Bellibolt|0 fnt|[from] Leech Seed|[of] p2a: Jirachi\n|-heal|p2a: Jirachi|51/100|[silent]\n|faint|p1a: Bellibolt\n|\n|win|p0y105253da", "uploadtime": 1783552141, "views": 0, "rating": 0, "private": 0, "password": null, "_winner": "p0y105253da", "_our_name": "p0x1052e52e"}