{"id": "battle-gen9randombattle-247", "formatid": "gen9randombattle", "format": "[Gen 9] Random Battle", "players": ["p0x247b0ee", "p0y24798d3"], "log": "|init|battle\n|title|p0x247b0ee vs. p0y24798d3\n|j|\u2606p0x247b0ee\n|j|\u2606p0y24798d3\n|t:|1783536130\n|gametype|singles\n|player|p1|p0x247b0ee|2|\n|player|p2|p0y24798d3|1|\n|gen|9\n|tier|[Gen 9] Random Battle\n|rule|Species Clause: Limit one of each Pok\u00e9mon\n|rule|HP Percentage Mod: HP is shown in percentages\n|rule|Sleep Clause Mod: Limit one foe put to sleep\n|rule|Illusion Level Mod: Illusion disguises the Pok\u00e9mon's true level\n|\n|t:|1783536130\n|teamsize|p1|6\n|teamsize|p2|6\n|start\n|switch|p1a: Volcanion|Volcanion, L79|255/255\n|switch|p2a: Tauros|Tauros-Paldea-Combat, L82, M|100/100\n|-ability|p2a: Tauros|Intimidate|boost\n|-unboost|p1a: Volcanion|atk|1\n|turn|1\n|inactive|Battle timer is ON: inactive players will automatically lose when time's up. (requested by p0y24798d3)\n|inactive|Time left: 300 sec this turn | 300 sec total | 60 sec grace\n|inactive|p0x247b0ee also wants the timer to be on.\n|\n|t:|1783536132\n|switch|p2a: Noctowl|Noctowl, L95, F|100/100\n|move|p1a: Volcanion|Steam Eruption|p2a: Noctowl\n|-damage|p2a: Noctowl|67/100\n|-status|p2a: Noctowl|brn\n|\n|-damage|p2a: Noctowl|61/100 brn|[from] brn\n|upkeep\n|turn|2\n|inactive|Time left: 300 sec this turn | 300 sec total\n|\n|t:|1783536133\n|move|p2a: Noctowl|Hurricane|p1a: Volcanion\n|-damage|p1a: Volcanion|168/255\n|move|p1a: Volcanion|Steam Eruption|p2a: Noctowl\n|-damage|p2a: Noctowl|29/100 brn\n|\n|-damage|p2a: Noctowl|23/100 brn|[from] brn\n|upkeep\n|turn|3\n|inactive|Time left: 300 sec this turn | 300 sec total\n|\n|t:|1783536134\n|move|p2a: Noctowl|Roost|p2a: Noctowl\n|-heal|p2a: Noctowl|73/100 brn\n|-singleturn|p2a: Noctowl|move: Roost\n|move|p1a: Volcanion|Steam Eruption|p2a: Noctowl\n|-damage|p2a: Noctowl|41/100 brn\n|\n|-damage|p2a: Noctowl|35/100 brn|[from] brn\n|upkeep\n|turn|4\n|inactive|Time left: 300 sec this turn | 300 sec total\n|\n|t:|1783536135\n|move|p2a: Noctowl|Roost|p2a: Noctowl\n|-heal|p2a: Noctowl|85/100 brn\n|-singleturn|p2a: Noctowl|move: Roost\n|move|p1a: Volcanion|Steam Eruption|p2a: Noctowl\n|-damage|p2a: Noctowl|52/100 brn\n|\n|-damage|p2a: Noctowl|46/100 brn|[from] brn\n|upkeep\n|turn|5\n|inactive|Time left: 300 sec this turn | 300 sec total\n|\n|t:|1783536136\n|move|p2a: Noctowl|Roost|p2a: Noctowl\n|-heal|p2a: Noctowl|96/100 brn\n|-singleturn|p2a: Noctowl|move: Roost\n|move|p1a: Volcanion|Steam Eruption|p2a: Noctowl\n|-damage|p2a: Noctowl|64/100 brn\n|\n|-damage|p2a: Noctowl|57/100 brn|[from] brn\n|upkeep\n|turn|6\n|inactive|Time left: 300 sec this turn | 300 sec total\n|\n|t:|1783536137\n|move|p2a: Noctowl|Calm Mind|p2a: Noctowl\n|-boost|p2a: Noctowl|spa|1\n|-boost|p2a: Noctowl|spd|1\n|move|p1a: Volcanion|Flamethrower|p2a: Noctowl\n|-damage|p2a: Noctowl|39/100 brn\n|\n|-damage|p2a: Noctowl|33/100 brn|[from] brn\n|upkeep\n|turn|7\n|inactive|Time left: 300 sec this turn | 300 sec total\n|\n|t:|1783536138\n|move|p2a: Noctowl|Roost|p2a: Noctowl\n|-heal|p2a: Noctowl|83/100 brn\n|-singleturn|p2a: Noctowl|move: Roost\n|move|p1a: Volcanion|Flame Charge|p2a: Noctowl\n|-damage|p2a: Noctowl|69/100 brn\n|-boost|p1a: Volcanion|spe|1\n|\n|-damage|p2a: Noctowl|63/100 brn|[from] brn\n|upkeep\n|turn|8\n|inactive|Time left: 300 sec this turn | 300 sec total\n|\n|t:|1783536139\n|move|p1a: Volcanion|Flame Charge|p2a: Noctowl\n|-damage|p2a: Noctowl|50/100 brn\n|-boost|p1a: Volcanion|spe|1\n|move|p2a: Noctowl|Roost|p2a: Noctowl\n|-heal|p2a: Noctowl|99/100 brn\n|-singleturn|p2a: Noctowl|move: Roost\n|\n|-damage|p2a: Noctowl|94/100 brn|[from] brn\n|upkeep\n|turn|9\n|inactive|Time left: 300 sec this turn | 300 sec total\n|\n|t:|1783536141\n|move|p1a: Volcanion|Flamethrower|p2a: Noctowl\n|-damage|p2a: Noctowl|77/100 brn\n|move|p2a: Noctowl|Hurricane|p1a: Volcanion|[miss]\n|-miss|p2a: Noctowl|p1a: Volcanion\n|\n|-damage|p2a: Noctowl|71/100 brn|[from] brn\n|upkeep\n|turn|10\n|inactive|Time left: 300 sec this turn | 300 sec total\n|\n|t:|1783536142\n|switch|p1a: Basculegion|Basculegion, L80, M|323/323\n|move|p2a: Noctowl|Hyper Voice|p1a: Basculegion\n|-immune|p1a: Basculegion\n|\n|-damage|p2a: Noctowl|65/100 brn|[from] brn\n|upkeep\n|turn|11\n|inactive|Time left: 300 sec this turn | 300 sec total\n|\n|t:|1783536143\n|move|p2a: Noctowl|Roost|p2a: Noctowl\n|-heal|p2a: Noctowl|100/100 brn\n|-singleturn|p2a: Noctowl|move: Roost\n|move|p1a: Basculegion|Wave Crash|p2a: Noctowl\n|-damage|p2a: Noctowl|34/100 brn\n|-damage|p1a: Basculegion|247/323|[from] Recoil\n|\n|-damage|p2a: Noctowl|28/100 brn|[from] brn\n|upkeep\n|turn|12\n|inactive|Time left: 300 sec this turn | 300 sec total\n|\n|t:|1783536144\n|move|p2a: Noctowl|Roost|p2a: Noctowl\n|-heal|p2a: Noctowl|78/100 brn\n|-singleturn|p2a: Noctowl|move: Roost\n|move|p1a: Basculegion|Wave Crash|p2a: Noctowl\n|-damage|p2a: Noctowl|7/100 brn\n|-damage|p1a: Basculegion|167/323|[from] Recoil\n|\n|-damage|p2a: Noctowl|1/100 brn|[from] brn\n|upkeep\n|turn|13\n|inactive|Time left: 300 sec this turn | 300 sec total\n|\n|t:|1783536145\n|move|p1a: Basculegion|Aqua Jet|p2a: Noctowl\n|-damage|p2a: Noctowl|0 fnt\n|faint|p2a: Noctowl\n|\n|upkeep\n|\n|t:|1783536146\n|switch|p2a: Vikavolt|Vikavolt, L83, M|100/100\n|turn|14\n|inactive|Time left: 300 sec this turn | 300 sec total\n|\n|t:|1783536147\n|move|p1a: Basculegion|Wave Crash|p2a: Vikavolt\n|-damage|p2a: Vikavolt|36/100\n|-damage|p1a: Basculegion|111/323|[from] Recoil\n|move|p2a: Vikavolt|Sticky Web|p1a: Basculegion\n|-sidestart|p1: p0x247b0ee|move: Sticky Web\n|\n|upkeep\n|turn|15\n|inactive|Time left: 300 sec this turn | 300 sec total\n|\n|t:|1783536149\n|switch|p2a: Tauros|Tauros-Paldea-Combat, L82, M|100/100\n|-ability|p2a: Tauros|Intimidate|boost\n|-unboost|p1a: Basculegion|atk|1\n|move|p1a: Basculegion|Wave Crash|p2a: Tauros\n|-damage|p2a: Tauros|60/100\n|-damage|p1a: Basculegion|77/323|[from] Recoil\n|\n|upkeep\n|turn|16\n|inactive|Time left: 300 sec this turn | 300 sec total\n|\n|t:|1783536150\n|move|p2a: Tauros|Throat Chop|p1a: Basculegion\n|-supereffective|p1a: Basculegion\n|-damage|p1a: Basculegion|0 fnt\n|faint|p1a: Basculegion\n|-damage|p2a: Tauros|50/100|[from] item: Life Orb\n|\n|upkeep\n|inactive|Time left: 300 sec this turn | 300 sec total | 5 sec grace\n|\n|t:|1783536151\n|switch|p1a: Pyroar|Pyroar, L88, M|295/295\n|-ability|p1a: Pyroar|Unnerve\n|turn|17\n|inactive|Time left: 300 sec this turn | 300 sec total\n|\n|t:|1783536152\n|switch|p2a: Fezandipiti|Fezandipiti, L82, M|100/100\n|move|p1a: Pyroar|Fire Blast|p2a: Fezandipiti\n|-damage|p2a: Fezandipiti|62/100\n|\n|-heal|p2a: Fezandipiti|68/100|[from] item: Leftovers\n|upkeep\n|turn|18\n|inactive|Time left: 300 sec this turn | 300 sec total\n|\n|t:|1783536153\n|move|p1a: Pyroar|Fire Blast|p2a: Fezandipiti\n|-damage|p2a: Fezandipiti|27/100\n|move|p2a: Fezandipiti|Gunk Shot|p1a: Pyroar\n|-damage|p1a: Pyroar|175/295\n|-status|p1a: Pyroar|psn\n|\n|-heal|p2a: Fezandipiti|33/100|[from] item: Leftovers\n|-damage|p1a: Pyroar|139/295 psn|[from] psn\n|upkeep\n|turn|19\n|inactive|Time left: 300 sec this turn | 300 sec total\n|\n|t:|1783536154\n|move|p1a: Pyroar|Fire Blast|p2a: Fezandipiti\n|-damage|p2a: Fezandipiti|0 fnt\n|faint|p2a: Fezandipiti\n|\n|-damage|p1a: Pyroar|103/295 psn|[from] psn\n|upkeep\n|\n|t:|1783536155\n|switch|p2a: Landorus|Landorus, L75, M|100/100\n|turn|20\n|inactive|Time left: 300 sec this turn | 300 sec total\n|\n|t:|1783536156\n|move|p1a: Pyroar|Fire Blast|p2a: Landorus\n|-damage|p2a: Landorus|37/100\n|move|p2a: Landorus|Sludge Wave|p1a: Pyroar\n|-damage|p1a: Pyroar|0 fnt\n|faint|p1a: Pyroar\n|\n|upkeep\n|inactive|Time left: 300 sec this turn | 300 sec total | 5 sec grace\n|\n|t:|1783536157\n|switch|p1a: Hypno|Hypno, L95, M|315/315\n|-activate|p1a: Hypno|move: Sticky Web\n|-unboost|p1a: Hypno|spe|1\n|turn|21\n|inactive|Time left: 300 sec this turn | 300 sec total\n|\n|t:|1783536158\n|switch|p2a: Copperajah|Copperajah, L86, M|100/100\n|move|p1a: Hypno|Psychic Noise|p2a: Copperajah\n|-resisted|p2a: Copperajah\n|-damage|p2a: Copperajah|87/100\n|-start|p2a: Copperajah|move: Heal Block\n|\n|upkeep\n|turn|22\n|inactive|Time left: 300 sec this turn | 300 sec total\n|\n|t:|1783536159\n|move|p1a: Hypno|Focus Blast|p2a: Copperajah\n|-supereffective|p2a: Copperajah\n|-damage|p2a: Copperajah|24/100\n|move|p2a: Copperajah|Heavy Slam|p1a: Hypno\n|-damage|p1a: Hypno|42/315\n|\n|-heal|p1a: Hypno|61/315|[from] item: Leftovers\n|-end|p2a: Copperajah|move: Heal Block\n|upkeep\n|turn|23\n|inactive|Time left: 300 sec this turn | 300 sec total\n|\n|t:|1783536160\n|move|p1a: Hypno|Psychic Noise|p2a: Copperajah\n|-resisted|p2a: Copperajah\n|-damage|p2a: Copperajah|11/100\n|-start|p2a: Copperajah|move: Heal Block\n|move|p2a: Copperajah|Heavy Slam|p1a: Hypno\n|-damage|p1a: Hypno|0 fnt\n|faint|p1a: Hypno\n|\n|upkeep\n|inactive|Time left: 300 sec this turn | 300 sec total | 5 sec grace\n|\n|t:|1783536161\n|switch|p1a: Volcanion|Volcanion, L79|168/255\n|-activate|p1a: Volcanion|move: Sticky Web\n|-unboost|p1a: Volcanion|spe|1\n|turn|24\n|inactive|Time left: 300 sec this turn | 300 sec total\n|\n|t:|1783536162\n|move|p1a: Volcanion|Steam Eruption|p2a: Copperajah\n|-damage|p2a: Copperajah|0 fnt\n|faint|p2a: Copperajah\n|\n|upkeep\n|\n|t:|1783536163\n|switch|p2a: Vikavolt|Vikavolt, L83, M|36/100\n|turn|25\n|inactive|Time left: 300 sec this turn | 300 sec total\n|\n|t:|1783536164\n|-terastallize|p1a: Volcanion|Fire\n|move|p2a: Vikavolt|Thunderbolt|p1a: Volcanion\n|-damage|p1a: Volcanion|84/255\n|move|p1a: Volcanion|Flame Charge|p2a: Vikavolt\n|-supereffective|p2a: Vikavolt\n|-damage|p2a: Vikavolt|0 fnt\n|-boost|p1a: Volcanion|spe|1\n|faint|p2a: Vikavolt\n|\n|upkeep\n|\n|t:|1783536165\n|switch|p2a: Landorus|Landorus, L75, M|37/100\n|turn|26\n|inactive|Time left: 300 sec this turn | 300 sec total\n|\n|t:|1783536166\n|move|p2a: Landorus|Earth Power|p1a: Volcanion\n|-supereffective|p1a: Volcanion\n|-crit|p1a: Volcanion\n|-damage|p1a: Volcanion|0 fnt\n|faint|p1a: Volcanion\n|\n|upkeep\n|inactive|Time left: 300 sec this turn | 300 sec total | 5 sec grace\n|\n|t:|1783536167\n|switch|p1a: Farigiraf|Farigiraf, L90, M|362/362\n|-activate|p1a: Farigiraf|move: Sticky Web\n|-unboost|p1a: Farigiraf|spe|1\n|turn|27\n|inactive|Time left: 300 sec this turn | 300 sec total\n|\n|t:|1783536168\n|move|p2a: Landorus|Earth Power|p1a: Farigiraf\n|-damage|p1a: Farigiraf|201/362\n|move|p1a: Farigiraf|Psychic Noise|p2a: Landorus\n|-damage|p2a: Landorus|0 fnt\n|faint|p2a: Landorus\n|\n|-heal|p1a: Farigiraf|223/362|[from] item: Leftovers\n|upkeep\n|\n|t:|1783536169\n|switch|p2a: Tauros|Tauros-Paldea-Combat, L82, M|50/100\n|-ability|p2a: Tauros|Intimidate|boost\n|-unboost|p1a: Farigiraf|atk|1\n|turn|28\n|inactive|Time left: 300 sec this turn | 300 sec total\n|\n|t:|1783536169\n|-terastallize|p2a: Tauros|Dark\n|move|p2a: Tauros|Bulk Up|p2a: Tauros\n|-boost|p2a: Tauros|atk|1\n|-boost|p2a: Tauros|def|1\n|move|p1a: Farigiraf|Body Slam|p2a: Tauros\n|-crit|p2a: Tauros\n|-damage|p2a: Tauros|0 fnt\n|faint|p2a: Tauros\n|\n|win|p0x247b0ee", "uploadtime": 1783536169, "views": 0, "rating": 0, "private": 0, "password": null, "_winner": "p0x247b0ee", "_our_name": "p0x247b0ee"}