{"id": "battle-gen9randombattle-2885", "formatid": "gen9randombattle", "format": "[Gen 9] Random Battle", "players": ["p0x28850ed6", "p0y28857685"], "log": "|init|battle\n|title|p0x28850ed6 vs. p0y28857685\n|j|\u2606p0x28850ed6\n|j|\u2606p0y28857685\n|t:|1783572265\n|gametype|singles\n|player|p1|p0x28850ed6|101|\n|player|p2|p0y28857685|265|\n|gen|9\n|tier|[Gen 9] Random Battle\n|rule|Species Clause: Limit one of each Pok\u00e9mon\n|rule|HP Percentage Mod: HP is shown in percentages\n|rule|Sleep Clause Mod: Limit one foe put to sleep\n|rule|Illusion Level Mod: Illusion disguises the Pok\u00e9mon's true level\n|\n|t:|1783572265\n|teamsize|p1|6\n|teamsize|p2|6\n|start\n|switch|p1a: Hoopa|Hoopa, L85|100/100\n|switch|p2a: Baxcalibur|Baxcalibur, L75, M|295/295\n|turn|1\n|inactive|Battle timer is ON: inactive players will automatically lose when time's up. (requested by p0y28857685)\n|inactive|p0x28850ed6 also wants the timer to be on.\n|\n|t:|1783572267\n|move|p1a: Hoopa|Shadow Ball|p2a: Baxcalibur\n|-damage|p2a: Baxcalibur|165/295\n|move|p2a: Baxcalibur|Glaive Rush|p1a: Hoopa\n|-crit|p1a: Hoopa\n|-damage|p1a: Hoopa|0 fnt\n|-singlemove|p2a: Baxcalibur|Glaive Rush|[silent]\n|faint|p1a: Hoopa\n|\n|upkeep\n|\n|t:|1783572268\n|switch|p1a: Typhlosion|Typhlosion-Hisui, L83, F|100/100\n|turn|2\n|inactive|Time left: 300 sec this turn | 300 sec total\n|\n|t:|1783572269\n|switch|p2a: Swampert|Swampert, L83, M|302/302\n|move|p1a: Typhlosion|Eruption|p2a: Swampert\n|-resisted|p2a: Swampert\n|-damage|p2a: Swampert|173/302\n|\n|-heal|p2a: Swampert|191/302|[from] item: Leftovers\n|upkeep\n|turn|3\n|inactive|Time left: 300 sec this turn | 300 sec total\n|\n|t:|1783572271\n|switch|p1a: Yanmega|Yanmega, L82, F|100/100\n|move|p2a: Swampert|Earthquake|p1a: Yanmega\n|-immune|p1a: Yanmega\n|\n|-heal|p2a: Swampert|209/302|[from] item: Leftovers\n|upkeep\n|turn|4\n|inactive|Time left: 300 sec this turn | 300 sec total\n|\n|t:|1783572272\n|move|p1a: Yanmega|Air Slash|p2a: Swampert\n|-damage|p2a: Swampert|119/302\n|move|p2a: Swampert|Ice Beam|p1a: Yanmega\n|-supereffective|p1a: Yanmega\n|-damage|p1a: Yanmega|43/100\n|\n|-heal|p2a: Swampert|137/302|[from] item: Leftovers\n|-ability|p1a: Yanmega|Speed Boost|boost\n|-boost|p1a: Yanmega|spe|1\n|upkeep\n|turn|5\n|inactive|Time left: 300 sec this turn | 300 sec total\n|\n|t:|1783572273\n|move|p1a: Yanmega|Air Slash|p2a: Swampert\n|-damage|p2a: Swampert|46/302\n|cant|p2a: Swampert|flinch\n|\n|-heal|p2a: Swampert|64/302|[from] item: Leftovers\n|-ability|p1a: Yanmega|Speed Boost|boost\n|-boost|p1a: Yanmega|spe|1\n|upkeep\n|turn|6\n|inactive|Time left: 300 sec this turn | 300 sec total\n|\n|t:|1783572274\n|switch|p2a: Magnezone|Magnezone, L85|258/258\n|move|p1a: Yanmega|Air Slash|p2a: Magnezone\n|-resisted|p2a: Magnezone\n|-damage|p2a: Magnezone|245/258\n|\n|-ability|p1a: Yanmega|Speed Boost|boost\n|-boost|p1a: Yanmega|spe|1\n|upkeep\n|turn|7\n|inactive|Time left: 300 sec this turn | 300 sec total\n|\n|t:|1783572276\n|move|p1a: Yanmega|Protect|p1a: Yanmega\n|-singleturn|p1a: Yanmega|Protect\n|move|p2a: Magnezone|Flash Cannon|p1a: Yanmega\n|-activate|p1a: Yanmega|move: Protect\n|\n|-ability|p1a: Yanmega|Speed Boost|boost\n|-boost|p1a: Yanmega|spe|1\n|upkeep\n|turn|8\n|inactive|Time left: 300 sec this turn | 300 sec total\n|\n|t:|1783572276\n|-terastallize|p1a: Yanmega|Ground\n|move|p1a: Yanmega|Tera Blast|p2a: Magnezone|[anim] Tera Blast Ground\n|-supereffective|p2a: Magnezone\n|-damage|p2a: Magnezone|13/258\n|move|p2a: Magnezone|Flash Cannon|p1a: Yanmega\n|-damage|p1a: Yanmega|0 fnt\n|faint|p1a: Yanmega\n|\n|upkeep\n|\n|t:|1783572277\n|switch|p1a: Flygon|Flygon, L82, M|100/100\n|turn|9\n|inactive|Time left: 300 sec this turn | 300 sec total\n|\n|t:|1783572278\n|move|p1a: Flygon|Outrage|p2a: Magnezone\n|-resisted|p2a: Magnezone\n|-damage|p2a: Magnezone|0 fnt\n|faint|p2a: Magnezone\n|\n|upkeep\n|inactive|Time left: 300 sec this turn | 300 sec total | 5 sec grace\n|\n|t:|1783572279\n|switch|p2a: Baxcalibur|Baxcalibur, L75, M|165/295\n|turn|10\n|inactive|Time left: 300 sec this turn | 300 sec total\n|\n|t:|1783572280\n|move|p2a: Baxcalibur|Ice Shard|p1a: Flygon\n|-supereffective|p1a: Flygon\n|-damage|p1a: Flygon|0 fnt\n|faint|p1a: Flygon\n|\n|upkeep\n|\n|t:|1783572281\n|switch|p1a: Typhlosion|Typhlosion-Hisui, L83, F|100/100\n|turn|11\n|inactive|Time left: 300 sec this turn | 300 sec total\n|\n|t:|1783572282\n|switch|p2a: Swampert|Swampert, L83, M|64/302\n|move|p1a: Typhlosion|Eruption|p2a: Swampert\n|-resisted|p2a: Swampert\n|-damage|p2a: Swampert|0 fnt\n|faint|p2a: Swampert\n|\n|upkeep\n|inactive|Time left: 300 sec this turn | 300 sec total | 5 sec grace\n|\n|t:|1783572283\n|switch|p2a: Cinderace|Cinderace, L77, F|249/249\n|turn|12\n|inactive|Time left: 300 sec this turn | 300 sec total\n|\n|t:|1783572284\n|move|p2a: Cinderace|Pyro Ball|p1a: Typhlosion\n|-resisted|p1a: Typhlosion\n|-damage|p1a: Typhlosion|62/100\n|move|p1a: Typhlosion|Eruption|p2a: Cinderace\n|-resisted|p2a: Cinderace\n|-damage|p2a: Cinderace|140/249\n|\n|upkeep\n|turn|13\n|inactive|Time left: 300 sec this turn | 300 sec total\n|\n|t:|1783572285\n|move|p2a: Cinderace|Pyro Ball|p1a: Typhlosion\n|-resisted|p1a: Typhlosion\n|-damage|p1a: Typhlosion|23/100\n|move|p1a: Typhlosion|Eruption|p2a: Cinderace\n|-resisted|p2a: Cinderace\n|-damage|p2a: Cinderace|83/249\n|\n|upkeep\n|turn|14\n|inactive|Time left: 300 sec this turn | 300 sec total\n|\n|t:|1783572286\n|move|p2a: Cinderace|Pyro Ball|p1a: Typhlosion\n|-resisted|p1a: Typhlosion\n|-damage|p1a: Typhlosion|0 fnt\n|faint|p1a: Typhlosion\n|\n|upkeep\n|\n|t:|1783572287\n|switch|p1a: Dodrio|Dodrio, L85, F|100/100\n|turn|15\n|inactive|Time left: 300 sec this turn | 300 sec total\n|\n|t:|1783572288\n|switch|p2a: Farigiraf|Farigiraf, L90, F|362/362\n|move|p1a: Dodrio|Brave Bird|p2a: Farigiraf\n|-damage|p2a: Farigiraf|133/362\n|-damage|p1a: Dodrio|69/100|[from] Recoil\n|\n|-heal|p2a: Farigiraf|155/362|[from] item: Leftovers\n|upkeep\n|turn|16\n|inactive|Time left: 300 sec this turn | 300 sec total\n|\n|t:|1783572289\n|move|p2a: Farigiraf|Protect|p2a: Farigiraf\n|-singleturn|p2a: Farigiraf|Protect\n|move|p1a: Dodrio|Brave Bird|p2a: Farigiraf\n|-activate|p2a: Farigiraf|move: Protect\n|\n|-heal|p2a: Farigiraf|177/362|[from] item: Leftovers\n|upkeep\n|turn|17\n|inactive|Time left: 300 sec this turn | 300 sec total\n|\n|t:|1783572290\n|move|p1a: Dodrio|Brave Bird|p2a: Farigiraf\n|-damage|p2a: Farigiraf|0 fnt\n|faint|p2a: Farigiraf\n|-damage|p1a: Dodrio|45/100|[from] Recoil\n|\n|upkeep\n|inactive|Time left: 300 sec this turn | 300 sec total | 5 sec grace\n|\n|t:|1783572291\n|switch|p2a: Baxcalibur|Baxcalibur, L75, M|165/295\n|turn|18\n|inactive|Time left: 300 sec this turn | 300 sec total\n|\n|t:|1783572292\n|move|p2a: Baxcalibur|Ice Shard|p1a: Dodrio\n|-supereffective|p1a: Dodrio\n|-damage|p1a: Dodrio|0 fnt\n|faint|p1a: Dodrio\n|\n|upkeep\n|\n|t:|1783572292\n|switch|p1a: Floatzel|Floatzel, L86, M|100/100\n|turn|19\n|inactive|Time left: 300 sec this turn | 300 sec total\n|\n|t:|1783572293\n|switch|p2a: Cinderace|Cinderace, L77, F|83/249\n|move|p1a: Floatzel|Bulk Up|p1a: Floatzel\n|-boost|p1a: Floatzel|atk|1\n|-boost|p1a: Floatzel|def|1\n|\n|upkeep\n|turn|20\n|inactive|Time left: 300 sec this turn | 300 sec total\n|\n|t:|1783572294\n|move|p1a: Floatzel|Bulk Up|p1a: Floatzel\n|-boost|p1a: Floatzel|atk|1\n|-boost|p1a: Floatzel|def|1\n|move|p2a: Cinderace|Gunk Shot|p1a: Floatzel\n|-start|p2a: Cinderace|typechange|Poison|[from] ability: Libero\n|-damage|p1a: Floatzel|60/100\n|\n|-heal|p1a: Floatzel|66/100|[from] item: Leftovers\n|upkeep\n|turn|21\n|inactive|Time left: 300 sec this turn | 300 sec total\n|\n|t:|1783572295\n|-terastallize|p2a: Cinderace|Fire\n|move|p1a: Floatzel|Bulk Up|p1a: Floatzel\n|-boost|p1a: Floatzel|atk|1\n|-boost|p1a: Floatzel|def|1\n|move|p2a: Cinderace|Gunk Shot|p1a: Floatzel\n|-crit|p1a: Floatzel\n|-damage|p1a: Floatzel|0 fnt\n|faint|p1a: Floatzel\n|\n|win|p0y28857685", "uploadtime": 1783572295, "views": 0, "rating": 0, "private": 0, "password": null, "_winner": "p0y28857685", "_our_name": "p0y28857685"}