{"id": "battle-gen9randombattle-243", "formatid": "gen9randombattle", "format": "[Gen 9] Random Battle", "players": ["p0x243220f", "p0y2436f31"], "log": "|init|battle\n|title|p0x243220f vs. p0y2436f31\n|j|\u2606p0x243220f\n|j|\u2606p0y2436f31\n|t:|1783536089\n|gametype|singles\n|player|p1|p0x243220f|265|\n|player|p2|p0y2436f31|266|\n|gen|9\n|tier|[Gen 9] Random Battle\n|rule|Species Clause: Limit one of each Pok\u00e9mon\n|rule|HP Percentage Mod: HP is shown in percentages\n|rule|Sleep Clause Mod: Limit one foe put to sleep\n|rule|Illusion Level Mod: Illusion disguises the Pok\u00e9mon's true level\n|\n|t:|1783536089\n|teamsize|p1|6\n|teamsize|p2|6\n|start\n|switch|p1a: Manaphy|Manaphy, L78|284/284\n|switch|p2a: Deoxys|Deoxys, L74|100/100\n|-ability|p2a: Deoxys|Pressure\n|turn|1\n|inactive|Battle timer is ON: inactive players will automatically lose when time's up. (requested by p0x243220f)\n|\n|t:|1783536090\n|move|p2a: Deoxys|Psycho Boost|p1a: Manaphy\n|-damage|p1a: Manaphy|68/284\n|-unboost|p2a: Deoxys|spa|2\n|-damage|p2a: Deoxys|91/100|[from] item: Life Orb\n|move|p1a: Manaphy|Ice Beam|p2a: Deoxys\n|-damage|p2a: Deoxys|42/100\n|\n|-heal|p1a: Manaphy|85/284|[from] item: Leftovers\n|upkeep\n|turn|2\n|inactive|Time left: 300 sec this turn | 300 sec total\n|inactive|p0y2436f31 also wants the timer to be on.\n|\n|t:|1783536091\n|switch|p1a: Heracross|Heracross, L80, M|259/259\n|move|p2a: Deoxys|Knock Off|p1a: Heracross\n|-resisted|p1a: Heracross\n|-damage|p1a: Heracross|201/259\n|-enditem|p1a: Heracross|Flame Orb|[from] move: Knock Off|[of] p2a: Deoxys\n|-damage|p2a: Deoxys|33/100|[from] item: Life Orb\n|\n|upkeep\n|turn|3\n|inactive|Time left: 300 sec this turn | 300 sec total\n|\n|t:|1783536092\n|move|p2a: Deoxys|Psycho Boost|p1a: Heracross\n|-supereffective|p1a: Heracross\n|-damage|p1a: Heracross|0 fnt\n|-unboost|p2a: Deoxys|spa|2\n|faint|p1a: Heracross\n|-damage|p2a: Deoxys|23/100|[from] item: Life Orb\n|\n|upkeep\n|inactive|Time left: 300 sec this turn | 300 sec total | 5 sec grace\n|\n|t:|1783536093\n|switch|p1a: Sawsbuck|Sawsbuck-Summer, L88, F|284/284\n|turn|4\n|inactive|Time left: 300 sec this turn | 300 sec total\n|\n|t:|1783536095\n|move|p2a: Deoxys|Superpower|p1a: Sawsbuck\n|-supereffective|p1a: Sawsbuck\n|-damage|p1a: Sawsbuck|24/284\n|-unboost|p2a: Deoxys|atk|1\n|-unboost|p2a: Deoxys|def|1\n|-damage|p2a: Deoxys|13/100|[from] item: Life Orb\n|move|p1a: Sawsbuck|Swords Dance|p1a: Sawsbuck\n|-boost|p1a: Sawsbuck|atk|2\n|\n|upkeep\n|turn|5\n|inactive|Time left: 300 sec this turn | 300 sec total\n|\n|t:|1783536096\n|move|p2a: Deoxys|Superpower|p1a: Sawsbuck\n|-supereffective|p1a: Sawsbuck\n|-damage|p1a: Sawsbuck|0 fnt\n|-unboost|p2a: Deoxys|atk|1\n|-unboost|p2a: Deoxys|def|1\n|faint|p1a: Sawsbuck\n|-damage|p2a: Deoxys|4/100|[from] item: Life Orb\n|\n|upkeep\n|inactive|Time left: 300 sec this turn | 300 sec total | 5 sec grace\n|\n|t:|1783536097\n|switch|p1a: Manaphy|Manaphy, L78|85/284\n|turn|6\n|inactive|Time left: 300 sec this turn | 300 sec total\n|\n|t:|1783536098\n|switch|p2a: Glaceon|Glaceon, L94, F|100/100\n|move|p1a: Manaphy|Tail Glow|p1a: Manaphy\n|-boost|p1a: Manaphy|spa|3\n|\n|-heal|p1a: Manaphy|102/284|[from] item: Leftovers\n|upkeep\n|turn|7\n|inactive|Time left: 300 sec this turn | 300 sec total\n|\n|t:|1783536099\n|move|p1a: Manaphy|Hydro Pump|p2a: Glaceon|[miss]\n|-miss|p1a: Manaphy|p2a: Glaceon\n|move|p2a: Glaceon|Freeze-Dry|p1a: Manaphy\n|-supereffective|p1a: Manaphy\n|-damage|p1a: Manaphy|0 fnt\n|faint|p1a: Manaphy\n|\n|upkeep\n|inactive|Time left: 300 sec this turn | 300 sec total | 5 sec grace\n|\n|t:|1783536100\n|switch|p1a: Blissey|Blissey, L85, F|572/572\n|turn|8\n|inactive|Time left: 300 sec this turn | 300 sec total\n|\n|t:|1783536101\n|move|p2a: Glaceon|Mud Shot|p1a: Blissey\n|-damage|p1a: Blissey|533/572\n|-unboost|p1a: Blissey|spe|1\n|move|p1a: Blissey|Seismic Toss|p2a: Glaceon\n|-damage|p2a: Glaceon|70/100\n|\n|-heal|p1a: Blissey|568/572|[from] item: Leftovers\n|upkeep\n|turn|9\n|inactive|Time left: 300 sec this turn | 300 sec total\n|\n|t:|1783536102\n|move|p2a: Glaceon|Wish|p2a: Glaceon\n|move|p1a: Blissey|Seismic Toss|p2a: Glaceon\n|-damage|p2a: Glaceon|39/100\n|\n|-heal|p1a: Blissey|572/572|[from] item: Leftovers\n|upkeep\n|turn|10\n|inactive|Time left: 300 sec this turn | 300 sec total\n|\n|t:|1783536103\n|move|p2a: Glaceon|Mud Shot|p1a: Blissey\n|-damage|p1a: Blissey|526/572\n|-unboost|p1a: Blissey|spe|1\n|move|p1a: Blissey|Seismic Toss|p2a: Glaceon\n|-damage|p2a: Glaceon|8/100\n|\n|-heal|p2a: Glaceon|58/100|[from] move: Wish|[wisher] Glaceon\n|-heal|p1a: Blissey|561/572|[from] item: Leftovers\n|upkeep\n|turn|11\n|inactive|Time left: 300 sec this turn | 300 sec total\n|\n|t:|1783536104\n|move|p2a: Glaceon|Mud Shot|p1a: Blissey\n|-damage|p1a: Blissey|517/572\n|-unboost|p1a: Blissey|spe|1\n|move|p1a: Blissey|Seismic Toss|p2a: Glaceon\n|-damage|p2a: Glaceon|27/100\n|\n|-heal|p1a: Blissey|552/572|[from] item: Leftovers\n|upkeep\n|turn|12\n|inactive|Time left: 300 sec this turn | 300 sec total\n|\n|t:|1783536105\n|move|p2a: Glaceon|Wish|p2a: Glaceon\n|move|p1a: Blissey|Seismic Toss|p2a: Glaceon\n|-damage|p2a: Glaceon|0 fnt\n|faint|p2a: Glaceon\n|\n|-heal|p1a: Blissey|572/572|[from] item: Leftovers\n|upkeep\n|\n|t:|1783536106\n|switch|p2a: Flamigo|Flamigo, L82, F|100/100\n|turn|13\n|inactive|Time left: 300 sec this turn | 300 sec total\n|\n|t:|1783536107\n|switch|p1a: Lumineon|Lumineon, L93, M|279/279\n|move|p2a: Flamigo|Brave Bird|p1a: Lumineon\n|-damage|p1a: Lumineon|81/279\n|-damage|p2a: Flamigo|76/100|[from] Recoil\n|\n|-heal|p2a: Flamigo|100/100|[from] move: Wish|[wisher] Glaceon\n|upkeep\n|turn|14\n|inactive|Time left: 300 sec this turn | 300 sec total\n|\n|t:|1783536108\n|move|p1a: Lumineon|Ice Beam|p2a: Flamigo\n|-supereffective|p2a: Flamigo\n|-damage|p2a: Flamigo|44/100\n|move|p2a: Flamigo|Brave Bird|p1a: Lumineon\n|-damage|p1a: Lumineon|0 fnt\n|faint|p1a: Lumineon\n|-damage|p2a: Flamigo|34/100|[from] Recoil\n|\n|upkeep\n|inactive|Time left: 300 sec this turn | 300 sec total | 5 sec grace\n|\n|t:|1783536109\n|switch|p1a: Toedscruel|Toedscruel, L87, M|281/281\n|turn|15\n|inactive|Time left: 300 sec this turn | 300 sec total\n|\n|t:|1783536110\n|-terastallize|p1a: Toedscruel|Water\n|move|p1a: Toedscruel|Knock Off|p2a: Flamigo\n|-resisted|p2a: Flamigo\n|-damage|p2a: Flamigo|22/100\n|-enditem|p2a: Flamigo|Choice Band|[from] move: Knock Off|[of] p1a: Toedscruel\n|move|p2a: Flamigo|Brave Bird|p1a: Toedscruel\n|-damage|p1a: Toedscruel|101/281\n|-damage|p2a: Flamigo|0 fnt|[from] Recoil\n|faint|p2a: Flamigo\n|\n|upkeep\n|\n|t:|1783536111\n|switch|p2a: Avalugg|Avalugg, L88, M|100/100\n|turn|16\n|inactive|Time left: 300 sec this turn | 300 sec total\n|\n|t:|1783536112\n|-terastallize|p2a: Avalugg|Fighting\n|move|p1a: Toedscruel|Earth Power|p2a: Avalugg\n|-damage|p2a: Avalugg|60/100\n|move|p2a: Avalugg|Body Press|p1a: Toedscruel\n|-damage|p1a: Toedscruel|0 fnt\n|faint|p1a: Toedscruel\n|\n|upkeep\n|inactive|Time left: 300 sec this turn | 300 sec total | 5 sec grace\n|\n|t:|1783536112\n|switch|p1a: Blissey|Blissey, L85, F|572/572\n|turn|17\n|inactive|Time left: 300 sec this turn | 300 sec total\n|\n|t:|1783536113\n|move|p1a: Blissey|Thunder Wave|p2a: Avalugg\n|-status|p2a: Avalugg|par\n|move|p2a: Avalugg|Body Press|p1a: Blissey\n|-supereffective|p1a: Blissey\n|-damage|p1a: Blissey|0 fnt\n|faint|p1a: Blissey\n|\n|win|p0y2436f31", "uploadtime": 1783536113, "views": 0, "rating": 0, "private": 0, "password": null, "_winner": "p0y2436f31", "_our_name": "p0x243220f"}