{"id": "battle-gen9randombattle-2856", "formatid": "gen9randombattle", "format": "[Gen 9] Random Battle", "players": ["p0x2856dab2", "p0y2856f64f"], "log": "|init|battle\n|title|p0x2856dab2 vs. p0y2856f64f\n|j|\u2606p0x2856dab2\n|j|\u2606p0y2856f64f\n|t:|1783571950\n|gametype|singles\n|player|p1|p0x2856dab2|170|\n|player|p2|p0y2856f64f|101|\n|gen|9\n|tier|[Gen 9] Random Battle\n|rule|Species Clause: Limit one of each Pok\u00e9mon\n|rule|HP Percentage Mod: HP is shown in percentages\n|rule|Sleep Clause Mod: Limit one foe put to sleep\n|rule|Illusion Level Mod: Illusion disguises the Pok\u00e9mon's true level\n|\n|t:|1783571950\n|teamsize|p1|6\n|teamsize|p2|6\n|start\n|switch|p1a: Iron Hands|Iron Hands, L79|373/373\n|switch|p2a: Gumshoos|Gumshoos, L95, M|100/100\n|turn|1\n|inactive|Battle timer is ON: inactive players will automatically lose when time's up. (requested by p0y2856f64f)\n|inactive|Time left: 300 sec this turn | 300 sec total | 60 sec grace\n|inactive|p0x2856dab2 also wants the timer to be on.\n|\n|t:|1783571952\n|move|p2a: Gumshoos|Earthquake|p1a: Iron Hands\n|-supereffective|p1a: Iron Hands\n|-damage|p1a: Iron Hands|83/373\n|move|p1a: Iron Hands|Drain Punch|p2a: Gumshoos\n|-supereffective|p2a: Gumshoos\n|-damage|p2a: Gumshoos|33/100\n|-heal|p1a: Iron Hands|191/373|[from] drain|[of] p2a: Gumshoos\n|\n|upkeep\n|turn|2\n|inactive|Time left: 300 sec this turn | 300 sec total\n|\n|t:|1783571953\n|-end|p1a: Iron Hands|Quark Drive|[silent]\n|switch|p1a: Chimecho|Chimecho, L93, M|290/290\n|move|p2a: Gumshoos|Earthquake|p1a: Chimecho\n|-immune|p1a: Chimecho|[from] ability: Levitate\n|\n|upkeep\n|turn|3\n|inactive|Time left: 300 sec this turn | 300 sec total\n|\n|t:|1783571954\n|switch|p2a: Brute Bonnet|Brute Bonnet, L80|100/100\n|move|p1a: Chimecho|Calm Mind|p1a: Chimecho\n|-boost|p1a: Chimecho|spa|1\n|-boost|p1a: Chimecho|spd|1\n|\n|upkeep\n|turn|4\n|inactive|Time left: 300 sec this turn | 300 sec total\n|\n|t:|1783571956\n|move|p1a: Chimecho|Dazzling Gleam|p2a: Brute Bonnet\n|-supereffective|p2a: Brute Bonnet\n|-damage|p2a: Brute Bonnet|41/100\n|move|p2a: Brute Bonnet|Crunch|p1a: Chimecho\n|-supereffective|p1a: Chimecho\n|-damage|p1a: Chimecho|116/290\n|\n|-heal|p1a: Chimecho|134/290|[from] item: Leftovers\n|-heal|p2a: Brute Bonnet|47/100|[from] item: Leftovers\n|upkeep\n|turn|5\n|inactive|Time left: 300 sec this turn | 300 sec total\n|\n|t:|1783571957\n|move|p2a: Brute Bonnet|Sucker Punch||[still]\n|-fail|p2a: Brute Bonnet\n|move|p1a: Chimecho|Recover|p1a: Chimecho\n|-heal|p1a: Chimecho|279/290\n|\n|-heal|p1a: Chimecho|290/290|[from] item: Leftovers\n|-heal|p2a: Brute Bonnet|53/100|[from] item: Leftovers\n|upkeep\n|turn|6\n|inactive|Time left: 300 sec this turn | 300 sec total\n|\n|t:|1783571958\n|move|p2a: Brute Bonnet|Sucker Punch|p1a: Chimecho\n|-supereffective|p1a: Chimecho\n|-damage|p1a: Chimecho|138/290\n|move|p1a: Chimecho|Dazzling Gleam|p2a: Brute Bonnet\n|-supereffective|p2a: Brute Bonnet\n|-damage|p2a: Brute Bonnet|0 fnt\n|faint|p2a: Brute Bonnet\n|-end|p2a: Brute Bonnet|Protosynthesis|[silent]\n|\n|-heal|p1a: Chimecho|156/290|[from] item: Leftovers\n|upkeep\n|\n|t:|1783571959\n|switch|p2a: Tsareena|Tsareena, L87, F|100/100\n|turn|7\n|inactive|Time left: 300 sec this turn | 300 sec total\n|\n|t:|1783571961\n|move|p2a: Tsareena|Knock Off|p1a: Chimecho\n|-supereffective|p1a: Chimecho\n|-damage|p1a: Chimecho|0 fnt\n|-enditem|p1a: Chimecho|Leftovers|[from] move: Knock Off|[of] p2a: Tsareena\n|faint|p1a: Chimecho\n|-damage|p2a: Tsareena|91/100|[from] item: Life Orb\n|\n|upkeep\n|inactive|Time left: 300 sec this turn | 300 sec total | 5 sec grace\n|\n|t:|1783571962\n|switch|p1a: Calyrex|Calyrex-Ice, L72|263/263\n|-ability|p1a: Calyrex|As One\n|-ability|p1a: Calyrex|Unnerve\n|turn|8\n|inactive|Time left: 300 sec this turn | 300 sec total\n|\n|t:|1783571963\n|move|p2a: Tsareena|Power Whip|p1a: Calyrex\n|-damage|p1a: Calyrex|114/263\n|-damage|p2a: Tsareena|81/100|[from] item: Life Orb\n|move|p1a: Calyrex|Glacial Lance|p2a: Tsareena\n|-supereffective|p2a: Tsareena\n|-damage|p2a: Tsareena|0 fnt\n|faint|p2a: Tsareena\n|-ability|p1a: Calyrex|Chilling Neigh|boost\n|-boost|p1a: Calyrex|atk|1\n|\n|upkeep\n|\n|t:|1783571964\n|switch|p2a: Gumshoos|Gumshoos, L95, M|33/100\n|turn|9\n|inactive|Time left: 300 sec this turn | 300 sec total\n|\n|t:|1783571965\n|switch|p1a: Iron Hands|Iron Hands, L79|191/373\n|move|p2a: Gumshoos|Double-Edge|p1a: Iron Hands\n|-damage|p1a: Iron Hands|0 fnt\n|faint|p1a: Iron Hands\n|-end|p1a: Iron Hands|Quark Drive|[silent]\n|-damage|p2a: Gumshoos|14/100|[from] Recoil\n|\n|upkeep\n|inactive|Time left: 300 sec this turn | 300 sec total | 5 sec grace\n|\n|t:|1783571966\n|switch|p1a: Weavile|Weavile, L79, F|240/240\n|turn|10\n|inactive|Time left: 300 sec this turn | 300 sec total\n|\n|t:|1783571967\n|switch|p2a: Quaquaval|Quaquaval, L79, F|100/100\n|move|p1a: Weavile|Knock Off|p2a: Quaquaval\n|-resisted|p2a: Quaquaval\n|-damage|p2a: Quaquaval|77/100\n|-enditem|p2a: Quaquaval|Choice Band|[from] move: Knock Off|[of] p1a: Weavile\n|\n|upkeep\n|turn|11\n|inactive|Time left: 300 sec this turn | 300 sec total\n|\n|t:|1783571968\n|switch|p1a: Dedenne|Dedenne, L88, F|261/261\n|move|p2a: Quaquaval|Aqua Step|p1a: Dedenne\n|-damage|p1a: Dedenne|135/261\n|-boost|p2a: Quaquaval|spe|1\n|\n|upkeep\n|turn|12\n|inactive|Time left: 300 sec this turn | 300 sec total\n|\n|t:|1783571969\n|switch|p1a: Arcanine|Arcanine, L84, M|288/288\n|-ability|p1a: Arcanine|Intimidate|boost\n|-unboost|p2a: Quaquaval|atk|1\n|-terastallize|p2a: Quaquaval|Fighting\n|move|p2a: Quaquaval|Aqua Step|p1a: Arcanine\n|-supereffective|p1a: Arcanine\n|-crit|p1a: Arcanine\n|-damage|p1a: Arcanine|0 fnt\n|-boost|p2a: Quaquaval|spe|1\n|faint|p1a: Arcanine\n|-ability|p2a: Quaquaval|Moxie|boost\n|-boost|p2a: Quaquaval|atk|1\n|\n|upkeep\n|inactive|Time left: 300 sec this turn | 300 sec total | 5 sec grace\n|\n|t:|1783571969\n|switch|p1a: Dedenne|Dedenne, L88, F|135/261\n|turn|13\n|inactive|Time left: 300 sec this turn | 300 sec total\n|\n|t:|1783571970\n|move|p2a: Quaquaval|Aqua Step|p1a: Dedenne\n|-damage|p1a: Dedenne|21/261\n|-boost|p2a: Quaquaval|spe|1\n|-enditem|p1a: Dedenne|Sitrus Berry|[eat]\n|-heal|p1a: Dedenne|86/261|[from] item: Sitrus Berry\n|-heal|p1a: Dedenne|173/261|[from] ability: Cheek Pouch\n|move|p1a: Dedenne|Nuzzle|p2a: Quaquaval\n|-damage|p2a: Quaquaval|69/100\n|-status|p2a: Quaquaval|par\n|\n|upkeep\n|turn|14\n|inactive|Time left: 300 sec this turn | 300 sec total\n|\n|t:|1783571971\n|switch|p2a: Probopass|Probopass, L91, M|100/100\n|move|p1a: Dedenne|Dazzling Gleam|p2a: Probopass\n|-resisted|p2a: Probopass\n|-damage|p2a: Probopass|91/100\n|\n|-heal|p2a: Probopass|97/100|[from] item: Leftovers\n|upkeep\n|turn|15\n|inactive|Time left: 300 sec this turn | 300 sec total\n|\n|t:|1783571972\n|move|p1a: Dedenne|Nuzzle|p2a: Probopass\n|-damage|p2a: Probopass|93/100\n|-status|p2a: Probopass|par\n|cant|p2a: Probopass|par\n|\n|-heal|p2a: Probopass|99/100 par|[from] item: Leftovers\n|upkeep\n|turn|16\n|inactive|Time left: 300 sec this turn | 300 sec total\n|\n|t:|1783571973\n|move|p1a: Dedenne|Thunderbolt|p2a: Probopass\n|-damage|p2a: Probopass|76/100 par\n|move|p2a: Probopass|Flash Cannon|p1a: Dedenne\n|-damage|p1a: Dedenne|83/261\n|\n|-heal|p2a: Probopass|83/100 par|[from] item: Leftovers\n|upkeep\n|turn|17\n|inactive|Time left: 300 sec this turn | 300 sec total\n|\n|t:|1783571974\n|move|p1a: Dedenne|Thunderbolt|p2a: Probopass\n|-damage|p2a: Probopass|61/100 par\n|cant|p2a: Probopass|par\n|\n|-heal|p2a: Probopass|67/100 par|[from] item: Leftovers\n|upkeep\n|turn|18\n|inactive|Time left: 300 sec this turn | 300 sec total\n|\n|t:|1783571975\n|move|p1a: Dedenne|Thunderbolt|p2a: Probopass\n|-damage|p2a: Probopass|45/100 par\n|cant|p2a: Probopass|par\n|\n|-heal|p2a: Probopass|51/100 par|[from] item: Leftovers\n|upkeep\n|turn|19\n|inactive|Time left: 300 sec this turn | 300 sec total\n|\n|t:|1783571976\n|move|p1a: Dedenne|Thunderbolt|p2a: Probopass\n|-damage|p2a: Probopass|30/100 par\n|move|p2a: Probopass|Power Gem|p1a: Dedenne\n|-damage|p1a: Dedenne|0 fnt\n|faint|p1a: Dedenne\n|\n|-heal|p2a: Probopass|36/100 par|[from] item: Leftovers\n|upkeep\n|inactive|Time left: 300 sec this turn | 300 sec total | 5 sec grace\n|\n|t:|1783571977\n|switch|p1a: Calyrex|Calyrex-Ice, L72|114/263\n|-ability|p1a: Calyrex|As One\n|-ability|p1a: Calyrex|Unnerve\n|turn|20\n|inactive|Time left: 300 sec this turn | 300 sec total\n|\n|t:|1783571978\n|move|p1a: Calyrex|High Horsepower|p2a: Probopass\n|-supereffective|p2a: Probopass\n|-damage|p2a: Probopass|0 fnt\n|faint|p2a: Probopass\n|-ability|p1a: Calyrex|Chilling Neigh|boost\n|-boost|p1a: Calyrex|atk|1\n|\n|upkeep\n|\n|t:|1783571979\n|switch|p2a: Gumshoos|Gumshoos, L95, M|14/100\n|turn|21\n|inactive|Time left: 300 sec this turn | 300 sec total\n|\n|t:|1783571980\n|move|p2a: Gumshoos|Double-Edge|p1a: Calyrex\n|-damage|p1a: Calyrex|0 fnt\n|faint|p1a: Calyrex\n|-damage|p2a: Gumshoos|2/100|[from] Recoil\n|\n|upkeep\n|inactive|Time left: 300 sec this turn | 300 sec total | 5 sec grace\n|\n|t:|1783571981\n|switch|p1a: Weavile|Weavile, L79, F|240/240\n|turn|22\n|inactive|Time left: 300 sec this turn | 300 sec total\n|\n|t:|1783571982\n|-terastallize|p1a: Weavile|Ice\n|move|p1a: Weavile|Triple Axel|p2a: Gumshoos\n|-damage|p2a: Gumshoos|0 fnt\n|faint|p2a: Gumshoos\n|-hitcount|p2: Gumshoos|1\n|\n|upkeep\n|\n|t:|1783571982\n|switch|p2a: Scizor|Scizor, L79, F|100/100\n|turn|23\n|inactive|Time left: 300 sec this turn | 300 sec total\n|\n|t:|1783571983\n|move|p1a: Weavile|Knock Off|p2a: Scizor\n|-damage|p2a: Scizor|57/100\n|-enditem|p2a: Scizor|Leftovers|[from] move: Knock Off|[of] p1a: Weavile\n|move|p2a: Scizor|Close Combat|p1a: Weavile\n|-supereffective|p1a: Weavile\n|-damage|p1a: Weavile|0 fnt\n|-unboost|p2a: Scizor|def|1\n|-unboost|p2a: Scizor|spd|1\n|faint|p1a: Weavile\n|\n|win|p0y2856f64f", "uploadtime": 1783571983, "views": 0, "rating": 0, "private": 0, "password": null, "_winner": "p0y2856f64f", "_our_name": "p0x2856dab2"}