{"id": "battle-gen9randombattle-422", "formatid": "gen9randombattle", "format": "[Gen 9] Random Battle", "players": ["p0x4222471", "p0y422d7c3"], "log": "|init|battle\n|title|p0x4222471 vs. p0y422d7c3\n|j|\u2606p0x4222471\n|j|\u2606p0y422d7c3\n|t:|1783543957\n|gametype|singles\n|player|p1|p0x4222471|1|\n|player|p2|p0y422d7c3|169|\n|gen|9\n|tier|[Gen 9] Random Battle\n|rule|Species Clause: Limit one of each Pok\u00e9mon\n|rule|HP Percentage Mod: HP is shown in percentages\n|rule|Sleep Clause Mod: Limit one foe put to sleep\n|rule|Illusion Level Mod: Illusion disguises the Pok\u00e9mon's true level\n|\n|t:|1783543957\n|teamsize|p1|6\n|teamsize|p2|6\n|start\n|switch|p1a: Articuno|Articuno, L86|295/295\n|switch|p2a: Brute Bonnet|Brute Bonnet, L80|100/100\n|-ability|p1a: Articuno|Pressure\n|turn|1\n|inactive|Battle timer is ON: inactive players will automatically lose when time's up. (requested by p0y422d7c3)\n|inactive|Time left: 300 sec this turn | 300 sec total | 60 sec grace\n|inactive|p0x4222471 also wants the timer to be on.\n|\n|t:|1783543959\n|move|p1a: Articuno|Freeze-Dry|p2a: Brute Bonnet\n|-supereffective|p2a: Brute Bonnet\n|-damage|p2a: Brute Bonnet|51/100\n|move|p2a: Brute Bonnet|Crunch|p1a: Articuno\n|-damage|p1a: Articuno|214/295\n|\n|-heal|p2a: Brute Bonnet|57/100|[from] item: Leftovers\n|upkeep\n|turn|2\n|inactive|Time left: 300 sec this turn | 300 sec total\n|\n|t:|1783543959\n|-end|p2a: Brute Bonnet|Protosynthesis|[silent]\n|switch|p2a: Metagross|Metagross, L79|100/100\n|move|p1a: Articuno|Brave Bird|p2a: Metagross\n|-resisted|p2a: Metagross\n|-damage|p2a: Metagross|83/100\n|-damage|p1a: Articuno|199/295|[from] Recoil\n|\n|upkeep\n|turn|3\n|inactive|Time left: 300 sec this turn | 300 sec total\n|\n|t:|1783543960\n|switch|p1a: Golurk|Golurk, L87|297/297\n|move|p2a: Metagross|Heavy Slam|p1a: Golurk\n|-damage|p1a: Golurk|248/297\n|\n|upkeep\n|turn|4\n|inactive|Time left: 300 sec this turn | 300 sec total\n|\n|t:|1783543961\n|move|p2a: Metagross|Knock Off|p1a: Golurk\n|-supereffective|p1a: Golurk\n|-crit|p1a: Golurk\n|-damage|p1a: Golurk|0 fnt\n|-enditem|p1a: Golurk|Life Orb|[from] move: Knock Off|[of] p2a: Metagross\n|faint|p1a: Golurk\n|\n|upkeep\n|inactive|Time left: 300 sec this turn | 300 sec total | 5 sec grace\n|\n|t:|1783543962\n|switch|p1a: Pelipper|Pelipper, L86, M|243/243\n|-weather|RainDance|[from] ability: Drizzle|[of] p1a: Pelipper\n|turn|5\n|inactive|Time left: 300 sec this turn | 300 sec total\n|\n|t:|1783543963\n|switch|p2a: Snorlax|Snorlax, L82, F|100/100\n|move|p1a: Pelipper|Hydro Pump|p2a: Snorlax\n|-damage|p2a: Snorlax|60/100\n|\n|-weather|RainDance|[upkeep]\n|-heal|p2a: Snorlax|66/100|[from] item: Leftovers\n|upkeep\n|turn|6\n|inactive|Time left: 300 sec this turn | 300 sec total\n|\n|t:|1783543964\n|move|p1a: Pelipper|Hydro Pump|p2a: Snorlax|[miss]\n|-miss|p1a: Pelipper|p2a: Snorlax\n|move|p2a: Snorlax|Body Slam|p1a: Pelipper\n|-damage|p1a: Pelipper|158/243\n|\n|-weather|RainDance|[upkeep]\n|-heal|p2a: Snorlax|72/100|[from] item: Leftovers\n|upkeep\n|turn|7\n|inactive|Time left: 300 sec this turn | 300 sec total\n|\n|t:|1783543964\n|move|p1a: Pelipper|Hydro Pump|p2a: Snorlax|[miss]\n|-miss|p1a: Pelipper|p2a: Snorlax\n|move|p2a: Snorlax|Body Slam|p1a: Pelipper\n|-damage|p1a: Pelipper|70/243\n|\n|-weather|RainDance|[upkeep]\n|-heal|p2a: Snorlax|78/100|[from] item: Leftovers\n|upkeep\n|turn|8\n|inactive|Time left: 300 sec this turn | 300 sec total\n|\n|t:|1783543965\n|move|p1a: Pelipper|Roost|p1a: Pelipper\n|-heal|p1a: Pelipper|192/243\n|-singleturn|p1a: Pelipper|move: Roost\n|move|p2a: Snorlax|Body Slam|p1a: Pelipper\n|-damage|p1a: Pelipper|111/243\n|\n|-weather|RainDance|[upkeep]\n|-heal|p2a: Snorlax|84/100|[from] item: Leftovers\n|upkeep\n|turn|9\n|inactive|Time left: 300 sec this turn | 300 sec total\n|\n|t:|1783543966\n|move|p1a: Pelipper|Roost|p1a: Pelipper\n|-heal|p1a: Pelipper|233/243\n|-singleturn|p1a: Pelipper|move: Roost\n|move|p2a: Snorlax|Body Slam|p1a: Pelipper\n|-damage|p1a: Pelipper|154/243\n|-status|p1a: Pelipper|par\n|\n|-weather|none\n|-heal|p2a: Snorlax|90/100|[from] item: Leftovers\n|upkeep\n|turn|10\n|inactive|Time left: 300 sec this turn | 300 sec total\n|\n|t:|1783543967\n|move|p2a: Snorlax|Body Slam|p1a: Pelipper\n|-damage|p1a: Pelipper|63/243 par\n|move|p1a: Pelipper|Roost|p1a: Pelipper\n|-heal|p1a: Pelipper|185/243 par\n|-singleturn|p1a: Pelipper|move: Roost\n|\n|-heal|p2a: Snorlax|96/100|[from] item: Leftovers\n|upkeep\n|turn|11\n|inactive|Time left: 300 sec this turn | 300 sec total\n|\n|t:|1783543968\n|move|p2a: Snorlax|Body Slam|p1a: Pelipper\n|-damage|p1a: Pelipper|106/243 par\n|move|p1a: Pelipper|Hurricane|p2a: Snorlax\n|-damage|p2a: Snorlax|71/100\n|-start|p2a: Snorlax|confusion\n|\n|-heal|p2a: Snorlax|77/100|[from] item: Leftovers\n|upkeep\n|turn|12\n|inactive|Time left: 300 sec this turn | 300 sec total\n|\n|t:|1783543970\n|switch|p2a: Zamazenta|Zamazenta, L71|100/100\n|-ability|p2a: Zamazenta|Dauntless Shield|boost\n|-boost|p2a: Zamazenta|def|1\n|move|p1a: Pelipper|Roost|p1a: Pelipper\n|-heal|p1a: Pelipper|228/243 par\n|-singleturn|p1a: Pelipper|move: Roost\n|\n|upkeep\n|turn|13\n|inactive|Time left: 300 sec this turn | 300 sec total\n|\n|t:|1783543970\n|move|p2a: Zamazenta|Stone Edge|p1a: Pelipper\n|-supereffective|p1a: Pelipper\n|-damage|p1a: Pelipper|64/243 par\n|move|p1a: Pelipper|Hurricane|p2a: Zamazenta\n|-supereffective|p2a: Zamazenta\n|-damage|p2a: Zamazenta|6/100\n|-start|p2a: Zamazenta|confusion\n|\n|upkeep\n|turn|14\n|inactive|Time left: 300 sec this turn | 300 sec total\n|\n|t:|1783543972\n|-activate|p2a: Zamazenta|confusion\n|move|p2a: Zamazenta|Stone Edge|p1a: Pelipper|[miss]\n|-miss|p2a: Zamazenta|p1a: Pelipper\n|move|p1a: Pelipper|Roost|p1a: Pelipper\n|-heal|p1a: Pelipper|186/243 par\n|-singleturn|p1a: Pelipper|move: Roost\n|\n|upkeep\n|turn|15\n|inactive|Time left: 300 sec this turn | 300 sec total\n|\n|t:|1783543973\n|-activate|p2a: Zamazenta|confusion\n|move|p2a: Zamazenta|Stone Edge|p1a: Pelipper\n|-supereffective|p1a: Pelipper\n|-damage|p1a: Pelipper|32/243 par\n|move|p1a: Pelipper|Hurricane|p2a: Zamazenta\n|-supereffective|p2a: Zamazenta\n|-damage|p2a: Zamazenta|0 fnt\n|faint|p2a: Zamazenta\n|\n|upkeep\n|\n|t:|1783543974\n|switch|p2a: Metagross|Metagross, L79|83/100\n|turn|16\n|inactive|Time left: 300 sec this turn | 300 sec total\n|\n|t:|1783543975\n|move|p2a: Metagross|Heavy Slam|p1a: Pelipper\n|-resisted|p1a: Pelipper\n|-damage|p1a: Pelipper|0 fnt\n|faint|p1a: Pelipper\n|\n|upkeep\n|inactive|Time left: 300 sec this turn | 300 sec total | 5 sec grace\n|\n|t:|1783543976\n|switch|p1a: Skuntank|Skuntank, L84, F|310/310\n|turn|17\n|inactive|Time left: 300 sec this turn | 300 sec total\n|\n|t:|1783543977\n|-terastallize|p2a: Metagross|Ground\n|move|p1a: Skuntank|Knock Off|p2a: Metagross\n|-damage|p2a: Metagross|46/100\n|-enditem|p2a: Metagross|Weakness Policy|[from] move: Knock Off|[of] p1a: Skuntank\n|-damage|p1a: Skuntank|279/310|[from] item: Life Orb\n|move|p2a: Metagross|Earthquake|p1a: Skuntank\n|-supereffective|p1a: Skuntank\n|-damage|p1a: Skuntank|0 fnt\n|faint|p1a: Skuntank\n|\n|upkeep\n|inactive|Time left: 300 sec this turn | 300 sec total | 5 sec grace\n|\n|t:|1783543978\n|switch|p1a: Articuno|Articuno, L86|199/295\n|-ability|p1a: Articuno|Pressure\n|turn|18\n|inactive|Time left: 300 sec this turn | 300 sec total\n|\n|t:|1783543979\n|switch|p2a: Snorlax|Snorlax, L82, F|77/100\n|move|p1a: Articuno|Freeze-Dry|p2a: Snorlax\n|-damage|p2a: Snorlax|69/100\n|\n|-heal|p2a: Snorlax|75/100|[from] item: Leftovers\n|upkeep\n|turn|19\n|inactive|Time left: 300 sec this turn | 300 sec total\n|\n|t:|1783543981\n|move|p1a: Articuno|Freeze-Dry|p2a: Snorlax\n|-damage|p2a: Snorlax|66/100\n|move|p2a: Snorlax|Body Slam|p1a: Articuno\n|-damage|p1a: Articuno|114/295\n|\n|-heal|p2a: Snorlax|72/100|[from] item: Leftovers\n|upkeep\n|turn|20\n|inactive|Time left: 300 sec this turn | 300 sec total\n|\n|t:|1783543982\n|move|p1a: Articuno|Roost|p1a: Articuno\n|-heal|p1a: Articuno|262/295\n|-singleturn|p1a: Articuno|move: Roost\n|move|p2a: Snorlax|Body Slam|p1a: Articuno\n|-damage|p1a: Articuno|174/295\n|-status|p1a: Articuno|par\n|\n|-heal|p2a: Snorlax|78/100|[from] item: Leftovers\n|upkeep\n|turn|21\n|inactive|Time left: 300 sec this turn | 300 sec total\n|\n|t:|1783543983\n|move|p1a: Articuno|Brave Bird|p2a: Snorlax\n|-damage|p2a: Snorlax|39/100\n|-damage|p1a: Articuno|123/295 par|[from] Recoil\n|move|p2a: Snorlax|Body Slam|p1a: Articuno\n|-damage|p1a: Articuno|35/295 par\n|\n|-heal|p2a: Snorlax|45/100|[from] item: Leftovers\n|upkeep\n|turn|22\n|inactive|Time left: 300 sec this turn | 300 sec total\n|\n|t:|1783543984\n|move|p1a: Articuno|Roost|p1a: Articuno\n|-heal|p1a: Articuno|183/295 par\n|-singleturn|p1a: Articuno|move: Roost\n|move|p2a: Snorlax|Body Slam|p1a: Articuno\n|-damage|p1a: Articuno|98/295 par\n|\n|-heal|p2a: Snorlax|51/100|[from] item: Leftovers\n|upkeep\n|turn|23\n|inactive|Time left: 300 sec this turn | 300 sec total\n|\n|t:|1783543985\n|move|p1a: Articuno|Roost|p1a: Articuno\n|-heal|p1a: Articuno|246/295 par\n|-singleturn|p1a: Articuno|move: Roost\n|move|p2a: Snorlax|Curse|p2a: Snorlax\n|-unboost|p2a: Snorlax|spe|1\n|-boost|p2a: Snorlax|atk|1\n|-boost|p2a: Snorlax|def|1\n|\n|-heal|p2a: Snorlax|57/100|[from] item: Leftovers\n|upkeep\n|turn|24\n|inactive|Time left: 300 sec this turn | 300 sec total\n|\n|t:|1783543986\n|move|p1a: Articuno|Freeze-Dry|p2a: Snorlax\n|-crit|p2a: Snorlax\n|-damage|p2a: Snorlax|45/100\n|-status|p2a: Snorlax|frz\n|cant|p2a: Snorlax|frz\n|\n|-heal|p2a: Snorlax|51/100 frz|[from] item: Leftovers\n|upkeep\n|turn|25\n|inactive|Time left: 300 sec this turn | 300 sec total\n|\n|t:|1783543987\n|move|p1a: Articuno|Brave Bird|p2a: Snorlax\n|-crit|p2a: Snorlax\n|-damage|p2a: Snorlax|0 fnt\n|faint|p2a: Snorlax\n|-damage|p1a: Articuno|180/295 par|[from] Recoil\n|\n|upkeep\n|\n|t:|1783543988\n|switch|p2a: Metagross|Metagross, L79, tera:Ground|46/100\n|turn|26\n|inactive|Time left: 300 sec this turn | 300 sec total\n|\n|t:|1783543990\n|move|p2a: Metagross|Heavy Slam|p1a: Articuno\n|-supereffective|p1a: Articuno\n|-damage|p1a: Articuno|0 fnt\n|faint|p1a: Articuno\n|\n|upkeep\n|inactive|Time left: 300 sec this turn | 300 sec total | 5 sec grace\n|\n|t:|1783543991\n|switch|p1a: Raichu|Raichu-Alola, L87, F|246/246\n|turn|27\n|inactive|Time left: 300 sec this turn | 300 sec total\n|\n|t:|1783543992\n|switch|p2a: Brute Bonnet|Brute Bonnet, L80|57/100\n|move|p1a: Raichu|Grass Knot|p2a: Brute Bonnet\n|-resisted|p2a: Brute Bonnet\n|-damage|p2a: Brute Bonnet|50/100\n|\n|-heal|p2a: Brute Bonnet|56/100|[from] item: Leftovers\n|upkeep\n|turn|28\n|inactive|Time left: 300 sec this turn | 300 sec total\n|\n|t:|1783543993\n|switch|p1a: Sableye|Sableye, L88, F|231/231\n|move|p2a: Brute Bonnet|Spore|p1a: Sableye\n|-status|p1a: Sableye|slp|[from] move: Spore\n|\n|-heal|p2a: Brute Bonnet|62/100|[from] item: Leftovers\n|upkeep\n|turn|29\n|inactive|Time left: 300 sec this turn | 300 sec total\n|\n|t:|1783543994\n|cant|p1a: Sableye|slp\n|move|p2a: Brute Bonnet|Crunch|p1a: Sableye\n|-crit|p1a: Sableye\n|-damage|p1a: Sableye|66/231 slp\n|\n|-heal|p1a: Sableye|80/231 slp|[from] item: Leftovers\n|-heal|p2a: Brute Bonnet|68/100|[from] item: Leftovers\n|upkeep\n|turn|30\n|inactive|Time left: 300 sec this turn | 300 sec total\n|\n|t:|1783543995\n|cant|p1a: Sableye|slp\n|move|p2a: Brute Bonnet|Crunch|p1a: Sableye\n|-damage|p1a: Sableye|0 fnt\n|faint|p1a: Sableye\n|\n|-heal|p2a: Brute Bonnet|75/100|[from] item: Leftovers\n|upkeep\n|inactive|Time left: 300 sec this turn | 300 sec total | 5 sec grace\n|\n|t:|1783543996\n|switch|p1a: Raichu|Raichu-Alola, L87, F|246/246\n|turn|31\n|inactive|Time left: 300 sec this turn | 300 sec total\n|\n|t:|1783543997\n|-terastallize|p1a: Raichu|Grass\n|move|p2a: Brute Bonnet|Sucker Punch|p1a: Raichu\n|-damage|p1a: Raichu|119/246\n|move|p1a: Raichu|Alluring Voice|p2a: Brute Bonnet\n|-supereffective|p2a: Brute Bonnet\n|-damage|p2a: Brute Bonnet|22/100\n|\n|-heal|p2a: Brute Bonnet|28/100|[from] item: Leftovers\n|upkeep\n|turn|32\n|inactive|Time left: 300 sec this turn | 300 sec total\n|\n|t:|1783543998\n|move|p2a: Brute Bonnet|Sucker Punch|p1a: Raichu\n|-damage|p1a: Raichu|4/246\n|move|p1a: Raichu|Alluring Voice|p2a: Brute Bonnet\n|-supereffective|p2a: Brute Bonnet\n|-damage|p2a: Brute Bonnet|0 fnt\n|faint|p2a: Brute Bonnet\n|-end|p2a: Brute Bonnet|Protosynthesis|[silent]\n|\n|upkeep\n|\n|t:|1783543999\n|switch|p2a: Metagross|Metagross, L79, tera:Ground|46/100\n|turn|33\n|inactive|Time left: 300 sec this turn | 300 sec total\n|\n|t:|1783544000\n|move|p1a: Raichu|Alluring Voice|p2a: Metagross\n|-damage|p2a: Metagross|11/100\n|move|p2a: Metagross|Earthquake|p1a: Raichu\n|-resisted|p1a: Raichu\n|-damage|p1a: Raichu|0 fnt\n|faint|p1a: Raichu\n|\n|win|p0y422d7c3", "uploadtime": 1783544000, "views": 0, "rating": 0, "private": 0, "password": null, "_winner": "p0y422d7c3", "_our_name": "p0x4222471"}