{"id": "battle-gen9randombattle-2235", "formatid": "gen9randombattle", "format": "[Gen 9] Random Battle", "players": ["p0x22352575", "p0y22353af1"], "log": "|init|battle\n|title|p0x22352575 vs. p0y22353af1\n|j|\u2606p0x22352575\n|j|\u2606p0y22353af1\n|t:|1783564978\n|gametype|singles\n|player|p1|p0x22352575|102|\n|player|p2|p0y22353af1|1|\n|gen|9\n|tier|[Gen 9] Random Battle\n|rule|Species Clause: Limit one of each Pok\u00e9mon\n|rule|HP Percentage Mod: HP is shown in percentages\n|rule|Sleep Clause Mod: Limit one foe put to sleep\n|rule|Illusion Level Mod: Illusion disguises the Pok\u00e9mon's true level\n|\n|t:|1783564978\n|teamsize|p1|6\n|teamsize|p2|6\n|start\n|switch|p1a: Espathra|Espathra, L80, F|100/100\n|switch|p2a: Roaring Moon|Roaring Moon, L72|270/270\n|turn|1\n|inactive|Battle timer is ON: inactive players will automatically lose when time's up. (requested by p0x22352575)\n|inactive|Time left: 300 sec this turn | 300 sec total | 60 sec grace\n|\n|t:|1783564980\n|move|p1a: Espathra|Dazzling Gleam|p2a: Roaring Moon\n|-supereffective|p2a: Roaring Moon\n|-damage|p2a: Roaring Moon|0 fnt\n|faint|p2a: Roaring Moon\n|-end|p2a: Roaring Moon|Protosynthesis|[silent]\n|\n|-ability|p1a: Espathra|Speed Boost|boost\n|-boost|p1a: Espathra|spe|1\n|upkeep\n|inactive|Time left: 300 sec this turn | 300 sec total | 65 sec grace\n|inactive|p0y22353af1 also wants the timer to be on.\n|\n|t:|1783564981\n|switch|p2a: Kleavor|Kleavor, L78, F|237/237\n|turn|2\n|inactive|Time left: 300 sec this turn | 300 sec total\n|\n|t:|1783564982\n|move|p1a: Espathra|Dazzling Gleam|p2a: Kleavor\n|-damage|p2a: Kleavor|125/237\n|move|p2a: Kleavor|Stone Axe|p1a: Espathra\n|-damage|p1a: Espathra|48/100\n|-sidestart|p1: p0x22352575|move: Stealth Rock\n|\n|-ability|p1a: Espathra|Speed Boost|boost\n|-boost|p1a: Espathra|spe|1\n|upkeep\n|turn|3\n|inactive|Time left: 300 sec this turn | 300 sec total\n|\n|t:|1783564983\n|move|p1a: Espathra|Dazzling Gleam|p2a: Kleavor\n|-damage|p2a: Kleavor|17/237\n|move|p2a: Kleavor|Stone Axe|p1a: Espathra\n|-damage|p1a: Espathra|0 fnt\n|faint|p1a: Espathra\n|\n|upkeep\n|\n|t:|1783564983\n|switch|p1a: Morpeko|Morpeko, L88, F|100/100\n|-damage|p1a: Morpeko|88/100|[from] Stealth Rock\n|turn|4\n|inactive|Time left: 300 sec this turn | 300 sec total\n|\n|t:|1783564985\n|move|p2a: Kleavor|Stone Axe|p1a: Morpeko\n|-damage|p1a: Morpeko|23/100\n|move|p1a: Morpeko|Aura Wheel|p2a: Kleavor\n|-damage|p2a: Kleavor|0 fnt\n|-boost|p1a: Morpeko|spe|1\n|faint|p2a: Kleavor\n|\n|-heal|p1a: Morpeko|29/100|[from] item: Leftovers\n|-formechange|p1a: Morpeko|Morpeko-Hangry||[from] ability: Hunger Switch\n|upkeep\n|inactive|Time left: 300 sec this turn | 300 sec total | 5 sec grace\n|\n|t:|1783564985\n|switch|p2a: Bastiodon|Bastiodon, L89, M|252/252\n|turn|5\n|inactive|Time left: 300 sec this turn | 300 sec total\n|\n|t:|1783564987\n|move|p1a: Morpeko|Knock Off|p2a: Bastiodon\n|-damage|p2a: Bastiodon|186/252\n|-enditem|p2a: Bastiodon|Chesto Berry|[from] move: Knock Off|[of] p1a: Morpeko\n|move|p2a: Bastiodon|Body Press|p1a: Morpeko\n|-supereffective|p1a: Morpeko\n|-damage|p1a: Morpeko|0 fnt\n|faint|p1a: Morpeko\n|\n|upkeep\n|\n|t:|1783564988\n|switch|p1a: Skeledirge|Skeledirge, L79, F|100/100\n|turn|6\n|inactive|Time left: 300 sec this turn | 300 sec total\n|\n|t:|1783564989\n|move|p1a: Skeledirge|Flame Charge|p2a: Bastiodon\n|-crit|p2a: Bastiodon\n|-damage|p2a: Bastiodon|152/252\n|-boost|p1a: Skeledirge|spe|1\n|move|p2a: Bastiodon|Iron Defense|p2a: Bastiodon\n|-boost|p2a: Bastiodon|def|2\n|\n|upkeep\n|turn|7\n|inactive|Time left: 300 sec this turn | 300 sec total\n|\n|t:|1783564990\n|move|p1a: Skeledirge|Flame Charge|p2a: Bastiodon\n|-damage|p2a: Bastiodon|128/252\n|-boost|p1a: Skeledirge|spe|1\n|move|p2a: Bastiodon|Foul Play|p1a: Skeledirge\n|-supereffective|p1a: Skeledirge\n|-damage|p1a: Skeledirge|67/100\n|\n|upkeep\n|turn|8\n|inactive|Time left: 300 sec this turn | 300 sec total\n|\n|t:|1783564991\n|move|p1a: Skeledirge|Slack Off|p1a: Skeledirge\n|-heal|p1a: Skeledirge|100/100\n|move|p2a: Bastiodon|Foul Play|p1a: Skeledirge\n|-supereffective|p1a: Skeledirge\n|-damage|p1a: Skeledirge|62/100\n|\n|upkeep\n|turn|9\n|inactive|Time left: 300 sec this turn | 300 sec total\n|\n|t:|1783564992\n|move|p1a: Skeledirge|Slack Off|p1a: Skeledirge\n|-heal|p1a: Skeledirge|100/100\n|move|p2a: Bastiodon|Foul Play|p1a: Skeledirge\n|-supereffective|p1a: Skeledirge\n|-damage|p1a: Skeledirge|67/100\n|\n|upkeep\n|turn|10\n|inactive|Time left: 300 sec this turn | 300 sec total\n|\n|t:|1783564993\n|move|p1a: Skeledirge|Slack Off|p1a: Skeledirge\n|-heal|p1a: Skeledirge|100/100\n|move|p2a: Bastiodon|Foul Play|p1a: Skeledirge\n|-supereffective|p1a: Skeledirge\n|-damage|p1a: Skeledirge|66/100\n|\n|upkeep\n|turn|11\n|inactive|Time left: 300 sec this turn | 300 sec total\n|\n|t:|1783564994\n|move|p1a: Skeledirge|Slack Off|p1a: Skeledirge\n|-heal|p1a: Skeledirge|100/100\n|move|p2a: Bastiodon|Foul Play|p1a: Skeledirge\n|-supereffective|p1a: Skeledirge\n|-damage|p1a: Skeledirge|64/100\n|\n|upkeep\n|turn|12\n|inactive|Time left: 300 sec this turn | 300 sec total\n|\n|t:|1783564995\n|move|p1a: Skeledirge|Slack Off|p1a: Skeledirge\n|-heal|p1a: Skeledirge|100/100\n|move|p2a: Bastiodon|Foul Play|p1a: Skeledirge\n|-supereffective|p1a: Skeledirge\n|-damage|p1a: Skeledirge|61/100\n|\n|upkeep\n|turn|13\n|inactive|Time left: 300 sec this turn | 300 sec total\n|\n|t:|1783564996\n|move|p1a: Skeledirge|Slack Off|p1a: Skeledirge\n|-heal|p1a: Skeledirge|100/100\n|move|p2a: Bastiodon|Foul Play|p1a: Skeledirge\n|-supereffective|p1a: Skeledirge\n|-damage|p1a: Skeledirge|64/100\n|\n|upkeep\n|turn|14\n|inactive|Time left: 300 sec this turn | 300 sec total\n|\n|t:|1783564997\n|move|p1a: Skeledirge|Slack Off|p1a: Skeledirge\n|-heal|p1a: Skeledirge|100/100\n|move|p2a: Bastiodon|Foul Play|p1a: Skeledirge\n|-supereffective|p1a: Skeledirge\n|-damage|p1a: Skeledirge|61/100\n|\n|upkeep\n|turn|15\n|inactive|Time left: 300 sec this turn | 300 sec total\n|\n|t:|1783564998\n|move|p1a: Skeledirge|Slack Off|p1a: Skeledirge\n|-heal|p1a: Skeledirge|100/100\n|move|p2a: Bastiodon|Foul Play|p1a: Skeledirge\n|-supereffective|p1a: Skeledirge\n|-damage|p1a: Skeledirge|62/100\n|\n|upkeep\n|turn|16\n|inactive|Time left: 300 sec this turn | 300 sec total\n|\n|t:|1783564999\n|move|p1a: Skeledirge|Shadow Ball|p2a: Bastiodon\n|-damage|p2a: Bastiodon|74/252\n|move|p2a: Bastiodon|Foul Play|p1a: Skeledirge\n|-supereffective|p1a: Skeledirge\n|-damage|p1a: Skeledirge|24/100\n|\n|upkeep\n|turn|17\n|inactive|Time left: 300 sec this turn | 300 sec total\n|\n|t:|1783565000\n|move|p1a: Skeledirge|Shadow Ball|p2a: Bastiodon\n|-damage|p2a: Bastiodon|13/252\n|-unboost|p2a: Bastiodon|spd|1\n|move|p2a: Bastiodon|Foul Play|p1a: Skeledirge\n|-supereffective|p1a: Skeledirge\n|-damage|p1a: Skeledirge|0 fnt\n|faint|p1a: Skeledirge\n|\n|upkeep\n|\n|t:|1783565001\n|switch|p1a: Kilowattrel|Kilowattrel, L83, F|100/100\n|turn|18\n|inactive|Time left: 300 sec this turn | 300 sec total\n|\n|t:|1783565002\n|move|p1a: Kilowattrel|Discharge|p2a: Bastiodon\n|-damage|p2a: Bastiodon|0 fnt\n|faint|p2a: Bastiodon\n|\n|upkeep\n|inactive|Time left: 300 sec this turn | 300 sec total | 5 sec grace\n|\n|t:|1783565003\n|switch|p2a: Latios|Latios, L78, M|253/253\n|turn|19\n|inactive|Time left: 300 sec this turn | 300 sec total\n|\n|t:|1783565004\n|move|p1a: Kilowattrel|U-turn|p2a: Latios\n|-supereffective|p2a: Latios\n|-damage|p2a: Latios|167/253\n|\n|t:|1783565005\n|switch|p1a: Froslass|Froslass, L87, F|100/100|[from] U-turn\n|-damage|p1a: Froslass|76/100|[from] Stealth Rock\n|move|p2a: Latios|Calm Mind|p2a: Latios\n|-boost|p2a: Latios|spa|1\n|-boost|p2a: Latios|spd|1\n|\n|upkeep\n|turn|20\n|inactive|Time left: 300 sec this turn | 300 sec total\n|\n|t:|1783565006\n|-terastallize|p2a: Latios|Steel\n|move|p1a: Froslass|Poltergeist|p2a: Latios\n|-activate|p2a: Latios|move: Poltergeist|Soul Dew\n|-damage|p2a: Latios|35/253\n|move|p2a: Latios|Recover|p2a: Latios\n|-heal|p2a: Latios|162/253\n|\n|upkeep\n|turn|21\n|inactive|Time left: 300 sec this turn | 300 sec total\n|\n|t:|1783565007\n|move|p1a: Froslass|Poltergeist|p2a: Latios\n|-activate|p2a: Latios|move: Poltergeist|Soul Dew\n|-damage|p2a: Latios|44/253\n|move|p2a: Latios|Recover|p2a: Latios\n|-heal|p2a: Latios|171/253\n|\n|upkeep\n|turn|22\n|inactive|Time left: 300 sec this turn | 300 sec total\n|\n|t:|1783565009\n|move|p1a: Froslass|Poltergeist|p2a: Latios\n|-activate|p2a: Latios|move: Poltergeist|Soul Dew\n|-damage|p2a: Latios|51/253\n|move|p2a: Latios|Recover|p2a: Latios\n|-heal|p2a: Latios|178/253\n|\n|upkeep\n|turn|23\n|inactive|Time left: 300 sec this turn | 300 sec total\n|\n|t:|1783565010\n|move|p1a: Froslass|Poltergeist|p2a: Latios\n|-activate|p2a: Latios|move: Poltergeist|Soul Dew\n|-damage|p2a: Latios|48/253\n|move|p2a: Latios|Draco Meteor|p1a: Froslass\n|-damage|p1a: Froslass|0 fnt\n|-unboost|p2a: Latios|spa|2\n|-start|p2a: Latios|Disable|Draco Meteor|[from] ability: Cursed Body|[of] p1a: Froslass\n|faint|p1a: Froslass\n|\n|upkeep\n|\n|t:|1783565011\n|switch|p1a: Kilowattrel|Kilowattrel, L83, F|100/100\n|turn|24\n|inactive|Time left: 300 sec this turn | 300 sec total\n|\n|t:|1783565012\n|switch|p2a: Rotom|Rotom-Mow, L87|229/229\n|move|p1a: Kilowattrel|Discharge|p2a: Rotom\n|-resisted|p2a: Rotom\n|-damage|p2a: Rotom|211/229\n|\n|-heal|p2a: Rotom|225/229|[from] item: Leftovers\n|upkeep\n|turn|25\n|inactive|Time left: 300 sec this turn | 300 sec total\n|\n|t:|1783565013\n|move|p1a: Kilowattrel|Hurricane|p2a: Rotom\n|-damage|p2a: Rotom|126/229\n|move|p2a: Rotom|Will-O-Wisp|p1a: Kilowattrel\n|-status|p1a: Kilowattrel|brn\n|\n|-heal|p2a: Rotom|140/229|[from] item: Leftovers\n|-damage|p1a: Kilowattrel|95/100 brn|[from] brn\n|upkeep\n|turn|26\n|inactive|Time left: 300 sec this turn | 300 sec total\n|\n|t:|1783565014\n|move|p1a: Kilowattrel|Hurricane|p2a: Rotom\n|-damage|p2a: Rotom|41/229\n|move|p2a: Rotom|Leaf Storm|p1a: Kilowattrel\n|-resisted|p1a: Kilowattrel\n|-damage|p1a: Kilowattrel|55/100 brn\n|-unboost|p2a: Rotom|spa|2\n|\n|-heal|p2a: Rotom|55/229|[from] item: Leftovers\n|-damage|p1a: Kilowattrel|49/100 brn|[from] brn\n|upkeep\n|turn|27\n|inactive|Time left: 300 sec this turn | 300 sec total\n|\n|t:|1783565015\n|switch|p2a: Tentacruel|Tentacruel, L84, F|272/272\n|move|p1a: Kilowattrel|Hurricane|p2a: Tentacruel|[miss]\n|-miss|p1a: Kilowattrel|p2a: Tentacruel\n|\n|-damage|p1a: Kilowattrel|43/100 brn|[from] brn\n|upkeep\n|turn|28\n|inactive|Time left: 300 sec this turn | 300 sec total\n|\n|t:|1783565016\n|move|p1a: Kilowattrel|Roost|p1a: Kilowattrel\n|-heal|p1a: Kilowattrel|93/100 brn\n|-singleturn|p1a: Kilowattrel|move: Roost\n|move|p2a: Tentacruel|Surf|p1a: Kilowattrel\n|-damage|p1a: Kilowattrel|50/100 brn\n|\n|-damage|p1a: Kilowattrel|44/100 brn|[from] brn\n|upkeep\n|turn|29\n|inactive|Time left: 300 sec this turn | 300 sec total\n|\n|t:|1783565017\n|move|p1a: Kilowattrel|Roost|p1a: Kilowattrel\n|-heal|p1a: Kilowattrel|94/100 brn\n|-singleturn|p1a: Kilowattrel|move: Roost\n|move|p2a: Tentacruel|Surf|p1a: Kilowattrel\n|-damage|p1a: Kilowattrel|48/100 brn\n|\n|-damage|p1a: Kilowattrel|42/100 brn|[from] brn\n|upkeep\n|turn|30\n|inactive|Time left: 300 sec this turn | 300 sec total\n|\n|t:|1783565018\n|move|p1a: Kilowattrel|Roost|p1a: Kilowattrel\n|-heal|p1a: Kilowattrel|92/100 brn\n|-singleturn|p1a: Kilowattrel|move: Roost\n|move|p2a: Tentacruel|Surf|p1a: Kilowattrel\n|-damage|p1a: Kilowattrel|49/100 brn\n|\n|-damage|p1a: Kilowattrel|43/100 brn|[from] brn\n|upkeep\n|turn|31\n|inactive|Time left: 300 sec this turn | 300 sec total\n|\n|t:|1783565019\n|move|p1a: Kilowattrel|Roost|p1a: Kilowattrel\n|-heal|p1a: Kilowattrel|93/100 brn\n|-singleturn|p1a: Kilowattrel|move: Roost\n|move|p2a: Tentacruel|Surf|p1a: Kilowattrel\n|-damage|p1a: Kilowattrel|50/100 brn\n|\n|-damage|p1a: Kilowattrel|44/100 brn|[from] brn\n|upkeep\n|turn|32\n|inactive|Time left: 300 sec this turn | 300 sec total\n|\n|t:|1783565020\n|move|p1a: Kilowattrel|Roost|p1a: Kilowattrel\n|-heal|p1a: Kilowattrel|94/100 brn\n|-singleturn|p1a: Kilowattrel|move: Roost\n|move|p2a: Tentacruel|Surf|p1a: Kilowattrel\n|-crit|p1a: Kilowattrel\n|-damage|p1a: Kilowattrel|33/100 brn\n|\n|-damage|p1a: Kilowattrel|27/100 brn|[from] brn\n|upkeep\n|turn|33\n|inactive|Time left: 300 sec this turn | 300 sec total\n|\n|t:|1783565021\n|move|p1a: Kilowattrel|Roost|p1a: Kilowattrel\n|-heal|p1a: Kilowattrel|77/100 brn\n|-singleturn|p1a: Kilowattrel|move: Roost\n|move|p2a: Tentacruel|Rapid Spin|p1a: Kilowattrel\n|-damage|p1a: Kilowattrel|62/100 brn\n|-boost|p2a: Tentacruel|spe|1\n|\n|-damage|p1a: Kilowattrel|56/100 brn|[from] brn\n|upkeep\n|turn|34\n|inactive|Time left: 300 sec this turn | 300 sec total\n|\n|t:|1783565022\n|move|p2a: Tentacruel|Sludge Bomb|p1a: Kilowattrel\n|-damage|p1a: Kilowattrel|12/100 brn\n|move|p1a: Kilowattrel|Roost|p1a: Kilowattrel\n|-heal|p1a: Kilowattrel|62/100 brn\n|-singleturn|p1a: Kilowattrel|move: Roost\n|\n|-damage|p1a: Kilowattrel|56/100 brn|[from] brn\n|upkeep\n|turn|35\n|inactive|Time left: 300 sec this turn | 300 sec total\n|\n|t:|1783565023\n|move|p2a: Tentacruel|Surf|p1a: Kilowattrel\n|-damage|p1a: Kilowattrel|8/100 brn\n|move|p1a: Kilowattrel|Roost|p1a: Kilowattrel\n|-heal|p1a: Kilowattrel|58/100 brn\n|-singleturn|p1a: Kilowattrel|move: Roost\n|\n|-damage|p1a: Kilowattrel|52/100 brn|[from] brn\n|upkeep\n|turn|36\n|inactive|Time left: 300 sec this turn | 300 sec total\n|\n|t:|1783565024\n|move|p2a: Tentacruel|Sludge Bomb|p1a: Kilowattrel\n|-damage|p1a: Kilowattrel|6/100 brn\n|move|p1a: Kilowattrel|Discharge|p2a: Tentacruel\n|-supereffective|p2a: Tentacruel\n|-damage|p2a: Tentacruel|132/272\n|-status|p2a: Tentacruel|par\n|\n|-heal|p2a: Tentacruel|149/272 par|[from] item: Leftovers\n|-damage|p1a: Kilowattrel|0 fnt|[from] brn\n|faint|p1a: Kilowattrel\n|upkeep\n|\n|t:|1783565025\n|switch|p1a: Dondozo|Dondozo, L78, F|100/100\n|-damage|p1a: Dondozo|88/100|[from] Stealth Rock\n|turn|37\n|inactive|Time left: 300 sec this turn | 300 sec total\n|\n|t:|1783565026\n|cant|p2a: Tentacruel|par\n|move|p1a: Dondozo|Wave Crash|p2a: Tentacruel\n|-resisted|p2a: Tentacruel\n|-damage|p2a: Tentacruel|74/272 par\n|-damage|p1a: Dondozo|81/100|[from] Recoil\n|\n|-heal|p2a: Tentacruel|91/272 par|[from] item: Leftovers\n|-heal|p1a: Dondozo|87/100|[from] item: Leftovers\n|upkeep\n|turn|38\n|inactive|Time left: 300 sec this turn | 300 sec total\n|\n|t:|1783565026\n|move|p2a: Tentacruel|Sludge Bomb|p1a: Dondozo\n|-damage|p1a: Dondozo|55/100\n|move|p1a: Dondozo|Wave Crash|p2a: Tentacruel\n|-resisted|p2a: Tentacruel\n|-damage|p2a: Tentacruel|22/272 par\n|-damage|p1a: Dondozo|49/100|[from] Recoil\n|\n|-heal|p2a: Tentacruel|39/272 par|[from] item: Leftovers\n|-heal|p1a: Dondozo|55/100|[from] item: Leftovers\n|upkeep\n|turn|39\n|inactive|Time left: 300 sec this turn | 300 sec total\n|\n|t:|1783565027\n|move|p2a: Tentacruel|Sludge Bomb|p1a: Dondozo\n|-damage|p1a: Dondozo|23/100\n|move|p1a: Dondozo|Rest|p1a: Dondozo\n|-status|p1a: Dondozo|slp|[from] move: Rest\n|-heal|p1a: Dondozo|100/100 slp|[silent]\n|\n|-heal|p2a: Tentacruel|56/272 par|[from] item: Leftovers\n|upkeep\n|turn|40\n|inactive|Time left: 300 sec this turn | 300 sec total\n|\n|t:|1783565028\n|move|p2a: Tentacruel|Sludge Bomb|p1a: Dondozo\n|-damage|p1a: Dondozo|70/100 slp\n|cant|p1a: Dondozo|slp\n|move|p1a: Dondozo|Sleep Talk|p1a: Dondozo\n|move|p1a: Dondozo|Wave Crash|p2a: Tentacruel|[from] move: Sleep Talk\n|-resisted|p2a: Tentacruel\n|-damage|p2a: Tentacruel|0 fnt\n|faint|p2a: Tentacruel\n|-damage|p1a: Dondozo|65/100 slp|[from] Recoil\n|\n|-heal|p1a: Dondozo|71/100 slp|[from] item: Leftovers\n|upkeep\n|inactive|Time left: 300 sec this turn | 300 sec total | 5 sec grace\n|\n|t:|1783565029\n|switch|p2a: Rotom|Rotom-Mow, L87|55/229\n|turn|41\n|inactive|Time left: 300 sec this turn | 300 sec total\n|\n|t:|1783565029\n|-terastallize|p1a: Dondozo|Dragon\n|move|p2a: Rotom|Thunderbolt|p1a: Dondozo\n|-resisted|p1a: Dondozo\n|-damage|p1a: Dondozo|51/100 slp\n|cant|p1a: Dondozo|slp\n|move|p1a: Dondozo|Sleep Talk|p1a: Dondozo\n|move|p1a: Dondozo|Rest||[from] move: Sleep Talk|[still]\n|-fail|p1a: Dondozo\n|\n|-heal|p2a: Rotom|69/229|[from] item: Leftovers\n|-heal|p1a: Dondozo|57/100 slp|[from] item: Leftovers\n|upkeep\n|turn|42\n|inactive|Time left: 300 sec this turn | 300 sec total\n|\n|t:|1783565030\n|move|p2a: Rotom|Leaf Storm|p1a: Dondozo\n|-resisted|p1a: Dondozo\n|-damage|p1a: Dondozo|28/100 slp\n|-unboost|p2a: Rotom|spa|2\n|-curestatus|p1a: Dondozo|slp|[msg]\n|move|p1a: Dondozo|Wave Crash|p2a: Rotom\n|-resisted|p2a: Rotom\n|-damage|p2a: Rotom|26/229\n|-damage|p1a: Dondozo|24/100|[from] Recoil\n|\n|-heal|p2a: Rotom|40/229|[from] item: Leftovers\n|-heal|p1a: Dondozo|30/100|[from] item: Leftovers\n|upkeep\n|turn|43\n|inactive|Time left: 300 sec this turn | 300 sec total\n|\n|t:|1783565031\n|move|p2a: Rotom|Volt Switch|p1a: Dondozo\n|-resisted|p1a: Dondozo\n|-damage|p1a: Dondozo|14/100\n|inactive|Time left: 300 sec this turn | 300 sec total | 5 sec grace\n|\n|t:|1783565032\n|switch|p2a: Latios|Latios, L78, M, tera:Steel|48/253|[from] Volt Switch\n|move|p1a: Dondozo|Rest|p1a: Dondozo\n|-status|p1a: Dondozo|slp|[from] move: Rest\n|-heal|p1a: Dondozo|100/100 slp|[silent]\n|\n|upkeep\n|turn|44\n|inactive|Time left: 300 sec this turn | 300 sec total\n|\n|t:|1783565033\n|move|p2a: Latios|Draco Meteor|p1a: Dondozo\n|-supereffective|p1a: Dondozo\n|-damage|p1a: Dondozo|0 fnt\n|-unboost|p2a: Latios|spa|2\n|faint|p1a: Dondozo\n|\n|win|p0y22353af1", "uploadtime": 1783565033, "views": 0, "rating": 0, "private": 0, "password": null, "_winner": "p0y22353af1", "_our_name": "p0y22353af1"}