{"id": "battle-gen9randombattle-2917", "formatid": "gen9randombattle", "format": "[Gen 9] Random Battle", "players": ["p0x29172ce9", "p0y2917e3b2"], "log": "|init|battle\n|title|p0x29172ce9 vs. p0y2917e3b2\n|j|\u2606p0x29172ce9\n|j|\u2606p0y2917e3b2\n|t:|1783572619\n|gametype|singles\n|player|p1|p0x29172ce9|170|\n|player|p2|p0y2917e3b2|169|\n|gen|9\n|tier|[Gen 9] Random Battle\n|rule|Species Clause: Limit one of each Pok\u00e9mon\n|rule|HP Percentage Mod: HP is shown in percentages\n|rule|Sleep Clause Mod: Limit one foe put to sleep\n|rule|Illusion Level Mod: Illusion disguises the Pok\u00e9mon's true level\n|\n|t:|1783572619\n|teamsize|p1|6\n|teamsize|p2|6\n|start\n|switch|p1a: Carbink|Carbink, L90|100/100\n|switch|p2a: Iron Valiant|Iron Valiant, L78|244/244\n|turn|1\n|inactive|Battle timer is ON: inactive players will automatically lose when time's up. (requested by p0y2917e3b2)\n|inactive|p0x29172ce9 also wants the timer to be on.\n|\n|t:|1783572621\n|move|p2a: Iron Valiant|Calm Mind|p2a: Iron Valiant\n|-boost|p2a: Iron Valiant|spa|1\n|-boost|p2a: Iron Valiant|spd|1\n|move|p1a: Carbink|Moonblast|p2a: Iron Valiant\n|-supereffective|p2a: Iron Valiant\n|-damage|p2a: Iron Valiant|98/244\n|\n|upkeep\n|turn|2\n|inactive|Time left: 300 sec this turn | 300 sec total\n|\n|t:|1783572622\n|move|p2a: Iron Valiant|Moonblast|p1a: Carbink\n|-damage|p1a: Carbink|50/100\n|-damage|p2a: Iron Valiant|74/244|[from] item: Life Orb\n|move|p1a: Carbink|Moonblast|p2a: Iron Valiant\n|-supereffective|p2a: Iron Valiant\n|-damage|p2a: Iron Valiant|0 fnt\n|faint|p2a: Iron Valiant\n|-end|p2a: Iron Valiant|Quark Drive|[silent]\n|\n|-heal|p1a: Carbink|56/100|[from] item: Leftovers\n|upkeep\n|inactive|Time left: 300 sec this turn | 300 sec total | 5 sec grace\n|\n|t:|1783572623\n|switch|p2a: Vaporeon|Vaporeon, L86, M|364/364\n|turn|3\n|inactive|Time left: 300 sec this turn | 300 sec total\n|\n|t:|1783572624\n|move|p2a: Vaporeon|Scald|p1a: Carbink\n|-supereffective|p1a: Carbink\n|-damage|p1a: Carbink|3/100\n|move|p1a: Carbink|Rock Polish|p1a: Carbink\n|-boost|p1a: Carbink|spe|2\n|\n|-heal|p1a: Carbink|9/100|[from] item: Leftovers\n|upkeep\n|turn|4\n|inactive|Time left: 300 sec this turn | 300 sec total\n|\n|t:|1783572624\n|move|p1a: Carbink|Body Press|p2a: Vaporeon\n|-damage|p2a: Vaporeon|245/364\n|move|p2a: Vaporeon|Flip Turn|p1a: Carbink\n|-supereffective|p1a: Carbink\n|-damage|p1a: Carbink|0 fnt\n|faint|p1a: Carbink\n|inactive|Time left: 300 sec this turn | 300 sec total | 5 sec grace\n|\n|t:|1783572625\n|switch|p2a: Hitmontop|Hitmontop, L88, M|231/231|[from] Flip Turn\n|\n|upkeep\n|\n|t:|1783572627\n|switch|p1a: Froslass|Froslass, L87, F|100/100\n|turn|5\n|inactive|Time left: 300 sec this turn | 300 sec total\n|\n|t:|1783572628\n|move|p1a: Froslass|Will-O-Wisp|p2a: Hitmontop\n|-status|p2a: Hitmontop|brn\n|move|p2a: Hitmontop|Bulk Up|p2a: Hitmontop\n|-boost|p2a: Hitmontop|atk|1\n|-boost|p2a: Hitmontop|def|1\n|\n|-damage|p2a: Hitmontop|217/231 brn|[from] brn\n|upkeep\n|turn|6\n|inactive|Time left: 300 sec this turn | 300 sec total\n|\n|t:|1783572629\n|switch|p1a: Qwilfish|Qwilfish, L86, M|100/100\n|-ability|p1a: Qwilfish|Intimidate|boost\n|-unboost|p2a: Hitmontop|atk|1\n|move|p2a: Hitmontop|Bulk Up|p2a: Hitmontop\n|-boost|p2a: Hitmontop|atk|1\n|-boost|p2a: Hitmontop|def|1\n|\n|-heal|p2a: Hitmontop|231/231 brn|[from] item: Leftovers\n|-damage|p2a: Hitmontop|217/231 brn|[from] brn\n|upkeep\n|turn|7\n|inactive|Time left: 300 sec this turn | 300 sec total\n|\n|t:|1783572630\n|move|p1a: Qwilfish|Gunk Shot|p2a: Hitmontop\n|-crit|p2a: Hitmontop\n|-damage|p2a: Hitmontop|46/231 brn\n|move|p2a: Hitmontop|Rapid Spin|p1a: Qwilfish\n|-damage|p1a: Qwilfish|85/100\n|-boost|p2a: Hitmontop|spe|1\n|\n|-heal|p2a: Hitmontop|60/231 brn|[from] item: Leftovers\n|-heal|p1a: Qwilfish|91/100|[from] item: Leftovers\n|-damage|p2a: Hitmontop|46/231 brn|[from] brn\n|upkeep\n|turn|8\n|inactive|Time left: 300 sec this turn | 300 sec total\n|\n|t:|1783572631\n|move|p2a: Hitmontop|Rapid Spin|p1a: Qwilfish\n|-damage|p1a: Qwilfish|74/100\n|-boost|p2a: Hitmontop|spe|1\n|move|p1a: Qwilfish|Gunk Shot|p2a: Hitmontop\n|-damage|p2a: Hitmontop|0 fnt\n|faint|p2a: Hitmontop\n|\n|-heal|p1a: Qwilfish|80/100|[from] item: Leftovers\n|upkeep\n|inactive|Time left: 300 sec this turn | 300 sec total | 5 sec grace\n|\n|t:|1783572632\n|switch|p2a: Samurott|Samurott-Hisui, L77, M|265/265\n|turn|9\n|inactive|Time left: 300 sec this turn | 300 sec total\n|\n|t:|1783572633\n|move|p1a: Qwilfish|Gunk Shot|p2a: Samurott\n|-damage|p2a: Samurott|124/265\n|move|p2a: Samurott|Ceaseless Edge|p1a: Qwilfish\n|-damage|p1a: Qwilfish|27/100\n|-sidestart|p1: p0x29172ce9|Spikes\n|-damage|p2a: Samurott|98/265|[from] item: Life Orb\n|\n|-heal|p1a: Qwilfish|33/100|[from] item: Leftovers\n|upkeep\n|turn|10\n|inactive|Time left: 300 sec this turn | 300 sec total\n|\n|t:|1783572634\n|move|p1a: Qwilfish|Gunk Shot|p2a: Samurott\n|-damage|p2a: Samurott|0 fnt\n|faint|p2a: Samurott\n|\n|-heal|p1a: Qwilfish|39/100|[from] item: Leftovers\n|upkeep\n|inactive|Time left: 300 sec this turn | 300 sec total | 5 sec grace\n|\n|t:|1783572635\n|switch|p2a: Garganacl|Garganacl, L80, M|291/291\n|turn|11\n|inactive|Time left: 300 sec this turn | 300 sec total\n|\n|t:|1783572636\n|move|p1a: Qwilfish|Waterfall|p2a: Garganacl\n|-supereffective|p2a: Garganacl\n|-damage|p2a: Garganacl|153/291\n|move|p2a: Garganacl|Salt Cure|p1a: Qwilfish\n|-damage|p1a: Qwilfish|22/100\n|-start|p1a: Qwilfish|Salt Cure\n|\n|-heal|p1a: Qwilfish|28/100|[from] item: Leftovers\n|-heal|p2a: Garganacl|171/291|[from] item: Leftovers\n|-damage|p1a: Qwilfish|3/100|[from] Salt Cure\n|upkeep\n|turn|12\n|inactive|Time left: 300 sec this turn | 300 sec total\n|\n|t:|1783572637\n|move|p1a: Qwilfish|Waterfall|p2a: Garganacl\n|-supereffective|p2a: Garganacl\n|-damage|p2a: Garganacl|31/291\n|move|p2a: Garganacl|Iron Defense|p2a: Garganacl\n|-boost|p2a: Garganacl|def|2\n|\n|-heal|p1a: Qwilfish|9/100|[from] item: Leftovers\n|-heal|p2a: Garganacl|49/291|[from] item: Leftovers\n|-damage|p1a: Qwilfish|0 fnt|[from] Salt Cure\n|faint|p1a: Qwilfish\n|upkeep\n|\n|t:|1783572638\n|switch|p1a: Ampharos|Ampharos, L88, M|100/100\n|-damage|p1a: Ampharos|88/100|[from] Spikes\n|turn|13\n|inactive|Time left: 300 sec this turn | 300 sec total\n|\n|t:|1783572639\n|switch|p2a: Iron Moth|Iron Moth, L78|253/253\n|move|p1a: Ampharos|Discharge|p2a: Iron Moth\n|-damage|p2a: Iron Moth|151/253\n|\n|upkeep\n|turn|14\n|inactive|Time left: 300 sec this turn | 300 sec total\n|\n|t:|1783572640\n|move|p2a: Iron Moth|Fiery Dance|p1a: Ampharos\n|-damage|p1a: Ampharos|66/100\n|-boost|p2a: Iron Moth|spa|1\n|move|p1a: Ampharos|Discharge|p2a: Iron Moth\n|-damage|p2a: Iron Moth|52/253\n|\n|upkeep\n|turn|15\n|inactive|Time left: 300 sec this turn | 300 sec total\n|\n|t:|1783572641\n|move|p2a: Iron Moth|Sludge Wave|p1a: Ampharos\n|-damage|p1a: Ampharos|32/100\n|move|p1a: Ampharos|Discharge|p2a: Iron Moth\n|-damage|p2a: Iron Moth|0 fnt\n|faint|p2a: Iron Moth\n|-end|p2a: Iron Moth|Quark Drive|[silent]\n|\n|upkeep\n|inactive|Time left: 300 sec this turn | 300 sec total | 5 sec grace\n|\n|t:|1783572642\n|switch|p2a: Vaporeon|Vaporeon, L86, M|245/364\n|turn|16\n|inactive|Time left: 300 sec this turn | 300 sec total\n|\n|t:|1783572643\n|-terastallize|p2a: Vaporeon|Ground\n|move|p2a: Vaporeon|Scald|p1a: Ampharos\n|-damage|p1a: Ampharos|11/100\n|-status|p1a: Ampharos|brn\n|move|p1a: Ampharos|Discharge|p2a: Vaporeon\n|-immune|p2a: Vaporeon\n|\n|-heal|p2a: Vaporeon|267/364|[from] item: Leftovers\n|-damage|p1a: Ampharos|5/100 brn|[from] brn\n|upkeep\n|turn|17\n|inactive|Time left: 300 sec this turn | 300 sec total\n|\n|t:|1783572644\n|move|p2a: Vaporeon|Scald|p1a: Ampharos\n|-damage|p1a: Ampharos|0 fnt\n|faint|p1a: Ampharos\n|\n|-heal|p2a: Vaporeon|289/364|[from] item: Leftovers\n|upkeep\n|\n|t:|1783572645\n|switch|p1a: Cinccino|Cinccino, L83, F|100/100\n|-damage|p1a: Cinccino|88/100|[from] Spikes\n|turn|18\n|inactive|Time left: 300 sec this turn | 300 sec total\n|\n|t:|1783572646\n|-terastallize|p1a: Cinccino|Grass\n|move|p2a: Vaporeon|Protect|p2a: Vaporeon\n|-singleturn|p2a: Vaporeon|Protect\n|move|p1a: Cinccino|Bullet Seed|p2a: Vaporeon\n|-activate|p2a: Vaporeon|move: Protect\n|\n|-heal|p2a: Vaporeon|311/364|[from] item: Leftovers\n|upkeep\n|turn|19\n|inactive|Time left: 300 sec this turn | 300 sec total\n|\n|t:|1783572646\n|move|p2a: Vaporeon|Protect|p2a: Vaporeon\n|-singleturn|p2a: Vaporeon|Protect\n|move|p1a: Cinccino|Bullet Seed|p2a: Vaporeon\n|-activate|p2a: Vaporeon|move: Protect\n|\n|-heal|p2a: Vaporeon|333/364|[from] item: Leftovers\n|upkeep\n|turn|20\n|inactive|Time left: 300 sec this turn | 300 sec total\n|\n|t:|1783572647\n|move|p2a: Vaporeon|Protect||[still]\n|-fail|p2a: Vaporeon\n|move|p1a: Cinccino|Bullet Seed|p2a: Vaporeon\n|-supereffective|p2a: Vaporeon\n|-damage|p2a: Vaporeon|237/364\n|-supereffective|p2a: Vaporeon\n|-damage|p2a: Vaporeon|141/364\n|-supereffective|p2a: Vaporeon\n|-damage|p2a: Vaporeon|51/364\n|-supereffective|p2a: Vaporeon\n|-damage|p2a: Vaporeon|0 fnt\n|faint|p2a: Vaporeon\n|-hitcount|p2: Vaporeon|4\n|\n|upkeep\n|inactive|Time left: 300 sec this turn | 300 sec total | 5 sec grace\n|\n|t:|1783572648\n|switch|p2a: Garganacl|Garganacl, L80, M|49/291\n|turn|21\n|inactive|Time left: 300 sec this turn | 300 sec total\n|\n|t:|1783572649\n|move|p1a: Cinccino|Bullet Seed|p2a: Garganacl\n|-supereffective|p2a: Garganacl\n|-damage|p2a: Garganacl|0 fnt\n|faint|p2a: Garganacl\n|-hitcount|p2: Garganacl|1\n|\n|win|p0x29172ce9", "uploadtime": 1783572649, "views": 0, "rating": 0, "private": 0, "password": null, "_winner": "p0x29172ce9", "_our_name": "p0y2917e3b2"}