{"id": "battle-gen9randombattle-2255", "formatid": "gen9randombattle", "format": "[Gen 9] Random Battle", "players": ["p0x2255ea20", "p0y2255e607"], "log": "|init|battle\n|title|p0x2255ea20 vs. p0y2255e607\n|j|\u2606p0x2255ea20\n|j|\u2606p0y2255e607\n|t:|1783566149\n|gametype|singles\n|player|p1|p0x2255ea20|170|\n|player|p2|p0y2255e607|170|\n|gen|9\n|tier|[Gen 9] Random Battle\n|rule|Species Clause: Limit one of each Pok\u00e9mon\n|rule|HP Percentage Mod: HP is shown in percentages\n|rule|Sleep Clause Mod: Limit one foe put to sleep\n|rule|Illusion Level Mod: Illusion disguises the Pok\u00e9mon's true level\n|\n|t:|1783566149\n|teamsize|p1|6\n|teamsize|p2|6\n|start\n|switch|p1a: Zekrom|Zekrom, L71|100/100\n|switch|p2a: Tsareena|Tsareena, L87, F|267/267\n|-ability|p1a: Zekrom|Teravolt\n|turn|1\n|inactive|Battle timer is ON: inactive players will automatically lose when time's up. (requested by p0y2255e607)\n|inactive|p0x2255ea20 also wants the timer to be on.\n|\n|t:|1783566150\n|move|p2a: Tsareena|Triple Axel|p1a: Zekrom\n|-supereffective|p1a: Zekrom\n|-damage|p1a: Zekrom|87/100\n|-supereffective|p1a: Zekrom\n|-damage|p1a: Zekrom|60/100\n|-supereffective|p1a: Zekrom\n|-damage|p1a: Zekrom|25/100\n|-hitcount|p1a: Zekrom|3\n|move|p1a: Zekrom|Dragon Dance|p1a: Zekrom\n|-boost|p1a: Zekrom|atk|1\n|-boost|p1a: Zekrom|spe|1\n|\n|-heal|p1a: Zekrom|31/100|[from] item: Leftovers\n|upkeep\n|turn|2\n|inactive|Time left: 300 sec this turn | 300 sec total\n|\n|t:|1783566151\n|move|p2a: Tsareena|Triple Axel|p1a: Zekrom\n|-supereffective|p1a: Zekrom\n|-damage|p1a: Zekrom|19/100\n|-supereffective|p1a: Zekrom\n|-damage|p1a: Zekrom|0 fnt\n|faint|p1a: Zekrom\n|-hitcount|p1: Zekrom|2\n|\n|upkeep\n|\n|t:|1783566152\n|switch|p1a: Ninetales|Ninetales-Alola, L78, M|100/100\n|-weather|Snowscape|[from] ability: Snow Warning|[of] p1a: Ninetales\n|turn|3\n|inactive|Time left: 300 sec this turn | 300 sec total\n|\n|t:|1783566153\n|switch|p2a: Pecharunt|Pecharunt, L77|262/262\n|move|p1a: Ninetales|Aurora Veil|p1a: Ninetales\n|-sidestart|p1: p0x2255ea20|move: Aurora Veil\n|\n|-weather|Snowscape|[upkeep]\n|upkeep\n|turn|4\n|inactive|Time left: 300 sec this turn | 300 sec total\n|\n|t:|1783566154\n|switch|p1a: Zapdos|Zapdos-Galar, L77|100/100\n|move|p2a: Pecharunt|Malignant Chain|p1a: Zapdos\n|-damage|p1a: Zapdos|84/100\n|-status|p1a: Zapdos|tox\n|-start|p1a: Zapdos|confusion|[from] ability: Poison Puppeteer|[of] p2a: Pecharunt\n|\n|-weather|Snowscape|[upkeep]\n|-damage|p1a: Zapdos|77/100 tox|[from] psn\n|upkeep\n|turn|5\n|inactive|Time left: 300 sec this turn | 300 sec total\n|\n|t:|1783566155\n|-activate|p1a: Zapdos|confusion\n|move|p1a: Zapdos|Brave Bird|p2a: Pecharunt\n|-damage|p2a: Pecharunt|133/262\n|-damage|p1a: Zapdos|61/100 tox|[from] Recoil\n|move|p2a: Pecharunt|Nasty Plot|p2a: Pecharunt\n|-boost|p2a: Pecharunt|spa|2\n|\n|-weather|Snowscape|[upkeep]\n|-heal|p2a: Pecharunt|149/262|[from] item: Leftovers\n|-damage|p1a: Zapdos|49/100 tox|[from] psn\n|upkeep\n|turn|6\n|inactive|Time left: 300 sec this turn | 300 sec total\n|\n|t:|1783566156\n|switch|p1a: Latios|Latios, L78, M|100/100\n|move|p2a: Pecharunt|Recover|p2a: Pecharunt\n|-heal|p2a: Pecharunt|262/262\n|\n|-weather|Snowscape|[upkeep]\n|upkeep\n|turn|7\n|inactive|Time left: 300 sec this turn | 300 sec total\n|\n|t:|1783566157\n|move|p1a: Latios|Luster Purge|p2a: Pecharunt\n|-supereffective|p2a: Pecharunt\n|-damage|p2a: Pecharunt|0 fnt\n|faint|p2a: Pecharunt\n|\n|-weather|none\n|upkeep\n|inactive|Time left: 300 sec this turn | 300 sec total | 5 sec grace\n|\n|t:|1783566158\n|switch|p2a: Comfey|Comfey, L85, M|225/225\n|turn|8\n|inactive|Time left: 300 sec this turn | 300 sec total\n|\n|t:|1783566159\n|move|p2a: Comfey|Calm Mind|p2a: Comfey\n|-boost|p2a: Comfey|spa|1\n|-boost|p2a: Comfey|spd|1\n|move|p1a: Latios|Luster Purge|p2a: Comfey\n|-damage|p2a: Comfey|153/225\n|\n|-heal|p2a: Comfey|167/225|[from] item: Leftovers\n|upkeep\n|turn|9\n|inactive|Time left: 300 sec this turn | 300 sec total\n|\n|t:|1783566160\n|switch|p1a: Cetitan|Cetitan, L82, M|100/100\n|move|p2a: Comfey|Calm Mind|p2a: Comfey\n|-boost|p2a: Comfey|spa|1\n|-boost|p2a: Comfey|spd|1\n|\n|-heal|p2a: Comfey|181/225|[from] item: Leftovers\n|upkeep\n|turn|10\n|inactive|Time left: 300 sec this turn | 300 sec total\n|\n|t:|1783566161\n|move|p2a: Comfey|Draining Kiss|p1a: Cetitan\n|-damage|p1a: Cetitan|84/100\n|-heal|p2a: Comfey|225/225|[from] drain|[of] p1a: Cetitan\n|move|p1a: Cetitan|Belly Drum|p1a: Cetitan\n|-damage|p1a: Cetitan|34/100\n|-setboost|p1a: Cetitan|atk|6|[from] move: Belly Drum\n|-enditem|p1a: Cetitan|Sitrus Berry|[eat]\n|-heal|p1a: Cetitan|59/100|[from] item: Sitrus Berry\n|\n|-sideend|p1: p0x2255ea20|move: Aurora Veil\n|upkeep\n|turn|11\n|inactive|Time left: 300 sec this turn | 300 sec total\n|\n|t:|1783566162\n|switch|p2a: Orthworm|Orthworm, L88, F|266/266\n|move|p1a: Cetitan|Ice Spinner|p2a: Orthworm\n|-resisted|p2a: Orthworm\n|-damage|p2a: Orthworm|153/266\n|\n|upkeep\n|turn|12\n|inactive|Time left: 300 sec this turn | 300 sec total\n|\n|t:|1783566163\n|-terastallize|p1a: Cetitan|Ice\n|move|p1a: Cetitan|Ice Spinner|p2a: Orthworm\n|-resisted|p2a: Orthworm\n|-damage|p2a: Orthworm|0 fnt\n|faint|p2a: Orthworm\n|\n|upkeep\n|inactive|Time left: 300 sec this turn | 300 sec total | 5 sec grace\n|\n|t:|1783566164\n|switch|p2a: Tsareena|Tsareena, L87, F|267/267\n|turn|13\n|inactive|Time left: 300 sec this turn | 300 sec total\n|\n|t:|1783566165\n|move|p2a: Tsareena|High Jump Kick|p1a: Cetitan\n|-supereffective|p1a: Cetitan\n|-damage|p1a: Cetitan|0 fnt\n|faint|p1a: Cetitan\n|\n|upkeep\n|\n|t:|1783566166\n|switch|p1a: Ninetales|Ninetales-Alola, L78, M|100/100\n|-weather|Snowscape|[from] ability: Snow Warning|[of] p1a: Ninetales\n|turn|14\n|inactive|Time left: 300 sec this turn | 300 sec total\n|\n|t:|1783566167\n|switch|p2a: Houndoom|Houndoom, L87, M|272/272\n|move|p1a: Ninetales|Aurora Veil|p1a: Ninetales\n|-sidestart|p1: p0x2255ea20|move: Aurora Veil\n|\n|-weather|Snowscape|[upkeep]\n|upkeep\n|turn|15\n|inactive|Time left: 300 sec this turn | 300 sec total\n|\n|t:|1783566168\n|move|p1a: Ninetales|Moonblast|p2a: Houndoom\n|-damage|p2a: Houndoom|185/272\n|-unboost|p2a: Houndoom|spa|1\n|move|p2a: Houndoom|Nasty Plot|p2a: Houndoom\n|-boost|p2a: Houndoom|spa|2\n|\n|-weather|Snowscape|[upkeep]\n|upkeep\n|turn|16\n|inactive|Time left: 300 sec this turn | 300 sec total\n|\n|t:|1783566169\n|switch|p1a: Latios|Latios, L78, M|100/100\n|move|p2a: Houndoom|Sludge Bomb|p1a: Latios\n|-damage|p1a: Latios|80/100\n|\n|-weather|Snowscape|[upkeep]\n|upkeep\n|turn|17\n|inactive|Time left: 300 sec this turn | 300 sec total\n|\n|t:|1783566170\n|switch|p2a: Comfey|Comfey, L85, M|225/225\n|move|p1a: Latios|Draco Meteor|p2a: Comfey\n|-immune|p2a: Comfey\n|\n|-weather|Snowscape|[upkeep]\n|upkeep\n|turn|18\n|inactive|Time left: 300 sec this turn | 300 sec total\n|\n|t:|1783566171\n|move|p2a: Comfey|Calm Mind|p2a: Comfey\n|-boost|p2a: Comfey|spa|1\n|-boost|p2a: Comfey|spd|1\n|move|p1a: Latios|Luster Purge|p2a: Comfey\n|-damage|p2a: Comfey|155/225\n|\n|-weather|none\n|-heal|p2a: Comfey|169/225|[from] item: Leftovers\n|upkeep\n|turn|19\n|inactive|Time left: 300 sec this turn | 300 sec total\n|\n|t:|1783566172\n|move|p2a: Comfey|Calm Mind|p2a: Comfey\n|-boost|p2a: Comfey|spa|1\n|-boost|p2a: Comfey|spd|1\n|move|p1a: Latios|Luster Purge|p2a: Comfey\n|-damage|p2a: Comfey|114/225\n|-unboost|p2a: Comfey|spd|1\n|\n|-heal|p2a: Comfey|128/225|[from] item: Leftovers\n|upkeep\n|turn|20\n|inactive|Time left: 300 sec this turn | 300 sec total\n|\n|t:|1783566173\n|move|p2a: Comfey|Draining Kiss|p1a: Latios\n|-supereffective|p1a: Latios\n|-damage|p1a: Latios|44/100\n|-heal|p2a: Comfey|196/225|[from] drain|[of] p1a: Latios\n|move|p1a: Latios|Luster Purge|p2a: Comfey\n|-damage|p2a: Comfey|120/225\n|\n|-heal|p2a: Comfey|134/225|[from] item: Leftovers\n|upkeep\n|turn|21\n|inactive|Time left: 300 sec this turn | 300 sec total\n|\n|t:|1783566174\n|switch|p1a: Ninetales|Ninetales-Alola, L78, M|100/100\n|-weather|Snowscape|[from] ability: Snow Warning|[of] p1a: Ninetales\n|move|p2a: Comfey|Calm Mind|p2a: Comfey\n|-boost|p2a: Comfey|spa|1\n|-boost|p2a: Comfey|spd|1\n|\n|-weather|Snowscape|[upkeep]\n|-heal|p2a: Comfey|148/225|[from] item: Leftovers\n|-sideend|p1: p0x2255ea20|move: Aurora Veil\n|upkeep\n|turn|22\n|inactive|Time left: 300 sec this turn | 300 sec total\n|\n|t:|1783566175\n|move|p2a: Comfey|Draining Kiss|p1a: Ninetales\n|-damage|p1a: Ninetales|48/100\n|-heal|p2a: Comfey|225/225|[from] drain|[of] p1a: Ninetales\n|move|p1a: Ninetales|Aurora Veil|p1a: Ninetales\n|-sidestart|p1: p0x2255ea20|move: Aurora Veil\n|\n|-weather|Snowscape|[upkeep]\n|upkeep\n|turn|23\n|inactive|Time left: 300 sec this turn | 300 sec total\n|\n|t:|1783566176\n|switch|p1a: Uxie|Uxie, L83|100/100\n|move|p2a: Comfey|Draining Kiss|p1a: Uxie\n|-damage|p1a: Uxie|84/100\n|\n|-weather|Snowscape|[upkeep]\n|-heal|p1a: Uxie|90/100|[from] item: Leftovers\n|upkeep\n|turn|24\n|inactive|Time left: 300 sec this turn | 300 sec total\n|\n|t:|1783566177\n|move|p2a: Comfey|Draining Kiss|p1a: Uxie\n|-crit|p1a: Uxie\n|-damage|p1a: Uxie|40/100\n|move|p1a: Uxie|Thunder Wave|p2a: Comfey|[miss]\n|-miss|p1a: Uxie|p2a: Comfey\n|\n|-weather|Snowscape|[upkeep]\n|-heal|p1a: Uxie|46/100|[from] item: Leftovers\n|upkeep\n|turn|25\n|inactive|Time left: 300 sec this turn | 300 sec total\n|\n|t:|1783566178\n|move|p2a: Comfey|Draining Kiss|p1a: Uxie\n|-damage|p1a: Uxie|27/100\n|move|p1a: Uxie|Psychic Noise|p2a: Comfey\n|-damage|p2a: Comfey|197/225\n|-start|p2a: Comfey|move: Heal Block\n|\n|-weather|none\n|-heal|p1a: Uxie|34/100|[from] item: Leftovers\n|upkeep\n|turn|26\n|inactive|Time left: 300 sec this turn | 300 sec total\n|\n|t:|1783566180\n|move|p2a: Comfey|Tera Blast|p1a: Uxie\n|-damage|p1a: Uxie|15/100\n|move|p1a: Uxie|Knock Off|p2a: Comfey\n|-resisted|p2a: Comfey\n|-damage|p2a: Comfey|172/225\n|-enditem|p2a: Comfey|Leftovers|[from] move: Knock Off|[of] p1a: Uxie\n|\n|-heal|p1a: Uxie|21/100|[from] item: Leftovers\n|-end|p2a: Comfey|move: Heal Block\n|upkeep\n|turn|27\n|inactive|Time left: 300 sec this turn | 300 sec total\n|\n|t:|1783566181\n|move|p2a: Comfey|Draining Kiss|p1a: Uxie\n|-damage|p1a: Uxie|2/100\n|-heal|p2a: Comfey|208/225|[from] drain|[of] p1a: Uxie\n|move|p1a: Uxie|Psychic Noise|p2a: Comfey\n|-damage|p2a: Comfey|180/225\n|-start|p2a: Comfey|move: Heal Block\n|\n|-heal|p1a: Uxie|9/100|[from] item: Leftovers\n|upkeep\n|turn|28\n|inactive|Time left: 300 sec this turn | 300 sec total\n|\n|t:|1783566182\n|switch|p1a: Zapdos|Zapdos-Galar, L77|49/100 tox\n|move|p2a: Comfey|Tera Blast|p1a: Zapdos\n|-damage|p1a: Zapdos|22/100 tox\n|\n|-damage|p1a: Zapdos|16/100 tox|[from] psn\n|-end|p2a: Comfey|move: Heal Block\n|upkeep\n|turn|29\n|inactive|Time left: 300 sec this turn | 300 sec total\n|\n|t:|1783566183\n|move|p2a: Comfey|Draining Kiss|p1a: Zapdos\n|-supereffective|p1a: Zapdos\n|-damage|p1a: Zapdos|0 fnt\n|-heal|p2a: Comfey|210/225|[from] drain|[of] p1a: Zapdos\n|faint|p1a: Zapdos\n|\n|-sideend|p1: p0x2255ea20|move: Aurora Veil\n|upkeep\n|\n|t:|1783566184\n|switch|p1a: Uxie|Uxie, L83|9/100\n|turn|30\n|inactive|Time left: 300 sec this turn | 300 sec total\n|\n|t:|1783566185\n|move|p2a: Comfey|Draining Kiss|p1a: Uxie\n|-damage|p1a: Uxie|0 fnt\n|-heal|p2a: Comfey|225/225|[from] drain|[of] p1a: Uxie\n|faint|p1a: Uxie\n|\n|upkeep\n|\n|t:|1783566186\n|switch|p1a: Ninetales|Ninetales-Alola, L78, M|48/100\n|-weather|Snowscape|[from] ability: Snow Warning|[of] p1a: Ninetales\n|turn|31\n|inactive|Time left: 300 sec this turn | 300 sec total\n|\n|t:|1783566186\n|switch|p1a: Latios|Latios, L78, M|44/100\n|move|p2a: Comfey|Tera Blast|p1a: Latios\n|-damage|p1a: Latios|0 fnt\n|faint|p1a: Latios\n|\n|-weather|Snowscape|[upkeep]\n|upkeep\n|\n|t:|1783566187\n|switch|p1a: Ninetales|Ninetales-Alola, L78, M|48/100\n|turn|32\n|inactive|Time left: 300 sec this turn | 300 sec total\n|\n|t:|1783566188\n|-terastallize|p2a: Comfey|Ground\n|move|p2a: Comfey|Tera Blast|p1a: Ninetales|[anim] Tera Blast Ground\n|-damage|p1a: Ninetales|0 fnt\n|faint|p1a: Ninetales\n|\n|win|p0y2255e607", "uploadtime": 1783566188, "views": 0, "rating": 0, "private": 0, "password": null, "_winner": "p0y2255e607", "_our_name": "p0y2255e607"}