{"id": "battle-gen9randombattle-51", "formatid": "gen9randombattle", "format": "[Gen 9] Random Battle", "players": ["p0x051cfe8", "p0y051824b"], "log": "|init|battle\n|title|p0x051cfe8 vs. p0y051824b\n|j|\u2606p0x051cfe8\n|j|\u2606p0y051824b\n|t:|1783533829\n|gametype|singles\n|player|p1|p0x051cfe8|2|\n|player|p2|p0y051824b|102|\n|gen|9\n|tier|[Gen 9] Random Battle\n|rule|Species Clause: Limit one of each Pok\u00e9mon\n|rule|HP Percentage Mod: HP is shown in percentages\n|rule|Sleep Clause Mod: Limit one foe put to sleep\n|rule|Illusion Level Mod: Illusion disguises the Pok\u00e9mon's true level\n|\n|t:|1783533829\n|teamsize|p1|6\n|teamsize|p2|6\n|start\n|switch|p1a: Bellossom|Bellossom, L84, F|263/263\n|switch|p2a: Hariyama|Hariyama, L87, M|100/100\n|turn|1\n|inactive|Battle timer is ON: inactive players will automatically lose when time's up. (requested by p0y051824b)\n|inactive|Time left: 300 sec this turn | 300 sec total | 60 sec grace\n|inactive|p0x051cfe8 also wants the timer to be on.\n|\n|t:|1783533830\n|move|p2a: Hariyama|Knock Off|p1a: Bellossom\n|-damage|p1a: Bellossom|180/263\n|-enditem|p1a: Bellossom|Leftovers|[from] move: Knock Off|[of] p2a: Hariyama\n|move|p1a: Bellossom|Quiver Dance|p1a: Bellossom\n|-boost|p1a: Bellossom|spa|1\n|-boost|p1a: Bellossom|spd|1\n|-boost|p1a: Bellossom|spe|1\n|\n|upkeep\n|turn|2\n|inactive|Time left: 300 sec this turn | 300 sec total\n|\n|t:|1783533831\n|move|p1a: Bellossom|Strength Sap|p2a: Hariyama\n|-unboost|p2a: Hariyama|atk|1\n|-heal|p1a: Bellossom|263/263\n|move|p2a: Hariyama|Close Combat|p1a: Bellossom\n|-damage|p1a: Bellossom|170/263\n|-unboost|p2a: Hariyama|def|1\n|-unboost|p2a: Hariyama|spd|1\n|\n|upkeep\n|turn|3\n|inactive|Time left: 300 sec this turn | 300 sec total\n|\n|t:|1783533832\n|switch|p2a: Heracross|Heracross, L80, F|100/100\n|move|p1a: Bellossom|Quiver Dance|p1a: Bellossom\n|-boost|p1a: Bellossom|spa|1\n|-boost|p1a: Bellossom|spd|1\n|-boost|p1a: Bellossom|spe|1\n|\n|upkeep\n|turn|4\n|inactive|Time left: 300 sec this turn | 300 sec total\n|\n|t:|1783533833\n|-terastallize|p1a: Bellossom|Fairy\n|move|p2a: Heracross|Megahorn|p1a: Bellossom|[miss]\n|-miss|p2a: Heracross|p1a: Bellossom\n|move|p1a: Bellossom|Moonblast|p2a: Heracross\n|-supereffective|p2a: Heracross\n|-damage|p2a: Heracross|0 fnt\n|faint|p2a: Heracross\n|\n|upkeep\n|\n|t:|1783533834\n|switch|p2a: Hariyama|Hariyama, L87, M|100/100\n|turn|5\n|inactive|Time left: 300 sec this turn | 300 sec total\n|\n|t:|1783533835\n|-terastallize|p2a: Hariyama|Steel\n|move|p1a: Bellossom|Strength Sap|p2a: Hariyama\n|-unboost|p2a: Hariyama|atk|1\n|-heal|p1a: Bellossom|263/263\n|move|p2a: Hariyama|Heavy Slam|p1a: Bellossom\n|-supereffective|p1a: Bellossom\n|-damage|p1a: Bellossom|45/263\n|\n|upkeep\n|turn|6\n|inactive|Time left: 300 sec this turn | 300 sec total\n|\n|t:|1783533836\n|move|p1a: Bellossom|Strength Sap|p2a: Hariyama\n|-unboost|p2a: Hariyama|atk|1\n|-heal|p1a: Bellossom|217/263\n|move|p2a: Hariyama|Heavy Slam|p1a: Bellossom\n|-supereffective|p1a: Bellossom\n|-damage|p1a: Bellossom|59/263\n|\n|upkeep\n|turn|7\n|inactive|Time left: 300 sec this turn | 300 sec total\n|\n|t:|1783533837\n|move|p1a: Bellossom|Strength Sap|p2a: Hariyama\n|-unboost|p2a: Hariyama|atk|1\n|-heal|p1a: Bellossom|188/263\n|move|p2a: Hariyama|Heavy Slam|p1a: Bellossom\n|-supereffective|p1a: Bellossom\n|-damage|p1a: Bellossom|78/263\n|\n|upkeep\n|turn|8\n|inactive|Time left: 300 sec this turn | 300 sec total\n|\n|t:|1783533838\n|move|p1a: Bellossom|Strength Sap|p2a: Hariyama\n|-unboost|p2a: Hariyama|atk|1\n|-heal|p1a: Bellossom|181/263\n|move|p2a: Hariyama|Heavy Slam|p1a: Bellossom\n|-supereffective|p1a: Bellossom\n|-crit|p1a: Bellossom\n|-damage|p1a: Bellossom|0 fnt\n|faint|p1a: Bellossom\n|\n|upkeep\n|inactive|Time left: 300 sec this turn | 300 sec total | 5 sec grace\n|\n|t:|1783533839\n|switch|p1a: Noctowl|Noctowl, L95, F|344/344\n|turn|9\n|inactive|Time left: 300 sec this turn | 300 sec total\n|\n|t:|1783533840\n|switch|p2a: Excadrill|Excadrill, L79, M|100/100\n|-ability|p2a: Excadrill|Mold Breaker\n|move|p1a: Noctowl|Nasty Plot|p1a: Noctowl\n|-boost|p1a: Noctowl|spa|2\n|\n|upkeep\n|turn|10\n|inactive|Time left: 300 sec this turn | 300 sec total\n|\n|t:|1783533841\n|switch|p2a: Hariyama|Hariyama, L87, M, tera:Steel|100/100\n|move|p1a: Noctowl|Hyper Voice|p2a: Hariyama\n|-resisted|p2a: Hariyama\n|-damage|p2a: Hariyama|56/100\n|\n|upkeep\n|turn|11\n|inactive|Time left: 300 sec this turn | 300 sec total\n|\n|t:|1783533842\n|move|p1a: Noctowl|Hurricane|p2a: Hariyama\n|-resisted|p2a: Hariyama\n|-damage|p2a: Hariyama|0 fnt\n|faint|p2a: Hariyama\n|\n|upkeep\n|\n|t:|1783533843\n|switch|p2a: Eternatus|Eternatus, L69|100/100\n|-ability|p2a: Eternatus|Pressure\n|turn|12\n|inactive|Time left: 300 sec this turn | 300 sec total\n|\n|t:|1783533844\n|move|p2a: Eternatus|Meteor Beam||[still]\n|-prepare|p2a: Eternatus|Meteor Beam\n|-boost|p2a: Eternatus|spa|1\n|-enditem|p2a: Eternatus|Power Herb\n|-anim|p2a: Eternatus|Meteor Beam|p1a: Noctowl\n|-supereffective|p1a: Noctowl\n|-damage|p1a: Noctowl|154/344\n|move|p1a: Noctowl|Hyper Voice|p2a: Eternatus\n|-damage|p2a: Eternatus|20/100\n|\n|upkeep\n|turn|13\n|inactive|Time left: 300 sec this turn | 300 sec total\n|\n|t:|1783533845\n|move|p2a: Eternatus|Dynamax Cannon|p1a: Noctowl\n|-damage|p1a: Noctowl|37/344\n|move|p1a: Noctowl|Roost|p1a: Noctowl\n|-heal|p1a: Noctowl|209/344\n|-singleturn|p1a: Noctowl|move: Roost\n|\n|upkeep\n|turn|14\n|inactive|Time left: 300 sec this turn | 300 sec total\n|\n|t:|1783533846\n|move|p2a: Eternatus|Sludge Bomb|p1a: Noctowl\n|-damage|p1a: Noctowl|107/344\n|move|p1a: Noctowl|Hyper Voice|p2a: Eternatus\n|-damage|p2a: Eternatus|0 fnt\n|faint|p2a: Eternatus\n|\n|upkeep\n|\n|t:|1783533847\n|switch|p2a: Palkia|Palkia, L75|100/100\n|-ability|p2a: Palkia|Pressure\n|turn|15\n|inactive|Time left: 300 sec this turn | 300 sec total\n|\n|t:|1783533848\n|move|p2a: Palkia|Hydro Pump|p1a: Noctowl\n|-damage|p1a: Noctowl|0 fnt\n|faint|p1a: Noctowl\n|\n|upkeep\n|inactive|Time left: 300 sec this turn | 300 sec total | 5 sec grace\n|\n|t:|1783533849\n|switch|p1a: Regigigas|Regigigas, L84|322/322\n|-start|p1a: Regigigas|ability: Slow Start\n|turn|16\n|inactive|Time left: 300 sec this turn | 300 sec total\n|\n|t:|1783533850\n|move|p2a: Palkia|Hydro Pump|p1a: Regigigas\n|-damage|p1a: Regigigas|195/322\n|move|p1a: Regigigas|Knock Off|p2a: Palkia\n|-damage|p2a: Palkia|80/100\n|-enditem|p2a: Palkia|Lustrous Orb|[from] move: Knock Off|[of] p1a: Regigigas\n|\n|-heal|p1a: Regigigas|215/322|[from] item: Leftovers\n|upkeep\n|turn|17\n|inactive|Time left: 300 sec this turn | 300 sec total\n|\n|t:|1783533851\n|move|p2a: Palkia|Hydro Pump|p1a: Regigigas|[miss]\n|-miss|p2a: Palkia|p1a: Regigigas\n|move|p1a: Regigigas|Body Slam|p2a: Palkia\n|-damage|p2a: Palkia|56/100\n|\n|-heal|p1a: Regigigas|235/322|[from] item: Leftovers\n|upkeep\n|turn|18\n|inactive|Time left: 300 sec this turn | 300 sec total\n|\n|t:|1783533852\n|switch|p2a: Excadrill|Excadrill, L79, M|100/100\n|-ability|p2a: Excadrill|Mold Breaker\n|move|p1a: Regigigas|Body Slam|p2a: Excadrill\n|-resisted|p2a: Excadrill\n|-damage|p2a: Excadrill|84/100\n|-status|p2a: Excadrill|par\n|\n|-heal|p1a: Regigigas|255/322|[from] item: Leftovers\n|-heal|p2a: Excadrill|90/100 par|[from] item: Leftovers\n|upkeep\n|turn|19\n|inactive|Time left: 300 sec this turn | 300 sec total\n|\n|t:|1783533854\n|move|p1a: Regigigas|Knock Off|p2a: Excadrill\n|-damage|p2a: Excadrill|67/100 par\n|-enditem|p2a: Excadrill|Leftovers|[from] move: Knock Off|[of] p1a: Regigigas\n|cant|p2a: Excadrill|par\n|\n|-heal|p1a: Regigigas|275/322|[from] item: Leftovers\n|upkeep\n|turn|20\n|inactive|Time left: 300 sec this turn | 300 sec total\n|\n|t:|1783533855\n|move|p1a: Regigigas|Knock Off|p2a: Excadrill\n|-damage|p2a: Excadrill|50/100 par\n|move|p2a: Excadrill|Swords Dance|p2a: Excadrill\n|-boost|p2a: Excadrill|atk|2\n|\n|-heal|p1a: Regigigas|295/322|[from] item: Leftovers\n|-end|p1a: Regigigas|Slow Start\n|upkeep\n|turn|21\n|inactive|Time left: 300 sec this turn | 300 sec total\n|\n|t:|1783533856\n|move|p1a: Regigigas|Knock Off|p2a: Excadrill\n|-damage|p2a: Excadrill|15/100 par\n|move|p2a: Excadrill|Earthquake|p1a: Regigigas\n|-damage|p1a: Regigigas|96/322\n|\n|-heal|p1a: Regigigas|116/322|[from] item: Leftovers\n|upkeep\n|turn|22\n|inactive|Time left: 300 sec this turn | 300 sec total\n|\n|t:|1783533857\n|move|p1a: Regigigas|Knock Off|p2a: Excadrill\n|-crit|p2a: Excadrill\n|-damage|p2a: Excadrill|0 fnt\n|faint|p2a: Excadrill\n|\n|-heal|p1a: Regigigas|136/322|[from] item: Leftovers\n|upkeep\n|\n|t:|1783533858\n|switch|p2a: Calyrex|Calyrex, L93|100/100\n|-ability|p2a: Calyrex|Unnerve\n|turn|23\n|inactive|Time left: 300 sec this turn | 300 sec total\n|\n|t:|1783533859\n|move|p1a: Regigigas|Knock Off|p2a: Calyrex\n|-supereffective|p2a: Calyrex\n|-damage|p2a: Calyrex|42/100\n|-enditem|p2a: Calyrex|Leftovers|[from] move: Knock Off|[of] p1a: Regigigas\n|move|p2a: Calyrex|Giga Drain|p1a: Regigigas\n|-damage|p1a: Regigigas|69/322\n|-heal|p2a: Calyrex|52/100|[from] drain|[of] p1a: Regigigas\n|\n|-heal|p1a: Regigigas|89/322|[from] item: Leftovers\n|upkeep\n|turn|24\n|inactive|Time left: 300 sec this turn | 300 sec total\n|\n|t:|1783533861\n|move|p1a: Regigigas|Body Slam|p2a: Calyrex\n|-damage|p2a: Calyrex|15/100\n|move|p2a: Calyrex|Body Press|p1a: Regigigas\n|-supereffective|p1a: Regigigas\n|-damage|p1a: Regigigas|0 fnt\n|faint|p1a: Regigigas\n|-end|p1a: Regigigas|Slow Start|[silent]\n|\n|upkeep\n|inactive|Time left: 300 sec this turn | 300 sec total | 5 sec grace\n|\n|t:|1783533862\n|switch|p1a: Decidueye|Decidueye, L88, F|281/281\n|turn|25\n|inactive|Time left: 300 sec this turn | 300 sec total\n|\n|t:|1783533863\n|move|p2a: Calyrex|Psychic|p1a: Decidueye\n|-damage|p1a: Decidueye|187/281\n|move|p1a: Decidueye|Spirit Shackle|p2a: Calyrex\n|-supereffective|p2a: Calyrex\n|-damage|p2a: Calyrex|0 fnt\n|faint|p2a: Calyrex\n|\n|upkeep\n|\n|t:|1783533864\n|switch|p2a: Palkia|Palkia, L75|56/100\n|-ability|p2a: Palkia|Pressure\n|turn|26\n|inactive|Time left: 300 sec this turn | 300 sec total\n|\n|t:|1783533865\n|move|p2a: Palkia|Thunder Wave|p1a: Decidueye\n|-status|p1a: Decidueye|par\n|cant|p1a: Decidueye|par\n|\n|upkeep\n|turn|27\n|inactive|Time left: 300 sec this turn | 300 sec total\n|\n|t:|1783533866\n|move|p2a: Palkia|Hydro Pump|p1a: Decidueye|[miss]\n|-miss|p2a: Palkia|p1a: Decidueye\n|cant|p1a: Decidueye|par\n|\n|upkeep\n|turn|28\n|inactive|Time left: 300 sec this turn | 300 sec total\n|\n|t:|1783533867\n|move|p2a: Palkia|Hydro Pump|p1a: Decidueye|[miss]\n|-miss|p2a: Palkia|p1a: Decidueye\n|move|p1a: Decidueye|Leaf Storm|p2a: Palkia\n|-damage|p2a: Palkia|6/100\n|-unboost|p1a: Decidueye|spa|2\n|\n|upkeep\n|turn|29\n|inactive|Time left: 300 sec this turn | 300 sec total\n|\n|t:|1783533868\n|move|p2a: Palkia|Fire Blast|p1a: Decidueye|[miss]\n|-miss|p2a: Palkia|p1a: Decidueye\n|move|p1a: Decidueye|Knock Off|p2a: Palkia\n|-damage|p2a: Palkia|0 fnt\n|faint|p2a: Palkia\n|\n|win|p0x051cfe8", "uploadtime": 1783533868, "views": 0, "rating": 0, "private": 0, "password": null, "_winner": "p0x051cfe8", "_our_name": "p0x051cfe8"}