{"id": "battle-gen9randombattle-905", "formatid": "gen9randombattle", "format": "[Gen 9] Random Battle", "players": ["p0x9059b2e", "p0y905681b"], "log": "|init|battle\n|title|p0x9059b2e vs. p0y905681b\n|j|\u2606p0x9059b2e\n|j|\u2606p0y905681b\n|t:|1783549648\n|gametype|singles\n|player|p1|p0x9059b2e|1|\n|player|p2|p0y905681b|169|\n|gen|9\n|tier|[Gen 9] Random Battle\n|rule|Species Clause: Limit one of each Pok\u00e9mon\n|rule|HP Percentage Mod: HP is shown in percentages\n|rule|Sleep Clause Mod: Limit one foe put to sleep\n|rule|Illusion Level Mod: Illusion disguises the Pok\u00e9mon's true level\n|\n|t:|1783549648\n|teamsize|p1|6\n|teamsize|p2|6\n|start\n|switch|p1a: Cacturne|Cacturne, L92, F|278/278\n|switch|p2a: Articuno|Articuno-Galar, L84|100/100\n|turn|1\n|inactive|Battle timer is ON: inactive players will automatically lose when time's up. (requested by p0y905681b)\n|inactive|Time left: 300 sec this turn | 300 sec total | 60 sec grace\n|inactive|p0x9059b2e also wants the timer to be on.\n|\n|t:|1783549649\n|-terastallize|p1a: Cacturne|Dark\n|move|p2a: Articuno|Hurricane|p1a: Cacturne\n|-damage|p1a: Cacturne|97/278\n|move|p1a: Cacturne|Knock Off|p2a: Articuno\n|-supereffective|p2a: Articuno\n|-damage|p2a: Articuno|0 fnt\n|-enditem|p2a: Articuno|Heavy-Duty Boots|[from] move: Knock Off|[of] p1a: Cacturne\n|faint|p2a: Articuno\n|-damage|p1a: Cacturne|70/278|[from] item: Life Orb\n|\n|upkeep\n|\n|t:|1783549651\n|switch|p2a: Greninja|Greninja, L80, M|100/100\n|turn|2\n|inactive|Time left: 300 sec this turn | 300 sec total\n|\n|t:|1783549652\n|move|p1a: Cacturne|Sucker Punch|p2a: Greninja\n|-resisted|p2a: Greninja\n|-damage|p2a: Greninja|56/100\n|-damage|p1a: Cacturne|43/278|[from] item: Life Orb\n|move|p2a: Greninja|Ice Beam|p1a: Cacturne\n|-damage|p1a: Cacturne|0 fnt\n|faint|p1a: Cacturne\n|-ability|p2a: Greninja|Battle Bond|boost\n|-boost|p2a: Greninja|atk|1\n|-boost|p2a: Greninja|spa|1\n|-boost|p2a: Greninja|spe|1\n|-activate|p2a: Greninja|ability: Battle Bond\n|-damage|p2a: Greninja|46/100|[from] item: Life Orb\n|\n|upkeep\n|inactive|Time left: 300 sec this turn | 300 sec total | 5 sec grace\n|\n|t:|1783549653\n|switch|p1a: Porygon-Z|Porygon-Z, L83|277/277\n|turn|3\n|inactive|Time left: 300 sec this turn | 300 sec total\n|\n|t:|1783549655\n|-terastallize|p2a: Greninja|Water\n|move|p2a: Greninja|Hydro Pump|p1a: Porygon-Z\n|-damage|p1a: Porygon-Z|0 fnt\n|faint|p1a: Porygon-Z\n|-damage|p2a: Greninja|37/100|[from] item: Life Orb\n|\n|upkeep\n|inactive|Time left: 300 sec this turn | 300 sec total | 5 sec grace\n|\n|t:|1783549656\n|switch|p1a: Victreebel|Victreebel, L90, F|290/290\n|turn|4\n|inactive|Time left: 300 sec this turn | 300 sec total\n|\n|t:|1783549657\n|move|p2a: Greninja|Ice Beam|p1a: Victreebel\n|-supereffective|p1a: Victreebel\n|-damage|p1a: Victreebel|40/290\n|-damage|p2a: Greninja|27/100|[from] item: Life Orb\n|move|p1a: Victreebel|Strength Sap|p2a: Greninja\n|-unboost|p2a: Greninja|atk|1\n|-heal|p1a: Victreebel|290/290\n|\n|upkeep\n|turn|5\n|inactive|Time left: 300 sec this turn | 300 sec total\n|\n|t:|1783549658\n|move|p2a: Greninja|Ice Beam|p1a: Victreebel\n|-supereffective|p1a: Victreebel\n|-damage|p1a: Victreebel|43/290\n|-damage|p2a: Greninja|17/100|[from] item: Life Orb\n|move|p1a: Victreebel|Sludge Wave|p2a: Greninja\n|-damage|p2a: Greninja|0 fnt\n|faint|p2a: Greninja\n|-damage|p1a: Victreebel|14/290|[from] item: Life Orb\n|\n|upkeep\n|\n|t:|1783549659\n|switch|p2a: Raichu|Raichu, L88, M|100/100\n|turn|6\n|inactive|Time left: 300 sec this turn | 300 sec total\n|\n|t:|1783549660\n|move|p2a: Raichu|Thunderbolt|p1a: Victreebel\n|-resisted|p1a: Victreebel\n|-damage|p1a: Victreebel|0 fnt\n|faint|p1a: Victreebel\n|\n|upkeep\n|inactive|Time left: 300 sec this turn | 300 sec total | 5 sec grace\n|\n|t:|1783549661\n|switch|p1a: Pecharunt|Pecharunt, L77|262/262\n|turn|7\n|inactive|Time left: 300 sec this turn | 300 sec total\n|\n|t:|1783549662\n|move|p2a: Raichu|Nuzzle|p1a: Pecharunt\n|-damage|p1a: Pecharunt|246/262\n|-status|p1a: Pecharunt|par\n|-damage|p2a: Raichu|84/100|[from] item: Rocky Helmet|[of] p1a: Pecharunt\n|move|p1a: Pecharunt|Malignant Chain|p2a: Raichu\n|-damage|p2a: Raichu|61/100\n|\n|upkeep\n|turn|8\n|inactive|Time left: 300 sec this turn | 300 sec total\n|\n|t:|1783549664\n|move|p2a: Raichu|Thunderbolt|p1a: Pecharunt\n|-damage|p1a: Pecharunt|131/262 par\n|move|p1a: Pecharunt|Malignant Chain|p2a: Raichu\n|-damage|p2a: Raichu|39/100\n|\n|upkeep\n|turn|9\n|inactive|Time left: 300 sec this turn | 300 sec total\n|\n|t:|1783549666\n|move|p2a: Raichu|Thunderbolt|p1a: Pecharunt\n|-damage|p1a: Pecharunt|19/262 par\n|cant|p1a: Pecharunt|par\n|\n|upkeep\n|turn|10\n|inactive|Time left: 300 sec this turn | 300 sec total\n|\n|t:|1783549668\n|move|p2a: Raichu|Thunderbolt|p1a: Pecharunt\n|-damage|p1a: Pecharunt|0 fnt\n|faint|p1a: Pecharunt\n|\n|upkeep\n|inactive|Time left: 300 sec this turn | 300 sec total | 5 sec grace\n|\n|t:|1783549669\n|switch|p1a: Minun|Minun, L95, M|268/268\n|turn|11\n|inactive|Time left: 300 sec this turn | 300 sec total\n|\n|t:|1783549669\n|switch|p2a: Landorus|Landorus-Therian, L76, M|100/100\n|-ability|p2a: Landorus|Intimidate|boost\n|-unboost|p1a: Minun|atk|1\n|move|p1a: Minun|Nasty Plot|p1a: Minun\n|-boost|p1a: Minun|spa|2\n|\n|upkeep\n|turn|12\n|inactive|Time left: 300 sec this turn | 300 sec total\n|\n|t:|1783549671\n|switch|p1a: Granbull|Granbull, L88, M|302/302\n|-ability|p1a: Granbull|Intimidate|boost\n|-unboost|p2a: Landorus|atk|1\n|move|p2a: Landorus|Earthquake|p1a: Granbull\n|-damage|p1a: Granbull|220/302\n|\n|-heal|p1a: Granbull|238/302|[from] item: Leftovers\n|upkeep\n|turn|13\n|inactive|Time left: 300 sec this turn | 300 sec total\n|\n|t:|1783549671\n|switch|p2a: Brambleghast|Brambleghast, L88, M|100/100\n|move|p1a: Granbull|Play Rough|p2a: Brambleghast\n|-damage|p2a: Brambleghast|42/100\n|\n|-heal|p2a: Brambleghast|48/100|[from] item: Leftovers\n|-heal|p1a: Granbull|256/302|[from] item: Leftovers\n|upkeep\n|turn|14\n|inactive|Time left: 300 sec this turn | 300 sec total\n|\n|t:|1783549672\n|move|p2a: Brambleghast|Strength Sap|p1a: Granbull\n|-unboost|p1a: Granbull|atk|1\n|-heal|p2a: Brambleghast|100/100\n|move|p1a: Granbull|Play Rough|p2a: Brambleghast|[miss]\n|-miss|p1a: Granbull|p2a: Brambleghast\n|\n|-heal|p1a: Granbull|274/302|[from] item: Leftovers\n|upkeep\n|turn|15\n|inactive|Time left: 300 sec this turn | 300 sec total\n|\n|t:|1783549673\n|move|p2a: Brambleghast|Power Whip|p1a: Granbull\n|-damage|p1a: Granbull|94/302\n|move|p1a: Granbull|Play Rough|p2a: Brambleghast\n|-damage|p2a: Brambleghast|58/100\n|-unboost|p2a: Brambleghast|atk|1\n|\n|-heal|p2a: Brambleghast|64/100|[from] item: Leftovers\n|-heal|p1a: Granbull|112/302|[from] item: Leftovers\n|upkeep\n|turn|16\n|inactive|Time left: 300 sec this turn | 300 sec total\n|\n|t:|1783549674\n|move|p2a: Brambleghast|Power Whip|p1a: Granbull\n|-damage|p1a: Granbull|0 fnt\n|faint|p1a: Granbull\n|\n|-heal|p2a: Brambleghast|70/100|[from] item: Leftovers\n|upkeep\n|inactive|Time left: 300 sec this turn | 300 sec total | 5 sec grace\n|\n|t:|1783549675\n|switch|p1a: Minun|Minun, L95, M|268/268\n|turn|17\n|inactive|Time left: 300 sec this turn | 300 sec total\n|\n|t:|1783549676\n|switch|p2a: Landorus|Landorus-Therian, L76, M|100/100\n|-ability|p2a: Landorus|Intimidate|boost\n|-unboost|p1a: Minun|atk|1\n|move|p1a: Minun|Nasty Plot|p1a: Minun\n|-boost|p1a: Minun|spa|2\n|\n|upkeep\n|turn|18\n|inactive|Time left: 300 sec this turn | 300 sec total\n|\n|t:|1783549677\n|move|p1a: Minun|Grass Knot|p2a: Landorus\n|-damage|p2a: Landorus|29/100\n|-damage|p1a: Minun|242/268|[from] item: Life Orb\n|move|p2a: Landorus|Earthquake|p1a: Minun\n|-supereffective|p1a: Minun\n|-damage|p1a: Minun|0 fnt\n|faint|p1a: Minun\n|\n|win|p0y905681b", "uploadtime": 1783549677, "views": 0, "rating": 0, "private": 0, "password": null, "_winner": "p0y905681b", "_our_name": "p0x9059b2e"}