{"id": "battle-gen9randombattle-1354", "formatid": "gen9randombattle", "format": "[Gen 9] Random Battle", "players": ["p0x13541eb1", "p0y13543103"], "log": "|init|battle\n|title|p0x13541eb1 vs. p0y13543103\n|j|\u2606p0x13541eb1\n|j|\u2606p0y13543103\n|t:|1783554848\n|gametype|singles\n|player|p1|p0x13541eb1|170|\n|player|p2|p0y13543103|266|\n|gen|9\n|tier|[Gen 9] Random Battle\n|rule|Species Clause: Limit one of each Pok\u00e9mon\n|rule|HP Percentage Mod: HP is shown in percentages\n|rule|Sleep Clause Mod: Limit one foe put to sleep\n|rule|Illusion Level Mod: Illusion disguises the Pok\u00e9mon's true level\n|\n|t:|1783554848\n|teamsize|p1|6\n|teamsize|p2|6\n|start\n|switch|p1a: Rotom|Rotom-Fan, L86|100/100\n|switch|p2a: Garganacl|Garganacl, L80, F|291/291\n|turn|1\n|inactive|Battle timer is ON: inactive players will automatically lose when time's up. (requested by p0x13541eb1)\n|inactive|Time left: 300 sec this turn | 300 sec total | 60 sec grace\n|inactive|p0y13543103 also wants the timer to be on.\n|\n|t:|1783554850\n|switch|p1a: Heracross|Heracross, L80, F|100/100\n|move|p2a: Garganacl|Salt Cure|p1a: Heracross\n|-damage|p1a: Heracross|82/100\n|-start|p1a: Heracross|Salt Cure\n|\n|-damage|p1a: Heracross|69/100|[from] Salt Cure\n|-status|p1a: Heracross|brn|[from] item: Flame Orb\n|upkeep\n|turn|2\n|inactive|Time left: 300 sec this turn | 300 sec total\n|\n|t:|1783554851\n|move|p1a: Heracross|Close Combat|p2a: Garganacl\n|-supereffective|p2a: Garganacl\n|-damage|p2a: Garganacl|0 fnt\n|-unboost|p1a: Heracross|def|1\n|-unboost|p1a: Heracross|spd|1\n|faint|p2a: Garganacl\n|\n|-damage|p1a: Heracross|63/100 brn|[from] brn\n|-damage|p1a: Heracross|51/100 brn|[from] Salt Cure\n|upkeep\n|inactive|Time left: 300 sec this turn | 300 sec total | 5 sec grace\n|\n|t:|1783554852\n|switch|p2a: Zacian|Zacian, L69|241/241\n|-ability|p2a: Zacian|Intrepid Sword|boost\n|-boost|p2a: Zacian|atk|1\n|turn|3\n|inactive|Time left: 300 sec this turn | 300 sec total\n|\n|t:|1783554853\n|switch|p1a: Talonflame|Talonflame, L83, M|100/100\n|move|p2a: Zacian|Play Rough|p1a: Talonflame\n|-resisted|p1a: Talonflame\n|-damage|p1a: Talonflame|60/100\n|\n|upkeep\n|turn|4\n|inactive|Time left: 300 sec this turn | 300 sec total\n|\n|t:|1783554854\n|move|p1a: Talonflame|Roost|p1a: Talonflame\n|-heal|p1a: Talonflame|100/100\n|-singleturn|p1a: Talonflame|move: Roost\n|move|p2a: Zacian|Play Rough|p1a: Talonflame\n|-resisted|p1a: Talonflame\n|-damage|p1a: Talonflame|64/100\n|\n|upkeep\n|turn|5\n|inactive|Time left: 300 sec this turn | 300 sec total\n|\n|t:|1783554855\n|move|p1a: Talonflame|Roost|p1a: Talonflame\n|-heal|p1a: Talonflame|100/100\n|-singleturn|p1a: Talonflame|move: Roost\n|move|p2a: Zacian|Play Rough|p1a: Talonflame|[miss]\n|-miss|p2a: Zacian|p1a: Talonflame\n|\n|upkeep\n|turn|6\n|inactive|Time left: 300 sec this turn | 300 sec total\n|\n|t:|1783554856\n|move|p1a: Talonflame|Brave Bird|p2a: Zacian\n|-damage|p2a: Zacian|142/241\n|-damage|p1a: Talonflame|88/100|[from] Recoil\n|move|p2a: Zacian|Play Rough|p1a: Talonflame\n|-resisted|p1a: Talonflame\n|-damage|p1a: Talonflame|47/100\n|-status|p2a: Zacian|brn|[from] ability: Flame Body|[of] p1a: Talonflame\n|\n|-damage|p2a: Zacian|127/241 brn|[from] brn\n|upkeep\n|turn|7\n|inactive|Time left: 300 sec this turn | 300 sec total\n|\n|t:|1783554857\n|move|p1a: Talonflame|Roost|p1a: Talonflame\n|-heal|p1a: Talonflame|97/100\n|-singleturn|p1a: Talonflame|move: Roost\n|move|p2a: Zacian|Play Rough|p1a: Talonflame\n|-resisted|p1a: Talonflame\n|-damage|p1a: Talonflame|77/100\n|\n|-damage|p2a: Zacian|112/241 brn|[from] brn\n|upkeep\n|turn|8\n|inactive|Time left: 300 sec this turn | 300 sec total\n|\n|t:|1783554858\n|move|p1a: Talonflame|Brave Bird|p2a: Zacian\n|-damage|p2a: Zacian|0 fnt\n|faint|p2a: Zacian\n|-damage|p1a: Talonflame|64/100|[from] Recoil\n|\n|upkeep\n|inactive|Time left: 300 sec this turn | 300 sec total | 5 sec grace\n|\n|t:|1783554859\n|switch|p2a: Necrozma|Necrozma-Dawn-Wings, L76|272/272\n|turn|9\n|inactive|Time left: 300 sec this turn | 300 sec total\n|\n|t:|1783554860\n|move|p1a: Talonflame|Brave Bird|p2a: Necrozma\n|-damage|p2a: Necrozma|173/272\n|-damage|p1a: Talonflame|51/100|[from] Recoil\n|move|p2a: Necrozma|Photon Geyser|p1a: Talonflame\n|-damage|p1a: Talonflame|0 fnt\n|faint|p1a: Talonflame\n|\n|-heal|p2a: Necrozma|190/272|[from] item: Leftovers\n|upkeep\n|\n|t:|1783554861\n|switch|p1a: Sandslash|Sandslash, L89, F|100/100\n|turn|10\n|inactive|Time left: 300 sec this turn | 300 sec total\n|\n|t:|1783554862\n|switch|p2a: Krookodile|Krookodile, L79, F|280/280\n|-ability|p2a: Krookodile|Intimidate|boost\n|-unboost|p1a: Sandslash|atk|1\n|move|p1a: Sandslash|Swords Dance|p1a: Sandslash\n|-boost|p1a: Sandslash|atk|2\n|\n|upkeep\n|turn|11\n|inactive|Time left: 300 sec this turn | 300 sec total\n|\n|t:|1783554863\n|move|p2a: Krookodile|Bulk Up|p2a: Krookodile\n|-boost|p2a: Krookodile|atk|1\n|-boost|p2a: Krookodile|def|1\n|move|p1a: Sandslash|Earthquake|p2a: Krookodile\n|-damage|p2a: Krookodile|133/280\n|\n|-heal|p2a: Krookodile|150/280|[from] item: Leftovers\n|upkeep\n|turn|12\n|inactive|Time left: 300 sec this turn | 300 sec total\n|\n|t:|1783554864\n|move|p2a: Krookodile|Knock Off|p1a: Sandslash\n|-damage|p1a: Sandslash|57/100\n|-enditem|p1a: Sandslash|Leftovers|[from] move: Knock Off|[of] p2a: Krookodile\n|move|p1a: Sandslash|Earthquake|p2a: Krookodile\n|-damage|p2a: Krookodile|3/280\n|\n|-heal|p2a: Krookodile|20/280|[from] item: Leftovers\n|upkeep\n|turn|13\n|inactive|Time left: 300 sec this turn | 300 sec total\n|\n|t:|1783554866\n|move|p2a: Krookodile|Earthquake|p1a: Sandslash\n|-damage|p1a: Sandslash|9/100\n|move|p1a: Sandslash|Earthquake|p2a: Krookodile\n|-damage|p2a: Krookodile|0 fnt\n|faint|p2a: Krookodile\n|\n|upkeep\n|inactive|Time left: 300 sec this turn | 300 sec total | 5 sec grace\n|\n|t:|1783554867\n|switch|p2a: Pikachu|Pikachu-Unova, L93, M|216/216\n|turn|14\n|inactive|Time left: 300 sec this turn | 300 sec total\n|\n|t:|1783554868\n|move|p2a: Pikachu|Fake Out|p1a: Sandslash\n|-damage|p1a: Sandslash|0 fnt\n|faint|p1a: Sandslash\n|\n|upkeep\n|\n|t:|1783554868\n|switch|p1a: Giratina|Giratina, L75|100/100\n|-ability|p1a: Giratina|Pressure\n|turn|15\n|inactive|Time left: 300 sec this turn | 300 sec total\n|\n|t:|1783554869\n|move|p2a: Pikachu|Volt Switch|p1a: Giratina\n|-resisted|p1a: Giratina\n|-damage|p1a: Giratina|86/100\n|inactive|Time left: 300 sec this turn | 300 sec total | 5 sec grace\n|\n|t:|1783554870\n|switch|p2a: Necrozma|Necrozma-Dawn-Wings, L76|190/272|[from] Volt Switch\n|move|p1a: Giratina|Shadow Ball|p2a: Necrozma\n|-supereffective|p2a: Necrozma\n|-damage|p2a: Necrozma|0 fnt\n|faint|p2a: Necrozma\n|\n|-heal|p1a: Giratina|92/100|[from] item: Leftovers\n|upkeep\n|inactive|Time left: 300 sec this turn | 300 sec total | 10 sec grace\n|\n|t:|1783554871\n|switch|p2a: Deoxys|Deoxys-Defense, L84|221/221\n|-ability|p2a: Deoxys|Pressure\n|turn|16\n|inactive|Time left: 300 sec this turn | 300 sec total\n|\n|t:|1783554872\n|move|p2a: Deoxys|Stealth Rock|p1a: Giratina\n|-sidestart|p1: p0x13541eb1|move: Stealth Rock\n|move|p1a: Giratina|Shadow Ball|p2a: Deoxys\n|-supereffective|p2a: Deoxys\n|-damage|p2a: Deoxys|137/221\n|\n|-heal|p2a: Deoxys|150/221|[from] item: Leftovers\n|-heal|p1a: Giratina|98/100|[from] item: Leftovers\n|upkeep\n|turn|17\n|inactive|Time left: 300 sec this turn | 300 sec total\n|\n|t:|1783554873\n|move|p2a: Deoxys|Recover|p2a: Deoxys\n|-heal|p2a: Deoxys|221/221\n|move|p1a: Giratina|Shadow Ball|p2a: Deoxys\n|-supereffective|p2a: Deoxys\n|-damage|p2a: Deoxys|137/221\n|-unboost|p2a: Deoxys|spd|1\n|\n|-heal|p2a: Deoxys|150/221|[from] item: Leftovers\n|-heal|p1a: Giratina|100/100|[from] item: Leftovers\n|upkeep\n|turn|18\n|inactive|Time left: 300 sec this turn | 300 sec total\n|\n|t:|1783554874\n|move|p2a: Deoxys|Recover|p2a: Deoxys\n|-heal|p2a: Deoxys|221/221\n|move|p1a: Giratina|Shadow Ball|p2a: Deoxys\n|-supereffective|p2a: Deoxys\n|-damage|p2a: Deoxys|87/221\n|\n|-heal|p2a: Deoxys|100/221|[from] item: Leftovers\n|upkeep\n|turn|19\n|inactive|Time left: 300 sec this turn | 300 sec total\n|\n|t:|1783554875\n|move|p2a: Deoxys|Recover|p2a: Deoxys\n|-heal|p2a: Deoxys|211/221\n|move|p1a: Giratina|Shadow Ball|p2a: Deoxys\n|-supereffective|p2a: Deoxys\n|-damage|p2a: Deoxys|73/221\n|\n|-heal|p2a: Deoxys|86/221|[from] item: Leftovers\n|upkeep\n|turn|20\n|inactive|Time left: 300 sec this turn | 300 sec total\n|\n|t:|1783554876\n|move|p2a: Deoxys|Recover|p2a: Deoxys\n|-heal|p2a: Deoxys|197/221\n|move|p1a: Giratina|Shadow Ball|p2a: Deoxys\n|-supereffective|p2a: Deoxys\n|-damage|p2a: Deoxys|57/221\n|\n|-heal|p2a: Deoxys|70/221|[from] item: Leftovers\n|upkeep\n|turn|21\n|inactive|Time left: 300 sec this turn | 300 sec total\n|\n|t:|1783554877\n|move|p2a: Deoxys|Recover|p2a: Deoxys\n|-heal|p2a: Deoxys|181/221\n|move|p1a: Giratina|Shadow Ball|p2a: Deoxys\n|-supereffective|p2a: Deoxys\n|-damage|p2a: Deoxys|53/221\n|\n|-heal|p2a: Deoxys|66/221|[from] item: Leftovers\n|upkeep\n|turn|22\n|inactive|Time left: 300 sec this turn | 300 sec total\n|\n|t:|1783554879\n|move|p2a: Deoxys|Recover|p2a: Deoxys\n|-heal|p2a: Deoxys|177/221\n|move|p1a: Giratina|Shadow Ball|p2a: Deoxys\n|-supereffective|p2a: Deoxys\n|-damage|p2a: Deoxys|31/221\n|\n|-heal|p2a: Deoxys|44/221|[from] item: Leftovers\n|upkeep\n|turn|23\n|inactive|Time left: 300 sec this turn | 300 sec total\n|\n|t:|1783554880\n|move|p2a: Deoxys|Recover|p2a: Deoxys\n|-heal|p2a: Deoxys|155/221\n|move|p1a: Giratina|Shadow Ball|p2a: Deoxys\n|-supereffective|p2a: Deoxys\n|-damage|p2a: Deoxys|23/221\n|-unboost|p2a: Deoxys|spd|1\n|\n|-heal|p2a: Deoxys|36/221|[from] item: Leftovers\n|upkeep\n|turn|24\n|inactive|Time left: 300 sec this turn | 300 sec total\n|\n|t:|1783554881\n|-terastallize|p2a: Deoxys|Fairy\n|move|p2a: Deoxys|Recover|p2a: Deoxys\n|-heal|p2a: Deoxys|147/221\n|move|p1a: Giratina|Shadow Ball|p2a: Deoxys\n|-damage|p2a: Deoxys|54/221\n|\n|-heal|p2a: Deoxys|67/221|[from] item: Leftovers\n|upkeep\n|turn|25\n|inactive|Time left: 300 sec this turn | 300 sec total\n|\n|t:|1783554882\n|switch|p2a: Pikachu|Pikachu-Unova, L93, M|216/216\n|move|p1a: Giratina|Shadow Ball|p2a: Pikachu\n|-damage|p2a: Pikachu|122/216\n|\n|upkeep\n|turn|26\n|inactive|Time left: 300 sec this turn | 300 sec total\n|\n|t:|1783554883\n|move|p2a: Pikachu|Volt Switch|p1a: Giratina\n|-resisted|p1a: Giratina\n|-damage|p1a: Giratina|87/100\n|inactive|Time left: 300 sec this turn | 300 sec total | 5 sec grace\n|\n|t:|1783554884\n|switch|p2a: Deoxys|Deoxys-Defense, L84, tera:Fairy|67/221|[from] Volt Switch\n|-ability|p2a: Deoxys|Pressure\n|move|p1a: Giratina|Shadow Ball|p2a: Deoxys\n|-damage|p2a: Deoxys|25/221\n|\n|-heal|p2a: Deoxys|38/221|[from] item: Leftovers\n|-heal|p1a: Giratina|93/100|[from] item: Leftovers\n|upkeep\n|turn|27\n|inactive|Time left: 300 sec this turn | 300 sec total\n|\n|t:|1783554886\n|switch|p2a: Pikachu|Pikachu-Unova, L93, M|122/216\n|move|p1a: Giratina|Shadow Ball|p2a: Pikachu\n|-damage|p2a: Pikachu|31/216\n|\n|-heal|p1a: Giratina|99/100|[from] item: Leftovers\n|upkeep\n|turn|28\n|inactive|Time left: 300 sec this turn | 300 sec total\n|\n|t:|1783554887\n|move|p2a: Pikachu|Surf|p1a: Giratina\n|-resisted|p1a: Giratina\n|-damage|p1a: Giratina|87/100\n|move|p1a: Giratina|Shadow Ball|p2a: Pikachu\n|-damage|p2a: Pikachu|0 fnt\n|faint|p2a: Pikachu\n|\n|-heal|p1a: Giratina|93/100|[from] item: Leftovers\n|upkeep\n|inactive|Time left: 300 sec this turn | 300 sec total | 5 sec grace\n|\n|t:|1783554888\n|switch|p2a: Deoxys|Deoxys-Defense, L84, tera:Fairy|38/221\n|-ability|p2a: Deoxys|Pressure\n|turn|29\n|inactive|Time left: 300 sec this turn | 300 sec total\n|\n|t:|1783554888\n|switch|p1a: Gengar|Gengar, L81, F|100/100\n|-damage|p1a: Gengar|88/100|[from] Stealth Rock\n|move|p2a: Deoxys|Stealth Rock||[still]\n|-fail|p2a: Deoxys\n|\n|-heal|p2a: Deoxys|51/221|[from] item: Leftovers\n|upkeep\n|turn|30\n|inactive|Time left: 300 sec this turn | 300 sec total\n|\n|t:|1783554889\n|move|p1a: Gengar|Shadow Ball|p2a: Deoxys\n|-damage|p2a: Deoxys|0 fnt\n|faint|p2a: Deoxys\n|-damage|p1a: Gengar|78/100|[from] item: Life Orb\n|\n|win|p0x13541eb1", "uploadtime": 1783554889, "views": 0, "rating": 0, "private": 0, "password": null, "_winner": "p0x13541eb1", "_our_name": "p0y13543103"}