{"id": "battle-gen9randombattle-1298", "formatid": "gen9randombattle", "format": "[Gen 9] Random Battle", "players": ["p0x12989e9c", "p0y1298cb10"], "log": "|init|battle\n|title|p0x12989e9c vs. p0y1298cb10\n|j|\u2606p0x12989e9c\n|j|\u2606p0y1298cb10\n|t:|1783555058\n|gametype|singles\n|player|p1|p0x12989e9c|169|\n|player|p2|p0y1298cb10|2|\n|gen|9\n|tier|[Gen 9] Random Battle\n|rule|Species Clause: Limit one of each Pok\u00e9mon\n|rule|HP Percentage Mod: HP is shown in percentages\n|rule|Sleep Clause Mod: Limit one foe put to sleep\n|rule|Illusion Level Mod: Illusion disguises the Pok\u00e9mon's true level\n|\n|t:|1783555058\n|teamsize|p1|6\n|teamsize|p2|6\n|start\n|switch|p1a: Palkia|Palkia, L75|100/100\n|switch|p2a: Hydreigon|Hydreigon, L79, M|275/275\n|-ability|p1a: Palkia|Pressure\n|turn|1\n|inactive|Battle timer is ON: inactive players will automatically lose when time's up. (requested by p0y1298cb10)\n|inactive|p0x12989e9c also wants the timer to be on.\n|\n|t:|1783555060\n|move|p2a: Hydreigon|Draco Meteor|p1a: Palkia\n|-supereffective|p1a: Palkia\n|-damage|p1a: Palkia|0 fnt\n|-unboost|p2a: Hydreigon|spa|2\n|faint|p1a: Palkia\n|-damage|p2a: Hydreigon|248/275|[from] item: Life Orb\n|\n|upkeep\n|\n|t:|1783555061\n|switch|p1a: Archaludon|Archaludon, L78, F|100/100\n|turn|2\n|inactive|Time left: 300 sec this turn | 300 sec total\n|\n|t:|1783555062\n|switch|p2a: Rhyperior|Rhyperior, L82, M|323/323\n|move|p1a: Archaludon|Outrage|p2a: Rhyperior\n|-damage|p2a: Rhyperior|241/323\n|\n|upkeep\n|turn|3\n|inactive|Time left: 300 sec this turn | 300 sec total\n|\n|t:|1783555063\n|move|p1a: Archaludon|Outrage|p2a: Rhyperior|[from] lockedmove\n|-damage|p2a: Rhyperior|159/323\n|-start|p1a: Archaludon|confusion|[fatigue]\n|-enditem|p1a: Archaludon|Lum Berry|[eat]\n|-end|p1a: Archaludon|confusion\n|move|p2a: Rhyperior|Earthquake|p1a: Archaludon\n|-supereffective|p1a: Archaludon\n|-damage|p1a: Archaludon|27/100\n|-ability|p1a: Archaludon|Stamina|boost\n|-boost|p1a: Archaludon|def|1\n|\n|upkeep\n|turn|4\n|inactive|Time left: 300 sec this turn | 300 sec total\n|\n|t:|1783555065\n|move|p1a: Archaludon|Outrage|p2a: Rhyperior\n|-damage|p2a: Rhyperior|77/323\n|move|p2a: Rhyperior|Earthquake|p1a: Archaludon\n|-supereffective|p1a: Archaludon\n|-damage|p1a: Archaludon|0 fnt\n|faint|p1a: Archaludon\n|\n|upkeep\n|\n|t:|1783555066\n|switch|p1a: Masquerain|Masquerain, L87, F|100/100\n|-ability|p1a: Masquerain|Intimidate|boost\n|-unboost|p2a: Rhyperior|atk|1\n|turn|5\n|inactive|Time left: 300 sec this turn | 300 sec total\n|\n|t:|1783555067\n|move|p1a: Masquerain|Bug Buzz|p2a: Rhyperior\n|-damage|p2a: Rhyperior|0 fnt\n|faint|p2a: Rhyperior\n|\n|upkeep\n|inactive|Time left: 300 sec this turn | 300 sec total | 5 sec grace\n|\n|t:|1783555068\n|switch|p2a: Iron Boulder|Iron Boulder, L77|265/265\n|turn|6\n|inactive|Time left: 300 sec this turn | 300 sec total\n|\n|t:|1783555070\n|-terastallize|p1a: Masquerain|Water\n|move|p2a: Iron Boulder|Mighty Cleave|p1a: Masquerain\n|-damage|p1a: Masquerain|35/100\n|-damage|p2a: Iron Boulder|239/265|[from] item: Life Orb\n|move|p1a: Masquerain|Quiver Dance|p1a: Masquerain\n|-boost|p1a: Masquerain|spa|1\n|-boost|p1a: Masquerain|spd|1\n|-boost|p1a: Masquerain|spe|1\n|\n|upkeep\n|turn|7\n|inactive|Time left: 300 sec this turn | 300 sec total\n|\n|t:|1783555071\n|-terastallize|p2a: Iron Boulder|Fighting\n|move|p1a: Masquerain|Hydro Pump|p2a: Iron Boulder|[miss]\n|-miss|p1a: Masquerain|p2a: Iron Boulder\n|move|p2a: Iron Boulder|Mighty Cleave|p1a: Masquerain\n|-crit|p1a: Masquerain\n|-damage|p1a: Masquerain|0 fnt\n|faint|p1a: Masquerain\n|-damage|p2a: Iron Boulder|213/265|[from] item: Life Orb\n|\n|upkeep\n|\n|t:|1783555072\n|switch|p1a: Kilowattrel|Kilowattrel, L83, F|100/100\n|turn|8\n|inactive|Time left: 300 sec this turn | 300 sec total\n|\n|t:|1783555073\n|move|p1a: Kilowattrel|Hurricane|p2a: Iron Boulder|[miss]\n|-miss|p1a: Kilowattrel|p2a: Iron Boulder\n|move|p2a: Iron Boulder|Mighty Cleave|p1a: Kilowattrel\n|-supereffective|p1a: Kilowattrel\n|-damage|p1a: Kilowattrel|0 fnt\n|faint|p1a: Kilowattrel\n|-damage|p2a: Iron Boulder|187/265|[from] item: Life Orb\n|\n|upkeep\n|\n|t:|1783555074\n|switch|p1a: Serperior|Serperior, L79, M|100/100\n|turn|9\n|inactive|Time left: 300 sec this turn | 300 sec total\n|\n|t:|1783555075\n|move|p2a: Iron Boulder|Swords Dance|p2a: Iron Boulder\n|-boost|p2a: Iron Boulder|atk|2\n|move|p1a: Serperior|Glare|p2a: Iron Boulder\n|-status|p2a: Iron Boulder|par\n|\n|upkeep\n|turn|10\n|inactive|Time left: 300 sec this turn | 300 sec total\n|\n|t:|1783555076\n|move|p1a: Serperior|Leaf Storm|p2a: Iron Boulder|[miss]\n|-miss|p1a: Serperior|p2a: Iron Boulder\n|cant|p2a: Iron Boulder|par\n|\n|upkeep\n|turn|11\n|inactive|Time left: 300 sec this turn | 300 sec total\n|\n|t:|1783555077\n|move|p1a: Serperior|Leaf Storm|p2a: Iron Boulder|[miss]\n|-miss|p1a: Serperior|p2a: Iron Boulder\n|move|p2a: Iron Boulder|Mighty Cleave|p1a: Serperior\n|-damage|p1a: Serperior|0 fnt\n|faint|p1a: Serperior\n|-damage|p2a: Iron Boulder|161/265 par|[from] item: Life Orb\n|\n|upkeep\n|\n|t:|1783555078\n|switch|p1a: Seviper|Seviper, L93, F|100/100\n|turn|12\n|inactive|Time left: 300 sec this turn | 300 sec total\n|\n|t:|1783555079\n|move|p1a: Seviper|Knock Off|p2a: Iron Boulder\n|-resisted|p2a: Iron Boulder\n|-damage|p2a: Iron Boulder|99/265 par\n|-enditem|p2a: Iron Boulder|Life Orb|[from] move: Knock Off|[of] p1a: Seviper\n|-damage|p1a: Seviper|91/100|[from] item: Life Orb\n|move|p2a: Iron Boulder|Zen Headbutt|p1a: Seviper\n|-supereffective|p1a: Seviper\n|-crit|p1a: Seviper\n|-damage|p1a: Seviper|0 fnt\n|faint|p1a: Seviper\n|\n|win|p0y1298cb10", "uploadtime": 1783555079, "views": 0, "rating": 0, "private": 0, "password": null, "_winner": "p0y1298cb10", "_our_name": "p0y1298cb10"}