{"id": "battle-gen9randombattle-1529", "formatid": "gen9randombattle", "format": "[Gen 9] Random Battle", "players": ["p0x15295a33", "p0y15294a32"], "log": "|init|battle\n|title|p0x15295a33 vs. p0y15294a32\n|j|\u2606p0x15295a33\n|j|\u2606p0y15294a32\n|t:|1783556880\n|gametype|singles\n|player|p1|p0x15295a33|265|\n|player|p2|p0y15294a32|265|\n|gen|9\n|tier|[Gen 9] Random Battle\n|rule|Species Clause: Limit one of each Pok\u00e9mon\n|rule|HP Percentage Mod: HP is shown in percentages\n|rule|Sleep Clause Mod: Limit one foe put to sleep\n|rule|Illusion Level Mod: Illusion disguises the Pok\u00e9mon's true level\n|\n|t:|1783556880\n|teamsize|p1|6\n|teamsize|p2|6\n|start\n|switch|p1a: Delphox|Delphox, L84, F|263/263\n|switch|p2a: Slowbro|Slowbro-Galar, L87, F|100/100\n|turn|1\n|inactive|Battle timer is ON: inactive players will automatically lose when time's up. (requested by p0x15295a33)\n|inactive|p0y15294a32 also wants the timer to be on.\n|\n|t:|1783556882\n|move|p1a: Delphox|Nasty Plot|p1a: Delphox\n|-boost|p1a: Delphox|spa|2\n|move|p2a: Slowbro|Shell Side Arm|p1a: Delphox|[anim] Shell Side Arm Physical\n|-damage|p1a: Delphox|137/263\n|-hint|Physical Shell Side Arm\n|\n|upkeep\n|turn|2\n|inactive|Time left: 300 sec this turn | 300 sec total\n|\n|t:|1783556883\n|move|p1a: Delphox|Fire Blast|p2a: Slowbro|[miss]\n|-miss|p1a: Delphox|p2a: Slowbro\n|move|p2a: Slowbro|Shell Side Arm|p1a: Delphox|[anim] Shell Side Arm Physical\n|-damage|p1a: Delphox|17/263\n|-hint|Physical Shell Side Arm\n|\n|upkeep\n|turn|3\n|inactive|Time left: 300 sec this turn | 300 sec total\n|\n|t:|1783556884\n|move|p1a: Delphox|Fire Blast|p2a: Slowbro|[miss]\n|-miss|p1a: Delphox|p2a: Slowbro\n|move|p2a: Slowbro|Psychic|p1a: Delphox\n|-resisted|p1a: Delphox\n|-damage|p1a: Delphox|0 fnt\n|faint|p1a: Delphox\n|\n|upkeep\n|inactive|Time left: 300 sec this turn | 300 sec total | 5 sec grace\n|\n|t:|1783556885\n|switch|p1a: Blastoise|Blastoise, L80, F|258/258\n|turn|4\n|inactive|Time left: 300 sec this turn | 300 sec total\n|\n|t:|1783556886\n|move|p1a: Blastoise|Shell Smash|p1a: Blastoise\n|-unboost|p1a: Blastoise|def|1\n|-unboost|p1a: Blastoise|spd|1\n|-boost|p1a: Blastoise|atk|2\n|-boost|p1a: Blastoise|spa|2\n|-boost|p1a: Blastoise|spe|2\n|-enditem|p1a: Blastoise|White Herb\n|-clearnegativeboost|p1a: Blastoise|[silent]\n|move|p2a: Slowbro|Psychic|p1a: Blastoise\n|-damage|p1a: Blastoise|162/258\n|-unboost|p1a: Blastoise|spd|1\n|\n|upkeep\n|turn|5\n|inactive|Time left: 300 sec this turn | 300 sec total\n|\n|t:|1783556887\n|-terastallize|p2a: Slowbro|Dark\n|move|p1a: Blastoise|Earthquake|p2a: Slowbro\n|-damage|p2a: Slowbro|69/100\n|move|p2a: Slowbro|Foul Play|p1a: Blastoise\n|-damage|p1a: Blastoise|0 fnt\n|faint|p1a: Blastoise\n|\n|upkeep\n|inactive|Time left: 300 sec this turn | 300 sec total | 5 sec grace\n|\n|t:|1783556888\n|switch|p1a: Blaziken|Blaziken, L76, M|247/247\n|turn|6\n|inactive|Time left: 300 sec this turn | 300 sec total\n|\n|t:|1783556889\n|move|p1a: Blaziken|Close Combat|p2a: Slowbro\n|-supereffective|p2a: Slowbro\n|-damage|p2a: Slowbro|0 fnt\n|-unboost|p1a: Blaziken|def|1\n|-unboost|p1a: Blaziken|spd|1\n|faint|p2a: Slowbro\n|-damage|p1a: Blaziken|223/247|[from] item: Life Orb\n|\n|-ability|p1a: Blaziken|Speed Boost|boost\n|-boost|p1a: Blaziken|spe|1\n|upkeep\n|\n|t:|1783556890\n|switch|p2a: Sandy Shocks|Sandy Shocks, L80|100/100\n|turn|7\n|inactive|Time left: 300 sec this turn | 300 sec total\n|\n|t:|1783556891\n|switch|p1a: Vaporeon|Vaporeon, L86, F|364/364\n|move|p2a: Sandy Shocks|Earth Power|p1a: Vaporeon\n|-damage|p1a: Vaporeon|265/364\n|\n|-heal|p1a: Vaporeon|287/364|[from] item: Leftovers\n|upkeep\n|turn|8\n|inactive|Time left: 300 sec this turn | 300 sec total\n|\n|t:|1783556892\n|move|p2a: Sandy Shocks|Thunderbolt|p1a: Vaporeon\n|-supereffective|p1a: Vaporeon\n|-damage|p1a: Vaporeon|93/364\n|move|p1a: Vaporeon|Scald|p2a: Sandy Shocks\n|-supereffective|p2a: Sandy Shocks\n|-damage|p2a: Sandy Shocks|19/100\n|-status|p2a: Sandy Shocks|brn\n|\n|-heal|p2a: Sandy Shocks|25/100 brn|[from] item: Leftovers\n|-heal|p1a: Vaporeon|115/364|[from] item: Leftovers\n|-damage|p2a: Sandy Shocks|19/100 brn|[from] brn\n|upkeep\n|turn|9\n|inactive|Time left: 300 sec this turn | 300 sec total\n|\n|t:|1783556893\n|move|p2a: Sandy Shocks|Thunderbolt|p1a: Vaporeon\n|-supereffective|p1a: Vaporeon\n|-crit|p1a: Vaporeon\n|-damage|p1a: Vaporeon|0 fnt\n|faint|p1a: Vaporeon\n|\n|-heal|p2a: Sandy Shocks|25/100 brn|[from] item: Leftovers\n|-damage|p2a: Sandy Shocks|19/100 brn|[from] brn\n|upkeep\n|inactive|Time left: 300 sec this turn | 300 sec total | 5 sec grace\n|\n|t:|1783556894\n|switch|p1a: Ambipom|Ambipom, L84, F|263/263\n|turn|10\n|inactive|Time left: 300 sec this turn | 300 sec total\n|\n|t:|1783556894\n|-end|p2a: Sandy Shocks|Protosynthesis|[silent]\n|switch|p2a: Passimian|Passimian, L83, F|100/100\n|move|p1a: Ambipom|U-turn|p2a: Passimian\n|-resisted|p2a: Passimian\n|-crit|p2a: Passimian\n|-damage|p2a: Passimian|88/100\n|inactive|Time left: 300 sec this turn | 300 sec total | 5 sec grace\n|\n|t:|1783556895\n|switch|p1a: Iron Crown|Iron Crown, L78|268/268|[from] U-turn\n|\n|-heal|p2a: Passimian|94/100|[from] item: Leftovers\n|upkeep\n|turn|11\n|inactive|Time left: 300 sec this turn | 300 sec total\n|\n|t:|1783556896\n|move|p1a: Iron Crown|Calm Mind|p1a: Iron Crown\n|-boost|p1a: Iron Crown|spa|1\n|-boost|p1a: Iron Crown|spd|1\n|move|p2a: Passimian|Drain Punch|p1a: Iron Crown\n|-damage|p1a: Iron Crown|183/268\n|-heal|p2a: Passimian|100/100|[from] drain|[of] p1a: Iron Crown\n|\n|-heal|p1a: Iron Crown|199/268|[from] item: Leftovers\n|upkeep\n|turn|12\n|inactive|Time left: 300 sec this turn | 300 sec total\n|\n|t:|1783556897\n|move|p1a: Iron Crown|Psyshock|p2a: Passimian\n|-supereffective|p2a: Passimian\n|-damage|p2a: Passimian|9/100\n|move|p2a: Passimian|Knock Off|p1a: Iron Crown\n|-supereffective|p1a: Iron Crown\n|-damage|p1a: Iron Crown|35/268\n|-enditem|p1a: Iron Crown|Leftovers|[from] move: Knock Off|[of] p2a: Passimian\n|\n|-heal|p2a: Passimian|15/100|[from] item: Leftovers\n|upkeep\n|turn|13\n|inactive|Time left: 300 sec this turn | 300 sec total\n|\n|t:|1783556898\n|move|p1a: Iron Crown|Tachyon Cutter|p2a: Passimian\n|-damage|p2a: Passimian|0 fnt\n|faint|p2a: Passimian\n|-hitcount|p2: Passimian|1\n|\n|upkeep\n|\n|t:|1783556899\n|switch|p2a: Sandy Shocks|Sandy Shocks, L80|19/100 brn\n|turn|14\n|inactive|Time left: 300 sec this turn | 300 sec total\n|\n|t:|1783556901\n|move|p2a: Sandy Shocks|Thunderbolt|p1a: Iron Crown\n|-damage|p1a: Iron Crown|0 fnt\n|faint|p1a: Iron Crown\n|-end|p1a: Iron Crown|Quark Drive|[silent]\n|\n|-heal|p2a: Sandy Shocks|25/100 brn|[from] item: Leftovers\n|-damage|p2a: Sandy Shocks|19/100 brn|[from] brn\n|upkeep\n|inactive|Time left: 300 sec this turn | 300 sec total | 5 sec grace\n|\n|t:|1783556902\n|switch|p1a: Ambipom|Ambipom, L84, F|263/263\n|turn|15\n|inactive|Time left: 300 sec this turn | 300 sec total\n|\n|t:|1783556903\n|move|p1a: Ambipom|U-turn|p2a: Sandy Shocks\n|-damage|p2a: Sandy Shocks|0 fnt\n|faint|p2a: Sandy Shocks\n|-end|p2a: Sandy Shocks|Protosynthesis|[silent]\n|inactive|Time left: 300 sec this turn | 300 sec total | 5 sec grace\n|\n|t:|1783556904\n|switch|p1a: Blaziken|Blaziken, L76, M|223/247|[from] U-turn\n|\n|upkeep\n|\n|t:|1783556905\n|switch|p2a: Mismagius|Mismagius, L86, F|100/100\n|turn|16\n|inactive|Time left: 300 sec this turn | 300 sec total\n|\n|t:|1783556906\n|move|p2a: Mismagius|Shadow Ball|p1a: Blaziken\n|-damage|p1a: Blaziken|31/247\n|move|p1a: Blaziken|Swords Dance|p1a: Blaziken\n|-boost|p1a: Blaziken|atk|2\n|\n|-ability|p1a: Blaziken|Speed Boost|boost\n|-boost|p1a: Blaziken|spe|1\n|upkeep\n|turn|17\n|inactive|Time left: 300 sec this turn | 300 sec total\n|\n|t:|1783556907\n|move|p1a: Blaziken|Knock Off|p2a: Mismagius\n|-supereffective|p2a: Mismagius\n|-damage|p2a: Mismagius|0 fnt\n|-enditem|p2a: Mismagius|Choice Specs|[from] move: Knock Off|[of] p1a: Blaziken\n|faint|p2a: Mismagius\n|-damage|p1a: Blaziken|7/247|[from] item: Life Orb\n|\n|-ability|p1a: Blaziken|Speed Boost|boost\n|-boost|p1a: Blaziken|spe|1\n|upkeep\n|\n|t:|1783556908\n|switch|p2a: Whimsicott|Whimsicott, L84, M|100/100\n|turn|18\n|inactive|Time left: 300 sec this turn | 300 sec total\n|\n|t:|1783556909\n|move|p2a: Whimsicott|Substitute|p2a: Whimsicott\n|-start|p2a: Whimsicott|Substitute\n|-damage|p2a: Whimsicott|76/100\n|move|p1a: Blaziken|Flare Blitz|p2a: Whimsicott\n|-supereffective|p2a: Whimsicott\n|-end|p2a: Whimsicott|Substitute\n|-damage|p1a: Blaziken|0 fnt|[from] Recoil|[of] p2a: Whimsicott\n|faint|p1a: Blaziken\n|\n|-heal|p2a: Whimsicott|82/100|[from] item: Leftovers\n|upkeep\n|inactive|Time left: 300 sec this turn | 300 sec total | 5 sec grace\n|\n|t:|1783556910\n|switch|p1a: Ambipom|Ambipom, L84, F|263/263\n|turn|19\n|inactive|Time left: 300 sec this turn | 300 sec total\n|\n|t:|1783556911\n|move|p1a: Ambipom|Fake Out|p2a: Whimsicott\n|-damage|p2a: Whimsicott|47/100\n|cant|p2a: Whimsicott|flinch\n|\n|-heal|p2a: Whimsicott|53/100|[from] item: Leftovers\n|upkeep\n|turn|20\n|inactive|Time left: 300 sec this turn | 300 sec total\n|\n|t:|1783556912\n|move|p2a: Whimsicott|Encore|p1a: Ambipom\n|-start|p1a: Ambipom|Encore\n|move|p1a: Ambipom|Fake Out||[still]\n|-hint|Fake Out only works on your first turn out.\n|-fail|p1a: Ambipom\n|\n|-heal|p2a: Whimsicott|59/100|[from] item: Leftovers\n|upkeep\n|turn|21\n|inactive|Time left: 300 sec this turn | 300 sec total\n|\n|t:|1783556913\n|move|p1a: Ambipom|Fake Out||[still]\n|-hint|Fake Out only works on your first turn out.\n|-fail|p1a: Ambipom\n|move|p2a: Whimsicott|Leech Seed|p1a: Ambipom\n|-start|p1a: Ambipom|move: Leech Seed\n|\n|-heal|p2a: Whimsicott|65/100|[from] item: Leftovers\n|-damage|p1a: Ambipom|231/263|[from] Leech Seed|[of] p2a: Whimsicott\n|-heal|p2a: Whimsicott|78/100|[silent]\n|upkeep\n|turn|22\n|inactive|Time left: 300 sec this turn | 300 sec total\n|\n|t:|1783556914\n|move|p1a: Ambipom|Fake Out||[still]\n|-hint|Fake Out only works on your first turn out.\n|-fail|p1a: Ambipom\n|move|p2a: Whimsicott|Moonblast|p1a: Ambipom\n|-damage|p1a: Ambipom|126/263\n|\n|-heal|p2a: Whimsicott|84/100|[from] item: Leftovers\n|-damage|p1a: Ambipom|94/263|[from] Leech Seed|[of] p2a: Whimsicott\n|-heal|p2a: Whimsicott|98/100|[silent]\n|-end|p1a: Ambipom|Encore\n|upkeep\n|turn|23\n|inactive|Time left: 300 sec this turn | 300 sec total\n|\n|t:|1783556916\n|-terastallize|p1a: Ambipom|Normal\n|move|p2a: Whimsicott|Moonblast|p1a: Ambipom\n|-damage|p1a: Ambipom|0 fnt\n|faint|p1a: Ambipom\n|\n|win|p0y15294a32", "uploadtime": 1783556916, "views": 0, "rating": 0, "private": 0, "password": null, "_winner": "p0y15294a32", "_our_name": "p0x15295a33"}