{"id": "battle-gen9randombattle-2684", "formatid": "gen9randombattle", "format": "[Gen 9] Random Battle", "players": ["p0x2684b28d", "p0y26842094"], "log": "|init|battle\n|title|p0x2684b28d vs. p0y26842094\n|j|\u2606p0x2684b28d\n|j|\u2606p0y26842094\n|t:|1783569979\n|gametype|singles\n|player|p1|p0x2684b28d|169|\n|player|p2|p0y26842094|1|\n|gen|9\n|tier|[Gen 9] Random Battle\n|rule|Species Clause: Limit one of each Pok\u00e9mon\n|rule|HP Percentage Mod: HP is shown in percentages\n|rule|Sleep Clause Mod: Limit one foe put to sleep\n|rule|Illusion Level Mod: Illusion disguises the Pok\u00e9mon's true level\n|\n|t:|1783569979\n|teamsize|p1|6\n|teamsize|p2|6\n|start\n|switch|p1a: Hydrapple|Hydrapple, L83, M|100/100\n|switch|p2a: Trevenant|Trevenant, L89, F|296/296\n|turn|1\n|inactive|Battle timer is ON: inactive players will automatically lose when time's up. (requested by p0x2684b28d)\n|inactive|Time left: 300 sec this turn | 300 sec total | 60 sec grace\n|inactive|p0y26842094 also wants the timer to be on.\n|\n|t:|1783569980\n|move|p2a: Trevenant|Toxic|p1a: Hydrapple\n|-status|p1a: Hydrapple|tox\n|move|p1a: Hydrapple|Fickle Beam|p2a: Trevenant|[anim] Fickle Beam All Out\n|-activate|p1a: Hydrapple|move: Fickle Beam\n|-damage|p2a: Trevenant|103/296\n|-enditem|p2a: Trevenant|Sitrus Berry|[eat]\n|-heal|p2a: Trevenant|177/296|[from] item: Sitrus Berry\n|\n|-damage|p1a: Hydrapple|94/100 tox|[from] psn\n|upkeep\n|turn|2\n|inactive|Time left: 300 sec this turn | 300 sec total\n|\n|t:|1783569981\n|switch|p1a: Kricketune|Kricketune, L99, M|100/100\n|move|p2a: Trevenant|Protect||[still]\n|-fail|p2a: Trevenant\n|\n|upkeep\n|turn|3\n|inactive|Time left: 300 sec this turn | 300 sec total\n|\n|t:|1783569982\n|move|p1a: Kricketune|Sticky Web|p2a: Trevenant\n|-sidestart|p2: p0y26842094|move: Sticky Web\n|move|p2a: Trevenant|Poltergeist|p1a: Kricketune\n|-activate|p1a: Kricketune|move: Poltergeist|Heavy-Duty Boots\n|-damage|p1a: Kricketune|46/100\n|\n|-item|p2a: Trevenant|Sitrus Berry|[from] ability: Harvest\n|upkeep\n|turn|4\n|inactive|Time left: 300 sec this turn | 300 sec total\n|\n|t:|1783569983\n|switch|p2a: Blaziken|Blaziken, L76, M|247/247\n|-activate|p2a: Blaziken|move: Sticky Web\n|-unboost|p2a: Blaziken|spe|1\n|move|p1a: Kricketune|Knock Off|p2a: Blaziken\n|-resisted|p2a: Blaziken\n|-damage|p2a: Blaziken|196/247\n|-enditem|p2a: Blaziken|Life Orb|[from] move: Knock Off|[of] p1a: Kricketune\n|\n|upkeep\n|turn|5\n|inactive|Time left: 300 sec this turn | 300 sec total\n|\n|t:|1783569984\n|switch|p1a: Archaludon|Archaludon, L78, F|100/100\n|move|p2a: Blaziken|Knock Off|p1a: Archaludon\n|-damage|p1a: Archaludon|80/100\n|-ability|p1a: Archaludon|Stamina|boost\n|-boost|p1a: Archaludon|def|1\n|-enditem|p1a: Archaludon|Lum Berry|[from] move: Knock Off|[of] p2a: Blaziken\n|\n|-ability|p2a: Blaziken|Speed Boost|boost\n|-boost|p2a: Blaziken|spe|1\n|upkeep\n|turn|6\n|inactive|Time left: 300 sec this turn | 300 sec total\n|\n|t:|1783569985\n|move|p1a: Archaludon|Outrage|p2a: Blaziken\n|-damage|p2a: Blaziken|46/247\n|move|p2a: Blaziken|Close Combat|p1a: Archaludon\n|-supereffective|p1a: Archaludon\n|-damage|p1a: Archaludon|33/100\n|-unboost|p2a: Blaziken|def|1\n|-unboost|p2a: Blaziken|spd|1\n|-ability|p1a: Archaludon|Stamina|boost\n|-boost|p1a: Archaludon|def|1\n|\n|-ability|p2a: Blaziken|Speed Boost|boost\n|-boost|p2a: Blaziken|spe|1\n|upkeep\n|turn|7\n|inactive|Time left: 300 sec this turn | 300 sec total\n|\n|t:|1783569986\n|move|p2a: Blaziken|Close Combat|p1a: Archaludon\n|-supereffective|p1a: Archaludon\n|-damage|p1a: Archaludon|0 fnt\n|-unboost|p2a: Blaziken|def|1\n|-unboost|p2a: Blaziken|spd|1\n|faint|p1a: Archaludon\n|\n|-ability|p2a: Blaziken|Speed Boost|boost\n|-boost|p2a: Blaziken|spe|1\n|upkeep\n|\n|t:|1783569987\n|switch|p1a: Hydrapple|Hydrapple, L83, M|100/100 tox\n|turn|8\n|inactive|Time left: 300 sec this turn | 300 sec total\n|\n|t:|1783569988\n|move|p2a: Blaziken|Flare Blitz|p1a: Hydrapple\n|-damage|p1a: Hydrapple|69/100 tox\n|-damage|p2a: Blaziken|13/247|[from] Recoil\n|move|p1a: Hydrapple|Fickle Beam|p2a: Blaziken\n|-damage|p2a: Blaziken|0 fnt\n|faint|p2a: Blaziken\n|\n|-damage|p1a: Hydrapple|63/100 tox|[from] psn\n|upkeep\n|inactive|Time left: 300 sec this turn | 300 sec total | 5 sec grace\n|\n|t:|1783569989\n|switch|p2a: Beartic|Beartic, L91, F|321/321\n|-activate|p2a: Beartic|move: Sticky Web\n|-unboost|p2a: Beartic|spe|1\n|turn|9\n|inactive|Time left: 300 sec this turn | 300 sec total\n|\n|t:|1783569990\n|switch|p1a: Mewtwo|Mewtwo, L72|100/100\n|-ability|p1a: Mewtwo|Pressure\n|move|p2a: Beartic|Icicle Crash|p1a: Mewtwo\n|-damage|p1a: Mewtwo|20/100\n|\n|upkeep\n|turn|10\n|inactive|Time left: 300 sec this turn | 300 sec total\n|\n|t:|1783569992\n|move|p1a: Mewtwo|Fire Blast|p2a: Beartic|[miss]\n|-miss|p1a: Mewtwo|p2a: Beartic\n|move|p2a: Beartic|Icicle Crash|p1a: Mewtwo\n|-damage|p1a: Mewtwo|0 fnt\n|faint|p1a: Mewtwo\n|\n|upkeep\n|\n|t:|1783569993\n|switch|p1a: Kingambit|Kingambit, L74, M|100/100\n|-activate|p1a: Kingambit|ability: Supreme Overlord\n|-start|p1a: Kingambit|fallen2|[silent]\n|turn|11\n|inactive|Time left: 300 sec this turn | 300 sec total\n|\n|t:|1783569994\n|move|p1a: Kingambit|Swords Dance|p1a: Kingambit\n|-boost|p1a: Kingambit|atk|2\n|move|p2a: Beartic|Icicle Crash|p1a: Kingambit\n|-resisted|p1a: Kingambit\n|-damage|p1a: Kingambit|68/100\n|\n|-heal|p1a: Kingambit|74/100|[from] item: Leftovers\n|upkeep\n|turn|12\n|inactive|Time left: 300 sec this turn | 300 sec total\n|\n|t:|1783569995\n|switch|p2a: Trevenant|Trevenant, L89, F|177/296\n|-activate|p2a: Trevenant|move: Sticky Web\n|-unboost|p2a: Trevenant|spe|1\n|move|p1a: Kingambit|Kowtow Cleave|p2a: Trevenant\n|-supereffective|p2a: Trevenant\n|-damage|p2a: Trevenant|0 fnt\n|faint|p2a: Trevenant\n|\n|-heal|p1a: Kingambit|80/100|[from] item: Leftovers\n|upkeep\n|inactive|Time left: 300 sec this turn | 300 sec total | 5 sec grace\n|\n|t:|1783569995\n|switch|p2a: Delphox|Delphox, L84, M|263/263\n|turn|13\n|inactive|Time left: 300 sec this turn | 300 sec total\n|\n|t:|1783569996\n|-terastallize|p2a: Delphox|Fighting\n|move|p1a: Kingambit|Sucker Punch|p2a: Delphox\n|-resisted|p2a: Delphox\n|-damage|p2a: Delphox|163/263\n|move|p2a: Delphox|Focus Blast|p1a: Kingambit\n|-supereffective|p1a: Kingambit\n|-crit|p1a: Kingambit\n|-damage|p1a: Kingambit|0 fnt\n|faint|p1a: Kingambit\n|-end|p1a: Kingambit|fallen2|[silent]\n|\n|upkeep\n|\n|t:|1783569997\n|switch|p1a: Hydrapple|Hydrapple, L83, M|96/100 tox\n|turn|14\n|inactive|Time left: 300 sec this turn | 300 sec total\n|\n|t:|1783569998\n|move|p2a: Delphox|Focus Blast|p1a: Hydrapple\n|-damage|p1a: Hydrapple|63/100 tox\n|move|p1a: Hydrapple|Fickle Beam|p2a: Delphox|[anim] Fickle Beam All Out\n|-activate|p1a: Hydrapple|move: Fickle Beam\n|-damage|p2a: Delphox|0 fnt\n|faint|p2a: Delphox\n|\n|-damage|p1a: Hydrapple|57/100 tox|[from] psn\n|upkeep\n|inactive|Time left: 300 sec this turn | 300 sec total | 5 sec grace\n|\n|t:|1783569999\n|switch|p2a: Beartic|Beartic, L91, F|321/321\n|-activate|p2a: Beartic|move: Sticky Web\n|-unboost|p2a: Beartic|spe|1\n|turn|15\n|inactive|Time left: 300 sec this turn | 300 sec total\n|\n|t:|1783570000\n|move|p1a: Hydrapple|Fickle Beam|p2a: Beartic\n|-damage|p2a: Beartic|215/321\n|move|p2a: Beartic|Icicle Crash|p1a: Hydrapple\n|-supereffective|p1a: Hydrapple\n|-damage|p1a: Hydrapple|0 fnt\n|faint|p1a: Hydrapple\n|\n|upkeep\n|\n|t:|1783570000\n|switch|p1a: Scrafty|Scrafty, L83, M|100/100\n|turn|16\n|inactive|Time left: 300 sec this turn | 300 sec total\n|\n|t:|1783570001\n|move|p1a: Scrafty|Bulk Up|p1a: Scrafty\n|-boost|p1a: Scrafty|atk|1\n|-boost|p1a: Scrafty|def|1\n|move|p2a: Beartic|Icicle Crash|p1a: Scrafty\n|-crit|p1a: Scrafty\n|-damage|p1a: Scrafty|7/100\n|\n|-heal|p1a: Scrafty|13/100|[from] item: Leftovers\n|upkeep\n|turn|17\n|inactive|Time left: 300 sec this turn | 300 sec total\n|\n|t:|1783570002\n|move|p1a: Scrafty|Rest|p1a: Scrafty\n|-status|p1a: Scrafty|slp|[from] move: Rest\n|-heal|p1a: Scrafty|100/100 slp|[silent]\n|move|p2a: Beartic|Icicle Crash|p1a: Scrafty\n|-damage|p1a: Scrafty|58/100 slp\n|\n|-heal|p1a: Scrafty|64/100 slp|[from] item: Leftovers\n|upkeep\n|turn|18\n|inactive|Time left: 300 sec this turn | 300 sec total\n|\n|t:|1783570002\n|cant|p1a: Scrafty|slp\n|move|p2a: Beartic|Icicle Crash|p1a: Scrafty\n|-damage|p1a: Scrafty|20/100 slp\n|\n|-heal|p1a: Scrafty|26/100 slp|[from] item: Leftovers\n|upkeep\n|turn|19\n|inactive|Time left: 300 sec this turn | 300 sec total\n|\n|t:|1783570003\n|-terastallize|p1a: Scrafty|Poison\n|cant|p1a: Scrafty|slp\n|move|p2a: Beartic|Icicle Crash|p1a: Scrafty\n|-damage|p1a: Scrafty|0 fnt\n|faint|p1a: Scrafty\n|\n|upkeep\n|\n|t:|1783570004\n|switch|p1a: Kricketune|Kricketune, L99, M|46/100\n|turn|20\n|inactive|Time left: 300 sec this turn | 300 sec total\n|\n|t:|1783570005\n|move|p1a: Kricketune|Pounce|p2a: Beartic\n|-damage|p2a: Beartic|118/321\n|-unboost|p2a: Beartic|spe|1\n|move|p2a: Beartic|Icicle Crash|p1a: Kricketune\n|-damage|p1a: Kricketune|0 fnt\n|faint|p1a: Kricketune\n|\n|win|p0y26842094", "uploadtime": 1783570005, "views": 0, "rating": 0, "private": 0, "password": null, "_winner": "p0y26842094", "_our_name": "p0y26842094"}