{"id": "battle-gen9randombattle-2877", "formatid": "gen9randombattle", "format": "[Gen 9] Random Battle", "players": ["p0x2877cf5e", "p0y2877815c"], "log": "|init|battle\n|title|p0x2877cf5e vs. p0y2877815c\n|j|\u2606p0x2877cf5e\n|j|\u2606p0y2877815c\n|t:|1783573130\n|gametype|singles\n|player|p1|p0x2877cf5e|169|\n|player|p2|p0y2877815c|102|\n|gen|9\n|tier|[Gen 9] Random Battle\n|rule|Species Clause: Limit one of each Pok\u00e9mon\n|rule|HP Percentage Mod: HP is shown in percentages\n|rule|Sleep Clause Mod: Limit one foe put to sleep\n|rule|Illusion Level Mod: Illusion disguises the Pok\u00e9mon's true level\n|\n|t:|1783573130\n|teamsize|p1|6\n|teamsize|p2|6\n|start\n|switch|p1a: Crawdaunt|Crawdaunt, L84, M|243/243\n|switch|p2a: Magearna|Magearna-Original, L77|100/100\n|turn|1\n|inactive|Battle timer is ON: inactive players will automatically lose when time's up. (requested by p0x2877cf5e)\n|\n|t:|1783573132\n|move|p2a: Magearna|Fleur Cannon|p1a: Crawdaunt\n|-supereffective|p1a: Crawdaunt\n|-damage|p1a: Crawdaunt|0 fnt\n|-unboost|p2a: Magearna|spa|2\n|faint|p1a: Crawdaunt\n|-ability|p2a: Magearna|Soul-Heart|boost\n|-boost|p2a: Magearna|spa|1\n|\n|upkeep\n|inactive|Time left: 300 sec this turn | 300 sec total | 65 sec grace\n|inactive|p0y2877815c also wants the timer to be on.\n|\n|t:|1783573133\n|switch|p1a: Espathra|Espathra, L80, M|283/283\n|turn|2\n|inactive|Time left: 300 sec this turn | 300 sec total\n|\n|t:|1783573134\n|move|p1a: Espathra|Lumina Crash|p2a: Magearna\n|-resisted|p2a: Magearna\n|-damage|p2a: Magearna|80/100\n|-unboost|p2a: Magearna|spd|2\n|move|p2a: Magearna|Shift Gear|p2a: Magearna\n|-boost|p2a: Magearna|spe|2\n|-boost|p2a: Magearna|atk|1\n|\n|-ability|p1a: Espathra|Speed Boost|boost\n|-boost|p1a: Espathra|spe|1\n|upkeep\n|turn|3\n|inactive|Time left: 300 sec this turn | 300 sec total\n|\n|t:|1783573136\n|switch|p2a: Kingambit|Kingambit, L74, M|100/100\n|move|p1a: Espathra|Lumina Crash|p2a: Kingambit\n|-immune|p2a: Kingambit\n|\n|-ability|p1a: Espathra|Speed Boost|boost\n|-boost|p1a: Espathra|spe|1\n|upkeep\n|turn|4\n|inactive|Time left: 300 sec this turn | 300 sec total\n|\n|t:|1783573137\n|switch|p1a: Qwilfish|Qwilfish-Hisui, L83, F|244/244\n|-ability|p1a: Qwilfish|Intimidate|boost\n|-unboost|p2a: Kingambit|atk|1\n|move|p2a: Kingambit|Kowtow Cleave|p1a: Qwilfish\n|-resisted|p1a: Qwilfish\n|-damage|p1a: Qwilfish|223/244\n|\n|upkeep\n|turn|5\n|inactive|Time left: 300 sec this turn | 300 sec total\n|\n|t:|1783573138\n|move|p1a: Qwilfish|Spikes|p2a: Kingambit\n|-sidestart|p2: p0y2877815c|Spikes\n|move|p2a: Kingambit|Swords Dance|p2a: Kingambit\n|-boost|p2a: Kingambit|atk|2\n|\n|upkeep\n|turn|6\n|inactive|Time left: 300 sec this turn | 300 sec total\n|\n|t:|1783573139\n|move|p1a: Qwilfish|Spikes|p2a: Kingambit\n|-sidestart|p2: p0y2877815c|Spikes\n|move|p2a: Kingambit|Swords Dance|p2a: Kingambit\n|-boost|p2a: Kingambit|atk|2\n|\n|upkeep\n|turn|7\n|inactive|Time left: 300 sec this turn | 300 sec total\n|\n|t:|1783573140\n|move|p1a: Qwilfish|Spikes|p2a: Kingambit\n|-sidestart|p2: p0y2877815c|Spikes\n|move|p2a: Kingambit|Iron Head|p1a: Qwilfish\n|-damage|p1a: Qwilfish|78/244\n|\n|upkeep\n|turn|8\n|inactive|Time left: 300 sec this turn | 300 sec total\n|\n|t:|1783573141\n|move|p1a: Qwilfish|Crunch|p2a: Kingambit\n|-resisted|p2a: Kingambit\n|-damage|p2a: Kingambit|88/100\n|-unboost|p2a: Kingambit|def|1\n|move|p2a: Kingambit|Iron Head|p1a: Qwilfish\n|-damage|p1a: Qwilfish|0 fnt\n|faint|p1a: Qwilfish\n|\n|-heal|p2a: Kingambit|94/100|[from] item: Leftovers\n|upkeep\n|inactive|Time left: 300 sec this turn | 300 sec total | 5 sec grace\n|\n|t:|1783573142\n|switch|p1a: Regice|Regice, L88|284/284\n|turn|9\n|inactive|Time left: 300 sec this turn | 300 sec total\n|\n|t:|1783573142\n|-terastallize|p1a: Regice|Electric\n|move|p1a: Regice|Body Press|p2a: Kingambit\n|-supereffective|p2a: Kingambit\n|-damage|p2a: Kingambit|0 fnt\n|faint|p2a: Kingambit\n|-end|p2a: Kingambit|fallenundefined|[silent]\n|\n|upkeep\n|\n|t:|1783573143\n|switch|p2a: Clefable|Clefable, L83, F|100/100\n|-damage|p2a: Clefable|76/100|[from] Spikes\n|turn|10\n|inactive|Time left: 300 sec this turn | 300 sec total\n|\n|t:|1783573144\n|move|p2a: Clefable|Calm Mind|p2a: Clefable\n|-boost|p2a: Clefable|spa|1\n|-boost|p2a: Clefable|spd|1\n|move|p1a: Regice|Thunderbolt|p2a: Clefable\n|-damage|p2a: Clefable|52/100\n|\n|-heal|p2a: Clefable|58/100|[from] item: Leftovers\n|upkeep\n|turn|11\n|inactive|Time left: 300 sec this turn | 300 sec total\n|\n|t:|1783573146\n|switch|p1a: Ho-Oh|Ho-Oh, L71|268/268\n|move|p2a: Clefable|Calm Mind|p2a: Clefable\n|-boost|p2a: Clefable|spa|1\n|-boost|p2a: Clefable|spd|1\n|\n|-heal|p2a: Clefable|64/100|[from] item: Leftovers\n|upkeep\n|turn|12\n|inactive|Time left: 300 sec this turn | 300 sec total\n|\n|t:|1783573147\n|move|p1a: Ho-Oh|Brave Bird|p2a: Clefable\n|-damage|p2a: Clefable|18/100\n|-damage|p1a: Ho-Oh|223/268|[from] Recoil\n|move|p2a: Clefable|Moonlight|p2a: Clefable\n|-heal|p2a: Clefable|68/100\n|\n|-heal|p2a: Clefable|74/100|[from] item: Leftovers\n|upkeep\n|turn|13\n|inactive|Time left: 300 sec this turn | 300 sec total\n|\n|t:|1783573148\n|move|p1a: Ho-Oh|Brave Bird|p2a: Clefable\n|-damage|p2a: Clefable|25/100\n|-damage|p1a: Ho-Oh|176/268|[from] Recoil\n|move|p2a: Clefable|Moonlight|p2a: Clefable\n|-heal|p2a: Clefable|75/100\n|\n|-heal|p2a: Clefable|81/100|[from] item: Leftovers\n|upkeep\n|turn|14\n|inactive|Time left: 300 sec this turn | 300 sec total\n|\n|t:|1783573149\n|move|p1a: Ho-Oh|Sacred Fire|p2a: Clefable\n|-damage|p2a: Clefable|46/100\n|-status|p2a: Clefable|brn\n|move|p2a: Clefable|Moonlight|p2a: Clefable\n|-heal|p2a: Clefable|96/100 brn\n|\n|-heal|p2a: Clefable|100/100 brn|[from] item: Leftovers\n|-damage|p2a: Clefable|94/100 brn|[from] brn\n|upkeep\n|turn|15\n|inactive|Time left: 300 sec this turn | 300 sec total\n|\n|t:|1783573150\n|move|p1a: Ho-Oh|Brave Bird|p2a: Clefable\n|-damage|p2a: Clefable|44/100 brn\n|-damage|p1a: Ho-Oh|127/268|[from] Recoil\n|move|p2a: Clefable|Moonblast|p1a: Ho-Oh\n|-resisted|p1a: Ho-Oh\n|-damage|p1a: Ho-Oh|55/268\n|\n|-heal|p2a: Clefable|50/100 brn|[from] item: Leftovers\n|-damage|p2a: Clefable|44/100 brn|[from] brn\n|upkeep\n|turn|16\n|inactive|Time left: 300 sec this turn | 300 sec total\n|\n|t:|1783573151\n|move|p1a: Ho-Oh|Brave Bird|p2a: Clefable\n|-damage|p2a: Clefable|0 fnt\n|faint|p2a: Clefable\n|-damage|p1a: Ho-Oh|13/268|[from] Recoil\n|\n|upkeep\n|\n|t:|1783573152\n|switch|p2a: Pyroar|Pyroar, L88, F|100/100\n|-ability|p2a: Pyroar|Unnerve\n|turn|17\n|inactive|Time left: 300 sec this turn | 300 sec total\n|\n|t:|1783573153\n|switch|p1a: Regice|Regice, L88, tera:Electric|284/284\n|move|p2a: Pyroar|Work Up|p2a: Pyroar\n|-boost|p2a: Pyroar|atk|1\n|-boost|p2a: Pyroar|spa|1\n|\n|upkeep\n|turn|18\n|inactive|Time left: 300 sec this turn | 300 sec total\n|\n|t:|1783573154\n|move|p2a: Pyroar|Fire Blast|p1a: Regice\n|-damage|p1a: Regice|181/284\n|move|p1a: Regice|Thunderbolt|p2a: Pyroar\n|-damage|p2a: Pyroar|54/100\n|\n|upkeep\n|turn|19\n|inactive|Time left: 300 sec this turn | 300 sec total\n|\n|t:|1783573155\n|move|p2a: Pyroar|Fire Blast|p1a: Regice\n|-damage|p1a: Regice|75/284\n|move|p1a: Regice|Thunderbolt|p2a: Pyroar\n|-damage|p2a: Pyroar|14/100\n|\n|upkeep\n|turn|20\n|inactive|Time left: 300 sec this turn | 300 sec total\n|\n|t:|1783573156\n|move|p2a: Pyroar|Hyper Voice|p1a: Regice\n|-damage|p1a: Regice|0 fnt\n|faint|p1a: Regice\n|\n|upkeep\n|inactive|Time left: 300 sec this turn | 300 sec total | 5 sec grace\n|\n|t:|1783573157\n|switch|p1a: Cramorant|Cramorant, L86, F|261/261\n|turn|21\n|inactive|Time left: 300 sec this turn | 300 sec total\n|\n|t:|1783573158\n|move|p2a: Pyroar|Hyper Voice|p1a: Cramorant\n|-damage|p1a: Cramorant|95/261\n|move|p1a: Cramorant|Surf|p2a: Pyroar\n|-formechange|p1a: Cramorant|Cramorant-Gorging|\n|-supereffective|p2a: Pyroar\n|-damage|p2a: Pyroar|0 fnt\n|faint|p2a: Pyroar\n|\n|upkeep\n|\n|t:|1783573159\n|switch|p2a: Hippowdon|Hippowdon, L82, M|100/100\n|-damage|p2a: Hippowdon|76/100|[from] Spikes\n|-weather|Sandstorm|[from] ability: Sand Stream|[of] p2a: Hippowdon\n|turn|22\n|inactive|Time left: 300 sec this turn | 300 sec total\n|\n|t:|1783573160\n|move|p1a: Cramorant|Surf|p2a: Hippowdon\n|-supereffective|p2a: Hippowdon\n|-damage|p2a: Hippowdon|8/100\n|move|p2a: Hippowdon|Slack Off|p2a: Hippowdon\n|-heal|p2a: Hippowdon|58/100\n|\n|-weather|Sandstorm|[upkeep]\n|-damage|p1a: Cramorant|79/261|[from] Sandstorm\n|-heal|p2a: Hippowdon|64/100|[from] item: Leftovers\n|upkeep\n|turn|23\n|inactive|Time left: 300 sec this turn | 300 sec total\n|\n|t:|1783573161\n|-terastallize|p2a: Hippowdon|Rock\n|move|p1a: Cramorant|Surf|p2a: Hippowdon\n|-supereffective|p2a: Hippowdon\n|-damage|p2a: Hippowdon|21/100\n|move|p2a: Hippowdon|Slack Off|p2a: Hippowdon\n|-heal|p2a: Hippowdon|71/100\n|\n|-weather|Sandstorm|[upkeep]\n|-damage|p1a: Cramorant|63/261|[from] Sandstorm\n|-heal|p2a: Hippowdon|77/100|[from] item: Leftovers\n|upkeep\n|turn|24\n|inactive|Time left: 300 sec this turn | 300 sec total\n|\n|t:|1783573162\n|move|p1a: Cramorant|Surf|p2a: Hippowdon\n|-supereffective|p2a: Hippowdon\n|-damage|p2a: Hippowdon|30/100\n|move|p2a: Hippowdon|Slack Off|p2a: Hippowdon\n|-heal|p2a: Hippowdon|80/100\n|\n|-weather|Sandstorm|[upkeep]\n|-damage|p1a: Cramorant|47/261|[from] Sandstorm\n|-heal|p2a: Hippowdon|86/100|[from] item: Leftovers\n|upkeep\n|turn|25\n|inactive|Time left: 300 sec this turn | 300 sec total\n|\n|t:|1783573163\n|move|p1a: Cramorant|Roost|p1a: Cramorant\n|-heal|p1a: Cramorant|178/261\n|-singleturn|p1a: Cramorant|move: Roost\n|move|p2a: Hippowdon|Slack Off|p2a: Hippowdon\n|-heal|p2a: Hippowdon|100/100\n|\n|-weather|Sandstorm|[upkeep]\n|-damage|p1a: Cramorant|162/261|[from] Sandstorm\n|upkeep\n|turn|26\n|inactive|Time left: 300 sec this turn | 300 sec total\n|\n|t:|1783573164\n|move|p1a: Cramorant|Surf|p2a: Hippowdon\n|-supereffective|p2a: Hippowdon\n|-damage|p2a: Hippowdon|57/100\n|move|p2a: Hippowdon|Stone Edge|p1a: Cramorant\n|-supereffective|p1a: Cramorant\n|-damage|p1a: Cramorant|0 fnt\n|-damage|p2a: Hippowdon|33/100|[from] ability: Gulp Missile|[of] p1a: Cramorant\n|-status|p2a: Hippowdon|par\n|-formechange|p1a: Cramorant|Cramorant|\n|faint|p1a: Cramorant\n|\n|-weather|none\n|-heal|p2a: Hippowdon|39/100 par|[from] item: Leftovers\n|upkeep\n|inactive|Time left: 300 sec this turn | 300 sec total | 5 sec grace\n|\n|t:|1783573165\n|switch|p1a: Espathra|Espathra, L80, M|283/283\n|turn|27\n|inactive|Time left: 300 sec this turn | 300 sec total\n|\n|t:|1783573166\n|move|p1a: Espathra|Lumina Crash|p2a: Hippowdon\n|-damage|p2a: Hippowdon|0 fnt\n|faint|p2a: Hippowdon\n|\n|-ability|p1a: Espathra|Speed Boost|boost\n|-boost|p1a: Espathra|spe|1\n|upkeep\n|\n|t:|1783573167\n|switch|p2a: Flapple|Flapple, L88, M|100/100\n|-damage|p2a: Flapple|76/100|[from] Spikes\n|turn|28\n|inactive|Time left: 300 sec this turn | 300 sec total\n|\n|t:|1783573168\n|move|p1a: Espathra|Lumina Crash|p2a: Flapple\n|-damage|p2a: Flapple|18/100\n|-unboost|p2a: Flapple|spd|2\n|move|p2a: Flapple|Outrage|p1a: Espathra\n|-damage|p1a: Espathra|0 fnt\n|faint|p1a: Espathra\n|\n|upkeep\n|inactive|Time left: 300 sec this turn | 300 sec total | 5 sec grace\n|\n|t:|1783573169\n|switch|p1a: Ho-Oh|Ho-Oh, L71|102/268\n|turn|29\n|inactive|Time left: 300 sec this turn | 300 sec total\n|\n|t:|1783573170\n|move|p2a: Flapple|Outrage|p1a: Ho-Oh|[from] lockedmove\n|-damage|p1a: Ho-Oh|0 fnt\n|faint|p1a: Ho-Oh\n|-start|p2a: Flapple|confusion|[fatigue]\n|\n|win|p0y2877815c", "uploadtime": 1783573170, "views": 0, "rating": 0, "private": 0, "password": null, "_winner": "p0y2877815c", "_our_name": "p0x2877cf5e"}