{"id": "battle-gen9randombattle-1233", "formatid": "gen9randombattle", "format": "[Gen 9] Random Battle", "players": ["p0x12333a99", "p0y1233a42e"], "log": "|init|battle\n|title|p0x12333a99 vs. p0y1233a42e\n|j|\u2606p0x12333a99\n|j|\u2606p0y1233a42e\n|t:|1783553412\n|gametype|singles\n|player|p1|p0x12333a99|1|\n|player|p2|p0y1233a42e|101|\n|gen|9\n|tier|[Gen 9] Random Battle\n|rule|Species Clause: Limit one of each Pok\u00e9mon\n|rule|HP Percentage Mod: HP is shown in percentages\n|rule|Sleep Clause Mod: Limit one foe put to sleep\n|rule|Illusion Level Mod: Illusion disguises the Pok\u00e9mon's true level\n|\n|t:|1783553412\n|teamsize|p1|6\n|teamsize|p2|6\n|start\n|switch|p1a: Hoopa|Hoopa, L85|275/275\n|switch|p2a: Darkrai|Darkrai, L77|100/100\n|turn|1\n|inactive|Battle timer is ON: inactive players will automatically lose when time's up. (requested by p0x12333a99)\n|inactive|p0y1233a42e also wants the timer to be on.\n|\n|t:|1783553414\n|move|p1a: Hoopa|Focus Blast|p2a: Darkrai\n|-supereffective|p2a: Darkrai\n|-damage|p2a: Darkrai|0 fnt\n|faint|p2a: Darkrai\n|\n|upkeep\n|\n|t:|1783553415\n|switch|p2a: Armarouge|Armarouge, L80, F|100/100\n|turn|2\n|inactive|Time left: 300 sec this turn | 300 sec total\n|\n|t:|1783553416\n|switch|p1a: Porygon2|Porygon2, L81|270/270\n|-ability|p1a: Porygon2|Download|boost\n|-boost|p1a: Porygon2|spa|1\n|move|p2a: Armarouge|Meteor Beam||[still]\n|-prepare|p2a: Armarouge|Meteor Beam\n|-boost|p2a: Armarouge|spa|1\n|-enditem|p2a: Armarouge|Power Herb\n|-anim|p2a: Armarouge|Meteor Beam|p1a: Porygon2\n|-damage|p1a: Porygon2|175/270\n|\n|upkeep\n|turn|3\n|inactive|Time left: 300 sec this turn | 300 sec total\n|\n|t:|1783553417\n|-terastallize|p2a: Armarouge|Fire\n|move|p2a: Armarouge|Armor Cannon|p1a: Porygon2\n|-damage|p1a: Porygon2|0 fnt\n|-unboost|p2a: Armarouge|def|1\n|-unboost|p2a: Armarouge|spd|1\n|faint|p1a: Porygon2\n|\n|upkeep\n|inactive|Time left: 300 sec this turn | 300 sec total | 5 sec grace\n|\n|t:|1783553418\n|switch|p1a: Hoopa|Hoopa, L85|275/275\n|turn|4\n|inactive|Time left: 300 sec this turn | 300 sec total\n|\n|t:|1783553419\n|move|p1a: Hoopa|Psyshock|p2a: Armarouge\n|-damage|p2a: Armarouge|33/100\n|move|p2a: Armarouge|Armor Cannon|p1a: Hoopa\n|-damage|p1a: Hoopa|75/275\n|-unboost|p2a: Armarouge|def|1\n|-unboost|p2a: Armarouge|spd|1\n|\n|upkeep\n|turn|5\n|inactive|Time left: 300 sec this turn | 300 sec total\n|\n|t:|1783553420\n|switch|p2a: Abomasnow|Abomasnow, L84, M|100/100\n|-weather|Snowscape|[from] ability: Snow Warning|[of] p2a: Abomasnow\n|move|p1a: Hoopa|Psyshock|p2a: Abomasnow\n|-damage|p2a: Abomasnow|65/100\n|\n|-weather|Snowscape|[upkeep]\n|upkeep\n|turn|6\n|inactive|Time left: 300 sec this turn | 300 sec total\n|\n|t:|1783553422\n|move|p1a: Hoopa|Psyshock|p2a: Abomasnow\n|-damage|p2a: Abomasnow|32/100\n|move|p2a: Abomasnow|Aurora Veil|p2a: Abomasnow\n|-sidestart|p2: p0y1233a42e|move: Aurora Veil\n|\n|-weather|Snowscape|[upkeep]\n|upkeep\n|turn|7\n|inactive|Time left: 300 sec this turn | 300 sec total\n|\n|t:|1783553423\n|move|p1a: Hoopa|Psyshock|p2a: Abomasnow\n|-damage|p2a: Abomasnow|16/100\n|move|p2a: Abomasnow|Wood Hammer|p1a: Hoopa\n|-damage|p1a: Hoopa|0 fnt\n|faint|p1a: Hoopa\n|-damage|p2a: Abomasnow|7/100|[from] Recoil\n|\n|-weather|Snowscape|[upkeep]\n|upkeep\n|inactive|Time left: 300 sec this turn | 300 sec total | 5 sec grace\n|\n|t:|1783553424\n|switch|p1a: Hitmonchan|Hitmonchan, L87, M|229/229\n|turn|8\n|inactive|Time left: 300 sec this turn | 300 sec total\n|\n|t:|1783553425\n|switch|p2a: Armarouge|Armarouge, L80, F, tera:Fire|33/100\n|move|p1a: Hitmonchan|Bulk Up|p1a: Hitmonchan\n|-boost|p1a: Hitmonchan|atk|1\n|-boost|p1a: Hitmonchan|def|1\n|\n|-weather|Snowscape|[upkeep]\n|upkeep\n|turn|9\n|inactive|Time left: 300 sec this turn | 300 sec total\n|\n|t:|1783553426\n|move|p1a: Hitmonchan|Bulk Up|p1a: Hitmonchan\n|-boost|p1a: Hitmonchan|atk|1\n|-boost|p1a: Hitmonchan|def|1\n|move|p2a: Armarouge|Armor Cannon|p1a: Hitmonchan\n|-damage|p1a: Hitmonchan|83/229\n|-unboost|p2a: Armarouge|def|1\n|-unboost|p2a: Armarouge|spd|1\n|\n|-weather|none\n|-heal|p1a: Hitmonchan|97/229|[from] item: Leftovers\n|upkeep\n|turn|10\n|inactive|Time left: 300 sec this turn | 300 sec total\n|\n|t:|1783553427\n|switch|p2a: Misdreavus|Misdreavus, L90, F|100/100\n|move|p1a: Hitmonchan|Drain Punch|p2a: Misdreavus\n|-immune|p2a: Misdreavus\n|\n|-heal|p1a: Hitmonchan|111/229|[from] item: Leftovers\n|upkeep\n|turn|11\n|inactive|Time left: 300 sec this turn | 300 sec total\n|\n|t:|1783553428\n|move|p2a: Misdreavus|Shadow Ball|p1a: Hitmonchan\n|-damage|p1a: Hitmonchan|42/229\n|move|p1a: Hitmonchan|Knock Off|p2a: Misdreavus\n|-supereffective|p2a: Misdreavus\n|-damage|p2a: Misdreavus|53/100\n|-enditem|p2a: Misdreavus|Eviolite|[from] move: Knock Off|[of] p1a: Hitmonchan\n|\n|-heal|p1a: Hitmonchan|56/229|[from] item: Leftovers\n|upkeep\n|turn|12\n|inactive|Time left: 300 sec this turn | 300 sec total\n|\n|t:|1783553429\n|switch|p1a: Grafaiai|Grafaiai, L86, M|249/249\n|move|p2a: Misdreavus|Shadow Ball|p1a: Grafaiai\n|-immune|p1a: Grafaiai\n|\n|upkeep\n|turn|13\n|inactive|Time left: 300 sec this turn | 300 sec total\n|\n|t:|1783553431\n|move|p1a: Grafaiai|Gunk Shot|p2a: Misdreavus\n|-resisted|p2a: Misdreavus\n|-damage|p2a: Misdreavus|38/100\n|move|p2a: Misdreavus|Will-O-Wisp|p1a: Grafaiai|[miss]\n|-miss|p2a: Misdreavus|p1a: Grafaiai\n|\n|-sideend|p2: p0y1233a42e|move: Aurora Veil\n|upkeep\n|turn|14\n|inactive|Time left: 300 sec this turn | 300 sec total\n|\n|t:|1783553432\n|move|p1a: Grafaiai|Knock Off|p2a: Misdreavus\n|-supereffective|p2a: Misdreavus\n|-damage|p2a: Misdreavus|0 fnt\n|faint|p2a: Misdreavus\n|\n|upkeep\n|\n|t:|1783553433\n|switch|p2a: Noctowl|Noctowl, L95, M|100/100\n|turn|15\n|inactive|Time left: 300 sec this turn | 300 sec total\n|\n|t:|1783553434\n|move|p1a: Grafaiai|Gunk Shot|p2a: Noctowl|[miss]\n|-miss|p1a: Grafaiai|p2a: Noctowl\n|move|p2a: Noctowl|Hurricane|p1a: Grafaiai\n|-damage|p1a: Grafaiai|84/249\n|-start|p1a: Grafaiai|confusion\n|\n|upkeep\n|turn|16\n|inactive|Time left: 300 sec this turn | 300 sec total\n|\n|t:|1783553435\n|-activate|p1a: Grafaiai|confusion\n|move|p1a: Grafaiai|Parting Shot|p2a: Noctowl\n|-unboost|p2a: Noctowl|atk|1\n|-unboost|p2a: Noctowl|spa|1\n|inactive|Time left: 300 sec this turn | 300 sec total | 5 sec grace\n|\n|t:|1783553436\n|switch|p1a: Luxray|Luxray, L88, M|284/284|[from] Parting Shot\n|-ability|p1a: Luxray|Intimidate|boost\n|-unboost|p2a: Noctowl|atk|1\n|move|p2a: Noctowl|Hyper Voice|p1a: Luxray\n|-damage|p1a: Luxray|236/284\n|\n|upkeep\n|turn|17\n|inactive|Time left: 300 sec this turn | 300 sec total\n|\n|t:|1783553437\n|switch|p2a: Sceptile|Sceptile, L87, F|100/100\n|move|p1a: Luxray|Volt Switch|p2a: Sceptile\n|-resisted|p2a: Sceptile\n|-damage|p2a: Sceptile|86/100\n|inactive|Time left: 300 sec this turn | 300 sec total | 5 sec grace\n|\n|t:|1783553438\n|switch|p1a: Grafaiai|Grafaiai, L86, M|84/249|[from] Volt Switch\n|\n|-heal|p2a: Sceptile|92/100|[from] item: Leftovers\n|upkeep\n|turn|18\n|inactive|Time left: 300 sec this turn | 300 sec total\n|\n|t:|1783553439\n|move|p2a: Sceptile|Focus Blast|p1a: Grafaiai|[miss]\n|-miss|p2a: Sceptile|p1a: Grafaiai\n|move|p1a: Grafaiai|Gunk Shot|p2a: Sceptile\n|-supereffective|p2a: Sceptile\n|-damage|p2a: Sceptile|0 fnt\n|faint|p2a: Sceptile\n|\n|upkeep\n|\n|t:|1783553440\n|switch|p2a: Armarouge|Armarouge, L80, F, tera:Fire|33/100\n|turn|19\n|inactive|Time left: 300 sec this turn | 300 sec total\n|\n|t:|1783553441\n|move|p1a: Grafaiai|Gunk Shot|p2a: Armarouge|[miss]\n|-miss|p1a: Grafaiai|p2a: Armarouge\n|move|p2a: Armarouge|Armor Cannon|p1a: Grafaiai\n|-damage|p1a: Grafaiai|0 fnt\n|-unboost|p2a: Armarouge|def|1\n|-unboost|p2a: Armarouge|spd|1\n|faint|p1a: Grafaiai\n|\n|upkeep\n|inactive|Time left: 300 sec this turn | 300 sec total | 5 sec grace\n|\n|t:|1783553442\n|switch|p1a: Hitmonchan|Hitmonchan, L87, M|56/229\n|turn|20\n|inactive|Time left: 300 sec this turn | 300 sec total\n|\n|t:|1783553443\n|switch|p2a: Abomasnow|Abomasnow, L84, M|7/100\n|-weather|Snowscape|[from] ability: Snow Warning|[of] p2a: Abomasnow\n|move|p1a: Hitmonchan|Drain Punch|p2a: Abomasnow\n|-supereffective|p2a: Abomasnow\n|-damage|p2a: Abomasnow|0 fnt\n|-heal|p1a: Hitmonchan|66/229|[from] drain|[of] p2a: Abomasnow\n|faint|p2a: Abomasnow\n|\n|-weather|Snowscape|[upkeep]\n|-heal|p1a: Hitmonchan|80/229|[from] item: Leftovers\n|upkeep\n|\n|t:|1783553444\n|switch|p2a: Noctowl|Noctowl, L95, M|100/100\n|turn|21\n|inactive|Time left: 300 sec this turn | 300 sec total\n|\n|t:|1783553445\n|switch|p1a: Luxray|Luxray, L88, M|236/284\n|-ability|p1a: Luxray|Intimidate|boost\n|-unboost|p2a: Noctowl|atk|1\n|move|p2a: Noctowl|Hyper Voice|p1a: Luxray\n|-damage|p1a: Luxray|154/284\n|\n|-weather|Snowscape|[upkeep]\n|upkeep\n|turn|22\n|inactive|Time left: 300 sec this turn | 300 sec total\n|\n|t:|1783553446\n|move|p2a: Noctowl|Hurricane|p1a: Luxray\n|-resisted|p1a: Luxray\n|-damage|p1a: Luxray|52/284\n|-start|p1a: Luxray|confusion\n|-activate|p1a: Luxray|confusion\n|move|p1a: Luxray|Wild Charge|p2a: Noctowl\n|-supereffective|p2a: Noctowl\n|-damage|p2a: Noctowl|13/100\n|-damage|p1a: Luxray|0 fnt|[from] Recoil\n|faint|p1a: Luxray\n|\n|-weather|Snowscape|[upkeep]\n|upkeep\n|inactive|Time left: 300 sec this turn | 300 sec total | 5 sec grace\n|\n|t:|1783553447\n|switch|p1a: Toedscruel|Toedscruel, L87, M|281/281\n|turn|23\n|inactive|Time left: 300 sec this turn | 300 sec total\n|\n|t:|1783553448\n|switch|p2a: Armarouge|Armarouge, L80, F, tera:Fire|33/100\n|move|p1a: Toedscruel|Spore|p2a: Armarouge\n|-status|p2a: Armarouge|slp|[from] move: Spore\n|\n|-weather|Snowscape|[upkeep]\n|upkeep\n|turn|24\n|inactive|Time left: 300 sec this turn | 300 sec total\n|\n|t:|1783553449\n|switch|p1a: Hitmonchan|Hitmonchan, L87, M|80/229\n|switch|p2a: Noctowl|Noctowl, L95, M|13/100\n|\n|-weather|none\n|-heal|p1a: Hitmonchan|94/229|[from] item: Leftovers\n|upkeep\n|turn|25\n|inactive|Time left: 300 sec this turn | 300 sec total\n|\n|t:|1783553450\n|move|p2a: Noctowl|Hurricane|p1a: Hitmonchan\n|-supereffective|p1a: Hitmonchan\n|-damage|p1a: Hitmonchan|0 fnt\n|faint|p1a: Hitmonchan\n|\n|upkeep\n|inactive|Time left: 300 sec this turn | 300 sec total | 5 sec grace\n|\n|t:|1783553451\n|switch|p1a: Toedscruel|Toedscruel, L87, M|281/281\n|turn|26\n|inactive|Time left: 300 sec this turn | 300 sec total\n|\n|t:|1783553451\n|move|p2a: Noctowl|Roost|p2a: Noctowl\n|-heal|p2a: Noctowl|63/100\n|-singleturn|p2a: Noctowl|move: Roost\n|move|p1a: Toedscruel|Toxic|p2a: Noctowl\n|-status|p2a: Noctowl|tox\n|\n|-damage|p2a: Noctowl|57/100 tox|[from] psn\n|upkeep\n|turn|27\n|inactive|Time left: 300 sec this turn | 300 sec total\n|\n|t:|1783553452\n|-terastallize|p1a: Toedscruel|Water\n|move|p1a: Toedscruel|Giga Drain|p2a: Noctowl\n|-resisted|p2a: Noctowl\n|-damage|p2a: Noctowl|48/100 tox\n|move|p2a: Noctowl|Hurricane|p1a: Toedscruel\n|-damage|p1a: Toedscruel|187/281\n|\n|-heal|p1a: Toedscruel|204/281|[from] item: Leftovers\n|-damage|p2a: Noctowl|36/100 tox|[from] psn\n|upkeep\n|turn|28\n|inactive|Time left: 300 sec this turn | 300 sec total\n|\n|t:|1783553453\n|move|p1a: Toedscruel|Giga Drain|p2a: Noctowl\n|-resisted|p2a: Noctowl\n|-damage|p2a: Noctowl|27/100 tox\n|-heal|p1a: Toedscruel|220/281|[from] drain|[of] p2a: Noctowl\n|move|p2a: Noctowl|Roost|p2a: Noctowl\n|-heal|p2a: Noctowl|77/100 tox\n|-singleturn|p2a: Noctowl|move: Roost\n|\n|-heal|p1a: Toedscruel|237/281|[from] item: Leftovers\n|-damage|p2a: Noctowl|59/100 tox|[from] psn\n|upkeep\n|turn|29\n|inactive|Time left: 300 sec this turn | 300 sec total\n|\n|t:|1783553454\n|switch|p2a: Armarouge|Armarouge, L80, F, tera:Fire|33/100 slp\n|move|p1a: Toedscruel|Giga Drain|p2a: Armarouge\n|-resisted|p2a: Armarouge\n|-damage|p2a: Armarouge|17/100 slp\n|-heal|p1a: Toedscruel|258/281|[from] drain|[of] p2a: Armarouge\n|\n|-heal|p1a: Toedscruel|275/281|[from] item: Leftovers\n|upkeep\n|turn|30\n|inactive|Time left: 300 sec this turn | 300 sec total\n|\n|t:|1783553455\n|move|p1a: Toedscruel|Giga Drain|p2a: Armarouge\n|-resisted|p2a: Armarouge\n|-damage|p2a: Armarouge|1/100 slp\n|-heal|p1a: Toedscruel|281/281|[from] drain|[of] p2a: Armarouge\n|cant|p2a: Armarouge|slp\n|\n|upkeep\n|turn|31\n|inactive|Time left: 300 sec this turn | 300 sec total\n|\n|t:|1783553455\n|switch|p2a: Noctowl|Noctowl, L95, M|59/100 tox\n|move|p1a: Toedscruel|Toxic|p2a: Noctowl\n|-fail|p2a: Noctowl|tox\n|\n|-damage|p2a: Noctowl|53/100 tox|[from] psn\n|upkeep\n|turn|32\n|inactive|Time left: 300 sec this turn | 300 sec total\n|\n|t:|1783553456\n|move|p1a: Toedscruel|Giga Drain|p2a: Noctowl\n|-resisted|p2a: Noctowl\n|-damage|p2a: Noctowl|43/100 tox\n|move|p2a: Noctowl|Roost|p2a: Noctowl\n|-heal|p2a: Noctowl|93/100 tox\n|-singleturn|p2a: Noctowl|move: Roost\n|\n|-damage|p2a: Noctowl|81/100 tox|[from] psn\n|upkeep\n|turn|33\n|inactive|Time left: 300 sec this turn | 300 sec total\n|\n|t:|1783553457\n|switch|p2a: Armarouge|Armarouge, L80, F, tera:Fire|1/100 slp\n|move|p1a: Toedscruel|Spore|p2a: Armarouge\n|-fail|p2a: Armarouge|slp\n|\n|upkeep\n|turn|34\n|inactive|Time left: 300 sec this turn | 300 sec total\n|\n|t:|1783553458\n|switch|p2a: Noctowl|Noctowl, L95, M|81/100 tox\n|move|p1a: Toedscruel|Earth Power|p2a: Noctowl\n|-immune|p2a: Noctowl\n|\n|-damage|p2a: Noctowl|75/100 tox|[from] psn\n|upkeep\n|turn|35\n|inactive|Time left: 300 sec this turn | 300 sec total\n|\n|t:|1783553459\n|move|p1a: Toedscruel|Giga Drain|p2a: Noctowl\n|-resisted|p2a: Noctowl\n|-damage|p2a: Noctowl|66/100 tox\n|move|p2a: Noctowl|Hurricane|p1a: Toedscruel\n|-crit|p1a: Toedscruel\n|-damage|p1a: Toedscruel|125/281\n|\n|-heal|p1a: Toedscruel|142/281|[from] item: Leftovers\n|-damage|p2a: Noctowl|54/100 tox|[from] psn\n|upkeep\n|turn|36\n|inactive|Time left: 300 sec this turn | 300 sec total\n|\n|t:|1783553461\n|move|p1a: Toedscruel|Giga Drain|p2a: Noctowl\n|-resisted|p2a: Noctowl\n|-damage|p2a: Noctowl|44/100 tox\n|-heal|p1a: Toedscruel|159/281|[from] drain|[of] p2a: Noctowl\n|move|p2a: Noctowl|Hurricane|p1a: Toedscruel|[miss]\n|-miss|p2a: Noctowl|p1a: Toedscruel\n|\n|-heal|p1a: Toedscruel|176/281|[from] item: Leftovers\n|-damage|p2a: Noctowl|26/100 tox|[from] psn\n|upkeep\n|turn|37\n|inactive|Time left: 300 sec this turn | 300 sec total\n|\n|t:|1783553462\n|move|p1a: Toedscruel|Giga Drain|p2a: Noctowl\n|-resisted|p2a: Noctowl\n|-crit|p2a: Noctowl\n|-damage|p2a: Noctowl|14/100 tox\n|-heal|p1a: Toedscruel|197/281|[from] drain|[of] p2a: Noctowl\n|move|p2a: Noctowl|Roost|p2a: Noctowl\n|-heal|p2a: Noctowl|64/100 tox\n|-singleturn|p2a: Noctowl|move: Roost\n|\n|-heal|p1a: Toedscruel|214/281|[from] item: Leftovers\n|-damage|p2a: Noctowl|39/100 tox|[from] psn\n|upkeep\n|turn|38\n|inactive|Time left: 300 sec this turn | 300 sec total\n|\n|t:|1783553463\n|switch|p2a: Armarouge|Armarouge, L80, F, tera:Fire|1/100 slp\n|move|p1a: Toedscruel|Giga Drain|p2a: Armarouge\n|-resisted|p2a: Armarouge\n|-damage|p2a: Armarouge|0 fnt\n|-heal|p1a: Toedscruel|215/281|[from] drain|[of] p2a: Armarouge\n|faint|p2a: Armarouge\n|\n|-heal|p1a: Toedscruel|232/281|[from] item: Leftovers\n|upkeep\n|\n|t:|1783553464\n|switch|p2a: Noctowl|Noctowl, L95, M|39/100 tox\n|turn|39\n|inactive|Time left: 300 sec this turn | 300 sec total\n|\n|t:|1783553465\n|move|p1a: Toedscruel|Giga Drain|p2a: Noctowl\n|-resisted|p2a: Noctowl\n|-damage|p2a: Noctowl|30/100 tox\n|-heal|p1a: Toedscruel|248/281|[from] drain|[of] p2a: Noctowl\n|move|p2a: Noctowl|Roost|p2a: Noctowl\n|-heal|p2a: Noctowl|80/100 tox\n|-singleturn|p2a: Noctowl|move: Roost\n|\n|-heal|p1a: Toedscruel|265/281|[from] item: Leftovers\n|-damage|p2a: Noctowl|74/100 tox|[from] psn\n|upkeep\n|turn|40\n|inactive|Time left: 300 sec this turn | 300 sec total\n|\n|t:|1783553466\n|move|p1a: Toedscruel|Giga Drain|p2a: Noctowl\n|-resisted|p2a: Noctowl\n|-damage|p2a: Noctowl|65/100 tox\n|-heal|p1a: Toedscruel|281/281|[from] drain|[of] p2a: Noctowl\n|move|p2a: Noctowl|Hurricane|p1a: Toedscruel\n|-damage|p1a: Toedscruel|184/281\n|\n|-heal|p1a: Toedscruel|201/281|[from] item: Leftovers\n|-damage|p2a: Noctowl|53/100 tox|[from] psn\n|upkeep\n|turn|41\n|inactive|Time left: 300 sec this turn | 300 sec total\n|\n|t:|1783553468\n|move|p1a: Toedscruel|Giga Drain|p2a: Noctowl\n|-resisted|p2a: Noctowl\n|-damage|p2a: Noctowl|43/100 tox\n|-heal|p1a: Toedscruel|217/281|[from] drain|[of] p2a: Noctowl\n|move|p2a: Noctowl|Roost|p2a: Noctowl\n|-heal|p2a: Noctowl|93/100 tox\n|-singleturn|p2a: Noctowl|move: Roost\n|\n|-heal|p1a: Toedscruel|234/281|[from] item: Leftovers\n|-damage|p2a: Noctowl|75/100 tox|[from] psn\n|upkeep\n|turn|42\n|inactive|Time left: 300 sec this turn | 300 sec total\n|\n|t:|1783553469\n|move|p1a: Toedscruel|Giga Drain|p2a: Noctowl\n|-resisted|p2a: Noctowl\n|-damage|p2a: Noctowl|67/100 tox\n|-heal|p1a: Toedscruel|248/281|[from] drain|[of] p2a: Noctowl\n|move|p2a: Noctowl|Hurricane|p1a: Toedscruel|[miss]\n|-miss|p2a: Noctowl|p1a: Toedscruel\n|\n|-heal|p1a: Toedscruel|265/281|[from] item: Leftovers\n|-damage|p2a: Noctowl|42/100 tox|[from] psn\n|upkeep\n|turn|43\n|inactive|Time left: 300 sec this turn | 300 sec total\n|\n|t:|1783553470\n|move|p1a: Toedscruel|Giga Drain|p2a: Noctowl\n|-resisted|p2a: Noctowl\n|-damage|p2a: Noctowl|34/100 tox\n|-heal|p1a: Toedscruel|280/281|[from] drain|[of] p2a: Noctowl\n|move|p2a: Noctowl|Roost|p2a: Noctowl\n|-heal|p2a: Noctowl|84/100 tox\n|-singleturn|p2a: Noctowl|move: Roost\n|\n|-heal|p1a: Toedscruel|281/281|[from] item: Leftovers\n|-damage|p2a: Noctowl|53/100 tox|[from] psn\n|upkeep\n|turn|44\n|inactive|Time left: 300 sec this turn | 300 sec total\n|\n|t:|1783553471\n|move|p2a: Noctowl|Defog|p1a: Toedscruel\n|-unboost|p1a: Toedscruel|evasion|1\n|move|p1a: Toedscruel|Toxic|p2a: Noctowl\n|-fail|p2a: Noctowl|tox\n|\n|-damage|p2a: Noctowl|16/100 tox|[from] psn\n|upkeep\n|turn|45\n|inactive|Time left: 300 sec this turn | 300 sec total\n|\n|t:|1783553472\n|move|p2a: Noctowl|Hyper Voice|p1a: Toedscruel\n|-damage|p1a: Toedscruel|199/281\n|move|p1a: Toedscruel|Spore||[still]\n|-fail|p1a: Toedscruel\n|\n|-heal|p1a: Toedscruel|216/281|[from] item: Leftovers\n|-damage|p2a: Noctowl|0 fnt|[from] psn\n|faint|p2a: Noctowl\n|\n|win|p0x12333a99", "uploadtime": 1783553472, "views": 0, "rating": 0, "private": 0, "password": null, "_winner": "p0x12333a99", "_our_name": "p0x12333a99"}