{"id": "battle-gen9randombattle-887", "formatid": "gen9randombattle", "format": "[Gen 9] Random Battle", "players": ["p0x887e854", "p0y8879317"], "log": "|init|battle\n|title|p0x887e854 vs. p0y8879317\n|j|\u2606p0x887e854\n|j|\u2606p0y8879317\n|t:|1783550186\n|gametype|singles\n|player|p1|p0x887e854|101|\n|player|p2|p0y8879317|102|\n|gen|9\n|tier|[Gen 9] Random Battle\n|rule|Species Clause: Limit one of each Pok\u00e9mon\n|rule|HP Percentage Mod: HP is shown in percentages\n|rule|Sleep Clause Mod: Limit one foe put to sleep\n|rule|Illusion Level Mod: Illusion disguises the Pok\u00e9mon's true level\n|\n|t:|1783550186\n|teamsize|p1|6\n|teamsize|p2|6\n|start\n|switch|p1a: Iron Boulder|Iron Boulder, L77|100/100\n|switch|p2a: Gastrodon|Gastrodon-East, L86, F|331/331\n|turn|1\n|inactive|Battle timer is ON: inactive players will automatically lose when time's up. (requested by p0y8879317)\n|inactive|p0x887e854 also wants the timer to be on.\n|\n|t:|1783550187\n|-end|p1a: Iron Boulder|Quark Drive|[silent]\n|switch|p1a: Gyarados|Gyarados, L79, M|100/100\n|-ability|p1a: Gyarados|Intimidate|boost\n|-unboost|p2a: Gastrodon|atk|1\n|move|p2a: Gastrodon|Earthquake|p1a: Gyarados\n|-immune|p1a: Gyarados\n|\n|upkeep\n|turn|2\n|inactive|Time left: 300 sec this turn | 300 sec total\n|\n|t:|1783550189\n|move|p1a: Gyarados|Dragon Dance|p1a: Gyarados\n|-boost|p1a: Gyarados|atk|1\n|-boost|p1a: Gyarados|spe|1\n|move|p2a: Gastrodon|Stealth Rock|p1a: Gyarados\n|-sidestart|p1: p0x887e854|move: Stealth Rock\n|\n|upkeep\n|turn|3\n|inactive|Time left: 300 sec this turn | 300 sec total\n|\n|t:|1783550190\n|switch|p2a: Altaria|Altaria, L89, M|278/278\n|move|p1a: Gyarados|Dragon Dance|p1a: Gyarados\n|-boost|p1a: Gyarados|atk|1\n|-boost|p1a: Gyarados|spe|1\n|\n|upkeep\n|turn|4\n|inactive|Time left: 300 sec this turn | 300 sec total\n|\n|t:|1783550191\n|move|p1a: Gyarados|Waterfall|p2a: Altaria\n|-resisted|p2a: Altaria\n|-damage|p2a: Altaria|200/278\n|move|p2a: Altaria|Haze|p2a: Altaria\n|-clearallboost\n|\n|upkeep\n|turn|5\n|inactive|Time left: 300 sec this turn | 300 sec total\n|\n|t:|1783550192\n|move|p2a: Altaria|Brave Bird|p1a: Gyarados\n|-damage|p1a: Gyarados|56/100\n|-damage|p2a: Altaria|159/278|[from] Recoil\n|move|p1a: Gyarados|Dragon Dance|p1a: Gyarados\n|-boost|p1a: Gyarados|atk|1\n|-boost|p1a: Gyarados|spe|1\n|\n|upkeep\n|turn|6\n|inactive|Time left: 300 sec this turn | 300 sec total\n|\n|t:|1783550193\n|-terastallize|p1a: Gyarados|Flying\n|move|p1a: Gyarados|Tera Blast|p2a: Altaria|[anim] Tera Blast Flying\n|-damage|p2a: Altaria|0 fnt\n|faint|p2a: Altaria\n|\n|upkeep\n|inactive|Time left: 300 sec this turn | 300 sec total | 5 sec grace\n|\n|t:|1783550194\n|switch|p2a: Volcanion|Volcanion, L79|256/256\n|turn|7\n|inactive|Time left: 300 sec this turn | 300 sec total\n|\n|t:|1783550196\n|-terastallize|p2a: Volcanion|Water\n|move|p1a: Gyarados|Earthquake|p2a: Volcanion\n|-damage|p2a: Volcanion|152/256\n|move|p2a: Volcanion|Steam Eruption|p1a: Gyarados\n|-damage|p1a: Gyarados|0 fnt\n|faint|p1a: Gyarados\n|\n|upkeep\n|\n|t:|1783550197\n|switch|p1a: Mienshao|Mienshao, L83, M|100/100\n|-damage|p1a: Mienshao|94/100|[from] Stealth Rock\n|turn|8\n|inactive|Time left: 300 sec this turn | 300 sec total\n|\n|t:|1783550198\n|move|p1a: Mienshao|High Jump Kick|p2a: Volcanion|[miss]\n|-miss|p1a: Mienshao|p2a: Volcanion\n|-damage|p1a: Mienshao|45/100|[from] highjumpkick\n|move|p2a: Volcanion|Steam Eruption|p1a: Mienshao\n|-damage|p1a: Mienshao|0 fnt\n|faint|p1a: Mienshao\n|\n|upkeep\n|\n|t:|1783550199\n|switch|p1a: Smeargle|Smeargle, L95, F|100/100\n|-damage|p1a: Smeargle|88/100|[from] Stealth Rock\n|turn|9\n|inactive|Time left: 300 sec this turn | 300 sec total\n|\n|t:|1783550201\n|move|p1a: Smeargle|Spore|p2a: Volcanion\n|-status|p2a: Volcanion|slp|[from] move: Spore\n|cant|p2a: Volcanion|slp\n|\n|upkeep\n|turn|10\n|inactive|Time left: 300 sec this turn | 300 sec total\n|\n|t:|1783550202\n|switch|p2a: Lucario|Lucario, L84, M|255/255\n|move|p1a: Smeargle|Sticky Web|p2a: Lucario\n|-sidestart|p2: p0y8879317|move: Sticky Web\n|\n|upkeep\n|turn|11\n|inactive|Time left: 300 sec this turn | 300 sec total\n|\n|t:|1783550203\n|switch|p1a: Vespiquen|Vespiquen, L99, F|100/100\n|-ability|p1a: Vespiquen|Pressure\n|move|p2a: Lucario|Close Combat|p1a: Vespiquen\n|-resisted|p1a: Vespiquen\n|-damage|p1a: Vespiquen|86/100\n|-unboost|p2a: Lucario|def|1\n|-unboost|p2a: Lucario|spd|1\n|\n|upkeep\n|turn|12\n|inactive|Time left: 300 sec this turn | 300 sec total\n|\n|t:|1783550204\n|switch|p2a: Volcanion|Volcanion, L79, tera:Water|152/256 slp\n|move|p1a: Vespiquen|Hurricane|p2a: Volcanion\n|-damage|p2a: Volcanion|8/256 slp\n|\n|upkeep\n|turn|13\n|inactive|Time left: 300 sec this turn | 300 sec total\n|\n|t:|1783550205\n|cant|p2a: Volcanion|slp\n|move|p1a: Vespiquen|Hurricane|p2a: Volcanion\n|-damage|p2a: Volcanion|0 fnt\n|faint|p2a: Volcanion\n|\n|upkeep\n|inactive|Time left: 300 sec this turn | 300 sec total | 5 sec grace\n|\n|t:|1783550206\n|switch|p2a: Lucario|Lucario, L84, M|255/255\n|-activate|p2a: Lucario|move: Sticky Web\n|-unboost|p2a: Lucario|spe|1\n|turn|14\n|inactive|Time left: 300 sec this turn | 300 sec total\n|\n|t:|1783550207\n|move|p1a: Vespiquen|Hurricane|p2a: Lucario|[miss]\n|-miss|p1a: Vespiquen|p2a: Lucario\n|move|p2a: Lucario|Stone Edge|p1a: Vespiquen\n|-supereffective|p1a: Vespiquen\n|-damage|p1a: Vespiquen|0 fnt\n|faint|p1a: Vespiquen\n|\n|upkeep\n|\n|t:|1783550208\n|switch|p1a: Iron Boulder|Iron Boulder, L77|100/100\n|-damage|p1a: Iron Boulder|88/100|[from] Stealth Rock\n|turn|15\n|inactive|Time left: 300 sec this turn | 300 sec total\n|\n|t:|1783550209\n|switch|p2a: Gastrodon|Gastrodon-East, L86, F|331/331\n|-activate|p2a: Gastrodon|move: Sticky Web\n|-unboost|p2a: Gastrodon|spe|1\n|move|p1a: Iron Boulder|Swords Dance|p1a: Iron Boulder\n|-boost|p1a: Iron Boulder|atk|2\n|\n|upkeep\n|turn|16\n|inactive|Time left: 300 sec this turn | 300 sec total\n|\n|t:|1783550210\n|move|p1a: Iron Boulder|Zen Headbutt|p2a: Gastrodon\n|-damage|p2a: Gastrodon|62/331\n|-damage|p1a: Iron Boulder|78/100|[from] item: Life Orb\n|move|p2a: Gastrodon|Earthquake|p1a: Iron Boulder\n|-supereffective|p1a: Iron Boulder\n|-damage|p1a: Iron Boulder|0 fnt\n|faint|p1a: Iron Boulder\n|-end|p1a: Iron Boulder|Quark Drive|[silent]\n|\n|-heal|p2a: Gastrodon|82/331|[from] item: Leftovers\n|upkeep\n|\n|t:|1783550211\n|switch|p1a: Venomoth|Venomoth, L84, M|100/100\n|turn|17\n|inactive|Time left: 300 sec this turn | 300 sec total\n|\n|t:|1783550212\n|move|p1a: Venomoth|Quiver Dance|p1a: Venomoth\n|-boost|p1a: Venomoth|spa|1\n|-boost|p1a: Venomoth|spd|1\n|-boost|p1a: Venomoth|spe|1\n|move|p2a: Gastrodon|Earthquake|p1a: Venomoth\n|-damage|p1a: Venomoth|54/100\n|\n|-heal|p2a: Gastrodon|102/331|[from] item: Leftovers\n|upkeep\n|turn|18\n|inactive|Time left: 300 sec this turn | 300 sec total\n|\n|t:|1783550214\n|move|p1a: Venomoth|Sleep Powder|p2a: Gastrodon|[miss]\n|-miss|p1a: Venomoth|p2a: Gastrodon\n|move|p2a: Gastrodon|Earthquake|p1a: Venomoth\n|-damage|p1a: Venomoth|1/100\n|\n|-heal|p2a: Gastrodon|122/331|[from] item: Leftovers\n|upkeep\n|turn|19\n|inactive|Time left: 300 sec this turn | 300 sec total\n|\n|t:|1783550215\n|move|p1a: Venomoth|Bug Buzz|p2a: Gastrodon\n|-damage|p2a: Gastrodon|0 fnt\n|faint|p2a: Gastrodon\n|\n|upkeep\n|inactive|Time left: 300 sec this turn | 300 sec total | 5 sec grace\n|\n|t:|1783550215\n|switch|p2a: Lucario|Lucario, L84, M|255/255\n|-activate|p2a: Lucario|move: Sticky Web\n|-unboost|p2a: Lucario|spe|1\n|turn|20\n|inactive|Time left: 300 sec this turn | 300 sec total\n|\n|t:|1783550216\n|move|p2a: Lucario|Extreme Speed|p1a: Venomoth\n|-damage|p1a: Venomoth|0 fnt\n|faint|p1a: Venomoth\n|\n|upkeep\n|\n|t:|1783550217\n|switch|p1a: Smeargle|Smeargle, L95, F|88/100\n|-damage|p1a: Smeargle|76/100|[from] Stealth Rock\n|turn|21\n|inactive|Time left: 300 sec this turn | 300 sec total\n|\n|t:|1783550218\n|move|p2a: Lucario|Extreme Speed|p1a: Smeargle\n|-damage|p1a: Smeargle|19/100\n|move|p1a: Smeargle|Spore|p2a: Lucario\n|-status|p2a: Lucario|slp|[from] move: Spore\n|\n|upkeep\n|turn|22\n|inactive|Time left: 300 sec this turn | 300 sec total\n|\n|t:|1783550219\n|switch|p2a: Medicham|Medicham, L86, M|243/243\n|-activate|p2a: Medicham|move: Sticky Web\n|-unboost|p2a: Medicham|spe|1\n|move|p1a: Smeargle|Stealth Rock|p2a: Medicham\n|-sidestart|p2: p0y8879317|move: Stealth Rock\n|\n|upkeep\n|turn|23\n|inactive|Time left: 300 sec this turn | 300 sec total\n|\n|t:|1783550220\n|move|p2a: Medicham|Bullet Punch|p1a: Smeargle\n|-damage|p1a: Smeargle|0 fnt\n|faint|p1a: Smeargle\n|\n|win|p0y8879317", "uploadtime": 1783550220, "views": 0, "rating": 0, "private": 0, "password": null, "_winner": "p0y8879317", "_our_name": "p0y8879317"}