{"id": "battle-gen9randombattle-859", "formatid": "gen9randombattle", "format": "[Gen 9] Random Battle", "players": ["p0x859d639", "p0y85971a3"], "log": "|init|battle\n|title|p0x859d639 vs. p0y85971a3\n|j|\u2606p0x859d639\n|j|\u2606p0y85971a3\n|t:|1783549849\n|gametype|singles\n|player|p1|p0x859d639|266|\n|player|p2|p0y85971a3|102|\n|gen|9\n|tier|[Gen 9] Random Battle\n|rule|Species Clause: Limit one of each Pok\u00e9mon\n|rule|HP Percentage Mod: HP is shown in percentages\n|rule|Sleep Clause Mod: Limit one foe put to sleep\n|rule|Illusion Level Mod: Illusion disguises the Pok\u00e9mon's true level\n|\n|t:|1783549849\n|teamsize|p1|6\n|teamsize|p2|6\n|start\n|switch|p1a: Decidueye|Decidueye-Hisui, L87, M|100/100\n|switch|p2a: Garganacl|Garganacl, L80, M|291/291\n|turn|1\n|inactive|Battle timer is ON: inactive players will automatically lose when time's up. (requested by p0x859d639)\n|inactive|Time left: 300 sec this turn | 300 sec total | 60 sec grace\n|inactive|p0y85971a3 also wants the timer to be on.\n|\n|t:|1783549850\n|move|p1a: Decidueye|Triple Arrows|p2a: Garganacl\n|-supereffective|p2a: Garganacl\n|-crit|p2a: Garganacl\n|-damage|p2a: Garganacl|31/291\n|move|p2a: Garganacl|Salt Cure|p1a: Decidueye\n|-resisted|p1a: Decidueye\n|-damage|p1a: Decidueye|93/100\n|-start|p1a: Decidueye|Salt Cure\n|\n|-heal|p1a: Decidueye|99/100|[from] item: Leftovers\n|-heal|p2a: Garganacl|49/291|[from] item: Leftovers\n|-damage|p1a: Decidueye|87/100|[from] Salt Cure\n|upkeep\n|turn|2\n|inactive|Time left: 300 sec this turn | 300 sec total\n|\n|t:|1783549851\n|switch|p2a: Volcarona|Volcarona, L77, M|257/257\n|move|p1a: Decidueye|Knock Off|p2a: Volcarona\n|-damage|p2a: Volcarona|137/257\n|-enditem|p2a: Volcarona|Heavy-Duty Boots|[from] move: Knock Off|[of] p1a: Decidueye\n|\n|-heal|p1a: Decidueye|93/100|[from] item: Leftovers\n|-damage|p1a: Decidueye|81/100|[from] Salt Cure\n|upkeep\n|turn|3\n|inactive|Time left: 300 sec this turn | 300 sec total\n|\n|t:|1783549852\n|switch|p1a: Rhyperior|Rhyperior, L82, F|100/100\n|move|p2a: Volcarona|Quiver Dance|p2a: Volcarona\n|-boost|p2a: Volcarona|spa|1\n|-boost|p2a: Volcarona|spd|1\n|-boost|p2a: Volcarona|spe|1\n|\n|upkeep\n|turn|4\n|inactive|Time left: 300 sec this turn | 300 sec total\n|\n|t:|1783549854\n|-terastallize|p1a: Rhyperior|Bug\n|move|p2a: Volcarona|Giga Drain|p1a: Rhyperior\n|-resisted|p1a: Rhyperior\n|-damage|p1a: Rhyperior|80/100\n|-heal|p2a: Volcarona|171/257|[from] drain|[of] p1a: Rhyperior\n|move|p1a: Rhyperior|Earthquake|p2a: Volcarona\n|-damage|p2a: Volcarona|0 fnt\n|faint|p2a: Volcarona\n|\n|upkeep\n|inactive|Time left: 300 sec this turn | 300 sec total | 5 sec grace\n|\n|t:|1783549855\n|switch|p2a: Politoed|Politoed, L88, M|302/302\n|-weather|RainDance|[from] ability: Drizzle|[of] p2a: Politoed\n|turn|5\n|inactive|Time left: 300 sec this turn | 300 sec total\n|\n|t:|1783549856\n|switch|p1a: Decidueye|Decidueye-Hisui, L87, M|81/100\n|move|p2a: Politoed|Weather Ball|p1a: Decidueye\n|-resisted|p1a: Decidueye\n|-damage|p1a: Decidueye|39/100\n|\n|-weather|RainDance|[upkeep]\n|-heal|p1a: Decidueye|46/100|[from] item: Leftovers\n|upkeep\n|turn|6\n|inactive|Time left: 300 sec this turn | 300 sec total\n|\n|t:|1783549857\n|switch|p1a: Hippowdon|Hippowdon, L82, F|100/100\n|-weather|Sandstorm|[from] ability: Sand Stream|[of] p1a: Hippowdon\n|-terastallize|p2a: Politoed|Water\n|move|p2a: Politoed|Weather Ball|p1a: Hippowdon\n|-resisted|p1a: Hippowdon\n|-damage|p1a: Hippowdon|79/100\n|\n|-weather|Sandstorm|[upkeep]\n|-damage|p2a: Politoed|284/302|[from] Sandstorm\n|-heal|p1a: Hippowdon|85/100|[from] item: Leftovers\n|upkeep\n|turn|7\n|inactive|Time left: 300 sec this turn | 300 sec total\n|\n|t:|1783549858\n|switch|p2a: Lilligant|Lilligant, L86, F|261/261\n|move|p1a: Hippowdon|Stone Edge|p2a: Lilligant\n|-damage|p2a: Lilligant|180/261\n|\n|-weather|Sandstorm|[upkeep]\n|-damage|p2a: Lilligant|164/261|[from] Sandstorm\n|-heal|p1a: Hippowdon|91/100|[from] item: Leftovers\n|upkeep\n|turn|8\n|inactive|Time left: 300 sec this turn | 300 sec total\n|\n|t:|1783549859\n|switch|p1a: Decidueye|Decidueye-Hisui, L87, M|46/100\n|move|p2a: Lilligant|Petal Dance|p1a: Decidueye\n|-resisted|p1a: Decidueye\n|-damage|p1a: Decidueye|16/100\n|-damage|p2a: Lilligant|138/261|[from] item: Life Orb\n|\n|-weather|Sandstorm|[upkeep]\n|-damage|p2a: Lilligant|122/261|[from] Sandstorm\n|-damage|p1a: Decidueye|10/100|[from] Sandstorm\n|-heal|p1a: Decidueye|16/100|[from] item: Leftovers\n|upkeep\n|turn|9\n|inactive|Time left: 300 sec this turn | 300 sec total\n|\n|t:|1783549860\n|switch|p1a: Infernape|Infernape, L82, M|100/100\n|move|p2a: Lilligant|Petal Dance|p1a: Infernape|[from] lockedmove\n|-resisted|p1a: Infernape\n|-damage|p1a: Infernape|54/100\n|-damage|p2a: Lilligant|96/261|[from] item: Life Orb\n|\n|-weather|Sandstorm|[upkeep]\n|-damage|p1a: Infernape|48/100|[from] Sandstorm\n|-damage|p2a: Lilligant|80/261|[from] Sandstorm\n|upkeep\n|turn|10\n|inactive|Time left: 300 sec this turn | 300 sec total\n|\n|t:|1783549861\n|move|p1a: Infernape|Knock Off|p2a: Lilligant\n|-damage|p2a: Lilligant|0 fnt\n|-enditem|p2a: Lilligant|Life Orb|[from] move: Knock Off|[of] p1a: Infernape\n|faint|p2a: Lilligant\n|-damage|p1a: Infernape|38/100|[from] item: Life Orb\n|\n|-weather|none\n|upkeep\n|inactive|Time left: 300 sec this turn | 300 sec total | 5 sec grace\n|\n|t:|1783549862\n|switch|p2a: Politoed|Politoed, L88, M, tera:Water|284/302\n|-weather|RainDance|[from] ability: Drizzle|[of] p2a: Politoed\n|turn|11\n|inactive|Time left: 300 sec this turn | 300 sec total\n|\n|t:|1783549863\n|move|p1a: Infernape|Close Combat|p2a: Politoed\n|-damage|p2a: Politoed|96/302\n|-unboost|p1a: Infernape|def|1\n|-unboost|p1a: Infernape|spd|1\n|-damage|p1a: Infernape|28/100|[from] item: Life Orb\n|move|p2a: Politoed|Hydro Pump|p1a: Infernape\n|-supereffective|p1a: Infernape\n|-damage|p1a: Infernape|0 fnt\n|faint|p1a: Infernape\n|\n|-weather|RainDance|[upkeep]\n|upkeep\n|\n|t:|1783549864\n|switch|p1a: Spectrier|Spectrier, L75|100/100\n|turn|12\n|inactive|Time left: 300 sec this turn | 300 sec total\n|\n|t:|1783549865\n|move|p1a: Spectrier|Shadow Ball|p2a: Politoed\n|-damage|p2a: Politoed|0 fnt\n|faint|p2a: Politoed\n|-ability|p1a: Spectrier|Grim Neigh|boost\n|-boost|p1a: Spectrier|spa|1\n|-damage|p1a: Spectrier|91/100|[from] item: Life Orb\n|\n|-weather|RainDance|[upkeep]\n|upkeep\n|inactive|Time left: 300 sec this turn | 300 sec total | 5 sec grace\n|\n|t:|1783549866\n|switch|p2a: Vaporeon|Vaporeon, L86, F|364/364\n|turn|13\n|inactive|Time left: 300 sec this turn | 300 sec total\n|\n|t:|1783549867\n|move|p1a: Spectrier|Shadow Ball|p2a: Vaporeon\n|-damage|p2a: Vaporeon|185/364\n|-damage|p1a: Spectrier|81/100|[from] item: Life Orb\n|move|p2a: Vaporeon|Scald|p1a: Spectrier\n|-damage|p1a: Spectrier|15/100\n|\n|-weather|RainDance|[upkeep]\n|-heal|p2a: Vaporeon|207/364|[from] item: Leftovers\n|upkeep\n|turn|14\n|inactive|Time left: 300 sec this turn | 300 sec total\n|\n|t:|1783549868\n|move|p1a: Spectrier|Shadow Ball|p2a: Vaporeon\n|-damage|p2a: Vaporeon|47/364\n|-unboost|p2a: Vaporeon|spd|1\n|-damage|p1a: Spectrier|5/100|[from] item: Life Orb\n|move|p2a: Vaporeon|Scald|p1a: Spectrier\n|-damage|p1a: Spectrier|0 fnt\n|faint|p1a: Spectrier\n|\n|-weather|RainDance|[upkeep]\n|-heal|p2a: Vaporeon|69/364|[from] item: Leftovers\n|upkeep\n|\n|t:|1783549869\n|switch|p1a: Pincurchin|Pincurchin, F|100/100\n|-fieldstart|move: Electric Terrain|[from] ability: Electric Surge|[of] p1a: Pincurchin\n|turn|15\n|inactive|Time left: 300 sec this turn | 300 sec total\n|\n|t:|1783549870\n|move|p2a: Vaporeon|Scald|p1a: Pincurchin\n|-damage|p1a: Pincurchin|47/100\n|move|p1a: Pincurchin|Zing Zap|p2a: Vaporeon\n|-supereffective|p2a: Vaporeon\n|-damage|p2a: Vaporeon|0 fnt\n|faint|p2a: Vaporeon\n|\n|-weather|none\n|-heal|p1a: Pincurchin|53/100|[from] item: Leftovers\n|upkeep\n|inactive|Time left: 300 sec this turn | 300 sec total | 5 sec grace\n|\n|t:|1783549871\n|switch|p2a: Garganacl|Garganacl, L80, M|49/291\n|turn|16\n|inactive|Time left: 300 sec this turn | 300 sec total\n|\n|t:|1783549872\n|move|p2a: Garganacl|Recover|p2a: Garganacl\n|-heal|p2a: Garganacl|195/291\n|move|p1a: Pincurchin|Recover|p1a: Pincurchin\n|-heal|p1a: Pincurchin|100/100\n|\n|-heal|p2a: Garganacl|213/291|[from] item: Leftovers\n|upkeep\n|turn|17\n|inactive|Time left: 300 sec this turn | 300 sec total\n|\n|t:|1783549873\n|move|p2a: Garganacl|Iron Defense|p2a: Garganacl\n|-boost|p2a: Garganacl|def|2\n|move|p1a: Pincurchin|Liquidation|p2a: Garganacl\n|-supereffective|p2a: Garganacl\n|-damage|p2a: Garganacl|149/291\n|\n|-heal|p2a: Garganacl|167/291|[from] item: Leftovers\n|upkeep\n|turn|18\n|inactive|Time left: 300 sec this turn | 300 sec total\n|\n|t:|1783549874\n|switch|p1a: Rhyperior|Rhyperior, L82, F, tera:Bug|80/100\n|move|p2a: Garganacl|Iron Defense|p2a: Garganacl\n|-boost|p2a: Garganacl|def|2\n|\n|-heal|p2a: Garganacl|185/291|[from] item: Leftovers\n|upkeep\n|turn|19\n|inactive|Time left: 300 sec this turn | 300 sec total\n|\n|t:|1783549875\n|move|p1a: Rhyperior|Rock Polish|p1a: Rhyperior\n|-boost|p1a: Rhyperior|spe|2\n|move|p2a: Garganacl|Recover|p2a: Garganacl\n|-heal|p2a: Garganacl|291/291\n|\n|-fieldend|move: Electric Terrain\n|upkeep\n|turn|20\n|inactive|Time left: 300 sec this turn | 300 sec total\n|\n|t:|1783549876\n|move|p1a: Rhyperior|Earthquake|p2a: Garganacl\n|-supereffective|p2a: Garganacl\n|-damage|p2a: Garganacl|223/291\n|move|p2a: Garganacl|Body Press|p1a: Rhyperior\n|-resisted|p1a: Rhyperior\n|-damage|p1a: Rhyperior|56/100\n|\n|-heal|p2a: Garganacl|241/291|[from] item: Leftovers\n|upkeep\n|turn|21\n|inactive|Time left: 300 sec this turn | 300 sec total\n|\n|t:|1783549877\n|move|p1a: Rhyperior|Earthquake|p2a: Garganacl\n|-supereffective|p2a: Garganacl\n|-damage|p2a: Garganacl|173/291\n|move|p2a: Garganacl|Salt Cure|p1a: Rhyperior\n|-supereffective|p1a: Rhyperior\n|-damage|p1a: Rhyperior|42/100\n|-start|p1a: Rhyperior|Salt Cure\n|-enditem|p1a: Rhyperior|Weakness Policy\n|-boost|p1a: Rhyperior|atk|2|[from] item: Weakness Policy\n|-boost|p1a: Rhyperior|spa|2|[from] item: Weakness Policy\n|\n|-heal|p2a: Garganacl|191/291|[from] item: Leftovers\n|-damage|p1a: Rhyperior|29/100|[from] Salt Cure\n|upkeep\n|turn|22\n|inactive|Time left: 300 sec this turn | 300 sec total\n|\n|t:|1783549878\n|move|p1a: Rhyperior|Earthquake|p2a: Garganacl\n|-supereffective|p2a: Garganacl\n|-damage|p2a: Garganacl|51/291\n|move|p2a: Garganacl|Body Press|p1a: Rhyperior\n|-resisted|p1a: Rhyperior\n|-damage|p1a: Rhyperior|6/100\n|\n|-heal|p2a: Garganacl|69/291|[from] item: Leftovers\n|-damage|p1a: Rhyperior|0 fnt|[from] Salt Cure\n|faint|p1a: Rhyperior\n|upkeep\n|\n|t:|1783549879\n|switch|p1a: Decidueye|Decidueye-Hisui, L87, M|16/100\n|turn|23\n|inactive|Time left: 300 sec this turn | 300 sec total\n|\n|t:|1783549880\n|move|p1a: Decidueye|Triple Arrows|p2a: Garganacl\n|-supereffective|p2a: Garganacl\n|-damage|p2a: Garganacl|13/291\n|-unboost|p2a: Garganacl|def|1\n|move|p2a: Garganacl|Body Press|p1a: Decidueye\n|-damage|p1a: Decidueye|0 fnt\n|faint|p1a: Decidueye\n|\n|-heal|p2a: Garganacl|31/291|[from] item: Leftovers\n|upkeep\n|\n|t:|1783549881\n|switch|p1a: Hippowdon|Hippowdon, L82, F|91/100\n|-weather|Sandstorm|[from] ability: Sand Stream|[of] p1a: Hippowdon\n|turn|24\n|inactive|Time left: 300 sec this turn | 300 sec total\n|\n|t:|1783549882\n|switch|p2a: Rillaboom|Rillaboom, L79, F|288/288\n|-fieldstart|move: Grassy Terrain|[from] ability: Grassy Surge|[of] p2a: Rillaboom\n|move|p1a: Hippowdon|Earthquake|p2a: Rillaboom\n|-resisted|p2a: Rillaboom\n|-damage|p2a: Rillaboom|260/288\n|\n|-weather|Sandstorm|[upkeep]\n|-damage|p2a: Rillaboom|242/288|[from] Sandstorm\n|-heal|p2a: Rillaboom|260/288|[from] Grassy Terrain\n|-heal|p1a: Hippowdon|97/100|[from] Grassy Terrain\n|-heal|p1a: Hippowdon|100/100|[from] item: Leftovers\n|upkeep\n|turn|25\n|inactive|Time left: 300 sec this turn | 300 sec total\n|\n|t:|1783549882\n|move|p2a: Rillaboom|Wood Hammer|p1a: Hippowdon\n|-supereffective|p1a: Hippowdon\n|-damage|p1a: Hippowdon|0 fnt\n|faint|p1a: Hippowdon\n|-damage|p2a: Rillaboom|157/288|[from] Recoil\n|\n|-weather|Sandstorm|[upkeep]\n|-damage|p2a: Rillaboom|139/288|[from] Sandstorm\n|-heal|p2a: Rillaboom|157/288|[from] Grassy Terrain\n|upkeep\n|\n|t:|1783549883\n|switch|p1a: Pincurchin|Pincurchin, F|100/100\n|-fieldstart|move: Electric Terrain|[from] ability: Electric Surge|[of] p1a: Pincurchin\n|turn|26\n|inactive|Time left: 300 sec this turn | 300 sec total\n|\n|t:|1783549884\n|switch|p2a: Garganacl|Garganacl, L80, M|31/291\n|move|p1a: Pincurchin|Recover||[still]\n|-fail|p1a: Pincurchin|heal\n|\n|-weather|Sandstorm|[upkeep]\n|-damage|p1a: Pincurchin|94/100|[from] Sandstorm\n|-heal|p2a: Garganacl|49/291|[from] item: Leftovers\n|-heal|p1a: Pincurchin|100/100|[from] item: Leftovers\n|upkeep\n|turn|27\n|inactive|Time left: 300 sec this turn | 300 sec total\n|\n|t:|1783549885\n|move|p2a: Garganacl|Salt Cure|p1a: Pincurchin\n|-damage|p1a: Pincurchin|88/100\n|-start|p1a: Pincurchin|Salt Cure\n|move|p1a: Pincurchin|Curse|p1a: Pincurchin\n|-unboost|p1a: Pincurchin|spe|1\n|-boost|p1a: Pincurchin|atk|1\n|-boost|p1a: Pincurchin|def|1\n|\n|-weather|Sandstorm|[upkeep]\n|-damage|p1a: Pincurchin|82/100|[from] Sandstorm\n|-heal|p2a: Garganacl|67/291|[from] item: Leftovers\n|-heal|p1a: Pincurchin|88/100|[from] item: Leftovers\n|-damage|p1a: Pincurchin|76/100|[from] Salt Cure\n|upkeep\n|turn|28\n|inactive|Time left: 300 sec this turn | 300 sec total\n|\n|t:|1783549886\n|move|p2a: Garganacl|Body Press|p1a: Pincurchin\n|-damage|p1a: Pincurchin|61/100\n|move|p1a: Pincurchin|Curse|p1a: Pincurchin\n|-unboost|p1a: Pincurchin|spe|1\n|-boost|p1a: Pincurchin|atk|1\n|-boost|p1a: Pincurchin|def|1\n|\n|-weather|none\n|-heal|p2a: Garganacl|85/291|[from] item: Leftovers\n|-heal|p1a: Pincurchin|68/100|[from] item: Leftovers\n|-damage|p1a: Pincurchin|55/100|[from] Salt Cure\n|upkeep\n|turn|29\n|inactive|Time left: 300 sec this turn | 300 sec total\n|\n|t:|1783549887\n|move|p2a: Garganacl|Recover|p2a: Garganacl\n|-heal|p2a: Garganacl|231/291\n|move|p1a: Pincurchin|Recover|p1a: Pincurchin\n|-heal|p1a: Pincurchin|100/100\n|\n|-heal|p2a: Garganacl|249/291|[from] item: Leftovers\n|-damage|p1a: Pincurchin|88/100|[from] Salt Cure\n|upkeep\n|turn|30\n|inactive|Time left: 300 sec this turn | 300 sec total\n|\n|t:|1783549889\n|move|p2a: Garganacl|Iron Defense|p2a: Garganacl\n|-boost|p2a: Garganacl|def|2\n|move|p1a: Pincurchin|Liquidation|p2a: Garganacl\n|-supereffective|p2a: Garganacl\n|-damage|p2a: Garganacl|103/291\n|\n|-heal|p2a: Garganacl|121/291|[from] item: Leftovers\n|-heal|p1a: Pincurchin|94/100|[from] item: Leftovers\n|-damage|p1a: Pincurchin|82/100|[from] Salt Cure\n|-fieldend|move: Electric Terrain\n|upkeep\n|turn|31\n|inactive|Time left: 300 sec this turn | 300 sec total\n|\n|t:|1783549890\n|move|p2a: Garganacl|Iron Defense|p2a: Garganacl\n|-boost|p2a: Garganacl|def|2\n|move|p1a: Pincurchin|Liquidation|p2a: Garganacl\n|-supereffective|p2a: Garganacl\n|-damage|p2a: Garganacl|29/291\n|\n|-heal|p2a: Garganacl|47/291|[from] item: Leftovers\n|-heal|p1a: Pincurchin|88/100|[from] item: Leftovers\n|-damage|p1a: Pincurchin|76/100|[from] Salt Cure\n|upkeep\n|turn|32\n|inactive|Time left: 300 sec this turn | 300 sec total\n|\n|t:|1783549891\n|move|p2a: Garganacl|Recover|p2a: Garganacl\n|-heal|p2a: Garganacl|193/291\n|move|p1a: Pincurchin|Recover|p1a: Pincurchin\n|-heal|p1a: Pincurchin|100/100\n|\n|-heal|p2a: Garganacl|211/291|[from] item: Leftovers\n|-damage|p1a: Pincurchin|88/100|[from] Salt Cure\n|upkeep\n|turn|33\n|inactive|Time left: 300 sec this turn | 300 sec total\n|\n|t:|1783549892\n|move|p2a: Garganacl|Iron Defense|p2a: Garganacl\n|-boost|p2a: Garganacl|def|2\n|move|p1a: Pincurchin|Curse|p1a: Pincurchin\n|-unboost|p1a: Pincurchin|spe|1\n|-boost|p1a: Pincurchin|atk|1\n|-boost|p1a: Pincurchin|def|1\n|\n|-heal|p2a: Garganacl|229/291|[from] item: Leftovers\n|-heal|p1a: Pincurchin|94/100|[from] item: Leftovers\n|-damage|p1a: Pincurchin|82/100|[from] Salt Cure\n|upkeep\n|turn|34\n|inactive|Time left: 300 sec this turn | 300 sec total\n|\n|t:|1783549893\n|move|p2a: Garganacl|Body Press|p1a: Pincurchin\n|-damage|p1a: Pincurchin|51/100\n|move|p1a: Pincurchin|Curse|p1a: Pincurchin\n|-unboost|p1a: Pincurchin|spe|1\n|-boost|p1a: Pincurchin|atk|1\n|-boost|p1a: Pincurchin|def|1\n|\n|-heal|p2a: Garganacl|247/291|[from] item: Leftovers\n|-heal|p1a: Pincurchin|57/100|[from] item: Leftovers\n|-damage|p1a: Pincurchin|45/100|[from] Salt Cure\n|upkeep\n|turn|35\n|inactive|Time left: 300 sec this turn | 300 sec total\n|\n|t:|1783549894\n|move|p2a: Garganacl|Body Press|p1a: Pincurchin\n|-damage|p1a: Pincurchin|18/100\n|move|p1a: Pincurchin|Recover|p1a: Pincurchin\n|-heal|p1a: Pincurchin|68/100\n|\n|-heal|p2a: Garganacl|265/291|[from] item: Leftovers\n|-heal|p1a: Pincurchin|74/100|[from] item: Leftovers\n|-damage|p1a: Pincurchin|61/100|[from] Salt Cure\n|upkeep\n|turn|36\n|inactive|Time left: 300 sec this turn | 300 sec total\n|\n|t:|1783549895\n|move|p2a: Garganacl|Body Press|p1a: Pincurchin\n|-damage|p1a: Pincurchin|36/100\n|move|p1a: Pincurchin|Recover|p1a: Pincurchin\n|-heal|p1a: Pincurchin|86/100\n|\n|-heal|p2a: Garganacl|283/291|[from] item: Leftovers\n|-heal|p1a: Pincurchin|92/100|[from] item: Leftovers\n|-damage|p1a: Pincurchin|80/100|[from] Salt Cure\n|upkeep\n|turn|37\n|inactive|Time left: 300 sec this turn | 300 sec total\n|\n|t:|1783549897\n|move|p2a: Garganacl|Body Press|p1a: Pincurchin\n|-damage|p1a: Pincurchin|54/100\n|move|p1a: Pincurchin|Recover|p1a: Pincurchin\n|-heal|p1a: Pincurchin|100/100\n|\n|-heal|p2a: Garganacl|291/291|[from] item: Leftovers\n|-damage|p1a: Pincurchin|88/100|[from] Salt Cure\n|upkeep\n|turn|38\n|inactive|Time left: 300 sec this turn | 300 sec total\n|\n|t:|1783549898\n|move|p2a: Garganacl|Body Press|p1a: Pincurchin\n|-damage|p1a: Pincurchin|62/100\n|move|p1a: Pincurchin|Liquidation|p2a: Garganacl\n|-supereffective|p2a: Garganacl\n|-damage|p2a: Garganacl|187/291\n|-unboost|p2a: Garganacl|def|1\n|\n|-heal|p2a: Garganacl|205/291|[from] item: Leftovers\n|-heal|p1a: Pincurchin|68/100|[from] item: Leftovers\n|-damage|p1a: Pincurchin|56/100|[from] Salt Cure\n|upkeep\n|turn|39\n|inactive|Time left: 300 sec this turn | 300 sec total\n|\n|t:|1783549899\n|move|p2a: Garganacl|Body Press|p1a: Pincurchin\n|-crit|p1a: Pincurchin\n|-damage|p1a: Pincurchin|0 fnt\n|faint|p1a: Pincurchin\n|\n|win|p0y85971a3", "uploadtime": 1783549899, "views": 0, "rating": 0, "private": 0, "password": null, "_winner": "p0y85971a3", "_our_name": "p0y85971a3"}