{"id": "battle-gen9randombattle-87", "formatid": "gen9randombattle", "format": "[Gen 9] Random Battle", "players": ["p0x087ae5d", "p0y087a737"], "log": "|init|battle\n|title|p0x087ae5d vs. p0y087a737\n|j|\u2606p0x087ae5d\n|j|\u2606p0y087a737\n|t:|1783540188\n|gametype|singles\n|player|p1|p0x087ae5d|169|\n|player|p2|p0y087a737|170|\n|gen|9\n|tier|[Gen 9] Random Battle\n|rule|Species Clause: Limit one of each Pok\u00e9mon\n|rule|HP Percentage Mod: HP is shown in percentages\n|rule|Sleep Clause Mod: Limit one foe put to sleep\n|rule|Illusion Level Mod: Illusion disguises the Pok\u00e9mon's true level\n|\n|t:|1783540188\n|teamsize|p1|6\n|teamsize|p2|6\n|start\n|switch|p1a: Munkidori|Munkidori, L79, M|269/269\n|switch|p2a: Flapple|Flapple, L88, F|100/100\n|turn|1\n|inactive|Battle timer is ON: inactive players will automatically lose when time's up. (requested by p0y087a737)\n|inactive|Time left: 300 sec this turn | 300 sec total | 60 sec grace\n|\n|t:|1783540190\n|-terastallize|p2a: Flapple|Dragon\n|move|p1a: Munkidori|Sludge Wave|p2a: Flapple\n|-damage|p2a: Flapple|49/100\n|move|p2a: Flapple|Outrage|p1a: Munkidori|[miss]\n|-miss|p2a: Flapple|p1a: Munkidori\n|\n|upkeep\n|turn|2\n|inactive|Time left: 300 sec this turn | 300 sec total\n|inactive|p0x087ae5d also wants the timer to be on.\n|\n|t:|1783540191\n|move|p2a: Flapple|Sucker Punch|p1a: Munkidori\n|-supereffective|p1a: Munkidori\n|-damage|p1a: Munkidori|39/269\n|move|p1a: Munkidori|Sludge Wave|p2a: Flapple\n|-damage|p2a: Flapple|0 fnt\n|faint|p2a: Flapple\n|\n|upkeep\n|\n|t:|1783540192\n|switch|p2a: Forretress|Forretress, L84, M|100/100\n|turn|3\n|inactive|Time left: 300 sec this turn | 300 sec total\n|\n|t:|1783540193\n|switch|p1a: Blastoise|Blastoise, L80, F|258/258\n|move|p2a: Forretress|Stealth Rock|p1a: Blastoise\n|-sidestart|p1: p0x087ae5d|move: Stealth Rock\n|\n|upkeep\n|turn|4\n|inactive|Time left: 300 sec this turn | 300 sec total\n|\n|t:|1783540195\n|move|p1a: Blastoise|Shell Smash|p1a: Blastoise\n|-unboost|p1a: Blastoise|def|1\n|-unboost|p1a: Blastoise|spd|1\n|-boost|p1a: Blastoise|atk|2\n|-boost|p1a: Blastoise|spa|2\n|-boost|p1a: Blastoise|spe|2\n|-enditem|p1a: Blastoise|White Herb\n|-clearnegativeboost|p1a: Blastoise|[silent]\n|move|p2a: Forretress|Toxic Spikes|p1a: Blastoise\n|-sidestart|p1: p0x087ae5d|move: Toxic Spikes\n|\n|upkeep\n|turn|5\n|inactive|Time left: 300 sec this turn | 300 sec total\n|\n|t:|1783540195\n|move|p1a: Blastoise|Hydro Pump|p2a: Forretress\n|-damage|p2a: Forretress|2/100\n|move|p2a: Forretress|Volt Switch|p1a: Blastoise\n|-supereffective|p1a: Blastoise\n|-damage|p1a: Blastoise|190/258\n|\n|t:|1783540196\n|switch|p2a: Decidueye|Decidueye, L88, F|100/100|[from] Volt Switch\n|\n|upkeep\n|turn|6\n|inactive|Time left: 300 sec this turn | 300 sec total\n|\n|t:|1783540198\n|move|p1a: Blastoise|Ice Beam|p2a: Decidueye\n|-supereffective|p2a: Decidueye\n|-damage|p2a: Decidueye|37/100\n|move|p2a: Decidueye|Leaf Storm|p1a: Blastoise\n|-supereffective|p1a: Blastoise\n|-damage|p1a: Blastoise|0 fnt\n|-unboost|p2a: Decidueye|spa|2\n|faint|p1a: Blastoise\n|\n|upkeep\n|inactive|Time left: 300 sec this turn | 300 sec total | 5 sec grace\n|\n|t:|1783540199\n|switch|p1a: Munkidori|Munkidori, L79, M|39/269\n|-damage|p1a: Munkidori|6/269|[from] Stealth Rock\n|-sideend|p1: p0x087ae5d|move: Toxic Spikes|[of] p1a: Munkidori\n|turn|7\n|inactive|Time left: 300 sec this turn | 300 sec total\n|\n|t:|1783540200\n|switch|p2a: Forretress|Forretress, L84, M|2/100\n|move|p1a: Munkidori|U-turn|p2a: Forretress\n|-resisted|p2a: Forretress\n|-damage|p2a: Forretress|0 fnt\n|faint|p2a: Forretress\n|inactive|Time left: 300 sec this turn | 300 sec total | 5 sec grace\n|\n|t:|1783540201\n|switch|p1a: Mismagius|Mismagius, L86, M|243/243|[from] U-turn\n|-damage|p1a: Mismagius|213/243|[from] Stealth Rock\n|\n|upkeep\n|\n|t:|1783540202\n|switch|p2a: Azumarill|Azumarill, L82, M|100/100\n|turn|8\n|inactive|Time left: 300 sec this turn | 300 sec total\n|\n|t:|1783540203\n|move|p1a: Mismagius|Thunderbolt|p2a: Azumarill\n|-supereffective|p2a: Azumarill\n|-damage|p2a: Azumarill|32/100\n|-damage|p1a: Mismagius|189/243|[from] item: Life Orb\n|move|p2a: Azumarill|Liquidation|p1a: Mismagius\n|-damage|p1a: Mismagius|0 fnt\n|faint|p1a: Mismagius\n|\n|upkeep\n|inactive|Time left: 300 sec this turn | 300 sec total | 5 sec grace\n|\n|t:|1783540204\n|switch|p1a: Gumshoos|Gumshoos, L95, M|321/321\n|-damage|p1a: Gumshoos|281/321|[from] Stealth Rock\n|turn|9\n|inactive|Time left: 300 sec this turn | 300 sec total\n|\n|t:|1783540206\n|move|p1a: Gumshoos|Earthquake|p2a: Azumarill\n|-damage|p2a: Azumarill|0 fnt\n|faint|p2a: Azumarill\n|\n|upkeep\n|\n|t:|1783540206\n|switch|p2a: Scyther|Scyther, L82, M|100/100\n|turn|10\n|inactive|Time left: 300 sec this turn | 300 sec total\n|\n|t:|1783540207\n|switch|p1a: Munkidori|Munkidori, L79, M|6/269\n|-damage|p1a: Munkidori|0 fnt|[from] Stealth Rock\n|faint|p1a: Munkidori\n|move|p2a: Scyther|Swords Dance|p2a: Scyther\n|-boost|p2a: Scyther|atk|2\n|\n|upkeep\n|inactive|Time left: 300 sec this turn | 300 sec total | 5 sec grace\n|\n|t:|1783540208\n|switch|p1a: Poliwrath|Poliwrath, L88, F|302/302\n|-damage|p1a: Poliwrath|284/302|[from] Stealth Rock\n|turn|11\n|inactive|Time left: 300 sec this turn | 300 sec total\n|\n|t:|1783540209\n|-terastallize|p1a: Poliwrath|Water\n|move|p2a: Scyther|Dual Wingbeat|p1a: Poliwrath|[miss]\n|-miss|p2a: Scyther|p1a: Poliwrath\n|move|p1a: Poliwrath|Rain Dance|p1a: Poliwrath\n|-weather|RainDance\n|\n|-weather|RainDance|[upkeep]\n|upkeep\n|turn|12\n|inactive|Time left: 300 sec this turn | 300 sec total\n|\n|t:|1783540210\n|switch|p2a: Decidueye|Decidueye, L88, F|37/100\n|move|p1a: Poliwrath|Liquidation|p2a: Decidueye\n|-resisted|p2a: Decidueye\n|-damage|p2a: Decidueye|0 fnt\n|faint|p2a: Decidueye\n|-damage|p1a: Poliwrath|254/302|[from] item: Life Orb\n|\n|-weather|RainDance|[upkeep]\n|upkeep\n|\n|t:|1783540211\n|switch|p2a: Ditto|Ditto, L87|100/100\n|-transform|p2a: Ditto|p1a: Poliwrath|[from] ability: Imposter\n|-start|p2a: Ditto|typechange|Water/Fighting|[silent]\n|turn|13\n|inactive|Time left: 300 sec this turn | 300 sec total\n|\n|t:|1783540212\n|move|p2a: Ditto|Knock Off|p1a: Poliwrath\n|-damage|p1a: Poliwrath|187/302\n|-enditem|p1a: Poliwrath|Life Orb|[from] move: Knock Off|[of] p2a: Ditto\n|move|p1a: Poliwrath|Liquidation|p2a: Ditto\n|-resisted|p2a: Ditto\n|-damage|p2a: Ditto|60/100\n|\n|-weather|RainDance|[upkeep]\n|upkeep\n|turn|14\n|inactive|Time left: 300 sec this turn | 300 sec total\n|\n|t:|1783540213\n|move|p2a: Ditto|Knock Off|p1a: Poliwrath\n|-damage|p1a: Poliwrath|140/302\n|move|p1a: Poliwrath|Liquidation|p2a: Ditto\n|-resisted|p2a: Ditto\n|-damage|p2a: Ditto|18/100\n|\n|-weather|RainDance|[upkeep]\n|upkeep\n|turn|15\n|inactive|Time left: 300 sec this turn | 300 sec total\n|\n|t:|1783540214\n|move|p2a: Ditto|Knock Off|p1a: Poliwrath\n|-damage|p1a: Poliwrath|95/302\n|move|p1a: Poliwrath|Knock Off|p2a: Ditto\n|-resisted|p2a: Ditto\n|-damage|p2a: Ditto|4/100\n|-enditem|p2a: Ditto|Choice Scarf|[from] move: Knock Off|[of] p1a: Poliwrath\n|\n|-weather|none\n|upkeep\n|turn|16\n|inactive|Time left: 300 sec this turn | 300 sec total\n|\n|t:|1783540215\n|move|p1a: Poliwrath|Liquidation|p2a: Ditto\n|-resisted|p2a: Ditto\n|-damage|p2a: Ditto|0 fnt\n|faint|p2a: Ditto\n|\n|upkeep\n|\n|t:|1783540216\n|switch|p2a: Scyther|Scyther, L82, M|100/100\n|turn|17\n|inactive|Time left: 300 sec this turn | 300 sec total\n|\n|t:|1783540217\n|move|p2a: Scyther|Swords Dance|p2a: Scyther\n|-boost|p2a: Scyther|atk|2\n|move|p1a: Poliwrath|Rain Dance|p1a: Poliwrath\n|-weather|RainDance\n|\n|-weather|RainDance|[upkeep]\n|upkeep\n|turn|18\n|inactive|Time left: 300 sec this turn | 300 sec total\n|\n|t:|1783540218\n|move|p1a: Poliwrath|Liquidation|p2a: Scyther\n|-damage|p2a: Scyther|20/100\n|move|p2a: Scyther|Bug Bite|p1a: Poliwrath\n|-damage|p1a: Poliwrath|0 fnt\n|faint|p1a: Poliwrath\n|\n|-weather|RainDance|[upkeep]\n|upkeep\n|inactive|Time left: 300 sec this turn | 300 sec total | 5 sec grace\n|\n|t:|1783540219\n|switch|p1a: Urshifu|Urshifu, L74, M|270/270\n|-damage|p1a: Urshifu|254/270|[from] Stealth Rock\n|turn|19\n|inactive|Time left: 300 sec this turn | 300 sec total\n|\n|t:|1783540220\n|move|p1a: Urshifu|Sucker Punch|p2a: Scyther\n|-damage|p2a: Scyther|0 fnt\n|faint|p2a: Scyther\n|\n|win|p0x087ae5d", "uploadtime": 1783540220, "views": 0, "rating": 0, "private": 0, "password": null, "_winner": "p0x087ae5d", "_our_name": "p0x087ae5d"}