{"id": "battle-gen9randombattle-281", "formatid": "gen9randombattle", "format": "[Gen 9] Random Battle", "players": ["p0x2810e4a", "p0y28196ac"], "log": "|init|battle\n|title|p0x2810e4a vs. p0y28196ac\n|j|\u2606p0x2810e4a\n|j|\u2606p0y28196ac\n|t:|1783542846\n|gametype|singles\n|player|p1|p0x2810e4a|101|\n|player|p2|p0y28196ac|2|\n|gen|9\n|tier|[Gen 9] Random Battle\n|rule|Species Clause: Limit one of each Pok\u00e9mon\n|rule|HP Percentage Mod: HP is shown in percentages\n|rule|Sleep Clause Mod: Limit one foe put to sleep\n|rule|Illusion Level Mod: Illusion disguises the Pok\u00e9mon's true level\n|\n|t:|1783542846\n|teamsize|p1|6\n|teamsize|p2|6\n|start\n|switch|p1a: Jumpluff|Jumpluff, L87, F|271/271\n|switch|p2a: Flutter Mane|Flutter Mane, L74|100/100\n|turn|1\n|inactive|Battle timer is ON: inactive players will automatically lose when time's up. (requested by p0x2810e4a)\n|inactive|p0y28196ac also wants the timer to be on.\n|\n|t:|1783542848\n|move|p2a: Flutter Mane|Calm Mind|p2a: Flutter Mane\n|-boost|p2a: Flutter Mane|spa|1\n|-boost|p2a: Flutter Mane|spd|1\n|move|p1a: Jumpluff|Acrobatics|p2a: Flutter Mane\n|-damage|p2a: Flutter Mane|38/100\n|\n|upkeep\n|turn|2\n|inactive|Time left: 300 sec this turn | 300 sec total\n|\n|t:|1783542849\n|move|p2a: Flutter Mane|Moonblast|p1a: Jumpluff\n|-damage|p1a: Jumpluff|102/271\n|-damage|p2a: Flutter Mane|29/100|[from] item: Life Orb\n|move|p1a: Jumpluff|Acrobatics|p2a: Flutter Mane\n|-damage|p2a: Flutter Mane|0 fnt\n|faint|p2a: Flutter Mane\n|-end|p2a: Flutter Mane|Protosynthesis|[silent]\n|\n|upkeep\n|\n|t:|1783542850\n|switch|p2a: Scizor|Scizor, L79, F|100/100\n|turn|3\n|inactive|Time left: 300 sec this turn | 300 sec total\n|\n|t:|1783542851\n|move|p1a: Jumpluff|Strength Sap|p2a: Scizor\n|-unboost|p2a: Scizor|atk|1\n|-heal|p1a: Jumpluff|271/271\n|move|p2a: Scizor|Swords Dance|p2a: Scizor\n|-boost|p2a: Scizor|atk|2\n|\n|upkeep\n|turn|4\n|inactive|Time left: 300 sec this turn | 300 sec total\n|\n|t:|1783542852\n|move|p1a: Jumpluff|Strength Sap|p2a: Scizor\n|-unboost|p2a: Scizor|atk|1\n|move|p2a: Scizor|Swords Dance|p2a: Scizor\n|-boost|p2a: Scizor|atk|2\n|\n|upkeep\n|turn|5\n|inactive|Time left: 300 sec this turn | 300 sec total\n|\n|t:|1783542853\n|move|p1a: Jumpluff|Strength Sap|p2a: Scizor\n|-unboost|p2a: Scizor|atk|1\n|move|p2a: Scizor|Bug Bite|p1a: Jumpluff\n|-damage|p1a: Jumpluff|55/271\n|-damage|p2a: Scizor|90/100|[from] item: Life Orb\n|\n|upkeep\n|turn|6\n|inactive|Time left: 300 sec this turn | 300 sec total\n|\n|t:|1783542854\n|move|p2a: Scizor|Bullet Punch|p1a: Jumpluff\n|-damage|p1a: Jumpluff|0 fnt\n|faint|p1a: Jumpluff\n|-damage|p2a: Scizor|80/100|[from] item: Life Orb\n|\n|upkeep\n|inactive|Time left: 300 sec this turn | 300 sec total | 5 sec grace\n|\n|t:|1783542855\n|switch|p1a: Hoopa|Hoopa-Unbound, L80|259/259\n|turn|7\n|inactive|Time left: 300 sec this turn | 300 sec total\n|\n|t:|1783542856\n|move|p2a: Scizor|Bullet Punch|p1a: Hoopa\n|-damage|p1a: Hoopa|78/259\n|-damage|p2a: Scizor|70/100|[from] item: Life Orb\n|move|p1a: Hoopa|Hyperspace Fury|p2a: Scizor\n|-crit|p2a: Scizor\n|-damage|p2a: Scizor|0 fnt\n|-unboost|p1a: Hoopa|def|1\n|faint|p2a: Scizor\n|\n|upkeep\n|\n|t:|1783542857\n|switch|p2a: Breloom|Breloom, L83, F|100/100\n|turn|8\n|inactive|Time left: 300 sec this turn | 300 sec total\n|\n|t:|1783542858\n|move|p1a: Hoopa|Hyperspace Fury|p2a: Breloom\n|-resisted|p2a: Breloom\n|-damage|p2a: Breloom|47/100\n|-unboost|p1a: Hoopa|def|1\n|move|p2a: Breloom|Rock Tomb|p1a: Hoopa\n|-damage|p1a: Hoopa|0 fnt\n|faint|p1a: Hoopa\n|-damage|p2a: Breloom|38/100|[from] item: Life Orb\n|\n|upkeep\n|inactive|Time left: 300 sec this turn | 300 sec total | 5 sec grace\n|\n|t:|1783542860\n|switch|p1a: Mismagius|Mismagius, L86, M|243/243\n|turn|9\n|inactive|Time left: 300 sec this turn | 300 sec total\n|\n|t:|1783542861\n|switch|p2a: Dunsparce|Dunsparce, L86, F|100/100\n|move|p1a: Mismagius|Shadow Ball|p2a: Dunsparce\n|-immune|p2a: Dunsparce\n|\n|upkeep\n|turn|10\n|inactive|Time left: 300 sec this turn | 300 sec total\n|\n|t:|1783542862\n|move|p1a: Mismagius|Nasty Plot|p1a: Mismagius\n|-boost|p1a: Mismagius|spa|2\n|move|p2a: Dunsparce|Coil|p2a: Dunsparce\n|-boost|p2a: Dunsparce|atk|1\n|-boost|p2a: Dunsparce|def|1\n|-boost|p2a: Dunsparce|accuracy|1\n|\n|upkeep\n|turn|11\n|inactive|Time left: 300 sec this turn | 300 sec total\n|\n|t:|1783542863\n|move|p1a: Mismagius|Substitute|p1a: Mismagius\n|-start|p1a: Mismagius|Substitute\n|-damage|p1a: Mismagius|183/243\n|move|p2a: Dunsparce|Coil|p2a: Dunsparce\n|-boost|p2a: Dunsparce|atk|1\n|-boost|p2a: Dunsparce|def|1\n|-boost|p2a: Dunsparce|accuracy|1\n|\n|-heal|p1a: Mismagius|198/243|[from] item: Leftovers\n|upkeep\n|turn|12\n|inactive|Time left: 300 sec this turn | 300 sec total\n|\n|t:|1783542864\n|move|p1a: Mismagius|Nasty Plot|p1a: Mismagius\n|-boost|p1a: Mismagius|spa|2\n|move|p2a: Dunsparce|Body Slam|p1a: Mismagius\n|-immune|p1a: Mismagius\n|\n|-heal|p1a: Mismagius|213/243|[from] item: Leftovers\n|upkeep\n|turn|13\n|inactive|Time left: 300 sec this turn | 300 sec total\n|\n|t:|1783542865\n|move|p1a: Mismagius|Dazzling Gleam|p2a: Dunsparce\n|-damage|p2a: Dunsparce|55/100\n|move|p2a: Dunsparce|Roost|p2a: Dunsparce\n|-heal|p2a: Dunsparce|100/100\n|-singleturn|p2a: Dunsparce|move: Roost\n|\n|-heal|p1a: Mismagius|228/243|[from] item: Leftovers\n|upkeep\n|turn|14\n|inactive|Time left: 300 sec this turn | 300 sec total\n|\n|t:|1783542866\n|move|p1a: Mismagius|Dazzling Gleam|p2a: Dunsparce\n|-damage|p2a: Dunsparce|50/100\n|move|p2a: Dunsparce|Roost|p2a: Dunsparce\n|-heal|p2a: Dunsparce|99/100\n|-singleturn|p2a: Dunsparce|move: Roost\n|\n|-heal|p1a: Mismagius|243/243|[from] item: Leftovers\n|upkeep\n|turn|15\n|inactive|Time left: 300 sec this turn | 300 sec total\n|\n|t:|1783542867\n|-terastallize|p1a: Mismagius|Fairy\n|move|p1a: Mismagius|Dazzling Gleam|p2a: Dunsparce\n|-damage|p2a: Dunsparce|30/100\n|move|p2a: Dunsparce|Roost|p2a: Dunsparce\n|-heal|p2a: Dunsparce|80/100\n|-singleturn|p2a: Dunsparce|move: Roost\n|\n|upkeep\n|turn|16\n|inactive|Time left: 300 sec this turn | 300 sec total\n|\n|t:|1783542868\n|move|p1a: Mismagius|Dazzling Gleam|p2a: Dunsparce\n|-damage|p2a: Dunsparce|10/100\n|move|p2a: Dunsparce|Roost|p2a: Dunsparce\n|-heal|p2a: Dunsparce|60/100\n|-singleturn|p2a: Dunsparce|move: Roost\n|\n|upkeep\n|turn|17\n|inactive|Time left: 300 sec this turn | 300 sec total\n|\n|t:|1783542869\n|switch|p2a: Arceus|Arceus-Steel, L70|100/100\n|move|p1a: Mismagius|Dazzling Gleam|p2a: Arceus\n|-resisted|p2a: Arceus\n|-damage|p2a: Arceus|56/100\n|\n|upkeep\n|turn|18\n|inactive|Time left: 300 sec this turn | 300 sec total\n|\n|t:|1783542870\n|switch|p2a: Dunsparce|Dunsparce, L86, F|60/100\n|move|p1a: Mismagius|Shadow Ball|p2a: Dunsparce\n|-immune|p2a: Dunsparce\n|\n|upkeep\n|turn|19\n|inactive|Time left: 300 sec this turn | 300 sec total\n|\n|t:|1783542871\n|switch|p2a: Arceus|Arceus-Steel, L70|56/100\n|move|p1a: Mismagius|Dazzling Gleam|p2a: Arceus\n|-resisted|p2a: Arceus\n|-damage|p2a: Arceus|6/100\n|\n|upkeep\n|turn|20\n|inactive|Time left: 300 sec this turn | 300 sec total\n|\n|t:|1783542873\n|move|p1a: Mismagius|Dazzling Gleam|p2a: Arceus\n|-resisted|p2a: Arceus\n|-damage|p2a: Arceus|0 fnt\n|faint|p2a: Arceus\n|\n|upkeep\n|\n|t:|1783542874\n|switch|p2a: Spiritomb|Spiritomb, L89, F|100/100\n|turn|21\n|inactive|Time left: 300 sec this turn | 300 sec total\n|\n|t:|1783542875\n|-terastallize|p2a: Spiritomb|Steel\n|move|p1a: Mismagius|Shadow Ball|p2a: Spiritomb\n|-damage|p2a: Spiritomb|0 fnt\n|faint|p2a: Spiritomb\n|\n|upkeep\n|\n|t:|1783542876\n|switch|p2a: Dunsparce|Dunsparce, L86, F|60/100\n|turn|22\n|inactive|Time left: 300 sec this turn | 300 sec total\n|\n|t:|1783542877\n|switch|p2a: Breloom|Breloom, L83, F|38/100\n|move|p1a: Mismagius|Dazzling Gleam|p2a: Breloom\n|-supereffective|p2a: Breloom\n|-damage|p2a: Breloom|0 fnt\n|faint|p2a: Breloom\n|\n|upkeep\n|\n|t:|1783542877\n|switch|p2a: Dunsparce|Dunsparce, L86, F|60/100\n|turn|23\n|inactive|Time left: 300 sec this turn | 300 sec total\n|\n|t:|1783542878\n|move|p1a: Mismagius|Dazzling Gleam|p2a: Dunsparce\n|-damage|p2a: Dunsparce|0 fnt\n|faint|p2a: Dunsparce\n|\n|win|p0x2810e4a", "uploadtime": 1783542878, "views": 0, "rating": 0, "private": 0, "password": null, "_winner": "p0x2810e4a", "_our_name": "p0x2810e4a"}