{"id": "battle-gen9randombattle-145", "formatid": "gen9randombattle", "format": "[Gen 9] Random Battle", "players": ["p0x145f023", "p0y145e2a1"], "log": "|init|battle\n|title|p0x145f023 vs. p0y145e2a1\n|j|\u2606p0x145f023\n|j|\u2606p0y145e2a1\n|t:|1783534933\n|gametype|singles\n|player|p1|p0x145f023|1|\n|player|p2|p0y145e2a1|266|\n|gen|9\n|tier|[Gen 9] Random Battle\n|rule|Species Clause: Limit one of each Pok\u00e9mon\n|rule|HP Percentage Mod: HP is shown in percentages\n|rule|Sleep Clause Mod: Limit one foe put to sleep\n|rule|Illusion Level Mod: Illusion disguises the Pok\u00e9mon's true level\n|\n|t:|1783534933\n|teamsize|p1|6\n|teamsize|p2|6\n|start\n|switch|p1a: Basculin|Basculin, L86, F|100/100\n|switch|p2a: Kyogre|Kyogre, L71|259/259\n|-weather|RainDance|[from] ability: Drizzle|[of] p2a: Kyogre\n|turn|1\n|inactive|Battle timer is ON: inactive players will automatically lose when time's up. (requested by p0y145e2a1)\n|inactive|p0x145f023 also wants the timer to be on.\n|\n|t:|1783534935\n|move|p1a: Basculin|Wave Crash|p2a: Kyogre\n|-resisted|p2a: Kyogre\n|-damage|p2a: Kyogre|29/259\n|-damage|p1a: Basculin|71/100|[from] Recoil\n|move|p2a: Kyogre|Thunder|p1a: Basculin\n|-supereffective|p1a: Basculin\n|-damage|p1a: Basculin|0 fnt\n|faint|p1a: Basculin\n|\n|-weather|RainDance|[upkeep]\n|-heal|p2a: Kyogre|45/259|[from] item: Leftovers\n|upkeep\n|\n|t:|1783534936\n|switch|p1a: Dugtrio|Dugtrio, L84, F|100/100\n|turn|2\n|inactive|Time left: 300 sec this turn | 300 sec total\n|\n|t:|1783534937\n|move|p1a: Dugtrio|Earthquake|p2a: Kyogre\n|-damage|p2a: Kyogre|0 fnt\n|faint|p2a: Kyogre\n|\n|-weather|RainDance|[upkeep]\n|upkeep\n|inactive|Time left: 300 sec this turn | 300 sec total | 5 sec grace\n|\n|t:|1783534938\n|switch|p2a: Beartic|Beartic, L91, M|321/321\n|turn|3\n|inactive|Time left: 300 sec this turn | 300 sec total\n|\n|t:|1783534939\n|switch|p1a: Scream Tail|Scream Tail, L84|100/100\n|move|p2a: Beartic|Icicle Crash|p1a: Scream Tail\n|-damage|p1a: Scream Tail|47/100\n|\n|-weather|RainDance|[upkeep]\n|-heal|p1a: Scream Tail|54/100|[from] item: Leftovers\n|upkeep\n|turn|4\n|inactive|Time left: 300 sec this turn | 300 sec total\n|\n|t:|1783534940\n|move|p2a: Beartic|Icicle Crash|p1a: Scream Tail\n|-damage|p1a: Scream Tail|0 fnt\n|faint|p1a: Scream Tail\n|-end|p1a: Scream Tail|Protosynthesis|[silent]\n|\n|-weather|RainDance|[upkeep]\n|upkeep\n|\n|t:|1783534941\n|switch|p1a: Zamazenta|Zamazenta, L71|100/100\n|-ability|p1a: Zamazenta|Dauntless Shield|boost\n|-boost|p1a: Zamazenta|def|1\n|turn|5\n|inactive|Time left: 300 sec this turn | 300 sec total\n|\n|t:|1783534942\n|move|p2a: Beartic|Icicle Crash|p1a: Zamazenta\n|-damage|p1a: Zamazenta|45/100\n|cant|p1a: Zamazenta|flinch\n|\n|-weather|none\n|upkeep\n|turn|6\n|inactive|Time left: 300 sec this turn | 300 sec total\n|\n|t:|1783534943\n|move|p1a: Zamazenta|Close Combat|p2a: Beartic\n|-supereffective|p2a: Beartic\n|-damage|p2a: Beartic|13/321\n|-unboost|p1a: Zamazenta|def|1\n|-unboost|p1a: Zamazenta|spd|1\n|move|p2a: Beartic|Icicle Crash|p1a: Zamazenta\n|-damage|p1a: Zamazenta|0 fnt\n|faint|p1a: Zamazenta\n|\n|upkeep\n|\n|t:|1783534944\n|switch|p1a: Dugtrio|Dugtrio, L84, F|100/100\n|turn|7\n|inactive|Time left: 300 sec this turn | 300 sec total\n|\n|t:|1783534945\n|move|p1a: Dugtrio|Earthquake|p2a: Beartic\n|-damage|p2a: Beartic|0 fnt\n|faint|p2a: Beartic\n|\n|upkeep\n|inactive|Time left: 300 sec this turn | 300 sec total | 5 sec grace\n|\n|t:|1783534946\n|switch|p2a: Basculin|Basculin-Blue-Striped, L86, M|261/261\n|turn|8\n|inactive|Time left: 300 sec this turn | 300 sec total\n|\n|t:|1783534947\n|switch|p1a: Skarmory|Skarmory, L80, F|100/100\n|move|p2a: Basculin|Flip Turn|p1a: Skarmory\n|-damage|p1a: Skarmory|58/100\n|inactive|Time left: 300 sec this turn | 300 sec total | 5 sec grace\n|\n|t:|1783534948\n|switch|p2a: Regirock|Regirock, L83|268/268|[from] Flip Turn\n|\n|-heal|p1a: Skarmory|64/100|[from] item: Leftovers\n|upkeep\n|turn|9\n|inactive|Time left: 300 sec this turn | 300 sec total\n|\n|t:|1783534949\n|move|p1a: Skarmory|Stealth Rock|p2a: Regirock\n|-sidestart|p2: p0y145e2a1|move: Stealth Rock\n|move|p2a: Regirock|Iron Defense|p2a: Regirock\n|-boost|p2a: Regirock|def|2\n|\n|-heal|p1a: Skarmory|70/100|[from] item: Leftovers\n|upkeep\n|turn|10\n|inactive|Time left: 300 sec this turn | 300 sec total\n|\n|t:|1783534950\n|-terastallize|p2a: Regirock|Fighting\n|move|p1a: Skarmory|Roost|p1a: Skarmory\n|-heal|p1a: Skarmory|100/100\n|-singleturn|p1a: Skarmory|move: Roost\n|move|p2a: Regirock|Body Press|p1a: Skarmory\n|-supereffective|p1a: Skarmory\n|-ability|p1a: Skarmory|Sturdy\n|-damage|p1a: Skarmory|1/100\n|\n|-heal|p1a: Skarmory|7/100|[from] item: Leftovers\n|upkeep\n|turn|11\n|inactive|Time left: 300 sec this turn | 300 sec total\n|\n|t:|1783534951\n|move|p1a: Skarmory|Brave Bird|p2a: Regirock\n|-supereffective|p2a: Regirock\n|-damage|p2a: Regirock|214/268\n|-damage|p1a: Skarmory|0 fnt|[from] Recoil\n|faint|p1a: Skarmory\n|move|p2a: Regirock|Body Press|p1: Skarmory|[notarget]\n|-fail|p2a: Regirock\n|\n|-heal|p2a: Regirock|230/268|[from] item: Leftovers\n|upkeep\n|\n|t:|1783534952\n|switch|p1a: Mandibuzz|Mandibuzz, L85, F|100/100\n|turn|12\n|inactive|Time left: 300 sec this turn | 300 sec total\n|\n|t:|1783534953\n|move|p1a: Mandibuzz|Foul Play|p2a: Regirock\n|-resisted|p2a: Regirock\n|-damage|p2a: Regirock|215/268\n|move|p2a: Regirock|Body Press|p1a: Mandibuzz\n|-damage|p1a: Mandibuzz|15/100\n|\n|-heal|p2a: Regirock|231/268|[from] item: Leftovers\n|upkeep\n|turn|13\n|inactive|Time left: 300 sec this turn | 300 sec total\n|\n|t:|1783534954\n|switch|p1a: Dugtrio|Dugtrio, L84, F|100/100\n|move|p2a: Regirock|Body Press|p1a: Dugtrio\n|-damage|p1a: Dugtrio|0 fnt\n|faint|p1a: Dugtrio\n|\n|-heal|p2a: Regirock|247/268|[from] item: Leftovers\n|upkeep\n|\n|t:|1783534955\n|switch|p1a: Mandibuzz|Mandibuzz, L85, F|15/100\n|turn|14\n|inactive|Time left: 300 sec this turn | 300 sec total\n|\n|t:|1783534956\n|-terastallize|p1a: Mandibuzz|Steel\n|move|p1a: Mandibuzz|Roost|p1a: Mandibuzz\n|-heal|p1a: Mandibuzz|65/100\n|move|p2a: Regirock|Body Press|p1a: Mandibuzz\n|-supereffective|p1a: Mandibuzz\n|-damage|p1a: Mandibuzz|0 fnt\n|faint|p1a: Mandibuzz\n|\n|win|p0y145e2a1", "uploadtime": 1783534956, "views": 0, "rating": 0, "private": 0, "password": null, "_winner": "p0y145e2a1", "_our_name": "p0y145e2a1"}