{"id": "battle-gen9randombattle-1644", "formatid": "gen9randombattle", "format": "[Gen 9] Random Battle", "players": ["p0x164456a1", "p0y16448e1a"], "log": "|init|battle\n|title|p0x164456a1 vs. p0y16448e1a\n|j|\u2606p0x164456a1\n|j|\u2606p0y16448e1a\n|t:|1783559019\n|gametype|singles\n|player|p1|p0x164456a1|1|\n|player|p2|p0y16448e1a|169|\n|gen|9\n|tier|[Gen 9] Random Battle\n|rule|Species Clause: Limit one of each Pok\u00e9mon\n|rule|HP Percentage Mod: HP is shown in percentages\n|rule|Sleep Clause Mod: Limit one foe put to sleep\n|rule|Illusion Level Mod: Illusion disguises the Pok\u00e9mon's true level\n|\n|t:|1783559019\n|teamsize|p1|6\n|teamsize|p2|6\n|start\n|switch|p1a: Slowbro|Slowbro-Galar, L87, M|307/307\n|switch|p2a: Sneasler|Sneasler, L74, F|100/100\n|turn|1\n|inactive|Battle timer is ON: inactive players will automatically lose when time's up. (requested by p0y16448e1a)\n|inactive|Time left: 300 sec this turn | 300 sec total | 60 sec grace\n|inactive|p0x164456a1 also wants the timer to be on.\n|\n|t:|1783559020\n|switch|p2a: Araquanid|Araquanid, L82, F|100/100\n|move|p1a: Slowbro|Psychic|p2a: Araquanid\n|-damage|p2a: Araquanid|70/100\n|\n|upkeep\n|turn|2\n|inactive|Time left: 300 sec this turn | 300 sec total\n|\n|t:|1783559021\n|switch|p1a: Gastrodon|Gastrodon, L86, M|331/331\n|move|p2a: Araquanid|Sticky Web|p1a: Gastrodon\n|-sidestart|p1: p0x164456a1|move: Sticky Web\n|\n|upkeep\n|turn|3\n|inactive|Time left: 300 sec this turn | 300 sec total\n|\n|t:|1783559023\n|move|p2a: Araquanid|Leech Life|p1a: Gastrodon\n|-damage|p1a: Gastrodon|256/331\n|-heal|p2a: Araquanid|85/100|[from] drain|[of] p1a: Gastrodon\n|move|p1a: Gastrodon|Stealth Rock|p2a: Araquanid\n|-sidestart|p2: p0y16448e1a|move: Stealth Rock\n|\n|-heal|p1a: Gastrodon|276/331|[from] item: Leftovers\n|upkeep\n|turn|4\n|inactive|Time left: 300 sec this turn | 300 sec total\n|\n|t:|1783559023\n|move|p1a: Gastrodon|Earthquake|p2a: Araquanid\n|-resisted|p2a: Araquanid\n|-damage|p2a: Araquanid|64/100\n|move|p2a: Araquanid|Leech Life|p1a: Gastrodon\n|-damage|p1a: Gastrodon|198/331\n|-heal|p2a: Araquanid|80/100|[from] drain|[of] p1a: Gastrodon\n|\n|-heal|p1a: Gastrodon|218/331|[from] item: Leftovers\n|upkeep\n|turn|5\n|inactive|Time left: 300 sec this turn | 300 sec total\n|\n|t:|1783559024\n|switch|p2a: Gliscor|Gliscor, L76, M|100/100\n|-damage|p2a: Gliscor|88/100|[from] Stealth Rock\n|move|p1a: Gastrodon|Earthquake|p2a: Gliscor\n|-immune|p2a: Gliscor\n|\n|-heal|p1a: Gastrodon|238/331|[from] item: Leftovers\n|-status|p2a: Gliscor|tox|[from] item: Toxic Orb\n|upkeep\n|turn|6\n|inactive|Time left: 300 sec this turn | 300 sec total\n|\n|t:|1783559026\n|move|p2a: Gliscor|Protect|p2a: Gliscor\n|-singleturn|p2a: Gliscor|Protect\n|move|p1a: Gastrodon|Surf|p2a: Gliscor\n|-activate|p2a: Gliscor|move: Protect\n|\n|-heal|p1a: Gastrodon|258/331|[from] item: Leftovers\n|-heal|p2a: Gliscor|100/100 tox|[from] ability: Poison Heal\n|upkeep\n|turn|7\n|inactive|Time left: 300 sec this turn | 300 sec total\n|\n|t:|1783559027\n|switch|p2a: Decidueye|Decidueye, L88, F|100/100\n|-damage|p2a: Decidueye|88/100|[from] Stealth Rock\n|move|p1a: Gastrodon|Surf|p2a: Decidueye\n|-resisted|p2a: Decidueye\n|-damage|p2a: Decidueye|78/100\n|\n|-heal|p1a: Gastrodon|278/331|[from] item: Leftovers\n|upkeep\n|turn|8\n|inactive|Time left: 300 sec this turn | 300 sec total\n|\n|t:|1783559028\n|switch|p1a: Skarmory|Skarmory, L80, F|235/235\n|move|p2a: Decidueye|Leaf Storm|p1a: Skarmory|[miss]\n|-miss|p2a: Decidueye|p1a: Skarmory\n|\n|upkeep\n|turn|9\n|inactive|Time left: 300 sec this turn | 300 sec total\n|\n|t:|1783559029\n|move|p2a: Decidueye|Knock Off|p1a: Skarmory\n|-damage|p1a: Skarmory|177/235\n|-enditem|p1a: Skarmory|Leftovers|[from] move: Knock Off|[of] p2a: Decidueye\n|move|p1a: Skarmory|Brave Bird|p2a: Decidueye\n|-supereffective|p2a: Decidueye\n|-damage|p2a: Decidueye|4/100\n|-damage|p1a: Skarmory|108/235|[from] Recoil\n|\n|upkeep\n|turn|10\n|inactive|Time left: 300 sec this turn | 300 sec total\n|\n|t:|1783559030\n|move|p2a: Decidueye|Spirit Shackle|p1a: Skarmory\n|-damage|p1a: Skarmory|36/235\n|-activate|p1a: Skarmory|trapped\n|move|p1a: Skarmory|Roost|p1a: Skarmory\n|-heal|p1a: Skarmory|154/235\n|-singleturn|p1a: Skarmory|move: Roost\n|\n|upkeep\n|turn|11\n|inactive|Time left: 300 sec this turn | 300 sec total\n|\n|t:|1783559031\n|move|p2a: Decidueye|Spirit Shackle|p1a: Skarmory\n|-damage|p1a: Skarmory|79/235\n|move|p1a: Skarmory|Roost|p1a: Skarmory\n|-heal|p1a: Skarmory|197/235\n|-singleturn|p1a: Skarmory|move: Roost\n|\n|upkeep\n|turn|12\n|inactive|Time left: 300 sec this turn | 300 sec total\n|\n|t:|1783559032\n|move|p2a: Decidueye|Spirit Shackle|p1a: Skarmory\n|-damage|p1a: Skarmory|127/235\n|move|p1a: Skarmory|Roost|p1a: Skarmory\n|-heal|p1a: Skarmory|235/235\n|-singleturn|p1a: Skarmory|move: Roost\n|\n|upkeep\n|turn|13\n|inactive|Time left: 300 sec this turn | 300 sec total\n|\n|t:|1783559033\n|move|p2a: Decidueye|Spirit Shackle|p1a: Skarmory\n|-damage|p1a: Skarmory|165/235\n|move|p1a: Skarmory|Brave Bird|p2a: Decidueye\n|-supereffective|p2a: Decidueye\n|-damage|p2a: Decidueye|0 fnt\n|faint|p2a: Decidueye\n|-damage|p1a: Skarmory|162/235|[from] Recoil\n|\n|upkeep\n|\n|t:|1783559033\n|switch|p2a: Electivire|Electivire, L84, M|100/100\n|-damage|p2a: Electivire|88/100|[from] Stealth Rock\n|turn|14\n|inactive|Time left: 300 sec this turn | 300 sec total\n|\n|t:|1783559034\n|switch|p1a: Gastrodon|Gastrodon, L86, M|278/331\n|-activate|p1a: Gastrodon|move: Sticky Web\n|-unboost|p1a: Gastrodon|spe|1\n|move|p2a: Electivire|Supercell Slam|p1a: Gastrodon\n|-immune|p1a: Gastrodon\n|-damage|p2a: Electivire|39/100|[from] supercellslam\n|\n|-heal|p1a: Gastrodon|298/331|[from] item: Leftovers\n|upkeep\n|turn|15\n|inactive|Time left: 300 sec this turn | 300 sec total\n|\n|t:|1783559035\n|move|p2a: Electivire|Knock Off|p1a: Gastrodon\n|-damage|p1a: Gastrodon|178/331\n|-enditem|p1a: Gastrodon|Leftovers|[from] move: Knock Off|[of] p2a: Electivire\n|-damage|p2a: Electivire|29/100|[from] item: Life Orb\n|move|p1a: Gastrodon|Surf|p2a: Electivire\n|-damage|p2a: Electivire|0 fnt\n|faint|p2a: Electivire\n|\n|upkeep\n|\n|t:|1783559036\n|switch|p2a: Mimikyu|Mimikyu, L79, M|100/100\n|-damage|p2a: Mimikyu|88/100|[from] Stealth Rock\n|turn|16\n|inactive|Time left: 300 sec this turn | 300 sec total\n|\n|t:|1783559037\n|move|p2a: Mimikyu|Swords Dance|p2a: Mimikyu\n|-boost|p2a: Mimikyu|atk|2\n|move|p1a: Gastrodon|Recover|p1a: Gastrodon\n|-heal|p1a: Gastrodon|331/331\n|\n|upkeep\n|turn|17\n|inactive|Time left: 300 sec this turn | 300 sec total\n|\n|t:|1783559038\n|switch|p1a: Slowbro|Slowbro-Galar, L87, M|307/307\n|-activate|p1a: Slowbro|move: Sticky Web\n|-unboost|p1a: Slowbro|spe|1\n|move|p2a: Mimikyu|Swords Dance|p2a: Mimikyu\n|-boost|p2a: Mimikyu|atk|2\n|\n|upkeep\n|turn|18\n|inactive|Time left: 300 sec this turn | 300 sec total\n|\n|t:|1783559039\n|move|p2a: Mimikyu|Shadow Claw|p1a: Slowbro\n|-supereffective|p1a: Slowbro\n|-damage|p1a: Slowbro|0 fnt\n|-damage|p2a: Mimikyu|71/100|[from] item: Rocky Helmet|[of] p1a: Slowbro\n|faint|p1a: Slowbro\n|-damage|p2a: Mimikyu|62/100|[from] item: Life Orb\n|\n|upkeep\n|inactive|Time left: 300 sec this turn | 300 sec total | 5 sec grace\n|\n|t:|1783559040\n|switch|p1a: Snorlax|Snorlax, L82, M|397/397\n|-activate|p1a: Snorlax|move: Sticky Web\n|-unboost|p1a: Snorlax|spe|1\n|turn|19\n|inactive|Time left: 300 sec this turn | 300 sec total\n|\n|t:|1783559041\n|move|p2a: Mimikyu|Play Rough|p1a: Snorlax\n|-damage|p1a: Snorlax|27/397\n|-damage|p2a: Mimikyu|52/100|[from] item: Life Orb\n|move|p1a: Snorlax|Body Slam|p2a: Mimikyu\n|-immune|p2a: Mimikyu\n|\n|upkeep\n|turn|20\n|inactive|Time left: 300 sec this turn | 300 sec total\n|\n|t:|1783559042\n|move|p2a: Mimikyu|Play Rough|p1a: Snorlax\n|-damage|p1a: Snorlax|0 fnt\n|faint|p1a: Snorlax\n|-damage|p2a: Mimikyu|42/100|[from] item: Life Orb\n|\n|upkeep\n|inactive|Time left: 300 sec this turn | 300 sec total | 5 sec grace\n|\n|t:|1783559043\n|switch|p1a: Sunflora|Sunflora, F|312/312\n|-activate|p1a: Sunflora|move: Sticky Web\n|-unboost|p1a: Sunflora|spe|1\n|turn|21\n|inactive|Time left: 300 sec this turn | 300 sec total\n|\n|t:|1783559044\n|move|p2a: Mimikyu|Play Rough|p1a: Sunflora|[miss]\n|-miss|p2a: Mimikyu|p1a: Sunflora\n|move|p1a: Sunflora|Leaf Storm|p2a: Mimikyu\n|-activate|p2a: Mimikyu|ability: Disguise\n|-damage|p2a: Mimikyu|42/100\n|-unboost|p1a: Sunflora|spa|2\n|detailschange|p2a: Mimikyu|Mimikyu-Busted, L79, M\n|-damage|p2a: Mimikyu|30/100|[from] pokemon: Mimikyu-Busted\n|\n|upkeep\n|turn|22\n|inactive|Time left: 300 sec this turn | 300 sec total\n|\n|t:|1783559045\n|move|p2a: Mimikyu|Play Rough|p1a: Sunflora\n|-damage|p1a: Sunflora|0 fnt\n|faint|p1a: Sunflora\n|-damage|p2a: Mimikyu|20/100|[from] item: Life Orb\n|\n|upkeep\n|inactive|Time left: 300 sec this turn | 300 sec total | 5 sec grace\n|\n|t:|1783559046\n|switch|p1a: Gastrodon|Gastrodon, L86, M|331/331\n|-activate|p1a: Gastrodon|move: Sticky Web\n|-unboost|p1a: Gastrodon|spe|1\n|turn|23\n|inactive|Time left: 300 sec this turn | 300 sec total\n|\n|t:|1783559047\n|-terastallize|p1a: Gastrodon|Poison\n|move|p2a: Mimikyu|Play Rough|p1a: Gastrodon\n|-resisted|p1a: Gastrodon\n|-damage|p1a: Gastrodon|148/331\n|-damage|p2a: Mimikyu|10/100|[from] item: Life Orb\n|move|p1a: Gastrodon|Surf|p2a: Mimikyu\n|-damage|p2a: Mimikyu|0 fnt\n|faint|p2a: Mimikyu\n|\n|upkeep\n|\n|t:|1783559048\n|switch|p2a: Sneasler|Sneasler, L74, F|100/100\n|-damage|p2a: Sneasler|94/100|[from] Stealth Rock\n|turn|24\n|inactive|Time left: 300 sec this turn | 300 sec total\n|\n|t:|1783559049\n|-terastallize|p2a: Sneasler|Flying\n|move|p2a: Sneasler|Swords Dance|p2a: Sneasler\n|-boost|p2a: Sneasler|atk|2\n|move|p1a: Gastrodon|Surf|p2a: Sneasler\n|-damage|p2a: Sneasler|47/100\n|\n|upkeep\n|turn|25\n|inactive|Time left: 300 sec this turn | 300 sec total\n|\n|t:|1783559050\n|move|p2a: Sneasler|Acrobatics|p1a: Gastrodon\n|-damage|p1a: Gastrodon|1/331\n|move|p1a: Gastrodon|Surf|p2a: Sneasler\n|-damage|p2a: Sneasler|0 fnt\n|faint|p2a: Sneasler\n|\n|upkeep\n|\n|t:|1783559051\n|switch|p2a: Gliscor|Gliscor, L76, M|100/100 tox\n|-damage|p2a: Gliscor|88/100 tox|[from] Stealth Rock\n|turn|26\n|inactive|Time left: 300 sec this turn | 300 sec total\n|\n|t:|1783559052\n|move|p2a: Gliscor|Knock Off|p1a: Gastrodon\n|-crit|p1a: Gastrodon\n|-damage|p1a: Gastrodon|0 fnt\n|faint|p1a: Gastrodon\n|\n|-heal|p2a: Gliscor|100/100 tox|[from] ability: Poison Heal\n|upkeep\n|inactive|Time left: 300 sec this turn | 300 sec total | 5 sec grace\n|\n|t:|1783559053\n|switch|p1a: Skarmory|Skarmory, L80, F|162/235\n|turn|27\n|inactive|Time left: 300 sec this turn | 300 sec total\n|\n|t:|1783559054\n|move|p2a: Gliscor|Knock Off|p1a: Skarmory\n|-damage|p1a: Skarmory|134/235\n|move|p1a: Skarmory|Roost|p1a: Skarmory\n|-heal|p1a: Skarmory|235/235\n|-singleturn|p1a: Skarmory|move: Roost\n|\n|upkeep\n|turn|28\n|inactive|Time left: 300 sec this turn | 300 sec total\n|\n|t:|1783559055\n|move|p2a: Gliscor|Knock Off|p1a: Skarmory\n|-damage|p1a: Skarmory|206/235\n|move|p1a: Skarmory|Whirlwind|p2a: Gliscor\n|drag|p2a: Araquanid|Araquanid, L82, F|80/100\n|\n|upkeep\n|turn|29\n|inactive|Time left: 300 sec this turn | 300 sec total\n|\n|t:|1783559056\n|switch|p2a: Gliscor|Gliscor, L76, M|100/100 tox\n|-damage|p2a: Gliscor|88/100 tox|[from] Stealth Rock\n|move|p1a: Skarmory|Brave Bird|p2a: Gliscor\n|-damage|p2a: Gliscor|53/100 tox\n|-damage|p1a: Skarmory|178/235|[from] Recoil\n|\n|-heal|p2a: Gliscor|65/100 tox|[from] ability: Poison Heal\n|upkeep\n|turn|30\n|inactive|Time left: 300 sec this turn | 300 sec total\n|\n|t:|1783559057\n|move|p2a: Gliscor|Earthquake|p1a: Skarmory\n|-immune|p1a: Skarmory\n|move|p1a: Skarmory|Whirlwind|p2a: Gliscor\n|drag|p2a: Araquanid|Araquanid, L82, F|80/100\n|\n|upkeep\n|turn|31\n|inactive|Time left: 300 sec this turn | 300 sec total\n|\n|t:|1783559058\n|move|p1a: Skarmory|Brave Bird|p2a: Araquanid\n|-supereffective|p2a: Araquanid\n|-damage|p2a: Araquanid|0 fnt\n|faint|p2a: Araquanid\n|-damage|p1a: Skarmory|114/235|[from] Recoil\n|\n|upkeep\n|\n|t:|1783559060\n|switch|p2a: Gliscor|Gliscor, L76, M|65/100 tox\n|-damage|p2a: Gliscor|53/100 tox|[from] Stealth Rock\n|turn|32\n|inactive|Time left: 300 sec this turn | 300 sec total\n|\n|t:|1783559061\n|move|p2a: Gliscor|Protect|p2a: Gliscor\n|-singleturn|p2a: Gliscor|Protect\n|move|p1a: Skarmory|Brave Bird|p2a: Gliscor\n|-activate|p2a: Gliscor|move: Protect\n|\n|-heal|p2a: Gliscor|65/100 tox|[from] ability: Poison Heal\n|upkeep\n|turn|33\n|inactive|Time left: 300 sec this turn | 300 sec total\n|\n|t:|1783559062\n|move|p2a: Gliscor|Protect|p2a: Gliscor\n|-singleturn|p2a: Gliscor|Protect\n|move|p1a: Skarmory|Brave Bird|p2a: Gliscor\n|-activate|p2a: Gliscor|move: Protect\n|\n|-heal|p2a: Gliscor|77/100 tox|[from] ability: Poison Heal\n|upkeep\n|turn|34\n|inactive|Time left: 300 sec this turn | 300 sec total\n|\n|t:|1783559063\n|move|p2a: Gliscor|Knock Off|p1a: Skarmory\n|-damage|p1a: Skarmory|88/235\n|move|p1a: Skarmory|Roost|p1a: Skarmory\n|-heal|p1a: Skarmory|206/235\n|-singleturn|p1a: Skarmory|move: Roost\n|\n|-heal|p2a: Gliscor|89/100 tox|[from] ability: Poison Heal\n|upkeep\n|turn|35\n|inactive|Time left: 300 sec this turn | 300 sec total\n|\n|t:|1783559064\n|move|p2a: Gliscor|Knock Off|p1a: Skarmory\n|-damage|p1a: Skarmory|177/235\n|move|p1a: Skarmory|Brave Bird|p2a: Gliscor\n|-damage|p2a: Gliscor|54/100 tox\n|-damage|p1a: Skarmory|149/235|[from] Recoil\n|\n|-heal|p2a: Gliscor|66/100 tox|[from] ability: Poison Heal\n|upkeep\n|turn|36\n|inactive|Time left: 300 sec this turn | 300 sec total\n|\n|t:|1783559065\n|move|p2a: Gliscor|Protect|p2a: Gliscor\n|-singleturn|p2a: Gliscor|Protect\n|move|p1a: Skarmory|Roost|p1a: Skarmory\n|-heal|p1a: Skarmory|235/235\n|-singleturn|p1a: Skarmory|move: Roost\n|\n|-heal|p2a: Gliscor|78/100 tox|[from] ability: Poison Heal\n|upkeep\n|turn|37\n|inactive|Time left: 300 sec this turn | 300 sec total\n|\n|t:|1783559066\n|move|p2a: Gliscor|Knock Off|p1a: Skarmory\n|-damage|p1a: Skarmory|208/235\n|move|p1a: Skarmory|Brave Bird|p2a: Gliscor\n|-damage|p2a: Gliscor|44/100 tox\n|-damage|p1a: Skarmory|181/235|[from] Recoil\n|\n|-heal|p2a: Gliscor|56/100 tox|[from] ability: Poison Heal\n|upkeep\n|turn|38\n|inactive|Time left: 300 sec this turn | 300 sec total\n|\n|t:|1783559067\n|move|p2a: Gliscor|Protect|p2a: Gliscor\n|-singleturn|p2a: Gliscor|Protect\n|move|p1a: Skarmory|Brave Bird|p2a: Gliscor\n|-activate|p2a: Gliscor|move: Protect\n|\n|-heal|p2a: Gliscor|68/100 tox|[from] ability: Poison Heal\n|upkeep\n|turn|39\n|inactive|Time left: 300 sec this turn | 300 sec total\n|\n|t:|1783559068\n|move|p2a: Gliscor|Knock Off|p1a: Skarmory\n|-damage|p1a: Skarmory|152/235\n|move|p1a: Skarmory|Brave Bird|p2a: Gliscor\n|-damage|p2a: Gliscor|32/100 tox\n|-damage|p1a: Skarmory|123/235|[from] Recoil\n|\n|-heal|p2a: Gliscor|44/100 tox|[from] ability: Poison Heal\n|upkeep\n|turn|40\n|inactive|Time left: 300 sec this turn | 300 sec total\n|\n|t:|1783559069\n|move|p2a: Gliscor|Protect|p2a: Gliscor\n|-singleturn|p2a: Gliscor|Protect\n|move|p1a: Skarmory|Roost|p1a: Skarmory\n|-heal|p1a: Skarmory|235/235\n|-singleturn|p1a: Skarmory|move: Roost\n|\n|-heal|p2a: Gliscor|56/100 tox|[from] ability: Poison Heal\n|upkeep\n|turn|41\n|inactive|Time left: 300 sec this turn | 300 sec total\n|\n|t:|1783559070\n|move|p2a: Gliscor|Protect||[still]\n|-fail|p2a: Gliscor\n|move|p1a: Skarmory|Brave Bird|p2a: Gliscor\n|-damage|p2a: Gliscor|22/100 tox\n|-damage|p1a: Skarmory|208/235|[from] Recoil\n|\n|-heal|p2a: Gliscor|34/100 tox|[from] ability: Poison Heal\n|upkeep\n|turn|42\n|inactive|Time left: 300 sec this turn | 300 sec total\n|\n|t:|1783559071\n|move|p2a: Gliscor|Protect|p2a: Gliscor\n|-singleturn|p2a: Gliscor|Protect\n|move|p1a: Skarmory|Brave Bird|p2a: Gliscor\n|-activate|p2a: Gliscor|move: Protect\n|\n|-heal|p2a: Gliscor|47/100 tox|[from] ability: Poison Heal\n|upkeep\n|turn|43\n|inactive|Time left: 300 sec this turn | 300 sec total\n|\n|t:|1783559072\n|move|p2a: Gliscor|Protect||[still]\n|-fail|p2a: Gliscor\n|move|p1a: Skarmory|Brave Bird|p2a: Gliscor\n|-damage|p2a: Gliscor|8/100 tox\n|-damage|p1a: Skarmory|178/235|[from] Recoil\n|\n|-heal|p2a: Gliscor|21/100 tox|[from] ability: Poison Heal\n|upkeep\n|turn|44\n|inactive|Time left: 300 sec this turn | 300 sec total\n|\n|t:|1783559072\n|move|p2a: Gliscor|Protect|p2a: Gliscor\n|-singleturn|p2a: Gliscor|Protect\n|move|p1a: Skarmory|Brave Bird|p2a: Gliscor\n|-activate|p2a: Gliscor|move: Protect\n|\n|-heal|p2a: Gliscor|33/100 tox|[from] ability: Poison Heal\n|upkeep\n|turn|45\n|inactive|Time left: 300 sec this turn | 300 sec total\n|\n|t:|1783559073\n|move|p2a: Gliscor|Protect|p2a: Gliscor\n|-singleturn|p2a: Gliscor|Protect\n|move|p1a: Skarmory|Brave Bird|p2a: Gliscor\n|-activate|p2a: Gliscor|move: Protect\n|\n|-heal|p2a: Gliscor|45/100 tox|[from] ability: Poison Heal\n|upkeep\n|turn|46\n|inactive|Time left: 300 sec this turn | 300 sec total\n|\n|t:|1783559074\n|move|p2a: Gliscor|Protect||[still]\n|-fail|p2a: Gliscor\n|move|p1a: Skarmory|Brave Bird|p2a: Gliscor\n|-damage|p2a: Gliscor|12/100 tox\n|-damage|p1a: Skarmory|152/235|[from] Recoil\n|\n|-heal|p2a: Gliscor|24/100 tox|[from] ability: Poison Heal\n|upkeep\n|turn|47\n|inactive|Time left: 300 sec this turn | 300 sec total\n|\n|t:|1783559075\n|move|p2a: Gliscor|Protect|p2a: Gliscor\n|-singleturn|p2a: Gliscor|Protect\n|move|p1a: Skarmory|Brave Bird|p2a: Gliscor\n|-activate|p2a: Gliscor|move: Protect\n|\n|-heal|p2a: Gliscor|36/100 tox|[from] ability: Poison Heal\n|upkeep\n|turn|48\n|inactive|Time left: 300 sec this turn | 300 sec total\n|\n|t:|1783559075\n|move|p2a: Gliscor|Protect||[still]\n|-fail|p2a: Gliscor\n|move|p1a: Skarmory|Brave Bird|p2a: Gliscor\n|-damage|p2a: Gliscor|0 fnt\n|faint|p2a: Gliscor\n|-damage|p1a: Skarmory|124/235|[from] Recoil\n|\n|win|p0x164456a1", "uploadtime": 1783559075, "views": 0, "rating": 0, "private": 0, "password": null, "_winner": "p0x164456a1", "_our_name": "p0x164456a1"}