{"id": "battle-gen9randombattle-1188", "formatid": "gen9randombattle", "format": "[Gen 9] Random Battle", "players": ["p0x11888f68", "p0y1188e606"], "log": "|init|battle\n|title|p0x11888f68 vs. p0y1188e606\n|j|\u2606p0x11888f68\n|j|\u2606p0y1188e606\n|t:|1783553751\n|gametype|singles\n|player|p1|p0x11888f68|101|\n|player|p2|p0y1188e606|101|\n|gen|9\n|tier|[Gen 9] Random Battle\n|rule|Species Clause: Limit one of each Pok\u00e9mon\n|rule|HP Percentage Mod: HP is shown in percentages\n|rule|Sleep Clause Mod: Limit one foe put to sleep\n|rule|Illusion Level Mod: Illusion disguises the Pok\u00e9mon's true level\n|\n|t:|1783553751\n|teamsize|p1|6\n|teamsize|p2|6\n|start\n|switch|p1a: Hitmontop|Hitmontop, L88, M|231/231\n|switch|p2a: Glalie|Glalie, L96, M|100/100\n|turn|1\n|inactive|Battle timer is ON: inactive players will automatically lose when time's up. (requested by p0y1188e606)\n|inactive|Time left: 300 sec this turn | 300 sec total | 60 sec grace\n|\n|t:|1783553752\n|switch|p2a: Basculin|Basculin, L86, M|100/100\n|move|p1a: Hitmontop|Close Combat|p2a: Basculin\n|-damage|p2a: Basculin|40/100\n|-unboost|p1a: Hitmontop|def|1\n|-unboost|p1a: Hitmontop|spd|1\n|\n|upkeep\n|turn|2\n|inactive|Time left: 300 sec this turn | 300 sec total\n|inactive|p0x11888f68 also wants the timer to be on.\n|\n|t:|1783553753\n|switch|p1a: Jumpluff|Jumpluff, L87, M|271/271\n|move|p2a: Basculin|Wave Crash|p1a: Jumpluff\n|-resisted|p1a: Jumpluff\n|-damage|p1a: Jumpluff|124/271\n|-damage|p2a: Basculin|21/100|[from] Recoil\n|\n|upkeep\n|turn|3\n|inactive|Time left: 300 sec this turn | 300 sec total\n|\n|t:|1783553755\n|move|p1a: Jumpluff|Strength Sap|p2a: Basculin\n|-unboost|p2a: Basculin|atk|1\n|-heal|p1a: Jumpluff|271/271\n|move|p2a: Basculin|Wave Crash|p1a: Jumpluff\n|-resisted|p1a: Jumpluff\n|-damage|p1a: Jumpluff|171/271\n|-damage|p2a: Basculin|8/100|[from] Recoil\n|\n|upkeep\n|turn|4\n|inactive|Time left: 300 sec this turn | 300 sec total\n|\n|t:|1783553756\n|switch|p2a: Latias|Latias, L79, F|100/100\n|move|p1a: Jumpluff|Strength Sap|p2a: Latias\n|-unboost|p2a: Latias|atk|1\n|-heal|p1a: Jumpluff|271/271\n|\n|upkeep\n|turn|5\n|inactive|Time left: 300 sec this turn | 300 sec total\n|\n|t:|1783553757\n|move|p1a: Jumpluff|Acrobatics|p2a: Latias\n|-damage|p2a: Latias|68/100\n|move|p2a: Latias|Calm Mind|p2a: Latias\n|-boost|p2a: Latias|spa|1\n|-boost|p2a: Latias|spd|1\n|\n|upkeep\n|turn|6\n|inactive|Time left: 300 sec this turn | 300 sec total\n|\n|t:|1783553758\n|move|p1a: Jumpluff|Leech Seed|p2a: Latias|[miss]\n|-miss|p1a: Jumpluff|p2a: Latias\n|move|p2a: Latias|Psyshock|p1a: Jumpluff\n|-damage|p1a: Jumpluff|102/271\n|\n|upkeep\n|turn|7\n|inactive|Time left: 300 sec this turn | 300 sec total\n|\n|t:|1783553759\n|move|p1a: Jumpluff|Strength Sap|p2a: Latias\n|-unboost|p2a: Latias|atk|1\n|-heal|p1a: Jumpluff|189/271\n|move|p2a: Latias|Psyshock|p1a: Jumpluff\n|-damage|p1a: Jumpluff|6/271\n|\n|upkeep\n|turn|8\n|inactive|Time left: 300 sec this turn | 300 sec total\n|\n|t:|1783553761\n|move|p1a: Jumpluff|Leech Seed|p2a: Latias\n|-start|p2a: Latias|move: Leech Seed\n|move|p2a: Latias|Psyshock|p1a: Jumpluff\n|-damage|p1a: Jumpluff|0 fnt\n|faint|p1a: Jumpluff\n|\n|upkeep\n|inactive|Time left: 300 sec this turn | 300 sec total | 5 sec grace\n|\n|t:|1783553762\n|switch|p1a: Flareon|Flareon, L90, M|263/263\n|turn|9\n|inactive|Time left: 300 sec this turn | 300 sec total\n|\n|t:|1783553763\n|move|p2a: Latias|Psyshock|p1a: Flareon\n|-damage|p1a: Flareon|95/263\n|move|p1a: Flareon|Trailblaze|p2a: Latias\n|-resisted|p2a: Latias\n|-damage|p2a: Latias|59/100\n|-boost|p1a: Flareon|spe|1\n|\n|-damage|p2a: Latias|46/100|[from] Leech Seed|[of] p1a: Flareon\n|-heal|p1a: Flareon|127/263|[silent]\n|-status|p1a: Flareon|tox|[from] item: Toxic Orb\n|upkeep\n|turn|10\n|inactive|Time left: 300 sec this turn | 300 sec total\n|\n|t:|1783553764\n|switch|p2a: Basculin|Basculin, L86, M|8/100\n|move|p1a: Flareon|Facade|p2a: Basculin\n|-damage|p2a: Basculin|0 fnt\n|faint|p2a: Basculin\n|\n|-damage|p1a: Flareon|111/263 tox|[from] psn\n|upkeep\n|\n|t:|1783553765\n|switch|p2a: Jolteon|Jolteon, L84, F|100/100\n|turn|11\n|inactive|Time left: 300 sec this turn | 300 sec total\n|\n|t:|1783553766\n|-terastallize|p2a: Jolteon|Electric\n|move|p2a: Jolteon|Thunderbolt|p1a: Flareon\n|-damage|p1a: Flareon|0 fnt\n|faint|p1a: Flareon\n|-damage|p2a: Jolteon|91/100|[from] item: Life Orb\n|\n|upkeep\n|inactive|Time left: 300 sec this turn | 300 sec total | 5 sec grace\n|\n|t:|1783553767\n|switch|p1a: Electivire|Electivire, L84, M|263/263\n|turn|12\n|inactive|Time left: 300 sec this turn | 300 sec total\n|\n|t:|1783553768\n|switch|p2a: Glalie|Glalie, L96, M|100/100\n|move|p1a: Electivire|Knock Off|p2a: Glalie\n|-damage|p2a: Glalie|63/100\n|-enditem|p2a: Glalie|Heavy-Duty Boots|[from] move: Knock Off|[of] p1a: Electivire\n|\n|upkeep\n|turn|13\n|inactive|Time left: 300 sec this turn | 300 sec total\n|\n|t:|1783553769\n|switch|p1a: Hitmontop|Hitmontop, L88, M|231/231\n|move|p2a: Glalie|Earthquake|p1a: Hitmontop\n|-damage|p1a: Hitmontop|161/231\n|\n|-heal|p1a: Hitmontop|175/231|[from] item: Leftovers\n|upkeep\n|turn|14\n|inactive|Time left: 300 sec this turn | 300 sec total\n|\n|t:|1783553770\n|move|p2a: Glalie|Earthquake|p1a: Hitmontop\n|-damage|p1a: Hitmontop|101/231\n|move|p1a: Hitmontop|Bulk Up|p1a: Hitmontop\n|-boost|p1a: Hitmontop|atk|1\n|-boost|p1a: Hitmontop|def|1\n|\n|-heal|p1a: Hitmontop|115/231|[from] item: Leftovers\n|upkeep\n|turn|15\n|inactive|Time left: 300 sec this turn | 300 sec total\n|\n|t:|1783553771\n|move|p2a: Glalie|Freeze-Dry|p1a: Hitmontop\n|-damage|p1a: Hitmontop|49/231\n|-status|p1a: Hitmontop|frz\n|cant|p1a: Hitmontop|frz\n|\n|-heal|p1a: Hitmontop|63/231 frz|[from] item: Leftovers\n|upkeep\n|turn|16\n|inactive|Time left: 300 sec this turn | 300 sec total\n|\n|t:|1783553772\n|move|p2a: Glalie|Freeze-Dry|p1a: Hitmontop\n|-damage|p1a: Hitmontop|0 fnt\n|faint|p1a: Hitmontop\n|\n|upkeep\n|inactive|Time left: 300 sec this turn | 300 sec total | 5 sec grace\n|\n|t:|1783553773\n|switch|p1a: Cinccino|Cinccino, L83, F|260/260\n|turn|17\n|inactive|Time left: 300 sec this turn | 300 sec total\n|\n|t:|1783553774\n|move|p1a: Cinccino|Tail Slap|p2a: Glalie\n|-damage|p2a: Glalie|51/100\n|-damage|p2a: Glalie|38/100\n|-damage|p2a: Glalie|26/100\n|-damage|p2a: Glalie|14/100\n|-hitcount|p2a: Glalie|4\n|move|p2a: Glalie|Freeze-Dry|p1a: Cinccino\n|-crit|p1a: Cinccino\n|-damage|p1a: Cinccino|92/260\n|-status|p1a: Cinccino|frz\n|\n|upkeep\n|turn|18\n|inactive|Time left: 300 sec this turn | 300 sec total\n|\n|t:|1783553776\n|cant|p1a: Cinccino|frz\n|move|p2a: Glalie|Freeze-Dry|p1a: Cinccino\n|-damage|p1a: Cinccino|0 fnt\n|faint|p1a: Cinccino\n|\n|upkeep\n|inactive|Time left: 300 sec this turn | 300 sec total | 5 sec grace\n|\n|t:|1783553777\n|switch|p1a: Electivire|Electivire, L84, M|263/263\n|turn|19\n|inactive|Time left: 300 sec this turn | 300 sec total\n|\n|t:|1783553777\n|move|p2a: Glalie|Earthquake|p1a: Electivire\n|-supereffective|p1a: Electivire\n|-damage|p1a: Electivire|83/263\n|move|p1a: Electivire|Knock Off|p2a: Glalie\n|-damage|p2a: Glalie|0 fnt\n|faint|p2a: Glalie\n|\n|upkeep\n|\n|t:|1783553778\n|switch|p2a: Latias|Latias, L79, F|46/100\n|turn|20\n|inactive|Time left: 300 sec this turn | 300 sec total\n|\n|t:|1783553779\n|move|p2a: Latias|Psyshock|p1a: Electivire\n|-damage|p1a: Electivire|0 fnt\n|faint|p1a: Electivire\n|\n|upkeep\n|inactive|Time left: 300 sec this turn | 300 sec total | 5 sec grace\n|\n|t:|1783553780\n|switch|p1a: Shiftry|Shiftry, L89, F|305/305\n|turn|21\n|inactive|Time left: 300 sec this turn | 300 sec total\n|\n|t:|1783553781\n|move|p2a: Latias|Draco Meteor|p1a: Shiftry|[miss]\n|-miss|p2a: Latias|p1a: Shiftry\n|move|p1a: Shiftry|Tailwind|p1a: Shiftry\n|-sidestart|p1: p0x11888f68|move: Tailwind\n|-ability|p1a: Shiftry|Wind Rider|boost\n|-boost|p1a: Shiftry|atk|1\n|\n|upkeep\n|turn|22\n|inactive|Time left: 300 sec this turn | 300 sec total\n|\n|t:|1783553782\n|-terastallize|p1a: Shiftry|Dark\n|move|p1a: Shiftry|Knock Off|p2a: Latias\n|-supereffective|p2a: Latias\n|-damage|p2a: Latias|0 fnt\n|-enditem|p2a: Latias|Soul Dew|[from] move: Knock Off|[of] p1a: Shiftry\n|faint|p2a: Latias\n|-damage|p1a: Shiftry|275/305|[from] item: Life Orb\n|\n|upkeep\n|\n|t:|1783553783\n|switch|p2a: Victreebel|Victreebel, L90, M|100/100\n|turn|23\n|inactive|Time left: 300 sec this turn | 300 sec total\n|\n|t:|1783553783\n|move|p1a: Shiftry|Knock Off|p2a: Victreebel\n|-damage|p2a: Victreebel|0 fnt\n|-enditem|p2a: Victreebel|Life Orb|[from] move: Knock Off|[of] p1a: Shiftry\n|faint|p2a: Victreebel\n|-damage|p1a: Shiftry|245/305|[from] item: Life Orb\n|\n|upkeep\n|\n|t:|1783553784\n|switch|p2a: Illumise|Illumise, L91, F|100/100\n|turn|24\n|inactive|Time left: 300 sec this turn | 300 sec total\n|\n|t:|1783553786\n|move|p1a: Shiftry|Leaf Blade|p2a: Illumise\n|-resisted|p2a: Illumise\n|-damage|p2a: Illumise|59/100\n|-damage|p1a: Shiftry|215/305|[from] item: Life Orb\n|move|p2a: Illumise|Bug Buzz|p1a: Shiftry\n|-supereffective|p1a: Shiftry\n|-damage|p1a: Shiftry|0 fnt\n|faint|p1a: Shiftry\n|\n|win|p0y1188e606", "uploadtime": 1783553786, "views": 0, "rating": 0, "private": 0, "password": null, "_winner": "p0y1188e606", "_our_name": "p0x11888f68"}