{"id": "battle-gen9randombattle-44", "formatid": "gen9randombattle", "format": "[Gen 9] Random Battle", "players": ["p0x0442529", "p0y044bed5"], "log": "|init|battle\n|title|p0x0442529 vs. p0y044bed5\n|j|\u2606p0x0442529\n|j|\u2606p0y044bed5\n|t:|1783534294\n|gametype|singles\n|player|p1|p0x0442529|266|\n|player|p2|p0y044bed5|2|\n|gen|9\n|tier|[Gen 9] Random Battle\n|rule|Species Clause: Limit one of each Pok\u00e9mon\n|rule|HP Percentage Mod: HP is shown in percentages\n|rule|Sleep Clause Mod: Limit one foe put to sleep\n|rule|Illusion Level Mod: Illusion disguises the Pok\u00e9mon's true level\n|\n|t:|1783534294\n|teamsize|p1|6\n|teamsize|p2|6\n|start\n|switch|p1a: Sudowoodo|Sudowoodo, L94, F|284/284\n|switch|p2a: Pawmot|Pawmot, L80, F|100/100\n|turn|1\n|inactive|Battle timer is ON: inactive players will automatically lose when time's up. (requested by p0y044bed5)\n|inactive|Time left: 300 sec this turn | 300 sec total | 60 sec grace\n|inactive|p0x0442529 also wants the timer to be on.\n|\n|t:|1783534295\n|switch|p2a: Weezing|Weezing, L88, F|100/100\n|move|p1a: Sudowoodo|Stealth Rock|p2a: Weezing\n|-sidestart|p2: p0y044bed5|move: Stealth Rock\n|\n|upkeep\n|turn|2\n|inactive|Time left: 300 sec this turn | 300 sec total\n|\n|t:|1783534296\n|move|p2a: Weezing|Will-O-Wisp|p1a: Sudowoodo\n|-status|p1a: Sudowoodo|brn\n|move|p1a: Sudowoodo|Head Smash|p2a: Weezing\n|-damage|p2a: Weezing|73/100\n|\n|-heal|p2a: Weezing|79/100|[from] item: Leftovers\n|-damage|p1a: Sudowoodo|267/284 brn|[from] brn\n|upkeep\n|turn|3\n|inactive|Time left: 300 sec this turn | 300 sec total\n|\n|t:|1783534297\n|switch|p1a: Gurdurr|Gurdurr, L85, F|283/283\n|move|p2a: Weezing|Fire Blast|p1a: Gurdurr\n|-damage|p1a: Gurdurr|212/283\n|\n|-heal|p2a: Weezing|85/100|[from] item: Leftovers\n|upkeep\n|turn|4\n|inactive|Time left: 300 sec this turn | 300 sec total\n|\n|t:|1783534299\n|move|p2a: Weezing|Gunk Shot|p1a: Gurdurr\n|-damage|p1a: Gurdurr|122/283\n|move|p1a: Gurdurr|Bulk Up|p1a: Gurdurr\n|-boost|p1a: Gurdurr|atk|1\n|-boost|p1a: Gurdurr|def|1\n|\n|-heal|p2a: Weezing|91/100|[from] item: Leftovers\n|upkeep\n|turn|5\n|inactive|Time left: 300 sec this turn | 300 sec total\n|\n|t:|1783534300\n|move|p2a: Weezing|Fire Blast|p1a: Gurdurr\n|-damage|p1a: Gurdurr|48/283\n|-status|p1a: Gurdurr|brn\n|move|p1a: Gurdurr|Drain Punch|p2a: Weezing\n|-resisted|p2a: Weezing\n|-damage|p2a: Weezing|62/100\n|-heal|p1a: Gurdurr|86/283 brn|[from] drain|[of] p2a: Weezing\n|\n|-heal|p2a: Weezing|68/100|[from] item: Leftovers\n|-damage|p1a: Gurdurr|69/283 brn|[from] brn\n|upkeep\n|turn|6\n|inactive|Time left: 300 sec this turn | 300 sec total\n|\n|t:|1783534301\n|move|p2a: Weezing|Fire Blast|p1a: Gurdurr|[miss]\n|-miss|p2a: Weezing|p1a: Gurdurr\n|move|p1a: Gurdurr|Drain Punch|p2a: Weezing\n|-resisted|p2a: Weezing\n|-damage|p2a: Weezing|37/100\n|-heal|p1a: Gurdurr|109/283 brn|[from] drain|[of] p2a: Weezing\n|\n|-heal|p2a: Weezing|44/100|[from] item: Leftovers\n|-damage|p1a: Gurdurr|92/283 brn|[from] brn\n|upkeep\n|turn|7\n|inactive|Time left: 300 sec this turn | 300 sec total\n|\n|t:|1783534302\n|move|p2a: Weezing|Fire Blast|p1a: Gurdurr\n|-damage|p1a: Gurdurr|15/283 brn\n|move|p1a: Gurdurr|Drain Punch|p2a: Weezing\n|-resisted|p2a: Weezing\n|-damage|p2a: Weezing|16/100\n|-heal|p1a: Gurdurr|51/283 brn|[from] drain|[of] p2a: Weezing\n|\n|-heal|p2a: Weezing|22/100|[from] item: Leftovers\n|-damage|p1a: Gurdurr|34/283 brn|[from] brn\n|upkeep\n|turn|8\n|inactive|Time left: 300 sec this turn | 300 sec total\n|\n|t:|1783534303\n|move|p2a: Weezing|Fire Blast|p1a: Gurdurr\n|-damage|p1a: Gurdurr|0 fnt\n|faint|p1a: Gurdurr\n|\n|-heal|p2a: Weezing|28/100|[from] item: Leftovers\n|upkeep\n|inactive|Time left: 300 sec this turn | 300 sec total | 5 sec grace\n|\n|t:|1783534304\n|switch|p1a: Mightyena|Mightyena, L96, F|290/290\n|-ability|p1a: Mightyena|Intimidate|boost\n|-unboost|p2a: Weezing|atk|1\n|turn|9\n|inactive|Time left: 300 sec this turn | 300 sec total\n|\n|t:|1783534305\n|move|p1a: Mightyena|Throat Chop|p2a: Weezing\n|-crit|p2a: Weezing\n|-damage|p2a: Weezing|0 fnt\n|faint|p2a: Weezing\n|\n|upkeep\n|\n|t:|1783534306\n|switch|p2a: Mudsdale|Mudsdale, L83, F|100/100\n|-damage|p2a: Mudsdale|95/100|[from] Stealth Rock\n|turn|10\n|inactive|Time left: 300 sec this turn | 300 sec total\n|\n|t:|1783534307\n|move|p1a: Mightyena|Super Fang|p2a: Mudsdale|[miss]\n|-miss|p1a: Mightyena|p2a: Mudsdale\n|move|p2a: Mudsdale|Earthquake|p1a: Mightyena\n|-damage|p1a: Mightyena|151/290\n|\n|-heal|p2a: Mudsdale|100/100|[from] item: Leftovers\n|upkeep\n|turn|11\n|inactive|Time left: 300 sec this turn | 300 sec total\n|\n|t:|1783534308\n|move|p1a: Mightyena|Super Fang|p2a: Mudsdale\n|-damage|p2a: Mudsdale|50/100\n|-ability|p2a: Mudsdale|Stamina|boost\n|-boost|p2a: Mudsdale|def|1\n|move|p2a: Mudsdale|Heavy Slam|p1a: Mightyena\n|-damage|p1a: Mightyena|42/290\n|\n|-heal|p2a: Mudsdale|56/100|[from] item: Leftovers\n|upkeep\n|turn|12\n|inactive|Time left: 300 sec this turn | 300 sec total\n|\n|t:|1783534309\n|move|p1a: Mightyena|Super Fang|p2a: Mudsdale\n|-damage|p2a: Mudsdale|29/100\n|-ability|p2a: Mudsdale|Stamina|boost\n|-boost|p2a: Mudsdale|def|1\n|move|p2a: Mudsdale|Earthquake|p1a: Mightyena\n|-damage|p1a: Mightyena|0 fnt\n|faint|p1a: Mightyena\n|\n|-heal|p2a: Mudsdale|35/100|[from] item: Leftovers\n|upkeep\n|inactive|Time left: 300 sec this turn | 300 sec total | 5 sec grace\n|\n|t:|1783534309\n|switch|p1a: Swampert|Swampert, L83, M|302/302\n|turn|13\n|inactive|Time left: 300 sec this turn | 300 sec total\n|\n|t:|1783534310\n|move|p1a: Swampert|Ice Beam|p2a: Mudsdale\n|-supereffective|p2a: Mudsdale\n|-damage|p2a: Mudsdale|0 fnt\n|faint|p2a: Mudsdale\n|\n|upkeep\n|\n|t:|1783534311\n|switch|p2a: Oricorio|Oricorio, L84, M|100/100\n|turn|14\n|inactive|Time left: 300 sec this turn | 300 sec total\n|\n|t:|1783534312\n|move|p2a: Oricorio|Quiver Dance|p2a: Oricorio\n|-boost|p2a: Oricorio|spa|1\n|-boost|p2a: Oricorio|spd|1\n|-boost|p2a: Oricorio|spe|1\n|move|p1a: Swampert|Knock Off|p2a: Oricorio\n|-damage|p2a: Oricorio|68/100\n|-enditem|p2a: Oricorio|Heavy-Duty Boots|[from] move: Knock Off|[of] p1a: Swampert\n|\n|upkeep\n|turn|15\n|inactive|Time left: 300 sec this turn | 300 sec total\n|\n|t:|1783534313\n|switch|p1a: Sudowoodo|Sudowoodo, L94, F|267/284 brn\n|move|p2a: Oricorio|Quiver Dance|p2a: Oricorio\n|-boost|p2a: Oricorio|spa|1\n|-boost|p2a: Oricorio|spd|1\n|-boost|p2a: Oricorio|spe|1\n|\n|-heal|p1a: Sudowoodo|284/284 brn|[from] item: Leftovers\n|-damage|p1a: Sudowoodo|267/284 brn|[from] brn\n|upkeep\n|turn|16\n|inactive|Time left: 300 sec this turn | 300 sec total\n|\n|t:|1783534314\n|-terastallize|p2a: Oricorio|Ground\n|move|p2a: Oricorio|Revelation Dance|p1a: Sudowoodo\n|-supereffective|p1a: Sudowoodo\n|-damage|p1a: Sudowoodo|0 fnt\n|faint|p1a: Sudowoodo\n|\n|upkeep\n|inactive|Time left: 300 sec this turn | 300 sec total | 5 sec grace\n|\n|t:|1783534315\n|switch|p1a: Poliwrath|Poliwrath, L88, F|302/302\n|turn|17\n|inactive|Time left: 300 sec this turn | 300 sec total\n|\n|t:|1783534316\n|-terastallize|p1a: Poliwrath|Water\n|move|p2a: Oricorio|Hurricane|p1a: Poliwrath\n|-damage|p1a: Poliwrath|80/302\n|move|p1a: Poliwrath|Liquidation|p2a: Oricorio\n|-supereffective|p2a: Oricorio\n|-damage|p2a: Oricorio|0 fnt\n|faint|p2a: Oricorio\n|-damage|p1a: Poliwrath|50/302|[from] item: Life Orb\n|\n|upkeep\n|\n|t:|1783534317\n|switch|p2a: Uxie|Uxie, L83|100/100\n|-damage|p2a: Uxie|88/100|[from] Stealth Rock\n|turn|18\n|inactive|Time left: 300 sec this turn | 300 sec total\n|\n|t:|1783534317\n|switch|p1a: Swampert|Swampert, L83, M|302/302\n|move|p2a: Uxie|Psychic Noise|p1a: Swampert\n|-damage|p1a: Swampert|242/302\n|-start|p1a: Swampert|move: Heal Block\n|\n|-heal|p2a: Uxie|94/100|[from] item: Leftovers\n|upkeep\n|turn|19\n|inactive|Time left: 300 sec this turn | 300 sec total\n|\n|t:|1783534319\n|move|p2a: Uxie|Stealth Rock|p1a: Swampert\n|-sidestart|p1: p0x0442529|move: Stealth Rock\n|move|p1a: Swampert|Knock Off|p2a: Uxie\n|-supereffective|p2a: Uxie\n|-damage|p2a: Uxie|54/100\n|-enditem|p2a: Uxie|Leftovers|[from] move: Knock Off|[of] p1a: Swampert\n|\n|-end|p1a: Swampert|move: Heal Block\n|upkeep\n|turn|20\n|inactive|Time left: 300 sec this turn | 300 sec total\n|\n|t:|1783534320\n|move|p2a: Uxie|Psychic Noise|p1a: Swampert\n|-damage|p1a: Swampert|173/302\n|-start|p1a: Swampert|move: Heal Block\n|move|p1a: Swampert|Knock Off|p2a: Uxie\n|-supereffective|p2a: Uxie\n|-damage|p2a: Uxie|24/100\n|\n|upkeep\n|turn|21\n|inactive|Time left: 300 sec this turn | 300 sec total\n|\n|t:|1783534321\n|move|p2a: Uxie|Psychic Noise|p1a: Swampert\n|-damage|p1a: Swampert|109/302\n|move|p1a: Swampert|Knock Off|p2a: Uxie\n|-supereffective|p2a: Uxie\n|-damage|p2a: Uxie|0 fnt\n|faint|p2a: Uxie\n|\n|-end|p1a: Swampert|move: Heal Block\n|upkeep\n|\n|t:|1783534322\n|switch|p2a: Pawmot|Pawmot, L80, F|100/100\n|-damage|p2a: Pawmot|94/100|[from] Stealth Rock\n|turn|22\n|inactive|Time left: 300 sec this turn | 300 sec total\n|\n|t:|1783534323\n|move|p2a: Pawmot|Close Combat|p1a: Swampert\n|-damage|p1a: Swampert|0 fnt\n|-unboost|p2a: Pawmot|def|1\n|-unboost|p2a: Pawmot|spd|1\n|faint|p1a: Swampert\n|-damage|p2a: Pawmot|84/100|[from] item: Life Orb\n|\n|upkeep\n|inactive|Time left: 300 sec this turn | 300 sec total | 5 sec grace\n|\n|t:|1783534324\n|switch|p1a: Sceptile|Sceptile, L87, F|264/264\n|-damage|p1a: Sceptile|231/264|[from] Stealth Rock\n|turn|23\n|inactive|Time left: 300 sec this turn | 300 sec total\n|\n|t:|1783534325\n|switch|p2a: Ditto|Ditto, L87|100/100\n|-damage|p2a: Ditto|88/100|[from] Stealth Rock\n|-transform|p2a: Ditto|p1a: Sceptile|[from] ability: Imposter\n|move|p1a: Sceptile|Earthquake|p2a: Ditto\n|-resisted|p2a: Ditto\n|-damage|p2a: Ditto|66/100\n|-damage|p1a: Sceptile|205/264|[from] item: Life Orb\n|\n|upkeep\n|turn|24\n|inactive|Time left: 300 sec this turn | 300 sec total\n|\n|t:|1783534326\n|move|p2a: Ditto|Focus Blast|p1a: Sceptile\n|-damage|p1a: Sceptile|115/264\n|move|p1a: Sceptile|Focus Blast|p2a: Ditto\n|-damage|p2a: Ditto|16/100\n|-damage|p1a: Sceptile|89/264|[from] item: Life Orb\n|\n|upkeep\n|turn|25\n|inactive|Time left: 300 sec this turn | 300 sec total\n|\n|t:|1783534327\n|switch|p2a: Pawmot|Pawmot, L80, F|84/100\n|-damage|p2a: Pawmot|78/100|[from] Stealth Rock\n|move|p1a: Sceptile|Earthquake|p2a: Pawmot\n|-supereffective|p2a: Pawmot\n|-damage|p2a: Pawmot|0 fnt\n|faint|p2a: Pawmot\n|-damage|p1a: Sceptile|63/264|[from] item: Life Orb\n|\n|upkeep\n|\n|t:|1783534328\n|switch|p2a: Ditto|Ditto, L87|16/100\n|-damage|p2a: Ditto|4/100|[from] Stealth Rock\n|-transform|p2a: Ditto|p1a: Sceptile|[from] ability: Imposter\n|turn|26\n|inactive|Time left: 300 sec this turn | 300 sec total\n|\n|t:|1783534329\n|move|p2a: Ditto|Leaf Storm|p1a: Sceptile\n|-resisted|p1a: Sceptile\n|-damage|p1a: Sceptile|0 fnt\n|-unboost|p2a: Ditto|spa|2\n|faint|p1a: Sceptile\n|\n|upkeep\n|inactive|Time left: 300 sec this turn | 300 sec total | 5 sec grace\n|\n|t:|1783534330\n|switch|p1a: Poliwrath|Poliwrath, L88, F, tera:Water|50/302\n|-damage|p1a: Poliwrath|13/302|[from] Stealth Rock\n|turn|27\n|inactive|Time left: 300 sec this turn | 300 sec total\n|\n|t:|1783534331\n|move|p2a: Ditto|Leaf Storm|p1a: Poliwrath\n|-supereffective|p1a: Poliwrath\n|-damage|p1a: Poliwrath|0 fnt\n|-unboost|p2a: Ditto|spa|2\n|faint|p1a: Poliwrath\n|\n|win|p0y044bed5", "uploadtime": 1783534331, "views": 0, "rating": 0, "private": 0, "password": null, "_winner": "p0y044bed5", "_our_name": "p0x0442529"}