{"id": "battle-gen9randombattle-2108", "formatid": "gen9randombattle", "format": "[Gen 9] Random Battle", "players": ["p0x210884c8", "p0y2108129c"], "log": "|init|battle\n|title|p0x210884c8 vs. p0y2108129c\n|j|\u2606p0x210884c8\n|j|\u2606p0y2108129c\n|t:|1783564417\n|gametype|singles\n|player|p1|p0x210884c8|265|\n|player|p2|p0y2108129c|169|\n|gen|9\n|tier|[Gen 9] Random Battle\n|rule|Species Clause: Limit one of each Pok\u00e9mon\n|rule|HP Percentage Mod: HP is shown in percentages\n|rule|Sleep Clause Mod: Limit one foe put to sleep\n|rule|Illusion Level Mod: Illusion disguises the Pok\u00e9mon's true level\n|\n|t:|1783564417\n|teamsize|p1|6\n|teamsize|p2|6\n|start\n|switch|p1a: Virizion|Virizion, L82|100/100\n|switch|p2a: Chien-Pao|Chien-Pao, L72|234/234\n|-ability|p2a: Chien-Pao|Sword of Ruin\n|turn|1\n|inactive|Battle timer is ON: inactive players will automatically lose when time's up. (requested by p0x210884c8)\n|inactive|Time left: 300 sec this turn | 300 sec total | 60 sec grace\n|inactive|p0y2108129c also wants the timer to be on.\n|\n|t:|1783564419\n|move|p2a: Chien-Pao|Icicle Crash|p1a: Virizion\n|-supereffective|p1a: Virizion\n|-damage|p1a: Virizion|0 fnt\n|faint|p1a: Virizion\n|\n|upkeep\n|\n|t:|1783564420\n|switch|p1a: Mudsdale|Mudsdale, L83, F|100/100\n|turn|2\n|inactive|Time left: 300 sec this turn | 300 sec total\n|\n|t:|1783564421\n|-terastallize|p1a: Mudsdale|Steel\n|move|p2a: Chien-Pao|Icicle Crash|p1a: Mudsdale\n|-resisted|p1a: Mudsdale\n|-damage|p1a: Mudsdale|76/100\n|-ability|p1a: Mudsdale|Stamina|boost\n|-boost|p1a: Mudsdale|def|1\n|move|p1a: Mudsdale|Heavy Slam|p2a: Chien-Pao\n|-supereffective|p2a: Chien-Pao\n|-damage|p2a: Chien-Pao|0 fnt\n|faint|p2a: Chien-Pao\n|\n|-heal|p1a: Mudsdale|82/100|[from] item: Leftovers\n|upkeep\n|inactive|Time left: 300 sec this turn | 300 sec total | 5 sec grace\n|\n|t:|1783564422\n|switch|p2a: Yanmega|Yanmega, L82, M|275/275\n|turn|3\n|inactive|Time left: 300 sec this turn | 300 sec total\n|\n|t:|1783564423\n|-terastallize|p2a: Yanmega|Ground\n|move|p2a: Yanmega|Tera Blast|p1a: Mudsdale|[anim] Tera Blast Ground\n|-supereffective|p1a: Mudsdale\n|-damage|p1a: Mudsdale|17/100\n|-ability|p1a: Mudsdale|Stamina|boost\n|-boost|p1a: Mudsdale|def|1\n|move|p1a: Mudsdale|Stone Edge|p2a: Yanmega\n|-resisted|p2a: Yanmega\n|-damage|p2a: Yanmega|233/275\n|\n|-heal|p1a: Mudsdale|23/100|[from] item: Leftovers\n|-ability|p2a: Yanmega|Speed Boost|boost\n|-boost|p2a: Yanmega|spe|1\n|upkeep\n|turn|4\n|inactive|Time left: 300 sec this turn | 300 sec total\n|\n|t:|1783564424\n|switch|p1a: Glaceon|Glaceon, L94, M|100/100\n|move|p2a: Yanmega|Tera Blast|p1a: Glaceon|[anim] Tera Blast Ground\n|-damage|p1a: Glaceon|71/100\n|\n|-ability|p2a: Yanmega|Speed Boost|boost\n|-boost|p2a: Yanmega|spe|1\n|upkeep\n|turn|5\n|inactive|Time left: 300 sec this turn | 300 sec total\n|\n|t:|1783564425\n|move|p2a: Yanmega|Protect|p2a: Yanmega\n|-singleturn|p2a: Yanmega|Protect\n|move|p1a: Glaceon|Freeze-Dry|p2a: Yanmega\n|-activate|p2a: Yanmega|move: Protect\n|\n|-ability|p2a: Yanmega|Speed Boost|boost\n|-boost|p2a: Yanmega|spe|1\n|upkeep\n|turn|6\n|inactive|Time left: 300 sec this turn | 300 sec total\n|\n|t:|1783564426\n|move|p2a: Yanmega|Air Slash|p1a: Glaceon\n|-damage|p1a: Glaceon|44/100\n|move|p1a: Glaceon|Freeze-Dry|p2a: Yanmega\n|-supereffective|p2a: Yanmega\n|-damage|p2a: Yanmega|0 fnt\n|faint|p2a: Yanmega\n|\n|upkeep\n|inactive|Time left: 300 sec this turn | 300 sec total | 5 sec grace\n|\n|t:|1783564427\n|switch|p2a: Enamorus|Enamorus, L79, F|247/247\n|turn|7\n|inactive|Time left: 300 sec this turn | 300 sec total\n|\n|t:|1783564428\n|move|p2a: Enamorus|Superpower|p1a: Glaceon\n|-supereffective|p1a: Glaceon\n|-damage|p1a: Glaceon|0 fnt\n|-boost|p2a: Enamorus|atk|1\n|-boost|p2a: Enamorus|def|1\n|faint|p1a: Glaceon\n|\n|upkeep\n|\n|t:|1783564429\n|switch|p1a: Scream Tail|Scream Tail, L84|100/100\n|turn|8\n|inactive|Time left: 300 sec this turn | 300 sec total\n|\n|t:|1783564430\n|move|p1a: Scream Tail|Thunder Wave|p2a: Enamorus|[miss]\n|-miss|p1a: Scream Tail|p2a: Enamorus\n|move|p2a: Enamorus|Superpower|p1a: Scream Tail\n|-resisted|p1a: Scream Tail\n|-damage|p1a: Scream Tail|92/100\n|-boost|p2a: Enamorus|atk|1\n|-boost|p2a: Enamorus|def|1\n|\n|-heal|p1a: Scream Tail|98/100|[from] item: Leftovers\n|upkeep\n|turn|9\n|inactive|Time left: 300 sec this turn | 300 sec total\n|\n|t:|1783564431\n|move|p1a: Scream Tail|Thunder Wave|p2a: Enamorus\n|-status|p2a: Enamorus|par\n|move|p2a: Enamorus|Play Rough|p1a: Scream Tail\n|-damage|p1a: Scream Tail|42/100\n|\n|-heal|p1a: Scream Tail|48/100|[from] item: Leftovers\n|upkeep\n|turn|10\n|inactive|Time left: 300 sec this turn | 300 sec total\n|\n|t:|1783564432\n|move|p1a: Scream Tail|Wish|p1a: Scream Tail\n|move|p2a: Enamorus|Play Rough|p1a: Scream Tail\n|-damage|p1a: Scream Tail|0 fnt\n|faint|p1a: Scream Tail\n|-end|p1a: Scream Tail|Protosynthesis|[silent]\n|\n|upkeep\n|\n|t:|1783564433\n|switch|p1a: Mudsdale|Mudsdale, L83, F, tera:Steel|23/100\n|turn|11\n|inactive|Time left: 300 sec this turn | 300 sec total\n|\n|t:|1783564434\n|move|p2a: Enamorus|Superpower|p1a: Mudsdale\n|-supereffective|p1a: Mudsdale\n|-damage|p1a: Mudsdale|0 fnt\n|-boost|p2a: Enamorus|atk|1\n|-boost|p2a: Enamorus|def|1\n|faint|p1a: Mudsdale\n|\n|upkeep\n|\n|t:|1783564435\n|switch|p1a: Empoleon|Empoleon, L84, M|100/100\n|turn|12\n|inactive|Time left: 300 sec this turn | 300 sec total\n|\n|t:|1783564436\n|move|p1a: Empoleon|Flip Turn|p2a: Enamorus\n|-damage|p2a: Enamorus|217/247 par\n|\n|t:|1783564437\n|switch|p1a: Garchomp|Garchomp, L74, M|100/100|[from] Flip Turn\n|cant|p2a: Enamorus|par\n|\n|-heal|p2a: Enamorus|232/247 par|[from] item: Leftovers\n|upkeep\n|turn|13\n|inactive|Time left: 300 sec this turn | 300 sec total\n|\n|t:|1783564438\n|switch|p1a: Empoleon|Empoleon, L84, M|100/100\n|move|p2a: Enamorus|Play Rough|p1a: Empoleon\n|-resisted|p1a: Empoleon\n|-damage|p1a: Empoleon|56/100\n|\n|-heal|p1a: Empoleon|62/100|[from] item: Leftovers\n|-heal|p2a: Enamorus|247/247 par|[from] item: Leftovers\n|upkeep\n|turn|14\n|inactive|Time left: 300 sec this turn | 300 sec total\n|\n|t:|1783564439\n|move|p1a: Empoleon|Flip Turn|p2a: Enamorus\n|-damage|p2a: Enamorus|216/247 par\n|\n|t:|1783564440\n|switch|p1a: Garchomp|Garchomp, L74, M|100/100|[from] Flip Turn\n|move|p2a: Enamorus|Superpower|p1a: Garchomp\n|-damage|p1a: Garchomp|19/100\n|-boost|p2a: Enamorus|atk|1\n|-boost|p2a: Enamorus|def|1\n|-damage|p2a: Enamorus|186/247 par|[from] ability: Rough Skin|[of] p1a: Garchomp\n|-damage|p2a: Enamorus|145/247 par|[from] item: Rocky Helmet|[of] p1a: Garchomp\n|\n|-heal|p2a: Enamorus|160/247 par|[from] item: Leftovers\n|upkeep\n|turn|15\n|inactive|Time left: 300 sec this turn | 300 sec total\n|\n|t:|1783564441\n|move|p1a: Garchomp|Spikes|p2a: Enamorus\n|-sidestart|p2: p0y2108129c|Spikes\n|move|p2a: Enamorus|Substitute|p2a: Enamorus\n|-start|p2a: Enamorus|Substitute\n|-damage|p2a: Enamorus|99/247 par\n|\n|-heal|p2a: Enamorus|114/247 par|[from] item: Leftovers\n|upkeep\n|turn|16\n|inactive|Time left: 300 sec this turn | 300 sec total\n|\n|t:|1783564442\n|move|p1a: Garchomp|Spikes|p2a: Enamorus\n|-sidestart|p2: p0y2108129c|Spikes\n|move|p2a: Enamorus|Superpower|p1a: Garchomp\n|-damage|p1a: Garchomp|0 fnt\n|-boost|p2a: Enamorus|atk|1\n|-boost|p2a: Enamorus|def|1\n|-damage|p2a: Enamorus|84/247 par|[from] ability: Rough Skin|[of] p1a: Garchomp\n|-damage|p2a: Enamorus|43/247 par|[from] item: Rocky Helmet|[of] p1a: Garchomp\n|faint|p1a: Garchomp\n|\n|-heal|p2a: Enamorus|58/247 par|[from] item: Leftovers\n|upkeep\n|\n|t:|1783564443\n|switch|p1a: Empoleon|Empoleon, L84, M|62/100\n|turn|17\n|inactive|Time left: 300 sec this turn | 300 sec total\n|\n|t:|1783564444\n|move|p1a: Empoleon|Surf|p2a: Enamorus\n|-end|p2a: Enamorus|Substitute\n|cant|p2a: Enamorus|par\n|\n|-heal|p1a: Empoleon|68/100|[from] item: Leftovers\n|-heal|p2a: Enamorus|73/247 par|[from] item: Leftovers\n|upkeep\n|turn|18\n|inactive|Time left: 300 sec this turn | 300 sec total\n|\n|t:|1783564444\n|move|p1a: Empoleon|Ice Beam|p2a: Enamorus\n|-supereffective|p2a: Enamorus\n|-damage|p2a: Enamorus|0 fnt\n|faint|p2a: Enamorus\n|\n|-heal|p1a: Empoleon|74/100|[from] item: Leftovers\n|upkeep\n|inactive|Time left: 300 sec this turn | 300 sec total | 5 sec grace\n|\n|t:|1783564445\n|switch|p2a: Bellibolt|Bellibolt, L84, M|320/320\n|-damage|p2a: Bellibolt|267/320|[from] Spikes\n|turn|19\n|inactive|Time left: 300 sec this turn | 300 sec total\n|\n|t:|1783564446\n|move|p1a: Empoleon|Ice Beam|p2a: Bellibolt\n|-damage|p2a: Bellibolt|193/320\n|-start|p2a: Bellibolt|Charge|Ice Beam|[from] ability: Electromorphosis\n|move|p2a: Bellibolt|Thunderbolt|p1a: Empoleon\n|-supereffective|p1a: Empoleon\n|-damage|p1a: Empoleon|0 fnt\n|faint|p1a: Empoleon\n|-end|p2a: Bellibolt|Charge|[silent]\n|\n|win|p0y2108129c", "uploadtime": 1783564446, "views": 0, "rating": 0, "private": 0, "password": null, "_winner": "p0y2108129c", "_our_name": "p0y2108129c"}