{"id": "battle-gen9randombattle-41", "formatid": "gen9randombattle", "format": "[Gen 9] Random Battle", "players": ["p0x041e76f", "p0y0418404"], "log": "|init|battle\n|title|p0x041e76f vs. p0y0418404\n|j|\u2606p0x041e76f\n|j|\u2606p0y0418404\n|t:|1783539904\n|gametype|singles\n|player|p1|p0x041e76f|170|\n|player|p2|p0y0418404|102|\n|gen|9\n|tier|[Gen 9] Random Battle\n|rule|Species Clause: Limit one of each Pok\u00e9mon\n|rule|HP Percentage Mod: HP is shown in percentages\n|rule|Sleep Clause Mod: Limit one foe put to sleep\n|rule|Illusion Level Mod: Illusion disguises the Pok\u00e9mon's true level\n|\n|t:|1783539904\n|teamsize|p1|6\n|teamsize|p2|6\n|start\n|switch|p1a: Regidrago|Regidrago, L77|100/100\n|switch|p2a: Latios|Latios, L78, M|253/253\n|turn|1\n|inactive|Battle timer is ON: inactive players will automatically lose when time's up. (requested by p0y0418404)\n|inactive|p0x041e76f also wants the timer to be on.\n|\n|t:|1783539906\n|switch|p1a: Fezandipiti|Fezandipiti, L82, M|100/100\n|move|p2a: Latios|Draco Meteor|p1a: Fezandipiti\n|-immune|p1a: Fezandipiti\n|\n|upkeep\n|turn|2\n|inactive|Time left: 300 sec this turn | 300 sec total\n|\n|t:|1783539908\n|move|p2a: Latios|Psyshock|p1a: Fezandipiti\n|-supereffective|p1a: Fezandipiti\n|-damage|p1a: Fezandipiti|18/100\n|move|p1a: Fezandipiti|Play Rough|p2a: Latios\n|-supereffective|p2a: Latios\n|-damage|p2a: Latios|41/253\n|\n|-heal|p1a: Fezandipiti|25/100|[from] item: Leftovers\n|upkeep\n|turn|3\n|inactive|Time left: 300 sec this turn | 300 sec total\n|\n|t:|1783539909\n|move|p2a: Latios|Psyshock|p1a: Fezandipiti\n|-supereffective|p1a: Fezandipiti\n|-damage|p1a: Fezandipiti|0 fnt\n|faint|p1a: Fezandipiti\n|\n|upkeep\n|\n|t:|1783539910\n|switch|p1a: Basculin|Basculin-Blue-Striped, L86, M|100/100\n|turn|4\n|inactive|Time left: 300 sec this turn | 300 sec total\n|\n|t:|1783539911\n|switch|p2a: Golduck|Golduck, L90, F|290/290\n|-ability|p2a: Golduck|Cloud Nine\n|move|p1a: Basculin|Wave Crash|p2a: Golduck\n|-resisted|p2a: Golduck\n|-damage|p2a: Golduck|155/290\n|-damage|p1a: Basculin|83/100|[from] Recoil\n|\n|-heal|p2a: Golduck|173/290|[from] item: Leftovers\n|upkeep\n|turn|5\n|inactive|Time left: 300 sec this turn | 300 sec total\n|\n|t:|1783539913\n|move|p1a: Basculin|Wave Crash|p2a: Golduck\n|-resisted|p2a: Golduck\n|-damage|p2a: Golduck|37/290\n|-damage|p1a: Basculin|66/100|[from] Recoil\n|move|p2a: Golduck|Ice Beam|p1a: Basculin\n|-resisted|p1a: Basculin\n|-damage|p1a: Basculin|47/100\n|\n|-heal|p2a: Golduck|55/290|[from] item: Leftovers\n|upkeep\n|turn|6\n|inactive|Time left: 300 sec this turn | 300 sec total\n|\n|t:|1783539914\n|switch|p2a: Wigglytuff|Wigglytuff, L96, M|424/424\n|move|p1a: Basculin|Wave Crash|p2a: Wigglytuff\n|-damage|p2a: Wigglytuff|92/424\n|-damage|p1a: Basculin|5/100|[from] Recoil\n|\n|-heal|p2a: Wigglytuff|118/424|[from] item: Leftovers\n|upkeep\n|turn|7\n|inactive|Time left: 300 sec this turn | 300 sec total\n|\n|t:|1783539915\n|move|p1a: Basculin|Wave Crash|p2a: Wigglytuff\n|-damage|p2a: Wigglytuff|0 fnt\n|faint|p2a: Wigglytuff\n|-damage|p1a: Basculin|0 fnt|[from] Recoil\n|faint|p1a: Basculin\n|\n|upkeep\n|inactive|Time left: 300 sec this turn | 300 sec total | 5 sec grace\n|\n|t:|1783539916\n|switch|p1a: Vikavolt|Vikavolt, L83, M|100/100\n|switch|p2a: Diancie|Diancie, L82|216/216\n|turn|8\n|inactive|Time left: 300 sec this turn | 300 sec total\n|\n|t:|1783539917\n|move|p2a: Diancie|Diamond Storm|p1a: Vikavolt\n|-supereffective|p1a: Vikavolt\n|-damage|p1a: Vikavolt|16/100\n|-boost|p2a: Diancie|def|2\n|move|p1a: Vikavolt|Sticky Web|p2a: Diancie\n|-sidestart|p2: p0y0418404|move: Sticky Web\n|\n|upkeep\n|turn|9\n|inactive|Time left: 300 sec this turn | 300 sec total\n|\n|t:|1783539918\n|switch|p1a: Ludicolo|Ludicolo, L90, M|100/100\n|move|p2a: Diancie|Diamond Storm|p1a: Ludicolo\n|-damage|p1a: Ludicolo|61/100\n|-boost|p2a: Diancie|def|2\n|\n|upkeep\n|turn|10\n|inactive|Time left: 300 sec this turn | 300 sec total\n|\n|t:|1783539919\n|-terastallize|p2a: Diancie|Fairy\n|move|p1a: Ludicolo|Hydro Pump|p2a: Diancie|[miss]\n|-miss|p1a: Ludicolo|p2a: Diancie\n|move|p2a: Diancie|Calm Mind|p2a: Diancie\n|-boost|p2a: Diancie|spa|1\n|-boost|p2a: Diancie|spd|1\n|\n|upkeep\n|turn|11\n|inactive|Time left: 300 sec this turn | 300 sec total\n|\n|t:|1783539920\n|move|p1a: Ludicolo|Rain Dance|p1a: Ludicolo\n|-weather|RainDance\n|move|p2a: Diancie|Draining Kiss|p1a: Ludicolo\n|-damage|p1a: Ludicolo|24/100\n|\n|-weather|RainDance|[upkeep]\n|upkeep\n|turn|12\n|inactive|Time left: 300 sec this turn | 300 sec total\n|\n|t:|1783539921\n|move|p1a: Ludicolo|Hydro Pump|p2a: Diancie|[miss]\n|-miss|p1a: Ludicolo|p2a: Diancie\n|move|p2a: Diancie|Draining Kiss|p1a: Ludicolo\n|-damage|p1a: Ludicolo|0 fnt\n|faint|p1a: Ludicolo\n|\n|-weather|RainDance|[upkeep]\n|upkeep\n|\n|t:|1783539922\n|switch|p1a: Vikavolt|Vikavolt, L83, M|16/100\n|turn|13\n|inactive|Time left: 300 sec this turn | 300 sec total\n|\n|t:|1783539923\n|move|p2a: Diancie|Draining Kiss|p1a: Vikavolt\n|-damage|p1a: Vikavolt|0 fnt\n|faint|p1a: Vikavolt\n|\n|-weather|RainDance|[upkeep]\n|upkeep\n|\n|t:|1783539925\n|switch|p1a: Regidrago|Regidrago, L77|100/100\n|turn|14\n|inactive|Time left: 300 sec this turn | 300 sec total\n|\n|t:|1783539926\n|move|p1a: Regidrago|Dragon Dance|p1a: Regidrago\n|-boost|p1a: Regidrago|atk|1\n|-boost|p1a: Regidrago|spe|1\n|move|p2a: Diancie|Draining Kiss|p1a: Regidrago\n|-supereffective|p1a: Regidrago\n|-damage|p1a: Regidrago|10/100\n|\n|-weather|RainDance|[upkeep]\n|upkeep\n|turn|15\n|inactive|Time left: 300 sec this turn | 300 sec total\n|\n|t:|1783539927\n|move|p1a: Regidrago|Dragon Dance|p1a: Regidrago\n|-boost|p1a: Regidrago|atk|1\n|-boost|p1a: Regidrago|spe|1\n|move|p2a: Diancie|Draining Kiss|p1a: Regidrago\n|-supereffective|p1a: Regidrago\n|-damage|p1a: Regidrago|0 fnt\n|faint|p1a: Regidrago\n|\n|-weather|none\n|upkeep\n|\n|t:|1783539928\n|switch|p1a: Koraidon|Koraidon, L64|100/100\n|-weather|SunnyDay|[from] ability: Orichalcum Pulse|[of] p1a: Koraidon\n|-activate|p1a: Koraidon|Orichalcum Pulse|[source]\n|turn|16\n|inactive|Time left: 300 sec this turn | 300 sec total\n|\n|t:|1783539929\n|-terastallize|p1a: Koraidon|Fire\n|move|p1a: Koraidon|Flare Blitz|p2a: Diancie\n|-damage|p2a: Diancie|153/216\n|-damage|p1a: Koraidon|92/100|[from] Recoil\n|move|p2a: Diancie|Draining Kiss|p1a: Koraidon\n|-resisted|p1a: Koraidon\n|-damage|p1a: Koraidon|59/100\n|-heal|p2a: Diancie|211/216|[from] drain|[of] p1a: Koraidon\n|\n|-weather|SunnyDay|[upkeep]\n|-heal|p2a: Diancie|216/216|[from] item: Leftovers\n|upkeep\n|turn|17\n|inactive|Time left: 300 sec this turn | 300 sec total\n|\n|t:|1783539930\n|move|p1a: Koraidon|Flare Blitz|p2a: Diancie\n|-damage|p2a: Diancie|146/216\n|-damage|p1a: Koraidon|49/100|[from] Recoil\n|move|p2a: Diancie|Earth Power|p1a: Koraidon\n|-supereffective|p1a: Koraidon\n|-damage|p1a: Koraidon|0 fnt\n|faint|p1a: Koraidon\n|\n|win|p0y0418404", "uploadtime": 1783539930, "views": 0, "rating": 0, "private": 0, "password": null, "_winner": "p0y0418404", "_our_name": "p0y0418404"}