{"id": "battle-gen9randombattle-168", "formatid": "gen9randombattle", "format": "[Gen 9] Random Battle", "players": ["p0x1687087", "p0y168bfd2"], "log": "|init|battle\n|title|p0x1687087 vs. p0y168bfd2\n|j|\u2606p0x1687087\n|j|\u2606p0y168bfd2\n|t:|1783541081\n|gametype|singles\n|player|p1|p0x1687087|1|\n|player|p2|p0y168bfd2|102|\n|gen|9\n|tier|[Gen 9] Random Battle\n|rule|Species Clause: Limit one of each Pok\u00e9mon\n|rule|HP Percentage Mod: HP is shown in percentages\n|rule|Sleep Clause Mod: Limit one foe put to sleep\n|rule|Illusion Level Mod: Illusion disguises the Pok\u00e9mon's true level\n|\n|t:|1783541081\n|teamsize|p1|6\n|teamsize|p2|6\n|start\n|switch|p1a: Darkrai|Darkrai, L77|234/234\n|switch|p2a: Scream Tail|Scream Tail, L84|100/100\n|turn|1\n|inactive|Battle timer is ON: inactive players will automatically lose when time's up. (requested by p0y168bfd2)\n|inactive|Time left: 300 sec this turn | 300 sec total | 60 sec grace\n|\n|t:|1783541082\n|move|p1a: Darkrai|Nasty Plot|p1a: Darkrai\n|-boost|p1a: Darkrai|spa|2\n|move|p2a: Scream Tail|Dazzling Gleam|p1a: Darkrai\n|-supereffective|p1a: Darkrai\n|-damage|p1a: Darkrai|100/234\n|\n|upkeep\n|turn|2\n|inactive|Time left: 300 sec this turn | 300 sec total\n|inactive|p0x1687087 also wants the timer to be on.\n|\n|t:|1783541084\n|-terastallize|p1a: Darkrai|Poison\n|move|p1a: Darkrai|Sludge Bomb|p2a: Scream Tail\n|-supereffective|p2a: Scream Tail\n|-crit|p2a: Scream Tail\n|-damage|p2a: Scream Tail|0 fnt\n|faint|p2a: Scream Tail\n|-end|p2a: Scream Tail|Protosynthesis|[silent]\n|-damage|p1a: Darkrai|77/234|[from] item: Life Orb\n|\n|upkeep\n|\n|t:|1783541084\n|switch|p2a: Hariyama|Hariyama, L87, F|100/100\n|turn|3\n|inactive|Time left: 300 sec this turn | 300 sec total\n|\n|t:|1783541086\n|move|p1a: Darkrai|Sludge Bomb|p2a: Hariyama\n|-damage|p2a: Hariyama|44/100\n|-damage|p1a: Darkrai|54/234|[from] item: Life Orb\n|move|p2a: Hariyama|Knock Off|p1a: Darkrai\n|-damage|p1a: Darkrai|0 fnt\n|-enditem|p1a: Darkrai|Life Orb|[from] move: Knock Off|[of] p2a: Hariyama\n|faint|p1a: Darkrai\n|\n|upkeep\n|inactive|Time left: 300 sec this turn | 300 sec total | 5 sec grace\n|\n|t:|1783541087\n|switch|p1a: Zamazenta|Zamazenta, L71|248/248\n|-ability|p1a: Zamazenta|Dauntless Shield|boost\n|-boost|p1a: Zamazenta|def|1\n|turn|4\n|inactive|Time left: 300 sec this turn | 300 sec total\n|\n|t:|1783541088\n|switch|p2a: Wyrdeer|Wyrdeer, L87, M|100/100\n|-ability|p2a: Wyrdeer|Intimidate|boost\n|-unboost|p1a: Zamazenta|atk|1\n|move|p1a: Zamazenta|Close Combat|p2a: Wyrdeer\n|-damage|p2a: Wyrdeer|60/100\n|-unboost|p1a: Zamazenta|def|1\n|-unboost|p1a: Zamazenta|spd|1\n|\n|upkeep\n|turn|5\n|inactive|Time left: 300 sec this turn | 300 sec total\n|\n|t:|1783541089\n|switch|p1a: Manaphy|Manaphy, L78|284/284\n|move|p2a: Wyrdeer|Psychic Noise|p1a: Manaphy\n|-damage|p1a: Manaphy|193/284\n|-start|p1a: Manaphy|move: Heal Block\n|\n|upkeep\n|turn|6\n|inactive|Time left: 300 sec this turn | 300 sec total\n|\n|t:|1783541090\n|move|p1a: Manaphy|Tail Glow|p1a: Manaphy\n|-boost|p1a: Manaphy|spa|3\n|move|p2a: Wyrdeer|Body Slam|p1a: Manaphy\n|-damage|p1a: Manaphy|102/284\n|\n|-end|p1a: Manaphy|move: Heal Block\n|upkeep\n|turn|7\n|inactive|Time left: 300 sec this turn | 300 sec total\n|\n|t:|1783541091\n|move|p1a: Manaphy|Hydro Pump|p2a: Wyrdeer\n|-damage|p2a: Wyrdeer|0 fnt\n|faint|p2a: Wyrdeer\n|\n|-heal|p1a: Manaphy|119/284|[from] item: Leftovers\n|upkeep\n|\n|t:|1783541092\n|switch|p2a: Wo-Chien|Wo-Chien, L83|100/100\n|-ability|p2a: Wo-Chien|Tablets of Ruin\n|turn|8\n|inactive|Time left: 300 sec this turn | 300 sec total\n|\n|t:|1783541093\n|move|p1a: Manaphy|Ice Beam|p2a: Wo-Chien\n|-supereffective|p2a: Wo-Chien\n|-damage|p2a: Wo-Chien|22/100\n|move|p2a: Wo-Chien|Giga Drain|p1a: Manaphy\n|-supereffective|p1a: Manaphy\n|-damage|p1a: Manaphy|0 fnt\n|-heal|p2a: Wo-Chien|43/100|[from] drain|[of] p1a: Manaphy\n|faint|p1a: Manaphy\n|\n|-heal|p2a: Wo-Chien|50/100|[from] item: Leftovers\n|upkeep\n|inactive|Time left: 300 sec this turn | 300 sec total | 5 sec grace\n|\n|t:|1783541094\n|switch|p1a: Torkoal|Torkoal, L88, F|266/266\n|-weather|SunnyDay|[from] ability: Drought|[of] p1a: Torkoal\n|turn|9\n|inactive|Time left: 300 sec this turn | 300 sec total\n|\n|t:|1783541095\n|move|p2a: Wo-Chien|Protect|p2a: Wo-Chien\n|-singleturn|p2a: Wo-Chien|Protect\n|move|p1a: Torkoal|Fire Blast|p2a: Wo-Chien\n|-activate|p2a: Wo-Chien|move: Protect\n|\n|-weather|SunnyDay|[upkeep]\n|-heal|p2a: Wo-Chien|56/100|[from] item: Leftovers\n|upkeep\n|turn|10\n|inactive|Time left: 300 sec this turn | 300 sec total\n|\n|t:|1783541096\n|move|p2a: Wo-Chien|Knock Off|p1a: Torkoal\n|-damage|p1a: Torkoal|203/266\n|-enditem|p1a: Torkoal|Heavy-Duty Boots|[from] move: Knock Off|[of] p2a: Wo-Chien\n|move|p1a: Torkoal|Fire Blast|p2a: Wo-Chien\n|-supereffective|p2a: Wo-Chien\n|-damage|p2a: Wo-Chien|0 fnt\n|faint|p2a: Wo-Chien\n|\n|-weather|SunnyDay|[upkeep]\n|upkeep\n|\n|t:|1783541097\n|switch|p2a: Mudsdale|Mudsdale, L83, F|100/100\n|turn|11\n|inactive|Time left: 300 sec this turn | 300 sec total\n|\n|t:|1783541098\n|move|p2a: Mudsdale|Earthquake|p1a: Torkoal\n|-supereffective|p1a: Torkoal\n|-damage|p1a: Torkoal|35/266\n|move|p1a: Torkoal|Fire Blast|p2a: Mudsdale\n|-damage|p2a: Mudsdale|43/100\n|-ability|p2a: Mudsdale|Stamina|boost\n|-boost|p2a: Mudsdale|def|1\n|\n|-weather|SunnyDay|[upkeep]\n|-heal|p2a: Mudsdale|49/100|[from] item: Leftovers\n|upkeep\n|turn|12\n|inactive|Time left: 300 sec this turn | 300 sec total\n|\n|t:|1783541099\n|move|p2a: Mudsdale|Earthquake|p1a: Torkoal\n|-supereffective|p1a: Torkoal\n|-damage|p1a: Torkoal|0 fnt\n|faint|p1a: Torkoal\n|\n|-weather|SunnyDay|[upkeep]\n|-heal|p2a: Mudsdale|54/100|[from] item: Leftovers\n|upkeep\n|inactive|Time left: 300 sec this turn | 300 sec total | 5 sec grace\n|\n|t:|1783541100\n|switch|p1a: Annihilape|Annihilape, L76, F|292/292\n|turn|13\n|inactive|Time left: 300 sec this turn | 300 sec total\n|\n|t:|1783541101\n|move|p1a: Annihilape|Bulk Up|p1a: Annihilape\n|-boost|p1a: Annihilape|atk|1\n|-boost|p1a: Annihilape|def|1\n|move|p2a: Mudsdale|Earthquake|p1a: Annihilape\n|-damage|p1a: Annihilape|196/292\n|\n|-weather|none\n|-heal|p1a: Annihilape|214/292|[from] item: Leftovers\n|-heal|p2a: Mudsdale|60/100|[from] item: Leftovers\n|upkeep\n|turn|14\n|inactive|Time left: 300 sec this turn | 300 sec total\n|\n|t:|1783541102\n|move|p1a: Annihilape|Bulk Up|p1a: Annihilape\n|-boost|p1a: Annihilape|atk|1\n|-boost|p1a: Annihilape|def|1\n|move|p2a: Mudsdale|Roar|p1a: Annihilape\n|drag|p1a: Dugtrio|Dugtrio, L84, M|196/196\n|\n|-heal|p2a: Mudsdale|66/100|[from] item: Leftovers\n|upkeep\n|turn|15\n|inactive|Time left: 300 sec this turn | 300 sec total\n|\n|t:|1783541102\n|switch|p1a: Zamazenta|Zamazenta, L71|248/248\n|move|p2a: Mudsdale|Earthquake|p1a: Zamazenta\n|-damage|p1a: Zamazenta|133/248\n|\n|-heal|p2a: Mudsdale|72/100|[from] item: Leftovers\n|upkeep\n|turn|16\n|inactive|Time left: 300 sec this turn | 300 sec total\n|\n|t:|1783541103\n|move|p1a: Zamazenta|Close Combat|p2a: Mudsdale\n|-damage|p2a: Mudsdale|37/100\n|-unboost|p1a: Zamazenta|def|1\n|-unboost|p1a: Zamazenta|spd|1\n|-ability|p2a: Mudsdale|Stamina|boost\n|-boost|p2a: Mudsdale|def|1\n|move|p2a: Mudsdale|Earthquake|p1a: Zamazenta\n|-damage|p1a: Zamazenta|0 fnt\n|faint|p1a: Zamazenta\n|\n|-heal|p2a: Mudsdale|43/100|[from] item: Leftovers\n|upkeep\n|inactive|Time left: 300 sec this turn | 300 sec total | 5 sec grace\n|\n|t:|1783541104\n|switch|p1a: Annihilape|Annihilape, L76, F|214/292\n|turn|17\n|inactive|Time left: 300 sec this turn | 300 sec total\n|\n|t:|1783541105\n|move|p1a: Annihilape|Bulk Up|p1a: Annihilape\n|-boost|p1a: Annihilape|atk|1\n|-boost|p1a: Annihilape|def|1\n|move|p2a: Mudsdale|Earthquake|p1a: Annihilape\n|-damage|p1a: Annihilape|109/292\n|\n|-heal|p1a: Annihilape|127/292|[from] item: Leftovers\n|-heal|p2a: Mudsdale|49/100|[from] item: Leftovers\n|upkeep\n|turn|18\n|inactive|Time left: 300 sec this turn | 300 sec total\n|\n|t:|1783541106\n|move|p1a: Annihilape|Drain Punch|p2a: Mudsdale\n|-damage|p2a: Mudsdale|31/100\n|-heal|p1a: Annihilape|154/292|[from] drain|[of] p2a: Mudsdale\n|-ability|p2a: Mudsdale|Stamina|boost\n|-boost|p2a: Mudsdale|def|1\n|move|p2a: Mudsdale|Roar|p1a: Annihilape\n|drag|p1a: Dugtrio|Dugtrio, L84, M|196/196\n|\n|-heal|p2a: Mudsdale|37/100|[from] item: Leftovers\n|upkeep\n|turn|19\n|inactive|Time left: 300 sec this turn | 300 sec total\n|\n|t:|1783541107\n|move|p1a: Dugtrio|Swords Dance|p1a: Dugtrio\n|-boost|p1a: Dugtrio|atk|2\n|move|p2a: Mudsdale|Earthquake|p1a: Dugtrio\n|-damage|p1a: Dugtrio|6/196\n|\n|-heal|p2a: Mudsdale|43/100|[from] item: Leftovers\n|upkeep\n|turn|20\n|inactive|Time left: 300 sec this turn | 300 sec total\n|\n|t:|1783541107\n|move|p1a: Dugtrio|Earthquake|p2a: Mudsdale\n|-damage|p2a: Mudsdale|7/100\n|-ability|p2a: Mudsdale|Stamina|boost\n|-boost|p2a: Mudsdale|def|1\n|-damage|p1a: Dugtrio|0 fnt|[from] item: Life Orb\n|faint|p1a: Dugtrio\n|move|p2a: Mudsdale|Earthquake|p1: Dugtrio|[notarget]\n|-fail|p2a: Mudsdale\n|\n|-heal|p2a: Mudsdale|13/100|[from] item: Leftovers\n|upkeep\n|inactive|Time left: 300 sec this turn | 300 sec total | 5 sec grace\n|\n|t:|1783541108\n|switch|p1a: Annihilape|Annihilape, L76, F|154/292\n|turn|21\n|inactive|Time left: 300 sec this turn | 300 sec total\n|\n|t:|1783541110\n|move|p1a: Annihilape|Drain Punch|p2a: Mudsdale\n|-damage|p2a: Mudsdale|6/100\n|-heal|p1a: Annihilape|165/292|[from] drain|[of] p2a: Mudsdale\n|-ability|p2a: Mudsdale|Stamina|boost\n|-boost|p2a: Mudsdale|def|1\n|move|p2a: Mudsdale|Earthquake|p1a: Annihilape\n|-damage|p1a: Annihilape|18/292\n|\n|-heal|p1a: Annihilape|36/292|[from] item: Leftovers\n|-heal|p2a: Mudsdale|12/100|[from] item: Leftovers\n|upkeep\n|turn|22\n|inactive|Time left: 300 sec this turn | 300 sec total\n|\n|t:|1783541111\n|move|p1a: Annihilape|Drain Punch|p2a: Mudsdale\n|-damage|p2a: Mudsdale|4/100\n|-heal|p1a: Annihilape|47/292|[from] drain|[of] p2a: Mudsdale\n|-ability|p2a: Mudsdale|Stamina|boost\n|-boost|p2a: Mudsdale|def|1\n|move|p2a: Mudsdale|Heavy Slam|p1a: Annihilape\n|-damage|p1a: Annihilape|0 fnt\n|faint|p1a: Annihilape\n|\n|win|p0y168bfd2", "uploadtime": 1783541111, "views": 0, "rating": 0, "private": 0, "password": null, "_winner": "p0y168bfd2", "_our_name": "p0x1687087"}