{"id": "battle-gen9randombattle-1086", "formatid": "gen9randombattle", "format": "[Gen 9] Random Battle", "players": ["p0x1086b46f", "p0y10860d47"], "log": "|init|battle\n|title|p0x1086b46f vs. p0y10860d47\n|j|\u2606p0x1086b46f\n|j|\u2606p0y10860d47\n|t:|1783551778\n|gametype|singles\n|player|p1|p0x1086b46f|266|\n|player|p2|p0y10860d47|266|\n|gen|9\n|tier|[Gen 9] Random Battle\n|rule|Species Clause: Limit one of each Pok\u00e9mon\n|rule|HP Percentage Mod: HP is shown in percentages\n|rule|Sleep Clause Mod: Limit one foe put to sleep\n|rule|Illusion Level Mod: Illusion disguises the Pok\u00e9mon's true level\n|\n|t:|1783551778\n|teamsize|p1|6\n|teamsize|p2|6\n|start\n|switch|p1a: Mudsdale|Mudsdale, L83, M|302/302\n|switch|p2a: Registeel|Registeel, L81|100/100\n|turn|1\n|inactive|Battle timer is ON: inactive players will automatically lose when time's up. (requested by p0y10860d47)\n|inactive|Time left: 300 sec this turn | 300 sec total | 60 sec grace\n|inactive|p0x1086b46f also wants the timer to be on.\n|\n|t:|1783551780\n|move|p2a: Registeel|Iron Defense|p2a: Registeel\n|-boost|p2a: Registeel|def|2\n|move|p1a: Mudsdale|Earthquake|p2a: Registeel\n|-supereffective|p2a: Registeel\n|-crit|p2a: Registeel\n|-damage|p2a: Registeel|10/100\n|\n|-heal|p2a: Registeel|17/100|[from] item: Leftovers\n|upkeep\n|turn|2\n|inactive|Time left: 300 sec this turn | 300 sec total\n|\n|t:|1783551781\n|move|p2a: Registeel|Body Press|p1a: Mudsdale\n|-damage|p1a: Mudsdale|165/302\n|-ability|p1a: Mudsdale|Stamina|boost\n|-boost|p1a: Mudsdale|def|1\n|move|p1a: Mudsdale|Earthquake|p2a: Registeel\n|-supereffective|p2a: Registeel\n|-damage|p2a: Registeel|0 fnt\n|faint|p2a: Registeel\n|\n|-heal|p1a: Mudsdale|183/302|[from] item: Leftovers\n|upkeep\n|\n|t:|1783551782\n|switch|p2a: Slowking|Slowking, L88, M|100/100\n|turn|3\n|inactive|Time left: 300 sec this turn | 300 sec total\n|\n|t:|1783551783\n|switch|p1a: Arboliva|Arboliva, L91, M|288/288\n|move|p2a: Slowking|Scald|p1a: Arboliva\n|-resisted|p1a: Arboliva\n|-damage|p1a: Arboliva|250/288\n|\n|upkeep\n|turn|4\n|inactive|Time left: 300 sec this turn | 300 sec total\n|\n|t:|1783551785\n|move|p1a: Arboliva|Leech Seed|p2a: Slowking\n|-start|p2a: Slowking|move: Leech Seed\n|move|p2a: Slowking|Scald|p1a: Arboliva\n|-resisted|p1a: Arboliva\n|-damage|p1a: Arboliva|215/288\n|\n|-damage|p2a: Slowking|88/100|[from] Leech Seed|[of] p1a: Arboliva\n|-heal|p1a: Arboliva|253/288|[silent]\n|upkeep\n|turn|5\n|inactive|Time left: 300 sec this turn | 300 sec total\n|\n|t:|1783551786\n|move|p1a: Arboliva|Hyper Voice|p2a: Slowking\n|-damage|p2a: Slowking|50/100\n|-prepare|p2a: Slowking|Chilly Reception|[premajor]\n|move|p2a: Slowking|Chilly Reception|p2a: Slowking\n|-weather|Snowscape\n|\n|t:|1783551787\n|switch|p2a: Victreebel|Victreebel, L90, F|100/100|[from] Chilly Reception\n|\n|-weather|Snowscape|[upkeep]\n|upkeep\n|turn|6\n|inactive|Time left: 300 sec this turn | 300 sec total\n|\n|t:|1783551788\n|move|p2a: Victreebel|Sludge Wave|p1a: Arboliva\n|-supereffective|p1a: Arboliva\n|-damage|p1a: Arboliva|9/288\n|-enditem|p1a: Arboliva|Sitrus Berry|[eat]\n|-heal|p1a: Arboliva|81/288|[from] item: Sitrus Berry\n|-damage|p2a: Victreebel|90/100|[from] item: Life Orb\n|move|p1a: Arboliva|Hyper Voice|p2a: Victreebel\n|-crit|p2a: Victreebel\n|-damage|p2a: Victreebel|13/100\n|\n|-weather|Snowscape|[upkeep]\n|upkeep\n|turn|7\n|inactive|Time left: 300 sec this turn | 300 sec total\n|\n|t:|1783551789\n|move|p1a: Arboliva|Protect|p1a: Arboliva\n|-singleturn|p1a: Arboliva|Protect\n|move|p2a: Victreebel|Strength Sap|p1a: Arboliva\n|-activate|p1a: Arboliva|move: Protect\n|\n|-weather|Snowscape|[upkeep]\n|upkeep\n|turn|8\n|inactive|Time left: 300 sec this turn | 300 sec total\n|\n|t:|1783551790\n|move|p2a: Victreebel|Strength Sap|p1a: Arboliva\n|-unboost|p1a: Arboliva|atk|1\n|-heal|p2a: Victreebel|57/100\n|move|p1a: Arboliva|Hyper Voice|p2a: Victreebel\n|-damage|p2a: Victreebel|10/100\n|\n|-weather|Snowscape|[upkeep]\n|upkeep\n|turn|9\n|inactive|Time left: 300 sec this turn | 300 sec total\n|\n|t:|1783551791\n|move|p2a: Victreebel|Strength Sap|p1a: Arboliva\n|-unboost|p1a: Arboliva|atk|1\n|-heal|p2a: Victreebel|39/100\n|move|p1a: Arboliva|Hyper Voice|p2a: Victreebel\n|-damage|p2a: Victreebel|0 fnt\n|faint|p2a: Victreebel\n|\n|-weather|none\n|-item|p1a: Arboliva|Sitrus Berry|[from] ability: Harvest\n|upkeep\n|-enditem|p1a: Arboliva|Sitrus Berry|[eat]\n|-heal|p1a: Arboliva|153/288|[from] item: Sitrus Berry\n|\n|t:|1783551792\n|switch|p2a: Gurdurr|Gurdurr, L85, F|100/100\n|turn|10\n|inactive|Time left: 300 sec this turn | 300 sec total\n|\n|t:|1783551793\n|move|p1a: Arboliva|Leech Seed|p2a: Gurdurr\n|-start|p2a: Gurdurr|move: Leech Seed\n|move|p2a: Gurdurr|Bulk Up|p2a: Gurdurr\n|-boost|p2a: Gurdurr|atk|1\n|-boost|p2a: Gurdurr|def|1\n|\n|-damage|p2a: Gurdurr|88/100|[from] Leech Seed|[of] p1a: Arboliva\n|-heal|p1a: Arboliva|188/288|[silent]\n|upkeep\n|turn|11\n|inactive|Time left: 300 sec this turn | 300 sec total\n|\n|t:|1783551793\n|switch|p1a: Dragonite|Dragonite, L74, M|257/257\n|move|p2a: Gurdurr|Drain Punch|p1a: Dragonite\n|-resisted|p1a: Dragonite\n|-damage|p1a: Dragonite|220/257\n|-heal|p2a: Gurdurr|95/100|[from] drain|[of] p1a: Dragonite\n|\n|-damage|p2a: Gurdurr|82/100|[from] Leech Seed|[of] p1a: Dragonite\n|-heal|p1a: Dragonite|255/257|[silent]\n|upkeep\n|turn|12\n|inactive|Time left: 300 sec this turn | 300 sec total\n|\n|t:|1783551794\n|move|p1a: Dragonite|Dragon Dance|p1a: Dragonite\n|-boost|p1a: Dragonite|atk|1\n|-boost|p1a: Dragonite|spe|1\n|move|p2a: Gurdurr|Knock Off|p1a: Dragonite\n|-damage|p1a: Dragonite|142/257\n|-enditem|p1a: Dragonite|Heavy-Duty Boots|[from] move: Knock Off|[of] p2a: Gurdurr\n|\n|-damage|p2a: Gurdurr|70/100|[from] Leech Seed|[of] p1a: Dragonite\n|-heal|p1a: Dragonite|177/257|[silent]\n|upkeep\n|turn|13\n|inactive|Time left: 300 sec this turn | 300 sec total\n|\n|t:|1783551796\n|switch|p2a: Slowking|Slowking, L88, M|84/100\n|move|p1a: Dragonite|Outrage|p2a: Slowking\n|-damage|p2a: Slowking|21/100\n|\n|upkeep\n|turn|14\n|inactive|Time left: 300 sec this turn | 300 sec total\n|\n|t:|1783551797\n|-terastallize|p2a: Slowking|Fairy\n|move|p1a: Dragonite|Outrage|p2a: Slowking|[from] lockedmove\n|-immune|p2a: Slowking\n|-start|p1a: Dragonite|confusion|[fatigue]\n|move|p2a: Slowking|Slack Off|p2a: Slowking\n|-heal|p2a: Slowking|71/100\n|\n|upkeep\n|turn|15\n|inactive|Time left: 300 sec this turn | 300 sec total\n|\n|t:|1783551798\n|-activate|p1a: Dragonite|confusion\n|move|p1a: Dragonite|Dragon Dance|p1a: Dragonite\n|-boost|p1a: Dragonite|atk|1\n|-boost|p1a: Dragonite|spe|1\n|move|p2a: Slowking|Psychic Noise|p1a: Dragonite\n|-damage|p1a: Dragonite|84/257\n|-start|p1a: Dragonite|move: Heal Block\n|\n|upkeep\n|turn|16\n|inactive|Time left: 300 sec this turn | 300 sec total\n|\n|t:|1783551799\n|-terastallize|p1a: Dragonite|Flying\n|-activate|p1a: Dragonite|confusion\n|move|p1a: Dragonite|Tera Blast|p2a: Slowking|[anim] Tera Blast Flying\n|-damage|p2a: Slowking|0 fnt\n|faint|p2a: Slowking\n|\n|-end|p1a: Dragonite|move: Heal Block\n|upkeep\n|\n|t:|1783551800\n|switch|p2a: Gurdurr|Gurdurr, L85, F|70/100\n|turn|17\n|inactive|Time left: 300 sec this turn | 300 sec total\n|\n|t:|1783551801\n|-end|p1a: Dragonite|confusion\n|move|p1a: Dragonite|Tera Blast|p2a: Gurdurr|[anim] Tera Blast Flying\n|-supereffective|p2a: Gurdurr\n|-damage|p2a: Gurdurr|0 fnt\n|faint|p2a: Gurdurr\n|\n|upkeep\n|\n|t:|1783551802\n|switch|p2a: Zapdos|Zapdos, L78|100/100\n|turn|18\n|inactive|Time left: 300 sec this turn | 300 sec total\n|\n|t:|1783551803\n|move|p1a: Dragonite|Outrage|p2a: Zapdos\n|-damage|p2a: Zapdos|0 fnt\n|faint|p2a: Zapdos\n|\n|upkeep\n|\n|t:|1783551803\n|switch|p2a: Tentacruel|Tentacruel, L84, M|100/100\n|turn|19\n|inactive|Time left: 300 sec this turn | 300 sec total\n|\n|t:|1783551804\n|move|p1a: Dragonite|Outrage|p2a: Tentacruel|[from] lockedmove\n|-damage|p2a: Tentacruel|0 fnt\n|faint|p2a: Tentacruel\n|-start|p1a: Dragonite|confusion|[fatigue]\n|\n|win|p0x1086b46f", "uploadtime": 1783551804, "views": 0, "rating": 0, "private": 0, "password": null, "_winner": "p0x1086b46f", "_our_name": "p0x1086b46f"}