{"id": "battle-gen9randombattle-898", "formatid": "gen9randombattle", "format": "[Gen 9] Random Battle", "players": ["p0x898287c", "p0y89864de"], "log": "|init|battle\n|title|p0x898287c vs. p0y89864de\n|j|\u2606p0x898287c\n|j|\u2606p0y89864de\n|t:|1783550321\n|gametype|singles\n|player|p1|p0x898287c|265|\n|player|p2|p0y89864de|169|\n|gen|9\n|tier|[Gen 9] Random Battle\n|rule|Species Clause: Limit one of each Pok\u00e9mon\n|rule|HP Percentage Mod: HP is shown in percentages\n|rule|Sleep Clause Mod: Limit one foe put to sleep\n|rule|Illusion Level Mod: Illusion disguises the Pok\u00e9mon's true level\n|\n|t:|1783550321\n|teamsize|p1|6\n|teamsize|p2|6\n|start\n|switch|p1a: Ditto|Ditto, L87|100/100\n|switch|p2a: Flamigo|Flamigo, L82, M|269/269\n|-transform|p1a: Ditto|p2a: Flamigo|[from] ability: Imposter\n|turn|1\n|inactive|Battle timer is ON: inactive players will automatically lose when time's up. (requested by p0y89864de)\n|\n|t:|1783550323\n|move|p1a: Ditto|Brave Bird|p2a: Flamigo\n|-supereffective|p2a: Flamigo\n|-damage|p2a: Flamigo|0 fnt\n|faint|p2a: Flamigo\n|-damage|p1a: Ditto|61/100|[from] Recoil\n|\n|upkeep\n|inactive|Time left: 300 sec this turn | 300 sec total | 65 sec grace\n|inactive|p0x898287c also wants the timer to be on.\n|\n|t:|1783550324\n|switch|p2a: Slaking|Slaking, L84, F|389/389\n|turn|2\n|inactive|Time left: 300 sec this turn | 300 sec total\n|\n|t:|1783550325\n|move|p1a: Ditto|Brave Bird|p2a: Slaking\n|-damage|p2a: Slaking|259/389\n|-damage|p1a: Ditto|42/100|[from] Recoil\n|move|p2a: Slaking|Giga Impact|p1a: Ditto\n|-damage|p1a: Ditto|0 fnt\n|-mustrecharge|p2a: Slaking\n|faint|p1a: Ditto\n|\n|upkeep\n|\n|t:|1783550326\n|switch|p1a: Hariyama|Hariyama, L87, F|100/100\n|turn|3\n|inactive|Time left: 300 sec this turn | 300 sec total\n|\n|t:|1783550327\n|cant|p2a: Slaking|recharge\n|move|p1a: Hariyama|Close Combat|p2a: Slaking\n|-supereffective|p2a: Slaking\n|-damage|p2a: Slaking|0 fnt\n|-unboost|p1a: Hariyama|def|1\n|-unboost|p1a: Hariyama|spd|1\n|faint|p2a: Slaking\n|\n|upkeep\n|inactive|Time left: 300 sec this turn | 300 sec total | 5 sec grace\n|\n|t:|1783550328\n|switch|p2a: Dusknoir|Dusknoir, L89, M|225/225\n|-item|p1a: Hariyama|Assault Vest|[from] ability: Frisk|[of] p2a: Dusknoir\n|turn|4\n|inactive|Time left: 300 sec this turn | 300 sec total\n|\n|t:|1783550330\n|switch|p1a: Umbreon|Umbreon, L84, M|100/100\n|move|p2a: Dusknoir|Poltergeist|p1a: Umbreon\n|-activate|p1a: Umbreon|move: Poltergeist|Leftovers\n|-resisted|p1a: Umbreon\n|-damage|p1a: Umbreon|71/100\n|\n|-heal|p1a: Umbreon|77/100|[from] item: Leftovers\n|upkeep\n|turn|5\n|inactive|Time left: 300 sec this turn | 300 sec total\n|\n|t:|1783550331\n|move|p1a: Umbreon|Foul Play|p2a: Dusknoir\n|-supereffective|p2a: Dusknoir\n|-damage|p2a: Dusknoir|69/225\n|move|p2a: Dusknoir|Poltergeist|p1a: Umbreon\n|-activate|p1a: Umbreon|move: Poltergeist|Leftovers\n|-resisted|p1a: Umbreon\n|-damage|p1a: Umbreon|52/100\n|\n|-heal|p1a: Umbreon|58/100|[from] item: Leftovers\n|upkeep\n|turn|6\n|inactive|Time left: 300 sec this turn | 300 sec total\n|\n|t:|1783550332\n|switch|p2a: Roaring Moon|Roaring Moon, L72|270/270\n|-enditem|p2a: Roaring Moon|Booster Energy\n|-activate|p2a: Roaring Moon|ability: Protosynthesis|[fromitem]\n|-start|p2a: Roaring Moon|protosynthesisatk\n|move|p1a: Umbreon|Foul Play|p2a: Roaring Moon\n|-resisted|p2a: Roaring Moon\n|-damage|p2a: Roaring Moon|188/270\n|\n|-heal|p1a: Umbreon|64/100|[from] item: Leftovers\n|upkeep\n|turn|7\n|inactive|Time left: 300 sec this turn | 300 sec total\n|\n|t:|1783550333\n|move|p2a: Roaring Moon|Outrage|p1a: Umbreon\n|-damage|p1a: Umbreon|16/100\n|move|p1a: Umbreon|Foul Play|p2a: Roaring Moon\n|-resisted|p2a: Roaring Moon\n|-damage|p2a: Roaring Moon|107/270\n|\n|-heal|p1a: Umbreon|22/100|[from] item: Leftovers\n|upkeep\n|turn|8\n|inactive|Time left: 300 sec this turn | 300 sec total\n|\n|t:|1783550334\n|move|p1a: Umbreon|Protect|p1a: Umbreon\n|-singleturn|p1a: Umbreon|Protect\n|move|p2a: Roaring Moon|Outrage|p1a: Umbreon|[from] lockedmove\n|-activate|p1a: Umbreon|move: Protect\n|\n|-heal|p1a: Umbreon|28/100|[from] item: Leftovers\n|upkeep\n|turn|9\n|inactive|Time left: 300 sec this turn | 300 sec total\n|\n|t:|1783550335\n|move|p1a: Umbreon|Protect||[still]\n|-fail|p1a: Umbreon\n|move|p2a: Roaring Moon|Outrage|p1a: Umbreon\n|-damage|p1a: Umbreon|0 fnt\n|faint|p1a: Umbreon\n|\n|upkeep\n|\n|t:|1783550336\n|switch|p1a: Hariyama|Hariyama, L87, F|100/100\n|turn|10\n|inactive|Time left: 300 sec this turn | 300 sec total\n|\n|t:|1783550338\n|move|p2a: Roaring Moon|Outrage|p1a: Hariyama|[from] lockedmove\n|-damage|p1a: Hariyama|47/100\n|-start|p2a: Roaring Moon|confusion|[fatigue]\n|move|p1a: Hariyama|Close Combat|p2a: Roaring Moon\n|-supereffective|p2a: Roaring Moon\n|-damage|p2a: Roaring Moon|0 fnt\n|-unboost|p1a: Hariyama|def|1\n|-unboost|p1a: Hariyama|spd|1\n|faint|p2a: Roaring Moon\n|-end|p2a: Roaring Moon|Protosynthesis|[silent]\n|\n|upkeep\n|inactive|Time left: 300 sec this turn | 300 sec total | 5 sec grace\n|\n|t:|1783550339\n|switch|p2a: Clawitzer|Clawitzer, L87, M|265/265\n|turn|11\n|inactive|Time left: 300 sec this turn | 300 sec total\n|\n|t:|1783550340\n|switch|p1a: Manaphy|Manaphy, L78|100/100\n|move|p2a: Clawitzer|Water Pulse|p1a: Manaphy\n|-resisted|p1a: Manaphy\n|-damage|p1a: Manaphy|78/100\n|\n|-heal|p1a: Manaphy|84/100|[from] item: Leftovers\n|upkeep\n|turn|12\n|inactive|Time left: 300 sec this turn | 300 sec total\n|\n|t:|1783550341\n|move|p1a: Manaphy|Tail Glow|p1a: Manaphy\n|-boost|p1a: Manaphy|spa|3\n|move|p2a: Clawitzer|Dragon Pulse|p1a: Manaphy\n|-damage|p1a: Manaphy|43/100\n|\n|-heal|p1a: Manaphy|49/100|[from] item: Leftovers\n|upkeep\n|turn|13\n|inactive|Time left: 300 sec this turn | 300 sec total\n|\n|t:|1783550342\n|-terastallize|p2a: Clawitzer|Dragon\n|move|p1a: Manaphy|Ice Beam|p2a: Clawitzer\n|-supereffective|p2a: Clawitzer\n|-crit|p2a: Clawitzer\n|-damage|p2a: Clawitzer|0 fnt\n|faint|p2a: Clawitzer\n|\n|-heal|p1a: Manaphy|55/100|[from] item: Leftovers\n|upkeep\n|inactive|Time left: 300 sec this turn | 300 sec total | 5 sec grace\n|\n|t:|1783550343\n|switch|p2a: Dusknoir|Dusknoir, L89, M|69/225\n|-item|p1a: Manaphy|Leftovers|[from] ability: Frisk|[of] p2a: Dusknoir\n|turn|14\n|inactive|Time left: 300 sec this turn | 300 sec total\n|\n|t:|1783550344\n|move|p2a: Dusknoir|Shadow Sneak|p1a: Manaphy\n|-damage|p1a: Manaphy|32/100\n|move|p1a: Manaphy|Energy Ball|p2a: Dusknoir\n|-damage|p2a: Dusknoir|0 fnt\n|faint|p2a: Dusknoir\n|\n|-heal|p1a: Manaphy|38/100|[from] item: Leftovers\n|upkeep\n|inactive|Time left: 300 sec this turn | 300 sec total | 5 sec grace\n|\n|t:|1783550344\n|switch|p2a: Basculegion|Basculegion, L80, M|323/323\n|turn|15\n|inactive|Time left: 300 sec this turn | 300 sec total\n|\n|t:|1783550345\n|move|p1a: Manaphy|Energy Ball|p2a: Basculegion\n|-supereffective|p2a: Basculegion\n|-damage|p2a: Basculegion|91/323\n|move|p2a: Basculegion|Shadow Ball|p1a: Manaphy\n|-crit|p1a: Manaphy\n|-damage|p1a: Manaphy|0 fnt\n|faint|p1a: Manaphy\n|\n|upkeep\n|\n|t:|1783550346\n|switch|p1a: Necrozma|Necrozma, L80|100/100\n|turn|16\n|inactive|Time left: 300 sec this turn | 300 sec total\n|\n|t:|1783550347\n|-terastallize|p1a: Necrozma|Ground\n|move|p2a: Basculegion|Aqua Jet|p1a: Necrozma\n|-supereffective|p1a: Necrozma\n|-damage|p1a: Necrozma|70/100\n|move|p1a: Necrozma|Photon Geyser|p2a: Basculegion\n|-damage|p2a: Basculegion|0 fnt\n|faint|p2a: Basculegion\n|-damage|p1a: Necrozma|60/100|[from] item: Life Orb\n|\n|win|p0x898287c", "uploadtime": 1783550347, "views": 0, "rating": 0, "private": 0, "password": null, "_winner": "p0x898287c", "_our_name": "p0y89864de"}