{"id": "battle-gen9randombattle-1724", "formatid": "gen9randombattle", "format": "[Gen 9] Random Battle", "players": ["p0x1724ee33", "p0y17242f7a"], "log": "|init|battle\n|title|p0x1724ee33 vs. p0y17242f7a\n|j|\u2606p0x1724ee33\n|j|\u2606p0y17242f7a\n|t:|1783559953\n|gametype|singles\n|player|p1|p0x1724ee33|170|\n|player|p2|p0y17242f7a|169|\n|gen|9\n|tier|[Gen 9] Random Battle\n|rule|Species Clause: Limit one of each Pok\u00e9mon\n|rule|HP Percentage Mod: HP is shown in percentages\n|rule|Sleep Clause Mod: Limit one foe put to sleep\n|rule|Illusion Level Mod: Illusion disguises the Pok\u00e9mon's true level\n|\n|t:|1783559953\n|teamsize|p1|6\n|teamsize|p2|6\n|start\n|switch|p1a: Jumpluff|Jumpluff, L87, M|100/100\n|switch|p2a: Iron Moth|Iron Moth, L78|253/253\n|turn|1\n|inactive|Battle timer is ON: inactive players will automatically lose when time's up. (requested by p0x1724ee33)\n|inactive|Time left: 300 sec this turn | 300 sec total | 60 sec grace\n|inactive|p0y17242f7a also wants the timer to be on.\n|\n|t:|1783559954\n|switch|p1a: Ursaluna|Ursaluna, L79, F|100/100\n|move|p2a: Iron Moth|Fire Blast|p1a: Ursaluna|[miss]\n|-miss|p2a: Iron Moth|p1a: Ursaluna\n|\n|-status|p1a: Ursaluna|brn|[from] item: Flame Orb\n|upkeep\n|turn|2\n|inactive|Time left: 300 sec this turn | 300 sec total\n|\n|t:|1783559956\n|move|p2a: Iron Moth|Fire Blast|p1a: Ursaluna\n|-damage|p1a: Ursaluna|32/100 brn\n|move|p1a: Ursaluna|Facade|p2a: Iron Moth\n|-damage|p2a: Iron Moth|0 fnt\n|faint|p2a: Iron Moth\n|-end|p2a: Iron Moth|Quark Drive|[silent]\n|\n|-damage|p1a: Ursaluna|26/100 brn|[from] brn\n|upkeep\n|inactive|Time left: 300 sec this turn | 300 sec total | 5 sec grace\n|\n|t:|1783559956\n|switch|p2a: Ninetales|Ninetales-Alola, L78, F|242/242\n|-weather|Snowscape|[from] ability: Snow Warning|[of] p2a: Ninetales\n|turn|3\n|inactive|Time left: 300 sec this turn | 300 sec total\n|\n|t:|1783559958\n|switch|p1a: Primarina|Primarina, L83, M|100/100\n|move|p2a: Ninetales|Aurora Veil|p2a: Ninetales\n|-sidestart|p2: p0y17242f7a|move: Aurora Veil\n|\n|-weather|Snowscape|[upkeep]\n|upkeep\n|turn|4\n|inactive|Time left: 300 sec this turn | 300 sec total\n|\n|t:|1783559959\n|switch|p2a: Rillaboom|Rillaboom, L79, M|288/288\n|-fieldstart|move: Grassy Terrain|[from] ability: Grassy Surge|[of] p2a: Rillaboom\n|move|p1a: Primarina|Calm Mind|p1a: Primarina\n|-boost|p1a: Primarina|spa|1\n|-boost|p1a: Primarina|spd|1\n|\n|-weather|Snowscape|[upkeep]\n|upkeep\n|turn|5\n|inactive|Time left: 300 sec this turn | 300 sec total\n|\n|t:|1783559960\n|switch|p1a: Jumpluff|Jumpluff, L87, M|100/100\n|move|p2a: Rillaboom|Wood Hammer|p1a: Jumpluff\n|-resisted|p1a: Jumpluff\n|-damage|p1a: Jumpluff|72/100\n|-damage|p2a: Rillaboom|262/288|[from] Recoil\n|\n|-weather|Snowscape|[upkeep]\n|-heal|p2a: Rillaboom|280/288|[from] Grassy Terrain\n|upkeep\n|turn|6\n|inactive|Time left: 300 sec this turn | 300 sec total\n|\n|t:|1783559961\n|move|p1a: Jumpluff|Acrobatics|p2a: Rillaboom\n|-supereffective|p2a: Rillaboom\n|-damage|p2a: Rillaboom|106/288\n|move|p2a: Rillaboom|Wood Hammer|p1a: Jumpluff\n|-resisted|p1a: Jumpluff\n|-damage|p1a: Jumpluff|44/100\n|-damage|p2a: Rillaboom|81/288|[from] Recoil\n|\n|-weather|Snowscape|[upkeep]\n|-heal|p2a: Rillaboom|99/288|[from] Grassy Terrain\n|upkeep\n|turn|7\n|inactive|Time left: 300 sec this turn | 300 sec total\n|\n|t:|1783559962\n|move|p1a: Jumpluff|Strength Sap|p2a: Rillaboom\n|-unboost|p2a: Rillaboom|atk|1\n|-heal|p1a: Jumpluff|100/100\n|move|p2a: Rillaboom|Wood Hammer|p1a: Jumpluff\n|-resisted|p1a: Jumpluff\n|-damage|p1a: Jumpluff|81/100\n|-damage|p2a: Rillaboom|82/288|[from] Recoil\n|\n|-weather|none\n|-heal|p2a: Rillaboom|100/288|[from] Grassy Terrain\n|upkeep\n|turn|8\n|inactive|Time left: 300 sec this turn | 300 sec total\n|\n|t:|1783559963\n|switch|p2a: Krookodile|Krookodile, L79, F|280/280\n|-ability|p2a: Krookodile|Intimidate|boost\n|-unboost|p1a: Jumpluff|atk|1\n|move|p1a: Jumpluff|Acrobatics|p2a: Krookodile\n|-damage|p2a: Krookodile|219/280\n|\n|-heal|p2a: Krookodile|236/280|[from] Grassy Terrain\n|-heal|p2a: Krookodile|253/280|[from] item: Leftovers\n|-fieldend|move: Grassy Terrain\n|upkeep\n|turn|9\n|inactive|Time left: 300 sec this turn | 300 sec total\n|\n|t:|1783559964\n|move|p1a: Jumpluff|Strength Sap|p2a: Krookodile\n|-unboost|p2a: Krookodile|atk|1\n|-heal|p1a: Jumpluff|100/100\n|move|p2a: Krookodile|Bulk Up|p2a: Krookodile\n|-boost|p2a: Krookodile|atk|1\n|-boost|p2a: Krookodile|def|1\n|\n|-heal|p2a: Krookodile|270/280|[from] item: Leftovers\n|upkeep\n|turn|10\n|inactive|Time left: 300 sec this turn | 300 sec total\n|\n|t:|1783559965\n|move|p1a: Jumpluff|Strength Sap|p2a: Krookodile\n|-unboost|p2a: Krookodile|atk|1\n|move|p2a: Krookodile|Bulk Up|p2a: Krookodile\n|-boost|p2a: Krookodile|atk|1\n|-boost|p2a: Krookodile|def|1\n|\n|-heal|p2a: Krookodile|280/280|[from] item: Leftovers\n|-sideend|p2: p0y17242f7a|move: Aurora Veil\n|upkeep\n|turn|11\n|inactive|Time left: 300 sec this turn | 300 sec total\n|\n|t:|1783559966\n|move|p1a: Jumpluff|Strength Sap|p2a: Krookodile\n|-unboost|p2a: Krookodile|atk|1\n|move|p2a: Krookodile|Bulk Up|p2a: Krookodile\n|-boost|p2a: Krookodile|atk|1\n|-boost|p2a: Krookodile|def|1\n|\n|upkeep\n|turn|12\n|inactive|Time left: 300 sec this turn | 300 sec total\n|\n|t:|1783559967\n|move|p1a: Jumpluff|Encore|p2a: Krookodile\n|-start|p2a: Krookodile|Encore\n|move|p2a: Krookodile|Bulk Up|p2a: Krookodile\n|-boost|p2a: Krookodile|atk|1\n|-boost|p2a: Krookodile|def|1\n|\n|upkeep\n|turn|13\n|inactive|Time left: 300 sec this turn | 300 sec total\n|\n|t:|1783559968\n|switch|p1a: Primarina|Primarina, L83, M|100/100\n|move|p2a: Krookodile|Bulk Up|p2a: Krookodile\n|-boost|p2a: Krookodile|atk|1\n|-boost|p2a: Krookodile|def|1\n|\n|upkeep\n|turn|14\n|inactive|Time left: 300 sec this turn | 300 sec total\n|\n|t:|1783559969\n|switch|p2a: Ninetales|Ninetales-Alola, L78, F|242/242\n|-weather|Snowscape|[from] ability: Snow Warning|[of] p2a: Ninetales\n|move|p1a: Primarina|Sparkling Aria|p2a: Ninetales\n|-damage|p2a: Ninetales|127/242\n|\n|-weather|Snowscape|[upkeep]\n|upkeep\n|turn|15\n|inactive|Time left: 300 sec this turn | 300 sec total\n|\n|t:|1783559970\n|move|p2a: Ninetales|Aurora Veil|p2a: Ninetales\n|-sidestart|p2: p0y17242f7a|move: Aurora Veil\n|move|p1a: Primarina|Calm Mind|p1a: Primarina\n|-boost|p1a: Primarina|spa|1\n|-boost|p1a: Primarina|spd|1\n|\n|-weather|Snowscape|[upkeep]\n|upkeep\n|turn|16\n|inactive|Time left: 300 sec this turn | 300 sec total\n|\n|t:|1783559971\n|switch|p2a: Rillaboom|Rillaboom, L79, M|100/288\n|-fieldstart|move: Grassy Terrain|[from] ability: Grassy Surge|[of] p2a: Rillaboom\n|move|p1a: Primarina|Sparkling Aria|p2a: Rillaboom\n|-resisted|p2a: Rillaboom\n|-damage|p2a: Rillaboom|51/288\n|\n|-weather|Snowscape|[upkeep]\n|-heal|p2a: Rillaboom|69/288|[from] Grassy Terrain\n|upkeep\n|turn|17\n|inactive|Time left: 300 sec this turn | 300 sec total\n|\n|t:|1783559972\n|switch|p1a: Jumpluff|Jumpluff, L87, M|100/100\n|move|p2a: Rillaboom|Wood Hammer|p1a: Jumpluff\n|-resisted|p1a: Jumpluff\n|-damage|p1a: Jumpluff|70/100\n|-damage|p2a: Rillaboom|42/288|[from] Recoil\n|\n|-weather|Snowscape|[upkeep]\n|-heal|p2a: Rillaboom|60/288|[from] Grassy Terrain\n|upkeep\n|turn|18\n|inactive|Time left: 300 sec this turn | 300 sec total\n|\n|t:|1783559973\n|switch|p2a: Krookodile|Krookodile, L79, F|280/280\n|-ability|p2a: Krookodile|Intimidate|boost\n|-unboost|p1a: Jumpluff|atk|1\n|move|p1a: Jumpluff|Strength Sap|p2a: Krookodile\n|-unboost|p2a: Krookodile|atk|1\n|-heal|p1a: Jumpluff|100/100\n|\n|-weather|none\n|upkeep\n|turn|19\n|inactive|Time left: 300 sec this turn | 300 sec total\n|\n|t:|1783559974\n|switch|p1a: Primarina|Primarina, L83, M|100/100\n|switch|p2a: Rillaboom|Rillaboom, L79, M|60/288\n|\n|-heal|p2a: Rillaboom|78/288|[from] Grassy Terrain\n|upkeep\n|turn|20\n|inactive|Time left: 300 sec this turn | 300 sec total\n|\n|t:|1783559974\n|switch|p1a: Jumpluff|Jumpluff, L87, M|100/100\n|move|p2a: Rillaboom|Grassy Glide|p1a: Jumpluff\n|-resisted|p1a: Jumpluff\n|-damage|p1a: Jumpluff|87/100\n|\n|-heal|p2a: Rillaboom|96/288|[from] Grassy Terrain\n|-fieldend|move: Grassy Terrain\n|upkeep\n|turn|21\n|inactive|Time left: 300 sec this turn | 300 sec total\n|\n|t:|1783559975\n|switch|p2a: Krookodile|Krookodile, L79, F|280/280\n|-ability|p2a: Krookodile|Intimidate|boost\n|-unboost|p1a: Jumpluff|atk|1\n|move|p1a: Jumpluff|Acrobatics|p2a: Krookodile\n|-damage|p2a: Krookodile|213/280\n|\n|-heal|p2a: Krookodile|230/280|[from] item: Leftovers\n|upkeep\n|turn|22\n|inactive|Time left: 300 sec this turn | 300 sec total\n|\n|t:|1783559976\n|move|p1a: Jumpluff|Strength Sap|p2a: Krookodile\n|-unboost|p2a: Krookodile|atk|1\n|-heal|p1a: Jumpluff|100/100\n|move|p2a: Krookodile|Bulk Up|p2a: Krookodile\n|-boost|p2a: Krookodile|atk|1\n|-boost|p2a: Krookodile|def|1\n|\n|-heal|p2a: Krookodile|247/280|[from] item: Leftovers\n|-sideend|p2: p0y17242f7a|move: Aurora Veil\n|upkeep\n|turn|23\n|inactive|Time left: 300 sec this turn | 300 sec total\n|\n|t:|1783559977\n|move|p1a: Jumpluff|U-turn|p2a: Krookodile\n|-supereffective|p2a: Krookodile\n|-damage|p2a: Krookodile|209/280\n|\n|t:|1783559978\n|switch|p1a: Dunsparce|Dunsparce, L86, M|100/100|[from] U-turn\n|move|p2a: Krookodile|Bulk Up|p2a: Krookodile\n|-boost|p2a: Krookodile|atk|1\n|-boost|p2a: Krookodile|def|1\n|\n|-heal|p2a: Krookodile|226/280|[from] item: Leftovers\n|upkeep\n|turn|24\n|inactive|Time left: 300 sec this turn | 300 sec total\n|\n|t:|1783559979\n|move|p2a: Krookodile|Knock Off|p1a: Dunsparce\n|-damage|p1a: Dunsparce|61/100\n|-enditem|p1a: Dunsparce|Eviolite|[from] move: Knock Off|[of] p2a: Krookodile\n|move|p1a: Dunsparce|Coil|p1a: Dunsparce\n|-boost|p1a: Dunsparce|atk|1\n|-boost|p1a: Dunsparce|def|1\n|-boost|p1a: Dunsparce|accuracy|1\n|\n|-heal|p2a: Krookodile|243/280|[from] item: Leftovers\n|upkeep\n|turn|25\n|inactive|Time left: 300 sec this turn | 300 sec total\n|\n|t:|1783559980\n|move|p2a: Krookodile|Earthquake|p1a: Dunsparce\n|-damage|p1a: Dunsparce|19/100\n|move|p1a: Dunsparce|Roost|p1a: Dunsparce\n|-heal|p1a: Dunsparce|69/100\n|-singleturn|p1a: Dunsparce|move: Roost\n|\n|-heal|p2a: Krookodile|260/280|[from] item: Leftovers\n|upkeep\n|turn|26\n|inactive|Time left: 300 sec this turn | 300 sec total\n|\n|t:|1783559981\n|move|p2a: Krookodile|Earthquake|p1a: Dunsparce\n|-damage|p1a: Dunsparce|29/100\n|move|p1a: Dunsparce|Body Slam|p2a: Krookodile\n|-damage|p2a: Krookodile|197/280\n|-status|p2a: Krookodile|par\n|\n|-heal|p2a: Krookodile|214/280 par|[from] item: Leftovers\n|upkeep\n|turn|27\n|inactive|Time left: 300 sec this turn | 300 sec total\n|\n|t:|1783559982\n|move|p1a: Dunsparce|Roost|p1a: Dunsparce\n|-heal|p1a: Dunsparce|79/100\n|-singleturn|p1a: Dunsparce|move: Roost\n|move|p2a: Krookodile|Earthquake|p1a: Dunsparce\n|-damage|p1a: Dunsparce|40/100\n|\n|-heal|p2a: Krookodile|231/280 par|[from] item: Leftovers\n|upkeep\n|turn|28\n|inactive|Time left: 300 sec this turn | 300 sec total\n|\n|t:|1783559983\n|move|p1a: Dunsparce|Roost|p1a: Dunsparce\n|-heal|p1a: Dunsparce|90/100\n|-singleturn|p1a: Dunsparce|move: Roost\n|cant|p2a: Krookodile|par\n|\n|-heal|p2a: Krookodile|248/280 par|[from] item: Leftovers\n|upkeep\n|turn|29\n|inactive|Time left: 300 sec this turn | 300 sec total\n|\n|t:|1783559984\n|move|p1a: Dunsparce|Coil|p1a: Dunsparce\n|-boost|p1a: Dunsparce|atk|1\n|-boost|p1a: Dunsparce|def|1\n|-boost|p1a: Dunsparce|accuracy|1\n|move|p2a: Krookodile|Knock Off|p1a: Dunsparce\n|-damage|p1a: Dunsparce|70/100\n|\n|-heal|p2a: Krookodile|265/280 par|[from] item: Leftovers\n|upkeep\n|turn|30\n|inactive|Time left: 300 sec this turn | 300 sec total\n|\n|t:|1783559985\n|move|p1a: Dunsparce|Body Slam|p2a: Krookodile\n|-damage|p2a: Krookodile|183/280 par\n|move|p2a: Krookodile|Bulk Up|p2a: Krookodile\n|-boost|p2a: Krookodile|atk|1\n|-boost|p2a: Krookodile|def|1\n|\n|-heal|p2a: Krookodile|200/280 par|[from] item: Leftovers\n|upkeep\n|turn|31\n|inactive|Time left: 300 sec this turn | 300 sec total\n|\n|t:|1783559986\n|move|p1a: Dunsparce|Coil|p1a: Dunsparce\n|-boost|p1a: Dunsparce|atk|1\n|-boost|p1a: Dunsparce|def|1\n|-boost|p1a: Dunsparce|accuracy|1\n|cant|p2a: Krookodile|par\n|\n|-heal|p2a: Krookodile|217/280 par|[from] item: Leftovers\n|upkeep\n|turn|32\n|inactive|Time left: 300 sec this turn | 300 sec total\n|\n|t:|1783559987\n|move|p1a: Dunsparce|Body Slam|p2a: Krookodile\n|-damage|p2a: Krookodile|138/280 par\n|move|p2a: Krookodile|Gunk Shot|p1a: Dunsparce\n|-damage|p1a: Dunsparce|44/100\n|\n|-heal|p2a: Krookodile|155/280 par|[from] item: Leftovers\n|upkeep\n|turn|33\n|inactive|Time left: 300 sec this turn | 300 sec total\n|\n|t:|1783559988\n|move|p1a: Dunsparce|Roost|p1a: Dunsparce\n|-heal|p1a: Dunsparce|94/100\n|-singleturn|p1a: Dunsparce|move: Roost\n|move|p2a: Krookodile|Gunk Shot|p1a: Dunsparce\n|-damage|p1a: Dunsparce|71/100\n|\n|-heal|p2a: Krookodile|172/280 par|[from] item: Leftovers\n|upkeep\n|turn|34\n|inactive|Time left: 300 sec this turn | 300 sec total\n|\n|t:|1783559989\n|move|p1a: Dunsparce|Body Slam|p2a: Krookodile\n|-damage|p2a: Krookodile|81/280 par\n|move|p2a: Krookodile|Earthquake|p1a: Dunsparce\n|-damage|p1a: Dunsparce|40/100\n|\n|-heal|p2a: Krookodile|98/280 par|[from] item: Leftovers\n|upkeep\n|turn|35\n|inactive|Time left: 300 sec this turn | 300 sec total\n|\n|t:|1783559991\n|move|p1a: Dunsparce|Roost|p1a: Dunsparce\n|-heal|p1a: Dunsparce|90/100\n|-singleturn|p1a: Dunsparce|move: Roost\n|move|p2a: Krookodile|Earthquake|p1a: Dunsparce\n|-damage|p1a: Dunsparce|60/100\n|\n|-heal|p2a: Krookodile|115/280 par|[from] item: Leftovers\n|upkeep\n|turn|36\n|inactive|Time left: 300 sec this turn | 300 sec total\n|\n|t:|1783559992\n|move|p1a: Dunsparce|Body Slam|p2a: Krookodile\n|-damage|p2a: Krookodile|24/280 par\n|move|p2a: Krookodile|Gunk Shot|p1a: Dunsparce\n|-damage|p1a: Dunsparce|36/100\n|\n|-heal|p2a: Krookodile|41/280 par|[from] item: Leftovers\n|upkeep\n|turn|37\n|inactive|Time left: 300 sec this turn | 300 sec total\n|\n|t:|1783559993\n|move|p1a: Dunsparce|Roost|p1a: Dunsparce\n|-heal|p1a: Dunsparce|86/100\n|-singleturn|p1a: Dunsparce|move: Roost\n|cant|p2a: Krookodile|par\n|\n|-heal|p2a: Krookodile|58/280 par|[from] item: Leftovers\n|upkeep\n|turn|38\n|inactive|Time left: 300 sec this turn | 300 sec total\n|\n|t:|1783559993\n|move|p1a: Dunsparce|Body Slam|p2a: Krookodile\n|-damage|p2a: Krookodile|0 fnt\n|faint|p2a: Krookodile\n|\n|upkeep\n|inactive|Time left: 300 sec this turn | 300 sec total | 5 sec grace\n|\n|t:|1783559994\n|switch|p2a: Ninetales|Ninetales-Alola, L78, F|127/242\n|-weather|Snowscape|[from] ability: Snow Warning|[of] p2a: Ninetales\n|turn|39\n|inactive|Time left: 300 sec this turn | 300 sec total\n|\n|t:|1783559995\n|move|p2a: Ninetales|Aurora Veil|p2a: Ninetales\n|-sidestart|p2: p0y17242f7a|move: Aurora Veil\n|move|p1a: Dunsparce|Body Slam|p2a: Ninetales\n|-damage|p2a: Ninetales|58/242\n|-status|p2a: Ninetales|par\n|\n|-weather|Snowscape|[upkeep]\n|upkeep\n|turn|40\n|inactive|Time left: 300 sec this turn | 300 sec total\n|\n|t:|1783559996\n|move|p1a: Dunsparce|Body Slam|p2a: Ninetales\n|-damage|p2a: Ninetales|0 fnt\n|faint|p2a: Ninetales\n|\n|-weather|Snowscape|[upkeep]\n|upkeep\n|inactive|Time left: 300 sec this turn | 300 sec total | 5 sec grace\n|\n|t:|1783559997\n|switch|p2a: Latias|Latias, L79, F|256/256\n|turn|41\n|inactive|Time left: 300 sec this turn | 300 sec total\n|\n|t:|1783559998\n|move|p2a: Latias|Calm Mind|p2a: Latias\n|-boost|p2a: Latias|spa|1\n|-boost|p2a: Latias|spd|1\n|move|p1a: Dunsparce|Body Slam|p2a: Latias\n|-damage|p2a: Latias|156/256\n|\n|-weather|Snowscape|[upkeep]\n|upkeep\n|turn|42\n|inactive|Time left: 300 sec this turn | 300 sec total\n|\n|t:|1783559999\n|move|p2a: Latias|Draco Meteor|p1a: Dunsparce|[miss]\n|-miss|p2a: Latias|p1a: Dunsparce\n|move|p1a: Dunsparce|Body Slam|p2a: Latias\n|-damage|p2a: Latias|56/256\n|-status|p2a: Latias|par\n|\n|-weather|Snowscape|[upkeep]\n|upkeep\n|turn|43\n|inactive|Time left: 300 sec this turn | 300 sec total\n|\n|t:|1783559999\n|-terastallize|p2a: Latias|Steel\n|move|p1a: Dunsparce|Body Slam|p2a: Latias\n|-resisted|p2a: Latias\n|-damage|p2a: Latias|9/256 par\n|move|p2a: Latias|Draco Meteor|p1a: Dunsparce\n|-damage|p1a: Dunsparce|0 fnt\n|-unboost|p2a: Latias|spa|2\n|faint|p1a: Dunsparce\n|\n|-weather|none\n|upkeep\n|\n|t:|1783560000\n|switch|p1a: Jumpluff|Jumpluff, L87, M|100/100\n|turn|44\n|inactive|Time left: 300 sec this turn | 300 sec total\n|\n|t:|1783560001\n|switch|p2a: Charizard|Charizard, L85, F|271/271\n|move|p1a: Jumpluff|Acrobatics|p2a: Charizard\n|-damage|p2a: Charizard|189/271\n|\n|upkeep\n|turn|45\n|inactive|Time left: 300 sec this turn | 300 sec total\n|\n|t:|1783560002\n|move|p1a: Jumpluff|Acrobatics|p2a: Charizard\n|-damage|p2a: Charizard|95/271\n|move|p2a: Charizard|Dragon Dance|p2a: Charizard\n|-boost|p2a: Charizard|atk|1\n|-boost|p2a: Charizard|spe|1\n|\n|upkeep\n|turn|46\n|inactive|Time left: 300 sec this turn | 300 sec total\n|\n|t:|1783560003\n|switch|p1a: Primarina|Primarina, L83, M|100/100\n|move|p2a: Charizard|Flare Blitz|p1a: Primarina\n|-resisted|p1a: Primarina\n|-damage|p1a: Primarina|61/100\n|-damage|p2a: Charizard|60/271|[from] Recoil\n|\n|-heal|p1a: Primarina|67/100|[from] item: Leftovers\n|-sideend|p2: p0y17242f7a|move: Aurora Veil\n|upkeep\n|turn|47\n|inactive|Time left: 300 sec this turn | 300 sec total\n|\n|t:|1783560004\n|move|p2a: Charizard|Flare Blitz|p1a: Primarina\n|-resisted|p1a: Primarina\n|-damage|p1a: Primarina|12/100\n|-damage|p2a: Charizard|11/271|[from] Recoil\n|move|p1a: Primarina|Sparkling Aria|p2a: Charizard\n|-supereffective|p2a: Charizard\n|-damage|p2a: Charizard|0 fnt\n|faint|p2a: Charizard\n|\n|-heal|p1a: Primarina|18/100|[from] item: Leftovers\n|upkeep\n|inactive|Time left: 300 sec this turn | 300 sec total | 5 sec grace\n|\n|t:|1783560005\n|switch|p2a: Rillaboom|Rillaboom, L79, M|96/288\n|-fieldstart|move: Grassy Terrain|[from] ability: Grassy Surge|[of] p2a: Rillaboom\n|turn|48\n|inactive|Time left: 300 sec this turn | 300 sec total\n|\n|t:|1783560006\n|switch|p1a: Jumpluff|Jumpluff, L87, M|100/100\n|move|p2a: Rillaboom|Wood Hammer|p1a: Jumpluff\n|-resisted|p1a: Jumpluff\n|-damage|p1a: Jumpluff|70/100\n|-damage|p2a: Rillaboom|69/288|[from] Recoil\n|\n|-heal|p2a: Rillaboom|87/288|[from] Grassy Terrain\n|upkeep\n|turn|49\n|inactive|Time left: 300 sec this turn | 300 sec total\n|\n|t:|1783560006\n|-terastallize|p1a: Jumpluff|Steel\n|move|p1a: Jumpluff|Acrobatics|p2a: Rillaboom\n|-supereffective|p2a: Rillaboom\n|-damage|p2a: Rillaboom|0 fnt\n|faint|p2a: Rillaboom\n|\n|-heal|p1a: Jumpluff|76/100|[from] Grassy Terrain\n|upkeep\n|inactive|Time left: 300 sec this turn | 300 sec total | 5 sec grace\n|\n|t:|1783560007\n|switch|p2a: Latias|Latias, L79, F, tera:Steel|9/256 par\n|turn|50\n|inactive|Time left: 300 sec this turn | 300 sec total\n|\n|t:|1783560008\n|move|p1a: Jumpluff|Acrobatics|p2a: Latias\n|-resisted|p2a: Latias\n|-damage|p2a: Latias|0 fnt\n|faint|p2a: Latias\n|\n|win|p0x1724ee33", "uploadtime": 1783560008, "views": 0, "rating": 0, "private": 0, "password": null, "_winner": "p0x1724ee33", "_our_name": "p0y17242f7a"}