{"id": "battle-gen9randombattle-910", "formatid": "gen9randombattle", "format": "[Gen 9] Random Battle", "players": ["p0x9107119", "p0y910840b"], "log": "|init|battle\n|title|p0x9107119 vs. p0y910840b\n|j|\u2606p0x9107119\n|j|\u2606p0y910840b\n|t:|1783550457\n|gametype|singles\n|player|p1|p0x9107119|169|\n|player|p2|p0y910840b|266|\n|gen|9\n|tier|[Gen 9] Random Battle\n|rule|Species Clause: Limit one of each Pok\u00e9mon\n|rule|HP Percentage Mod: HP is shown in percentages\n|rule|Sleep Clause Mod: Limit one foe put to sleep\n|rule|Illusion Level Mod: Illusion disguises the Pok\u00e9mon's true level\n|\n|t:|1783550457\n|teamsize|p1|6\n|teamsize|p2|6\n|start\n|switch|p1a: Keldeo|Keldeo-Resolute, L79|100/100\n|switch|p2a: Arceus|Arceus-Steel, L70|284/284\n|turn|1\n|inactive|Battle timer is ON: inactive players will automatically lose when time's up. (requested by p0y910840b)\n|inactive|p0x9107119 also wants the timer to be on.\n|\n|t:|1783550459\n|switch|p2a: Hariyama|Hariyama, L87, M|392/392\n|move|p1a: Keldeo|Secret Sword|p2a: Hariyama\n|-damage|p2a: Hariyama|263/392\n|\n|-status|p2a: Hariyama|brn|[from] item: Flame Orb\n|upkeep\n|turn|2\n|inactive|Time left: 300 sec this turn | 300 sec total\n|\n|t:|1783550460\n|move|p1a: Keldeo|Secret Sword|p2a: Hariyama\n|-damage|p2a: Hariyama|130/392 brn\n|move|p2a: Hariyama|Facade|p1a: Keldeo\n|-damage|p1a: Keldeo|30/100\n|\n|-heal|p1a: Keldeo|36/100|[from] item: Leftovers\n|-damage|p2a: Hariyama|106/392 brn|[from] brn\n|upkeep\n|turn|3\n|inactive|Time left: 300 sec this turn | 300 sec total\n|\n|t:|1783550462\n|switch|p2a: Diancie|Diancie, L82|216/216\n|move|p1a: Keldeo|Hydro Pump|p2a: Diancie\n|-supereffective|p2a: Diancie\n|-damage|p2a: Diancie|46/216\n|\n|-heal|p1a: Keldeo|42/100|[from] item: Leftovers\n|-heal|p2a: Diancie|59/216|[from] item: Leftovers\n|upkeep\n|turn|4\n|inactive|Time left: 300 sec this turn | 300 sec total\n|\n|t:|1783550463\n|switch|p2a: Medicham|Medicham, L86, F|243/243\n|move|p1a: Keldeo|Secret Sword|p2a: Medicham\n|-resisted|p2a: Medicham\n|-damage|p2a: Medicham|192/243\n|\n|-heal|p1a: Keldeo|48/100|[from] item: Leftovers\n|upkeep\n|turn|5\n|inactive|Time left: 300 sec this turn | 300 sec total\n|\n|t:|1783550464\n|switch|p1a: Reuniclus|Reuniclus, L88, F|100/100\n|move|p2a: Medicham|Close Combat|p1a: Reuniclus\n|-resisted|p1a: Reuniclus\n|-damage|p1a: Reuniclus|59/100\n|-unboost|p2a: Medicham|def|1\n|-unboost|p2a: Medicham|spd|1\n|\n|upkeep\n|turn|6\n|inactive|Time left: 300 sec this turn | 300 sec total\n|\n|t:|1783550465\n|move|p2a: Medicham|Close Combat|p1a: Reuniclus\n|-resisted|p1a: Reuniclus\n|-damage|p1a: Reuniclus|14/100\n|-unboost|p2a: Medicham|def|1\n|-unboost|p2a: Medicham|spd|1\n|move|p1a: Reuniclus|Psychic|p2a: Medicham\n|-damage|p2a: Medicham|0 fnt\n|faint|p2a: Medicham\n|\n|upkeep\n|inactive|Time left: 300 sec this turn | 300 sec total | 5 sec grace\n|\n|t:|1783550466\n|switch|p2a: Diancie|Diancie, L82|59/216\n|turn|7\n|inactive|Time left: 300 sec this turn | 300 sec total\n|\n|t:|1783550467\n|switch|p1a: Registeel|Registeel, L81|100/100\n|move|p2a: Diancie|Diamond Storm|p1a: Registeel\n|-resisted|p1a: Registeel\n|-damage|p1a: Registeel|87/100\n|-boost|p2a: Diancie|def|2\n|\n|-heal|p2a: Diancie|72/216|[from] item: Leftovers\n|upkeep\n|turn|8\n|inactive|Time left: 300 sec this turn | 300 sec total\n|\n|t:|1783550469\n|-terastallize|p2a: Diancie|Fighting\n|move|p2a: Diancie|Body Press|p1a: Registeel\n|-supereffective|p1a: Registeel\n|-crit|p1a: Registeel\n|-damage|p1a: Registeel|0 fnt\n|faint|p1a: Registeel\n|\n|-heal|p2a: Diancie|85/216|[from] item: Leftovers\n|upkeep\n|\n|t:|1783550470\n|switch|p1a: Keldeo|Keldeo-Resolute, L79|48/100\n|turn|9\n|inactive|Time left: 300 sec this turn | 300 sec total\n|\n|t:|1783550471\n|move|p1a: Keldeo|Hydro Pump|p2a: Diancie\n|-damage|p2a: Diancie|0 fnt\n|faint|p2a: Diancie\n|\n|-heal|p1a: Keldeo|55/100|[from] item: Leftovers\n|upkeep\n|inactive|Time left: 300 sec this turn | 300 sec total | 5 sec grace\n|\n|t:|1783550472\n|switch|p2a: Sawsbuck|Sawsbuck-Summer, L88, M|284/284\n|turn|10\n|inactive|Time left: 300 sec this turn | 300 sec total\n|\n|t:|1783550473\n|switch|p1a: Glastrier|Glastrier, L86|100/100\n|move|p2a: Sawsbuck|Horn Leech|p1a: Glastrier\n|-damage|p1a: Glastrier|75/100\n|-damage|p2a: Sawsbuck|256/284|[from] item: Life Orb\n|\n|upkeep\n|turn|11\n|inactive|Time left: 300 sec this turn | 300 sec total\n|\n|t:|1783550474\n|switch|p2a: Arceus|Arceus-Steel, L70|284/284\n|move|p1a: Glastrier|Icicle Crash|p2a: Arceus\n|-resisted|p2a: Arceus\n|-damage|p2a: Arceus|227/284\n|\n|upkeep\n|turn|12\n|inactive|Time left: 300 sec this turn | 300 sec total\n|\n|t:|1783550475\n|move|p2a: Arceus|Judgment|p1a: Glastrier\n|-supereffective|p1a: Glastrier\n|-damage|p1a: Glastrier|17/100\n|move|p1a: Glastrier|Close Combat|p2a: Arceus\n|-supereffective|p2a: Arceus\n|-damage|p2a: Arceus|1/284\n|-unboost|p1a: Glastrier|def|1\n|-unboost|p1a: Glastrier|spd|1\n|\n|upkeep\n|turn|13\n|inactive|Time left: 300 sec this turn | 300 sec total\n|\n|t:|1783550476\n|switch|p1a: Keldeo|Keldeo-Resolute, L79|55/100\n|move|p2a: Arceus|Earth Power|p1a: Keldeo\n|-damage|p1a: Keldeo|35/100\n|\n|-heal|p1a: Keldeo|42/100|[from] item: Leftovers\n|upkeep\n|turn|14\n|inactive|Time left: 300 sec this turn | 300 sec total\n|\n|t:|1783550476\n|move|p1a: Keldeo|Secret Sword|p2a: Arceus\n|-supereffective|p2a: Arceus\n|-damage|p2a: Arceus|0 fnt\n|faint|p2a: Arceus\n|\n|-heal|p1a: Keldeo|48/100|[from] item: Leftovers\n|upkeep\n|inactive|Time left: 300 sec this turn | 300 sec total | 5 sec grace\n|\n|t:|1783550477\n|switch|p2a: Sawsbuck|Sawsbuck-Summer, L88, M|256/284\n|turn|15\n|inactive|Time left: 300 sec this turn | 300 sec total\n|\n|t:|1783550478\n|-terastallize|p1a: Keldeo|Steel\n|move|p2a: Sawsbuck|Horn Leech|p1a: Keldeo\n|-resisted|p1a: Keldeo\n|-damage|p1a: Keldeo|27/100\n|-heal|p2a: Sawsbuck|284/284|[from] drain|[of] p1a: Keldeo\n|-damage|p2a: Sawsbuck|256/284|[from] item: Life Orb\n|move|p1a: Keldeo|Secret Sword|p2a: Sawsbuck\n|-supereffective|p2a: Sawsbuck\n|-damage|p2a: Sawsbuck|16/284\n|\n|-heal|p1a: Keldeo|33/100|[from] item: Leftovers\n|upkeep\n|turn|16\n|inactive|Time left: 300 sec this turn | 300 sec total\n|\n|t:|1783550478\n|move|p2a: Sawsbuck|Horn Leech|p1a: Keldeo\n|-resisted|p1a: Keldeo\n|-damage|p1a: Keldeo|10/100\n|-heal|p2a: Sawsbuck|47/284|[from] drain|[of] p1a: Keldeo\n|-damage|p2a: Sawsbuck|19/284|[from] item: Life Orb\n|move|p1a: Keldeo|Secret Sword|p2a: Sawsbuck\n|-supereffective|p2a: Sawsbuck\n|-damage|p2a: Sawsbuck|0 fnt\n|faint|p2a: Sawsbuck\n|\n|-heal|p1a: Keldeo|17/100|[from] item: Leftovers\n|upkeep\n|inactive|Time left: 300 sec this turn | 300 sec total | 5 sec grace\n|\n|t:|1783550479\n|switch|p2a: Froslass|Froslass, L87, F|263/263\n|turn|17\n|inactive|Time left: 300 sec this turn | 300 sec total\n|\n|t:|1783550480\n|switch|p1a: Camerupt|Camerupt, L91, F|100/100\n|move|p2a: Froslass|Poltergeist|p1a: Camerupt\n|-activate|p1a: Camerupt|move: Poltergeist|Leftovers\n|-damage|p1a: Camerupt|61/100\n|\n|-heal|p1a: Camerupt|67/100|[from] item: Leftovers\n|upkeep\n|turn|18\n|inactive|Time left: 300 sec this turn | 300 sec total\n|\n|t:|1783550480\n|move|p2a: Froslass|Poltergeist|p1a: Camerupt\n|-activate|p1a: Camerupt|move: Poltergeist|Leftovers\n|-crit|p1a: Camerupt\n|-damage|p1a: Camerupt|4/100\n|move|p1a: Camerupt|Overheat|p2a: Froslass\n|-supereffective|p2a: Froslass\n|-damage|p2a: Froslass|0 fnt\n|-unboost|p1a: Camerupt|spa|2\n|faint|p2a: Froslass\n|\n|-heal|p1a: Camerupt|10/100|[from] item: Leftovers\n|upkeep\n|inactive|Time left: 300 sec this turn | 300 sec total | 5 sec grace\n|\n|t:|1783550481\n|switch|p2a: Hariyama|Hariyama, L87, M|106/392 brn\n|turn|19\n|inactive|Time left: 300 sec this turn | 300 sec total\n|\n|t:|1783550482\n|switch|p1a: Malamar|Malamar, L82, F|100/100\n|move|p2a: Hariyama|Knock Off|p1a: Malamar\n|-damage|p1a: Malamar|52/100\n|-enditem|p1a: Malamar|Leftovers|[from] move: Knock Off|[of] p2a: Hariyama\n|\n|-damage|p2a: Hariyama|82/392 brn|[from] brn\n|upkeep\n|turn|20\n|inactive|Time left: 300 sec this turn | 300 sec total\n|\n|t:|1783550482\n|move|p1a: Malamar|Knock Off|p2a: Hariyama\n|-resisted|p2a: Hariyama\n|-crit|p2a: Hariyama\n|-damage|p2a: Hariyama|0 fnt\n|-enditem|p2a: Hariyama|Flame Orb|[from] move: Knock Off|[of] p1a: Malamar\n|faint|p2a: Hariyama\n|\n|win|p0x9107119", "uploadtime": 1783550482, "views": 0, "rating": 0, "private": 0, "password": null, "_winner": "p0x9107119", "_our_name": "p0y910840b"}