{"id": "battle-gen9randombattle-2347", "formatid": "gen9randombattle", "format": "[Gen 9] Random Battle", "players": ["p0x23477403", "p0y234700ac"], "log": "|init|battle\n|title|p0x23477403 vs. p0y234700ac\n|j|\u2606p0x23477403\n|j|\u2606p0y234700ac\n|t:|1783567251\n|gametype|singles\n|player|p1|p0x23477403|102|\n|player|p2|p0y234700ac|101|\n|gen|9\n|tier|[Gen 9] Random Battle\n|rule|Species Clause: Limit one of each Pok\u00e9mon\n|rule|HP Percentage Mod: HP is shown in percentages\n|rule|Sleep Clause Mod: Limit one foe put to sleep\n|rule|Illusion Level Mod: Illusion disguises the Pok\u00e9mon's true level\n|\n|t:|1783567251\n|teamsize|p1|6\n|teamsize|p2|6\n|start\n|switch|p1a: Shiftry|Shiftry, L89, M|305/305\n|switch|p2a: Tauros|Tauros-Paldea-Aqua, L81, M|100/100\n|turn|1\n|inactive|Battle timer is ON: inactive players will automatically lose when time's up. (requested by p0x23477403)\n|inactive|p0y234700ac also wants the timer to be on.\n|\n|t:|1783567253\n|switch|p1a: Lapras|Lapras, L87, M|367/367\n|move|p2a: Tauros|Close Combat|p1a: Lapras\n|-supereffective|p1a: Lapras\n|-damage|p1a: Lapras|97/367\n|-unboost|p2a: Tauros|def|1\n|-unboost|p2a: Tauros|spd|1\n|\n|upkeep\n|turn|2\n|inactive|Time left: 300 sec this turn | 300 sec total\n|\n|t:|1783567254\n|move|p2a: Tauros|Close Combat|p1a: Lapras\n|-supereffective|p1a: Lapras\n|-damage|p1a: Lapras|0 fnt\n|-unboost|p2a: Tauros|def|1\n|-unboost|p2a: Tauros|spd|1\n|faint|p1a: Lapras\n|\n|upkeep\n|inactive|Time left: 300 sec this turn | 300 sec total | 5 sec grace\n|\n|t:|1783567255\n|switch|p1a: Toucannon|Toucannon, L88, F|284/284\n|turn|3\n|inactive|Time left: 300 sec this turn | 300 sec total\n|\n|t:|1783567256\n|switch|p2a: Muk|Muk, L86, F|100/100\n|-singleturn|p1a: Toucannon|move: Beak Blast\n|move|p1a: Toucannon|Beak Blast|p2a: Muk\n|-damage|p2a: Muk|50/100\n|\n|-heal|p2a: Muk|56/100|[from] item: Leftovers\n|upkeep\n|turn|4\n|inactive|Time left: 300 sec this turn | 300 sec total\n|\n|t:|1783567257\n|-singleturn|p1a: Toucannon|move: Beak Blast\n|move|p2a: Muk|Ice Punch|p1a: Toucannon\n|-supereffective|p1a: Toucannon\n|-damage|p1a: Toucannon|154/284\n|-status|p2a: Muk|brn\n|move|p1a: Toucannon|Beak Blast|p2a: Muk\n|-damage|p2a: Muk|12/100 brn\n|\n|-heal|p2a: Muk|19/100 brn|[from] item: Leftovers\n|-damage|p2a: Muk|12/100 brn|[from] brn\n|upkeep\n|turn|5\n|inactive|Time left: 300 sec this turn | 300 sec total\n|\n|t:|1783567258\n|move|p1a: Toucannon|Roost|p1a: Toucannon\n|-heal|p1a: Toucannon|284/284\n|-singleturn|p1a: Toucannon|move: Roost\n|move|p2a: Muk|Ice Punch|p1a: Toucannon\n|-crit|p1a: Toucannon\n|-damage|p1a: Toucannon|235/284\n|\n|-heal|p2a: Muk|19/100 brn|[from] item: Leftovers\n|-damage|p2a: Muk|12/100 brn|[from] brn\n|upkeep\n|turn|6\n|inactive|Time left: 300 sec this turn | 300 sec total\n|\n|t:|1783567259\n|move|p1a: Toucannon|Boomburst|p2a: Muk\n|-damage|p2a: Muk|0 fnt\n|faint|p2a: Muk\n|\n|upkeep\n|\n|t:|1783567260\n|switch|p2a: Regieleki|Regieleki, L79|100/100\n|turn|7\n|inactive|Time left: 300 sec this turn | 300 sec total\n|\n|t:|1783567261\n|switch|p1a: Electivire|Electivire, L84, F|263/263\n|move|p2a: Regieleki|Thunderbolt|p1a: Electivire\n|-ability|p1a: Electivire|Motor Drive|boost\n|-boost|p1a: Electivire|spe|1\n|\n|upkeep\n|turn|8\n|inactive|Time left: 300 sec this turn | 300 sec total\n|\n|t:|1783567262\n|switch|p2a: Lokix|Lokix, L82, M|100/100\n|move|p1a: Electivire|Supercell Slam|p2a: Lokix\n|-crit|p2a: Lokix\n|-damage|p2a: Lokix|0 fnt\n|faint|p2a: Lokix\n|-damage|p1a: Electivire|237/263|[from] item: Life Orb\n|\n|upkeep\n|\n|t:|1783567263\n|switch|p2a: Excadrill|Excadrill, L79, F|100/100\n|-ability|p2a: Excadrill|Mold Breaker\n|turn|9\n|inactive|Time left: 300 sec this turn | 300 sec total\n|\n|t:|1783567264\n|switch|p2a: Azelf|Azelf, L82|100/100\n|-terastallize|p1a: Electivire|Dark\n|move|p1a: Electivire|Knock Off|p2a: Azelf\n|-supereffective|p2a: Azelf\n|-damage|p2a: Azelf|0 fnt\n|-enditem|p2a: Azelf|Life Orb|[from] move: Knock Off|[of] p1a: Electivire\n|faint|p2a: Azelf\n|-damage|p1a: Electivire|211/263|[from] item: Life Orb\n|\n|upkeep\n|\n|t:|1783567265\n|switch|p2a: Tauros|Tauros-Paldea-Aqua, L81, M|100/100\n|turn|10\n|inactive|Time left: 300 sec this turn | 300 sec total\n|\n|t:|1783567267\n|-terastallize|p2a: Tauros|Steel\n|move|p1a: Electivire|Supercell Slam|p2a: Tauros\n|-damage|p2a: Tauros|41/100\n|-enditem|p2a: Tauros|Sitrus Berry|[eat]\n|-heal|p2a: Tauros|66/100|[from] item: Sitrus Berry\n|-damage|p1a: Electivire|185/263|[from] item: Life Orb\n|move|p2a: Tauros|Close Combat|p1a: Electivire\n|-supereffective|p1a: Electivire\n|-damage|p1a: Electivire|0 fnt\n|-unboost|p2a: Tauros|def|1\n|-unboost|p2a: Tauros|spd|1\n|faint|p1a: Electivire\n|\n|upkeep\n|inactive|Time left: 300 sec this turn | 300 sec total | 5 sec grace\n|\n|t:|1783567267\n|switch|p1a: Toucannon|Toucannon, L88, F|235/284\n|turn|11\n|inactive|Time left: 300 sec this turn | 300 sec total\n|\n|t:|1783567268\n|move|p2a: Tauros|Close Combat|p1a: Toucannon\n|-damage|p1a: Toucannon|82/284\n|-unboost|p2a: Tauros|def|1\n|-unboost|p2a: Tauros|spd|1\n|move|p1a: Toucannon|Boomburst|p2a: Tauros\n|-resisted|p2a: Tauros\n|-damage|p2a: Tauros|5/100\n|\n|-activate|p2a: Tauros|ability: Cud Chew\n|-enditem|p2a: Tauros|Sitrus Berry|[eat]\n|-heal|p2a: Tauros|30/100|[from] item: Sitrus Berry\n|upkeep\n|turn|12\n|inactive|Time left: 300 sec this turn | 300 sec total\n|\n|t:|1783567269\n|-singleturn|p1a: Toucannon|move: Beak Blast\n|move|p2a: Tauros|Close Combat|p1a: Toucannon\n|-damage|p1a: Toucannon|0 fnt\n|-status|p2a: Tauros|brn\n|-unboost|p2a: Tauros|def|1\n|-unboost|p2a: Tauros|spd|1\n|faint|p1a: Toucannon\n|\n|-damage|p2a: Tauros|24/100 brn|[from] brn\n|upkeep\n|inactive|Time left: 300 sec this turn | 300 sec total | 5 sec grace\n|\n|t:|1783567270\n|switch|p1a: Frosmoth|Frosmoth, L82, M|249/249\n|turn|13\n|inactive|Time left: 300 sec this turn | 300 sec total\n|\n|t:|1783567271\n|switch|p2a: Excadrill|Excadrill, L79, F|100/100\n|-ability|p2a: Excadrill|Mold Breaker\n|move|p1a: Frosmoth|Quiver Dance|p1a: Frosmoth\n|-boost|p1a: Frosmoth|spa|1\n|-boost|p1a: Frosmoth|spd|1\n|-boost|p1a: Frosmoth|spe|1\n|\n|upkeep\n|turn|14\n|inactive|Time left: 300 sec this turn | 300 sec total\n|\n|t:|1783567272\n|move|p1a: Frosmoth|Ice Beam|p2a: Excadrill\n|-damage|p2a: Excadrill|28/100\n|move|p2a: Excadrill|Iron Head|p1a: Frosmoth\n|-supereffective|p1a: Frosmoth\n|-damage|p1a: Frosmoth|9/249\n|\n|-heal|p2a: Excadrill|34/100|[from] item: Leftovers\n|upkeep\n|turn|15\n|inactive|Time left: 300 sec this turn | 300 sec total\n|\n|t:|1783567273\n|switch|p2a: Tauros|Tauros-Paldea-Aqua, L81, M, tera:Steel|24/100 brn\n|move|p1a: Frosmoth|Ice Beam|p2a: Tauros\n|-resisted|p2a: Tauros\n|-damage|p2a: Tauros|0 fnt\n|faint|p2a: Tauros\n|\n|upkeep\n|\n|t:|1783567274\n|switch|p2a: Regieleki|Regieleki, L79|100/100\n|turn|16\n|inactive|Time left: 300 sec this turn | 300 sec total\n|\n|t:|1783567275\n|move|p2a: Regieleki|Thunderbolt|p1a: Frosmoth\n|-damage|p1a: Frosmoth|0 fnt\n|faint|p1a: Frosmoth\n|\n|upkeep\n|inactive|Time left: 300 sec this turn | 300 sec total | 5 sec grace\n|\n|t:|1783567276\n|switch|p1a: Copperajah|Copperajah, L86, M|350/350\n|turn|17\n|inactive|Time left: 300 sec this turn | 300 sec total\n|\n|t:|1783567277\n|move|p2a: Regieleki|Thunderbolt|p1a: Copperajah\n|-damage|p1a: Copperajah|200/350\n|move|p1a: Copperajah|Earthquake|p2a: Regieleki\n|-supereffective|p2a: Regieleki\n|-damage|p2a: Regieleki|0 fnt\n|faint|p2a: Regieleki\n|-damage|p1a: Copperajah|165/350|[from] item: Life Orb\n|\n|upkeep\n|\n|t:|1783567278\n|switch|p2a: Excadrill|Excadrill, L79, F|34/100\n|-ability|p2a: Excadrill|Mold Breaker\n|turn|18\n|inactive|Time left: 300 sec this turn | 300 sec total\n|\n|t:|1783567279\n|move|p2a: Excadrill|Iron Head|p1a: Copperajah\n|-resisted|p1a: Copperajah\n|-damage|p1a: Copperajah|111/350\n|move|p1a: Copperajah|Iron Head|p2a: Excadrill\n|-resisted|p2a: Excadrill\n|-damage|p2a: Excadrill|0 fnt\n|faint|p2a: Excadrill\n|\n|win|p0x23477403", "uploadtime": 1783567279, "views": 0, "rating": 0, "private": 0, "password": null, "_winner": "p0x23477403", "_our_name": "p0x23477403"}