{"id": "battle-gen9randombattle-2740", "formatid": "gen9randombattle", "format": "[Gen 9] Random Battle", "players": ["p0x2740b7f7", "p0y2740bced"], "log": "|init|battle\n|title|p0x2740b7f7 vs. p0y2740bced\n|j|\u2606p0x2740b7f7\n|j|\u2606p0y2740bced\n|t:|1783570564\n|gametype|singles\n|player|p1|p0x2740b7f7|101|\n|player|p2|p0y2740bced|102|\n|gen|9\n|tier|[Gen 9] Random Battle\n|rule|Species Clause: Limit one of each Pok\u00e9mon\n|rule|HP Percentage Mod: HP is shown in percentages\n|rule|Sleep Clause Mod: Limit one foe put to sleep\n|rule|Illusion Level Mod: Illusion disguises the Pok\u00e9mon's true level\n|\n|t:|1783570564\n|teamsize|p1|6\n|teamsize|p2|6\n|start\n|switch|p1a: Slaking|Slaking, L84, F|100/100\n|switch|p2a: Terrakion|Terrakion, L79|273/273\n|turn|1\n|inactive|Battle timer is ON: inactive players will automatically lose when time's up. (requested by p0x2740b7f7)\n|inactive|Time left: 300 sec this turn | 300 sec total | 60 sec grace\n|\n|t:|1783570566\n|move|p2a: Terrakion|Swords Dance|p2a: Terrakion\n|-boost|p2a: Terrakion|atk|2\n|move|p1a: Slaking|Giga Impact|p2a: Terrakion\n|-resisted|p2a: Terrakion\n|-damage|p2a: Terrakion|99/273\n|-mustrecharge|p1a: Slaking\n|\n|upkeep\n|turn|2\n|inactive|Time left: 300 sec this turn | 300 sec total\n|inactive|p0y2740bced also wants the timer to be on.\n|\n|t:|1783570567\n|move|p2a: Terrakion|Close Combat|p1a: Slaking\n|-supereffective|p1a: Slaking\n|-damage|p1a: Slaking|0 fnt\n|-unboost|p2a: Terrakion|def|1\n|-unboost|p2a: Terrakion|spd|1\n|faint|p1a: Slaking\n|-damage|p2a: Terrakion|72/273|[from] item: Life Orb\n|\n|upkeep\n|\n|t:|1783570568\n|switch|p1a: Slowbro|Slowbro, L85, F|100/100\n|turn|3\n|inactive|Time left: 300 sec this turn | 300 sec total\n|\n|t:|1783570569\n|move|p2a: Terrakion|Stone Edge|p1a: Slowbro\n|-damage|p1a: Slowbro|19/100\n|-damage|p2a: Terrakion|45/273|[from] item: Life Orb\n|move|p1a: Slowbro|Scald|p2a: Terrakion\n|-supereffective|p2a: Terrakion\n|-damage|p2a: Terrakion|0 fnt\n|faint|p2a: Terrakion\n|\n|upkeep\n|inactive|Time left: 300 sec this turn | 300 sec total | 5 sec grace\n|\n|t:|1783570570\n|switch|p2a: Ambipom|Ambipom, L84, M|263/263\n|turn|4\n|inactive|Time left: 300 sec this turn | 300 sec total\n|\n|t:|1783570572\n|switch|p1a: Politoed|Politoed, L88, F|100/100\n|-weather|RainDance|[from] ability: Drizzle|[of] p1a: Politoed\n|move|p2a: Ambipom|Triple Axel|p1a: Politoed\n|-resisted|p1a: Politoed\n|-damage|p1a: Politoed|95/100\n|-resisted|p1a: Politoed\n|-damage|p1a: Politoed|84/100\n|-resisted|p1a: Politoed\n|-damage|p1a: Politoed|67/100\n|-hitcount|p1a: Politoed|3\n|\n|-weather|RainDance|[upkeep]\n|-heal|p1a: Politoed|73/100|[from] item: Leftovers\n|upkeep\n|turn|5\n|inactive|Time left: 300 sec this turn | 300 sec total\n|\n|t:|1783570573\n|move|p2a: Ambipom|Triple Axel|p1a: Politoed\n|-resisted|p1a: Politoed\n|-damage|p1a: Politoed|67/100\n|-resisted|p1a: Politoed\n|-damage|p1a: Politoed|55/100\n|-resisted|p1a: Politoed\n|-damage|p1a: Politoed|40/100\n|-hitcount|p1a: Politoed|3\n|move|p1a: Politoed|Surf|p2a: Ambipom\n|-damage|p2a: Ambipom|82/263\n|\n|-weather|RainDance|[upkeep]\n|-heal|p1a: Politoed|46/100|[from] item: Leftovers\n|upkeep\n|turn|6\n|inactive|Time left: 300 sec this turn | 300 sec total\n|\n|t:|1783570574\n|-terastallize|p2a: Ambipom|Ice\n|move|p2a: Ambipom|Triple Axel|p1a: Politoed\n|-resisted|p1a: Politoed\n|-damage|p1a: Politoed|37/100\n|-resisted|p1a: Politoed\n|-damage|p1a: Politoed|20/100\n|-resisted|p1a: Politoed\n|-damage|p1a: Politoed|0 fnt\n|faint|p1a: Politoed\n|-hitcount|p1: Politoed|3\n|\n|-weather|RainDance|[upkeep]\n|upkeep\n|\n|t:|1783570575\n|switch|p1a: Slowbro|Slowbro, L85, F|53/100\n|turn|7\n|inactive|Time left: 300 sec this turn | 300 sec total\n|\n|t:|1783570576\n|move|p2a: Ambipom|Triple Axel|p1a: Slowbro\n|-resisted|p1a: Slowbro\n|-damage|p1a: Slowbro|46/100\n|-damage|p2a: Ambipom|39/263|[from] item: Rocky Helmet|[of] p1a: Slowbro\n|-resisted|p1a: Slowbro\n|-damage|p1a: Slowbro|33/100\n|-damage|p2a: Ambipom|0 fnt|[from] item: Rocky Helmet|[of] p1a: Slowbro\n|faint|p2a: Ambipom\n|-hitcount|p1a: Slowbro|2\n|move|p1a: Slowbro|Slack Off|p1a: Slowbro\n|-heal|p1a: Slowbro|83/100\n|\n|-weather|RainDance|[upkeep]\n|upkeep\n|inactive|Time left: 300 sec this turn | 300 sec total | 5 sec grace\n|\n|t:|1783570577\n|switch|p2a: Articuno|Articuno-Galar, L84|288/288\n|turn|8\n|inactive|Time left: 300 sec this turn | 300 sec total\n|\n|t:|1783570578\n|move|p2a: Articuno|Hurricane|p1a: Slowbro\n|-damage|p1a: Slowbro|36/100\n|move|p1a: Slowbro|Scald|p2a: Articuno\n|-damage|p2a: Articuno|158/288\n|\n|-weather|none\n|upkeep\n|turn|9\n|inactive|Time left: 300 sec this turn | 300 sec total\n|\n|t:|1783570579\n|switch|p1a: Lokix|Lokix, L82, F|100/100\n|move|p2a: Articuno|Hurricane|p1a: Lokix|[miss]\n|-miss|p2a: Articuno|p1a: Lokix\n|\n|upkeep\n|turn|10\n|inactive|Time left: 300 sec this turn | 300 sec total\n|\n|t:|1783570580\n|move|p1a: Lokix|Sucker Punch|p2a: Articuno\n|-supereffective|p2a: Articuno\n|-damage|p2a: Articuno|0 fnt\n|faint|p2a: Articuno\n|-damage|p1a: Lokix|91/100|[from] item: Life Orb\n|\n|upkeep\n|inactive|Time left: 300 sec this turn | 300 sec total | 5 sec grace\n|\n|t:|1783570581\n|switch|p2a: Granbull|Granbull, L88, M|302/302\n|-ability|p2a: Granbull|Intimidate|boost\n|-unboost|p1a: Lokix|atk|1\n|turn|11\n|inactive|Time left: 300 sec this turn | 300 sec total\n|\n|t:|1783570582\n|switch|p1a: Slowbro|Slowbro, L85, F|69/100\n|move|p2a: Granbull|Play Rough|p1a: Slowbro|[miss]\n|-miss|p2a: Granbull|p1a: Slowbro\n|\n|upkeep\n|turn|12\n|inactive|Time left: 300 sec this turn | 300 sec total\n|\n|t:|1783570583\n|move|p2a: Granbull|Earthquake|p1a: Slowbro\n|-damage|p1a: Slowbro|44/100\n|move|p1a: Slowbro|Scald|p2a: Granbull\n|-damage|p2a: Granbull|196/302\n|-status|p2a: Granbull|brn\n|\n|-heal|p2a: Granbull|214/302 brn|[from] item: Leftovers\n|-damage|p2a: Granbull|196/302 brn|[from] brn\n|upkeep\n|turn|13\n|inactive|Time left: 300 sec this turn | 300 sec total\n|\n|t:|1783570585\n|move|p2a: Granbull|Thunder Wave|p1a: Slowbro\n|-status|p1a: Slowbro|par\n|cant|p1a: Slowbro|par\n|\n|-heal|p2a: Granbull|214/302 brn|[from] item: Leftovers\n|-damage|p2a: Granbull|196/302 brn|[from] brn\n|upkeep\n|turn|14\n|inactive|Time left: 300 sec this turn | 300 sec total\n|\n|t:|1783570586\n|switch|p2a: Palossand|Palossand, L89, M|296/296\n|move|p1a: Slowbro|Slack Off|p1a: Slowbro\n|-heal|p1a: Slowbro|94/100 par\n|\n|upkeep\n|turn|15\n|inactive|Time left: 300 sec this turn | 300 sec total\n|\n|t:|1783570587\n|switch|p1a: Lokix|Lokix, L82, F|91/100\n|move|p2a: Palossand|Shadow Ball|p1a: Lokix\n|-resisted|p1a: Lokix\n|-damage|p1a: Lokix|62/100\n|\n|upkeep\n|turn|16\n|inactive|Time left: 300 sec this turn | 300 sec total\n|\n|t:|1783570588\n|move|p1a: Lokix|Swords Dance|p1a: Lokix\n|-boost|p1a: Lokix|atk|2\n|move|p2a: Palossand|Sludge Bomb|p1a: Lokix\n|-damage|p1a: Lokix|20/100\n|\n|upkeep\n|turn|17\n|inactive|Time left: 300 sec this turn | 300 sec total\n|\n|t:|1783570589\n|switch|p2a: Granbull|Granbull, L88, M|196/302 brn\n|-ability|p2a: Granbull|Intimidate|boost\n|-unboost|p1a: Lokix|atk|1\n|move|p1a: Lokix|Knock Off|p2a: Granbull\n|-resisted|p2a: Granbull\n|-damage|p2a: Granbull|1/302 brn\n|-enditem|p2a: Granbull|Leftovers|[from] move: Knock Off|[of] p1a: Lokix\n|-damage|p1a: Lokix|10/100|[from] item: Life Orb\n|\n|-damage|p2a: Granbull|0 fnt|[from] brn\n|faint|p2a: Granbull\n|upkeep\n|inactive|Time left: 300 sec this turn | 300 sec total | 5 sec grace\n|\n|t:|1783570590\n|switch|p2a: Misdreavus|Misdreavus, L90, F|254/254\n|turn|18\n|inactive|Time left: 300 sec this turn | 300 sec total\n|\n|t:|1783570591\n|move|p1a: Lokix|Sucker Punch||[still]\n|-fail|p1a: Lokix\n|move|p2a: Misdreavus|Will-O-Wisp|p1a: Lokix\n|-status|p1a: Lokix|brn\n|\n|-damage|p1a: Lokix|4/100 brn|[from] brn\n|upkeep\n|turn|19\n|inactive|Time left: 300 sec this turn | 300 sec total\n|\n|t:|1783570592\n|move|p2a: Misdreavus|Shadow Ball|p1a: Lokix\n|-resisted|p1a: Lokix\n|-damage|p1a: Lokix|0 fnt\n|faint|p1a: Lokix\n|\n|upkeep\n|\n|t:|1783570593\n|switch|p1a: Gouging Fire|Gouging Fire, L74|100/100\n|turn|20\n|inactive|Time left: 300 sec this turn | 300 sec total\n|\n|t:|1783570594\n|switch|p2a: Palossand|Palossand, L89, M|296/296\n|move|p1a: Gouging Fire|Dragon Dance|p1a: Gouging Fire\n|-boost|p1a: Gouging Fire|atk|1\n|-boost|p1a: Gouging Fire|spe|1\n|\n|upkeep\n|turn|21\n|inactive|Time left: 300 sec this turn | 300 sec total\n|\n|t:|1783570594\n|-terastallize|p1a: Gouging Fire|Ground\n|move|p1a: Gouging Fire|Dragon Dance|p1a: Gouging Fire\n|-boost|p1a: Gouging Fire|atk|1\n|-boost|p1a: Gouging Fire|spe|1\n|move|p2a: Palossand|Earth Power|p1a: Gouging Fire\n|-damage|p1a: Gouging Fire|57/100\n|\n|upkeep\n|turn|22\n|inactive|Time left: 300 sec this turn | 300 sec total\n|\n|t:|1783570595\n|move|p1a: Gouging Fire|Outrage|p2a: Palossand\n|-damage|p2a: Palossand|119/296\n|move|p2a: Palossand|Earth Power|p1a: Gouging Fire\n|-damage|p1a: Gouging Fire|15/100\n|-unboost|p1a: Gouging Fire|spd|1\n|\n|-heal|p2a: Palossand|137/296|[from] item: Leftovers\n|upkeep\n|turn|23\n|inactive|Time left: 300 sec this turn | 300 sec total\n|\n|t:|1783570596\n|move|p1a: Gouging Fire|Outrage|p2a: Palossand|[from] lockedmove\n|-damage|p2a: Palossand|0 fnt\n|faint|p2a: Palossand\n|-start|p1a: Gouging Fire|confusion|[fatigue]\n|\n|upkeep\n|inactive|Time left: 300 sec this turn | 300 sec total | 5 sec grace\n|\n|t:|1783570597\n|switch|p2a: Misdreavus|Misdreavus, L90, F|254/254\n|turn|24\n|inactive|Time left: 300 sec this turn | 300 sec total\n|\n|t:|1783570598\n|-activate|p1a: Gouging Fire|confusion\n|move|p1a: Gouging Fire|Outrage|p2a: Misdreavus\n|-damage|p2a: Misdreavus|67/254\n|move|p2a: Misdreavus|Calm Mind|p2a: Misdreavus\n|-boost|p2a: Misdreavus|spa|1\n|-boost|p2a: Misdreavus|spd|1\n|\n|upkeep\n|turn|25\n|inactive|Time left: 300 sec this turn | 300 sec total\n|\n|t:|1783570599\n|-activate|p1a: Gouging Fire|confusion\n|-damage|p1a: Gouging Fire|0 fnt|[from] confusion\n|faint|p1a: Gouging Fire\n|-end|p1a: Gouging Fire|Protosynthesis|[silent]\n|move|p2a: Misdreavus|Calm Mind|p2a: Misdreavus\n|-boost|p2a: Misdreavus|spa|1\n|-boost|p2a: Misdreavus|spd|1\n|\n|upkeep\n|\n|t:|1783570600\n|switch|p1a: Rayquaza|Rayquaza, L72|100/100\n|-ability|p1a: Rayquaza|Air Lock\n|turn|26\n|inactive|Time left: 300 sec this turn | 300 sec total\n|\n|t:|1783570601\n|switch|p1a: Slowbro|Slowbro, L85, F|100/100 par\n|move|p2a: Misdreavus|Draining Kiss|p1a: Slowbro\n|-damage|p1a: Slowbro|74/100 par\n|-heal|p2a: Misdreavus|126/254|[from] drain|[of] p1a: Slowbro\n|-damage|p2a: Misdreavus|84/254|[from] item: Rocky Helmet|[of] p1a: Slowbro\n|\n|upkeep\n|turn|27\n|inactive|Time left: 300 sec this turn | 300 sec total\n|\n|t:|1783570602\n|switch|p1a: Rayquaza|Rayquaza, L72|100/100\n|-ability|p1a: Rayquaza|Air Lock\n|move|p2a: Misdreavus|Shadow Ball|p1a: Rayquaza\n|-damage|p1a: Rayquaza|29/100\n|\n|upkeep\n|turn|28\n|inactive|Time left: 300 sec this turn | 300 sec total\n|\n|t:|1783570603\n|move|p1a: Rayquaza|Extreme Speed|p2a: Misdreavus\n|-immune|p2a: Misdreavus\n|move|p2a: Misdreavus|Shadow Ball|p1a: Rayquaza\n|-damage|p1a: Rayquaza|0 fnt\n|faint|p1a: Rayquaza\n|\n|upkeep\n|\n|t:|1783570603\n|switch|p1a: Slowbro|Slowbro, L85, F|100/100 par\n|turn|29\n|inactive|Time left: 300 sec this turn | 300 sec total\n|\n|t:|1783570604\n|move|p2a: Misdreavus|Shadow Ball|p1a: Slowbro\n|-supereffective|p1a: Slowbro\n|-damage|p1a: Slowbro|0 fnt\n|faint|p1a: Slowbro\n|\n|win|p0y2740bced", "uploadtime": 1783570604, "views": 0, "rating": 0, "private": 0, "password": null, "_winner": "p0y2740bced", "_our_name": "p0y2740bced"}