{"id": "battle-gen9randombattle-1609", "formatid": "gen9randombattle", "format": "[Gen 9] Random Battle", "players": ["p0x16090e2e", "p0y16095339"], "log": "|init|battle\n|title|p0x16090e2e vs. p0y16095339\n|j|\u2606p0x16090e2e\n|j|\u2606p0y16095339\n|t:|1783557844\n|gametype|singles\n|player|p1|p0x16090e2e|266|\n|player|p2|p0y16095339|1|\n|gen|9\n|tier|[Gen 9] Random Battle\n|rule|Species Clause: Limit one of each Pok\u00e9mon\n|rule|HP Percentage Mod: HP is shown in percentages\n|rule|Sleep Clause Mod: Limit one foe put to sleep\n|rule|Illusion Level Mod: Illusion disguises the Pok\u00e9mon's true level\n|\n|t:|1783557844\n|teamsize|p1|6\n|teamsize|p2|6\n|start\n|switch|p1a: Mudsdale|Mudsdale, L83, M|100/100\n|switch|p2a: Zarude|Zarude-Dada, L77|288/288\n|turn|1\n|inactive|Battle timer is ON: inactive players will automatically lose when time's up. (requested by p0y16095339)\n|inactive|p0x16090e2e also wants the timer to be on.\n|\n|t:|1783557845\n|move|p2a: Zarude|Power Whip|p1a: Mudsdale\n|-supereffective|p1a: Mudsdale\n|-damage|p1a: Mudsdale|0 fnt\n|faint|p1a: Mudsdale\n|\n|upkeep\n|\n|t:|1783557847\n|switch|p1a: Infernape|Infernape, L82, F|100/100\n|turn|2\n|inactive|Time left: 300 sec this turn | 300 sec total\n|\n|t:|1783557848\n|switch|p2a: Charizard|Charizard, L85, M|271/271\n|move|p1a: Infernape|Close Combat|p2a: Charizard\n|-resisted|p2a: Charizard\n|-damage|p2a: Charizard|174/271\n|-unboost|p1a: Infernape|def|1\n|-unboost|p1a: Infernape|spd|1\n|-damage|p1a: Infernape|91/100|[from] item: Life Orb\n|\n|upkeep\n|turn|3\n|inactive|Time left: 300 sec this turn | 300 sec total\n|\n|t:|1783557849\n|switch|p1a: Cresselia|Cresselia, L80, F|100/100\n|move|p2a: Charizard|Hurricane|p1a: Cresselia|[miss]\n|-miss|p2a: Charizard|p1a: Cresselia\n|\n|upkeep\n|turn|4\n|inactive|Time left: 300 sec this turn | 300 sec total\n|\n|t:|1783557851\n|move|p2a: Charizard|Hurricane|p1a: Cresselia|[miss]\n|-miss|p2a: Charizard|p1a: Cresselia\n|move|p1a: Cresselia|Calm Mind|p1a: Cresselia\n|-boost|p1a: Cresselia|spa|1\n|-boost|p1a: Cresselia|spd|1\n|\n|upkeep\n|turn|5\n|inactive|Time left: 300 sec this turn | 300 sec total\n|\n|t:|1783557852\n|switch|p2a: Kingambit|Kingambit, L74, M|270/270\n|move|p1a: Cresselia|Calm Mind|p1a: Cresselia\n|-boost|p1a: Cresselia|spa|1\n|-boost|p1a: Cresselia|spd|1\n|\n|upkeep\n|turn|6\n|inactive|Time left: 300 sec this turn | 300 sec total\n|\n|t:|1783557853\n|move|p1a: Cresselia|Moonblast|p2a: Kingambit\n|-damage|p2a: Kingambit|157/270\n|move|p2a: Kingambit|Swords Dance|p2a: Kingambit\n|-boost|p2a: Kingambit|atk|2\n|\n|-heal|p2a: Kingambit|173/270|[from] item: Leftovers\n|upkeep\n|turn|7\n|inactive|Time left: 300 sec this turn | 300 sec total\n|\n|t:|1783557854\n|-terastallize|p1a: Cresselia|Fairy\n|move|p1a: Cresselia|Moonblast|p2a: Kingambit\n|-crit|p2a: Kingambit\n|-damage|p2a: Kingambit|0 fnt\n|faint|p2a: Kingambit\n|-end|p2a: Kingambit|fallenundefined|[silent]\n|\n|upkeep\n|inactive|Time left: 300 sec this turn | 300 sec total | 5 sec grace\n|\n|t:|1783557855\n|switch|p2a: Appletun|Appletun, L92, F|352/352\n|turn|8\n|inactive|Time left: 300 sec this turn | 300 sec total\n|\n|t:|1783557856\n|-terastallize|p2a: Appletun|Steel\n|move|p1a: Cresselia|Moonblast|p2a: Appletun\n|-resisted|p2a: Appletun\n|-damage|p2a: Appletun|281/352\n|move|p2a: Appletun|Leech Seed|p1a: Cresselia\n|-start|p1a: Cresselia|move: Leech Seed\n|\n|-heal|p2a: Appletun|303/352|[from] item: Leftovers\n|-damage|p1a: Cresselia|88/100|[from] Leech Seed|[of] p2a: Appletun\n|-heal|p2a: Appletun|343/352|[silent]\n|upkeep\n|turn|9\n|inactive|Time left: 300 sec this turn | 300 sec total\n|\n|t:|1783557857\n|move|p1a: Cresselia|Calm Mind|p1a: Cresselia\n|-boost|p1a: Cresselia|spa|1\n|-boost|p1a: Cresselia|spd|1\n|move|p2a: Appletun|Apple Acid|p1a: Cresselia\n|-damage|p1a: Cresselia|76/100\n|-unboost|p1a: Cresselia|spd|1\n|\n|-heal|p1a: Cresselia|82/100|[from] item: Leftovers\n|-heal|p2a: Appletun|352/352|[from] item: Leftovers\n|-damage|p1a: Cresselia|70/100|[from] Leech Seed|[of] p2a: Appletun\n|upkeep\n|turn|10\n|inactive|Time left: 300 sec this turn | 300 sec total\n|\n|t:|1783557858\n|move|p1a: Cresselia|Moonblast|p2a: Appletun\n|-resisted|p2a: Appletun\n|-damage|p2a: Appletun|250/352\n|move|p2a: Appletun|Apple Acid|p1a: Cresselia\n|-damage|p1a: Cresselia|55/100\n|-unboost|p1a: Cresselia|spd|1\n|\n|-heal|p1a: Cresselia|61/100|[from] item: Leftovers\n|-heal|p2a: Appletun|272/352|[from] item: Leftovers\n|-damage|p1a: Cresselia|49/100|[from] Leech Seed|[of] p2a: Appletun\n|-heal|p2a: Appletun|312/352|[silent]\n|upkeep\n|turn|11\n|inactive|Time left: 300 sec this turn | 300 sec total\n|\n|t:|1783557859\n|move|p1a: Cresselia|Moonlight|p1a: Cresselia\n|-heal|p1a: Cresselia|99/100\n|move|p2a: Appletun|Apple Acid|p1a: Cresselia\n|-crit|p1a: Cresselia\n|-damage|p1a: Cresselia|59/100\n|-unboost|p1a: Cresselia|spd|1\n|\n|-heal|p1a: Cresselia|65/100|[from] item: Leftovers\n|-heal|p2a: Appletun|334/352|[from] item: Leftovers\n|-damage|p1a: Cresselia|53/100|[from] Leech Seed|[of] p2a: Appletun\n|-heal|p2a: Appletun|352/352|[silent]\n|upkeep\n|turn|12\n|inactive|Time left: 300 sec this turn | 300 sec total\n|\n|t:|1783557860\n|move|p1a: Cresselia|Moonlight|p1a: Cresselia\n|-heal|p1a: Cresselia|100/100\n|move|p2a: Appletun|Apple Acid|p1a: Cresselia\n|-damage|p1a: Cresselia|73/100\n|-unboost|p1a: Cresselia|spd|1\n|\n|-heal|p1a: Cresselia|79/100|[from] item: Leftovers\n|-damage|p1a: Cresselia|66/100|[from] Leech Seed|[of] p2a: Appletun\n|upkeep\n|turn|13\n|inactive|Time left: 300 sec this turn | 300 sec total\n|\n|t:|1783557860\n|move|p1a: Cresselia|Calm Mind|p1a: Cresselia\n|-boost|p1a: Cresselia|spa|1\n|-boost|p1a: Cresselia|spd|1\n|move|p2a: Appletun|Apple Acid|p1a: Cresselia\n|-damage|p1a: Cresselia|40/100\n|-unboost|p1a: Cresselia|spd|1\n|\n|-heal|p1a: Cresselia|46/100|[from] item: Leftovers\n|-damage|p1a: Cresselia|33/100|[from] Leech Seed|[of] p2a: Appletun\n|upkeep\n|turn|14\n|inactive|Time left: 300 sec this turn | 300 sec total\n|\n|t:|1783557861\n|move|p1a: Cresselia|Moonlight|p1a: Cresselia\n|-heal|p1a: Cresselia|83/100\n|move|p2a: Appletun|Apple Acid|p1a: Cresselia\n|-damage|p1a: Cresselia|43/100\n|-unboost|p1a: Cresselia|spd|1\n|\n|-heal|p1a: Cresselia|49/100|[from] item: Leftovers\n|-damage|p1a: Cresselia|37/100|[from] Leech Seed|[of] p2a: Appletun\n|upkeep\n|turn|15\n|inactive|Time left: 300 sec this turn | 300 sec total\n|\n|t:|1783557862\n|move|p1a: Cresselia|Moonlight|p1a: Cresselia\n|-heal|p1a: Cresselia|87/100\n|move|p2a: Appletun|Apple Acid|p1a: Cresselia\n|-crit|p1a: Cresselia\n|-damage|p1a: Cresselia|12/100\n|-unboost|p1a: Cresselia|spd|1\n|\n|-heal|p1a: Cresselia|18/100|[from] item: Leftovers\n|-damage|p1a: Cresselia|6/100|[from] Leech Seed|[of] p2a: Appletun\n|upkeep\n|turn|16\n|inactive|Time left: 300 sec this turn | 300 sec total\n|\n|t:|1783557863\n|move|p1a: Cresselia|Moonlight|p1a: Cresselia\n|-heal|p1a: Cresselia|56/100\n|move|p2a: Appletun|Apple Acid|p1a: Cresselia\n|-damage|p1a: Cresselia|0 fnt\n|faint|p1a: Cresselia\n|\n|upkeep\n|\n|t:|1783557864\n|switch|p1a: Infernape|Infernape, L82, F|91/100\n|turn|17\n|inactive|Time left: 300 sec this turn | 300 sec total\n|\n|t:|1783557865\n|move|p1a: Infernape|Close Combat|p2a: Appletun\n|-supereffective|p2a: Appletun\n|-damage|p2a: Appletun|1/352\n|-unboost|p1a: Infernape|def|1\n|-unboost|p1a: Infernape|spd|1\n|-damage|p1a: Infernape|81/100|[from] item: Life Orb\n|move|p2a: Appletun|Dragon Pulse|p1a: Infernape\n|-damage|p1a: Infernape|3/100\n|\n|-heal|p2a: Appletun|23/352|[from] item: Leftovers\n|upkeep\n|turn|18\n|inactive|Time left: 300 sec this turn | 300 sec total\n|\n|t:|1783557866\n|move|p1a: Infernape|Overheat|p2a: Appletun|[miss]\n|-miss|p1a: Infernape|p2a: Appletun\n|move|p2a: Appletun|Recover|p2a: Appletun\n|-heal|p2a: Appletun|199/352\n|\n|-heal|p2a: Appletun|221/352|[from] item: Leftovers\n|upkeep\n|turn|19\n|inactive|Time left: 300 sec this turn | 300 sec total\n|\n|t:|1783557867\n|switch|p2a: Charizard|Charizard, L85, M|174/271\n|move|p1a: Infernape|Overheat|p2a: Charizard\n|-resisted|p2a: Charizard\n|-damage|p2a: Charizard|38/271\n|-unboost|p1a: Infernape|spa|2\n|-damage|p1a: Infernape|0 fnt|[from] item: Life Orb\n|faint|p1a: Infernape\n|\n|upkeep\n|\n|t:|1783557868\n|switch|p1a: Tatsugiri|Tatsugiri, L87, M|100/100\n|turn|20\n|inactive|Time left: 300 sec this turn | 300 sec total\n|\n|t:|1783557869\n|move|p2a: Charizard|Hurricane|p1a: Tatsugiri\n|-damage|p1a: Tatsugiri|55/100\n|-start|p1a: Tatsugiri|confusion\n|-activate|p1a: Tatsugiri|confusion\n|-damage|p1a: Tatsugiri|46/100|[from] confusion\n|\n|upkeep\n|turn|21\n|inactive|Time left: 300 sec this turn | 300 sec total\n|\n|t:|1783557870\n|switch|p1a: Komala|Komala, L87, F|100/100\n|-ability|p1a: Komala|Comatose\n|move|p2a: Charizard|Hurricane|p1a: Komala\n|-damage|p1a: Komala|52/100\n|-start|p1a: Komala|confusion\n|\n|upkeep\n|turn|22\n|inactive|Time left: 300 sec this turn | 300 sec total\n|\n|t:|1783557871\n|-activate|p1a: Komala|confusion\n|-damage|p1a: Komala|36/100|[from] confusion\n|move|p2a: Charizard|Flamethrower|p1a: Komala\n|-damage|p1a: Komala|0 fnt\n|faint|p1a: Komala\n|\n|upkeep\n|\n|t:|1783557873\n|switch|p1a: Tatsugiri|Tatsugiri, L87, M|46/100\n|turn|23\n|inactive|Time left: 300 sec this turn | 300 sec total\n|\n|t:|1783557874\n|move|p2a: Charizard|Hurricane|p1a: Tatsugiri\n|-damage|p1a: Tatsugiri|0 fnt\n|faint|p1a: Tatsugiri\n|\n|upkeep\n|\n|t:|1783557875\n|switch|p1a: Quaquaval|Quaquaval, L79, F|100/100\n|turn|24\n|inactive|Time left: 300 sec this turn | 300 sec total\n|\n|t:|1783557876\n|move|p2a: Charizard|Hurricane|p1a: Quaquaval\n|-supereffective|p1a: Quaquaval\n|-damage|p1a: Quaquaval|0 fnt\n|faint|p1a: Quaquaval\n|\n|win|p0y16095339", "uploadtime": 1783557876, "views": 0, "rating": 0, "private": 0, "password": null, "_winner": "p0y16095339", "_our_name": "p0y16095339"}