{"id": "battle-gen9randombattle-2928", "formatid": "gen9randombattle", "format": "[Gen 9] Random Battle", "players": ["p0x2928a576", "p0y292833aa"], "log": "|init|battle\n|title|p0x2928a576 vs. p0y292833aa\n|j|\u2606p0x2928a576\n|j|\u2606p0y292833aa\n|t:|1783573726\n|gametype|singles\n|player|p1|p0x2928a576|266|\n|player|p2|p0y292833aa|265|\n|gen|9\n|tier|[Gen 9] Random Battle\n|rule|Species Clause: Limit one of each Pok\u00e9mon\n|rule|HP Percentage Mod: HP is shown in percentages\n|rule|Sleep Clause Mod: Limit one foe put to sleep\n|rule|Illusion Level Mod: Illusion disguises the Pok\u00e9mon's true level\n|\n|t:|1783573726\n|teamsize|p1|6\n|teamsize|p2|6\n|start\n|switch|p1a: Eiscue|Eiscue, L88, F|100/100\n|switch|p2a: Meowstic|Meowstic-F, L89, F|277/277\n|turn|1\n|inactive|Battle timer is ON: inactive players will automatically lose when time's up. (requested by p0y292833aa)\n|inactive|p0x2928a576 also wants the timer to be on.\n|\n|t:|1783573727\n|move|p2a: Meowstic|Nasty Plot|p2a: Meowstic\n|-boost|p2a: Meowstic|spa|2\n|move|p1a: Eiscue|Belly Drum|p1a: Eiscue\n|-damage|p1a: Eiscue|50/100\n|-setboost|p1a: Eiscue|atk|6|[from] move: Belly Drum\n|-enditem|p1a: Eiscue|Sitrus Berry|[eat]\n|-heal|p1a: Eiscue|75/100|[from] item: Sitrus Berry\n|\n|upkeep\n|turn|2\n|inactive|Time left: 300 sec this turn | 300 sec total\n|\n|t:|1783573728\n|-terastallize|p2a: Meowstic|Electric\n|move|p2a: Meowstic|Thunderbolt|p1a: Eiscue\n|-damage|p1a: Eiscue|0 fnt\n|faint|p1a: Eiscue\n|-damage|p2a: Meowstic|250/277|[from] item: Life Orb\n|\n|upkeep\n|\n|t:|1783573729\n|switch|p1a: Floatzel|Floatzel, L86, M|100/100\n|turn|3\n|inactive|Time left: 300 sec this turn | 300 sec total\n|\n|t:|1783573730\n|-terastallize|p1a: Floatzel|Water\n|move|p1a: Floatzel|Wave Crash|p2a: Meowstic\n|-damage|p2a: Meowstic|0 fnt\n|faint|p2a: Meowstic\n|-damage|p1a: Floatzel|71/100|[from] Recoil\n|\n|upkeep\n|inactive|Time left: 300 sec this turn | 300 sec total | 5 sec grace\n|\n|t:|1783573731\n|switch|p2a: Hydreigon|Hydreigon, L79, M|275/275\n|turn|4\n|inactive|Time left: 300 sec this turn | 300 sec total\n|\n|t:|1783573731\n|move|p1a: Floatzel|Wave Crash|p2a: Hydreigon\n|-resisted|p2a: Hydreigon\n|-damage|p2a: Hydreigon|117/275\n|-damage|p1a: Floatzel|53/100|[from] Recoil\n|move|p2a: Hydreigon|Dark Pulse|p1a: Floatzel\n|-damage|p1a: Floatzel|0 fnt\n|faint|p1a: Floatzel\n|\n|upkeep\n|\n|t:|1783573732\n|switch|p1a: Misdreavus|Misdreavus, L90, F|100/100\n|turn|5\n|inactive|Time left: 300 sec this turn | 300 sec total\n|\n|t:|1783573733\n|switch|p2a: Zarude|Zarude, L77|288/288\n|move|p1a: Misdreavus|Calm Mind|p1a: Misdreavus\n|-boost|p1a: Misdreavus|spa|1\n|-boost|p1a: Misdreavus|spd|1\n|\n|upkeep\n|turn|6\n|inactive|Time left: 300 sec this turn | 300 sec total\n|\n|t:|1783573734\n|move|p2a: Zarude|Knock Off|p1a: Misdreavus\n|-supereffective|p1a: Misdreavus\n|-damage|p1a: Misdreavus|30/100\n|-enditem|p1a: Misdreavus|Eviolite|[from] move: Knock Off|[of] p2a: Zarude\n|move|p1a: Misdreavus|Will-O-Wisp|p2a: Zarude\n|-status|p2a: Zarude|brn\n|\n|-damage|p2a: Zarude|270/288 brn|[from] brn\n|upkeep\n|turn|7\n|inactive|Time left: 300 sec this turn | 300 sec total\n|\n|t:|1783573735\n|switch|p1a: Arceus|Arceus-Rock, L74|100/100\n|move|p2a: Zarude|Knock Off|p1a: Arceus\n|-crit|p1a: Arceus\n|-damage|p1a: Arceus|86/100\n|\n|-heal|p2a: Zarude|288/288 brn|[from] item: Leftovers\n|-damage|p2a: Zarude|270/288 brn|[from] brn\n|upkeep\n|turn|8\n|inactive|Time left: 300 sec this turn | 300 sec total\n|\n|t:|1783573735\n|move|p1a: Arceus|Swords Dance|p1a: Arceus\n|-boost|p1a: Arceus|atk|2\n|move|p2a: Zarude|Swords Dance|p2a: Zarude\n|-boost|p2a: Zarude|atk|2\n|\n|-heal|p2a: Zarude|288/288 brn|[from] item: Leftovers\n|-damage|p2a: Zarude|270/288 brn|[from] brn\n|upkeep\n|turn|9\n|inactive|Time left: 300 sec this turn | 300 sec total\n|\n|t:|1783573736\n|move|p1a: Arceus|Stone Edge|p2a: Zarude\n|-crit|p2a: Zarude\n|-damage|p2a: Zarude|0 fnt\n|faint|p2a: Zarude\n|\n|upkeep\n|inactive|Time left: 300 sec this turn | 300 sec total | 5 sec grace\n|\n|t:|1783573737\n|switch|p2a: Passimian|Passimian, L83, F|302/302\n|turn|10\n|inactive|Time left: 300 sec this turn | 300 sec total\n|\n|t:|1783573738\n|move|p1a: Arceus|Stone Edge|p2a: Passimian\n|-resisted|p2a: Passimian\n|-damage|p2a: Passimian|183/302\n|move|p2a: Passimian|Close Combat|p1a: Arceus\n|-supereffective|p1a: Arceus\n|-damage|p1a: Arceus|0 fnt\n|-unboost|p2a: Passimian|def|1\n|-unboost|p2a: Passimian|spd|1\n|faint|p1a: Arceus\n|\n|upkeep\n|\n|t:|1783573738\n|switch|p1a: Gothitelle|Gothitelle, L90, F|100/100\n|turn|11\n|inactive|Time left: 300 sec this turn | 300 sec total\n|\n|t:|1783573739\n|switch|p1a: Misdreavus|Misdreavus, L90, F|30/100\n|move|p2a: Passimian|Close Combat|p1a: Misdreavus\n|-immune|p1a: Misdreavus\n|\n|upkeep\n|turn|12\n|inactive|Time left: 300 sec this turn | 300 sec total\n|\n|t:|1783573740\n|switch|p2a: Hydreigon|Hydreigon, L79, M|117/275\n|move|p1a: Misdreavus|Draining Kiss|p2a: Hydreigon\n|-supereffective|p2a: Hydreigon\n|-damage|p2a: Hydreigon|0 fnt\n|-heal|p1a: Misdreavus|64/100|[from] drain|[of] p2a: Hydreigon\n|faint|p2a: Hydreigon\n|\n|upkeep\n|inactive|Time left: 300 sec this turn | 300 sec total | 5 sec grace\n|\n|t:|1783573741\n|switch|p2a: Brambleghast|Brambleghast, L88, F|240/240\n|turn|13\n|inactive|Time left: 300 sec this turn | 300 sec total\n|\n|t:|1783573742\n|switch|p1a: Gliscor|Gliscor, L76, F|100/100\n|move|p2a: Brambleghast|Power Whip|p1a: Gliscor\n|-damage|p1a: Gliscor|49/100\n|\n|-status|p1a: Gliscor|tox|[from] item: Toxic Orb\n|upkeep\n|turn|14\n|inactive|Time left: 300 sec this turn | 300 sec total\n|\n|t:|1783573743\n|move|p1a: Gliscor|Protect|p1a: Gliscor\n|-singleturn|p1a: Gliscor|Protect\n|move|p2a: Brambleghast|Power Whip|p1a: Gliscor\n|-activate|p1a: Gliscor|move: Protect\n|\n|-heal|p1a: Gliscor|61/100 tox|[from] ability: Poison Heal\n|upkeep\n|turn|15\n|inactive|Time left: 300 sec this turn | 300 sec total\n|\n|t:|1783573744\n|move|p2a: Brambleghast|Power Whip|p1a: Gliscor\n|-damage|p1a: Gliscor|4/100 tox\n|move|p1a: Gliscor|Toxic|p2a: Brambleghast|[miss]\n|-miss|p1a: Gliscor|p2a: Brambleghast\n|\n|-heal|p1a: Gliscor|16/100 tox|[from] ability: Poison Heal\n|upkeep\n|turn|16\n|inactive|Time left: 300 sec this turn | 300 sec total\n|\n|t:|1783573745\n|move|p1a: Gliscor|Protect|p1a: Gliscor\n|-singleturn|p1a: Gliscor|Protect\n|move|p2a: Brambleghast|Power Whip|p1a: Gliscor\n|-activate|p1a: Gliscor|move: Protect\n|\n|-heal|p1a: Gliscor|28/100 tox|[from] ability: Poison Heal\n|upkeep\n|turn|17\n|inactive|Time left: 300 sec this turn | 300 sec total\n|\n|t:|1783573746\n|move|p1a: Gliscor|Protect|p1a: Gliscor\n|-singleturn|p1a: Gliscor|Protect\n|move|p2a: Brambleghast|Power Whip|p1a: Gliscor\n|-activate|p1a: Gliscor|move: Protect\n|\n|-heal|p1a: Gliscor|40/100 tox|[from] ability: Poison Heal\n|upkeep\n|turn|18\n|inactive|Time left: 300 sec this turn | 300 sec total\n|\n|t:|1783573746\n|move|p2a: Brambleghast|Power Whip|p1a: Gliscor\n|-damage|p1a: Gliscor|0 fnt\n|faint|p1a: Gliscor\n|\n|upkeep\n|\n|t:|1783573747\n|switch|p1a: Gothitelle|Gothitelle, L90, F|100/100\n|turn|19\n|inactive|Time left: 300 sec this turn | 300 sec total\n|\n|t:|1783573748\n|move|p2a: Brambleghast|Poltergeist|p1a: Gothitelle\n|-activate|p1a: Gothitelle|move: Poltergeist|Leftovers\n|-supereffective|p1a: Gothitelle\n|-damage|p1a: Gothitelle|3/100\n|move|p1a: Gothitelle|Psychic Noise|p2a: Brambleghast\n|-damage|p2a: Brambleghast|137/240\n|-start|p2a: Brambleghast|move: Heal Block\n|\n|-heal|p1a: Gothitelle|9/100|[from] item: Leftovers\n|upkeep\n|turn|20\n|inactive|Time left: 300 sec this turn | 300 sec total\n|\n|t:|1783573749\n|move|p2a: Brambleghast|Power Whip|p1a: Gothitelle\n|-damage|p1a: Gothitelle|0 fnt\n|faint|p1a: Gothitelle\n|\n|-end|p2a: Brambleghast|move: Heal Block\n|upkeep\n|\n|t:|1783573750\n|switch|p1a: Misdreavus|Misdreavus, L90, F|64/100\n|turn|21\n|inactive|Time left: 300 sec this turn | 300 sec total\n|\n|t:|1783573751\n|move|p2a: Brambleghast|Power Whip|p1a: Misdreavus\n|-damage|p1a: Misdreavus|0 fnt\n|faint|p1a: Misdreavus\n|\n|win|p0y292833aa", "uploadtime": 1783573751, "views": 0, "rating": 0, "private": 0, "password": null, "_winner": "p0y292833aa", "_our_name": "p0y292833aa"}