{"id": "battle-gen9randombattle-2410", "formatid": "gen9randombattle", "format": "[Gen 9] Random Battle", "players": ["p0x241097aa", "p0y241012ba"], "log": "|init|battle\n|title|p0x241097aa vs. p0y241012ba\n|j|\u2606p0x241097aa\n|j|\u2606p0y241012ba\n|t:|1783567976\n|gametype|singles\n|player|p1|p0x241097aa|102|\n|player|p2|p0y241012ba|2|\n|gen|9\n|tier|[Gen 9] Random Battle\n|rule|Species Clause: Limit one of each Pok\u00e9mon\n|rule|HP Percentage Mod: HP is shown in percentages\n|rule|Sleep Clause Mod: Limit one foe put to sleep\n|rule|Illusion Level Mod: Illusion disguises the Pok\u00e9mon's true level\n|\n|t:|1783567976\n|teamsize|p1|6\n|teamsize|p2|6\n|start\n|switch|p1a: Scovillain|Scovillain, L91, M|100/100\n|switch|p2a: Kommo-o|Kommo-o, L77, F|242/242\n|turn|1\n|inactive|Battle timer is ON: inactive players will automatically lose when time's up. (requested by p0x241097aa)\n|inactive|Time left: 300 sec this turn | 300 sec total | 60 sec grace\n|inactive|p0y241012ba also wants the timer to be on.\n|\n|t:|1783567978\n|move|p1a: Scovillain|Leech Seed|p2a: Kommo-o|[miss]\n|-miss|p1a: Scovillain|p2a: Kommo-o\n|move|p2a: Kommo-o|Scale Shot|p1a: Scovillain\n|-damage|p1a: Scovillain|89/100\n|-damage|p1a: Scovillain|78/100\n|-damage|p1a: Scovillain|66/100\n|-damage|p1a: Scovillain|55/100\n|-damage|p1a: Scovillain|44/100\n|-hitcount|p1a: Scovillain|5\n|-unboost|p2a: Kommo-o|def|1\n|-boost|p2a: Kommo-o|spe|1\n|\n|-heal|p1a: Scovillain|50/100|[from] item: Leftovers\n|upkeep\n|turn|2\n|inactive|Time left: 300 sec this turn | 300 sec total\n|\n|t:|1783567979\n|move|p2a: Kommo-o|Swords Dance|p2a: Kommo-o\n|-boost|p2a: Kommo-o|atk|2\n|move|p1a: Scovillain|Flamethrower|p2a: Kommo-o\n|-resisted|p2a: Kommo-o\n|-damage|p2a: Kommo-o|183/242\n|\n|-heal|p1a: Scovillain|56/100|[from] item: Leftovers\n|upkeep\n|turn|3\n|inactive|Time left: 300 sec this turn | 300 sec total\n|\n|t:|1783567980\n|move|p1a: Scovillain|Protect|p1a: Scovillain\n|-singleturn|p1a: Scovillain|Protect\n|move|p2a: Kommo-o|Scale Shot|p1a: Scovillain\n|-activate|p1a: Scovillain|move: Protect\n|\n|-heal|p1a: Scovillain|62/100|[from] item: Leftovers\n|upkeep\n|turn|4\n|inactive|Time left: 300 sec this turn | 300 sec total\n|\n|t:|1783567981\n|switch|p1a: Ribombee|Ribombee, L83, M|100/100\n|move|p2a: Kommo-o|Scale Shot|p1a: Ribombee\n|-immune|p1a: Ribombee\n|\n|upkeep\n|turn|5\n|inactive|Time left: 300 sec this turn | 300 sec total\n|\n|t:|1783567983\n|-terastallize|p1a: Ribombee|Ghost\n|move|p2a: Kommo-o|Iron Head|p1a: Ribombee\n|-damage|p1a: Ribombee|46/100\n|move|p1a: Ribombee|Moonblast|p2a: Kommo-o\n|-supereffective|p2a: Kommo-o\n|-damage|p2a: Kommo-o|0 fnt\n|faint|p2a: Kommo-o\n|\n|upkeep\n|inactive|Time left: 300 sec this turn | 300 sec total | 5 sec grace\n|\n|t:|1783567984\n|switch|p2a: Conkeldurr|Conkeldurr, L80, M|299/299\n|turn|6\n|inactive|Time left: 300 sec this turn | 300 sec total\n|\n|t:|1783567985\n|move|p1a: Ribombee|Sticky Web|p2a: Conkeldurr\n|-sidestart|p2: p0y241012ba|move: Sticky Web\n|move|p2a: Conkeldurr|Knock Off|p1a: Ribombee\n|-supereffective|p1a: Ribombee\n|-damage|p1a: Ribombee|0 fnt\n|-enditem|p1a: Ribombee|Heavy-Duty Boots|[from] move: Knock Off|[of] p2a: Conkeldurr\n|faint|p1a: Ribombee\n|\n|-status|p2a: Conkeldurr|brn|[from] item: Flame Orb\n|upkeep\n|\n|t:|1783567986\n|switch|p1a: Dragonite|Dragonite, L74, M|100/100\n|turn|7\n|inactive|Time left: 300 sec this turn | 300 sec total\n|\n|t:|1783567987\n|move|p1a: Dragonite|Outrage|p2a: Conkeldurr\n|-damage|p2a: Conkeldurr|179/299 brn\n|move|p2a: Conkeldurr|Facade|p1a: Dragonite\n|-damage|p1a: Dragonite|60/100\n|\n|-damage|p2a: Conkeldurr|161/299 brn|[from] brn\n|upkeep\n|turn|8\n|inactive|Time left: 300 sec this turn | 300 sec total\n|\n|t:|1783567988\n|switch|p2a: Alcremie|Alcremie-Lemon-Cream, L90, F|263/263\n|-activate|p2a: Alcremie|move: Sticky Web\n|-unboost|p2a: Alcremie|spe|1\n|move|p1a: Dragonite|Outrage|p2a: Alcremie|[from] lockedmove\n|-immune|p2a: Alcremie\n|\n|upkeep\n|turn|9\n|inactive|Time left: 300 sec this turn | 300 sec total\n|\n|t:|1783567989\n|move|p1a: Dragonite|Iron Head|p2a: Alcremie\n|-supereffective|p2a: Alcremie\n|-damage|p2a: Alcremie|151/263\n|move|p2a: Alcremie|Alluring Voice|p1a: Dragonite\n|-supereffective|p1a: Dragonite\n|-damage|p1a: Dragonite|0 fnt\n|faint|p1a: Dragonite\n|\n|-heal|p2a: Alcremie|167/263|[from] item: Leftovers\n|upkeep\n|\n|t:|1783567990\n|switch|p1a: Goodra|Goodra-Hisui, L82, M|100/100\n|turn|10\n|inactive|Time left: 300 sec this turn | 300 sec total\n|\n|t:|1783567991\n|switch|p2a: Entei|Entei, L78|307/307\n|-activate|p2a: Entei|move: Sticky Web\n|-unboost|p2a: Entei|spe|1\n|move|p1a: Goodra|Heavy Slam|p2a: Entei\n|-resisted|p2a: Entei\n|-damage|p2a: Entei|283/307\n|\n|upkeep\n|turn|11\n|inactive|Time left: 300 sec this turn | 300 sec total\n|\n|t:|1783567993\n|move|p1a: Goodra|Earthquake|p2a: Entei\n|-supereffective|p2a: Entei\n|-damage|p2a: Entei|143/307\n|move|p2a: Entei|Sacred Fire|p1a: Goodra|[miss]\n|-miss|p2a: Entei|p1a: Goodra\n|\n|upkeep\n|turn|12\n|inactive|Time left: 300 sec this turn | 300 sec total\n|\n|t:|1783567994\n|move|p1a: Goodra|Earthquake|p2a: Entei\n|-supereffective|p2a: Entei\n|-damage|p2a: Entei|0 fnt\n|faint|p2a: Entei\n|\n|upkeep\n|inactive|Time left: 300 sec this turn | 300 sec total | 5 sec grace\n|\n|t:|1783567995\n|switch|p2a: Dunsparce|Dunsparce, L86, F|312/312\n|-activate|p2a: Dunsparce|move: Sticky Web\n|-unboost|p2a: Dunsparce|spe|1\n|turn|13\n|inactive|Time left: 300 sec this turn | 300 sec total\n|\n|t:|1783567996\n|switch|p1a: Scovillain|Scovillain, L91, M|62/100\n|move|p2a: Dunsparce|Coil|p2a: Dunsparce\n|-boost|p2a: Dunsparce|atk|1\n|-boost|p2a: Dunsparce|def|1\n|-boost|p2a: Dunsparce|accuracy|1\n|\n|-heal|p1a: Scovillain|68/100|[from] item: Leftovers\n|upkeep\n|turn|14\n|inactive|Time left: 300 sec this turn | 300 sec total\n|\n|t:|1783567997\n|move|p1a: Scovillain|Leech Seed|p2a: Dunsparce|[miss]\n|-miss|p1a: Scovillain|p2a: Dunsparce\n|move|p2a: Dunsparce|Body Slam|p1a: Scovillain\n|-damage|p1a: Scovillain|16/100\n|-status|p1a: Scovillain|par\n|\n|-heal|p1a: Scovillain|22/100 par|[from] item: Leftovers\n|upkeep\n|turn|15\n|inactive|Time left: 300 sec this turn | 300 sec total\n|\n|t:|1783567998\n|move|p1a: Scovillain|Leech Seed|p2a: Dunsparce\n|-start|p2a: Dunsparce|move: Leech Seed\n|move|p2a: Dunsparce|Earthquake|p1a: Scovillain\n|-damage|p1a: Scovillain|0 fnt\n|faint|p1a: Scovillain\n|\n|upkeep\n|\n|t:|1783567999\n|switch|p1a: Chesnaught|Chesnaught, L84, M|100/100\n|turn|16\n|inactive|Time left: 300 sec this turn | 300 sec total\n|\n|t:|1783568000\n|switch|p2a: Alcremie|Alcremie-Lemon-Cream, L90, F|167/263\n|-activate|p2a: Alcremie|move: Sticky Web\n|-unboost|p2a: Alcremie|spe|1\n|move|p1a: Chesnaught|Iron Defense|p1a: Chesnaught\n|-boost|p1a: Chesnaught|def|2\n|\n|-heal|p2a: Alcremie|183/263|[from] item: Leftovers\n|upkeep\n|turn|17\n|inactive|Time left: 300 sec this turn | 300 sec total\n|\n|t:|1783568000\n|move|p1a: Chesnaught|Body Press|p2a: Alcremie\n|-resisted|p2a: Alcremie\n|-damage|p2a: Alcremie|76/263\n|move|p2a: Alcremie|Recover|p2a: Alcremie\n|-heal|p2a: Alcremie|208/263\n|\n|-heal|p2a: Alcremie|224/263|[from] item: Leftovers\n|upkeep\n|turn|18\n|inactive|Time left: 300 sec this turn | 300 sec total\n|\n|t:|1783568001\n|switch|p1a: Goodra|Goodra-Hisui, L82, M|100/100\n|move|p2a: Alcremie|Alluring Voice|p1a: Goodra\n|-damage|p1a: Goodra|81/100\n|\n|-heal|p2a: Alcremie|240/263|[from] item: Leftovers\n|upkeep\n|turn|19\n|inactive|Time left: 300 sec this turn | 300 sec total\n|\n|t:|1783568002\n|switch|p2a: Dunsparce|Dunsparce, L86, F|312/312\n|-activate|p2a: Dunsparce|move: Sticky Web\n|-unboost|p2a: Dunsparce|spe|1\n|move|p1a: Goodra|Heavy Slam|p2a: Dunsparce\n|-damage|p2a: Dunsparce|213/312\n|\n|upkeep\n|turn|20\n|inactive|Time left: 300 sec this turn | 300 sec total\n|\n|t:|1783568003\n|move|p1a: Goodra|Heavy Slam|p2a: Dunsparce\n|-damage|p2a: Dunsparce|119/312\n|move|p2a: Dunsparce|Roost|p2a: Dunsparce\n|-heal|p2a: Dunsparce|275/312\n|-singleturn|p2a: Dunsparce|move: Roost\n|\n|upkeep\n|turn|21\n|inactive|Time left: 300 sec this turn | 300 sec total\n|\n|t:|1783568004\n|switch|p1a: Chesnaught|Chesnaught, L84, M|100/100\n|move|p2a: Dunsparce|Coil|p2a: Dunsparce\n|-boost|p2a: Dunsparce|atk|1\n|-boost|p2a: Dunsparce|def|1\n|-boost|p2a: Dunsparce|accuracy|1\n|\n|upkeep\n|turn|22\n|inactive|Time left: 300 sec this turn | 300 sec total\n|\n|t:|1783568005\n|move|p1a: Chesnaught|Iron Defense|p1a: Chesnaught\n|-boost|p1a: Chesnaught|def|2\n|move|p2a: Dunsparce|Coil|p2a: Dunsparce\n|-boost|p2a: Dunsparce|atk|1\n|-boost|p2a: Dunsparce|def|1\n|-boost|p2a: Dunsparce|accuracy|1\n|\n|upkeep\n|turn|23\n|inactive|Time left: 300 sec this turn | 300 sec total\n|\n|t:|1783568006\n|move|p1a: Chesnaught|Body Press|p2a: Dunsparce\n|-supereffective|p2a: Dunsparce\n|-damage|p2a: Dunsparce|113/312\n|move|p2a: Dunsparce|Coil|p2a: Dunsparce\n|-boost|p2a: Dunsparce|atk|1\n|-boost|p2a: Dunsparce|def|1\n|-boost|p2a: Dunsparce|accuracy|1\n|\n|upkeep\n|turn|24\n|inactive|Time left: 300 sec this turn | 300 sec total\n|\n|t:|1783568007\n|-terastallize|p2a: Dunsparce|Ghost\n|move|p1a: Chesnaught|Body Press|p2a: Dunsparce\n|-immune|p2a: Dunsparce\n|move|p2a: Dunsparce|Roost|p2a: Dunsparce\n|-heal|p2a: Dunsparce|269/312\n|\n|upkeep\n|turn|25\n|inactive|Time left: 300 sec this turn | 300 sec total\n|\n|t:|1783568008\n|move|p1a: Chesnaught|Trailblaze|p2a: Dunsparce\n|-damage|p2a: Dunsparce|248/312\n|-boost|p1a: Chesnaught|spe|1\n|move|p2a: Dunsparce|Coil|p2a: Dunsparce\n|-boost|p2a: Dunsparce|atk|1\n|-boost|p2a: Dunsparce|def|1\n|-boost|p2a: Dunsparce|accuracy|1\n|\n|upkeep\n|turn|26\n|inactive|Time left: 300 sec this turn | 300 sec total\n|\n|t:|1783568009\n|move|p1a: Chesnaught|Iron Defense|p1a: Chesnaught\n|-boost|p1a: Chesnaught|def|2\n|move|p2a: Dunsparce|Body Slam|p1a: Chesnaught\n|-damage|p1a: Chesnaught|80/100\n|\n|-heal|p1a: Chesnaught|86/100|[from] item: Leftovers\n|upkeep\n|turn|27\n|inactive|Time left: 300 sec this turn | 300 sec total\n|\n|t:|1783568010\n|move|p1a: Chesnaught|Trailblaze|p2a: Dunsparce\n|-damage|p2a: Dunsparce|232/312\n|-boost|p1a: Chesnaught|spe|1\n|move|p2a: Dunsparce|Body Slam|p1a: Chesnaught\n|-damage|p1a: Chesnaught|66/100\n|\n|-heal|p1a: Chesnaught|72/100|[from] item: Leftovers\n|upkeep\n|turn|28\n|inactive|Time left: 300 sec this turn | 300 sec total\n|\n|t:|1783568010\n|move|p1a: Chesnaught|Trailblaze|p2a: Dunsparce\n|-damage|p2a: Dunsparce|216/312\n|-boost|p1a: Chesnaught|spe|1\n|move|p2a: Dunsparce|Body Slam|p1a: Chesnaught\n|-damage|p1a: Chesnaught|51/100\n|-status|p1a: Chesnaught|par\n|\n|-heal|p1a: Chesnaught|57/100 par|[from] item: Leftovers\n|upkeep\n|turn|29\n|inactive|Time left: 300 sec this turn | 300 sec total\n|\n|t:|1783568012\n|cant|p1a: Chesnaught|par\n|move|p2a: Dunsparce|Roost|p2a: Dunsparce\n|-heal|p2a: Dunsparce|312/312\n|\n|-heal|p1a: Chesnaught|63/100 par|[from] item: Leftovers\n|upkeep\n|turn|30\n|inactive|Time left: 300 sec this turn | 300 sec total\n|\n|t:|1783568012\n|move|p1a: Chesnaught|Synthesis|p1a: Chesnaught\n|-heal|p1a: Chesnaught|100/100 par\n|move|p2a: Dunsparce|Body Slam|p1a: Chesnaught\n|-damage|p1a: Chesnaught|79/100 par\n|\n|-heal|p1a: Chesnaught|85/100 par|[from] item: Leftovers\n|upkeep\n|turn|31\n|inactive|Time left: 300 sec this turn | 300 sec total\n|\n|t:|1783568013\n|move|p1a: Chesnaught|Trailblaze|p2a: Dunsparce\n|-damage|p2a: Dunsparce|296/312\n|-boost|p1a: Chesnaught|spe|1\n|move|p2a: Dunsparce|Body Slam|p1a: Chesnaught\n|-damage|p1a: Chesnaught|64/100 par\n|\n|-heal|p1a: Chesnaught|70/100 par|[from] item: Leftovers\n|upkeep\n|turn|32\n|inactive|Time left: 300 sec this turn | 300 sec total\n|\n|t:|1783568015\n|move|p1a: Chesnaught|Synthesis|p1a: Chesnaught\n|-heal|p1a: Chesnaught|100/100 par\n|move|p2a: Dunsparce|Body Slam|p1a: Chesnaught\n|-damage|p1a: Chesnaught|79/100 par\n|\n|-heal|p1a: Chesnaught|85/100 par|[from] item: Leftovers\n|upkeep\n|turn|33\n|inactive|Time left: 300 sec this turn | 300 sec total\n|\n|t:|1783568015\n|move|p1a: Chesnaught|Iron Defense|p1a: Chesnaught\n|-boost|p1a: Chesnaught|def|2\n|move|p2a: Dunsparce|Body Slam|p1a: Chesnaught\n|-damage|p1a: Chesnaught|71/100 par\n|\n|-heal|p1a: Chesnaught|77/100 par|[from] item: Leftovers\n|upkeep\n|turn|34\n|inactive|Time left: 300 sec this turn | 300 sec total\n|\n|t:|1783568017\n|cant|p1a: Chesnaught|par\n|move|p2a: Dunsparce|Body Slam|p1a: Chesnaught\n|-damage|p1a: Chesnaught|62/100 par\n|\n|-heal|p1a: Chesnaught|68/100 par|[from] item: Leftovers\n|upkeep\n|turn|35\n|inactive|Time left: 300 sec this turn | 300 sec total\n|\n|t:|1783568018\n|move|p1a: Chesnaught|Synthesis|p1a: Chesnaught\n|-heal|p1a: Chesnaught|100/100 par\n|move|p2a: Dunsparce|Coil|p2a: Dunsparce\n|-boost|p2a: Dunsparce|atk|1\n|-boost|p2a: Dunsparce|def|1\n|-boost|p2a: Dunsparce|accuracy|1\n|\n|upkeep\n|turn|36\n|inactive|Time left: 300 sec this turn | 300 sec total\n|\n|t:|1783568019\n|move|p1a: Chesnaught|Trailblaze|p2a: Dunsparce\n|-damage|p2a: Dunsparce|283/312\n|-boost|p1a: Chesnaught|spe|1\n|move|p2a: Dunsparce|Body Slam|p1a: Chesnaught\n|-damage|p1a: Chesnaught|82/100 par\n|\n|-heal|p1a: Chesnaught|88/100 par|[from] item: Leftovers\n|upkeep\n|turn|37\n|inactive|Time left: 300 sec this turn | 300 sec total\n|\n|t:|1783568020\n|move|p1a: Chesnaught|Synthesis|p1a: Chesnaught\n|-heal|p1a: Chesnaught|100/100 par\n|move|p2a: Dunsparce|Body Slam|p1a: Chesnaught\n|-damage|p1a: Chesnaught|83/100 par\n|\n|-heal|p1a: Chesnaught|89/100 par|[from] item: Leftovers\n|upkeep\n|turn|38\n|inactive|Time left: 300 sec this turn | 300 sec total\n|\n|t:|1783568021\n|move|p1a: Chesnaught|Synthesis|p1a: Chesnaught\n|-heal|p1a: Chesnaught|100/100 par\n|move|p2a: Dunsparce|Body Slam|p1a: Chesnaught\n|-damage|p1a: Chesnaught|83/100 par\n|\n|-heal|p1a: Chesnaught|89/100 par|[from] item: Leftovers\n|upkeep\n|turn|39\n|inactive|Time left: 300 sec this turn | 300 sec total\n|\n|t:|1783568023\n|cant|p1a: Chesnaught|par\n|move|p2a: Dunsparce|Body Slam|p1a: Chesnaught\n|-crit|p1a: Chesnaught\n|-damage|p1a: Chesnaught|0 fnt\n|faint|p1a: Chesnaught\n|\n|upkeep\n|\n|t:|1783568024\n|switch|p1a: Goodra|Goodra-Hisui, L82, M|81/100\n|turn|40\n|inactive|Time left: 300 sec this turn | 300 sec total\n|\n|t:|1783568025\n|move|p1a: Goodra|Draco Meteor|p2a: Dunsparce\n|-damage|p2a: Dunsparce|159/312\n|-unboost|p1a: Goodra|spa|2\n|move|p2a: Dunsparce|Earthquake|p1a: Goodra\n|-supereffective|p1a: Goodra\n|-damage|p1a: Goodra|0 fnt\n|faint|p1a: Goodra\n|\n|upkeep\n|\n|t:|1783568026\n|switch|p1a: Deoxys|Deoxys, L74|100/100\n|-ability|p1a: Deoxys|Pressure\n|turn|41\n|inactive|Time left: 300 sec this turn | 300 sec total\n|\n|t:|1783568027\n|move|p1a: Deoxys|Psycho Boost|p2a: Dunsparce\n|-damage|p2a: Dunsparce|0 fnt\n|-unboost|p1a: Deoxys|spa|2\n|faint|p2a: Dunsparce\n|-damage|p1a: Deoxys|91/100|[from] item: Life Orb\n|\n|upkeep\n|inactive|Time left: 300 sec this turn | 300 sec total | 5 sec grace\n|\n|t:|1783568028\n|switch|p2a: Alcremie|Alcremie-Lemon-Cream, L90, F|240/263\n|-activate|p2a: Alcremie|move: Sticky Web\n|-unboost|p2a: Alcremie|spe|1\n|turn|42\n|inactive|Time left: 300 sec this turn | 300 sec total\n|\n|t:|1783568028\n|move|p1a: Deoxys|Knock Off|p2a: Alcremie\n|-resisted|p2a: Alcremie\n|-damage|p2a: Alcremie|192/263\n|-enditem|p2a: Alcremie|Leftovers|[from] move: Knock Off|[of] p1a: Deoxys\n|-damage|p1a: Deoxys|81/100|[from] item: Life Orb\n|move|p2a: Alcremie|Alluring Voice|p1a: Deoxys\n|-damage|p1a: Deoxys|0 fnt\n|faint|p1a: Deoxys\n|\n|win|p0y241012ba", "uploadtime": 1783568028, "views": 0, "rating": 0, "private": 0, "password": null, "_winner": "p0y241012ba", "_our_name": "p0y241012ba"}