{"id": "battle-gen9randombattle-207", "formatid": "gen9randombattle", "format": "[Gen 9] Random Battle", "players": ["p0x2074a55", "p0y207a93f"], "log": "|init|battle\n|title|p0x2074a55 vs. p0y207a93f\n|j|\u2606p0x2074a55\n|j|\u2606p0y207a93f\n|t:|1783541959\n|gametype|singles\n|player|p1|p0x2074a55|266|\n|player|p2|p0y207a93f|1|\n|gen|9\n|tier|[Gen 9] Random Battle\n|rule|Species Clause: Limit one of each Pok\u00e9mon\n|rule|HP Percentage Mod: HP is shown in percentages\n|rule|Sleep Clause Mod: Limit one foe put to sleep\n|rule|Illusion Level Mod: Illusion disguises the Pok\u00e9mon's true level\n|\n|t:|1783541959\n|teamsize|p1|6\n|teamsize|p2|6\n|start\n|switch|p1a: Tentacruel|Tentacruel, L84, M|272/272\n|switch|p2a: Mewtwo|Mewtwo, L72|100/100\n|-ability|p2a: Mewtwo|Unnerve\n|turn|1\n|inactive|Battle timer is ON: inactive players will automatically lose when time's up. (requested by p0x2074a55)\n|inactive|p0y207a93f also wants the timer to be on.\n|\n|t:|1783541960\n|switch|p1a: Cresselia|Cresselia, L80, F|323/323\n|move|p2a: Mewtwo|Psystrike|p1a: Cresselia\n|-resisted|p1a: Cresselia\n|-damage|p1a: Cresselia|261/323\n|-damage|p2a: Mewtwo|91/100|[from] item: Life Orb\n|\n|-heal|p1a: Cresselia|281/323|[from] item: Leftovers\n|upkeep\n|turn|2\n|inactive|Time left: 300 sec this turn | 300 sec total\n|\n|t:|1783541961\n|move|p2a: Mewtwo|Nasty Plot|p2a: Mewtwo\n|-boost|p2a: Mewtwo|spa|2\n|move|p1a: Cresselia|Calm Mind|p1a: Cresselia\n|-boost|p1a: Cresselia|spa|1\n|-boost|p1a: Cresselia|spd|1\n|\n|-heal|p1a: Cresselia|301/323|[from] item: Leftovers\n|upkeep\n|turn|3\n|inactive|Time left: 300 sec this turn | 300 sec total\n|\n|t:|1783541962\n|move|p2a: Mewtwo|Nasty Plot|p2a: Mewtwo\n|-boost|p2a: Mewtwo|spa|2\n|move|p1a: Cresselia|Moonlight|p1a: Cresselia\n|-heal|p1a: Cresselia|323/323\n|\n|upkeep\n|turn|4\n|inactive|Time left: 300 sec this turn | 300 sec total\n|\n|t:|1783541963\n|move|p2a: Mewtwo|Psystrike|p1a: Cresselia\n|-resisted|p1a: Cresselia\n|-damage|p1a: Cresselia|131/323\n|-damage|p2a: Mewtwo|81/100|[from] item: Life Orb\n|move|p1a: Cresselia|Moonlight|p1a: Cresselia\n|-heal|p1a: Cresselia|292/323\n|\n|-heal|p1a: Cresselia|312/323|[from] item: Leftovers\n|upkeep\n|turn|5\n|inactive|Time left: 300 sec this turn | 300 sec total\n|\n|t:|1783541964\n|move|p2a: Mewtwo|Psystrike|p1a: Cresselia\n|-resisted|p1a: Cresselia\n|-damage|p1a: Cresselia|109/323\n|-damage|p2a: Mewtwo|71/100|[from] item: Life Orb\n|move|p1a: Cresselia|Moonlight|p1a: Cresselia\n|-heal|p1a: Cresselia|270/323\n|\n|-heal|p1a: Cresselia|290/323|[from] item: Leftovers\n|upkeep\n|turn|6\n|inactive|Time left: 300 sec this turn | 300 sec total\n|\n|t:|1783541966\n|move|p2a: Mewtwo|Psystrike|p1a: Cresselia\n|-resisted|p1a: Cresselia\n|-damage|p1a: Cresselia|85/323\n|-damage|p2a: Mewtwo|61/100|[from] item: Life Orb\n|move|p1a: Cresselia|Moonlight|p1a: Cresselia\n|-heal|p1a: Cresselia|246/323\n|\n|-heal|p1a: Cresselia|266/323|[from] item: Leftovers\n|upkeep\n|turn|7\n|inactive|Time left: 300 sec this turn | 300 sec total\n|\n|t:|1783541967\n|move|p2a: Mewtwo|Psystrike|p1a: Cresselia\n|-resisted|p1a: Cresselia\n|-damage|p1a: Cresselia|78/323\n|-damage|p2a: Mewtwo|51/100|[from] item: Life Orb\n|move|p1a: Cresselia|Moonlight|p1a: Cresselia\n|-heal|p1a: Cresselia|239/323\n|\n|-heal|p1a: Cresselia|259/323|[from] item: Leftovers\n|upkeep\n|turn|8\n|inactive|Time left: 300 sec this turn | 300 sec total\n|\n|t:|1783541968\n|move|p2a: Mewtwo|Recover|p2a: Mewtwo\n|-heal|p2a: Mewtwo|100/100\n|move|p1a: Cresselia|Moonlight|p1a: Cresselia\n|-heal|p1a: Cresselia|323/323\n|\n|upkeep\n|turn|9\n|inactive|Time left: 300 sec this turn | 300 sec total\n|\n|t:|1783541969\n|move|p2a: Mewtwo|Psystrike|p1a: Cresselia\n|-resisted|p1a: Cresselia\n|-damage|p1a: Cresselia|118/323\n|-damage|p2a: Mewtwo|91/100|[from] item: Life Orb\n|move|p1a: Cresselia|Moonlight|p1a: Cresselia\n|-heal|p1a: Cresselia|279/323\n|\n|-heal|p1a: Cresselia|299/323|[from] item: Leftovers\n|upkeep\n|turn|10\n|inactive|Time left: 300 sec this turn | 300 sec total\n|\n|t:|1783541971\n|move|p2a: Mewtwo|Psystrike|p1a: Cresselia\n|-resisted|p1a: Cresselia\n|-damage|p1a: Cresselia|92/323\n|-damage|p2a: Mewtwo|81/100|[from] item: Life Orb\n|move|p1a: Cresselia|Moonlight|p1a: Cresselia\n|-heal|p1a: Cresselia|253/323\n|\n|-heal|p1a: Cresselia|273/323|[from] item: Leftovers\n|upkeep\n|turn|11\n|inactive|Time left: 300 sec this turn | 300 sec total\n|\n|t:|1783541973\n|move|p2a: Mewtwo|Psystrike|p1a: Cresselia\n|-resisted|p1a: Cresselia\n|-damage|p1a: Cresselia|86/323\n|-damage|p2a: Mewtwo|71/100|[from] item: Life Orb\n|move|p1a: Cresselia|Thunderbolt|p2a: Mewtwo\n|-damage|p2a: Mewtwo|42/100\n|\n|-heal|p1a: Cresselia|106/323|[from] item: Leftovers\n|upkeep\n|turn|12\n|inactive|Time left: 300 sec this turn | 300 sec total\n|\n|t:|1783541974\n|move|p2a: Mewtwo|Psystrike|p1a: Cresselia\n|-resisted|p1a: Cresselia\n|-damage|p1a: Cresselia|0 fnt\n|faint|p1a: Cresselia\n|-damage|p2a: Mewtwo|32/100|[from] item: Life Orb\n|\n|upkeep\n|inactive|Time left: 300 sec this turn | 300 sec total | 5 sec grace\n|\n|t:|1783541976\n|switch|p1a: Grafaiai|Grafaiai, L86, M|249/249\n|turn|13\n|inactive|Time left: 300 sec this turn | 300 sec total\n|\n|t:|1783541977\n|move|p1a: Grafaiai|Knock Off|p2a: Mewtwo\n|-supereffective|p2a: Mewtwo\n|-damage|p2a: Mewtwo|0 fnt\n|-enditem|p2a: Mewtwo|Life Orb|[from] move: Knock Off|[of] p1a: Grafaiai\n|faint|p2a: Mewtwo\n|\n|upkeep\n|\n|t:|1783541978\n|switch|p2a: Chi-Yu|Chi-Yu, L77|100/100\n|-ability|p2a: Chi-Yu|Beads of Ruin\n|turn|14\n|inactive|Time left: 300 sec this turn | 300 sec total\n|\n|t:|1783541979\n|switch|p1a: Diancie|Diancie, L82|216/216\n|move|p2a: Chi-Yu|Flamethrower|p1a: Diancie\n|-resisted|p1a: Diancie\n|-damage|p1a: Diancie|147/216\n|\n|-heal|p1a: Diancie|160/216|[from] item: Leftovers\n|upkeep\n|turn|15\n|inactive|Time left: 300 sec this turn | 300 sec total\n|\n|t:|1783541980\n|move|p2a: Chi-Yu|Flamethrower|p1a: Diancie\n|-resisted|p1a: Diancie\n|-damage|p1a: Diancie|91/216\n|move|p1a: Diancie|Diamond Storm|p2a: Chi-Yu\n|-supereffective|p2a: Chi-Yu\n|-damage|p2a: Chi-Yu|0 fnt\n|faint|p2a: Chi-Yu\n|\n|-heal|p1a: Diancie|104/216|[from] item: Leftovers\n|upkeep\n|\n|t:|1783541981\n|switch|p2a: Tauros|Tauros-Paldea-Combat, L82, M|100/100\n|-ability|p2a: Tauros|Intimidate|boost\n|-fail|p1a: Diancie|unboost|[from] ability: Clear Body|[of] p1a: Diancie\n|turn|16\n|inactive|Time left: 300 sec this turn | 300 sec total\n|\n|t:|1783541983\n|-terastallize|p1a: Diancie|Fairy\n|move|p2a: Tauros|Close Combat|p1a: Diancie\n|-resisted|p1a: Diancie\n|-damage|p1a: Diancie|37/216\n|-unboost|p2a: Tauros|def|1\n|-unboost|p2a: Tauros|spd|1\n|move|p1a: Diancie|Draining Kiss|p2a: Tauros\n|-supereffective|p2a: Tauros\n|-damage|p2a: Tauros|0 fnt\n|-heal|p1a: Diancie|216/216|[from] drain|[of] p2a: Tauros\n|faint|p2a: Tauros\n|\n|upkeep\n|\n|t:|1783541984\n|switch|p2a: Raging Bolt|Raging Bolt, L78|100/100\n|turn|17\n|inactive|Time left: 300 sec this turn | 300 sec total\n|\n|t:|1783541985\n|move|p2a: Raging Bolt|Calm Mind|p2a: Raging Bolt\n|-boost|p2a: Raging Bolt|spa|1\n|-boost|p2a: Raging Bolt|spd|1\n|move|p1a: Diancie|Calm Mind|p1a: Diancie\n|-boost|p1a: Diancie|spa|1\n|-boost|p1a: Diancie|spd|1\n|\n|upkeep\n|turn|18\n|inactive|Time left: 300 sec this turn | 300 sec total\n|\n|t:|1783541986\n|move|p2a: Raging Bolt|Calm Mind|p2a: Raging Bolt\n|-boost|p2a: Raging Bolt|spa|1\n|-boost|p2a: Raging Bolt|spd|1\n|move|p1a: Diancie|Calm Mind|p1a: Diancie\n|-boost|p1a: Diancie|spa|1\n|-boost|p1a: Diancie|spd|1\n|\n|upkeep\n|turn|19\n|inactive|Time left: 300 sec this turn | 300 sec total\n|\n|t:|1783541987\n|move|p2a: Raging Bolt|Calm Mind|p2a: Raging Bolt\n|-boost|p2a: Raging Bolt|spa|1\n|-boost|p2a: Raging Bolt|spd|1\n|move|p1a: Diancie|Draining Kiss|p2a: Raging Bolt\n|-supereffective|p2a: Raging Bolt\n|-damage|p2a: Raging Bolt|60/100\n|\n|-heal|p2a: Raging Bolt|66/100|[from] item: Leftovers\n|upkeep\n|turn|20\n|inactive|Time left: 300 sec this turn | 300 sec total\n|\n|t:|1783541988\n|-terastallize|p2a: Raging Bolt|Electric\n|move|p2a: Raging Bolt|Thunderbolt|p1a: Diancie\n|-damage|p1a: Diancie|88/216\n|move|p1a: Diancie|Draining Kiss|p2a: Raging Bolt\n|-damage|p2a: Raging Bolt|42/100\n|-heal|p1a: Diancie|147/216|[from] drain|[of] p2a: Raging Bolt\n|\n|-heal|p2a: Raging Bolt|48/100|[from] item: Leftovers\n|-heal|p1a: Diancie|160/216|[from] item: Leftovers\n|upkeep\n|turn|21\n|inactive|Time left: 300 sec this turn | 300 sec total\n|\n|t:|1783541989\n|move|p2a: Raging Bolt|Thunderbolt|p1a: Diancie\n|-damage|p1a: Diancie|40/216\n|move|p1a: Diancie|Diamond Storm|p2a: Raging Bolt\n|-damage|p2a: Raging Bolt|14/100\n|-boost|p1a: Diancie|def|2\n|\n|-heal|p2a: Raging Bolt|20/100|[from] item: Leftovers\n|-heal|p1a: Diancie|53/216|[from] item: Leftovers\n|upkeep\n|turn|22\n|inactive|Time left: 300 sec this turn | 300 sec total\n|\n|t:|1783541990\n|move|p2a: Raging Bolt|Thunderbolt|p1a: Diancie\n|-damage|p1a: Diancie|0 fnt\n|faint|p1a: Diancie\n|\n|-heal|p2a: Raging Bolt|26/100|[from] item: Leftovers\n|upkeep\n|inactive|Time left: 300 sec this turn | 300 sec total | 5 sec grace\n|\n|t:|1783541991\n|switch|p1a: Grafaiai|Grafaiai, L86, M|249/249\n|turn|23\n|inactive|Time left: 300 sec this turn | 300 sec total\n|\n|t:|1783541992\n|move|p1a: Grafaiai|Parting Shot|p2a: Raging Bolt\n|-unboost|p2a: Raging Bolt|atk|1\n|-unboost|p2a: Raging Bolt|spa|1\n|inactive|Time left: 300 sec this turn | 300 sec total | 5 sec grace\n|\n|t:|1783541993\n|switch|p1a: Florges|Florges-Blue, L85, F|271/271|[from] Parting Shot\n|move|p2a: Raging Bolt|Thunderclap||[still]\n|-fail|p2a: Raging Bolt\n|\n|-heal|p2a: Raging Bolt|32/100|[from] item: Leftovers\n|upkeep\n|turn|24\n|inactive|Time left: 300 sec this turn | 300 sec total\n|\n|t:|1783541994\n|move|p1a: Florges|Calm Mind|p1a: Florges\n|-boost|p1a: Florges|spa|1\n|-boost|p1a: Florges|spd|1\n|move|p2a: Raging Bolt|Thunderbolt|p1a: Florges\n|-damage|p1a: Florges|157/271\n|\n|-heal|p1a: Florges|173/271|[from] item: Leftovers\n|-heal|p2a: Raging Bolt|38/100|[from] item: Leftovers\n|upkeep\n|turn|25\n|inactive|Time left: 300 sec this turn | 300 sec total\n|\n|t:|1783541995\n|move|p1a: Florges|Moonblast|p2a: Raging Bolt\n|-damage|p2a: Raging Bolt|15/100\n|move|p2a: Raging Bolt|Thunderbolt|p1a: Florges\n|-damage|p1a: Florges|53/271\n|\n|-heal|p1a: Florges|69/271|[from] item: Leftovers\n|-heal|p2a: Raging Bolt|21/100|[from] item: Leftovers\n|upkeep\n|turn|26\n|inactive|Time left: 300 sec this turn | 300 sec total\n|\n|t:|1783541996\n|move|p1a: Florges|Moonblast|p2a: Raging Bolt\n|-crit|p2a: Raging Bolt\n|-damage|p2a: Raging Bolt|0 fnt\n|faint|p2a: Raging Bolt\n|-end|p2a: Raging Bolt|Protosynthesis|[silent]\n|\n|-heal|p1a: Florges|85/271|[from] item: Leftovers\n|upkeep\n|\n|t:|1783541997\n|switch|p2a: Azelf|Azelf, L82|100/100\n|turn|27\n|inactive|Time left: 300 sec this turn | 300 sec total\n|\n|t:|1783541998\n|move|p2a: Azelf|Psyshock|p1a: Florges\n|-damage|p1a: Florges|0 fnt\n|faint|p1a: Florges\n|\n|upkeep\n|inactive|Time left: 300 sec this turn | 300 sec total | 5 sec grace\n|\n|t:|1783541999\n|switch|p1a: Grafaiai|Grafaiai, L86, M|249/249\n|turn|28\n|inactive|Time left: 300 sec this turn | 300 sec total\n|\n|t:|1783542001\n|move|p1a: Grafaiai|Knock Off|p2a: Azelf\n|-supereffective|p2a: Azelf\n|-damage|p2a: Azelf|33/100\n|-enditem|p2a: Azelf|Choice Specs|[from] move: Knock Off|[of] p1a: Grafaiai\n|move|p2a: Azelf|Psyshock|p1a: Grafaiai\n|-supereffective|p1a: Grafaiai\n|-damage|p1a: Grafaiai|13/249\n|\n|upkeep\n|turn|29\n|inactive|Time left: 300 sec this turn | 300 sec total\n|\n|t:|1783542002\n|move|p1a: Grafaiai|Knock Off|p2a: Azelf\n|-supereffective|p2a: Azelf\n|-damage|p2a: Azelf|0 fnt\n|faint|p2a: Azelf\n|\n|upkeep\n|\n|t:|1783542003\n|switch|p2a: Cramorant|Cramorant, L86, M|100/100\n|turn|30\n|inactive|Time left: 300 sec this turn | 300 sec total\n|\n|t:|1783542004\n|move|p1a: Grafaiai|Gunk Shot|p2a: Cramorant|[miss]\n|-miss|p1a: Grafaiai|p2a: Cramorant\n|move|p2a: Cramorant|Roost||[still]\n|-fail|p2a: Cramorant|heal\n|\n|upkeep\n|turn|31\n|inactive|Time left: 300 sec this turn | 300 sec total\n|\n|t:|1783542005\n|move|p1a: Grafaiai|Gunk Shot|p2a: Cramorant\n|-damage|p2a: Cramorant|27/100\n|move|p2a: Cramorant|Roost|p2a: Cramorant\n|-heal|p2a: Cramorant|77/100\n|-singleturn|p2a: Cramorant|move: Roost\n|\n|upkeep\n|turn|32\n|inactive|Time left: 300 sec this turn | 300 sec total\n|\n|t:|1783542006\n|move|p1a: Grafaiai|Gunk Shot|p2a: Cramorant\n|-damage|p2a: Cramorant|4/100\n|move|p2a: Cramorant|Roost|p2a: Cramorant\n|-heal|p2a: Cramorant|54/100\n|-singleturn|p2a: Cramorant|move: Roost\n|\n|upkeep\n|turn|33\n|inactive|Time left: 300 sec this turn | 300 sec total\n|\n|t:|1783542007\n|move|p1a: Grafaiai|Gunk Shot|p2a: Cramorant\n|-damage|p2a: Cramorant|0 fnt\n|faint|p2a: Cramorant\n|\n|win|p0x2074a55", "uploadtime": 1783542007, "views": 0, "rating": 0, "private": 0, "password": null, "_winner": "p0x2074a55", "_our_name": "p0x2074a55"}