{"id": "battle-gen9randombattle-1758", "formatid": "gen9randombattle", "format": "[Gen 9] Random Battle", "players": ["p0x1758128f", "p0y1758348e"], "log": "|init|battle\n|title|p0x1758128f vs. p0y1758348e\n|j|\u2606p0x1758128f\n|j|\u2606p0y1758348e\n|t:|1783560307\n|gametype|singles\n|player|p1|p0x1758128f|169|\n|player|p2|p0y1758348e|170|\n|gen|9\n|tier|[Gen 9] Random Battle\n|rule|Species Clause: Limit one of each Pok\u00e9mon\n|rule|HP Percentage Mod: HP is shown in percentages\n|rule|Sleep Clause Mod: Limit one foe put to sleep\n|rule|Illusion Level Mod: Illusion disguises the Pok\u00e9mon's true level\n|\n|t:|1783560307\n|teamsize|p1|6\n|teamsize|p2|6\n|start\n|switch|p1a: Azelf|Azelf, L82|100/100\n|switch|p2a: Rabsca|Rabsca, L91, M|284/284\n|turn|1\n|inactive|Battle timer is ON: inactive players will automatically lose when time's up. (requested by p0x1758128f)\n|inactive|Time left: 300 sec this turn | 300 sec total | 60 sec grace\n|\n|t:|1783560308\n|move|p1a: Azelf|U-turn|p2a: Rabsca\n|-supereffective|p2a: Rabsca\n|-damage|p2a: Rabsca|174/284\n|inactive|p0y1758348e also wants the timer to be on.\n|\n|t:|1783560309\n|switch|p1a: Blissey|Blissey, L85, F|100/100|[from] U-turn\n|move|p2a: Rabsca|Bug Buzz|p1a: Blissey\n|-damage|p1a: Blissey|85/100\n|\n|-heal|p1a: Blissey|91/100|[from] item: Leftovers\n|upkeep\n|turn|2\n|inactive|Time left: 300 sec this turn | 300 sec total\n|\n|t:|1783560310\n|move|p1a: Blissey|Stealth Rock|p2a: Rabsca\n|-sidestart|p2: p0y1758348e|move: Stealth Rock\n|move|p2a: Rabsca|Recover|p2a: Rabsca\n|-heal|p2a: Rabsca|284/284\n|\n|-heal|p1a: Blissey|97/100|[from] item: Leftovers\n|upkeep\n|turn|3\n|inactive|Time left: 300 sec this turn | 300 sec total\n|\n|t:|1783560311\n|switch|p2a: Iron Hands|Iron Hands, L79|373/373\n|-damage|p2a: Iron Hands|350/373|[from] Stealth Rock\n|move|p1a: Blissey|Seismic Toss|p2a: Iron Hands\n|-damage|p2a: Iron Hands|265/373\n|\n|-heal|p1a: Blissey|100/100|[from] item: Leftovers\n|-heal|p2a: Iron Hands|288/373|[from] item: Leftovers\n|upkeep\n|turn|4\n|inactive|Time left: 300 sec this turn | 300 sec total\n|\n|t:|1783560312\n|switch|p1a: Azelf|Azelf, L82|100/100\n|move|p2a: Iron Hands|Swords Dance|p2a: Iron Hands\n|-boost|p2a: Iron Hands|atk|2\n|\n|-heal|p2a: Iron Hands|311/373|[from] item: Leftovers\n|upkeep\n|turn|5\n|inactive|Time left: 300 sec this turn | 300 sec total\n|\n|t:|1783560313\n|-terastallize|p1a: Azelf|Fairy\n|-terastallize|p2a: Iron Hands|Flying\n|move|p1a: Azelf|Dazzling Gleam|p2a: Iron Hands\n|-damage|p2a: Iron Hands|127/373\n|move|p2a: Iron Hands|Wild Charge|p1a: Azelf\n|-damage|p1a: Azelf|0 fnt\n|faint|p1a: Azelf\n|-damage|p2a: Iron Hands|63/373|[from] Recoil\n|\n|-heal|p2a: Iron Hands|86/373|[from] item: Leftovers\n|upkeep\n|\n|t:|1783560314\n|switch|p1a: Overqwil|Overqwil, L82, F|100/100\n|-ability|p1a: Overqwil|Intimidate|boost\n|-unboost|p2a: Iron Hands|atk|1\n|turn|6\n|inactive|Time left: 300 sec this turn | 300 sec total\n|\n|t:|1783560315\n|move|p1a: Overqwil|Crunch|p2a: Iron Hands\n|-damage|p2a: Iron Hands|0 fnt\n|faint|p2a: Iron Hands\n|-end|p2a: Iron Hands|Quark Drive|[silent]\n|\n|upkeep\n|inactive|Time left: 300 sec this turn | 300 sec total | 5 sec grace\n|\n|t:|1783560316\n|switch|p2a: Krookodile|Krookodile, L79, M|280/280\n|-damage|p2a: Krookodile|263/280|[from] Stealth Rock\n|-ability|p2a: Krookodile|Intimidate|boost\n|-unboost|p1a: Overqwil|atk|1\n|turn|7\n|inactive|Time left: 300 sec this turn | 300 sec total\n|\n|t:|1783560317\n|switch|p1a: Comfey|Comfey, L85, M|100/100\n|move|p2a: Krookodile|Earthquake|p1a: Comfey\n|-damage|p1a: Comfey|41/100\n|-damage|p2a: Krookodile|235/280|[from] item: Life Orb\n|\n|-heal|p1a: Comfey|48/100|[from] item: Leftovers\n|upkeep\n|turn|8\n|inactive|Time left: 300 sec this turn | 300 sec total\n|\n|t:|1783560318\n|move|p1a: Comfey|Draining Kiss|p2a: Krookodile\n|-supereffective|p2a: Krookodile\n|-damage|p2a: Krookodile|121/280\n|-heal|p1a: Comfey|86/100|[from] drain|[of] p2a: Krookodile\n|move|p2a: Krookodile|Gunk Shot|p1a: Comfey|[miss]\n|-miss|p2a: Krookodile|p1a: Comfey\n|\n|-heal|p1a: Comfey|92/100|[from] item: Leftovers\n|upkeep\n|turn|9\n|inactive|Time left: 300 sec this turn | 300 sec total\n|\n|t:|1783560319\n|switch|p2a: Rabsca|Rabsca, L91, M|284/284\n|move|p1a: Comfey|Draining Kiss|p2a: Rabsca\n|-damage|p2a: Rabsca|245/284\n|-heal|p1a: Comfey|100/100|[from] drain|[of] p2a: Rabsca\n|\n|upkeep\n|turn|10\n|inactive|Time left: 300 sec this turn | 300 sec total\n|\n|t:|1783560320\n|move|p1a: Comfey|Calm Mind|p1a: Comfey\n|-boost|p1a: Comfey|spa|1\n|-boost|p1a: Comfey|spd|1\n|move|p2a: Rabsca|Psychic|p1a: Comfey\n|-damage|p1a: Comfey|68/100\n|\n|-heal|p1a: Comfey|74/100|[from] item: Leftovers\n|upkeep\n|turn|11\n|inactive|Time left: 300 sec this turn | 300 sec total\n|\n|t:|1783560321\n|move|p1a: Comfey|Calm Mind|p1a: Comfey\n|-boost|p1a: Comfey|spa|1\n|-boost|p1a: Comfey|spd|1\n|move|p2a: Rabsca|Psychic|p1a: Comfey\n|-damage|p1a: Comfey|50/100\n|\n|-heal|p1a: Comfey|56/100|[from] item: Leftovers\n|upkeep\n|turn|12\n|inactive|Time left: 300 sec this turn | 300 sec total\n|\n|t:|1783560322\n|move|p1a: Comfey|Draining Kiss|p2a: Rabsca\n|-damage|p2a: Rabsca|166/284\n|-heal|p1a: Comfey|83/100|[from] drain|[of] p2a: Rabsca\n|move|p2a: Rabsca|Recover|p2a: Rabsca\n|-heal|p2a: Rabsca|284/284\n|\n|-heal|p1a: Comfey|89/100|[from] item: Leftovers\n|upkeep\n|turn|13\n|inactive|Time left: 300 sec this turn | 300 sec total\n|\n|t:|1783560322\n|switch|p2a: Bronzong|Bronzong, L88|261/261\n|-damage|p2a: Bronzong|245/261|[from] Stealth Rock\n|move|p1a: Comfey|Calm Mind|p1a: Comfey\n|-boost|p1a: Comfey|spa|1\n|-boost|p1a: Comfey|spd|1\n|\n|-heal|p1a: Comfey|95/100|[from] item: Leftovers\n|upkeep\n|turn|14\n|inactive|Time left: 300 sec this turn | 300 sec total\n|\n|t:|1783560323\n|move|p1a: Comfey|Tera Blast|p2a: Bronzong\n|-resisted|p2a: Bronzong\n|-damage|p2a: Bronzong|192/261\n|move|p2a: Bronzong|Psychic Noise|p1a: Comfey\n|-damage|p1a: Comfey|83/100\n|-start|p1a: Comfey|move: Heal Block\n|\n|upkeep\n|turn|15\n|inactive|Time left: 300 sec this turn | 300 sec total\n|\n|t:|1783560325\n|move|p1a: Comfey|Tera Blast|p2a: Bronzong\n|-resisted|p2a: Bronzong\n|-damage|p2a: Bronzong|142/261\n|move|p2a: Bronzong|Iron Defense|p2a: Bronzong\n|-boost|p2a: Bronzong|def|2\n|\n|-end|p1a: Comfey|move: Heal Block\n|upkeep\n|turn|16\n|inactive|Time left: 300 sec this turn | 300 sec total\n|\n|t:|1783560326\n|move|p1a: Comfey|Giga Drain|p2a: Bronzong\n|-resisted|p2a: Bronzong\n|-damage|p2a: Bronzong|99/261\n|-heal|p1a: Comfey|93/100|[from] drain|[of] p2a: Bronzong\n|move|p2a: Bronzong|Psychic Noise|p1a: Comfey\n|-damage|p1a: Comfey|81/100\n|-start|p1a: Comfey|move: Heal Block\n|\n|upkeep\n|turn|17\n|inactive|Time left: 300 sec this turn | 300 sec total\n|\n|t:|1783560327\n|move|p1a: Comfey|Calm Mind|p1a: Comfey\n|-boost|p1a: Comfey|spa|1\n|-boost|p1a: Comfey|spd|1\n|move|p2a: Bronzong|Rest|p2a: Bronzong\n|-status|p2a: Bronzong|slp|[from] move: Rest\n|-heal|p2a: Bronzong|261/261 slp|[silent]\n|-enditem|p2a: Bronzong|Chesto Berry|[eat]\n|-curestatus|p2a: Bronzong|slp|[msg]\n|\n|-end|p1a: Comfey|move: Heal Block\n|upkeep\n|turn|18\n|inactive|Time left: 300 sec this turn | 300 sec total\n|\n|t:|1783560328\n|move|p1a: Comfey|Draining Kiss|p2a: Bronzong\n|-resisted|p2a: Bronzong\n|-damage|p2a: Bronzong|209/261\n|-heal|p1a: Comfey|98/100|[from] drain|[of] p2a: Bronzong\n|move|p2a: Bronzong|Psychic Noise|p1a: Comfey\n|-damage|p1a: Comfey|88/100\n|-start|p1a: Comfey|move: Heal Block\n|\n|upkeep\n|turn|19\n|inactive|Time left: 300 sec this turn | 300 sec total\n|\n|t:|1783560329\n|move|p1a: Comfey|Tera Blast|p2a: Bronzong\n|-resisted|p2a: Bronzong\n|-damage|p2a: Bronzong|148/261\n|move|p2a: Bronzong|Body Press|p1a: Comfey\n|-resisted|p1a: Comfey\n|-damage|p1a: Comfey|57/100\n|\n|-end|p1a: Comfey|move: Heal Block\n|upkeep\n|turn|20\n|inactive|Time left: 300 sec this turn | 300 sec total\n|\n|t:|1783560330\n|move|p1a: Comfey|Draining Kiss|p2a: Bronzong\n|-resisted|p2a: Bronzong\n|-damage|p2a: Bronzong|96/261\n|-heal|p1a: Comfey|74/100|[from] drain|[of] p2a: Bronzong\n|move|p2a: Bronzong|Psychic Noise|p1a: Comfey\n|-damage|p1a: Comfey|64/100\n|-start|p1a: Comfey|move: Heal Block\n|\n|upkeep\n|turn|21\n|inactive|Time left: 300 sec this turn | 300 sec total\n|\n|t:|1783560331\n|move|p1a: Comfey|Tera Blast|p2a: Bronzong\n|-resisted|p2a: Bronzong\n|-damage|p2a: Bronzong|37/261\n|move|p2a: Bronzong|Rest|p2a: Bronzong\n|-status|p2a: Bronzong|slp|[from] move: Rest\n|-heal|p2a: Bronzong|261/261 slp|[silent]\n|\n|-end|p1a: Comfey|move: Heal Block\n|upkeep\n|turn|22\n|inactive|Time left: 300 sec this turn | 300 sec total\n|\n|t:|1783560332\n|move|p1a: Comfey|Draining Kiss|p2a: Bronzong\n|-resisted|p2a: Bronzong\n|-damage|p2a: Bronzong|204/261 slp\n|-heal|p1a: Comfey|83/100|[from] drain|[of] p2a: Bronzong\n|cant|p2a: Bronzong|slp\n|\n|-heal|p1a: Comfey|89/100|[from] item: Leftovers\n|upkeep\n|turn|23\n|inactive|Time left: 300 sec this turn | 300 sec total\n|\n|t:|1783560333\n|move|p1a: Comfey|Tera Blast|p2a: Bronzong\n|-resisted|p2a: Bronzong\n|-damage|p2a: Bronzong|141/261 slp\n|cant|p2a: Bronzong|slp\n|\n|-heal|p1a: Comfey|95/100|[from] item: Leftovers\n|upkeep\n|turn|24\n|inactive|Time left: 300 sec this turn | 300 sec total\n|\n|t:|1783560334\n|move|p1a: Comfey|Draining Kiss|p2a: Bronzong\n|-resisted|p2a: Bronzong\n|-damage|p2a: Bronzong|81/261 slp\n|-heal|p1a: Comfey|100/100|[from] drain|[of] p2a: Bronzong\n|-curestatus|p2a: Bronzong|slp|[msg]\n|move|p2a: Bronzong|Psychic Noise|p1a: Comfey\n|-damage|p1a: Comfey|91/100\n|-start|p1a: Comfey|move: Heal Block\n|\n|upkeep\n|turn|25\n|inactive|Time left: 300 sec this turn | 300 sec total\n|\n|t:|1783560335\n|move|p1a: Comfey|Tera Blast|p2a: Bronzong\n|-resisted|p2a: Bronzong\n|-damage|p2a: Bronzong|20/261\n|move|p2a: Bronzong|Rest|p2a: Bronzong\n|-status|p2a: Bronzong|slp|[from] move: Rest\n|-heal|p2a: Bronzong|261/261 slp|[silent]\n|\n|-end|p1a: Comfey|move: Heal Block\n|upkeep\n|turn|26\n|inactive|Time left: 300 sec this turn | 300 sec total\n|\n|t:|1783560336\n|move|p1a: Comfey|Giga Drain|p2a: Bronzong\n|-resisted|p2a: Bronzong\n|-damage|p2a: Bronzong|206/261 slp\n|-heal|p1a: Comfey|100/100|[from] drain|[of] p2a: Bronzong\n|cant|p2a: Bronzong|slp\n|\n|upkeep\n|turn|27\n|inactive|Time left: 300 sec this turn | 300 sec total\n|\n|t:|1783560338\n|move|p1a: Comfey|Giga Drain|p2a: Bronzong\n|-resisted|p2a: Bronzong\n|-damage|p2a: Bronzong|155/261 slp\n|cant|p2a: Bronzong|slp\n|\n|upkeep\n|turn|28\n|inactive|Time left: 300 sec this turn | 300 sec total\n|\n|t:|1783560338\n|move|p1a: Comfey|Giga Drain|p2a: Bronzong\n|-resisted|p2a: Bronzong\n|-damage|p2a: Bronzong|102/261 slp\n|-curestatus|p2a: Bronzong|slp|[msg]\n|move|p2a: Bronzong|Psychic Noise|p1a: Comfey\n|-damage|p1a: Comfey|92/100\n|-start|p1a: Comfey|move: Heal Block\n|\n|upkeep\n|turn|29\n|inactive|Time left: 300 sec this turn | 300 sec total\n|\n|t:|1783560340\n|move|p1a: Comfey|Tera Blast|p2a: Bronzong\n|-resisted|p2a: Bronzong\n|-damage|p2a: Bronzong|39/261\n|move|p2a: Bronzong|Rest|p2a: Bronzong\n|-status|p2a: Bronzong|slp|[from] move: Rest\n|-heal|p2a: Bronzong|261/261 slp|[silent]\n|\n|-end|p1a: Comfey|move: Heal Block\n|upkeep\n|turn|30\n|inactive|Time left: 300 sec this turn | 300 sec total\n|\n|t:|1783560341\n|move|p1a: Comfey|Draining Kiss|p2a: Bronzong\n|-resisted|p2a: Bronzong\n|-damage|p2a: Bronzong|205/261 slp\n|-heal|p1a: Comfey|100/100|[from] drain|[of] p2a: Bronzong\n|cant|p2a: Bronzong|slp\n|\n|upkeep\n|turn|31\n|inactive|Time left: 300 sec this turn | 300 sec total\n|\n|t:|1783560341\n|move|p1a: Comfey|Giga Drain|p2a: Bronzong\n|-resisted|p2a: Bronzong\n|-damage|p2a: Bronzong|150/261 slp\n|cant|p2a: Bronzong|slp\n|\n|upkeep\n|turn|32\n|inactive|Time left: 300 sec this turn | 300 sec total\n|\n|t:|1783560342\n|move|p1a: Comfey|Draining Kiss|p2a: Bronzong\n|-resisted|p2a: Bronzong\n|-damage|p2a: Bronzong|96/261 slp\n|-curestatus|p2a: Bronzong|slp|[msg]\n|move|p2a: Bronzong|Psychic Noise|p1a: Comfey\n|-damage|p1a: Comfey|92/100\n|-start|p1a: Comfey|move: Heal Block\n|\n|upkeep\n|turn|33\n|inactive|Time left: 300 sec this turn | 300 sec total\n|\n|t:|1783560343\n|move|p1a: Comfey|Tera Blast|p2a: Bronzong\n|-resisted|p2a: Bronzong\n|-damage|p2a: Bronzong|39/261\n|move|p2a: Bronzong|Rest|p2a: Bronzong\n|-status|p2a: Bronzong|slp|[from] move: Rest\n|-heal|p2a: Bronzong|261/261 slp|[silent]\n|\n|-end|p1a: Comfey|move: Heal Block\n|upkeep\n|turn|34\n|inactive|Time left: 300 sec this turn | 300 sec total\n|\n|t:|1783560344\n|move|p1a: Comfey|Giga Drain|p2a: Bronzong\n|-resisted|p2a: Bronzong\n|-damage|p2a: Bronzong|206/261 slp\n|-heal|p1a: Comfey|100/100|[from] drain|[of] p2a: Bronzong\n|cant|p2a: Bronzong|slp\n|\n|upkeep\n|turn|35\n|inactive|Time left: 300 sec this turn | 300 sec total\n|\n|t:|1783560345\n|move|p1a: Comfey|Draining Kiss|p2a: Bronzong\n|-resisted|p2a: Bronzong\n|-damage|p2a: Bronzong|146/261 slp\n|cant|p2a: Bronzong|slp\n|\n|upkeep\n|turn|36\n|inactive|Time left: 300 sec this turn | 300 sec total\n|\n|t:|1783560346\n|move|p1a: Comfey|Tera Blast|p2a: Bronzong\n|-resisted|p2a: Bronzong\n|-damage|p2a: Bronzong|87/261 slp\n|-curestatus|p2a: Bronzong|slp|[msg]\n|move|p2a: Bronzong|Psychic Noise|p1a: Comfey\n|-crit|p1a: Comfey\n|-damage|p1a: Comfey|56/100\n|-start|p1a: Comfey|move: Heal Block\n|\n|upkeep\n|turn|37\n|inactive|Time left: 300 sec this turn | 300 sec total\n|\n|t:|1783560347\n|move|p1a: Comfey|Tera Blast|p2a: Bronzong\n|-resisted|p2a: Bronzong\n|-damage|p2a: Bronzong|30/261\n|move|p2a: Bronzong|Rest|p2a: Bronzong\n|-status|p2a: Bronzong|slp|[from] move: Rest\n|-heal|p2a: Bronzong|261/261 slp|[silent]\n|\n|-end|p1a: Comfey|move: Heal Block\n|upkeep\n|turn|38\n|inactive|Time left: 300 sec this turn | 300 sec total\n|\n|t:|1783560348\n|move|p1a: Comfey|Giga Drain|p2a: Bronzong\n|-resisted|p2a: Bronzong\n|-damage|p2a: Bronzong|208/261 slp\n|-heal|p1a: Comfey|68/100|[from] drain|[of] p2a: Bronzong\n|cant|p2a: Bronzong|slp\n|\n|-heal|p1a: Comfey|75/100|[from] item: Leftovers\n|upkeep\n|turn|39\n|inactive|Time left: 300 sec this turn | 300 sec total\n|\n|t:|1783560349\n|move|p1a: Comfey|Giga Drain|p2a: Bronzong\n|-resisted|p2a: Bronzong\n|-damage|p2a: Bronzong|150/261 slp\n|-heal|p1a: Comfey|88/100|[from] drain|[of] p2a: Bronzong\n|cant|p2a: Bronzong|slp\n|\n|-heal|p1a: Comfey|94/100|[from] item: Leftovers\n|upkeep\n|turn|40\n|inactive|Time left: 300 sec this turn | 300 sec total\n|\n|t:|1783560350\n|move|p1a: Comfey|Draining Kiss|p2a: Bronzong\n|-resisted|p2a: Bronzong\n|-damage|p2a: Bronzong|93/261 slp\n|-heal|p1a: Comfey|100/100|[from] drain|[of] p2a: Bronzong\n|-curestatus|p2a: Bronzong|slp|[msg]\n|move|p2a: Bronzong|Psychic Noise|p1a: Comfey\n|-damage|p1a: Comfey|91/100\n|-start|p1a: Comfey|move: Heal Block\n|\n|upkeep\n|turn|41\n|inactive|Time left: 300 sec this turn | 300 sec total\n|\n|t:|1783560351\n|move|p1a: Comfey|Tera Blast|p2a: Bronzong\n|-resisted|p2a: Bronzong\n|-damage|p2a: Bronzong|29/261\n|move|p2a: Bronzong|Rest|p2a: Bronzong\n|-status|p2a: Bronzong|slp|[from] move: Rest\n|-heal|p2a: Bronzong|261/261 slp|[silent]\n|\n|-end|p1a: Comfey|move: Heal Block\n|upkeep\n|turn|42\n|inactive|Time left: 300 sec this turn | 300 sec total\n|\n|t:|1783560352\n|move|p1a: Comfey|Giga Drain|p2a: Bronzong\n|-resisted|p2a: Bronzong\n|-damage|p2a: Bronzong|203/261 slp\n|-heal|p1a: Comfey|100/100|[from] drain|[of] p2a: Bronzong\n|cant|p2a: Bronzong|slp\n|\n|upkeep\n|turn|43\n|inactive|Time left: 300 sec this turn | 300 sec total\n|\n|t:|1783560354\n|move|p1a: Comfey|Calm Mind|p1a: Comfey\n|-boost|p1a: Comfey|spa|1\n|-boost|p1a: Comfey|spd|1\n|cant|p2a: Bronzong|slp\n|\n|upkeep\n|turn|44\n|inactive|Time left: 300 sec this turn | 300 sec total\n|\n|t:|1783560355\n|move|p1a: Comfey|Tera Blast|p2a: Bronzong\n|-resisted|p2a: Bronzong\n|-damage|p2a: Bronzong|128/261 slp\n|-curestatus|p2a: Bronzong|slp|[msg]\n|move|p2a: Bronzong|Psychic Noise|p1a: Comfey\n|-damage|p1a: Comfey|92/100\n|-start|p1a: Comfey|move: Heal Block\n|\n|upkeep\n|turn|45\n|inactive|Time left: 300 sec this turn | 300 sec total\n|\n|t:|1783560356\n|move|p1a: Comfey|Tera Blast|p2a: Bronzong\n|-resisted|p2a: Bronzong\n|-damage|p2a: Bronzong|61/261\n|move|p2a: Bronzong|Rest|p2a: Bronzong\n|-status|p2a: Bronzong|slp|[from] move: Rest\n|-heal|p2a: Bronzong|261/261 slp|[silent]\n|\n|-end|p1a: Comfey|move: Heal Block\n|upkeep\n|turn|46\n|inactive|Time left: 300 sec this turn | 300 sec total\n|\n|t:|1783560357\n|move|p1a: Comfey|Giga Drain|p2a: Bronzong\n|-resisted|p2a: Bronzong\n|-damage|p2a: Bronzong|202/261 slp\n|-heal|p1a: Comfey|100/100|[from] drain|[of] p2a: Bronzong\n|cant|p2a: Bronzong|slp\n|\n|upkeep\n|turn|47\n|inactive|Time left: 300 sec this turn | 300 sec total\n|\n|t:|1783560358\n|move|p1a: Comfey|Tera Blast|p2a: Bronzong\n|-resisted|p2a: Bronzong\n|-damage|p2a: Bronzong|128/261 slp\n|cant|p2a: Bronzong|slp\n|\n|upkeep\n|turn|48\n|inactive|Time left: 300 sec this turn | 300 sec total\n|\n|t:|1783560359\n|move|p1a: Comfey|Draining Kiss|p2a: Bronzong\n|-resisted|p2a: Bronzong\n|-damage|p2a: Bronzong|68/261 slp\n|-curestatus|p2a: Bronzong|slp|[msg]\n|move|p2a: Bronzong|Psychic Noise|p1a: Comfey\n|-damage|p1a: Comfey|92/100\n|-start|p1a: Comfey|move: Heal Block\n|\n|upkeep\n|turn|49\n|inactive|Time left: 300 sec this turn | 300 sec total\n|\n|t:|1783560360\n|move|p1a: Comfey|Tera Blast|p2a: Bronzong\n|-resisted|p2a: Bronzong\n|-damage|p2a: Bronzong|0 fnt\n|faint|p2a: Bronzong\n|\n|-end|p1a: Comfey|move: Heal Block\n|upkeep\n|inactive|Time left: 300 sec this turn | 300 sec total | 5 sec grace\n|\n|t:|1783560361\n|switch|p2a: Rabsca|Rabsca, L91, M|284/284\n|turn|50\n|inactive|Time left: 300 sec this turn | 300 sec total\n|\n|t:|1783560362\n|move|p1a: Comfey|Draining Kiss|p2a: Rabsca\n|-damage|p2a: Rabsca|142/284\n|-heal|p1a: Comfey|100/100|[from] drain|[of] p2a: Rabsca\n|move|p2a: Rabsca|Recover|p2a: Rabsca\n|-heal|p2a: Rabsca|284/284\n|\n|upkeep\n|turn|51\n|inactive|Time left: 300 sec this turn | 300 sec total\n|\n|t:|1783560363\n|move|p1a: Comfey|Draining Kiss|p2a: Rabsca\n|-damage|p2a: Rabsca|137/284\n|move|p2a: Rabsca|Recover|p2a: Rabsca\n|-heal|p2a: Rabsca|279/284\n|\n|upkeep\n|turn|52\n|inactive|Time left: 300 sec this turn | 300 sec total\n|\n|t:|1783560364\n|move|p1a: Comfey|Draining Kiss|p2a: Rabsca\n|-damage|p2a: Rabsca|138/284\n|move|p2a: Rabsca|Recover|p2a: Rabsca\n|-heal|p2a: Rabsca|280/284\n|\n|upkeep\n|turn|53\n|inactive|Time left: 300 sec this turn | 300 sec total\n|\n|t:|1783560365\n|move|p1a: Comfey|Giga Drain|p2a: Rabsca\n|-resisted|p2a: Rabsca\n|-damage|p2a: Rabsca|209/284\n|move|p2a: Rabsca|Recover|p2a: Rabsca\n|-heal|p2a: Rabsca|284/284\n|\n|upkeep\n|turn|54\n|inactive|Time left: 300 sec this turn | 300 sec total\n|\n|t:|1783560366\n|move|p1a: Comfey|Giga Drain|p2a: Rabsca\n|-resisted|p2a: Rabsca\n|-damage|p2a: Rabsca|215/284\n|move|p2a: Rabsca|Recover|p2a: Rabsca\n|-heal|p2a: Rabsca|284/284\n|\n|upkeep\n|turn|55\n|inactive|Time left: 300 sec this turn | 300 sec total\n|\n|t:|1783560367\n|move|p1a: Comfey|Giga Drain|p2a: Rabsca\n|-resisted|p2a: Rabsca\n|-damage|p2a: Rabsca|213/284\n|move|p2a: Rabsca|Recover|p2a: Rabsca\n|-heal|p2a: Rabsca|284/284\n|\n|upkeep\n|turn|56\n|inactive|Time left: 300 sec this turn | 300 sec total\n|\n|t:|1783560368\n|move|p1a: Comfey|Giga Drain|p2a: Rabsca\n|-resisted|p2a: Rabsca\n|-damage|p2a: Rabsca|216/284\n|move|p2a: Rabsca|Psychic|p1a: Comfey\n|-damage|p1a: Comfey|86/100\n|-unboost|p1a: Comfey|spd|1\n|\n|-heal|p1a: Comfey|92/100|[from] item: Leftovers\n|upkeep\n|turn|57\n|inactive|Time left: 300 sec this turn | 300 sec total\n|\n|t:|1783560368\n|switch|p2a: Krookodile|Krookodile, L79, M|121/280\n|-damage|p2a: Krookodile|104/280|[from] Stealth Rock\n|-ability|p2a: Krookodile|Intimidate|boost\n|-unboost|p1a: Comfey|atk|1\n|move|p1a: Comfey|Giga Drain|p2a: Krookodile\n|-supereffective|p2a: Krookodile\n|-damage|p2a: Krookodile|0 fnt\n|-heal|p1a: Comfey|100/100|[from] drain|[of] p2a: Krookodile\n|faint|p2a: Krookodile\n|\n|upkeep\n|inactive|Time left: 300 sec this turn | 300 sec total | 5 sec grace\n|\n|t:|1783560369\n|switch|p2a: Rabsca|Rabsca, L91, M|216/284\n|turn|58\n|inactive|Time left: 300 sec this turn | 300 sec total\n|\n|t:|1783560370\n|move|p1a: Comfey|Tera Blast|p2a: Rabsca\n|-damage|p2a: Rabsca|67/284\n|move|p2a: Rabsca|Revival Blessing|p2a: Rabsca\n|inactive|Time left: 300 sec this turn | 300 sec total | 5 sec grace\n|error|[Invalid choice] Can't switch: You have to pass to a fainted Pok\u00e9mon\n|inactive|p0y1758348e has 270 seconds left.\n|inactive|p0y1758348e has 240 seconds left.\n|inactive|p0y1758348e has 210 seconds left.\n|inactive|p0y1758348e has 180 seconds left.\n|inactive|p0y1758348e has 150 seconds left.\n|inactive|p0y1758348e has 120 seconds left.\n|inactive|p0y1758348e has 90 seconds left.\n|inactive|p0y1758348e has 60 seconds left.\n|inactive|p0y1758348e has 30 seconds left.\n|inactive|p0y1758348e has 20 seconds left.\n|inactive|p0y1758348e has 15 seconds left.\n|inactive|p0y1758348e has 10 seconds left.\n|inactive|p0y1758348e has 5 seconds left.\n|-message|p0y1758348e lost due to inactivity.\n|\n|win|p0x1758128f", "uploadtime": 1783560670, "views": 0, "rating": 0, "private": 0, "password": null, "_winner": "p0x1758128f", "_our_name": "p0y1758348e"}