{"id": "battle-gen9randombattle-1189", "formatid": "gen9randombattle", "format": "[Gen 9] Random Battle", "players": ["p0x11899663", "p0y118948bc"], "log": "|init|battle\n|title|p0x11899663 vs. p0y118948bc\n|j|\u2606p0x11899663\n|j|\u2606p0y118948bc\n|t:|1783552892\n|gametype|singles\n|player|p1|p0x11899663|102|\n|player|p2|p0y118948bc|2|\n|gen|9\n|tier|[Gen 9] Random Battle\n|rule|Species Clause: Limit one of each Pok\u00e9mon\n|rule|HP Percentage Mod: HP is shown in percentages\n|rule|Sleep Clause Mod: Limit one foe put to sleep\n|rule|Illusion Level Mod: Illusion disguises the Pok\u00e9mon's true level\n|\n|t:|1783552892\n|teamsize|p1|6\n|teamsize|p2|6\n|start\n|switch|p1a: Galvantula|Galvantula, L82, F|100/100\n|switch|p2a: Salamence|Salamence, L77, F|273/273\n|turn|1\n|inactive|Battle timer is ON: inactive players will automatically lose when time's up. (requested by p0y118948bc)\n|inactive|p0x11899663 also wants the timer to be on.\n|\n|t:|1783552894\n|move|p1a: Galvantula|Sticky Web|p2a: Salamence\n|-sidestart|p2: p0y118948bc|move: Sticky Web\n|move|p2a: Salamence|Outrage|p1a: Galvantula\n|-damage|p1a: Galvantula|23/100\n|\n|upkeep\n|turn|2\n|inactive|Time left: 300 sec this turn | 300 sec total\n|\n|t:|1783552895\n|switch|p1a: Diancie|Diancie, L82|100/100\n|move|p2a: Salamence|Outrage|p1a: Diancie|[from] lockedmove\n|-immune|p1a: Diancie\n|-start|p2a: Salamence|confusion|[fatigue]\n|\n|upkeep\n|turn|3\n|inactive|Time left: 300 sec this turn | 300 sec total\n|\n|t:|1783552896\n|switch|p2a: Ludicolo|Ludicolo, L90, F|290/290\n|-activate|p2a: Ludicolo|move: Sticky Web\n|-unboost|p2a: Ludicolo|spe|1\n|move|p1a: Diancie|Diamond Storm|p2a: Ludicolo\n|-damage|p2a: Ludicolo|181/290\n|-boost|p1a: Diancie|def|2\n|\n|upkeep\n|turn|4\n|inactive|Time left: 300 sec this turn | 300 sec total\n|\n|t:|1783552897\n|move|p1a: Diancie|Calm Mind|p1a: Diancie\n|-boost|p1a: Diancie|spa|1\n|-boost|p1a: Diancie|spd|1\n|move|p2a: Ludicolo|Giga Drain|p1a: Diancie\n|-supereffective|p1a: Diancie\n|-damage|p1a: Diancie|47/100\n|-heal|p2a: Ludicolo|239/290|[from] drain|[of] p1a: Diancie\n|\n|-heal|p1a: Diancie|53/100|[from] item: Leftovers\n|upkeep\n|turn|5\n|inactive|Time left: 300 sec this turn | 300 sec total\n|\n|t:|1783552898\n|move|p1a: Diancie|Draining Kiss|p2a: Ludicolo\n|-damage|p2a: Ludicolo|176/290\n|-heal|p1a: Diancie|75/100|[from] drain|[of] p2a: Ludicolo\n|move|p2a: Ludicolo|Giga Drain|p1a: Diancie\n|-supereffective|p1a: Diancie\n|-damage|p1a: Diancie|16/100\n|-heal|p2a: Ludicolo|239/290|[from] drain|[of] p1a: Diancie\n|\n|-heal|p1a: Diancie|22/100|[from] item: Leftovers\n|upkeep\n|turn|6\n|inactive|Time left: 300 sec this turn | 300 sec total\n|\n|t:|1783552899\n|move|p1a: Diancie|Diamond Storm|p2a: Ludicolo\n|-damage|p2a: Ludicolo|119/290\n|move|p2a: Ludicolo|Giga Drain|p1a: Diancie\n|-supereffective|p1a: Diancie\n|-damage|p1a: Diancie|0 fnt\n|-heal|p2a: Ludicolo|143/290|[from] drain|[of] p1a: Diancie\n|faint|p1a: Diancie\n|\n|upkeep\n|\n|t:|1783552900\n|switch|p1a: Dragalge|Dragalge, L88, F|100/100\n|turn|7\n|inactive|Time left: 300 sec this turn | 300 sec total\n|\n|t:|1783552902\n|switch|p2a: Spidops|Spidops, L96, F|271/271\n|move|p1a: Dragalge|Sludge Wave|p2a: Spidops\n|-damage|p2a: Spidops|143/271\n|\n|upkeep\n|turn|8\n|inactive|Time left: 300 sec this turn | 300 sec total\n|\n|t:|1783552903\n|move|p1a: Dragalge|Sludge Wave|p2a: Spidops\n|-damage|p2a: Spidops|11/271\n|move|p2a: Spidops|Sticky Web|p1a: Dragalge\n|-sidestart|p1: p0x11899663|move: Sticky Web\n|\n|upkeep\n|turn|9\n|inactive|Time left: 300 sec this turn | 300 sec total\n|\n|t:|1783552904\n|switch|p2a: Gengar|Gengar, L81, F|230/230\n|-activate|p2a: Gengar|move: Sticky Web\n|-unboost|p2a: Gengar|spe|1\n|move|p1a: Dragalge|Sludge Wave|p2a: Gengar\n|-resisted|p2a: Gengar\n|-damage|p2a: Gengar|184/230\n|\n|upkeep\n|turn|10\n|inactive|Time left: 300 sec this turn | 300 sec total\n|\n|t:|1783552905\n|move|p2a: Gengar|Nasty Plot|p2a: Gengar\n|-boost|p2a: Gengar|spa|2\n|move|p1a: Dragalge|Dragon Tail|p2a: Gengar|[miss]\n|-miss|p1a: Dragalge|p2a: Gengar\n|\n|upkeep\n|turn|11\n|inactive|Time left: 300 sec this turn | 300 sec total\n|\n|t:|1783552906\n|move|p2a: Gengar|Shadow Ball|p1a: Dragalge\n|-damage|p1a: Dragalge|50/100\n|-damage|p2a: Gengar|161/230|[from] item: Life Orb\n|move|p1a: Dragalge|Dragon Tail|p2a: Gengar|[miss]\n|-miss|p1a: Dragalge|p2a: Gengar\n|\n|upkeep\n|turn|12\n|inactive|Time left: 300 sec this turn | 300 sec total\n|\n|t:|1783552908\n|move|p2a: Gengar|Shadow Ball|p1a: Dragalge\n|-damage|p1a: Dragalge|0 fnt\n|faint|p1a: Dragalge\n|-damage|p2a: Gengar|138/230|[from] item: Life Orb\n|\n|upkeep\n|\n|t:|1783552909\n|switch|p1a: Hawlucha|Hawlucha, L80, M|100/100\n|turn|13\n|inactive|Time left: 300 sec this turn | 300 sec total\n|\n|t:|1783552910\n|move|p1a: Hawlucha|Brave Bird|p2a: Gengar\n|-damage|p2a: Gengar|0 fnt\n|faint|p2a: Gengar\n|-damage|p1a: Hawlucha|83/100|[from] Recoil\n|\n|upkeep\n|inactive|Time left: 300 sec this turn | 300 sec total | 5 sec grace\n|\n|t:|1783552911\n|switch|p2a: Salamence|Salamence, L77, F|273/273\n|turn|14\n|inactive|Time left: 300 sec this turn | 300 sec total\n|\n|t:|1783552912\n|switch|p1a: Espathra|Espathra, L80, M|100/100\n|-activate|p1a: Espathra|move: Sticky Web\n|-unboost|p1a: Espathra|spe|1\n|move|p2a: Salamence|Outrage|p1a: Espathra\n|-damage|p1a: Espathra|36/100\n|\n|-heal|p1a: Espathra|42/100|[from] item: Leftovers\n|upkeep\n|turn|15\n|inactive|Time left: 300 sec this turn | 300 sec total\n|\n|t:|1783552913\n|-terastallize|p1a: Espathra|Fairy\n|move|p2a: Salamence|Outrage|p1a: Espathra|[from] lockedmove\n|-immune|p1a: Espathra\n|-start|p2a: Salamence|confusion|[fatigue]\n|move|p1a: Espathra|Calm Mind|p1a: Espathra\n|-boost|p1a: Espathra|spa|1\n|-boost|p1a: Espathra|spd|1\n|\n|-heal|p1a: Espathra|48/100|[from] item: Leftovers\n|-ability|p1a: Espathra|Speed Boost|boost\n|-boost|p1a: Espathra|spe|1\n|upkeep\n|turn|16\n|inactive|Time left: 300 sec this turn | 300 sec total\n|\n|t:|1783552914\n|switch|p2a: Cryogonal|Cryogonal, L89|287/287\n|move|p1a: Espathra|Dazzling Gleam|p2a: Cryogonal\n|-damage|p2a: Cryogonal|200/287\n|\n|-heal|p1a: Espathra|54/100|[from] item: Leftovers\n|-ability|p1a: Espathra|Speed Boost|boost\n|-boost|p1a: Espathra|spe|1\n|upkeep\n|turn|17\n|inactive|Time left: 300 sec this turn | 300 sec total\n|\n|t:|1783552915\n|move|p1a: Espathra|Calm Mind|p1a: Espathra\n|-boost|p1a: Espathra|spa|1\n|-boost|p1a: Espathra|spd|1\n|move|p2a: Cryogonal|Flash Cannon|p1a: Espathra\n|-supereffective|p1a: Espathra\n|-damage|p1a: Espathra|22/100\n|\n|-heal|p1a: Espathra|28/100|[from] item: Leftovers\n|-ability|p1a: Espathra|Speed Boost|boost\n|-boost|p1a: Espathra|spe|1\n|upkeep\n|turn|18\n|inactive|Time left: 300 sec this turn | 300 sec total\n|\n|t:|1783552916\n|move|p1a: Espathra|Stored Power|p2a: Cryogonal\n|-damage|p2a: Cryogonal|13/287\n|move|p2a: Cryogonal|Flash Cannon|p1a: Espathra\n|-supereffective|p1a: Espathra\n|-damage|p1a: Espathra|0 fnt\n|faint|p1a: Espathra\n|\n|upkeep\n|\n|t:|1783552917\n|switch|p1a: Cinderace|Cinderace, L77, M|100/100\n|turn|19\n|inactive|Time left: 300 sec this turn | 300 sec total\n|\n|t:|1783552918\n|move|p2a: Cryogonal|Rapid Spin|p1a: Cinderace\n|-damage|p1a: Cinderace|88/100\n|-boost|p2a: Cryogonal|spe|1\n|-sideend|p2: p0y118948bc|Sticky Web|[from] move: Rapid Spin|[of] p2a: Cryogonal\n|move|p1a: Cinderace|Pyro Ball|p2a: Cryogonal|[miss]\n|-miss|p1a: Cinderace|p2a: Cryogonal\n|\n|upkeep\n|turn|20\n|inactive|Time left: 300 sec this turn | 300 sec total\n|\n|t:|1783552919\n|switch|p2a: Salamence|Salamence, L77, F|273/273\n|move|p1a: Cinderace|Pyro Ball|p2a: Salamence\n|-resisted|p2a: Salamence\n|-damage|p2a: Salamence|201/273\n|\n|upkeep\n|turn|21\n|inactive|Time left: 300 sec this turn | 300 sec total\n|\n|t:|1783552920\n|move|p1a: Cinderace|Will-O-Wisp|p2a: Salamence\n|-status|p2a: Salamence|brn\n|move|p2a: Salamence|Dragon Dance|p2a: Salamence\n|-boost|p2a: Salamence|atk|1\n|-boost|p2a: Salamence|spe|1\n|\n|-damage|p2a: Salamence|184/273 brn|[from] brn\n|upkeep\n|turn|22\n|inactive|Time left: 300 sec this turn | 300 sec total\n|\n|t:|1783552921\n|move|p2a: Salamence|Outrage|p1a: Cinderace\n|-damage|p1a: Cinderace|34/100\n|move|p1a: Cinderace|Court Change|p1a: Cinderace\n|-start|p1a: Cinderace|typechange|Normal|[from] ability: Libero\n|-swapsideconditions\n|-activate|p1a: Cinderace|move: Court Change\n|\n|-damage|p2a: Salamence|167/273 brn|[from] brn\n|upkeep\n|turn|23\n|inactive|Time left: 300 sec this turn | 300 sec total\n|\n|t:|1783552922\n|switch|p1a: Galvantula|Galvantula, L82, F|23/100\n|move|p2a: Salamence|Outrage|p1a: Galvantula|[from] lockedmove\n|-damage|p1a: Galvantula|0 fnt\n|faint|p1a: Galvantula\n|-ability|p2a: Salamence|Moxie|boost\n|-boost|p2a: Salamence|atk|1\n|-start|p2a: Salamence|confusion|[fatigue]\n|\n|-damage|p2a: Salamence|150/273 brn|[from] brn\n|upkeep\n|\n|t:|1783552923\n|switch|p1a: Cinderace|Cinderace, L77, M|34/100\n|turn|24\n|inactive|Time left: 300 sec this turn | 300 sec total\n|\n|t:|1783552924\n|-activate|p2a: Salamence|confusion\n|move|p2a: Salamence|Outrage|p1a: Cinderace\n|-damage|p1a: Cinderace|0 fnt\n|faint|p1a: Cinderace\n|-ability|p2a: Salamence|Moxie|boost\n|-boost|p2a: Salamence|atk|1\n|\n|-damage|p2a: Salamence|133/273 brn|[from] brn\n|upkeep\n|\n|t:|1783552925\n|switch|p1a: Hawlucha|Hawlucha, L80, M|83/100\n|turn|25\n|inactive|Time left: 300 sec this turn | 300 sec total\n|\n|t:|1783552926\n|-activate|p2a: Salamence|confusion\n|-damage|p2a: Salamence|39/273 brn|[from] confusion\n|move|p1a: Hawlucha|Swords Dance|p1a: Hawlucha\n|-boost|p1a: Hawlucha|atk|2\n|\n|-damage|p2a: Salamence|22/273 brn|[from] brn\n|upkeep\n|turn|26\n|inactive|Time left: 300 sec this turn | 300 sec total\n|\n|t:|1783552927\n|-activate|p2a: Salamence|confusion\n|-damage|p2a: Salamence|0 fnt|[from] confusion\n|faint|p2a: Salamence\n|move|p1a: Hawlucha|Throat Chop|p2: Salamence|[notarget]\n|-fail|p1a: Hawlucha\n|\n|upkeep\n|inactive|Time left: 300 sec this turn | 300 sec total | 5 sec grace\n|\n|t:|1783552928\n|switch|p2a: Cryogonal|Cryogonal, L89|13/287\n|turn|27\n|inactive|Time left: 300 sec this turn | 300 sec total\n|\n|t:|1783552929\n|move|p2a: Cryogonal|Freeze-Dry|p1a: Hawlucha\n|-supereffective|p1a: Hawlucha\n|-damage|p1a: Hawlucha|0 fnt\n|faint|p1a: Hawlucha\n|\n|win|p0y118948bc", "uploadtime": 1783552929, "views": 0, "rating": 0, "private": 0, "password": null, "_winner": "p0y118948bc", "_our_name": "p0y118948bc"}