{"id": "battle-gen9randombattle-2665", "formatid": "gen9randombattle", "format": "[Gen 9] Random Battle", "players": ["p0x26651cec", "p0y26654c9e"], "log": "|init|battle\n|title|p0x26651cec vs. p0y26654c9e\n|j|\u2606p0x26651cec\n|j|\u2606p0y26654c9e\n|t:|1783570761\n|gametype|singles\n|player|p1|p0x26651cec|1|\n|player|p2|p0y26654c9e|169|\n|gen|9\n|tier|[Gen 9] Random Battle\n|rule|Species Clause: Limit one of each Pok\u00e9mon\n|rule|HP Percentage Mod: HP is shown in percentages\n|rule|Sleep Clause Mod: Limit one foe put to sleep\n|rule|Illusion Level Mod: Illusion disguises the Pok\u00e9mon's true level\n|\n|t:|1783570761\n|teamsize|p1|6\n|teamsize|p2|6\n|start\n|switch|p1a: Weavile|Weavile, L79, F|239/239\n|switch|p2a: Iron Treads|Iron Treads, L77|100/100\n|turn|1\n|inactive|Battle timer is ON: inactive players will automatically lose when time's up. (requested by p0x26651cec)\n|inactive|p0y26654c9e also wants the timer to be on.\n|\n|t:|1783570763\n|move|p1a: Weavile|Triple Axel|p2a: Iron Treads|[miss]\n|-miss|p1a: Weavile|p2a: Iron Treads\n|move|p2a: Iron Treads|Iron Head|p1a: Weavile\n|-supereffective|p1a: Weavile\n|-damage|p1a: Weavile|35/239\n|\n|upkeep\n|turn|2\n|inactive|Time left: 300 sec this turn | 300 sec total\n|\n|t:|1783570764\n|move|p1a: Weavile|Triple Axel|p2a: Iron Treads\n|-damage|p2a: Iron Treads|89/100\n|-damage|p2a: Iron Treads|65/100\n|-damage|p2a: Iron Treads|35/100\n|-hitcount|p2a: Iron Treads|3\n|move|p2a: Iron Treads|Rapid Spin|p1a: Weavile\n|-damage|p1a: Weavile|0 fnt\n|-boost|p2a: Iron Treads|spe|1\n|faint|p1a: Weavile\n|\n|upkeep\n|inactive|Time left: 300 sec this turn | 300 sec total | 5 sec grace\n|\n|t:|1783570765\n|switch|p1a: Entei|Entei, L78|307/307\n|turn|3\n|inactive|Time left: 300 sec this turn | 300 sec total\n|\n|t:|1783570766\n|move|p2a: Iron Treads|Earthquake|p1a: Entei\n|-supereffective|p1a: Entei\n|-damage|p1a: Entei|73/307\n|move|p1a: Entei|Sacred Fire|p2a: Iron Treads\n|-supereffective|p2a: Iron Treads\n|-damage|p2a: Iron Treads|0 fnt\n|faint|p2a: Iron Treads\n|-end|p2a: Iron Treads|Quark Drive|[silent]\n|\n|upkeep\n|\n|t:|1783570767\n|switch|p2a: Whiscash|Whiscash, L88, M|100/100\n|turn|4\n|inactive|Time left: 300 sec this turn | 300 sec total\n|\n|t:|1783570768\n|move|p1a: Entei|Sacred Fire|p2a: Whiscash\n|-resisted|p2a: Whiscash\n|-damage|p2a: Whiscash|74/100\n|move|p2a: Whiscash|Earthquake|p1a: Entei\n|-supereffective|p1a: Entei\n|-damage|p1a: Entei|0 fnt\n|faint|p1a: Entei\n|\n|-heal|p2a: Whiscash|80/100|[from] item: Leftovers\n|upkeep\n|inactive|Time left: 300 sec this turn | 300 sec total | 5 sec grace\n|\n|t:|1783570768\n|switch|p1a: Virizion|Virizion, L82|283/283\n|turn|5\n|inactive|Time left: 300 sec this turn | 300 sec total\n|\n|t:|1783570769\n|switch|p2a: Exeggutor|Exeggutor, L89, F|100/100\n|move|p1a: Virizion|Swords Dance|p1a: Virizion\n|-boost|p1a: Virizion|atk|2\n|\n|upkeep\n|turn|6\n|inactive|Time left: 300 sec this turn | 300 sec total\n|\n|t:|1783570770\n|move|p1a: Virizion|Swords Dance|p1a: Virizion\n|-boost|p1a: Virizion|atk|2\n|move|p2a: Exeggutor|Psychic|p1a: Virizion\n|-supereffective|p1a: Virizion\n|-damage|p1a: Virizion|97/283\n|\n|upkeep\n|turn|7\n|inactive|Time left: 300 sec this turn | 300 sec total\n|\n|t:|1783570771\n|-terastallize|p1a: Virizion|Rock\n|move|p1a: Virizion|Stone Edge|p2a: Exeggutor\n|-damage|p2a: Exeggutor|0 fnt\n|faint|p2a: Exeggutor\n|-damage|p1a: Virizion|69/283|[from] item: Life Orb\n|\n|upkeep\n|\n|t:|1783570772\n|switch|p2a: Mightyena|Mightyena, L96, M|100/100\n|-ability|p2a: Mightyena|Intimidate|boost\n|-unboost|p1a: Virizion|atk|1\n|turn|8\n|inactive|Time left: 300 sec this turn | 300 sec total\n|\n|t:|1783570773\n|move|p2a: Mightyena|Sucker Punch||[still]\n|-fail|p2a: Mightyena\n|move|p1a: Virizion|Swords Dance|p1a: Virizion\n|-boost|p1a: Virizion|atk|2\n|\n|upkeep\n|turn|9\n|inactive|Time left: 300 sec this turn | 300 sec total\n|\n|t:|1783570773\n|move|p2a: Mightyena|Sucker Punch||[still]\n|-fail|p2a: Mightyena\n|move|p1a: Virizion|Swords Dance|p1a: Virizion\n|-boost|p1a: Virizion|atk|1\n|\n|upkeep\n|turn|10\n|inactive|Time left: 300 sec this turn | 300 sec total\n|\n|t:|1783570774\n|move|p2a: Mightyena|Sucker Punch||[still]\n|-fail|p2a: Mightyena\n|move|p1a: Virizion|Swords Dance|p1a: Virizion\n|-boost|p1a: Virizion|atk|0\n|\n|upkeep\n|turn|11\n|inactive|Time left: 300 sec this turn | 300 sec total\n|\n|t:|1783570775\n|move|p2a: Mightyena|Sucker Punch||[still]\n|-fail|p2a: Mightyena\n|move|p1a: Virizion|Swords Dance|p1a: Virizion\n|-boost|p1a: Virizion|atk|0\n|\n|upkeep\n|turn|12\n|inactive|Time left: 300 sec this turn | 300 sec total\n|\n|t:|1783570776\n|move|p2a: Mightyena|Sucker Punch||[still]\n|-fail|p2a: Mightyena\n|move|p1a: Virizion|Swords Dance|p1a: Virizion\n|-boost|p1a: Virizion|atk|0\n|\n|upkeep\n|turn|13\n|inactive|Time left: 300 sec this turn | 300 sec total\n|\n|t:|1783570777\n|move|p2a: Mightyena|Sucker Punch||[still]\n|-fail|p2a: Mightyena\n|move|p1a: Virizion|Swords Dance|p1a: Virizion\n|-boost|p1a: Virizion|atk|0\n|\n|upkeep\n|turn|14\n|inactive|Time left: 300 sec this turn | 300 sec total\n|\n|t:|1783570778\n|move|p2a: Mightyena|Sucker Punch||[still]\n|-fail|p2a: Mightyena\n|move|p1a: Virizion|Swords Dance|p1a: Virizion\n|-boost|p1a: Virizion|atk|0\n|\n|upkeep\n|turn|15\n|inactive|Time left: 300 sec this turn | 300 sec total\n|\n|t:|1783570779\n|move|p2a: Mightyena|Sucker Punch||[still]\n|-fail|p2a: Mightyena\n|move|p1a: Virizion|Swords Dance|p1a: Virizion\n|-boost|p1a: Virizion|atk|0\n|\n|upkeep\n|turn|16\n|inactive|Time left: 300 sec this turn | 300 sec total\n|\n|t:|1783570780\n|switch|p2a: Vespiquen|Vespiquen, L99, F|100/100\n|-ability|p2a: Vespiquen|Pressure\n|move|p1a: Virizion|Close Combat|p2a: Vespiquen\n|-resisted|p2a: Vespiquen\n|-damage|p2a: Vespiquen|65/100\n|-unboost|p1a: Virizion|def|1\n|-unboost|p1a: Virizion|spd|1\n|-damage|p1a: Virizion|41/283|[from] item: Life Orb\n|\n|upkeep\n|turn|17\n|inactive|Time left: 300 sec this turn | 300 sec total\n|\n|t:|1783570781\n|move|p1a: Virizion|Stone Edge|p2a: Vespiquen\n|-supereffective|p2a: Vespiquen\n|-damage|p2a: Vespiquen|0 fnt\n|faint|p2a: Vespiquen\n|-damage|p1a: Virizion|13/283|[from] item: Life Orb\n|\n|upkeep\n|\n|t:|1783570782\n|switch|p2a: Whiscash|Whiscash, L88, M|80/100\n|turn|18\n|inactive|Time left: 300 sec this turn | 300 sec total\n|\n|t:|1783570783\n|move|p1a: Virizion|Close Combat|p2a: Whiscash\n|-crit|p2a: Whiscash\n|-damage|p2a: Whiscash|0 fnt\n|-unboost|p1a: Virizion|def|1\n|-unboost|p1a: Virizion|spd|1\n|faint|p2a: Whiscash\n|-damage|p1a: Virizion|0 fnt|[from] item: Life Orb\n|faint|p1a: Virizion\n|\n|upkeep\n|inactive|Time left: 300 sec this turn | 300 sec total | 5 sec grace\n|\n|t:|1783570784\n|switch|p1a: Magmortar|Magmortar, L88, M|275/275\n|switch|p2a: Samurott|Samurott, L88, F|100/100\n|turn|19\n|inactive|Time left: 300 sec this turn | 300 sec total\n|\n|t:|1783570785\n|move|p1a: Magmortar|Will-O-Wisp|p2a: Samurott\n|-status|p2a: Samurott|brn\n|move|p2a: Samurott|Liquidation|p1a: Magmortar\n|-supereffective|p1a: Magmortar\n|-damage|p1a: Magmortar|133/275\n|-damage|p2a: Samurott|90/100 brn|[from] item: Life Orb\n|\n|-damage|p2a: Samurott|84/100 brn|[from] brn\n|upkeep\n|turn|20\n|inactive|Time left: 300 sec this turn | 300 sec total\n|\n|t:|1783570786\n|move|p1a: Magmortar|Thunderbolt|p2a: Samurott\n|-supereffective|p2a: Samurott\n|-damage|p2a: Samurott|24/100 brn\n|move|p2a: Samurott|Liquidation|p1a: Magmortar\n|-supereffective|p1a: Magmortar\n|-damage|p1a: Magmortar|0 fnt\n|faint|p1a: Magmortar\n|-damage|p2a: Samurott|14/100 brn|[from] item: Life Orb\n|\n|-damage|p2a: Samurott|8/100 brn|[from] brn\n|upkeep\n|inactive|Time left: 300 sec this turn | 300 sec total | 5 sec grace\n|\n|t:|1783570787\n|switch|p1a: Toxapex|Toxapex, L82, M|216/216\n|turn|21\n|inactive|Time left: 300 sec this turn | 300 sec total\n|\n|t:|1783570788\n|switch|p2a: Mightyena|Mightyena, L96, M|100/100\n|-ability|p2a: Mightyena|Intimidate|boost\n|-unboost|p1a: Toxapex|atk|1\n|move|p1a: Toxapex|Recover||[still]\n|-fail|p1a: Toxapex|heal\n|\n|upkeep\n|turn|22\n|inactive|Time left: 300 sec this turn | 300 sec total\n|\n|t:|1783570789\n|move|p2a: Mightyena|Super Fang|p1a: Toxapex\n|-damage|p1a: Toxapex|108/216\n|move|p1a: Toxapex|Toxic|p2a: Mightyena\n|-status|p2a: Mightyena|tox\n|\n|-heal|p1a: Toxapex|121/216|[from] item: Leftovers\n|-damage|p2a: Mightyena|94/100 tox|[from] psn\n|upkeep\n|turn|23\n|inactive|Time left: 300 sec this turn | 300 sec total\n|\n|t:|1783570790\n|move|p2a: Mightyena|Throat Chop|p1a: Toxapex\n|-damage|p1a: Toxapex|54/216\n|-start|p1a: Toxapex|Throat Chop|[silent]\n|move|p1a: Toxapex|Recover|p1a: Toxapex\n|-heal|p1a: Toxapex|162/216\n|\n|-heal|p1a: Toxapex|175/216|[from] item: Leftovers\n|-damage|p2a: Mightyena|82/100 tox|[from] psn\n|upkeep\n|turn|24\n|inactive|Time left: 300 sec this turn | 300 sec total\n|\n|t:|1783570791\n|switch|p2a: Samurott|Samurott, L88, F|8/100 brn\n|move|p1a: Toxapex|Recover|p1a: Toxapex\n|-heal|p1a: Toxapex|216/216\n|\n|-damage|p2a: Samurott|2/100 brn|[from] brn\n|-end|p1a: Toxapex|Throat Chop|[silent]\n|upkeep\n|turn|25\n|inactive|Time left: 300 sec this turn | 300 sec total\n|\n|t:|1783570792\n|switch|p1a: Poliwrath|Poliwrath, L88, M|302/302\n|move|p2a: Samurott|Knock Off|p1a: Poliwrath\n|-resisted|p1a: Poliwrath\n|-damage|p1a: Poliwrath|281/302\n|-enditem|p1a: Poliwrath|Life Orb|[from] move: Knock Off|[of] p2a: Samurott\n|-damage|p2a: Samurott|0 fnt|[from] item: Life Orb\n|faint|p2a: Samurott\n|\n|upkeep\n|\n|t:|1783570793\n|switch|p2a: Mightyena|Mightyena, L96, M|82/100 tox\n|-ability|p2a: Mightyena|Intimidate|boost\n|-unboost|p1a: Poliwrath|atk|1\n|turn|26\n|inactive|Time left: 300 sec this turn | 300 sec total\n|\n|t:|1783570794\n|-terastallize|p2a: Mightyena|Poison\n|move|p2a: Mightyena|Poison Fang|p1a: Poliwrath\n|-damage|p1a: Poliwrath|205/302\n|-status|p1a: Poliwrath|tox\n|move|p1a: Poliwrath|Close Combat|p2a: Mightyena\n|-resisted|p2a: Mightyena\n|-damage|p2a: Mightyena|65/100 tox\n|-unboost|p1a: Poliwrath|def|1\n|-unboost|p1a: Poliwrath|spd|1\n|\n|-damage|p2a: Mightyena|59/100 tox|[from] psn\n|-damage|p1a: Poliwrath|187/302 tox|[from] psn\n|upkeep\n|turn|27\n|inactive|Time left: 300 sec this turn | 300 sec total\n|\n|t:|1783570795\n|move|p2a: Mightyena|Throat Chop|p1a: Poliwrath\n|-resisted|p1a: Poliwrath\n|-crit|p1a: Poliwrath\n|-damage|p1a: Poliwrath|78/302 tox\n|-start|p1a: Poliwrath|Throat Chop|[silent]\n|move|p1a: Poliwrath|Close Combat|p2a: Mightyena\n|-resisted|p2a: Mightyena\n|-damage|p2a: Mightyena|42/100 tox\n|-unboost|p1a: Poliwrath|def|1\n|-unboost|p1a: Poliwrath|spd|1\n|\n|-damage|p2a: Mightyena|29/100 tox|[from] psn\n|-damage|p1a: Poliwrath|42/302 tox|[from] psn\n|upkeep\n|turn|28\n|inactive|Time left: 300 sec this turn | 300 sec total\n|\n|t:|1783570796\n|move|p2a: Mightyena|Super Fang|p1a: Poliwrath\n|-damage|p1a: Poliwrath|21/302 tox\n|move|p1a: Poliwrath|Close Combat|p2a: Mightyena\n|-resisted|p2a: Mightyena\n|-damage|p2a: Mightyena|13/100 tox\n|-unboost|p1a: Poliwrath|def|1\n|-unboost|p1a: Poliwrath|spd|1\n|\n|-damage|p2a: Mightyena|0 fnt|[from] psn\n|faint|p2a: Mightyena\n|\n|win|p0x26651cec", "uploadtime": 1783570796, "views": 0, "rating": 0, "private": 0, "password": null, "_winner": "p0x26651cec", "_our_name": "p0x26651cec"}