{"id": "battle-gen9randombattle-503", "formatid": "gen9randombattle", "format": "[Gen 9] Random Battle", "players": ["p0x503d26f", "p0y5037384"], "log": "|init|battle\n|title|p0x503d26f vs. p0y5037384\n|j|\u2606p0x503d26f\n|j|\u2606p0y5037384\n|t:|1783544885\n|gametype|singles\n|player|p1|p0x503d26f|101|\n|player|p2|p0y5037384|169|\n|gen|9\n|tier|[Gen 9] Random Battle\n|rule|Species Clause: Limit one of each Pok\u00e9mon\n|rule|HP Percentage Mod: HP is shown in percentages\n|rule|Sleep Clause Mod: Limit one foe put to sleep\n|rule|Illusion Level Mod: Illusion disguises the Pok\u00e9mon's true level\n|\n|t:|1783544885\n|teamsize|p1|6\n|teamsize|p2|6\n|start\n|switch|p1a: Forretress|Forretress, L84, F|263/263\n|switch|p2a: Poliwrath|Poliwrath, L88, F|100/100\n|turn|1\n|inactive|Battle timer is ON: inactive players will automatically lose when time's up. (requested by p0y5037384)\n|inactive|Time left: 300 sec this turn | 300 sec total | 60 sec grace\n|inactive|p0x503d26f also wants the timer to be on.\n|\n|t:|1783544886\n|move|p2a: Poliwrath|Bulk Up|p2a: Poliwrath\n|-boost|p2a: Poliwrath|atk|1\n|-boost|p2a: Poliwrath|def|1\n|move|p1a: Forretress|Stealth Rock|p2a: Poliwrath\n|-sidestart|p2: p0y5037384|move: Stealth Rock\n|\n|upkeep\n|turn|2\n|inactive|Time left: 300 sec this turn | 300 sec total\n|\n|t:|1783544887\n|move|p2a: Poliwrath|Knock Off|p1a: Forretress\n|-damage|p1a: Forretress|188/263\n|-enditem|p1a: Forretress|Leftovers|[from] move: Knock Off|[of] p2a: Poliwrath\n|move|p1a: Forretress|Toxic Spikes|p2a: Poliwrath\n|-sidestart|p2: p0y5037384|move: Toxic Spikes\n|\n|upkeep\n|turn|3\n|inactive|Time left: 300 sec this turn | 300 sec total\n|\n|t:|1783544888\n|move|p2a: Poliwrath|Bulk Up|p2a: Poliwrath\n|-boost|p2a: Poliwrath|atk|1\n|-boost|p2a: Poliwrath|def|1\n|move|p1a: Forretress|Toxic Spikes|p2a: Poliwrath\n|-sidestart|p2: p0y5037384|move: Toxic Spikes\n|\n|upkeep\n|turn|4\n|inactive|Time left: 300 sec this turn | 300 sec total\n|\n|t:|1783544889\n|move|p2a: Poliwrath|Drain Punch|p1a: Forretress\n|-damage|p1a: Forretress|58/263\n|move|p1a: Forretress|Rapid Spin|p2a: Poliwrath\n|-damage|p2a: Poliwrath|95/100\n|-boost|p1a: Forretress|spe|1\n|\n|-heal|p2a: Poliwrath|100/100|[from] item: Leftovers\n|upkeep\n|turn|5\n|inactive|Time left: 300 sec this turn | 300 sec total\n|\n|t:|1783544890\n|move|p2a: Poliwrath|Knock Off|p1a: Forretress\n|-damage|p1a: Forretress|0 fnt\n|faint|p1a: Forretress\n|\n|upkeep\n|inactive|Time left: 300 sec this turn | 300 sec total | 5 sec grace\n|\n|t:|1783544891\n|switch|p1a: Palkia|Palkia, L75|259/259\n|-ability|p1a: Palkia|Pressure\n|turn|6\n|inactive|Time left: 300 sec this turn | 300 sec total\n|\n|t:|1783544892\n|move|p1a: Palkia|Spacial Rend|p2a: Poliwrath\n|-damage|p2a: Poliwrath|39/100\n|move|p2a: Poliwrath|Drain Punch|p1a: Palkia\n|-damage|p1a: Palkia|79/259\n|-heal|p2a: Poliwrath|68/100|[from] drain|[of] p1a: Palkia\n|\n|-heal|p2a: Poliwrath|74/100|[from] item: Leftovers\n|upkeep\n|turn|7\n|inactive|Time left: 300 sec this turn | 300 sec total\n|\n|t:|1783544893\n|move|p1a: Palkia|Spacial Rend|p2a: Poliwrath\n|-damage|p2a: Poliwrath|14/100\n|move|p2a: Poliwrath|Drain Punch|p1a: Palkia\n|-damage|p1a: Palkia|0 fnt\n|-heal|p2a: Poliwrath|27/100|[from] drain|[of] p1a: Palkia\n|faint|p1a: Palkia\n|\n|-heal|p2a: Poliwrath|33/100|[from] item: Leftovers\n|upkeep\n|inactive|Time left: 300 sec this turn | 300 sec total | 5 sec grace\n|\n|t:|1783544894\n|switch|p1a: Talonflame|Talonflame, L83, M|265/265\n|turn|8\n|inactive|Time left: 300 sec this turn | 300 sec total\n|\n|t:|1783544896\n|switch|p2a: Glimmora|Glimmora, L75, F|100/100\n|-damage|p2a: Glimmora|88/100|[from] Stealth Rock\n|-sideend|p2: p0y5037384|move: Toxic Spikes|[of] p2a: Glimmora\n|move|p1a: Talonflame|Brave Bird|p2a: Glimmora\n|-resisted|p2a: Glimmora\n|-damage|p2a: Glimmora|63/100\n|-activate|p2a: Glimmora|ability: Toxic Debris\n|-sidestart|p1: p0x503d26f|move: Toxic Spikes\n|-damage|p1a: Talonflame|245/265|[from] Recoil\n|\n|upkeep\n|turn|9\n|inactive|Time left: 300 sec this turn | 300 sec total\n|\n|t:|1783544897\n|move|p1a: Talonflame|Brave Bird|p2a: Glimmora\n|-resisted|p2a: Glimmora\n|-damage|p2a: Glimmora|38/100\n|-activate|p2a: Glimmora|ability: Toxic Debris\n|-sidestart|p1: p0x503d26f|move: Toxic Spikes\n|-damage|p1a: Talonflame|225/265|[from] Recoil\n|move|p2a: Glimmora|Meteor Beam||[still]\n|-prepare|p2a: Glimmora|Meteor Beam\n|-boost|p2a: Glimmora|spa|1\n|-enditem|p2a: Glimmora|Power Herb\n|-anim|p2a: Glimmora|Meteor Beam|p1a: Talonflame\n|-supereffective|p1a: Talonflame\n|-damage|p1a: Talonflame|0 fnt\n|faint|p1a: Talonflame\n|\n|upkeep\n|inactive|Time left: 300 sec this turn | 300 sec total | 5 sec grace\n|\n|t:|1783544898\n|switch|p1a: Flareon|Flareon, L90, M|263/263\n|-status|p1a: Flareon|tox\n|turn|10\n|inactive|Time left: 300 sec this turn | 300 sec total\n|\n|t:|1783544899\n|move|p2a: Glimmora|Earth Power|p1a: Flareon\n|-supereffective|p1a: Flareon\n|-damage|p1a: Flareon|97/263 tox\n|move|p1a: Flareon|Trailblaze|p2a: Glimmora\n|-damage|p2a: Glimmora|6/100\n|-boost|p1a: Flareon|spe|1\n|\n|-damage|p1a: Flareon|81/263 tox|[from] psn\n|upkeep\n|turn|11\n|inactive|Time left: 300 sec this turn | 300 sec total\n|\n|t:|1783544901\n|move|p1a: Flareon|Facade|p2a: Glimmora\n|-resisted|p2a: Glimmora\n|-damage|p2a: Glimmora|0 fnt\n|faint|p2a: Glimmora\n|\n|-damage|p1a: Flareon|49/263 tox|[from] psn\n|upkeep\n|\n|t:|1783544902\n|switch|p2a: Gurdurr|Gurdurr, L85, M|100/100\n|-damage|p2a: Gurdurr|94/100|[from] Stealth Rock\n|turn|12\n|inactive|Time left: 300 sec this turn | 300 sec total\n|\n|t:|1783544903\n|move|p2a: Gurdurr|Mach Punch|p1a: Flareon\n|-crit|p1a: Flareon\n|-damage|p1a: Flareon|0 fnt\n|faint|p1a: Flareon\n|\n|upkeep\n|inactive|Time left: 300 sec this turn | 300 sec total | 5 sec grace\n|\n|t:|1783544904\n|switch|p1a: Iron Boulder|Iron Boulder, L77|265/265\n|-status|p1a: Iron Boulder|tox\n|-enditem|p1a: Iron Boulder|Booster Energy\n|-activate|p1a: Iron Boulder|ability: Quark Drive|[fromitem]\n|-start|p1a: Iron Boulder|quarkdrivespe\n|turn|13\n|inactive|Time left: 300 sec this turn | 300 sec total\n|\n|t:|1783544905\n|move|p1a: Iron Boulder|Swords Dance|p1a: Iron Boulder\n|-boost|p1a: Iron Boulder|atk|2\n|move|p2a: Gurdurr|Bulk Up|p2a: Gurdurr\n|-boost|p2a: Gurdurr|atk|1\n|-boost|p2a: Gurdurr|def|1\n|\n|-damage|p1a: Iron Boulder|249/265 tox|[from] psn\n|upkeep\n|turn|14\n|inactive|Time left: 300 sec this turn | 300 sec total\n|\n|t:|1783544906\n|move|p1a: Iron Boulder|Zen Headbutt|p2a: Gurdurr|[miss]\n|-miss|p1a: Iron Boulder|p2a: Gurdurr\n|move|p2a: Gurdurr|Drain Punch|p1a: Iron Boulder\n|-damage|p1a: Iron Boulder|92/265 tox\n|-heal|p2a: Gurdurr|100/100|[from] drain|[of] p1a: Iron Boulder\n|\n|-damage|p1a: Iron Boulder|60/265 tox|[from] psn\n|upkeep\n|turn|15\n|inactive|Time left: 300 sec this turn | 300 sec total\n|\n|t:|1783544907\n|move|p2a: Gurdurr|Mach Punch|p1a: Iron Boulder\n|-damage|p1a: Iron Boulder|0 fnt\n|faint|p1a: Iron Boulder\n|-end|p1a: Iron Boulder|Quark Drive|[silent]\n|\n|upkeep\n|inactive|Time left: 300 sec this turn | 300 sec total | 5 sec grace\n|\n|t:|1783544908\n|switch|p1a: Spectrier|Spectrier, L75|274/274\n|-status|p1a: Spectrier|tox\n|turn|16\n|inactive|Time left: 300 sec this turn | 300 sec total\n|\n|t:|1783544909\n|move|p1a: Spectrier|Substitute|p1a: Spectrier\n|-start|p1a: Spectrier|Substitute\n|-damage|p1a: Spectrier|206/274 tox\n|move|p2a: Gurdurr|Knock Off|p1a: Spectrier\n|-supereffective|p1a: Spectrier\n|-end|p1a: Spectrier|Substitute\n|\n|-heal|p1a: Spectrier|223/274 tox|[from] item: Leftovers\n|-damage|p1a: Spectrier|206/274 tox|[from] psn\n|upkeep\n|turn|17\n|inactive|Time left: 300 sec this turn | 300 sec total\n|\n|t:|1783544910\n|move|p1a: Spectrier|Substitute|p1a: Spectrier\n|-start|p1a: Spectrier|Substitute\n|-damage|p1a: Spectrier|138/274 tox\n|move|p2a: Gurdurr|Knock Off|p1a: Spectrier\n|-supereffective|p1a: Spectrier\n|-end|p1a: Spectrier|Substitute\n|\n|-heal|p1a: Spectrier|155/274 tox|[from] item: Leftovers\n|-damage|p1a: Spectrier|121/274 tox|[from] psn\n|upkeep\n|turn|18\n|inactive|Time left: 300 sec this turn | 300 sec total\n|\n|t:|1783544911\n|move|p1a: Spectrier|Nasty Plot|p1a: Spectrier\n|-boost|p1a: Spectrier|spa|2\n|move|p2a: Gurdurr|Knock Off|p1a: Spectrier\n|-supereffective|p1a: Spectrier\n|-damage|p1a: Spectrier|0 fnt\n|-enditem|p1a: Spectrier|Leftovers|[from] move: Knock Off|[of] p2a: Gurdurr\n|faint|p1a: Spectrier\n|\n|win|p0y5037384", "uploadtime": 1783544911, "views": 0, "rating": 0, "private": 0, "password": null, "_winner": "p0y5037384", "_our_name": "p0x503d26f"}