{"id": "battle-gen9randombattle-1069", "formatid": "gen9randombattle", "format": "[Gen 9] Random Battle", "players": ["p0x10699188", "p0y1069cd44"], "log": "|init|battle\n|title|p0x10699188 vs. p0y1069cd44\n|j|\u2606p0x10699188\n|j|\u2606p0y1069cd44\n|t:|1783551582\n|gametype|singles\n|player|p1|p0x10699188|169|\n|player|p2|p0y1069cd44|266|\n|gen|9\n|tier|[Gen 9] Random Battle\n|rule|Species Clause: Limit one of each Pok\u00e9mon\n|rule|HP Percentage Mod: HP is shown in percentages\n|rule|Sleep Clause Mod: Limit one foe put to sleep\n|rule|Illusion Level Mod: Illusion disguises the Pok\u00e9mon's true level\n|\n|t:|1783551582\n|teamsize|p1|6\n|teamsize|p2|6\n|start\n|switch|p1a: Ampharos|Ampharos, L88, F|302/302\n|switch|p2a: Farigiraf|Farigiraf, L90, M|100/100\n|turn|1\n|inactive|Battle timer is ON: inactive players will automatically lose when time's up. (requested by p0x10699188)\n|inactive|p0y1069cd44 also wants the timer to be on.\n|\n|t:|1783551584\n|move|p2a: Farigiraf|Protect|p2a: Farigiraf\n|-singleturn|p2a: Farigiraf|Protect\n|move|p1a: Ampharos|Dazzling Gleam|p2a: Farigiraf\n|-activate|p2a: Farigiraf|move: Protect\n|\n|upkeep\n|turn|2\n|inactive|Time left: 300 sec this turn | 300 sec total\n|\n|t:|1783551586\n|move|p2a: Farigiraf|Body Slam|p1a: Ampharos\n|-damage|p1a: Ampharos|208/302\n|move|p1a: Ampharos|Volt Switch|p2a: Farigiraf\n|-damage|p2a: Farigiraf|73/100\n|inactive|Time left: 300 sec this turn | 300 sec total | 5 sec grace\n|\n|t:|1783551586\n|switch|p1a: Krookodile|Krookodile, L79, F|280/280|[from] Volt Switch\n|-ability|p1a: Krookodile|Intimidate|boost\n|-unboost|p2a: Farigiraf|atk|1\n|\n|-heal|p2a: Farigiraf|79/100|[from] item: Leftovers\n|upkeep\n|turn|3\n|inactive|Time left: 300 sec this turn | 300 sec total\n|\n|t:|1783551588\n|switch|p2a: Eiscue|Eiscue, L88, F|100/100\n|move|p1a: Krookodile|Knock Off|p2a: Eiscue\n|-activate|p2a: Eiscue|ability: Ice Face\n|-damage|p2a: Eiscue|100/100\n|-enditem|p2a: Eiscue|Sitrus Berry|[from] move: Knock Off|[of] p1a: Krookodile\n|detailschange|p2a: Eiscue|Eiscue-Noice, L88, F\n|-damage|p1a: Krookodile|252/280|[from] item: Life Orb\n|\n|upkeep\n|turn|4\n|inactive|Time left: 300 sec this turn | 300 sec total\n|\n|t:|1783551589\n|move|p2a: Eiscue|Ice Spinner|p1a: Krookodile\n|-supereffective|p1a: Krookodile\n|-damage|p1a: Krookodile|54/280\n|move|p1a: Krookodile|Stealth Rock|p2a: Eiscue\n|-sidestart|p2: p0y1069cd44|move: Stealth Rock\n|\n|upkeep\n|turn|5\n|inactive|Time left: 300 sec this turn | 300 sec total\n|\n|t:|1783551590\n|switch|p1a: Kingambit|Kingambit, L74, M|270/270\n|move|p2a: Eiscue|Ice Spinner|p1a: Kingambit\n|-resisted|p1a: Kingambit\n|-damage|p1a: Kingambit|234/270\n|\n|-heal|p1a: Kingambit|250/270|[from] item: Leftovers\n|upkeep\n|turn|6\n|inactive|Time left: 300 sec this turn | 300 sec total\n|\n|t:|1783551591\n|switch|p2a: Swanna|Swanna, L89, F|100/100\n|move|p1a: Kingambit|Swords Dance|p1a: Kingambit\n|-boost|p1a: Kingambit|atk|2\n|\n|-heal|p1a: Kingambit|266/270|[from] item: Leftovers\n|upkeep\n|turn|7\n|inactive|Time left: 300 sec this turn | 300 sec total\n|\n|t:|1783551593\n|move|p2a: Swanna|Defog|p1a: Kingambit\n|-unboost|p1a: Kingambit|evasion|1\n|-sideend|p2: p0y1069cd44|Stealth Rock|[from] move: Defog|[of] p2a: Swanna\n|move|p1a: Kingambit|Kowtow Cleave|p2a: Swanna\n|-damage|p2a: Swanna|18/100\n|\n|-heal|p1a: Kingambit|270/270|[from] item: Leftovers\n|upkeep\n|turn|8\n|inactive|Time left: 300 sec this turn | 300 sec total\n|\n|t:|1783551594\n|move|p2a: Swanna|Hydro Pump|p1a: Kingambit\n|-damage|p1a: Kingambit|122/270\n|move|p1a: Kingambit|Kowtow Cleave|p2a: Swanna\n|-damage|p2a: Swanna|0 fnt\n|faint|p2a: Swanna\n|\n|-heal|p1a: Kingambit|138/270|[from] item: Leftovers\n|upkeep\n|\n|t:|1783551595\n|switch|p2a: Haxorus|Haxorus, L77, M|100/100\n|-ability|p2a: Haxorus|Mold Breaker\n|turn|9\n|inactive|Time left: 300 sec this turn | 300 sec total\n|\n|t:|1783551596\n|move|p1a: Kingambit|Sucker Punch|p2a: Haxorus\n|-damage|p2a: Haxorus|35/100\n|move|p2a: Haxorus|Earthquake|p1a: Kingambit\n|-supereffective|p1a: Kingambit\n|-damage|p1a: Kingambit|0 fnt\n|faint|p1a: Kingambit\n|-end|p1a: Kingambit|fallenundefined|[silent]\n|\n|upkeep\n|inactive|Time left: 300 sec this turn | 300 sec total | 5 sec grace\n|\n|t:|1783551597\n|switch|p1a: Plusle|Plusle, L95, M|268/268\n|turn|10\n|inactive|Time left: 300 sec this turn | 300 sec total\n|\n|t:|1783551598\n|switch|p2a: Appletun|Appletun, L92, F|100/100\n|move|p1a: Plusle|Thunderbolt|p2a: Appletun\n|-resisted|p2a: Appletun\n|-damage|p2a: Appletun|90/100\n|-damage|p1a: Plusle|242/268|[from] item: Life Orb\n|\n|-heal|p2a: Appletun|97/100|[from] item: Leftovers\n|upkeep\n|turn|11\n|inactive|Time left: 300 sec this turn | 300 sec total\n|\n|t:|1783551599\n|move|p1a: Plusle|Nasty Plot|p1a: Plusle\n|-boost|p1a: Plusle|spa|2\n|move|p2a: Appletun|Apple Acid|p1a: Plusle\n|-damage|p1a: Plusle|140/268\n|-unboost|p1a: Plusle|spd|1\n|\n|-heal|p2a: Appletun|100/100|[from] item: Leftovers\n|upkeep\n|turn|12\n|inactive|Time left: 300 sec this turn | 300 sec total\n|\n|t:|1783551600\n|-terastallize|p2a: Appletun|Steel\n|move|p1a: Plusle|Alluring Voice|p2a: Appletun\n|-resisted|p2a: Appletun\n|-crit|p2a: Appletun\n|-damage|p2a: Appletun|66/100\n|-damage|p1a: Plusle|114/268|[from] item: Life Orb\n|move|p2a: Appletun|Apple Acid|p1a: Plusle\n|-damage|p1a: Plusle|0 fnt\n|faint|p1a: Plusle\n|\n|-heal|p2a: Appletun|72/100|[from] item: Leftovers\n|upkeep\n|inactive|Time left: 300 sec this turn | 300 sec total | 5 sec grace\n|\n|t:|1783551601\n|switch|p1a: Krookodile|Krookodile, L79, F|54/280\n|-ability|p1a: Krookodile|Intimidate|boost\n|-unboost|p2a: Appletun|atk|1\n|turn|13\n|inactive|Time left: 300 sec this turn | 300 sec total\n|\n|t:|1783551602\n|switch|p2a: Farigiraf|Farigiraf, L90, M|79/100\n|move|p1a: Krookodile|Earthquake|p2a: Farigiraf\n|-damage|p2a: Farigiraf|35/100\n|-damage|p1a: Krookodile|26/280|[from] item: Life Orb\n|\n|-heal|p2a: Farigiraf|41/100|[from] item: Leftovers\n|upkeep\n|turn|14\n|inactive|Time left: 300 sec this turn | 300 sec total\n|\n|t:|1783551603\n|move|p1a: Krookodile|Knock Off|p2a: Farigiraf\n|-supereffective|p2a: Farigiraf\n|-damage|p2a: Farigiraf|0 fnt\n|-enditem|p2a: Farigiraf|Leftovers|[from] move: Knock Off|[of] p1a: Krookodile\n|faint|p2a: Farigiraf\n|-damage|p1a: Krookodile|0 fnt|[from] item: Life Orb\n|faint|p1a: Krookodile\n|\n|upkeep\n|inactive|Time left: 300 sec this turn | 300 sec total | 5 sec grace\n|\n|t:|1783551604\n|switch|p1a: Hitmontop|Hitmontop, L88, M|231/231\n|switch|p2a: Appletun|Appletun, L92, F, tera:Steel|72/100\n|turn|15\n|inactive|Time left: 300 sec this turn | 300 sec total\n|\n|t:|1783551605\n|move|p1a: Hitmontop|Close Combat|p2a: Appletun\n|-supereffective|p2a: Appletun\n|-damage|p2a: Appletun|0 fnt\n|-unboost|p1a: Hitmontop|def|1\n|-unboost|p1a: Hitmontop|spd|1\n|faint|p2a: Appletun\n|\n|upkeep\n|\n|t:|1783551606\n|switch|p2a: Sneasler|Sneasler, L74, M|100/100\n|turn|16\n|inactive|Time left: 300 sec this turn | 300 sec total\n|\n|t:|1783551607\n|move|p2a: Sneasler|Gunk Shot|p1a: Hitmontop\n|-crit|p1a: Hitmontop\n|-damage|p1a: Hitmontop|0 fnt\n|faint|p1a: Hitmontop\n|\n|upkeep\n|inactive|Time left: 300 sec this turn | 300 sec total | 5 sec grace\n|\n|t:|1783551608\n|switch|p1a: Ampharos|Ampharos, L88, F|208/302\n|turn|17\n|inactive|Time left: 300 sec this turn | 300 sec total\n|\n|t:|1783551609\n|move|p2a: Sneasler|Gunk Shot|p1a: Ampharos\n|-damage|p1a: Ampharos|94/302\n|move|p1a: Ampharos|Thunderbolt|p2a: Sneasler\n|-damage|p2a: Sneasler|38/100\n|\n|upkeep\n|turn|18\n|inactive|Time left: 300 sec this turn | 300 sec total\n|\n|t:|1783551610\n|-terastallize|p1a: Ampharos|Fairy\n|move|p2a: Sneasler|Gunk Shot|p1a: Ampharos\n|-supereffective|p1a: Ampharos\n|-damage|p1a: Ampharos|0 fnt\n|faint|p1a: Ampharos\n|\n|upkeep\n|inactive|Time left: 300 sec this turn | 300 sec total | 5 sec grace\n|\n|t:|1783551610\n|switch|p1a: Ursaring|Ursaring, L84, M|288/288\n|turn|19\n|inactive|Time left: 300 sec this turn | 300 sec total\n|\n|t:|1783551611\n|move|p2a: Sneasler|Close Combat|p1a: Ursaring\n|-supereffective|p1a: Ursaring\n|-damage|p1a: Ursaring|22/288\n|-unboost|p2a: Sneasler|def|1\n|-unboost|p2a: Sneasler|spd|1\n|-enditem|p2a: Sneasler|White Herb\n|-clearnegativeboost|p2a: Sneasler|[silent]\n|move|p1a: Ursaring|Swords Dance|p1a: Ursaring\n|-boost|p1a: Ursaring|atk|2\n|\n|-status|p1a: Ursaring|tox|[from] item: Toxic Orb\n|upkeep\n|turn|20\n|inactive|Time left: 300 sec this turn | 300 sec total\n|\n|t:|1783551611\n|move|p2a: Sneasler|Gunk Shot|p1a: Ursaring\n|-damage|p1a: Ursaring|0 fnt\n|faint|p1a: Ursaring\n|\n|win|p0y1069cd44", "uploadtime": 1783551611, "views": 0, "rating": 0, "private": 0, "password": null, "_winner": "p0y1069cd44", "_our_name": "p0x10699188"}