{"id": "battle-gen9randombattle-2012", "formatid": "gen9randombattle", "format": "[Gen 9] Random Battle", "players": ["p0x201206b1", "p0y2012f253"], "log": "|init|battle\n|title|p0x201206b1 vs. p0y2012f253\n|j|\u2606p0x201206b1\n|j|\u2606p0y2012f253\n|t:|1783563292\n|gametype|singles\n|player|p1|p0x201206b1|101|\n|player|p2|p0y2012f253|2|\n|gen|9\n|tier|[Gen 9] Random Battle\n|rule|Species Clause: Limit one of each Pok\u00e9mon\n|rule|HP Percentage Mod: HP is shown in percentages\n|rule|Sleep Clause Mod: Limit one foe put to sleep\n|rule|Illusion Level Mod: Illusion disguises the Pok\u00e9mon's true level\n|\n|t:|1783563292\n|teamsize|p1|6\n|teamsize|p2|6\n|start\n|switch|p1a: Toxapex|Toxapex, L82, M|216/216\n|switch|p2a: Ceruledge|Ceruledge, L78, M|100/100\n|turn|1\n|inactive|Battle timer is ON: inactive players will automatically lose when time's up. (requested by p0y2012f253)\n|inactive|Time left: 300 sec this turn | 300 sec total | 60 sec grace\n|inactive|p0x201206b1 also wants the timer to be on.\n|\n|t:|1783563294\n|move|p2a: Ceruledge|Swords Dance|p2a: Ceruledge\n|-boost|p2a: Ceruledge|atk|2\n|move|p1a: Toxapex|Liquidation|p2a: Ceruledge\n|-supereffective|p2a: Ceruledge\n|-crit|p2a: Ceruledge\n|-damage|p2a: Ceruledge|10/100\n|-ability|p2a: Ceruledge|Weak Armor|boost\n|-unboost|p2a: Ceruledge|def|1\n|-boost|p2a: Ceruledge|spe|2\n|\n|upkeep\n|turn|2\n|inactive|Time left: 300 sec this turn | 300 sec total\n|\n|t:|1783563295\n|move|p2a: Ceruledge|Poltergeist|p1a: Toxapex\n|-activate|p1a: Toxapex|move: Poltergeist|Leftovers\n|-damage|p1a: Toxapex|53/216\n|move|p1a: Toxapex|Liquidation|p2a: Ceruledge\n|-supereffective|p2a: Ceruledge\n|-damage|p2a: Ceruledge|0 fnt\n|faint|p2a: Ceruledge\n|\n|-heal|p1a: Toxapex|66/216|[from] item: Leftovers\n|upkeep\n|\n|t:|1783563296\n|switch|p2a: Noivern|Noivern, L82, M|100/100\n|turn|3\n|inactive|Time left: 300 sec this turn | 300 sec total\n|\n|t:|1783563297\n|switch|p1a: Slaking|Slaking, L84, M|389/389\n|move|p2a: Noivern|Boomburst|p1a: Slaking\n|-damage|p1a: Slaking|221/389\n|\n|upkeep\n|turn|4\n|inactive|Time left: 300 sec this turn | 300 sec total\n|\n|t:|1783563298\n|move|p2a: Noivern|Boomburst|p1a: Slaking\n|-damage|p1a: Slaking|61/389\n|move|p1a: Slaking|Giga Impact|p2a: Noivern|[miss]\n|-miss|p1a: Slaking|p2a: Noivern\n|\n|upkeep\n|turn|5\n|inactive|Time left: 300 sec this turn | 300 sec total\n|\n|t:|1783563299\n|switch|p1a: Ho-Oh|Ho-Oh, L71|268/268\n|move|p2a: Noivern|Boomburst|p1a: Ho-Oh\n|-damage|p1a: Ho-Oh|160/268\n|\n|upkeep\n|turn|6\n|inactive|Time left: 300 sec this turn | 300 sec total\n|\n|t:|1783563301\n|move|p2a: Noivern|Boomburst|p1a: Ho-Oh\n|-damage|p1a: Ho-Oh|63/268\n|move|p1a: Ho-Oh|Recover|p1a: Ho-Oh\n|-heal|p1a: Ho-Oh|197/268\n|\n|upkeep\n|turn|7\n|inactive|Time left: 300 sec this turn | 300 sec total\n|\n|t:|1783563302\n|move|p2a: Noivern|Boomburst|p1a: Ho-Oh\n|-damage|p1a: Ho-Oh|82/268\n|move|p1a: Ho-Oh|Recover|p1a: Ho-Oh\n|-heal|p1a: Ho-Oh|216/268\n|\n|upkeep\n|turn|8\n|inactive|Time left: 300 sec this turn | 300 sec total\n|\n|t:|1783563303\n|move|p2a: Noivern|Boomburst|p1a: Ho-Oh\n|-damage|p1a: Ho-Oh|112/268\n|move|p1a: Ho-Oh|Recover|p1a: Ho-Oh\n|-heal|p1a: Ho-Oh|246/268\n|\n|upkeep\n|turn|9\n|inactive|Time left: 300 sec this turn | 300 sec total\n|\n|t:|1783563304\n|move|p2a: Noivern|Boomburst|p1a: Ho-Oh\n|-damage|p1a: Ho-Oh|140/268\n|move|p1a: Ho-Oh|Sacred Fire|p2a: Noivern\n|-resisted|p2a: Noivern\n|-damage|p2a: Noivern|82/100\n|-status|p2a: Noivern|brn\n|\n|-damage|p2a: Noivern|75/100 brn|[from] brn\n|upkeep\n|turn|10\n|inactive|Time left: 300 sec this turn | 300 sec total\n|\n|t:|1783563305\n|move|p2a: Noivern|Boomburst|p1a: Ho-Oh\n|-damage|p1a: Ho-Oh|28/268\n|move|p1a: Ho-Oh|Recover|p1a: Ho-Oh\n|-heal|p1a: Ho-Oh|162/268\n|\n|-damage|p2a: Noivern|69/100 brn|[from] brn\n|upkeep\n|turn|11\n|inactive|Time left: 300 sec this turn | 300 sec total\n|\n|t:|1783563306\n|move|p2a: Noivern|Boomburst|p1a: Ho-Oh\n|-damage|p1a: Ho-Oh|61/268\n|move|p1a: Ho-Oh|Recover|p1a: Ho-Oh\n|-heal|p1a: Ho-Oh|195/268\n|\n|-damage|p2a: Noivern|63/100 brn|[from] brn\n|upkeep\n|turn|12\n|inactive|Time left: 300 sec this turn | 300 sec total\n|\n|t:|1783563307\n|move|p2a: Noivern|Boomburst|p1a: Ho-Oh\n|-damage|p1a: Ho-Oh|80/268\n|move|p1a: Ho-Oh|Recover|p1a: Ho-Oh\n|-heal|p1a: Ho-Oh|214/268\n|\n|-damage|p2a: Noivern|57/100 brn|[from] brn\n|upkeep\n|turn|13\n|inactive|Time left: 300 sec this turn | 300 sec total\n|\n|t:|1783563308\n|move|p2a: Noivern|Boomburst|p1a: Ho-Oh\n|-damage|p1a: Ho-Oh|108/268\n|move|p1a: Ho-Oh|Brave Bird|p2a: Noivern\n|-damage|p2a: Noivern|14/100 brn\n|-damage|p1a: Ho-Oh|69/268|[from] Recoil\n|\n|-damage|p2a: Noivern|7/100 brn|[from] brn\n|upkeep\n|turn|14\n|inactive|Time left: 300 sec this turn | 300 sec total\n|\n|t:|1783563309\n|switch|p1a: Toxapex|Toxapex, L82, M|138/216\n|move|p2a: Noivern|Boomburst|p1a: Toxapex\n|-damage|p1a: Toxapex|39/216\n|\n|-heal|p1a: Toxapex|52/216|[from] item: Leftovers\n|-damage|p2a: Noivern|1/100 brn|[from] brn\n|upkeep\n|turn|15\n|inactive|Time left: 300 sec this turn | 300 sec total\n|\n|t:|1783563309\n|switch|p1a: Ho-Oh|Ho-Oh, L71|158/268\n|move|p2a: Noivern|Boomburst|p1a: Ho-Oh\n|-crit|p1a: Ho-Oh\n|-damage|p1a: Ho-Oh|7/268\n|\n|-damage|p2a: Noivern|0 fnt|[from] brn\n|faint|p2a: Noivern\n|upkeep\n|\n|t:|1783563310\n|switch|p2a: Drifblim|Drifblim, L86, F|100/100\n|turn|16\n|inactive|Time left: 300 sec this turn | 300 sec total\n|\n|t:|1783563311\n|switch|p1a: Toxapex|Toxapex, L82, M|124/216\n|move|p2a: Drifblim|Air Slash|p1a: Toxapex\n|-damage|p1a: Toxapex|73/216\n|\n|-heal|p1a: Toxapex|86/216|[from] item: Leftovers\n|upkeep\n|turn|17\n|inactive|Time left: 300 sec this turn | 300 sec total\n|\n|t:|1783563312\n|move|p2a: Drifblim|Calm Mind|p2a: Drifblim\n|-boost|p2a: Drifblim|spa|1\n|-boost|p2a: Drifblim|spd|1\n|move|p1a: Toxapex|Recover|p1a: Toxapex\n|-heal|p1a: Toxapex|194/216\n|\n|-heal|p1a: Toxapex|207/216|[from] item: Leftovers\n|upkeep\n|turn|18\n|inactive|Time left: 300 sec this turn | 300 sec total\n|\n|t:|1783563313\n|move|p2a: Drifblim|Air Slash|p1a: Toxapex\n|-damage|p1a: Toxapex|120/216\n|move|p1a: Toxapex|Toxic|p2a: Drifblim\n|-status|p2a: Drifblim|tox\n|\n|-heal|p1a: Toxapex|133/216|[from] item: Leftovers\n|-damage|p2a: Drifblim|94/100 tox|[from] psn\n|upkeep\n|turn|19\n|inactive|Time left: 300 sec this turn | 300 sec total\n|\n|t:|1783563314\n|move|p2a: Drifblim|Air Slash|p1a: Toxapex\n|-damage|p1a: Toxapex|54/216\n|cant|p1a: Toxapex|flinch\n|\n|-heal|p1a: Toxapex|67/216|[from] item: Leftovers\n|-damage|p2a: Drifblim|82/100 tox|[from] psn\n|upkeep\n|turn|20\n|inactive|Time left: 300 sec this turn | 300 sec total\n|\n|t:|1783563315\n|switch|p1a: Slaking|Slaking, L84, M|61/389\n|move|p2a: Drifblim|Air Slash|p1a: Slaking\n|-damage|p1a: Slaking|0 fnt\n|faint|p1a: Slaking\n|\n|-damage|p2a: Drifblim|64/100 tox|[from] psn\n|upkeep\n|inactive|Time left: 300 sec this turn | 300 sec total | 5 sec grace\n|\n|t:|1783563316\n|switch|p1a: Toxapex|Toxapex, L82, M|139/216\n|turn|21\n|inactive|Time left: 300 sec this turn | 300 sec total\n|\n|t:|1783563317\n|move|p2a: Drifblim|Air Slash|p1a: Toxapex\n|-damage|p1a: Toxapex|58/216\n|move|p1a: Toxapex|Haze|p1a: Toxapex\n|-clearallboost\n|\n|-heal|p1a: Toxapex|71/216|[from] item: Leftovers\n|-damage|p2a: Drifblim|40/100 tox|[from] psn\n|upkeep\n|-enditem|p2a: Drifblim|Sitrus Berry|[eat]\n|-heal|p2a: Drifblim|65/100 tox|[from] item: Sitrus Berry\n|turn|22\n|inactive|Time left: 300 sec this turn | 300 sec total\n|\n|t:|1783563318\n|move|p2a: Drifblim|Strength Sap|p1a: Toxapex\n|-unboost|p1a: Toxapex|atk|1\n|-heal|p2a: Drifblim|100/100 tox\n|move|p1a: Toxapex|Recover|p1a: Toxapex\n|-heal|p1a: Toxapex|179/216\n|\n|-heal|p1a: Toxapex|192/216|[from] item: Leftovers\n|-damage|p2a: Drifblim|70/100 tox|[from] psn\n|upkeep\n|turn|23\n|inactive|Time left: 300 sec this turn | 300 sec total\n|\n|t:|1783563319\n|switch|p2a: Vileplume|Vileplume, L85, F|100/100\n|switch|p1a: Ho-Oh|Ho-Oh, L71|96/268\n|\n|upkeep\n|turn|24\n|inactive|Time left: 300 sec this turn | 300 sec total\n|\n|t:|1783563320\n|move|p1a: Ho-Oh|Recover|p1a: Ho-Oh\n|-heal|p1a: Ho-Oh|230/268\n|move|p2a: Vileplume|Strength Sap|p1a: Ho-Oh\n|-unboost|p1a: Ho-Oh|atk|1\n|\n|upkeep\n|turn|25\n|inactive|Time left: 300 sec this turn | 300 sec total\n|\n|t:|1783563321\n|switch|p1a: Toxapex|Toxapex, L82, M|216/216\n|move|p2a: Vileplume|Sludge Bomb|p1a: Toxapex\n|-resisted|p1a: Toxapex\n|-damage|p1a: Toxapex|180/216\n|\n|-heal|p1a: Toxapex|193/216|[from] item: Leftovers\n|upkeep\n|turn|26\n|inactive|Time left: 300 sec this turn | 300 sec total\n|\n|t:|1783563322\n|move|p2a: Vileplume|Sleep Powder|p1a: Toxapex|[miss]\n|-miss|p2a: Vileplume|p1a: Toxapex\n|move|p1a: Toxapex|Liquidation|p2a: Vileplume\n|-resisted|p2a: Vileplume\n|-damage|p2a: Vileplume|90/100\n|\n|-heal|p2a: Vileplume|96/100|[from] item: Leftovers\n|-heal|p1a: Toxapex|206/216|[from] item: Leftovers\n|upkeep\n|turn|27\n|inactive|Time left: 300 sec this turn | 300 sec total\n|\n|t:|1783563323\n|move|p2a: Vileplume|Sleep Powder|p1a: Toxapex\n|-status|p1a: Toxapex|slp|[from] move: Sleep Powder\n|cant|p1a: Toxapex|slp\n|\n|-heal|p2a: Vileplume|100/100|[from] item: Leftovers\n|-heal|p1a: Toxapex|216/216 slp|[from] item: Leftovers\n|upkeep\n|turn|28\n|inactive|Time left: 300 sec this turn | 300 sec total\n|\n|t:|1783563324\n|move|p2a: Vileplume|Strength Sap|p1a: Toxapex\n|-unboost|p1a: Toxapex|atk|1\n|-curestatus|p1a: Toxapex|slp|[msg]\n|move|p1a: Toxapex|Toxic|p2a: Vileplume\n|-immune|p2a: Vileplume\n|\n|upkeep\n|turn|29\n|inactive|Time left: 300 sec this turn | 300 sec total\n|\n|t:|1783563325\n|move|p2a: Vileplume|Sludge Bomb|p1a: Toxapex\n|-resisted|p1a: Toxapex\n|-damage|p1a: Toxapex|174/216\n|move|p1a: Toxapex|Haze|p1a: Toxapex\n|-clearallboost\n|\n|-heal|p1a: Toxapex|187/216|[from] item: Leftovers\n|upkeep\n|turn|30\n|inactive|Time left: 300 sec this turn | 300 sec total\n|\n|t:|1783563326\n|move|p2a: Vileplume|Sleep Powder|p1a: Toxapex\n|-status|p1a: Toxapex|slp|[from] move: Sleep Powder\n|cant|p1a: Toxapex|slp\n|\n|-heal|p1a: Toxapex|200/216 slp|[from] item: Leftovers\n|upkeep\n|turn|31\n|inactive|Time left: 300 sec this turn | 300 sec total\n|\n|t:|1783563327\n|move|p2a: Vileplume|Giga Drain|p1a: Toxapex\n|-damage|p1a: Toxapex|130/216 slp\n|-curestatus|p1a: Toxapex|slp|[msg]\n|move|p1a: Toxapex|Toxic|p2a: Vileplume\n|-immune|p2a: Vileplume\n|\n|-heal|p1a: Toxapex|143/216|[from] item: Leftovers\n|upkeep\n|turn|32\n|inactive|Time left: 300 sec this turn | 300 sec total\n|\n|t:|1783563328\n|move|p2a: Vileplume|Giga Drain|p1a: Toxapex\n|-damage|p1a: Toxapex|73/216\n|move|p1a: Toxapex|Recover|p1a: Toxapex\n|-heal|p1a: Toxapex|181/216\n|\n|-heal|p1a: Toxapex|194/216|[from] item: Leftovers\n|upkeep\n|turn|33\n|inactive|Time left: 300 sec this turn | 300 sec total\n|\n|t:|1783563329\n|move|p2a: Vileplume|Sleep Powder|p1a: Toxapex\n|-status|p1a: Toxapex|slp|[from] move: Sleep Powder\n|cant|p1a: Toxapex|slp\n|\n|-heal|p1a: Toxapex|207/216 slp|[from] item: Leftovers\n|upkeep\n|turn|34\n|inactive|Time left: 300 sec this turn | 300 sec total\n|\n|t:|1783563330\n|move|p2a: Vileplume|Sludge Bomb|p1a: Toxapex\n|-resisted|p1a: Toxapex\n|-damage|p1a: Toxapex|167/216 slp\n|-curestatus|p1a: Toxapex|slp|[msg]\n|move|p1a: Toxapex|Toxic|p2a: Vileplume\n|-immune|p2a: Vileplume\n|\n|-heal|p1a: Toxapex|180/216|[from] item: Leftovers\n|upkeep\n|turn|35\n|inactive|Time left: 300 sec this turn | 300 sec total\n|\n|t:|1783563331\n|move|p2a: Vileplume|Sleep Powder|p1a: Toxapex|[miss]\n|-miss|p2a: Vileplume|p1a: Toxapex\n|move|p1a: Toxapex|Toxic|p2a: Vileplume\n|-immune|p2a: Vileplume\n|\n|-heal|p1a: Toxapex|193/216|[from] item: Leftovers\n|upkeep\n|turn|36\n|inactive|Time left: 300 sec this turn | 300 sec total\n|\n|t:|1783563332\n|move|p2a: Vileplume|Sludge Bomb|p1a: Toxapex\n|-resisted|p1a: Toxapex\n|-damage|p1a: Toxapex|157/216\n|move|p1a: Toxapex|Liquidation|p2a: Vileplume\n|-resisted|p2a: Vileplume\n|-crit|p2a: Vileplume\n|-damage|p2a: Vileplume|83/100\n|\n|-heal|p2a: Vileplume|89/100|[from] item: Leftovers\n|-heal|p1a: Toxapex|170/216|[from] item: Leftovers\n|upkeep\n|turn|37\n|inactive|Time left: 300 sec this turn | 300 sec total\n|\n|t:|1783563334\n|move|p2a: Vileplume|Sleep Powder|p1a: Toxapex\n|-status|p1a: Toxapex|slp|[from] move: Sleep Powder\n|cant|p1a: Toxapex|slp\n|\n|-heal|p2a: Vileplume|95/100|[from] item: Leftovers\n|-heal|p1a: Toxapex|183/216 slp|[from] item: Leftovers\n|upkeep\n|turn|38\n|inactive|Time left: 300 sec this turn | 300 sec total\n|\n|t:|1783563335\n|move|p2a: Vileplume|Sludge Bomb|p1a: Toxapex\n|-resisted|p1a: Toxapex\n|-damage|p1a: Toxapex|147/216 slp\n|-curestatus|p1a: Toxapex|slp|[msg]\n|move|p1a: Toxapex|Recover|p1a: Toxapex\n|-heal|p1a: Toxapex|216/216\n|\n|-heal|p2a: Vileplume|100/100|[from] item: Leftovers\n|upkeep\n|turn|39\n|inactive|Time left: 300 sec this turn | 300 sec total\n|\n|t:|1783563336\n|move|p2a: Vileplume|Sludge Bomb|p1a: Toxapex\n|-resisted|p1a: Toxapex\n|-damage|p1a: Toxapex|176/216\n|move|p1a: Toxapex|Liquidation|p2a: Vileplume\n|-resisted|p2a: Vileplume\n|-damage|p2a: Vileplume|89/100\n|\n|-heal|p2a: Vileplume|95/100|[from] item: Leftovers\n|-heal|p1a: Toxapex|189/216|[from] item: Leftovers\n|upkeep\n|turn|40\n|inactive|Time left: 300 sec this turn | 300 sec total\n|\n|t:|1783563337\n|move|p2a: Vileplume|Strength Sap|p1a: Toxapex\n|-unboost|p1a: Toxapex|atk|1\n|-heal|p2a: Vileplume|100/100\n|move|p1a: Toxapex|Recover|p1a: Toxapex\n|-heal|p1a: Toxapex|216/216\n|\n|upkeep\n|turn|41\n|inactive|Time left: 300 sec this turn | 300 sec total\n|\n|t:|1783563338\n|switch|p1a: Ho-Oh|Ho-Oh, L71|268/268\n|move|p2a: Vileplume|Sludge Bomb|p1a: Ho-Oh\n|-damage|p1a: Ho-Oh|190/268\n|\n|upkeep\n|turn|42\n|inactive|Time left: 300 sec this turn | 300 sec total\n|\n|t:|1783563339\n|move|p1a: Ho-Oh|Sacred Fire|p2a: Vileplume\n|-supereffective|p2a: Vileplume\n|-damage|p2a: Vileplume|22/100\n|move|p2a: Vileplume|Strength Sap|p1a: Ho-Oh\n|-unboost|p1a: Ho-Oh|atk|1\n|-heal|p2a: Vileplume|100/100\n|\n|upkeep\n|turn|43\n|inactive|Time left: 300 sec this turn | 300 sec total\n|\n|t:|1783563340\n|switch|p1a: Toxapex|Toxapex, L82, M|216/216\n|move|p2a: Vileplume|Sludge Bomb|p1a: Toxapex\n|-resisted|p1a: Toxapex\n|-damage|p1a: Toxapex|177/216\n|\n|-heal|p1a: Toxapex|190/216|[from] item: Leftovers\n|upkeep\n|turn|44\n|inactive|Time left: 300 sec this turn | 300 sec total\n|\n|t:|1783563341\n|move|p2a: Vileplume|Sludge Bomb|p1a: Toxapex\n|-resisted|p1a: Toxapex\n|-damage|p1a: Toxapex|151/216\n|move|p1a: Toxapex|Recover|p1a: Toxapex\n|-heal|p1a: Toxapex|216/216\n|\n|upkeep\n|turn|45\n|inactive|Time left: 300 sec this turn | 300 sec total\n|\n|t:|1783563342\n|move|p2a: Vileplume|Sludge Bomb|p1a: Toxapex\n|-resisted|p1a: Toxapex\n|-damage|p1a: Toxapex|177/216\n|move|p1a: Toxapex|Recover|p1a: Toxapex\n|-heal|p1a: Toxapex|216/216\n|\n|upkeep\n|turn|46\n|inactive|Time left: 300 sec this turn | 300 sec total\n|\n|t:|1783563343\n|move|p2a: Vileplume|Sleep Powder|p1a: Toxapex|[miss]\n|-miss|p2a: Vileplume|p1a: Toxapex\n|move|p1a: Toxapex|Toxic|p2a: Vileplume\n|-immune|p2a: Vileplume\n|\n|upkeep\n|turn|47\n|inactive|Time left: 300 sec this turn | 300 sec total\n|\n|t:|1783563344\n|move|p2a: Vileplume|Giga Drain|p1a: Toxapex\n|-damage|p1a: Toxapex|152/216\n|move|p1a: Toxapex|Haze|p1a: Toxapex\n|-clearallboost\n|\n|-heal|p1a: Toxapex|165/216|[from] item: Leftovers\n|upkeep\n|turn|48\n|inactive|Time left: 300 sec this turn | 300 sec total\n|\n|t:|1783563345\n|move|p2a: Vileplume|Sleep Powder|p1a: Toxapex\n|-status|p1a: Toxapex|slp|[from] move: Sleep Powder\n|cant|p1a: Toxapex|slp\n|\n|-heal|p1a: Toxapex|178/216 slp|[from] item: Leftovers\n|upkeep\n|turn|49\n|inactive|Time left: 300 sec this turn | 300 sec total\n|\n|t:|1783563346\n|move|p2a: Vileplume|Giga Drain|p1a: Toxapex\n|-damage|p1a: Toxapex|109/216 slp\n|cant|p1a: Toxapex|slp\n|\n|-heal|p1a: Toxapex|122/216 slp|[from] item: Leftovers\n|upkeep\n|turn|50\n|inactive|Time left: 300 sec this turn | 300 sec total\n|\n|t:|1783563347\n|move|p2a: Vileplume|Giga Drain|p1a: Toxapex\n|-damage|p1a: Toxapex|62/216 slp\n|cant|p1a: Toxapex|slp\n|\n|-heal|p1a: Toxapex|75/216 slp|[from] item: Leftovers\n|upkeep\n|turn|51\n|inactive|Time left: 300 sec this turn | 300 sec total\n|\n|t:|1783563348\n|move|p2a: Vileplume|Giga Drain|p1a: Toxapex\n|-damage|p1a: Toxapex|14/216 slp\n|-curestatus|p1a: Toxapex|slp|[msg]\n|move|p1a: Toxapex|Recover|p1a: Toxapex\n|-heal|p1a: Toxapex|122/216\n|\n|-heal|p1a: Toxapex|135/216|[from] item: Leftovers\n|upkeep\n|turn|52\n|inactive|Time left: 300 sec this turn | 300 sec total\n|\n|t:|1783563349\n|switch|p1a: Ho-Oh|Ho-Oh, L71|268/268\n|move|p2a: Vileplume|Sludge Bomb|p1a: Ho-Oh\n|-damage|p1a: Ho-Oh|181/268\n|\n|upkeep\n|turn|53\n|inactive|Time left: 300 sec this turn | 300 sec total\n|\n|t:|1783563350\n|move|p1a: Ho-Oh|Sacred Fire|p2a: Vileplume\n|-supereffective|p2a: Vileplume\n|-damage|p2a: Vileplume|30/100\n|move|p2a: Vileplume|Strength Sap|p1a: Ho-Oh\n|-unboost|p1a: Ho-Oh|atk|1\n|-heal|p2a: Vileplume|100/100\n|\n|upkeep\n|turn|54\n|inactive|Time left: 300 sec this turn | 300 sec total\n|\n|t:|1783563351\n|switch|p1a: Toxapex|Toxapex, L82, M|207/216\n|move|p2a: Vileplume|Strength Sap|p1a: Toxapex\n|-unboost|p1a: Toxapex|atk|1\n|\n|-heal|p1a: Toxapex|216/216|[from] item: Leftovers\n|upkeep\n|turn|55\n|inactive|Time left: 300 sec this turn | 300 sec total\n|\n|t:|1783563352\n|move|p2a: Vileplume|Sludge Bomb|p1a: Toxapex\n|-resisted|p1a: Toxapex\n|-damage|p1a: Toxapex|177/216\n|move|p1a: Toxapex|Toxic|p2a: Vileplume\n|-immune|p2a: Vileplume\n|\n|-heal|p1a: Toxapex|190/216|[from] item: Leftovers\n|upkeep\n|turn|56\n|inactive|Time left: 300 sec this turn | 300 sec total\n|\n|t:|1783563353\n|move|p2a: Vileplume|Sludge Bomb|p1a: Toxapex\n|-resisted|p1a: Toxapex\n|-damage|p1a: Toxapex|154/216\n|move|p1a: Toxapex|Toxic|p2a: Vileplume\n|-immune|p2a: Vileplume\n|\n|-heal|p1a: Toxapex|167/216|[from] item: Leftovers\n|upkeep\n|turn|57\n|inactive|Time left: 300 sec this turn | 300 sec total\n|\n|t:|1783563354\n|switch|p1a: Ho-Oh|Ho-Oh, L71|268/268\n|move|p2a: Vileplume|Sleep Powder|p1a: Ho-Oh|[miss]\n|-miss|p2a: Vileplume|p1a: Ho-Oh\n|\n|upkeep\n|turn|58\n|inactive|Time left: 300 sec this turn | 300 sec total\n|\n|t:|1783563355\n|move|p1a: Ho-Oh|Sacred Fire|p2a: Vileplume\n|-supereffective|p2a: Vileplume\n|-damage|p2a: Vileplume|26/100\n|-status|p2a: Vileplume|brn\n|move|p2a: Vileplume|Strength Sap|p1a: Ho-Oh\n|-unboost|p1a: Ho-Oh|atk|1\n|-heal|p2a: Vileplume|100/100 brn\n|\n|-damage|p2a: Vileplume|94/100 brn|[from] brn\n|upkeep\n|turn|59\n|inactive|Time left: 300 sec this turn | 300 sec total\n|\n|t:|1783563356\n|move|p1a: Ho-Oh|Sacred Fire|p2a: Vileplume\n|-supereffective|p2a: Vileplume\n|-damage|p2a: Vileplume|44/100 brn\n|move|p2a: Vileplume|Strength Sap|p1a: Ho-Oh\n|-unboost|p1a: Ho-Oh|atk|1\n|-heal|p2a: Vileplume|100/100 brn\n|\n|-damage|p2a: Vileplume|94/100 brn|[from] brn\n|upkeep\n|turn|60\n|inactive|Time left: 300 sec this turn | 300 sec total\n|\n|t:|1783563356\n|switch|p1a: Toxapex|Toxapex, L82, M|216/216\n|move|p2a: Vileplume|Sleep Powder|p1a: Toxapex\n|-status|p1a: Toxapex|slp|[from] move: Sleep Powder\n|\n|-heal|p2a: Vileplume|100/100 brn|[from] item: Leftovers\n|-damage|p2a: Vileplume|94/100 brn|[from] brn\n|upkeep\n|turn|61\n|inactive|Time left: 300 sec this turn | 300 sec total\n|\n|t:|1783563357\n|move|p2a: Vileplume|Sludge Bomb|p1a: Toxapex\n|-resisted|p1a: Toxapex\n|-damage|p1a: Toxapex|180/216 slp\n|cant|p1a: Toxapex|slp\n|\n|-heal|p2a: Vileplume|100/100 brn|[from] item: Leftovers\n|-heal|p1a: Toxapex|193/216 slp|[from] item: Leftovers\n|-damage|p2a: Vileplume|94/100 brn|[from] brn\n|upkeep\n|turn|62\n|inactive|Time left: 300 sec this turn | 300 sec total\n|\n|t:|1783563358\n|move|p2a: Vileplume|Strength Sap|p1a: Toxapex\n|-unboost|p1a: Toxapex|atk|1\n|-heal|p2a: Vileplume|100/100 brn\n|-curestatus|p1a: Toxapex|slp|[msg]\n|move|p1a: Toxapex|Haze|p1a: Toxapex\n|-clearallboost\n|\n|-heal|p1a: Toxapex|206/216|[from] item: Leftovers\n|-damage|p2a: Vileplume|94/100 brn|[from] brn\n|upkeep\n|turn|63\n|inactive|Time left: 300 sec this turn | 300 sec total\n|\n|t:|1783563359\n|move|p2a: Vileplume|Strength Sap|p1a: Toxapex\n|-unboost|p1a: Toxapex|atk|1\n|-heal|p2a: Vileplume|100/100 brn\n|move|p1a: Toxapex|Liquidation|p2a: Vileplume\n|-resisted|p2a: Vileplume\n|-damage|p2a: Vileplume|92/100 brn\n|-status|p1a: Toxapex|slp|[from] ability: Effect Spore|[of] p2a: Vileplume\n|\n|-heal|p2a: Vileplume|98/100 brn|[from] item: Leftovers\n|-heal|p1a: Toxapex|216/216 slp|[from] item: Leftovers\n|-damage|p2a: Vileplume|92/100 brn|[from] brn\n|upkeep\n|turn|64\n|inactive|Time left: 300 sec this turn | 300 sec total\n|\n|t:|1783563360\n|switch|p1a: Ho-Oh|Ho-Oh, L71|268/268\n|move|p2a: Vileplume|Sludge Bomb|p1a: Ho-Oh\n|-damage|p1a: Ho-Oh|189/268\n|\n|-heal|p2a: Vileplume|98/100 brn|[from] item: Leftovers\n|-damage|p2a: Vileplume|92/100 brn|[from] brn\n|upkeep\n|turn|65\n|inactive|Time left: 300 sec this turn | 300 sec total\n|\n|t:|1783563361\n|move|p1a: Ho-Oh|Brave Bird|p2a: Vileplume\n|-supereffective|p2a: Vileplume\n|-damage|p2a: Vileplume|0 fnt\n|faint|p2a: Vileplume\n|-damage|p1a: Ho-Oh|108/268|[from] Recoil\n|\n|upkeep\n|\n|t:|1783563362\n|switch|p2a: Drifblim|Drifblim, L86, F|70/100 tox\n|turn|66\n|inactive|Time left: 300 sec this turn | 300 sec total\n|\n|t:|1783563363\n|move|p2a: Drifblim|Calm Mind|p2a: Drifblim\n|-boost|p2a: Drifblim|spa|1\n|-boost|p2a: Drifblim|spd|1\n|move|p1a: Ho-Oh|Recover|p1a: Ho-Oh\n|-heal|p1a: Ho-Oh|242/268\n|\n|-damage|p2a: Drifblim|64/100 tox|[from] psn\n|upkeep\n|turn|67\n|inactive|Time left: 300 sec this turn | 300 sec total\n|\n|t:|1783563364\n|move|p2a: Drifblim|Strength Sap|p1a: Ho-Oh\n|-unboost|p1a: Ho-Oh|atk|1\n|-heal|p2a: Drifblim|100/100 tox\n|move|p1a: Ho-Oh|Sacred Fire|p2a: Drifblim\n|-damage|p2a: Drifblim|75/100 tox\n|\n|-damage|p2a: Drifblim|63/100 tox|[from] psn\n|upkeep\n|turn|68\n|inactive|Time left: 300 sec this turn | 300 sec total\n|\n|t:|1783563365\n|move|p2a: Drifblim|Strength Sap|p1a: Ho-Oh\n|-unboost|p1a: Ho-Oh|atk|1\n|-heal|p2a: Drifblim|100/100 tox\n|move|p1a: Ho-Oh|Sacred Fire|p2a: Drifblim\n|-damage|p2a: Drifblim|80/100 tox\n|\n|-damage|p2a: Drifblim|62/100 tox|[from] psn\n|upkeep\n|turn|69\n|inactive|Time left: 300 sec this turn | 300 sec total\n|\n|t:|1783563366\n|move|p2a: Drifblim|Strength Sap|p1a: Ho-Oh\n|-unboost|p1a: Ho-Oh|atk|1\n|-heal|p2a: Drifblim|90/100 tox\n|move|p1a: Ho-Oh|Sacred Fire|p2a: Drifblim\n|-damage|p2a: Drifblim|75/100 tox\n|\n|-damage|p2a: Drifblim|51/100 tox|[from] psn\n|upkeep\n|turn|70\n|inactive|Time left: 300 sec this turn | 300 sec total\n|\n|t:|1783563367\n|switch|p1a: Dachsbun|Dachsbun, L92, F|254/254\n|move|p2a: Drifblim|Strength Sap|p1a: Dachsbun\n|-unboost|p1a: Dachsbun|atk|1\n|-heal|p2a: Drifblim|100/100 tox\n|\n|-damage|p2a: Drifblim|70/100 tox|[from] psn\n|upkeep\n|turn|71\n|inactive|Time left: 300 sec this turn | 300 sec total\n|\n|t:|1783563368\n|move|p1a: Dachsbun|Play Rough|p2a: Drifblim\n|-damage|p2a: Drifblim|43/100 tox\n|move|p2a: Drifblim|Strength Sap|p1a: Dachsbun\n|-unboost|p1a: Dachsbun|atk|1\n|-heal|p2a: Drifblim|77/100 tox\n|\n|-damage|p2a: Drifblim|40/100 tox|[from] psn\n|upkeep\n|turn|72\n|inactive|Time left: 300 sec this turn | 300 sec total\n|\n|t:|1783563369\n|switch|p1a: Ho-Oh|Ho-Oh, L71|268/268\n|move|p2a: Drifblim|Strength Sap|p1a: Ho-Oh\n|-unboost|p1a: Ho-Oh|atk|1\n|-heal|p2a: Drifblim|97/100 tox\n|\n|-damage|p2a: Drifblim|55/100 tox|[from] psn\n|upkeep\n|turn|73\n|inactive|Time left: 300 sec this turn | 300 sec total\n|\n|t:|1783563370\n|switch|p1a: Dachsbun|Dachsbun, L92, F|254/254\n|move|p2a: Drifblim|Air Slash|p1a: Dachsbun\n|-damage|p1a: Dachsbun|137/254\n|\n|-heal|p1a: Dachsbun|152/254|[from] item: Leftovers\n|-damage|p2a: Drifblim|6/100 tox|[from] psn\n|upkeep\n|turn|74\n|inactive|Time left: 300 sec this turn | 300 sec total\n|\n|t:|1783563371\n|switch|p2a: Scream Tail|Scream Tail, L84|100/100\n|move|p1a: Dachsbun|Protect||[still]\n|-fail|p1a: Dachsbun\n|\n|-heal|p1a: Dachsbun|167/254|[from] item: Leftovers\n|upkeep\n|turn|75\n|inactive|Time left: 300 sec this turn | 300 sec total\n|\n|t:|1783563372\n|move|p2a: Scream Tail|Play Rough|p1a: Dachsbun\n|-damage|p1a: Dachsbun|118/254\n|move|p1a: Dachsbun|Play Rough|p2a: Scream Tail\n|-damage|p2a: Scream Tail|71/100\n|\n|-heal|p2a: Scream Tail|77/100|[from] item: Leftovers\n|-heal|p1a: Dachsbun|133/254|[from] item: Leftovers\n|upkeep\n|turn|76\n|inactive|Time left: 300 sec this turn | 300 sec total\n|\n|t:|1783563373\n|move|p2a: Scream Tail|Thunder Wave|p1a: Dachsbun\n|-status|p1a: Dachsbun|par\n|move|p1a: Dachsbun|Play Rough|p2a: Scream Tail\n|-damage|p2a: Scream Tail|52/100\n|\n|-heal|p2a: Scream Tail|58/100|[from] item: Leftovers\n|-heal|p1a: Dachsbun|148/254 par|[from] item: Leftovers\n|upkeep\n|turn|77\n|inactive|Time left: 300 sec this turn | 300 sec total\n|\n|t:|1783563374\n|move|p2a: Scream Tail|Wish|p2a: Scream Tail\n|cant|p1a: Dachsbun|par\n|\n|-heal|p2a: Scream Tail|64/100|[from] item: Leftovers\n|-heal|p1a: Dachsbun|163/254 par|[from] item: Leftovers\n|upkeep\n|turn|78\n|inactive|Time left: 300 sec this turn | 300 sec total\n|\n|t:|1783563375\n|move|p2a: Scream Tail|Play Rough|p1a: Dachsbun|[miss]\n|-miss|p2a: Scream Tail|p1a: Dachsbun\n|cant|p1a: Dachsbun|par\n|\n|-heal|p2a: Scream Tail|100/100|[from] move: Wish|[wisher] Scream Tail\n|-heal|p1a: Dachsbun|178/254 par|[from] item: Leftovers\n|upkeep\n|turn|79\n|inactive|Time left: 300 sec this turn | 300 sec total\n|\n|t:|1783563376\n|move|p2a: Scream Tail|Play Rough|p1a: Dachsbun\n|-damage|p1a: Dachsbun|126/254 par\n|move|p1a: Dachsbun|Play Rough|p2a: Scream Tail\n|-damage|p2a: Scream Tail|76/100\n|\n|-heal|p2a: Scream Tail|82/100|[from] item: Leftovers\n|-heal|p1a: Dachsbun|141/254 par|[from] item: Leftovers\n|upkeep\n|turn|80\n|inactive|Time left: 300 sec this turn | 300 sec total\n|\n|t:|1783563377\n|move|p2a: Scream Tail|Wish|p2a: Scream Tail\n|move|p1a: Dachsbun|Wish|p1a: Dachsbun\n|\n|-heal|p2a: Scream Tail|88/100|[from] item: Leftovers\n|-heal|p1a: Dachsbun|156/254 par|[from] item: Leftovers\n|upkeep\n|turn|81\n|inactive|Time left: 300 sec this turn | 300 sec total\n|\n|t:|1783563378\n|-end|p2a: Scream Tail|Protosynthesis|[silent]\n|switch|p2a: Drifblim|Drifblim, L86, F|6/100 tox\n|move|p1a: Dachsbun|Play Rough|p2a: Drifblim\n|-damage|p2a: Drifblim|0 fnt\n|faint|p2a: Drifblim\n|\n|-heal|p1a: Dachsbun|254/254 par|[from] move: Wish|[wisher] Dachsbun\n|upkeep\n|\n|t:|1783563379\n|switch|p2a: Scream Tail|Scream Tail, L84|88/100\n|turn|82\n|inactive|Time left: 300 sec this turn | 300 sec total\n|\n|t:|1783563380\n|move|p2a: Scream Tail|Wish|p2a: Scream Tail\n|move|p1a: Dachsbun|Play Rough|p2a: Scream Tail\n|-damage|p2a: Scream Tail|63/100\n|\n|-heal|p2a: Scream Tail|69/100|[from] item: Leftovers\n|upkeep\n|turn|83\n|inactive|Time left: 300 sec this turn | 300 sec total\n|\n|t:|1783563381\n|switch|p1a: Toxapex|Toxapex, L82, M|216/216 slp\n|move|p2a: Scream Tail|Play Rough|p1a: Toxapex\n|-resisted|p1a: Toxapex\n|-damage|p1a: Toxapex|194/216 slp\n|\n|-heal|p2a: Scream Tail|100/100|[from] move: Wish|[wisher] Scream Tail\n|-heal|p1a: Toxapex|207/216 slp|[from] item: Leftovers\n|upkeep\n|turn|84\n|inactive|Time left: 300 sec this turn | 300 sec total\n|\n|t:|1783563383\n|move|p2a: Scream Tail|Play Rough|p1a: Toxapex\n|-resisted|p1a: Toxapex\n|-damage|p1a: Toxapex|183/216 slp\n|cant|p1a: Toxapex|slp\n|\n|-heal|p1a: Toxapex|196/216 slp|[from] item: Leftovers\n|upkeep\n|turn|85\n|inactive|Time left: 300 sec this turn | 300 sec total\n|\n|t:|1783563384\n|-end|p2a: Scream Tail|Protosynthesis|[silent]\n|switch|p2a: Mienshao|Mienshao, L83, M|100/100\n|cant|p1a: Toxapex|slp\n|\n|-heal|p1a: Toxapex|209/216 slp|[from] item: Leftovers\n|upkeep\n|turn|86\n|inactive|Time left: 300 sec this turn | 300 sec total\n|\n|t:|1783563385\n|move|p2a: Mienshao|Knock Off|p1a: Toxapex\n|-damage|p1a: Toxapex|154/216 slp\n|-enditem|p1a: Toxapex|Leftovers|[from] move: Knock Off|[of] p2a: Mienshao\n|cant|p1a: Toxapex|slp\n|\n|upkeep\n|turn|87\n|inactive|Time left: 300 sec this turn | 300 sec total\n|\n|t:|1783563386\n|move|p2a: Mienshao|U-turn|p1a: Toxapex\n|-resisted|p1a: Toxapex\n|-damage|p1a: Toxapex|134/216 slp\n|\n|t:|1783563387\n|switch|p2a: Scream Tail|Scream Tail, L84|100/100|[from] U-turn\n|-curestatus|p1a: Toxapex|slp|[msg]\n|move|p1a: Toxapex|Toxic|p2a: Scream Tail\n|-status|p2a: Scream Tail|tox\n|\n|-damage|p2a: Scream Tail|94/100 tox|[from] psn\n|upkeep\n|turn|88\n|inactive|Time left: 300 sec this turn | 300 sec total\n|\n|t:|1783563388\n|switch|p1a: Ho-Oh|Ho-Oh, L71|268/268\n|move|p2a: Scream Tail|Play Rough|p1a: Ho-Oh\n|-resisted|p1a: Ho-Oh\n|-damage|p1a: Ho-Oh|228/268\n|\n|-heal|p2a: Scream Tail|100/100 tox|[from] item: Leftovers\n|-damage|p2a: Scream Tail|88/100 tox|[from] psn\n|upkeep\n|turn|89\n|inactive|Time left: 300 sec this turn | 300 sec total\n|\n|t:|1783563389\n|move|p2a: Scream Tail|Wish|p2a: Scream Tail\n|move|p1a: Ho-Oh|Brave Bird|p2a: Scream Tail\n|-damage|p2a: Scream Tail|59/100 tox\n|-damage|p1a: Ho-Oh|196/268|[from] Recoil\n|\n|-heal|p2a: Scream Tail|65/100 tox|[from] item: Leftovers\n|-damage|p2a: Scream Tail|47/100 tox|[from] psn\n|upkeep\n|turn|90\n|inactive|Time left: 300 sec this turn | 300 sec total\n|\n|t:|1783563390\n|move|p2a: Scream Tail|Play Rough|p1a: Ho-Oh\n|-resisted|p1a: Ho-Oh\n|-crit|p1a: Ho-Oh\n|-damage|p1a: Ho-Oh|138/268\n|move|p1a: Ho-Oh|Brave Bird|p2a: Scream Tail\n|-damage|p2a: Scream Tail|14/100 tox\n|-damage|p1a: Ho-Oh|102/268|[from] Recoil\n|\n|-heal|p2a: Scream Tail|64/100 tox|[from] move: Wish|[wisher] Scream Tail\n|-heal|p2a: Scream Tail|70/100 tox|[from] item: Leftovers\n|-damage|p2a: Scream Tail|46/100 tox|[from] psn\n|upkeep\n|turn|91\n|inactive|Time left: 300 sec this turn | 300 sec total\n|\n|t:|1783563391\n|-end|p2a: Scream Tail|Protosynthesis|[silent]\n|switch|p2a: Mienshao|Mienshao, L83, M|100/100\n|move|p1a: Ho-Oh|Brave Bird|p2a: Mienshao\n|-supereffective|p2a: Mienshao\n|-damage|p2a: Mienshao|0 fnt\n|faint|p2a: Mienshao\n|-damage|p1a: Ho-Oh|21/268|[from] Recoil\n|\n|upkeep\n|\n|t:|1783563392\n|switch|p2a: Scream Tail|Scream Tail, L84|46/100 tox\n|turn|92\n|inactive|Time left: 300 sec this turn | 300 sec total\n|\n|t:|1783563393\n|switch|p1a: Feraligatr|Feraligatr, L79, F|264/264\n|move|p2a: Scream Tail|Wish|p2a: Scream Tail\n|\n|-heal|p2a: Scream Tail|52/100 tox|[from] item: Leftovers\n|-damage|p2a: Scream Tail|46/100 tox|[from] psn\n|upkeep\n|turn|93\n|inactive|Time left: 300 sec this turn | 300 sec total\n|\n|t:|1783563394\n|move|p2a: Scream Tail|Protect|p2a: Scream Tail\n|-singleturn|p2a: Scream Tail|Protect\n|move|p1a: Feraligatr|Dragon Dance|p1a: Feraligatr\n|-boost|p1a: Feraligatr|atk|1\n|-boost|p1a: Feraligatr|spe|1\n|\n|-heal|p2a: Scream Tail|96/100 tox|[from] move: Wish|[wisher] Scream Tail\n|-heal|p2a: Scream Tail|100/100 tox|[from] item: Leftovers\n|-damage|p2a: Scream Tail|88/100 tox|[from] psn\n|upkeep\n|turn|94\n|inactive|Time left: 300 sec this turn | 300 sec total\n|\n|t:|1783563395\n|-terastallize|p2a: Scream Tail|Steel\n|move|p2a: Scream Tail|Protect||[still]\n|-fail|p2a: Scream Tail\n|move|p1a: Feraligatr|Liquidation|p2a: Scream Tail\n|-damage|p2a: Scream Tail|34/100 tox\n|\n|-heal|p2a: Scream Tail|40/100 tox|[from] item: Leftovers\n|-damage|p2a: Scream Tail|21/100 tox|[from] psn\n|upkeep\n|turn|95\n|inactive|Time left: 300 sec this turn | 300 sec total\n|\n|t:|1783563396\n|switch|p1a: Ho-Oh|Ho-Oh, L71|110/268\n|move|p2a: Scream Tail|Wish|p2a: Scream Tail\n|\n|-heal|p2a: Scream Tail|27/100 tox|[from] item: Leftovers\n|-damage|p2a: Scream Tail|3/100 tox|[from] psn\n|upkeep\n|turn|96\n|inactive|Time left: 300 sec this turn | 300 sec total\n|\n|t:|1783563396\n|-terastallize|p1a: Ho-Oh|Ground\n|move|p2a: Scream Tail|Thunder Wave|p1a: Ho-Oh\n|-immune|p1a: Ho-Oh\n|move|p1a: Ho-Oh|Earthquake|p2a: Scream Tail\n|-supereffective|p2a: Scream Tail\n|-damage|p2a: Scream Tail|0 fnt\n|faint|p2a: Scream Tail\n|-end|p2a: Scream Tail|Protosynthesis|[silent]\n|\n|win|p0x201206b1", "uploadtime": 1783563396, "views": 0, "rating": 0, "private": 0, "password": null, "_winner": "p0x201206b1", "_our_name": "p0x201206b1"}