{"id": "battle-gen9randombattle-2672", "formatid": "gen9randombattle", "format": "[Gen 9] Random Battle", "players": ["p0x26727969", "p0y267246d2"], "log": "|init|battle\n|title|p0x26727969 vs. p0y267246d2\n|j|\u2606p0x26727969\n|j|\u2606p0y267246d2\n|t:|1783569815\n|gametype|singles\n|player|p1|p0x26727969|101|\n|player|p2|p0y267246d2|101|\n|gen|9\n|tier|[Gen 9] Random Battle\n|rule|Species Clause: Limit one of each Pok\u00e9mon\n|rule|HP Percentage Mod: HP is shown in percentages\n|rule|Sleep Clause Mod: Limit one foe put to sleep\n|rule|Illusion Level Mod: Illusion disguises the Pok\u00e9mon's true level\n|\n|t:|1783569815\n|teamsize|p1|6\n|teamsize|p2|6\n|start\n|switch|p1a: Magcargo|Magcargo, L95, M|268/268\n|switch|p2a: Grimmsnarl|Grimmsnarl, L83, M|100/100\n|turn|1\n|inactive|Battle timer is ON: inactive players will automatically lose when time's up. (requested by p0x26727969)\n|inactive|p0y267246d2 also wants the timer to be on.\n|\n|t:|1783569816\n|move|p2a: Grimmsnarl|Parting Shot|p1a: Magcargo\n|-unboost|p1a: Magcargo|atk|1\n|-unboost|p1a: Magcargo|spa|1\n|\n|t:|1783569818\n|switch|p2a: Regice|Regice, L88|100/100|[from] Parting Shot\n|move|p1a: Magcargo|Shell Smash|p1a: Magcargo\n|-unboost|p1a: Magcargo|def|1\n|-unboost|p1a: Magcargo|spd|1\n|-boost|p1a: Magcargo|atk|2\n|-boost|p1a: Magcargo|spa|2\n|-boost|p1a: Magcargo|spe|2\n|\n|upkeep\n|turn|2\n|inactive|Time left: 300 sec this turn | 300 sec total\n|\n|t:|1783569819\n|move|p1a: Magcargo|Fire Blast|p2a: Regice\n|-supereffective|p2a: Regice\n|-damage|p2a: Regice|28/100\n|move|p2a: Regice|Body Press|p1a: Magcargo\n|-supereffective|p1a: Magcargo\n|-damage|p1a: Magcargo|128/268\n|-ability|p1a: Magcargo|Weak Armor|boost\n|-unboost|p1a: Magcargo|def|1\n|-boost|p1a: Magcargo|spe|2\n|\n|upkeep\n|turn|3\n|inactive|Time left: 300 sec this turn | 300 sec total\n|\n|t:|1783569820\n|switch|p2a: Grumpig|Grumpig, L92, M|100/100\n|move|p1a: Magcargo|Fire Blast|p2a: Grumpig\n|-damage|p2a: Grumpig|72/100\n|\n|upkeep\n|turn|4\n|inactive|Time left: 300 sec this turn | 300 sec total\n|\n|t:|1783569821\n|move|p1a: Magcargo|Fire Blast|p2a: Grumpig|[miss]\n|-miss|p1a: Magcargo|p2a: Grumpig\n|move|p2a: Grumpig|Psyshock|p1a: Magcargo\n|-damage|p1a: Magcargo|5/268\n|\n|upkeep\n|turn|5\n|inactive|Time left: 300 sec this turn | 300 sec total\n|\n|t:|1783569822\n|move|p1a: Magcargo|Power Gem|p2a: Grumpig\n|-damage|p2a: Grumpig|33/100\n|move|p2a: Grumpig|Psyshock|p1a: Magcargo\n|-damage|p1a: Magcargo|0 fnt\n|faint|p1a: Magcargo\n|\n|upkeep\n|inactive|Time left: 300 sec this turn | 300 sec total | 5 sec grace\n|\n|t:|1783569823\n|switch|p1a: Torterra|Torterra, L78, M|276/276\n|turn|6\n|inactive|Time left: 300 sec this turn | 300 sec total\n|\n|t:|1783569824\n|move|p2a: Grumpig|Psyshock|p1a: Torterra\n|-damage|p1a: Torterra|189/276\n|move|p1a: Torterra|Shell Smash|p1a: Torterra\n|-unboost|p1a: Torterra|def|1\n|-unboost|p1a: Torterra|spd|1\n|-boost|p1a: Torterra|atk|2\n|-boost|p1a: Torterra|spa|2\n|-boost|p1a: Torterra|spe|2\n|\n|upkeep\n|turn|7\n|inactive|Time left: 300 sec this turn | 300 sec total\n|\n|t:|1783569826\n|move|p2a: Grumpig|Psyshock|p1a: Torterra\n|-crit|p1a: Torterra\n|-damage|p1a: Torterra|0 fnt\n|faint|p1a: Torterra\n|\n|upkeep\n|inactive|Time left: 300 sec this turn | 300 sec total | 5 sec grace\n|\n|t:|1783569827\n|switch|p1a: Incineroar|Incineroar, L82, F|290/290\n|-ability|p1a: Incineroar|Intimidate|boost\n|-unboost|p2a: Grumpig|atk|1\n|turn|8\n|inactive|Time left: 300 sec this turn | 300 sec total\n|\n|t:|1783569828\n|switch|p2a: Zamazenta|Zamazenta-Crowned, L68|100/100\n|-ability|p2a: Zamazenta|Dauntless Shield|boost\n|-boost|p2a: Zamazenta|def|1\n|move|p1a: Incineroar|Knock Off|p2a: Zamazenta\n|-resisted|p2a: Zamazenta\n|-damage|p2a: Zamazenta|92/100\n|\n|upkeep\n|turn|9\n|inactive|Time left: 300 sec this turn | 300 sec total\n|\n|t:|1783569829\n|switch|p1a: Lunala|Lunala, L70|308/308\n|move|p2a: Zamazenta|Body Press|p1a: Lunala\n|-immune|p1a: Lunala\n|\n|upkeep\n|turn|10\n|inactive|Time left: 300 sec this turn | 300 sec total\n|\n|t:|1783569830\n|move|p2a: Zamazenta|Heavy Slam|p1a: Lunala\n|-damage|p1a: Lunala|252/308\n|move|p1a: Lunala|Calm Mind|p1a: Lunala\n|-boost|p1a: Lunala|spa|1\n|-boost|p1a: Lunala|spd|1\n|\n|-heal|p1a: Lunala|271/308|[from] item: Leftovers\n|upkeep\n|turn|11\n|inactive|Time left: 300 sec this turn | 300 sec total\n|\n|t:|1783569831\n|move|p2a: Zamazenta|Heavy Slam|p1a: Lunala\n|-damage|p1a: Lunala|151/308\n|move|p1a: Lunala|Focus Blast|p2a: Zamazenta\n|-supereffective|p2a: Zamazenta\n|-damage|p2a: Zamazenta|4/100\n|\n|-heal|p1a: Lunala|170/308|[from] item: Leftovers\n|upkeep\n|turn|12\n|inactive|Time left: 300 sec this turn | 300 sec total\n|\n|t:|1783569832\n|move|p2a: Zamazenta|Heavy Slam|p1a: Lunala\n|-damage|p1a: Lunala|59/308\n|move|p1a: Lunala|Moonlight|p1a: Lunala\n|-heal|p1a: Lunala|213/308\n|\n|-heal|p1a: Lunala|232/308|[from] item: Leftovers\n|upkeep\n|turn|13\n|inactive|Time left: 300 sec this turn | 300 sec total\n|\n|t:|1783569833\n|move|p2a: Zamazenta|Heavy Slam|p1a: Lunala\n|-damage|p1a: Lunala|109/308\n|move|p1a: Lunala|Calm Mind|p1a: Lunala\n|-boost|p1a: Lunala|spa|1\n|-boost|p1a: Lunala|spd|1\n|\n|-heal|p1a: Lunala|128/308|[from] item: Leftovers\n|upkeep\n|turn|14\n|inactive|Time left: 300 sec this turn | 300 sec total\n|\n|t:|1783569834\n|move|p2a: Zamazenta|Heavy Slam|p1a: Lunala\n|-damage|p1a: Lunala|11/308\n|move|p1a: Lunala|Moonlight|p1a: Lunala\n|-heal|p1a: Lunala|165/308\n|\n|-heal|p1a: Lunala|184/308|[from] item: Leftovers\n|upkeep\n|turn|15\n|inactive|Time left: 300 sec this turn | 300 sec total\n|\n|t:|1783569835\n|move|p2a: Zamazenta|Heavy Slam|p1a: Lunala\n|-damage|p1a: Lunala|54/308\n|move|p1a: Lunala|Moonlight|p1a: Lunala\n|-heal|p1a: Lunala|208/308\n|\n|-heal|p1a: Lunala|227/308|[from] item: Leftovers\n|upkeep\n|turn|16\n|inactive|Time left: 300 sec this turn | 300 sec total\n|\n|t:|1783569835\n|move|p2a: Zamazenta|Heavy Slam|p1a: Lunala\n|-damage|p1a: Lunala|97/308\n|move|p1a: Lunala|Moongeist Beam|p2a: Zamazenta\n|-damage|p2a: Zamazenta|0 fnt\n|faint|p2a: Zamazenta\n|\n|-heal|p1a: Lunala|116/308|[from] item: Leftovers\n|upkeep\n|\n|t:|1783569836\n|switch|p2a: Grumpig|Grumpig, L92, M|33/100\n|turn|17\n|inactive|Time left: 300 sec this turn | 300 sec total\n|\n|t:|1783569837\n|move|p2a: Grumpig|Shadow Ball|p1a: Lunala\n|-supereffective|p1a: Lunala\n|-damage|p1a: Lunala|0 fnt\n|faint|p1a: Lunala\n|\n|upkeep\n|inactive|Time left: 300 sec this turn | 300 sec total | 5 sec grace\n|\n|t:|1783569838\n|switch|p1a: Incineroar|Incineroar, L82, F|290/290\n|-ability|p1a: Incineroar|Intimidate|boost\n|-unboost|p2a: Grumpig|atk|1\n|turn|18\n|inactive|Time left: 300 sec this turn | 300 sec total\n|\n|t:|1783569839\n|move|p2a: Grumpig|Shadow Ball|p1a: Incineroar\n|-resisted|p1a: Incineroar\n|-damage|p1a: Incineroar|258/290\n|move|p1a: Incineroar|Knock Off|p2a: Grumpig\n|-supereffective|p2a: Grumpig\n|-crit|p2a: Grumpig\n|-damage|p2a: Grumpig|0 fnt\n|-enditem|p2a: Grumpig|Choice Scarf|[from] move: Knock Off|[of] p1a: Incineroar\n|faint|p2a: Grumpig\n|\n|upkeep\n|\n|t:|1783569840\n|switch|p2a: Grimmsnarl|Grimmsnarl, L83, M|100/100\n|turn|19\n|inactive|Time left: 300 sec this turn | 300 sec total\n|\n|t:|1783569840\n|move|p2a: Grimmsnarl|Spirit Break|p1a: Incineroar\n|-damage|p1a: Incineroar|164/290\n|-unboost|p1a: Incineroar|spa|1\n|move|p1a: Incineroar|Flare Blitz|p2a: Grimmsnarl\n|-damage|p2a: Grimmsnarl|38/100\n|-damage|p1a: Incineroar|103/290|[from] Recoil\n|\n|-heal|p2a: Grimmsnarl|44/100|[from] item: Leftovers\n|upkeep\n|turn|20\n|inactive|Time left: 300 sec this turn | 300 sec total\n|\n|t:|1783569841\n|move|p2a: Grimmsnarl|Spirit Break|p1a: Incineroar\n|-damage|p1a: Incineroar|18/290\n|-unboost|p1a: Incineroar|spa|1\n|move|p1a: Incineroar|Flare Blitz|p2a: Grimmsnarl\n|-damage|p2a: Grimmsnarl|0 fnt\n|faint|p2a: Grimmsnarl\n|-damage|p1a: Incineroar|0 fnt|[from] Recoil\n|faint|p1a: Incineroar\n|\n|upkeep\n|inactive|Time left: 300 sec this turn | 300 sec total | 5 sec grace\n|\n|t:|1783569842\n|switch|p2a: Skeledirge|Skeledirge, L79, F|100/100\n|switch|p1a: Jolteon|Jolteon, L84, F|246/246\n|turn|21\n|inactive|Time left: 300 sec this turn | 300 sec total\n|\n|t:|1783569842\n|move|p1a: Jolteon|Volt Switch|p2a: Skeledirge\n|-damage|p2a: Skeledirge|64/100\n|inactive|Time left: 300 sec this turn | 300 sec total | 5 sec grace\n|\n|t:|1783569843\n|switch|p1a: Cramorant|Cramorant, L86, M|261/261|[from] Volt Switch\n|move|p2a: Skeledirge|Torch Song|p1a: Cramorant\n|-resisted|p1a: Cramorant\n|-damage|p1a: Cramorant|220/261\n|-boost|p2a: Skeledirge|spa|1\n|\n|upkeep\n|turn|22\n|inactive|Time left: 300 sec this turn | 300 sec total\n|\n|t:|1783569844\n|-terastallize|p2a: Skeledirge|Water\n|move|p1a: Cramorant|Surf|p2a: Skeledirge\n|-formechange|p1a: Cramorant|Cramorant-Gulping|\n|-resisted|p2a: Skeledirge\n|-damage|p2a: Skeledirge|47/100\n|move|p2a: Skeledirge|Slack Off|p2a: Skeledirge\n|-heal|p2a: Skeledirge|97/100\n|\n|upkeep\n|turn|23\n|inactive|Time left: 300 sec this turn | 300 sec total\n|\n|t:|1783569845\n|move|p1a: Cramorant|Brave Bird|p2a: Skeledirge\n|-damage|p2a: Skeledirge|58/100\n|-damage|p1a: Cramorant|181/261|[from] Recoil\n|move|p2a: Skeledirge|Torch Song|p1a: Cramorant\n|-resisted|p1a: Cramorant\n|-damage|p1a: Cramorant|120/261\n|-boost|p2a: Skeledirge|spa|1\n|-damage|p2a: Skeledirge|33/100|[from] ability: Gulp Missile|[of] p1a: Cramorant\n|-unboost|p2a: Skeledirge|def|1\n|-formechange|p1a: Cramorant|Cramorant|\n|\n|upkeep\n|turn|24\n|inactive|Time left: 300 sec this turn | 300 sec total\n|\n|t:|1783569846\n|move|p1a: Cramorant|Brave Bird|p2a: Skeledirge\n|-damage|p2a: Skeledirge|0 fnt\n|faint|p2a: Skeledirge\n|-damage|p1a: Cramorant|89/261|[from] Recoil\n|\n|upkeep\n|\n|t:|1783569847\n|switch|p2a: Vespiquen|Vespiquen, L99, F|100/100\n|-ability|p2a: Vespiquen|Pressure\n|turn|25\n|inactive|Time left: 300 sec this turn | 300 sec total\n|\n|t:|1783569847\n|move|p1a: Cramorant|Surf|p2a: Vespiquen\n|-formechange|p1a: Cramorant|Cramorant-Gorging|\n|-damage|p2a: Vespiquen|78/100\n|move|p2a: Vespiquen|Toxic|p1a: Cramorant\n|-status|p1a: Cramorant|tox\n|\n|-damage|p1a: Cramorant|73/261 tox|[from] psn\n|upkeep\n|turn|26\n|inactive|Time left: 300 sec this turn | 300 sec total\n|\n|t:|1783569848\n|switch|p2a: Regice|Regice, L88|28/100\n|move|p1a: Cramorant|Roost|p1a: Cramorant\n|-heal|p1a: Cramorant|204/261 tox\n|-singleturn|p1a: Cramorant|move: Roost\n|\n|-damage|p1a: Cramorant|172/261 tox|[from] psn\n|upkeep\n|turn|27\n|inactive|Time left: 300 sec this turn | 300 sec total\n|\n|t:|1783569849\n|move|p1a: Cramorant|Brave Bird|p2a: Regice\n|-crit|p2a: Regice\n|-damage|p2a: Regice|0 fnt\n|faint|p2a: Regice\n|-damage|p1a: Cramorant|146/261 tox|[from] Recoil\n|\n|-damage|p1a: Cramorant|98/261 tox|[from] psn\n|upkeep\n|\n|t:|1783569850\n|switch|p2a: Vespiquen|Vespiquen, L99, F|78/100\n|-ability|p2a: Vespiquen|Pressure\n|turn|28\n|inactive|Time left: 300 sec this turn | 300 sec total\n|\n|t:|1783569851\n|-terastallize|p1a: Cramorant|Ground\n|move|p1a: Cramorant|Brave Bird|p2a: Vespiquen\n|-supereffective|p2a: Vespiquen\n|-damage|p2a: Vespiquen|14/100\n|-damage|p1a: Cramorant|35/261 tox|[from] Recoil\n|move|p2a: Vespiquen|Roost|p2a: Vespiquen\n|-heal|p2a: Vespiquen|64/100\n|-singleturn|p2a: Vespiquen|move: Roost\n|\n|-damage|p1a: Cramorant|0 fnt|[from] psn\n|faint|p1a: Cramorant\n|upkeep\n|inactive|Time left: 300 sec this turn | 300 sec total | 5 sec grace\n|\n|t:|1783569852\n|switch|p1a: Jolteon|Jolteon, L84, F|246/246\n|turn|29\n|inactive|Time left: 300 sec this turn | 300 sec total\n|\n|t:|1783569853\n|move|p1a: Jolteon|Calm Mind|p1a: Jolteon\n|-boost|p1a: Jolteon|spa|1\n|-boost|p1a: Jolteon|spd|1\n|move|p2a: Vespiquen|Toxic|p1a: Jolteon\n|-status|p1a: Jolteon|tox\n|\n|-damage|p1a: Jolteon|231/246 tox|[from] psn\n|upkeep\n|turn|30\n|inactive|Time left: 300 sec this turn | 300 sec total\n|\n|t:|1783569853\n|move|p1a: Jolteon|Thunderbolt|p2a: Vespiquen\n|-supereffective|p2a: Vespiquen\n|-crit|p2a: Vespiquen\n|-damage|p2a: Vespiquen|0 fnt\n|faint|p2a: Vespiquen\n|\n|win|p0x26727969", "uploadtime": 1783569853, "views": 0, "rating": 0, "private": 0, "password": null, "_winner": "p0x26727969", "_our_name": "p0x26727969"}