{"id": "battle-gen9randombattle-2753", "formatid": "gen9randombattle", "format": "[Gen 9] Random Battle", "players": ["p0x275319b3", "p0y27539465"], "log": "|init|battle\n|title|p0x275319b3 vs. p0y27539465\n|j|\u2606p0x275319b3\n|j|\u2606p0y27539465\n|t:|1783571742\n|gametype|singles\n|player|p1|p0x275319b3|2|\n|player|p2|p0y27539465|101|\n|gen|9\n|tier|[Gen 9] Random Battle\n|rule|Species Clause: Limit one of each Pok\u00e9mon\n|rule|HP Percentage Mod: HP is shown in percentages\n|rule|Sleep Clause Mod: Limit one foe put to sleep\n|rule|Illusion Level Mod: Illusion disguises the Pok\u00e9mon's true level\n|\n|t:|1783571742\n|teamsize|p1|6\n|teamsize|p2|6\n|start\n|switch|p1a: Dipplin|Dipplin, L88, M|100/100\n|switch|p2a: Eternatus|Eternatus, L69|308/308\n|-ability|p2a: Eternatus|Pressure\n|turn|1\n|inactive|Battle timer is ON: inactive players will automatically lose when time's up. (requested by p0y27539465)\n|inactive|p0x275319b3 also wants the timer to be on.\n|\n|t:|1783571743\n|move|p2a: Eternatus|Dynamax Cannon|p1a: Dipplin\n|-supereffective|p1a: Dipplin\n|-crit|p1a: Dipplin\n|-damage|p1a: Dipplin|22/100\n|move|p1a: Dipplin|Dragon Pulse|p2a: Eternatus\n|-supereffective|p2a: Eternatus\n|-crit|p2a: Eternatus\n|-damage|p2a: Eternatus|0 fnt\n|faint|p2a: Eternatus\n|\n|upkeep\n|inactive|Time left: 300 sec this turn | 300 sec total | 65 sec grace\n|\n|t:|1783571744\n|switch|p2a: Medicham|Medicham, L86, F|243/243\n|turn|2\n|inactive|Time left: 300 sec this turn | 300 sec total\n|\n|t:|1783571745\n|switch|p1a: Uxie|Uxie, L83|100/100\n|move|p2a: Medicham|Close Combat|p1a: Uxie\n|-resisted|p1a: Uxie\n|-damage|p1a: Uxie|72/100\n|-unboost|p2a: Medicham|def|1\n|-unboost|p2a: Medicham|spd|1\n|\n|-heal|p1a: Uxie|79/100|[from] item: Leftovers\n|upkeep\n|turn|3\n|inactive|Time left: 300 sec this turn | 300 sec total\n|\n|t:|1783571747\n|move|p2a: Medicham|Close Combat|p1a: Uxie\n|-resisted|p1a: Uxie\n|-damage|p1a: Uxie|50/100\n|-unboost|p2a: Medicham|def|1\n|-unboost|p2a: Medicham|spd|1\n|move|p1a: Uxie|Stealth Rock|p2a: Medicham\n|-sidestart|p2: p0y27539465|move: Stealth Rock\n|\n|-heal|p1a: Uxie|56/100|[from] item: Leftovers\n|upkeep\n|turn|4\n|inactive|Time left: 300 sec this turn | 300 sec total\n|\n|t:|1783571748\n|switch|p2a: Politoed|Politoed, L88, M|302/302\n|-damage|p2a: Politoed|265/302|[from] Stealth Rock\n|-weather|RainDance|[from] ability: Drizzle|[of] p2a: Politoed\n|move|p1a: Uxie|Knock Off|p2a: Politoed\n|-damage|p2a: Politoed|205/302\n|-enditem|p2a: Politoed|Leftovers|[from] move: Knock Off|[of] p1a: Uxie\n|\n|-weather|RainDance|[upkeep]\n|-heal|p1a: Uxie|62/100|[from] item: Leftovers\n|upkeep\n|turn|5\n|inactive|Time left: 300 sec this turn | 300 sec total\n|\n|t:|1783571749\n|move|p1a: Uxie|Knock Off|p2a: Politoed\n|-damage|p2a: Politoed|160/302\n|move|p2a: Politoed|Hydro Pump|p1a: Uxie\n|-damage|p1a: Uxie|14/100\n|\n|-weather|RainDance|[upkeep]\n|-heal|p1a: Uxie|20/100|[from] item: Leftovers\n|upkeep\n|turn|6\n|inactive|Time left: 300 sec this turn | 300 sec total\n|\n|t:|1783571750\n|move|p1a: Uxie|Thunder Wave|p2a: Politoed\n|-status|p2a: Politoed|par\n|move|p2a: Politoed|Hydro Pump|p1a: Uxie\n|-damage|p1a: Uxie|0 fnt\n|faint|p1a: Uxie\n|\n|-weather|RainDance|[upkeep]\n|upkeep\n|\n|t:|1783571750\n|switch|p1a: Great Tusk|Great Tusk, L77|100/100\n|turn|7\n|inactive|Time left: 300 sec this turn | 300 sec total\n|\n|t:|1783571752\n|move|p1a: Great Tusk|Headlong Rush|p2a: Politoed\n|-damage|p2a: Politoed|0 fnt\n|-unboost|p1a: Great Tusk|def|1\n|-unboost|p1a: Great Tusk|spd|1\n|faint|p2a: Politoed\n|\n|-weather|RainDance|[upkeep]\n|upkeep\n|inactive|Time left: 300 sec this turn | 300 sec total | 5 sec grace\n|\n|t:|1783571752\n|switch|p2a: Medicham|Medicham, L86, F|243/243\n|-damage|p2a: Medicham|228/243|[from] Stealth Rock\n|turn|8\n|inactive|Time left: 300 sec this turn | 300 sec total\n|\n|t:|1783571753\n|move|p2a: Medicham|Zen Headbutt|p1a: Great Tusk\n|-supereffective|p1a: Great Tusk\n|-damage|p1a: Great Tusk|1/100\n|move|p1a: Great Tusk|Headlong Rush|p2a: Medicham\n|-damage|p2a: Medicham|21/243\n|-unboost|p1a: Great Tusk|def|1\n|-unboost|p1a: Great Tusk|spd|1\n|\n|-weather|none\n|upkeep\n|turn|9\n|inactive|Time left: 300 sec this turn | 300 sec total\n|\n|t:|1783571754\n|-end|p1a: Great Tusk|Protosynthesis|[silent]\n|switch|p1a: Corviknight|Corviknight, L80, M|100/100\n|-ability|p1a: Corviknight|Pressure\n|move|p2a: Medicham|Zen Headbutt|p1a: Corviknight\n|-resisted|p1a: Corviknight\n|-damage|p1a: Corviknight|81/100\n|\n|-heal|p1a: Corviknight|87/100|[from] item: Leftovers\n|upkeep\n|turn|10\n|inactive|Time left: 300 sec this turn | 300 sec total\n|\n|t:|1783571755\n|move|p2a: Medicham|Zen Headbutt|p1a: Corviknight\n|-resisted|p1a: Corviknight\n|-damage|p1a: Corviknight|67/100\n|cant|p1a: Corviknight|flinch\n|\n|-heal|p1a: Corviknight|73/100|[from] item: Leftovers\n|upkeep\n|turn|11\n|inactive|Time left: 300 sec this turn | 300 sec total\n|\n|t:|1783571756\n|move|p2a: Medicham|Zen Headbutt|p1a: Corviknight\n|-resisted|p1a: Corviknight\n|-damage|p1a: Corviknight|54/100\n|move|p1a: Corviknight|U-turn|p2a: Medicham\n|-damage|p2a: Medicham|0 fnt\n|faint|p2a: Medicham\n|\n|t:|1783571757\n|switch|p1a: Inteleon|Inteleon, L81, M|100/100|[from] U-turn\n|\n|upkeep\n|inactive|Time left: 300 sec this turn | 300 sec total | 10 sec grace\n|\n|t:|1783571758\n|switch|p2a: Arceus|Arceus-Psychic, L70|284/284\n|-damage|p2a: Arceus|249/284|[from] Stealth Rock\n|turn|12\n|inactive|Time left: 300 sec this turn | 300 sec total\n|\n|t:|1783571759\n|move|p1a: Inteleon|Scald|p2a: Arceus\n|-damage|p2a: Arceus|105/284\n|move|p2a: Arceus|Recover|p2a: Arceus\n|-heal|p2a: Arceus|247/284\n|\n|upkeep\n|turn|13\n|inactive|Time left: 300 sec this turn | 300 sec total\n|\n|t:|1783571760\n|move|p1a: Inteleon|Scald|p2a: Arceus\n|-damage|p2a: Arceus|117/284\n|-status|p2a: Arceus|brn\n|move|p2a: Arceus|Recover|p2a: Arceus\n|-heal|p2a: Arceus|259/284 brn\n|\n|-damage|p2a: Arceus|242/284 brn|[from] brn\n|upkeep\n|turn|14\n|inactive|Time left: 300 sec this turn | 300 sec total\n|\n|t:|1783571761\n|move|p1a: Inteleon|Scald|p2a: Arceus\n|-damage|p2a: Arceus|98/284 brn\n|move|p2a: Arceus|Recover|p2a: Arceus\n|-heal|p2a: Arceus|240/284 brn\n|\n|-damage|p2a: Arceus|223/284 brn|[from] brn\n|upkeep\n|turn|15\n|inactive|Time left: 300 sec this turn | 300 sec total\n|\n|t:|1783571762\n|move|p1a: Inteleon|Scald|p2a: Arceus\n|-damage|p2a: Arceus|78/284 brn\n|move|p2a: Arceus|Recover|p2a: Arceus\n|-heal|p2a: Arceus|220/284 brn\n|\n|-damage|p2a: Arceus|203/284 brn|[from] brn\n|upkeep\n|turn|16\n|inactive|Time left: 300 sec this turn | 300 sec total\n|\n|t:|1783571763\n|move|p1a: Inteleon|Scald|p2a: Arceus\n|-damage|p2a: Arceus|56/284 brn\n|move|p2a: Arceus|Recover|p2a: Arceus\n|-heal|p2a: Arceus|198/284 brn\n|\n|-damage|p2a: Arceus|181/284 brn|[from] brn\n|upkeep\n|turn|17\n|inactive|Time left: 300 sec this turn | 300 sec total\n|\n|t:|1783571764\n|move|p1a: Inteleon|Scald|p2a: Arceus\n|-damage|p2a: Arceus|46/284 brn\n|move|p2a: Arceus|Recover|p2a: Arceus\n|-heal|p2a: Arceus|188/284 brn\n|\n|-damage|p2a: Arceus|171/284 brn|[from] brn\n|upkeep\n|turn|18\n|inactive|Time left: 300 sec this turn | 300 sec total\n|\n|t:|1783571765\n|move|p1a: Inteleon|Scald|p2a: Arceus\n|-damage|p2a: Arceus|36/284 brn\n|move|p2a: Arceus|Recover|p2a: Arceus\n|-heal|p2a: Arceus|178/284 brn\n|\n|-damage|p2a: Arceus|161/284 brn|[from] brn\n|upkeep\n|turn|19\n|inactive|Time left: 300 sec this turn | 300 sec total\n|\n|t:|1783571766\n|move|p1a: Inteleon|Scald|p2a: Arceus\n|-damage|p2a: Arceus|19/284 brn\n|move|p2a: Arceus|Stored Power|p1a: Inteleon\n|-damage|p1a: Inteleon|89/100\n|\n|-damage|p2a: Arceus|2/284 brn|[from] brn\n|upkeep\n|turn|20\n|inactive|Time left: 300 sec this turn | 300 sec total\n|\n|t:|1783571767\n|move|p1a: Inteleon|Scald|p2a: Arceus\n|-damage|p2a: Arceus|0 fnt\n|faint|p2a: Arceus\n|\n|upkeep\n|inactive|Time left: 300 sec this turn | 300 sec total | 5 sec grace\n|\n|t:|1783571768\n|switch|p2a: Maushold|Maushold, L76|238/238\n|-damage|p2a: Maushold|209/238|[from] Stealth Rock\n|turn|21\n|inactive|Time left: 300 sec this turn | 300 sec total\n|\n|t:|1783571769\n|-terastallize|p1a: Inteleon|Water\n|-terastallize|p2a: Maushold|Ghost\n|move|p1a: Inteleon|Scald|p2a: Maushold\n|-damage|p2a: Maushold|0 fnt\n|faint|p2a: Maushold\n|\n|upkeep\n|inactive|Time left: 300 sec this turn | 300 sec total | 5 sec grace\n|\n|t:|1783571769\n|switch|p2a: Iron Moth|Iron Moth, L78|253/253\n|turn|22\n|inactive|Time left: 300 sec this turn | 300 sec total\n|\n|t:|1783571770\n|move|p1a: Inteleon|Scald|p2a: Iron Moth\n|-supereffective|p2a: Iron Moth\n|-damage|p2a: Iron Moth|0 fnt\n|faint|p2a: Iron Moth\n|-end|p2a: Iron Moth|Quark Drive|[silent]\n|\n|win|p0x275319b3", "uploadtime": 1783571770, "views": 0, "rating": 0, "private": 0, "password": null, "_winner": "p0x275319b3", "_our_name": "p0y27539465"}