{"id": "battle-gen9randombattle-97", "formatid": "gen9randombattle", "format": "[Gen 9] Random Battle", "players": ["p0x0976e70", "p0y097d21c"], "log": "|init|battle\n|title|p0x0976e70 vs. p0y097d21c\n|j|\u2606p0x0976e70\n|j|\u2606p0y097d21c\n|t:|1783534904\n|gametype|singles\n|player|p1|p0x0976e70|1|\n|player|p2|p0y097d21c|2|\n|gen|9\n|tier|[Gen 9] Random Battle\n|rule|Species Clause: Limit one of each Pok\u00e9mon\n|rule|HP Percentage Mod: HP is shown in percentages\n|rule|Sleep Clause Mod: Limit one foe put to sleep\n|rule|Illusion Level Mod: Illusion disguises the Pok\u00e9mon's true level\n|\n|t:|1783534904\n|teamsize|p1|6\n|teamsize|p2|6\n|start\n|switch|p1a: Meloetta|Meloetta, L82|100/100\n|switch|p2a: Magcargo|Magcargo, L95, F|268/268\n|turn|1\n|inactive|Battle timer is ON: inactive players will automatically lose when time's up. (requested by p0y097d21c)\n|\n|t:|1783534905\n|move|p1a: Meloetta|Relic Song|p2a: Magcargo\n|-resisted|p2a: Magcargo\n|-damage|p2a: Magcargo|213/268\n|-formechange|p1a: Meloetta|Meloetta-Pirouette|[msg]\n|-damage|p1a: Meloetta|91/100|[from] item: Life Orb\n|move|p2a: Magcargo|Lava Plume|p1a: Meloetta\n|-damage|p1a: Meloetta|54/100\n|-status|p1a: Meloetta|brn\n|\n|-damage|p1a: Meloetta|47/100 brn|[from] brn\n|upkeep\n|turn|2\n|inactive|Time left: 300 sec this turn | 300 sec total\n|inactive|p0x0976e70 also wants the timer to be on.\n|\n|t:|1783534906\n|move|p1a: Meloetta|Close Combat|p2a: Magcargo\n|-supereffective|p2a: Magcargo\n|-damage|p2a: Magcargo|80/268\n|-unboost|p1a: Meloetta|def|1\n|-unboost|p1a: Meloetta|spd|1\n|-damage|p1a: Meloetta|38/100 brn|[from] item: Life Orb\n|move|p2a: Magcargo|Lava Plume|p1a: Meloetta\n|-damage|p1a: Meloetta|0 fnt\n|faint|p1a: Meloetta\n|\n|upkeep\n|\n|t:|1783534906\n|switch|p1a: Raichu|Raichu-Alola, L87, M|100/100\n|turn|3\n|inactive|Time left: 300 sec this turn | 300 sec total\n|\n|t:|1783534907\n|switch|p2a: Decidueye|Decidueye, L88, M|281/281\n|move|p1a: Raichu|Nasty Plot|p1a: Raichu\n|-boost|p1a: Raichu|spa|2\n|\n|upkeep\n|turn|4\n|inactive|Time left: 300 sec this turn | 300 sec total\n|\n|t:|1783534908\n|switch|p1a: Arcanine|Arcanine, L84, M|100/100\n|-ability|p1a: Arcanine|Intimidate|boost\n|-unboost|p2a: Decidueye|atk|1\n|move|p2a: Decidueye|Poltergeist|p1a: Arcanine\n|-activate|p1a: Arcanine|move: Poltergeist|Heavy-Duty Boots\n|-damage|p1a: Arcanine|56/100\n|-damage|p2a: Decidueye|253/281|[from] item: Life Orb\n|\n|upkeep\n|turn|5\n|inactive|Time left: 300 sec this turn | 300 sec total\n|\n|t:|1783534910\n|switch|p2a: Gyarados|Gyarados, L79, F|280/280\n|move|p1a: Arcanine|Morning Sun|p1a: Arcanine\n|-heal|p1a: Arcanine|100/100\n|\n|upkeep\n|turn|6\n|inactive|Time left: 300 sec this turn | 300 sec total\n|\n|t:|1783534911\n|move|p1a: Arcanine|Will-O-Wisp|p2a: Gyarados\n|-status|p2a: Gyarados|brn\n|move|p2a: Gyarados|Waterfall|p1a: Arcanine\n|-supereffective|p1a: Arcanine\n|-damage|p1a: Arcanine|67/100\n|\n|-damage|p2a: Gyarados|263/280 brn|[from] brn\n|upkeep\n|turn|7\n|inactive|Time left: 300 sec this turn | 300 sec total\n|\n|t:|1783534912\n|move|p1a: Arcanine|Morning Sun|p1a: Arcanine\n|-heal|p1a: Arcanine|100/100\n|move|p2a: Gyarados|Dragon Dance|p2a: Gyarados\n|-boost|p2a: Gyarados|atk|1\n|-boost|p2a: Gyarados|spe|1\n|\n|-damage|p2a: Gyarados|246/280 brn|[from] brn\n|upkeep\n|turn|8\n|inactive|Time left: 300 sec this turn | 300 sec total\n|\n|t:|1783534913\n|switch|p1a: Appletun|Appletun, L92, M|100/100\n|move|p2a: Gyarados|Dragon Dance|p2a: Gyarados\n|-boost|p2a: Gyarados|atk|1\n|-boost|p2a: Gyarados|spe|1\n|\n|-damage|p2a: Gyarados|229/280 brn|[from] brn\n|upkeep\n|turn|9\n|inactive|Time left: 300 sec this turn | 300 sec total\n|\n|t:|1783534914\n|move|p2a: Gyarados|Stone Edge|p1a: Appletun\n|-damage|p1a: Appletun|79/100\n|move|p1a: Appletun|Dragon Tail|p2a: Gyarados\n|-damage|p2a: Gyarados|147/280 brn\n|drag|p2a: Perrserker|Perrserker, L89, F|269/269\n|\n|-heal|p1a: Appletun|86/100|[from] item: Leftovers\n|upkeep\n|turn|10\n|inactive|Time left: 300 sec this turn | 300 sec total\n|\n|t:|1783534915\n|move|p2a: Perrserker|U-turn|p1a: Appletun\n|-supereffective|p1a: Appletun\n|-damage|p1a: Appletun|23/100\n|-damage|p2a: Perrserker|243/269|[from] item: Life Orb\n|inactive|Time left: 300 sec this turn | 300 sec total | 5 sec grace\n|\n|t:|1783534916\n|switch|p2a: Florges|Florges-Yellow, L85, F|271/271|[from] U-turn\n|move|p1a: Appletun|Apple Acid|p2a: Florges\n|-damage|p2a: Florges|202/271\n|-unboost|p2a: Florges|spd|1\n|\n|-heal|p2a: Florges|218/271|[from] item: Leftovers\n|-heal|p1a: Appletun|29/100|[from] item: Leftovers\n|upkeep\n|turn|11\n|inactive|Time left: 300 sec this turn | 300 sec total\n|\n|t:|1783534917\n|move|p2a: Florges|Moonblast|p1a: Appletun\n|-supereffective|p1a: Appletun\n|-damage|p1a: Appletun|0 fnt\n|faint|p1a: Appletun\n|\n|-heal|p2a: Florges|234/271|[from] item: Leftovers\n|upkeep\n|\n|t:|1783534918\n|switch|p1a: Raichu|Raichu-Alola, L87, M|100/100\n|turn|12\n|inactive|Time left: 300 sec this turn | 300 sec total\n|\n|t:|1783534919\n|move|p1a: Raichu|Nasty Plot|p1a: Raichu\n|-boost|p1a: Raichu|spa|2\n|move|p2a: Florges|Moonblast|p1a: Raichu\n|-damage|p1a: Raichu|50/100\n|-unboost|p1a: Raichu|spa|1\n|\n|-heal|p2a: Florges|250/271|[from] item: Leftovers\n|upkeep\n|turn|13\n|inactive|Time left: 300 sec this turn | 300 sec total\n|\n|t:|1783534920\n|move|p1a: Raichu|Thunderbolt|p2a: Florges\n|-damage|p2a: Florges|81/271\n|-damage|p1a: Raichu|41/100|[from] item: Life Orb\n|move|p2a: Florges|Moonblast|p1a: Raichu\n|-crit|p1a: Raichu\n|-damage|p1a: Raichu|0 fnt\n|faint|p1a: Raichu\n|\n|-heal|p2a: Florges|97/271|[from] item: Leftovers\n|upkeep\n|\n|t:|1783534921\n|switch|p1a: Mismagius|Mismagius, L86, M|100/100\n|turn|14\n|inactive|Time left: 300 sec this turn | 300 sec total\n|\n|t:|1783534922\n|move|p1a: Mismagius|Nasty Plot|p1a: Mismagius\n|-boost|p1a: Mismagius|spa|2\n|move|p2a: Florges|Synthesis|p2a: Florges\n|-heal|p2a: Florges|232/271\n|\n|-heal|p2a: Florges|248/271|[from] item: Leftovers\n|upkeep\n|turn|15\n|inactive|Time left: 300 sec this turn | 300 sec total\n|\n|t:|1783534923\n|move|p1a: Mismagius|Shadow Ball|p2a: Florges\n|-damage|p2a: Florges|70/271\n|move|p2a: Florges|Moonblast|p1a: Mismagius\n|-damage|p1a: Mismagius|61/100\n|\n|-heal|p1a: Mismagius|67/100|[from] item: Leftovers\n|-heal|p2a: Florges|86/271|[from] item: Leftovers\n|upkeep\n|turn|16\n|inactive|Time left: 300 sec this turn | 300 sec total\n|\n|t:|1783534924\n|switch|p2a: Gyarados|Gyarados, L79, F|147/280 brn\n|move|p1a: Mismagius|Shadow Ball|p2a: Gyarados\n|-damage|p2a: Gyarados|0 fnt\n|faint|p2a: Gyarados\n|\n|-heal|p1a: Mismagius|73/100|[from] item: Leftovers\n|upkeep\n|inactive|Time left: 300 sec this turn | 300 sec total | 5 sec grace\n|\n|t:|1783534925\n|switch|p2a: Decidueye|Decidueye, L88, M|253/281\n|turn|17\n|inactive|Time left: 300 sec this turn | 300 sec total\n|\n|t:|1783534926\n|-terastallize|p1a: Mismagius|Fighting\n|move|p2a: Decidueye|Shadow Sneak|p1a: Mismagius\n|-damage|p1a: Mismagius|41/100\n|-damage|p2a: Decidueye|225/281|[from] item: Life Orb\n|move|p1a: Mismagius|Shadow Ball|p2a: Decidueye\n|-supereffective|p2a: Decidueye\n|-damage|p2a: Decidueye|0 fnt\n|faint|p2a: Decidueye\n|\n|-heal|p1a: Mismagius|47/100|[from] item: Leftovers\n|upkeep\n|inactive|Time left: 300 sec this turn | 300 sec total | 5 sec grace\n|\n|t:|1783534927\n|switch|p2a: Eternatus|Eternatus, L69|308/308\n|-ability|p2a: Eternatus|Pressure\n|turn|18\n|inactive|Time left: 300 sec this turn | 300 sec total\n|\n|t:|1783534927\n|move|p1a: Mismagius|Shadow Ball|p2a: Eternatus\n|-damage|p2a: Eternatus|106/308\n|-unboost|p2a: Eternatus|spd|1\n|move|p2a: Eternatus|Sludge Bomb|p1a: Mismagius\n|-damage|p1a: Mismagius|14/100\n|-status|p1a: Mismagius|psn\n|\n|-heal|p1a: Mismagius|21/100 psn|[from] item: Leftovers\n|-damage|p1a: Mismagius|8/100 psn|[from] psn\n|upkeep\n|turn|19\n|inactive|Time left: 300 sec this turn | 300 sec total\n|\n|t:|1783534929\n|switch|p2a: Magcargo|Magcargo, L95, F|80/268\n|move|p1a: Mismagius|Shadow Ball|p2a: Magcargo\n|-damage|p2a: Magcargo|0 fnt\n|faint|p2a: Magcargo\n|\n|-heal|p1a: Mismagius|14/100 psn|[from] item: Leftovers\n|-damage|p1a: Mismagius|2/100 psn|[from] psn\n|upkeep\n|inactive|Time left: 300 sec this turn | 300 sec total | 5 sec grace\n|\n|t:|1783534930\n|switch|p2a: Florges|Florges-Yellow, L85, F|86/271\n|turn|20\n|inactive|Time left: 300 sec this turn | 300 sec total\n|\n|t:|1783534931\n|move|p1a: Mismagius|Shadow Ball|p2a: Florges\n|-damage|p2a: Florges|0 fnt\n|faint|p2a: Florges\n|\n|-heal|p1a: Mismagius|8/100 psn|[from] item: Leftovers\n|-damage|p1a: Mismagius|0 fnt|[from] psn\n|faint|p1a: Mismagius\n|upkeep\n|inactive|Time left: 300 sec this turn | 300 sec total | 5 sec grace\n|\n|t:|1783534932\n|switch|p1a: Quagsire|Quagsire, L84, M|100/100\n|switch|p2a: Perrserker|Perrserker, L89, F|243/269\n|turn|21\n|inactive|Time left: 300 sec this turn | 300 sec total\n|\n|t:|1783534933\n|-terastallize|p2a: Perrserker|Fighting\n|move|p2a: Perrserker|Close Combat|p1a: Quagsire\n|-damage|p1a: Quagsire|11/100\n|-unboost|p2a: Perrserker|def|1\n|-unboost|p2a: Perrserker|spd|1\n|-damage|p2a: Perrserker|217/269|[from] item: Life Orb\n|move|p1a: Quagsire|Earthquake|p2a: Perrserker\n|-damage|p2a: Perrserker|136/269\n|\n|-heal|p1a: Quagsire|17/100|[from] item: Leftovers\n|upkeep\n|turn|22\n|inactive|Time left: 300 sec this turn | 300 sec total\n|\n|t:|1783534934\n|switch|p1a: Arcanine|Arcanine, L84, M|100/100\n|-ability|p1a: Arcanine|Intimidate|boost\n|-unboost|p2a: Perrserker|atk|1\n|move|p2a: Perrserker|U-turn|p1a: Arcanine\n|-resisted|p1a: Arcanine\n|-damage|p1a: Arcanine|87/100\n|-damage|p2a: Perrserker|110/269|[from] item: Life Orb\n|inactive|Time left: 300 sec this turn | 300 sec total | 5 sec grace\n|\n|t:|1783534935\n|switch|p2a: Eternatus|Eternatus, L69|106/308|[from] U-turn\n|-ability|p2a: Eternatus|Pressure\n|\n|upkeep\n|turn|23\n|inactive|Time left: 300 sec this turn | 300 sec total\n|\n|t:|1783534936\n|move|p1a: Arcanine|Extreme Speed|p2a: Eternatus\n|-damage|p2a: Eternatus|39/308\n|move|p2a: Eternatus|Meteor Beam||[still]\n|-prepare|p2a: Eternatus|Meteor Beam\n|-boost|p2a: Eternatus|spa|1\n|-enditem|p2a: Eternatus|Power Herb\n|-anim|p2a: Eternatus|Meteor Beam|p1a: Arcanine\n|-supereffective|p1a: Arcanine\n|-damage|p1a: Arcanine|0 fnt\n|faint|p1a: Arcanine\n|\n|upkeep\n|\n|t:|1783534937\n|switch|p1a: Quagsire|Quagsire, L84, M|17/100\n|turn|24\n|inactive|Time left: 300 sec this turn | 300 sec total\n|\n|t:|1783534938\n|move|p2a: Eternatus|Dynamax Cannon|p1a: Quagsire\n|-damage|p1a: Quagsire|0 fnt\n|faint|p1a: Quagsire\n|\n|win|p0y097d21c", "uploadtime": 1783534938, "views": 0, "rating": 0, "private": 0, "password": null, "_winner": "p0y097d21c", "_our_name": "p0y097d21c"}