{"id": "battle-gen9randombattle-2627", "formatid": "gen9randombattle", "format": "[Gen 9] Random Battle", "players": ["p0x26272f16", "p0y26271a12"], "log": "|init|battle\n|title|p0x26272f16 vs. p0y26271a12\n|j|\u2606p0x26272f16\n|j|\u2606p0y26271a12\n|t:|1783570343\n|gametype|singles\n|player|p1|p0x26272f16|1|\n|player|p2|p0y26271a12|101|\n|gen|9\n|tier|[Gen 9] Random Battle\n|rule|Species Clause: Limit one of each Pok\u00e9mon\n|rule|HP Percentage Mod: HP is shown in percentages\n|rule|Sleep Clause Mod: Limit one foe put to sleep\n|rule|Illusion Level Mod: Illusion disguises the Pok\u00e9mon's true level\n|\n|t:|1783570343\n|teamsize|p1|6\n|teamsize|p2|6\n|start\n|switch|p1a: Fezandipiti|Fezandipiti, L82, M|278/278\n|switch|p2a: Raging Bolt|Raging Bolt, L78|100/100\n|turn|1\n|inactive|Battle timer is ON: inactive players will automatically lose when time's up. (requested by p0x26272f16)\n|inactive|p0y26271a12 also wants the timer to be on.\n|\n|t:|1783570344\n|move|p1a: Fezandipiti|Moonblast|p2a: Raging Bolt\n|-supereffective|p2a: Raging Bolt\n|-damage|p2a: Raging Bolt|50/100\n|-unboost|p2a: Raging Bolt|spa|1\n|move|p2a: Raging Bolt|Calm Mind|p2a: Raging Bolt\n|-boost|p2a: Raging Bolt|spa|1\n|-boost|p2a: Raging Bolt|spd|1\n|\n|-heal|p2a: Raging Bolt|56/100|[from] item: Leftovers\n|upkeep\n|turn|2\n|inactive|Time left: 300 sec this turn | 300 sec total\n|\n|t:|1783570345\n|-end|p2a: Raging Bolt|Protosynthesis|[silent]\n|switch|p2a: Glimmora|Glimmora, L75, F|100/100\n|move|p1a: Fezandipiti|Moonblast|p2a: Glimmora\n|-resisted|p2a: Glimmora\n|-damage|p2a: Glimmora|82/100\n|\n|upkeep\n|turn|3\n|inactive|Time left: 300 sec this turn | 300 sec total\n|\n|t:|1783570346\n|move|p1a: Fezandipiti|Moonblast|p2a: Glimmora\n|-resisted|p2a: Glimmora\n|-damage|p2a: Glimmora|63/100\n|move|p2a: Glimmora|Meteor Beam||[still]\n|-prepare|p2a: Glimmora|Meteor Beam\n|-boost|p2a: Glimmora|spa|1\n|-enditem|p2a: Glimmora|Power Herb\n|-anim|p2a: Glimmora|Meteor Beam|p1a: Fezandipiti\n|-damage|p1a: Fezandipiti|136/278\n|\n|-heal|p1a: Fezandipiti|153/278|[from] item: Leftovers\n|upkeep\n|turn|4\n|inactive|Time left: 300 sec this turn | 300 sec total\n|\n|t:|1783570347\n|move|p1a: Fezandipiti|Roost|p1a: Fezandipiti\n|-heal|p1a: Fezandipiti|278/278\n|-singleturn|p1a: Fezandipiti|move: Roost\n|move|p2a: Glimmora|Meteor Beam||[still]\n|-prepare|p2a: Glimmora|Meteor Beam\n|-boost|p2a: Glimmora|spa|1\n|\n|upkeep\n|turn|5\n|inactive|Time left: 300 sec this turn | 300 sec total\n|\n|t:|1783570348\n|move|p1a: Fezandipiti|Moonblast|p2a: Glimmora\n|-resisted|p2a: Glimmora\n|-damage|p2a: Glimmora|45/100\n|move|p2a: Glimmora|Meteor Beam|p1a: Fezandipiti|[from] lockedmove\n|-damage|p1a: Fezandipiti|62/278\n|\n|-heal|p1a: Fezandipiti|79/278|[from] item: Leftovers\n|upkeep\n|turn|6\n|inactive|Time left: 300 sec this turn | 300 sec total\n|\n|t:|1783570349\n|switch|p1a: Uxie|Uxie, L83|260/260\n|move|p2a: Glimmora|Meteor Beam||[still]\n|-prepare|p2a: Glimmora|Meteor Beam\n|-boost|p2a: Glimmora|spa|1\n|\n|upkeep\n|turn|7\n|inactive|Time left: 300 sec this turn | 300 sec total\n|\n|t:|1783570350\n|move|p1a: Uxie|Psychic Noise|p2a: Glimmora\n|-supereffective|p2a: Glimmora\n|-damage|p2a: Glimmora|0 fnt\n|faint|p2a: Glimmora\n|\n|upkeep\n|\n|t:|1783570352\n|switch|p2a: Raging Bolt|Raging Bolt, L78|56/100\n|turn|8\n|inactive|Time left: 300 sec this turn | 300 sec total\n|\n|t:|1783570353\n|move|p1a: Uxie|Knock Off|p2a: Raging Bolt\n|-damage|p2a: Raging Bolt|37/100\n|-enditem|p2a: Raging Bolt|Leftovers|[from] move: Knock Off|[of] p1a: Uxie\n|move|p2a: Raging Bolt|Calm Mind|p2a: Raging Bolt\n|-boost|p2a: Raging Bolt|spa|1\n|-boost|p2a: Raging Bolt|spd|1\n|\n|upkeep\n|turn|9\n|inactive|Time left: 300 sec this turn | 300 sec total\n|\n|t:|1783570354\n|switch|p1a: Sylveon|Sylveon, L85, M|300/300\n|move|p2a: Raging Bolt|Thunderbolt|p1a: Sylveon\n|-damage|p1a: Sylveon|174/300\n|\n|-heal|p1a: Sylveon|192/300|[from] item: Leftovers\n|upkeep\n|turn|10\n|inactive|Time left: 300 sec this turn | 300 sec total\n|\n|t:|1783570355\n|move|p2a: Raging Bolt|Thunderbolt|p1a: Sylveon\n|-damage|p1a: Sylveon|69/300\n|move|p1a: Sylveon|Hyper Voice|p2a: Raging Bolt\n|-supereffective|p2a: Raging Bolt\n|-damage|p2a: Raging Bolt|0 fnt\n|faint|p2a: Raging Bolt\n|-end|p2a: Raging Bolt|Protosynthesis|[silent]\n|\n|-heal|p1a: Sylveon|87/300|[from] item: Leftovers\n|upkeep\n|\n|t:|1783570356\n|switch|p2a: Iron Leaves|Iron Leaves, L80|100/100\n|turn|11\n|inactive|Time left: 300 sec this turn | 300 sec total\n|\n|t:|1783570357\n|move|p1a: Sylveon|Protect|p1a: Sylveon\n|-singleturn|p1a: Sylveon|Protect\n|move|p2a: Iron Leaves|Swords Dance|p2a: Iron Leaves\n|-boost|p2a: Iron Leaves|atk|2\n|\n|-heal|p1a: Sylveon|105/300|[from] item: Leftovers\n|upkeep\n|turn|12\n|inactive|Time left: 300 sec this turn | 300 sec total\n|\n|t:|1783570358\n|switch|p1a: Perrserker|Perrserker, L89, M|269/269\n|move|p2a: Iron Leaves|Leaf Blade|p1a: Perrserker\n|-resisted|p1a: Perrserker\n|-damage|p1a: Perrserker|136/269\n|-damage|p2a: Iron Leaves|91/100|[from] item: Life Orb\n|\n|upkeep\n|turn|13\n|inactive|Time left: 300 sec this turn | 300 sec total\n|\n|t:|1783570359\n|move|p2a: Iron Leaves|Close Combat|p1a: Perrserker\n|-supereffective|p1a: Perrserker\n|-damage|p1a: Perrserker|0 fnt\n|-unboost|p2a: Iron Leaves|def|1\n|-unboost|p2a: Iron Leaves|spd|1\n|faint|p1a: Perrserker\n|-damage|p2a: Iron Leaves|81/100|[from] item: Life Orb\n|\n|upkeep\n|inactive|Time left: 300 sec this turn | 300 sec total | 5 sec grace\n|\n|t:|1783570360\n|switch|p1a: Dragapult|Dragapult, L77, F|262/262\n|turn|14\n|inactive|Time left: 300 sec this turn | 300 sec total\n|\n|t:|1783570361\n|-terastallize|p1a: Dragapult|Dragon\n|-terastallize|p2a: Iron Leaves|Fighting\n|move|p1a: Dragapult|Dragon Darts|p2a: Iron Leaves\n|-damage|p2a: Iron Leaves|42/100\n|-anim|p1a: Dragapult|Dragon Darts|p2a: Iron Leaves\n|-damage|p2a: Iron Leaves|1/100\n|move|p2a: Iron Leaves|Psyblade|p1a: Dragapult\n|-damage|p1a: Dragapult|0 fnt\n|-start|p2a: Iron Leaves|Disable|Psyblade|[from] ability: Cursed Body|[of] p1a: Dragapult\n|faint|p1a: Dragapult\n|-damage|p2a: Iron Leaves|0 fnt|[from] item: Life Orb\n|faint|p2a: Iron Leaves\n|-end|p2a: Iron Leaves|Quark Drive|[silent]\n|\n|upkeep\n|inactive|Time left: 300 sec this turn | 300 sec total | 5 sec grace\n|\n|t:|1783570362\n|switch|p1a: Scovillain|Scovillain, L91, F|266/266\n|switch|p2a: Annihilape|Annihilape, L76, M|100/100\n|turn|15\n|inactive|Time left: 300 sec this turn | 300 sec total\n|\n|t:|1783570363\n|move|p1a: Scovillain|Leech Seed|p2a: Annihilape\n|-start|p2a: Annihilape|move: Leech Seed\n|move|p2a: Annihilape|Gunk Shot|p1a: Scovillain\n|-supereffective|p1a: Scovillain\n|-damage|p1a: Scovillain|88/266\n|\n|-heal|p1a: Scovillain|104/266|[from] item: Leftovers\n|-damage|p2a: Annihilape|88/100|[from] Leech Seed|[of] p1a: Scovillain\n|-heal|p1a: Scovillain|140/266|[silent]\n|upkeep\n|turn|16\n|inactive|Time left: 300 sec this turn | 300 sec total\n|\n|t:|1783570364\n|move|p1a: Scovillain|Flamethrower|p2a: Annihilape\n|-damage|p2a: Annihilape|44/100\n|move|p2a: Annihilape|Gunk Shot|p1a: Scovillain\n|-supereffective|p1a: Scovillain\n|-damage|p1a: Scovillain|0 fnt\n|faint|p1a: Scovillain\n|\n|-heal|p2a: Annihilape|50/100|[from] item: Leftovers\n|upkeep\n|inactive|Time left: 300 sec this turn | 300 sec total | 5 sec grace\n|\n|t:|1783570365\n|switch|p1a: Fezandipiti|Fezandipiti, L82, M|79/278\n|turn|17\n|inactive|Time left: 300 sec this turn | 300 sec total\n|\n|t:|1783570366\n|switch|p2a: Scovillain|Scovillain, L91, M|100/100\n|move|p1a: Fezandipiti|Roost|p1a: Fezandipiti\n|-heal|p1a: Fezandipiti|218/278\n|-singleturn|p1a: Fezandipiti|move: Roost\n|\n|-heal|p1a: Fezandipiti|235/278|[from] item: Leftovers\n|upkeep\n|turn|18\n|inactive|Time left: 300 sec this turn | 300 sec total\n|\n|t:|1783570367\n|switch|p2a: Annihilape|Annihilape, L76, M|50/100\n|move|p1a: Fezandipiti|Gunk Shot|p2a: Annihilape\n|-resisted|p2a: Annihilape\n|-damage|p2a: Annihilape|25/100\n|-status|p2a: Annihilape|psn\n|\n|-heal|p1a: Fezandipiti|252/278|[from] item: Leftovers\n|-heal|p2a: Annihilape|31/100 psn|[from] item: Leftovers\n|-damage|p2a: Annihilape|19/100 psn|[from] psn\n|upkeep\n|turn|19\n|inactive|Time left: 300 sec this turn | 300 sec total\n|\n|t:|1783570368\n|move|p1a: Fezandipiti|Moonblast|p2a: Annihilape\n|-supereffective|p2a: Annihilape\n|-damage|p2a: Annihilape|0 fnt\n|faint|p2a: Annihilape\n|\n|-heal|p1a: Fezandipiti|269/278|[from] item: Leftovers\n|upkeep\n|\n|t:|1783570368\n|switch|p2a: Scovillain|Scovillain, L91, M|100/100\n|turn|20\n|inactive|Time left: 300 sec this turn | 300 sec total\n|\n|t:|1783570369\n|move|p1a: Fezandipiti|Gunk Shot|p2a: Scovillain\n|-supereffective|p2a: Scovillain\n|-damage|p2a: Scovillain|0 fnt\n|faint|p2a: Scovillain\n|\n|-heal|p1a: Fezandipiti|278/278|[from] item: Leftovers\n|upkeep\n|\n|t:|1783570370\n|switch|p2a: Ditto|Ditto, L87|100/100\n|-transform|p2a: Ditto|p1a: Fezandipiti|[from] ability: Imposter\n|turn|21\n|inactive|Time left: 300 sec this turn | 300 sec total\n|\n|t:|1783570370\n|move|p2a: Ditto|Roost||[still]\n|-fail|p2a: Ditto|heal\n|move|p1a: Fezandipiti|Gunk Shot|p2a: Ditto\n|-damage|p2a: Ditto|50/100\n|\n|upkeep\n|turn|22\n|inactive|Time left: 300 sec this turn | 300 sec total\n|\n|t:|1783570371\n|move|p2a: Ditto|Roost|p2a: Ditto\n|-heal|p2a: Ditto|99/100\n|-singleturn|p2a: Ditto|move: Roost\n|move|p1a: Fezandipiti|Gunk Shot|p2a: Ditto\n|-damage|p2a: Ditto|45/100\n|\n|upkeep\n|turn|23\n|inactive|Time left: 300 sec this turn | 300 sec total\n|\n|t:|1783570372\n|move|p2a: Ditto|Roost|p2a: Ditto\n|-heal|p2a: Ditto|95/100\n|-singleturn|p2a: Ditto|move: Roost\n|move|p1a: Fezandipiti|Gunk Shot|p2a: Ditto\n|-damage|p2a: Ditto|39/100\n|\n|upkeep\n|turn|24\n|inactive|Time left: 300 sec this turn | 300 sec total\n|\n|t:|1783570373\n|move|p2a: Ditto|Roost|p2a: Ditto\n|-heal|p2a: Ditto|89/100\n|-singleturn|p2a: Ditto|move: Roost\n|move|p1a: Fezandipiti|Gunk Shot|p2a: Ditto\n|-damage|p2a: Ditto|30/100\n|\n|upkeep\n|turn|25\n|inactive|Time left: 300 sec this turn | 300 sec total\n|\n|t:|1783570373\n|move|p2a: Ditto|Roost|p2a: Ditto\n|-heal|p2a: Ditto|80/100\n|-singleturn|p2a: Ditto|move: Roost\n|move|p1a: Fezandipiti|Gunk Shot|p2a: Ditto\n|-damage|p2a: Ditto|24/100\n|\n|upkeep\n|turn|26\n|inactive|Time left: 300 sec this turn | 300 sec total\n|\n|t:|1783570375\n|-activate|p2a: Ditto|move: Struggle\n|move|p2a: Ditto|Struggle|p1a: Fezandipiti\n|-damage|p1a: Fezandipiti|241/278\n|-damage|p2a: Ditto|0 fnt|[from] recoil\n|faint|p2a: Ditto\n|\n|win|p0x26272f16", "uploadtime": 1783570375, "views": 0, "rating": 0, "private": 0, "password": null, "_winner": "p0x26272f16", "_our_name": "p0x26272f16"}