{"id": "battle-gen9randombattle-413", "formatid": "gen9randombattle", "format": "[Gen 9] Random Battle", "players": ["p0x4139224", "p0y413691c"], "log": "|init|battle\n|title|p0x4139224 vs. p0y413691c\n|j|\u2606p0x4139224\n|j|\u2606p0y413691c\n|t:|1783544518\n|gametype|singles\n|player|p1|p0x4139224|169|\n|player|p2|p0y413691c|1|\n|gen|9\n|tier|[Gen 9] Random Battle\n|rule|Species Clause: Limit one of each Pok\u00e9mon\n|rule|HP Percentage Mod: HP is shown in percentages\n|rule|Sleep Clause Mod: Limit one foe put to sleep\n|rule|Illusion Level Mod: Illusion disguises the Pok\u00e9mon's true level\n|\n|t:|1783544518\n|teamsize|p1|6\n|teamsize|p2|6\n|start\n|switch|p1a: Pyroar|Pyroar, L88, F|295/295\n|switch|p2a: Mandibuzz|Mandibuzz, L85, F|100/100\n|-ability|p1a: Pyroar|Unnerve\n|turn|1\n|inactive|Battle timer is ON: inactive players will automatically lose when time's up. (requested by p0y413691c)\n|inactive|Time left: 300 sec this turn | 300 sec total | 60 sec grace\n|inactive|p0x4139224 also wants the timer to be on.\n|\n|t:|1783544520\n|move|p1a: Pyroar|Will-O-Wisp|p2a: Mandibuzz\n|-status|p2a: Mandibuzz|brn\n|move|p2a: Mandibuzz|Knock Off|p1a: Pyroar\n|-damage|p1a: Pyroar|249/295\n|-enditem|p1a: Pyroar|Heavy-Duty Boots|[from] move: Knock Off|[of] p2a: Mandibuzz\n|\n|-damage|p2a: Mandibuzz|94/100 brn|[from] brn\n|upkeep\n|turn|2\n|inactive|Time left: 300 sec this turn | 300 sec total\n|\n|t:|1783544521\n|move|p1a: Pyroar|Fire Blast|p2a: Mandibuzz\n|-damage|p2a: Mandibuzz|56/100 brn\n|move|p2a: Mandibuzz|Toxic|p1a: Pyroar\n|-status|p1a: Pyroar|tox\n|\n|-damage|p1a: Pyroar|231/295 tox|[from] psn\n|-damage|p2a: Mandibuzz|50/100 brn|[from] brn\n|upkeep\n|turn|3\n|inactive|Time left: 300 sec this turn | 300 sec total\n|\n|t:|1783544522\n|move|p1a: Pyroar|Fire Blast|p2a: Mandibuzz|[miss]\n|-miss|p1a: Pyroar|p2a: Mandibuzz\n|move|p2a: Mandibuzz|Roost|p2a: Mandibuzz\n|-heal|p2a: Mandibuzz|99/100 brn\n|-singleturn|p2a: Mandibuzz|move: Roost\n|\n|-damage|p1a: Pyroar|195/295 tox|[from] psn\n|-damage|p2a: Mandibuzz|94/100 brn|[from] brn\n|upkeep\n|turn|4\n|inactive|Time left: 300 sec this turn | 300 sec total\n|\n|t:|1783544523\n|move|p1a: Pyroar|Fire Blast|p2a: Mandibuzz\n|-damage|p2a: Mandibuzz|54/100 brn\n|move|p2a: Mandibuzz|Knock Off|p1a: Pyroar\n|-crit|p1a: Pyroar\n|-damage|p1a: Pyroar|147/295 tox\n|\n|-damage|p1a: Pyroar|93/295 tox|[from] psn\n|-damage|p2a: Mandibuzz|47/100 brn|[from] brn\n|upkeep\n|turn|5\n|inactive|Time left: 300 sec this turn | 300 sec total\n|\n|t:|1783544524\n|move|p1a: Pyroar|Fire Blast|p2a: Mandibuzz\n|-damage|p2a: Mandibuzz|9/100 brn\n|move|p2a: Mandibuzz|Roost|p2a: Mandibuzz\n|-heal|p2a: Mandibuzz|59/100 brn\n|-singleturn|p2a: Mandibuzz|move: Roost\n|\n|-damage|p1a: Pyroar|21/295 tox|[from] psn\n|-damage|p2a: Mandibuzz|53/100 brn|[from] brn\n|upkeep\n|turn|6\n|inactive|Time left: 300 sec this turn | 300 sec total\n|\n|t:|1783544525\n|move|p1a: Pyroar|Hyper Voice|p2a: Mandibuzz\n|-damage|p2a: Mandibuzz|20/100 brn\n|move|p2a: Mandibuzz|Roost|p2a: Mandibuzz\n|-heal|p2a: Mandibuzz|70/100 brn\n|-singleturn|p2a: Mandibuzz|move: Roost\n|\n|-damage|p1a: Pyroar|0 fnt|[from] psn\n|faint|p1a: Pyroar\n|-damage|p2a: Mandibuzz|64/100 brn|[from] brn\n|upkeep\n|inactive|Time left: 300 sec this turn | 300 sec total | 5 sec grace\n|\n|t:|1783544526\n|switch|p1a: Minun|Minun, L95, F|268/268\n|turn|7\n|inactive|Time left: 300 sec this turn | 300 sec total\n|\n|t:|1783544527\n|move|p1a: Minun|Nasty Plot|p1a: Minun\n|-boost|p1a: Minun|spa|2\n|move|p2a: Mandibuzz|Roost|p2a: Mandibuzz\n|-heal|p2a: Mandibuzz|100/100 brn\n|-singleturn|p2a: Mandibuzz|move: Roost\n|\n|-damage|p2a: Mandibuzz|94/100 brn|[from] brn\n|upkeep\n|turn|8\n|inactive|Time left: 300 sec this turn | 300 sec total\n|\n|t:|1783544528\n|switch|p2a: Dugtrio|Dugtrio, L84, F|100/100\n|move|p1a: Minun|Thunderbolt|p2a: Dugtrio\n|-immune|p2a: Dugtrio\n|\n|upkeep\n|turn|9\n|inactive|Time left: 300 sec this turn | 300 sec total\n|\n|t:|1783544530\n|-terastallize|p1a: Minun|Grass\n|move|p2a: Dugtrio|Earthquake|p1a: Minun\n|-resisted|p1a: Minun\n|-damage|p1a: Minun|166/268\n|move|p1a: Minun|Alluring Voice|p2a: Dugtrio\n|-damage|p2a: Dugtrio|10/100\n|-damage|p1a: Minun|140/268|[from] item: Life Orb\n|\n|upkeep\n|turn|10\n|inactive|Time left: 300 sec this turn | 300 sec total\n|\n|t:|1783544531\n|move|p2a: Dugtrio|Earthquake|p1a: Minun\n|-resisted|p1a: Minun\n|-damage|p1a: Minun|35/268\n|move|p1a: Minun|Alluring Voice|p2a: Dugtrio\n|-damage|p2a: Dugtrio|0 fnt\n|faint|p2a: Dugtrio\n|-damage|p1a: Minun|9/268|[from] item: Life Orb\n|\n|upkeep\n|\n|t:|1783544532\n|switch|p2a: Flutter Mane|Flutter Mane, L74|100/100\n|turn|11\n|inactive|Time left: 300 sec this turn | 300 sec total\n|\n|t:|1783544533\n|switch|p1a: Girafarig|Girafarig, L89, F|269/269\n|move|p2a: Flutter Mane|Moonblast|p1a: Girafarig\n|-damage|p1a: Girafarig|154/269\n|\n|upkeep\n|turn|12\n|inactive|Time left: 300 sec this turn | 300 sec total\n|\n|t:|1783544535\n|move|p2a: Flutter Mane|Moonblast|p1a: Girafarig\n|-damage|p1a: Girafarig|39/269\n|-unboost|p1a: Girafarig|spa|1\n|move|p1a: Girafarig|Psyshock|p2a: Flutter Mane\n|-damage|p2a: Flutter Mane|53/100\n|\n|upkeep\n|turn|13\n|inactive|Time left: 300 sec this turn | 300 sec total\n|\n|t:|1783544536\n|switch|p1a: Skeledirge|Skeledirge, L79, F|294/294\n|move|p2a: Flutter Mane|Moonblast|p1a: Skeledirge\n|-resisted|p1a: Skeledirge\n|-damage|p1a: Skeledirge|207/294\n|-unboost|p1a: Skeledirge|spa|1\n|\n|upkeep\n|turn|14\n|inactive|Time left: 300 sec this turn | 300 sec total\n|\n|t:|1783544537\n|move|p2a: Flutter Mane|Moonblast|p1a: Skeledirge\n|-resisted|p1a: Skeledirge\n|-damage|p1a: Skeledirge|114/294\n|move|p1a: Skeledirge|Slack Off|p1a: Skeledirge\n|-heal|p1a: Skeledirge|261/294\n|\n|upkeep\n|turn|15\n|inactive|Time left: 300 sec this turn | 300 sec total\n|\n|t:|1783544538\n|move|p2a: Flutter Mane|Moonblast|p1a: Skeledirge\n|-resisted|p1a: Skeledirge\n|-damage|p1a: Skeledirge|177/294\n|move|p1a: Skeledirge|Torch Song|p2a: Flutter Mane\n|-damage|p2a: Flutter Mane|29/100\n|-boost|p1a: Skeledirge|spa|1\n|\n|upkeep\n|turn|16\n|inactive|Time left: 300 sec this turn | 300 sec total\n|\n|t:|1783544540\n|-end|p2a: Flutter Mane|Protosynthesis|[silent]\n|switch|p2a: Barraskewda|Barraskewda, L81, M|100/100\n|move|p1a: Skeledirge|Torch Song|p2a: Barraskewda\n|-resisted|p2a: Barraskewda\n|-damage|p2a: Barraskewda|71/100\n|-boost|p1a: Skeledirge|spa|1\n|\n|upkeep\n|turn|17\n|inactive|Time left: 300 sec this turn | 300 sec total\n|\n|t:|1783544541\n|switch|p1a: Minun|Minun, L95, F, tera:Grass|9/268\n|move|p2a: Barraskewda|Waterfall|p1a: Minun\n|-resisted|p1a: Minun\n|-damage|p1a: Minun|0 fnt\n|faint|p1a: Minun\n|\n|upkeep\n|inactive|Time left: 300 sec this turn | 300 sec total | 5 sec grace\n|\n|t:|1783544542\n|switch|p1a: Sandslash|Sandslash, L89, F|278/278\n|turn|18\n|inactive|Time left: 300 sec this turn | 300 sec total\n|\n|t:|1783544543\n|move|p2a: Barraskewda|Waterfall|p1a: Sandslash\n|-supereffective|p1a: Sandslash\n|-damage|p1a: Sandslash|50/278\n|cant|p1a: Sandslash|flinch\n|\n|upkeep\n|turn|19\n|inactive|Time left: 300 sec this turn | 300 sec total\n|\n|t:|1783544544\n|move|p2a: Barraskewda|Waterfall|p1a: Sandslash\n|-supereffective|p1a: Sandslash\n|-damage|p1a: Sandslash|0 fnt\n|faint|p1a: Sandslash\n|\n|upkeep\n|inactive|Time left: 300 sec this turn | 300 sec total | 5 sec grace\n|\n|t:|1783544545\n|switch|p1a: Froslass|Froslass, L87, F|263/263\n|turn|20\n|inactive|Time left: 300 sec this turn | 300 sec total\n|\n|t:|1783544546\n|move|p2a: Barraskewda|Waterfall|p1a: Froslass\n|-damage|p1a: Froslass|113/263\n|-start|p2a: Barraskewda|Disable|Waterfall|[from] ability: Cursed Body|[of] p1a: Froslass\n|move|p1a: Froslass|Poltergeist|p2a: Barraskewda\n|-activate|p2a: Barraskewda|move: Poltergeist|Choice Band\n|-damage|p2a: Barraskewda|13/100\n|\n|upkeep\n|turn|21\n|inactive|Time left: 300 sec this turn | 300 sec total\n|\n|t:|1783544547\n|switch|p2a: Morpeko|Morpeko, L88, M|100/100\n|move|p1a: Froslass|Destiny Bond|p1a: Froslass\n|-singlemove|p1a: Froslass|Destiny Bond\n|\n|-formechange|p2a: Morpeko|Morpeko-Hangry||[from] ability: Hunger Switch\n|upkeep\n|turn|22\n|inactive|Time left: 300 sec this turn | 300 sec total\n|\n|t:|1783544549\n|move|p1a: Froslass|Triple Axel|p2a: Morpeko\n|-damage|p2a: Morpeko|90/100\n|-crit|p2a: Morpeko\n|-damage|p2a: Morpeko|57/100\n|-damage|p2a: Morpeko|28/100\n|-hitcount|p2a: Morpeko|3\n|move|p2a: Morpeko|Aura Wheel|p1a: Froslass\n|-supereffective|p1a: Froslass\n|-damage|p1a: Froslass|0 fnt\n|-boost|p2a: Morpeko|spe|1\n|-start|p2a: Morpeko|Disable|Aura Wheel|[from] ability: Cursed Body|[of] p1a: Froslass\n|faint|p1a: Froslass\n|\n|-heal|p2a: Morpeko|34/100|[from] item: Leftovers\n|-formechange|p2a: Morpeko|Morpeko||[from] ability: Hunger Switch\n|upkeep\n|inactive|Time left: 300 sec this turn | 300 sec total | 5 sec grace\n|\n|t:|1783544549\n|switch|p1a: Skeledirge|Skeledirge, L79, F|177/294\n|turn|23\n|inactive|Time left: 300 sec this turn | 300 sec total\n|\n|t:|1783544550\n|move|p2a: Morpeko|Knock Off|p1a: Skeledirge\n|-supereffective|p1a: Skeledirge\n|-damage|p1a: Skeledirge|0 fnt\n|-enditem|p1a: Skeledirge|Heavy-Duty Boots|[from] move: Knock Off|[of] p2a: Morpeko\n|faint|p1a: Skeledirge\n|\n|-heal|p2a: Morpeko|40/100|[from] item: Leftovers\n|-formechange|p2a: Morpeko|Morpeko-Hangry||[from] ability: Hunger Switch\n|upkeep\n|inactive|Time left: 300 sec this turn | 300 sec total | 5 sec grace\n|\n|t:|1783544551\n|switch|p1a: Girafarig|Girafarig, L89, F|39/269\n|turn|24\n|inactive|Time left: 300 sec this turn | 300 sec total\n|\n|t:|1783544552\n|-terastallize|p2a: Morpeko|Electric\n|move|p2a: Morpeko|Knock Off|p1a: Girafarig\n|-supereffective|p1a: Girafarig\n|-damage|p1a: Girafarig|0 fnt\n|-enditem|p1a: Girafarig|Eviolite|[from] move: Knock Off|[of] p2a: Morpeko\n|faint|p1a: Girafarig\n|\n|win|p0y413691c", "uploadtime": 1783544552, "views": 0, "rating": 0, "private": 0, "password": null, "_winner": "p0y413691c", "_our_name": "p0x4139224"}