{"id": "battle-gen9randombattle-650", "formatid": "gen9randombattle", "format": "[Gen 9] Random Battle", "players": ["p0x6506b5a", "p0y650967e"], "log": "|init|battle\n|title|p0x6506b5a vs. p0y650967e\n|j|\u2606p0x6506b5a\n|j|\u2606p0y650967e\n|t:|1783546652\n|gametype|singles\n|player|p1|p0x6506b5a|265|\n|player|p2|p0y650967e|265|\n|gen|9\n|tier|[Gen 9] Random Battle\n|rule|Species Clause: Limit one of each Pok\u00e9mon\n|rule|HP Percentage Mod: HP is shown in percentages\n|rule|Sleep Clause Mod: Limit one foe put to sleep\n|rule|Illusion Level Mod: Illusion disguises the Pok\u00e9mon's true level\n|\n|t:|1783546652\n|teamsize|p1|6\n|teamsize|p2|6\n|start\n|switch|p1a: Magmortar|Magmortar, L88, M|275/275\n|switch|p2a: Pincurchin|Pincurchin, M|100/100\n|-fieldstart|move: Electric Terrain|[from] ability: Electric Surge|[of] p2a: Pincurchin\n|turn|1\n|inactive|Battle timer is ON: inactive players will automatically lose when time's up. (requested by p0y650967e)\n|inactive|Time left: 300 sec this turn | 300 sec total | 60 sec grace\n|inactive|p0x6506b5a also wants the timer to be on.\n|\n|t:|1783546653\n|move|p1a: Magmortar|Knock Off|p2a: Pincurchin\n|-damage|p2a: Pincurchin|79/100\n|-enditem|p2a: Pincurchin|Leftovers|[from] move: Knock Off|[of] p1a: Magmortar\n|move|p2a: Pincurchin|Zing Zap|p1a: Magmortar\n|-damage|p1a: Magmortar|94/275\n|\n|upkeep\n|turn|2\n|inactive|Time left: 300 sec this turn | 300 sec total\n|\n|t:|1783546654\n|move|p1a: Magmortar|Fire Blast|p2a: Pincurchin\n|-damage|p2a: Pincurchin|23/100\n|move|p2a: Pincurchin|Liquidation|p1a: Magmortar\n|-supereffective|p1a: Magmortar\n|-damage|p1a: Magmortar|0 fnt\n|faint|p1a: Magmortar\n|\n|upkeep\n|inactive|Time left: 300 sec this turn | 300 sec total | 5 sec grace\n|\n|t:|1783546655\n|switch|p1a: Ariados|Ariados, L95, F|287/287\n|turn|3\n|inactive|Time left: 300 sec this turn | 300 sec total\n|\n|t:|1783546656\n|move|p1a: Ariados|Sticky Web|p2a: Pincurchin\n|-sidestart|p2: p0y650967e|move: Sticky Web\n|move|p2a: Pincurchin|Zing Zap|p1a: Ariados\n|-damage|p1a: Ariados|128/287\n|\n|upkeep\n|turn|4\n|inactive|Time left: 300 sec this turn | 300 sec total\n|\n|t:|1783546657\n|move|p1a: Ariados|Poison Jab|p2a: Pincurchin\n|-damage|p2a: Pincurchin|0 fnt\n|faint|p2a: Pincurchin\n|\n|upkeep\n|\n|t:|1783546658\n|switch|p2a: Volcarona|Volcarona, L77, F|100/100\n|turn|5\n|inactive|Time left: 300 sec this turn | 300 sec total\n|\n|t:|1783546659\n|switch|p1a: Fezandipiti|Fezandipiti, L82, M|278/278\n|move|p2a: Volcarona|Fire Blast|p1a: Fezandipiti\n|-damage|p1a: Fezandipiti|187/278\n|\n|-heal|p1a: Fezandipiti|204/278|[from] item: Leftovers\n|-fieldend|move: Electric Terrain\n|upkeep\n|turn|6\n|inactive|Time left: 300 sec this turn | 300 sec total\n|\n|t:|1783546661\n|move|p1a: Fezandipiti|Gunk Shot|p2a: Volcarona\n|-damage|p2a: Volcarona|35/100\n|move|p2a: Volcarona|Quiver Dance|p2a: Volcarona\n|-boost|p2a: Volcarona|spa|1\n|-boost|p2a: Volcarona|spd|1\n|-boost|p2a: Volcarona|spe|1\n|\n|-heal|p1a: Fezandipiti|221/278|[from] item: Leftovers\n|upkeep\n|turn|7\n|inactive|Time left: 300 sec this turn | 300 sec total\n|\n|t:|1783546662\n|move|p2a: Volcarona|Fire Blast|p1a: Fezandipiti\n|-damage|p1a: Fezandipiti|79/278\n|move|p1a: Fezandipiti|Gunk Shot|p2a: Volcarona\n|-damage|p2a: Volcarona|0 fnt\n|faint|p2a: Volcarona\n|\n|-heal|p1a: Fezandipiti|96/278|[from] item: Leftovers\n|upkeep\n|\n|t:|1783546663\n|switch|p2a: Toxtricity|Toxtricity, L82, F|100/100\n|-activate|p2a: Toxtricity|move: Sticky Web\n|-unboost|p2a: Toxtricity|spe|1\n|turn|8\n|inactive|Time left: 300 sec this turn | 300 sec total\n|\n|t:|1783546664\n|-terastallize|p1a: Fezandipiti|Ground\n|move|p1a: Fezandipiti|Tera Blast|p2a: Toxtricity|[anim] Tera Blast Ground\n|-supereffective|p2a: Toxtricity\n|-damage|p2a: Toxtricity|0 fnt\n|faint|p2a: Toxtricity\n|\n|-heal|p1a: Fezandipiti|113/278|[from] item: Leftovers\n|upkeep\n|\n|t:|1783546665\n|switch|p2a: Leavanny|Leavanny, L86, F|100/100\n|-activate|p2a: Leavanny|move: Sticky Web\n|-unboost|p2a: Leavanny|spe|1\n|turn|9\n|inactive|Time left: 300 sec this turn | 300 sec total\n|\n|t:|1783546667\n|move|p1a: Fezandipiti|Gunk Shot|p2a: Leavanny|[miss]\n|-miss|p1a: Fezandipiti|p2a: Leavanny\n|move|p2a: Leavanny|Sticky Web|p1a: Fezandipiti\n|-sidestart|p1: p0x6506b5a|move: Sticky Web\n|\n|-heal|p1a: Fezandipiti|130/278|[from] item: Leftovers\n|upkeep\n|turn|10\n|inactive|Time left: 300 sec this turn | 300 sec total\n|\n|t:|1783546668\n|move|p1a: Fezandipiti|Gunk Shot|p2a: Leavanny|[miss]\n|-miss|p1a: Fezandipiti|p2a: Leavanny\n|move|p2a: Leavanny|Bullet Seed|p1a: Fezandipiti\n|-supereffective|p1a: Fezandipiti\n|-damage|p1a: Fezandipiti|64/278\n|-supereffective|p1a: Fezandipiti\n|-damage|p1a: Fezandipiti|4/278\n|-supereffective|p1a: Fezandipiti\n|-damage|p1a: Fezandipiti|0 fnt\n|faint|p1a: Fezandipiti\n|-hitcount|p1: Fezandipiti|3\n|\n|upkeep\n|inactive|Time left: 300 sec this turn | 300 sec total | 5 sec grace\n|\n|t:|1783546669\n|switch|p1a: Arceus|Arceus-Dark, L71|288/288\n|-activate|p1a: Arceus|move: Sticky Web\n|-unboost|p1a: Arceus|spe|1\n|turn|11\n|inactive|Time left: 300 sec this turn | 300 sec total\n|\n|t:|1783546670\n|switch|p2a: Carbink|Carbink, L90|100/100\n|-activate|p2a: Carbink|move: Sticky Web\n|-unboost|p2a: Carbink|spe|1\n|move|p1a: Arceus|Judgment|p2a: Carbink\n|-resisted|p2a: Carbink\n|-crit|p2a: Carbink\n|-damage|p2a: Carbink|80/100\n|\n|-heal|p2a: Carbink|86/100|[from] item: Leftovers\n|upkeep\n|turn|12\n|inactive|Time left: 300 sec this turn | 300 sec total\n|\n|t:|1783546671\n|switch|p1a: Ariados|Ariados, L95, F|128/287\n|move|p2a: Carbink|Rock Polish|p2a: Carbink\n|-boost|p2a: Carbink|spe|2\n|\n|-heal|p2a: Carbink|92/100|[from] item: Leftovers\n|upkeep\n|turn|13\n|inactive|Time left: 300 sec this turn | 300 sec total\n|\n|t:|1783546672\n|move|p2a: Carbink|Iron Defense|p2a: Carbink\n|-boost|p2a: Carbink|def|2\n|move|p1a: Ariados|Poison Jab|p2a: Carbink\n|-damage|p2a: Carbink|79/100\n|\n|-heal|p2a: Carbink|85/100|[from] item: Leftovers\n|upkeep\n|turn|14\n|inactive|Time left: 300 sec this turn | 300 sec total\n|\n|t:|1783546673\n|move|p2a: Carbink|Rock Polish|p2a: Carbink\n|-boost|p2a: Carbink|spe|2\n|move|p1a: Ariados|Poison Jab|p2a: Carbink\n|-damage|p2a: Carbink|72/100\n|-status|p2a: Carbink|psn\n|\n|-heal|p2a: Carbink|78/100 psn|[from] item: Leftovers\n|-damage|p2a: Carbink|66/100 psn|[from] psn\n|upkeep\n|turn|15\n|inactive|Time left: 300 sec this turn | 300 sec total\n|\n|t:|1783546675\n|move|p2a: Carbink|Body Press|p1a: Ariados\n|-resisted|p1a: Ariados\n|-damage|p1a: Ariados|81/287\n|move|p1a: Ariados|Poison Jab|p2a: Carbink\n|-damage|p2a: Carbink|53/100 psn\n|\n|-heal|p2a: Carbink|59/100 psn|[from] item: Leftovers\n|-damage|p2a: Carbink|46/100 psn|[from] psn\n|upkeep\n|turn|16\n|inactive|Time left: 300 sec this turn | 300 sec total\n|\n|t:|1783546676\n|move|p2a: Carbink|Body Press|p1a: Ariados\n|-resisted|p1a: Ariados\n|-damage|p1a: Ariados|37/287\n|move|p1a: Ariados|Poison Jab|p2a: Carbink\n|-damage|p2a: Carbink|32/100 psn\n|\n|-heal|p2a: Carbink|38/100 psn|[from] item: Leftovers\n|-damage|p2a: Carbink|25/100 psn|[from] psn\n|upkeep\n|turn|17\n|inactive|Time left: 300 sec this turn | 300 sec total\n|\n|t:|1783546677\n|move|p2a: Carbink|Body Press|p1a: Ariados\n|-resisted|p1a: Ariados\n|-damage|p1a: Ariados|0 fnt\n|faint|p1a: Ariados\n|\n|-heal|p2a: Carbink|31/100 psn|[from] item: Leftovers\n|-damage|p2a: Carbink|19/100 psn|[from] psn\n|upkeep\n|inactive|Time left: 300 sec this turn | 300 sec total | 5 sec grace\n|\n|t:|1783546678\n|switch|p1a: Golem|Golem-Alola, L93, F|300/300\n|-activate|p1a: Golem|move: Sticky Web\n|-unboost|p1a: Golem|spe|1\n|turn|18\n|inactive|Time left: 300 sec this turn | 300 sec total\n|\n|t:|1783546679\n|-terastallize|p2a: Carbink|Fighting\n|move|p2a: Carbink|Body Press|p1a: Golem\n|-supereffective|p1a: Golem\n|-damage|p1a: Golem|0 fnt\n|faint|p1a: Golem\n|\n|-heal|p2a: Carbink|25/100 psn|[from] item: Leftovers\n|-damage|p2a: Carbink|13/100 psn|[from] psn\n|upkeep\n|inactive|Time left: 300 sec this turn | 300 sec total | 5 sec grace\n|\n|t:|1783546680\n|switch|p1a: Floatzel|Floatzel, L86, M|286/286\n|-activate|p1a: Floatzel|move: Sticky Web\n|-unboost|p1a: Floatzel|spe|1\n|turn|19\n|inactive|Time left: 300 sec this turn | 300 sec total\n|\n|t:|1783546681\n|switch|p1a: Arceus|Arceus-Dark, L71|288/288\n|-activate|p1a: Arceus|move: Sticky Web\n|-unboost|p1a: Arceus|spe|1\n|move|p2a: Carbink|Body Press|p1a: Arceus\n|-supereffective|p1a: Arceus\n|-damage|p1a: Arceus|0 fnt\n|faint|p1a: Arceus\n|\n|-heal|p2a: Carbink|19/100 psn|[from] item: Leftovers\n|-damage|p2a: Carbink|6/100 psn|[from] psn\n|upkeep\n|inactive|Time left: 300 sec this turn | 300 sec total | 5 sec grace\n|\n|t:|1783546682\n|switch|p1a: Floatzel|Floatzel, L86, M|286/286\n|-activate|p1a: Floatzel|move: Sticky Web\n|-unboost|p1a: Floatzel|spe|1\n|turn|20\n|inactive|Time left: 300 sec this turn | 300 sec total\n|\n|t:|1783546683\n|move|p2a: Carbink|Body Press|p1a: Floatzel\n|-damage|p1a: Floatzel|0 fnt\n|faint|p1a: Floatzel\n|\n|win|p0y650967e", "uploadtime": 1783546683, "views": 0, "rating": 0, "private": 0, "password": null, "_winner": "p0y650967e", "_our_name": "p0x6506b5a"}