{"id": "battle-gen9randombattle-2225", "formatid": "gen9randombattle", "format": "[Gen 9] Random Battle", "players": ["p0x2225c5f2", "p0y2225fcb0"], "log": "|init|battle\n|title|p0x2225c5f2 vs. p0y2225fcb0\n|j|\u2606p0x2225c5f2\n|j|\u2606p0y2225fcb0\n|t:|1783564855\n|gametype|singles\n|player|p1|p0x2225c5f2|102|\n|player|p2|p0y2225fcb0|169|\n|gen|9\n|tier|[Gen 9] Random Battle\n|rule|Species Clause: Limit one of each Pok\u00e9mon\n|rule|HP Percentage Mod: HP is shown in percentages\n|rule|Sleep Clause Mod: Limit one foe put to sleep\n|rule|Illusion Level Mod: Illusion disguises the Pok\u00e9mon's true level\n|\n|t:|1783564855\n|teamsize|p1|6\n|teamsize|p2|6\n|start\n|switch|p1a: Deoxys|Deoxys-Defense, L84|100/100\n|switch|p2a: Bastiodon|Bastiodon, L89, F|252/252\n|-ability|p1a: Deoxys|Pressure\n|turn|1\n|inactive|Battle timer is ON: inactive players will automatically lose when time's up. (requested by p0x2225c5f2)\n|inactive|Time left: 300 sec this turn | 300 sec total | 60 sec grace\n|inactive|p0y2225fcb0 also wants the timer to be on.\n|\n|t:|1783564857\n|move|p1a: Deoxys|Cosmic Power|p1a: Deoxys\n|-boost|p1a: Deoxys|def|1\n|-boost|p1a: Deoxys|spd|1\n|move|p2a: Bastiodon|Foul Play|p1a: Deoxys\n|-supereffective|p1a: Deoxys\n|-damage|p1a: Deoxys|83/100\n|\n|-heal|p1a: Deoxys|89/100|[from] item: Leftovers\n|upkeep\n|turn|2\n|inactive|Time left: 300 sec this turn | 300 sec total\n|\n|t:|1783564858\n|switch|p2a: Girafarig|Girafarig, L89, M|269/269\n|move|p1a: Deoxys|Cosmic Power|p1a: Deoxys\n|-boost|p1a: Deoxys|def|1\n|-boost|p1a: Deoxys|spd|1\n|\n|-heal|p1a: Deoxys|95/100|[from] item: Leftovers\n|upkeep\n|turn|3\n|inactive|Time left: 300 sec this turn | 300 sec total\n|\n|t:|1783564859\n|move|p2a: Girafarig|Nasty Plot|p2a: Girafarig\n|-boost|p2a: Girafarig|spa|2\n|move|p1a: Deoxys|Cosmic Power|p1a: Deoxys\n|-boost|p1a: Deoxys|def|1\n|-boost|p1a: Deoxys|spd|1\n|\n|-heal|p1a: Deoxys|100/100|[from] item: Leftovers\n|upkeep\n|turn|4\n|inactive|Time left: 300 sec this turn | 300 sec total\n|\n|t:|1783564860\n|move|p2a: Girafarig|Nasty Plot|p2a: Girafarig\n|-boost|p2a: Girafarig|spa|2\n|move|p1a: Deoxys|Cosmic Power|p1a: Deoxys\n|-boost|p1a: Deoxys|def|1\n|-boost|p1a: Deoxys|spd|1\n|\n|upkeep\n|turn|5\n|inactive|Time left: 300 sec this turn | 300 sec total\n|\n|t:|1783564861\n|move|p2a: Girafarig|Shadow Ball|p1a: Deoxys\n|-supereffective|p1a: Deoxys\n|-damage|p1a: Deoxys|67/100\n|move|p1a: Deoxys|Stored Power|p2a: Girafarig\n|-resisted|p2a: Girafarig\n|-damage|p2a: Girafarig|206/269\n|\n|-heal|p1a: Deoxys|73/100|[from] item: Leftovers\n|upkeep\n|turn|6\n|inactive|Time left: 300 sec this turn | 300 sec total\n|\n|t:|1783564862\n|move|p2a: Girafarig|Shadow Ball|p1a: Deoxys\n|-supereffective|p1a: Deoxys\n|-damage|p1a: Deoxys|38/100\n|move|p1a: Deoxys|Stored Power|p2a: Girafarig\n|-resisted|p2a: Girafarig\n|-damage|p2a: Girafarig|146/269\n|\n|-heal|p1a: Deoxys|43/100|[from] item: Leftovers\n|upkeep\n|turn|7\n|inactive|Time left: 300 sec this turn | 300 sec total\n|\n|t:|1783564864\n|move|p2a: Girafarig|Shadow Ball|p1a: Deoxys\n|-supereffective|p1a: Deoxys\n|-damage|p1a: Deoxys|9/100\n|move|p1a: Deoxys|Recover|p1a: Deoxys\n|-heal|p1a: Deoxys|59/100\n|\n|-heal|p1a: Deoxys|65/100|[from] item: Leftovers\n|upkeep\n|turn|8\n|inactive|Time left: 300 sec this turn | 300 sec total\n|\n|t:|1783564865\n|move|p2a: Girafarig|Shadow Ball|p1a: Deoxys\n|-supereffective|p1a: Deoxys\n|-damage|p1a: Deoxys|34/100\n|-unboost|p1a: Deoxys|spd|1\n|move|p1a: Deoxys|Recover|p1a: Deoxys\n|-heal|p1a: Deoxys|84/100\n|\n|-heal|p1a: Deoxys|90/100|[from] item: Leftovers\n|upkeep\n|turn|9\n|inactive|Time left: 300 sec this turn | 300 sec total\n|\n|t:|1783564866\n|move|p2a: Girafarig|Shadow Ball|p1a: Deoxys\n|-supereffective|p1a: Deoxys\n|-damage|p1a: Deoxys|49/100\n|move|p1a: Deoxys|Stored Power|p2a: Girafarig\n|-resisted|p2a: Girafarig\n|-damage|p2a: Girafarig|95/269\n|\n|-heal|p1a: Deoxys|55/100|[from] item: Leftovers\n|upkeep\n|turn|10\n|inactive|Time left: 300 sec this turn | 300 sec total\n|\n|t:|1783564867\n|move|p2a: Girafarig|Shadow Ball|p1a: Deoxys\n|-supereffective|p1a: Deoxys\n|-damage|p1a: Deoxys|17/100\n|-unboost|p1a: Deoxys|spd|1\n|move|p1a: Deoxys|Recover|p1a: Deoxys\n|-heal|p1a: Deoxys|67/100\n|\n|-heal|p1a: Deoxys|73/100|[from] item: Leftovers\n|upkeep\n|turn|11\n|inactive|Time left: 300 sec this turn | 300 sec total\n|\n|t:|1783564868\n|move|p2a: Girafarig|Shadow Ball|p1a: Deoxys\n|-supereffective|p1a: Deoxys\n|-damage|p1a: Deoxys|20/100\n|move|p1a: Deoxys|Recover|p1a: Deoxys\n|-heal|p1a: Deoxys|71/100\n|\n|-heal|p1a: Deoxys|77/100|[from] item: Leftovers\n|upkeep\n|turn|12\n|inactive|Time left: 300 sec this turn | 300 sec total\n|\n|t:|1783564870\n|move|p2a: Girafarig|Shadow Ball|p1a: Deoxys\n|-supereffective|p1a: Deoxys\n|-damage|p1a: Deoxys|29/100\n|move|p1a: Deoxys|Recover|p1a: Deoxys\n|-heal|p1a: Deoxys|79/100\n|\n|-heal|p1a: Deoxys|85/100|[from] item: Leftovers\n|upkeep\n|turn|13\n|inactive|Time left: 300 sec this turn | 300 sec total\n|\n|t:|1783564871\n|move|p2a: Girafarig|Shadow Ball|p1a: Deoxys\n|-supereffective|p1a: Deoxys\n|-damage|p1a: Deoxys|34/100\n|move|p1a: Deoxys|Recover|p1a: Deoxys\n|-heal|p1a: Deoxys|84/100\n|\n|-heal|p1a: Deoxys|90/100|[from] item: Leftovers\n|upkeep\n|turn|14\n|inactive|Time left: 300 sec this turn | 300 sec total\n|\n|t:|1783564872\n|move|p2a: Girafarig|Shadow Ball|p1a: Deoxys\n|-supereffective|p1a: Deoxys\n|-damage|p1a: Deoxys|37/100\n|move|p1a: Deoxys|Recover|p1a: Deoxys\n|-heal|p1a: Deoxys|87/100\n|\n|-heal|p1a: Deoxys|93/100|[from] item: Leftovers\n|upkeep\n|turn|15\n|inactive|Time left: 300 sec this turn | 300 sec total\n|\n|t:|1783564873\n|move|p2a: Girafarig|Shadow Ball|p1a: Deoxys\n|-supereffective|p1a: Deoxys\n|-damage|p1a: Deoxys|39/100\n|move|p1a: Deoxys|Cosmic Power|p1a: Deoxys\n|-boost|p1a: Deoxys|def|1\n|-boost|p1a: Deoxys|spd|1\n|\n|-heal|p1a: Deoxys|45/100|[from] item: Leftovers\n|upkeep\n|turn|16\n|inactive|Time left: 300 sec this turn | 300 sec total\n|\n|t:|1783564874\n|move|p2a: Girafarig|Shadow Ball|p1a: Deoxys\n|-supereffective|p1a: Deoxys\n|-damage|p1a: Deoxys|3/100\n|move|p1a: Deoxys|Recover|p1a: Deoxys\n|-heal|p1a: Deoxys|53/100\n|\n|-heal|p1a: Deoxys|59/100|[from] item: Leftovers\n|upkeep\n|turn|17\n|inactive|Time left: 300 sec this turn | 300 sec total\n|\n|t:|1783564875\n|move|p2a: Girafarig|Psychic|p1a: Deoxys\n|-resisted|p1a: Deoxys\n|-damage|p1a: Deoxys|41/100\n|move|p1a: Deoxys|Stored Power|p2a: Girafarig\n|-resisted|p2a: Girafarig\n|-damage|p2a: Girafarig|40/269\n|\n|-heal|p1a: Deoxys|47/100|[from] item: Leftovers\n|upkeep\n|turn|18\n|inactive|Time left: 300 sec this turn | 300 sec total\n|\n|t:|1783564876\n|move|p2a: Girafarig|Thunderbolt|p1a: Deoxys\n|-damage|p1a: Deoxys|24/100\n|move|p1a: Deoxys|Stored Power|p2a: Girafarig\n|-resisted|p2a: Girafarig\n|-damage|p2a: Girafarig|0 fnt\n|faint|p2a: Girafarig\n|\n|-heal|p1a: Deoxys|30/100|[from] item: Leftovers\n|upkeep\n|inactive|Time left: 300 sec this turn | 300 sec total | 5 sec grace\n|\n|t:|1783564877\n|switch|p2a: Mabosstiff|Mabosstiff, L86, M|278/278\n|turn|19\n|inactive|Time left: 300 sec this turn | 300 sec total\n|\n|t:|1783564878\n|move|p2a: Mabosstiff|Crunch|p1a: Deoxys\n|-supereffective|p1a: Deoxys\n|-damage|p1a: Deoxys|11/100\n|move|p1a: Deoxys|Night Shade|p2a: Mabosstiff\n|-damage|p2a: Mabosstiff|194/278\n|\n|-heal|p1a: Deoxys|17/100|[from] item: Leftovers\n|upkeep\n|turn|20\n|inactive|Time left: 300 sec this turn | 300 sec total\n|\n|t:|1783564879\n|-terastallize|p1a: Deoxys|Steel\n|move|p2a: Mabosstiff|Crunch|p1a: Deoxys\n|-damage|p1a: Deoxys|8/100\n|move|p1a: Deoxys|Night Shade|p2a: Mabosstiff\n|-damage|p2a: Mabosstiff|110/278\n|\n|-heal|p1a: Deoxys|14/100|[from] item: Leftovers\n|upkeep\n|turn|21\n|inactive|Time left: 300 sec this turn | 300 sec total\n|\n|t:|1783564880\n|move|p2a: Mabosstiff|Crunch|p1a: Deoxys\n|-damage|p1a: Deoxys|4/100\n|move|p1a: Deoxys|Night Shade|p2a: Mabosstiff\n|-damage|p2a: Mabosstiff|26/278\n|\n|-heal|p1a: Deoxys|10/100|[from] item: Leftovers\n|upkeep\n|turn|22\n|inactive|Time left: 300 sec this turn | 300 sec total\n|\n|t:|1783564881\n|move|p2a: Mabosstiff|Crunch|p1a: Deoxys\n|-damage|p1a: Deoxys|1/100\n|move|p1a: Deoxys|Night Shade|p2a: Mabosstiff\n|-damage|p2a: Mabosstiff|0 fnt\n|faint|p2a: Mabosstiff\n|\n|-heal|p1a: Deoxys|7/100|[from] item: Leftovers\n|upkeep\n|inactive|Time left: 300 sec this turn | 300 sec total | 5 sec grace\n|\n|t:|1783564881\n|switch|p2a: Bastiodon|Bastiodon, L89, F|252/252\n|turn|23\n|inactive|Time left: 300 sec this turn | 300 sec total\n|\n|t:|1783564882\n|move|p1a: Deoxys|Stored Power|p2a: Bastiodon\n|-resisted|p2a: Bastiodon\n|-damage|p2a: Bastiodon|205/252\n|move|p2a: Bastiodon|Body Press|p1a: Deoxys\n|-supereffective|p1a: Deoxys\n|-damage|p1a: Deoxys|0 fnt\n|faint|p1a: Deoxys\n|\n|upkeep\n|\n|t:|1783564883\n|switch|p1a: Raikou|Raikou, L81|100/100\n|-ability|p1a: Raikou|Pressure\n|turn|24\n|inactive|Time left: 300 sec this turn | 300 sec total\n|\n|t:|1783564884\n|move|p1a: Raikou|Scald|p2a: Bastiodon\n|-supereffective|p2a: Bastiodon\n|-damage|p2a: Bastiodon|121/252\n|-status|p2a: Bastiodon|brn\n|move|p2a: Bastiodon|Iron Defense|p2a: Bastiodon\n|-boost|p2a: Bastiodon|def|2\n|\n|-damage|p2a: Bastiodon|106/252 brn|[from] brn\n|upkeep\n|turn|25\n|inactive|Time left: 300 sec this turn | 300 sec total\n|\n|t:|1783564885\n|switch|p1a: Pincurchin|Pincurchin, F|100/100\n|-fieldstart|move: Electric Terrain|[from] ability: Electric Surge|[of] p1a: Pincurchin\n|move|p2a: Bastiodon|Rest||[still]\n|-activate|p2a: Bastiodon|move: Electric Terrain\n|-fail|p2a: Bastiodon\n|\n|-damage|p2a: Bastiodon|91/252 brn|[from] brn\n|upkeep\n|turn|26\n|inactive|Time left: 300 sec this turn | 300 sec total\n|\n|t:|1783564886\n|move|p2a: Bastiodon|Iron Defense|p2a: Bastiodon\n|-boost|p2a: Bastiodon|def|2\n|move|p1a: Pincurchin|Curse|p1a: Pincurchin\n|-unboost|p1a: Pincurchin|spe|1\n|-boost|p1a: Pincurchin|atk|1\n|-boost|p1a: Pincurchin|def|1\n|\n|-damage|p2a: Bastiodon|76/252 brn|[from] brn\n|upkeep\n|turn|27\n|inactive|Time left: 300 sec this turn | 300 sec total\n|\n|t:|1783564887\n|move|p2a: Bastiodon|Body Press|p1a: Pincurchin\n|-damage|p1a: Pincurchin|71/100\n|move|p1a: Pincurchin|Zing Zap|p2a: Bastiodon\n|-damage|p2a: Bastiodon|30/252 brn\n|\n|-heal|p1a: Pincurchin|77/100|[from] item: Leftovers\n|-damage|p2a: Bastiodon|15/252 brn|[from] brn\n|upkeep\n|turn|28\n|inactive|Time left: 300 sec this turn | 300 sec total\n|\n|t:|1783564888\n|move|p2a: Bastiodon|Body Press|p1a: Pincurchin\n|-damage|p1a: Pincurchin|47/100\n|move|p1a: Pincurchin|Recover|p1a: Pincurchin\n|-heal|p1a: Pincurchin|97/100\n|\n|-heal|p1a: Pincurchin|100/100|[from] item: Leftovers\n|-damage|p2a: Bastiodon|0 fnt|[from] brn\n|faint|p2a: Bastiodon\n|upkeep\n|inactive|Time left: 300 sec this turn | 300 sec total | 5 sec grace\n|\n|t:|1783564889\n|switch|p2a: Eternatus|Eternatus, L69|308/308\n|-ability|p2a: Eternatus|Pressure\n|turn|29\n|inactive|Time left: 300 sec this turn | 300 sec total\n|\n|t:|1783564889\n|move|p2a: Eternatus|Sludge Bomb|p1a: Pincurchin\n|-damage|p1a: Pincurchin|72/100\n|move|p1a: Pincurchin|Zing Zap|p2a: Eternatus\n|-resisted|p2a: Eternatus\n|-damage|p2a: Eternatus|163/308\n|-damage|p1a: Pincurchin|56/100|[from] item: Rocky Helmet|[of] p2a: Eternatus\n|\n|-heal|p1a: Pincurchin|62/100|[from] item: Leftovers\n|-fieldend|move: Electric Terrain\n|upkeep\n|turn|30\n|inactive|Time left: 300 sec this turn | 300 sec total\n|\n|t:|1783564890\n|move|p2a: Eternatus|Recover|p2a: Eternatus\n|-heal|p2a: Eternatus|308/308\n|move|p1a: Pincurchin|Recover|p1a: Pincurchin\n|-heal|p1a: Pincurchin|100/100\n|\n|upkeep\n|turn|31\n|inactive|Time left: 300 sec this turn | 300 sec total\n|\n|t:|1783564891\n|move|p2a: Eternatus|Sludge Bomb|p1a: Pincurchin\n|-damage|p1a: Pincurchin|72/100\n|move|p1a: Pincurchin|Recover|p1a: Pincurchin\n|-heal|p1a: Pincurchin|100/100\n|\n|upkeep\n|turn|32\n|inactive|Time left: 300 sec this turn | 300 sec total\n|\n|t:|1783564892\n|move|p2a: Eternatus|Sludge Bomb|p1a: Pincurchin\n|-damage|p1a: Pincurchin|68/100\n|-status|p1a: Pincurchin|psn\n|move|p1a: Pincurchin|Liquidation|p2a: Eternatus\n|-resisted|p2a: Eternatus\n|-damage|p2a: Eternatus|237/308\n|-damage|p1a: Pincurchin|51/100 psn|[from] item: Rocky Helmet|[of] p2a: Eternatus\n|\n|-heal|p1a: Pincurchin|57/100 psn|[from] item: Leftovers\n|-damage|p1a: Pincurchin|45/100 psn|[from] psn\n|upkeep\n|turn|33\n|inactive|Time left: 300 sec this turn | 300 sec total\n|\n|t:|1783564893\n|move|p2a: Eternatus|Sludge Bomb|p1a: Pincurchin\n|-damage|p1a: Pincurchin|16/100 psn\n|move|p1a: Pincurchin|Recover|p1a: Pincurchin\n|-heal|p1a: Pincurchin|66/100 psn\n|\n|-heal|p1a: Pincurchin|72/100 psn|[from] item: Leftovers\n|-damage|p1a: Pincurchin|59/100 psn|[from] psn\n|upkeep\n|turn|34\n|inactive|Time left: 300 sec this turn | 300 sec total\n|\n|t:|1783564894\n|move|p2a: Eternatus|Sludge Bomb|p1a: Pincurchin\n|-damage|p1a: Pincurchin|26/100 psn\n|move|p1a: Pincurchin|Recover|p1a: Pincurchin\n|-heal|p1a: Pincurchin|76/100 psn\n|\n|-heal|p1a: Pincurchin|83/100 psn|[from] item: Leftovers\n|-damage|p1a: Pincurchin|70/100 psn|[from] psn\n|upkeep\n|turn|35\n|inactive|Time left: 300 sec this turn | 300 sec total\n|\n|t:|1783564896\n|move|p2a: Eternatus|Dynamax Cannon|p1a: Pincurchin\n|-damage|p1a: Pincurchin|37/100 psn\n|move|p1a: Pincurchin|Recover|p1a: Pincurchin\n|-heal|p1a: Pincurchin|87/100 psn\n|\n|-heal|p1a: Pincurchin|94/100 psn|[from] item: Leftovers\n|-damage|p1a: Pincurchin|81/100 psn|[from] psn\n|upkeep\n|turn|36\n|inactive|Time left: 300 sec this turn | 300 sec total\n|\n|t:|1783564897\n|move|p2a: Eternatus|Dynamax Cannon|p1a: Pincurchin\n|-damage|p1a: Pincurchin|45/100 psn\n|move|p1a: Pincurchin|Recover|p1a: Pincurchin\n|-heal|p1a: Pincurchin|95/100 psn\n|\n|-heal|p1a: Pincurchin|100/100 psn|[from] item: Leftovers\n|-damage|p1a: Pincurchin|88/100 psn|[from] psn\n|upkeep\n|turn|37\n|inactive|Time left: 300 sec this turn | 300 sec total\n|\n|t:|1783564898\n|move|p2a: Eternatus|Dynamax Cannon|p1a: Pincurchin\n|-crit|p1a: Pincurchin\n|-damage|p1a: Pincurchin|39/100 psn\n|move|p1a: Pincurchin|Recover|p1a: Pincurchin\n|-heal|p1a: Pincurchin|89/100 psn\n|\n|-heal|p1a: Pincurchin|95/100 psn|[from] item: Leftovers\n|-damage|p1a: Pincurchin|83/100 psn|[from] psn\n|upkeep\n|turn|38\n|inactive|Time left: 300 sec this turn | 300 sec total\n|\n|t:|1783564899\n|switch|p1a: Heatran|Heatran, L79, M|100/100\n|-item|p1a: Heatran|Air Balloon\n|move|p2a: Eternatus|Sludge Bomb|p1a: Heatran\n|-immune|p1a: Heatran\n|\n|upkeep\n|turn|39\n|inactive|Time left: 300 sec this turn | 300 sec total\n|\n|t:|1783564900\n|move|p2a: Eternatus|Dynamax Cannon|p1a: Heatran\n|-resisted|p1a: Heatran\n|-damage|p1a: Heatran|84/100\n|-enditem|p1a: Heatran|Air Balloon\n|move|p1a: Heatran|Earth Power|p2a: Eternatus\n|-supereffective|p2a: Eternatus\n|-damage|p2a: Eternatus|79/308\n|\n|upkeep\n|turn|40\n|inactive|Time left: 300 sec this turn | 300 sec total\n|\n|t:|1783564901\n|move|p2a: Eternatus|Recover|p2a: Eternatus\n|-heal|p2a: Eternatus|233/308\n|move|p1a: Heatran|Magma Storm|p2a: Eternatus\n|-resisted|p2a: Eternatus\n|-damage|p2a: Eternatus|160/308\n|-activate|p2a: Eternatus|move: Magma Storm|[of] p1a: Heatran\n|\n|-damage|p2a: Eternatus|122/308|[from] move: Magma Storm|[partiallytrapped]\n|upkeep\n|turn|41\n|inactive|Time left: 300 sec this turn | 300 sec total\n|\n|t:|1783564902\n|move|p2a: Eternatus|Recover|p2a: Eternatus\n|-heal|p2a: Eternatus|276/308\n|move|p1a: Heatran|Earth Power|p2a: Eternatus\n|-supereffective|p2a: Eternatus\n|-damage|p2a: Eternatus|108/308\n|\n|-damage|p2a: Eternatus|70/308|[from] move: Magma Storm|[partiallytrapped]\n|upkeep\n|turn|42\n|inactive|Time left: 300 sec this turn | 300 sec total\n|\n|t:|1783564903\n|move|p2a: Eternatus|Recover|p2a: Eternatus\n|-heal|p2a: Eternatus|224/308\n|move|p1a: Heatran|Earth Power|p2a: Eternatus\n|-supereffective|p2a: Eternatus\n|-damage|p2a: Eternatus|58/308\n|-unboost|p2a: Eternatus|spd|1\n|\n|-damage|p2a: Eternatus|20/308|[from] move: Magma Storm|[partiallytrapped]\n|upkeep\n|turn|43\n|inactive|Time left: 300 sec this turn | 300 sec total\n|\n|t:|1783564904\n|move|p2a: Eternatus|Recover|p2a: Eternatus\n|-heal|p2a: Eternatus|174/308\n|move|p1a: Heatran|Stealth Rock|p2a: Eternatus\n|-sidestart|p2: p0y2225fcb0|move: Stealth Rock\n|\n|-damage|p2a: Eternatus|136/308|[from] move: Magma Storm|[partiallytrapped]\n|upkeep\n|turn|44\n|inactive|Time left: 300 sec this turn | 300 sec total\n|\n|t:|1783564905\n|move|p2a: Eternatus|Recover|p2a: Eternatus\n|-heal|p2a: Eternatus|290/308\n|move|p1a: Heatran|Earth Power|p2a: Eternatus\n|-supereffective|p2a: Eternatus\n|-damage|p2a: Eternatus|56/308\n|\n|-end|p2a: Eternatus|Magma Storm|[partiallytrapped]\n|upkeep\n|turn|45\n|inactive|Time left: 300 sec this turn | 300 sec total\n|\n|t:|1783564906\n|move|p2a: Eternatus|Dynamax Cannon|p1a: Heatran\n|-resisted|p1a: Heatran\n|-damage|p1a: Heatran|67/100\n|move|p1a: Heatran|Earth Power|p2a: Eternatus\n|-supereffective|p2a: Eternatus\n|-damage|p2a: Eternatus|0 fnt\n|faint|p2a: Eternatus\n|\n|upkeep\n|inactive|Time left: 300 sec this turn | 300 sec total | 5 sec grace\n|\n|t:|1783564907\n|switch|p2a: Haxorus|Haxorus, L77, M|244/244\n|-damage|p2a: Haxorus|214/244|[from] Stealth Rock\n|-ability|p2a: Haxorus|Mold Breaker\n|turn|46\n|inactive|Time left: 300 sec this turn | 300 sec total\n|\n|t:|1783564908\n|switch|p1a: Zarude|Zarude-Dada, L77|100/100\n|move|p2a: Haxorus|Swords Dance|p2a: Haxorus\n|-boost|p2a: Haxorus|atk|2\n|\n|upkeep\n|turn|47\n|inactive|Time left: 300 sec this turn | 300 sec total\n|\n|t:|1783564909\n|move|p1a: Zarude|Knock Off|p2a: Haxorus\n|-damage|p2a: Haxorus|78/244\n|-enditem|p2a: Haxorus|Loaded Dice|[from] move: Knock Off|[of] p1a: Zarude\n|-damage|p1a: Zarude|91/100|[from] item: Life Orb\n|move|p2a: Haxorus|Scale Shot|p1a: Zarude\n|-damage|p1a: Zarude|69/100\n|-damage|p1a: Zarude|48/100\n|-damage|p1a: Zarude|28/100\n|-damage|p1a: Zarude|5/100\n|-hitcount|p1a: Zarude|4\n|-unboost|p2a: Haxorus|def|1\n|-boost|p2a: Haxorus|spe|1\n|\n|upkeep\n|turn|48\n|inactive|Time left: 300 sec this turn | 300 sec total\n|\n|t:|1783564910\n|move|p2a: Haxorus|Scale Shot|p1a: Zarude\n|-damage|p1a: Zarude|0 fnt\n|faint|p1a: Zarude\n|-hitcount|p1: Zarude|1\n|-unboost|p2a: Haxorus|def|1\n|-boost|p2a: Haxorus|spe|1\n|\n|upkeep\n|\n|t:|1783564911\n|switch|p1a: Pincurchin|Pincurchin, F|83/100 psn\n|-fieldstart|move: Electric Terrain|[from] ability: Electric Surge|[of] p1a: Pincurchin\n|turn|49\n|inactive|Time left: 300 sec this turn | 300 sec total\n|\n|t:|1783564912\n|move|p2a: Haxorus|Iron Head|p1a: Pincurchin\n|-resisted|p1a: Pincurchin\n|-damage|p1a: Pincurchin|63/100 psn\n|move|p1a: Pincurchin|Liquidation|p2a: Haxorus\n|-resisted|p2a: Haxorus\n|-damage|p2a: Haxorus|0 fnt\n|faint|p2a: Haxorus\n|\n|-heal|p1a: Pincurchin|69/100 psn|[from] item: Leftovers\n|-damage|p1a: Pincurchin|56/100 psn|[from] psn\n|upkeep\n|inactive|Time left: 300 sec this turn | 300 sec total | 5 sec grace\n|\n|t:|1783564913\n|switch|p2a: Calyrex|Calyrex, L93|337/337\n|-ability|p2a: Calyrex|Unnerve\n|-damage|p2a: Calyrex|295/337|[from] Stealth Rock\n|turn|50\n|inactive|Time left: 300 sec this turn | 300 sec total\n|\n|t:|1783564914\n|switch|p1a: Raikou|Raikou, L81|100/100\n|-ability|p1a: Raikou|Pressure\n|move|p2a: Calyrex|Body Press|p1a: Raikou\n|-damage|p1a: Raikou|77/100\n|\n|-heal|p1a: Raikou|83/100|[from] item: Leftovers\n|-heal|p2a: Calyrex|316/337|[from] item: Leftovers\n|upkeep\n|turn|51\n|inactive|Time left: 300 sec this turn | 300 sec total\n|\n|t:|1783564915\n|move|p1a: Raikou|Calm Mind|p1a: Raikou\n|-boost|p1a: Raikou|spa|1\n|-boost|p1a: Raikou|spd|1\n|move|p2a: Calyrex|Leech Seed|p1a: Raikou\n|-start|p1a: Raikou|move: Leech Seed\n|\n|-heal|p1a: Raikou|89/100|[from] item: Leftovers\n|-heal|p2a: Calyrex|337/337|[from] item: Leftovers\n|-damage|p1a: Raikou|77/100|[from] Leech Seed|[of] p2a: Calyrex\n|upkeep\n|turn|52\n|inactive|Time left: 300 sec this turn | 300 sec total\n|\n|t:|1783564916\n|move|p1a: Raikou|Thunderbolt|p2a: Calyrex\n|-resisted|p2a: Calyrex\n|-damage|p2a: Calyrex|244/337\n|move|p2a: Calyrex|Body Press|p1a: Raikou\n|-damage|p1a: Raikou|50/100\n|\n|-heal|p1a: Raikou|56/100|[from] item: Leftovers\n|-heal|p2a: Calyrex|265/337|[from] item: Leftovers\n|-damage|p1a: Raikou|44/100|[from] Leech Seed|[of] p2a: Calyrex\n|-heal|p2a: Calyrex|299/337|[silent]\n|upkeep\n|turn|53\n|inactive|Time left: 300 sec this turn | 300 sec total\n|\n|t:|1783564917\n|move|p1a: Raikou|Thunderbolt|p2a: Calyrex\n|-resisted|p2a: Calyrex\n|-damage|p2a: Calyrex|207/337\n|move|p2a: Calyrex|Body Press|p1a: Raikou\n|-damage|p1a: Raikou|18/100\n|\n|-heal|p1a: Raikou|24/100|[from] item: Leftovers\n|-heal|p2a: Calyrex|228/337|[from] item: Leftovers\n|-damage|p1a: Raikou|12/100|[from] Leech Seed|[of] p2a: Calyrex\n|-heal|p2a: Calyrex|262/337|[silent]\n|-fieldend|move: Electric Terrain\n|upkeep\n|turn|54\n|inactive|Time left: 300 sec this turn | 300 sec total\n|\n|t:|1783564918\n|move|p1a: Raikou|Thunderbolt|p2a: Calyrex\n|-resisted|p2a: Calyrex\n|-damage|p2a: Calyrex|191/337\n|move|p2a: Calyrex|Leech Seed||[still]\n|-fail|p2a: Calyrex\n|\n|-heal|p1a: Raikou|18/100|[from] item: Leftovers\n|-heal|p2a: Calyrex|212/337|[from] item: Leftovers\n|-damage|p1a: Raikou|6/100|[from] Leech Seed|[of] p2a: Calyrex\n|-heal|p2a: Calyrex|246/337|[silent]\n|upkeep\n|turn|55\n|inactive|Time left: 300 sec this turn | 300 sec total\n|\n|t:|1783564919\n|move|p1a: Raikou|Thunderbolt|p2a: Calyrex\n|-resisted|p2a: Calyrex\n|-damage|p2a: Calyrex|168/337\n|move|p2a: Calyrex|Encore|p1a: Raikou\n|-start|p1a: Raikou|Encore\n|\n|-heal|p1a: Raikou|12/100|[from] item: Leftovers\n|-heal|p2a: Calyrex|189/337|[from] item: Leftovers\n|-damage|p1a: Raikou|0 fnt|[from] Leech Seed|[of] p2a: Calyrex\n|-heal|p2a: Calyrex|221/337|[silent]\n|faint|p1a: Raikou\n|upkeep\n|\n|t:|1783564920\n|switch|p1a: Heatran|Heatran, L79, M|67/100\n|turn|56\n|inactive|Time left: 300 sec this turn | 300 sec total\n|\n|t:|1783564921\n|move|p2a: Calyrex|Body Press|p1a: Heatran\n|-supereffective|p1a: Heatran\n|-damage|p1a: Heatran|23/100\n|move|p1a: Heatran|Magma Storm|p2a: Calyrex\n|-supereffective|p2a: Calyrex\n|-damage|p2a: Calyrex|5/337\n|-activate|p2a: Calyrex|move: Magma Storm|[of] p1a: Heatran\n|\n|-heal|p2a: Calyrex|26/337|[from] item: Leftovers\n|-damage|p2a: Calyrex|0 fnt|[from] move: Magma Storm|[partiallytrapped]\n|faint|p2a: Calyrex\n|\n|win|p0x2225c5f2", "uploadtime": 1783564921, "views": 0, "rating": 0, "private": 0, "password": null, "_winner": "p0x2225c5f2", "_our_name": "p0y2225fcb0"}