{"id": "battle-gen9randombattle-1232", "formatid": "gen9randombattle", "format": "[Gen 9] Random Battle", "players": ["p0x1232613b", "p0y12320a53"], "log": "|init|battle\n|title|p0x1232613b vs. p0y12320a53\n|j|\u2606p0x1232613b\n|j|\u2606p0y12320a53\n|t:|1783553407\n|gametype|singles\n|player|p1|p0x1232613b|102|\n|player|p2|p0y12320a53|170|\n|gen|9\n|tier|[Gen 9] Random Battle\n|rule|Species Clause: Limit one of each Pok\u00e9mon\n|rule|HP Percentage Mod: HP is shown in percentages\n|rule|Sleep Clause Mod: Limit one foe put to sleep\n|rule|Illusion Level Mod: Illusion disguises the Pok\u00e9mon's true level\n|\n|t:|1783553407\n|teamsize|p1|6\n|teamsize|p2|6\n|start\n|switch|p1a: Sandy Shocks|Sandy Shocks, L80|100/100\n|switch|p2a: Sneasler|Sneasler, L74, F|240/240\n|turn|1\n|inactive|Battle timer is ON: inactive players will automatically lose when time's up. (requested by p0y12320a53)\n|inactive|p0x1232613b also wants the timer to be on.\n|\n|t:|1783553408\n|move|p2a: Sneasler|U-turn|p1a: Sandy Shocks\n|-damage|p1a: Sandy Shocks|72/100\n|-status|p1a: Sandy Shocks|psn|[from] ability: Poison Touch|[of] p2a: Sneasler\n|inactive|Time left: 300 sec this turn | 300 sec total | 65 sec grace\n|\n|t:|1783553409\n|switch|p2a: Abomasnow|Abomasnow, L84, M|287/287|[from] U-turn\n|-weather|Snowscape|[from] ability: Snow Warning|[of] p2a: Abomasnow\n|move|p1a: Sandy Shocks|Earth Power|p2a: Abomasnow\n|-resisted|p2a: Abomasnow\n|-damage|p2a: Abomasnow|235/287\n|\n|-weather|Snowscape|[upkeep]\n|-damage|p1a: Sandy Shocks|59/100 psn|[from] psn\n|upkeep\n|turn|2\n|inactive|Time left: 300 sec this turn | 300 sec total\n|\n|t:|1783553411\n|move|p1a: Sandy Shocks|Stealth Rock|p2a: Abomasnow\n|-sidestart|p2: p0y12320a53|move: Stealth Rock\n|move|p2a: Abomasnow|Aurora Veil|p2a: Abomasnow\n|-sidestart|p2: p0y12320a53|move: Aurora Veil\n|\n|-weather|Snowscape|[upkeep]\n|-damage|p1a: Sandy Shocks|47/100 psn|[from] psn\n|upkeep\n|turn|3\n|inactive|Time left: 300 sec this turn | 300 sec total\n|\n|t:|1783553411\n|-end|p1a: Sandy Shocks|Protosynthesis|[silent]\n|switch|p1a: Necrozma|Necrozma-Dawn-Wings, L76|100/100\n|move|p2a: Abomasnow|Wood Hammer|p1a: Necrozma\n|-damage|p1a: Necrozma|62/100\n|-damage|p2a: Abomasnow|200/287|[from] Recoil\n|\n|-weather|Snowscape|[upkeep]\n|upkeep\n|turn|4\n|inactive|Time left: 300 sec this turn | 300 sec total\n|\n|t:|1783553412\n|move|p1a: Necrozma|Photon Geyser|p2a: Abomasnow\n|-damage|p2a: Abomasnow|120/287\n|-damage|p1a: Necrozma|52/100|[from] item: Life Orb\n|move|p2a: Abomasnow|Wood Hammer|p1a: Necrozma\n|-crit|p1a: Necrozma\n|-damage|p1a: Necrozma|0 fnt\n|faint|p1a: Necrozma\n|-damage|p2a: Abomasnow|74/287|[from] Recoil\n|\n|-weather|Snowscape|[upkeep]\n|upkeep\n|\n|t:|1783553413\n|switch|p1a: Raikou|Raikou, L81|100/100\n|-ability|p1a: Raikou|Pressure\n|turn|5\n|inactive|Time left: 300 sec this turn | 300 sec total\n|\n|t:|1783553414\n|move|p1a: Raikou|Calm Mind|p1a: Raikou\n|-boost|p1a: Raikou|spa|1\n|-boost|p1a: Raikou|spd|1\n|move|p2a: Abomasnow|Wood Hammer|p1a: Raikou\n|-damage|p1a: Raikou|47/100\n|-damage|p2a: Abomasnow|24/287|[from] Recoil\n|\n|-weather|none\n|-heal|p1a: Raikou|53/100|[from] item: Leftovers\n|upkeep\n|turn|6\n|inactive|Time left: 300 sec this turn | 300 sec total\n|\n|t:|1783553415\n|move|p1a: Raikou|Thunderbolt|p2a: Abomasnow\n|-resisted|p2a: Abomasnow\n|-damage|p2a: Abomasnow|0 fnt\n|faint|p2a: Abomasnow\n|\n|-heal|p1a: Raikou|59/100|[from] item: Leftovers\n|upkeep\n|inactive|Time left: 300 sec this turn | 300 sec total | 5 sec grace\n|\n|t:|1783553417\n|switch|p2a: Gallade|Gallade, L80, M|240/240\n|-damage|p2a: Gallade|225/240|[from] Stealth Rock\n|turn|7\n|inactive|Time left: 300 sec this turn | 300 sec total\n|\n|t:|1783553418\n|move|p2a: Gallade|Sacred Sword|p1a: Raikou\n|-damage|p1a: Raikou|0 fnt\n|faint|p1a: Raikou\n|\n|upkeep\n|\n|t:|1783553419\n|switch|p1a: Veluza|Veluza, L85, F|100/100\n|turn|8\n|inactive|Time left: 300 sec this turn | 300 sec total\n|\n|t:|1783553420\n|move|p2a: Gallade|Sacred Sword|p1a: Veluza\n|-resisted|p1a: Veluza\n|-damage|p1a: Veluza|69/100\n|move|p1a: Veluza|Aqua Cutter|p2a: Gallade\n|-damage|p2a: Gallade|108/240\n|\n|upkeep\n|turn|9\n|inactive|Time left: 300 sec this turn | 300 sec total\n|\n|t:|1783553421\n|move|p2a: Gallade|Sacred Sword|p1a: Veluza\n|-resisted|p1a: Veluza\n|-damage|p1a: Veluza|36/100\n|move|p1a: Veluza|Aqua Cutter|p2a: Gallade\n|-damage|p2a: Gallade|0 fnt\n|faint|p2a: Gallade\n|\n|-sideend|p2: p0y12320a53|move: Aurora Veil\n|upkeep\n|inactive|Time left: 300 sec this turn | 300 sec total | 5 sec grace\n|\n|t:|1783553422\n|switch|p2a: Sneasler|Sneasler, L74, F|240/240\n|-damage|p2a: Sneasler|225/240|[from] Stealth Rock\n|turn|10\n|inactive|Time left: 300 sec this turn | 300 sec total\n|\n|t:|1783553423\n|switch|p1a: Palossand|Palossand, L89, M|100/100\n|move|p2a: Sneasler|Dire Claw|p1a: Palossand\n|-resisted|p1a: Palossand\n|-damage|p1a: Palossand|92/100\n|-status|p1a: Palossand|par\n|\n|-heal|p1a: Palossand|98/100 par|[from] item: Leftovers\n|upkeep\n|turn|11\n|inactive|Time left: 300 sec this turn | 300 sec total\n|\n|t:|1783553425\n|switch|p2a: Sylveon|Sylveon, L85, F|300/300\n|-damage|p2a: Sylveon|263/300|[from] Stealth Rock\n|move|p1a: Palossand|Earth Power|p2a: Sylveon\n|-damage|p2a: Sylveon|185/300\n|\n|-heal|p2a: Sylveon|203/300|[from] item: Leftovers\n|-heal|p1a: Palossand|100/100 par|[from] item: Leftovers\n|upkeep\n|turn|12\n|inactive|Time left: 300 sec this turn | 300 sec total\n|\n|t:|1783553426\n|move|p2a: Sylveon|Calm Mind|p2a: Sylveon\n|-boost|p2a: Sylveon|spa|1\n|-boost|p2a: Sylveon|spd|1\n|move|p1a: Palossand|Earth Power|p2a: Sylveon\n|-damage|p2a: Sylveon|145/300\n|\n|-heal|p2a: Sylveon|163/300|[from] item: Leftovers\n|upkeep\n|turn|13\n|inactive|Time left: 300 sec this turn | 300 sec total\n|\n|t:|1783553427\n|move|p2a: Sylveon|Hyper Voice|p1a: Palossand\n|-damage|p1a: Palossand|31/100 par\n|move|p1a: Palossand|Sludge Bomb|p2a: Sylveon\n|-supereffective|p2a: Sylveon\n|-damage|p2a: Sylveon|87/300\n|\n|-heal|p2a: Sylveon|105/300|[from] item: Leftovers\n|-heal|p1a: Palossand|37/100 par|[from] item: Leftovers\n|upkeep\n|turn|14\n|inactive|Time left: 300 sec this turn | 300 sec total\n|\n|t:|1783553428\n|move|p2a: Sylveon|Hyper Voice|p1a: Palossand\n|-damage|p1a: Palossand|0 fnt\n|faint|p1a: Palossand\n|\n|-heal|p2a: Sylveon|123/300|[from] item: Leftovers\n|upkeep\n|\n|t:|1783553429\n|switch|p1a: Veluza|Veluza, L85, F|36/100\n|turn|15\n|inactive|Time left: 300 sec this turn | 300 sec total\n|\n|t:|1783553430\n|move|p2a: Sylveon|Protect|p2a: Sylveon\n|-singleturn|p2a: Sylveon|Protect\n|move|p1a: Veluza|Aqua Cutter|p2a: Sylveon\n|-activate|p2a: Sylveon|move: Protect\n|\n|-heal|p2a: Sylveon|141/300|[from] item: Leftovers\n|upkeep\n|turn|16\n|inactive|Time left: 300 sec this turn | 300 sec total\n|\n|t:|1783553431\n|switch|p2a: Azumarill|Azumarill, L82, F|298/298\n|-damage|p2a: Azumarill|261/298|[from] Stealth Rock\n|move|p1a: Veluza|Aqua Cutter|p2a: Azumarill\n|-resisted|p2a: Azumarill\n|-damage|p2a: Azumarill|156/298\n|\n|upkeep\n|turn|17\n|inactive|Time left: 300 sec this turn | 300 sec total\n|\n|t:|1783553432\n|move|p1a: Veluza|Aqua Cutter|p2a: Azumarill\n|-resisted|p2a: Azumarill\n|-damage|p2a: Azumarill|54/298\n|move|p2a: Azumarill|Play Rough|p1a: Veluza\n|-damage|p1a: Veluza|0 fnt\n|faint|p1a: Veluza\n|\n|upkeep\n|\n|t:|1783553433\n|switch|p1a: Sandy Shocks|Sandy Shocks, L80|47/100 psn\n|turn|18\n|inactive|Time left: 300 sec this turn | 300 sec total\n|\n|t:|1783553434\n|move|p1a: Sandy Shocks|Thunderbolt|p2a: Azumarill\n|-supereffective|p2a: Azumarill\n|-damage|p2a: Azumarill|0 fnt\n|faint|p2a: Azumarill\n|\n|-damage|p1a: Sandy Shocks|35/100 psn|[from] psn\n|upkeep\n|inactive|Time left: 300 sec this turn | 300 sec total | 5 sec grace\n|\n|t:|1783553435\n|switch|p2a: Sneasler|Sneasler, L74, F|225/240\n|-damage|p2a: Sneasler|210/240|[from] Stealth Rock\n|turn|19\n|inactive|Time left: 300 sec this turn | 300 sec total\n|\n|t:|1783553436\n|-end|p1a: Sandy Shocks|Protosynthesis|[silent]\n|switch|p1a: Weezing|Weezing-Galar, L86, F|100/100\n|move|p2a: Sneasler|Close Combat|p1a: Weezing\n|-resisted|p1a: Weezing\n|-damage|p1a: Weezing|86/100\n|-unboost|p2a: Sneasler|def|1\n|-unboost|p2a: Sneasler|spd|1\n|\n|-heal|p1a: Weezing|92/100|[from] item: Leftovers\n|upkeep\n|turn|20\n|inactive|Time left: 300 sec this turn | 300 sec total\n|\n|t:|1783553437\n|switch|p2a: Armarouge|Armarouge, L80, F|267/267\n|-damage|p2a: Armarouge|201/267|[from] Stealth Rock\n|move|p1a: Weezing|Gunk Shot|p2a: Armarouge|[miss]\n|-miss|p1a: Weezing|p2a: Armarouge\n|\n|-heal|p1a: Weezing|98/100|[from] item: Leftovers\n|upkeep\n|turn|21\n|inactive|Time left: 300 sec this turn | 300 sec total\n|\n|t:|1783553438\n|move|p2a: Armarouge|Armor Cannon|p1a: Weezing\n|-damage|p1a: Weezing|32/100\n|-unboost|p2a: Armarouge|def|1\n|-unboost|p2a: Armarouge|spd|1\n|move|p1a: Weezing|Pain Split|p2a: Armarouge\n|-sethp|p2a: Armarouge|140/267|[from] move: Pain Split|[silent]\n|-sethp|p1a: Weezing|56/100|[from] move: Pain Split\n|\n|-heal|p1a: Weezing|62/100|[from] item: Leftovers\n|upkeep\n|turn|22\n|inactive|Time left: 300 sec this turn | 300 sec total\n|\n|t:|1783553439\n|move|p2a: Armarouge|Armor Cannon|p1a: Weezing\n|-damage|p1a: Weezing|0 fnt\n|-unboost|p2a: Armarouge|def|1\n|-unboost|p2a: Armarouge|spd|1\n|faint|p1a: Weezing\n|\n|upkeep\n|\n|t:|1783553440\n|switch|p1a: Sandy Shocks|Sandy Shocks, L80|35/100 psn\n|turn|23\n|inactive|Time left: 300 sec this turn | 300 sec total\n|\n|t:|1783553441\n|-terastallize|p1a: Sandy Shocks|Grass\n|move|p1a: Sandy Shocks|Earth Power|p2a: Armarouge\n|-supereffective|p2a: Armarouge\n|-damage|p2a: Armarouge|0 fnt\n|faint|p2a: Armarouge\n|\n|-damage|p1a: Sandy Shocks|22/100 psn|[from] psn\n|upkeep\n|inactive|Time left: 300 sec this turn | 300 sec total | 5 sec grace\n|\n|t:|1783553442\n|switch|p2a: Sneasler|Sneasler, L74, F|210/240\n|-damage|p2a: Sneasler|195/240|[from] Stealth Rock\n|turn|24\n|inactive|Time left: 300 sec this turn | 300 sec total\n|\n|t:|1783553443\n|switch|p2a: Sylveon|Sylveon, L85, F|141/300\n|-damage|p2a: Sylveon|104/300|[from] Stealth Rock\n|move|p1a: Sandy Shocks|Earth Power|p2a: Sylveon\n|-damage|p2a: Sylveon|22/300\n|-unboost|p2a: Sylveon|spd|1\n|\n|-heal|p2a: Sylveon|40/300|[from] item: Leftovers\n|-damage|p1a: Sandy Shocks|10/100 psn|[from] psn\n|upkeep\n|turn|25\n|inactive|Time left: 300 sec this turn | 300 sec total\n|\n|t:|1783553444\n|-terastallize|p2a: Sylveon|Steel\n|move|p2a: Sylveon|Protect|p2a: Sylveon\n|-singleturn|p2a: Sylveon|Protect\n|move|p1a: Sandy Shocks|Earth Power|p2a: Sylveon\n|-activate|p2a: Sylveon|move: Protect\n|\n|-heal|p2a: Sylveon|58/300|[from] item: Leftovers\n|-damage|p1a: Sandy Shocks|0 fnt|[from] psn\n|faint|p1a: Sandy Shocks\n|-end|p1a: Sandy Shocks|Protosynthesis|[silent]\n|\n|win|p0y12320a53", "uploadtime": 1783553444, "views": 0, "rating": 0, "private": 0, "password": null, "_winner": "p0y12320a53", "_our_name": "p0y12320a53"}