{"id": "battle-gen9randombattle-2696", "formatid": "gen9randombattle", "format": "[Gen 9] Random Battle", "players": ["p0x2696ad5d", "p0y2696cf13"], "log": "|init|battle\n|title|p0x2696ad5d vs. p0y2696cf13\n|j|\u2606p0x2696ad5d\n|j|\u2606p0y2696cf13\n|t:|1783570094\n|gametype|singles\n|player|p1|p0x2696ad5d|170|\n|player|p2|p0y2696cf13|170|\n|gen|9\n|tier|[Gen 9] Random Battle\n|rule|Species Clause: Limit one of each Pok\u00e9mon\n|rule|HP Percentage Mod: HP is shown in percentages\n|rule|Sleep Clause Mod: Limit one foe put to sleep\n|rule|Illusion Level Mod: Illusion disguises the Pok\u00e9mon's true level\n|\n|t:|1783570094\n|teamsize|p1|6\n|teamsize|p2|6\n|start\n|switch|p1a: Arbok|Arbok, L87, M|246/246\n|switch|p2a: Zapdos|Zapdos-Galar, L77|100/100\n|-ability|p1a: Arbok|Intimidate|boost\n|-unboost|p2a: Zapdos|atk|1\n|-ability|p2a: Zapdos|Defiant|boost\n|-boost|p2a: Zapdos|atk|2\n|turn|1\n|inactive|Battle timer is ON: inactive players will automatically lose when time's up. (requested by p0x2696ad5d)\n|inactive|p0y2696cf13 also wants the timer to be on.\n|\n|t:|1783570096\n|switch|p1a: Dondozo|Dondozo, L78, F|362/362\n|move|p2a: Zapdos|Brave Bird|p1a: Dondozo\n|-damage|p1a: Dondozo|202/362\n|-damage|p2a: Zapdos|80/100|[from] Recoil\n|-damage|p2a: Zapdos|71/100|[from] item: Life Orb\n|\n|-heal|p1a: Dondozo|224/362|[from] item: Leftovers\n|upkeep\n|turn|2\n|inactive|Time left: 300 sec this turn | 300 sec total\n|\n|t:|1783570097\n|move|p2a: Zapdos|Knock Off|p1a: Dondozo\n|-damage|p1a: Dondozo|138/362\n|-enditem|p1a: Dondozo|Leftovers|[from] move: Knock Off|[of] p2a: Zapdos\n|-damage|p2a: Zapdos|61/100|[from] item: Life Orb\n|move|p1a: Dondozo|Wave Crash|p2a: Zapdos\n|-damage|p2a: Zapdos|16/100\n|-damage|p1a: Dondozo|98/362|[from] Recoil\n|\n|upkeep\n|turn|3\n|inactive|Time left: 300 sec this turn | 300 sec total\n|\n|t:|1783570098\n|move|p2a: Zapdos|Close Combat|p1a: Dondozo\n|-damage|p1a: Dondozo|0 fnt\n|-unboost|p2a: Zapdos|def|1\n|-unboost|p2a: Zapdos|spd|1\n|faint|p1a: Dondozo\n|-damage|p2a: Zapdos|6/100|[from] item: Life Orb\n|\n|upkeep\n|inactive|Time left: 300 sec this turn | 300 sec total | 5 sec grace\n|\n|t:|1783570099\n|switch|p1a: Cryogonal|Cryogonal, L89|287/287\n|turn|4\n|inactive|Time left: 300 sec this turn | 300 sec total\n|\n|t:|1783570100\n|switch|p2a: Decidueye|Decidueye, L88, M|100/100\n|move|p1a: Cryogonal|Rapid Spin|p2a: Decidueye\n|-immune|p2a: Decidueye\n|\n|upkeep\n|turn|5\n|inactive|Time left: 300 sec this turn | 300 sec total\n|\n|t:|1783570101\n|move|p1a: Cryogonal|Ice Beam|p2a: Decidueye\n|-supereffective|p2a: Decidueye\n|-damage|p2a: Decidueye|32/100\n|move|p2a: Decidueye|Poltergeist|p1a: Cryogonal\n|-activate|p1a: Cryogonal|move: Poltergeist|Heavy-Duty Boots\n|-damage|p1a: Cryogonal|28/287\n|-damage|p2a: Decidueye|22/100|[from] item: Life Orb\n|\n|upkeep\n|turn|6\n|inactive|Time left: 300 sec this turn | 300 sec total\n|\n|t:|1783570102\n|move|p2a: Decidueye|Shadow Sneak|p1a: Cryogonal\n|-damage|p1a: Cryogonal|0 fnt\n|faint|p1a: Cryogonal\n|-damage|p2a: Decidueye|12/100|[from] item: Life Orb\n|\n|upkeep\n|inactive|Time left: 300 sec this turn | 300 sec total | 5 sec grace\n|\n|t:|1783570103\n|switch|p1a: Gliscor|Gliscor, L76, F|239/239\n|turn|7\n|inactive|Time left: 300 sec this turn | 300 sec total\n|\n|t:|1783570104\n|switch|p2a: Manaphy|Manaphy, L78|100/100\n|move|p1a: Gliscor|Earthquake|p2a: Manaphy\n|-damage|p2a: Manaphy|70/100\n|\n|-heal|p2a: Manaphy|75/100|[from] item: Leftovers\n|-status|p1a: Gliscor|tox|[from] item: Toxic Orb\n|upkeep\n|turn|8\n|inactive|Time left: 300 sec this turn | 300 sec total\n|\n|t:|1783570105\n|switch|p1a: Arbok|Arbok, L87, M|246/246\n|-ability|p1a: Arbok|Intimidate|boost\n|-unboost|p2a: Manaphy|atk|1\n|move|p2a: Manaphy|Tail Glow|p2a: Manaphy\n|-boost|p2a: Manaphy|spa|3\n|\n|-heal|p2a: Manaphy|81/100|[from] item: Leftovers\n|upkeep\n|turn|9\n|inactive|Time left: 300 sec this turn | 300 sec total\n|\n|t:|1783570106\n|move|p2a: Manaphy|Surf|p1a: Arbok\n|-damage|p1a: Arbok|8/246\n|move|p1a: Arbok|Gunk Shot|p2a: Manaphy\n|-damage|p2a: Manaphy|36/100\n|\n|-heal|p2a: Manaphy|42/100|[from] item: Leftovers\n|-heal|p1a: Arbok|23/246|[from] item: Leftovers\n|upkeep\n|turn|10\n|inactive|Time left: 300 sec this turn | 300 sec total\n|\n|t:|1783570107\n|move|p1a: Arbok|Sucker Punch|p2a: Manaphy\n|-damage|p2a: Manaphy|23/100\n|move|p2a: Manaphy|Energy Ball|p1a: Arbok\n|-resisted|p1a: Arbok\n|-damage|p1a: Arbok|0 fnt\n|faint|p1a: Arbok\n|\n|-heal|p2a: Manaphy|29/100|[from] item: Leftovers\n|upkeep\n|inactive|Time left: 300 sec this turn | 300 sec total | 5 sec grace\n|\n|t:|1783570108\n|switch|p1a: Iron Valiant|Iron Valiant, L78|244/244\n|turn|11\n|inactive|Time left: 300 sec this turn | 300 sec total\n|\n|t:|1783570109\n|switch|p2a: Zapdos|Zapdos-Galar, L77|6/100\n|move|p1a: Iron Valiant|Moonblast|p2a: Zapdos\n|-supereffective|p2a: Zapdos\n|-damage|p2a: Zapdos|0 fnt\n|faint|p2a: Zapdos\n|-damage|p1a: Iron Valiant|220/244|[from] item: Life Orb\n|\n|upkeep\n|\n|t:|1783570109\n|switch|p2a: Banette|Banette, L93, F|100/100\n|turn|12\n|inactive|Time left: 300 sec this turn | 300 sec total\n|\n|t:|1783570110\n|move|p1a: Iron Valiant|Knock Off|p2a: Banette\n|-supereffective|p2a: Banette\n|-damage|p2a: Banette|14/100\n|-enditem|p2a: Banette|Life Orb|[from] move: Knock Off|[of] p1a: Iron Valiant\n|-damage|p1a: Iron Valiant|196/244|[from] item: Life Orb\n|move|p2a: Banette|Poltergeist|p1a: Iron Valiant\n|-activate|p1a: Iron Valiant|move: Poltergeist|Life Orb\n|-damage|p1a: Iron Valiant|30/244\n|\n|upkeep\n|turn|13\n|inactive|Time left: 300 sec this turn | 300 sec total\n|\n|t:|1783570111\n|move|p2a: Banette|Shadow Sneak|p1a: Iron Valiant\n|-damage|p1a: Iron Valiant|0 fnt\n|faint|p1a: Iron Valiant\n|-end|p1a: Iron Valiant|Quark Drive|[silent]\n|\n|upkeep\n|inactive|Time left: 300 sec this turn | 300 sec total | 5 sec grace\n|\n|t:|1783570112\n|switch|p1a: Gliscor|Gliscor, L76, F|239/239 tox\n|turn|14\n|inactive|Time left: 300 sec this turn | 300 sec total\n|\n|t:|1783570113\n|move|p1a: Gliscor|Earthquake|p2a: Banette\n|-damage|p2a: Banette|0 fnt\n|faint|p2a: Banette\n|\n|upkeep\n|\n|t:|1783570114\n|switch|p2a: Manaphy|Manaphy, L78|29/100\n|turn|15\n|inactive|Time left: 300 sec this turn | 300 sec total\n|\n|t:|1783570115\n|switch|p1a: Shiftry|Shiftry, L89, F|305/305\n|move|p2a: Manaphy|Ice Beam|p1a: Shiftry\n|-supereffective|p1a: Shiftry\n|-damage|p1a: Shiftry|163/305\n|\n|-heal|p2a: Manaphy|35/100|[from] item: Leftovers\n|upkeep\n|turn|16\n|inactive|Time left: 300 sec this turn | 300 sec total\n|\n|t:|1783570116\n|move|p2a: Manaphy|Ice Beam|p1a: Shiftry\n|-supereffective|p1a: Shiftry\n|-damage|p1a: Shiftry|27/305\n|move|p1a: Shiftry|Knock Off|p2a: Manaphy\n|-damage|p2a: Manaphy|0 fnt\n|-enditem|p2a: Manaphy|Leftovers|[from] move: Knock Off|[of] p1a: Shiftry\n|faint|p2a: Manaphy\n|-damage|p1a: Shiftry|0 fnt|[from] item: Life Orb\n|faint|p1a: Shiftry\n|\n|upkeep\n|inactive|Time left: 300 sec this turn | 300 sec total | 5 sec grace\n|\n|t:|1783570117\n|switch|p2a: Regice|Regice, L88|100/100\n|switch|p1a: Gliscor|Gliscor, L76, F|239/239 tox\n|turn|17\n|inactive|Time left: 300 sec this turn | 300 sec total\n|\n|t:|1783570118\n|move|p1a: Gliscor|Substitute|p1a: Gliscor\n|-start|p1a: Gliscor|Substitute\n|-damage|p1a: Gliscor|180/239 tox\n|move|p2a: Regice|Ice Beam|p1a: Gliscor\n|-supereffective|p1a: Gliscor\n|-end|p1a: Gliscor|Substitute\n|\n|-heal|p1a: Gliscor|209/239 tox|[from] ability: Poison Heal\n|upkeep\n|turn|18\n|inactive|Time left: 300 sec this turn | 300 sec total\n|\n|t:|1783570119\n|move|p1a: Gliscor|Substitute|p1a: Gliscor\n|-start|p1a: Gliscor|Substitute\n|-damage|p1a: Gliscor|150/239 tox\n|move|p2a: Regice|Ice Beam|p1a: Gliscor\n|-supereffective|p1a: Gliscor\n|-end|p1a: Gliscor|Substitute\n|\n|-heal|p1a: Gliscor|179/239 tox|[from] ability: Poison Heal\n|upkeep\n|turn|19\n|inactive|Time left: 300 sec this turn | 300 sec total\n|\n|t:|1783570120\n|move|p1a: Gliscor|Substitute|p1a: Gliscor\n|-start|p1a: Gliscor|Substitute\n|-damage|p1a: Gliscor|120/239 tox\n|move|p2a: Regice|Ice Beam|p1a: Gliscor\n|-supereffective|p1a: Gliscor\n|-end|p1a: Gliscor|Substitute\n|\n|-heal|p1a: Gliscor|149/239 tox|[from] ability: Poison Heal\n|upkeep\n|turn|20\n|inactive|Time left: 300 sec this turn | 300 sec total\n|\n|t:|1783570121\n|move|p1a: Gliscor|Substitute|p1a: Gliscor\n|-start|p1a: Gliscor|Substitute\n|-damage|p1a: Gliscor|90/239 tox\n|move|p2a: Regice|Ice Beam|p1a: Gliscor\n|-supereffective|p1a: Gliscor\n|-end|p1a: Gliscor|Substitute\n|\n|-heal|p1a: Gliscor|119/239 tox|[from] ability: Poison Heal\n|upkeep\n|turn|21\n|inactive|Time left: 300 sec this turn | 300 sec total\n|\n|t:|1783570121\n|move|p1a: Gliscor|Substitute|p1a: Gliscor\n|-start|p1a: Gliscor|Substitute\n|-damage|p1a: Gliscor|60/239 tox\n|move|p2a: Regice|Ice Beam|p1a: Gliscor\n|-supereffective|p1a: Gliscor\n|-end|p1a: Gliscor|Substitute\n|\n|-heal|p1a: Gliscor|89/239 tox|[from] ability: Poison Heal\n|upkeep\n|turn|22\n|inactive|Time left: 300 sec this turn | 300 sec total\n|\n|t:|1783570123\n|move|p1a: Gliscor|Protect|p1a: Gliscor\n|-singleturn|p1a: Gliscor|Protect\n|move|p2a: Regice|Ice Beam|p1a: Gliscor\n|-activate|p1a: Gliscor|move: Protect\n|\n|-heal|p1a: Gliscor|118/239 tox|[from] ability: Poison Heal\n|upkeep\n|turn|23\n|inactive|Time left: 300 sec this turn | 300 sec total\n|\n|t:|1783570124\n|move|p1a: Gliscor|Substitute|p1a: Gliscor\n|-start|p1a: Gliscor|Substitute\n|-damage|p1a: Gliscor|59/239 tox\n|move|p2a: Regice|Ice Beam|p1a: Gliscor\n|-supereffective|p1a: Gliscor\n|-end|p1a: Gliscor|Substitute\n|\n|-heal|p1a: Gliscor|88/239 tox|[from] ability: Poison Heal\n|upkeep\n|turn|24\n|inactive|Time left: 300 sec this turn | 300 sec total\n|\n|t:|1783570124\n|move|p1a: Gliscor|Protect|p1a: Gliscor\n|-singleturn|p1a: Gliscor|Protect\n|move|p2a: Regice|Ice Beam|p1a: Gliscor\n|-activate|p1a: Gliscor|move: Protect\n|\n|-heal|p1a: Gliscor|117/239 tox|[from] ability: Poison Heal\n|upkeep\n|turn|25\n|inactive|Time left: 300 sec this turn | 300 sec total\n|\n|t:|1783570125\n|move|p1a: Gliscor|Substitute|p1a: Gliscor\n|-start|p1a: Gliscor|Substitute\n|-damage|p1a: Gliscor|58/239 tox\n|move|p2a: Regice|Ice Beam|p1a: Gliscor\n|-supereffective|p1a: Gliscor\n|-end|p1a: Gliscor|Substitute\n|\n|-heal|p1a: Gliscor|87/239 tox|[from] ability: Poison Heal\n|upkeep\n|turn|26\n|inactive|Time left: 300 sec this turn | 300 sec total\n|\n|t:|1783570126\n|move|p1a: Gliscor|Protect|p1a: Gliscor\n|-singleturn|p1a: Gliscor|Protect\n|move|p2a: Regice|Ice Beam|p1a: Gliscor\n|-activate|p1a: Gliscor|move: Protect\n|\n|-heal|p1a: Gliscor|116/239 tox|[from] ability: Poison Heal\n|upkeep\n|turn|27\n|inactive|Time left: 300 sec this turn | 300 sec total\n|\n|t:|1783570127\n|move|p1a: Gliscor|Substitute|p1a: Gliscor\n|-start|p1a: Gliscor|Substitute\n|-damage|p1a: Gliscor|57/239 tox\n|move|p2a: Regice|Ice Beam|p1a: Gliscor\n|-supereffective|p1a: Gliscor\n|-end|p1a: Gliscor|Substitute\n|\n|-heal|p1a: Gliscor|86/239 tox|[from] ability: Poison Heal\n|upkeep\n|turn|28\n|inactive|Time left: 300 sec this turn | 300 sec total\n|\n|t:|1783570128\n|move|p1a: Gliscor|Protect|p1a: Gliscor\n|-singleturn|p1a: Gliscor|Protect\n|move|p2a: Regice|Ice Beam|p1a: Gliscor\n|-activate|p1a: Gliscor|move: Protect\n|\n|-heal|p1a: Gliscor|115/239 tox|[from] ability: Poison Heal\n|upkeep\n|turn|29\n|inactive|Time left: 300 sec this turn | 300 sec total\n|\n|t:|1783570129\n|move|p1a: Gliscor|Substitute|p1a: Gliscor\n|-start|p1a: Gliscor|Substitute\n|-damage|p1a: Gliscor|56/239 tox\n|move|p2a: Regice|Ice Beam|p1a: Gliscor\n|-supereffective|p1a: Gliscor\n|-end|p1a: Gliscor|Substitute\n|\n|-heal|p1a: Gliscor|85/239 tox|[from] ability: Poison Heal\n|upkeep\n|turn|30\n|inactive|Time left: 300 sec this turn | 300 sec total\n|\n|t:|1783570130\n|move|p1a: Gliscor|Protect|p1a: Gliscor\n|-singleturn|p1a: Gliscor|Protect\n|move|p2a: Regice|Ice Beam|p1a: Gliscor\n|-activate|p1a: Gliscor|move: Protect\n|\n|-heal|p1a: Gliscor|114/239 tox|[from] ability: Poison Heal\n|upkeep\n|turn|31\n|inactive|Time left: 300 sec this turn | 300 sec total\n|\n|t:|1783570131\n|move|p1a: Gliscor|Substitute|p1a: Gliscor\n|-start|p1a: Gliscor|Substitute\n|-damage|p1a: Gliscor|55/239 tox\n|move|p2a: Regice|Ice Beam|p1a: Gliscor\n|-supereffective|p1a: Gliscor\n|-end|p1a: Gliscor|Substitute\n|\n|-heal|p1a: Gliscor|84/239 tox|[from] ability: Poison Heal\n|upkeep\n|turn|32\n|inactive|Time left: 300 sec this turn | 300 sec total\n|\n|t:|1783570132\n|switch|p2a: Breloom|Breloom, L83, M|100/100\n|move|p1a: Gliscor|Substitute|p1a: Gliscor\n|-start|p1a: Gliscor|Substitute\n|-damage|p1a: Gliscor|25/239 tox\n|\n|-heal|p1a: Gliscor|54/239 tox|[from] ability: Poison Heal\n|upkeep\n|turn|33\n|inactive|Time left: 300 sec this turn | 300 sec total\n|\n|t:|1783570132\n|move|p1a: Gliscor|Protect|p1a: Gliscor\n|-singleturn|p1a: Gliscor|Protect\n|move|p2a: Breloom|Bullet Seed|p1a: Gliscor\n|-activate|p1a: Gliscor|move: Protect\n|\n|-heal|p1a: Gliscor|83/239 tox|[from] ability: Poison Heal\n|upkeep\n|turn|34\n|inactive|Time left: 300 sec this turn | 300 sec total\n|\n|t:|1783570133\n|move|p1a: Gliscor|Protect||[still]\n|-fail|p1a: Gliscor\n|move|p2a: Breloom|Bullet Seed|p1a: Gliscor\n|-activate|p1a: Gliscor|move: Substitute|[damage]\n|-end|p1a: Gliscor|Substitute\n|-hitcount|p1a: Gliscor|2\n|-damage|p2a: Breloom|91/100|[from] item: Life Orb\n|\n|-heal|p1a: Gliscor|112/239 tox|[from] ability: Poison Heal\n|upkeep\n|turn|35\n|inactive|Time left: 300 sec this turn | 300 sec total\n|\n|t:|1783570134\n|-terastallize|p2a: Breloom|Rock\n|move|p1a: Gliscor|Protect|p1a: Gliscor\n|-singleturn|p1a: Gliscor|Protect\n|move|p2a: Breloom|Bullet Seed|p1a: Gliscor\n|-activate|p1a: Gliscor|move: Protect\n|\n|-heal|p1a: Gliscor|141/239 tox|[from] ability: Poison Heal\n|upkeep\n|turn|36\n|inactive|Time left: 300 sec this turn | 300 sec total\n|\n|t:|1783570135\n|move|p1a: Gliscor|Substitute|p1a: Gliscor\n|-start|p1a: Gliscor|Substitute\n|-damage|p1a: Gliscor|82/239 tox\n|move|p2a: Breloom|Bullet Seed|p1a: Gliscor\n|-activate|p1a: Gliscor|move: Substitute|[damage]\n|-end|p1a: Gliscor|Substitute\n|-hitcount|p1a: Gliscor|2\n|-damage|p2a: Breloom|81/100|[from] item: Life Orb\n|\n|-heal|p1a: Gliscor|111/239 tox|[from] ability: Poison Heal\n|upkeep\n|turn|37\n|inactive|Time left: 300 sec this turn | 300 sec total\n|\n|t:|1783570136\n|move|p1a: Gliscor|Protect|p1a: Gliscor\n|-singleturn|p1a: Gliscor|Protect\n|move|p2a: Breloom|Bullet Seed|p1a: Gliscor\n|-activate|p1a: Gliscor|move: Protect\n|\n|-heal|p1a: Gliscor|140/239 tox|[from] ability: Poison Heal\n|upkeep\n|turn|38\n|inactive|Time left: 300 sec this turn | 300 sec total\n|\n|t:|1783570137\n|move|p1a: Gliscor|Substitute|p1a: Gliscor\n|-start|p1a: Gliscor|Substitute\n|-damage|p1a: Gliscor|81/239 tox\n|move|p2a: Breloom|Bullet Seed|p1a: Gliscor\n|-activate|p1a: Gliscor|move: Substitute|[damage]\n|-end|p1a: Gliscor|Substitute\n|-damage|p1a: Gliscor|25/239 tox\n|-hitcount|p1a: Gliscor|3\n|-damage|p2a: Breloom|71/100|[from] item: Life Orb\n|\n|-heal|p1a: Gliscor|54/239 tox|[from] ability: Poison Heal\n|upkeep\n|turn|39\n|inactive|Time left: 300 sec this turn | 300 sec total\n|\n|t:|1783570138\n|move|p1a: Gliscor|Protect|p1a: Gliscor\n|-singleturn|p1a: Gliscor|Protect\n|move|p2a: Breloom|Mach Punch|p1a: Gliscor\n|-activate|p1a: Gliscor|move: Protect\n|\n|-heal|p1a: Gliscor|83/239 tox|[from] ability: Poison Heal\n|upkeep\n|turn|40\n|inactive|Time left: 300 sec this turn | 300 sec total\n|\n|t:|1783570139\n|switch|p2a: Regice|Regice, L88|100/100\n|move|p1a: Gliscor|Earthquake|p2a: Regice\n|-damage|p2a: Regice|73/100\n|\n|-heal|p1a: Gliscor|112/239 tox|[from] ability: Poison Heal\n|upkeep\n|turn|41\n|inactive|Time left: 300 sec this turn | 300 sec total\n|\n|t:|1783570139\n|move|p1a: Gliscor|Substitute|p1a: Gliscor\n|-start|p1a: Gliscor|Substitute\n|-damage|p1a: Gliscor|53/239 tox\n|move|p2a: Regice|Ice Beam|p1a: Gliscor\n|-supereffective|p1a: Gliscor\n|-end|p1a: Gliscor|Substitute\n|\n|-heal|p1a: Gliscor|82/239 tox|[from] ability: Poison Heal\n|upkeep\n|turn|42\n|inactive|Time left: 300 sec this turn | 300 sec total\n|\n|t:|1783570140\n|move|p1a: Gliscor|Earthquake|p2a: Regice\n|-damage|p2a: Regice|44/100\n|move|p2a: Regice|Rest|p2a: Regice\n|-status|p2a: Regice|slp|[from] move: Rest\n|-heal|p2a: Regice|100/100 slp|[silent]\n|\n|-heal|p1a: Gliscor|111/239 tox|[from] ability: Poison Heal\n|upkeep\n|turn|43\n|inactive|Time left: 300 sec this turn | 300 sec total\n|\n|t:|1783570141\n|move|p1a: Gliscor|Substitute|p1a: Gliscor\n|-start|p1a: Gliscor|Substitute\n|-damage|p1a: Gliscor|52/239 tox\n|cant|p2a: Regice|slp\n|move|p2a: Regice|Sleep Talk|p2a: Regice\n|move|p2a: Regice|Thunderbolt|p1a: Gliscor|[from] move: Sleep Talk\n|-immune|p1a: Gliscor\n|\n|-heal|p1a: Gliscor|81/239 tox|[from] ability: Poison Heal\n|upkeep\n|turn|44\n|inactive|Time left: 300 sec this turn | 300 sec total\n|\n|t:|1783570142\n|move|p1a: Gliscor|Earthquake|p2a: Regice\n|-damage|p2a: Regice|74/100 slp\n|cant|p2a: Regice|slp\n|move|p2a: Regice|Sleep Talk|p2a: Regice\n|move|p2a: Regice|Thunderbolt|p1a: Gliscor|[from] move: Sleep Talk\n|-immune|p1a: Gliscor\n|\n|-heal|p1a: Gliscor|110/239 tox|[from] ability: Poison Heal\n|upkeep\n|turn|45\n|inactive|Time left: 300 sec this turn | 300 sec total\n|\n|t:|1783570142\n|move|p1a: Gliscor|Earthquake|p2a: Regice\n|-damage|p2a: Regice|48/100 slp\n|-curestatus|p2a: Regice|slp|[msg]\n|move|p2a: Regice|Rest|p2a: Regice\n|-status|p2a: Regice|slp|[from] move: Rest\n|-heal|p2a: Regice|100/100 slp|[silent]\n|\n|-heal|p1a: Gliscor|139/239 tox|[from] ability: Poison Heal\n|upkeep\n|turn|46\n|inactive|Time left: 300 sec this turn | 300 sec total\n|\n|t:|1783570143\n|move|p1a: Gliscor|Earthquake|p2a: Regice\n|-damage|p2a: Regice|76/100 slp\n|cant|p2a: Regice|slp\n|move|p2a: Regice|Sleep Talk|p2a: Regice\n|move|p2a: Regice|Thunderbolt|p1a: Gliscor|[from] move: Sleep Talk\n|-immune|p1a: Gliscor\n|\n|-heal|p1a: Gliscor|168/239 tox|[from] ability: Poison Heal\n|upkeep\n|turn|47\n|inactive|Time left: 300 sec this turn | 300 sec total\n|\n|t:|1783570144\n|move|p1a: Gliscor|Earthquake|p2a: Regice\n|-damage|p2a: Regice|49/100 slp\n|cant|p2a: Regice|slp\n|move|p2a: Regice|Sleep Talk|p2a: Regice\n|move|p2a: Regice|Rest||[from] move: Sleep Talk|[still]\n|-fail|p2a: Regice\n|\n|-heal|p1a: Gliscor|197/239 tox|[from] ability: Poison Heal\n|upkeep\n|turn|48\n|inactive|Time left: 300 sec this turn | 300 sec total\n|\n|t:|1783570145\n|move|p1a: Gliscor|Earthquake|p2a: Regice\n|-damage|p2a: Regice|23/100 slp\n|-curestatus|p2a: Regice|slp|[msg]\n|move|p2a: Regice|Rest|p2a: Regice\n|-status|p2a: Regice|slp|[from] move: Rest\n|-heal|p2a: Regice|100/100 slp|[silent]\n|\n|-heal|p1a: Gliscor|226/239 tox|[from] ability: Poison Heal\n|upkeep\n|turn|49\n|inactive|Time left: 300 sec this turn | 300 sec total\n|\n|t:|1783570146\n|move|p1a: Gliscor|Earthquake|p2a: Regice\n|-damage|p2a: Regice|73/100 slp\n|cant|p2a: Regice|slp\n|move|p2a: Regice|Sleep Talk|p2a: Regice\n|move|p2a: Regice|Rest||[from] move: Sleep Talk|[still]\n|-fail|p2a: Regice\n|\n|-heal|p1a: Gliscor|239/239 tox|[from] ability: Poison Heal\n|upkeep\n|turn|50\n|inactive|Time left: 300 sec this turn | 300 sec total\n|\n|t:|1783570147\n|move|p1a: Gliscor|Earthquake|p2a: Regice\n|-crit|p2a: Regice\n|-damage|p2a: Regice|31/100 slp\n|cant|p2a: Regice|slp\n|move|p2a: Regice|Sleep Talk|p2a: Regice\n|move|p2a: Regice|Thunderbolt|p1a: Gliscor|[from] move: Sleep Talk\n|-immune|p1a: Gliscor\n|\n|upkeep\n|turn|51\n|inactive|Time left: 300 sec this turn | 300 sec total\n|\n|t:|1783570148\n|move|p1a: Gliscor|Earthquake|p2a: Regice\n|-damage|p2a: Regice|4/100 slp\n|-curestatus|p2a: Regice|slp|[msg]\n|move|p2a: Regice|Rest|p2a: Regice\n|-status|p2a: Regice|slp|[from] move: Rest\n|-heal|p2a: Regice|100/100 slp|[silent]\n|\n|upkeep\n|turn|52\n|inactive|Time left: 300 sec this turn | 300 sec total\n|\n|t:|1783570149\n|move|p1a: Gliscor|Earthquake|p2a: Regice\n|-damage|p2a: Regice|74/100 slp\n|cant|p2a: Regice|slp\n|move|p2a: Regice|Sleep Talk|p2a: Regice\n|move|p2a: Regice|Ice Beam|p1a: Gliscor|[from] move: Sleep Talk\n|-supereffective|p1a: Gliscor\n|-end|p1a: Gliscor|Substitute\n|\n|upkeep\n|turn|53\n|inactive|Time left: 300 sec this turn | 300 sec total\n|\n|t:|1783570149\n|move|p1a: Gliscor|Substitute|p1a: Gliscor\n|-start|p1a: Gliscor|Substitute\n|-damage|p1a: Gliscor|180/239 tox\n|cant|p2a: Regice|slp\n|move|p2a: Regice|Sleep Talk|p2a: Regice\n|move|p2a: Regice|Ice Beam|p1a: Gliscor|[from] move: Sleep Talk\n|-supereffective|p1a: Gliscor\n|-end|p1a: Gliscor|Substitute\n|\n|-heal|p1a: Gliscor|209/239 tox|[from] ability: Poison Heal\n|upkeep\n|turn|54\n|inactive|Time left: 300 sec this turn | 300 sec total\n|\n|t:|1783570150\n|move|p1a: Gliscor|Earthquake|p2a: Regice\n|-damage|p2a: Regice|47/100 slp\n|-curestatus|p2a: Regice|slp|[msg]\n|move|p2a: Regice|Rest|p2a: Regice\n|-status|p2a: Regice|slp|[from] move: Rest\n|-heal|p2a: Regice|100/100 slp|[silent]\n|\n|-heal|p1a: Gliscor|238/239 tox|[from] ability: Poison Heal\n|upkeep\n|turn|55\n|inactive|Time left: 300 sec this turn | 300 sec total\n|\n|t:|1783570151\n|move|p1a: Gliscor|Protect|p1a: Gliscor\n|-singleturn|p1a: Gliscor|Protect\n|cant|p2a: Regice|slp\n|move|p2a: Regice|Sleep Talk|p2a: Regice\n|move|p2a: Regice|Thunderbolt|p1a: Gliscor|[from] move: Sleep Talk\n|-activate|p1a: Gliscor|move: Protect\n|\n|-heal|p1a: Gliscor|239/239 tox|[from] ability: Poison Heal\n|upkeep\n|turn|56\n|inactive|Time left: 300 sec this turn | 300 sec total\n|\n|t:|1783570152\n|move|p1a: Gliscor|Protect||[still]\n|-fail|p1a: Gliscor\n|cant|p2a: Regice|slp\n|move|p2a: Regice|Sleep Talk|p2a: Regice\n|move|p2a: Regice|Thunderbolt|p1a: Gliscor|[from] move: Sleep Talk\n|-immune|p1a: Gliscor\n|\n|upkeep\n|turn|57\n|inactive|Time left: 300 sec this turn | 300 sec total\n|\n|t:|1783570153\n|move|p1a: Gliscor|Earthquake|p2a: Regice\n|-damage|p2a: Regice|76/100 slp\n|-curestatus|p2a: Regice|slp|[msg]\n|move|p2a: Regice|Rest|p2a: Regice\n|-status|p2a: Regice|slp|[from] move: Rest\n|-heal|p2a: Regice|100/100 slp|[silent]\n|\n|upkeep\n|turn|58\n|inactive|Time left: 300 sec this turn | 300 sec total\n|\n|t:|1783570154\n|move|p1a: Gliscor|Protect|p1a: Gliscor\n|-singleturn|p1a: Gliscor|Protect\n|cant|p2a: Regice|slp\n|move|p2a: Regice|Sleep Talk|p2a: Regice\n|move|p2a: Regice|Rest||[from] move: Sleep Talk|[still]\n|-fail|p2a: Regice\n|\n|upkeep\n|turn|59\n|inactive|Time left: 300 sec this turn | 300 sec total\n|\n|t:|1783570155\n|move|p1a: Gliscor|Protect|p1a: Gliscor\n|-singleturn|p1a: Gliscor|Protect\n|cant|p2a: Regice|slp\n|move|p2a: Regice|Sleep Talk|p2a: Regice\n|move|p2a: Regice|Ice Beam|p1a: Gliscor|[from] move: Sleep Talk\n|-activate|p1a: Gliscor|move: Protect\n|\n|upkeep\n|turn|60\n|inactive|Time left: 300 sec this turn | 300 sec total\n|\n|t:|1783570156\n|move|p1a: Gliscor|Toxic|p2a: Regice|[miss]\n|-miss|p1a: Gliscor|p2a: Regice\n|-curestatus|p2a: Regice|slp|[msg]\n|move|p2a: Regice|Rest|p2a: Regice\n|-fail|p2a: Regice|heal\n|\n|upkeep\n|turn|61\n|inactive|Time left: 300 sec this turn | 300 sec total\n|\n|t:|1783570157\n|move|p1a: Gliscor|Toxic|p2a: Regice\n|-status|p2a: Regice|tox\n|move|p2a: Regice|Rest|p2a: Regice\n|-fail|p2a: Regice|heal\n|\n|-damage|p2a: Regice|95/100 tox|[from] psn\n|upkeep\n|turn|62\n|inactive|Time left: 300 sec this turn | 300 sec total\n|\n|t:|1783570158\n|switch|p2a: Decidueye|Decidueye, L88, M|12/100\n|move|p1a: Gliscor|Toxic|p2a: Decidueye\n|-status|p2a: Decidueye|tox\n|\n|-damage|p2a: Decidueye|6/100 tox|[from] psn\n|upkeep\n|turn|63\n|inactive|Time left: 300 sec this turn | 300 sec total\n|\n|t:|1783570159\n|move|p1a: Gliscor|Protect|p1a: Gliscor\n|-singleturn|p1a: Gliscor|Protect\n|move|p2a: Decidueye|Leaf Blade|p1a: Gliscor\n|-activate|p1a: Gliscor|move: Protect\n|\n|-damage|p2a: Decidueye|0 fnt|[from] psn\n|faint|p2a: Decidueye\n|upkeep\n|\n|t:|1783570160\n|switch|p2a: Regice|Regice, L88|95/100 tox\n|turn|64\n|inactive|Time left: 300 sec this turn | 300 sec total\n|\n|t:|1783570161\n|move|p1a: Gliscor|Toxic|p2a: Regice\n|-fail|p2a: Regice|tox\n|move|p2a: Regice|Thunderbolt|p1a: Gliscor\n|-immune|p1a: Gliscor\n|\n|-damage|p2a: Regice|89/100 tox|[from] psn\n|upkeep\n|turn|65\n|inactive|Time left: 300 sec this turn | 300 sec total\n|\n|t:|1783570162\n|move|p1a: Gliscor|Toxic|p2a: Regice\n|-fail|p2a: Regice|tox\n|move|p2a: Regice|Thunderbolt|p1a: Gliscor\n|-immune|p1a: Gliscor\n|\n|-damage|p2a: Regice|77/100 tox|[from] psn\n|upkeep\n|turn|66\n|inactive|Time left: 300 sec this turn | 300 sec total\n|\n|t:|1783570163\n|move|p1a: Gliscor|Toxic|p2a: Regice\n|-fail|p2a: Regice|tox\n|move|p2a: Regice|Thunderbolt|p1a: Gliscor\n|-immune|p1a: Gliscor\n|\n|-damage|p2a: Regice|59/100 tox|[from] psn\n|upkeep\n|turn|67\n|inactive|Time left: 300 sec this turn | 300 sec total\n|\n|t:|1783570164\n|switch|p2a: Breloom|Breloom, L83, M, tera:Rock|71/100\n|move|p1a: Gliscor|Toxic|p2a: Breloom\n|-status|p2a: Breloom|tox\n|\n|-damage|p2a: Breloom|65/100 tox|[from] psn\n|upkeep\n|turn|68\n|inactive|Time left: 300 sec this turn | 300 sec total\n|\n|t:|1783570165\n|switch|p2a: Regice|Regice, L88|59/100 tox\n|move|p1a: Gliscor|Protect||[still]\n|-fail|p1a: Gliscor\n|\n|-damage|p2a: Regice|53/100 tox|[from] psn\n|upkeep\n|turn|69\n|inactive|Time left: 300 sec this turn | 300 sec total\n|\n|t:|1783570166\n|move|p1a: Gliscor|Toxic|p2a: Regice\n|-fail|p2a: Regice|tox\n|move|p2a: Regice|Thunderbolt|p1a: Gliscor\n|-immune|p1a: Gliscor\n|\n|-damage|p2a: Regice|41/100 tox|[from] psn\n|upkeep\n|turn|70\n|inactive|Time left: 300 sec this turn | 300 sec total\n|\n|t:|1783570167\n|switch|p2a: Breloom|Breloom, L83, M, tera:Rock|65/100 tox\n|move|p1a: Gliscor|Toxic|p2a: Breloom\n|-fail|p2a: Breloom|tox\n|\n|-damage|p2a: Breloom|59/100 tox|[from] psn\n|upkeep\n|turn|71\n|inactive|Time left: 300 sec this turn | 300 sec total\n|\n|t:|1783570168\n|switch|p2a: Regice|Regice, L88|41/100 tox\n|move|p1a: Gliscor|Toxic|p2a: Regice\n|-fail|p2a: Regice|tox\n|\n|-damage|p2a: Regice|35/100 tox|[from] psn\n|upkeep\n|turn|72\n|inactive|Time left: 300 sec this turn | 300 sec total\n|\n|t:|1783570169\n|move|p1a: Gliscor|Toxic|p2a: Regice\n|-fail|p2a: Regice|tox\n|move|p2a: Regice|Thunderbolt|p1a: Gliscor\n|-immune|p1a: Gliscor\n|\n|-damage|p2a: Regice|23/100 tox|[from] psn\n|upkeep\n|turn|73\n|inactive|Time left: 300 sec this turn | 300 sec total\n|\n|t:|1783570170\n|switch|p2a: Breloom|Breloom, L83, M, tera:Rock|59/100 tox\n|move|p1a: Gliscor|Toxic|p2a: Breloom|[miss]\n|-miss|p1a: Gliscor|p2a: Breloom\n|\n|-damage|p2a: Breloom|53/100 tox|[from] psn\n|upkeep\n|turn|74\n|inactive|Time left: 300 sec this turn | 300 sec total\n|\n|t:|1783570171\n|switch|p2a: Regice|Regice, L88|23/100 tox\n|move|p1a: Gliscor|Toxic|p2a: Regice\n|-fail|p2a: Regice|tox\n|\n|-damage|p2a: Regice|17/100 tox|[from] psn\n|upkeep\n|turn|75\n|inactive|Time left: 300 sec this turn | 300 sec total\n|\n|t:|1783570171\n|switch|p2a: Breloom|Breloom, L83, M, tera:Rock|53/100 tox\n|move|p1a: Gliscor|Toxic|p2a: Breloom\n|-fail|p2a: Breloom|tox\n|\n|-damage|p2a: Breloom|47/100 tox|[from] psn\n|upkeep\n|turn|76\n|inactive|Time left: 300 sec this turn | 300 sec total\n|\n|t:|1783570172\n|switch|p2a: Regice|Regice, L88|17/100 tox\n|move|p1a: Gliscor|Toxic|p2a: Regice\n|-fail|p2a: Regice|tox\n|\n|-damage|p2a: Regice|11/100 tox|[from] psn\n|upkeep\n|turn|77\n|inactive|Time left: 300 sec this turn | 300 sec total\n|\n|t:|1783570173\n|switch|p2a: Breloom|Breloom, L83, M, tera:Rock|47/100 tox\n|move|p1a: Gliscor|Earthquake|p2a: Breloom\n|-supereffective|p2a: Breloom\n|-damage|p2a: Breloom|0 fnt\n|faint|p2a: Breloom\n|\n|upkeep\n|\n|t:|1783570174\n|switch|p2a: Regice|Regice, L88|11/100 tox\n|turn|78\n|inactive|Time left: 300 sec this turn | 300 sec total\n|\n|t:|1783570175\n|move|p1a: Gliscor|Toxic|p2a: Regice\n|-fail|p2a: Regice|tox\n|move|p2a: Regice|Thunderbolt|p1a: Gliscor\n|-immune|p1a: Gliscor\n|\n|-damage|p2a: Regice|5/100 tox|[from] psn\n|upkeep\n|turn|79\n|inactive|Time left: 300 sec this turn | 300 sec total\n|\n|t:|1783570176\n|-activate|p1a: Gliscor|move: Struggle\n|move|p1a: Gliscor|Struggle|p2a: Regice\n|-damage|p2a: Regice|0 fnt\n|faint|p2a: Regice\n|-damage|p1a: Gliscor|179/239 tox|[from] recoil\n|\n|win|p0x2696ad5d", "uploadtime": 1783570176, "views": 0, "rating": 0, "private": 0, "password": null, "_winner": "p0x2696ad5d", "_our_name": "p0x2696ad5d"}