{"id": "battle-gen9randombattle-50", "formatid": "gen9randombattle", "format": "[Gen 9] Random Battle", "players": ["p0x0501722", "p0y0503960"], "log": "|init|battle\n|title|p0x0501722 vs. p0y0503960\n|j|\u2606p0x0501722\n|j|\u2606p0y0503960\n|t:|1783534359\n|gametype|singles\n|player|p1|p0x0501722|102|\n|player|p2|p0y0503960|170|\n|gen|9\n|tier|[Gen 9] Random Battle\n|rule|Species Clause: Limit one of each Pok\u00e9mon\n|rule|HP Percentage Mod: HP is shown in percentages\n|rule|Sleep Clause Mod: Limit one foe put to sleep\n|rule|Illusion Level Mod: Illusion disguises the Pok\u00e9mon's true level\n|\n|t:|1783534359\n|teamsize|p1|6\n|teamsize|p2|6\n|start\n|switch|p1a: Glimmora|Glimmora, L75, M|100/100\n|switch|p2a: Golem|Golem, L87, F|281/281\n|turn|1\n|inactive|Battle timer is ON: inactive players will automatically lose when time's up. (requested by p0y0503960)\n|inactive|p0x0501722 also wants the timer to be on.\n|\n|t:|1783534360\n|move|p1a: Glimmora|Earth Power|p2a: Golem\n|-supereffective|p2a: Golem\n|-damage|p2a: Golem|129/281\n|move|p2a: Golem|Earthquake|p1a: Glimmora\n|-supereffective|p1a: Glimmora\n|-damage|p1a: Glimmora|0 fnt\n|-activate|p1a: Glimmora|ability: Toxic Debris\n|-sidestart|p2: p0y0503960|move: Toxic Spikes\n|faint|p1a: Glimmora\n|\n|upkeep\n|\n|t:|1783534362\n|switch|p1a: Meowscarada|Meowscarada, L78, F|100/100\n|turn|2\n|inactive|Time left: 300 sec this turn | 300 sec total\n|\n|t:|1783534363\n|switch|p2a: Toxtricity|Toxtricity, L82, M|257/257\n|-sideend|p2: p0y0503960|move: Toxic Spikes|[of] p2a: Toxtricity\n|move|p1a: Meowscarada|Triple Axel|p2a: Toxtricity\n|-start|p1a: Meowscarada|typechange|Ice|[from] ability: Protean\n|-damage|p2a: Toxtricity|221/257\n|-damage|p2a: Toxtricity|145/257\n|-damage|p2a: Toxtricity|24/257\n|-hitcount|p2a: Toxtricity|3\n|\n|upkeep\n|turn|3\n|inactive|Time left: 300 sec this turn | 300 sec total\n|\n|t:|1783534364\n|move|p1a: Meowscarada|Triple Axel|p2a: Toxtricity\n|-damage|p2a: Toxtricity|0 fnt\n|faint|p2a: Toxtricity\n|-hitcount|p2: Toxtricity|1\n|\n|upkeep\n|inactive|Time left: 300 sec this turn | 300 sec total | 5 sec grace\n|\n|t:|1783534365\n|switch|p2a: Dusknoir|Dusknoir, L89, F|225/225\n|-item|p1a: Meowscarada|Choice Band|[from] ability: Frisk|[of] p2a: Dusknoir\n|turn|4\n|inactive|Time left: 300 sec this turn | 300 sec total\n|\n|t:|1783534366\n|move|p1a: Meowscarada|Triple Axel|p2a: Dusknoir|[miss]\n|-miss|p1a: Meowscarada|p2a: Dusknoir\n|move|p2a: Dusknoir|Pain Split|p1a: Meowscarada\n|-sethp|p1a: Meowscarada|96/100|[from] move: Pain Split|[silent]\n|-sethp|p2a: Dusknoir|225/225|[from] move: Pain Split\n|\n|upkeep\n|turn|5\n|inactive|Time left: 300 sec this turn | 300 sec total\n|\n|t:|1783534366\n|move|p1a: Meowscarada|Triple Axel|p2a: Dusknoir\n|-damage|p2a: Dusknoir|206/225\n|-damage|p2a: Dusknoir|164/225\n|-damage|p2a: Dusknoir|100/225\n|-hitcount|p2a: Dusknoir|3\n|move|p2a: Dusknoir|Pain Split|p1a: Meowscarada\n|-sethp|p1a: Meowscarada|69/100|[from] move: Pain Split|[silent]\n|-sethp|p2a: Dusknoir|168/225|[from] move: Pain Split\n|\n|-heal|p2a: Dusknoir|182/225|[from] item: Leftovers\n|upkeep\n|turn|6\n|inactive|Time left: 300 sec this turn | 300 sec total\n|\n|t:|1783534367\n|move|p1a: Meowscarada|Triple Axel|p2a: Dusknoir|[miss]\n|-miss|p1a: Meowscarada|p2a: Dusknoir\n|move|p2a: Dusknoir|Poltergeist|p1a: Meowscarada|[miss]\n|-miss|p2a: Dusknoir|p1a: Meowscarada\n|\n|-heal|p2a: Dusknoir|196/225|[from] item: Leftovers\n|upkeep\n|turn|7\n|inactive|Time left: 300 sec this turn | 300 sec total\n|\n|t:|1783534368\n|move|p1a: Meowscarada|Triple Axel|p2a: Dusknoir\n|-damage|p2a: Dusknoir|174/225\n|-damage|p2a: Dusknoir|129/225\n|-damage|p2a: Dusknoir|60/225\n|-hitcount|p2a: Dusknoir|3\n|move|p2a: Dusknoir|Poltergeist|p1a: Meowscarada\n|-activate|p1a: Meowscarada|move: Poltergeist|Choice Band\n|-damage|p1a: Meowscarada|0 fnt\n|faint|p1a: Meowscarada\n|\n|-heal|p2a: Dusknoir|74/225|[from] item: Leftovers\n|upkeep\n|\n|t:|1783534369\n|switch|p1a: Basculin|Basculin-Blue-Striped, L86, F|100/100\n|turn|8\n|inactive|Time left: 300 sec this turn | 300 sec total\n|\n|t:|1783534370\n|switch|p2a: Leavanny|Leavanny, L86, M|269/269\n|move|p1a: Basculin|Wave Crash|p2a: Leavanny\n|-resisted|p2a: Leavanny\n|-damage|p2a: Leavanny|140/269\n|-damage|p1a: Basculin|84/100|[from] Recoil\n|\n|upkeep\n|turn|9\n|inactive|Time left: 300 sec this turn | 300 sec total\n|\n|t:|1783534371\n|-terastallize|p1a: Basculin|Water\n|move|p1a: Basculin|Wave Crash|p2a: Leavanny\n|-resisted|p2a: Leavanny\n|-damage|p2a: Leavanny|0 fnt\n|faint|p2a: Leavanny\n|-damage|p1a: Basculin|66/100|[from] Recoil\n|\n|upkeep\n|inactive|Time left: 300 sec this turn | 300 sec total | 5 sec grace\n|\n|t:|1783534372\n|switch|p2a: Sneasler|Sneasler, L74, F|240/240\n|turn|10\n|inactive|Time left: 300 sec this turn | 300 sec total\n|\n|t:|1783534373\n|switch|p1a: Seviper|Seviper, L93, M|100/100\n|move|p2a: Sneasler|Close Combat|p1a: Seviper\n|-resisted|p1a: Seviper\n|-damage|p1a: Seviper|76/100\n|-unboost|p2a: Sneasler|def|1\n|-unboost|p2a: Sneasler|spd|1\n|-enditem|p2a: Sneasler|White Herb\n|-clearnegativeboost|p2a: Sneasler|[silent]\n|\n|upkeep\n|turn|11\n|inactive|Time left: 300 sec this turn | 300 sec total\n|\n|t:|1783534374\n|move|p2a: Sneasler|Swords Dance|p2a: Sneasler\n|-boost|p2a: Sneasler|atk|2\n|move|p1a: Seviper|Earthquake|p2a: Sneasler\n|-supereffective|p2a: Sneasler\n|-damage|p2a: Sneasler|0 fnt\n|faint|p2a: Sneasler\n|\n|upkeep\n|inactive|Time left: 300 sec this turn | 300 sec total | 5 sec grace\n|\n|t:|1783534375\n|switch|p2a: Braviary|Braviary, L85, M|309/309\n|turn|12\n|inactive|Time left: 300 sec this turn | 300 sec total\n|\n|t:|1783534377\n|switch|p1a: Iron Crown|Iron Crown, L78|100/100\n|move|p2a: Braviary|Bulk Up|p2a: Braviary\n|-boost|p2a: Braviary|atk|1\n|-boost|p2a: Braviary|def|1\n|\n|upkeep\n|turn|13\n|inactive|Time left: 300 sec this turn | 300 sec total\n|\n|t:|1783534378\n|move|p1a: Iron Crown|Tachyon Cutter|p2a: Braviary\n|-damage|p2a: Braviary|243/309\n|-damage|p2a: Braviary|180/309\n|-hitcount|p2a: Braviary|2\n|move|p2a: Braviary|Roost|p2a: Braviary\n|-heal|p2a: Braviary|309/309\n|-singleturn|p2a: Braviary|move: Roost\n|\n|upkeep\n|turn|14\n|inactive|Time left: 300 sec this turn | 300 sec total\n|\n|t:|1783534379\n|move|p1a: Iron Crown|Tachyon Cutter|p2a: Braviary\n|-damage|p2a: Braviary|248/309\n|-damage|p2a: Braviary|187/309\n|-hitcount|p2a: Braviary|2\n|move|p2a: Braviary|Bulk Up|p2a: Braviary\n|-boost|p2a: Braviary|atk|1\n|-boost|p2a: Braviary|def|1\n|\n|upkeep\n|turn|15\n|inactive|Time left: 300 sec this turn | 300 sec total\n|\n|t:|1783534380\n|-terastallize|p2a: Braviary|Steel\n|move|p1a: Iron Crown|Tachyon Cutter|p2a: Braviary\n|-resisted|p2a: Braviary\n|-damage|p2a: Braviary|154/309\n|-resisted|p2a: Braviary\n|-damage|p2a: Braviary|125/309\n|-hitcount|p2a: Braviary|2\n|move|p2a: Braviary|Roost|p2a: Braviary\n|-heal|p2a: Braviary|280/309\n|\n|upkeep\n|turn|16\n|inactive|Time left: 300 sec this turn | 300 sec total\n|\n|t:|1783534381\n|move|p1a: Iron Crown|Focus Blast|p2a: Braviary\n|-supereffective|p2a: Braviary\n|-damage|p2a: Braviary|86/309\n|-unboost|p2a: Braviary|spd|1\n|-ability|p2a: Braviary|Defiant|boost\n|-boost|p2a: Braviary|atk|2\n|move|p2a: Braviary|Brave Bird|p1a: Iron Crown\n|-resisted|p1a: Iron Crown\n|-damage|p1a: Iron Crown|15/100\n|-damage|p2a: Braviary|10/309|[from] Recoil\n|\n|-heal|p1a: Iron Crown|21/100|[from] item: Leftovers\n|upkeep\n|turn|17\n|inactive|Time left: 300 sec this turn | 300 sec total\n|\n|t:|1783534382\n|move|p1a: Iron Crown|Tachyon Cutter|p2a: Braviary\n|-resisted|p2a: Braviary\n|-damage|p2a: Braviary|0 fnt\n|faint|p2a: Braviary\n|-hitcount|p2: Braviary|1\n|\n|-heal|p1a: Iron Crown|27/100|[from] item: Leftovers\n|upkeep\n|inactive|Time left: 300 sec this turn | 300 sec total | 5 sec grace\n|\n|t:|1783534383\n|switch|p2a: Dusknoir|Dusknoir, L89, F|74/225\n|-item|p1a: Iron Crown|Leftovers|[from] ability: Frisk|[of] p2a: Dusknoir\n|turn|18\n|inactive|Time left: 300 sec this turn | 300 sec total\n|\n|t:|1783534384\n|move|p1a: Iron Crown|Tachyon Cutter|p2a: Dusknoir\n|-damage|p2a: Dusknoir|35/225\n|-damage|p2a: Dusknoir|1/225\n|-hitcount|p2a: Dusknoir|2\n|move|p2a: Dusknoir|Poltergeist|p1a: Iron Crown\n|-activate|p1a: Iron Crown|move: Poltergeist|Leftovers\n|-supereffective|p1a: Iron Crown\n|-damage|p1a: Iron Crown|0 fnt\n|faint|p1a: Iron Crown\n|-end|p1a: Iron Crown|Quark Drive|[silent]\n|\n|-heal|p2a: Dusknoir|15/225|[from] item: Leftovers\n|upkeep\n|\n|t:|1783534385\n|switch|p1a: Basculin|Basculin-Blue-Striped, L86, F, tera:Water|66/100\n|turn|19\n|inactive|Time left: 300 sec this turn | 300 sec total\n|\n|t:|1783534386\n|switch|p2a: Golem|Golem, L87, F|129/281\n|move|p1a: Basculin|Aqua Jet|p2a: Golem\n|-supereffective|p2a: Golem\n|-damage|p2a: Golem|0 fnt\n|faint|p2a: Golem\n|\n|upkeep\n|inactive|Time left: 300 sec this turn | 300 sec total | 5 sec grace\n|\n|t:|1783534387\n|switch|p2a: Dusknoir|Dusknoir, L89, F|15/225\n|-item|p1a: Basculin|Choice Band|[from] ability: Frisk|[of] p2a: Dusknoir\n|turn|20\n|inactive|Time left: 300 sec this turn | 300 sec total\n|\n|t:|1783534387\n|move|p1a: Basculin|Aqua Jet|p2a: Dusknoir\n|-damage|p2a: Dusknoir|0 fnt\n|faint|p2a: Dusknoir\n|\n|win|p0x0501722", "uploadtime": 1783534387, "views": 0, "rating": 0, "private": 0, "password": null, "_winner": "p0x0501722", "_our_name": "p0y0503960"}