{"id": "battle-gen9randombattle-13", "formatid": "gen9randombattle", "format": "[Gen 9] Random Battle", "players": ["p0x013bc57", "p0y013baf6"], "log": "|init|battle\n|title|p0x013bc57 vs. p0y013baf6\n|j|\u2606p0x013bc57\n|j|\u2606p0y013baf6\n|t:|1783533402\n|gametype|singles\n|player|p1|p0x013bc57|1|\n|player|p2|p0y013baf6|101|\n|gen|9\n|tier|[Gen 9] Random Battle\n|rule|Species Clause: Limit one of each Pok\u00e9mon\n|rule|HP Percentage Mod: HP is shown in percentages\n|rule|Sleep Clause Mod: Limit one foe put to sleep\n|rule|Illusion Level Mod: Illusion disguises the Pok\u00e9mon's true level\n|\n|t:|1783533402\n|teamsize|p1|6\n|teamsize|p2|6\n|start\n|switch|p1a: Kyogre|Kyogre, L71|100/100\n|switch|p2a: Altaria|Altaria, L89, F|278/278\n|-weather|RainDance|[from] ability: Drizzle|[of] p1a: Kyogre\n|turn|1\n|inactive|Battle timer is ON: inactive players will automatically lose when time's up. (requested by p0y013baf6)\n|inactive|p0x013bc57 also wants the timer to be on.\n|\n|t:|1783533404\n|switch|p2a: Lumineon|Lumineon, L93, F|279/279\n|move|p1a: Kyogre|Ice Beam|p2a: Lumineon\n|-resisted|p2a: Lumineon\n|-damage|p2a: Lumineon|249/279\n|\n|-weather|RainDance|[upkeep]\n|upkeep\n|turn|2\n|inactive|Time left: 300 sec this turn | 300 sec total\n|\n|t:|1783533405\n|move|p2a: Lumineon|Hydro Pump|p1a: Kyogre\n|-resisted|p1a: Kyogre\n|-damage|p1a: Kyogre|76/100\n|move|p1a: Kyogre|Calm Mind|p1a: Kyogre\n|-boost|p1a: Kyogre|spa|1\n|-boost|p1a: Kyogre|spd|1\n|\n|-weather|RainDance|[upkeep]\n|-heal|p1a: Kyogre|82/100|[from] item: Leftovers\n|upkeep\n|turn|3\n|inactive|Time left: 300 sec this turn | 300 sec total\n|\n|t:|1783533406\n|move|p2a: Lumineon|Encore|p1a: Kyogre\n|-start|p1a: Kyogre|Encore\n|move|p1a: Kyogre|Calm Mind|p1a: Kyogre\n|-boost|p1a: Kyogre|spa|1\n|-boost|p1a: Kyogre|spd|1\n|\n|-weather|RainDance|[upkeep]\n|-heal|p1a: Kyogre|88/100|[from] item: Leftovers\n|upkeep\n|turn|4\n|inactive|Time left: 300 sec this turn | 300 sec total\n|\n|t:|1783533407\n|switch|p2a: Iron Hands|Iron Hands, L79|373/373\n|move|p1a: Kyogre|Calm Mind|p1a: Kyogre\n|-boost|p1a: Kyogre|spa|1\n|-boost|p1a: Kyogre|spd|1\n|\n|-weather|RainDance|[upkeep]\n|-heal|p1a: Kyogre|94/100|[from] item: Leftovers\n|upkeep\n|turn|5\n|inactive|Time left: 300 sec this turn | 300 sec total\n|\n|t:|1783533409\n|switch|p1a: Porygon2|Porygon2, L81|100/100\n|-ability|p1a: Porygon2|Download|boost\n|-boost|p1a: Porygon2|spa|1\n|move|p2a: Iron Hands|Wild Charge|p1a: Porygon2\n|-damage|p1a: Porygon2|73/100\n|-damage|p2a: Iron Hands|354/373|[from] Recoil\n|\n|-weather|none\n|-heal|p2a: Iron Hands|373/373|[from] item: Leftovers\n|upkeep\n|turn|6\n|inactive|Time left: 300 sec this turn | 300 sec total\n|\n|t:|1783533410\n|move|p1a: Porygon2|Tri Attack|p2a: Iron Hands\n|-damage|p2a: Iron Hands|198/373\n|move|p2a: Iron Hands|Swords Dance|p2a: Iron Hands\n|-boost|p2a: Iron Hands|atk|2\n|\n|-heal|p2a: Iron Hands|221/373|[from] item: Leftovers\n|upkeep\n|turn|7\n|inactive|Time left: 300 sec this turn | 300 sec total\n|\n|t:|1783533411\n|-terastallize|p1a: Porygon2|Ghost\n|move|p1a: Porygon2|Tri Attack|p2a: Iron Hands\n|-damage|p2a: Iron Hands|61/373\n|move|p2a: Iron Hands|Drain Punch|p1a: Porygon2\n|-immune|p1a: Porygon2\n|\n|-heal|p2a: Iron Hands|84/373|[from] item: Leftovers\n|upkeep\n|turn|8\n|inactive|Time left: 300 sec this turn | 300 sec total\n|\n|t:|1783533412\n|move|p1a: Porygon2|Ice Beam|p2a: Iron Hands\n|-damage|p2a: Iron Hands|0 fnt\n|faint|p2a: Iron Hands\n|-end|p2a: Iron Hands|Quark Drive|[silent]\n|\n|upkeep\n|inactive|Time left: 300 sec this turn | 300 sec total | 5 sec grace\n|\n|t:|1783533413\n|switch|p2a: Arceus|Arceus-Rock, L74|300/300\n|turn|9\n|inactive|Time left: 300 sec this turn | 300 sec total\n|\n|t:|1783533414\n|move|p2a: Arceus|Dragon Dance|p2a: Arceus\n|-boost|p2a: Arceus|atk|1\n|-boost|p2a: Arceus|spe|1\n|move|p1a: Porygon2|Ice Beam|p2a: Arceus\n|-damage|p2a: Arceus|210/300\n|-status|p2a: Arceus|frz\n|\n|upkeep\n|turn|10\n|inactive|Time left: 300 sec this turn | 300 sec total\n|\n|t:|1783533415\n|cant|p2a: Arceus|frz\n|move|p1a: Porygon2|Ice Beam|p2a: Arceus\n|-damage|p2a: Arceus|126/300 frz\n|\n|upkeep\n|turn|11\n|inactive|Time left: 300 sec this turn | 300 sec total\n|\n|t:|1783533416\n|cant|p2a: Arceus|frz\n|move|p1a: Porygon2|Ice Beam|p2a: Arceus\n|-damage|p2a: Arceus|39/300 frz\n|\n|upkeep\n|turn|12\n|inactive|Time left: 300 sec this turn | 300 sec total\n|\n|t:|1783533417\n|-curestatus|p2a: Arceus|frz|[msg]\n|move|p2a: Arceus|Recover|p2a: Arceus\n|-heal|p2a: Arceus|189/300\n|move|p1a: Porygon2|Tri Attack|p2a: Arceus\n|-resisted|p2a: Arceus\n|-damage|p2a: Arceus|128/300\n|\n|upkeep\n|turn|13\n|inactive|Time left: 300 sec this turn | 300 sec total\n|\n|t:|1783533418\n|move|p2a: Arceus|Recover|p2a: Arceus\n|-heal|p2a: Arceus|278/300\n|move|p1a: Porygon2|Ice Beam|p2a: Arceus\n|-damage|p2a: Arceus|196/300\n|\n|upkeep\n|turn|14\n|inactive|Time left: 300 sec this turn | 300 sec total\n|\n|t:|1783533419\n|move|p2a: Arceus|Stone Edge|p1a: Porygon2\n|-damage|p1a: Porygon2|29/100\n|move|p1a: Porygon2|Ice Beam|p2a: Arceus\n|-damage|p2a: Arceus|113/300\n|-status|p2a: Arceus|frz\n|\n|upkeep\n|turn|15\n|inactive|Time left: 300 sec this turn | 300 sec total\n|\n|t:|1783533420\n|-curestatus|p2a: Arceus|frz|[msg]\n|move|p2a: Arceus|Stone Edge|p1a: Porygon2\n|-crit|p1a: Porygon2\n|-damage|p1a: Porygon2|0 fnt\n|faint|p1a: Porygon2\n|\n|upkeep\n|\n|t:|1783533421\n|switch|p1a: Kyogre|Kyogre, L71|94/100\n|-weather|RainDance|[from] ability: Drizzle|[of] p1a: Kyogre\n|turn|16\n|inactive|Time left: 300 sec this turn | 300 sec total\n|\n|t:|1783533422\n|move|p2a: Arceus|Stone Edge|p1a: Kyogre\n|-damage|p1a: Kyogre|17/100\n|move|p1a: Kyogre|Origin Pulse|p2a: Arceus\n|-supereffective|p2a: Arceus\n|-damage|p2a: Arceus|0 fnt\n|faint|p2a: Arceus\n|\n|-weather|RainDance|[upkeep]\n|-heal|p1a: Kyogre|24/100|[from] item: Leftovers\n|upkeep\n|inactive|Time left: 300 sec this turn | 300 sec total | 5 sec grace\n|\n|t:|1783533423\n|switch|p2a: Thundurus|Thundurus, L80, M|258/258\n|turn|17\n|inactive|Time left: 300 sec this turn | 300 sec total\n|\n|t:|1783533424\n|switch|p1a: Thundurus|Thundurus-Therian, L80, M|100/100\n|move|p2a: Thundurus|Thunderbolt|p1a: Thundurus\n|-immune|p1a: Thundurus|[from] ability: Volt Absorb\n|\n|-weather|RainDance|[upkeep]\n|upkeep\n|turn|18\n|inactive|Time left: 300 sec this turn | 300 sec total\n|\n|t:|1783533426\n|move|p2a: Thundurus|Thunderbolt|p1a: Thundurus\n|-immune|p1a: Thundurus|[from] ability: Volt Absorb\n|move|p1a: Thundurus|Thunderbolt|p2a: Thundurus\n|-damage|p2a: Thundurus|44/258\n|\n|-weather|RainDance|[upkeep]\n|upkeep\n|turn|19\n|inactive|Time left: 300 sec this turn | 300 sec total\n|\n|t:|1783533427\n|switch|p2a: Glalie|Glalie, L96, F|309/309\n|move|p1a: Thundurus|Thunderbolt|p2a: Glalie\n|-damage|p2a: Glalie|138/309\n|\n|-weather|RainDance|[upkeep]\n|upkeep\n|turn|20\n|inactive|Time left: 300 sec this turn | 300 sec total\n|\n|t:|1783533429\n|move|p1a: Thundurus|Thunderbolt|p2a: Glalie\n|-damage|p2a: Glalie|0 fnt\n|faint|p2a: Glalie\n|\n|-weather|none\n|upkeep\n|inactive|Time left: 300 sec this turn | 300 sec total | 5 sec grace\n|\n|t:|1783533430\n|switch|p2a: Lumineon|Lumineon, L93, F|249/279\n|turn|21\n|inactive|Time left: 300 sec this turn | 300 sec total\n|\n|t:|1783533431\n|move|p2a: Lumineon|Ice Beam|p1a: Thundurus\n|-supereffective|p1a: Thundurus\n|-damage|p1a: Thundurus|46/100\n|move|p1a: Thundurus|Thunderbolt|p2a: Lumineon\n|-supereffective|p2a: Lumineon\n|-damage|p2a: Lumineon|0 fnt\n|faint|p2a: Lumineon\n|\n|upkeep\n|inactive|Time left: 300 sec this turn | 300 sec total | 5 sec grace\n|\n|t:|1783533432\n|switch|p2a: Altaria|Altaria, L89, F|278/278\n|turn|22\n|inactive|Time left: 300 sec this turn | 300 sec total\n|\n|t:|1783533433\n|move|p1a: Thundurus|Thunderbolt|p2a: Altaria\n|-damage|p2a: Altaria|131/278\n|move|p2a: Altaria|Brave Bird|p1a: Thundurus\n|-resisted|p1a: Thundurus\n|-damage|p1a: Thundurus|19/100\n|-damage|p2a: Altaria|108/278|[from] Recoil\n|\n|upkeep\n|turn|23\n|inactive|Time left: 300 sec this turn | 300 sec total\n|\n|t:|1783533434\n|move|p1a: Thundurus|Thunderbolt|p2a: Altaria\n|-damage|p2a: Altaria|0 fnt\n|faint|p2a: Altaria\n|\n|upkeep\n|inactive|Time left: 300 sec this turn | 300 sec total | 5 sec grace\n|\n|t:|1783533435\n|switch|p2a: Thundurus|Thundurus, L80, M|44/258\n|turn|24\n|inactive|Time left: 300 sec this turn | 300 sec total\n|\n|t:|1783533435\n|move|p2a: Thundurus|Grass Knot|p1a: Thundurus\n|-resisted|p1a: Thundurus\n|-damage|p1a: Thundurus|0 fnt\n|faint|p1a: Thundurus\n|\n|upkeep\n|\n|t:|1783533437\n|switch|p1a: Eternatus|Eternatus, L69|100/100\n|-ability|p1a: Eternatus|Pressure\n|turn|25\n|inactive|Time left: 300 sec this turn | 300 sec total\n|\n|t:|1783533438\n|move|p2a: Thundurus|Grass Knot|p1a: Eternatus\n|-resisted|p1a: Eternatus\n|-damage|p1a: Eternatus|88/100\n|move|p1a: Eternatus|Flamethrower|p2a: Thundurus\n|-damage|p2a: Thundurus|0 fnt\n|faint|p2a: Thundurus\n|\n|win|p0x013bc57", "uploadtime": 1783533438, "views": 0, "rating": 0, "private": 0, "password": null, "_winner": "p0x013bc57", "_our_name": "p0y013baf6"}