{"id": "battle-gen9randombattle-2406", "formatid": "gen9randombattle", "format": "[Gen 9] Random Battle", "players": ["p0x2406784b", "p0y24062f58"], "log": "|init|battle\n|title|p0x2406784b vs. p0y24062f58\n|j|\u2606p0x2406784b\n|j|\u2606p0y24062f58\n|t:|1783567919\n|gametype|singles\n|player|p1|p0x2406784b|265|\n|player|p2|p0y24062f58|102|\n|gen|9\n|tier|[Gen 9] Random Battle\n|rule|Species Clause: Limit one of each Pok\u00e9mon\n|rule|HP Percentage Mod: HP is shown in percentages\n|rule|Sleep Clause Mod: Limit one foe put to sleep\n|rule|Illusion Level Mod: Illusion disguises the Pok\u00e9mon's true level\n|\n|t:|1783567919\n|teamsize|p1|6\n|teamsize|p2|6\n|start\n|switch|p1a: Kommo-o|Kommo-o, L77, F|242/242\n|switch|p2a: Slowking|Slowking, L88, F|100/100\n|turn|1\n|inactive|Battle timer is ON: inactive players will automatically lose when time's up. (requested by p0x2406784b)\n|inactive|p0y24062f58 also wants the timer to be on.\n|\n|t:|1783567920\n|move|p1a: Kommo-o|Clangorous Soul|p1a: Kommo-o\n|-boost|p1a: Kommo-o|atk|1\n|-boost|p1a: Kommo-o|def|1\n|-boost|p1a: Kommo-o|spa|1\n|-boost|p1a: Kommo-o|spd|1\n|-boost|p1a: Kommo-o|spe|1\n|-damage|p1a: Kommo-o|163/242\n|-enditem|p1a: Kommo-o|Throat Spray\n|-boost|p1a: Kommo-o|spa|1|[from] item: Throat Spray\n|move|p2a: Slowking|Scald|p1a: Kommo-o\n|-resisted|p1a: Kommo-o\n|-damage|p1a: Kommo-o|133/242\n|\n|upkeep\n|turn|2\n|inactive|Time left: 300 sec this turn | 300 sec total\n|\n|t:|1783567922\n|move|p1a: Kommo-o|Clangorous Soul|p1a: Kommo-o\n|-boost|p1a: Kommo-o|atk|1\n|-boost|p1a: Kommo-o|def|1\n|-boost|p1a: Kommo-o|spa|1\n|-boost|p1a: Kommo-o|spd|1\n|-boost|p1a: Kommo-o|spe|1\n|-damage|p1a: Kommo-o|54/242\n|move|p2a: Slowking|Scald|p1a: Kommo-o\n|-resisted|p1a: Kommo-o\n|-damage|p1a: Kommo-o|29/242\n|\n|upkeep\n|turn|3\n|inactive|Time left: 300 sec this turn | 300 sec total\n|\n|t:|1783567922\n|move|p1a: Kommo-o|Drain Punch|p2a: Slowking\n|-resisted|p2a: Slowking\n|-damage|p2a: Slowking|77/100\n|-heal|p1a: Kommo-o|66/242|[from] drain|[of] p2a: Slowking\n|move|p2a: Slowking|Scald|p1a: Kommo-o\n|-resisted|p1a: Kommo-o\n|-damage|p1a: Kommo-o|43/242\n|\n|upkeep\n|turn|4\n|inactive|Time left: 300 sec this turn | 300 sec total\n|\n|t:|1783567924\n|move|p1a: Kommo-o|Drain Punch|p2a: Slowking\n|-resisted|p2a: Slowking\n|-damage|p2a: Slowking|50/100\n|-heal|p1a: Kommo-o|84/242|[from] drain|[of] p2a: Slowking\n|move|p2a: Slowking|Slack Off|p2a: Slowking\n|-heal|p2a: Slowking|100/100\n|\n|upkeep\n|turn|5\n|inactive|Time left: 300 sec this turn | 300 sec total\n|\n|t:|1783567925\n|move|p1a: Kommo-o|Drain Punch|p2a: Slowking\n|-resisted|p2a: Slowking\n|-damage|p2a: Slowking|75/100\n|-heal|p1a: Kommo-o|123/242|[from] drain|[of] p2a: Slowking\n|move|p2a: Slowking|Scald|p1a: Kommo-o\n|-resisted|p1a: Kommo-o\n|-damage|p1a: Kommo-o|100/242\n|\n|upkeep\n|turn|6\n|inactive|Time left: 300 sec this turn | 300 sec total\n|\n|t:|1783567926\n|move|p1a: Kommo-o|Drain Punch|p2a: Slowking\n|-resisted|p2a: Slowking\n|-damage|p2a: Slowking|52/100\n|-heal|p1a: Kommo-o|136/242|[from] drain|[of] p2a: Slowking\n|move|p2a: Slowking|Slack Off|p2a: Slowking\n|-heal|p2a: Slowking|100/100\n|\n|upkeep\n|turn|7\n|inactive|Time left: 300 sec this turn | 300 sec total\n|\n|t:|1783567927\n|move|p1a: Kommo-o|Drain Punch|p2a: Slowking\n|-resisted|p2a: Slowking\n|-damage|p2a: Slowking|75/100\n|-heal|p1a: Kommo-o|175/242|[from] drain|[of] p2a: Slowking\n|move|p2a: Slowking|Scald|p1a: Kommo-o\n|-resisted|p1a: Kommo-o\n|-damage|p1a: Kommo-o|152/242\n|\n|upkeep\n|turn|8\n|inactive|Time left: 300 sec this turn | 300 sec total\n|\n|t:|1783567927\n|move|p1a: Kommo-o|Drain Punch|p2a: Slowking\n|-resisted|p2a: Slowking\n|-damage|p2a: Slowking|51/100\n|-heal|p1a: Kommo-o|190/242|[from] drain|[of] p2a: Slowking\n|-prepare|p2a: Slowking|Chilly Reception|[premajor]\n|move|p2a: Slowking|Chilly Reception|p2a: Slowking\n|-weather|Snowscape\n|\n|t:|1783567928\n|switch|p2a: Klefki|Klefki, L84, M|100/100|[from] Chilly Reception\n|\n|-weather|Snowscape|[upkeep]\n|upkeep\n|turn|9\n|inactive|Time left: 300 sec this turn | 300 sec total\n|\n|t:|1783567930\n|move|p2a: Klefki|Thunder Wave|p1a: Kommo-o\n|-status|p1a: Kommo-o|par\n|move|p1a: Kommo-o|Drain Punch|p2a: Klefki\n|-damage|p2a: Klefki|40/100\n|-heal|p1a: Kommo-o|242/242 par|[from] drain|[of] p2a: Klefki\n|\n|-weather|Snowscape|[upkeep]\n|-heal|p2a: Klefki|46/100|[from] item: Leftovers\n|upkeep\n|turn|10\n|inactive|Time left: 300 sec this turn | 300 sec total\n|\n|t:|1783567931\n|move|p2a: Klefki|Spikes|p1a: Kommo-o\n|-sidestart|p1: p0x2406784b|Spikes\n|move|p1a: Kommo-o|Drain Punch|p2a: Klefki\n|-damage|p2a: Klefki|0 fnt\n|faint|p2a: Klefki\n|\n|-weather|Snowscape|[upkeep]\n|upkeep\n|\n|t:|1783567931\n|switch|p2a: Slowking|Slowking, L88, F|84/100\n|turn|11\n|inactive|Time left: 300 sec this turn | 300 sec total\n|\n|t:|1783567932\n|move|p1a: Kommo-o|Clanging Scales|p2a: Slowking\n|-damage|p2a: Slowking|15/100\n|-unboost|p1a: Kommo-o|def|1\n|move|p2a: Slowking|Slack Off|p2a: Slowking\n|-heal|p2a: Slowking|65/100\n|\n|-weather|Snowscape|[upkeep]\n|upkeep\n|turn|12\n|inactive|Time left: 300 sec this turn | 300 sec total\n|\n|t:|1783567933\n|switch|p2a: Dugtrio|Dugtrio-Alola, L84, M|100/100\n|cant|p1a: Kommo-o|par\n|\n|-weather|none\n|upkeep\n|turn|13\n|inactive|Time left: 300 sec this turn | 300 sec total\n|\n|t:|1783567934\n|move|p2a: Dugtrio|Stealth Rock|p1a: Kommo-o\n|-sidestart|p1: p0x2406784b|move: Stealth Rock\n|move|p1a: Kommo-o|Drain Punch|p2a: Dugtrio\n|-supereffective|p2a: Dugtrio\n|-damage|p2a: Dugtrio|0 fnt\n|-ability|p2a: Dugtrio|Tangling Hair\n|-unboost|p1a: Kommo-o|spe|1\n|faint|p2a: Dugtrio\n|\n|upkeep\n|\n|t:|1783567935\n|switch|p2a: Hitmonlee|Hitmonlee, L85, M|100/100\n|turn|14\n|inactive|Time left: 300 sec this turn | 300 sec total\n|\n|t:|1783567936\n|move|p2a: Hitmonlee|Swords Dance|p2a: Hitmonlee\n|-boost|p2a: Hitmonlee|atk|2\n|cant|p1a: Kommo-o|par\n|\n|upkeep\n|turn|15\n|inactive|Time left: 300 sec this turn | 300 sec total\n|\n|t:|1783567937\n|move|p2a: Hitmonlee|Close Combat|p1a: Kommo-o\n|-damage|p1a: Kommo-o|68/242 par\n|-unboost|p2a: Hitmonlee|def|1\n|-unboost|p2a: Hitmonlee|spd|1\n|-enditem|p2a: Hitmonlee|White Herb\n|-clearnegativeboost|p2a: Hitmonlee|[silent]\n|move|p1a: Kommo-o|Drain Punch|p2a: Hitmonlee\n|-crit|p2a: Hitmonlee\n|-damage|p2a: Hitmonlee|0 fnt\n|-heal|p1a: Kommo-o|180/242 par|[from] drain|[of] p2a: Hitmonlee\n|faint|p2a: Hitmonlee\n|\n|upkeep\n|\n|t:|1783567938\n|switch|p2a: Bellibolt|Bellibolt, L84, M|100/100\n|turn|16\n|inactive|Time left: 300 sec this turn | 300 sec total\n|\n|t:|1783567939\n|cant|p1a: Kommo-o|par\n|move|p2a: Bellibolt|Thunderbolt|p1a: Kommo-o\n|-resisted|p1a: Kommo-o\n|-damage|p1a: Kommo-o|156/242 par\n|\n|upkeep\n|turn|17\n|inactive|Time left: 300 sec this turn | 300 sec total\n|\n|t:|1783567940\n|switch|p2a: Slowking|Slowking, L88, F|99/100\n|move|p1a: Kommo-o|Drain Punch|p2a: Slowking\n|-resisted|p2a: Slowking\n|-damage|p2a: Slowking|76/100\n|-heal|p1a: Kommo-o|192/242 par|[from] drain|[of] p2a: Slowking\n|\n|upkeep\n|turn|18\n|inactive|Time left: 300 sec this turn | 300 sec total\n|\n|t:|1783567941\n|cant|p1a: Kommo-o|par\n|move|p2a: Slowking|Slack Off|p2a: Slowking\n|-heal|p2a: Slowking|100/100\n|\n|upkeep\n|turn|19\n|inactive|Time left: 300 sec this turn | 300 sec total\n|\n|t:|1783567942\n|move|p1a: Kommo-o|Clangorous Soul|p1a: Kommo-o\n|-boost|p1a: Kommo-o|atk|1\n|-boost|p1a: Kommo-o|def|1\n|-boost|p1a: Kommo-o|spa|1\n|-boost|p1a: Kommo-o|spd|1\n|-boost|p1a: Kommo-o|spe|1\n|-damage|p1a: Kommo-o|113/242 par\n|move|p2a: Slowking|Slack Off||[still]\n|-fail|p2a: Slowking|heal\n|\n|upkeep\n|turn|20\n|inactive|Time left: 300 sec this turn | 300 sec total\n|\n|t:|1783567943\n|cant|p1a: Kommo-o|par\n|move|p2a: Slowking|Slack Off||[still]\n|-fail|p2a: Slowking|heal\n|\n|upkeep\n|turn|21\n|inactive|Time left: 300 sec this turn | 300 sec total\n|\n|t:|1783567944\n|cant|p1a: Kommo-o|par\n|-prepare|p2a: Slowking|Chilly Reception|[premajor]\n|move|p2a: Slowking|Chilly Reception|p2a: Slowking\n|-weather|Snowscape\n|\n|t:|1783567945\n|switch|p2a: Bellibolt|Bellibolt, L84, M|100/100|[from] Chilly Reception\n|\n|-weather|Snowscape|[upkeep]\n|upkeep\n|turn|22\n|inactive|Time left: 300 sec this turn | 300 sec total\n|\n|t:|1783567946\n|move|p1a: Kommo-o|Drain Punch|p2a: Bellibolt\n|-damage|p2a: Bellibolt|45/100\n|-heal|p1a: Kommo-o|202/242 par|[from] drain|[of] p2a: Bellibolt\n|-start|p2a: Bellibolt|Charge|Drain Punch|[from] ability: Electromorphosis\n|move|p2a: Bellibolt|Slack Off|p2a: Bellibolt\n|-heal|p2a: Bellibolt|95/100\n|\n|-weather|Snowscape|[upkeep]\n|-heal|p2a: Bellibolt|100/100|[from] item: Leftovers\n|upkeep\n|turn|23\n|inactive|Time left: 300 sec this turn | 300 sec total\n|\n|t:|1783567947\n|move|p1a: Kommo-o|Clanging Scales|p2a: Bellibolt\n|-damage|p2a: Bellibolt|2/100\n|-start|p2a: Bellibolt|Charge|Clanging Scales|[from] ability: Electromorphosis\n|-unboost|p1a: Kommo-o|def|1\n|move|p2a: Bellibolt|Slack Off|p2a: Bellibolt\n|-heal|p2a: Bellibolt|52/100\n|\n|-weather|Snowscape|[upkeep]\n|-heal|p2a: Bellibolt|58/100|[from] item: Leftovers\n|upkeep\n|turn|24\n|inactive|Time left: 300 sec this turn | 300 sec total\n|\n|t:|1783567948\n|move|p1a: Kommo-o|Clanging Scales|p2a: Bellibolt\n|-damage|p2a: Bellibolt|0 fnt\n|faint|p2a: Bellibolt\n|-unboost|p1a: Kommo-o|def|1\n|\n|-weather|Snowscape|[upkeep]\n|upkeep\n|\n|t:|1783567949\n|switch|p2a: Slowking|Slowking, L88, F|100/100\n|turn|25\n|inactive|Time left: 300 sec this turn | 300 sec total\n|\n|t:|1783567951\n|cant|p1a: Kommo-o|par\n|-prepare|p2a: Slowking|Chilly Reception|[premajor]\n|move|p2a: Slowking|Chilly Reception|p2a: Slowking\n|\n|t:|1783567952\n|switch|p2a: Cacturne|Cacturne, L92, F|100/100|[from] Chilly Reception\n|\n|-weather|none\n|upkeep\n|turn|26\n|inactive|Time left: 300 sec this turn | 300 sec total\n|\n|t:|1783567953\n|switch|p2a: Slowking|Slowking, L88, F|100/100\n|move|p1a: Kommo-o|Clanging Scales|p2a: Slowking\n|-damage|p2a: Slowking|16/100\n|-unboost|p1a: Kommo-o|def|1\n|\n|upkeep\n|turn|27\n|inactive|Time left: 300 sec this turn | 300 sec total\n|\n|t:|1783567954\n|move|p1a: Kommo-o|Drain Punch|p2a: Slowking\n|-resisted|p2a: Slowking\n|-damage|p2a: Slowking|0 fnt\n|-heal|p1a: Kommo-o|227/242 par|[from] drain|[of] p2a: Slowking\n|faint|p2a: Slowking\n|\n|upkeep\n|\n|t:|1783567955\n|switch|p2a: Cacturne|Cacturne, L92, F|100/100\n|turn|28\n|inactive|Time left: 300 sec this turn | 300 sec total\n|\n|t:|1783567956\n|cant|p1a: Kommo-o|par\n|move|p2a: Cacturne|Swords Dance|p2a: Cacturne\n|-boost|p2a: Cacturne|atk|2\n|\n|upkeep\n|turn|29\n|inactive|Time left: 300 sec this turn | 300 sec total\n|\n|t:|1783567957\n|move|p2a: Cacturne|Sucker Punch|p1a: Kommo-o\n|-resisted|p1a: Kommo-o\n|-damage|p1a: Kommo-o|72/242 par\n|-damage|p2a: Cacturne|91/100|[from] item: Life Orb\n|cant|p1a: Kommo-o|par\n|\n|upkeep\n|turn|30\n|inactive|Time left: 300 sec this turn | 300 sec total\n|\n|t:|1783567958\n|move|p2a: Cacturne|Sucker Punch|p1a: Kommo-o\n|-resisted|p1a: Kommo-o\n|-damage|p1a: Kommo-o|0 fnt\n|faint|p1a: Kommo-o\n|-damage|p2a: Cacturne|81/100|[from] item: Life Orb\n|\n|upkeep\n|inactive|Time left: 300 sec this turn | 300 sec total | 5 sec grace\n|\n|t:|1783567959\n|switch|p1a: Glalie|Glalie, L96, F|309/309\n|turn|31\n|inactive|Time left: 300 sec this turn | 300 sec total\n|\n|t:|1783567960\n|-terastallize|p2a: Cacturne|Poison\n|move|p1a: Glalie|Freeze-Dry|p2a: Cacturne\n|-damage|p2a: Cacturne|47/100\n|move|p2a: Cacturne|Swords Dance|p2a: Cacturne\n|-boost|p2a: Cacturne|atk|2\n|\n|upkeep\n|turn|32\n|inactive|Time left: 300 sec this turn | 300 sec total\n|\n|t:|1783567961\n|-terastallize|p1a: Glalie|Water\n|move|p2a: Cacturne|Sucker Punch|p1a: Glalie\n|-damage|p1a: Glalie|0 fnt\n|faint|p1a: Glalie\n|-damage|p2a: Cacturne|38/100|[from] item: Life Orb\n|\n|upkeep\n|inactive|Time left: 300 sec this turn | 300 sec total | 5 sec grace\n|\n|t:|1783567962\n|switch|p1a: Munkidori|Munkidori, L79, M|269/269\n|-damage|p1a: Munkidori|236/269|[from] Spikes\n|-damage|p1a: Munkidori|203/269|[from] Stealth Rock\n|turn|33\n|inactive|Time left: 300 sec this turn | 300 sec total\n|\n|t:|1783567963\n|move|p2a: Cacturne|Sucker Punch|p1a: Munkidori\n|-supereffective|p1a: Munkidori\n|-damage|p1a: Munkidori|0 fnt\n|faint|p1a: Munkidori\n|-damage|p2a: Cacturne|28/100|[from] item: Life Orb\n|\n|upkeep\n|inactive|Time left: 300 sec this turn | 300 sec total | 5 sec grace\n|\n|t:|1783567964\n|switch|p1a: Tyranitar|Tyranitar, L78, F|284/284\n|-damage|p1a: Tyranitar|249/284|[from] Spikes\n|-damage|p1a: Tyranitar|214/284|[from] Stealth Rock\n|-weather|Sandstorm|[from] ability: Sand Stream|[of] p1a: Tyranitar\n|turn|34\n|inactive|Time left: 300 sec this turn | 300 sec total\n|\n|t:|1783567965\n|move|p2a: Cacturne|Seed Bomb|p1a: Tyranitar\n|-supereffective|p1a: Tyranitar\n|-damage|p1a: Tyranitar|0 fnt\n|faint|p1a: Tyranitar\n|-damage|p2a: Cacturne|18/100|[from] item: Life Orb\n|\n|-weather|Sandstorm|[upkeep]\n|-damage|p2a: Cacturne|12/100|[from] Sandstorm\n|upkeep\n|inactive|Time left: 300 sec this turn | 300 sec total | 5 sec grace\n|\n|t:|1783567966\n|switch|p1a: Lanturn|Lanturn, L89, M|367/367\n|-damage|p1a: Lanturn|322/367|[from] Spikes\n|-damage|p1a: Lanturn|277/367|[from] Stealth Rock\n|turn|35\n|inactive|Time left: 300 sec this turn | 300 sec total\n|\n|t:|1783567967\n|switch|p1a: Cinccino|Cinccino, L83, M|260/260\n|-damage|p1a: Cinccino|228/260|[from] Spikes\n|-damage|p1a: Cinccino|196/260|[from] Stealth Rock\n|move|p2a: Cacturne|Seed Bomb|p1a: Cinccino\n|-damage|p1a: Cinccino|0 fnt\n|faint|p1a: Cinccino\n|-damage|p2a: Cacturne|2/100|[from] item: Life Orb\n|\n|-weather|Sandstorm|[upkeep]\n|-damage|p2a: Cacturne|0 fnt|[from] Sandstorm\n|faint|p2a: Cacturne\n|\n|win|p0x2406784b", "uploadtime": 1783567967, "views": 0, "rating": 0, "private": 0, "password": null, "_winner": "p0x2406784b", "_our_name": "p0x2406784b"}