{"id": "battle-gen9randombattle-415", "formatid": "gen9randombattle", "format": "[Gen 9] Random Battle", "players": ["p0x415d50f", "p0y4153842"], "log": "|init|battle\n|title|p0x415d50f vs. p0y4153842\n|j|\u2606p0x415d50f\n|j|\u2606p0y4153842\n|t:|1783544557\n|gametype|singles\n|player|p1|p0x415d50f|2|\n|player|p2|p0y4153842|169|\n|gen|9\n|tier|[Gen 9] Random Battle\n|rule|Species Clause: Limit one of each Pok\u00e9mon\n|rule|HP Percentage Mod: HP is shown in percentages\n|rule|Sleep Clause Mod: Limit one foe put to sleep\n|rule|Illusion Level Mod: Illusion disguises the Pok\u00e9mon's true level\n|\n|t:|1783544557\n|teamsize|p1|6\n|teamsize|p2|6\n|start\n|switch|p1a: Gouging Fire|Gouging Fire, L74|277/277\n|switch|p2a: Jirachi|Jirachi, L80|100/100\n|turn|1\n|inactive|Battle timer is ON: inactive players will automatically lose when time's up. (requested by p0x415d50f)\n|inactive|p0y4153842 also wants the timer to be on.\n|\n|t:|1783544558\n|move|p2a: Jirachi|Psychic|p1a: Gouging Fire\n|-damage|p1a: Gouging Fire|174/277\n|move|p1a: Gouging Fire|Dragon Dance|p1a: Gouging Fire\n|-boost|p1a: Gouging Fire|atk|1\n|-boost|p1a: Gouging Fire|spe|1\n|\n|upkeep\n|turn|2\n|inactive|Time left: 300 sec this turn | 300 sec total\n|\n|t:|1783544559\n|move|p2a: Jirachi|Protect|p2a: Jirachi\n|-singleturn|p2a: Jirachi|Protect\n|move|p1a: Gouging Fire|Heat Crash|p2a: Jirachi\n|-activate|p2a: Jirachi|move: Protect\n|\n|upkeep\n|turn|3\n|inactive|Time left: 300 sec this turn | 300 sec total\n|\n|t:|1783544560\n|switch|p2a: Fezandipiti|Fezandipiti, L82, M|100/100\n|move|p1a: Gouging Fire|Heat Crash|p2a: Fezandipiti\n|-damage|p2a: Fezandipiti|39/100\n|\n|-heal|p2a: Fezandipiti|45/100|[from] item: Leftovers\n|upkeep\n|turn|4\n|inactive|Time left: 300 sec this turn | 300 sec total\n|\n|t:|1783544562\n|switch|p2a: Koraidon|Koraidon, L64|100/100\n|-weather|SunnyDay|[from] ability: Orichalcum Pulse|[of] p2a: Koraidon\n|-activate|p1a: Gouging Fire|ability: Protosynthesis\n|-start|p1a: Gouging Fire|protosynthesisatk\n|-activate|p2a: Koraidon|Orichalcum Pulse|[source]\n|move|p1a: Gouging Fire|Heat Crash|p2a: Koraidon\n|-resisted|p2a: Koraidon\n|-damage|p2a: Koraidon|76/100\n|\n|-weather|SunnyDay|[upkeep]\n|upkeep\n|turn|5\n|inactive|Time left: 300 sec this turn | 300 sec total\n|\n|t:|1783544563\n|switch|p2a: Fezandipiti|Fezandipiti, L82, M|45/100\n|move|p1a: Gouging Fire|Outrage|p2a: Fezandipiti\n|-immune|p2a: Fezandipiti\n|\n|-weather|SunnyDay|[upkeep]\n|-heal|p2a: Fezandipiti|51/100|[from] item: Leftovers\n|upkeep\n|turn|6\n|inactive|Time left: 300 sec this turn | 300 sec total\n|\n|t:|1783544564\n|move|p1a: Gouging Fire|Heat Crash|p2a: Fezandipiti\n|-damage|p2a: Fezandipiti|0 fnt\n|faint|p2a: Fezandipiti\n|\n|-weather|SunnyDay|[upkeep]\n|upkeep\n|\n|t:|1783544565\n|switch|p2a: Koraidon|Koraidon, L64|76/100\n|-activate|p2a: Koraidon|ability: Orichalcum Pulse\n|turn|7\n|inactive|Time left: 300 sec this turn | 300 sec total\n|\n|t:|1783544566\n|move|p1a: Gouging Fire|Outrage|p2a: Koraidon\n|-supereffective|p2a: Koraidon\n|-damage|p2a: Koraidon|0 fnt\n|faint|p2a: Koraidon\n|\n|-weather|SunnyDay|[upkeep]\n|upkeep\n|\n|t:|1783544567\n|switch|p2a: Hydrapple|Hydrapple, L83, M|100/100\n|turn|8\n|inactive|Time left: 300 sec this turn | 300 sec total\n|\n|t:|1783544567\n|-terastallize|p2a: Hydrapple|Steel\n|move|p1a: Gouging Fire|Outrage|p2a: Hydrapple|[from] lockedmove\n|-resisted|p2a: Hydrapple\n|-damage|p2a: Hydrapple|72/100\n|-start|p1a: Gouging Fire|confusion|[fatigue]\n|move|p2a: Hydrapple|Fickle Beam|p1a: Gouging Fire\n|-supereffective|p1a: Gouging Fire\n|-damage|p1a: Gouging Fire|0 fnt\n|faint|p1a: Gouging Fire\n|-end|p1a: Gouging Fire|Protosynthesis|[silent]\n|\n|-weather|none\n|upkeep\n|inactive|Time left: 300 sec this turn | 300 sec total | 5 sec grace\n|\n|t:|1783544568\n|switch|p1a: Sunflora|Sunflora, M|312/312\n|turn|9\n|inactive|Time left: 300 sec this turn | 300 sec total\n|\n|t:|1783544569\n|move|p2a: Hydrapple|Fickle Beam|p1a: Sunflora|[anim] Fickle Beam All Out\n|-activate|p2a: Hydrapple|move: Fickle Beam\n|-damage|p1a: Sunflora|152/312\n|move|p1a: Sunflora|Earth Power|p2a: Hydrapple\n|-supereffective|p2a: Hydrapple\n|-damage|p2a: Hydrapple|2/100\n|-unboost|p2a: Hydrapple|spd|1\n|\n|upkeep\n|turn|10\n|inactive|Time left: 300 sec this turn | 300 sec total\n|\n|t:|1783544570\n|switch|p2a: Ogerpon|Ogerpon, L80, F|100/100\n|move|p1a: Sunflora|Earth Power|p2a: Ogerpon\n|-resisted|p2a: Ogerpon\n|-damage|p2a: Ogerpon|75/100\n|\n|upkeep\n|turn|11\n|inactive|Time left: 300 sec this turn | 300 sec total\n|\n|t:|1783544571\n|move|p2a: Ogerpon|Knock Off|p1a: Sunflora\n|-damage|p1a: Sunflora|65/312\n|-enditem|p1a: Sunflora|Choice Specs|[from] move: Knock Off|[of] p2a: Ogerpon\n|move|p1a: Sunflora|Earth Power|p2a: Ogerpon\n|-resisted|p2a: Ogerpon\n|-damage|p2a: Ogerpon|56/100\n|\n|upkeep\n|turn|12\n|inactive|Time left: 300 sec this turn | 300 sec total\n|\n|t:|1783544572\n|switch|p1a: Iron Valiant|Iron Valiant, L78|244/244\n|move|p2a: Ogerpon|Ivy Cudgel|p1a: Iron Valiant\n|-damage|p1a: Iron Valiant|129/244\n|\n|upkeep\n|turn|13\n|inactive|Time left: 300 sec this turn | 300 sec total\n|\n|t:|1783544574\n|move|p1a: Iron Valiant|Close Combat|p2a: Ogerpon\n|-damage|p2a: Ogerpon|0 fnt\n|-unboost|p1a: Iron Valiant|def|1\n|-unboost|p1a: Iron Valiant|spd|1\n|faint|p2a: Ogerpon\n|-damage|p1a: Iron Valiant|105/244|[from] item: Life Orb\n|\n|upkeep\n|\n|t:|1783544575\n|switch|p2a: Jirachi|Jirachi, L80|100/100\n|turn|14\n|inactive|Time left: 300 sec this turn | 300 sec total\n|\n|t:|1783544576\n|-end|p1a: Iron Valiant|Quark Drive|[silent]\n|switch|p1a: Minun|Minun, L95, M|268/268\n|move|p2a: Jirachi|Psychic|p1a: Minun\n|-damage|p1a: Minun|189/268\n|-unboost|p1a: Minun|spd|1\n|\n|upkeep\n|turn|15\n|inactive|Time left: 300 sec this turn | 300 sec total\n|\n|t:|1783544577\n|move|p1a: Minun|Nasty Plot|p1a: Minun\n|-boost|p1a: Minun|spa|2\n|move|p2a: Jirachi|Psychic|p1a: Minun\n|-damage|p1a: Minun|68/268\n|\n|upkeep\n|turn|16\n|inactive|Time left: 300 sec this turn | 300 sec total\n|\n|t:|1783544578\n|move|p1a: Minun|Thunderbolt|p2a: Jirachi\n|-damage|p2a: Jirachi|14/100\n|-damage|p1a: Minun|42/268|[from] item: Life Orb\n|move|p2a: Jirachi|Psychic|p1a: Minun\n|-damage|p1a: Minun|0 fnt\n|faint|p1a: Minun\n|\n|-heal|p2a: Jirachi|20/100|[from] item: Leftovers\n|upkeep\n|inactive|Time left: 300 sec this turn | 300 sec total | 5 sec grace\n|\n|t:|1783544580\n|switch|p1a: Iron Valiant|Iron Valiant, L78|105/244\n|turn|17\n|inactive|Time left: 300 sec this turn | 300 sec total\n|\n|t:|1783544581\n|move|p2a: Jirachi|Protect|p2a: Jirachi\n|-singleturn|p2a: Jirachi|Protect\n|move|p1a: Iron Valiant|Moonblast|p2a: Jirachi\n|-activate|p2a: Jirachi|move: Protect\n|\n|-heal|p2a: Jirachi|27/100|[from] item: Leftovers\n|upkeep\n|turn|18\n|inactive|Time left: 300 sec this turn | 300 sec total\n|\n|t:|1783544582\n|switch|p2a: Hydrapple|Hydrapple, L83, M, tera:Steel|35/100\n|move|p1a: Iron Valiant|Close Combat|p2a: Hydrapple\n|-supereffective|p2a: Hydrapple\n|-damage|p2a: Hydrapple|0 fnt\n|-unboost|p1a: Iron Valiant|def|1\n|-unboost|p1a: Iron Valiant|spd|1\n|faint|p2a: Hydrapple\n|-damage|p1a: Iron Valiant|81/244|[from] item: Life Orb\n|\n|upkeep\n|\n|t:|1783544583\n|switch|p2a: Jirachi|Jirachi, L80|27/100\n|turn|19\n|inactive|Time left: 300 sec this turn | 300 sec total\n|\n|t:|1783544584\n|move|p2a: Jirachi|Protect|p2a: Jirachi\n|-singleturn|p2a: Jirachi|Protect\n|move|p1a: Iron Valiant|Close Combat|p2a: Jirachi\n|-activate|p2a: Jirachi|move: Protect\n|\n|-heal|p2a: Jirachi|33/100|[from] item: Leftovers\n|upkeep\n|turn|20\n|inactive|Time left: 300 sec this turn | 300 sec total\n|\n|t:|1783544585\n|move|p2a: Jirachi|Protect||[still]\n|-fail|p2a: Jirachi\n|move|p1a: Iron Valiant|Close Combat|p2a: Jirachi\n|-damage|p2a: Jirachi|0 fnt\n|-unboost|p1a: Iron Valiant|def|1\n|-unboost|p1a: Iron Valiant|spd|1\n|faint|p2a: Jirachi\n|-damage|p1a: Iron Valiant|57/244|[from] item: Life Orb\n|\n|upkeep\n|\n|t:|1783544586\n|switch|p2a: Greedent|Greedent, L86, M|100/100\n|turn|21\n|inactive|Time left: 300 sec this turn | 300 sec total\n|\n|t:|1783544587\n|move|p1a: Iron Valiant|Close Combat|p2a: Greedent\n|-supereffective|p2a: Greedent\n|-damage|p2a: Greedent|0 fnt\n|-unboost|p1a: Iron Valiant|def|1\n|-unboost|p1a: Iron Valiant|spd|1\n|faint|p2a: Greedent\n|-damage|p1a: Iron Valiant|33/244|[from] item: Life Orb\n|\n|win|p0x415d50f", "uploadtime": 1783544587, "views": 0, "rating": 0, "private": 0, "password": null, "_winner": "p0x415d50f", "_our_name": "p0x415d50f"}