{"id": "battle-gen9randombattle-570", "formatid": "gen9randombattle", "format": "[Gen 9] Random Battle", "players": ["p0x570a1cc", "p0y5709fd3"], "log": "|init|battle\n|title|p0x570a1cc vs. p0y5709fd3\n|j|\u2606p0x570a1cc\n|j|\u2606p0y5709fd3\n|t:|1783545676\n|gametype|singles\n|player|p1|p0x570a1cc|169|\n|player|p2|p0y5709fd3|169|\n|gen|9\n|tier|[Gen 9] Random Battle\n|rule|Species Clause: Limit one of each Pok\u00e9mon\n|rule|HP Percentage Mod: HP is shown in percentages\n|rule|Sleep Clause Mod: Limit one foe put to sleep\n|rule|Illusion Level Mod: Illusion disguises the Pok\u00e9mon's true level\n|\n|t:|1783545676\n|teamsize|p1|6\n|teamsize|p2|6\n|start\n|switch|p1a: Gardevoir|Gardevoir, L83, F|249/249\n|switch|p2a: Typhlosion|Typhlosion, L84, F|100/100\n|-ability|p1a: Gardevoir|Blaze|Trace|[from] ability: Trace|[of] p2a: Typhlosion\n|turn|1\n|inactive|Battle timer is ON: inactive players will automatically lose when time's up. (requested by p0x570a1cc)\n|inactive|p0y5709fd3 also wants the timer to be on.\n|\n|t:|1783545677\n|move|p2a: Typhlosion|Eruption|p1a: Gardevoir\n|-damage|p1a: Gardevoir|113/249\n|move|p1a: Gardevoir|Moonblast|p2a: Typhlosion\n|-resisted|p2a: Typhlosion\n|-damage|p2a: Typhlosion|71/100\n|-damage|p1a: Gardevoir|89/249|[from] item: Life Orb\n|\n|upkeep\n|turn|2\n|inactive|Time left: 300 sec this turn | 300 sec total\n|\n|t:|1783545679\n|switch|p1a: Blastoise|Blastoise, L80, M|258/258\n|move|p2a: Typhlosion|Eruption|p1a: Blastoise\n|-resisted|p1a: Blastoise\n|-damage|p1a: Blastoise|204/258\n|\n|upkeep\n|turn|3\n|inactive|Time left: 300 sec this turn | 300 sec total\n|\n|t:|1783545680\n|move|p2a: Typhlosion|Eruption|p1a: Blastoise\n|-resisted|p1a: Blastoise\n|-damage|p1a: Blastoise|152/258\n|move|p1a: Blastoise|Shell Smash|p1a: Blastoise\n|-unboost|p1a: Blastoise|def|1\n|-unboost|p1a: Blastoise|spd|1\n|-boost|p1a: Blastoise|atk|2\n|-boost|p1a: Blastoise|spa|2\n|-boost|p1a: Blastoise|spe|2\n|-enditem|p1a: Blastoise|White Herb\n|-clearnegativeboost|p1a: Blastoise|[silent]\n|\n|upkeep\n|turn|4\n|inactive|Time left: 300 sec this turn | 300 sec total\n|\n|t:|1783545681\n|switch|p2a: Sylveon|Sylveon, L85, M|100/100\n|move|p1a: Blastoise|Ice Beam|p2a: Sylveon\n|-damage|p2a: Sylveon|74/100\n|\n|-heal|p2a: Sylveon|80/100|[from] item: Leftovers\n|upkeep\n|turn|5\n|inactive|Time left: 300 sec this turn | 300 sec total\n|\n|t:|1783545682\n|move|p1a: Blastoise|Earthquake|p2a: Sylveon\n|-damage|p2a: Sylveon|30/100\n|move|p2a: Sylveon|Hyper Voice|p1a: Blastoise\n|-damage|p1a: Blastoise|25/258\n|\n|-heal|p2a: Sylveon|36/100|[from] item: Leftovers\n|upkeep\n|turn|6\n|inactive|Time left: 300 sec this turn | 300 sec total\n|\n|t:|1783545683\n|switch|p2a: Mimikyu|Mimikyu, L79, F|100/100\n|move|p1a: Blastoise|Earthquake|p2a: Mimikyu\n|-activate|p2a: Mimikyu|ability: Disguise\n|-damage|p2a: Mimikyu|100/100\n|detailschange|p2a: Mimikyu|Mimikyu-Busted, L79, F\n|-damage|p2a: Mimikyu|88/100|[from] pokemon: Mimikyu-Busted\n|\n|upkeep\n|turn|7\n|inactive|Time left: 300 sec this turn | 300 sec total\n|\n|t:|1783545685\n|move|p2a: Mimikyu|Shadow Sneak|p1a: Blastoise\n|-damage|p1a: Blastoise|0 fnt\n|faint|p1a: Blastoise\n|-damage|p2a: Mimikyu|78/100|[from] item: Life Orb\n|\n|upkeep\n|inactive|Time left: 300 sec this turn | 300 sec total | 5 sec grace\n|\n|t:|1783545686\n|switch|p1a: Cetitan|Cetitan, L82, F|412/412\n|turn|8\n|inactive|Time left: 300 sec this turn | 300 sec total\n|\n|t:|1783545687\n|switch|p2a: Copperajah|Copperajah, L86, M|100/100\n|move|p1a: Cetitan|Belly Drum|p1a: Cetitan\n|-damage|p1a: Cetitan|206/412\n|-setboost|p1a: Cetitan|atk|6|[from] move: Belly Drum\n|-enditem|p1a: Cetitan|Sitrus Berry|[eat]\n|-heal|p1a: Cetitan|309/412|[from] item: Sitrus Berry\n|\n|upkeep\n|turn|9\n|inactive|Time left: 300 sec this turn | 300 sec total\n|\n|t:|1783545688\n|switch|p2a: Sylveon|Sylveon, L85, M|36/100\n|move|p1a: Cetitan|Earthquake|p2a: Sylveon\n|-damage|p2a: Sylveon|0 fnt\n|faint|p2a: Sylveon\n|\n|upkeep\n|\n|t:|1783545689\n|switch|p2a: Froslass|Froslass, L87, F|100/100\n|turn|10\n|inactive|Time left: 300 sec this turn | 300 sec total\n|\n|t:|1783545690\n|move|p2a: Froslass|Will-O-Wisp|p1a: Cetitan\n|-status|p1a: Cetitan|brn\n|move|p1a: Cetitan|Earthquake|p2a: Froslass\n|-damage|p2a: Froslass|41/100\n|\n|-damage|p1a: Cetitan|284/412 brn|[from] brn\n|upkeep\n|turn|11\n|inactive|Time left: 300 sec this turn | 300 sec total\n|\n|t:|1783545691\n|move|p2a: Froslass|Triple Axel|p1a: Cetitan\n|-resisted|p1a: Cetitan\n|-damage|p1a: Cetitan|278/412 brn\n|-resisted|p1a: Cetitan\n|-damage|p1a: Cetitan|266/412 brn\n|-resisted|p1a: Cetitan\n|-damage|p1a: Cetitan|247/412 brn\n|-hitcount|p1a: Cetitan|3\n|move|p1a: Cetitan|Earthquake|p2a: Froslass\n|-damage|p2a: Froslass|0 fnt\n|faint|p2a: Froslass\n|\n|-damage|p1a: Cetitan|222/412 brn|[from] brn\n|upkeep\n|\n|t:|1783545692\n|switch|p2a: Sneasler|Sneasler, L74, M|100/100\n|turn|12\n|inactive|Time left: 300 sec this turn | 300 sec total\n|\n|t:|1783545693\n|move|p1a: Cetitan|Ice Shard|p2a: Sneasler\n|-damage|p2a: Sneasler|41/100\n|move|p2a: Sneasler|Close Combat|p1a: Cetitan\n|-supereffective|p1a: Cetitan\n|-damage|p1a: Cetitan|0 fnt\n|-unboost|p2a: Sneasler|def|1\n|-unboost|p2a: Sneasler|spd|1\n|faint|p1a: Cetitan\n|-enditem|p2a: Sneasler|White Herb\n|-clearnegativeboost|p2a: Sneasler|[silent]\n|\n|upkeep\n|inactive|Time left: 300 sec this turn | 300 sec total | 5 sec grace\n|\n|t:|1783545694\n|switch|p1a: Regice|Regice, L88|284/284\n|turn|13\n|inactive|Time left: 300 sec this turn | 300 sec total\n|\n|t:|1783545695\n|move|p2a: Sneasler|Close Combat|p1a: Regice\n|-supereffective|p1a: Regice\n|-damage|p1a: Regice|60/284\n|-unboost|p2a: Sneasler|def|1\n|-unboost|p2a: Sneasler|spd|1\n|move|p1a: Regice|Ice Beam|p2a: Sneasler\n|-damage|p2a: Sneasler|0 fnt\n|faint|p2a: Sneasler\n|\n|upkeep\n|\n|t:|1783545696\n|switch|p2a: Typhlosion|Typhlosion, L84, F|71/100\n|turn|14\n|inactive|Time left: 300 sec this turn | 300 sec total\n|\n|t:|1783545697\n|switch|p1a: Gardevoir|Gardevoir, L83, F|89/249\n|-ability|p1a: Gardevoir|Blaze|Trace|[from] ability: Trace|[of] p2a: Typhlosion\n|move|p2a: Typhlosion|Eruption|p1a: Gardevoir\n|-damage|p1a: Gardevoir|0 fnt\n|faint|p1a: Gardevoir\n|\n|upkeep\n|inactive|Time left: 300 sec this turn | 300 sec total | 5 sec grace\n|\n|t:|1783545698\n|switch|p1a: Scrafty|Scrafty, L83, M|244/244\n|turn|15\n|inactive|Time left: 300 sec this turn | 300 sec total\n|\n|t:|1783545698\n|move|p2a: Typhlosion|Eruption|p1a: Scrafty\n|-damage|p1a: Scrafty|142/244\n|move|p1a: Scrafty|Knock Off|p2a: Typhlosion\n|-damage|p2a: Typhlosion|34/100\n|-enditem|p2a: Typhlosion|Choice Scarf|[from] move: Knock Off|[of] p1a: Scrafty\n|\n|-heal|p1a: Scrafty|157/244|[from] item: Leftovers\n|upkeep\n|turn|16\n|inactive|Time left: 300 sec this turn | 300 sec total\n|\n|t:|1783545699\n|move|p2a: Typhlosion|Focus Blast|p1a: Scrafty|[miss]\n|-miss|p2a: Typhlosion|p1a: Scrafty\n|move|p1a: Scrafty|Rest|p1a: Scrafty\n|-status|p1a: Scrafty|slp|[from] move: Rest\n|-heal|p1a: Scrafty|244/244 slp|[silent]\n|\n|-activate|p1a: Scrafty|ability: Shed Skin\n|-curestatus|p1a: Scrafty|slp|[msg]\n|upkeep\n|turn|17\n|inactive|Time left: 300 sec this turn | 300 sec total\n|\n|t:|1783545700\n|move|p2a: Typhlosion|Focus Blast|p1a: Scrafty\n|-supereffective|p1a: Scrafty\n|-crit|p1a: Scrafty\n|-damage|p1a: Scrafty|2/244\n|move|p1a: Scrafty|Bulk Up|p1a: Scrafty\n|-boost|p1a: Scrafty|atk|1\n|-boost|p1a: Scrafty|def|1\n|\n|-heal|p1a: Scrafty|17/244|[from] item: Leftovers\n|upkeep\n|turn|18\n|inactive|Time left: 300 sec this turn | 300 sec total\n|\n|t:|1783545701\n|switch|p1a: Chesnaught|Chesnaught, L84, M|285/285\n|move|p2a: Typhlosion|Eruption|p1a: Chesnaught\n|-supereffective|p1a: Chesnaught\n|-damage|p1a: Chesnaught|165/285\n|\n|-heal|p1a: Chesnaught|182/285|[from] item: Leftovers\n|upkeep\n|turn|19\n|inactive|Time left: 300 sec this turn | 300 sec total\n|\n|t:|1783545702\n|-terastallize|p1a: Chesnaught|Water\n|move|p2a: Typhlosion|Fire Blast|p1a: Chesnaught|[miss]\n|-miss|p2a: Typhlosion|p1a: Chesnaught\n|move|p1a: Chesnaught|Body Press|p2a: Typhlosion\n|-damage|p2a: Typhlosion|0 fnt\n|faint|p2a: Typhlosion\n|\n|-heal|p1a: Chesnaught|199/285|[from] item: Leftovers\n|upkeep\n|\n|t:|1783545703\n|switch|p2a: Copperajah|Copperajah, L86, M|100/100\n|turn|20\n|inactive|Time left: 300 sec this turn | 300 sec total\n|\n|t:|1783545704\n|-terastallize|p2a: Copperajah|Fairy\n|move|p1a: Chesnaught|Knock Off|p2a: Copperajah\n|-resisted|p2a: Copperajah\n|-damage|p2a: Copperajah|88/100\n|-enditem|p2a: Copperajah|Life Orb|[from] move: Knock Off|[of] p1a: Chesnaught\n|move|p2a: Copperajah|Play Rough|p1a: Chesnaught\n|-crit|p1a: Chesnaught\n|-damage|p1a: Chesnaught|10/285\n|\n|-heal|p1a: Chesnaught|27/285|[from] item: Leftovers\n|upkeep\n|turn|21\n|inactive|Time left: 300 sec this turn | 300 sec total\n|\n|t:|1783545705\n|move|p1a: Chesnaught|Synthesis|p1a: Chesnaught\n|-heal|p1a: Chesnaught|169/285\n|move|p2a: Copperajah|Play Rough|p1a: Chesnaught\n|-damage|p1a: Chesnaught|34/285\n|\n|-heal|p1a: Chesnaught|51/285|[from] item: Leftovers\n|upkeep\n|turn|22\n|inactive|Time left: 300 sec this turn | 300 sec total\n|\n|t:|1783545706\n|move|p1a: Chesnaught|Synthesis|p1a: Chesnaught\n|-heal|p1a: Chesnaught|193/285\n|move|p2a: Copperajah|Play Rough|p1a: Chesnaught\n|-damage|p1a: Chesnaught|61/285\n|\n|-heal|p1a: Chesnaught|78/285|[from] item: Leftovers\n|upkeep\n|turn|23\n|inactive|Time left: 300 sec this turn | 300 sec total\n|\n|t:|1783545707\n|move|p1a: Chesnaught|Synthesis|p1a: Chesnaught\n|-heal|p1a: Chesnaught|220/285\n|move|p2a: Copperajah|Play Rough|p1a: Chesnaught\n|-damage|p1a: Chesnaught|97/285\n|\n|-heal|p1a: Chesnaught|114/285|[from] item: Leftovers\n|upkeep\n|turn|24\n|inactive|Time left: 300 sec this turn | 300 sec total\n|\n|t:|1783545708\n|move|p1a: Chesnaught|Synthesis|p1a: Chesnaught\n|-heal|p1a: Chesnaught|256/285\n|move|p2a: Copperajah|Play Rough|p1a: Chesnaught\n|-damage|p1a: Chesnaught|118/285\n|\n|-heal|p1a: Chesnaught|135/285|[from] item: Leftovers\n|upkeep\n|turn|25\n|inactive|Time left: 300 sec this turn | 300 sec total\n|\n|t:|1783545709\n|move|p1a: Chesnaught|Synthesis|p1a: Chesnaught\n|-heal|p1a: Chesnaught|277/285\n|move|p2a: Copperajah|Play Rough|p1a: Chesnaught\n|-damage|p1a: Chesnaught|139/285\n|\n|-heal|p1a: Chesnaught|156/285|[from] item: Leftovers\n|upkeep\n|turn|26\n|inactive|Time left: 300 sec this turn | 300 sec total\n|\n|t:|1783545710\n|move|p1a: Chesnaught|Synthesis|p1a: Chesnaught\n|-heal|p1a: Chesnaught|285/285\n|move|p2a: Copperajah|Play Rough|p1a: Chesnaught\n|-damage|p1a: Chesnaught|159/285\n|\n|-heal|p1a: Chesnaught|176/285|[from] item: Leftovers\n|upkeep\n|turn|27\n|inactive|Time left: 300 sec this turn | 300 sec total\n|\n|t:|1783545711\n|move|p1a: Chesnaught|Synthesis|p1a: Chesnaught\n|-heal|p1a: Chesnaught|285/285\n|move|p2a: Copperajah|Play Rough|p1a: Chesnaught\n|-damage|p1a: Chesnaught|156/285\n|\n|-heal|p1a: Chesnaught|173/285|[from] item: Leftovers\n|upkeep\n|turn|28\n|inactive|Time left: 300 sec this turn | 300 sec total\n|\n|t:|1783545712\n|move|p1a: Chesnaught|Synthesis|p1a: Chesnaught\n|-heal|p1a: Chesnaught|285/285\n|move|p2a: Copperajah|Play Rough|p1a: Chesnaught\n|-damage|p1a: Chesnaught|149/285\n|\n|-heal|p1a: Chesnaught|166/285|[from] item: Leftovers\n|upkeep\n|turn|29\n|inactive|Time left: 300 sec this turn | 300 sec total\n|\n|t:|1783545713\n|move|p1a: Chesnaught|Knock Off|p2a: Copperajah\n|-resisted|p2a: Copperajah\n|-damage|p2a: Copperajah|80/100\n|move|p2a: Copperajah|Play Rough|p1a: Chesnaught\n|-damage|p1a: Chesnaught|48/285\n|\n|-heal|p1a: Chesnaught|65/285|[from] item: Leftovers\n|upkeep\n|turn|30\n|inactive|Time left: 300 sec this turn | 300 sec total\n|\n|t:|1783545715\n|move|p1a: Chesnaught|Wood Hammer|p2a: Copperajah\n|-damage|p2a: Copperajah|38/100\n|-damage|p1a: Chesnaught|16/285|[from] Recoil\n|move|p2a: Copperajah|Play Rough|p1a: Chesnaught\n|-damage|p1a: Chesnaught|0 fnt\n|faint|p1a: Chesnaught\n|\n|upkeep\n|inactive|Time left: 300 sec this turn | 300 sec total | 5 sec grace\n|\n|t:|1783545716\n|switch|p1a: Regice|Regice, L88|60/284\n|turn|31\n|inactive|Time left: 300 sec this turn | 300 sec total\n|\n|t:|1783545717\n|move|p1a: Regice|Thunder Wave|p2a: Copperajah\n|-status|p2a: Copperajah|par\n|move|p2a: Copperajah|Iron Head|p1a: Regice\n|-supereffective|p1a: Regice\n|-damage|p1a: Regice|0 fnt\n|faint|p1a: Regice\n|\n|upkeep\n|inactive|Time left: 300 sec this turn | 300 sec total | 5 sec grace\n|\n|t:|1783545718\n|switch|p1a: Scrafty|Scrafty, L83, M|17/244\n|turn|32\n|inactive|Time left: 300 sec this turn | 300 sec total\n|\n|t:|1783545719\n|switch|p2a: Mimikyu|Mimikyu-Busted, L79, F|78/100\n|move|p1a: Scrafty|Rest|p1a: Scrafty\n|-status|p1a: Scrafty|slp|[from] move: Rest\n|-heal|p1a: Scrafty|244/244 slp|[silent]\n|\n|upkeep\n|turn|33\n|inactive|Time left: 300 sec this turn | 300 sec total\n|\n|t:|1783545720\n|move|p2a: Mimikyu|Play Rough|p1a: Scrafty\n|-supereffective|p1a: Scrafty\n|-damage|p1a: Scrafty|0 fnt\n|faint|p1a: Scrafty\n|-damage|p2a: Mimikyu|69/100|[from] item: Life Orb\n|\n|win|p0y5709fd3", "uploadtime": 1783545720, "views": 0, "rating": 0, "private": 0, "password": null, "_winner": "p0y5709fd3", "_our_name": "p0x570a1cc"}