{"id": "battle-gen9randombattle-2481", "formatid": "gen9randombattle", "format": "[Gen 9] Random Battle", "players": ["p0x248118c5", "p0y2481d394"], "log": "|init|battle\n|title|p0x248118c5 vs. p0y2481d394\n|j|\u2606p0x248118c5\n|j|\u2606p0y2481d394\n|t:|1783567793\n|gametype|singles\n|player|p1|p0x248118c5|2|\n|player|p2|p0y2481d394|102|\n|gen|9\n|tier|[Gen 9] Random Battle\n|rule|Species Clause: Limit one of each Pok\u00e9mon\n|rule|HP Percentage Mod: HP is shown in percentages\n|rule|Sleep Clause Mod: Limit one foe put to sleep\n|rule|Illusion Level Mod: Illusion disguises the Pok\u00e9mon's true level\n|\n|t:|1783567793\n|teamsize|p1|6\n|teamsize|p2|6\n|start\n|switch|p1a: Arceus|Arceus-Psychic, L70|284/284\n|switch|p2a: Misdreavus|Misdreavus, L90, F|100/100\n|turn|1\n|inactive|Battle timer is ON: inactive players will automatically lose when time's up. (requested by p0y2481d394)\n|inactive|Time left: 300 sec this turn | 300 sec total | 60 sec grace\n|\n|t:|1783567794\n|move|p1a: Arceus|Cosmic Power|p1a: Arceus\n|-boost|p1a: Arceus|def|1\n|-boost|p1a: Arceus|spd|1\n|move|p2a: Misdreavus|Shadow Ball|p1a: Arceus\n|-supereffective|p1a: Arceus\n|-damage|p1a: Arceus|182/284\n|\n|upkeep\n|turn|2\n|inactive|Time left: 300 sec this turn | 300 sec total\n|inactive|p0x248118c5 also wants the timer to be on.\n|\n|t:|1783567796\n|move|p1a: Arceus|Recover|p1a: Arceus\n|-heal|p1a: Arceus|284/284\n|move|p2a: Misdreavus|Calm Mind|p2a: Misdreavus\n|-boost|p2a: Misdreavus|spa|1\n|-boost|p2a: Misdreavus|spd|1\n|\n|upkeep\n|turn|3\n|inactive|Time left: 300 sec this turn | 300 sec total\n|\n|t:|1783567797\n|move|p1a: Arceus|Cosmic Power|p1a: Arceus\n|-boost|p1a: Arceus|def|1\n|-boost|p1a: Arceus|spd|1\n|move|p2a: Misdreavus|Shadow Ball|p1a: Arceus\n|-supereffective|p1a: Arceus\n|-damage|p1a: Arceus|168/284\n|\n|upkeep\n|turn|4\n|inactive|Time left: 300 sec this turn | 300 sec total\n|\n|t:|1783567798\n|move|p1a: Arceus|Recover|p1a: Arceus\n|-heal|p1a: Arceus|284/284\n|move|p2a: Misdreavus|Shadow Ball|p1a: Arceus\n|-supereffective|p1a: Arceus\n|-damage|p1a: Arceus|152/284\n|-unboost|p1a: Arceus|spd|1\n|\n|upkeep\n|turn|5\n|inactive|Time left: 300 sec this turn | 300 sec total\n|\n|t:|1783567799\n|move|p1a: Arceus|Recover|p1a: Arceus\n|-heal|p1a: Arceus|284/284\n|move|p2a: Misdreavus|Shadow Ball|p1a: Arceus\n|-supereffective|p1a: Arceus\n|-damage|p1a: Arceus|114/284\n|\n|upkeep\n|turn|6\n|inactive|Time left: 300 sec this turn | 300 sec total\n|\n|t:|1783567800\n|move|p1a: Arceus|Recover|p1a: Arceus\n|-heal|p1a: Arceus|256/284\n|move|p2a: Misdreavus|Shadow Ball|p1a: Arceus\n|-supereffective|p1a: Arceus\n|-damage|p1a: Arceus|74/284\n|\n|upkeep\n|turn|7\n|inactive|Time left: 300 sec this turn | 300 sec total\n|\n|t:|1783567801\n|move|p1a: Arceus|Recover|p1a: Arceus\n|-heal|p1a: Arceus|216/284\n|move|p2a: Misdreavus|Shadow Ball|p1a: Arceus\n|-supereffective|p1a: Arceus\n|-damage|p1a: Arceus|46/284\n|\n|upkeep\n|turn|8\n|inactive|Time left: 300 sec this turn | 300 sec total\n|\n|t:|1783567802\n|move|p1a: Arceus|Recover|p1a: Arceus\n|-heal|p1a: Arceus|188/284\n|move|p2a: Misdreavus|Shadow Ball|p1a: Arceus\n|-supereffective|p1a: Arceus\n|-damage|p1a: Arceus|20/284\n|\n|upkeep\n|turn|9\n|inactive|Time left: 300 sec this turn | 300 sec total\n|\n|t:|1783567803\n|move|p1a: Arceus|Recover|p1a: Arceus\n|-heal|p1a: Arceus|162/284\n|move|p2a: Misdreavus|Shadow Ball|p1a: Arceus\n|-supereffective|p1a: Arceus\n|-damage|p1a: Arceus|6/284\n|-unboost|p1a: Arceus|spd|1\n|\n|upkeep\n|turn|10\n|inactive|Time left: 300 sec this turn | 300 sec total\n|\n|t:|1783567804\n|move|p1a: Arceus|Recover|p1a: Arceus\n|-heal|p1a: Arceus|148/284\n|move|p2a: Misdreavus|Shadow Ball|p1a: Arceus\n|-supereffective|p1a: Arceus\n|-crit|p1a: Arceus\n|-damage|p1a: Arceus|0 fnt\n|faint|p1a: Arceus\n|\n|upkeep\n|inactive|Time left: 300 sec this turn | 300 sec total | 5 sec grace\n|\n|t:|1783567805\n|switch|p1a: Lilligant|Lilligant, L86, F|261/261\n|turn|11\n|inactive|Time left: 300 sec this turn | 300 sec total\n|\n|t:|1783567806\n|move|p2a: Misdreavus|Shadow Ball|p1a: Lilligant\n|-damage|p1a: Lilligant|116/261\n|move|p1a: Lilligant|Quiver Dance|p1a: Lilligant\n|-boost|p1a: Lilligant|spa|1\n|-boost|p1a: Lilligant|spd|1\n|-boost|p1a: Lilligant|spe|1\n|\n|upkeep\n|turn|12\n|inactive|Time left: 300 sec this turn | 300 sec total\n|\n|t:|1783567807\n|move|p1a: Lilligant|Sleep Powder|p2a: Misdreavus\n|-status|p2a: Misdreavus|slp|[from] move: Sleep Powder\n|cant|p2a: Misdreavus|slp\n|\n|upkeep\n|turn|13\n|inactive|Time left: 300 sec this turn | 300 sec total\n|\n|t:|1783567808\n|move|p1a: Lilligant|Quiver Dance|p1a: Lilligant\n|-boost|p1a: Lilligant|spa|1\n|-boost|p1a: Lilligant|spd|1\n|-boost|p1a: Lilligant|spe|1\n|cant|p2a: Misdreavus|slp\n|\n|upkeep\n|turn|14\n|inactive|Time left: 300 sec this turn | 300 sec total\n|\n|t:|1783567808\n|move|p1a: Lilligant|Giga Drain|p2a: Misdreavus\n|-damage|p2a: Misdreavus|59/100 slp\n|-heal|p1a: Lilligant|169/261|[from] drain|[of] p2a: Misdreavus\n|-damage|p1a: Lilligant|143/261|[from] item: Life Orb\n|cant|p2a: Misdreavus|slp\n|\n|upkeep\n|turn|15\n|inactive|Time left: 300 sec this turn | 300 sec total\n|\n|t:|1783567809\n|move|p1a: Lilligant|Giga Drain|p2a: Misdreavus\n|-damage|p2a: Misdreavus|16/100 slp\n|-heal|p1a: Lilligant|198/261|[from] drain|[of] p2a: Misdreavus\n|-damage|p1a: Lilligant|172/261|[from] item: Life Orb\n|-curestatus|p2a: Misdreavus|slp|[msg]\n|move|p2a: Misdreavus|Shadow Ball|p1a: Lilligant\n|-damage|p1a: Lilligant|94/261\n|\n|upkeep\n|turn|16\n|inactive|Time left: 300 sec this turn | 300 sec total\n|\n|t:|1783567810\n|move|p1a: Lilligant|Giga Drain|p2a: Misdreavus\n|-damage|p2a: Misdreavus|0 fnt\n|-heal|p1a: Lilligant|114/261|[from] drain|[of] p2a: Misdreavus\n|faint|p2a: Misdreavus\n|-damage|p1a: Lilligant|88/261|[from] item: Life Orb\n|\n|upkeep\n|\n|t:|1783567811\n|switch|p2a: Toxicroak|Toxicroak, L84, M|100/100\n|turn|17\n|inactive|Time left: 300 sec this turn | 300 sec total\n|\n|t:|1783567812\n|-terastallize|p1a: Lilligant|Fire\n|move|p1a: Lilligant|Tera Blast|p2a: Toxicroak|[anim] Tera Blast Fire\n|-damage|p2a: Toxicroak|0 fnt\n|faint|p2a: Toxicroak\n|-damage|p1a: Lilligant|62/261|[from] item: Life Orb\n|\n|upkeep\n|\n|t:|1783567813\n|switch|p2a: Crawdaunt|Crawdaunt, L84, F|100/100\n|turn|18\n|inactive|Time left: 300 sec this turn | 300 sec total\n|\n|t:|1783567814\n|move|p2a: Crawdaunt|Aqua Jet|p1a: Lilligant\n|-supereffective|p1a: Lilligant\n|-damage|p1a: Lilligant|0 fnt\n|faint|p1a: Lilligant\n|-damage|p2a: Crawdaunt|91/100|[from] item: Life Orb\n|\n|upkeep\n|inactive|Time left: 300 sec this turn | 300 sec total | 5 sec grace\n|\n|t:|1783567814\n|switch|p1a: Iron Valiant|Iron Valiant, L78|244/244\n|turn|19\n|inactive|Time left: 300 sec this turn | 300 sec total\n|\n|t:|1783567815\n|-terastallize|p2a: Crawdaunt|Water\n|move|p1a: Iron Valiant|Moonblast|p2a: Crawdaunt\n|-damage|p2a: Crawdaunt|10/100\n|-damage|p1a: Iron Valiant|220/244|[from] item: Life Orb\n|move|p2a: Crawdaunt|Crabhammer|p1a: Iron Valiant\n|-damage|p1a: Iron Valiant|0 fnt\n|faint|p1a: Iron Valiant\n|-end|p1a: Iron Valiant|Quark Drive|[silent]\n|-damage|p2a: Crawdaunt|0 fnt|[from] item: Life Orb\n|faint|p2a: Crawdaunt\n|\n|upkeep\n|inactive|Time left: 300 sec this turn | 300 sec total | 5 sec grace\n|\n|t:|1783567816\n|switch|p1a: Iron Crown|Iron Crown, L78|268/268\n|switch|p2a: Passimian|Passimian, L83, M|100/100\n|turn|20\n|inactive|Time left: 300 sec this turn | 300 sec total\n|\n|t:|1783567817\n|move|p1a: Iron Crown|Psyshock|p2a: Passimian\n|-supereffective|p2a: Passimian\n|-crit|p2a: Passimian\n|-damage|p2a: Passimian|0 fnt\n|faint|p2a: Passimian\n|\n|upkeep\n|\n|t:|1783567818\n|switch|p2a: Houndoom|Houndoom, L87, M|100/100\n|turn|21\n|inactive|Time left: 300 sec this turn | 300 sec total\n|\n|t:|1783567819\n|-end|p1a: Iron Crown|Quark Drive|[silent]\n|switch|p1a: Garganacl|Garganacl, L80, F|291/291\n|move|p2a: Houndoom|Nasty Plot|p2a: Houndoom\n|-boost|p2a: Houndoom|spa|2\n|\n|upkeep\n|turn|22\n|inactive|Time left: 300 sec this turn | 300 sec total\n|\n|t:|1783567820\n|move|p2a: Houndoom|Dark Pulse|p1a: Garganacl\n|-damage|p1a: Garganacl|83/291\n|move|p1a: Garganacl|Body Press|p2a: Houndoom\n|-supereffective|p2a: Houndoom\n|-damage|p2a: Houndoom|28/100\n|\n|-heal|p1a: Garganacl|101/291|[from] item: Leftovers\n|upkeep\n|turn|23\n|inactive|Time left: 300 sec this turn | 300 sec total\n|\n|t:|1783567821\n|move|p2a: Houndoom|Dark Pulse|p1a: Garganacl\n|-crit|p1a: Garganacl\n|-damage|p1a: Garganacl|0 fnt\n|faint|p1a: Garganacl\n|\n|upkeep\n|inactive|Time left: 300 sec this turn | 300 sec total | 5 sec grace\n|\n|t:|1783567822\n|switch|p1a: Gouging Fire|Gouging Fire, L74|277/277\n|turn|24\n|inactive|Time left: 300 sec this turn | 300 sec total\n|\n|t:|1783567823\n|move|p2a: Houndoom|Dark Pulse|p1a: Gouging Fire\n|-damage|p1a: Gouging Fire|60/277\n|move|p1a: Gouging Fire|Dragon Dance|p1a: Gouging Fire\n|-boost|p1a: Gouging Fire|atk|1\n|-boost|p1a: Gouging Fire|spe|1\n|\n|upkeep\n|turn|25\n|inactive|Time left: 300 sec this turn | 300 sec total\n|\n|t:|1783567824\n|move|p1a: Gouging Fire|Outrage|p2a: Houndoom\n|-damage|p2a: Houndoom|0 fnt\n|faint|p2a: Houndoom\n|\n|upkeep\n|\n|t:|1783567825\n|switch|p2a: Glimmora|Glimmora, L75, M|100/100\n|turn|26\n|inactive|Time left: 300 sec this turn | 300 sec total\n|\n|t:|1783567826\n|move|p1a: Gouging Fire|Outrage|p2a: Glimmora|[from] lockedmove\n|-damage|p2a: Glimmora|31/100\n|-activate|p2a: Glimmora|ability: Toxic Debris\n|-sidestart|p1: p0x248118c5|move: Toxic Spikes\n|move|p2a: Glimmora|Sludge Wave|p1a: Gouging Fire\n|-crit|p1a: Gouging Fire\n|-damage|p1a: Gouging Fire|0 fnt\n|faint|p1a: Gouging Fire\n|-end|p1a: Gouging Fire|Protosynthesis|[silent]\n|\n|upkeep\n|inactive|Time left: 300 sec this turn | 300 sec total | 5 sec grace\n|\n|t:|1783567827\n|switch|p1a: Iron Crown|Iron Crown, L78|268/268\n|turn|27\n|inactive|Time left: 300 sec this turn | 300 sec total\n|\n|t:|1783567827\n|move|p1a: Iron Crown|Psyshock|p2a: Glimmora\n|-supereffective|p2a: Glimmora\n|-damage|p2a: Glimmora|0 fnt\n|faint|p2a: Glimmora\n|\n|win|p0x248118c5", "uploadtime": 1783567827, "views": 0, "rating": 0, "private": 0, "password": null, "_winner": "p0x248118c5", "_our_name": "p0x248118c5"}