{"id": "battle-gen9randombattle-155", "formatid": "gen9randombattle", "format": "[Gen 9] Random Battle", "players": ["p0x155b5e8", "p0y155803c"], "log": "|init|battle\n|title|p0x155b5e8 vs. p0y155803c\n|j|\u2606p0x155b5e8\n|j|\u2606p0y155803c\n|t:|1783535528\n|gametype|singles\n|player|p1|p0x155b5e8|102|\n|player|p2|p0y155803c|1|\n|gen|9\n|tier|[Gen 9] Random Battle\n|rule|Species Clause: Limit one of each Pok\u00e9mon\n|rule|HP Percentage Mod: HP is shown in percentages\n|rule|Sleep Clause Mod: Limit one foe put to sleep\n|rule|Illusion Level Mod: Illusion disguises the Pok\u00e9mon's true level\n|\n|t:|1783535528\n|teamsize|p1|6\n|teamsize|p2|6\n|start\n|switch|p1a: Overqwil|Overqwil, L82, M|274/274\n|switch|p2a: Rillaboom|Rillaboom, L79, F|100/100\n|-ability|p1a: Overqwil|Intimidate|boost\n|-unboost|p2a: Rillaboom|atk|1\n|-fieldstart|move: Grassy Terrain|[from] ability: Grassy Surge|[of] p2a: Rillaboom\n|turn|1\n|inactive|Battle timer is ON: inactive players will automatically lose when time's up. (requested by p0y155803c)\n|inactive|Time left: 300 sec this turn | 300 sec total | 60 sec grace\n|inactive|p0x155b5e8 also wants the timer to be on.\n|\n|t:|1783535530\n|switch|p2a: Poliwrath|Poliwrath, L88, F|100/100\n|move|p1a: Overqwil|Gunk Shot|p2a: Poliwrath\n|-damage|p2a: Poliwrath|61/100\n|\n|-heal|p2a: Poliwrath|67/100|[from] Grassy Terrain\n|upkeep\n|turn|2\n|inactive|Time left: 300 sec this turn | 300 sec total\n|\n|t:|1783535531\n|move|p1a: Overqwil|Gunk Shot|p2a: Poliwrath\n|-damage|p2a: Poliwrath|23/100\n|-status|p2a: Poliwrath|psn\n|move|p2a: Poliwrath|Knock Off|p1a: Overqwil\n|-resisted|p1a: Overqwil\n|-damage|p1a: Overqwil|238/274\n|-enditem|p1a: Overqwil|Loaded Dice|[from] move: Knock Off|[of] p2a: Poliwrath\n|\n|-heal|p1a: Overqwil|255/274|[from] Grassy Terrain\n|-heal|p2a: Poliwrath|29/100 psn|[from] Grassy Terrain\n|-damage|p2a: Poliwrath|17/100 psn|[from] psn\n|upkeep\n|turn|3\n|inactive|Time left: 300 sec this turn | 300 sec total\n|\n|t:|1783535533\n|switch|p2a: Golem|Golem, L87, F|100/100\n|move|p1a: Overqwil|Gunk Shot|p2a: Golem\n|-resisted|p2a: Golem\n|-damage|p2a: Golem|92/100\n|\n|-heal|p1a: Overqwil|272/274|[from] Grassy Terrain\n|-heal|p2a: Golem|98/100|[from] Grassy Terrain\n|upkeep\n|turn|4\n|inactive|Time left: 300 sec this turn | 300 sec total\n|\n|t:|1783535534\n|move|p1a: Overqwil|Swords Dance|p1a: Overqwil\n|-boost|p1a: Overqwil|atk|2\n|move|p2a: Golem|Stone Edge|p1a: Overqwil\n|-damage|p1a: Overqwil|134/274\n|\n|-heal|p1a: Overqwil|151/274|[from] Grassy Terrain\n|-heal|p2a: Golem|100/100|[from] Grassy Terrain\n|upkeep\n|turn|5\n|inactive|Time left: 300 sec this turn | 300 sec total\n|\n|t:|1783535535\n|move|p1a: Overqwil|Crunch|p2a: Golem\n|-damage|p2a: Golem|54/100\n|move|p2a: Golem|Earthquake|p1a: Overqwil\n|-supereffective|p1a: Overqwil\n|-damage|p1a: Overqwil|25/274\n|\n|-heal|p1a: Overqwil|42/274|[from] Grassy Terrain\n|-heal|p2a: Golem|60/100|[from] Grassy Terrain\n|-fieldend|move: Grassy Terrain\n|upkeep\n|turn|6\n|inactive|Time left: 300 sec this turn | 300 sec total\n|\n|t:|1783535536\n|move|p1a: Overqwil|Crunch|p2a: Golem\n|-damage|p2a: Golem|16/100\n|move|p2a: Golem|Earthquake|p1a: Overqwil\n|-supereffective|p1a: Overqwil\n|-damage|p1a: Overqwil|0 fnt\n|faint|p1a: Overqwil\n|\n|upkeep\n|inactive|Time left: 300 sec this turn | 300 sec total | 5 sec grace\n|\n|t:|1783535537\n|switch|p1a: Girafarig|Girafarig, L89, F|269/269\n|turn|7\n|inactive|Time left: 300 sec this turn | 300 sec total\n|\n|t:|1783535538\n|switch|p2a: Umbreon|Umbreon, L84, M|100/100\n|move|p1a: Girafarig|Nasty Plot|p1a: Girafarig\n|-boost|p1a: Girafarig|spa|2\n|\n|upkeep\n|turn|8\n|inactive|Time left: 300 sec this turn | 300 sec total\n|\n|t:|1783535539\n|move|p1a: Girafarig|Hyper Voice|p2a: Umbreon\n|-damage|p2a: Umbreon|51/100\n|move|p2a: Umbreon|Foul Play|p1a: Girafarig\n|-supereffective|p1a: Girafarig\n|-damage|p1a: Girafarig|155/269\n|\n|-heal|p2a: Umbreon|57/100|[from] item: Leftovers\n|upkeep\n|turn|9\n|inactive|Time left: 300 sec this turn | 300 sec total\n|\n|t:|1783535540\n|-terastallize|p1a: Girafarig|Normal\n|move|p1a: Girafarig|Hyper Voice|p2a: Umbreon\n|-damage|p2a: Umbreon|0 fnt\n|faint|p2a: Umbreon\n|\n|upkeep\n|\n|t:|1783535541\n|switch|p2a: Gardevoir|Gardevoir, L83, M|100/100\n|-ability|p2a: Gardevoir|Sap Sipper|Trace|[from] ability: Trace|[of] p1a: Girafarig\n|turn|10\n|inactive|Time left: 300 sec this turn | 300 sec total\n|\n|t:|1783535541\n|move|p2a: Gardevoir|Moonblast|p1a: Girafarig\n|-damage|p1a: Girafarig|58/269\n|move|p1a: Girafarig|Hyper Voice|p2a: Gardevoir\n|-damage|p2a: Gardevoir|9/100\n|\n|upkeep\n|turn|11\n|inactive|Time left: 300 sec this turn | 300 sec total\n|\n|t:|1783535543\n|switch|p1a: Magmortar|Magmortar, L88, F|275/275\n|move|p2a: Gardevoir|Moonblast|p1a: Magmortar\n|-resisted|p1a: Magmortar\n|-damage|p1a: Magmortar|224/275\n|\n|upkeep\n|turn|12\n|inactive|Time left: 300 sec this turn | 300 sec total\n|\n|t:|1783535544\n|move|p2a: Gardevoir|Moonblast|p1a: Magmortar\n|-resisted|p1a: Magmortar\n|-damage|p1a: Magmortar|169/275\n|-unboost|p1a: Magmortar|spa|1\n|move|p1a: Magmortar|Knock Off|p2a: Gardevoir\n|-damage|p2a: Gardevoir|0 fnt\n|-enditem|p2a: Gardevoir|Choice Scarf|[from] move: Knock Off|[of] p1a: Magmortar\n|faint|p2a: Gardevoir\n|\n|upkeep\n|\n|t:|1783535545\n|switch|p2a: Veluza|Veluza, L85, M|100/100\n|turn|13\n|inactive|Time left: 300 sec this turn | 300 sec total\n|\n|t:|1783535546\n|move|p1a: Magmortar|Knock Off|p2a: Veluza\n|-supereffective|p2a: Veluza\n|-damage|p2a: Veluza|44/100\n|-enditem|p2a: Veluza|Choice Band|[from] move: Knock Off|[of] p1a: Magmortar\n|move|p2a: Veluza|Aqua Cutter|p1a: Magmortar\n|-supereffective|p1a: Magmortar\n|-damage|p1a: Magmortar|0 fnt\n|faint|p1a: Magmortar\n|\n|upkeep\n|inactive|Time left: 300 sec this turn | 300 sec total | 5 sec grace\n|\n|t:|1783535547\n|switch|p1a: Girafarig|Girafarig, L89, F, tera:Normal|58/269\n|turn|14\n|inactive|Time left: 300 sec this turn | 300 sec total\n|\n|t:|1783535548\n|move|p1a: Girafarig|Hyper Voice|p2a: Veluza\n|-damage|p2a: Veluza|0 fnt\n|faint|p2a: Veluza\n|\n|upkeep\n|\n|t:|1783535549\n|switch|p2a: Rillaboom|Rillaboom, L79, F|100/100\n|-fieldstart|move: Grassy Terrain|[from] ability: Grassy Surge|[of] p2a: Rillaboom\n|turn|15\n|inactive|Time left: 300 sec this turn | 300 sec total\n|\n|t:|1783535550\n|move|p1a: Girafarig|Hyper Voice|p2a: Rillaboom\n|-damage|p2a: Rillaboom|38/100\n|move|p2a: Rillaboom|U-turn|p1a: Girafarig\n|-damage|p1a: Girafarig|0 fnt\n|faint|p1a: Girafarig\n|\n|t:|1783535551\n|switch|p2a: Poliwrath|Poliwrath, L88, F|17/100 psn|[from] U-turn\n|\n|-heal|p2a: Poliwrath|23/100 psn|[from] Grassy Terrain\n|-damage|p2a: Poliwrath|11/100 psn|[from] psn\n|upkeep\n|inactive|Time left: 300 sec this turn | 300 sec total | 10 sec grace\n|\n|t:|1783535552\n|switch|p1a: Meganium|Meganium, L90, F|290/290\n|turn|16\n|inactive|Time left: 300 sec this turn | 300 sec total\n|\n|t:|1783535553\n|move|p1a: Meganium|Energy Ball|p2a: Poliwrath\n|-supereffective|p2a: Poliwrath\n|-damage|p2a: Poliwrath|0 fnt\n|faint|p2a: Poliwrath\n|\n|upkeep\n|\n|t:|1783535554\n|switch|p2a: Rillaboom|Rillaboom, L79, F|38/100\n|turn|17\n|inactive|Time left: 300 sec this turn | 300 sec total\n|\n|t:|1783535555\n|move|p1a: Meganium|Knock Off|p2a: Rillaboom\n|-damage|p2a: Rillaboom|12/100\n|-enditem|p2a: Rillaboom|Choice Band|[from] move: Knock Off|[of] p1a: Meganium\n|move|p2a: Rillaboom|U-turn|p1a: Meganium\n|-supereffective|p1a: Meganium\n|-damage|p1a: Meganium|194/290\n|\n|t:|1783535556\n|switch|p2a: Golem|Golem, L87, F|16/100|[from] U-turn\n|\n|-heal|p1a: Meganium|212/290|[from] Grassy Terrain\n|-heal|p1a: Meganium|230/290|[from] item: Leftovers\n|-heal|p2a: Golem|22/100|[from] Grassy Terrain\n|upkeep\n|turn|18\n|inactive|Time left: 300 sec this turn | 300 sec total\n|\n|t:|1783535557\n|switch|p2a: Rillaboom|Rillaboom, L79, F|12/100\n|move|p1a: Meganium|Energy Ball|p2a: Rillaboom\n|-resisted|p2a: Rillaboom\n|-damage|p2a: Rillaboom|0 fnt\n|faint|p2a: Rillaboom\n|\n|-heal|p1a: Meganium|248/290|[from] Grassy Terrain\n|-heal|p1a: Meganium|266/290|[from] item: Leftovers\n|upkeep\n|\n|t:|1783535558\n|switch|p2a: Golem|Golem, L87, F|22/100\n|turn|19\n|inactive|Time left: 300 sec this turn | 300 sec total\n|\n|t:|1783535558\n|move|p1a: Meganium|Energy Ball|p2a: Golem\n|-supereffective|p2a: Golem\n|-damage|p2a: Golem|0 fnt\n|faint|p2a: Golem\n|\n|win|p0x155b5e8", "uploadtime": 1783535558, "views": 0, "rating": 0, "private": 0, "password": null, "_winner": "p0x155b5e8", "_our_name": "p0x155b5e8"}