{"id": "battle-gen9randombattle-1666", "formatid": "gen9randombattle", "format": "[Gen 9] Random Battle", "players": ["p0x1666de9f", "p0y16663d7a"], "log": "|init|battle\n|title|p0x1666de9f vs. p0y16663d7a\n|j|\u2606p0x1666de9f\n|j|\u2606p0y16663d7a\n|t:|1783559330\n|gametype|singles\n|player|p1|p0x1666de9f|2|\n|player|p2|p0y16663d7a|265|\n|gen|9\n|tier|[Gen 9] Random Battle\n|rule|Species Clause: Limit one of each Pok\u00e9mon\n|rule|HP Percentage Mod: HP is shown in percentages\n|rule|Sleep Clause Mod: Limit one foe put to sleep\n|rule|Illusion Level Mod: Illusion disguises the Pok\u00e9mon's true level\n|\n|t:|1783559330\n|teamsize|p1|6\n|teamsize|p2|6\n|start\n|switch|p1a: Drednaw|Drednaw, L81, F|100/100\n|switch|p2a: Abomasnow|Abomasnow, L84, M|287/287\n|-weather|Snowscape|[from] ability: Snow Warning|[of] p2a: Abomasnow\n|turn|1\n|inactive|Battle timer is ON: inactive players will automatically lose when time's up. (requested by p0y16663d7a)\n|inactive|p0x1666de9f also wants the timer to be on.\n|\n|t:|1783559331\n|move|p1a: Drednaw|Shell Smash|p1a: Drednaw\n|-unboost|p1a: Drednaw|def|1\n|-unboost|p1a: Drednaw|spd|1\n|-boost|p1a: Drednaw|atk|2\n|-boost|p1a: Drednaw|spa|2\n|-boost|p1a: Drednaw|spe|2\n|-enditem|p1a: Drednaw|White Herb\n|-clearnegativeboost|p1a: Drednaw|[silent]\n|move|p2a: Abomasnow|Wood Hammer|p1a: Drednaw\n|-supereffective|p1a: Drednaw\n|-damage|p1a: Drednaw|0 fnt\n|faint|p1a: Drednaw\n|-damage|p2a: Abomasnow|195/287|[from] Recoil\n|\n|-weather|Snowscape|[upkeep]\n|upkeep\n|\n|t:|1783559332\n|switch|p1a: Abomasnow|Abomasnow, L84, F|100/100\n|turn|2\n|inactive|Time left: 300 sec this turn | 300 sec total\n|\n|t:|1783559333\n|move|p1a: Abomasnow|Aurora Veil|p1a: Abomasnow\n|-sidestart|p1: p0x1666de9f|move: Aurora Veil\n|move|p2a: Abomasnow|Aurora Veil|p2a: Abomasnow\n|-sidestart|p2: p0y16663d7a|move: Aurora Veil\n|\n|-weather|Snowscape|[upkeep]\n|upkeep\n|turn|3\n|inactive|Time left: 300 sec this turn | 300 sec total\n|\n|t:|1783559334\n|switch|p1a: Fezandipiti|Fezandipiti, L82, M|100/100\n|switch|p2a: Arceus|Arceus-Grass, L73|296/296\n|\n|-weather|Snowscape|[upkeep]\n|upkeep\n|turn|4\n|inactive|Time left: 300 sec this turn | 300 sec total\n|\n|t:|1783559335\n|move|p2a: Arceus|Calm Mind|p2a: Arceus\n|-boost|p2a: Arceus|spa|1\n|-boost|p2a: Arceus|spd|1\n|move|p1a: Fezandipiti|Swords Dance|p1a: Fezandipiti\n|-boost|p1a: Fezandipiti|atk|2\n|\n|-weather|Snowscape|[upkeep]\n|upkeep\n|turn|5\n|inactive|Time left: 300 sec this turn | 300 sec total\n|\n|t:|1783559336\n|move|p2a: Arceus|Calm Mind|p2a: Arceus\n|-boost|p2a: Arceus|spa|1\n|-boost|p2a: Arceus|spd|1\n|move|p1a: Fezandipiti|Gunk Shot|p2a: Arceus\n|-supereffective|p2a: Arceus\n|-damage|p2a: Arceus|74/296\n|\n|-weather|none\n|upkeep\n|turn|6\n|inactive|Time left: 300 sec this turn | 300 sec total\n|\n|t:|1783559337\n|move|p2a: Arceus|Recover|p2a: Arceus\n|-heal|p2a: Arceus|222/296\n|move|p1a: Fezandipiti|Gunk Shot|p2a: Arceus|[miss]\n|-miss|p1a: Fezandipiti|p2a: Arceus\n|\n|upkeep\n|turn|7\n|inactive|Time left: 300 sec this turn | 300 sec total\n|\n|t:|1783559338\n|move|p2a: Arceus|Recover|p2a: Arceus\n|-heal|p2a: Arceus|296/296\n|move|p1a: Fezandipiti|Gunk Shot|p2a: Arceus\n|-supereffective|p2a: Arceus\n|-damage|p2a: Arceus|97/296\n|\n|upkeep\n|turn|8\n|inactive|Time left: 300 sec this turn | 300 sec total\n|\n|t:|1783559339\n|move|p2a: Arceus|Recover|p2a: Arceus\n|-heal|p2a: Arceus|245/296\n|move|p1a: Fezandipiti|Gunk Shot|p2a: Arceus\n|-supereffective|p2a: Arceus\n|-damage|p2a: Arceus|44/296\n|\n|upkeep\n|turn|9\n|inactive|Time left: 300 sec this turn | 300 sec total\n|\n|t:|1783559341\n|move|p2a: Arceus|Recover|p2a: Arceus\n|-heal|p2a: Arceus|192/296\n|move|p1a: Fezandipiti|Gunk Shot|p2a: Arceus|[miss]\n|-miss|p1a: Fezandipiti|p2a: Arceus\n|\n|-sideend|p2: p0y16663d7a|move: Aurora Veil\n|-sideend|p1: p0x1666de9f|move: Aurora Veil\n|upkeep\n|turn|10\n|inactive|Time left: 300 sec this turn | 300 sec total\n|\n|t:|1783559342\n|move|p2a: Arceus|Judgment|p1a: Fezandipiti\n|-resisted|p1a: Fezandipiti\n|-damage|p1a: Fezandipiti|71/100\n|move|p1a: Fezandipiti|Gunk Shot|p2a: Arceus\n|-supereffective|p2a: Arceus\n|-damage|p2a: Arceus|0 fnt\n|faint|p2a: Arceus\n|\n|-heal|p1a: Fezandipiti|77/100|[from] item: Leftovers\n|upkeep\n|inactive|Time left: 300 sec this turn | 300 sec total | 5 sec grace\n|\n|t:|1783559343\n|switch|p2a: Altaria|Altaria, L89, M|278/278\n|turn|11\n|inactive|Time left: 300 sec this turn | 300 sec total\n|\n|t:|1783559344\n|-terastallize|p2a: Altaria|Steel\n|move|p1a: Fezandipiti|Play Rough|p2a: Altaria\n|-resisted|p2a: Altaria\n|-damage|p2a: Altaria|197/278\n|move|p2a: Altaria|Will-O-Wisp|p1a: Fezandipiti\n|-status|p1a: Fezandipiti|brn\n|\n|-heal|p1a: Fezandipiti|83/100 brn|[from] item: Leftovers\n|-damage|p1a: Fezandipiti|77/100 brn|[from] brn\n|upkeep\n|turn|12\n|inactive|Time left: 300 sec this turn | 300 sec total\n|\n|t:|1783559345\n|move|p1a: Fezandipiti|Play Rough|p2a: Altaria|[miss]\n|-miss|p1a: Fezandipiti|p2a: Altaria\n|move|p2a: Altaria|Roost|p2a: Altaria\n|-heal|p2a: Altaria|278/278\n|\n|-heal|p1a: Fezandipiti|83/100 brn|[from] item: Leftovers\n|-damage|p1a: Fezandipiti|77/100 brn|[from] brn\n|upkeep\n|turn|13\n|inactive|Time left: 300 sec this turn | 300 sec total\n|\n|t:|1783559345\n|move|p1a: Fezandipiti|Swords Dance|p1a: Fezandipiti\n|-boost|p1a: Fezandipiti|atk|2\n|move|p2a: Altaria|Brave Bird|p1a: Fezandipiti\n|-damage|p1a: Fezandipiti|34/100 brn\n|-damage|p2a: Altaria|238/278|[from] Recoil\n|\n|-heal|p1a: Fezandipiti|40/100 brn|[from] item: Leftovers\n|-damage|p1a: Fezandipiti|34/100 brn|[from] brn\n|upkeep\n|turn|14\n|inactive|Time left: 300 sec this turn | 300 sec total\n|\n|t:|1783559346\n|-terastallize|p1a: Fezandipiti|Ground\n|move|p1a: Fezandipiti|Tera Blast|p2a: Altaria|[anim] Tera Blast Ground\n|-supereffective|p2a: Altaria\n|-damage|p2a: Altaria|21/278\n|move|p2a: Altaria|Brave Bird|p1a: Fezandipiti\n|-damage|p1a: Fezandipiti|0 fnt\n|faint|p1a: Fezandipiti\n|-damage|p2a: Altaria|0 fnt|[from] Recoil\n|faint|p2a: Altaria\n|\n|upkeep\n|inactive|Time left: 300 sec this turn | 300 sec total | 5 sec grace\n|\n|t:|1783559347\n|switch|p1a: Abomasnow|Abomasnow, L84, F|100/100\n|switch|p2a: Abomasnow|Abomasnow, L84, M|195/287\n|-weather|Snowscape|[from] ability: Snow Warning|[of] p1a: Abomasnow\n|turn|15\n|inactive|Time left: 300 sec this turn | 300 sec total\n|\n|t:|1783559348\n|move|p2a: Abomasnow|Aurora Veil|p2a: Abomasnow\n|-sidestart|p2: p0y16663d7a|move: Aurora Veil\n|move|p1a: Abomasnow|Aurora Veil|p1a: Abomasnow\n|-sidestart|p1: p0x1666de9f|move: Aurora Veil\n|\n|-weather|Snowscape|[upkeep]\n|upkeep\n|turn|16\n|inactive|Time left: 300 sec this turn | 300 sec total\n|\n|t:|1783559349\n|switch|p1a: Deoxys|Deoxys-Defense, L84|100/100\n|-ability|p1a: Deoxys|Pressure\n|move|p2a: Abomasnow|Blizzard|p1a: Deoxys\n|-damage|p1a: Deoxys|86/100\n|\n|-weather|Snowscape|[upkeep]\n|-heal|p1a: Deoxys|91/100|[from] item: Leftovers\n|upkeep\n|turn|17\n|inactive|Time left: 300 sec this turn | 300 sec total\n|\n|t:|1783559350\n|switch|p2a: Terapagos|Terapagos, L77, M|265/265\n|-activate|p2a: Terapagos|ability: Tera Shift\n|detailschange|p2a: Terapagos|Terapagos-Terastal, L77, M\n|-heal|p2a: Terapagos|273/273|[silent]\n|move|p1a: Deoxys|Night Shade|p2a: Terapagos\n|-immune|p2a: Terapagos\n|\n|-weather|Snowscape|[upkeep]\n|-heal|p1a: Deoxys|97/100|[from] item: Leftovers\n|upkeep\n|turn|18\n|inactive|Time left: 300 sec this turn | 300 sec total\n|\n|t:|1783559351\n|move|p1a: Deoxys|Cosmic Power|p1a: Deoxys\n|-boost|p1a: Deoxys|def|1\n|-boost|p1a: Deoxys|spd|1\n|move|p2a: Terapagos|Calm Mind|p2a: Terapagos\n|-boost|p2a: Terapagos|spa|1\n|-boost|p2a: Terapagos|spd|1\n|\n|-weather|Snowscape|[upkeep]\n|-heal|p1a: Deoxys|100/100|[from] item: Leftovers\n|upkeep\n|turn|19\n|inactive|Time left: 300 sec this turn | 300 sec total\n|\n|t:|1783559351\n|move|p1a: Deoxys|Cosmic Power|p1a: Deoxys\n|-boost|p1a: Deoxys|def|1\n|-boost|p1a: Deoxys|spd|1\n|move|p2a: Terapagos|Calm Mind|p2a: Terapagos\n|-boost|p2a: Terapagos|spa|1\n|-boost|p2a: Terapagos|spd|1\n|\n|-weather|none\n|upkeep\n|turn|20\n|inactive|Time left: 300 sec this turn | 300 sec total\n|\n|t:|1783559352\n|move|p1a: Deoxys|Cosmic Power|p1a: Deoxys\n|-boost|p1a: Deoxys|def|1\n|-boost|p1a: Deoxys|spd|1\n|move|p2a: Terapagos|Calm Mind|p2a: Terapagos\n|-boost|p2a: Terapagos|spa|1\n|-boost|p2a: Terapagos|spd|1\n|\n|upkeep\n|turn|21\n|inactive|Time left: 300 sec this turn | 300 sec total\n|\n|t:|1783559354\n|move|p1a: Deoxys|Cosmic Power|p1a: Deoxys\n|-boost|p1a: Deoxys|def|1\n|-boost|p1a: Deoxys|spd|1\n|move|p2a: Terapagos|Calm Mind|p2a: Terapagos\n|-boost|p2a: Terapagos|spa|1\n|-boost|p2a: Terapagos|spd|1\n|\n|upkeep\n|turn|22\n|inactive|Time left: 300 sec this turn | 300 sec total\n|\n|t:|1783559355\n|move|p1a: Deoxys|Cosmic Power|p1a: Deoxys\n|-boost|p1a: Deoxys|def|1\n|-boost|p1a: Deoxys|spd|1\n|move|p2a: Terapagos|Tera Starstorm|p1a: Deoxys\n|-damage|p1a: Deoxys|88/100\n|\n|-heal|p1a: Deoxys|94/100|[from] item: Leftovers\n|-sideend|p2: p0y16663d7a|move: Aurora Veil\n|-sideend|p1: p0x1666de9f|move: Aurora Veil\n|upkeep\n|turn|23\n|inactive|Time left: 300 sec this turn | 300 sec total\n|\n|t:|1783559356\n|move|p1a: Deoxys|Stored Power|p2a: Terapagos\n|-activate|p2a: Terapagos|ability: Tera Shell\n|-resisted|p2a: Terapagos\n|-damage|p2a: Terapagos|244/273\n|move|p2a: Terapagos|Dark Pulse|p1a: Deoxys\n|-supereffective|p1a: Deoxys\n|-damage|p1a: Deoxys|67/100\n|\n|-heal|p1a: Deoxys|73/100|[from] item: Leftovers\n|upkeep\n|turn|24\n|inactive|Time left: 300 sec this turn | 300 sec total\n|\n|t:|1783559357\n|move|p1a: Deoxys|Stored Power|p2a: Terapagos\n|-damage|p2a: Terapagos|187/273\n|move|p2a: Terapagos|Dark Pulse|p1a: Deoxys\n|-supereffective|p1a: Deoxys\n|-damage|p1a: Deoxys|48/100\n|\n|-heal|p1a: Deoxys|54/100|[from] item: Leftovers\n|upkeep\n|turn|25\n|inactive|Time left: 300 sec this turn | 300 sec total\n|\n|t:|1783559358\n|move|p1a: Deoxys|Recover|p1a: Deoxys\n|-heal|p1a: Deoxys|100/100\n|move|p2a: Terapagos|Dark Pulse|p1a: Deoxys\n|-supereffective|p1a: Deoxys\n|-damage|p1a: Deoxys|78/100\n|\n|-heal|p1a: Deoxys|84/100|[from] item: Leftovers\n|upkeep\n|turn|26\n|inactive|Time left: 300 sec this turn | 300 sec total\n|\n|t:|1783559359\n|move|p1a: Deoxys|Stored Power|p2a: Terapagos\n|-crit|p2a: Terapagos\n|-damage|p2a: Terapagos|0 fnt\n|faint|p2a: Terapagos\n|\n|-heal|p1a: Deoxys|90/100|[from] item: Leftovers\n|upkeep\n|inactive|Time left: 300 sec this turn | 300 sec total | 5 sec grace\n|\n|t:|1783559360\n|switch|p2a: Abomasnow|Abomasnow, L84, M|195/287\n|-weather|Snowscape|[from] ability: Snow Warning|[of] p2a: Abomasnow\n|turn|27\n|inactive|Time left: 300 sec this turn | 300 sec total\n|\n|t:|1783559361\n|move|p1a: Deoxys|Stored Power|p2a: Abomasnow\n|-damage|p2a: Abomasnow|0 fnt\n|faint|p2a: Abomasnow\n|\n|-weather|Snowscape|[upkeep]\n|-heal|p1a: Deoxys|96/100|[from] item: Leftovers\n|upkeep\n|inactive|Time left: 300 sec this turn | 300 sec total | 5 sec grace\n|\n|t:|1783559362\n|switch|p2a: Illumise|Illumise, L91, F|266/266\n|turn|28\n|inactive|Time left: 300 sec this turn | 300 sec total\n|\n|t:|1783559363\n|move|p2a: Illumise|Thunder Wave|p1a: Deoxys|[miss]\n|-miss|p2a: Illumise|p1a: Deoxys\n|move|p1a: Deoxys|Stored Power|p2a: Illumise\n|-damage|p2a: Illumise|85/266\n|\n|-weather|Snowscape|[upkeep]\n|-heal|p1a: Deoxys|100/100|[from] item: Leftovers\n|upkeep\n|turn|29\n|inactive|Time left: 300 sec this turn | 300 sec total\n|\n|t:|1783559364\n|move|p2a: Illumise|Roost|p2a: Illumise\n|-heal|p2a: Illumise|218/266\n|-singleturn|p2a: Illumise|move: Roost\n|move|p1a: Deoxys|Stored Power|p2a: Illumise\n|-damage|p2a: Illumise|43/266\n|\n|-weather|Snowscape|[upkeep]\n|upkeep\n|turn|30\n|inactive|Time left: 300 sec this turn | 300 sec total\n|\n|t:|1783559365\n|move|p2a: Illumise|Thunder Wave|p1a: Deoxys\n|-status|p1a: Deoxys|par\n|move|p1a: Deoxys|Stored Power|p2a: Illumise\n|-damage|p2a: Illumise|0 fnt\n|faint|p2a: Illumise\n|\n|-weather|Snowscape|[upkeep]\n|upkeep\n|inactive|Time left: 300 sec this turn | 300 sec total | 5 sec grace\n|\n|t:|1783559366\n|switch|p2a: Primarina|Primarina, L83, F|268/268\n|turn|31\n|inactive|Time left: 300 sec this turn | 300 sec total\n|\n|t:|1783559367\n|switch|p1a: Abomasnow|Abomasnow, L84, F|100/100\n|move|p2a: Primarina|Calm Mind|p2a: Primarina\n|-boost|p2a: Primarina|spa|1\n|-boost|p2a: Primarina|spd|1\n|\n|-weather|none\n|upkeep\n|turn|32\n|inactive|Time left: 300 sec this turn | 300 sec total\n|\n|t:|1783559368\n|move|p1a: Abomasnow|Wood Hammer|p2a: Primarina\n|-supereffective|p2a: Primarina\n|-damage|p2a: Primarina|10/268\n|-damage|p1a: Abomasnow|71/100|[from] Recoil\n|move|p2a: Primarina|Moonblast|p1a: Abomasnow\n|-damage|p1a: Abomasnow|5/100\n|-unboost|p1a: Abomasnow|spa|1\n|\n|-heal|p2a: Primarina|26/268|[from] item: Leftovers\n|upkeep\n|turn|33\n|inactive|Time left: 300 sec this turn | 300 sec total\n|\n|t:|1783559369\n|move|p1a: Abomasnow|Earthquake|p2a: Primarina\n|-damage|p2a: Primarina|0 fnt\n|faint|p2a: Primarina\n|\n|win|p0x1666de9f", "uploadtime": 1783559369, "views": 0, "rating": 0, "private": 0, "password": null, "_winner": "p0x1666de9f", "_our_name": "p0y16663d7a"}