{"id": "battle-gen9randombattle-141", "formatid": "gen9randombattle", "format": "[Gen 9] Random Battle", "players": ["p0x141e192", "p0y141801c"], "log": "|init|battle\n|title|p0x141e192 vs. p0y141801c\n|j|\u2606p0x141e192\n|j|\u2606p0y141801c\n|t:|1783540798\n|gametype|singles\n|player|p1|p0x141e192|169|\n|player|p2|p0y141801c|170|\n|gen|9\n|tier|[Gen 9] Random Battle\n|rule|Species Clause: Limit one of each Pok\u00e9mon\n|rule|HP Percentage Mod: HP is shown in percentages\n|rule|Sleep Clause Mod: Limit one foe put to sleep\n|rule|Illusion Level Mod: Illusion disguises the Pok\u00e9mon's true level\n|\n|t:|1783540798\n|teamsize|p1|6\n|teamsize|p2|6\n|start\n|switch|p1a: Vespiquen|Vespiquen, L99, F|299/299\n|switch|p2a: Oranguru|Oranguru, L92, M|100/100\n|-ability|p1a: Vespiquen|Pressure\n|turn|1\n|inactive|Battle timer is ON: inactive players will automatically lose when time's up. (requested by p0x141e192)\n|inactive|p0y141801c also wants the timer to be on.\n|\n|t:|1783540799\n|move|p2a: Oranguru|Nasty Plot|p2a: Oranguru\n|-boost|p2a: Oranguru|spa|2\n|move|p1a: Vespiquen|Spikes|p2a: Oranguru\n|-sidestart|p2: p0y141801c|Spikes\n|\n|upkeep\n|turn|2\n|inactive|Time left: 300 sec this turn | 300 sec total\n|\n|t:|1783540800\n|move|p2a: Oranguru|Thunderbolt|p1a: Vespiquen\n|-supereffective|p1a: Vespiquen\n|-damage|p1a: Vespiquen|69/299\n|move|p1a: Vespiquen|Hurricane|p2a: Oranguru\n|-damage|p2a: Oranguru|67/100\n|\n|-heal|p2a: Oranguru|73/100|[from] item: Leftovers\n|upkeep\n|turn|3\n|inactive|Time left: 300 sec this turn | 300 sec total\n|\n|t:|1783540801\n|switch|p1a: Brute Bonnet|Brute Bonnet, L80|309/309\n|move|p2a: Oranguru|Thunderbolt|p1a: Brute Bonnet\n|-resisted|p1a: Brute Bonnet\n|-damage|p1a: Brute Bonnet|243/309\n|\n|-heal|p2a: Oranguru|79/100|[from] item: Leftovers\n|-heal|p1a: Brute Bonnet|262/309|[from] item: Leftovers\n|upkeep\n|turn|4\n|inactive|Time left: 300 sec this turn | 300 sec total\n|\n|t:|1783540803\n|move|p2a: Oranguru|Focus Blast|p1a: Brute Bonnet|[miss]\n|-miss|p2a: Oranguru|p1a: Brute Bonnet\n|move|p1a: Brute Bonnet|Crunch|p2a: Oranguru\n|-supereffective|p2a: Oranguru\n|-damage|p2a: Oranguru|22/100\n|\n|-heal|p2a: Oranguru|28/100|[from] item: Leftovers\n|-heal|p1a: Brute Bonnet|281/309|[from] item: Leftovers\n|upkeep\n|turn|5\n|inactive|Time left: 300 sec this turn | 300 sec total\n|\n|t:|1783540804\n|move|p1a: Brute Bonnet|Sucker Punch|p2a: Oranguru\n|-supereffective|p2a: Oranguru\n|-damage|p2a: Oranguru|0 fnt\n|faint|p2a: Oranguru\n|\n|-heal|p1a: Brute Bonnet|300/309|[from] item: Leftovers\n|upkeep\n|\n|t:|1783540805\n|switch|p2a: Zacian|Zacian-Crowned, L64|100/100\n|-damage|p2a: Zacian|88/100|[from] Spikes\n|-ability|p2a: Zacian|Intrepid Sword|boost\n|-boost|p2a: Zacian|atk|1\n|turn|6\n|inactive|Time left: 300 sec this turn | 300 sec total\n|\n|t:|1783540806\n|-end|p1a: Brute Bonnet|Protosynthesis|[silent]\n|switch|p1a: Politoed|Politoed, L88, F|302/302\n|-weather|RainDance|[from] ability: Drizzle|[of] p1a: Politoed\n|move|p2a: Zacian|Play Rough|p1a: Politoed\n|-damage|p1a: Politoed|172/302\n|\n|-weather|RainDance|[upkeep]\n|upkeep\n|turn|7\n|inactive|Time left: 300 sec this turn | 300 sec total\n|\n|t:|1783540807\n|-terastallize|p2a: Zacian|Fighting\n|move|p2a: Zacian|Close Combat|p1a: Politoed\n|-damage|p1a: Politoed|0 fnt\n|-unboost|p2a: Zacian|def|1\n|-unboost|p2a: Zacian|spd|1\n|faint|p1a: Politoed\n|\n|-weather|RainDance|[upkeep]\n|upkeep\n|inactive|Time left: 300 sec this turn | 300 sec total | 5 sec grace\n|\n|t:|1783540808\n|switch|p1a: Lumineon|Lumineon, L93, M|279/279\n|turn|8\n|inactive|Time left: 300 sec this turn | 300 sec total\n|\n|t:|1783540809\n|move|p2a: Zacian|Close Combat|p1a: Lumineon\n|-damage|p1a: Lumineon|122/279\n|-unboost|p2a: Zacian|def|1\n|-unboost|p2a: Zacian|spd|1\n|move|p1a: Lumineon|Hydro Pump|p2a: Zacian\n|-damage|p2a: Zacian|0 fnt\n|faint|p2a: Zacian\n|\n|-weather|RainDance|[upkeep]\n|upkeep\n|\n|t:|1783540810\n|switch|p2a: Swanna|Swanna, L89, M|100/100\n|turn|9\n|inactive|Time left: 300 sec this turn | 300 sec total\n|\n|t:|1783540811\n|switch|p1a: Deoxys|Deoxys-Speed, L82|216/216\n|-ability|p1a: Deoxys|Pressure\n|move|p2a: Swanna|Brave Bird|p1a: Deoxys\n|-damage|p1a: Deoxys|92/216\n|-damage|p2a: Swanna|86/100|[from] Recoil\n|\n|-weather|RainDance|[upkeep]\n|upkeep\n|turn|10\n|inactive|Time left: 300 sec this turn | 300 sec total\n|\n|t:|1783540811\n|move|p1a: Deoxys|Psycho Boost|p2a: Swanna\n|-damage|p2a: Swanna|8/100\n|-unboost|p1a: Deoxys|spa|2\n|-damage|p1a: Deoxys|71/216|[from] item: Life Orb\n|move|p2a: Swanna|Hydro Pump|p1a: Deoxys\n|-damage|p1a: Deoxys|0 fnt\n|faint|p1a: Deoxys\n|\n|-weather|none\n|upkeep\n|inactive|Time left: 300 sec this turn | 300 sec total | 5 sec grace\n|\n|t:|1783540812\n|switch|p1a: Vespiquen|Vespiquen, L99, F|69/299\n|-ability|p1a: Vespiquen|Pressure\n|turn|11\n|inactive|Time left: 300 sec this turn | 300 sec total\n|\n|t:|1783540813\n|move|p2a: Swanna|Hydro Pump|p1a: Vespiquen\n|-damage|p1a: Vespiquen|0 fnt\n|faint|p1a: Vespiquen\n|\n|upkeep\n|inactive|Time left: 300 sec this turn | 300 sec total | 5 sec grace\n|\n|t:|1783540814\n|switch|p1a: Brute Bonnet|Brute Bonnet, L80|300/309\n|turn|12\n|inactive|Time left: 300 sec this turn | 300 sec total\n|\n|t:|1783540815\n|move|p2a: Swanna|Brave Bird|p1a: Brute Bonnet\n|-supereffective|p1a: Brute Bonnet\n|-damage|p1a: Brute Bonnet|66/309\n|-damage|p2a: Swanna|0 fnt|[from] Recoil\n|faint|p2a: Swanna\n|move|p1a: Brute Bonnet|Crunch|p2: Swanna|[notarget]\n|-fail|p1a: Brute Bonnet\n|\n|-heal|p1a: Brute Bonnet|85/309|[from] item: Leftovers\n|upkeep\n|\n|t:|1783540815\n|switch|p2a: Swampert|Swampert, L83, F|100/100\n|-damage|p2a: Swampert|88/100|[from] Spikes\n|turn|13\n|inactive|Time left: 300 sec this turn | 300 sec total\n|\n|t:|1783540816\n|move|p2a: Swampert|Ice Beam|p1a: Brute Bonnet\n|-supereffective|p1a: Brute Bonnet\n|-damage|p1a: Brute Bonnet|0 fnt\n|faint|p1a: Brute Bonnet\n|-end|p1a: Brute Bonnet|Protosynthesis|[silent]\n|\n|-heal|p2a: Swampert|94/100|[from] item: Leftovers\n|upkeep\n|inactive|Time left: 300 sec this turn | 300 sec total | 5 sec grace\n|\n|t:|1783540818\n|switch|p1a: Lumineon|Lumineon, L93, M|122/279\n|turn|14\n|inactive|Time left: 300 sec this turn | 300 sec total\n|\n|t:|1783540818\n|move|p1a: Lumineon|Encore|p2a: Swampert\n|-start|p2a: Swampert|Encore\n|move|p2a: Swampert|Ice Beam|p1a: Lumineon\n|-resisted|p1a: Lumineon\n|-damage|p1a: Lumineon|95/279\n|\n|-heal|p2a: Swampert|99/100|[from] item: Leftovers\n|upkeep\n|turn|15\n|inactive|Time left: 300 sec this turn | 300 sec total\n|\n|t:|1783540819\n|move|p1a: Lumineon|Ice Beam|p2a: Swampert\n|-damage|p2a: Swampert|82/100\n|move|p2a: Swampert|Ice Beam|p1a: Lumineon\n|-resisted|p1a: Lumineon\n|-damage|p1a: Lumineon|71/279\n|\n|-heal|p2a: Swampert|88/100|[from] item: Leftovers\n|upkeep\n|turn|16\n|inactive|Time left: 300 sec this turn | 300 sec total\n|\n|t:|1783540821\n|move|p1a: Lumineon|Ice Beam|p2a: Swampert\n|-damage|p2a: Swampert|67/100\n|move|p2a: Swampert|Ice Beam|p1a: Lumineon\n|-resisted|p1a: Lumineon\n|-damage|p1a: Lumineon|46/279\n|\n|-heal|p2a: Swampert|73/100|[from] item: Leftovers\n|-end|p2a: Swampert|Encore\n|upkeep\n|turn|17\n|inactive|Time left: 300 sec this turn | 300 sec total\n|\n|t:|1783540822\n|move|p1a: Lumineon|Encore|p2a: Swampert\n|-start|p2a: Swampert|Encore\n|move|p2a: Swampert|Ice Beam|p1a: Lumineon\n|-resisted|p1a: Lumineon\n|-damage|p1a: Lumineon|18/279\n|\n|-heal|p2a: Swampert|79/100|[from] item: Leftovers\n|upkeep\n|turn|18\n|inactive|Time left: 300 sec this turn | 300 sec total\n|\n|t:|1783540823\n|move|p1a: Lumineon|Ice Beam|p2a: Swampert\n|-damage|p2a: Swampert|59/100\n|move|p2a: Swampert|Ice Beam|p1a: Lumineon\n|-resisted|p1a: Lumineon\n|-damage|p1a: Lumineon|0 fnt\n|faint|p1a: Lumineon\n|\n|-heal|p2a: Swampert|65/100|[from] item: Leftovers\n|upkeep\n|inactive|Time left: 300 sec this turn | 300 sec total | 5 sec grace\n|\n|t:|1783540824\n|switch|p1a: Ditto|Ditto, L87|225/225\n|-transform|p1a: Ditto|p2a: Swampert|[from] ability: Imposter\n|turn|19\n|inactive|Time left: 300 sec this turn | 300 sec total\n|\n|t:|1783540825\n|switch|p2a: Cacturne|Cacturne, L92, M|100/100\n|-damage|p2a: Cacturne|88/100|[from] Spikes\n|move|p1a: Ditto|Ice Beam|p2a: Cacturne\n|-supereffective|p2a: Cacturne\n|-damage|p2a: Cacturne|40/100\n|\n|upkeep\n|turn|20\n|inactive|Time left: 300 sec this turn | 300 sec total\n|\n|t:|1783540826\n|move|p1a: Ditto|Ice Beam|p2a: Cacturne\n|-supereffective|p2a: Cacturne\n|-damage|p2a: Cacturne|0 fnt\n|faint|p2a: Cacturne\n|\n|upkeep\n|\n|t:|1783540827\n|switch|p2a: Banette|Banette, L93, F|100/100\n|-damage|p2a: Banette|88/100|[from] Spikes\n|turn|21\n|inactive|Time left: 300 sec this turn | 300 sec total\n|\n|t:|1783540828\n|move|p1a: Ditto|Ice Beam|p2a: Banette\n|-damage|p2a: Banette|65/100\n|-status|p2a: Banette|frz\n|cant|p2a: Banette|frz\n|\n|upkeep\n|turn|22\n|inactive|Time left: 300 sec this turn | 300 sec total\n|\n|t:|1783540829\n|switch|p2a: Swampert|Swampert, L83, F|65/100\n|-damage|p2a: Swampert|53/100|[from] Spikes\n|move|p1a: Ditto|Ice Beam|p2a: Swampert\n|-damage|p2a: Swampert|35/100\n|\n|-heal|p2a: Swampert|41/100|[from] item: Leftovers\n|upkeep\n|turn|23\n|inactive|Time left: 300 sec this turn | 300 sec total\n|\n|t:|1783540830\n|move|p1a: Ditto|Ice Beam|p2a: Swampert\n|-damage|p2a: Swampert|23/100\n|move|p2a: Swampert|Earthquake|p1a: Ditto\n|-damage|p1a: Ditto|102/225\n|\n|-heal|p2a: Swampert|29/100|[from] item: Leftovers\n|upkeep\n|turn|24\n|inactive|Time left: 300 sec this turn | 300 sec total\n|\n|t:|1783540831\n|-activate|p1a: Ditto|move: Struggle\n|move|p1a: Ditto|Struggle|p2a: Swampert\n|-damage|p2a: Swampert|15/100\n|-damage|p1a: Ditto|46/225|[from] recoil\n|move|p2a: Swampert|Earthquake|p1a: Ditto\n|-damage|p1a: Ditto|0 fnt\n|faint|p1a: Ditto\n|\n|win|p0y141801c", "uploadtime": 1783540831, "views": 0, "rating": 0, "private": 0, "password": null, "_winner": "p0y141801c", "_our_name": "p0x141e192"}