{"id": "battle-gen9randombattle-1000", "formatid": "gen9randombattle", "format": "[Gen 9] Random Battle", "players": ["p0x100085c5", "p0y1000aa71"], "log": "|init|battle\n|title|p0x100085c5 vs. p0y1000aa71\n|j|\u2606p0x100085c5\n|j|\u2606p0y1000aa71\n|t:|1783550776\n|gametype|singles\n|player|p1|p0x100085c5|101|\n|player|p2|p0y1000aa71|1|\n|gen|9\n|tier|[Gen 9] Random Battle\n|rule|Species Clause: Limit one of each Pok\u00e9mon\n|rule|HP Percentage Mod: HP is shown in percentages\n|rule|Sleep Clause Mod: Limit one foe put to sleep\n|rule|Illusion Level Mod: Illusion disguises the Pok\u00e9mon's true level\n|\n|t:|1783550776\n|teamsize|p1|6\n|teamsize|p2|6\n|start\n|switch|p1a: Kricketune|Kricketune, L99, M|311/311\n|switch|p2a: Lokix|Lokix, L82, M|100/100\n|turn|1\n|inactive|Battle timer is ON: inactive players will automatically lose when time's up. (requested by p0x100085c5)\n|inactive|p0y1000aa71 also wants the timer to be on.\n|\n|t:|1783550778\n|move|p2a: Lokix|U-turn|p1a: Kricketune\n|-damage|p1a: Kricketune|197/311\n|\n|t:|1783550779\n|switch|p2a: Kyurem|Kyurem-Black, L71|100/100|[from] U-turn\n|-ability|p2a: Kyurem|Teravolt\n|move|p1a: Kricketune|Sticky Web|p2a: Kyurem\n|-sidestart|p2: p0y1000aa71|move: Sticky Web\n|\n|upkeep\n|turn|2\n|inactive|Time left: 300 sec this turn | 300 sec total\n|\n|t:|1783550780\n|move|p1a: Kricketune|Pounce|p2a: Kyurem\n|-damage|p2a: Kyurem|66/100\n|-unboost|p2a: Kyurem|spe|1\n|move|p2a: Kyurem|Dragon Dance|p2a: Kyurem\n|-boost|p2a: Kyurem|atk|1\n|-boost|p2a: Kyurem|spe|1\n|\n|upkeep\n|turn|3\n|inactive|Time left: 300 sec this turn | 300 sec total\n|\n|t:|1783550780\n|move|p1a: Kricketune|Pounce|p2a: Kyurem\n|-damage|p2a: Kyurem|30/100\n|-unboost|p2a: Kyurem|spe|1\n|move|p2a: Kyurem|Scale Shot|p1a: Kricketune\n|-damage|p1a: Kricketune|139/311\n|-damage|p1a: Kricketune|85/311\n|-damage|p1a: Kricketune|25/311\n|-crit|p1a: Kricketune\n|-damage|p1a: Kricketune|0 fnt\n|faint|p1a: Kricketune\n|-hitcount|p1: Kricketune|4\n|-unboost|p2a: Kyurem|def|1\n|-boost|p2a: Kyurem|spe|1\n|\n|upkeep\n|inactive|Time left: 300 sec this turn | 300 sec total | 5 sec grace\n|\n|t:|1783550781\n|switch|p1a: Indeedee|Indeedee-F, L90, F|272/272\n|-fieldstart|move: Psychic Terrain|[from] ability: Psychic Surge|[of] p1a: Indeedee\n|turn|4\n|inactive|Time left: 300 sec this turn | 300 sec total\n|\n|t:|1783550782\n|move|p1a: Indeedee|Psychic|p2a: Kyurem\n|-damage|p2a: Kyurem|0 fnt\n|faint|p2a: Kyurem\n|\n|upkeep\n|\n|t:|1783550783\n|switch|p2a: Lokix|Lokix, L82, M|100/100\n|-activate|p2a: Lokix|move: Sticky Web\n|-unboost|p2a: Lokix|spe|1\n|turn|5\n|inactive|Time left: 300 sec this turn | 300 sec total\n|\n|t:|1783550784\n|switch|p1a: Arboliva|Arboliva, L91, M|290/290\n|move|p2a: Lokix|U-turn|p1a: Arboliva\n|-supereffective|p1a: Arboliva\n|-damage|p1a: Arboliva|128/290\n|-fieldstart|move: Grassy Terrain|[from] ability: Seed Sower|[of] p1a: Arboliva\n|\n|t:|1783550785\n|switch|p2a: Eelektross|Eelektross, L87, F|100/100|[from] U-turn\n|\n|-heal|p1a: Arboliva|146/290|[from] Grassy Terrain\n|-heal|p1a: Arboliva|164/290|[from] item: Leftovers\n|upkeep\n|turn|6\n|inactive|Time left: 300 sec this turn | 300 sec total\n|\n|t:|1783550787\n|move|p2a: Eelektross|Coil|p2a: Eelektross\n|-boost|p2a: Eelektross|atk|1\n|-boost|p2a: Eelektross|def|1\n|-boost|p2a: Eelektross|accuracy|1\n|move|p1a: Arboliva|Strength Sap|p2a: Eelektross\n|-unboost|p2a: Eelektross|atk|1\n|-heal|p1a: Arboliva|290/290\n|\n|upkeep\n|turn|7\n|inactive|Time left: 300 sec this turn | 300 sec total\n|\n|t:|1783550788\n|move|p2a: Eelektross|Coil|p2a: Eelektross\n|-boost|p2a: Eelektross|atk|1\n|-boost|p2a: Eelektross|def|1\n|-boost|p2a: Eelektross|accuracy|1\n|move|p1a: Arboliva|Energy Ball|p2a: Eelektross\n|-damage|p2a: Eelektross|39/100\n|\n|-heal|p2a: Eelektross|46/100|[from] item: Leftovers\n|upkeep\n|turn|8\n|inactive|Time left: 300 sec this turn | 300 sec total\n|\n|t:|1783550789\n|-terastallize|p1a: Arboliva|Ground\n|move|p2a: Eelektross|Drain Punch|p1a: Arboliva\n|-damage|p1a: Arboliva|210/290\n|-heal|p2a: Eelektross|59/100|[from] drain|[of] p1a: Arboliva\n|move|p1a: Arboliva|Energy Ball|p2a: Eelektross\n|-damage|p2a: Eelektross|0 fnt\n|faint|p2a: Eelektross\n|\n|-heal|p1a: Arboliva|228/290|[from] Grassy Terrain\n|-heal|p1a: Arboliva|246/290|[from] item: Leftovers\n|upkeep\n|\n|t:|1783550790\n|switch|p2a: Mismagius|Mismagius, L86, M|100/100\n|turn|9\n|inactive|Time left: 300 sec this turn | 300 sec total\n|\n|t:|1783550791\n|move|p2a: Mismagius|Nasty Plot|p2a: Mismagius\n|-boost|p2a: Mismagius|spa|2\n|move|p1a: Arboliva|Energy Ball|p2a: Mismagius\n|-damage|p2a: Mismagius|42/100\n|\n|-heal|p1a: Arboliva|264/290|[from] Grassy Terrain\n|-heal|p1a: Arboliva|282/290|[from] item: Leftovers\n|-fieldend|move: Grassy Terrain\n|upkeep\n|turn|10\n|inactive|Time left: 300 sec this turn | 300 sec total\n|\n|t:|1783550792\n|move|p2a: Mismagius|Shadow Ball|p1a: Arboliva\n|-damage|p1a: Arboliva|107/290\n|-fieldstart|move: Grassy Terrain|[from] ability: Seed Sower|[of] p1a: Arboliva\n|-damage|p2a: Mismagius|32/100|[from] item: Life Orb\n|move|p1a: Arboliva|Energy Ball|p2a: Mismagius\n|-crit|p2a: Mismagius\n|-damage|p2a: Mismagius|0 fnt\n|faint|p2a: Mismagius\n|\n|-heal|p1a: Arboliva|125/290|[from] Grassy Terrain\n|-heal|p1a: Arboliva|143/290|[from] item: Leftovers\n|upkeep\n|\n|t:|1783550793\n|switch|p2a: Lokix|Lokix, L82, M|100/100\n|-activate|p2a: Lokix|move: Sticky Web\n|-unboost|p2a: Lokix|spe|1\n|turn|11\n|inactive|Time left: 300 sec this turn | 300 sec total\n|\n|t:|1783550794\n|move|p2a: Lokix|Knock Off|p1a: Arboliva\n|-damage|p1a: Arboliva|53/290\n|-enditem|p1a: Arboliva|Leftovers|[from] move: Knock Off|[of] p2a: Lokix\n|move|p1a: Arboliva|Strength Sap|p2a: Lokix\n|-unboost|p2a: Lokix|atk|1\n|-heal|p1a: Arboliva|267/290\n|\n|-heal|p1a: Arboliva|285/290|[from] Grassy Terrain\n|upkeep\n|turn|12\n|inactive|Time left: 300 sec this turn | 300 sec total\n|\n|t:|1783550796\n|move|p2a: Lokix|U-turn|p1a: Arboliva\n|-damage|p1a: Arboliva|231/290\n|\n|t:|1783550797\n|switch|p2a: Illumise|Illumise, L91, F|100/100|[from] U-turn\n|move|p1a: Arboliva|Earth Power|p2a: Illumise\n|-resisted|p2a: Illumise\n|-damage|p2a: Illumise|78/100\n|\n|-heal|p2a: Illumise|84/100|[from] Grassy Terrain\n|-heal|p1a: Arboliva|249/290|[from] Grassy Terrain\n|upkeep\n|turn|13\n|inactive|Time left: 300 sec this turn | 300 sec total\n|\n|t:|1783550798\n|move|p2a: Illumise|Bug Buzz|p1a: Arboliva\n|-damage|p1a: Arboliva|174/290\n|move|p1a: Arboliva|Strength Sap|p2a: Illumise\n|-unboost|p2a: Illumise|atk|1\n|-heal|p1a: Arboliva|264/290\n|\n|-heal|p2a: Illumise|90/100|[from] Grassy Terrain\n|-heal|p1a: Arboliva|282/290|[from] Grassy Terrain\n|upkeep\n|turn|14\n|inactive|Time left: 300 sec this turn | 300 sec total\n|\n|t:|1783550799\n|move|p2a: Illumise|Bug Buzz|p1a: Arboliva\n|-damage|p1a: Arboliva|210/290\n|-unboost|p1a: Arboliva|spd|1\n|move|p1a: Arboliva|Hyper Voice|p2a: Illumise\n|-damage|p2a: Illumise|41/100\n|\n|-heal|p2a: Illumise|47/100|[from] Grassy Terrain\n|-heal|p1a: Arboliva|228/290|[from] Grassy Terrain\n|-fieldend|move: Grassy Terrain\n|upkeep\n|turn|15\n|inactive|Time left: 300 sec this turn | 300 sec total\n|\n|t:|1783550800\n|move|p2a: Illumise|Roost|p2a: Illumise\n|-heal|p2a: Illumise|97/100\n|-singleturn|p2a: Illumise|move: Roost\n|move|p1a: Arboliva|Hyper Voice|p2a: Illumise\n|-damage|p2a: Illumise|46/100\n|\n|upkeep\n|turn|16\n|inactive|Time left: 300 sec this turn | 300 sec total\n|\n|t:|1783550801\n|move|p2a: Illumise|Roost|p2a: Illumise\n|-heal|p2a: Illumise|96/100\n|-singleturn|p2a: Illumise|move: Roost\n|move|p1a: Arboliva|Hyper Voice|p2a: Illumise\n|-crit|p2a: Illumise\n|-damage|p2a: Illumise|27/100\n|\n|upkeep\n|turn|17\n|inactive|Time left: 300 sec this turn | 300 sec total\n|\n|t:|1783550802\n|move|p2a: Illumise|Roost|p2a: Illumise\n|-heal|p2a: Illumise|77/100\n|-singleturn|p2a: Illumise|move: Roost\n|move|p1a: Arboliva|Hyper Voice|p2a: Illumise\n|-damage|p2a: Illumise|33/100\n|\n|upkeep\n|turn|18\n|inactive|Time left: 300 sec this turn | 300 sec total\n|\n|t:|1783550803\n|move|p2a: Illumise|Roost|p2a: Illumise\n|-heal|p2a: Illumise|83/100\n|-singleturn|p2a: Illumise|move: Roost\n|move|p1a: Arboliva|Hyper Voice|p2a: Illumise\n|-damage|p2a: Illumise|36/100\n|\n|upkeep\n|turn|19\n|inactive|Time left: 300 sec this turn | 300 sec total\n|\n|t:|1783550805\n|move|p2a: Illumise|Roost|p2a: Illumise\n|-heal|p2a: Illumise|86/100\n|-singleturn|p2a: Illumise|move: Roost\n|move|p1a: Arboliva|Hyper Voice|p2a: Illumise\n|-damage|p2a: Illumise|40/100\n|\n|upkeep\n|turn|20\n|inactive|Time left: 300 sec this turn | 300 sec total\n|\n|t:|1783550806\n|move|p2a: Illumise|Roost|p2a: Illumise\n|-heal|p2a: Illumise|90/100\n|-singleturn|p2a: Illumise|move: Roost\n|move|p1a: Arboliva|Hyper Voice|p2a: Illumise\n|-damage|p2a: Illumise|43/100\n|\n|upkeep\n|turn|21\n|inactive|Time left: 300 sec this turn | 300 sec total\n|\n|t:|1783550807\n|move|p2a: Illumise|Roost|p2a: Illumise\n|-heal|p2a: Illumise|93/100\n|-singleturn|p2a: Illumise|move: Roost\n|move|p1a: Arboliva|Hyper Voice|p2a: Illumise\n|-damage|p2a: Illumise|48/100\n|\n|upkeep\n|turn|22\n|inactive|Time left: 300 sec this turn | 300 sec total\n|\n|t:|1783550808\n|move|p2a: Illumise|Bug Buzz|p1a: Arboliva\n|-damage|p1a: Arboliva|117/290\n|-fieldstart|move: Grassy Terrain|[from] ability: Seed Sower|[of] p1a: Arboliva\n|move|p1a: Arboliva|Hyper Voice|p2a: Illumise\n|-damage|p2a: Illumise|2/100\n|\n|-heal|p2a: Illumise|8/100|[from] Grassy Terrain\n|-heal|p1a: Arboliva|135/290|[from] Grassy Terrain\n|upkeep\n|turn|23\n|inactive|Time left: 300 sec this turn | 300 sec total\n|\n|t:|1783550809\n|move|p2a: Illumise|Bug Buzz|p1a: Arboliva\n|-crit|p1a: Arboliva\n|-damage|p1a: Arboliva|0 fnt\n|faint|p1a: Arboliva\n|\n|-heal|p2a: Illumise|14/100|[from] Grassy Terrain\n|upkeep\n|inactive|Time left: 300 sec this turn | 300 sec total | 5 sec grace\n|\n|t:|1783550810\n|switch|p1a: Indeedee|Indeedee-F, L90, F|272/272\n|-fieldstart|move: Psychic Terrain|[from] ability: Psychic Surge|[of] p1a: Indeedee\n|turn|24\n|inactive|Time left: 300 sec this turn | 300 sec total\n|\n|t:|1783550811\n|move|p1a: Indeedee|Hyper Voice|p2a: Illumise\n|-damage|p2a: Illumise|0 fnt\n|faint|p2a: Illumise\n|\n|upkeep\n|\n|t:|1783550812\n|switch|p2a: Lokix|Lokix, L82, M|100/100\n|-activate|p2a: Lokix|move: Sticky Web\n|-unboost|p2a: Lokix|spe|1\n|turn|25\n|inactive|Time left: 300 sec this turn | 300 sec total\n|\n|t:|1783550813\n|switch|p1a: Dipplin|Dipplin, L88, M|284/284\n|move|p2a: Lokix|U-turn|p1a: Dipplin\n|-supereffective|p1a: Dipplin\n|-damage|p1a: Dipplin|192/284\n|\n|t:|1783550814\n|switch|p2a: Lanturn|Lanturn, L89, M|100/100|[from] U-turn\n|\n|upkeep\n|turn|26\n|inactive|Time left: 300 sec this turn | 300 sec total\n|\n|t:|1783550815\n|move|p2a: Lanturn|Thunder Wave|p1a: Dipplin\n|-status|p1a: Dipplin|par\n|move|p1a: Dipplin|Giga Drain|p2a: Lanturn\n|-supereffective|p2a: Lanturn\n|-damage|p2a: Lanturn|48/100\n|-heal|p1a: Dipplin|284/284 par|[from] drain|[of] p2a: Lanturn\n|\n|upkeep\n|turn|27\n|inactive|Time left: 300 sec this turn | 300 sec total\n|\n|t:|1783550816\n|move|p2a: Lanturn|Scald|p1a: Dipplin\n|-resisted|p1a: Dipplin\n|-damage|p1a: Dipplin|269/284 par\n|move|p1a: Dipplin|Giga Drain|p2a: Lanturn\n|-supereffective|p2a: Lanturn\n|-damage|p2a: Lanturn|0 fnt\n|-heal|p1a: Dipplin|284/284 par|[from] drain|[of] p2a: Lanturn\n|faint|p2a: Lanturn\n|\n|upkeep\n|\n|t:|1783550817\n|switch|p2a: Lokix|Lokix, L82, M|100/100\n|-activate|p2a: Lokix|move: Sticky Web\n|-unboost|p2a: Lokix|spe|1\n|turn|28\n|inactive|Time left: 300 sec this turn | 300 sec total\n|\n|t:|1783550818\n|move|p2a: Lokix|U-turn|p1a: Dipplin\n|-supereffective|p1a: Dipplin\n|-damage|p1a: Dipplin|192/284 par\n|move|p1a: Dipplin|Dragon Pulse|p2a: Lokix\n|-damage|p2a: Lokix|46/100\n|\n|-fieldend|move: Psychic Terrain\n|upkeep\n|turn|29\n|inactive|Time left: 300 sec this turn | 300 sec total\n|\n|t:|1783550819\n|-terastallize|p2a: Lokix|Bug\n|move|p2a: Lokix|U-turn|p1a: Dipplin\n|-supereffective|p1a: Dipplin\n|-damage|p1a: Dipplin|72/284 par\n|move|p1a: Dipplin|Dragon Pulse|p2a: Lokix\n|-damage|p2a: Lokix|0 fnt\n|faint|p2a: Lokix\n|\n|win|p0x100085c5", "uploadtime": 1783550819, "views": 0, "rating": 0, "private": 0, "password": null, "_winner": "p0x100085c5", "_our_name": "p0x100085c5"}