{"id": "battle-gen9randombattle-1145", "formatid": "gen9randombattle", "format": "[Gen 9] Random Battle", "players": ["p0x11456d4e", "p0y114579b0"], "log": "|init|battle\n|title|p0x11456d4e vs. p0y114579b0\n|j|\u2606p0x11456d4e\n|j|\u2606p0y114579b0\n|t:|1783553280\n|gametype|singles\n|player|p1|p0x11456d4e|2|\n|player|p2|p0y114579b0|170|\n|gen|9\n|tier|[Gen 9] Random Battle\n|rule|Species Clause: Limit one of each Pok\u00e9mon\n|rule|HP Percentage Mod: HP is shown in percentages\n|rule|Sleep Clause Mod: Limit one foe put to sleep\n|rule|Illusion Level Mod: Illusion disguises the Pok\u00e9mon's true level\n|\n|t:|1783553280\n|teamsize|p1|6\n|teamsize|p2|6\n|start\n|switch|p1a: Iron Hands|Iron Hands, L79|373/373\n|switch|p2a: Garganacl|Garganacl, L80, M|100/100\n|turn|1\n|inactive|Battle timer is ON: inactive players will automatically lose when time's up. (requested by p0x11456d4e)\n|inactive|p0y114579b0 also wants the timer to be on.\n|\n|t:|1783553282\n|move|p1a: Iron Hands|Drain Punch|p2a: Garganacl\n|-supereffective|p2a: Garganacl\n|-damage|p2a: Garganacl|47/100\n|move|p2a: Garganacl|Stealth Rock|p1a: Iron Hands\n|-sidestart|p1: p0x11456d4e|move: Stealth Rock\n|\n|-heal|p2a: Garganacl|53/100|[from] item: Leftovers\n|upkeep\n|turn|2\n|inactive|Time left: 300 sec this turn | 300 sec total\n|\n|t:|1783553284\n|move|p1a: Iron Hands|Drain Punch|p2a: Garganacl\n|-supereffective|p2a: Garganacl\n|-damage|p2a: Garganacl|1/100\n|move|p2a: Garganacl|Recover|p2a: Garganacl\n|-heal|p2a: Garganacl|51/100\n|\n|-heal|p2a: Garganacl|57/100|[from] item: Leftovers\n|upkeep\n|turn|3\n|inactive|Time left: 300 sec this turn | 300 sec total\n|\n|t:|1783553285\n|move|p1a: Iron Hands|Drain Punch|p2a: Garganacl\n|-supereffective|p2a: Garganacl\n|-damage|p2a: Garganacl|10/100\n|move|p2a: Garganacl|Recover|p2a: Garganacl\n|-heal|p2a: Garganacl|60/100\n|\n|-heal|p2a: Garganacl|66/100|[from] item: Leftovers\n|upkeep\n|turn|4\n|inactive|Time left: 300 sec this turn | 300 sec total\n|\n|t:|1783553286\n|move|p1a: Iron Hands|Drain Punch|p2a: Garganacl\n|-supereffective|p2a: Garganacl\n|-damage|p2a: Garganacl|18/100\n|move|p2a: Garganacl|Recover|p2a: Garganacl\n|-heal|p2a: Garganacl|68/100\n|\n|-heal|p2a: Garganacl|74/100|[from] item: Leftovers\n|upkeep\n|turn|5\n|inactive|Time left: 300 sec this turn | 300 sec total\n|\n|t:|1783553287\n|move|p1a: Iron Hands|Drain Punch|p2a: Garganacl\n|-supereffective|p2a: Garganacl\n|-damage|p2a: Garganacl|19/100\n|move|p2a: Garganacl|Recover|p2a: Garganacl\n|-heal|p2a: Garganacl|69/100\n|\n|-heal|p2a: Garganacl|75/100|[from] item: Leftovers\n|upkeep\n|turn|6\n|inactive|Time left: 300 sec this turn | 300 sec total\n|\n|t:|1783553288\n|move|p1a: Iron Hands|Drain Punch|p2a: Garganacl\n|-supereffective|p2a: Garganacl\n|-damage|p2a: Garganacl|23/100\n|move|p2a: Garganacl|Recover|p2a: Garganacl\n|-heal|p2a: Garganacl|73/100\n|\n|-heal|p2a: Garganacl|79/100|[from] item: Leftovers\n|upkeep\n|turn|7\n|inactive|Time left: 300 sec this turn | 300 sec total\n|\n|t:|1783553290\n|move|p1a: Iron Hands|Drain Punch|p2a: Garganacl\n|-supereffective|p2a: Garganacl\n|-damage|p2a: Garganacl|26/100\n|move|p2a: Garganacl|Salt Cure|p1a: Iron Hands\n|-resisted|p1a: Iron Hands\n|-damage|p1a: Iron Hands|355/373\n|-start|p1a: Iron Hands|Salt Cure\n|\n|-heal|p2a: Garganacl|32/100|[from] item: Leftovers\n|-damage|p1a: Iron Hands|309/373|[from] Salt Cure\n|upkeep\n|turn|8\n|inactive|Time left: 300 sec this turn | 300 sec total\n|\n|t:|1783553291\n|switch|p2a: Zacian|Zacian, L69|100/100\n|-ability|p2a: Zacian|Intrepid Sword|boost\n|-boost|p2a: Zacian|atk|1\n|move|p1a: Iron Hands|Drain Punch|p2a: Zacian\n|-resisted|p2a: Zacian\n|-damage|p2a: Zacian|81/100\n|-heal|p1a: Iron Hands|333/373|[from] drain|[of] p2a: Zacian\n|\n|-damage|p1a: Iron Hands|287/373|[from] Salt Cure\n|upkeep\n|turn|9\n|inactive|Time left: 300 sec this turn | 300 sec total\n|\n|t:|1783553292\n|-end|p1a: Iron Hands|Quark Drive|[silent]\n|switch|p1a: Spidops|Spidops, L96, F|271/271\n|move|p2a: Zacian|Play Rough|p1a: Spidops\n|-damage|p1a: Spidops|149/271\n|-damage|p2a: Zacian|71/100|[from] item: Life Orb\n|\n|upkeep\n|turn|10\n|inactive|Time left: 300 sec this turn | 300 sec total\n|\n|t:|1783553293\n|move|p2a: Zacian|Play Rough|p1a: Spidops\n|-damage|p1a: Spidops|27/271\n|-damage|p2a: Zacian|61/100|[from] item: Life Orb\n|move|p1a: Spidops|Sticky Web|p2a: Zacian\n|-sidestart|p2: p0y114579b0|move: Sticky Web\n|\n|upkeep\n|turn|11\n|inactive|Time left: 300 sec this turn | 300 sec total\n|\n|t:|1783553294\n|move|p2a: Zacian|Play Rough|p1a: Spidops\n|-damage|p1a: Spidops|0 fnt\n|faint|p1a: Spidops\n|-damage|p2a: Zacian|51/100|[from] item: Life Orb\n|\n|upkeep\n|inactive|Time left: 300 sec this turn | 300 sec total | 5 sec grace\n|\n|t:|1783553295\n|switch|p1a: Dragalge|Dragalge, L88, F|258/258\n|-damage|p1a: Dragalge|226/258|[from] Stealth Rock\n|turn|12\n|inactive|Time left: 300 sec this turn | 300 sec total\n|\n|t:|1783553297\n|move|p2a: Zacian|Play Rough|p1a: Dragalge\n|-damage|p1a: Dragalge|96/258\n|-damage|p2a: Zacian|41/100|[from] item: Life Orb\n|move|p1a: Dragalge|Sludge Wave|p2a: Zacian\n|-supereffective|p2a: Zacian\n|-damage|p2a: Zacian|0 fnt\n|faint|p2a: Zacian\n|\n|upkeep\n|\n|t:|1783553297\n|switch|p2a: Dodrio|Dodrio, L85, F|100/100\n|turn|13\n|inactive|Time left: 300 sec this turn | 300 sec total\n|\n|t:|1783553298\n|move|p2a: Dodrio|Double-Edge|p1a: Dragalge\n|-damage|p1a: Dragalge|0 fnt\n|faint|p1a: Dragalge\n|-damage|p2a: Dodrio|87/100|[from] Recoil\n|\n|upkeep\n|inactive|Time left: 300 sec this turn | 300 sec total | 5 sec grace\n|\n|t:|1783553299\n|switch|p1a: Iron Hands|Iron Hands, L79|287/373\n|-damage|p1a: Iron Hands|264/373|[from] Stealth Rock\n|turn|14\n|inactive|Time left: 300 sec this turn | 300 sec total\n|\n|t:|1783553300\n|move|p2a: Dodrio|Double-Edge|p1a: Iron Hands\n|-damage|p1a: Iron Hands|50/373\n|-damage|p2a: Dodrio|58/100|[from] Recoil\n|move|p1a: Iron Hands|Wild Charge|p2a: Dodrio\n|-supereffective|p2a: Dodrio\n|-damage|p2a: Dodrio|0 fnt\n|faint|p2a: Dodrio\n|-damage|p1a: Iron Hands|15/373|[from] Recoil\n|\n|upkeep\n|\n|t:|1783553301\n|switch|p2a: Basculin|Basculin, L86, M|100/100\n|-activate|p2a: Basculin|move: Sticky Web\n|-unboost|p2a: Basculin|spe|1\n|turn|15\n|inactive|Time left: 300 sec this turn | 300 sec total\n|\n|t:|1783553302\n|move|p2a: Basculin|Flip Turn|p1a: Iron Hands\n|-damage|p1a: Iron Hands|0 fnt\n|faint|p1a: Iron Hands\n|-end|p1a: Iron Hands|Quark Drive|[silent]\n|\n|t:|1783553304\n|switch|p2a: Oricorio|Oricorio, L84, M|100/100|[from] Flip Turn\n|\n|upkeep\n|inactive|Time left: 300 sec this turn | 300 sec total | 10 sec grace\n|\n|t:|1783553305\n|switch|p1a: Crawdaunt|Crawdaunt, L84, M|243/243\n|-damage|p1a: Crawdaunt|213/243|[from] Stealth Rock\n|turn|16\n|inactive|Time left: 300 sec this turn | 300 sec total\n|\n|t:|1783553306\n|move|p2a: Oricorio|Hurricane|p1a: Crawdaunt\n|-damage|p1a: Crawdaunt|54/243\n|move|p1a: Crawdaunt|Knock Off|p2a: Oricorio\n|-damage|p2a: Oricorio|0 fnt\n|-enditem|p2a: Oricorio|Heavy-Duty Boots|[from] move: Knock Off|[of] p1a: Crawdaunt\n|faint|p2a: Oricorio\n|\n|upkeep\n|\n|t:|1783553307\n|switch|p2a: Basculin|Basculin, L86, M|100/100\n|-activate|p2a: Basculin|move: Sticky Web\n|-unboost|p2a: Basculin|spe|1\n|turn|17\n|inactive|Time left: 300 sec this turn | 300 sec total\n|\n|t:|1783553308\n|move|p2a: Basculin|Wave Crash|p1a: Crawdaunt\n|-resisted|p1a: Crawdaunt\n|-damage|p1a: Crawdaunt|0 fnt\n|faint|p1a: Crawdaunt\n|-damage|p2a: Basculin|94/100|[from] Recoil\n|\n|upkeep\n|inactive|Time left: 300 sec this turn | 300 sec total | 5 sec grace\n|\n|t:|1783553309\n|switch|p1a: Rayquaza|Rayquaza, L72|270/270\n|-damage|p1a: Rayquaza|203/270|[from] Stealth Rock\n|-ability|p1a: Rayquaza|Air Lock\n|turn|18\n|inactive|Time left: 300 sec this turn | 300 sec total\n|\n|t:|1783553310\n|move|p1a: Rayquaza|Swords Dance|p1a: Rayquaza\n|-boost|p1a: Rayquaza|atk|2\n|move|p2a: Basculin|Wave Crash|p1a: Rayquaza\n|-resisted|p1a: Rayquaza\n|-damage|p1a: Rayquaza|62/270\n|-damage|p2a: Basculin|76/100|[from] Recoil\n|\n|upkeep\n|turn|19\n|inactive|Time left: 300 sec this turn | 300 sec total\n|\n|t:|1783553311\n|switch|p2a: Garganacl|Garganacl, L80, M|32/100\n|-activate|p2a: Garganacl|move: Sticky Web\n|-unboost|p2a: Garganacl|spe|1\n|move|p1a: Rayquaza|Scale Shot|p2a: Garganacl\n|-damage|p2a: Garganacl|16/100\n|-damage|p2a: Garganacl|2/100\n|-damage|p2a: Garganacl|0 fnt\n|faint|p2a: Garganacl\n|-hitcount|p2: Garganacl|3\n|-unboost|p1a: Rayquaza|def|1\n|-boost|p1a: Rayquaza|spe|1\n|\n|upkeep\n|\n|t:|1783553312\n|switch|p2a: Basculin|Basculin, L86, M|76/100\n|-activate|p2a: Basculin|move: Sticky Web\n|-unboost|p2a: Basculin|spe|1\n|turn|20\n|inactive|Time left: 300 sec this turn | 300 sec total\n|\n|t:|1783553313\n|move|p2a: Basculin|Aqua Jet|p1a: Rayquaza\n|-resisted|p1a: Rayquaza\n|-damage|p1a: Rayquaza|0 fnt\n|faint|p1a: Rayquaza\n|\n|upkeep\n|inactive|Time left: 300 sec this turn | 300 sec total | 5 sec grace\n|\n|t:|1783553314\n|switch|p1a: Illumise|Illumise, L91, F|266/266\n|turn|21\n|inactive|Time left: 300 sec this turn | 300 sec total\n|\n|t:|1783553315\n|switch|p2a: Porygon-Z|Porygon-Z, L83|100/100\n|-activate|p2a: Porygon-Z|move: Sticky Web\n|-unboost|p2a: Porygon-Z|spe|1\n|move|p1a: Illumise|Bug Buzz|p2a: Porygon-Z\n|-damage|p2a: Porygon-Z|60/100\n|\n|upkeep\n|turn|22\n|inactive|Time left: 300 sec this turn | 300 sec total\n|\n|t:|1783553316\n|-terastallize|p2a: Porygon-Z|Electric\n|move|p1a: Illumise|Bug Buzz|p2a: Porygon-Z\n|-damage|p2a: Porygon-Z|23/100\n|-unboost|p2a: Porygon-Z|spd|1\n|move|p2a: Porygon-Z|Thunderbolt|p1a: Illumise\n|-damage|p1a: Illumise|110/266\n|\n|upkeep\n|turn|23\n|inactive|Time left: 300 sec this turn | 300 sec total\n|\n|t:|1783553317\n|move|p1a: Illumise|Roost|p1a: Illumise\n|-heal|p1a: Illumise|243/266\n|-singleturn|p1a: Illumise|move: Roost\n|move|p2a: Porygon-Z|Thunderbolt|p1a: Illumise\n|-damage|p1a: Illumise|83/266\n|\n|upkeep\n|turn|24\n|inactive|Time left: 300 sec this turn | 300 sec total\n|\n|t:|1783553318\n|move|p1a: Illumise|Roost|p1a: Illumise\n|-heal|p1a: Illumise|216/266\n|-singleturn|p1a: Illumise|move: Roost\n|move|p2a: Porygon-Z|Thunderbolt|p1a: Illumise\n|-damage|p1a: Illumise|64/266\n|\n|upkeep\n|turn|25\n|inactive|Time left: 300 sec this turn | 300 sec total\n|\n|t:|1783553319\n|move|p1a: Illumise|Roost|p1a: Illumise\n|-heal|p1a: Illumise|197/266\n|-singleturn|p1a: Illumise|move: Roost\n|move|p2a: Porygon-Z|Thunderbolt|p1a: Illumise\n|-damage|p1a: Illumise|45/266\n|\n|upkeep\n|turn|26\n|inactive|Time left: 300 sec this turn | 300 sec total\n|\n|t:|1783553320\n|switch|p2a: Basculin|Basculin, L86, M|76/100\n|-activate|p2a: Basculin|move: Sticky Web\n|-unboost|p2a: Basculin|spe|1\n|move|p1a: Illumise|Roost|p1a: Illumise\n|-heal|p1a: Illumise|178/266\n|-singleturn|p1a: Illumise|move: Roost\n|\n|upkeep\n|turn|27\n|inactive|Time left: 300 sec this turn | 300 sec total\n|\n|t:|1783553321\n|-terastallize|p1a: Illumise|Steel\n|move|p1a: Illumise|Roost|p1a: Illumise\n|-heal|p1a: Illumise|266/266\n|move|p2a: Basculin|Wave Crash|p1a: Illumise\n|-damage|p1a: Illumise|0 fnt\n|faint|p1a: Illumise\n|-damage|p2a: Basculin|42/100|[from] Recoil\n|\n|win|p0y114579b0", "uploadtime": 1783553321, "views": 0, "rating": 0, "private": 0, "password": null, "_winner": "p0y114579b0", "_our_name": "p0x11456d4e"}