{"id": "battle-gen9randombattle-1428", "formatid": "gen9randombattle", "format": "[Gen 9] Random Battle", "players": ["p0x14285971", "p0y14288d8b"], "log": "|init|battle\n|title|p0x14285971 vs. p0y14288d8b\n|j|\u2606p0x14285971\n|j|\u2606p0y14288d8b\n|t:|1783555688\n|gametype|singles\n|player|p1|p0x14285971|2|\n|player|p2|p0y14288d8b|265|\n|gen|9\n|tier|[Gen 9] Random Battle\n|rule|Species Clause: Limit one of each Pok\u00e9mon\n|rule|HP Percentage Mod: HP is shown in percentages\n|rule|Sleep Clause Mod: Limit one foe put to sleep\n|rule|Illusion Level Mod: Illusion disguises the Pok\u00e9mon's true level\n|\n|t:|1783555688\n|teamsize|p1|6\n|teamsize|p2|6\n|start\n|switch|p1a: Arcanine|Arcanine-Hisui, L79, F|280/280\n|switch|p2a: Bellibolt|Bellibolt, L84, F|100/100\n|turn|1\n|inactive|Battle timer is ON: inactive players will automatically lose when time's up. (requested by p0y14288d8b)\n|inactive|Time left: 300 sec this turn | 300 sec total | 60 sec grace\n|inactive|p0x14285971 also wants the timer to be on.\n|\n|t:|1783555690\n|switch|p1a: Cacturne|Cacturne, L92, F|278/278\n|move|p2a: Bellibolt|Muddy Water|p1a: Cacturne\n|-immune|p1a: Cacturne|[from] ability: Water Absorb\n|\n|upkeep\n|turn|2\n|inactive|Time left: 300 sec this turn | 300 sec total\n|\n|t:|1783555691\n|move|p1a: Cacturne|Swords Dance|p1a: Cacturne\n|-boost|p1a: Cacturne|atk|2\n|move|p2a: Bellibolt|Thunderbolt|p1a: Cacturne\n|-resisted|p1a: Cacturne\n|-damage|p1a: Cacturne|214/278\n|\n|upkeep\n|turn|3\n|inactive|Time left: 300 sec this turn | 300 sec total\n|\n|t:|1783555691\n|switch|p2a: Jumpluff|Jumpluff, L87, F|100/100\n|move|p1a: Cacturne|Knock Off|p2a: Jumpluff\n|-damage|p2a: Jumpluff|7/100\n|-damage|p1a: Cacturne|187/278|[from] item: Life Orb\n|\n|upkeep\n|turn|4\n|inactive|Time left: 300 sec this turn | 300 sec total\n|\n|t:|1783555692\n|move|p1a: Cacturne|Sucker Punch||[still]\n|-fail|p1a: Cacturne\n|move|p2a: Jumpluff|Strength Sap|p1a: Cacturne\n|-unboost|p1a: Cacturne|atk|1\n|-heal|p2a: Jumpluff|100/100\n|\n|upkeep\n|turn|5\n|inactive|Time left: 300 sec this turn | 300 sec total\n|\n|t:|1783555693\n|move|p1a: Cacturne|Sucker Punch|p2a: Jumpluff\n|-damage|p2a: Jumpluff|24/100\n|-damage|p1a: Cacturne|160/278|[from] item: Life Orb\n|move|p2a: Jumpluff|Acrobatics|p1a: Cacturne\n|-supereffective|p1a: Cacturne\n|-damage|p1a: Cacturne|0 fnt\n|faint|p1a: Cacturne\n|\n|upkeep\n|inactive|Time left: 300 sec this turn | 300 sec total | 5 sec grace\n|\n|t:|1783555694\n|switch|p1a: Lycanroc|Lycanroc, L86, F|269/269\n|turn|6\n|inactive|Time left: 300 sec this turn | 300 sec total\n|\n|t:|1783555695\n|move|p1a: Lycanroc|Stone Edge|p2a: Jumpluff\n|-supereffective|p2a: Jumpluff\n|-damage|p2a: Jumpluff|0 fnt\n|faint|p2a: Jumpluff\n|-damage|p1a: Lycanroc|243/269|[from] item: Life Orb\n|\n|upkeep\n|\n|t:|1783555696\n|switch|p2a: Diancie|Diancie, L82|100/100\n|turn|7\n|inactive|Time left: 300 sec this turn | 300 sec total\n|\n|t:|1783555697\n|switch|p1a: Forretress|Forretress, L84, F|263/263\n|move|p2a: Diancie|Diamond Storm|p1a: Forretress\n|-damage|p1a: Forretress|193/263\n|-boost|p2a: Diancie|def|2\n|\n|-heal|p1a: Forretress|209/263|[from] item: Leftovers\n|upkeep\n|turn|8\n|inactive|Time left: 300 sec this turn | 300 sec total\n|\n|t:|1783555698\n|-terastallize|p2a: Diancie|Fighting\n|move|p2a: Diancie|Body Press|p1a: Forretress\n|-damage|p1a: Forretress|53/263\n|move|p1a: Forretress|Iron Head|p2a: Diancie\n|-damage|p2a: Diancie|88/100\n|\n|-heal|p2a: Diancie|94/100|[from] item: Leftovers\n|-heal|p1a: Forretress|69/263|[from] item: Leftovers\n|upkeep\n|turn|9\n|inactive|Time left: 300 sec this turn | 300 sec total\n|\n|t:|1783555699\n|move|p2a: Diancie|Body Press|p1a: Forretress\n|-damage|p1a: Forretress|0 fnt\n|faint|p1a: Forretress\n|\n|-heal|p2a: Diancie|99/100|[from] item: Leftovers\n|upkeep\n|inactive|Time left: 300 sec this turn | 300 sec total | 5 sec grace\n|\n|t:|1783555700\n|switch|p1a: Dragalge|Dragalge, L88, F|258/258\n|turn|10\n|inactive|Time left: 300 sec this turn | 300 sec total\n|\n|t:|1783555701\n|move|p2a: Diancie|Body Press|p1a: Dragalge\n|-resisted|p1a: Dragalge\n|-damage|p1a: Dragalge|144/258\n|move|p1a: Dragalge|Sludge Wave|p2a: Diancie\n|-damage|p2a: Diancie|52/100\n|-status|p2a: Diancie|psn\n|\n|-heal|p2a: Diancie|58/100 psn|[from] item: Leftovers\n|-heal|p1a: Dragalge|160/258|[from] item: Leftovers\n|-damage|p2a: Diancie|46/100 psn|[from] psn\n|upkeep\n|turn|11\n|inactive|Time left: 300 sec this turn | 300 sec total\n|\n|t:|1783555702\n|move|p2a: Diancie|Body Press|p1a: Dragalge\n|-resisted|p1a: Dragalge\n|-damage|p1a: Dragalge|59/258\n|move|p1a: Dragalge|Sludge Wave|p2a: Diancie\n|-damage|p2a: Diancie|1/100 psn\n|\n|-heal|p2a: Diancie|7/100 psn|[from] item: Leftovers\n|-heal|p1a: Dragalge|75/258|[from] item: Leftovers\n|-damage|p2a: Diancie|0 fnt|[from] psn\n|faint|p2a: Diancie\n|upkeep\n|\n|t:|1783555703\n|switch|p2a: Hoopa|Hoopa-Unbound, L80|100/100\n|turn|12\n|inactive|Time left: 300 sec this turn | 300 sec total\n|\n|t:|1783555704\n|move|p2a: Hoopa|Psychic|p1a: Dragalge\n|-supereffective|p1a: Dragalge\n|-damage|p1a: Dragalge|0 fnt\n|faint|p1a: Dragalge\n|\n|upkeep\n|inactive|Time left: 300 sec this turn | 300 sec total | 5 sec grace\n|\n|t:|1783555705\n|switch|p1a: Masquerain|Masquerain, L87, F|264/264\n|-ability|p1a: Masquerain|Intimidate|boost\n|-unboost|p2a: Hoopa|atk|1\n|turn|13\n|inactive|Time left: 300 sec this turn | 300 sec total\n|\n|t:|1783555706\n|switch|p2a: Bellibolt|Bellibolt, L84, F|100/100\n|move|p1a: Masquerain|Quiver Dance|p1a: Masquerain\n|-boost|p1a: Masquerain|spa|1\n|-boost|p1a: Masquerain|spd|1\n|-boost|p1a: Masquerain|spe|1\n|\n|upkeep\n|turn|14\n|inactive|Time left: 300 sec this turn | 300 sec total\n|\n|t:|1783555706\n|move|p1a: Masquerain|Quiver Dance|p1a: Masquerain\n|-boost|p1a: Masquerain|spa|1\n|-boost|p1a: Masquerain|spd|1\n|-boost|p1a: Masquerain|spe|1\n|move|p2a: Bellibolt|Thunderbolt|p1a: Masquerain\n|-supereffective|p1a: Masquerain\n|-damage|p1a: Masquerain|166/264\n|\n|upkeep\n|turn|15\n|inactive|Time left: 300 sec this turn | 300 sec total\n|\n|t:|1783555707\n|move|p1a: Masquerain|Bug Buzz|p2a: Bellibolt\n|-damage|p2a: Bellibolt|31/100\n|-start|p2a: Bellibolt|Charge|Bug Buzz|[from] ability: Electromorphosis\n|move|p2a: Bellibolt|Thunderbolt|p1a: Masquerain\n|-supereffective|p1a: Masquerain\n|-damage|p1a: Masquerain|0 fnt\n|faint|p1a: Masquerain\n|-end|p2a: Bellibolt|Charge|[silent]\n|\n|-heal|p2a: Bellibolt|37/100|[from] item: Leftovers\n|upkeep\n|inactive|Time left: 300 sec this turn | 300 sec total | 5 sec grace\n|\n|t:|1783555708\n|switch|p1a: Lycanroc|Lycanroc, L86, F|243/269\n|turn|16\n|inactive|Time left: 300 sec this turn | 300 sec total\n|\n|t:|1783555709\n|move|p1a: Lycanroc|Swords Dance|p1a: Lycanroc\n|-boost|p1a: Lycanroc|atk|2\n|move|p2a: Bellibolt|Slack Off|p2a: Bellibolt\n|-heal|p2a: Bellibolt|87/100\n|\n|-heal|p2a: Bellibolt|93/100|[from] item: Leftovers\n|upkeep\n|turn|17\n|inactive|Time left: 300 sec this turn | 300 sec total\n|\n|t:|1783555710\n|move|p1a: Lycanroc|Stone Edge|p2a: Bellibolt\n|-damage|p2a: Bellibolt|0 fnt\n|faint|p2a: Bellibolt\n|-damage|p1a: Lycanroc|217/269|[from] item: Life Orb\n|\n|upkeep\n|\n|t:|1783555711\n|switch|p2a: Hoopa|Hoopa-Unbound, L80|100/100\n|turn|18\n|inactive|Time left: 300 sec this turn | 300 sec total\n|\n|t:|1783555712\n|switch|p2a: Talonflame|Talonflame, L83, F|100/100\n|move|p1a: Lycanroc|Stone Edge|p2a: Talonflame\n|-supereffective|p2a: Talonflame\n|-damage|p2a: Talonflame|0 fnt\n|faint|p2a: Talonflame\n|-damage|p1a: Lycanroc|191/269|[from] item: Life Orb\n|\n|upkeep\n|\n|t:|1783555712\n|switch|p2a: Tauros|Tauros, L82, M|100/100\n|turn|19\n|inactive|Time left: 300 sec this turn | 300 sec total\n|\n|t:|1783555713\n|-terastallize|p1a: Lycanroc|Fighting\n|move|p1a: Lycanroc|Close Combat|p2a: Tauros\n|-supereffective|p2a: Tauros\n|-damage|p2a: Tauros|0 fnt\n|-unboost|p1a: Lycanroc|def|1\n|-unboost|p1a: Lycanroc|spd|1\n|faint|p2a: Tauros\n|-damage|p1a: Lycanroc|165/269|[from] item: Life Orb\n|\n|upkeep\n|\n|t:|1783555714\n|switch|p2a: Hoopa|Hoopa-Unbound, L80|100/100\n|turn|20\n|inactive|Time left: 300 sec this turn | 300 sec total\n|\n|t:|1783555715\n|move|p1a: Lycanroc|Close Combat|p2a: Hoopa\n|-damage|p2a: Hoopa|0 fnt\n|-unboost|p1a: Lycanroc|def|1\n|-unboost|p1a: Lycanroc|spd|1\n|faint|p2a: Hoopa\n|-damage|p1a: Lycanroc|139/269|[from] item: Life Orb\n|\n|win|p0x14285971", "uploadtime": 1783555715, "views": 0, "rating": 0, "private": 0, "password": null, "_winner": "p0x14285971", "_our_name": "p0x14285971"}