{"id": "battle-gen9randombattle-1597", "formatid": "gen9randombattle", "format": "[Gen 9] Random Battle", "players": ["p0x159757be", "p0y1597074a"], "log": "|init|battle\n|title|p0x159757be vs. p0y1597074a\n|j|\u2606p0x159757be\n|j|\u2606p0y1597074a\n|t:|1783558500\n|gametype|singles\n|player|p1|p0x159757be|101|\n|player|p2|p0y1597074a|170|\n|gen|9\n|tier|[Gen 9] Random Battle\n|rule|Species Clause: Limit one of each Pok\u00e9mon\n|rule|HP Percentage Mod: HP is shown in percentages\n|rule|Sleep Clause Mod: Limit one foe put to sleep\n|rule|Illusion Level Mod: Illusion disguises the Pok\u00e9mon's true level\n|\n|t:|1783558500\n|teamsize|p1|6\n|teamsize|p2|6\n|start\n|switch|p1a: Brute Bonnet|Brute Bonnet, L80|309/309\n|switch|p2a: Corviknight|Corviknight, L80, F|100/100\n|-ability|p2a: Corviknight|Pressure\n|turn|1\n|inactive|Battle timer is ON: inactive players will automatically lose when time's up. (requested by p0y1597074a)\n|inactive|Time left: 300 sec this turn | 300 sec total | 60 sec grace\n|inactive|p0x159757be also wants the timer to be on.\n|\n|t:|1783558501\n|move|p2a: Corviknight|Brave Bird|p1a: Brute Bonnet\n|-supereffective|p1a: Brute Bonnet\n|-damage|p1a: Brute Bonnet|109/309\n|-damage|p2a: Corviknight|78/100|[from] Recoil\n|move|p1a: Brute Bonnet|Spore|p2a: Corviknight\n|-status|p2a: Corviknight|slp|[from] move: Spore\n|\n|-heal|p1a: Brute Bonnet|128/309|[from] item: Leftovers\n|upkeep\n|turn|2\n|inactive|Time left: 300 sec this turn | 300 sec total\n|\n|t:|1783558501\n|switch|p2a: Kricketune|Kricketune, L99, F|100/100\n|move|p1a: Brute Bonnet|Crunch|p2a: Kricketune\n|-damage|p2a: Kricketune|59/100\n|\n|-heal|p1a: Brute Bonnet|147/309|[from] item: Leftovers\n|upkeep\n|turn|3\n|inactive|Time left: 300 sec this turn | 300 sec total\n|\n|t:|1783558502\n|move|p2a: Kricketune|Sticky Web|p1a: Brute Bonnet\n|-sidestart|p1: p0x159757be|move: Sticky Web\n|move|p1a: Brute Bonnet|Crunch|p2a: Kricketune\n|-damage|p2a: Kricketune|19/100\n|-unboost|p2a: Kricketune|def|1\n|\n|-heal|p1a: Brute Bonnet|166/309|[from] item: Leftovers\n|upkeep\n|turn|4\n|inactive|Time left: 300 sec this turn | 300 sec total\n|\n|t:|1783558503\n|move|p1a: Brute Bonnet|Sucker Punch|p2a: Kricketune\n|-damage|p2a: Kricketune|0 fnt\n|faint|p2a: Kricketune\n|\n|-heal|p1a: Brute Bonnet|185/309|[from] item: Leftovers\n|upkeep\n|\n|t:|1783558504\n|switch|p2a: Iron Moth|Iron Moth, L78|100/100\n|turn|5\n|inactive|Time left: 300 sec this turn | 300 sec total\n|\n|t:|1783558505\n|-end|p1a: Brute Bonnet|Protosynthesis|[silent]\n|switch|p1a: Lunala|Lunala, L70|308/308\n|-activate|p1a: Lunala|move: Sticky Web\n|-unboost|p1a: Lunala|spe|1\n|move|p2a: Iron Moth|Fiery Dance|p1a: Lunala\n|-damage|p1a: Lunala|258/308\n|-boost|p2a: Iron Moth|spa|1\n|\n|-heal|p1a: Lunala|277/308|[from] item: Leftovers\n|upkeep\n|turn|6\n|inactive|Time left: 300 sec this turn | 300 sec total\n|\n|t:|1783558506\n|move|p2a: Iron Moth|Fiery Dance|p1a: Lunala\n|-damage|p1a: Lunala|124/308\n|-boost|p2a: Iron Moth|spa|1\n|move|p1a: Lunala|Moonlight|p1a: Lunala\n|-heal|p1a: Lunala|278/308\n|\n|-heal|p1a: Lunala|297/308|[from] item: Leftovers\n|upkeep\n|turn|7\n|inactive|Time left: 300 sec this turn | 300 sec total\n|\n|t:|1783558507\n|move|p2a: Iron Moth|Fiery Dance|p1a: Lunala\n|-damage|p1a: Lunala|107/308\n|move|p1a: Lunala|Moonlight|p1a: Lunala\n|-heal|p1a: Lunala|261/308\n|\n|-heal|p1a: Lunala|280/308|[from] item: Leftovers\n|upkeep\n|turn|8\n|inactive|Time left: 300 sec this turn | 300 sec total\n|\n|t:|1783558508\n|move|p2a: Iron Moth|Fiery Dance|p1a: Lunala\n|-damage|p1a: Lunala|76/308\n|-boost|p2a: Iron Moth|spa|1\n|move|p1a: Lunala|Calm Mind|p1a: Lunala\n|-boost|p1a: Lunala|spa|1\n|-boost|p1a: Lunala|spd|1\n|\n|-heal|p1a: Lunala|95/308|[from] item: Leftovers\n|upkeep\n|turn|9\n|inactive|Time left: 300 sec this turn | 300 sec total\n|\n|t:|1783558509\n|move|p2a: Iron Moth|Fiery Dance|p1a: Lunala\n|-damage|p1a: Lunala|0 fnt\n|-boost|p2a: Iron Moth|spa|1\n|faint|p1a: Lunala\n|\n|upkeep\n|inactive|Time left: 300 sec this turn | 300 sec total | 5 sec grace\n|\n|t:|1783558510\n|switch|p1a: Grafaiai|Grafaiai, L86, M|249/249\n|-activate|p1a: Grafaiai|move: Sticky Web\n|-unboost|p1a: Grafaiai|spe|1\n|turn|10\n|inactive|Time left: 300 sec this turn | 300 sec total\n|\n|t:|1783558511\n|move|p2a: Iron Moth|Fiery Dance|p1a: Grafaiai\n|-damage|p1a: Grafaiai|44/249\n|-boost|p2a: Iron Moth|spa|1\n|move|p1a: Grafaiai|Knock Off|p2a: Iron Moth\n|-damage|p2a: Iron Moth|64/100\n|-enditem|p2a: Iron Moth|Heavy-Duty Boots|[from] move: Knock Off|[of] p1a: Grafaiai\n|\n|upkeep\n|turn|11\n|inactive|Time left: 300 sec this turn | 300 sec total\n|\n|t:|1783558512\n|move|p2a: Iron Moth|Fiery Dance|p1a: Grafaiai\n|-damage|p1a: Grafaiai|0 fnt\n|-boost|p2a: Iron Moth|spa|1\n|faint|p1a: Grafaiai\n|\n|upkeep\n|inactive|Time left: 300 sec this turn | 300 sec total | 5 sec grace\n|\n|t:|1783558513\n|switch|p1a: Brute Bonnet|Brute Bonnet, L80|185/309\n|-activate|p1a: Brute Bonnet|move: Sticky Web\n|-unboost|p1a: Brute Bonnet|spe|1\n|turn|12\n|inactive|Time left: 300 sec this turn | 300 sec total\n|\n|t:|1783558514\n|move|p1a: Brute Bonnet|Sucker Punch|p2a: Iron Moth\n|-damage|p2a: Iron Moth|14/100\n|move|p2a: Iron Moth|Fiery Dance|p1a: Brute Bonnet\n|-supereffective|p1a: Brute Bonnet\n|-damage|p1a: Brute Bonnet|0 fnt\n|faint|p1a: Brute Bonnet\n|-end|p1a: Brute Bonnet|Protosynthesis|[silent]\n|\n|upkeep\n|inactive|Time left: 300 sec this turn | 300 sec total | 5 sec grace\n|\n|t:|1783558516\n|switch|p1a: Staraptor|Staraptor, L79, M|263/263\n|turn|13\n|inactive|Time left: 300 sec this turn | 300 sec total\n|\n|t:|1783558516\n|move|p1a: Staraptor|Quick Attack|p2a: Iron Moth\n|-damage|p2a: Iron Moth|0 fnt\n|faint|p2a: Iron Moth\n|-end|p2a: Iron Moth|Quark Drive|[silent]\n|\n|upkeep\n|\n|t:|1783558517\n|switch|p2a: Flutter Mane|Flutter Mane, L74|100/100\n|turn|14\n|inactive|Time left: 300 sec this turn | 300 sec total\n|\n|t:|1783558518\n|switch|p1a: Comfey|Comfey, L85, M|225/225\n|-activate|p1a: Comfey|move: Sticky Web\n|-unboost|p1a: Comfey|spe|1\n|move|p2a: Flutter Mane|Moonblast|p1a: Comfey\n|-damage|p1a: Comfey|122/225\n|-damage|p2a: Flutter Mane|91/100|[from] item: Life Orb\n|\n|-heal|p1a: Comfey|136/225|[from] item: Leftovers\n|upkeep\n|turn|15\n|inactive|Time left: 300 sec this turn | 300 sec total\n|\n|t:|1783558520\n|move|p2a: Flutter Mane|Moonblast|p1a: Comfey\n|-damage|p1a: Comfey|19/225\n|-damage|p2a: Flutter Mane|81/100|[from] item: Life Orb\n|move|p1a: Comfey|Calm Mind|p1a: Comfey\n|-boost|p1a: Comfey|spa|1\n|-boost|p1a: Comfey|spd|1\n|\n|-heal|p1a: Comfey|33/225|[from] item: Leftovers\n|upkeep\n|turn|16\n|inactive|Time left: 300 sec this turn | 300 sec total\n|\n|t:|1783558521\n|move|p1a: Comfey|Draining Kiss|p2a: Flutter Mane\n|-damage|p2a: Flutter Mane|51/100\n|-heal|p1a: Comfey|79/225|[from] drain|[of] p2a: Flutter Mane\n|move|p2a: Flutter Mane|Moonblast|p1a: Comfey\n|-damage|p1a: Comfey|8/225\n|-unboost|p1a: Comfey|spa|1\n|-damage|p2a: Flutter Mane|41/100|[from] item: Life Orb\n|\n|-heal|p1a: Comfey|22/225|[from] item: Leftovers\n|upkeep\n|turn|17\n|inactive|Time left: 300 sec this turn | 300 sec total\n|\n|t:|1783558522\n|move|p1a: Comfey|Draining Kiss|p2a: Flutter Mane\n|-damage|p2a: Flutter Mane|22/100\n|-heal|p1a: Comfey|51/225|[from] drain|[of] p2a: Flutter Mane\n|move|p2a: Flutter Mane|Moonblast|p1a: Comfey\n|-damage|p1a: Comfey|0 fnt\n|faint|p1a: Comfey\n|-damage|p2a: Flutter Mane|12/100|[from] item: Life Orb\n|\n|upkeep\n|inactive|Time left: 300 sec this turn | 300 sec total | 5 sec grace\n|\n|t:|1783558523\n|switch|p1a: Staraptor|Staraptor, L79, M|263/263\n|turn|18\n|inactive|Time left: 300 sec this turn | 300 sec total\n|\n|t:|1783558524\n|move|p2a: Flutter Mane|Thunderbolt|p1a: Staraptor\n|-supereffective|p1a: Staraptor\n|-damage|p1a: Staraptor|19/263\n|-damage|p2a: Flutter Mane|2/100|[from] item: Life Orb\n|move|p1a: Staraptor|Brave Bird|p2a: Flutter Mane\n|-damage|p2a: Flutter Mane|0 fnt\n|faint|p2a: Flutter Mane\n|-end|p2a: Flutter Mane|Protosynthesis|[silent]\n|-damage|p1a: Staraptor|18/263|[from] Recoil\n|\n|upkeep\n|\n|t:|1783558525\n|switch|p2a: Whimsicott|Whimsicott, L84, F|100/100\n|turn|19\n|inactive|Time left: 300 sec this turn | 300 sec total\n|\n|t:|1783558526\n|move|p2a: Whimsicott|Moonblast|p1a: Staraptor\n|-damage|p1a: Staraptor|0 fnt\n|faint|p1a: Staraptor\n|\n|upkeep\n|inactive|Time left: 300 sec this turn | 300 sec total | 5 sec grace\n|\n|t:|1783558527\n|switch|p1a: Mabosstiff|Mabosstiff, L86, M|278/278\n|-activate|p1a: Mabosstiff|move: Sticky Web\n|-unboost|p1a: Mabosstiff|spe|1\n|turn|20\n|inactive|Time left: 300 sec this turn | 300 sec total\n|\n|t:|1783558528\n|move|p2a: Whimsicott|Moonblast|p1a: Mabosstiff\n|-supereffective|p1a: Mabosstiff\n|-damage|p1a: Mabosstiff|90/278\n|-unboost|p1a: Mabosstiff|spa|1\n|move|p1a: Mabosstiff|Crunch|p2a: Whimsicott\n|-resisted|p2a: Whimsicott\n|-damage|p2a: Whimsicott|78/100\n|\n|-heal|p2a: Whimsicott|84/100|[from] item: Leftovers\n|upkeep\n|turn|21\n|inactive|Time left: 300 sec this turn | 300 sec total\n|\n|t:|1783558529\n|-terastallize|p2a: Whimsicott|Poison\n|-terastallize|p1a: Mabosstiff|Dark\n|move|p2a: Whimsicott|Moonblast|p1a: Mabosstiff\n|-supereffective|p1a: Mabosstiff\n|-damage|p1a: Mabosstiff|0 fnt\n|faint|p1a: Mabosstiff\n|\n|win|p0y1597074a", "uploadtime": 1783558529, "views": 0, "rating": 0, "private": 0, "password": null, "_winner": "p0y1597074a", "_our_name": "p0x159757be"}