{"id": "battle-gen9randombattle-1356", "formatid": "gen9randombattle", "format": "[Gen 9] Random Battle", "players": ["p0x135663d4", "p0y1356de4c"], "log": "|init|battle\n|title|p0x135663d4 vs. p0y1356de4c\n|j|\u2606p0x135663d4\n|j|\u2606p0y1356de4c\n|t:|1783555750\n|gametype|singles\n|player|p1|p0x135663d4|266|\n|player|p2|p0y1356de4c|265|\n|gen|9\n|tier|[Gen 9] Random Battle\n|rule|Species Clause: Limit one of each Pok\u00e9mon\n|rule|HP Percentage Mod: HP is shown in percentages\n|rule|Sleep Clause Mod: Limit one foe put to sleep\n|rule|Illusion Level Mod: Illusion disguises the Pok\u00e9mon's true level\n|\n|t:|1783555750\n|teamsize|p1|6\n|teamsize|p2|6\n|start\n|switch|p1a: Dachsbun|Dachsbun, L92, M|100/100\n|switch|p2a: Dedenne|Dedenne, L88, F|261/261\n|turn|1\n|inactive|Battle timer is ON: inactive players will automatically lose when time's up. (requested by p0x135663d4)\n|inactive|Time left: 300 sec this turn | 300 sec total | 60 sec grace\n|inactive|p0y1356de4c also wants the timer to be on.\n|\n|t:|1783555752\n|switch|p2a: Yanmega|Yanmega, L82, F|275/275\n|move|p1a: Dachsbun|Play Rough|p2a: Yanmega\n|-damage|p2a: Yanmega|169/275\n|\n|upkeep\n|turn|2\n|inactive|Time left: 300 sec this turn | 300 sec total\n|\n|t:|1783555753\n|move|p1a: Dachsbun|Play Rough|p2a: Yanmega\n|-crit|p2a: Yanmega\n|-damage|p2a: Yanmega|7/275\n|move|p2a: Yanmega|Bug Buzz|p1a: Dachsbun\n|-resisted|p1a: Dachsbun\n|-damage|p1a: Dachsbun|79/100\n|\n|-heal|p1a: Dachsbun|85/100|[from] item: Leftovers\n|-ability|p2a: Yanmega|Speed Boost|boost\n|-boost|p2a: Yanmega|spe|1\n|upkeep\n|turn|3\n|inactive|Time left: 300 sec this turn | 300 sec total\n|\n|t:|1783555754\n|move|p2a: Yanmega|Air Slash|p1a: Dachsbun\n|-damage|p1a: Dachsbun|52/100\n|cant|p1a: Dachsbun|flinch\n|\n|-heal|p1a: Dachsbun|58/100|[from] item: Leftovers\n|-ability|p2a: Yanmega|Speed Boost|boost\n|-boost|p2a: Yanmega|spe|1\n|upkeep\n|turn|4\n|inactive|Time left: 300 sec this turn | 300 sec total\n|\n|t:|1783555755\n|move|p2a: Yanmega|Air Slash|p1a: Dachsbun\n|-damage|p1a: Dachsbun|25/100\n|move|p1a: Dachsbun|Play Rough|p2a: Yanmega\n|-damage|p2a: Yanmega|0 fnt\n|faint|p2a: Yanmega\n|\n|-heal|p1a: Dachsbun|31/100|[from] item: Leftovers\n|upkeep\n|inactive|Time left: 300 sec this turn | 300 sec total | 5 sec grace\n|\n|t:|1783555756\n|switch|p2a: Krookodile|Krookodile, L79, F|280/280\n|-ability|p2a: Krookodile|Intimidate|boost\n|-unboost|p1a: Dachsbun|atk|1\n|turn|5\n|inactive|Time left: 300 sec this turn | 300 sec total\n|\n|t:|1783555757\n|move|p1a: Dachsbun|Play Rough|p2a: Krookodile|[miss]\n|-miss|p1a: Dachsbun|p2a: Krookodile\n|move|p2a: Krookodile|Bulk Up|p2a: Krookodile\n|-boost|p2a: Krookodile|atk|1\n|-boost|p2a: Krookodile|def|1\n|\n|-heal|p1a: Dachsbun|37/100|[from] item: Leftovers\n|upkeep\n|turn|6\n|inactive|Time left: 300 sec this turn | 300 sec total\n|\n|t:|1783555758\n|move|p1a: Dachsbun|Play Rough|p2a: Krookodile\n|-supereffective|p2a: Krookodile\n|-damage|p2a: Krookodile|176/280\n|move|p2a: Krookodile|Earthquake|p1a: Dachsbun\n|-damage|p1a: Dachsbun|0 fnt\n|faint|p1a: Dachsbun\n|\n|-heal|p2a: Krookodile|193/280|[from] item: Leftovers\n|upkeep\n|\n|t:|1783555759\n|switch|p1a: Gastrodon|Gastrodon, L86, M|100/100\n|turn|7\n|inactive|Time left: 300 sec this turn | 300 sec total\n|\n|t:|1783555760\n|-terastallize|p2a: Krookodile|Poison\n|move|p2a: Krookodile|Earthquake|p1a: Gastrodon\n|-damage|p1a: Gastrodon|40/100\n|move|p1a: Gastrodon|Surf|p2a: Krookodile\n|-damage|p2a: Krookodile|75/280\n|\n|-heal|p2a: Krookodile|92/280|[from] item: Leftovers\n|-heal|p1a: Gastrodon|46/100|[from] item: Leftovers\n|upkeep\n|turn|8\n|inactive|Time left: 300 sec this turn | 300 sec total\n|\n|t:|1783555761\n|switch|p1a: Cacturne|Cacturne, L92, F|100/100\n|move|p2a: Krookodile|Earthquake|p1a: Cacturne\n|-resisted|p1a: Cacturne\n|-damage|p1a: Cacturne|65/100\n|\n|-heal|p2a: Krookodile|109/280|[from] item: Leftovers\n|upkeep\n|turn|9\n|inactive|Time left: 300 sec this turn | 300 sec total\n|\n|t:|1783555762\n|move|p2a: Krookodile|Gunk Shot|p1a: Cacturne\n|-supereffective|p1a: Cacturne\n|-crit|p1a: Cacturne\n|-damage|p1a: Cacturne|0 fnt\n|faint|p1a: Cacturne\n|\n|-heal|p2a: Krookodile|126/280|[from] item: Leftovers\n|upkeep\n|\n|t:|1783555763\n|switch|p1a: Necrozma|Necrozma-Dusk-Mane, L69|100/100\n|turn|10\n|inactive|Time left: 300 sec this turn | 300 sec total\n|\n|t:|1783555764\n|move|p2a: Krookodile|Bulk Up|p2a: Krookodile\n|-boost|p2a: Krookodile|atk|1\n|-boost|p2a: Krookodile|def|1\n|move|p1a: Necrozma|Dragon Dance|p1a: Necrozma\n|-boost|p1a: Necrozma|atk|1\n|-boost|p1a: Necrozma|spe|1\n|\n|-heal|p2a: Krookodile|143/280|[from] item: Leftovers\n|upkeep\n|turn|11\n|inactive|Time left: 300 sec this turn | 300 sec total\n|\n|t:|1783555765\n|switch|p2a: Umbreon|Umbreon, L84, M|297/297\n|move|p1a: Necrozma|Photon Geyser|p2a: Umbreon\n|-immune|p2a: Umbreon\n|\n|upkeep\n|turn|12\n|inactive|Time left: 300 sec this turn | 300 sec total\n|\n|t:|1783555766\n|move|p1a: Necrozma|Sunsteel Strike|p2a: Umbreon\n|-damage|p2a: Umbreon|152/297\n|move|p2a: Umbreon|Foul Play|p1a: Necrozma\n|-supereffective|p1a: Necrozma\n|-damage|p1a: Necrozma|3/100\n|-enditem|p1a: Necrozma|Weakness Policy\n|-boost|p1a: Necrozma|atk|2|[from] item: Weakness Policy\n|-boost|p1a: Necrozma|spa|2|[from] item: Weakness Policy\n|\n|-heal|p2a: Umbreon|170/297|[from] item: Leftovers\n|upkeep\n|turn|13\n|inactive|Time left: 300 sec this turn | 300 sec total\n|\n|t:|1783555767\n|move|p1a: Necrozma|Sunsteel Strike|p2a: Umbreon\n|-damage|p2a: Umbreon|0 fnt\n|faint|p2a: Umbreon\n|\n|upkeep\n|inactive|Time left: 300 sec this turn | 300 sec total | 5 sec grace\n|\n|t:|1783555768\n|switch|p2a: Dedenne|Dedenne, L88, F|261/261\n|turn|14\n|inactive|Time left: 300 sec this turn | 300 sec total\n|\n|t:|1783555770\n|-terastallize|p1a: Necrozma|Ground\n|move|p2a: Dedenne|Dazzling Gleam|p1a: Necrozma\n|-damage|p1a: Necrozma|0 fnt\n|faint|p1a: Necrozma\n|\n|upkeep\n|\n|t:|1783555771\n|switch|p1a: Gastrodon|Gastrodon, L86, M|46/100\n|turn|15\n|inactive|Time left: 300 sec this turn | 300 sec total\n|\n|t:|1783555772\n|switch|p2a: Quaquaval|Quaquaval, L79, M|264/264\n|move|p1a: Gastrodon|Earthquake|p2a: Quaquaval\n|-damage|p2a: Quaquaval|159/264\n|\n|-heal|p1a: Gastrodon|52/100|[from] item: Leftovers\n|upkeep\n|turn|16\n|inactive|Time left: 300 sec this turn | 300 sec total\n|\n|t:|1783555773\n|switch|p1a: Hatterene|Hatterene, L85, F|100/100\n|move|p2a: Quaquaval|Close Combat|p1a: Hatterene\n|-resisted|p1a: Hatterene\n|-damage|p1a: Hatterene|84/100\n|-unboost|p2a: Quaquaval|def|1\n|-unboost|p2a: Quaquaval|spd|1\n|-damage|p2a: Quaquaval|133/264|[from] item: Life Orb\n|\n|-heal|p1a: Hatterene|89/100|[from] item: Leftovers\n|upkeep\n|turn|17\n|inactive|Time left: 300 sec this turn | 300 sec total\n|\n|t:|1783555774\n|move|p2a: Quaquaval|Aqua Step|p1a: Hatterene\n|-damage|p1a: Hatterene|41/100\n|-boost|p2a: Quaquaval|spe|1\n|-damage|p2a: Quaquaval|107/264|[from] item: Life Orb\n|move|p1a: Hatterene|Psyshock|p2a: Quaquaval\n|-supereffective|p2a: Quaquaval\n|-damage|p2a: Quaquaval|0 fnt\n|faint|p2a: Quaquaval\n|\n|-heal|p1a: Hatterene|47/100|[from] item: Leftovers\n|upkeep\n|inactive|Time left: 300 sec this turn | 300 sec total | 5 sec grace\n|\n|t:|1783555775\n|switch|p2a: Krookodile|Krookodile, L79, F, tera:Poison|143/280\n|-ability|p2a: Krookodile|Intimidate|boost\n|-unboost|p1a: Hatterene|atk|1\n|turn|18\n|inactive|Time left: 300 sec this turn | 300 sec total\n|\n|t:|1783555776\n|move|p2a: Krookodile|Gunk Shot|p1a: Hatterene\n|-supereffective|p1a: Hatterene\n|-damage|p1a: Hatterene|0 fnt\n|faint|p1a: Hatterene\n|\n|-heal|p2a: Krookodile|160/280|[from] item: Leftovers\n|upkeep\n|\n|t:|1783555777\n|switch|p1a: Frosmoth|Frosmoth, L82, M|100/100\n|turn|19\n|inactive|Time left: 300 sec this turn | 300 sec total\n|\n|t:|1783555778\n|move|p2a: Krookodile|Gunk Shot|p1a: Frosmoth\n|-damage|p1a: Frosmoth|33/100\n|-status|p1a: Frosmoth|psn\n|move|p1a: Frosmoth|Quiver Dance|p1a: Frosmoth\n|-boost|p1a: Frosmoth|spa|1\n|-boost|p1a: Frosmoth|spd|1\n|-boost|p1a: Frosmoth|spe|1\n|\n|-heal|p2a: Krookodile|177/280|[from] item: Leftovers\n|-damage|p1a: Frosmoth|20/100 psn|[from] psn\n|upkeep\n|turn|20\n|inactive|Time left: 300 sec this turn | 300 sec total\n|\n|t:|1783555779\n|move|p1a: Frosmoth|Ice Beam|p2a: Krookodile\n|-damage|p2a: Krookodile|0 fnt\n|faint|p2a: Krookodile\n|\n|-damage|p1a: Frosmoth|8/100 psn|[from] psn\n|upkeep\n|inactive|Time left: 300 sec this turn | 300 sec total | 5 sec grace\n|\n|t:|1783555780\n|switch|p2a: Deoxys|Deoxys-Attack, L72|191/191\n|-ability|p2a: Deoxys|Pressure\n|turn|21\n|inactive|Time left: 300 sec this turn | 300 sec total\n|\n|t:|1783555781\n|move|p2a: Deoxys|Knock Off|p1a: Frosmoth\n|-damage|p1a: Frosmoth|0 fnt\n|-enditem|p1a: Frosmoth|Heavy-Duty Boots|[from] move: Knock Off|[of] p2a: Deoxys\n|faint|p1a: Frosmoth\n|-damage|p2a: Deoxys|172/191|[from] item: Life Orb\n|\n|upkeep\n|\n|t:|1783555782\n|switch|p1a: Gastrodon|Gastrodon, L86, M|52/100\n|turn|22\n|inactive|Time left: 300 sec this turn | 300 sec total\n|\n|t:|1783555783\n|move|p2a: Deoxys|Knock Off|p1a: Gastrodon\n|-damage|p1a: Gastrodon|14/100\n|-enditem|p1a: Gastrodon|Leftovers|[from] move: Knock Off|[of] p2a: Deoxys\n|-damage|p2a: Deoxys|153/191|[from] item: Life Orb\n|move|p1a: Gastrodon|Recover|p1a: Gastrodon\n|-heal|p1a: Gastrodon|64/100\n|\n|upkeep\n|turn|23\n|inactive|Time left: 300 sec this turn | 300 sec total\n|\n|t:|1783555783\n|move|p2a: Deoxys|Superpower|p1a: Gastrodon\n|-damage|p1a: Gastrodon|16/100\n|-unboost|p2a: Deoxys|atk|1\n|-unboost|p2a: Deoxys|def|1\n|-damage|p2a: Deoxys|134/191|[from] item: Life Orb\n|move|p1a: Gastrodon|Recover|p1a: Gastrodon\n|-heal|p1a: Gastrodon|66/100\n|\n|upkeep\n|turn|24\n|inactive|Time left: 300 sec this turn | 300 sec total\n|\n|t:|1783555784\n|move|p2a: Deoxys|Psycho Boost|p1a: Gastrodon\n|-damage|p1a: Gastrodon|0 fnt\n|-unboost|p2a: Deoxys|spa|2\n|faint|p1a: Gastrodon\n|-damage|p2a: Deoxys|115/191|[from] item: Life Orb\n|\n|win|p0y1356de4c", "uploadtime": 1783555784, "views": 0, "rating": 0, "private": 0, "password": null, "_winner": "p0y1356de4c", "_our_name": "p0y1356de4c"}