{"id": "battle-gen9randombattle-788", "formatid": "gen9randombattle", "format": "[Gen 9] Random Battle", "players": ["p0x788cd8c", "p0y788a86d"], "log": "|init|battle\n|title|p0x788cd8c vs. p0y788a86d\n|j|\u2606p0x788cd8c\n|j|\u2606p0y788a86d\n|t:|1783548264\n|gametype|singles\n|player|p1|p0x788cd8c|2|\n|player|p2|p0y788a86d|266|\n|gen|9\n|tier|[Gen 9] Random Battle\n|rule|Species Clause: Limit one of each Pok\u00e9mon\n|rule|HP Percentage Mod: HP is shown in percentages\n|rule|Sleep Clause Mod: Limit one foe put to sleep\n|rule|Illusion Level Mod: Illusion disguises the Pok\u00e9mon's true level\n|\n|t:|1783548264\n|teamsize|p1|6\n|teamsize|p2|6\n|start\n|switch|p1a: Vespiquen|Vespiquen, L99, F|100/100\n|switch|p2a: Golduck|Golduck, L90, F|290/290\n|-ability|p2a: Golduck|Cloud Nine\n|-ability|p1a: Vespiquen|Pressure\n|turn|1\n|inactive|Battle timer is ON: inactive players will automatically lose when time's up. (requested by p0y788a86d)\n|inactive|p0x788cd8c also wants the timer to be on.\n|\n|t:|1783548266\n|move|p2a: Golduck|Nasty Plot|p2a: Golduck\n|-boost|p2a: Golduck|spa|2\n|move|p1a: Vespiquen|Hurricane|p2a: Golduck\n|-damage|p2a: Golduck|149/290\n|\n|-heal|p2a: Golduck|167/290|[from] item: Leftovers\n|upkeep\n|turn|2\n|inactive|Time left: 300 sec this turn | 300 sec total\n|\n|t:|1783548267\n|move|p2a: Golduck|Ice Beam|p1a: Vespiquen\n|-supereffective|p1a: Vespiquen\n|-damage|p1a: Vespiquen|22/100\n|move|p1a: Vespiquen|U-turn|p2a: Golduck\n|-damage|p2a: Golduck|80/290\n|\n|t:|1783548268\n|switch|p1a: Meowscarada|Meowscarada, L78, F|100/100|[from] U-turn\n|\n|-heal|p2a: Golduck|98/290|[from] item: Leftovers\n|upkeep\n|turn|3\n|inactive|Time left: 300 sec this turn | 300 sec total\n|\n|t:|1783548270\n|move|p1a: Meowscarada|Flower Trick|p2a: Golduck\n|-start|p1a: Meowscarada|typechange|Grass|[from] ability: Protean\n|-supereffective|p2a: Golduck\n|-crit|p2a: Golduck\n|-damage|p2a: Golduck|0 fnt\n|faint|p2a: Golduck\n|\n|upkeep\n|inactive|Time left: 300 sec this turn | 300 sec total | 5 sec grace\n|\n|t:|1783548271\n|switch|p2a: Typhlosion|Typhlosion-Hisui, L83, M|257/257\n|turn|4\n|inactive|Time left: 300 sec this turn | 300 sec total\n|\n|t:|1783548272\n|switch|p1a: Rhydon|Rhydon, L85, F|100/100\n|move|p2a: Typhlosion|Eruption|p1a: Rhydon\n|-resisted|p1a: Rhydon\n|-damage|p1a: Rhydon|54/100\n|\n|upkeep\n|turn|5\n|inactive|Time left: 300 sec this turn | 300 sec total\n|\n|t:|1783548273\n|-terastallize|p2a: Typhlosion|Fire\n|move|p2a: Typhlosion|Eruption|p1a: Rhydon\n|-resisted|p1a: Rhydon\n|-damage|p1a: Rhydon|0 fnt\n|faint|p1a: Rhydon\n|\n|upkeep\n|\n|t:|1783548274\n|switch|p1a: Regirock|Regirock, L83|100/100\n|turn|6\n|inactive|Time left: 300 sec this turn | 300 sec total\n|\n|t:|1783548275\n|move|p2a: Typhlosion|Eruption|p1a: Regirock\n|-resisted|p1a: Regirock\n|-damage|p1a: Regirock|43/100\n|move|p1a: Regirock|Stone Edge|p2a: Typhlosion\n|-supereffective|p2a: Typhlosion\n|-damage|p2a: Typhlosion|39/257\n|\n|-heal|p1a: Regirock|49/100|[from] item: Leftovers\n|upkeep\n|turn|7\n|inactive|Time left: 300 sec this turn | 300 sec total\n|\n|t:|1783548276\n|move|p2a: Typhlosion|Eruption|p1a: Regirock\n|-resisted|p1a: Regirock\n|-damage|p1a: Regirock|34/100\n|move|p1a: Regirock|Stealth Rock|p2a: Typhlosion\n|-sidestart|p2: p0y788a86d|move: Stealth Rock\n|\n|-heal|p1a: Regirock|40/100|[from] item: Leftovers\n|upkeep\n|turn|8\n|inactive|Time left: 300 sec this turn | 300 sec total\n|\n|t:|1783548278\n|move|p2a: Typhlosion|Eruption|p1a: Regirock\n|-resisted|p1a: Regirock\n|-damage|p1a: Regirock|25/100\n|move|p1a: Regirock|Body Press|p2a: Typhlosion\n|-damage|p2a: Typhlosion|0 fnt\n|faint|p2a: Typhlosion\n|\n|-heal|p1a: Regirock|31/100|[from] item: Leftovers\n|upkeep\n|inactive|Time left: 300 sec this turn | 300 sec total | 5 sec grace\n|\n|t:|1783548279\n|switch|p2a: Flygon|Flygon, L82, F|265/265\n|-damage|p2a: Flygon|249/265|[from] Stealth Rock\n|turn|9\n|inactive|Time left: 300 sec this turn | 300 sec total\n|\n|t:|1783548279\n|switch|p1a: Misdreavus|Misdreavus, L90, F|100/100\n|move|p2a: Flygon|Outrage|p1a: Misdreavus\n|-damage|p1a: Misdreavus|37/100\n|\n|upkeep\n|turn|10\n|inactive|Time left: 300 sec this turn | 300 sec total\n|\n|t:|1783548280\n|-terastallize|p1a: Misdreavus|Fairy\n|move|p2a: Flygon|Outrage|p1a: Misdreavus|[from] lockedmove\n|-immune|p1a: Misdreavus\n|move|p1a: Misdreavus|Calm Mind|p1a: Misdreavus\n|-boost|p1a: Misdreavus|spa|1\n|-boost|p1a: Misdreavus|spd|1\n|\n|upkeep\n|turn|11\n|inactive|Time left: 300 sec this turn | 300 sec total\n|\n|t:|1783548281\n|move|p2a: Flygon|Outrage|p1a: Misdreavus\n|-immune|p1a: Misdreavus\n|move|p1a: Misdreavus|Draining Kiss|p2a: Flygon\n|-supereffective|p2a: Flygon\n|-damage|p2a: Flygon|37/265\n|-heal|p1a: Misdreavus|99/100|[from] drain|[of] p2a: Flygon\n|\n|upkeep\n|turn|12\n|inactive|Time left: 300 sec this turn | 300 sec total\n|\n|t:|1783548282\n|move|p2a: Flygon|Outrage|p1a: Misdreavus\n|-immune|p1a: Misdreavus\n|move|p1a: Misdreavus|Calm Mind|p1a: Misdreavus\n|-boost|p1a: Misdreavus|spa|1\n|-boost|p1a: Misdreavus|spd|1\n|\n|upkeep\n|turn|13\n|inactive|Time left: 300 sec this turn | 300 sec total\n|\n|t:|1783548283\n|move|p2a: Flygon|Outrage|p1a: Misdreavus\n|-immune|p1a: Misdreavus\n|move|p1a: Misdreavus|Draining Kiss|p2a: Flygon\n|-supereffective|p2a: Flygon\n|-damage|p2a: Flygon|0 fnt\n|-heal|p1a: Misdreavus|100/100|[from] drain|[of] p2a: Flygon\n|faint|p2a: Flygon\n|\n|upkeep\n|inactive|Time left: 300 sec this turn | 300 sec total | 5 sec grace\n|\n|t:|1783548284\n|switch|p2a: Kingambit|Kingambit, L74, M|270/270\n|-damage|p2a: Kingambit|254/270|[from] Stealth Rock\n|-activate|p2a: Kingambit|ability: Supreme Overlord\n|-start|p2a: Kingambit|fallen3|[silent]\n|turn|14\n|inactive|Time left: 300 sec this turn | 300 sec total\n|\n|t:|1783548285\n|move|p1a: Misdreavus|Draining Kiss|p2a: Kingambit\n|-damage|p2a: Kingambit|97/270\n|move|p2a: Kingambit|Iron Head|p1a: Misdreavus\n|-supereffective|p1a: Misdreavus\n|-damage|p1a: Misdreavus|23/100\n|\n|-heal|p2a: Kingambit|113/270|[from] item: Leftovers\n|upkeep\n|turn|15\n|inactive|Time left: 300 sec this turn | 300 sec total\n|\n|t:|1783548286\n|move|p2a: Kingambit|Sucker Punch|p1a: Misdreavus\n|-resisted|p1a: Misdreavus\n|-damage|p1a: Misdreavus|5/100\n|move|p1a: Misdreavus|Draining Kiss|p2a: Kingambit\n|-damage|p2a: Kingambit|0 fnt\n|-heal|p1a: Misdreavus|39/100|[from] drain|[of] p2a: Kingambit\n|faint|p2a: Kingambit\n|-end|p2a: Kingambit|fallen3|[silent]\n|\n|upkeep\n|inactive|Time left: 300 sec this turn | 300 sec total | 5 sec grace\n|\n|t:|1783548287\n|switch|p2a: Drifblim|Drifblim, L86, F|396/396\n|-damage|p2a: Drifblim|297/396|[from] Stealth Rock\n|turn|16\n|inactive|Time left: 300 sec this turn | 300 sec total\n|\n|t:|1783548288\n|switch|p2a: Hydreigon|Hydreigon, L79, M|275/275\n|-damage|p2a: Hydreigon|241/275|[from] Stealth Rock\n|move|p1a: Misdreavus|Shadow Ball|p2a: Hydreigon\n|-resisted|p2a: Hydreigon\n|-damage|p2a: Hydreigon|148/275\n|\n|upkeep\n|turn|17\n|inactive|Time left: 300 sec this turn | 300 sec total\n|\n|t:|1783548289\n|switch|p2a: Drifblim|Drifblim, L86, F|297/396\n|-damage|p2a: Drifblim|198/396|[from] Stealth Rock\n|-enditem|p2a: Drifblim|Sitrus Berry|[eat]\n|-heal|p2a: Drifblim|297/396|[from] item: Sitrus Berry\n|move|p1a: Misdreavus|Draining Kiss|p2a: Drifblim\n|-damage|p2a: Drifblim|125/396\n|-heal|p1a: Misdreavus|89/100|[from] drain|[of] p2a: Drifblim\n|\n|upkeep\n|turn|18\n|inactive|Time left: 300 sec this turn | 300 sec total\n|\n|t:|1783548290\n|move|p2a: Drifblim|Air Slash|p1a: Misdreavus\n|-damage|p1a: Misdreavus|79/100\n|cant|p1a: Misdreavus|flinch\n|\n|upkeep\n|turn|19\n|inactive|Time left: 300 sec this turn | 300 sec total\n|\n|t:|1783548291\n|move|p2a: Drifblim|Air Slash|p1a: Misdreavus|[miss]\n|-miss|p2a: Drifblim|p1a: Misdreavus\n|move|p1a: Misdreavus|Shadow Ball|p2a: Drifblim\n|-supereffective|p2a: Drifblim\n|-damage|p2a: Drifblim|0 fnt\n|faint|p2a: Drifblim\n|\n|upkeep\n|inactive|Time left: 300 sec this turn | 300 sec total | 5 sec grace\n|\n|t:|1783548292\n|switch|p2a: Hydreigon|Hydreigon, L79, M|148/275\n|-damage|p2a: Hydreigon|114/275|[from] Stealth Rock\n|turn|20\n|inactive|Time left: 300 sec this turn | 300 sec total\n|\n|t:|1783548293\n|move|p1a: Misdreavus|Draining Kiss|p2a: Hydreigon\n|-supereffective|p2a: Hydreigon\n|-damage|p2a: Hydreigon|0 fnt\n|-heal|p1a: Misdreavus|100/100|[from] drain|[of] p2a: Hydreigon\n|faint|p2a: Hydreigon\n|\n|win|p0x788cd8c", "uploadtime": 1783548293, "views": 0, "rating": 0, "private": 0, "password": null, "_winner": "p0x788cd8c", "_our_name": "p0y788a86d"}