{"id": "battle-gen9randombattle-789", "formatid": "gen9randombattle", "format": "[Gen 9] Random Battle", "players": ["p0x7899392", "p0y7890889"], "log": "|init|battle\n|title|p0x7899392 vs. p0y7890889\n|j|\u2606p0x7899392\n|j|\u2606p0y7890889\n|t:|1783548286\n|gametype|singles\n|player|p1|p0x7899392|169|\n|player|p2|p0y7890889|1|\n|gen|9\n|tier|[Gen 9] Random Battle\n|rule|Species Clause: Limit one of each Pok\u00e9mon\n|rule|HP Percentage Mod: HP is shown in percentages\n|rule|Sleep Clause Mod: Limit one foe put to sleep\n|rule|Illusion Level Mod: Illusion disguises the Pok\u00e9mon's true level\n|\n|t:|1783548286\n|teamsize|p1|6\n|teamsize|p2|6\n|start\n|switch|p1a: Typhlosion|Typhlosion, L84, M|267/267\n|switch|p2a: Iron Hands|Iron Hands, L79|100/100\n|turn|1\n|inactive|Battle timer is ON: inactive players will automatically lose when time's up. (requested by p0y7890889)\n|inactive|Time left: 300 sec this turn | 300 sec total | 60 sec grace\n|inactive|p0x7899392 also wants the timer to be on.\n|\n|t:|1783548288\n|move|p1a: Typhlosion|Eruption|p2a: Iron Hands\n|-damage|p2a: Iron Hands|46/100\n|move|p2a: Iron Hands|Close Combat|p1a: Typhlosion\n|-damage|p1a: Typhlosion|92/267\n|-unboost|p2a: Iron Hands|def|1\n|-unboost|p2a: Iron Hands|spd|1\n|\n|upkeep\n|turn|2\n|inactive|Time left: 300 sec this turn | 300 sec total\n|\n|t:|1783548289\n|move|p1a: Typhlosion|Eruption|p2a: Iron Hands\n|-crit|p2a: Iron Hands\n|-damage|p2a: Iron Hands|3/100\n|move|p2a: Iron Hands|Close Combat|p1a: Typhlosion\n|-damage|p1a: Typhlosion|0 fnt\n|-unboost|p2a: Iron Hands|def|1\n|-unboost|p2a: Iron Hands|spd|1\n|faint|p1a: Typhlosion\n|\n|upkeep\n|inactive|Time left: 300 sec this turn | 300 sec total | 5 sec grace\n|\n|t:|1783548290\n|switch|p1a: Ninetales|Ninetales-Alola, L78, F|242/242\n|-weather|Snowscape|[from] ability: Snow Warning|[of] p1a: Ninetales\n|turn|3\n|inactive|Time left: 300 sec this turn | 300 sec total\n|\n|t:|1783548292\n|move|p1a: Ninetales|Aurora Veil|p1a: Ninetales\n|-sidestart|p1: p0x7899392|move: Aurora Veil\n|move|p2a: Iron Hands|Volt Switch|p1a: Ninetales\n|-damage|p1a: Ninetales|221/242\n|\n|t:|1783548292\n|-end|p2a: Iron Hands|Quark Drive|[silent]\n|switch|p2a: Clodsire|Clodsire, L81, F|100/100|[from] Volt Switch\n|\n|-weather|Snowscape|[upkeep]\n|upkeep\n|turn|4\n|inactive|Time left: 300 sec this turn | 300 sec total\n|\n|t:|1783548294\n|switch|p1a: Gengar|Gengar, L81, M|230/230\n|move|p2a: Clodsire|Poison Jab|p1a: Gengar\n|-resisted|p1a: Gengar\n|-damage|p1a: Gengar|219/230\n|\n|-weather|Snowscape|[upkeep]\n|upkeep\n|turn|5\n|inactive|Time left: 300 sec this turn | 300 sec total\n|\n|t:|1783548294\n|move|p1a: Gengar|Shadow Ball|p2a: Clodsire\n|-damage|p2a: Clodsire|63/100\n|move|p2a: Clodsire|Earthquake|p1a: Gengar\n|-supereffective|p1a: Gengar\n|-damage|p1a: Gengar|105/230\n|-start|p2a: Clodsire|Disable|Earthquake|[from] ability: Cursed Body|[of] p1a: Gengar\n|\n|-weather|Snowscape|[upkeep]\n|-heal|p2a: Clodsire|69/100|[from] item: Leftovers\n|upkeep\n|turn|6\n|inactive|Time left: 300 sec this turn | 300 sec total\n|\n|t:|1783548295\n|move|p1a: Gengar|Shadow Ball|p2a: Clodsire\n|-damage|p2a: Clodsire|28/100\n|move|p2a: Clodsire|Recover|p2a: Clodsire\n|-heal|p2a: Clodsire|78/100\n|\n|-weather|Snowscape|[upkeep]\n|-heal|p2a: Clodsire|84/100|[from] item: Leftovers\n|upkeep\n|turn|7\n|inactive|Time left: 300 sec this turn | 300 sec total\n|\n|t:|1783548296\n|switch|p1a: Flapple|Flapple, L88, F|266/266\n|switch|p2a: Ursaring|Ursaring, L84, M|100/100\n|\n|-weather|none\n|-status|p2a: Ursaring|tox|[from] item: Toxic Orb\n|upkeep\n|turn|8\n|inactive|Time left: 300 sec this turn | 300 sec total\n|\n|t:|1783548296\n|switch|p2a: Iron Hands|Iron Hands, L79|3/100\n|move|p1a: Flapple|Outrage|p2a: Iron Hands|[miss]\n|-miss|p1a: Flapple|p2a: Iron Hands\n|\n|upkeep\n|turn|9\n|inactive|Time left: 300 sec this turn | 300 sec total\n|\n|t:|1783548297\n|-end|p2a: Iron Hands|Quark Drive|[silent]\n|switch|p2a: Primarina|Primarina, L83, F|100/100\n|move|p1a: Flapple|Outrage|p2a: Primarina\n|-immune|p2a: Primarina\n|\n|upkeep\n|turn|10\n|inactive|Time left: 300 sec this turn | 300 sec total\n|\n|t:|1783548298\n|move|p1a: Flapple|Grav Apple|p2a: Primarina\n|-supereffective|p2a: Primarina\n|-damage|p2a: Primarina|0 fnt\n|faint|p2a: Primarina\n|\n|-sideend|p1: p0x7899392|move: Aurora Veil\n|upkeep\n|\n|t:|1783548299\n|switch|p2a: Sylveon|Sylveon, L85, F|100/100\n|turn|11\n|inactive|Time left: 300 sec this turn | 300 sec total\n|\n|t:|1783548299\n|-terastallize|p1a: Flapple|Fire\n|move|p1a: Flapple|Dragon Dance|p1a: Flapple\n|-boost|p1a: Flapple|atk|1\n|-boost|p1a: Flapple|spe|1\n|move|p2a: Sylveon|Hyper Voice|p1a: Flapple\n|-resisted|p1a: Flapple\n|-damage|p1a: Flapple|184/266\n|\n|upkeep\n|turn|12\n|inactive|Time left: 300 sec this turn | 300 sec total\n|\n|t:|1783548300\n|switch|p2a: Minior|Minior-Indigo, L79|100/100\n|-formechange|p2a: Minior|Minior-Meteor||[from] ability: Shields Down\n|move|p1a: Flapple|Dragon Dance|p1a: Flapple\n|-boost|p1a: Flapple|atk|1\n|-boost|p1a: Flapple|spe|1\n|\n|upkeep\n|turn|13\n|inactive|Time left: 300 sec this turn | 300 sec total\n|\n|t:|1783548301\n|move|p1a: Flapple|Outrage|p2a: Minior\n|-damage|p2a: Minior|0 fnt\n|faint|p2a: Minior\n|\n|upkeep\n|\n|t:|1783548302\n|switch|p2a: Clodsire|Clodsire, L81, F|84/100\n|turn|14\n|inactive|Time left: 300 sec this turn | 300 sec total\n|\n|t:|1783548302\n|-terastallize|p2a: Clodsire|Steel\n|move|p1a: Flapple|Outrage|p2a: Clodsire|[from] lockedmove\n|-resisted|p2a: Clodsire\n|-damage|p2a: Clodsire|36/100\n|move|p2a: Clodsire|Curse|p2a: Clodsire\n|-unboost|p2a: Clodsire|spe|1\n|-boost|p2a: Clodsire|atk|1\n|-boost|p2a: Clodsire|def|1\n|\n|-heal|p2a: Clodsire|42/100|[from] item: Leftovers\n|upkeep\n|turn|15\n|inactive|Time left: 300 sec this turn | 300 sec total\n|\n|t:|1783548303\n|move|p1a: Flapple|Outrage|p2a: Clodsire|[from] lockedmove\n|-resisted|p2a: Clodsire\n|-damage|p2a: Clodsire|14/100\n|-start|p1a: Flapple|confusion|[fatigue]\n|-enditem|p1a: Flapple|Lum Berry|[eat]\n|-end|p1a: Flapple|confusion\n|move|p2a: Clodsire|Earthquake|p1a: Flapple\n|-supereffective|p1a: Flapple\n|-damage|p1a: Flapple|0 fnt\n|faint|p1a: Flapple\n|\n|-heal|p2a: Clodsire|21/100|[from] item: Leftovers\n|upkeep\n|inactive|Time left: 300 sec this turn | 300 sec total | 5 sec grace\n|\n|t:|1783548305\n|switch|p1a: Urshifu|Urshifu-Rapid-Strike, L75, M|274/274\n|turn|16\n|inactive|Time left: 300 sec this turn | 300 sec total\n|\n|t:|1783548306\n|move|p1a: Urshifu|Close Combat|p2a: Clodsire\n|-supereffective|p2a: Clodsire\n|-damage|p2a: Clodsire|0 fnt\n|-unboost|p1a: Urshifu|def|1\n|-unboost|p1a: Urshifu|spd|1\n|faint|p2a: Clodsire\n|\n|upkeep\n|\n|t:|1783548307\n|switch|p2a: Sylveon|Sylveon, L85, F|100/100\n|turn|17\n|inactive|Time left: 300 sec this turn | 300 sec total\n|\n|t:|1783548308\n|switch|p1a: Ninetales|Ninetales-Alola, L78, F|221/242\n|-weather|Snowscape|[from] ability: Snow Warning|[of] p1a: Ninetales\n|move|p2a: Sylveon|Calm Mind|p2a: Sylveon\n|-boost|p2a: Sylveon|spa|1\n|-boost|p2a: Sylveon|spd|1\n|\n|-weather|Snowscape|[upkeep]\n|upkeep\n|turn|18\n|inactive|Time left: 300 sec this turn | 300 sec total\n|\n|t:|1783548309\n|move|p1a: Ninetales|Aurora Veil|p1a: Ninetales\n|-sidestart|p1: p0x7899392|move: Aurora Veil\n|move|p2a: Sylveon|Hyper Voice|p1a: Ninetales\n|-damage|p1a: Ninetales|134/242\n|\n|-weather|Snowscape|[upkeep]\n|upkeep\n|turn|19\n|inactive|Time left: 300 sec this turn | 300 sec total\n|\n|t:|1783548310\n|switch|p1a: Chansey|Chansey, L85, F|564/564\n|move|p2a: Sylveon|Hyper Voice|p1a: Chansey\n|-damage|p1a: Chansey|510/564\n|\n|-weather|Snowscape|[upkeep]\n|upkeep\n|turn|20\n|inactive|Time left: 300 sec this turn | 300 sec total\n|\n|t:|1783548310\n|move|p2a: Sylveon|Calm Mind|p2a: Sylveon\n|-boost|p2a: Sylveon|spa|1\n|-boost|p2a: Sylveon|spd|1\n|move|p1a: Chansey|Stealth Rock|p2a: Sylveon\n|-sidestart|p2: p0y7890889|move: Stealth Rock\n|\n|-weather|Snowscape|[upkeep]\n|upkeep\n|turn|21\n|inactive|Time left: 300 sec this turn | 300 sec total\n|\n|t:|1783548311\n|move|p2a: Sylveon|Hyper Voice|p1a: Chansey\n|-damage|p1a: Chansey|430/564\n|move|p1a: Chansey|Seismic Toss|p2a: Sylveon\n|-damage|p2a: Sylveon|72/100\n|\n|-weather|none\n|-heal|p2a: Sylveon|78/100|[from] item: Leftovers\n|upkeep\n|turn|22\n|inactive|Time left: 300 sec this turn | 300 sec total\n|\n|t:|1783548312\n|move|p2a: Sylveon|Calm Mind|p2a: Sylveon\n|-boost|p2a: Sylveon|spa|1\n|-boost|p2a: Sylveon|spd|1\n|move|p1a: Chansey|Thunder Wave|p2a: Sylveon\n|-status|p2a: Sylveon|par\n|\n|-heal|p2a: Sylveon|84/100 par|[from] item: Leftovers\n|upkeep\n|turn|23\n|inactive|Time left: 300 sec this turn | 300 sec total\n|\n|t:|1783548313\n|move|p1a: Chansey|Soft-Boiled|p1a: Chansey\n|-heal|p1a: Chansey|564/564\n|cant|p2a: Sylveon|par\n|\n|-heal|p2a: Sylveon|90/100 par|[from] item: Leftovers\n|upkeep\n|turn|24\n|inactive|Time left: 300 sec this turn | 300 sec total\n|\n|t:|1783548314\n|move|p1a: Chansey|Seismic Toss|p2a: Sylveon\n|-damage|p2a: Sylveon|62/100 par\n|move|p2a: Sylveon|Hyper Voice|p1a: Chansey\n|-damage|p1a: Chansey|466/564\n|\n|-heal|p2a: Sylveon|68/100 par|[from] item: Leftovers\n|upkeep\n|turn|25\n|inactive|Time left: 300 sec this turn | 300 sec total\n|\n|t:|1783548316\n|move|p1a: Chansey|Seismic Toss|p2a: Sylveon\n|-damage|p2a: Sylveon|39/100 par\n|move|p2a: Sylveon|Hyper Voice|p1a: Chansey\n|-damage|p1a: Chansey|368/564\n|\n|-heal|p2a: Sylveon|45/100 par|[from] item: Leftovers\n|-sideend|p1: p0x7899392|move: Aurora Veil\n|upkeep\n|turn|26\n|inactive|Time left: 300 sec this turn | 300 sec total\n|\n|t:|1783548317\n|move|p1a: Chansey|Seismic Toss|p2a: Sylveon\n|-damage|p2a: Sylveon|17/100 par\n|cant|p2a: Sylveon|par\n|\n|-heal|p2a: Sylveon|23/100 par|[from] item: Leftovers\n|upkeep\n|turn|27\n|inactive|Time left: 300 sec this turn | 300 sec total\n|\n|t:|1783548318\n|move|p1a: Chansey|Seismic Toss|p2a: Sylveon\n|-damage|p2a: Sylveon|0 fnt\n|faint|p2a: Sylveon\n|\n|upkeep\n|\n|t:|1783548319\n|switch|p2a: Ursaring|Ursaring, L84, M|100/100 tox\n|-damage|p2a: Ursaring|88/100 tox|[from] Stealth Rock\n|turn|28\n|inactive|Time left: 300 sec this turn | 300 sec total\n|\n|t:|1783548320\n|switch|p1a: Gengar|Gengar, L81, M|105/230\n|move|p2a: Ursaring|Swords Dance|p2a: Ursaring\n|-boost|p2a: Ursaring|atk|2\n|\n|-damage|p2a: Ursaring|82/100 tox|[from] psn\n|upkeep\n|turn|29\n|inactive|Time left: 300 sec this turn | 300 sec total\n|\n|t:|1783548321\n|switch|p2a: Iron Hands|Iron Hands, L79|3/100\n|-damage|p2a: Iron Hands|0 fnt|[from] Stealth Rock\n|faint|p2a: Iron Hands\n|-end|p2a: Iron Hands|Quark Drive|[silent]\n|move|p1a: Gengar|Sludge Wave|p2: Iron Hands|[notarget]\n|-fail|p1a: Gengar\n|\n|upkeep\n|\n|t:|1783548322\n|switch|p2a: Ursaring|Ursaring, L84, M|82/100 tox\n|-damage|p2a: Ursaring|69/100 tox|[from] Stealth Rock\n|turn|30\n|inactive|Time left: 300 sec this turn | 300 sec total\n|\n|t:|1783548323\n|move|p1a: Gengar|Sludge Wave|p2a: Ursaring\n|-damage|p2a: Ursaring|0 fnt\n|faint|p2a: Ursaring\n|\n|win|p0x7899392", "uploadtime": 1783548323, "views": 0, "rating": 0, "private": 0, "password": null, "_winner": "p0x7899392", "_our_name": "p0x7899392"}