{"id": "battle-gen9randombattle-1671", "formatid": "gen9randombattle", "format": "[Gen 9] Random Battle", "players": ["p0x1671494c", "p0y1671fd26"], "log": "|init|battle\n|title|p0x1671494c vs. p0y1671fd26\n|j|\u2606p0x1671494c\n|j|\u2606p0y1671fd26\n|t:|1783558580\n|gametype|singles\n|player|p1|p0x1671494c|170|\n|player|p2|p0y1671fd26|1|\n|gen|9\n|tier|[Gen 9] Random Battle\n|rule|Species Clause: Limit one of each Pok\u00e9mon\n|rule|HP Percentage Mod: HP is shown in percentages\n|rule|Sleep Clause Mod: Limit one foe put to sleep\n|rule|Illusion Level Mod: Illusion disguises the Pok\u00e9mon's true level\n|\n|t:|1783558580\n|teamsize|p1|6\n|teamsize|p2|6\n|start\n|switch|p1a: Floatzel|Floatzel, L86, F|286/286\n|switch|p2a: Magmortar|Magmortar, L88, M|100/100\n|turn|1\n|inactive|Battle timer is ON: inactive players will automatically lose when time's up. (requested by p0x1671494c)\n|\n|t:|1783558582\n|switch|p2a: Tatsugiri|Tatsugiri, L87, F|100/100\n|move|p1a: Floatzel|Wave Crash|p2a: Tatsugiri\n|-ability|p2a: Tatsugiri|Storm Drain|boost\n|-boost|p2a: Tatsugiri|spa|1\n|\n|upkeep\n|turn|2\n|inactive|Time left: 300 sec this turn | 300 sec total\n|inactive|p0y1671fd26 also wants the timer to be on.\n|\n|t:|1783558584\n|switch|p1a: Giratina|Giratina, L75|349/349\n|-ability|p1a: Giratina|Pressure\n|move|p2a: Tatsugiri|Surf|p1a: Giratina\n|-resisted|p1a: Giratina\n|-damage|p1a: Giratina|273/349\n|\n|-heal|p1a: Giratina|294/349|[from] item: Leftovers\n|upkeep\n|turn|3\n|inactive|Time left: 300 sec this turn | 300 sec total\n|\n|t:|1783558585\n|move|p2a: Tatsugiri|Draco Meteor|p1a: Giratina\n|-supereffective|p1a: Giratina\n|-damage|p1a: Giratina|0 fnt\n|-unboost|p2a: Tatsugiri|spa|2\n|faint|p1a: Giratina\n|\n|upkeep\n|inactive|Time left: 300 sec this turn | 300 sec total | 5 sec grace\n|\n|t:|1783558586\n|switch|p1a: Medicham|Medicham, L86, F|243/243\n|turn|4\n|inactive|Time left: 300 sec this turn | 300 sec total\n|\n|t:|1783558587\n|switch|p2a: Alcremie|Alcremie-Caramel-Swirl, L90, F|100/100\n|move|p1a: Medicham|Zen Headbutt|p2a: Alcremie\n|-damage|p2a: Alcremie|53/100\n|\n|-heal|p2a: Alcremie|59/100|[from] item: Leftovers\n|upkeep\n|turn|5\n|inactive|Time left: 300 sec this turn | 300 sec total\n|\n|t:|1783558589\n|switch|p2a: Magmortar|Magmortar, L88, M|100/100\n|move|p1a: Medicham|Zen Headbutt|p2a: Magmortar\n|-damage|p2a: Magmortar|50/100\n|\n|upkeep\n|turn|6\n|inactive|Time left: 300 sec this turn | 300 sec total\n|\n|t:|1783558590\n|move|p1a: Medicham|Zen Headbutt|p2a: Magmortar\n|-damage|p2a: Magmortar|0 fnt\n|faint|p2a: Magmortar\n|\n|upkeep\n|\n|t:|1783558591\n|switch|p2a: Greedent|Greedent, L86, M|100/100\n|turn|7\n|inactive|Time left: 300 sec this turn | 300 sec total\n|\n|t:|1783558592\n|move|p1a: Medicham|Zen Headbutt|p2a: Greedent\n|-damage|p2a: Greedent|69/100\n|move|p2a: Greedent|Swords Dance|p2a: Greedent\n|-boost|p2a: Greedent|atk|2\n|\n|upkeep\n|turn|8\n|inactive|Time left: 300 sec this turn | 300 sec total\n|\n|t:|1783558593\n|move|p1a: Medicham|Zen Headbutt|p2a: Greedent\n|-damage|p2a: Greedent|38/100\n|-enditem|p2a: Greedent|Sitrus Berry|[eat]\n|-heal|p2a: Greedent|63/100|[from] item: Sitrus Berry\n|-heal|p2a: Greedent|96/100|[from] ability: Cheek Pouch\n|move|p2a: Greedent|Body Slam|p1a: Medicham\n|-damage|p1a: Medicham|56/243\n|\n|upkeep\n|turn|9\n|inactive|Time left: 300 sec this turn | 300 sec total\n|\n|t:|1783558594\n|move|p1a: Medicham|Zen Headbutt|p2a: Greedent\n|-damage|p2a: Greedent|62/100\n|move|p2a: Greedent|Knock Off|p1a: Medicham\n|-damage|p1a: Medicham|0 fnt\n|-enditem|p1a: Medicham|Choice Scarf|[from] move: Knock Off|[of] p2a: Greedent\n|faint|p1a: Medicham\n|\n|upkeep\n|inactive|Time left: 300 sec this turn | 300 sec total | 5 sec grace\n|\n|t:|1783558595\n|switch|p1a: Sunflora|Sunflora, M|312/312\n|turn|10\n|inactive|Time left: 300 sec this turn | 300 sec total\n|\n|t:|1783558597\n|move|p1a: Sunflora|Solar Beam||[still]\n|-prepare|p1a: Sunflora|Solar Beam\n|move|p2a: Greedent|Body Slam|p1a: Sunflora\n|-damage|p1a: Sunflora|95/312\n|\n|upkeep\n|turn|11\n|inactive|Time left: 300 sec this turn | 300 sec total\n|\n|t:|1783558598\n|switch|p2a: Goodra|Goodra-Hisui, L82, F|100/100\n|move|p1a: Sunflora|Solar Beam|p2a: Goodra|[from] lockedmove\n|-ability|p2a: Goodra|Sap Sipper|boost\n|-boost|p2a: Goodra|atk|1\n|\n|upkeep\n|turn|12\n|inactive|Time left: 300 sec this turn | 300 sec total\n|\n|t:|1783558599\n|switch|p1a: Floatzel|Floatzel, L86, F|286/286\n|move|p2a: Goodra|Heavy Slam|p1a: Floatzel\n|-resisted|p1a: Floatzel\n|-damage|p1a: Floatzel|166/286\n|\n|upkeep\n|turn|13\n|inactive|Time left: 300 sec this turn | 300 sec total\n|\n|t:|1783558600\n|move|p1a: Floatzel|Ice Spinner|p2a: Goodra\n|-crit|p2a: Goodra\n|-damage|p2a: Goodra|53/100\n|move|p2a: Goodra|Knock Off|p1a: Floatzel\n|-damage|p1a: Floatzel|31/286\n|-enditem|p1a: Floatzel|Choice Band|[from] move: Knock Off|[of] p2a: Goodra\n|\n|upkeep\n|turn|14\n|inactive|Time left: 300 sec this turn | 300 sec total\n|\n|t:|1783558601\n|move|p1a: Floatzel|Wave Crash|p2a: Goodra\n|-resisted|p2a: Goodra\n|-damage|p2a: Goodra|29/100\n|-damage|p1a: Floatzel|10/286|[from] Recoil\n|move|p2a: Goodra|Knock Off|p1a: Floatzel\n|-damage|p1a: Floatzel|0 fnt\n|faint|p1a: Floatzel\n|\n|upkeep\n|inactive|Time left: 300 sec this turn | 300 sec total | 5 sec grace\n|\n|t:|1783558602\n|switch|p1a: Darkrai|Darkrai, L77|234/234\n|turn|15\n|inactive|Time left: 300 sec this turn | 300 sec total\n|\n|t:|1783558603\n|move|p1a: Darkrai|Hypnosis|p2a: Goodra\n|-status|p2a: Goodra|slp|[from] move: Hypnosis\n|cant|p2a: Goodra|slp\n|\n|-damage|p2a: Goodra|17/100 slp|[from] ability: Bad Dreams|[of] p1a: Darkrai\n|upkeep\n|turn|16\n|inactive|Time left: 300 sec this turn | 300 sec total\n|\n|t:|1783558604\n|move|p1a: Darkrai|Nasty Plot|p1a: Darkrai\n|-boost|p1a: Darkrai|spa|2\n|cant|p2a: Goodra|slp\n|\n|-damage|p2a: Goodra|4/100 slp|[from] ability: Bad Dreams|[of] p1a: Darkrai\n|upkeep\n|turn|17\n|inactive|Time left: 300 sec this turn | 300 sec total\n|\n|t:|1783558605\n|move|p1a: Darkrai|Dark Pulse|p2a: Goodra\n|-damage|p2a: Goodra|0 fnt\n|faint|p2a: Goodra\n|-damage|p1a: Darkrai|211/234|[from] item: Life Orb\n|\n|upkeep\n|\n|t:|1783558606\n|switch|p2a: Eelektross|Eelektross, L87, M|100/100\n|turn|18\n|inactive|Time left: 300 sec this turn | 300 sec total\n|\n|t:|1783558607\n|-terastallize|p1a: Darkrai|Poison\n|move|p1a: Darkrai|Sludge Bomb|p2a: Eelektross\n|-damage|p2a: Eelektross|36/100\n|-damage|p1a: Darkrai|188/234|[from] item: Life Orb\n|move|p2a: Eelektross|Close Combat|p1a: Darkrai\n|-resisted|p1a: Darkrai\n|-damage|p1a: Darkrai|130/234\n|-unboost|p2a: Eelektross|def|1\n|-unboost|p2a: Eelektross|spd|1\n|\n|upkeep\n|turn|19\n|inactive|Time left: 300 sec this turn | 300 sec total\n|\n|t:|1783558609\n|move|p1a: Darkrai|Dark Pulse|p2a: Eelektross\n|-damage|p2a: Eelektross|0 fnt\n|faint|p2a: Eelektross\n|-damage|p1a: Darkrai|107/234|[from] item: Life Orb\n|\n|upkeep\n|\n|t:|1783558609\n|switch|p2a: Tatsugiri|Tatsugiri, L87, F|100/100\n|turn|20\n|inactive|Time left: 300 sec this turn | 300 sec total\n|\n|t:|1783558610\n|move|p1a: Darkrai|Sludge Bomb|p2a: Tatsugiri\n|-damage|p2a: Tatsugiri|14/100\n|-damage|p1a: Darkrai|84/234|[from] item: Life Orb\n|move|p2a: Tatsugiri|Surf|p1a: Darkrai\n|-damage|p1a: Darkrai|0 fnt\n|faint|p1a: Darkrai\n|\n|upkeep\n|inactive|Time left: 300 sec this turn | 300 sec total | 5 sec grace\n|\n|t:|1783558611\n|switch|p1a: Sunflora|Sunflora, M|95/312\n|turn|21\n|inactive|Time left: 300 sec this turn | 300 sec total\n|\n|t:|1783558612\n|move|p2a: Tatsugiri|Draco Meteor|p1a: Sunflora\n|-crit|p1a: Sunflora\n|-damage|p1a: Sunflora|0 fnt\n|-unboost|p2a: Tatsugiri|spa|2\n|faint|p1a: Sunflora\n|\n|upkeep\n|inactive|Time left: 300 sec this turn | 300 sec total | 5 sec grace\n|\n|t:|1783558613\n|switch|p1a: Carbink|Carbink, L90|236/236\n|turn|22\n|inactive|Time left: 300 sec this turn | 300 sec total\n|\n|t:|1783558614\n|switch|p2a: Alcremie|Alcremie-Caramel-Swirl, L90, F|59/100\n|move|p1a: Carbink|Iron Defense|p1a: Carbink\n|-boost|p1a: Carbink|def|2\n|\n|-heal|p2a: Alcremie|66/100|[from] item: Leftovers\n|upkeep\n|turn|23\n|inactive|Time left: 300 sec this turn | 300 sec total\n|\n|t:|1783558615\n|move|p2a: Alcremie|Calm Mind|p2a: Alcremie\n|-boost|p2a: Alcremie|spa|1\n|-boost|p2a: Alcremie|spd|1\n|move|p1a: Carbink|Body Press|p2a: Alcremie\n|-resisted|p2a: Alcremie\n|-damage|p2a: Alcremie|28/100\n|\n|-heal|p2a: Alcremie|34/100|[from] item: Leftovers\n|upkeep\n|turn|24\n|inactive|Time left: 300 sec this turn | 300 sec total\n|\n|t:|1783558616\n|move|p2a: Alcremie|Recover|p2a: Alcremie\n|-heal|p2a: Alcremie|84/100\n|move|p1a: Carbink|Iron Defense|p1a: Carbink\n|-boost|p1a: Carbink|def|2\n|\n|-heal|p2a: Alcremie|90/100|[from] item: Leftovers\n|upkeep\n|turn|25\n|inactive|Time left: 300 sec this turn | 300 sec total\n|\n|t:|1783558617\n|move|p2a: Alcremie|Calm Mind|p2a: Alcremie\n|-boost|p2a: Alcremie|spa|1\n|-boost|p2a: Alcremie|spd|1\n|move|p1a: Carbink|Moonblast|p2a: Alcremie\n|-damage|p2a: Alcremie|80/100\n|\n|-heal|p2a: Alcremie|86/100|[from] item: Leftovers\n|upkeep\n|turn|26\n|inactive|Time left: 300 sec this turn | 300 sec total\n|\n|t:|1783558618\n|move|p2a: Alcremie|Alluring Voice|p1a: Carbink\n|-damage|p1a: Carbink|97/236\n|move|p1a: Carbink|Rest|p1a: Carbink\n|-status|p1a: Carbink|slp|[from] move: Rest\n|-heal|p1a: Carbink|236/236 slp|[silent]\n|-enditem|p1a: Carbink|Chesto Berry|[eat]\n|-curestatus|p1a: Carbink|slp|[msg]\n|\n|-heal|p2a: Alcremie|92/100|[from] item: Leftovers\n|upkeep\n|turn|27\n|inactive|Time left: 300 sec this turn | 300 sec total\n|\n|t:|1783558619\n|move|p2a: Alcremie|Alluring Voice|p1a: Carbink\n|-damage|p1a: Carbink|98/236\n|move|p1a: Carbink|Rest|p1a: Carbink\n|-status|p1a: Carbink|slp|[from] move: Rest\n|-heal|p1a: Carbink|236/236 slp|[silent]\n|\n|-heal|p2a: Alcremie|98/100|[from] item: Leftovers\n|upkeep\n|turn|28\n|inactive|Time left: 300 sec this turn | 300 sec total\n|\n|t:|1783558620\n|-terastallize|p2a: Alcremie|Poison\n|move|p2a: Alcremie|Alluring Voice|p1a: Carbink\n|-damage|p1a: Carbink|115/236 slp\n|cant|p1a: Carbink|slp\n|\n|-heal|p2a: Alcremie|100/100|[from] item: Leftovers\n|upkeep\n|turn|29\n|inactive|Time left: 300 sec this turn | 300 sec total\n|\n|t:|1783558621\n|move|p2a: Alcremie|Alluring Voice|p1a: Carbink\n|-damage|p1a: Carbink|0 fnt\n|faint|p1a: Carbink\n|\n|win|p0y1671fd26", "uploadtime": 1783558621, "views": 0, "rating": 0, "private": 0, "password": null, "_winner": "p0y1671fd26", "_our_name": "p0x1671494c"}