{"id": "battle-gen9randombattle-523", "formatid": "gen9randombattle", "format": "[Gen 9] Random Battle", "players": ["p0x5236dd1", "p0y523cf48"], "log": "|init|battle\n|title|p0x5236dd1 vs. p0y523cf48\n|j|\u2606p0x5236dd1\n|j|\u2606p0y523cf48\n|t:|1783545121\n|gametype|singles\n|player|p1|p0x5236dd1|266|\n|player|p2|p0y523cf48|1|\n|gen|9\n|tier|[Gen 9] Random Battle\n|rule|Species Clause: Limit one of each Pok\u00e9mon\n|rule|HP Percentage Mod: HP is shown in percentages\n|rule|Sleep Clause Mod: Limit one foe put to sleep\n|rule|Illusion Level Mod: Illusion disguises the Pok\u00e9mon's true level\n|\n|t:|1783545121\n|teamsize|p1|6\n|teamsize|p2|6\n|start\n|switch|p1a: Torkoal|Torkoal, L88, F|266/266\n|switch|p2a: Chesnaught|Chesnaught, L84, F|100/100\n|-weather|SunnyDay|[from] ability: Drought|[of] p1a: Torkoal\n|turn|1\n|inactive|Battle timer is ON: inactive players will automatically lose when time's up. (requested by p0x5236dd1)\n|inactive|p0y523cf48 also wants the timer to be on.\n|\n|t:|1783545122\n|switch|p2a: Sylveon|Sylveon, L85, F|100/100\n|move|p1a: Torkoal|Lava Plume|p2a: Sylveon\n|-damage|p2a: Sylveon|68/100\n|-status|p2a: Sylveon|brn\n|\n|-weather|SunnyDay|[upkeep]\n|-heal|p2a: Sylveon|74/100 brn|[from] item: Leftovers\n|-damage|p2a: Sylveon|68/100 brn|[from] brn\n|upkeep\n|turn|2\n|inactive|Time left: 300 sec this turn | 300 sec total\n|\n|t:|1783545123\n|move|p2a: Sylveon|Calm Mind|p2a: Sylveon\n|-boost|p2a: Sylveon|spa|1\n|-boost|p2a: Sylveon|spd|1\n|move|p1a: Torkoal|Lava Plume|p2a: Sylveon\n|-damage|p2a: Sylveon|46/100 brn\n|\n|-weather|SunnyDay|[upkeep]\n|-heal|p2a: Sylveon|52/100 brn|[from] item: Leftovers\n|-damage|p2a: Sylveon|46/100 brn|[from] brn\n|upkeep\n|turn|3\n|inactive|Time left: 300 sec this turn | 300 sec total\n|\n|t:|1783545124\n|move|p2a: Sylveon|Wish|p2a: Sylveon\n|move|p1a: Torkoal|Stealth Rock|p2a: Sylveon\n|-sidestart|p2: p0y523cf48|move: Stealth Rock\n|\n|-weather|SunnyDay|[upkeep]\n|-heal|p2a: Sylveon|52/100 brn|[from] item: Leftovers\n|-damage|p2a: Sylveon|46/100 brn|[from] brn\n|upkeep\n|turn|4\n|inactive|Time left: 300 sec this turn | 300 sec total\n|\n|t:|1783545125\n|move|p2a: Sylveon|Hyper Voice|p1a: Torkoal\n|-resisted|p1a: Torkoal\n|-damage|p1a: Torkoal|153/266\n|move|p1a: Torkoal|Lava Plume|p2a: Sylveon\n|-damage|p2a: Sylveon|23/100 brn\n|\n|-weather|SunnyDay|[upkeep]\n|-heal|p2a: Sylveon|73/100 brn|[from] move: Wish|[wisher] Sylveon\n|-heal|p2a: Sylveon|79/100 brn|[from] item: Leftovers\n|-damage|p2a: Sylveon|73/100 brn|[from] brn\n|upkeep\n|turn|5\n|inactive|Time left: 300 sec this turn | 300 sec total\n|\n|t:|1783545126\n|switch|p1a: Jirachi|Jirachi, L80|291/291\n|move|p2a: Sylveon|Hyper Voice|p1a: Jirachi\n|-resisted|p1a: Jirachi\n|-damage|p1a: Jirachi|204/291\n|\n|-weather|none\n|-heal|p1a: Jirachi|222/291|[from] item: Leftovers\n|-heal|p2a: Sylveon|79/100 brn|[from] item: Leftovers\n|-damage|p2a: Sylveon|73/100 brn|[from] brn\n|upkeep\n|turn|6\n|inactive|Time left: 300 sec this turn | 300 sec total\n|\n|t:|1783545127\n|move|p2a: Sylveon|Protect|p2a: Sylveon\n|-singleturn|p2a: Sylveon|Protect\n|move|p1a: Jirachi|Iron Head|p2a: Sylveon\n|-activate|p2a: Sylveon|move: Protect\n|\n|-heal|p1a: Jirachi|240/291|[from] item: Leftovers\n|-heal|p2a: Sylveon|79/100 brn|[from] item: Leftovers\n|-damage|p2a: Sylveon|73/100 brn|[from] brn\n|upkeep\n|turn|7\n|inactive|Time left: 300 sec this turn | 300 sec total\n|\n|t:|1783545128\n|-terastallize|p2a: Sylveon|Steel\n|move|p1a: Jirachi|Iron Head|p2a: Sylveon\n|-resisted|p2a: Sylveon\n|-damage|p2a: Sylveon|57/100 brn\n|move|p2a: Sylveon|Hyper Voice|p1a: Jirachi\n|-resisted|p1a: Jirachi\n|-damage|p1a: Jirachi|153/291\n|\n|-heal|p1a: Jirachi|171/291|[from] item: Leftovers\n|-heal|p2a: Sylveon|63/100 brn|[from] item: Leftovers\n|-damage|p2a: Sylveon|57/100 brn|[from] brn\n|upkeep\n|turn|8\n|inactive|Time left: 300 sec this turn | 300 sec total\n|\n|t:|1783545129\n|move|p1a: Jirachi|Iron Head|p2a: Sylveon\n|-resisted|p2a: Sylveon\n|-damage|p2a: Sylveon|42/100 brn\n|move|p2a: Sylveon|Hyper Voice|p1a: Jirachi\n|-resisted|p1a: Jirachi\n|-damage|p1a: Jirachi|72/291\n|\n|-heal|p1a: Jirachi|90/291|[from] item: Leftovers\n|-heal|p2a: Sylveon|48/100 brn|[from] item: Leftovers\n|-damage|p2a: Sylveon|42/100 brn|[from] brn\n|upkeep\n|turn|9\n|inactive|Time left: 300 sec this turn | 300 sec total\n|\n|t:|1783545131\n|move|p1a: Jirachi|Iron Head|p2a: Sylveon\n|-resisted|p2a: Sylveon\n|-damage|p2a: Sylveon|25/100 brn\n|cant|p2a: Sylveon|flinch\n|\n|-heal|p1a: Jirachi|108/291|[from] item: Leftovers\n|-heal|p2a: Sylveon|31/100 brn|[from] item: Leftovers\n|-damage|p2a: Sylveon|25/100 brn|[from] brn\n|upkeep\n|turn|10\n|inactive|Time left: 300 sec this turn | 300 sec total\n|\n|t:|1783545132\n|move|p1a: Jirachi|Iron Head|p2a: Sylveon\n|-resisted|p2a: Sylveon\n|-damage|p2a: Sylveon|8/100 brn\n|cant|p2a: Sylveon|flinch\n|\n|-heal|p1a: Jirachi|126/291|[from] item: Leftovers\n|-heal|p2a: Sylveon|14/100 brn|[from] item: Leftovers\n|-damage|p2a: Sylveon|8/100 brn|[from] brn\n|upkeep\n|turn|11\n|inactive|Time left: 300 sec this turn | 300 sec total\n|\n|t:|1783545133\n|move|p2a: Sylveon|Protect|p2a: Sylveon\n|-singleturn|p2a: Sylveon|Protect\n|move|p1a: Jirachi|Body Slam|p2a: Sylveon\n|-activate|p2a: Sylveon|move: Protect\n|\n|-heal|p1a: Jirachi|144/291|[from] item: Leftovers\n|-heal|p2a: Sylveon|14/100 brn|[from] item: Leftovers\n|-damage|p2a: Sylveon|8/100 brn|[from] brn\n|upkeep\n|turn|12\n|inactive|Time left: 300 sec this turn | 300 sec total\n|\n|t:|1783545134\n|switch|p2a: Chesnaught|Chesnaught, L84, F|100/100\n|-damage|p2a: Chesnaught|95/100|[from] Stealth Rock\n|move|p1a: Jirachi|Body Slam|p2a: Chesnaught\n|-damage|p2a: Chesnaught|78/100\n|-status|p2a: Chesnaught|par\n|-damage|p1a: Jirachi|96/291|[from] item: Rocky Helmet|[of] p2a: Chesnaught\n|\n|-heal|p1a: Jirachi|114/291|[from] item: Leftovers\n|upkeep\n|turn|13\n|inactive|Time left: 300 sec this turn | 300 sec total\n|\n|t:|1783545135\n|switch|p1a: Oricorio|Oricorio-Sensu, L85, F|266/266\n|move|p2a: Chesnaught|Knock Off|p1a: Oricorio\n|-supereffective|p1a: Oricorio\n|-damage|p1a: Oricorio|84/266\n|-enditem|p1a: Oricorio|Heavy-Duty Boots|[from] move: Knock Off|[of] p2a: Chesnaught\n|\n|upkeep\n|turn|14\n|inactive|Time left: 300 sec this turn | 300 sec total\n|\n|t:|1783545136\n|move|p1a: Oricorio|Hurricane|p2a: Chesnaught|[miss]\n|-miss|p1a: Oricorio|p2a: Chesnaught\n|move|p2a: Chesnaught|Knock Off|p1a: Oricorio\n|-supereffective|p1a: Oricorio\n|-damage|p1a: Oricorio|0 fnt\n|faint|p1a: Oricorio\n|\n|upkeep\n|inactive|Time left: 300 sec this turn | 300 sec total | 5 sec grace\n|\n|t:|1783545137\n|switch|p1a: Overqwil|Overqwil, L82, F|274/274\n|-ability|p1a: Overqwil|Intimidate|boost\n|-unboost|p2a: Chesnaught|atk|1\n|turn|15\n|inactive|Time left: 300 sec this turn | 300 sec total\n|\n|t:|1783545138\n|move|p1a: Overqwil|Swords Dance|p1a: Overqwil\n|-boost|p1a: Overqwil|atk|2\n|cant|p2a: Chesnaught|par\n|\n|upkeep\n|turn|16\n|inactive|Time left: 300 sec this turn | 300 sec total\n|\n|t:|1783545139\n|move|p1a: Overqwil|Gunk Shot|p2a: Chesnaught\n|-supereffective|p2a: Chesnaught\n|-damage|p2a: Chesnaught|0 fnt\n|faint|p2a: Chesnaught\n|-damage|p1a: Overqwil|247/274|[from] item: Life Orb\n|\n|upkeep\n|\n|t:|1783545140\n|switch|p2a: Meloetta|Meloetta, L82|100/100\n|-damage|p2a: Meloetta|88/100|[from] Stealth Rock\n|turn|17\n|inactive|Time left: 300 sec this turn | 300 sec total\n|\n|t:|1783545141\n|move|p2a: Meloetta|Relic Song|p1a: Overqwil\n|-damage|p1a: Overqwil|78/274\n|-formechange|p2a: Meloetta|Meloetta-Pirouette|[msg]\n|-damage|p2a: Meloetta|78/100|[from] item: Life Orb\n|move|p1a: Overqwil|Crunch|p2a: Meloetta\n|-resisted|p2a: Meloetta\n|-damage|p2a: Meloetta|37/100\n|-damage|p1a: Overqwil|51/274|[from] item: Life Orb\n|\n|upkeep\n|turn|18\n|inactive|Time left: 300 sec this turn | 300 sec total\n|\n|t:|1783545142\n|move|p2a: Meloetta|Relic Song|p1a: Overqwil\n|-damage|p1a: Overqwil|0 fnt\n|faint|p1a: Overqwil\n|-formechange|p2a: Meloetta|Meloetta|[msg]\n|-damage|p2a: Meloetta|28/100|[from] item: Life Orb\n|\n|upkeep\n|inactive|Time left: 300 sec this turn | 300 sec total | 5 sec grace\n|\n|t:|1783545143\n|switch|p1a: Quaquaval|Quaquaval, L79, M|264/264\n|turn|19\n|inactive|Time left: 300 sec this turn | 300 sec total\n|\n|t:|1783545144\n|move|p2a: Meloetta|Relic Song|p1a: Quaquaval\n|-damage|p1a: Quaquaval|128/264\n|-formechange|p2a: Meloetta|Meloetta-Pirouette|[msg]\n|-damage|p2a: Meloetta|18/100|[from] item: Life Orb\n|move|p1a: Quaquaval|Aqua Step|p2a: Meloetta\n|-damage|p2a: Meloetta|0 fnt\n|-boost|p1a: Quaquaval|spe|1\n|faint|p2a: Meloetta\n|-ability|p1a: Quaquaval|Moxie|boost\n|-boost|p1a: Quaquaval|atk|1\n|\n|upkeep\n|\n|t:|1783545145\n|switch|p2a: Palafin|Palafin, L77, F|100/100\n|-damage|p2a: Palafin|88/100|[from] Stealth Rock\n|turn|20\n|inactive|Time left: 300 sec this turn | 300 sec total\n|\n|t:|1783545146\n|detailschange|p2a: Palafin|Palafin-Hero, L77, F\n|switch|p2a: Sylveon|Sylveon, L85, F, tera:Steel|8/100 brn\n|-damage|p2a: Sylveon|2/100 brn|[from] Stealth Rock\n|move|p1a: Quaquaval|Aqua Step|p2a: Sylveon\n|-damage|p2a: Sylveon|0 fnt\n|-boost|p1a: Quaquaval|spe|1\n|faint|p2a: Sylveon\n|-ability|p1a: Quaquaval|Moxie|boost\n|-boost|p1a: Quaquaval|atk|1\n|\n|upkeep\n|\n|t:|1783545147\n|switch|p2a: Palafin|Palafin-Hero, L77, F|88/100\n|-damage|p2a: Palafin|76/100|[from] Stealth Rock\n|-activate|p2a: Palafin|ability: Zero to Hero\n|turn|21\n|inactive|Time left: 300 sec this turn | 300 sec total\n|\n|t:|1783545148\n|move|p1a: Quaquaval|Aqua Step|p2a: Palafin\n|-resisted|p2a: Palafin\n|-damage|p2a: Palafin|28/100\n|-boost|p1a: Quaquaval|spe|1\n|move|p2a: Palafin|Close Combat|p1a: Quaquaval\n|-damage|p1a: Quaquaval|0 fnt\n|-unboost|p2a: Palafin|def|1\n|-unboost|p2a: Palafin|spd|1\n|faint|p1a: Quaquaval\n|\n|upkeep\n|inactive|Time left: 300 sec this turn | 300 sec total | 5 sec grace\n|\n|t:|1783545149\n|switch|p1a: Jirachi|Jirachi, L80|114/291\n|turn|22\n|inactive|Time left: 300 sec this turn | 300 sec total\n|\n|t:|1783545150\n|move|p1a: Jirachi|Body Slam|p2a: Palafin\n|-damage|p2a: Palafin|0 fnt\n|faint|p2a: Palafin\n|\n|-heal|p1a: Jirachi|132/291|[from] item: Leftovers\n|upkeep\n|\n|t:|1783545151\n|switch|p2a: Grafaiai|Grafaiai, L86, F|100/100\n|-damage|p2a: Grafaiai|88/100|[from] Stealth Rock\n|turn|23\n|inactive|Time left: 300 sec this turn | 300 sec total\n|\n|t:|1783545152\n|move|p1a: Jirachi|Protect|p1a: Jirachi\n|-singleturn|p1a: Jirachi|Protect\n|move|p2a: Grafaiai|Knock Off|p1a: Jirachi\n|-activate|p1a: Jirachi|move: Protect\n|\n|-heal|p1a: Jirachi|150/291|[from] item: Leftovers\n|upkeep\n|turn|24\n|inactive|Time left: 300 sec this turn | 300 sec total\n|\n|t:|1783545154\n|move|p2a: Grafaiai|Knock Off|p1a: Jirachi\n|-supereffective|p1a: Jirachi\n|-damage|p1a: Jirachi|6/291\n|-enditem|p1a: Jirachi|Leftovers|[from] move: Knock Off|[of] p2a: Grafaiai\n|move|p1a: Jirachi|Body Slam|p2a: Grafaiai\n|-damage|p2a: Grafaiai|58/100\n|\n|upkeep\n|turn|25\n|inactive|Time left: 300 sec this turn | 300 sec total\n|\n|t:|1783545154\n|move|p1a: Jirachi|Protect|p1a: Jirachi\n|-singleturn|p1a: Jirachi|Protect\n|move|p2a: Grafaiai|Knock Off|p1a: Jirachi\n|-activate|p1a: Jirachi|move: Protect\n|\n|upkeep\n|turn|26\n|inactive|Time left: 300 sec this turn | 300 sec total\n|\n|t:|1783545155\n|move|p1a: Jirachi|Protect||[still]\n|-fail|p1a: Jirachi\n|move|p2a: Grafaiai|Knock Off|p1a: Jirachi\n|-supereffective|p1a: Jirachi\n|-damage|p1a: Jirachi|0 fnt\n|faint|p1a: Jirachi\n|\n|upkeep\n|inactive|Time left: 300 sec this turn | 300 sec total | 5 sec grace\n|\n|t:|1783545156\n|switch|p1a: Cramorant|Cramorant, L86, F|261/261\n|turn|27\n|inactive|Time left: 300 sec this turn | 300 sec total\n|\n|t:|1783545157\n|move|p2a: Grafaiai|Gunk Shot|p1a: Cramorant\n|-damage|p1a: Cramorant|72/261\n|move|p1a: Cramorant|Brave Bird|p2a: Grafaiai\n|-damage|p2a: Grafaiai|0 fnt\n|faint|p2a: Grafaiai\n|-damage|p1a: Cramorant|24/261|[from] Recoil\n|\n|upkeep\n|\n|t:|1783545158\n|switch|p2a: Carbink|Carbink, L90|100/100\n|-damage|p2a: Carbink|88/100|[from] Stealth Rock\n|turn|28\n|inactive|Time left: 300 sec this turn | 300 sec total\n|\n|t:|1783545159\n|move|p1a: Cramorant|Surf|p2a: Carbink\n|-formechange|p1a: Cramorant|Cramorant-Gorging|\n|-supereffective|p2a: Carbink\n|-damage|p2a: Carbink|44/100\n|move|p2a: Carbink|Rest|p2a: Carbink\n|-status|p2a: Carbink|slp|[from] move: Rest\n|-heal|p2a: Carbink|100/100 slp|[silent]\n|-enditem|p2a: Carbink|Chesto Berry|[eat]\n|-curestatus|p2a: Carbink|slp|[msg]\n|\n|upkeep\n|turn|29\n|inactive|Time left: 300 sec this turn | 300 sec total\n|\n|t:|1783545160\n|move|p1a: Cramorant|Roost|p1a: Cramorant\n|-heal|p1a: Cramorant|155/261\n|-singleturn|p1a: Cramorant|move: Roost\n|move|p2a: Carbink|Iron Defense|p2a: Carbink\n|-boost|p2a: Carbink|def|2\n|\n|upkeep\n|turn|30\n|inactive|Time left: 300 sec this turn | 300 sec total\n|\n|t:|1783545161\n|move|p1a: Cramorant|Surf|p2a: Carbink\n|-supereffective|p2a: Carbink\n|-damage|p2a: Carbink|50/100\n|move|p2a: Carbink|Iron Defense|p2a: Carbink\n|-boost|p2a: Carbink|def|2\n|\n|upkeep\n|turn|31\n|inactive|Time left: 300 sec this turn | 300 sec total\n|\n|t:|1783545162\n|-terastallize|p1a: Cramorant|Ground\n|move|p1a: Cramorant|Surf|p2a: Carbink\n|-supereffective|p2a: Carbink\n|-damage|p2a: Carbink|0 fnt\n|faint|p2a: Carbink\n|\n|win|p0x5236dd1", "uploadtime": 1783545162, "views": 0, "rating": 0, "private": 0, "password": null, "_winner": "p0x5236dd1", "_our_name": "p0x5236dd1"}