{"id": "battle-gen9randombattle-2946", "formatid": "gen9randombattle", "format": "[Gen 9] Random Battle", "players": ["p0x2946226d", "p0y2946a41a"], "log": "|init|battle\n|title|p0x2946226d vs. p0y2946a41a\n|j|\u2606p0x2946226d\n|j|\u2606p0y2946a41a\n|t:|1783572958\n|gametype|singles\n|player|p1|p0x2946226d|102|\n|player|p2|p0y2946a41a|102|\n|gen|9\n|tier|[Gen 9] Random Battle\n|rule|Species Clause: Limit one of each Pok\u00e9mon\n|rule|HP Percentage Mod: HP is shown in percentages\n|rule|Sleep Clause Mod: Limit one foe put to sleep\n|rule|Illusion Level Mod: Illusion disguises the Pok\u00e9mon's true level\n|\n|t:|1783572958\n|teamsize|p1|6\n|teamsize|p2|6\n|start\n|switch|p1a: Palkia|Palkia, L75|100/100\n|switch|p2a: Sinistcha|Sinistcha, L83|254/254\n|-ability|p1a: Palkia|Pressure\n|turn|1\n|inactive|Battle timer is ON: inactive players will automatically lose when time's up. (requested by p0y2946a41a)\n|inactive|p0x2946226d also wants the timer to be on.\n|\n|t:|1783572959\n|move|p1a: Palkia|Spacial Rend|p2a: Sinistcha\n|-damage|p2a: Sinistcha|112/254\n|move|p2a: Sinistcha|Calm Mind|p2a: Sinistcha\n|-boost|p2a: Sinistcha|spa|1\n|-boost|p2a: Sinistcha|spd|1\n|\n|-heal|p2a: Sinistcha|127/254|[from] item: Leftovers\n|upkeep\n|turn|2\n|inactive|Time left: 300 sec this turn | 300 sec total\n|\n|t:|1783572960\n|move|p1a: Palkia|Spacial Rend|p2a: Sinistcha\n|-damage|p2a: Sinistcha|37/254\n|move|p2a: Sinistcha|Strength Sap|p1a: Palkia\n|-unboost|p1a: Palkia|atk|1\n|-heal|p2a: Sinistcha|222/254\n|\n|-heal|p2a: Sinistcha|237/254|[from] item: Leftovers\n|upkeep\n|turn|3\n|inactive|Time left: 300 sec this turn | 300 sec total\n|\n|t:|1783572961\n|move|p1a: Palkia|Spacial Rend|p2a: Sinistcha\n|-damage|p2a: Sinistcha|146/254\n|move|p2a: Sinistcha|Calm Mind|p2a: Sinistcha\n|-boost|p2a: Sinistcha|spa|1\n|-boost|p2a: Sinistcha|spd|1\n|\n|-heal|p2a: Sinistcha|161/254|[from] item: Leftovers\n|upkeep\n|turn|4\n|inactive|Time left: 300 sec this turn | 300 sec total\n|\n|t:|1783572962\n|move|p1a: Palkia|Spacial Rend|p2a: Sinistcha|[miss]\n|-miss|p1a: Palkia|p2a: Sinistcha\n|move|p2a: Sinistcha|Matcha Gotcha|p1a: Palkia\n|-damage|p1a: Palkia|35/100\n|-heal|p2a: Sinistcha|246/254|[from] drain|[of] p1a: Palkia\n|\n|-heal|p2a: Sinistcha|254/254|[from] item: Leftovers\n|upkeep\n|turn|5\n|inactive|Time left: 300 sec this turn | 300 sec total\n|\n|t:|1783572963\n|move|p1a: Palkia|Spacial Rend|p2a: Sinistcha\n|-damage|p2a: Sinistcha|182/254\n|move|p2a: Sinistcha|Shadow Ball|p1a: Palkia\n|-damage|p1a: Palkia|0 fnt\n|faint|p1a: Palkia\n|\n|-heal|p2a: Sinistcha|197/254|[from] item: Leftovers\n|upkeep\n|\n|t:|1783572964\n|switch|p1a: Lunala|Lunala, L70|100/100\n|turn|6\n|inactive|Time left: 300 sec this turn | 300 sec total\n|\n|t:|1783572965\n|-terastallize|p1a: Lunala|Fighting\n|move|p1a: Lunala|Moongeist Beam|p2a: Sinistcha\n|-supereffective|p2a: Sinistcha\n|-damage|p2a: Sinistcha|81/254\n|move|p2a: Sinistcha|Shadow Ball|p1a: Lunala\n|-damage|p1a: Lunala|70/100\n|\n|-heal|p1a: Lunala|76/100|[from] item: Leftovers\n|-heal|p2a: Sinistcha|96/254|[from] item: Leftovers\n|upkeep\n|turn|7\n|inactive|Time left: 300 sec this turn | 300 sec total\n|\n|t:|1783572965\n|-terastallize|p2a: Sinistcha|Steel\n|move|p1a: Lunala|Moongeist Beam|p2a: Sinistcha\n|-damage|p2a: Sinistcha|38/254\n|move|p2a: Sinistcha|Matcha Gotcha|p1a: Lunala\n|-damage|p1a: Lunala|11/100\n|-heal|p2a: Sinistcha|139/254|[from] drain|[of] p1a: Lunala\n|\n|-heal|p1a: Lunala|17/100|[from] item: Leftovers\n|-heal|p2a: Sinistcha|154/254|[from] item: Leftovers\n|upkeep\n|turn|8\n|inactive|Time left: 300 sec this turn | 300 sec total\n|\n|t:|1783572966\n|move|p1a: Lunala|Focus Blast|p2a: Sinistcha|[miss]\n|-miss|p1a: Lunala|p2a: Sinistcha\n|move|p2a: Sinistcha|Strength Sap|p1a: Lunala\n|-unboost|p1a: Lunala|atk|1\n|-heal|p2a: Sinistcha|254/254\n|\n|-heal|p1a: Lunala|24/100|[from] item: Leftovers\n|upkeep\n|turn|9\n|inactive|Time left: 300 sec this turn | 300 sec total\n|\n|t:|1783572967\n|move|p1a: Lunala|Moonlight|p1a: Lunala\n|-heal|p1a: Lunala|74/100\n|move|p2a: Sinistcha|Shadow Ball|p1a: Lunala\n|-damage|p1a: Lunala|4/100\n|\n|-heal|p1a: Lunala|11/100|[from] item: Leftovers\n|upkeep\n|turn|10\n|inactive|Time left: 300 sec this turn | 300 sec total\n|\n|t:|1783572968\n|move|p1a: Lunala|Focus Blast|p2a: Sinistcha\n|-supereffective|p2a: Sinistcha\n|-damage|p2a: Sinistcha|116/254\n|-unboost|p2a: Sinistcha|spd|1\n|move|p2a: Sinistcha|Matcha Gotcha|p1a: Lunala\n|-damage|p1a: Lunala|0 fnt\n|-heal|p2a: Sinistcha|132/254|[from] drain|[of] p1a: Lunala\n|faint|p1a: Lunala\n|\n|-heal|p2a: Sinistcha|147/254|[from] item: Leftovers\n|upkeep\n|\n|t:|1783572969\n|switch|p1a: Politoed|Politoed, L88, F|100/100\n|-weather|RainDance|[from] ability: Drizzle|[of] p1a: Politoed\n|turn|11\n|inactive|Time left: 300 sec this turn | 300 sec total\n|\n|t:|1783572970\n|move|p1a: Politoed|Weather Ball|p2a: Sinistcha\n|-damage|p2a: Sinistcha|0 fnt\n|faint|p2a: Sinistcha\n|\n|-weather|RainDance|[upkeep]\n|upkeep\n|inactive|Time left: 300 sec this turn | 300 sec total | 5 sec grace\n|\n|t:|1783572971\n|switch|p2a: Hoopa|Hoopa, L85|275/275\n|turn|12\n|inactive|Time left: 300 sec this turn | 300 sec total\n|\n|t:|1783572972\n|move|p2a: Hoopa|Psyshock|p1a: Politoed\n|-damage|p1a: Politoed|52/100\n|move|p1a: Politoed|Weather Ball|p2a: Hoopa\n|-crit|p2a: Hoopa\n|-damage|p2a: Hoopa|0 fnt\n|faint|p2a: Hoopa\n|\n|-weather|RainDance|[upkeep]\n|upkeep\n|inactive|Time left: 300 sec this turn | 300 sec total | 5 sec grace\n|\n|t:|1783572973\n|switch|p2a: Toxtricity|Toxtricity, L82, M|257/257\n|turn|13\n|inactive|Time left: 300 sec this turn | 300 sec total\n|\n|t:|1783572974\n|move|p2a: Toxtricity|Overdrive|p1a: Politoed\n|-supereffective|p1a: Politoed\n|-damage|p1a: Politoed|0 fnt\n|faint|p1a: Politoed\n|\n|-weather|RainDance|[upkeep]\n|upkeep\n|\n|t:|1783572975\n|switch|p1a: Copperajah|Copperajah, L86, M|100/100\n|turn|14\n|inactive|Time left: 300 sec this turn | 300 sec total\n|\n|t:|1783572976\n|switch|p2a: Dondozo|Dondozo, L78, F|362/362\n|move|p1a: Copperajah|Play Rough|p2a: Dondozo\n|-damage|p2a: Dondozo|232/362\n|\n|-weather|RainDance|[upkeep]\n|-heal|p2a: Dondozo|254/362|[from] item: Leftovers\n|upkeep\n|turn|15\n|inactive|Time left: 300 sec this turn | 300 sec total\n|\n|t:|1783572978\n|switch|p1a: Ampharos|Ampharos, L88, M|100/100\n|move|p2a: Dondozo|Wave Crash|p1a: Ampharos\n|-damage|p1a: Ampharos|46/100\n|-damage|p2a: Dondozo|200/362|[from] Recoil\n|\n|-weather|none\n|-heal|p2a: Dondozo|222/362|[from] item: Leftovers\n|upkeep\n|turn|16\n|inactive|Time left: 300 sec this turn | 300 sec total\n|\n|t:|1783572979\n|switch|p2a: Toxtricity|Toxtricity, L82, M|257/257\n|move|p1a: Ampharos|Thunderbolt|p2a: Toxtricity\n|-resisted|p2a: Toxtricity\n|-damage|p2a: Toxtricity|156/257\n|-damage|p1a: Ampharos|36/100|[from] item: Life Orb\n|\n|upkeep\n|turn|17\n|inactive|Time left: 300 sec this turn | 300 sec total\n|\n|t:|1783572980\n|switch|p1a: Copperajah|Copperajah, L86, M|100/100\n|move|p2a: Toxtricity|Boomburst|p1a: Copperajah\n|-resisted|p1a: Copperajah\n|-damage|p1a: Copperajah|79/100\n|\n|upkeep\n|turn|18\n|inactive|Time left: 300 sec this turn | 300 sec total\n|\n|t:|1783572981\n|switch|p2a: Scizor|Scizor, L79, M|240/240\n|move|p1a: Copperajah|Earthquake|p2a: Scizor\n|-damage|p2a: Scizor|120/240\n|-damage|p1a: Copperajah|69/100|[from] item: Life Orb\n|\n|upkeep\n|turn|19\n|inactive|Time left: 300 sec this turn | 300 sec total\n|\n|t:|1783572982\n|move|p2a: Scizor|Close Combat|p1a: Copperajah\n|-supereffective|p1a: Copperajah\n|-damage|p1a: Copperajah|0 fnt\n|-unboost|p2a: Scizor|def|1\n|-unboost|p2a: Scizor|spd|1\n|faint|p1a: Copperajah\n|\n|upkeep\n|\n|t:|1783572983\n|switch|p1a: Deoxys|Deoxys-Speed, L82|100/100\n|-ability|p1a: Deoxys|Pressure\n|turn|20\n|inactive|Time left: 300 sec this turn | 300 sec total\n|\n|t:|1783572984\n|switch|p2a: Mew|Mew, L82|298/298\n|move|p1a: Deoxys|Nasty Plot|p1a: Deoxys\n|-boost|p1a: Deoxys|spa|2\n|\n|upkeep\n|turn|21\n|inactive|Time left: 300 sec this turn | 300 sec total\n|\n|t:|1783572985\n|move|p1a: Deoxys|Dark Pulse|p2a: Mew\n|-supereffective|p2a: Mew\n|-damage|p2a: Mew|38/298\n|-damage|p1a: Deoxys|91/100|[from] item: Life Orb\n|move|p2a: Mew|Dark Pulse|p1a: Deoxys\n|-supereffective|p1a: Deoxys\n|-damage|p1a: Deoxys|26/100\n|-damage|p2a: Mew|9/298|[from] item: Life Orb\n|\n|upkeep\n|turn|22\n|inactive|Time left: 300 sec this turn | 300 sec total\n|\n|t:|1783572987\n|move|p1a: Deoxys|Dark Pulse|p2a: Mew\n|-supereffective|p2a: Mew\n|-damage|p2a: Mew|0 fnt\n|faint|p2a: Mew\n|-damage|p1a: Deoxys|16/100|[from] item: Life Orb\n|\n|upkeep\n|inactive|Time left: 300 sec this turn | 300 sec total | 5 sec grace\n|\n|t:|1783572988\n|switch|p2a: Scizor|Scizor, L79, M|120/240\n|turn|23\n|inactive|Time left: 300 sec this turn | 300 sec total\n|\n|t:|1783572989\n|switch|p1a: Ampharos|Ampharos, L88, M|36/100\n|move|p2a: Scizor|Bullet Punch|p1a: Ampharos\n|-resisted|p1a: Ampharos\n|-damage|p1a: Ampharos|18/100\n|\n|upkeep\n|turn|24\n|inactive|Time left: 300 sec this turn | 300 sec total\n|\n|t:|1783572990\n|move|p2a: Scizor|Bullet Punch|p1a: Ampharos\n|-resisted|p1a: Ampharos\n|-damage|p1a: Ampharos|1/100\n|move|p1a: Ampharos|Agility|p1a: Ampharos\n|-boost|p1a: Ampharos|spe|2\n|\n|upkeep\n|turn|25\n|inactive|Time left: 300 sec this turn | 300 sec total\n|\n|t:|1783572990\n|move|p2a: Scizor|Bullet Punch|p1a: Ampharos\n|-resisted|p1a: Ampharos\n|-damage|p1a: Ampharos|0 fnt\n|faint|p1a: Ampharos\n|\n|upkeep\n|\n|t:|1783572991\n|switch|p1a: Deoxys|Deoxys-Speed, L82|16/100\n|-ability|p1a: Deoxys|Pressure\n|turn|26\n|inactive|Time left: 300 sec this turn | 300 sec total\n|\n|t:|1783572992\n|move|p2a: Scizor|Bullet Punch|p1a: Deoxys\n|-damage|p1a: Deoxys|0 fnt\n|faint|p1a: Deoxys\n|\n|win|p0y2946a41a", "uploadtime": 1783572992, "views": 0, "rating": 0, "private": 0, "password": null, "_winner": "p0y2946a41a", "_our_name": "p0y2946a41a"}