{"id": "battle-gen9randombattle-2414", "formatid": "gen9randombattle", "format": "[Gen 9] Random Battle", "players": ["p0x2414e994", "p0y24149709"], "log": "|init|battle\n|title|p0x2414e994 vs. p0y24149709\n|j|\u2606p0x2414e994\n|j|\u2606p0y24149709\n|t:|1783567007\n|gametype|singles\n|player|p1|p0x2414e994|265|\n|player|p2|p0y24149709|102|\n|gen|9\n|tier|[Gen 9] Random Battle\n|rule|Species Clause: Limit one of each Pok\u00e9mon\n|rule|HP Percentage Mod: HP is shown in percentages\n|rule|Sleep Clause Mod: Limit one foe put to sleep\n|rule|Illusion Level Mod: Illusion disguises the Pok\u00e9mon's true level\n|\n|t:|1783567007\n|teamsize|p1|6\n|teamsize|p2|6\n|start\n|switch|p1a: Gallade|Gallade, L80, M|240/240\n|switch|p2a: Venomoth|Venomoth, L84, M|100/100\n|turn|1\n|inactive|Battle timer is ON: inactive players will automatically lose when time's up. (requested by p0x2414e994)\n|inactive|p0y24149709 also wants the timer to be on.\n|\n|t:|1783567008\n|move|p2a: Venomoth|Sleep Powder|p1a: Gallade\n|-status|p1a: Gallade|slp|[from] move: Sleep Powder\n|cant|p1a: Gallade|slp\n|\n|upkeep\n|turn|2\n|inactive|Time left: 300 sec this turn | 300 sec total\n|\n|t:|1783567009\n|move|p2a: Venomoth|Quiver Dance|p2a: Venomoth\n|-boost|p2a: Venomoth|spa|1\n|-boost|p2a: Venomoth|spd|1\n|-boost|p2a: Venomoth|spe|1\n|-curestatus|p1a: Gallade|slp|[msg]\n|move|p1a: Gallade|Psycho Cut|p2a: Venomoth\n|-supereffective|p2a: Venomoth\n|-damage|p2a: Venomoth|0 fnt\n|faint|p2a: Venomoth\n|-damage|p1a: Gallade|216/240|[from] item: Life Orb\n|\n|upkeep\n|\n|t:|1783567010\n|switch|p2a: Kricketune|Kricketune, L99, M|100/100\n|turn|3\n|inactive|Time left: 300 sec this turn | 300 sec total\n|\n|t:|1783567011\n|move|p2a: Kricketune|Sticky Web|p1a: Gallade\n|-sidestart|p1: p0x2414e994|move: Sticky Web\n|move|p1a: Gallade|Psycho Cut|p2a: Kricketune\n|-crit|p2a: Kricketune\n|-damage|p2a: Kricketune|2/100\n|-damage|p1a: Gallade|192/240|[from] item: Life Orb\n|\n|upkeep\n|turn|4\n|inactive|Time left: 300 sec this turn | 300 sec total\n|\n|t:|1783567012\n|move|p2a: Kricketune|Pounce|p1a: Gallade\n|-damage|p1a: Gallade|53/240\n|-unboost|p1a: Gallade|spe|1\n|move|p1a: Gallade|Agility|p1a: Gallade\n|-boost|p1a: Gallade|spe|2\n|\n|upkeep\n|turn|5\n|inactive|Time left: 300 sec this turn | 300 sec total\n|\n|t:|1783567013\n|move|p1a: Gallade|Night Slash|p2a: Kricketune\n|-damage|p2a: Kricketune|0 fnt\n|faint|p2a: Kricketune\n|-damage|p1a: Gallade|29/240|[from] item: Life Orb\n|\n|upkeep\n|\n|t:|1783567014\n|switch|p2a: Rillaboom|Rillaboom, L79, M|100/100\n|-fieldstart|move: Grassy Terrain|[from] ability: Grassy Surge|[of] p2a: Rillaboom\n|turn|6\n|inactive|Time left: 300 sec this turn | 300 sec total\n|\n|t:|1783567015\n|move|p2a: Rillaboom|Grassy Glide|p1a: Gallade\n|-crit|p1a: Gallade\n|-damage|p1a: Gallade|0 fnt\n|faint|p1a: Gallade\n|-damage|p2a: Rillaboom|91/100|[from] item: Life Orb\n|\n|-heal|p2a: Rillaboom|97/100|[from] Grassy Terrain\n|upkeep\n|inactive|Time left: 300 sec this turn | 300 sec total | 5 sec grace\n|\n|t:|1783567016\n|switch|p1a: Forretress|Forretress, L84, F|263/263\n|-activate|p1a: Forretress|move: Sticky Web\n|-unboost|p1a: Forretress|spe|1\n|turn|7\n|inactive|Time left: 300 sec this turn | 300 sec total\n|\n|t:|1783567017\n|move|p2a: Rillaboom|Swords Dance|p2a: Rillaboom\n|-boost|p2a: Rillaboom|atk|2\n|move|p1a: Forretress|Rapid Spin|p2a: Rillaboom\n|-damage|p2a: Rillaboom|85/100\n|-boost|p1a: Forretress|spe|1\n|-sideend|p1: p0x2414e994|Sticky Web|[from] move: Rapid Spin|[of] p1a: Forretress\n|\n|-heal|p2a: Rillaboom|91/100|[from] Grassy Terrain\n|upkeep\n|turn|8\n|inactive|Time left: 300 sec this turn | 300 sec total\n|\n|t:|1783567018\n|move|p2a: Rillaboom|Swords Dance|p2a: Rillaboom\n|-boost|p2a: Rillaboom|atk|2\n|move|p1a: Forretress|Body Press|p2a: Rillaboom\n|-damage|p2a: Rillaboom|64/100\n|\n|-heal|p2a: Rillaboom|70/100|[from] Grassy Terrain\n|upkeep\n|turn|9\n|inactive|Time left: 300 sec this turn | 300 sec total\n|\n|t:|1783567019\n|move|p2a: Rillaboom|High Horsepower|p1a: Forretress\n|-damage|p1a: Forretress|73/263\n|-damage|p2a: Rillaboom|60/100|[from] item: Life Orb\n|move|p1a: Forretress|Iron Head|p2a: Rillaboom\n|-damage|p2a: Rillaboom|30/100\n|\n|-heal|p2a: Rillaboom|36/100|[from] Grassy Terrain\n|-heal|p1a: Forretress|89/263|[from] Grassy Terrain\n|-heal|p1a: Forretress|105/263|[from] item: Leftovers\n|upkeep\n|turn|10\n|inactive|Time left: 300 sec this turn | 300 sec total\n|\n|t:|1783567020\n|switch|p1a: Weezing|Weezing-Galar, L86, M|252/252\n|move|p2a: Rillaboom|High Horsepower|p1a: Weezing\n|-immune|p1a: Weezing|[from] ability: Levitate\n|\n|-heal|p2a: Rillaboom|43/100|[from] Grassy Terrain\n|-fieldend|move: Grassy Terrain\n|upkeep\n|turn|11\n|inactive|Time left: 300 sec this turn | 300 sec total\n|\n|t:|1783567021\n|-terastallize|p2a: Rillaboom|Grass\n|move|p2a: Rillaboom|Wood Hammer|p1a: Weezing\n|-resisted|p1a: Weezing\n|-damage|p1a: Weezing|0 fnt\n|faint|p1a: Weezing\n|-damage|p2a: Rillaboom|14/100|[from] Recoil\n|-damage|p2a: Rillaboom|4/100|[from] item: Life Orb\n|\n|upkeep\n|inactive|Time left: 300 sec this turn | 300 sec total | 5 sec grace\n|\n|t:|1783567022\n|switch|p1a: Terrakion|Terrakion, L79|273/273\n|turn|12\n|inactive|Time left: 300 sec this turn | 300 sec total\n|\n|t:|1783567023\n|move|p1a: Terrakion|Close Combat|p2a: Rillaboom\n|-damage|p2a: Rillaboom|0 fnt\n|-unboost|p1a: Terrakion|def|1\n|-unboost|p1a: Terrakion|spd|1\n|faint|p2a: Rillaboom\n|\n|upkeep\n|\n|t:|1783567024\n|switch|p2a: Fezandipiti|Fezandipiti, L82, M|100/100\n|turn|13\n|inactive|Time left: 300 sec this turn | 300 sec total\n|\n|t:|1783567025\n|switch|p1a: Forretress|Forretress, L84, F|105/263\n|move|p2a: Fezandipiti|Moonblast|p1a: Forretress\n|-resisted|p1a: Forretress\n|-damage|p1a: Forretress|60/263\n|\n|-heal|p1a: Forretress|76/263|[from] item: Leftovers\n|upkeep\n|turn|14\n|inactive|Time left: 300 sec this turn | 300 sec total\n|\n|t:|1783567026\n|move|p2a: Fezandipiti|Moonblast|p1a: Forretress\n|-resisted|p1a: Forretress\n|-damage|p1a: Forretress|25/263\n|move|p1a: Forretress|Iron Head|p2a: Fezandipiti\n|-supereffective|p2a: Fezandipiti\n|-damage|p2a: Fezandipiti|39/100\n|\n|-heal|p2a: Fezandipiti|45/100|[from] item: Leftovers\n|-heal|p1a: Forretress|41/263|[from] item: Leftovers\n|upkeep\n|turn|15\n|inactive|Time left: 300 sec this turn | 300 sec total\n|\n|t:|1783567027\n|move|p2a: Fezandipiti|Moonblast|p1a: Forretress\n|-resisted|p1a: Forretress\n|-damage|p1a: Forretress|0 fnt\n|faint|p1a: Forretress\n|\n|-heal|p2a: Fezandipiti|52/100|[from] item: Leftovers\n|upkeep\n|inactive|Time left: 300 sec this turn | 300 sec total | 5 sec grace\n|\n|t:|1783567028\n|switch|p1a: Terrakion|Terrakion, L79|273/273\n|turn|16\n|inactive|Time left: 300 sec this turn | 300 sec total\n|\n|t:|1783567029\n|switch|p2a: Altaria|Altaria, L89, M|100/100\n|move|p1a: Terrakion|Earthquake|p2a: Altaria\n|-immune|p2a: Altaria\n|\n|upkeep\n|turn|17\n|inactive|Time left: 300 sec this turn | 300 sec total\n|\n|t:|1783567030\n|switch|p1a: Piloswine|Piloswine, L85, F|309/309\n|move|p2a: Altaria|Brave Bird|p1a: Piloswine\n|-damage|p1a: Piloswine|231/309\n|-damage|p2a: Altaria|91/100|[from] Recoil\n|\n|upkeep\n|turn|18\n|inactive|Time left: 300 sec this turn | 300 sec total\n|\n|t:|1783567031\n|move|p2a: Altaria|Will-O-Wisp|p1a: Piloswine\n|-status|p1a: Piloswine|brn\n|move|p1a: Piloswine|Icicle Crash|p2a: Altaria\n|-supereffective|p2a: Altaria\n|-damage|p2a: Altaria|29/100\n|\n|-damage|p1a: Piloswine|212/309 brn|[from] brn\n|upkeep\n|turn|19\n|inactive|Time left: 300 sec this turn | 300 sec total\n|\n|t:|1783567033\n|move|p1a: Piloswine|Ice Shard|p2a: Altaria\n|-supereffective|p2a: Altaria\n|-crit|p2a: Altaria\n|-damage|p2a: Altaria|0 fnt\n|faint|p2a: Altaria\n|\n|-damage|p1a: Piloswine|193/309 brn|[from] brn\n|upkeep\n|\n|t:|1783567034\n|switch|p2a: Fezandipiti|Fezandipiti, L82, M|52/100\n|turn|20\n|inactive|Time left: 300 sec this turn | 300 sec total\n|\n|t:|1783567035\n|move|p2a: Fezandipiti|Roost|p2a: Fezandipiti\n|-heal|p2a: Fezandipiti|100/100\n|-singleturn|p2a: Fezandipiti|move: Roost\n|move|p1a: Piloswine|Earthquake|p2a: Fezandipiti\n|-supereffective|p2a: Fezandipiti\n|-crit|p2a: Fezandipiti\n|-damage|p2a: Fezandipiti|34/100\n|\n|-heal|p2a: Fezandipiti|40/100|[from] item: Leftovers\n|-damage|p1a: Piloswine|174/309 brn|[from] brn\n|upkeep\n|turn|21\n|inactive|Time left: 300 sec this turn | 300 sec total\n|\n|t:|1783567036\n|move|p2a: Fezandipiti|Roost|p2a: Fezandipiti\n|-heal|p2a: Fezandipiti|90/100\n|-singleturn|p2a: Fezandipiti|move: Roost\n|move|p1a: Piloswine|Earthquake|p2a: Fezandipiti\n|-supereffective|p2a: Fezandipiti\n|-damage|p2a: Fezandipiti|48/100\n|\n|-heal|p2a: Fezandipiti|54/100|[from] item: Leftovers\n|-damage|p1a: Piloswine|155/309 brn|[from] brn\n|upkeep\n|turn|22\n|inactive|Time left: 300 sec this turn | 300 sec total\n|\n|t:|1783567037\n|move|p2a: Fezandipiti|Roost|p2a: Fezandipiti\n|-heal|p2a: Fezandipiti|100/100\n|-singleturn|p2a: Fezandipiti|move: Roost\n|move|p1a: Piloswine|Earthquake|p2a: Fezandipiti\n|-supereffective|p2a: Fezandipiti\n|-damage|p2a: Fezandipiti|54/100\n|\n|-heal|p2a: Fezandipiti|60/100|[from] item: Leftovers\n|-damage|p1a: Piloswine|136/309 brn|[from] brn\n|upkeep\n|turn|23\n|inactive|Time left: 300 sec this turn | 300 sec total\n|\n|t:|1783567037\n|move|p2a: Fezandipiti|Moonblast|p1a: Piloswine\n|-damage|p1a: Piloswine|72/309 brn\n|move|p1a: Piloswine|Earthquake|p2a: Fezandipiti\n|-supereffective|p2a: Fezandipiti\n|-damage|p2a: Fezandipiti|20/100\n|\n|-heal|p2a: Fezandipiti|26/100|[from] item: Leftovers\n|-damage|p1a: Piloswine|53/309 brn|[from] brn\n|upkeep\n|turn|24\n|inactive|Time left: 300 sec this turn | 300 sec total\n|\n|t:|1783567038\n|switch|p1a: Terrakion|Terrakion, L79|273/273\n|move|p2a: Fezandipiti|Moonblast|p1a: Terrakion\n|-supereffective|p1a: Terrakion\n|-damage|p1a: Terrakion|123/273\n|-unboost|p1a: Terrakion|spa|1\n|-status|p1a: Terrakion|tox|[from] ability: Toxic Chain|[of] p2a: Fezandipiti\n|\n|-heal|p2a: Fezandipiti|32/100|[from] item: Leftovers\n|-damage|p1a: Terrakion|106/273 tox|[from] psn\n|upkeep\n|turn|25\n|inactive|Time left: 300 sec this turn | 300 sec total\n|\n|t:|1783567039\n|switch|p2a: Pawmot|Pawmot, L80, F|100/100\n|move|p1a: Terrakion|Earthquake|p2a: Pawmot\n|-supereffective|p2a: Pawmot\n|-damage|p2a: Pawmot|0 fnt\n|faint|p2a: Pawmot\n|\n|-damage|p1a: Terrakion|72/273 tox|[from] psn\n|upkeep\n|\n|t:|1783567040\n|switch|p2a: Fezandipiti|Fezandipiti, L82, M|32/100\n|turn|26\n|inactive|Time left: 300 sec this turn | 300 sec total\n|\n|t:|1783567041\n|move|p1a: Terrakion|Earthquake|p2a: Fezandipiti\n|-supereffective|p2a: Fezandipiti\n|-damage|p2a: Fezandipiti|0 fnt\n|faint|p2a: Fezandipiti\n|\n|win|p0x2414e994", "uploadtime": 1783567041, "views": 0, "rating": 0, "private": 0, "password": null, "_winner": "p0x2414e994", "_our_name": "p0x2414e994"}