{"id": "battle-gen9randombattle-2020", "formatid": "gen9randombattle", "format": "[Gen 9] Random Battle", "players": ["p0x20203ecb", "p0y2020b9b8"], "log": "|init|battle\n|title|p0x20203ecb vs. p0y2020b9b8\n|j|\u2606p0x20203ecb\n|j|\u2606p0y2020b9b8\n|t:|1783563398\n|gametype|singles\n|player|p1|p0x20203ecb|266|\n|player|p2|p0y2020b9b8|2|\n|gen|9\n|tier|[Gen 9] Random Battle\n|rule|Species Clause: Limit one of each Pok\u00e9mon\n|rule|HP Percentage Mod: HP is shown in percentages\n|rule|Sleep Clause Mod: Limit one foe put to sleep\n|rule|Illusion Level Mod: Illusion disguises the Pok\u00e9mon's true level\n|\n|t:|1783563398\n|teamsize|p1|6\n|teamsize|p2|6\n|start\n|switch|p1a: Luxray|Luxray, L88, F|283/283\n|switch|p2a: Zebstrika|Zebstrika, L87, M|100/100\n|turn|1\n|inactive|Battle timer is ON: inactive players will automatically lose when time's up. (requested by p0x20203ecb)\n|inactive|p0y2020b9b8 also wants the timer to be on.\n|\n|t:|1783563400\n|switch|p1a: Hariyama|Hariyama, L87, F|392/392\n|move|p2a: Zebstrika|High Horsepower|p1a: Hariyama|[miss]\n|-miss|p2a: Zebstrika|p1a: Hariyama\n|\n|-status|p1a: Hariyama|brn|[from] item: Flame Orb\n|upkeep\n|turn|2\n|inactive|Time left: 300 sec this turn | 300 sec total\n|\n|t:|1783563401\n|move|p2a: Zebstrika|Volt Switch|p1a: Hariyama\n|-damage|p1a: Hariyama|287/392 brn\n|-damage|p2a: Zebstrika|91/100|[from] item: Life Orb\n|\n|t:|1783563402\n|switch|p2a: Arcanine|Arcanine, L84, F|100/100|[from] Volt Switch\n|-ability|p2a: Arcanine|Intimidate|boost\n|-unboost|p1a: Hariyama|atk|1\n|move|p1a: Hariyama|Knock Off|p2a: Arcanine\n|-damage|p2a: Arcanine|69/100\n|-enditem|p2a: Arcanine|Heavy-Duty Boots|[from] move: Knock Off|[of] p1a: Hariyama\n|\n|-damage|p1a: Hariyama|263/392 brn|[from] brn\n|upkeep\n|turn|3\n|inactive|Time left: 300 sec this turn | 300 sec total\n|\n|t:|1783563403\n|switch|p1a: Luxray|Luxray, L88, F|283/283\n|move|p2a: Arcanine|Flare Blitz|p1a: Luxray\n|-damage|p1a: Luxray|133/283\n|-damage|p2a: Arcanine|52/100|[from] Recoil\n|\n|-status|p1a: Luxray|brn|[from] item: Flame Orb\n|upkeep\n|turn|4\n|inactive|Time left: 300 sec this turn | 300 sec total\n|\n|t:|1783563404\n|switch|p1a: Mew|Mew, L82|298/298\n|move|p2a: Arcanine|Flare Blitz|p1a: Mew\n|-damage|p1a: Mew|157/298\n|-damage|p2a: Arcanine|35/100|[from] Recoil\n|\n|upkeep\n|turn|5\n|inactive|Time left: 300 sec this turn | 300 sec total\n|\n|t:|1783563406\n|switch|p2a: Bruxish|Bruxish, L85, F|100/100\n|move|p1a: Mew|Psychic|p2a: Bruxish\n|-resisted|p2a: Bruxish\n|-damage|p2a: Bruxish|71/100\n|-damage|p1a: Mew|128/298|[from] item: Life Orb\n|\n|upkeep\n|turn|6\n|inactive|Time left: 300 sec this turn | 300 sec total\n|\n|t:|1783563407\n|move|p1a: Mew|Dark Pulse|p2a: Bruxish\n|-supereffective|p2a: Bruxish\n|-damage|p2a: Bruxish|2/100\n|-damage|p1a: Mew|99/298|[from] item: Life Orb\n|move|p2a: Bruxish|Psychic Fangs|p1a: Mew\n|-resisted|p1a: Mew\n|-damage|p1a: Mew|0 fnt\n|faint|p1a: Mew\n|\n|upkeep\n|inactive|Time left: 300 sec this turn | 300 sec total | 5 sec grace\n|\n|t:|1783563409\n|switch|p1a: Zacian|Zacian-Crowned, L64|225/225\n|-ability|p1a: Zacian|Intrepid Sword|boost\n|-boost|p1a: Zacian|atk|1\n|turn|7\n|inactive|Time left: 300 sec this turn | 300 sec total\n|\n|t:|1783563410\n|switch|p2a: Arcanine|Arcanine, L84, F|35/100\n|-ability|p2a: Arcanine|Intimidate|boost\n|-unboost|p1a: Zacian|atk|1\n|move|p1a: Zacian|Behemoth Blade|p2a: Arcanine\n|-resisted|p2a: Arcanine\n|-damage|p2a: Arcanine|19/100\n|\n|upkeep\n|turn|8\n|inactive|Time left: 300 sec this turn | 300 sec total\n|\n|t:|1783563411\n|move|p1a: Zacian|Close Combat|p2a: Arcanine\n|-damage|p2a: Arcanine|0 fnt\n|-unboost|p1a: Zacian|def|1\n|-unboost|p1a: Zacian|spd|1\n|faint|p2a: Arcanine\n|\n|upkeep\n|\n|t:|1783563411\n|switch|p2a: Porygon2|Porygon2, L81|100/100\n|-ability|p2a: Porygon2|Download|boost\n|-boost|p2a: Porygon2|spa|1\n|turn|9\n|inactive|Time left: 300 sec this turn | 300 sec total\n|\n|t:|1783563412\n|switch|p1a: Wo-Chien|Wo-Chien, L83|277/277\n|-ability|p1a: Wo-Chien|Tablets of Ruin\n|move|p2a: Porygon2|Tera Blast|p1a: Wo-Chien\n|-damage|p1a: Wo-Chien|190/277\n|\n|-heal|p1a: Wo-Chien|207/277|[from] item: Leftovers\n|upkeep\n|turn|10\n|inactive|Time left: 300 sec this turn | 300 sec total\n|\n|t:|1783563413\n|move|p1a: Wo-Chien|Ruination|p2a: Porygon2\n|-damage|p2a: Porygon2|50/100\n|move|p2a: Porygon2|Tera Blast|p1a: Wo-Chien\n|-damage|p1a: Wo-Chien|111/277\n|\n|-heal|p1a: Wo-Chien|128/277|[from] item: Leftovers\n|upkeep\n|turn|11\n|inactive|Time left: 300 sec this turn | 300 sec total\n|\n|t:|1783563414\n|move|p1a: Wo-Chien|Knock Off|p2a: Porygon2\n|-damage|p2a: Porygon2|27/100\n|-enditem|p2a: Porygon2|Eviolite|[from] move: Knock Off|[of] p1a: Wo-Chien\n|move|p2a: Porygon2|Recover|p2a: Porygon2\n|-heal|p2a: Porygon2|77/100\n|\n|-heal|p1a: Wo-Chien|145/277|[from] item: Leftovers\n|upkeep\n|turn|12\n|inactive|Time left: 300 sec this turn | 300 sec total\n|\n|t:|1783563415\n|move|p1a: Wo-Chien|Ruination|p2a: Porygon2|[miss]\n|-miss|p1a: Wo-Chien|p2a: Porygon2\n|move|p2a: Porygon2|Tera Blast|p1a: Wo-Chien\n|-damage|p1a: Wo-Chien|57/277\n|\n|-heal|p1a: Wo-Chien|74/277|[from] item: Leftovers\n|upkeep\n|turn|13\n|inactive|Time left: 300 sec this turn | 300 sec total\n|\n|t:|1783563416\n|move|p1a: Wo-Chien|Ruination|p2a: Porygon2\n|-damage|p2a: Porygon2|39/100\n|move|p2a: Porygon2|Tera Blast|p1a: Wo-Chien\n|-damage|p1a: Wo-Chien|0 fnt\n|faint|p1a: Wo-Chien\n|\n|upkeep\n|inactive|Time left: 300 sec this turn | 300 sec total | 5 sec grace\n|\n|t:|1783563417\n|switch|p1a: Zacian|Zacian-Crowned, L64|225/225\n|turn|14\n|inactive|Time left: 300 sec this turn | 300 sec total\n|\n|t:|1783563418\n|move|p1a: Zacian|Swords Dance|p1a: Zacian\n|-boost|p1a: Zacian|atk|2\n|move|p2a: Porygon2|Recover|p2a: Porygon2\n|-heal|p2a: Porygon2|89/100\n|\n|upkeep\n|turn|15\n|inactive|Time left: 300 sec this turn | 300 sec total\n|\n|t:|1783563420\n|switch|p2a: Bruxish|Bruxish, L85, F|2/100\n|move|p1a: Zacian|Play Rough|p2a: Bruxish\n|-damage|p2a: Bruxish|0 fnt\n|faint|p2a: Bruxish\n|\n|upkeep\n|\n|t:|1783563421\n|switch|p2a: Zebstrika|Zebstrika, L87, M|91/100\n|turn|16\n|inactive|Time left: 300 sec this turn | 300 sec total\n|\n|t:|1783563422\n|-terastallize|p1a: Zacian|Fighting\n|move|p2a: Zebstrika|Supercell Slam|p1a: Zacian\n|-damage|p1a: Zacian|61/225\n|-damage|p2a: Zebstrika|81/100|[from] item: Life Orb\n|move|p1a: Zacian|Close Combat|p2a: Zebstrika\n|-damage|p2a: Zebstrika|0 fnt\n|-unboost|p1a: Zacian|def|1\n|-unboost|p1a: Zacian|spd|1\n|faint|p2a: Zebstrika\n|\n|upkeep\n|\n|t:|1783563423\n|switch|p2a: Houndoom|Houndoom, L87, M|100/100\n|turn|17\n|inactive|Time left: 300 sec this turn | 300 sec total\n|\n|t:|1783563424\n|-terastallize|p2a: Houndoom|Poison\n|move|p1a: Zacian|Close Combat|p2a: Houndoom\n|-resisted|p2a: Houndoom\n|-damage|p2a: Houndoom|43/100\n|-unboost|p1a: Zacian|def|1\n|-unboost|p1a: Zacian|spd|1\n|move|p2a: Houndoom|Sludge Bomb|p1a: Zacian\n|-damage|p1a: Zacian|0 fnt\n|faint|p1a: Zacian\n|\n|upkeep\n|inactive|Time left: 300 sec this turn | 300 sec total | 5 sec grace\n|\n|t:|1783563425\n|switch|p1a: Grafaiai|Grafaiai, L86, F|249/249\n|turn|18\n|inactive|Time left: 300 sec this turn | 300 sec total\n|\n|t:|1783563426\n|move|p1a: Grafaiai|Knock Off|p2a: Houndoom\n|-damage|p2a: Houndoom|2/100\n|-enditem|p2a: Houndoom|Heavy-Duty Boots|[from] move: Knock Off|[of] p1a: Grafaiai\n|move|p2a: Houndoom|Fire Blast|p1a: Grafaiai|[miss]\n|-miss|p2a: Houndoom|p1a: Grafaiai\n|\n|upkeep\n|turn|19\n|inactive|Time left: 300 sec this turn | 300 sec total\n|\n|t:|1783563427\n|move|p1a: Grafaiai|Knock Off|p2a: Houndoom\n|-damage|p2a: Houndoom|0 fnt\n|faint|p2a: Houndoom\n|\n|upkeep\n|\n|t:|1783563428\n|switch|p2a: Keldeo|Keldeo-Resolute, L79|100/100\n|turn|20\n|inactive|Time left: 300 sec this turn | 300 sec total\n|\n|t:|1783563429\n|move|p1a: Grafaiai|Gunk Shot|p2a: Keldeo\n|-damage|p2a: Keldeo|54/100\n|move|p2a: Keldeo|Secret Sword|p1a: Grafaiai\n|-damage|p1a: Grafaiai|129/249\n|\n|-heal|p2a: Keldeo|61/100|[from] item: Leftovers\n|upkeep\n|turn|21\n|inactive|Time left: 300 sec this turn | 300 sec total\n|\n|t:|1783563430\n|move|p1a: Grafaiai|Gunk Shot|p2a: Keldeo\n|-damage|p2a: Keldeo|13/100\n|move|p2a: Keldeo|Secret Sword|p1a: Grafaiai\n|-damage|p1a: Grafaiai|11/249\n|\n|-heal|p2a: Keldeo|20/100|[from] item: Leftovers\n|upkeep\n|turn|22\n|inactive|Time left: 300 sec this turn | 300 sec total\n|\n|t:|1783563431\n|move|p1a: Grafaiai|Gunk Shot|p2a: Keldeo|[miss]\n|-miss|p1a: Grafaiai|p2a: Keldeo\n|move|p2a: Keldeo|Calm Mind|p2a: Keldeo\n|-boost|p2a: Keldeo|spa|1\n|-boost|p2a: Keldeo|spd|1\n|\n|-heal|p2a: Keldeo|26/100|[from] item: Leftovers\n|upkeep\n|turn|23\n|inactive|Time left: 300 sec this turn | 300 sec total\n|\n|t:|1783563432\n|move|p1a: Grafaiai|Gunk Shot|p2a: Keldeo|[miss]\n|-miss|p1a: Grafaiai|p2a: Keldeo\n|move|p2a: Keldeo|Hydro Pump|p1a: Grafaiai\n|-damage|p1a: Grafaiai|0 fnt\n|faint|p1a: Grafaiai\n|\n|-heal|p2a: Keldeo|32/100|[from] item: Leftovers\n|upkeep\n|inactive|Time left: 300 sec this turn | 300 sec total | 5 sec grace\n|\n|t:|1783563433\n|switch|p1a: Hariyama|Hariyama, L87, F|263/392 brn\n|turn|24\n|inactive|Time left: 300 sec this turn | 300 sec total\n|\n|t:|1783563434\n|move|p2a: Keldeo|Hydro Pump|p1a: Hariyama\n|-crit|p1a: Hariyama\n|-damage|p1a: Hariyama|0 fnt\n|faint|p1a: Hariyama\n|\n|-heal|p2a: Keldeo|38/100|[from] item: Leftovers\n|upkeep\n|inactive|Time left: 300 sec this turn | 300 sec total | 5 sec grace\n|\n|t:|1783563435\n|switch|p1a: Luxray|Luxray, L88, F|133/283 brn\n|turn|25\n|inactive|Time left: 300 sec this turn | 300 sec total\n|\n|t:|1783563436\n|move|p2a: Keldeo|Secret Sword|p1a: Luxray\n|-damage|p1a: Luxray|0 fnt\n|faint|p1a: Luxray\n|\n|win|p0y2020b9b8", "uploadtime": 1783563436, "views": 0, "rating": 0, "private": 0, "password": null, "_winner": "p0y2020b9b8", "_our_name": "p0x20203ecb"}