{"id": "battle-gen9randombattle-2502", "formatid": "gen9randombattle", "format": "[Gen 9] Random Battle", "players": ["p0x25025557", "p0y25023b63"], "log": "|init|battle\n|title|p0x25025557 vs. p0y25023b63\n|j|\u2606p0x25025557\n|j|\u2606p0y25023b63\n|t:|1783568021\n|gametype|singles\n|player|p1|p0x25025557|101|\n|player|p2|p0y25023b63|2|\n|gen|9\n|tier|[Gen 9] Random Battle\n|rule|Species Clause: Limit one of each Pok\u00e9mon\n|rule|HP Percentage Mod: HP is shown in percentages\n|rule|Sleep Clause Mod: Limit one foe put to sleep\n|rule|Illusion Level Mod: Illusion disguises the Pok\u00e9mon's true level\n|\n|t:|1783568021\n|teamsize|p1|6\n|teamsize|p2|6\n|start\n|switch|p1a: Swampert|Swampert, L83, M|100/100\n|switch|p2a: Ogerpon|Ogerpon-Cornerstone, L76, F|247/247\n|turn|1\n|inactive|Battle timer is ON: inactive players will automatically lose when time's up. (requested by p0y25023b63)\n|inactive|p0x25025557 also wants the timer to be on.\n|\n|t:|1783568022\n|switch|p1a: Zamazenta|Zamazenta-Crowned, L68|100/100\n|-ability|p1a: Zamazenta|Dauntless Shield|boost\n|-boost|p1a: Zamazenta|def|1\n|move|p2a: Ogerpon|Power Whip|p1a: Zamazenta\n|-resisted|p1a: Zamazenta\n|-damage|p1a: Zamazenta|84/100\n|\n|upkeep\n|turn|2\n|inactive|Time left: 300 sec this turn | 300 sec total\n|\n|t:|1783568023\n|switch|p2a: Spectrier|Spectrier, L75|274/274\n|move|p1a: Zamazenta|Heavy Slam|p2a: Spectrier\n|-damage|p2a: Spectrier|133/274\n|\n|upkeep\n|turn|3\n|inactive|Time left: 300 sec this turn | 300 sec total\n|\n|t:|1783568024\n|move|p2a: Spectrier|Will-O-Wisp|p1a: Zamazenta\n|-status|p1a: Zamazenta|brn\n|move|p1a: Zamazenta|Heavy Slam|p2a: Spectrier\n|-damage|p2a: Spectrier|64/274\n|\n|-damage|p1a: Zamazenta|78/100 brn|[from] brn\n|upkeep\n|turn|4\n|inactive|Time left: 300 sec this turn | 300 sec total\n|\n|t:|1783568025\n|switch|p2a: Meowscarada|Meowscarada, L78, M|247/247\n|move|p1a: Zamazenta|Heavy Slam|p2a: Meowscarada\n|-damage|p2a: Meowscarada|185/247\n|\n|-damage|p1a: Zamazenta|72/100 brn|[from] brn\n|upkeep\n|turn|5\n|inactive|Time left: 300 sec this turn | 300 sec total\n|\n|t:|1783568026\n|move|p2a: Meowscarada|Toxic Spikes|p1a: Zamazenta\n|-start|p2a: Meowscarada|typechange|Poison|[from] ability: Protean\n|-sidestart|p1: p0x25025557|move: Toxic Spikes\n|move|p1a: Zamazenta|Heavy Slam|p2a: Meowscarada\n|-damage|p2a: Meowscarada|124/247\n|\n|-damage|p1a: Zamazenta|66/100 brn|[from] brn\n|upkeep\n|turn|6\n|inactive|Time left: 300 sec this turn | 300 sec total\n|\n|t:|1783568027\n|move|p2a: Meowscarada|Toxic Spikes|p1a: Zamazenta\n|-sidestart|p1: p0x25025557|move: Toxic Spikes\n|move|p1a: Zamazenta|Heavy Slam|p2a: Meowscarada\n|-damage|p2a: Meowscarada|65/247\n|\n|-damage|p1a: Zamazenta|61/100 brn|[from] brn\n|upkeep\n|turn|7\n|inactive|Time left: 300 sec this turn | 300 sec total\n|\n|t:|1783568028\n|move|p2a: Meowscarada|Knock Off|p1a: Zamazenta\n|-resisted|p1a: Zamazenta\n|-damage|p1a: Zamazenta|56/100 brn\n|move|p1a: Zamazenta|Heavy Slam|p2a: Meowscarada\n|-crit|p2a: Meowscarada\n|-damage|p2a: Meowscarada|0 fnt\n|faint|p2a: Meowscarada\n|\n|-damage|p1a: Zamazenta|50/100 brn|[from] brn\n|upkeep\n|inactive|Time left: 300 sec this turn | 300 sec total | 5 sec grace\n|\n|t:|1783568029\n|switch|p2a: Sneasler|Sneasler, L74, M|240/240\n|turn|8\n|inactive|Time left: 300 sec this turn | 300 sec total\n|\n|t:|1783568030\n|move|p2a: Sneasler|Swords Dance|p2a: Sneasler\n|-boost|p2a: Sneasler|atk|2\n|move|p1a: Zamazenta|Heavy Slam|p2a: Sneasler\n|-damage|p2a: Sneasler|169/240\n|\n|-damage|p1a: Zamazenta|44/100 brn|[from] brn\n|upkeep\n|turn|9\n|inactive|Time left: 300 sec this turn | 300 sec total\n|\n|t:|1783568031\n|move|p2a: Sneasler|Close Combat|p1a: Zamazenta\n|-supereffective|p1a: Zamazenta\n|-damage|p1a: Zamazenta|0 fnt\n|-unboost|p2a: Sneasler|def|1\n|-unboost|p2a: Sneasler|spd|1\n|faint|p1a: Zamazenta\n|-enditem|p2a: Sneasler|White Herb\n|-clearnegativeboost|p2a: Sneasler|[silent]\n|\n|upkeep\n|\n|t:|1783568032\n|switch|p1a: Samurott|Samurott, L88, M|100/100\n|-status|p1a: Samurott|tox\n|turn|10\n|inactive|Time left: 300 sec this turn | 300 sec total\n|\n|t:|1783568033\n|move|p2a: Sneasler|Acrobatics|p1a: Samurott\n|-damage|p1a: Samurott|49/100 tox\n|move|p1a: Samurott|Hydro Pump|p2a: Sneasler|[miss]\n|-miss|p1a: Samurott|p2a: Sneasler\n|\n|-damage|p1a: Samurott|43/100 tox|[from] psn\n|upkeep\n|turn|11\n|inactive|Time left: 300 sec this turn | 300 sec total\n|\n|t:|1783568033\n|move|p2a: Sneasler|Acrobatics|p1a: Samurott\n|-damage|p1a: Samurott|0 fnt\n|faint|p1a: Samurott\n|\n|upkeep\n|\n|t:|1783568034\n|switch|p1a: Swampert|Swampert, L83, M|100/100\n|-status|p1a: Swampert|tox\n|turn|12\n|inactive|Time left: 300 sec this turn | 300 sec total\n|\n|t:|1783568035\n|-terastallize|p2a: Sneasler|Flying\n|move|p2a: Sneasler|Acrobatics|p1a: Swampert\n|-damage|p1a: Swampert|19/100 tox\n|move|p1a: Swampert|Earthquake|p2a: Sneasler\n|-immune|p2a: Sneasler\n|\n|-heal|p1a: Swampert|25/100 tox|[from] item: Leftovers\n|-damage|p1a: Swampert|19/100 tox|[from] psn\n|upkeep\n|turn|13\n|inactive|Time left: 300 sec this turn | 300 sec total\n|\n|t:|1783568036\n|move|p2a: Sneasler|Acrobatics|p1a: Swampert\n|-damage|p1a: Swampert|0 fnt\n|faint|p1a: Swampert\n|\n|upkeep\n|\n|t:|1783568037\n|switch|p1a: Probopass|Probopass, L91, F|100/100\n|turn|14\n|inactive|Time left: 300 sec this turn | 300 sec total\n|\n|t:|1783568037\n|-terastallize|p1a: Probopass|Fighting\n|move|p2a: Sneasler|Close Combat|p1a: Probopass\n|-damage|p1a: Probopass|38/100\n|-unboost|p2a: Sneasler|def|1\n|-unboost|p2a: Sneasler|spd|1\n|move|p1a: Probopass|Power Gem|p2a: Sneasler\n|-supereffective|p2a: Sneasler\n|-damage|p2a: Sneasler|0 fnt\n|faint|p2a: Sneasler\n|\n|-heal|p1a: Probopass|44/100|[from] item: Leftovers\n|upkeep\n|inactive|Time left: 300 sec this turn | 300 sec total | 5 sec grace\n|\n|t:|1783568038\n|switch|p2a: Munkidori|Munkidori, L79, M|269/269\n|turn|15\n|inactive|Time left: 300 sec this turn | 300 sec total\n|\n|t:|1783568039\n|move|p2a: Munkidori|Psychic Noise|p1a: Probopass\n|-supereffective|p1a: Probopass\n|-crit|p1a: Probopass\n|-damage|p1a: Probopass|0 fnt\n|faint|p1a: Probopass\n|\n|upkeep\n|\n|t:|1783568040\n|switch|p1a: Hariyama|Hariyama, L87, F|100/100\n|-status|p1a: Hariyama|tox\n|turn|16\n|inactive|Time left: 300 sec this turn | 300 sec total\n|\n|t:|1783568041\n|move|p2a: Munkidori|Psychic Noise|p1a: Hariyama\n|-supereffective|p1a: Hariyama\n|-damage|p1a: Hariyama|60/100 tox\n|-start|p1a: Hariyama|move: Heal Block\n|move|p1a: Hariyama|Heavy Slam|p2a: Munkidori\n|-damage|p2a: Munkidori|129/269\n|\n|-damage|p1a: Hariyama|54/100 tox|[from] psn\n|upkeep\n|turn|17\n|inactive|Time left: 300 sec this turn | 300 sec total\n|\n|t:|1783568042\n|move|p2a: Munkidori|Psychic Noise|p1a: Hariyama\n|-supereffective|p1a: Hariyama\n|-crit|p1a: Hariyama\n|-damage|p1a: Hariyama|0 fnt\n|faint|p1a: Hariyama\n|\n|upkeep\n|\n|t:|1783568043\n|switch|p1a: Zacian|Zacian, L69|100/100\n|-status|p1a: Zacian|tox\n|-ability|p1a: Zacian|Intrepid Sword|boost\n|-boost|p1a: Zacian|atk|1\n|turn|18\n|inactive|Time left: 300 sec this turn | 300 sec total\n|\n|t:|1783568044\n|move|p1a: Zacian|Crunch|p2a: Munkidori\n|-supereffective|p2a: Munkidori\n|-damage|p2a: Munkidori|0 fnt\n|faint|p2a: Munkidori\n|-damage|p1a: Zacian|91/100 tox|[from] item: Life Orb\n|\n|-damage|p1a: Zacian|84/100 tox|[from] psn\n|upkeep\n|inactive|Time left: 300 sec this turn | 300 sec total | 5 sec grace\n|\n|t:|1783568045\n|switch|p2a: Ogerpon|Ogerpon-Cornerstone, L76, F|247/247\n|turn|19\n|inactive|Time left: 300 sec this turn | 300 sec total\n|\n|t:|1783568046\n|move|p1a: Zacian|Swords Dance|p1a: Zacian\n|-boost|p1a: Zacian|atk|2\n|move|p2a: Ogerpon|Ivy Cudgel|p1a: Zacian|[anim] Ivy Cudgel Rock\n|-damage|p1a: Zacian|37/100 tox\n|\n|-damage|p1a: Zacian|25/100 tox|[from] psn\n|upkeep\n|turn|20\n|inactive|Time left: 300 sec this turn | 300 sec total\n|\n|t:|1783568047\n|move|p1a: Zacian|Play Rough|p2a: Ogerpon\n|-ability|p2a: Ogerpon|Sturdy\n|-damage|p2a: Ogerpon|1/247\n|-damage|p1a: Zacian|15/100 tox|[from] item: Life Orb\n|move|p2a: Ogerpon|Ivy Cudgel|p1a: Zacian|[anim] Ivy Cudgel Rock\n|-damage|p1a: Zacian|0 fnt\n|faint|p1a: Zacian\n|\n|win|p0y25023b63", "uploadtime": 1783568047, "views": 0, "rating": 0, "private": 0, "password": null, "_winner": "p0y25023b63", "_our_name": "p0y25023b63"}