{"id": "battle-gen9randombattle-27", "formatid": "gen9randombattle", "format": "[Gen 9] Random Battle", "players": ["p0x027b10e", "p0y027e95d"], "log": "|init|battle\n|title|p0x027b10e vs. p0y027e95d\n|j|\u2606p0x027b10e\n|j|\u2606p0y027e95d\n|t:|1783533561\n|gametype|singles\n|player|p1|p0x027b10e|266|\n|player|p2|p0y027e95d|2|\n|gen|9\n|tier|[Gen 9] Random Battle\n|rule|Species Clause: Limit one of each Pok\u00e9mon\n|rule|HP Percentage Mod: HP is shown in percentages\n|rule|Sleep Clause Mod: Limit one foe put to sleep\n|rule|Illusion Level Mod: Illusion disguises the Pok\u00e9mon's true level\n|\n|t:|1783533561\n|teamsize|p1|6\n|teamsize|p2|6\n|start\n|switch|p1a: Wugtrio|Wugtrio, L91, F|100/100\n|switch|p2a: Haxorus|Haxorus, L77, M|244/244\n|-ability|p2a: Haxorus|Mold Breaker\n|turn|1\n|inactive|Battle timer is ON: inactive players will automatically lose when time's up. (requested by p0y027e95d)\n|inactive|p0x027b10e also wants the timer to be on.\n|\n|t:|1783533562\n|move|p1a: Wugtrio|Throat Chop|p2a: Haxorus\n|-damage|p2a: Haxorus|143/244\n|-start|p2a: Haxorus|Throat Chop|[silent]\n|move|p2a: Haxorus|Scale Shot|p1a: Wugtrio\n|-damage|p1a: Wugtrio|81/100\n|-damage|p1a: Wugtrio|62/100\n|-damage|p1a: Wugtrio|40/100\n|-damage|p1a: Wugtrio|20/100\n|-damage|p1a: Wugtrio|0 fnt\n|faint|p1a: Wugtrio\n|-hitcount|p1: Wugtrio|5\n|-unboost|p2a: Haxorus|def|1\n|-boost|p2a: Haxorus|spe|1\n|\n|upkeep\n|\n|t:|1783533563\n|switch|p1a: Mudsdale|Mudsdale, L83, F|100/100\n|turn|2\n|inactive|Time left: 300 sec this turn | 300 sec total\n|\n|t:|1783533564\n|switch|p2a: Serperior|Serperior, L79, F|248/248\n|move|p1a: Mudsdale|Earthquake|p2a: Serperior\n|-resisted|p2a: Serperior\n|-damage|p2a: Serperior|188/248\n|\n|upkeep\n|turn|3\n|inactive|Time left: 300 sec this turn | 300 sec total\n|\n|t:|1783533565\n|move|p2a: Serperior|Leaf Storm|p1a: Mudsdale\n|-supereffective|p1a: Mudsdale\n|-damage|p1a: Mudsdale|15/100\n|-boost|p2a: Serperior|spa|2\n|-ability|p1a: Mudsdale|Stamina|boost\n|-boost|p1a: Mudsdale|def|1\n|-damage|p2a: Serperior|164/248|[from] item: Life Orb\n|move|p1a: Mudsdale|Heavy Slam|p2a: Serperior\n|-damage|p2a: Serperior|68/248\n|\n|-heal|p1a: Mudsdale|21/100|[from] item: Leftovers\n|upkeep\n|turn|4\n|inactive|Time left: 300 sec this turn | 300 sec total\n|\n|t:|1783533566\n|move|p2a: Serperior|Leaf Storm|p1a: Mudsdale\n|-supereffective|p1a: Mudsdale\n|-damage|p1a: Mudsdale|0 fnt\n|-boost|p2a: Serperior|spa|2\n|faint|p1a: Mudsdale\n|-damage|p2a: Serperior|44/248|[from] item: Life Orb\n|\n|upkeep\n|\n|t:|1783533567\n|switch|p1a: Cyclizar|Cyclizar, L84, F|100/100\n|turn|5\n|inactive|Time left: 300 sec this turn | 300 sec total\n|\n|t:|1783533568\n|switch|p2a: Terrakion|Terrakion, L79|273/273\n|move|p1a: Cyclizar|Rapid Spin|p2a: Terrakion\n|-resisted|p2a: Terrakion\n|-damage|p2a: Terrakion|248/273\n|-boost|p1a: Cyclizar|spe|1\n|\n|upkeep\n|turn|6\n|inactive|Time left: 300 sec this turn | 300 sec total\n|\n|t:|1783533569\n|move|p1a: Cyclizar|Shed Tail|p1a: Cyclizar\n|-start|p1a: Cyclizar|Substitute|[from] move: Shed Tail\n|-damage|p1a: Cyclizar|50/100\n|\n|t:|1783533570\n|switch|p1a: Giratina|Giratina-Origin, L72|100/100|[from] Shed Tail\n|move|p2a: Terrakion|Close Combat|p1a: Giratina\n|-immune|p1a: Giratina\n|\n|upkeep\n|turn|7\n|inactive|Time left: 300 sec this turn | 300 sec total\n|\n|t:|1783533572\n|switch|p2a: Blissey|Blissey, L85, F|572/572\n|move|p1a: Giratina|Poltergeist|p2a: Blissey\n|-immune|p2a: Blissey\n|\n|upkeep\n|turn|8\n|inactive|Time left: 300 sec this turn | 300 sec total\n|\n|t:|1783533573\n|move|p2a: Blissey|Heal Bell||[still]\n|-activate|p2a: Blissey|move: Heal Bell\n|-fail|p2a: Blissey\n|move|p1a: Giratina|Dragon Tail|p2a: Blissey\n|-damage|p2a: Blissey|379/572\n|drag|p2a: Terrakion|Terrakion, L79|248/273\n|\n|upkeep\n|turn|9\n|inactive|Time left: 300 sec this turn | 300 sec total\n|\n|t:|1783533574\n|switch|p2a: Blissey|Blissey, L85, F|379/572\n|move|p1a: Giratina|Poltergeist|p2a: Blissey\n|-immune|p2a: Blissey\n|\n|-heal|p2a: Blissey|414/572|[from] item: Leftovers\n|upkeep\n|turn|10\n|inactive|Time left: 300 sec this turn | 300 sec total\n|\n|t:|1783533575\n|move|p2a: Blissey|Soft-Boiled|p2a: Blissey\n|-heal|p2a: Blissey|572/572\n|move|p1a: Giratina|Dragon Tail|p2a: Blissey\n|-damage|p2a: Blissey|383/572\n|drag|p2a: Lapras|Lapras, L87, F|368/368\n|\n|upkeep\n|turn|11\n|inactive|Time left: 300 sec this turn | 300 sec total\n|\n|t:|1783533576\n|move|p1a: Giratina|Poltergeist|p2a: Lapras\n|-activate|p2a: Lapras|move: Poltergeist|Heavy-Duty Boots\n|-damage|p2a: Lapras|239/368\n|move|p2a: Lapras|Freeze-Dry|p1a: Giratina\n|-supereffective|p1a: Giratina\n|-end|p1a: Giratina|Substitute\n|\n|upkeep\n|turn|12\n|inactive|Time left: 300 sec this turn | 300 sec total\n|\n|t:|1783533577\n|switch|p1a: Magnezone|Magnezone, L85|100/100\n|move|p2a: Lapras|Freeze-Dry|p1a: Magnezone\n|-resisted|p1a: Magnezone\n|-damage|p1a: Magnezone|87/100\n|\n|-heal|p1a: Magnezone|93/100|[from] item: Leftovers\n|upkeep\n|turn|13\n|inactive|Time left: 300 sec this turn | 300 sec total\n|\n|t:|1783533578\n|switch|p2a: Sandy Shocks|Sandy Shocks, L80|267/267\n|move|p1a: Magnezone|Discharge|p2a: Sandy Shocks\n|-immune|p2a: Sandy Shocks\n|\n|-heal|p1a: Magnezone|99/100|[from] item: Leftovers\n|upkeep\n|turn|14\n|inactive|Time left: 300 sec this turn | 300 sec total\n|\n|t:|1783533579\n|switch|p1a: Giratina|Giratina-Origin, L72|100/100\n|move|p2a: Sandy Shocks|Earth Power|p1a: Giratina\n|-immune|p1a: Giratina|[from] ability: Levitate\n|\n|upkeep\n|turn|15\n|inactive|Time left: 300 sec this turn | 300 sec total\n|\n|t:|1783533580\n|-end|p2a: Sandy Shocks|Protosynthesis|[silent]\n|switch|p2a: Blissey|Blissey, L85, F|383/572\n|move|p1a: Giratina|Poltergeist|p2a: Blissey\n|-immune|p2a: Blissey\n|\n|-heal|p2a: Blissey|418/572|[from] item: Leftovers\n|upkeep\n|turn|16\n|inactive|Time left: 300 sec this turn | 300 sec total\n|\n|t:|1783533581\n|move|p2a: Blissey|Soft-Boiled|p2a: Blissey\n|-heal|p2a: Blissey|572/572\n|move|p1a: Giratina|Dragon Tail|p2a: Blissey\n|-damage|p2a: Blissey|373/572\n|drag|p2a: Haxorus|Haxorus, L77, M|143/244\n|-ability|p2a: Haxorus|Mold Breaker\n|\n|upkeep\n|turn|17\n|inactive|Time left: 300 sec this turn | 300 sec total\n|\n|t:|1783533582\n|move|p2a: Haxorus|Scale Shot|p1a: Giratina\n|-supereffective|p1a: Giratina\n|-damage|p1a: Giratina|80/100\n|-supereffective|p1a: Giratina\n|-damage|p1a: Giratina|59/100\n|-supereffective|p1a: Giratina\n|-damage|p1a: Giratina|38/100\n|-supereffective|p1a: Giratina\n|-damage|p1a: Giratina|17/100\n|-hitcount|p1a: Giratina|4\n|-unboost|p2a: Haxorus|def|1\n|-boost|p2a: Haxorus|spe|1\n|move|p1a: Giratina|Dragon Tail|p2a: Haxorus|[miss]\n|-miss|p1a: Giratina|p2a: Haxorus\n|\n|upkeep\n|turn|18\n|inactive|Time left: 300 sec this turn | 300 sec total\n|\n|t:|1783533584\n|move|p1a: Giratina|Shadow Sneak|p2a: Haxorus\n|-damage|p2a: Haxorus|76/244\n|move|p2a: Haxorus|Scale Shot|p1a: Giratina\n|-supereffective|p1a: Giratina\n|-damage|p1a: Giratina|0 fnt\n|faint|p1a: Giratina\n|-hitcount|p1: Giratina|1\n|-unboost|p2a: Haxorus|def|1\n|-boost|p2a: Haxorus|spe|1\n|\n|upkeep\n|\n|t:|1783533585\n|switch|p1a: Jirachi|Jirachi, L80|100/100\n|turn|19\n|inactive|Time left: 300 sec this turn | 300 sec total\n|\n|t:|1783533586\n|switch|p2a: Sandy Shocks|Sandy Shocks, L80|267/267\n|move|p1a: Jirachi|Drain Punch|p2a: Sandy Shocks\n|-damage|p2a: Sandy Shocks|222/267\n|\n|upkeep\n|turn|20\n|inactive|Time left: 300 sec this turn | 300 sec total\n|\n|t:|1783533587\n|move|p2a: Sandy Shocks|Earth Power|p1a: Jirachi\n|-supereffective|p1a: Jirachi\n|-damage|p1a: Jirachi|50/100\n|move|p1a: Jirachi|Iron Head|p2a: Sandy Shocks\n|-resisted|p2a: Sandy Shocks\n|-damage|p2a: Sandy Shocks|183/267\n|\n|upkeep\n|turn|21\n|inactive|Time left: 300 sec this turn | 300 sec total\n|\n|t:|1783533588\n|-terastallize|p1a: Jirachi|Fighting\n|move|p2a: Sandy Shocks|Earth Power|p1a: Jirachi\n|-damage|p1a: Jirachi|27/100\n|move|p1a: Jirachi|Drain Punch|p2a: Sandy Shocks\n|-damage|p2a: Sandy Shocks|107/267\n|-heal|p1a: Jirachi|40/100|[from] drain|[of] p2a: Sandy Shocks\n|\n|upkeep\n|turn|22\n|inactive|Time left: 300 sec this turn | 300 sec total\n|\n|t:|1783533589\n|move|p2a: Sandy Shocks|Thunderbolt|p1a: Jirachi\n|-damage|p1a: Jirachi|16/100\n|move|p1a: Jirachi|Drain Punch|p2a: Sandy Shocks\n|-damage|p2a: Sandy Shocks|35/267\n|-heal|p1a: Jirachi|28/100|[from] drain|[of] p2a: Sandy Shocks\n|\n|upkeep\n|turn|23\n|inactive|Time left: 300 sec this turn | 300 sec total\n|\n|t:|1783533591\n|-terastallize|p2a: Sandy Shocks|Electric\n|move|p2a: Sandy Shocks|Thunderbolt|p1a: Jirachi\n|-damage|p1a: Jirachi|0 fnt\n|faint|p1a: Jirachi\n|\n|upkeep\n|\n|t:|1783533592\n|switch|p1a: Cyclizar|Cyclizar, L84, F|84/100\n|turn|24\n|inactive|Time left: 300 sec this turn | 300 sec total\n|\n|t:|1783533593\n|-end|p2a: Sandy Shocks|Protosynthesis|[silent]\n|switch|p2a: Terrakion|Terrakion, L79|248/273\n|move|p1a: Cyclizar|Rapid Spin|p2a: Terrakion\n|-resisted|p2a: Terrakion\n|-damage|p2a: Terrakion|222/273\n|-boost|p1a: Cyclizar|spe|1\n|\n|upkeep\n|turn|25\n|inactive|Time left: 300 sec this turn | 300 sec total\n|\n|t:|1783533594\n|move|p1a: Cyclizar|Shed Tail|p1a: Cyclizar\n|-start|p1a: Cyclizar|Substitute|[from] move: Shed Tail\n|-damage|p1a: Cyclizar|33/100\n|\n|t:|1783533595\n|switch|p1a: Magnezone|Magnezone, L85|99/100|[from] Shed Tail\n|move|p2a: Terrakion|Close Combat|p1a: Magnezone\n|-supereffective|p1a: Magnezone\n|-end|p1a: Magnezone|Substitute\n|-unboost|p2a: Terrakion|def|1\n|-unboost|p2a: Terrakion|spd|1\n|-damage|p2a: Terrakion|195/273|[from] item: Life Orb\n|\n|-heal|p1a: Magnezone|100/100|[from] item: Leftovers\n|upkeep\n|turn|26\n|inactive|Time left: 300 sec this turn | 300 sec total\n|\n|t:|1783533596\n|switch|p1a: Cyclizar|Cyclizar, L84, F|67/100\n|move|p2a: Terrakion|Close Combat|p1a: Cyclizar\n|-supereffective|p1a: Cyclizar\n|-crit|p1a: Cyclizar\n|-damage|p1a: Cyclizar|0 fnt\n|-unboost|p2a: Terrakion|def|1\n|-unboost|p2a: Terrakion|spd|1\n|faint|p1a: Cyclizar\n|-damage|p2a: Terrakion|168/273|[from] item: Life Orb\n|\n|upkeep\n|\n|t:|1783533596\n|switch|p1a: Magnezone|Magnezone, L85|100/100\n|turn|27\n|inactive|Time left: 300 sec this turn | 300 sec total\n|\n|t:|1783533597\n|move|p2a: Terrakion|Earthquake|p1a: Magnezone\n|-supereffective|p1a: Magnezone\n|-damage|p1a: Magnezone|0 fnt\n|faint|p1a: Magnezone\n|-damage|p2a: Terrakion|141/273|[from] item: Life Orb\n|\n|win|p0y027e95d", "uploadtime": 1783533597, "views": 0, "rating": 0, "private": 0, "password": null, "_winner": "p0y027e95d", "_our_name": "p0y027e95d"}