{"id": "battle-gen9randombattle-1638", "formatid": "gen9randombattle", "format": "[Gen 9] Random Battle", "players": ["p0x1638bfc8", "p0y16383d5f"], "log": "|init|battle\n|title|p0x1638bfc8 vs. p0y16383d5f\n|j|\u2606p0x1638bfc8\n|j|\u2606p0y16383d5f\n|t:|1783558940\n|gametype|singles\n|player|p1|p0x1638bfc8|169|\n|player|p2|p0y16383d5f|102|\n|gen|9\n|tier|[Gen 9] Random Battle\n|rule|Species Clause: Limit one of each Pok\u00e9mon\n|rule|HP Percentage Mod: HP is shown in percentages\n|rule|Sleep Clause Mod: Limit one foe put to sleep\n|rule|Illusion Level Mod: Illusion disguises the Pok\u00e9mon's true level\n|\n|t:|1783558940\n|teamsize|p1|6\n|teamsize|p2|6\n|start\n|switch|p1a: Dipplin|Dipplin, L88, M|284/284\n|switch|p2a: Seviper|Seviper, L93, F|100/100\n|turn|1\n|inactive|Battle timer is ON: inactive players will automatically lose when time's up. (requested by p0y16383d5f)\n|inactive|Time left: 300 sec this turn | 300 sec total | 60 sec grace\n|inactive|p0x1638bfc8 also wants the timer to be on.\n|\n|t:|1783558942\n|switch|p1a: Heracross|Heracross, L80, F|259/259\n|move|p2a: Seviper|Gunk Shot|p1a: Heracross|[miss]\n|-miss|p2a: Seviper|p1a: Heracross\n|\n|-status|p1a: Heracross|brn|[from] item: Flame Orb\n|upkeep\n|turn|2\n|inactive|Time left: 300 sec this turn | 300 sec total\n|\n|t:|1783558943\n|move|p1a: Heracross|Facade|p2a: Seviper\n|-damage|p2a: Seviper|28/100\n|move|p2a: Seviper|Gunk Shot|p1a: Heracross\n|-damage|p1a: Heracross|69/259 brn\n|\n|-heal|p2a: Seviper|34/100|[from] item: Leftovers\n|-damage|p1a: Heracross|53/259 brn|[from] brn\n|upkeep\n|turn|3\n|inactive|Time left: 300 sec this turn | 300 sec total\n|\n|t:|1783558945\n|switch|p2a: Tropius|Tropius, L91, F|100/100\n|move|p1a: Heracross|Facade|p2a: Tropius\n|-damage|p2a: Tropius|50/100\n|-enditem|p2a: Tropius|Sitrus Berry|[eat]\n|-heal|p2a: Tropius|75/100|[from] item: Sitrus Berry\n|\n|-damage|p1a: Heracross|37/259 brn|[from] brn\n|-item|p2a: Tropius|Sitrus Berry|[from] ability: Harvest\n|upkeep\n|turn|4\n|inactive|Time left: 300 sec this turn | 300 sec total\n|\n|t:|1783558946\n|switch|p1a: Rhyperior|Rhyperior, L82, M|323/323\n|move|p2a: Tropius|Leech Seed|p1a: Rhyperior\n|-start|p1a: Rhyperior|move: Leech Seed\n|\n|-damage|p1a: Rhyperior|283/323|[from] Leech Seed|[of] p2a: Tropius\n|-heal|p2a: Tropius|87/100|[silent]\n|upkeep\n|turn|5\n|inactive|Time left: 300 sec this turn | 300 sec total\n|\n|t:|1783558947\n|switch|p1a: Dipplin|Dipplin, L88, M|284/284\n|move|p2a: Tropius|Protect||[still]\n|-fail|p2a: Tropius\n|\n|upkeep\n|turn|6\n|inactive|Time left: 300 sec this turn | 300 sec total\n|\n|t:|1783558948\n|move|p2a: Tropius|Leech Seed|p1a: Dipplin\n|-immune|p1a: Dipplin\n|move|p1a: Dipplin|Dragon Pulse|p2a: Tropius\n|-damage|p2a: Tropius|61/100\n|\n|upkeep\n|turn|7\n|inactive|Time left: 300 sec this turn | 300 sec total\n|\n|t:|1783558949\n|move|p2a: Tropius|Air Slash|p1a: Dipplin\n|-supereffective|p1a: Dipplin\n|-damage|p1a: Dipplin|182/284\n|move|p1a: Dipplin|Dragon Pulse|p2a: Tropius\n|-damage|p2a: Tropius|33/100\n|-enditem|p2a: Tropius|Sitrus Berry|[eat]\n|-heal|p2a: Tropius|58/100|[from] item: Sitrus Berry\n|\n|upkeep\n|turn|8\n|inactive|Time left: 300 sec this turn | 300 sec total\n|\n|t:|1783558950\n|move|p2a: Tropius|Air Slash|p1a: Dipplin\n|-supereffective|p1a: Dipplin\n|-damage|p1a: Dipplin|80/284\n|cant|p1a: Dipplin|flinch\n|\n|upkeep\n|turn|9\n|inactive|Time left: 300 sec this turn | 300 sec total\n|\n|t:|1783558951\n|switch|p1a: Diancie|Diancie, L82|216/216\n|move|p2a: Tropius|Air Slash|p1a: Diancie|[miss]\n|-miss|p2a: Tropius|p1a: Diancie\n|\n|-item|p2a: Tropius|Sitrus Berry|[from] ability: Harvest\n|upkeep\n|turn|10\n|inactive|Time left: 300 sec this turn | 300 sec total\n|\n|t:|1783558952\n|move|p2a: Tropius|Leech Seed|p1a: Diancie\n|-start|p1a: Diancie|move: Leech Seed\n|move|p1a: Diancie|Diamond Storm|p2a: Tropius\n|-supereffective|p2a: Tropius\n|-damage|p2a: Tropius|0 fnt\n|faint|p2a: Tropius\n|\n|upkeep\n|\n|t:|1783558953\n|switch|p2a: Duraludon|Duraludon, L82, M|100/100\n|turn|11\n|inactive|Time left: 300 sec this turn | 300 sec total\n|\n|t:|1783558953\n|switch|p1a: Rhyperior|Rhyperior, L82, M|283/323\n|move|p2a: Duraludon|Flash Cannon|p1a: Rhyperior\n|-supereffective|p1a: Rhyperior\n|-damage|p1a: Rhyperior|97/323\n|-enditem|p1a: Rhyperior|Weakness Policy\n|-boost|p1a: Rhyperior|atk|2|[from] item: Weakness Policy\n|-boost|p1a: Rhyperior|spa|2|[from] item: Weakness Policy\n|\n|upkeep\n|turn|12\n|inactive|Time left: 300 sec this turn | 300 sec total\n|\n|t:|1783558954\n|move|p2a: Duraludon|Flash Cannon|p1a: Rhyperior\n|-supereffective|p1a: Rhyperior\n|-damage|p1a: Rhyperior|0 fnt\n|faint|p1a: Rhyperior\n|\n|upkeep\n|inactive|Time left: 300 sec this turn | 300 sec total | 5 sec grace\n|\n|t:|1783558955\n|switch|p1a: Glaceon|Glaceon, L94, M|275/275\n|turn|13\n|inactive|Time left: 300 sec this turn | 300 sec total\n|\n|t:|1783558956\n|move|p2a: Duraludon|Flash Cannon|p1a: Glaceon\n|-supereffective|p1a: Glaceon\n|-damage|p1a: Glaceon|99/275\n|move|p1a: Glaceon|Freeze-Dry|p2a: Duraludon\n|-damage|p2a: Duraludon|54/100\n|\n|upkeep\n|turn|14\n|inactive|Time left: 300 sec this turn | 300 sec total\n|\n|t:|1783558957\n|move|p1a: Glaceon|Protect|p1a: Glaceon\n|-singleturn|p1a: Glaceon|Protect\n|move|p2a: Duraludon|Flash Cannon|p1a: Glaceon\n|-activate|p1a: Glaceon|move: Protect\n|\n|upkeep\n|turn|15\n|inactive|Time left: 300 sec this turn | 300 sec total\n|\n|t:|1783558958\n|switch|p1a: Dipplin|Dipplin, L88, M|80/284\n|move|p2a: Duraludon|Flash Cannon|p1a: Dipplin\n|-damage|p1a: Dipplin|17/284\n|\n|upkeep\n|turn|16\n|inactive|Time left: 300 sec this turn | 300 sec total\n|\n|t:|1783558959\n|move|p2a: Duraludon|Flash Cannon|p1a: Dipplin\n|-damage|p1a: Dipplin|0 fnt\n|faint|p1a: Dipplin\n|\n|upkeep\n|inactive|Time left: 300 sec this turn | 300 sec total | 5 sec grace\n|\n|t:|1783558960\n|switch|p1a: Scyther|Scyther, L82, M|249/249\n|turn|17\n|inactive|Time left: 300 sec this turn | 300 sec total\n|\n|t:|1783558961\n|move|p1a: Scyther|Swords Dance|p1a: Scyther\n|-boost|p1a: Scyther|atk|2\n|move|p2a: Duraludon|Dragon Tail|p1a: Scyther\n|-damage|p1a: Scyther|182/249\n|drag|p1a: Diancie|Diancie, L82|216/216\n|\n|upkeep\n|turn|18\n|inactive|Time left: 300 sec this turn | 300 sec total\n|\n|t:|1783558963\n|-terastallize|p1a: Diancie|Fighting\n|move|p2a: Duraludon|Flash Cannon|p1a: Diancie\n|-damage|p1a: Diancie|147/216\n|move|p1a: Diancie|Body Press|p2a: Duraludon\n|-supereffective|p2a: Duraludon\n|-damage|p2a: Duraludon|6/100\n|\n|-heal|p1a: Diancie|160/216|[from] item: Leftovers\n|upkeep\n|turn|19\n|inactive|Time left: 300 sec this turn | 300 sec total\n|\n|t:|1783558964\n|move|p2a: Duraludon|Draco Meteor|p1a: Diancie\n|-damage|p1a: Diancie|48/216\n|-unboost|p2a: Duraludon|spa|2\n|move|p1a: Diancie|Diamond Storm|p2a: Duraludon\n|-resisted|p2a: Duraludon\n|-damage|p2a: Duraludon|0 fnt\n|faint|p2a: Duraludon\n|\n|-heal|p1a: Diancie|61/216|[from] item: Leftovers\n|upkeep\n|\n|t:|1783558965\n|switch|p2a: Iron Moth|Iron Moth, L78|100/100\n|turn|20\n|inactive|Time left: 300 sec this turn | 300 sec total\n|\n|t:|1783558966\n|move|p2a: Iron Moth|Sludge Wave|p1a: Diancie\n|-damage|p1a: Diancie|0 fnt\n|faint|p1a: Diancie\n|\n|upkeep\n|inactive|Time left: 300 sec this turn | 300 sec total | 5 sec grace\n|\n|t:|1783558967\n|switch|p1a: Glaceon|Glaceon, L94, M|99/275\n|turn|21\n|inactive|Time left: 300 sec this turn | 300 sec total\n|\n|t:|1783558968\n|move|p1a: Glaceon|Protect|p1a: Glaceon\n|-singleturn|p1a: Glaceon|Protect\n|move|p2a: Iron Moth|Fire Blast|p1a: Glaceon\n|-activate|p1a: Glaceon|move: Protect\n|\n|upkeep\n|turn|22\n|inactive|Time left: 300 sec this turn | 300 sec total\n|\n|t:|1783558969\n|move|p2a: Iron Moth|Fire Blast|p1a: Glaceon\n|-supereffective|p1a: Glaceon\n|-damage|p1a: Glaceon|0 fnt\n|faint|p1a: Glaceon\n|\n|upkeep\n|inactive|Time left: 300 sec this turn | 300 sec total | 5 sec grace\n|\n|t:|1783558970\n|switch|p1a: Heracross|Heracross, L80, F|37/259 brn\n|turn|23\n|inactive|Time left: 300 sec this turn | 300 sec total\n|\n|t:|1783558971\n|move|p2a: Iron Moth|Sludge Wave|p1a: Heracross\n|-damage|p1a: Heracross|0 fnt\n|faint|p1a: Heracross\n|\n|upkeep\n|inactive|Time left: 300 sec this turn | 300 sec total | 5 sec grace\n|\n|t:|1783558972\n|switch|p1a: Scyther|Scyther, L82, M|182/249\n|turn|24\n|inactive|Time left: 300 sec this turn | 300 sec total\n|\n|t:|1783558973\n|move|p1a: Scyther|Dual Wingbeat|p2a: Iron Moth\n|-damage|p2a: Iron Moth|63/100\n|-damage|p2a: Iron Moth|29/100\n|-hitcount|p2a: Iron Moth|2\n|move|p2a: Iron Moth|Fire Blast|p1a: Scyther|[miss]\n|-miss|p2a: Iron Moth|p1a: Scyther\n|\n|upkeep\n|turn|25\n|inactive|Time left: 300 sec this turn | 300 sec total\n|\n|t:|1783558974\n|move|p1a: Scyther|Swords Dance|p1a: Scyther\n|-boost|p1a: Scyther|atk|2\n|move|p2a: Iron Moth|Fire Blast|p1a: Scyther\n|-supereffective|p1a: Scyther\n|-damage|p1a: Scyther|0 fnt\n|faint|p1a: Scyther\n|\n|win|p0y16383d5f", "uploadtime": 1783558974, "views": 0, "rating": 0, "private": 0, "password": null, "_winner": "p0y16383d5f", "_our_name": "p0x1638bfc8"}