{"id": "battle-gen9randombattle-1564", "formatid": "gen9randombattle", "format": "[Gen 9] Random Battle", "players": ["p0x15642c6a", "p0y1564d8e6"], "log": "|init|battle\n|title|p0x15642c6a vs. p0y1564d8e6\n|j|\u2606p0x15642c6a\n|j|\u2606p0y1564d8e6\n|t:|1783558137\n|gametype|singles\n|player|p1|p0x15642c6a|170|\n|player|p2|p0y1564d8e6|1|\n|gen|9\n|tier|[Gen 9] Random Battle\n|rule|Species Clause: Limit one of each Pok\u00e9mon\n|rule|HP Percentage Mod: HP is shown in percentages\n|rule|Sleep Clause Mod: Limit one foe put to sleep\n|rule|Illusion Level Mod: Illusion disguises the Pok\u00e9mon's true level\n|\n|t:|1783558137\n|teamsize|p1|6\n|teamsize|p2|6\n|start\n|switch|p1a: Dialga|Dialga-Origin, L73|100/100\n|switch|p2a: Brambleghast|Brambleghast, L88, M|240/240\n|-ability|p1a: Dialga|Pressure\n|turn|1\n|inactive|Battle timer is ON: inactive players will automatically lose when time's up. (requested by p0x15642c6a)\n|inactive|Time left: 300 sec this turn | 300 sec total | 60 sec grace\n|inactive|p0y1564d8e6 also wants the timer to be on.\n|\n|t:|1783558139\n|move|p2a: Brambleghast|Poltergeist|p1a: Dialga\n|-activate|p1a: Dialga|move: Poltergeist|Adamant Crystal\n|-damage|p1a: Dialga|50/100\n|move|p1a: Dialga|Flash Cannon|p2a: Brambleghast\n|-damage|p2a: Brambleghast|114/240\n|\n|-heal|p2a: Brambleghast|129/240|[from] item: Leftovers\n|upkeep\n|turn|2\n|inactive|Time left: 300 sec this turn | 300 sec total\n|\n|t:|1783558140\n|move|p2a: Brambleghast|Poltergeist|p1a: Dialga\n|-activate|p1a: Dialga|move: Poltergeist|Adamant Crystal\n|-damage|p1a: Dialga|3/100\n|move|p1a: Dialga|Fire Blast|p2a: Brambleghast\n|-supereffective|p2a: Brambleghast\n|-damage|p2a: Brambleghast|0 fnt\n|faint|p2a: Brambleghast\n|\n|upkeep\n|inactive|Time left: 300 sec this turn | 300 sec total | 5 sec grace\n|\n|t:|1783558141\n|switch|p2a: Entei|Entei, L78|307/307\n|turn|3\n|inactive|Time left: 300 sec this turn | 300 sec total\n|\n|t:|1783558142\n|move|p2a: Entei|Sacred Fire|p1a: Dialga\n|-damage|p1a: Dialga|0 fnt\n|faint|p1a: Dialga\n|\n|upkeep\n|\n|t:|1783558143\n|switch|p1a: Magmortar|Magmortar, L88, F|100/100\n|turn|4\n|inactive|Time left: 300 sec this turn | 300 sec total\n|\n|t:|1783558145\n|move|p2a: Entei|Sacred Fire|p1a: Magmortar\n|-resisted|p1a: Magmortar\n|-damage|p1a: Magmortar|69/100\n|move|p1a: Magmortar|Scorching Sands|p2a: Entei\n|-supereffective|p2a: Entei\n|-damage|p2a: Entei|143/307\n|\n|upkeep\n|turn|5\n|inactive|Time left: 300 sec this turn | 300 sec total\n|\n|t:|1783558146\n|move|p2a: Entei|Sacred Fire|p1a: Magmortar\n|-resisted|p1a: Magmortar\n|-damage|p1a: Magmortar|34/100\n|move|p1a: Magmortar|Scorching Sands|p2a: Entei\n|-supereffective|p2a: Entei\n|-crit|p2a: Entei\n|-damage|p2a: Entei|0 fnt\n|faint|p2a: Entei\n|\n|upkeep\n|inactive|Time left: 300 sec this turn | 300 sec total | 5 sec grace\n|\n|t:|1783558147\n|switch|p2a: Garchomp|Garchomp, L74, F|282/282\n|turn|6\n|inactive|Time left: 300 sec this turn | 300 sec total\n|\n|t:|1783558148\n|move|p1a: Magmortar|Scorching Sands|p2a: Garchomp\n|-damage|p2a: Garchomp|209/282\n|move|p2a: Garchomp|Earthquake|p1a: Magmortar\n|-supereffective|p1a: Magmortar\n|-damage|p1a: Magmortar|0 fnt\n|faint|p1a: Magmortar\n|\n|upkeep\n|\n|t:|1783558149\n|switch|p1a: Espathra|Espathra, L80, F|100/100\n|turn|7\n|inactive|Time left: 300 sec this turn | 300 sec total\n|\n|t:|1783558150\n|move|p1a: Espathra|Dazzling Gleam|p2a: Garchomp\n|-supereffective|p2a: Garchomp\n|-damage|p2a: Garchomp|79/282\n|move|p2a: Garchomp|Outrage|p1a: Espathra\n|-damage|p1a: Espathra|37/100\n|\n|-heal|p1a: Espathra|43/100|[from] item: Leftovers\n|-ability|p1a: Espathra|Speed Boost|boost\n|-boost|p1a: Espathra|spe|1\n|upkeep\n|turn|8\n|inactive|Time left: 300 sec this turn | 300 sec total\n|\n|t:|1783558151\n|-terastallize|p1a: Espathra|Fairy\n|move|p1a: Espathra|Calm Mind|p1a: Espathra\n|-boost|p1a: Espathra|spa|1\n|-boost|p1a: Espathra|spd|1\n|move|p2a: Garchomp|Outrage|p1a: Espathra|[from] lockedmove\n|-immune|p1a: Espathra\n|\n|-heal|p1a: Espathra|49/100|[from] item: Leftovers\n|-ability|p1a: Espathra|Speed Boost|boost\n|-boost|p1a: Espathra|spe|1\n|upkeep\n|turn|9\n|inactive|Time left: 300 sec this turn | 300 sec total\n|\n|t:|1783558152\n|move|p1a: Espathra|Calm Mind|p1a: Espathra\n|-boost|p1a: Espathra|spa|1\n|-boost|p1a: Espathra|spd|1\n|move|p2a: Garchomp|Earthquake|p1a: Espathra\n|-damage|p1a: Espathra|0 fnt\n|faint|p1a: Espathra\n|\n|upkeep\n|\n|t:|1783558153\n|switch|p1a: Wo-Chien|Wo-Chien, L83|100/100\n|-ability|p1a: Wo-Chien|Tablets of Ruin\n|turn|10\n|inactive|Time left: 300 sec this turn | 300 sec total\n|\n|t:|1783558154\n|move|p2a: Garchomp|Outrage|p1a: Wo-Chien\n|-damage|p1a: Wo-Chien|71/100\n|move|p1a: Wo-Chien|Giga Drain|p2a: Garchomp\n|-damage|p2a: Garchomp|0 fnt\n|-heal|p1a: Wo-Chien|86/100|[from] drain|[of] p2a: Garchomp\n|faint|p2a: Garchomp\n|\n|-heal|p1a: Wo-Chien|92/100|[from] item: Leftovers\n|upkeep\n|inactive|Time left: 300 sec this turn | 300 sec total | 5 sec grace\n|\n|t:|1783558155\n|switch|p2a: Passimian|Passimian, L83, M|302/302\n|turn|11\n|inactive|Time left: 300 sec this turn | 300 sec total\n|\n|t:|1783558155\n|-terastallize|p2a: Passimian|Fighting\n|move|p2a: Passimian|Close Combat|p1a: Wo-Chien\n|-supereffective|p1a: Wo-Chien\n|-damage|p1a: Wo-Chien|0 fnt\n|-unboost|p2a: Passimian|def|1\n|-unboost|p2a: Passimian|spd|1\n|faint|p1a: Wo-Chien\n|\n|upkeep\n|\n|t:|1783558156\n|switch|p1a: Kleavor|Kleavor, L78, F|100/100\n|turn|12\n|inactive|Time left: 300 sec this turn | 300 sec total\n|\n|t:|1783558157\n|move|p2a: Passimian|Close Combat|p1a: Kleavor\n|-damage|p1a: Kleavor|11/100\n|-unboost|p2a: Passimian|def|1\n|-unboost|p2a: Passimian|spd|1\n|move|p1a: Kleavor|Defog|p2a: Passimian\n|-unboost|p2a: Passimian|evasion|1\n|-ability|p2a: Passimian|Defiant|boost\n|-boost|p2a: Passimian|atk|2\n|\n|upkeep\n|turn|13\n|inactive|Time left: 300 sec this turn | 300 sec total\n|\n|t:|1783558158\n|move|p2a: Passimian|Close Combat|p1a: Kleavor\n|-damage|p1a: Kleavor|0 fnt\n|-unboost|p2a: Passimian|def|1\n|-unboost|p2a: Passimian|spd|1\n|faint|p1a: Kleavor\n|\n|upkeep\n|\n|t:|1783558158\n|switch|p1a: Urshifu|Urshifu, L74, F|100/100\n|turn|14\n|inactive|Time left: 300 sec this turn | 300 sec total\n|\n|t:|1783558159\n|move|p2a: Passimian|Close Combat|p1a: Urshifu\n|-supereffective|p1a: Urshifu\n|-damage|p1a: Urshifu|0 fnt\n|-unboost|p2a: Passimian|def|1\n|-unboost|p2a: Passimian|spd|1\n|faint|p1a: Urshifu\n|\n|win|p0y1564d8e6", "uploadtime": 1783558159, "views": 0, "rating": 0, "private": 0, "password": null, "_winner": "p0y1564d8e6", "_our_name": "p0y1564d8e6"}