{"id": "battle-gen9randombattle-2734", "formatid": "gen9randombattle", "format": "[Gen 9] Random Battle", "players": ["p0x2734517c", "p0y2734e3e4"], "log": "|init|battle\n|title|p0x2734517c vs. p0y2734e3e4\n|j|\u2606p0x2734517c\n|j|\u2606p0y2734e3e4\n|t:|1783570515\n|gametype|singles\n|player|p1|p0x2734517c|2|\n|player|p2|p0y2734e3e4|170|\n|gen|9\n|tier|[Gen 9] Random Battle\n|rule|Species Clause: Limit one of each Pok\u00e9mon\n|rule|HP Percentage Mod: HP is shown in percentages\n|rule|Sleep Clause Mod: Limit one foe put to sleep\n|rule|Illusion Level Mod: Illusion disguises the Pok\u00e9mon's true level\n|\n|t:|1783570515\n|teamsize|p1|6\n|teamsize|p2|6\n|start\n|switch|p1a: Arbok|Arbok, L87, M|100/100\n|switch|p2a: Eelektross|Eelektross, L87, F|290/290\n|-ability|p1a: Arbok|Intimidate|boost\n|-unboost|p2a: Eelektross|atk|1\n|turn|1\n|inactive|Battle timer is ON: inactive players will automatically lose when time's up. (requested by p0x2734517c)\n|inactive|Time left: 300 sec this turn | 300 sec total | 60 sec grace\n|\n|t:|1783570517\n|move|p1a: Arbok|Gunk Shot|p2a: Eelektross|[miss]\n|-miss|p1a: Arbok|p2a: Eelektross\n|move|p2a: Eelektross|Discharge|p1a: Arbok\n|-damage|p1a: Arbok|61/100\n|-status|p1a: Arbok|par\n|\n|upkeep\n|turn|2\n|inactive|Time left: 300 sec this turn | 300 sec total\n|inactive|p0y2734e3e4 also wants the timer to be on.\n|\n|t:|1783570518\n|move|p2a: Eelektross|U-turn|p1a: Arbok\n|-resisted|p1a: Arbok\n|-damage|p1a: Arbok|52/100 par\n|inactive|Time left: 300 sec this turn | 300 sec total | 5 sec grace\n|\n|t:|1783570519\n|switch|p2a: Overqwil|Overqwil, L82, M|274/274|[from] U-turn\n|-ability|p2a: Overqwil|Intimidate|boost\n|-unboost|p1a: Arbok|atk|1\n|move|p1a: Arbok|Gunk Shot|p2a: Overqwil|[miss]\n|-miss|p1a: Arbok|p2a: Overqwil\n|\n|upkeep\n|turn|3\n|inactive|Time left: 300 sec this turn | 300 sec total\n|\n|t:|1783570519\n|switch|p1a: Forretress|Forretress, L84, M|100/100\n|move|p2a: Overqwil|Swords Dance|p2a: Overqwil\n|-boost|p2a: Overqwil|atk|2\n|\n|upkeep\n|turn|4\n|inactive|Time left: 300 sec this turn | 300 sec total\n|\n|t:|1783570521\n|move|p2a: Overqwil|Crunch|p1a: Forretress\n|-damage|p1a: Forretress|54/100\n|move|p1a: Forretress|Stealth Rock|p2a: Overqwil\n|-sidestart|p2: p0y2734e3e4|move: Stealth Rock\n|\n|-heal|p1a: Forretress|61/100|[from] item: Leftovers\n|upkeep\n|turn|5\n|inactive|Time left: 300 sec this turn | 300 sec total\n|\n|t:|1783570522\n|move|p2a: Overqwil|Crunch|p1a: Forretress\n|-damage|p1a: Forretress|12/100\n|move|p1a: Forretress|Rapid Spin|p2a: Overqwil\n|-damage|p2a: Overqwil|242/274\n|-boost|p1a: Forretress|spe|1\n|\n|-heal|p1a: Forretress|18/100|[from] item: Leftovers\n|upkeep\n|turn|6\n|inactive|Time left: 300 sec this turn | 300 sec total\n|\n|t:|1783570523\n|switch|p1a: Piloswine|Piloswine, L85, M|100/100\n|move|p2a: Overqwil|Crunch|p1a: Piloswine\n|-damage|p1a: Piloswine|58/100\n|\n|upkeep\n|turn|7\n|inactive|Time left: 300 sec this turn | 300 sec total\n|\n|t:|1783570524\n|move|p2a: Overqwil|Crunch|p1a: Piloswine\n|-damage|p1a: Piloswine|18/100\n|move|p1a: Piloswine|Earthquake|p2a: Overqwil\n|-supereffective|p2a: Overqwil\n|-damage|p2a: Overqwil|8/274\n|\n|upkeep\n|turn|8\n|inactive|Time left: 300 sec this turn | 300 sec total\n|\n|t:|1783570525\n|move|p1a: Piloswine|Ice Shard|p2a: Overqwil\n|-damage|p2a: Overqwil|0 fnt\n|faint|p2a: Overqwil\n|\n|upkeep\n|inactive|Time left: 300 sec this turn | 300 sec total | 5 sec grace\n|\n|t:|1783570525\n|switch|p2a: Eelektross|Eelektross, L87, F|290/290\n|-damage|p2a: Eelektross|254/290|[from] Stealth Rock\n|turn|9\n|inactive|Time left: 300 sec this turn | 300 sec total\n|\n|t:|1783570526\n|move|p2a: Eelektross|Knock Off|p1a: Piloswine\n|-damage|p1a: Piloswine|0 fnt\n|-enditem|p1a: Piloswine|Eviolite|[from] move: Knock Off|[of] p2a: Eelektross\n|faint|p1a: Piloswine\n|\n|upkeep\n|\n|t:|1783570527\n|switch|p1a: Araquanid|Araquanid, L82, M|100/100\n|turn|10\n|inactive|Time left: 300 sec this turn | 300 sec total\n|\n|t:|1783570528\n|move|p2a: Eelektross|Discharge|p1a: Araquanid\n|-supereffective|p1a: Araquanid\n|-damage|p1a: Araquanid|44/100\n|-status|p1a: Araquanid|par\n|move|p1a: Araquanid|Liquidation|p2a: Eelektross\n|-damage|p2a: Eelektross|110/290\n|\n|upkeep\n|turn|11\n|inactive|Time left: 300 sec this turn | 300 sec total\n|\n|t:|1783570529\n|switch|p1a: Arbok|Arbok, L87, M|52/100 par\n|-ability|p1a: Arbok|Intimidate|boost\n|-unboost|p2a: Eelektross|atk|1\n|move|p2a: Eelektross|Discharge|p1a: Arbok\n|-damage|p1a: Arbok|14/100 par\n|\n|upkeep\n|turn|12\n|inactive|Time left: 300 sec this turn | 300 sec total\n|\n|t:|1783570530\n|move|p2a: Eelektross|Discharge|p1a: Arbok\n|-damage|p1a: Arbok|0 fnt\n|faint|p1a: Arbok\n|\n|upkeep\n|\n|t:|1783570531\n|switch|p1a: Palafin|Palafin, L77, F|100/100\n|turn|13\n|inactive|Time left: 300 sec this turn | 300 sec total\n|\n|t:|1783570532\n|move|p1a: Palafin|Wave Crash|p2a: Eelektross\n|-damage|p2a: Eelektross|0 fnt\n|faint|p2a: Eelektross\n|-damage|p1a: Palafin|88/100|[from] Recoil\n|\n|upkeep\n|inactive|Time left: 300 sec this turn | 300 sec total | 5 sec grace\n|\n|t:|1783570533\n|switch|p2a: Sawsbuck|Sawsbuck, L88, M|284/284\n|-damage|p2a: Sawsbuck|249/284|[from] Stealth Rock\n|turn|14\n|inactive|Time left: 300 sec this turn | 300 sec total\n|\n|t:|1783570534\n|detailschange|p1a: Palafin|Palafin-Hero, L77, F\n|switch|p1a: Hawlucha|Hawlucha, L80, F|100/100\n|move|p2a: Sawsbuck|Swords Dance|p2a: Sawsbuck\n|-boost|p2a: Sawsbuck|atk|2\n|\n|upkeep\n|turn|15\n|inactive|Time left: 300 sec this turn | 300 sec total\n|\n|t:|1783570535\n|switch|p2a: Drifblim|Drifblim, L86, M|396/396\n|-damage|p2a: Drifblim|297/396|[from] Stealth Rock\n|move|p1a: Hawlucha|Close Combat|p2a: Drifblim\n|-immune|p2a: Drifblim\n|\n|upkeep\n|turn|16\n|inactive|Time left: 300 sec this turn | 300 sec total\n|\n|t:|1783570536\n|switch|p1a: Palafin|Palafin-Hero, L77, F|88/100\n|-activate|p1a: Palafin|ability: Zero to Hero\n|move|p2a: Drifblim|Air Slash|p1a: Palafin\n|-damage|p1a: Palafin|60/100\n|\n|upkeep\n|turn|17\n|inactive|Time left: 300 sec this turn | 300 sec total\n|\n|t:|1783570537\n|switch|p2a: Sawsbuck|Sawsbuck, L88, M|249/284\n|-damage|p2a: Sawsbuck|214/284|[from] Stealth Rock\n|move|p1a: Palafin|Wave Crash|p2a: Sawsbuck\n|-resisted|p2a: Sawsbuck\n|-damage|p2a: Sawsbuck|71/284\n|-damage|p1a: Palafin|43/100|[from] Recoil\n|\n|upkeep\n|turn|18\n|inactive|Time left: 300 sec this turn | 300 sec total\n|\n|t:|1783570538\n|switch|p1a: Forretress|Forretress, L84, M|18/100\n|move|p2a: Sawsbuck|Horn Leech|p1a: Forretress\n|-resisted|p1a: Forretress\n|-damage|p1a: Forretress|12/100\n|-heal|p2a: Sawsbuck|80/284|[from] drain|[of] p1a: Forretress\n|-damage|p2a: Sawsbuck|52/284|[from] item: Life Orb\n|\n|-heal|p1a: Forretress|18/100|[from] item: Leftovers\n|upkeep\n|turn|19\n|inactive|Time left: 300 sec this turn | 300 sec total\n|\n|t:|1783570539\n|move|p2a: Sawsbuck|Double-Edge|p1a: Forretress\n|-resisted|p1a: Forretress\n|-damage|p1a: Forretress|0 fnt\n|faint|p1a: Forretress\n|-damage|p2a: Sawsbuck|37/284|[from] Recoil\n|-damage|p2a: Sawsbuck|9/284|[from] item: Life Orb\n|\n|upkeep\n|\n|t:|1783570540\n|switch|p1a: Palafin|Palafin-Hero, L77, F|43/100\n|turn|20\n|inactive|Time left: 300 sec this turn | 300 sec total\n|\n|t:|1783570541\n|move|p1a: Palafin|Jet Punch|p2a: Sawsbuck\n|-resisted|p2a: Sawsbuck\n|-damage|p2a: Sawsbuck|0 fnt\n|faint|p2a: Sawsbuck\n|\n|upkeep\n|inactive|Time left: 300 sec this turn | 300 sec total | 5 sec grace\n|\n|t:|1783570542\n|switch|p2a: Regice|Regice, L88|284/284\n|turn|21\n|inactive|Time left: 300 sec this turn | 300 sec total\n|\n|t:|1783570543\n|move|p1a: Palafin|Jet Punch|p2a: Regice\n|-damage|p2a: Regice|182/284\n|move|p2a: Regice|Thunderbolt|p1a: Palafin\n|-supereffective|p1a: Palafin\n|-damage|p1a: Palafin|0 fnt\n|faint|p1a: Palafin\n|\n|upkeep\n|\n|t:|1783570544\n|switch|p1a: Hawlucha|Hawlucha, L80, F|100/100\n|turn|22\n|inactive|Time left: 300 sec this turn | 300 sec total\n|\n|t:|1783570545\n|-terastallize|p2a: Regice|Electric\n|move|p1a: Hawlucha|Close Combat|p2a: Regice\n|-damage|p2a: Regice|85/284\n|-unboost|p1a: Hawlucha|def|1\n|-unboost|p1a: Hawlucha|spd|1\n|-enditem|p1a: Hawlucha|White Herb\n|-clearnegativeboost|p1a: Hawlucha|[silent]\n|move|p2a: Regice|Thunderbolt|p1a: Hawlucha\n|-supereffective|p1a: Hawlucha\n|-damage|p1a: Hawlucha|0 fnt\n|faint|p1a: Hawlucha\n|\n|upkeep\n|\n|t:|1783570546\n|switch|p1a: Araquanid|Araquanid, L82, M|44/100 par\n|turn|23\n|inactive|Time left: 300 sec this turn | 300 sec total\n|\n|t:|1783570547\n|-terastallize|p1a: Araquanid|Water\n|move|p2a: Regice|Thunderbolt|p1a: Araquanid\n|-supereffective|p1a: Araquanid\n|-damage|p1a: Araquanid|0 fnt\n|faint|p1a: Araquanid\n|\n|win|p0y2734e3e4", "uploadtime": 1783570547, "views": 0, "rating": 0, "private": 0, "password": null, "_winner": "p0y2734e3e4", "_our_name": "p0y2734e3e4"}