{"id": "battle-gen9randombattle-967", "formatid": "gen9randombattle", "format": "[Gen 9] Random Battle", "players": ["p0x967f34e", "p0y9678267"], "log": "|init|battle\n|title|p0x967f34e vs. p0y9678267\n|j|\u2606p0x967f34e\n|j|\u2606p0y9678267\n|t:|1783551100\n|gametype|singles\n|player|p1|p0x967f34e|102|\n|player|p2|p0y9678267|169|\n|gen|9\n|tier|[Gen 9] Random Battle\n|rule|Species Clause: Limit one of each Pok\u00e9mon\n|rule|HP Percentage Mod: HP is shown in percentages\n|rule|Sleep Clause Mod: Limit one foe put to sleep\n|rule|Illusion Level Mod: Illusion disguises the Pok\u00e9mon's true level\n|\n|t:|1783551100\n|teamsize|p1|6\n|teamsize|p2|6\n|start\n|switch|p1a: Eelektross|Eelektross, L87, F|290/290\n|switch|p2a: Iron Hands|Iron Hands, L79|100/100\n|turn|1\n|inactive|Battle timer is ON: inactive players will automatically lose when time's up. (requested by p0y9678267)\n|inactive|Time left: 300 sec this turn | 300 sec total | 60 sec grace\n|inactive|p0x967f34e also wants the timer to be on.\n|\n|t:|1783551102\n|move|p1a: Eelektross|Coil|p1a: Eelektross\n|-boost|p1a: Eelektross|atk|1\n|-boost|p1a: Eelektross|def|1\n|-boost|p1a: Eelektross|accuracy|1\n|move|p2a: Iron Hands|Drain Punch|p1a: Eelektross\n|-damage|p1a: Eelektross|229/290\n|\n|-heal|p1a: Eelektross|247/290|[from] item: Leftovers\n|upkeep\n|turn|2\n|inactive|Time left: 300 sec this turn | 300 sec total\n|\n|t:|1783551103\n|move|p1a: Eelektross|Coil|p1a: Eelektross\n|-boost|p1a: Eelektross|atk|1\n|-boost|p1a: Eelektross|def|1\n|-boost|p1a: Eelektross|accuracy|1\n|move|p2a: Iron Hands|Drain Punch|p1a: Eelektross\n|-damage|p1a: Eelektross|201/290\n|\n|-heal|p1a: Eelektross|219/290|[from] item: Leftovers\n|upkeep\n|turn|3\n|inactive|Time left: 300 sec this turn | 300 sec total\n|\n|t:|1783551104\n|move|p1a: Eelektross|Coil|p1a: Eelektross\n|-boost|p1a: Eelektross|atk|1\n|-boost|p1a: Eelektross|def|1\n|-boost|p1a: Eelektross|accuracy|1\n|move|p2a: Iron Hands|Volt Switch|p1a: Eelektross\n|-resisted|p1a: Eelektross\n|-damage|p1a: Eelektross|199/290\n|\n|t:|1783551105\n|-end|p2a: Iron Hands|Quark Drive|[silent]\n|switch|p2a: Victreebel|Victreebel, L90, M|100/100|[from] Volt Switch\n|\n|-heal|p1a: Eelektross|217/290|[from] item: Leftovers\n|upkeep\n|turn|4\n|inactive|Time left: 300 sec this turn | 300 sec total\n|\n|t:|1783551106\n|move|p2a: Victreebel|Sludge Wave|p1a: Eelektross\n|-damage|p1a: Eelektross|44/290\n|-damage|p2a: Victreebel|90/100|[from] item: Life Orb\n|move|p1a: Eelektross|Fire Punch|p2a: Victreebel\n|-supereffective|p2a: Victreebel\n|-damage|p2a: Victreebel|0 fnt\n|faint|p2a: Victreebel\n|\n|-heal|p1a: Eelektross|62/290|[from] item: Leftovers\n|upkeep\n|\n|t:|1783551107\n|switch|p2a: Slither Wing|Slither Wing, L81|100/100\n|turn|5\n|inactive|Time left: 300 sec this turn | 300 sec total\n|\n|t:|1783551108\n|move|p2a: Slither Wing|Close Combat|p1a: Eelektross\n|-damage|p1a: Eelektross|0 fnt\n|-unboost|p2a: Slither Wing|def|1\n|-unboost|p2a: Slither Wing|spd|1\n|faint|p1a: Eelektross\n|\n|upkeep\n|inactive|Time left: 300 sec this turn | 300 sec total | 5 sec grace\n|\n|t:|1783551110\n|switch|p1a: Alcremie|Alcremie-Lemon-Cream, L90, F|263/263\n|turn|6\n|inactive|Time left: 300 sec this turn | 300 sec total\n|\n|t:|1783551111\n|-end|p2a: Slither Wing|Protosynthesis|[silent]\n|switch|p2a: Revavroom|Revavroom, L79, F|100/100\n|move|p1a: Alcremie|Alluring Voice|p2a: Revavroom\n|-resisted|p2a: Revavroom\n|-damage|p2a: Revavroom|86/100\n|\n|upkeep\n|turn|7\n|inactive|Time left: 300 sec this turn | 300 sec total\n|\n|t:|1783551111\n|switch|p1a: Gyarados|Gyarados, L79, M|280/280\n|-ability|p1a: Gyarados|Intimidate|boost\n|-unboost|p2a: Revavroom|atk|1\n|move|p2a: Revavroom|Shift Gear|p2a: Revavroom\n|-boost|p2a: Revavroom|spe|2\n|-boost|p2a: Revavroom|atk|1\n|\n|upkeep\n|turn|8\n|inactive|Time left: 300 sec this turn | 300 sec total\n|\n|t:|1783551113\n|move|p2a: Revavroom|Iron Head|p1a: Gyarados\n|-resisted|p1a: Gyarados\n|-damage|p1a: Gyarados|216/280\n|-damage|p2a: Revavroom|76/100|[from] item: Life Orb\n|cant|p1a: Gyarados|flinch\n|\n|upkeep\n|turn|9\n|inactive|Time left: 300 sec this turn | 300 sec total\n|\n|t:|1783551114\n|move|p2a: Revavroom|Iron Head|p1a: Gyarados\n|-resisted|p1a: Gyarados\n|-damage|p1a: Gyarados|155/280\n|-damage|p2a: Revavroom|67/100|[from] item: Life Orb\n|cant|p1a: Gyarados|flinch\n|\n|upkeep\n|turn|10\n|inactive|Time left: 300 sec this turn | 300 sec total\n|\n|t:|1783551115\n|-terastallize|p1a: Gyarados|Ground\n|move|p2a: Revavroom|Gunk Shot|p1a: Gyarados\n|-resisted|p1a: Gyarados\n|-damage|p1a: Gyarados|54/280\n|-damage|p2a: Revavroom|57/100|[from] item: Life Orb\n|move|p1a: Gyarados|Earthquake|p2a: Revavroom\n|-supereffective|p2a: Revavroom\n|-crit|p2a: Revavroom\n|-damage|p2a: Revavroom|0 fnt\n|faint|p2a: Revavroom\n|\n|upkeep\n|\n|t:|1783551117\n|switch|p2a: Wugtrio|Wugtrio, L91, F|100/100\n|turn|11\n|inactive|Time left: 300 sec this turn | 300 sec total\n|\n|t:|1783551118\n|switch|p1a: Oinkologne|Oinkologne, L92, M|352/352\n|move|p2a: Wugtrio|Liquidation|p1a: Oinkologne\n|-damage|p1a: Oinkologne|178/352\n|\n|-heal|p1a: Oinkologne|200/352|[from] item: Leftovers\n|upkeep\n|turn|12\n|inactive|Time left: 300 sec this turn | 300 sec total\n|\n|t:|1783551119\n|move|p2a: Wugtrio|Liquidation|p1a: Oinkologne\n|-damage|p1a: Oinkologne|35/352\n|move|p1a: Oinkologne|Body Slam|p2a: Wugtrio\n|-damage|p2a: Wugtrio|35/100\n|-ability|p2a: Wugtrio|Gooey\n|-unboost|p1a: Oinkologne|spe|1\n|\n|-heal|p1a: Oinkologne|57/352|[from] item: Leftovers\n|upkeep\n|turn|13\n|inactive|Time left: 300 sec this turn | 300 sec total\n|\n|t:|1783551120\n|switch|p1a: Gyarados|Gyarados, L79, M, tera:Ground|54/280\n|-ability|p1a: Gyarados|Intimidate|boost\n|-unboost|p2a: Wugtrio|atk|1\n|move|p2a: Wugtrio|Liquidation|p1a: Gyarados\n|-supereffective|p1a: Gyarados\n|-damage|p1a: Gyarados|0 fnt\n|faint|p1a: Gyarados\n|\n|upkeep\n|inactive|Time left: 300 sec this turn | 300 sec total | 5 sec grace\n|\n|t:|1783551121\n|switch|p1a: Alcremie|Alcremie-Lemon-Cream, L90, F|263/263\n|turn|14\n|inactive|Time left: 300 sec this turn | 300 sec total\n|\n|t:|1783551122\n|switch|p2a: Diancie|Diancie, L82|100/100\n|move|p1a: Alcremie|Alluring Voice|p2a: Diancie\n|-damage|p2a: Diancie|69/100\n|\n|-heal|p2a: Diancie|75/100|[from] item: Leftovers\n|upkeep\n|turn|15\n|inactive|Time left: 300 sec this turn | 300 sec total\n|\n|t:|1783551123\n|move|p1a: Alcremie|Calm Mind|p1a: Alcremie\n|-boost|p1a: Alcremie|spa|1\n|-boost|p1a: Alcremie|spd|1\n|move|p2a: Diancie|Calm Mind|p2a: Diancie\n|-boost|p2a: Diancie|spa|1\n|-boost|p2a: Diancie|spd|1\n|\n|-heal|p2a: Diancie|81/100|[from] item: Leftovers\n|upkeep\n|turn|16\n|inactive|Time left: 300 sec this turn | 300 sec total\n|\n|t:|1783551124\n|move|p1a: Alcremie|Alluring Voice|p2a: Diancie\n|-crit|p2a: Diancie\n|-damage|p2a: Diancie|7/100\n|move|p2a: Diancie|Diamond Storm|p1a: Alcremie\n|-damage|p1a: Alcremie|163/263\n|\n|-heal|p1a: Alcremie|179/263|[from] item: Leftovers\n|-heal|p2a: Diancie|13/100|[from] item: Leftovers\n|upkeep\n|turn|17\n|inactive|Time left: 300 sec this turn | 300 sec total\n|\n|t:|1783551125\n|move|p1a: Alcremie|Alluring Voice|p2a: Diancie\n|-damage|p2a: Diancie|0 fnt\n|faint|p2a: Diancie\n|\n|-heal|p1a: Alcremie|195/263|[from] item: Leftovers\n|upkeep\n|\n|t:|1783551126\n|switch|p2a: Slither Wing|Slither Wing, L81|100/100\n|turn|18\n|inactive|Time left: 300 sec this turn | 300 sec total\n|\n|t:|1783551127\n|-terastallize|p2a: Slither Wing|Fire\n|move|p2a: Slither Wing|Flare Blitz|p1a: Alcremie\n|-crit|p1a: Alcremie\n|-damage|p1a: Alcremie|0 fnt\n|faint|p1a: Alcremie\n|-damage|p2a: Slither Wing|77/100|[from] Recoil\n|\n|upkeep\n|inactive|Time left: 300 sec this turn | 300 sec total | 5 sec grace\n|\n|t:|1783551128\n|switch|p1a: Scrafty|Scrafty, L83, M|244/244\n|turn|19\n|inactive|Time left: 300 sec this turn | 300 sec total\n|\n|t:|1783551129\n|move|p2a: Slither Wing|Flare Blitz|p1a: Scrafty\n|-crit|p1a: Scrafty\n|-damage|p1a: Scrafty|0 fnt\n|faint|p1a: Scrafty\n|-damage|p2a: Slither Wing|47/100|[from] Recoil\n|\n|upkeep\n|inactive|Time left: 300 sec this turn | 300 sec total | 5 sec grace\n|\n|t:|1783551130\n|switch|p1a: Mamoswine|Mamoswine, L81, M|311/311\n|turn|20\n|inactive|Time left: 300 sec this turn | 300 sec total\n|\n|t:|1783551131\n|move|p2a: Slither Wing|Flare Blitz|p1a: Mamoswine\n|-supereffective|p1a: Mamoswine\n|-damage|p1a: Mamoswine|59/311\n|-damage|p2a: Slither Wing|16/100|[from] Recoil\n|move|p1a: Mamoswine|Icicle Crash|p2a: Slither Wing\n|-resisted|p2a: Slither Wing\n|-damage|p2a: Slither Wing|0 fnt\n|faint|p2a: Slither Wing\n|-end|p2a: Slither Wing|Protosynthesis|[silent]\n|-damage|p1a: Mamoswine|28/311|[from] item: Life Orb\n|\n|upkeep\n|\n|t:|1783551132\n|switch|p2a: Wugtrio|Wugtrio, L91, F|35/100\n|turn|21\n|inactive|Time left: 300 sec this turn | 300 sec total\n|\n|t:|1783551133\n|move|p2a: Wugtrio|Liquidation|p1a: Mamoswine\n|-supereffective|p1a: Mamoswine\n|-damage|p1a: Mamoswine|0 fnt\n|faint|p1a: Mamoswine\n|\n|upkeep\n|inactive|Time left: 300 sec this turn | 300 sec total | 5 sec grace\n|\n|t:|1783551133\n|switch|p1a: Oinkologne|Oinkologne, L92, M|57/352\n|turn|22\n|inactive|Time left: 300 sec this turn | 300 sec total\n|\n|t:|1783551134\n|move|p2a: Wugtrio|Liquidation|p1a: Oinkologne\n|-damage|p1a: Oinkologne|0 fnt\n|faint|p1a: Oinkologne\n|\n|win|p0y9678267", "uploadtime": 1783551134, "views": 0, "rating": 0, "private": 0, "password": null, "_winner": "p0y9678267", "_our_name": "p0x967f34e"}