{"id": "battle-gen9randombattle-2412", "formatid": "gen9randombattle", "format": "[Gen 9] Random Battle", "players": ["p0x2412c905", "p0y241238d1"], "log": "|init|battle\n|title|p0x2412c905 vs. p0y241238d1\n|j|\u2606p0x2412c905\n|j|\u2606p0y241238d1\n|t:|1783566976\n|gametype|singles\n|player|p1|p0x2412c905|101|\n|player|p2|p0y241238d1|169|\n|gen|9\n|tier|[Gen 9] Random Battle\n|rule|Species Clause: Limit one of each Pok\u00e9mon\n|rule|HP Percentage Mod: HP is shown in percentages\n|rule|Sleep Clause Mod: Limit one foe put to sleep\n|rule|Illusion Level Mod: Illusion disguises the Pok\u00e9mon's true level\n|\n|t:|1783566976\n|teamsize|p1|6\n|teamsize|p2|6\n|start\n|switch|p1a: Grimmsnarl|Grimmsnarl, L83, M|293/293\n|switch|p2a: Dialga|Dialga-Origin, L73|100/100\n|-ability|p2a: Dialga|Pressure\n|turn|1\n|inactive|Battle timer is ON: inactive players will automatically lose when time's up. (requested by p0y241238d1)\n|inactive|Time left: 300 sec this turn | 300 sec total | 60 sec grace\n|inactive|p0x2412c905 also wants the timer to be on.\n|\n|t:|1783566978\n|move|p1a: Grimmsnarl|Reflect|p1a: Grimmsnarl\n|-sidestart|p1: p0x2412c905|Reflect\n|move|p2a: Dialga|Flash Cannon|p1a: Grimmsnarl\n|-supereffective|p1a: Grimmsnarl\n|-damage|p1a: Grimmsnarl|29/293\n|\n|upkeep\n|turn|2\n|inactive|Time left: 300 sec this turn | 300 sec total\n|\n|t:|1783566979\n|move|p1a: Grimmsnarl|Light Screen|p1a: Grimmsnarl\n|-sidestart|p1: p0x2412c905|move: Light Screen\n|move|p2a: Dialga|Flash Cannon|p1a: Grimmsnarl\n|-supereffective|p1a: Grimmsnarl\n|-damage|p1a: Grimmsnarl|0 fnt\n|faint|p1a: Grimmsnarl\n|\n|upkeep\n|inactive|Time left: 300 sec this turn | 300 sec total | 5 sec grace\n|\n|t:|1783566980\n|switch|p1a: Regidrago|Regidrago, L77|435/435\n|turn|3\n|inactive|Time left: 300 sec this turn | 300 sec total\n|\n|t:|1783566982\n|switch|p2a: Iron Valiant|Iron Valiant, L78|100/100\n|move|p1a: Regidrago|Dragon Dance|p1a: Regidrago\n|-boost|p1a: Regidrago|atk|1\n|-boost|p1a: Regidrago|spe|1\n|\n|upkeep\n|turn|4\n|inactive|Time left: 300 sec this turn | 300 sec total\n|\n|t:|1783566983\n|move|p1a: Regidrago|Dragon Dance|p1a: Regidrago\n|-boost|p1a: Regidrago|atk|1\n|-boost|p1a: Regidrago|spe|1\n|move|p2a: Iron Valiant|Spirit Break|p1a: Regidrago\n|-supereffective|p1a: Regidrago\n|-damage|p1a: Regidrago|258/435\n|-unboost|p1a: Regidrago|spa|1\n|-damage|p2a: Iron Valiant|91/100|[from] item: Life Orb\n|\n|upkeep\n|turn|5\n|inactive|Time left: 300 sec this turn | 300 sec total\n|\n|t:|1783566984\n|move|p1a: Regidrago|Earthquake|p2a: Iron Valiant\n|-damage|p2a: Iron Valiant|36/100\n|move|p2a: Iron Valiant|Spirit Break|p1a: Regidrago\n|-supereffective|p1a: Regidrago\n|-damage|p1a: Regidrago|71/435\n|-unboost|p1a: Regidrago|spa|1\n|-damage|p2a: Iron Valiant|26/100|[from] item: Life Orb\n|\n|upkeep\n|turn|6\n|inactive|Time left: 300 sec this turn | 300 sec total\n|\n|t:|1783566985\n|-end|p2a: Iron Valiant|Quark Drive|[silent]\n|switch|p2a: Sylveon|Sylveon, L85, F|100/100\n|move|p1a: Regidrago|Earthquake|p2a: Sylveon\n|-crit|p2a: Sylveon\n|-damage|p2a: Sylveon|31/100\n|\n|-heal|p2a: Sylveon|37/100|[from] item: Leftovers\n|upkeep\n|turn|7\n|inactive|Time left: 300 sec this turn | 300 sec total\n|\n|t:|1783566986\n|move|p2a: Sylveon|Protect|p2a: Sylveon\n|-singleturn|p2a: Sylveon|Protect\n|move|p1a: Regidrago|Earthquake|p2a: Sylveon\n|-activate|p2a: Sylveon|move: Protect\n|\n|-heal|p2a: Sylveon|43/100|[from] item: Leftovers\n|upkeep\n|turn|8\n|inactive|Time left: 300 sec this turn | 300 sec total\n|\n|t:|1783566987\n|move|p2a: Sylveon|Protect||[still]\n|-fail|p2a: Sylveon\n|move|p1a: Regidrago|Earthquake|p2a: Sylveon\n|-damage|p2a: Sylveon|0 fnt\n|faint|p2a: Sylveon\n|\n|-sideend|p1: p0x2412c905|Reflect\n|upkeep\n|\n|t:|1783566988\n|switch|p2a: Slowbro|Slowbro, L85, M|100/100\n|turn|9\n|inactive|Time left: 300 sec this turn | 300 sec total\n|\n|t:|1783566989\n|switch|p2a: Iron Valiant|Iron Valiant, L78|26/100\n|move|p1a: Regidrago|Earthquake|p2a: Iron Valiant\n|-damage|p2a: Iron Valiant|0 fnt\n|faint|p2a: Iron Valiant\n|-end|p2a: Iron Valiant|Quark Drive|[silent]\n|\n|-sideend|p1: p0x2412c905|move: Light Screen\n|upkeep\n|\n|t:|1783566990\n|switch|p2a: Dialga|Dialga-Origin, L73|100/100\n|-ability|p2a: Dialga|Pressure\n|turn|10\n|inactive|Time left: 300 sec this turn | 300 sec total\n|\n|t:|1783566991\n|-terastallize|p2a: Dialga|Steel\n|move|p1a: Regidrago|Outrage|p2a: Dialga\n|-resisted|p2a: Dialga\n|-damage|p2a: Dialga|41/100\n|move|p2a: Dialga|Flash Cannon|p1a: Regidrago\n|-damage|p1a: Regidrago|0 fnt\n|faint|p1a: Regidrago\n|\n|upkeep\n|inactive|Time left: 300 sec this turn | 300 sec total | 5 sec grace\n|\n|t:|1783566992\n|switch|p1a: Ursaring|Ursaring, L84, F|288/288\n|turn|11\n|inactive|Time left: 300 sec this turn | 300 sec total\n|\n|t:|1783566993\n|move|p2a: Dialga|Flash Cannon|p1a: Ursaring\n|-damage|p1a: Ursaring|110/288\n|move|p1a: Ursaring|Swords Dance|p1a: Ursaring\n|-boost|p1a: Ursaring|atk|2\n|\n|-status|p1a: Ursaring|tox|[from] item: Toxic Orb\n|upkeep\n|turn|12\n|inactive|Time left: 300 sec this turn | 300 sec total\n|\n|t:|1783566994\n|move|p1a: Ursaring|Facade|p2a: Dialga\n|-resisted|p2a: Dialga\n|-damage|p2a: Dialga|0 fnt\n|faint|p2a: Dialga\n|\n|-damage|p1a: Ursaring|92/288 tox|[from] psn\n|upkeep\n|\n|t:|1783566995\n|switch|p2a: Slowbro|Slowbro, L85, M|100/100\n|turn|13\n|inactive|Time left: 300 sec this turn | 300 sec total\n|\n|t:|1783566996\n|move|p1a: Ursaring|Facade|p2a: Slowbro\n|-damage|p2a: Slowbro|0 fnt\n|faint|p2a: Slowbro\n|\n|-damage|p1a: Ursaring|56/288 tox|[from] psn\n|upkeep\n|\n|t:|1783566997\n|switch|p2a: Haxorus|Haxorus, L77, M|100/100\n|-ability|p2a: Haxorus|Mold Breaker\n|turn|14\n|inactive|Time left: 300 sec this turn | 300 sec total\n|\n|t:|1783566997\n|move|p1a: Ursaring|Facade|p2a: Haxorus\n|-crit|p2a: Haxorus\n|-damage|p2a: Haxorus|0 fnt\n|faint|p2a: Haxorus\n|\n|-damage|p1a: Ursaring|2/288 tox|[from] psn\n|upkeep\n|\n|t:|1783566998\n|switch|p2a: Porygon-Z|Porygon-Z, L83|100/100\n|turn|15\n|inactive|Time left: 300 sec this turn | 300 sec total\n|\n|t:|1783566999\n|move|p1a: Ursaring|Close Combat|p2a: Porygon-Z\n|-supereffective|p2a: Porygon-Z\n|-damage|p2a: Porygon-Z|0 fnt\n|-unboost|p1a: Ursaring|def|1\n|-unboost|p1a: Ursaring|spd|1\n|faint|p2a: Porygon-Z\n|\n|win|p0x2412c905", "uploadtime": 1783566999, "views": 0, "rating": 0, "private": 0, "password": null, "_winner": "p0x2412c905", "_our_name": "p0x2412c905"}