{"id": "battle-gen9randombattle-126", "formatid": "gen9randombattle", "format": "[Gen 9] Random Battle", "players": ["p0x126076c", "p0y1263565"], "log": "|init|battle\n|title|p0x126076c vs. p0y1263565\n|j|\u2606p0x126076c\n|j|\u2606p0y1263565\n|t:|1783534724\n|gametype|singles\n|player|p1|p0x126076c|169|\n|player|p2|p0y1263565|2|\n|gen|9\n|tier|[Gen 9] Random Battle\n|rule|Species Clause: Limit one of each Pok\u00e9mon\n|rule|HP Percentage Mod: HP is shown in percentages\n|rule|Sleep Clause Mod: Limit one foe put to sleep\n|rule|Illusion Level Mod: Illusion disguises the Pok\u00e9mon's true level\n|\n|t:|1783534724\n|teamsize|p1|6\n|teamsize|p2|6\n|start\n|switch|p1a: Ogerpon|Ogerpon-Hearthflame, L74, F|239/239\n|switch|p2a: Mandibuzz|Mandibuzz, L85, F|100/100\n|-ability|p1a: Ogerpon|Mold Breaker\n|turn|1\n|inactive|Battle timer is ON: inactive players will automatically lose when time's up. (requested by p0x126076c)\n|inactive|p0y1263565 also wants the timer to be on.\n|\n|t:|1783534726\n|switch|p1a: Luxray|Luxray, L88, M|283/283\n|move|p2a: Mandibuzz|Foul Play|p1a: Luxray\n|-damage|p1a: Luxray|156/283\n|\n|-status|p1a: Luxray|brn|[from] item: Flame Orb\n|upkeep\n|turn|2\n|inactive|Time left: 300 sec this turn | 300 sec total\n|\n|t:|1783534727\n|move|p2a: Mandibuzz|Foul Play|p1a: Luxray\n|-damage|p1a: Luxray|29/283 brn\n|move|p1a: Luxray|Supercell Slam|p2a: Mandibuzz\n|-supereffective|p2a: Mandibuzz\n|-damage|p2a: Mandibuzz|0 fnt\n|faint|p2a: Mandibuzz\n|\n|-damage|p1a: Luxray|12/283 brn|[from] brn\n|upkeep\n|\n|t:|1783534728\n|switch|p2a: Chien-Pao|Chien-Pao, L72|100/100\n|-ability|p2a: Chien-Pao|Sword of Ruin\n|turn|3\n|inactive|Time left: 300 sec this turn | 300 sec total\n|\n|t:|1783534729\n|switch|p1a: Kyogre|Kyogre, L71|259/259\n|-weather|RainDance|[from] ability: Drizzle|[of] p1a: Kyogre\n|move|p2a: Chien-Pao|Crunch|p1a: Kyogre\n|-damage|p1a: Kyogre|81/259\n|\n|-weather|RainDance|[upkeep]\n|-heal|p1a: Kyogre|97/259|[from] item: Leftovers\n|upkeep\n|turn|4\n|inactive|Time left: 300 sec this turn | 300 sec total\n|\n|t:|1783534730\n|switch|p1a: Weavile|Weavile, L79, M|240/240\n|move|p2a: Chien-Pao|Crunch|p1a: Weavile\n|-resisted|p1a: Weavile\n|-damage|p1a: Weavile|147/240\n|\n|-weather|RainDance|[upkeep]\n|upkeep\n|turn|5\n|inactive|Time left: 300 sec this turn | 300 sec total\n|\n|t:|1783534732\n|move|p1a: Weavile|Knock Off|p2a: Chien-Pao\n|-resisted|p2a: Chien-Pao\n|-damage|p2a: Chien-Pao|74/100\n|-enditem|p2a: Chien-Pao|Choice Band|[from] move: Knock Off|[of] p1a: Weavile\n|move|p2a: Chien-Pao|Crunch|p1a: Weavile\n|-resisted|p1a: Weavile\n|-damage|p1a: Weavile|78/240\n|-unboost|p1a: Weavile|def|1\n|\n|-weather|RainDance|[upkeep]\n|upkeep\n|turn|6\n|inactive|Time left: 300 sec this turn | 300 sec total\n|\n|t:|1783534733\n|move|p1a: Weavile|Triple Axel|p2a: Chien-Pao\n|-resisted|p2a: Chien-Pao\n|-damage|p2a: Chien-Pao|68/100\n|-resisted|p2a: Chien-Pao\n|-damage|p2a: Chien-Pao|57/100\n|-resisted|p2a: Chien-Pao\n|-damage|p2a: Chien-Pao|39/100\n|-hitcount|p2a: Chien-Pao|3\n|move|p2a: Chien-Pao|Crunch|p1a: Weavile\n|-resisted|p1a: Weavile\n|-damage|p1a: Weavile|0 fnt\n|faint|p1a: Weavile\n|\n|-weather|RainDance|[upkeep]\n|upkeep\n|inactive|Time left: 300 sec this turn | 300 sec total | 5 sec grace\n|\n|t:|1783534734\n|switch|p1a: Ogerpon|Ogerpon-Hearthflame, L74, F|239/239\n|-ability|p1a: Ogerpon|Mold Breaker\n|turn|7\n|inactive|Time left: 300 sec this turn | 300 sec total\n|\n|t:|1783534735\n|move|p2a: Chien-Pao|Icicle Crash|p1a: Ogerpon\n|-damage|p1a: Ogerpon|119/239\n|move|p1a: Ogerpon|Power Whip|p2a: Chien-Pao\n|-crit|p2a: Chien-Pao\n|-damage|p2a: Chien-Pao|0 fnt\n|faint|p2a: Chien-Pao\n|\n|-weather|none\n|upkeep\n|\n|t:|1783534736\n|switch|p2a: Zamazenta|Zamazenta-Crowned, L68|100/100\n|-ability|p2a: Zamazenta|Dauntless Shield|boost\n|-boost|p2a: Zamazenta|def|1\n|turn|8\n|inactive|Time left: 300 sec this turn | 300 sec total\n|\n|t:|1783534737\n|switch|p1a: Lilligant|Lilligant, L86, F|261/261\n|move|p2a: Zamazenta|Body Press|p1a: Lilligant\n|-damage|p1a: Lilligant|129/261\n|\n|upkeep\n|turn|9\n|inactive|Time left: 300 sec this turn | 300 sec total\n|\n|t:|1783534738\n|move|p2a: Zamazenta|Body Press|p1a: Lilligant\n|-damage|p1a: Lilligant|0 fnt\n|faint|p1a: Lilligant\n|\n|upkeep\n|inactive|Time left: 300 sec this turn | 300 sec total | 5 sec grace\n|\n|t:|1783534739\n|switch|p1a: Minior|Minior-Indigo, L79|224/224\n|-formechange|p1a: Minior|Minior-Meteor||[from] ability: Shields Down\n|turn|10\n|inactive|Time left: 300 sec this turn | 300 sec total\n|\n|t:|1783534740\n|move|p2a: Zamazenta|Body Press|p1a: Minior\n|-damage|p1a: Minior|122/224\n|move|p1a: Minior|Shell Smash|p1a: Minior\n|-unboost|p1a: Minior|def|1\n|-unboost|p1a: Minior|spd|1\n|-boost|p1a: Minior|atk|2\n|-boost|p1a: Minior|spa|2\n|-boost|p1a: Minior|spe|2\n|-enditem|p1a: Minior|White Herb\n|-clearnegativeboost|p1a: Minior|[silent]\n|\n|upkeep\n|turn|11\n|inactive|Time left: 300 sec this turn | 300 sec total\n|\n|t:|1783534742\n|-terastallize|p2a: Zamazenta|Ghost\n|move|p1a: Minior|Acrobatics|p2a: Zamazenta\n|-damage|p2a: Zamazenta|65/100\n|move|p2a: Zamazenta|Heavy Slam|p1a: Minior\n|-supereffective|p1a: Minior\n|-damage|p1a: Minior|0 fnt\n|faint|p1a: Minior\n|\n|upkeep\n|inactive|Time left: 300 sec this turn | 300 sec total | 5 sec grace\n|\n|t:|1783534743\n|switch|p1a: Luxray|Luxray, L88, M|12/283 brn\n|turn|12\n|inactive|Time left: 300 sec this turn | 300 sec total\n|\n|t:|1783534744\n|switch|p1a: Kyogre|Kyogre, L71|97/259\n|-weather|RainDance|[from] ability: Drizzle|[of] p1a: Kyogre\n|move|p2a: Zamazenta|Body Press|p1a: Kyogre\n|-damage|p1a: Kyogre|0 fnt\n|faint|p1a: Kyogre\n|\n|-weather|RainDance|[upkeep]\n|upkeep\n|inactive|Time left: 300 sec this turn | 300 sec total | 5 sec grace\n|\n|t:|1783534745\n|switch|p1a: Luxray|Luxray, L88, M|12/283 brn\n|turn|13\n|inactive|Time left: 300 sec this turn | 300 sec total\n|\n|t:|1783534746\n|move|p2a: Zamazenta|Body Press|p1a: Luxray\n|-crit|p1a: Luxray\n|-damage|p1a: Luxray|0 fnt\n|faint|p1a: Luxray\n|\n|-weather|RainDance|[upkeep]\n|upkeep\n|inactive|Time left: 300 sec this turn | 300 sec total | 5 sec grace\n|\n|t:|1783534747\n|switch|p1a: Ogerpon|Ogerpon-Hearthflame, L74, F|119/239\n|-ability|p1a: Ogerpon|Mold Breaker\n|turn|14\n|inactive|Time left: 300 sec this turn | 300 sec total\n|\n|t:|1783534748\n|-terastallize|p1a: Ogerpon|Fire\n|detailschange|p1a: Ogerpon|Ogerpon-Hearthflame-Tera, L74, F, tera:Fire\n|-ability|p1a: Ogerpon|Embody Aspect (Hearthflame)|boost\n|-boost|p1a: Ogerpon|atk|1\n|move|p2a: Zamazenta|Body Press|p1a: Ogerpon\n|-damage|p1a: Ogerpon|0 fnt\n|faint|p1a: Ogerpon\n|detailschange|p1: Ogerpon|Ogerpon-Hearthflame, L74, F|[silent]\n|\n|win|p0y1263565", "uploadtime": 1783534748, "views": 0, "rating": 0, "private": 0, "password": null, "_winner": "p0y1263565", "_our_name": "p0x126076c"}