{"id": "battle-gen9randombattle-2906", "formatid": "gen9randombattle", "format": "[Gen 9] Random Battle", "players": ["p0x2906a433", "p0y2906a0ab"], "log": "|init|battle\n|title|p0x2906a433 vs. p0y2906a0ab\n|j|\u2606p0x2906a433\n|j|\u2606p0y2906a0ab\n|t:|1783572492\n|gametype|singles\n|player|p1|p0x2906a433|1|\n|player|p2|p0y2906a0ab|102|\n|gen|9\n|tier|[Gen 9] Random Battle\n|rule|Species Clause: Limit one of each Pok\u00e9mon\n|rule|HP Percentage Mod: HP is shown in percentages\n|rule|Sleep Clause Mod: Limit one foe put to sleep\n|rule|Illusion Level Mod: Illusion disguises the Pok\u00e9mon's true level\n|\n|t:|1783572492\n|teamsize|p1|6\n|teamsize|p2|6\n|start\n|switch|p1a: Umbreon|Umbreon, L84, M|100/100\n|switch|p2a: Arceus|Arceus-Fairy, L69|280/280\n|turn|1\n|inactive|Battle timer is ON: inactive players will automatically lose when time's up. (requested by p0x2906a433)\n|inactive|Time left: 300 sec this turn | 300 sec total | 60 sec grace\n|\n|t:|1783572494\n|move|p2a: Arceus|Judgment|p1a: Umbreon\n|-supereffective|p1a: Umbreon\n|-damage|p1a: Umbreon|50/100\n|move|p1a: Umbreon|Toxic|p2a: Arceus\n|-status|p2a: Arceus|tox\n|\n|-heal|p1a: Umbreon|56/100|[from] item: Leftovers\n|-damage|p2a: Arceus|263/280 tox|[from] psn\n|upkeep\n|turn|2\n|inactive|Time left: 300 sec this turn | 300 sec total\n|inactive|p0y2906a0ab also wants the timer to be on.\n|\n|t:|1783572495\n|move|p2a: Arceus|Judgment|p1a: Umbreon\n|-supereffective|p1a: Umbreon\n|-damage|p1a: Umbreon|4/100\n|move|p1a: Umbreon|Foul Play|p2a: Arceus\n|-resisted|p2a: Arceus\n|-damage|p2a: Arceus|224/280 tox\n|\n|-heal|p1a: Umbreon|10/100|[from] item: Leftovers\n|-damage|p2a: Arceus|190/280 tox|[from] psn\n|upkeep\n|turn|3\n|inactive|Time left: 300 sec this turn | 300 sec total\n|\n|t:|1783572496\n|switch|p1a: Clawitzer|Clawitzer, L87, F|100/100\n|move|p2a: Arceus|Judgment|p1a: Clawitzer\n|-damage|p1a: Clawitzer|64/100\n|\n|-damage|p2a: Arceus|139/280 tox|[from] psn\n|upkeep\n|turn|4\n|inactive|Time left: 300 sec this turn | 300 sec total\n|\n|t:|1783572497\n|move|p2a: Arceus|Recover|p2a: Arceus\n|-heal|p2a: Arceus|279/280 tox\n|move|p1a: Clawitzer|Water Pulse|p2a: Arceus\n|-damage|p2a: Arceus|113/280 tox\n|\n|-damage|p2a: Arceus|45/280 tox|[from] psn\n|upkeep\n|turn|5\n|inactive|Time left: 300 sec this turn | 300 sec total\n|\n|t:|1783572498\n|move|p2a: Arceus|Judgment|p1a: Clawitzer\n|-damage|p1a: Clawitzer|27/100\n|move|p1a: Clawitzer|Water Pulse|p2a: Arceus\n|-damage|p2a: Arceus|0 fnt\n|faint|p2a: Arceus\n|\n|upkeep\n|inactive|Time left: 300 sec this turn | 300 sec total | 5 sec grace\n|\n|t:|1783572499\n|switch|p2a: Rotom|Rotom, L88|231/231\n|turn|6\n|inactive|Time left: 300 sec this turn | 300 sec total\n|\n|t:|1783572501\n|switch|p1a: Alcremie|Alcremie-Salted-Cream, L90, F|100/100\n|move|p2a: Rotom|Shadow Ball|p1a: Alcremie\n|-damage|p1a: Alcremie|67/100\n|-damage|p2a: Rotom|208/231|[from] item: Life Orb\n|\n|-heal|p1a: Alcremie|74/100|[from] item: Leftovers\n|upkeep\n|turn|7\n|inactive|Time left: 300 sec this turn | 300 sec total\n|\n|t:|1783572502\n|move|p2a: Rotom|Nasty Plot|p2a: Rotom\n|-boost|p2a: Rotom|spa|2\n|move|p1a: Alcremie|Alluring Voice|p2a: Rotom\n|-damage|p2a: Rotom|93/231\n|-start|p2a: Rotom|confusion\n|\n|-heal|p1a: Alcremie|80/100|[from] item: Leftovers\n|upkeep\n|turn|8\n|inactive|Time left: 300 sec this turn | 300 sec total\n|\n|t:|1783572503\n|-terastallize|p2a: Rotom|Ghost\n|-activate|p2a: Rotom|confusion\n|move|p2a: Rotom|Shadow Ball|p1a: Alcremie\n|-damage|p1a: Alcremie|0 fnt\n|faint|p1a: Alcremie\n|-damage|p2a: Rotom|70/231|[from] item: Life Orb\n|\n|upkeep\n|\n|t:|1783572504\n|switch|p1a: Wugtrio|Wugtrio, L91, F|100/100\n|turn|9\n|inactive|Time left: 300 sec this turn | 300 sec total\n|\n|t:|1783572505\n|switch|p2a: Alomomola|Alomomola, L87, M|429/429\n|move|p1a: Wugtrio|Liquidation|p2a: Alomomola\n|-resisted|p2a: Alomomola\n|-damage|p2a: Alomomola|353/429\n|\n|-heal|p2a: Alomomola|379/429|[from] item: Leftovers\n|upkeep\n|turn|10\n|inactive|Time left: 300 sec this turn | 300 sec total\n|\n|t:|1783572506\n|move|p1a: Wugtrio|Liquidation|p2a: Alomomola\n|-resisted|p2a: Alomomola\n|-damage|p2a: Alomomola|292/429\n|move|p2a: Alomomola|Flip Turn|p1a: Wugtrio\n|-resisted|p1a: Wugtrio\n|-damage|p1a: Wugtrio|82/100\n|-ability|p1a: Wugtrio|Gooey\n|-unboost|p2a: Alomomola|spe|1\n|inactive|Time left: 300 sec this turn | 300 sec total | 5 sec grace\n|\n|t:|1783572506\n|switch|p2a: Porygon2|Porygon2, L81|270/270|[from] Flip Turn\n|-ability|p2a: Porygon2|Download|boost\n|-boost|p2a: Porygon2|atk|1\n|\n|upkeep\n|turn|11\n|inactive|Time left: 300 sec this turn | 300 sec total\n|\n|t:|1783572507\n|move|p1a: Wugtrio|Liquidation|p2a: Porygon2\n|-damage|p2a: Porygon2|162/270\n|move|p2a: Porygon2|Discharge|p1a: Wugtrio\n|-supereffective|p1a: Wugtrio\n|-damage|p1a: Wugtrio|21/100\n|\n|upkeep\n|turn|12\n|inactive|Time left: 300 sec this turn | 300 sec total\n|\n|t:|1783572508\n|move|p1a: Wugtrio|Liquidation|p2a: Porygon2\n|-damage|p2a: Porygon2|48/270\n|move|p2a: Porygon2|Recover|p2a: Porygon2\n|-heal|p2a: Porygon2|183/270\n|\n|upkeep\n|turn|13\n|inactive|Time left: 300 sec this turn | 300 sec total\n|\n|t:|1783572509\n|move|p1a: Wugtrio|Liquidation|p2a: Porygon2\n|-damage|p2a: Porygon2|63/270\n|-unboost|p2a: Porygon2|def|1\n|move|p2a: Porygon2|Recover|p2a: Porygon2\n|-heal|p2a: Porygon2|198/270\n|\n|upkeep\n|turn|14\n|inactive|Time left: 300 sec this turn | 300 sec total\n|\n|t:|1783572510\n|switch|p2a: Alomomola|Alomomola, L87, M|429/429\n|move|p1a: Wugtrio|Liquidation|p2a: Alomomola\n|-resisted|p2a: Alomomola\n|-damage|p2a: Alomomola|346/429\n|\n|-heal|p2a: Alomomola|372/429|[from] item: Leftovers\n|upkeep\n|turn|15\n|inactive|Time left: 300 sec this turn | 300 sec total\n|\n|t:|1783572511\n|move|p1a: Wugtrio|Liquidation|p2a: Alomomola\n|-resisted|p2a: Alomomola\n|-damage|p2a: Alomomola|292/429\n|move|p2a: Alomomola|Flip Turn|p1a: Wugtrio\n|-resisted|p1a: Wugtrio\n|-damage|p1a: Wugtrio|4/100\n|-ability|p1a: Wugtrio|Gooey\n|-unboost|p2a: Alomomola|spe|1\n|inactive|Time left: 300 sec this turn | 300 sec total | 5 sec grace\n|\n|t:|1783572512\n|switch|p2a: Porygon2|Porygon2, L81|198/270|[from] Flip Turn\n|-ability|p2a: Porygon2|Download|boost\n|-boost|p2a: Porygon2|atk|1\n|\n|upkeep\n|turn|16\n|inactive|Time left: 300 sec this turn | 300 sec total\n|\n|t:|1783572512\n|move|p1a: Wugtrio|Liquidation|p2a: Porygon2\n|-damage|p2a: Porygon2|93/270\n|move|p2a: Porygon2|Recover|p2a: Porygon2\n|-heal|p2a: Porygon2|228/270\n|\n|upkeep\n|turn|17\n|inactive|Time left: 300 sec this turn | 300 sec total\n|\n|t:|1783572513\n|move|p1a: Wugtrio|Liquidation|p2a: Porygon2\n|-damage|p2a: Porygon2|125/270\n|move|p2a: Porygon2|Recover|p2a: Porygon2\n|-heal|p2a: Porygon2|260/270\n|\n|upkeep\n|turn|18\n|inactive|Time left: 300 sec this turn | 300 sec total\n|\n|t:|1783572514\n|move|p1a: Wugtrio|Liquidation|p2a: Porygon2\n|-damage|p2a: Porygon2|152/270\n|move|p2a: Porygon2|Tri Attack|p1a: Wugtrio\n|-damage|p1a: Wugtrio|0 fnt\n|faint|p1a: Wugtrio\n|\n|upkeep\n|\n|t:|1783572515\n|switch|p1a: Kleavor|Kleavor, L78, M|100/100\n|turn|19\n|inactive|Time left: 300 sec this turn | 300 sec total\n|\n|t:|1783572516\n|move|p1a: Kleavor|Stone Axe|p2a: Porygon2\n|-damage|p2a: Porygon2|23/270\n|-sidestart|p2: p0y2906a0ab|move: Stealth Rock\n|move|p2a: Porygon2|Recover|p2a: Porygon2\n|-heal|p2a: Porygon2|158/270\n|\n|upkeep\n|turn|20\n|inactive|Time left: 300 sec this turn | 300 sec total\n|\n|t:|1783572517\n|move|p1a: Kleavor|Stone Axe|p2a: Porygon2\n|-damage|p2a: Porygon2|35/270\n|move|p2a: Porygon2|Recover|p2a: Porygon2\n|-heal|p2a: Porygon2|170/270\n|\n|upkeep\n|turn|21\n|inactive|Time left: 300 sec this turn | 300 sec total\n|\n|t:|1783572518\n|move|p1a: Kleavor|Stone Axe|p2a: Porygon2\n|-damage|p2a: Porygon2|53/270\n|move|p2a: Porygon2|Recover|p2a: Porygon2\n|-heal|p2a: Porygon2|188/270\n|\n|upkeep\n|turn|22\n|inactive|Time left: 300 sec this turn | 300 sec total\n|\n|t:|1783572519\n|move|p1a: Kleavor|Stone Axe|p2a: Porygon2\n|-damage|p2a: Porygon2|68/270\n|move|p2a: Porygon2|Tri Attack|p1a: Kleavor\n|-resisted|p1a: Kleavor\n|-damage|p1a: Kleavor|77/100\n|\n|upkeep\n|turn|23\n|inactive|Time left: 300 sec this turn | 300 sec total\n|\n|t:|1783572520\n|switch|p2a: Tauros|Tauros-Paldea-Blaze, L81, M|252/252\n|-damage|p2a: Tauros|221/252|[from] Stealth Rock\n|move|p1a: Kleavor|Stone Axe|p2a: Tauros\n|-damage|p2a: Tauros|55/252\n|-enditem|p2a: Tauros|Sitrus Berry|[eat]\n|-heal|p2a: Tauros|118/252|[from] item: Sitrus Berry\n|\n|upkeep\n|turn|24\n|inactive|Time left: 300 sec this turn | 300 sec total\n|\n|t:|1783572521\n|move|p2a: Tauros|Raging Bull|p1a: Kleavor\n|-damage|p1a: Kleavor|37/100\n|move|p1a: Kleavor|Stone Axe|p2a: Tauros\n|-damage|p2a: Tauros|0 fnt\n|faint|p2a: Tauros\n|\n|upkeep\n|inactive|Time left: 300 sec this turn | 300 sec total | 5 sec grace\n|\n|t:|1783572522\n|switch|p2a: Rotom|Rotom, L88, tera:Ghost|70/231\n|-damage|p2a: Rotom|42/231|[from] Stealth Rock\n|turn|25\n|inactive|Time left: 300 sec this turn | 300 sec total\n|\n|t:|1783572523\n|switch|p1a: Magearna|Magearna-Original, L77|100/100\n|move|p2a: Rotom|Thunderbolt|p1a: Magearna\n|-damage|p1a: Magearna|56/100\n|-damage|p2a: Rotom|19/231|[from] item: Life Orb\n|\n|upkeep\n|turn|26\n|inactive|Time left: 300 sec this turn | 300 sec total\n|\n|t:|1783572524\n|move|p1a: Magearna|Volt Switch|p2a: Rotom\n|-damage|p2a: Rotom|0 fnt\n|faint|p2a: Rotom\n|-ability|p1a: Magearna|Soul-Heart|boost\n|-boost|p1a: Magearna|spa|1\n|\n|t:|1783572525\n|switch|p1a: Clawitzer|Clawitzer, L87, F|27/100|[from] Volt Switch\n|\n|upkeep\n|inactive|Time left: 300 sec this turn | 300 sec total | 10 sec grace\n|\n|t:|1783572526\n|switch|p2a: Raichu|Raichu, L88, M|249/249\n|-damage|p2a: Raichu|218/249|[from] Stealth Rock\n|turn|27\n|inactive|Time left: 300 sec this turn | 300 sec total\n|\n|t:|1783572527\n|move|p2a: Raichu|Thunderbolt|p1a: Clawitzer\n|-supereffective|p1a: Clawitzer\n|-damage|p1a: Clawitzer|0 fnt\n|faint|p1a: Clawitzer\n|-damage|p2a: Raichu|194/249|[from] item: Life Orb\n|\n|upkeep\n|\n|t:|1783572528\n|switch|p1a: Magearna|Magearna-Original, L77|56/100\n|turn|28\n|inactive|Time left: 300 sec this turn | 300 sec total\n|\n|t:|1783572529\n|move|p2a: Raichu|Nasty Plot|p2a: Raichu\n|-boost|p2a: Raichu|spa|2\n|move|p1a: Magearna|Fleur Cannon|p2a: Raichu\n|-damage|p2a: Raichu|44/249\n|-unboost|p1a: Magearna|spa|2\n|\n|upkeep\n|turn|29\n|inactive|Time left: 300 sec this turn | 300 sec total\n|\n|t:|1783572531\n|switch|p1a: Umbreon|Umbreon, L84, M|10/100\n|move|p2a: Raichu|Surf|p1a: Umbreon\n|-damage|p1a: Umbreon|0 fnt\n|faint|p1a: Umbreon\n|-damage|p2a: Raichu|20/249|[from] item: Life Orb\n|\n|upkeep\n|\n|t:|1783572532\n|switch|p1a: Kleavor|Kleavor, L78, M|37/100\n|turn|30\n|inactive|Time left: 300 sec this turn | 300 sec total\n|\n|t:|1783572533\n|move|p2a: Raichu|Surf|p1a: Kleavor\n|-supereffective|p1a: Kleavor\n|-damage|p1a: Kleavor|0 fnt\n|faint|p1a: Kleavor\n|-damage|p2a: Raichu|0 fnt|[from] item: Life Orb\n|faint|p2a: Raichu\n|\n|upkeep\n|inactive|Time left: 300 sec this turn | 300 sec total | 5 sec grace\n|\n|t:|1783572534\n|switch|p2a: Alomomola|Alomomola, L87, M|429/429\n|switch|p1a: Magearna|Magearna-Original, L77|56/100\n|-damage|p2a: Alomomola|376/429|[from] Stealth Rock\n|turn|31\n|inactive|Time left: 300 sec this turn | 300 sec total\n|\n|t:|1783572535\n|move|p1a: Magearna|Flash Cannon|p2a: Alomomola\n|-resisted|p2a: Alomomola\n|-damage|p2a: Alomomola|308/429\n|move|p2a: Alomomola|Wish|p2a: Alomomola\n|\n|-heal|p2a: Alomomola|334/429|[from] item: Leftovers\n|upkeep\n|turn|32\n|inactive|Time left: 300 sec this turn | 300 sec total\n|\n|t:|1783572536\n|move|p1a: Magearna|Flash Cannon|p2a: Alomomola\n|-resisted|p2a: Alomomola\n|-damage|p2a: Alomomola|270/429\n|move|p2a: Alomomola|Flip Turn|p1a: Magearna\n|-damage|p1a: Magearna|37/100\n|inactive|Time left: 300 sec this turn | 300 sec total | 5 sec grace\n|\n|t:|1783572537\n|switch|p2a: Porygon2|Porygon2, L81|68/270|[from] Flip Turn\n|-damage|p2a: Porygon2|35/270|[from] Stealth Rock\n|-ability|p2a: Porygon2|Download|boost\n|-boost|p2a: Porygon2|spa|1\n|\n|-heal|p2a: Porygon2|249/270|[from] move: Wish|[wisher] Alomomola\n|upkeep\n|turn|33\n|inactive|Time left: 300 sec this turn | 300 sec total\n|\n|t:|1783572538\n|move|p1a: Magearna|Flash Cannon|p2a: Porygon2\n|-damage|p2a: Porygon2|191/270\n|move|p2a: Porygon2|Discharge|p1a: Magearna\n|-damage|p1a: Magearna|8/100\n|-status|p1a: Magearna|par\n|\n|upkeep\n|turn|34\n|inactive|Time left: 300 sec this turn | 300 sec total\n|\n|t:|1783572539\n|move|p2a: Porygon2|Tri Attack|p1a: Magearna\n|-resisted|p1a: Magearna\n|-damage|p1a: Magearna|0 fnt\n|faint|p1a: Magearna\n|\n|win|p0y2906a0ab", "uploadtime": 1783572539, "views": 0, "rating": 0, "private": 0, "password": null, "_winner": "p0y2906a0ab", "_our_name": "p0y2906a0ab"}