{"id": "battle-gen9randombattle-843", "formatid": "gen9randombattle", "format": "[Gen 9] Random Battle", "players": ["p0x843bfec", "p0y843179b"], "log": "|init|battle\n|title|p0x843bfec vs. p0y843179b\n|j|\u2606p0x843bfec\n|j|\u2606p0y843179b\n|t:|1783548904\n|gametype|singles\n|player|p1|p0x843bfec|170|\n|player|p2|p0y843179b|170|\n|gen|9\n|tier|[Gen 9] Random Battle\n|rule|Species Clause: Limit one of each Pok\u00e9mon\n|rule|HP Percentage Mod: HP is shown in percentages\n|rule|Sleep Clause Mod: Limit one foe put to sleep\n|rule|Illusion Level Mod: Illusion disguises the Pok\u00e9mon's true level\n|\n|t:|1783548904\n|teamsize|p1|6\n|teamsize|p2|6\n|start\n|switch|p1a: Carbink|Carbink, L90|236/236\n|switch|p2a: Banette|Banette, L93, M|100/100\n|turn|1\n|inactive|Battle timer is ON: inactive players will automatically lose when time's up. (requested by p0x843bfec)\n|inactive|p0y843179b also wants the timer to be on.\n|\n|t:|1783548906\n|switch|p1a: Hariyama|Hariyama, L87, F|392/392\n|move|p2a: Banette|Poltergeist|p1a: Hariyama\n|-activate|p1a: Hariyama|move: Poltergeist|Flame Orb\n|-damage|p1a: Hariyama|123/392\n|-damage|p2a: Banette|90/100|[from] item: Life Orb\n|\n|-status|p1a: Hariyama|brn|[from] item: Flame Orb\n|upkeep\n|turn|2\n|inactive|Time left: 300 sec this turn | 300 sec total\n|\n|t:|1783548907\n|switch|p1a: Incineroar|Incineroar, L82, M|290/290\n|-ability|p1a: Incineroar|Intimidate|boost\n|-unboost|p2a: Banette|atk|1\n|move|p2a: Banette|Gunk Shot|p1a: Incineroar\n|-damage|p1a: Incineroar|177/290\n|-damage|p2a: Banette|80/100|[from] item: Life Orb\n|\n|upkeep\n|turn|3\n|inactive|Time left: 300 sec this turn | 300 sec total\n|\n|t:|1783548908\n|switch|p2a: Conkeldurr|Conkeldurr, L80, M|100/100\n|move|p1a: Incineroar|Knock Off|p2a: Conkeldurr\n|-resisted|p2a: Conkeldurr\n|-damage|p2a: Conkeldurr|82/100\n|-enditem|p2a: Conkeldurr|Flame Orb|[from] move: Knock Off|[of] p1a: Incineroar\n|\n|upkeep\n|turn|4\n|inactive|Time left: 300 sec this turn | 300 sec total\n|\n|t:|1783548909\n|switch|p1a: Carbink|Carbink, L90|236/236\n|move|p2a: Conkeldurr|Close Combat|p1a: Carbink\n|-damage|p1a: Carbink|137/236\n|-unboost|p2a: Conkeldurr|def|1\n|-unboost|p2a: Conkeldurr|spd|1\n|\n|-heal|p1a: Carbink|151/236|[from] item: Leftovers\n|upkeep\n|turn|5\n|inactive|Time left: 300 sec this turn | 300 sec total\n|\n|t:|1783548911\n|switch|p2a: Leavanny|Leavanny, L86, F|100/100\n|move|p1a: Carbink|Moonblast|p2a: Leavanny\n|-damage|p2a: Leavanny|70/100\n|\n|-heal|p1a: Carbink|165/236|[from] item: Leftovers\n|upkeep\n|turn|6\n|inactive|Time left: 300 sec this turn | 300 sec total\n|\n|t:|1783548912\n|move|p2a: Leavanny|Sticky Web|p1a: Carbink\n|-sidestart|p1: p0x843bfec|move: Sticky Web\n|move|p1a: Carbink|Rock Polish|p1a: Carbink\n|-boost|p1a: Carbink|spe|2\n|\n|-heal|p1a: Carbink|179/236|[from] item: Leftovers\n|upkeep\n|turn|7\n|inactive|Time left: 300 sec this turn | 300 sec total\n|\n|t:|1783548913\n|move|p1a: Carbink|Iron Defense|p1a: Carbink\n|-boost|p1a: Carbink|def|2\n|move|p2a: Leavanny|Bullet Seed|p1a: Carbink\n|-supereffective|p1a: Carbink\n|-damage|p1a: Carbink|159/236\n|-supereffective|p1a: Carbink\n|-damage|p1a: Carbink|141/236\n|-supereffective|p1a: Carbink\n|-damage|p1a: Carbink|123/236\n|-supereffective|p1a: Carbink\n|-damage|p1a: Carbink|103/236\n|-hitcount|p1a: Carbink|4\n|\n|-heal|p1a: Carbink|117/236|[from] item: Leftovers\n|upkeep\n|turn|8\n|inactive|Time left: 300 sec this turn | 300 sec total\n|\n|t:|1783548914\n|move|p1a: Carbink|Body Press|p2a: Leavanny\n|-resisted|p2a: Leavanny\n|-damage|p2a: Leavanny|33/100\n|move|p2a: Leavanny|Bullet Seed|p1a: Carbink\n|-supereffective|p1a: Carbink\n|-damage|p1a: Carbink|97/236\n|-supereffective|p1a: Carbink\n|-damage|p1a: Carbink|77/236\n|-supereffective|p1a: Carbink\n|-damage|p1a: Carbink|53/236\n|-supereffective|p1a: Carbink\n|-damage|p1a: Carbink|33/236\n|-supereffective|p1a: Carbink\n|-damage|p1a: Carbink|13/236\n|-hitcount|p1a: Carbink|5\n|\n|-heal|p1a: Carbink|27/236|[from] item: Leftovers\n|upkeep\n|turn|9\n|inactive|Time left: 300 sec this turn | 300 sec total\n|\n|t:|1783548915\n|switch|p2a: Banette|Banette, L93, M|80/100\n|move|p1a: Carbink|Body Press|p2a: Banette\n|-immune|p2a: Banette\n|\n|-heal|p1a: Carbink|41/236|[from] item: Leftovers\n|upkeep\n|turn|10\n|inactive|Time left: 300 sec this turn | 300 sec total\n|\n|t:|1783548916\n|move|p1a: Carbink|Moonblast|p2a: Banette\n|-damage|p2a: Banette|51/100\n|move|p2a: Banette|Poltergeist|p1a: Carbink\n|-activate|p1a: Carbink|move: Poltergeist|Leftovers\n|-damage|p1a: Carbink|0 fnt\n|faint|p1a: Carbink\n|-damage|p2a: Banette|41/100|[from] item: Life Orb\n|\n|upkeep\n|inactive|Time left: 300 sec this turn | 300 sec total | 5 sec grace\n|\n|t:|1783548917\n|switch|p1a: Incineroar|Incineroar, L82, M|177/290\n|-ability|p1a: Incineroar|Intimidate|boost\n|-unboost|p2a: Banette|atk|1\n|turn|11\n|inactive|Time left: 300 sec this turn | 300 sec total\n|\n|t:|1783548918\n|move|p2a: Banette|Gunk Shot|p1a: Incineroar\n|-damage|p1a: Incineroar|65/290\n|-damage|p2a: Banette|31/100|[from] item: Life Orb\n|move|p1a: Incineroar|Flare Blitz|p2a: Banette\n|-damage|p2a: Banette|0 fnt\n|faint|p2a: Banette\n|-damage|p1a: Incineroar|38/290|[from] Recoil\n|\n|upkeep\n|\n|t:|1783548920\n|switch|p2a: Conkeldurr|Conkeldurr, L80, M|82/100\n|turn|12\n|inactive|Time left: 300 sec this turn | 300 sec total\n|\n|t:|1783548921\n|move|p2a: Conkeldurr|Mach Punch|p1a: Incineroar\n|-supereffective|p1a: Incineroar\n|-damage|p1a: Incineroar|0 fnt\n|faint|p1a: Incineroar\n|\n|upkeep\n|inactive|Time left: 300 sec this turn | 300 sec total | 5 sec grace\n|\n|t:|1783548922\n|switch|p1a: Electrode|Electrode, L92|260/260\n|-activate|p1a: Electrode|move: Sticky Web\n|-unboost|p1a: Electrode|spe|1\n|turn|13\n|inactive|Time left: 300 sec this turn | 300 sec total\n|\n|t:|1783548923\n|move|p1a: Electrode|Thunderbolt|p2a: Conkeldurr\n|-damage|p2a: Conkeldurr|26/100\n|-damage|p1a: Electrode|234/260|[from] item: Life Orb\n|move|p2a: Conkeldurr|Close Combat|p1a: Electrode\n|-damage|p1a: Electrode|62/260\n|-unboost|p2a: Conkeldurr|def|1\n|-unboost|p2a: Conkeldurr|spd|1\n|\n|upkeep\n|turn|14\n|inactive|Time left: 300 sec this turn | 300 sec total\n|\n|t:|1783548924\n|switch|p2a: Cresselia|Cresselia, L80, F|100/100\n|move|p1a: Electrode|Tera Blast|p2a: Cresselia\n|-damage|p2a: Cresselia|82/100\n|-damage|p1a: Electrode|36/260|[from] item: Life Orb\n|\n|-heal|p2a: Cresselia|88/100|[from] item: Leftovers\n|upkeep\n|turn|15\n|inactive|Time left: 300 sec this turn | 300 sec total\n|\n|t:|1783548925\n|move|p1a: Electrode|Thunderbolt|p2a: Cresselia\n|-damage|p2a: Cresselia|57/100\n|-damage|p1a: Electrode|10/260|[from] item: Life Orb\n|move|p2a: Cresselia|Calm Mind|p2a: Cresselia\n|-boost|p2a: Cresselia|spa|1\n|-boost|p2a: Cresselia|spd|1\n|\n|-heal|p2a: Cresselia|63/100|[from] item: Leftovers\n|upkeep\n|turn|16\n|inactive|Time left: 300 sec this turn | 300 sec total\n|\n|t:|1783548926\n|move|p1a: Electrode|Taunt|p2a: Cresselia\n|-start|p2a: Cresselia|move: Taunt\n|cant|p2a: Cresselia|move: Taunt|Calm Mind\n|\n|-heal|p2a: Cresselia|70/100|[from] item: Leftovers\n|upkeep\n|turn|17\n|inactive|Time left: 300 sec this turn | 300 sec total\n|\n|t:|1783548927\n|move|p1a: Electrode|Thunderbolt|p2a: Cresselia\n|-damage|p2a: Cresselia|48/100\n|-damage|p1a: Electrode|0 fnt|[from] item: Life Orb\n|faint|p1a: Electrode\n|move|p2a: Cresselia|Psyshock|p1: Electrode|[notarget]\n|-fail|p2a: Cresselia\n|\n|-heal|p2a: Cresselia|54/100|[from] item: Leftovers\n|upkeep\n|inactive|Time left: 300 sec this turn | 300 sec total | 5 sec grace\n|\n|t:|1783548928\n|switch|p1a: Furret|Furret, L94, F|312/312\n|-activate|p1a: Furret|move: Sticky Web\n|-unboost|p1a: Furret|spe|1\n|-item|p2a: Cresselia|Leftovers|[from] ability: Frisk|[of] p1a: Furret\n|turn|18\n|inactive|Time left: 300 sec this turn | 300 sec total\n|\n|t:|1783548929\n|-terastallize|p2a: Cresselia|Electric\n|move|p2a: Cresselia|Thunderbolt|p1a: Furret\n|-damage|p1a: Furret|171/312\n|move|p1a: Furret|Knock Off|p2a: Cresselia\n|-damage|p2a: Cresselia|23/100\n|-enditem|p2a: Cresselia|Leftovers|[from] move: Knock Off|[of] p1a: Furret\n|\n|-end|p2a: Cresselia|move: Taunt\n|upkeep\n|turn|19\n|inactive|Time left: 300 sec this turn | 300 sec total\n|\n|t:|1783548930\n|move|p2a: Cresselia|Moonlight|p2a: Cresselia\n|-heal|p2a: Cresselia|73/100\n|move|p1a: Furret|Knock Off|p2a: Cresselia\n|-damage|p2a: Cresselia|52/100\n|\n|upkeep\n|turn|20\n|inactive|Time left: 300 sec this turn | 300 sec total\n|\n|t:|1783548931\n|move|p2a: Cresselia|Thunderbolt|p1a: Furret\n|-damage|p1a: Furret|44/312\n|move|p1a: Furret|Knock Off|p2a: Cresselia\n|-damage|p2a: Cresselia|32/100\n|\n|upkeep\n|turn|21\n|inactive|Time left: 300 sec this turn | 300 sec total\n|\n|t:|1783548932\n|switch|p1a: Umbreon|Umbreon, L84, F|297/297\n|-activate|p1a: Umbreon|move: Sticky Web\n|-unboost|p1a: Umbreon|spe|1\n|move|p2a: Cresselia|Moonlight|p2a: Cresselia\n|-heal|p2a: Cresselia|82/100\n|\n|upkeep\n|turn|22\n|inactive|Time left: 300 sec this turn | 300 sec total\n|\n|t:|1783548933\n|move|p2a: Cresselia|Calm Mind|p2a: Cresselia\n|-boost|p2a: Cresselia|spa|1\n|-boost|p2a: Cresselia|spd|1\n|move|p1a: Umbreon|Toxic|p2a: Cresselia\n|-status|p2a: Cresselia|tox\n|\n|-damage|p2a: Cresselia|76/100 tox|[from] psn\n|upkeep\n|turn|23\n|inactive|Time left: 300 sec this turn | 300 sec total\n|\n|t:|1783548933\n|move|p2a: Cresselia|Moonlight|p2a: Cresselia\n|-heal|p2a: Cresselia|100/100 tox\n|move|p1a: Umbreon|Foul Play|p2a: Cresselia\n|-damage|p2a: Cresselia|84/100 tox\n|\n|-damage|p2a: Cresselia|72/100 tox|[from] psn\n|upkeep\n|turn|24\n|inactive|Time left: 300 sec this turn | 300 sec total\n|\n|t:|1783548934\n|move|p2a: Cresselia|Moonlight|p2a: Cresselia\n|-heal|p2a: Cresselia|100/100 tox\n|move|p1a: Umbreon|Foul Play|p2a: Cresselia\n|-damage|p2a: Cresselia|85/100 tox\n|\n|-damage|p2a: Cresselia|67/100 tox|[from] psn\n|upkeep\n|turn|25\n|inactive|Time left: 300 sec this turn | 300 sec total\n|\n|t:|1783548936\n|move|p2a: Cresselia|Moonlight|p2a: Cresselia\n|-heal|p2a: Cresselia|100/100 tox\n|move|p1a: Umbreon|Foul Play|p2a: Cresselia\n|-damage|p2a: Cresselia|86/100 tox\n|\n|-damage|p2a: Cresselia|61/100 tox|[from] psn\n|upkeep\n|turn|26\n|inactive|Time left: 300 sec this turn | 300 sec total\n|\n|t:|1783548937\n|move|p2a: Cresselia|Moonlight|p2a: Cresselia\n|-heal|p2a: Cresselia|100/100 tox\n|move|p1a: Umbreon|Foul Play|p2a: Cresselia\n|-damage|p2a: Cresselia|84/100 tox\n|\n|-damage|p2a: Cresselia|53/100 tox|[from] psn\n|upkeep\n|turn|27\n|inactive|Time left: 300 sec this turn | 300 sec total\n|\n|t:|1783548937\n|move|p2a: Cresselia|Moonlight|p2a: Cresselia\n|-heal|p2a: Cresselia|100/100 tox\n|move|p1a: Umbreon|Foul Play|p2a: Cresselia\n|-damage|p2a: Cresselia|85/100 tox\n|\n|-damage|p2a: Cresselia|48/100 tox|[from] psn\n|upkeep\n|turn|28\n|inactive|Time left: 300 sec this turn | 300 sec total\n|\n|t:|1783548939\n|switch|p2a: Kingambit|Kingambit, L74, F|100/100\n|-activate|p2a: Kingambit|ability: Supreme Overlord\n|-start|p2a: Kingambit|fallen1|[silent]\n|move|p1a: Umbreon|Foul Play|p2a: Kingambit\n|-resisted|p2a: Kingambit\n|-damage|p2a: Kingambit|81/100\n|\n|-heal|p2a: Kingambit|87/100|[from] item: Leftovers\n|upkeep\n|turn|29\n|inactive|Time left: 300 sec this turn | 300 sec total\n|\n|t:|1783548940\n|move|p2a: Kingambit|Swords Dance|p2a: Kingambit\n|-boost|p2a: Kingambit|atk|2\n|move|p1a: Umbreon|Foul Play|p2a: Kingambit\n|-resisted|p2a: Kingambit\n|-crit|p2a: Kingambit\n|-damage|p2a: Kingambit|32/100\n|\n|-heal|p2a: Kingambit|38/100|[from] item: Leftovers\n|upkeep\n|turn|30\n|inactive|Time left: 300 sec this turn | 300 sec total\n|\n|t:|1783548941\n|move|p2a: Kingambit|Iron Head|p1a: Umbreon\n|-crit|p1a: Umbreon\n|-damage|p1a: Umbreon|48/297\n|cant|p1a: Umbreon|flinch\n|\n|-heal|p2a: Kingambit|44/100|[from] item: Leftovers\n|-heal|p1a: Umbreon|66/297|[from] item: Leftovers\n|upkeep\n|turn|31\n|inactive|Time left: 300 sec this turn | 300 sec total\n|\n|t:|1783548942\n|move|p1a: Umbreon|Protect|p1a: Umbreon\n|-singleturn|p1a: Umbreon|Protect\n|move|p2a: Kingambit|Kowtow Cleave|p1a: Umbreon\n|-activate|p1a: Umbreon|move: Protect\n|\n|-heal|p2a: Kingambit|50/100|[from] item: Leftovers\n|-heal|p1a: Umbreon|84/297|[from] item: Leftovers\n|upkeep\n|turn|32\n|inactive|Time left: 300 sec this turn | 300 sec total\n|\n|t:|1783548943\n|move|p1a: Umbreon|Protect||[still]\n|-fail|p1a: Umbreon\n|move|p2a: Kingambit|Iron Head|p1a: Umbreon\n|-damage|p1a: Umbreon|0 fnt\n|faint|p1a: Umbreon\n|\n|-heal|p2a: Kingambit|56/100|[from] item: Leftovers\n|upkeep\n|inactive|Time left: 300 sec this turn | 300 sec total | 5 sec grace\n|\n|t:|1783548944\n|switch|p1a: Furret|Furret, L94, F|44/312\n|-activate|p1a: Furret|move: Sticky Web\n|-unboost|p1a: Furret|spe|1\n|-item|p2a: Kingambit|Leftovers|[from] ability: Frisk|[of] p1a: Furret\n|turn|33\n|inactive|Time left: 300 sec this turn | 300 sec total\n|\n|t:|1783548945\n|-terastallize|p1a: Furret|Normal\n|move|p1a: Furret|Double-Edge|p2a: Kingambit\n|-resisted|p2a: Kingambit\n|-crit|p2a: Kingambit\n|-damage|p2a: Kingambit|0 fnt\n|faint|p2a: Kingambit\n|-end|p2a: Kingambit|fallen1|[silent]\n|-damage|p1a: Furret|0 fnt|[from] Recoil\n|faint|p1a: Furret\n|\n|upkeep\n|inactive|Time left: 300 sec this turn | 300 sec total | 5 sec grace\n|\n|t:|1783548946\n|switch|p1a: Hariyama|Hariyama, L87, F|123/392 brn\n|switch|p2a: Conkeldurr|Conkeldurr, L80, M|26/100\n|-activate|p1a: Hariyama|move: Sticky Web\n|-unboost|p1a: Hariyama|spe|1\n|turn|34\n|inactive|Time left: 300 sec this turn | 300 sec total\n|\n|t:|1783548947\n|move|p2a: Conkeldurr|Close Combat|p1a: Hariyama\n|-damage|p1a: Hariyama|0 fnt\n|-unboost|p2a: Conkeldurr|def|1\n|-unboost|p2a: Conkeldurr|spd|1\n|faint|p1a: Hariyama\n|\n|win|p0y843179b", "uploadtime": 1783548947, "views": 0, "rating": 0, "private": 0, "password": null, "_winner": "p0y843179b", "_our_name": "p0x843bfec"}