{"id": "battle-gen9randombattle-2758", "formatid": "gen9randombattle", "format": "[Gen 9] Random Battle", "players": ["p0x2758c300", "p0y27587c04"], "log": "|init|battle\n|title|p0x2758c300 vs. p0y27587c04\n|j|\u2606p0x2758c300\n|j|\u2606p0y27587c04\n|t:|1783570778\n|gametype|singles\n|player|p1|p0x2758c300|102|\n|player|p2|p0y27587c04|101|\n|gen|9\n|tier|[Gen 9] Random Battle\n|rule|Species Clause: Limit one of each Pok\u00e9mon\n|rule|HP Percentage Mod: HP is shown in percentages\n|rule|Sleep Clause Mod: Limit one foe put to sleep\n|rule|Illusion Level Mod: Illusion disguises the Pok\u00e9mon's true level\n|\n|t:|1783570778\n|teamsize|p1|6\n|teamsize|p2|6\n|start\n|switch|p1a: Tatsugiri|Tatsugiri, L87, M|260/260\n|switch|p2a: Probopass|Probopass, L91, M|100/100\n|turn|1\n|inactive|Battle timer is ON: inactive players will automatically lose when time's up. (requested by p0x2758c300)\n|inactive|p0y27587c04 also wants the timer to be on.\n|\n|t:|1783570779\n|move|p1a: Tatsugiri|Nasty Plot|p1a: Tatsugiri\n|-boost|p1a: Tatsugiri|spa|2\n|move|p2a: Probopass|Body Press|p1a: Tatsugiri\n|-damage|p1a: Tatsugiri|153/260\n|\n|upkeep\n|turn|2\n|inactive|Time left: 300 sec this turn | 300 sec total\n|\n|t:|1783570780\n|-terastallize|p2a: Probopass|Fighting\n|move|p1a: Tatsugiri|Hydro Pump|p2a: Probopass\n|-damage|p2a: Probopass|35/100\n|move|p2a: Probopass|Body Press|p1a: Tatsugiri\n|-damage|p1a: Tatsugiri|0 fnt\n|faint|p1a: Tatsugiri\n|\n|upkeep\n|inactive|Time left: 300 sec this turn | 300 sec total | 5 sec grace\n|\n|t:|1783570781\n|switch|p1a: Typhlosion|Typhlosion-Hisui, L83, F|257/257\n|turn|3\n|inactive|Time left: 300 sec this turn | 300 sec total\n|\n|t:|1783570782\n|move|p1a: Typhlosion|Eruption|p2a: Probopass\n|-damage|p2a: Probopass|0 fnt\n|faint|p2a: Probopass\n|\n|upkeep\n|\n|t:|1783570783\n|switch|p2a: Camerupt|Camerupt, L91, M|100/100\n|turn|4\n|inactive|Time left: 300 sec this turn | 300 sec total\n|\n|t:|1783570784\n|switch|p1a: Lumineon|Lumineon, L93, F|279/279\n|move|p2a: Camerupt|Earthquake|p1a: Lumineon\n|-damage|p1a: Lumineon|152/279\n|\n|upkeep\n|turn|5\n|inactive|Time left: 300 sec this turn | 300 sec total\n|\n|t:|1783570785\n|switch|p2a: Regice|Regice, L88|100/100\n|move|p1a: Lumineon|Hydro Pump|p2a: Regice\n|-damage|p2a: Regice|80/100\n|\n|upkeep\n|turn|6\n|inactive|Time left: 300 sec this turn | 300 sec total\n|\n|t:|1783570786\n|switch|p1a: Typhlosion|Typhlosion-Hisui, L83, F|257/257\n|move|p2a: Regice|Ice Beam|p1a: Typhlosion\n|-resisted|p1a: Typhlosion\n|-damage|p1a: Typhlosion|198/257\n|\n|upkeep\n|turn|7\n|inactive|Time left: 300 sec this turn | 300 sec total\n|\n|t:|1783570787\n|switch|p2a: Camerupt|Camerupt, L91, M|100/100\n|move|p1a: Typhlosion|Fire Blast|p2a: Camerupt\n|-resisted|p2a: Camerupt\n|-damage|p2a: Camerupt|77/100\n|\n|-heal|p2a: Camerupt|83/100|[from] item: Leftovers\n|upkeep\n|turn|8\n|inactive|Time left: 300 sec this turn | 300 sec total\n|\n|t:|1783570788\n|switch|p1a: Lumineon|Lumineon, L93, F|152/279\n|move|p2a: Camerupt|Earthquake|p1a: Lumineon\n|-damage|p1a: Lumineon|19/279\n|\n|-heal|p2a: Camerupt|89/100|[from] item: Leftovers\n|upkeep\n|turn|9\n|inactive|Time left: 300 sec this turn | 300 sec total\n|\n|t:|1783570789\n|switch|p2a: Tinkaton|Tinkaton, L82, F|100/100\n|-ability|p2a: Tinkaton|Mold Breaker\n|move|p1a: Lumineon|Hydro Pump|p2a: Tinkaton\n|-damage|p2a: Tinkaton|64/100\n|\n|-heal|p2a: Tinkaton|71/100|[from] item: Leftovers\n|upkeep\n|turn|10\n|inactive|Time left: 300 sec this turn | 300 sec total\n|\n|t:|1783570790\n|switch|p1a: Typhlosion|Typhlosion-Hisui, L83, F|198/257\n|move|p2a: Tinkaton|Swords Dance|p2a: Tinkaton\n|-boost|p2a: Tinkaton|atk|2\n|\n|-heal|p2a: Tinkaton|77/100|[from] item: Leftovers\n|upkeep\n|turn|11\n|inactive|Time left: 300 sec this turn | 300 sec total\n|\n|t:|1783570791\n|move|p2a: Tinkaton|Protect|p2a: Tinkaton\n|-singleturn|p2a: Tinkaton|Protect\n|move|p1a: Typhlosion|Eruption|p2a: Tinkaton\n|-activate|p2a: Tinkaton|move: Protect\n|\n|-heal|p2a: Tinkaton|83/100|[from] item: Leftovers\n|upkeep\n|turn|12\n|inactive|Time left: 300 sec this turn | 300 sec total\n|\n|t:|1783570792\n|switch|p2a: Camerupt|Camerupt, L91, M|89/100\n|move|p1a: Typhlosion|Eruption|p2a: Camerupt\n|-resisted|p2a: Camerupt\n|-damage|p2a: Camerupt|63/100\n|\n|-heal|p2a: Camerupt|69/100|[from] item: Leftovers\n|upkeep\n|turn|13\n|inactive|Time left: 300 sec this turn | 300 sec total\n|\n|t:|1783570793\n|move|p1a: Typhlosion|Eruption|p2a: Camerupt\n|-resisted|p2a: Camerupt\n|-damage|p2a: Camerupt|44/100\n|move|p2a: Camerupt|Earthquake|p1a: Typhlosion\n|-supereffective|p1a: Typhlosion\n|-damage|p1a: Typhlosion|0 fnt\n|faint|p1a: Typhlosion\n|\n|-heal|p2a: Camerupt|51/100|[from] item: Leftovers\n|upkeep\n|inactive|Time left: 300 sec this turn | 300 sec total | 5 sec grace\n|\n|t:|1783570794\n|switch|p1a: Victreebel|Victreebel, L90, F|290/290\n|turn|14\n|inactive|Time left: 300 sec this turn | 300 sec total\n|\n|t:|1783570795\n|switch|p2a: Tinkaton|Tinkaton, L82, F|83/100\n|-ability|p2a: Tinkaton|Mold Breaker\n|move|p1a: Victreebel|Power Whip|p2a: Tinkaton\n|-resisted|p2a: Tinkaton\n|-damage|p2a: Tinkaton|40/100\n|-damage|p1a: Victreebel|261/290|[from] item: Life Orb\n|\n|-heal|p2a: Tinkaton|46/100|[from] item: Leftovers\n|upkeep\n|turn|15\n|inactive|Time left: 300 sec this turn | 300 sec total\n|\n|t:|1783570796\n|move|p2a: Tinkaton|Swords Dance|p2a: Tinkaton\n|-boost|p2a: Tinkaton|atk|2\n|move|p1a: Victreebel|Sunny Day|p1a: Victreebel\n|-weather|SunnyDay\n|\n|-weather|SunnyDay|[upkeep]\n|-heal|p2a: Tinkaton|53/100|[from] item: Leftovers\n|upkeep\n|turn|16\n|inactive|Time left: 300 sec this turn | 300 sec total\n|\n|t:|1783570797\n|move|p2a: Tinkaton|Protect|p2a: Tinkaton\n|-singleturn|p2a: Tinkaton|Protect\n|move|p1a: Victreebel|Weather Ball|p2a: Tinkaton\n|-activate|p2a: Tinkaton|move: Protect\n|\n|-weather|SunnyDay|[upkeep]\n|-heal|p2a: Tinkaton|59/100|[from] item: Leftovers\n|upkeep\n|turn|17\n|inactive|Time left: 300 sec this turn | 300 sec total\n|\n|t:|1783570798\n|move|p2a: Tinkaton|Protect||[still]\n|-fail|p2a: Tinkaton\n|move|p1a: Victreebel|Weather Ball|p2a: Tinkaton\n|-supereffective|p2a: Tinkaton\n|-damage|p2a: Tinkaton|0 fnt\n|faint|p2a: Tinkaton\n|-damage|p1a: Victreebel|232/290|[from] item: Life Orb\n|\n|-weather|SunnyDay|[upkeep]\n|upkeep\n|\n|t:|1783570799\n|switch|p2a: Regice|Regice, L88|80/100\n|turn|18\n|inactive|Time left: 300 sec this turn | 300 sec total\n|\n|t:|1783570799\n|-terastallize|p1a: Victreebel|Fire\n|move|p1a: Victreebel|Weather Ball|p2a: Regice\n|-supereffective|p2a: Regice\n|-damage|p2a: Regice|0 fnt\n|faint|p2a: Regice\n|-damage|p1a: Victreebel|203/290|[from] item: Life Orb\n|\n|-weather|SunnyDay|[upkeep]\n|upkeep\n|\n|t:|1783570800\n|switch|p2a: Camerupt|Camerupt, L91, M|51/100\n|turn|19\n|inactive|Time left: 300 sec this turn | 300 sec total\n|\n|t:|1783570801\n|move|p1a: Victreebel|Power Whip|p2a: Camerupt\n|-damage|p2a: Camerupt|0 fnt\n|faint|p2a: Camerupt\n|-damage|p1a: Victreebel|174/290|[from] item: Life Orb\n|\n|-weather|none\n|upkeep\n|\n|t:|1783570802\n|switch|p2a: Houndstone|Houndstone, L86, M|100/100\n|turn|20\n|inactive|Time left: 300 sec this turn | 300 sec total\n|\n|t:|1783570803\n|switch|p1a: Garganacl|Garganacl, L80, M|291/291\n|move|p2a: Houndstone|Poltergeist|p1a: Garganacl\n|-activate|p1a: Garganacl|move: Poltergeist|Leftovers\n|-damage|p1a: Garganacl|239/291\n|\n|-heal|p1a: Garganacl|257/291|[from] item: Leftovers\n|upkeep\n|turn|21\n|inactive|Time left: 300 sec this turn | 300 sec total\n|\n|t:|1783570804\n|move|p2a: Houndstone|Body Press|p1a: Garganacl\n|-supereffective|p1a: Garganacl\n|-damage|p1a: Garganacl|165/291\n|move|p1a: Garganacl|Salt Cure|p2a: Houndstone\n|-damage|p2a: Houndstone|86/100\n|-start|p2a: Houndstone|Salt Cure\n|\n|-heal|p1a: Garganacl|183/291|[from] item: Leftovers\n|-damage|p2a: Houndstone|73/100|[from] Salt Cure\n|upkeep\n|turn|22\n|inactive|Time left: 300 sec this turn | 300 sec total\n|\n|t:|1783570805\n|switch|p2a: Deoxys|Deoxys-Attack, L72|100/100\n|-ability|p2a: Deoxys|Pressure\n|move|p1a: Garganacl|Iron Defense|p1a: Garganacl\n|-boost|p1a: Garganacl|def|2\n|\n|-heal|p1a: Garganacl|201/291|[from] item: Leftovers\n|upkeep\n|turn|23\n|inactive|Time left: 300 sec this turn | 300 sec total\n|\n|t:|1783570806\n|switch|p1a: Gothitelle|Gothitelle, L90, M|272/272\n|move|p2a: Deoxys|Psycho Boost|p1a: Gothitelle\n|-resisted|p1a: Gothitelle\n|-damage|p1a: Gothitelle|184/272\n|-unboost|p2a: Deoxys|spa|2\n|-damage|p2a: Deoxys|91/100|[from] item: Life Orb\n|\n|-heal|p1a: Gothitelle|201/272|[from] item: Leftovers\n|upkeep\n|turn|24\n|inactive|Time left: 300 sec this turn | 300 sec total\n|\n|t:|1783570807\n|switch|p1a: Garganacl|Garganacl, L80, M|201/291\n|move|p2a: Deoxys|Knock Off|p1a: Garganacl\n|-damage|p1a: Garganacl|124/291\n|-enditem|p1a: Garganacl|Leftovers|[from] move: Knock Off|[of] p2a: Deoxys\n|-damage|p2a: Deoxys|81/100|[from] item: Life Orb\n|\n|upkeep\n|turn|25\n|inactive|Time left: 300 sec this turn | 300 sec total\n|\n|t:|1783570808\n|move|p2a: Deoxys|Superpower|p1a: Garganacl\n|-supereffective|p1a: Garganacl\n|-damage|p1a: Garganacl|0 fnt\n|-unboost|p2a: Deoxys|atk|1\n|-unboost|p2a: Deoxys|def|1\n|faint|p1a: Garganacl\n|-damage|p2a: Deoxys|71/100|[from] item: Life Orb\n|\n|upkeep\n|inactive|Time left: 300 sec this turn | 300 sec total | 5 sec grace\n|\n|t:|1783570809\n|switch|p1a: Victreebel|Victreebel, L90, F, tera:Fire|174/290\n|turn|26\n|inactive|Time left: 300 sec this turn | 300 sec total\n|\n|t:|1783570810\n|move|p2a: Deoxys|Psycho Boost|p1a: Victreebel\n|-damage|p1a: Victreebel|38/290\n|-unboost|p2a: Deoxys|spa|2\n|-damage|p2a: Deoxys|61/100|[from] item: Life Orb\n|move|p1a: Victreebel|Sunny Day|p1a: Victreebel\n|-weather|SunnyDay\n|\n|-weather|SunnyDay|[upkeep]\n|upkeep\n|turn|27\n|inactive|Time left: 300 sec this turn | 300 sec total\n|\n|t:|1783570811\n|move|p1a: Victreebel|Weather Ball|p2a: Deoxys\n|-damage|p2a: Deoxys|0 fnt\n|faint|p2a: Deoxys\n|-damage|p1a: Victreebel|9/290|[from] item: Life Orb\n|\n|-weather|SunnyDay|[upkeep]\n|upkeep\n|\n|t:|1783570812\n|switch|p2a: Houndstone|Houndstone, L86, M|73/100\n|turn|28\n|inactive|Time left: 300 sec this turn | 300 sec total\n|\n|t:|1783570813\n|switch|p1a: Gothitelle|Gothitelle, L90, M|201/272\n|move|p2a: Houndstone|Shadow Sneak|p1a: Gothitelle\n|-supereffective|p1a: Gothitelle\n|-damage|p1a: Gothitelle|123/272\n|\n|-weather|SunnyDay|[upkeep]\n|-heal|p1a: Gothitelle|140/272|[from] item: Leftovers\n|upkeep\n|turn|29\n|inactive|Time left: 300 sec this turn | 300 sec total\n|\n|t:|1783570814\n|move|p1a: Gothitelle|Dark Pulse|p2a: Houndstone\n|-supereffective|p2a: Houndstone\n|-damage|p2a: Houndstone|43/100\n|move|p2a: Houndstone|Poltergeist|p1a: Gothitelle\n|-activate|p1a: Gothitelle|move: Poltergeist|Leftovers\n|-supereffective|p1a: Gothitelle\n|-damage|p1a: Gothitelle|0 fnt\n|faint|p1a: Gothitelle\n|\n|-weather|SunnyDay|[upkeep]\n|upkeep\n|inactive|Time left: 300 sec this turn | 300 sec total | 5 sec grace\n|\n|t:|1783570814\n|switch|p1a: Lumineon|Lumineon, L93, F|19/279\n|turn|30\n|inactive|Time left: 300 sec this turn | 300 sec total\n|\n|t:|1783570815\n|switch|p1a: Victreebel|Victreebel, L90, F, tera:Fire|9/290\n|move|p2a: Houndstone|Shadow Sneak|p1a: Victreebel\n|-damage|p1a: Victreebel|0 fnt\n|faint|p1a: Victreebel\n|\n|-weather|none\n|upkeep\n|inactive|Time left: 300 sec this turn | 300 sec total | 5 sec grace\n|\n|t:|1783570816\n|switch|p1a: Lumineon|Lumineon, L93, F|19/279\n|turn|31\n|inactive|Time left: 300 sec this turn | 300 sec total\n|\n|t:|1783570817\n|move|p2a: Houndstone|Shadow Sneak|p1a: Lumineon\n|-damage|p1a: Lumineon|0 fnt\n|faint|p1a: Lumineon\n|\n|win|p0y27587c04", "uploadtime": 1783570817, "views": 0, "rating": 0, "private": 0, "password": null, "_winner": "p0y27587c04", "_our_name": "p0x2758c300"}