{"id": "battle-gen9randombattle-2536", "formatid": "gen9randombattle", "format": "[Gen 9] Random Battle", "players": ["p0x2536e41f", "p0y2536a625"], "log": "|init|battle\n|title|p0x2536e41f vs. p0y2536a625\n|j|\u2606p0x2536e41f\n|j|\u2606p0y2536a625\n|t:|1783569351\n|gametype|singles\n|player|p1|p0x2536e41f|1|\n|player|p2|p0y2536a625|102|\n|gen|9\n|tier|[Gen 9] Random Battle\n|rule|Species Clause: Limit one of each Pok\u00e9mon\n|rule|HP Percentage Mod: HP is shown in percentages\n|rule|Sleep Clause Mod: Limit one foe put to sleep\n|rule|Illusion Level Mod: Illusion disguises the Pok\u00e9mon's true level\n|\n|t:|1783569351\n|teamsize|p1|6\n|teamsize|p2|6\n|start\n|switch|p1a: Tatsugiri|Tatsugiri, L87, M|100/100\n|switch|p2a: Gothitelle|Gothitelle, L90, M|272/272\n|turn|1\n|inactive|Battle timer is ON: inactive players will automatically lose when time's up. (requested by p0y2536a625)\n|inactive|p0x2536e41f also wants the timer to be on.\n|\n|t:|1783569353\n|move|p2a: Gothitelle|Psychic|p1a: Tatsugiri\n|-damage|p1a: Tatsugiri|63/100\n|move|p1a: Tatsugiri|Nasty Plot|p1a: Tatsugiri\n|-boost|p1a: Tatsugiri|spa|2\n|\n|upkeep\n|turn|2\n|inactive|Time left: 300 sec this turn | 300 sec total\n|\n|t:|1783569354\n|move|p2a: Gothitelle|Psychic|p1a: Tatsugiri\n|-damage|p1a: Tatsugiri|25/100\n|move|p1a: Tatsugiri|Draco Meteor|p2a: Gothitelle\n|-damage|p2a: Gothitelle|0 fnt\n|-unboost|p1a: Tatsugiri|spa|2\n|faint|p2a: Gothitelle\n|\n|upkeep\n|inactive|Time left: 300 sec this turn | 300 sec total | 5 sec grace\n|\n|t:|1783569355\n|switch|p2a: Magnezone|Magnezone, L85|258/258\n|turn|3\n|inactive|Time left: 300 sec this turn | 300 sec total\n|\n|t:|1783569356\n|switch|p1a: Necrozma|Necrozma, L80|100/100\n|move|p2a: Magnezone|Thunderbolt|p1a: Necrozma\n|-damage|p1a: Necrozma|41/100\n|\n|-heal|p1a: Necrozma|47/100|[from] item: Leftovers\n|upkeep\n|turn|4\n|inactive|Time left: 300 sec this turn | 300 sec total\n|\n|t:|1783569357\n|-terastallize|p1a: Necrozma|Ground\n|move|p2a: Magnezone|Thunderbolt|p1a: Necrozma\n|-immune|p1a: Necrozma\n|move|p1a: Necrozma|Earth Power|p2a: Magnezone\n|-supereffective|p2a: Magnezone\n|-damage|p2a: Magnezone|0 fnt\n|faint|p2a: Magnezone\n|\n|-heal|p1a: Necrozma|53/100|[from] item: Leftovers\n|upkeep\n|inactive|Time left: 300 sec this turn | 300 sec total | 5 sec grace\n|\n|t:|1783569358\n|switch|p2a: Weavile|Weavile, L79, M|240/240\n|turn|5\n|inactive|Time left: 300 sec this turn | 300 sec total\n|\n|t:|1783569359\n|switch|p1a: Infernape|Infernape, L82, F|100/100\n|move|p2a: Weavile|Swords Dance|p2a: Weavile\n|-boost|p2a: Weavile|atk|2\n|\n|upkeep\n|turn|6\n|inactive|Time left: 300 sec this turn | 300 sec total\n|\n|t:|1783569359\n|switch|p2a: Weezing|Weezing, L88, M|258/258\n|move|p1a: Infernape|Close Combat|p2a: Weezing\n|-resisted|p2a: Weezing\n|-damage|p2a: Weezing|194/258\n|-unboost|p1a: Infernape|def|1\n|-unboost|p1a: Infernape|spd|1\n|-damage|p1a: Infernape|91/100|[from] item: Life Orb\n|\n|-heal|p2a: Weezing|210/258|[from] item: Leftovers\n|upkeep\n|turn|7\n|inactive|Time left: 300 sec this turn | 300 sec total\n|\n|t:|1783569360\n|move|p1a: Infernape|Overheat|p2a: Weezing\n|-damage|p2a: Weezing|15/258\n|-unboost|p1a: Infernape|spa|2\n|-damage|p1a: Infernape|81/100|[from] item: Life Orb\n|move|p2a: Weezing|Gunk Shot|p1a: Infernape\n|-damage|p1a: Infernape|0 fnt\n|faint|p1a: Infernape\n|\n|-heal|p2a: Weezing|31/258|[from] item: Leftovers\n|upkeep\n|\n|t:|1783569361\n|switch|p1a: Houndoom|Houndoom, L87, M|100/100\n|turn|8\n|inactive|Time left: 300 sec this turn | 300 sec total\n|\n|t:|1783569362\n|move|p1a: Houndoom|Fire Blast|p2a: Weezing|[miss]\n|-miss|p1a: Houndoom|p2a: Weezing\n|move|p2a: Weezing|Pain Split|p1a: Houndoom\n|-sethp|p1a: Houndoom|56/100|[from] move: Pain Split|[silent]\n|-sethp|p2a: Weezing|151/258|[from] move: Pain Split\n|\n|-heal|p2a: Weezing|167/258|[from] item: Leftovers\n|upkeep\n|turn|9\n|inactive|Time left: 300 sec this turn | 300 sec total\n|\n|t:|1783569363\n|move|p1a: Houndoom|Fire Blast|p2a: Weezing|[miss]\n|-miss|p1a: Houndoom|p2a: Weezing\n|move|p2a: Weezing|Gunk Shot|p1a: Houndoom\n|-damage|p1a: Houndoom|0 fnt\n|faint|p1a: Houndoom\n|\n|-heal|p2a: Weezing|183/258|[from] item: Leftovers\n|upkeep\n|\n|t:|1783569364\n|switch|p1a: Necrozma|Necrozma, L80, tera:Ground|53/100\n|turn|10\n|inactive|Time left: 300 sec this turn | 300 sec total\n|\n|t:|1783569365\n|switch|p2a: Weavile|Weavile, L79, M|240/240\n|move|p1a: Necrozma|Moonlight|p1a: Necrozma\n|-heal|p1a: Necrozma|100/100\n|\n|upkeep\n|turn|11\n|inactive|Time left: 300 sec this turn | 300 sec total\n|\n|t:|1783569366\n|move|p2a: Weavile|Swords Dance|p2a: Weavile\n|-boost|p2a: Weavile|atk|2\n|move|p1a: Necrozma|Earth Power|p2a: Weavile\n|-damage|p2a: Weavile|128/240\n|\n|upkeep\n|turn|12\n|inactive|Time left: 300 sec this turn | 300 sec total\n|\n|t:|1783569367\n|switch|p1a: Tatsugiri|Tatsugiri, L87, M|25/100\n|move|p2a: Weavile|Triple Axel|p1a: Tatsugiri\n|-damage|p1a: Tatsugiri|1/100\n|-damage|p1a: Tatsugiri|0 fnt\n|faint|p1a: Tatsugiri\n|-hitcount|p1: Tatsugiri|2\n|\n|upkeep\n|\n|t:|1783569367\n|switch|p1a: Skuntank|Skuntank, L84, M|100/100\n|turn|13\n|inactive|Time left: 300 sec this turn | 300 sec total\n|\n|t:|1783569368\n|move|p2a: Weavile|Triple Axel|p1a: Skuntank|[miss]\n|-miss|p2a: Weavile|p1a: Skuntank\n|move|p1a: Skuntank|Gunk Shot|p2a: Weavile\n|-damage|p2a: Weavile|0 fnt\n|faint|p2a: Weavile\n|\n|upkeep\n|inactive|Time left: 300 sec this turn | 300 sec total | 5 sec grace\n|\n|t:|1783569369\n|switch|p2a: Excadrill|Excadrill, L79, F|303/303\n|-ability|p2a: Excadrill|Mold Breaker\n|turn|14\n|inactive|Time left: 300 sec this turn | 300 sec total\n|\n|t:|1783569370\n|move|p1a: Skuntank|Knock Off|p2a: Excadrill\n|-damage|p2a: Excadrill|173/303\n|-enditem|p2a: Excadrill|Leftovers|[from] move: Knock Off|[of] p1a: Skuntank\n|move|p2a: Excadrill|Swords Dance|p2a: Excadrill\n|-boost|p2a: Excadrill|atk|2\n|\n|upkeep\n|turn|15\n|inactive|Time left: 300 sec this turn | 300 sec total\n|\n|t:|1783569371\n|move|p1a: Skuntank|Knock Off|p2a: Excadrill\n|-damage|p2a: Excadrill|79/303\n|move|p2a: Excadrill|Earthquake|p1a: Skuntank\n|-supereffective|p1a: Skuntank\n|-damage|p1a: Skuntank|0 fnt\n|faint|p1a: Skuntank\n|\n|upkeep\n|\n|t:|1783569372\n|switch|p1a: Lugia|Lugia, L73|100/100\n|turn|16\n|inactive|Time left: 300 sec this turn | 300 sec total\n|\n|t:|1783569373\n|move|p1a: Lugia|Aeroblast|p2a: Excadrill\n|-resisted|p2a: Excadrill\n|-damage|p2a: Excadrill|28/303\n|move|p2a: Excadrill|Rapid Spin|p1a: Lugia\n|-damage|p1a: Lugia|73/100\n|-boost|p2a: Excadrill|spe|1\n|\n|upkeep\n|turn|17\n|inactive|Time left: 300 sec this turn | 300 sec total\n|\n|t:|1783569374\n|move|p2a: Excadrill|Iron Head|p1a: Lugia\n|-damage|p1a: Lugia|16/100\n|move|p1a: Lugia|Psychic Noise|p2a: Excadrill\n|-resisted|p2a: Excadrill\n|-damage|p2a: Excadrill|0 fnt\n|faint|p2a: Excadrill\n|\n|upkeep\n|inactive|Time left: 300 sec this turn | 300 sec total | 5 sec grace\n|\n|t:|1783569375\n|switch|p2a: Deoxys|Deoxys-Speed, L82|216/216\n|-ability|p2a: Deoxys|Pressure\n|turn|18\n|inactive|Time left: 300 sec this turn | 300 sec total\n|\n|t:|1783569376\n|move|p2a: Deoxys|Nasty Plot|p2a: Deoxys\n|-boost|p2a: Deoxys|spa|2\n|move|p1a: Lugia|Recover|p1a: Lugia\n|-heal|p1a: Lugia|66/100\n|\n|upkeep\n|turn|19\n|inactive|Time left: 300 sec this turn | 300 sec total\n|\n|t:|1783569377\n|switch|p1a: Necrozma|Necrozma, L80, tera:Ground|100/100\n|move|p2a: Deoxys|Dark Pulse|p1a: Necrozma\n|-crit|p1a: Necrozma\n|-damage|p1a: Necrozma|25/100\n|-damage|p2a: Deoxys|195/216|[from] item: Life Orb\n|\n|-heal|p1a: Necrozma|31/100|[from] item: Leftovers\n|upkeep\n|turn|20\n|inactive|Time left: 300 sec this turn | 300 sec total\n|\n|t:|1783569377\n|-terastallize|p2a: Deoxys|Psychic\n|move|p2a: Deoxys|Dark Pulse|p1a: Necrozma\n|-damage|p1a: Necrozma|0 fnt\n|faint|p1a: Necrozma\n|-damage|p2a: Deoxys|174/216|[from] item: Life Orb\n|\n|upkeep\n|\n|t:|1783569378\n|switch|p1a: Lugia|Lugia, L73|66/100\n|turn|21\n|inactive|Time left: 300 sec this turn | 300 sec total\n|\n|t:|1783569379\n|move|p2a: Deoxys|Dark Pulse|p1a: Lugia\n|-supereffective|p1a: Lugia\n|-damage|p1a: Lugia|0 fnt\n|faint|p1a: Lugia\n|-damage|p2a: Deoxys|153/216|[from] item: Life Orb\n|\n|win|p0y2536a625", "uploadtime": 1783569379, "views": 0, "rating": 0, "private": 0, "password": null, "_winner": "p0y2536a625", "_our_name": "p0y2536a625"}