{"id": "battle-gen9randombattle-2576", "formatid": "gen9randombattle", "format": "[Gen 9] Random Battle", "players": ["p0x257693bb", "p0y257699f7"], "log": "|init|battle\n|title|p0x257693bb vs. p0y257699f7\n|j|\u2606p0x257693bb\n|j|\u2606p0y257699f7\n|t:|1783569762\n|gametype|singles\n|player|p1|p0x257693bb|1|\n|player|p2|p0y257699f7|169|\n|gen|9\n|tier|[Gen 9] Random Battle\n|rule|Species Clause: Limit one of each Pok\u00e9mon\n|rule|HP Percentage Mod: HP is shown in percentages\n|rule|Sleep Clause Mod: Limit one foe put to sleep\n|rule|Illusion Level Mod: Illusion disguises the Pok\u00e9mon's true level\n|\n|t:|1783569762\n|teamsize|p1|6\n|teamsize|p2|6\n|start\n|switch|p1a: Mabosstiff|Mabosstiff, L86, M|278/278\n|switch|p2a: Thundurus|Thundurus, L80, M|100/100\n|turn|1\n|inactive|Battle timer is ON: inactive players will automatically lose when time's up. (requested by p0y257699f7)\n|inactive|Time left: 300 sec this turn | 300 sec total | 60 sec grace\n|\n|t:|1783569763\n|move|p2a: Thundurus|Acrobatics|p1a: Mabosstiff\n|-damage|p1a: Mabosstiff|155/278\n|move|p1a: Mabosstiff|Crunch|p2a: Thundurus\n|-damage|p2a: Thundurus|20/100\n|\n|upkeep\n|turn|2\n|inactive|Time left: 300 sec this turn | 300 sec total\n|inactive|p0x257693bb also wants the timer to be on.\n|\n|t:|1783569765\n|move|p2a: Thundurus|Acrobatics|p1a: Mabosstiff\n|-damage|p1a: Mabosstiff|35/278\n|move|p1a: Mabosstiff|Crunch|p2a: Thundurus\n|-damage|p2a: Thundurus|0 fnt\n|faint|p2a: Thundurus\n|\n|upkeep\n|\n|t:|1783569766\n|switch|p2a: Gumshoos|Gumshoos, L95, F|100/100\n|turn|3\n|inactive|Time left: 300 sec this turn | 300 sec total\n|\n|t:|1783569767\n|move|p1a: Mabosstiff|Crunch|p2a: Gumshoos\n|-damage|p2a: Gumshoos|42/100\n|move|p2a: Gumshoos|Knock Off|p1a: Mabosstiff\n|-resisted|p1a: Mabosstiff\n|-damage|p1a: Mabosstiff|0 fnt\n|-enditem|p1a: Mabosstiff|Choice Band|[from] move: Knock Off|[of] p2a: Gumshoos\n|faint|p1a: Mabosstiff\n|\n|upkeep\n|inactive|Time left: 300 sec this turn | 300 sec total | 5 sec grace\n|\n|t:|1783569768\n|switch|p1a: Magmortar|Magmortar, L88, F|275/275\n|turn|4\n|inactive|Time left: 300 sec this turn | 300 sec total\n|\n|t:|1783569769\n|move|p1a: Magmortar|Fire Blast|p2a: Gumshoos\n|-damage|p2a: Gumshoos|0 fnt\n|faint|p2a: Gumshoos\n|\n|upkeep\n|\n|t:|1783569770\n|switch|p2a: Basculegion|Basculegion, L80, M|100/100\n|turn|5\n|inactive|Time left: 300 sec this turn | 300 sec total\n|\n|t:|1783569771\n|move|p1a: Magmortar|Will-O-Wisp|p2a: Basculegion\n|-status|p2a: Basculegion|brn\n|move|p2a: Basculegion|Wave Crash|p1a: Magmortar\n|-supereffective|p1a: Magmortar\n|-damage|p1a: Magmortar|71/275\n|-damage|p2a: Basculegion|80/100 brn|[from] Recoil\n|\n|-damage|p2a: Basculegion|74/100 brn|[from] brn\n|upkeep\n|turn|6\n|inactive|Time left: 300 sec this turn | 300 sec total\n|\n|t:|1783569772\n|switch|p1a: Swalot|Swalot, L90, F|326/326\n|move|p2a: Basculegion|Shadow Ball|p1a: Swalot\n|-crit|p1a: Swalot\n|-damage|p1a: Swalot|198/326\n|\n|-heal|p1a: Swalot|218/326|[from] item: Leftovers\n|-damage|p2a: Basculegion|67/100 brn|[from] brn\n|upkeep\n|turn|7\n|inactive|Time left: 300 sec this turn | 300 sec total\n|\n|t:|1783569773\n|move|p2a: Basculegion|Shadow Ball|p1a: Swalot\n|-damage|p1a: Swalot|130/326\n|move|p1a: Swalot|Knock Off|p2a: Basculegion\n|-supereffective|p2a: Basculegion\n|-damage|p2a: Basculegion|16/100 brn\n|-enditem|p2a: Basculegion|Assault Vest|[from] move: Knock Off|[of] p1a: Swalot\n|\n|-heal|p1a: Swalot|150/326|[from] item: Leftovers\n|-damage|p2a: Basculegion|10/100 brn|[from] brn\n|upkeep\n|turn|8\n|inactive|Time left: 300 sec this turn | 300 sec total\n|\n|t:|1783569774\n|move|p2a: Basculegion|Shadow Ball|p1a: Swalot\n|-damage|p1a: Swalot|64/326\n|move|p1a: Swalot|Knock Off|p2a: Basculegion\n|-supereffective|p2a: Basculegion\n|-damage|p2a: Basculegion|0 fnt\n|faint|p2a: Basculegion\n|\n|-heal|p1a: Swalot|84/326|[from] item: Leftovers\n|upkeep\n|\n|t:|1783569775\n|switch|p2a: Hydrapple|Hydrapple, L83, F|100/100\n|turn|9\n|inactive|Time left: 300 sec this turn | 300 sec total\n|\n|t:|1783569775\n|move|p1a: Swalot|Ice Beam|p2a: Hydrapple\n|-supereffective|p2a: Hydrapple\n|-damage|p2a: Hydrapple|44/100\n|move|p2a: Hydrapple|Fickle Beam|p1a: Swalot\n|-damage|p1a: Swalot|0 fnt\n|faint|p1a: Swalot\n|\n|upkeep\n|inactive|Time left: 300 sec this turn | 300 sec total | 5 sec grace\n|\n|t:|1783569776\n|switch|p1a: Whiscash|Whiscash, L88, M|337/337\n|turn|10\n|inactive|Time left: 300 sec this turn | 300 sec total\n|\n|t:|1783569777\n|switch|p2a: Mienshao|Mienshao, L83, F|100/100\n|move|p1a: Whiscash|Ice Beam|p2a: Mienshao\n|-damage|p2a: Mienshao|78/100\n|\n|upkeep\n|turn|11\n|inactive|Time left: 300 sec this turn | 300 sec total\n|\n|t:|1783569778\n|move|p2a: Mienshao|Knock Off|p1a: Whiscash\n|-damage|p1a: Whiscash|245/337\n|-enditem|p1a: Whiscash|Leftovers|[from] move: Knock Off|[of] p2a: Mienshao\n|move|p1a: Whiscash|Earthquake|p2a: Mienshao\n|-damage|p2a: Mienshao|20/100\n|\n|upkeep\n|turn|12\n|inactive|Time left: 300 sec this turn | 300 sec total\n|\n|t:|1783569779\n|move|p2a: Mienshao|U-turn|p1a: Whiscash\n|-damage|p1a: Whiscash|184/337\n|\n|t:|1783569780\n|switch|p2a: Hydrapple|Hydrapple, L83, F|77/100|[from] U-turn\n|move|p1a: Whiscash|Ice Beam|p2a: Hydrapple\n|-supereffective|p2a: Hydrapple\n|-damage|p2a: Hydrapple|22/100\n|\n|upkeep\n|turn|13\n|inactive|Time left: 300 sec this turn | 300 sec total\n|\n|t:|1783569781\n|switch|p2a: Mienshao|Mienshao, L83, F|53/100\n|move|p1a: Whiscash|Ice Beam|p2a: Mienshao\n|-damage|p2a: Mienshao|30/100\n|\n|upkeep\n|turn|14\n|inactive|Time left: 300 sec this turn | 300 sec total\n|\n|t:|1783569782\n|move|p2a: Mienshao|Fake Out|p1a: Whiscash\n|-damage|p1a: Whiscash|147/337\n|cant|p1a: Whiscash|flinch\n|\n|upkeep\n|turn|15\n|inactive|Time left: 300 sec this turn | 300 sec total\n|\n|t:|1783569783\n|switch|p1a: Mew|Mew, L82|298/298\n|move|p2a: Mienshao|Close Combat|p1a: Mew\n|-resisted|p1a: Mew\n|-damage|p1a: Mew|223/298\n|-unboost|p2a: Mienshao|def|1\n|-unboost|p2a: Mienshao|spd|1\n|\n|upkeep\n|turn|16\n|inactive|Time left: 300 sec this turn | 300 sec total\n|\n|t:|1783569785\n|move|p2a: Mienshao|U-turn|p1a: Mew\n|-supereffective|p1a: Mew\n|-damage|p1a: Mew|103/298\n|\n|t:|1783569786\n|switch|p2a: Hydrapple|Hydrapple, L83, F|56/100|[from] U-turn\n|move|p1a: Mew|Nasty Plot|p1a: Mew\n|-boost|p1a: Mew|spa|2\n|\n|upkeep\n|turn|17\n|inactive|Time left: 300 sec this turn | 300 sec total\n|\n|t:|1783569787\n|move|p1a: Mew|Psychic|p2a: Hydrapple\n|-damage|p2a: Hydrapple|0 fnt\n|faint|p2a: Hydrapple\n|-damage|p1a: Mew|74/298|[from] item: Life Orb\n|\n|upkeep\n|\n|t:|1783569789\n|switch|p2a: Mienshao|Mienshao, L83, F|63/100\n|turn|18\n|inactive|Time left: 300 sec this turn | 300 sec total\n|\n|t:|1783569790\n|switch|p1a: Magmortar|Magmortar, L88, F|71/275\n|move|p2a: Mienshao|Knock Off|p1a: Magmortar\n|-damage|p1a: Magmortar|0 fnt\n|-enditem|p1a: Magmortar|Heavy-Duty Boots|[from] move: Knock Off|[of] p2a: Mienshao\n|faint|p1a: Magmortar\n|\n|upkeep\n|inactive|Time left: 300 sec this turn | 300 sec total | 5 sec grace\n|\n|t:|1783569791\n|switch|p1a: Bellibolt|Bellibolt, L84, F|320/320\n|turn|19\n|inactive|Time left: 300 sec this turn | 300 sec total\n|\n|t:|1783569792\n|move|p2a: Mienshao|Knock Off|p1a: Bellibolt\n|-damage|p1a: Bellibolt|234/320\n|-start|p1a: Bellibolt|Charge|Knock Off|[from] ability: Electromorphosis\n|-enditem|p1a: Bellibolt|Leftovers|[from] move: Knock Off|[of] p2a: Mienshao\n|move|p1a: Bellibolt|Thunderbolt|p2a: Mienshao\n|-crit|p2a: Mienshao\n|-damage|p2a: Mienshao|0 fnt\n|faint|p2a: Mienshao\n|-end|p1a: Bellibolt|Charge|[silent]\n|\n|upkeep\n|\n|t:|1783569793\n|switch|p2a: Scyther|Scyther, L82, F|100/100\n|turn|20\n|inactive|Time left: 300 sec this turn | 300 sec total\n|\n|t:|1783569794\n|-terastallize|p2a: Scyther|Fighting\n|-terastallize|p1a: Bellibolt|Electric\n|move|p2a: Scyther|U-turn|p1a: Bellibolt\n|-damage|p1a: Bellibolt|158/320\n|-start|p1a: Bellibolt|Charge|U-turn|[from] ability: Electromorphosis\n|move|p1a: Bellibolt|Thunderbolt|p2a: Scyther\n|-damage|p2a: Scyther|0 fnt\n|faint|p2a: Scyther\n|-end|p1a: Bellibolt|Charge|[silent]\n|\n|win|p0x257693bb", "uploadtime": 1783569794, "views": 0, "rating": 0, "private": 0, "password": null, "_winner": "p0x257693bb", "_our_name": "p0x257693bb"}