{"id": "battle-gen9randombattle-2904", "formatid": "gen9randombattle", "format": "[Gen 9] Random Battle", "players": ["p0x29044454", "p0y2904b8b4"], "log": "|init|battle\n|title|p0x29044454 vs. p0y2904b8b4\n|j|\u2606p0x29044454\n|j|\u2606p0y2904b8b4\n|t:|1783573448\n|gametype|singles\n|player|p1|p0x29044454|2|\n|player|p2|p0y2904b8b4|1|\n|gen|9\n|tier|[Gen 9] Random Battle\n|rule|Species Clause: Limit one of each Pok\u00e9mon\n|rule|HP Percentage Mod: HP is shown in percentages\n|rule|Sleep Clause Mod: Limit one foe put to sleep\n|rule|Illusion Level Mod: Illusion disguises the Pok\u00e9mon's true level\n|\n|t:|1783573448\n|teamsize|p1|6\n|teamsize|p2|6\n|start\n|switch|p1a: Giratina|Giratina-Origin, L72|100/100\n|switch|p2a: Ribombee|Ribombee, L83, F|235/235\n|turn|1\n|inactive|Battle timer is ON: inactive players will automatically lose when time's up. (requested by p0x29044454)\n|inactive|Time left: 300 sec this turn | 300 sec total | 60 sec grace\n|inactive|p0y2904b8b4 also wants the timer to be on.\n|\n|t:|1783573449\n|move|p2a: Ribombee|Quiver Dance|p2a: Ribombee\n|-boost|p2a: Ribombee|spa|1\n|-boost|p2a: Ribombee|spd|1\n|-boost|p2a: Ribombee|spe|1\n|move|p1a: Giratina|Poltergeist|p2a: Ribombee\n|-activate|p2a: Ribombee|move: Poltergeist|Heavy-Duty Boots\n|-damage|p2a: Ribombee|69/235\n|\n|upkeep\n|turn|2\n|inactive|Time left: 300 sec this turn | 300 sec total\n|\n|t:|1783573450\n|move|p2a: Ribombee|Moonblast|p1a: Giratina\n|-supereffective|p1a: Giratina\n|-damage|p1a: Giratina|4/100\n|move|p1a: Giratina|Poltergeist|p2a: Ribombee|[miss]\n|-miss|p1a: Giratina|p2a: Ribombee\n|\n|upkeep\n|turn|3\n|inactive|Time left: 300 sec this turn | 300 sec total\n|\n|t:|1783573451\n|move|p1a: Giratina|Shadow Sneak|p2a: Ribombee\n|-damage|p2a: Ribombee|11/235\n|move|p2a: Ribombee|Bug Buzz|p1a: Giratina\n|-resisted|p1a: Giratina\n|-damage|p1a: Giratina|0 fnt\n|faint|p1a: Giratina\n|\n|upkeep\n|\n|t:|1783573452\n|switch|p1a: Scizor|Scizor, L79, F|100/100\n|turn|4\n|inactive|Time left: 300 sec this turn | 300 sec total\n|\n|t:|1783573453\n|move|p1a: Scizor|Bullet Punch|p2a: Ribombee\n|-supereffective|p2a: Ribombee\n|-damage|p2a: Ribombee|0 fnt\n|faint|p2a: Ribombee\n|-damage|p1a: Scizor|90/100|[from] item: Life Orb\n|\n|upkeep\n|inactive|Time left: 300 sec this turn | 300 sec total | 5 sec grace\n|\n|t:|1783573453\n|switch|p2a: Goodra|Goodra, L85, M|292/292\n|turn|5\n|inactive|Time left: 300 sec this turn | 300 sec total\n|\n|t:|1783573454\n|move|p2a: Goodra|Fire Blast|p1a: Scizor|[miss]\n|-miss|p2a: Goodra|p1a: Scizor\n|move|p1a: Scizor|Bug Bite|p2a: Goodra\n|-damage|p2a: Goodra|132/292\n|-damage|p1a: Scizor|80/100|[from] item: Life Orb\n|\n|upkeep\n|turn|6\n|inactive|Time left: 300 sec this turn | 300 sec total\n|\n|t:|1783573456\n|switch|p1a: Scrafty|Scrafty, L83, M|100/100\n|move|p2a: Goodra|Fire Blast|p1a: Scrafty\n|-damage|p1a: Scrafty|73/100\n|\n|-heal|p1a: Scrafty|79/100|[from] item: Leftovers\n|upkeep\n|turn|7\n|inactive|Time left: 300 sec this turn | 300 sec total\n|\n|t:|1783573457\n|move|p2a: Goodra|Sludge Bomb|p1a: Scrafty\n|-damage|p1a: Scrafty|53/100\n|-status|p1a: Scrafty|psn\n|move|p1a: Scrafty|Drain Punch|p2a: Goodra\n|-damage|p2a: Goodra|47/292\n|-heal|p1a: Scrafty|71/100 psn|[from] drain|[of] p2a: Goodra\n|\n|-heal|p1a: Scrafty|77/100 psn|[from] item: Leftovers\n|-damage|p1a: Scrafty|65/100 psn|[from] psn\n|upkeep\n|turn|8\n|inactive|Time left: 300 sec this turn | 300 sec total\n|\n|t:|1783573459\n|move|p2a: Goodra|Draco Meteor|p1a: Scrafty\n|-damage|p1a: Scrafty|10/100 psn\n|-unboost|p2a: Goodra|spa|2\n|move|p1a: Scrafty|Rest|p1a: Scrafty\n|-status|p1a: Scrafty|slp|[from] move: Rest\n|-heal|p1a: Scrafty|100/100 slp|[silent]\n|\n|-activate|p1a: Scrafty|ability: Shed Skin\n|-curestatus|p1a: Scrafty|slp|[msg]\n|upkeep\n|turn|9\n|inactive|Time left: 300 sec this turn | 300 sec total\n|\n|t:|1783573460\n|switch|p2a: Mightyena|Mightyena, L96, F|290/290\n|-ability|p2a: Mightyena|Intimidate|boost\n|-unboost|p1a: Scrafty|atk|1\n|move|p1a: Scrafty|Bulk Up|p1a: Scrafty\n|-boost|p1a: Scrafty|atk|1\n|-boost|p1a: Scrafty|def|1\n|\n|upkeep\n|turn|10\n|inactive|Time left: 300 sec this turn | 300 sec total\n|\n|t:|1783573461\n|switch|p2a: Salamence|Salamence, L77, F|273/273\n|move|p1a: Scrafty|Bulk Up|p1a: Scrafty\n|-boost|p1a: Scrafty|atk|1\n|-boost|p1a: Scrafty|def|1\n|\n|upkeep\n|turn|11\n|inactive|Time left: 300 sec this turn | 300 sec total\n|\n|t:|1783573462\n|move|p2a: Salamence|Dragon Dance|p2a: Salamence\n|-boost|p2a: Salamence|atk|1\n|-boost|p2a: Salamence|spe|1\n|move|p1a: Scrafty|Knock Off|p2a: Salamence\n|-damage|p2a: Salamence|104/273\n|-enditem|p2a: Salamence|Heavy-Duty Boots|[from] move: Knock Off|[of] p1a: Scrafty\n|\n|upkeep\n|turn|12\n|inactive|Time left: 300 sec this turn | 300 sec total\n|\n|t:|1783573463\n|move|p2a: Salamence|Dual Wingbeat|p1a: Scrafty\n|-supereffective|p1a: Scrafty\n|-damage|p1a: Scrafty|78/100\n|-supereffective|p1a: Scrafty\n|-damage|p1a: Scrafty|56/100\n|-hitcount|p1a: Scrafty|2\n|move|p1a: Scrafty|Knock Off|p2a: Salamence\n|-damage|p2a: Salamence|0 fnt\n|faint|p2a: Salamence\n|\n|-heal|p1a: Scrafty|62/100|[from] item: Leftovers\n|upkeep\n|inactive|Time left: 300 sec this turn | 300 sec total | 5 sec grace\n|\n|t:|1783573464\n|switch|p2a: Espeon|Espeon, L84, M|246/246\n|turn|13\n|inactive|Time left: 300 sec this turn | 300 sec total\n|\n|t:|1783573465\n|-terastallize|p1a: Scrafty|Poison\n|move|p2a: Espeon|Alluring Voice|p1a: Scrafty\n|-resisted|p1a: Scrafty\n|-damage|p1a: Scrafty|46/100\n|-damage|p2a: Espeon|222/246|[from] item: Life Orb\n|move|p1a: Scrafty|Knock Off|p2a: Espeon\n|-supereffective|p2a: Espeon\n|-damage|p2a: Espeon|0 fnt\n|-enditem|p2a: Espeon|Life Orb|[from] move: Knock Off|[of] p1a: Scrafty\n|faint|p2a: Espeon\n|\n|-heal|p1a: Scrafty|52/100|[from] item: Leftovers\n|upkeep\n|inactive|Time left: 300 sec this turn | 300 sec total | 5 sec grace\n|\n|t:|1783573466\n|switch|p2a: Grumpig|Grumpig, L92, M|297/297\n|turn|14\n|inactive|Time left: 300 sec this turn | 300 sec total\n|\n|t:|1783573467\n|move|p2a: Grumpig|Psychic|p1a: Scrafty\n|-supereffective|p1a: Scrafty\n|-damage|p1a: Scrafty|0 fnt\n|faint|p1a: Scrafty\n|\n|upkeep\n|\n|t:|1783573468\n|switch|p1a: Scizor|Scizor, L79, F|80/100\n|turn|15\n|inactive|Time left: 300 sec this turn | 300 sec total\n|\n|t:|1783573469\n|switch|p2a: Mightyena|Mightyena, L96, F|290/290\n|-ability|p2a: Mightyena|Intimidate|boost\n|-unboost|p1a: Scizor|atk|1\n|move|p1a: Scizor|Bug Bite|p2a: Mightyena\n|-supereffective|p2a: Mightyena\n|-damage|p2a: Mightyena|95/290\n|-damage|p1a: Scizor|70/100|[from] item: Life Orb\n|\n|upkeep\n|turn|16\n|inactive|Time left: 300 sec this turn | 300 sec total\n|\n|t:|1783573470\n|move|p2a: Mightyena|Super Fang|p1a: Scizor\n|-damage|p1a: Scizor|35/100\n|move|p1a: Scizor|Bug Bite|p2a: Mightyena\n|-supereffective|p2a: Mightyena\n|-damage|p2a: Mightyena|0 fnt\n|faint|p2a: Mightyena\n|-damage|p1a: Scizor|25/100|[from] item: Life Orb\n|\n|upkeep\n|inactive|Time left: 300 sec this turn | 300 sec total | 5 sec grace\n|\n|t:|1783573471\n|switch|p2a: Grumpig|Grumpig, L92, M|297/297\n|turn|17\n|inactive|Time left: 300 sec this turn | 300 sec total\n|\n|t:|1783573472\n|switch|p1a: Mandibuzz|Mandibuzz, L85, F|100/100\n|move|p2a: Grumpig|Psychic|p1a: Mandibuzz\n|-immune|p1a: Mandibuzz\n|\n|upkeep\n|turn|18\n|inactive|Time left: 300 sec this turn | 300 sec total\n|\n|t:|1783573473\n|move|p2a: Grumpig|Psychic|p1a: Mandibuzz\n|-immune|p1a: Mandibuzz\n|move|p1a: Mandibuzz|Foul Play|p2a: Grumpig\n|-supereffective|p2a: Grumpig\n|-damage|p2a: Grumpig|205/297\n|\n|upkeep\n|turn|19\n|inactive|Time left: 300 sec this turn | 300 sec total\n|\n|t:|1783573474\n|move|p2a: Grumpig|Psychic|p1a: Mandibuzz\n|-immune|p1a: Mandibuzz\n|move|p1a: Mandibuzz|Foul Play|p2a: Grumpig\n|-supereffective|p2a: Grumpig\n|-damage|p2a: Grumpig|107/297\n|\n|upkeep\n|turn|20\n|inactive|Time left: 300 sec this turn | 300 sec total\n|\n|t:|1783573475\n|move|p2a: Grumpig|Psychic|p1a: Mandibuzz\n|-immune|p1a: Mandibuzz\n|move|p1a: Mandibuzz|Foul Play|p2a: Grumpig\n|-supereffective|p2a: Grumpig\n|-damage|p2a: Grumpig|5/297\n|\n|upkeep\n|turn|21\n|inactive|Time left: 300 sec this turn | 300 sec total\n|\n|t:|1783573476\n|switch|p2a: Goodra|Goodra, L85, M|47/292\n|move|p1a: Mandibuzz|Foul Play|p2a: Goodra\n|-damage|p2a: Goodra|0 fnt\n|faint|p2a: Goodra\n|\n|upkeep\n|inactive|Time left: 300 sec this turn | 300 sec total | 5 sec grace\n|\n|t:|1783573477\n|switch|p2a: Grumpig|Grumpig, L92, M|5/297\n|turn|22\n|inactive|Time left: 300 sec this turn | 300 sec total\n|\n|t:|1783573478\n|move|p2a: Grumpig|Earth Power|p1a: Mandibuzz\n|-immune|p1a: Mandibuzz\n|move|p1a: Mandibuzz|Foul Play|p2a: Grumpig\n|-supereffective|p2a: Grumpig\n|-damage|p2a: Grumpig|0 fnt\n|faint|p2a: Grumpig\n|\n|win|p0x29044454", "uploadtime": 1783573478, "views": 0, "rating": 0, "private": 0, "password": null, "_winner": "p0x29044454", "_our_name": "p0y2904b8b4"}