{"id": "battle-gen9randombattle-1028", "formatid": "gen9randombattle", "format": "[Gen 9] Random Battle", "players": ["p0x1028ba86", "p0y10280fa1"], "log": "|init|battle\n|title|p0x1028ba86 vs. p0y10280fa1\n|j|\u2606p0x1028ba86\n|j|\u2606p0y10280fa1\n|t:|1783551109\n|gametype|singles\n|player|p1|p0x1028ba86|170|\n|player|p2|p0y10280fa1|266|\n|gen|9\n|tier|[Gen 9] Random Battle\n|rule|Species Clause: Limit one of each Pok\u00e9mon\n|rule|HP Percentage Mod: HP is shown in percentages\n|rule|Sleep Clause Mod: Limit one foe put to sleep\n|rule|Illusion Level Mod: Illusion disguises the Pok\u00e9mon's true level\n|\n|t:|1783551109\n|teamsize|p1|6\n|teamsize|p2|6\n|start\n|switch|p1a: Dodrio|Dodrio, L85, M|241/241\n|switch|p2a: Eternatus|Eternatus, L69|100/100\n|-ability|p2a: Eternatus|Pressure\n|turn|1\n|inactive|Battle timer is ON: inactive players will automatically lose when time's up. (requested by p0y10280fa1)\n|inactive|Time left: 300 sec this turn | 300 sec total | 60 sec grace\n|inactive|p0x1028ba86 also wants the timer to be on.\n|\n|t:|1783551111\n|move|p1a: Dodrio|Swords Dance|p1a: Dodrio\n|-boost|p1a: Dodrio|atk|2\n|move|p2a: Eternatus|Meteor Beam||[still]\n|-prepare|p2a: Eternatus|Meteor Beam\n|-boost|p2a: Eternatus|spa|1\n|-enditem|p2a: Eternatus|Power Herb\n|-anim|p2a: Eternatus|Meteor Beam|p1a: Dodrio\n|-supereffective|p1a: Dodrio\n|-damage|p1a: Dodrio|0 fnt\n|faint|p1a: Dodrio\n|\n|upkeep\n|inactive|Time left: 300 sec this turn | 300 sec total | 65 sec grace\n|\n|t:|1783551112\n|switch|p1a: Palossand|Palossand, L89, F|296/296\n|turn|2\n|inactive|Time left: 300 sec this turn | 300 sec total\n|\n|t:|1783551113\n|move|p2a: Eternatus|Dynamax Cannon|p1a: Palossand\n|-damage|p1a: Palossand|134/296\n|move|p1a: Palossand|Earth Power|p2a: Eternatus\n|-supereffective|p2a: Eternatus\n|-crit|p2a: Eternatus\n|-damage|p2a: Eternatus|0 fnt\n|faint|p2a: Eternatus\n|\n|-heal|p1a: Palossand|152/296|[from] item: Leftovers\n|upkeep\n|\n|t:|1783551114\n|switch|p2a: Clawitzer|Clawitzer, L87, M|100/100\n|turn|3\n|inactive|Time left: 300 sec this turn | 300 sec total\n|\n|t:|1783551115\n|switch|p1a: Cresselia|Cresselia, L80, F|323/323\n|move|p2a: Clawitzer|Dark Pulse|p1a: Cresselia\n|-supereffective|p1a: Cresselia\n|-damage|p1a: Cresselia|65/323\n|\n|-heal|p1a: Cresselia|85/323|[from] item: Leftovers\n|upkeep\n|turn|4\n|inactive|Time left: 300 sec this turn | 300 sec total\n|\n|t:|1783551116\n|move|p1a: Cresselia|Moonlight|p1a: Cresselia\n|-heal|p1a: Cresselia|246/323\n|move|p2a: Clawitzer|Dark Pulse|p1a: Cresselia\n|-supereffective|p1a: Cresselia\n|-damage|p1a: Cresselia|0 fnt\n|faint|p1a: Cresselia\n|\n|upkeep\n|inactive|Time left: 300 sec this turn | 300 sec total | 5 sec grace\n|\n|t:|1783551117\n|switch|p1a: Magnezone|Magnezone, L85|258/258\n|turn|5\n|inactive|Time left: 300 sec this turn | 300 sec total\n|\n|t:|1783551118\n|move|p2a: Clawitzer|Dark Pulse|p1a: Magnezone\n|-damage|p1a: Magnezone|146/258\n|move|p1a: Magnezone|Discharge|p2a: Clawitzer\n|-supereffective|p2a: Clawitzer\n|-damage|p2a: Clawitzer|5/100\n|\n|upkeep\n|turn|6\n|inactive|Time left: 300 sec this turn | 300 sec total\n|\n|t:|1783551119\n|move|p2a: Clawitzer|Dark Pulse|p1a: Magnezone\n|-damage|p1a: Magnezone|50/258\n|move|p1a: Magnezone|Volt Switch|p2a: Clawitzer\n|-supereffective|p2a: Clawitzer\n|-damage|p2a: Clawitzer|0 fnt\n|faint|p2a: Clawitzer\n|inactive|Time left: 300 sec this turn | 300 sec total | 5 sec grace\n|\n|t:|1783551120\n|switch|p1a: Clefable|Clefable, L83, M|293/293|[from] Volt Switch\n|\n|upkeep\n|\n|t:|1783551121\n|switch|p2a: Basculin|Basculin-Blue-Striped, L86, F|100/100\n|turn|7\n|inactive|Time left: 300 sec this turn | 300 sec total\n|\n|t:|1783551122\n|move|p2a: Basculin|Wave Crash|p1a: Clefable\n|-damage|p1a: Clefable|0 fnt\n|faint|p1a: Clefable\n|-damage|p2a: Basculin|63/100|[from] Recoil\n|\n|upkeep\n|inactive|Time left: 300 sec this turn | 300 sec total | 5 sec grace\n|\n|t:|1783551123\n|switch|p1a: Palossand|Palossand, L89, F|152/296\n|turn|8\n|inactive|Time left: 300 sec this turn | 300 sec total\n|\n|t:|1783551124\n|-terastallize|p1a: Palossand|Water\n|move|p2a: Basculin|Wave Crash|p1a: Palossand\n|-resisted|p1a: Palossand\n|-damage|p1a: Palossand|55/296\n|-ability|p1a: Palossand|Water Compaction|boost\n|-boost|p1a: Palossand|def|2\n|-damage|p2a: Basculin|51/100|[from] Recoil\n|move|p1a: Palossand|Shore Up|p1a: Palossand\n|-heal|p1a: Palossand|203/296\n|\n|-heal|p1a: Palossand|221/296|[from] item: Leftovers\n|upkeep\n|turn|9\n|inactive|Time left: 300 sec this turn | 300 sec total\n|\n|t:|1783551125\n|switch|p2a: Necrozma|Necrozma, L80|100/100\n|move|p1a: Palossand|Shadow Ball|p2a: Necrozma\n|-supereffective|p2a: Necrozma\n|-damage|p2a: Necrozma|52/100\n|-enditem|p2a: Necrozma|Weakness Policy\n|-boost|p2a: Necrozma|atk|2|[from] item: Weakness Policy\n|-boost|p2a: Necrozma|spa|2|[from] item: Weakness Policy\n|\n|-heal|p1a: Palossand|239/296|[from] item: Leftovers\n|upkeep\n|turn|10\n|inactive|Time left: 300 sec this turn | 300 sec total\n|\n|t:|1783551126\n|switch|p1a: Magnezone|Magnezone, L85|50/258\n|move|p2a: Necrozma|Photon Geyser|p1a: Magnezone\n|-resisted|p1a: Magnezone\n|-damage|p1a: Magnezone|0 fnt\n|faint|p1a: Magnezone\n|\n|upkeep\n|inactive|Time left: 300 sec this turn | 300 sec total | 5 sec grace\n|\n|t:|1783551127\n|switch|p1a: Palossand|Palossand, L89, F, tera:Water|239/296\n|turn|11\n|inactive|Time left: 300 sec this turn | 300 sec total\n|\n|t:|1783551128\n|move|p2a: Necrozma|Photon Geyser|p1a: Palossand\n|-damage|p1a: Palossand|0 fnt\n|faint|p1a: Palossand\n|\n|upkeep\n|inactive|Time left: 300 sec this turn | 300 sec total | 5 sec grace\n|\n|t:|1783551129\n|switch|p1a: Kommo-o|Kommo-o, L77, M|242/242\n|turn|12\n|inactive|Time left: 300 sec this turn | 300 sec total\n|\n|t:|1783551130\n|move|p1a: Kommo-o|Iron Head|p2a: Necrozma\n|-damage|p2a: Necrozma|34/100\n|move|p2a: Necrozma|Photon Geyser|p1a: Kommo-o\n|-supereffective|p1a: Kommo-o\n|-damage|p1a: Kommo-o|0 fnt\n|faint|p1a: Kommo-o\n|\n|win|p0y10280fa1", "uploadtime": 1783551130, "views": 0, "rating": 0, "private": 0, "password": null, "_winner": "p0y10280fa1", "_our_name": "p0x1028ba86"}