{"id": "battle-gen9randombattle-2030", "formatid": "gen9randombattle", "format": "[Gen 9] Random Battle", "players": ["p0x2030c7da", "p0y20301c2c"], "log": "|init|battle\n|title|p0x2030c7da vs. p0y20301c2c\n|j|\u2606p0x2030c7da\n|j|\u2606p0y20301c2c\n|t:|1783562755\n|gametype|singles\n|player|p1|p0x2030c7da|170|\n|player|p2|p0y20301c2c|170|\n|gen|9\n|tier|[Gen 9] Random Battle\n|rule|Species Clause: Limit one of each Pok\u00e9mon\n|rule|HP Percentage Mod: HP is shown in percentages\n|rule|Sleep Clause Mod: Limit one foe put to sleep\n|rule|Illusion Level Mod: Illusion disguises the Pok\u00e9mon's true level\n|\n|t:|1783562755\n|teamsize|p1|6\n|teamsize|p2|6\n|start\n|switch|p1a: Volbeat|Volbeat, L90, M|263/263\n|switch|p2a: Wyrdeer|Wyrdeer, L87, M|100/100\n|-ability|p2a: Wyrdeer|Intimidate|boost\n|-unboost|p1a: Volbeat|atk|1\n|turn|1\n|inactive|Battle timer is ON: inactive players will automatically lose when time's up. (requested by p0y20301c2c)\n|inactive|Time left: 300 sec this turn | 300 sec total | 60 sec grace\n|inactive|p0x2030c7da also wants the timer to be on.\n|\n|t:|1783562757\n|move|p1a: Volbeat|U-turn|p2a: Wyrdeer\n|-supereffective|p2a: Wyrdeer\n|-damage|p2a: Wyrdeer|68/100\n|inactive|Time left: 300 sec this turn | 300 sec total | 65 sec grace\n|\n|t:|1783562758\n|switch|p1a: Grimmsnarl|Grimmsnarl, L83, M|293/293|[from] U-turn\n|move|p2a: Wyrdeer|Megahorn|p1a: Grimmsnarl\n|-damage|p1a: Grimmsnarl|171/293\n|\n|-heal|p2a: Wyrdeer|74/100|[from] item: Leftovers\n|-heal|p1a: Grimmsnarl|189/293|[from] item: Leftovers\n|upkeep\n|turn|2\n|inactive|Time left: 300 sec this turn | 300 sec total\n|\n|t:|1783562759\n|move|p2a: Wyrdeer|Megahorn|p1a: Grimmsnarl|[miss]\n|-miss|p2a: Wyrdeer|p1a: Grimmsnarl\n|move|p1a: Grimmsnarl|Spirit Break|p2a: Wyrdeer\n|-damage|p2a: Wyrdeer|41/100\n|-unboost|p2a: Wyrdeer|spa|1\n|\n|-heal|p2a: Wyrdeer|48/100|[from] item: Leftovers\n|-heal|p1a: Grimmsnarl|207/293|[from] item: Leftovers\n|upkeep\n|turn|3\n|inactive|Time left: 300 sec this turn | 300 sec total\n|\n|t:|1783562760\n|move|p2a: Wyrdeer|Thunder Wave|p1a: Grimmsnarl\n|-status|p1a: Grimmsnarl|par\n|cant|p1a: Grimmsnarl|par\n|\n|-heal|p2a: Wyrdeer|54/100|[from] item: Leftovers\n|-heal|p1a: Grimmsnarl|225/293 par|[from] item: Leftovers\n|upkeep\n|turn|4\n|inactive|Time left: 300 sec this turn | 300 sec total\n|\n|t:|1783562760\n|switch|p2a: Clefable|Clefable, L83, M|100/100\n|move|p1a: Grimmsnarl|Spirit Break|p2a: Clefable\n|-damage|p2a: Clefable|61/100\n|-unboost|p2a: Clefable|spa|1\n|\n|-heal|p1a: Grimmsnarl|243/293 par|[from] item: Leftovers\n|upkeep\n|turn|5\n|inactive|Time left: 300 sec this turn | 300 sec total\n|\n|t:|1783562761\n|move|p2a: Clefable|Moonblast|p1a: Grimmsnarl\n|-supereffective|p1a: Grimmsnarl\n|-crit|p1a: Grimmsnarl\n|-damage|p1a: Grimmsnarl|0 fnt\n|faint|p1a: Grimmsnarl\n|\n|upkeep\n|inactive|Time left: 300 sec this turn | 300 sec total | 5 sec grace\n|\n|t:|1783562762\n|switch|p1a: Falinks|Falinks, L84|246/246\n|turn|6\n|inactive|Time left: 300 sec this turn | 300 sec total\n|\n|t:|1783562763\n|move|p1a: Falinks|No Retreat|p1a: Falinks\n|-boost|p1a: Falinks|atk|1\n|-boost|p1a: Falinks|def|1\n|-boost|p1a: Falinks|spa|1\n|-boost|p1a: Falinks|spd|1\n|-boost|p1a: Falinks|spe|1\n|-start|p1a: Falinks|move: No Retreat\n|move|p2a: Clefable|Moonblast|p1a: Falinks\n|-supereffective|p1a: Falinks\n|-damage|p1a: Falinks|103/246\n|\n|upkeep\n|turn|7\n|inactive|Time left: 300 sec this turn | 300 sec total\n|\n|t:|1783562764\n|switch|p2a: Tropius|Tropius, L91, M|100/100\n|move|p1a: Falinks|Iron Head|p2a: Tropius\n|-damage|p2a: Tropius|68/100\n|-damage|p1a: Falinks|79/246|[from] item: Life Orb\n|\n|upkeep\n|turn|8\n|inactive|Time left: 300 sec this turn | 300 sec total\n|\n|t:|1783562765\n|move|p1a: Falinks|Iron Head|p2a: Tropius\n|-damage|p2a: Tropius|37/100\n|-enditem|p2a: Tropius|Sitrus Berry|[eat]\n|-heal|p2a: Tropius|62/100|[from] item: Sitrus Berry\n|-damage|p1a: Falinks|55/246|[from] item: Life Orb\n|cant|p2a: Tropius|flinch\n|\n|upkeep\n|turn|9\n|inactive|Time left: 300 sec this turn | 300 sec total\n|\n|t:|1783562766\n|move|p1a: Falinks|Iron Head|p2a: Tropius\n|-damage|p2a: Tropius|27/100\n|-damage|p1a: Falinks|31/246|[from] item: Life Orb\n|move|p2a: Tropius|Air Slash|p1a: Falinks\n|-supereffective|p1a: Falinks\n|-damage|p1a: Falinks|0 fnt\n|faint|p1a: Falinks\n|\n|upkeep\n|inactive|Time left: 300 sec this turn | 300 sec total | 5 sec grace\n|\n|t:|1783562767\n|switch|p1a: Metagross|Metagross, L79|256/256\n|turn|10\n|inactive|Time left: 300 sec this turn | 300 sec total\n|\n|t:|1783562768\n|move|p1a: Metagross|Heavy Slam|p2a: Tropius\n|-damage|p2a: Tropius|0 fnt\n|faint|p2a: Tropius\n|\n|upkeep\n|\n|t:|1783562768\n|switch|p2a: Gallade|Gallade, L80, M|100/100\n|turn|11\n|inactive|Time left: 300 sec this turn | 300 sec total\n|\n|t:|1783562770\n|-terastallize|p2a: Gallade|Dark\n|move|p2a: Gallade|Night Slash|p1a: Metagross\n|-supereffective|p1a: Metagross\n|-damage|p1a: Metagross|0 fnt\n|faint|p1a: Metagross\n|\n|upkeep\n|inactive|Time left: 300 sec this turn | 300 sec total | 5 sec grace\n|\n|t:|1783562771\n|switch|p1a: Volbeat|Volbeat, L90, M|263/263\n|turn|12\n|inactive|Time left: 300 sec this turn | 300 sec total\n|\n|t:|1783562772\n|move|p1a: Volbeat|U-turn|p2a: Gallade\n|-supereffective|p2a: Gallade\n|-damage|p2a: Gallade|28/100\n|inactive|Time left: 300 sec this turn | 300 sec total | 5 sec grace\n|\n|t:|1783562773\n|switch|p1a: Vaporeon|Vaporeon, L86, M|364/364|[from] U-turn\n|move|p2a: Gallade|Night Slash|p1a: Vaporeon\n|-damage|p1a: Vaporeon|118/364\n|\n|-heal|p1a: Vaporeon|140/364|[from] item: Leftovers\n|upkeep\n|turn|13\n|inactive|Time left: 300 sec this turn | 300 sec total\n|\n|t:|1783562774\n|move|p1a: Vaporeon|Protect|p1a: Vaporeon\n|-singleturn|p1a: Vaporeon|Protect\n|move|p2a: Gallade|Night Slash|p1a: Vaporeon\n|-activate|p1a: Vaporeon|move: Protect\n|\n|-heal|p1a: Vaporeon|162/364|[from] item: Leftovers\n|upkeep\n|turn|14\n|inactive|Time left: 300 sec this turn | 300 sec total\n|\n|t:|1783562775\n|move|p2a: Gallade|Night Slash|p1a: Vaporeon\n|-damage|p1a: Vaporeon|0 fnt\n|faint|p1a: Vaporeon\n|\n|upkeep\n|inactive|Time left: 300 sec this turn | 300 sec total | 5 sec grace\n|\n|t:|1783562776\n|switch|p1a: Volbeat|Volbeat, L90, M|263/263\n|turn|15\n|inactive|Time left: 300 sec this turn | 300 sec total\n|\n|t:|1783562777\n|switch|p2a: Tornadus|Tornadus-Therian, L79, M|100/100\n|move|p1a: Volbeat|U-turn|p2a: Tornadus\n|-resisted|p2a: Tornadus\n|-damage|p2a: Tornadus|85/100\n|inactive|Time left: 300 sec this turn | 300 sec total | 5 sec grace\n|\n|t:|1783562778\n|switch|p1a: Whiscash|Whiscash, L88, M|337/337|[from] U-turn\n|\n|upkeep\n|turn|16\n|inactive|Time left: 300 sec this turn | 300 sec total\n|\n|t:|1783562779\n|move|p2a: Tornadus|Grass Knot|p1a: Whiscash\n|-supereffective|p1a: Whiscash\n|-damage|p1a: Whiscash|157/337\n|move|p1a: Whiscash|Hydro Pump|p2a: Tornadus\n|-damage|p2a: Tornadus|41/100\n|\n|-heal|p1a: Whiscash|178/337|[from] item: Leftovers\n|upkeep\n|turn|17\n|inactive|Time left: 300 sec this turn | 300 sec total\n|\n|t:|1783562780\n|move|p2a: Tornadus|Grass Knot|p1a: Whiscash\n|-supereffective|p1a: Whiscash\n|-damage|p1a: Whiscash|0 fnt\n|faint|p1a: Whiscash\n|\n|upkeep\n|inactive|Time left: 300 sec this turn | 300 sec total | 5 sec grace\n|\n|t:|1783562781\n|switch|p1a: Volbeat|Volbeat, L90, M|263/263\n|turn|18\n|inactive|Time left: 300 sec this turn | 300 sec total\n|\n|t:|1783562782\n|switch|p2a: Wyrdeer|Wyrdeer, L87, M|54/100\n|-ability|p2a: Wyrdeer|Intimidate|boost\n|-unboost|p1a: Volbeat|atk|1\n|move|p1a: Volbeat|Thunder Wave|p2a: Wyrdeer|[miss]\n|-miss|p1a: Volbeat|p2a: Wyrdeer\n|\n|-heal|p2a: Wyrdeer|60/100|[from] item: Leftovers\n|upkeep\n|turn|19\n|inactive|Time left: 300 sec this turn | 300 sec total\n|\n|t:|1783562783\n|switch|p2a: Tornadus|Tornadus-Therian, L79, M|75/100\n|move|p1a: Volbeat|U-turn|p2a: Tornadus\n|-resisted|p2a: Tornadus\n|-damage|p2a: Tornadus|64/100\n|\n|upkeep\n|turn|20\n|inactive|Time left: 300 sec this turn | 300 sec total\n|\n|t:|1783562784\n|move|p1a: Volbeat|Thunder Wave|p2a: Tornadus\n|-status|p2a: Tornadus|par\n|move|p2a: Tornadus|Bleakwind Storm|p1a: Volbeat\n|-supereffective|p1a: Volbeat\n|-damage|p1a: Volbeat|0 fnt\n|faint|p1a: Volbeat\n|\n|win|p0y20301c2c", "uploadtime": 1783562784, "views": 0, "rating": 0, "private": 0, "password": null, "_winner": "p0y20301c2c", "_our_name": "p0x2030c7da"}