{"id": "battle-gen9randombattle-1806", "formatid": "gen9randombattle", "format": "[Gen 9] Random Battle", "players": ["p0x180682fe", "p0y180693ec"], "log": "|init|battle\n|title|p0x180682fe vs. p0y180693ec\n|j|\u2606p0x180682fe\n|j|\u2606p0y180693ec\n|t:|1783560155\n|gametype|singles\n|player|p1|p0x180682fe|265|\n|player|p2|p0y180693ec|101|\n|gen|9\n|tier|[Gen 9] Random Battle\n|rule|Species Clause: Limit one of each Pok\u00e9mon\n|rule|HP Percentage Mod: HP is shown in percentages\n|rule|Sleep Clause Mod: Limit one foe put to sleep\n|rule|Illusion Level Mod: Illusion disguises the Pok\u00e9mon's true level\n|\n|t:|1783560155\n|teamsize|p1|6\n|teamsize|p2|6\n|start\n|switch|p1a: Azumarill|Azumarill, L82, M|298/298\n|switch|p2a: Typhlosion|Typhlosion-Hisui, L83, M|100/100\n|turn|1\n|inactive|Battle timer is ON: inactive players will automatically lose when time's up. (requested by p0y180693ec)\n|inactive|Time left: 300 sec this turn | 300 sec total | 60 sec grace\n|inactive|p0x180682fe also wants the timer to be on.\n|\n|t:|1783560157\n|switch|p2a: Suicune|Suicune, L82|100/100\n|-ability|p2a: Suicune|Pressure\n|move|p1a: Azumarill|Liquidation|p2a: Suicune\n|-resisted|p2a: Suicune\n|-damage|p2a: Suicune|79/100\n|\n|-heal|p2a: Suicune|85/100|[from] item: Leftovers\n|upkeep\n|turn|2\n|inactive|Time left: 300 sec this turn | 300 sec total\n|\n|t:|1783560158\n|move|p2a: Suicune|Calm Mind|p2a: Suicune\n|-boost|p2a: Suicune|spa|1\n|-boost|p2a: Suicune|spd|1\n|move|p1a: Azumarill|Liquidation|p2a: Suicune\n|-resisted|p2a: Suicune\n|-damage|p2a: Suicune|63/100\n|-unboost|p2a: Suicune|def|1\n|\n|-heal|p2a: Suicune|69/100|[from] item: Leftovers\n|upkeep\n|turn|3\n|inactive|Time left: 300 sec this turn | 300 sec total\n|\n|t:|1783560159\n|move|p2a: Suicune|Scald|p1a: Azumarill\n|-resisted|p1a: Azumarill\n|-damage|p1a: Azumarill|234/298\n|move|p1a: Azumarill|Liquidation|p2a: Suicune\n|-resisted|p2a: Suicune\n|-damage|p2a: Suicune|35/100\n|\n|-heal|p2a: Suicune|41/100|[from] item: Leftovers\n|upkeep\n|turn|4\n|inactive|Time left: 300 sec this turn | 300 sec total\n|\n|t:|1783560160\n|move|p2a: Suicune|Scald|p1a: Azumarill\n|-resisted|p1a: Azumarill\n|-damage|p1a: Azumarill|170/298\n|-status|p1a: Azumarill|brn\n|move|p1a: Azumarill|Liquidation|p2a: Suicune\n|-resisted|p2a: Suicune\n|-damage|p2a: Suicune|26/100\n|\n|-heal|p2a: Suicune|32/100|[from] item: Leftovers\n|-damage|p1a: Azumarill|152/298 brn|[from] brn\n|upkeep\n|turn|5\n|inactive|Time left: 300 sec this turn | 300 sec total\n|\n|t:|1783560161\n|move|p2a: Suicune|Rest|p2a: Suicune\n|-status|p2a: Suicune|slp|[from] move: Rest\n|-heal|p2a: Suicune|100/100 slp|[silent]\n|move|p1a: Azumarill|Liquidation|p2a: Suicune\n|-resisted|p2a: Suicune\n|-crit|p2a: Suicune\n|-damage|p2a: Suicune|76/100 slp\n|\n|-heal|p2a: Suicune|82/100 slp|[from] item: Leftovers\n|-damage|p1a: Azumarill|134/298 brn|[from] brn\n|upkeep\n|turn|6\n|inactive|Time left: 300 sec this turn | 300 sec total\n|\n|t:|1783560162\n|cant|p2a: Suicune|slp\n|move|p2a: Suicune|Sleep Talk|p2a: Suicune\n|move|p2a: Suicune|Calm Mind|p2a: Suicune|[from] move: Sleep Talk\n|-boost|p2a: Suicune|spa|1\n|-boost|p2a: Suicune|spd|1\n|move|p1a: Azumarill|Liquidation|p2a: Suicune\n|-resisted|p2a: Suicune\n|-damage|p2a: Suicune|67/100 slp\n|-unboost|p2a: Suicune|def|1\n|\n|-heal|p2a: Suicune|73/100 slp|[from] item: Leftovers\n|-damage|p1a: Azumarill|116/298 brn|[from] brn\n|upkeep\n|turn|7\n|inactive|Time left: 300 sec this turn | 300 sec total\n|\n|t:|1783560163\n|cant|p2a: Suicune|slp\n|move|p2a: Suicune|Sleep Talk|p2a: Suicune\n|move|p2a: Suicune|Calm Mind|p2a: Suicune|[from] move: Sleep Talk\n|-boost|p2a: Suicune|spa|1\n|-boost|p2a: Suicune|spd|1\n|move|p1a: Azumarill|Liquidation|p2a: Suicune\n|-resisted|p2a: Suicune\n|-damage|p2a: Suicune|53/100 slp\n|\n|-heal|p2a: Suicune|59/100 slp|[from] item: Leftovers\n|-damage|p1a: Azumarill|98/298 brn|[from] brn\n|upkeep\n|turn|8\n|inactive|Time left: 300 sec this turn | 300 sec total\n|\n|t:|1783560164\n|-curestatus|p2a: Suicune|slp|[msg]\n|move|p2a: Suicune|Scald|p1a: Azumarill\n|-resisted|p1a: Azumarill\n|-damage|p1a: Azumarill|0 fnt\n|faint|p1a: Azumarill\n|\n|-heal|p2a: Suicune|65/100|[from] item: Leftovers\n|upkeep\n|inactive|Time left: 300 sec this turn | 300 sec total | 5 sec grace\n|\n|t:|1783560165\n|switch|p1a: Flamigo|Flamigo, L82, M|269/269\n|turn|9\n|inactive|Time left: 300 sec this turn | 300 sec total\n|\n|t:|1783560167\n|move|p1a: Flamigo|Close Combat|p2a: Suicune\n|-damage|p2a: Suicune|0 fnt\n|-unboost|p1a: Flamigo|def|1\n|-unboost|p1a: Flamigo|spd|1\n|faint|p2a: Suicune\n|-damage|p1a: Flamigo|243/269|[from] item: Life Orb\n|\n|upkeep\n|\n|t:|1783560168\n|switch|p2a: Typhlosion|Typhlosion-Hisui, L83, M|100/100\n|turn|10\n|inactive|Time left: 300 sec this turn | 300 sec total\n|\n|t:|1783560169\n|switch|p1a: Arcanine|Arcanine, L84, F|288/288\n|-ability|p1a: Arcanine|Intimidate|boost\n|-unboost|p2a: Typhlosion|atk|1\n|move|p2a: Typhlosion|Eruption|p1a: Arcanine\n|-resisted|p1a: Arcanine\n|-damage|p1a: Arcanine|182/288\n|\n|upkeep\n|turn|11\n|inactive|Time left: 300 sec this turn | 300 sec total\n|\n|t:|1783560170\n|move|p2a: Typhlosion|Eruption|p1a: Arcanine\n|-resisted|p1a: Arcanine\n|-damage|p1a: Arcanine|91/288\n|move|p1a: Arcanine|Morning Sun|p1a: Arcanine\n|-heal|p1a: Arcanine|235/288\n|\n|upkeep\n|turn|12\n|inactive|Time left: 300 sec this turn | 300 sec total\n|\n|t:|1783560171\n|move|p2a: Typhlosion|Eruption|p1a: Arcanine\n|-resisted|p1a: Arcanine\n|-damage|p1a: Arcanine|144/288\n|move|p1a: Arcanine|Flare Blitz|p2a: Typhlosion\n|-resisted|p2a: Typhlosion\n|-damage|p2a: Typhlosion|69/100\n|-damage|p1a: Arcanine|117/288|[from] Recoil\n|\n|upkeep\n|turn|13\n|inactive|Time left: 300 sec this turn | 300 sec total\n|\n|t:|1783560172\n|move|p2a: Typhlosion|Eruption|p1a: Arcanine\n|-resisted|p1a: Arcanine\n|-damage|p1a: Arcanine|47/288\n|move|p1a: Arcanine|Morning Sun|p1a: Arcanine\n|-heal|p1a: Arcanine|191/288\n|\n|upkeep\n|turn|14\n|inactive|Time left: 300 sec this turn | 300 sec total\n|\n|t:|1783560173\n|move|p2a: Typhlosion|Eruption|p1a: Arcanine\n|-resisted|p1a: Arcanine\n|-damage|p1a: Arcanine|126/288\n|move|p1a: Arcanine|Morning Sun|p1a: Arcanine\n|-heal|p1a: Arcanine|270/288\n|\n|upkeep\n|turn|15\n|inactive|Time left: 300 sec this turn | 300 sec total\n|\n|t:|1783560174\n|move|p2a: Typhlosion|Eruption|p1a: Arcanine\n|-resisted|p1a: Arcanine\n|-damage|p1a: Arcanine|207/288\n|move|p1a: Arcanine|Flare Blitz|p2a: Typhlosion\n|-resisted|p2a: Typhlosion\n|-damage|p2a: Typhlosion|38/100\n|-damage|p1a: Arcanine|181/288|[from] Recoil\n|\n|upkeep\n|turn|16\n|inactive|Time left: 300 sec this turn | 300 sec total\n|\n|t:|1783560175\n|move|p2a: Typhlosion|Eruption|p1a: Arcanine\n|-resisted|p1a: Arcanine\n|-damage|p1a: Arcanine|141/288\n|move|p1a: Arcanine|Morning Sun|p1a: Arcanine\n|-heal|p1a: Arcanine|285/288\n|\n|upkeep\n|turn|17\n|inactive|Time left: 300 sec this turn | 300 sec total\n|\n|t:|1783560176\n|move|p2a: Typhlosion|Eruption|p1a: Arcanine\n|-resisted|p1a: Arcanine\n|-damage|p1a: Arcanine|245/288\n|move|p1a: Arcanine|Flare Blitz|p2a: Typhlosion\n|-resisted|p2a: Typhlosion\n|-damage|p2a: Typhlosion|6/100\n|-damage|p1a: Arcanine|218/288|[from] Recoil\n|\n|upkeep\n|turn|18\n|inactive|Time left: 300 sec this turn | 300 sec total\n|\n|t:|1783560177\n|switch|p2a: Incineroar|Incineroar, L82, F|100/100\n|-ability|p2a: Incineroar|Intimidate|boost\n|-unboost|p1a: Arcanine|atk|1\n|move|p1a: Arcanine|Flare Blitz|p2a: Incineroar\n|-resisted|p2a: Incineroar\n|-damage|p2a: Incineroar|85/100\n|-damage|p1a: Arcanine|203/288|[from] Recoil\n|\n|upkeep\n|turn|19\n|inactive|Time left: 300 sec this turn | 300 sec total\n|\n|t:|1783560178\n|switch|p1a: Avalugg|Avalugg-Hisui, L90, F|317/317\n|move|p2a: Incineroar|Knock Off|p1a: Avalugg\n|-damage|p1a: Avalugg|265/317\n|-enditem|p1a: Avalugg|Heavy-Duty Boots|[from] move: Knock Off|[of] p2a: Incineroar\n|\n|upkeep\n|turn|20\n|inactive|Time left: 300 sec this turn | 300 sec total\n|\n|t:|1783560179\n|move|p2a: Incineroar|Will-O-Wisp|p1a: Avalugg|[miss]\n|-miss|p2a: Incineroar|p1a: Avalugg\n|move|p1a: Avalugg|Stone Edge|p2a: Incineroar\n|-supereffective|p2a: Incineroar\n|-damage|p2a: Incineroar|0 fnt\n|faint|p2a: Incineroar\n|\n|upkeep\n|\n|t:|1783560180\n|switch|p2a: Typhlosion|Typhlosion-Hisui, L83, M|6/100\n|turn|21\n|inactive|Time left: 300 sec this turn | 300 sec total\n|\n|t:|1783560181\n|switch|p1a: Umbreon|Umbreon, L84, M|297/297\n|move|p2a: Typhlosion|Fire Blast|p1a: Umbreon\n|-damage|p1a: Umbreon|162/297\n|\n|-heal|p1a: Umbreon|180/297|[from] item: Leftovers\n|upkeep\n|turn|22\n|inactive|Time left: 300 sec this turn | 300 sec total\n|\n|t:|1783560182\n|-terastallize|p2a: Typhlosion|Fire\n|move|p1a: Umbreon|Protect|p1a: Umbreon\n|-singleturn|p1a: Umbreon|Protect\n|move|p2a: Typhlosion|Fire Blast|p1a: Umbreon\n|-activate|p1a: Umbreon|move: Protect\n|\n|-heal|p1a: Umbreon|198/297|[from] item: Leftovers\n|upkeep\n|turn|23\n|inactive|Time left: 300 sec this turn | 300 sec total\n|\n|t:|1783560183\n|move|p2a: Typhlosion|Fire Blast|p1a: Umbreon\n|-damage|p1a: Umbreon|12/297\n|move|p1a: Umbreon|Foul Play|p2a: Typhlosion\n|-damage|p2a: Typhlosion|0 fnt\n|faint|p2a: Typhlosion\n|\n|-heal|p1a: Umbreon|30/297|[from] item: Leftovers\n|upkeep\n|\n|t:|1783560184\n|switch|p2a: Articuno|Articuno, L86|100/100\n|-ability|p2a: Articuno|Pressure\n|turn|24\n|inactive|Time left: 300 sec this turn | 300 sec total\n|\n|t:|1783560185\n|switch|p1a: Avalugg|Avalugg-Hisui, L90, F|265/317\n|move|p2a: Articuno|Freeze-Dry|p1a: Avalugg\n|-resisted|p1a: Avalugg\n|-damage|p1a: Avalugg|196/317\n|\n|upkeep\n|turn|25\n|inactive|Time left: 300 sec this turn | 300 sec total\n|\n|t:|1783560186\n|switch|p2a: Deoxys|Deoxys-Speed, L82|100/100\n|-ability|p2a: Deoxys|Pressure\n|move|p1a: Avalugg|Stone Edge|p2a: Deoxys|[miss]\n|-miss|p1a: Avalugg|p2a: Deoxys\n|\n|upkeep\n|turn|26\n|inactive|Time left: 300 sec this turn | 300 sec total\n|\n|t:|1783560187\n|move|p2a: Deoxys|Nasty Plot|p2a: Deoxys\n|-boost|p2a: Deoxys|spa|2\n|move|p1a: Avalugg|Recover|p1a: Avalugg\n|-heal|p1a: Avalugg|317/317\n|\n|upkeep\n|turn|27\n|inactive|Time left: 300 sec this turn | 300 sec total\n|\n|t:|1783560188\n|move|p2a: Deoxys|Dark Pulse|p1a: Avalugg\n|-damage|p1a: Avalugg|78/317\n|-damage|p2a: Deoxys|91/100|[from] item: Life Orb\n|move|p1a: Avalugg|Avalanche|p2a: Deoxys\n|-damage|p2a: Deoxys|4/100\n|\n|upkeep\n|turn|28\n|inactive|Time left: 300 sec this turn | 300 sec total\n|\n|t:|1783560189\n|move|p2a: Deoxys|Psycho Boost|p1a: Avalugg\n|-damage|p1a: Avalugg|0 fnt\n|-unboost|p2a: Deoxys|spa|2\n|faint|p1a: Avalugg\n|-damage|p2a: Deoxys|0 fnt|[from] item: Life Orb\n|faint|p2a: Deoxys\n|\n|upkeep\n|inactive|Time left: 300 sec this turn | 300 sec total | 5 sec grace\n|\n|t:|1783560190\n|switch|p2a: Articuno|Articuno, L86|100/100\n|switch|p1a: Flamigo|Flamigo, L82, M|243/269\n|-ability|p2a: Articuno|Pressure\n|turn|29\n|inactive|Time left: 300 sec this turn | 300 sec total\n|\n|t:|1783560191\n|-terastallize|p1a: Flamigo|Steel\n|move|p1a: Flamigo|Swords Dance|p1a: Flamigo\n|-boost|p1a: Flamigo|atk|2\n|move|p2a: Articuno|Brave Bird|p1a: Flamigo\n|-resisted|p1a: Flamigo\n|-damage|p1a: Flamigo|174/269\n|-damage|p2a: Articuno|93/100|[from] Recoil\n|\n|upkeep\n|turn|30\n|inactive|Time left: 300 sec this turn | 300 sec total\n|\n|t:|1783560192\n|move|p2a: Articuno|Brave Bird|p1a: Flamigo\n|-resisted|p1a: Flamigo\n|-damage|p1a: Flamigo|108/269\n|-damage|p2a: Articuno|85/100|[from] Recoil\n|move|p1a: Flamigo|Close Combat|p2a: Articuno\n|-damage|p2a: Articuno|0 fnt\n|-unboost|p1a: Flamigo|def|1\n|-unboost|p1a: Flamigo|spd|1\n|faint|p2a: Articuno\n|-damage|p1a: Flamigo|82/269|[from] item: Life Orb\n|\n|upkeep\n|\n|t:|1783560193\n|switch|p2a: Latios|Latios, L78, M|100/100\n|turn|31\n|inactive|Time left: 300 sec this turn | 300 sec total\n|\n|t:|1783560194\n|switch|p1a: Umbreon|Umbreon, L84, M|30/297\n|move|p2a: Latios|Psyshock|p1a: Umbreon\n|-immune|p1a: Umbreon\n|\n|-heal|p1a: Umbreon|48/297|[from] item: Leftovers\n|upkeep\n|turn|32\n|inactive|Time left: 300 sec this turn | 300 sec total\n|\n|t:|1783560195\n|move|p2a: Latios|Calm Mind|p2a: Latios\n|-boost|p2a: Latios|spa|1\n|-boost|p2a: Latios|spd|1\n|move|p1a: Umbreon|Foul Play|p2a: Latios\n|-supereffective|p2a: Latios\n|-damage|p2a: Latios|40/100\n|\n|-heal|p1a: Umbreon|66/297|[from] item: Leftovers\n|upkeep\n|turn|33\n|inactive|Time left: 300 sec this turn | 300 sec total\n|\n|t:|1783560196\n|move|p2a: Latios|Recover|p2a: Latios\n|-heal|p2a: Latios|91/100\n|move|p1a: Umbreon|Foul Play|p2a: Latios\n|-supereffective|p2a: Latios\n|-damage|p2a: Latios|33/100\n|\n|-heal|p1a: Umbreon|84/297|[from] item: Leftovers\n|upkeep\n|turn|34\n|inactive|Time left: 300 sec this turn | 300 sec total\n|\n|t:|1783560197\n|move|p2a: Latios|Recover|p2a: Latios\n|-heal|p2a: Latios|83/100\n|move|p1a: Umbreon|Foul Play|p2a: Latios\n|-supereffective|p2a: Latios\n|-damage|p2a: Latios|23/100\n|\n|-heal|p1a: Umbreon|102/297|[from] item: Leftovers\n|upkeep\n|turn|35\n|inactive|Time left: 300 sec this turn | 300 sec total\n|\n|t:|1783560198\n|move|p2a: Latios|Recover|p2a: Latios\n|-heal|p2a: Latios|73/100\n|move|p1a: Umbreon|Foul Play|p2a: Latios\n|-supereffective|p2a: Latios\n|-damage|p2a: Latios|6/100\n|\n|-heal|p1a: Umbreon|120/297|[from] item: Leftovers\n|upkeep\n|turn|36\n|inactive|Time left: 300 sec this turn | 300 sec total\n|\n|t:|1783560198\n|move|p2a: Latios|Draco Meteor|p1a: Umbreon\n|-damage|p1a: Umbreon|0 fnt\n|-unboost|p2a: Latios|spa|2\n|faint|p1a: Umbreon\n|\n|upkeep\n|inactive|Time left: 300 sec this turn | 300 sec total | 5 sec grace\n|\n|t:|1783560199\n|switch|p1a: Galvantula|Galvantula, L82, F|249/249\n|turn|37\n|inactive|Time left: 300 sec this turn | 300 sec total\n|\n|t:|1783560200\n|move|p1a: Galvantula|Bug Buzz|p2a: Latios\n|-supereffective|p2a: Latios\n|-damage|p2a: Latios|0 fnt\n|faint|p2a: Latios\n|\n|win|p0x180682fe", "uploadtime": 1783560200, "views": 0, "rating": 0, "private": 0, "password": null, "_winner": "p0x180682fe", "_our_name": "p0x180682fe"}