{"id": "battle-gen9randombattle-2873", "formatid": "gen9randombattle", "format": "[Gen 9] Random Battle", "players": ["p0x287330b9", "p0y287375ab"], "log": "|init|battle\n|title|p0x287330b9 vs. p0y287375ab\n|j|\u2606p0x287330b9\n|j|\u2606p0y287375ab\n|t:|1783572131\n|gametype|singles\n|player|p1|p0x287330b9|266|\n|player|p2|p0y287375ab|2|\n|gen|9\n|tier|[Gen 9] Random Battle\n|rule|Species Clause: Limit one of each Pok\u00e9mon\n|rule|HP Percentage Mod: HP is shown in percentages\n|rule|Sleep Clause Mod: Limit one foe put to sleep\n|rule|Illusion Level Mod: Illusion disguises the Pok\u00e9mon's true level\n|\n|t:|1783572131\n|teamsize|p1|6\n|teamsize|p2|6\n|start\n|switch|p1a: Mismagius|Mismagius, L86, M|243/243\n|switch|p2a: Grimmsnarl|Grimmsnarl, L83, M|100/100\n|turn|1\n|inactive|Battle timer is ON: inactive players will automatically lose when time's up. (requested by p0y287375ab)\n|inactive|p0x287330b9 also wants the timer to be on.\n|\n|t:|1783572133\n|move|p1a: Mismagius|Nasty Plot|p1a: Mismagius\n|-boost|p1a: Mismagius|spa|2\n|move|p2a: Grimmsnarl|Spirit Break|p1a: Mismagius\n|-damage|p1a: Mismagius|131/243\n|-unboost|p1a: Mismagius|spa|1\n|\n|-heal|p1a: Mismagius|146/243|[from] item: Leftovers\n|upkeep\n|turn|2\n|inactive|Time left: 300 sec this turn | 300 sec total | 60 sec grace\n|\n|t:|1783572134\n|move|p1a: Mismagius|Nasty Plot|p1a: Mismagius\n|-boost|p1a: Mismagius|spa|2\n|move|p2a: Grimmsnarl|Spirit Break|p1a: Mismagius\n|-damage|p1a: Mismagius|17/243\n|-unboost|p1a: Mismagius|spa|1\n|\n|-heal|p1a: Mismagius|32/243|[from] item: Leftovers\n|upkeep\n|turn|3\n|inactive|Time left: 300 sec this turn | 300 sec total\n|\n|t:|1783572135\n|move|p1a: Mismagius|Shadow Ball|p2a: Grimmsnarl\n|-resisted|p2a: Grimmsnarl\n|-damage|p2a: Grimmsnarl|61/100\n|move|p2a: Grimmsnarl|Spirit Break|p1a: Mismagius\n|-damage|p1a: Mismagius|0 fnt\n|faint|p1a: Mismagius\n|\n|-heal|p2a: Grimmsnarl|67/100|[from] item: Leftovers\n|upkeep\n|inactive|Time left: 300 sec this turn | 300 sec total | 5 sec grace\n|\n|t:|1783572136\n|switch|p1a: Miraidon|Miraidon, L65|238/238\n|-fieldstart|move: Electric Terrain|[from] ability: Hadron Engine|[of] p1a: Miraidon\n|turn|4\n|inactive|Time left: 300 sec this turn | 300 sec total\n|\n|t:|1783572137\n|switch|p2a: Oranguru|Oranguru, L92, F|100/100\n|move|p1a: Miraidon|Electro Drift|p2a: Oranguru\n|-damage|p2a: Oranguru|46/100\n|\n|-heal|p2a: Oranguru|52/100|[from] item: Leftovers\n|upkeep\n|turn|5\n|inactive|Time left: 300 sec this turn | 300 sec total\n|\n|t:|1783572138\n|-terastallize|p2a: Oranguru|Electric\n|move|p1a: Miraidon|Electro Drift|p2a: Oranguru\n|-resisted|p2a: Oranguru\n|-damage|p2a: Oranguru|25/100\n|move|p2a: Oranguru|Psyshock|p1a: Miraidon\n|-damage|p1a: Miraidon|124/238\n|\n|-heal|p2a: Oranguru|31/100|[from] item: Leftovers\n|upkeep\n|turn|6\n|inactive|Time left: 300 sec this turn | 300 sec total\n|\n|t:|1783572139\n|move|p1a: Miraidon|Electro Drift|p2a: Oranguru\n|-resisted|p2a: Oranguru\n|-damage|p2a: Oranguru|3/100\n|move|p2a: Oranguru|Psyshock|p1a: Miraidon\n|-damage|p1a: Miraidon|4/238\n|\n|-heal|p2a: Oranguru|9/100|[from] item: Leftovers\n|upkeep\n|turn|7\n|inactive|Time left: 300 sec this turn | 300 sec total\n|\n|t:|1783572140\n|move|p1a: Miraidon|Electro Drift|p2a: Oranguru\n|-resisted|p2a: Oranguru\n|-crit|p2a: Oranguru\n|-damage|p2a: Oranguru|0 fnt\n|faint|p2a: Oranguru\n|\n|upkeep\n|\n|t:|1783572141\n|switch|p2a: Gurdurr|Gurdurr, L85, F|100/100\n|turn|8\n|inactive|Time left: 300 sec this turn | 300 sec total\n|\n|t:|1783572142\n|move|p2a: Gurdurr|Mach Punch|p1a: Miraidon\n|-damage|p1a: Miraidon|0 fnt\n|faint|p1a: Miraidon\n|\n|-fieldend|move: Electric Terrain\n|upkeep\n|inactive|Time left: 300 sec this turn | 300 sec total | 5 sec grace\n|\n|t:|1783572143\n|switch|p1a: Volcarona|Volcarona, L77, M|257/257\n|turn|9\n|inactive|Time left: 300 sec this turn | 300 sec total\n|\n|t:|1783572144\n|move|p1a: Volcarona|Quiver Dance|p1a: Volcarona\n|-boost|p1a: Volcarona|spa|1\n|-boost|p1a: Volcarona|spd|1\n|-boost|p1a: Volcarona|spe|1\n|move|p2a: Gurdurr|Knock Off|p1a: Volcarona\n|-damage|p1a: Volcarona|159/257\n|-enditem|p1a: Volcarona|Heavy-Duty Boots|[from] move: Knock Off|[of] p2a: Gurdurr\n|\n|upkeep\n|turn|10\n|inactive|Time left: 300 sec this turn | 300 sec total\n|\n|t:|1783572145\n|move|p1a: Volcarona|Fire Blast|p2a: Gurdurr\n|-damage|p2a: Gurdurr|35/100\n|move|p2a: Gurdurr|Drain Punch|p1a: Volcarona\n|-resisted|p1a: Volcarona\n|-damage|p1a: Volcarona|102/257\n|-heal|p2a: Gurdurr|46/100|[from] drain|[of] p1a: Volcarona\n|-status|p2a: Gurdurr|brn|[from] ability: Flame Body|[of] p1a: Volcarona\n|\n|-damage|p2a: Gurdurr|40/100 brn|[from] brn\n|upkeep\n|turn|11\n|inactive|Time left: 300 sec this turn | 300 sec total\n|\n|t:|1783572146\n|switch|p2a: Tauros|Tauros-Paldea-Aqua, L81, M|100/100\n|-ability|p2a: Tauros|Intimidate|boost\n|-unboost|p1a: Volcarona|atk|1\n|move|p1a: Volcarona|Fire Blast|p2a: Tauros\n|-resisted|p2a: Tauros\n|-damage|p2a: Tauros|55/100\n|\n|upkeep\n|turn|12\n|inactive|Time left: 300 sec this turn | 300 sec total\n|\n|t:|1783572148\n|-terastallize|p1a: Volcarona|Grass\n|move|p2a: Tauros|Aqua Jet|p1a: Volcarona\n|-resisted|p1a: Volcarona\n|-damage|p1a: Volcarona|58/257\n|move|p1a: Volcarona|Giga Drain|p2a: Tauros\n|-supereffective|p2a: Tauros\n|-damage|p2a: Tauros|0 fnt\n|-heal|p1a: Volcarona|128/257|[from] drain|[of] p2a: Tauros\n|faint|p2a: Tauros\n|\n|upkeep\n|\n|t:|1783572149\n|switch|p2a: Cresselia|Cresselia, L80, F|100/100\n|turn|13\n|inactive|Time left: 300 sec this turn | 300 sec total\n|\n|t:|1783572150\n|move|p1a: Volcarona|Quiver Dance|p1a: Volcarona\n|-boost|p1a: Volcarona|spa|1\n|-boost|p1a: Volcarona|spd|1\n|-boost|p1a: Volcarona|spe|1\n|move|p2a: Cresselia|Calm Mind|p2a: Cresselia\n|-boost|p2a: Cresselia|spa|1\n|-boost|p2a: Cresselia|spd|1\n|\n|upkeep\n|turn|14\n|inactive|Time left: 300 sec this turn | 300 sec total\n|\n|t:|1783572151\n|move|p1a: Volcarona|Morning Sun|p1a: Volcarona\n|-heal|p1a: Volcarona|256/257\n|move|p2a: Cresselia|Psyshock|p1a: Volcarona\n|-damage|p1a: Volcarona|117/257\n|\n|upkeep\n|turn|15\n|inactive|Time left: 300 sec this turn | 300 sec total\n|\n|t:|1783572152\n|move|p1a: Volcarona|Morning Sun|p1a: Volcarona\n|-heal|p1a: Volcarona|245/257\n|move|p2a: Cresselia|Psyshock|p1a: Volcarona\n|-damage|p1a: Volcarona|107/257\n|\n|upkeep\n|turn|16\n|inactive|Time left: 300 sec this turn | 300 sec total\n|\n|t:|1783572153\n|move|p1a: Volcarona|Morning Sun|p1a: Volcarona\n|-heal|p1a: Volcarona|235/257\n|move|p2a: Cresselia|Psyshock|p1a: Volcarona\n|-damage|p1a: Volcarona|96/257\n|\n|upkeep\n|turn|17\n|inactive|Time left: 300 sec this turn | 300 sec total\n|\n|t:|1783572154\n|move|p1a: Volcarona|Morning Sun|p1a: Volcarona\n|-heal|p1a: Volcarona|224/257\n|move|p2a: Cresselia|Psyshock|p1a: Volcarona\n|-damage|p1a: Volcarona|91/257\n|\n|upkeep\n|turn|18\n|inactive|Time left: 300 sec this turn | 300 sec total\n|\n|t:|1783572155\n|move|p1a: Volcarona|Morning Sun|p1a: Volcarona\n|-heal|p1a: Volcarona|219/257\n|move|p2a: Cresselia|Psyshock|p1a: Volcarona\n|-damage|p1a: Volcarona|95/257\n|\n|upkeep\n|turn|19\n|inactive|Time left: 300 sec this turn | 300 sec total\n|\n|t:|1783572156\n|move|p1a: Volcarona|Morning Sun|p1a: Volcarona\n|-heal|p1a: Volcarona|223/257\n|move|p2a: Cresselia|Psyshock|p1a: Volcarona\n|-crit|p1a: Volcarona\n|-damage|p1a: Volcarona|37/257\n|\n|upkeep\n|turn|20\n|inactive|Time left: 300 sec this turn | 300 sec total\n|\n|t:|1783572157\n|move|p1a: Volcarona|Morning Sun|p1a: Volcarona\n|-heal|p1a: Volcarona|165/257\n|move|p2a: Cresselia|Psyshock|p1a: Volcarona\n|-damage|p1a: Volcarona|39/257\n|\n|upkeep\n|turn|21\n|inactive|Time left: 300 sec this turn | 300 sec total\n|\n|t:|1783572158\n|move|p1a: Volcarona|Fire Blast|p2a: Cresselia|[miss]\n|-miss|p1a: Volcarona|p2a: Cresselia\n|move|p2a: Cresselia|Psyshock|p1a: Volcarona\n|-damage|p1a: Volcarona|0 fnt\n|faint|p1a: Volcarona\n|\n|upkeep\n|inactive|Time left: 300 sec this turn | 300 sec total | 5 sec grace\n|\n|t:|1783572159\n|switch|p1a: Scizor|Scizor, L79, F|240/240\n|turn|22\n|inactive|Time left: 300 sec this turn | 300 sec total\n|\n|t:|1783572160\n|move|p2a: Cresselia|Thunderbolt|p1a: Scizor\n|-damage|p1a: Scizor|163/240\n|move|p1a: Scizor|Knock Off|p2a: Cresselia\n|-supereffective|p2a: Cresselia\n|-damage|p2a: Cresselia|35/100\n|-enditem|p2a: Cresselia|Leftovers|[from] move: Knock Off|[of] p1a: Scizor\n|\n|upkeep\n|turn|23\n|inactive|Time left: 300 sec this turn | 300 sec total\n|\n|t:|1783572161\n|move|p2a: Cresselia|Moonlight|p2a: Cresselia\n|-heal|p2a: Cresselia|85/100\n|move|p1a: Scizor|Knock Off|p2a: Cresselia\n|-supereffective|p2a: Cresselia\n|-damage|p2a: Cresselia|44/100\n|\n|upkeep\n|turn|24\n|inactive|Time left: 300 sec this turn | 300 sec total\n|\n|t:|1783572162\n|move|p2a: Cresselia|Thunderbolt|p1a: Scizor\n|-damage|p1a: Scizor|81/240\n|move|p1a: Scizor|Knock Off|p2a: Cresselia\n|-supereffective|p2a: Cresselia\n|-damage|p2a: Cresselia|4/100\n|\n|upkeep\n|turn|25\n|inactive|Time left: 300 sec this turn | 300 sec total\n|\n|t:|1783572163\n|move|p2a: Cresselia|Moonlight|p2a: Cresselia\n|-heal|p2a: Cresselia|54/100\n|move|p1a: Scizor|Knock Off|p2a: Cresselia\n|-supereffective|p2a: Cresselia\n|-damage|p2a: Cresselia|11/100\n|\n|upkeep\n|turn|26\n|inactive|Time left: 300 sec this turn | 300 sec total\n|\n|t:|1783572164\n|move|p2a: Cresselia|Moonlight|p2a: Cresselia\n|-heal|p2a: Cresselia|61/100\n|move|p1a: Scizor|Knock Off|p2a: Cresselia\n|-supereffective|p2a: Cresselia\n|-damage|p2a: Cresselia|23/100\n|\n|upkeep\n|turn|27\n|inactive|Time left: 300 sec this turn | 300 sec total\n|\n|t:|1783572165\n|move|p2a: Cresselia|Moonlight|p2a: Cresselia\n|-heal|p2a: Cresselia|73/100\n|move|p1a: Scizor|Knock Off|p2a: Cresselia\n|-supereffective|p2a: Cresselia\n|-damage|p2a: Cresselia|29/100\n|\n|upkeep\n|turn|28\n|inactive|Time left: 300 sec this turn | 300 sec total\n|\n|t:|1783572166\n|move|p2a: Cresselia|Moonlight|p2a: Cresselia\n|-heal|p2a: Cresselia|79/100\n|move|p1a: Scizor|Knock Off|p2a: Cresselia\n|-supereffective|p2a: Cresselia\n|-damage|p2a: Cresselia|36/100\n|\n|upkeep\n|turn|29\n|inactive|Time left: 300 sec this turn | 300 sec total\n|\n|t:|1783572167\n|move|p2a: Cresselia|Moonlight|p2a: Cresselia\n|-heal|p2a: Cresselia|86/100\n|move|p1a: Scizor|Knock Off|p2a: Cresselia\n|-supereffective|p2a: Cresselia\n|-damage|p2a: Cresselia|45/100\n|\n|upkeep\n|turn|30\n|inactive|Time left: 300 sec this turn | 300 sec total\n|\n|t:|1783572168\n|move|p2a: Cresselia|Moonlight|p2a: Cresselia\n|-heal|p2a: Cresselia|95/100\n|move|p1a: Scizor|Knock Off|p2a: Cresselia\n|-supereffective|p2a: Cresselia\n|-damage|p2a: Cresselia|56/100\n|\n|upkeep\n|turn|31\n|inactive|Time left: 300 sec this turn | 300 sec total\n|\n|t:|1783572169\n|move|p2a: Cresselia|Thunderbolt|p1a: Scizor\n|-damage|p1a: Scizor|5/240\n|move|p1a: Scizor|Knock Off|p2a: Cresselia\n|-supereffective|p2a: Cresselia\n|-damage|p2a: Cresselia|16/100\n|\n|upkeep\n|turn|32\n|inactive|Time left: 300 sec this turn | 300 sec total\n|\n|t:|1783572170\n|move|p2a: Cresselia|Psyshock|p1a: Scizor\n|-resisted|p1a: Scizor\n|-damage|p1a: Scizor|0 fnt\n|faint|p1a: Scizor\n|\n|upkeep\n|inactive|Time left: 300 sec this turn | 300 sec total | 5 sec grace\n|\n|t:|1783572171\n|switch|p1a: Tauros|Tauros-Paldea-Blaze, L81, M|254/254\n|-ability|p1a: Tauros|Intimidate|boost\n|-unboost|p2a: Cresselia|atk|1\n|turn|33\n|inactive|Time left: 300 sec this turn | 300 sec total\n|\n|t:|1783572172\n|move|p1a: Tauros|Flare Blitz|p2a: Cresselia\n|-damage|p2a: Cresselia|0 fnt\n|faint|p2a: Cresselia\n|-damage|p1a: Tauros|237/254|[from] Recoil\n|\n|upkeep\n|\n|t:|1783572173\n|switch|p2a: Drednaw|Drednaw, L81, M|100/100\n|turn|34\n|inactive|Time left: 300 sec this turn | 300 sec total\n|\n|t:|1783572174\n|switch|p1a: Lanturn|Lanturn, L89, F|367/367\n|move|p2a: Drednaw|Shell Smash|p2a: Drednaw\n|-unboost|p2a: Drednaw|def|1\n|-unboost|p2a: Drednaw|spd|1\n|-boost|p2a: Drednaw|atk|2\n|-boost|p2a: Drednaw|spa|2\n|-boost|p2a: Drednaw|spe|2\n|-enditem|p2a: Drednaw|White Herb\n|-clearnegativeboost|p2a: Drednaw|[silent]\n|\n|upkeep\n|turn|35\n|inactive|Time left: 300 sec this turn | 300 sec total\n|\n|t:|1783572175\n|switch|p1a: Tauros|Tauros-Paldea-Blaze, L81, M|237/254\n|-ability|p1a: Tauros|Intimidate|boost\n|-unboost|p2a: Drednaw|atk|1\n|move|p2a: Drednaw|Stone Edge|p1a: Tauros\n|-damage|p1a: Tauros|90/254\n|\n|upkeep\n|turn|36\n|inactive|Time left: 300 sec this turn | 300 sec total\n|\n|t:|1783572176\n|move|p2a: Drednaw|Liquidation|p1a: Tauros\n|-supereffective|p1a: Tauros\n|-damage|p1a: Tauros|0 fnt\n|faint|p1a: Tauros\n|\n|upkeep\n|inactive|Time left: 300 sec this turn | 300 sec total | 5 sec grace\n|\n|t:|1783572177\n|switch|p1a: Lanturn|Lanturn, L89, F|367/367\n|turn|37\n|inactive|Time left: 300 sec this turn | 300 sec total\n|\n|t:|1783572178\n|move|p2a: Drednaw|Stone Edge|p1a: Lanturn\n|-damage|p1a: Lanturn|169/367\n|move|p1a: Lanturn|Thunder Wave|p2a: Drednaw\n|-status|p2a: Drednaw|par\n|\n|-heal|p1a: Lanturn|191/367|[from] item: Leftovers\n|upkeep\n|turn|38\n|inactive|Time left: 300 sec this turn | 300 sec total\n|\n|t:|1783572179\n|move|p1a: Lanturn|Thunderbolt|p2a: Drednaw\n|-supereffective|p2a: Drednaw\n|-damage|p2a: Drednaw|22/100 par\n|cant|p2a: Drednaw|par\n|\n|-heal|p1a: Lanturn|213/367|[from] item: Leftovers\n|upkeep\n|turn|39\n|inactive|Time left: 300 sec this turn | 300 sec total\n|\n|t:|1783572180\n|move|p1a: Lanturn|Thunder Wave|p2a: Drednaw\n|-fail|p2a: Drednaw|par\n|move|p2a: Drednaw|Stone Edge|p1a: Lanturn\n|-damage|p1a: Lanturn|0 fnt\n|faint|p1a: Lanturn\n|\n|win|p0y287375ab", "uploadtime": 1783572180, "views": 0, "rating": 0, "private": 0, "password": null, "_winner": "p0y287375ab", "_our_name": "p0x287330b9"}