{"id": "battle-gen9randombattle-792", "formatid": "gen9randombattle", "format": "[Gen 9] Random Battle", "players": ["p0x792ff72", "p0y792b405"], "log": "|init|battle\n|title|p0x792ff72 vs. p0y792b405\n|j|\u2606p0x792ff72\n|j|\u2606p0y792b405\n|t:|1783549057\n|gametype|singles\n|player|p1|p0x792ff72|265|\n|player|p2|p0y792b405|266|\n|gen|9\n|tier|[Gen 9] Random Battle\n|rule|Species Clause: Limit one of each Pok\u00e9mon\n|rule|HP Percentage Mod: HP is shown in percentages\n|rule|Sleep Clause Mod: Limit one foe put to sleep\n|rule|Illusion Level Mod: Illusion disguises the Pok\u00e9mon's true level\n|\n|t:|1783549057\n|teamsize|p1|6\n|teamsize|p2|6\n|start\n|switch|p1a: Regieleki|Regieleki, L79|256/256\n|switch|p2a: Weezing|Weezing, L88, M|100/100\n|turn|1\n|inactive|Battle timer is ON: inactive players will automatically lose when time's up. (requested by p0x792ff72)\n|inactive|p0y792b405 also wants the timer to be on.\n|\n|t:|1783549058\n|move|p1a: Regieleki|Volt Switch|p2a: Weezing\n|-damage|p2a: Weezing|55/100\n|inactive|Time left: 300 sec this turn | 300 sec total | 65 sec grace\n|\n|t:|1783549059\n|switch|p1a: Tornadus|Tornadus, L82, M|263/263|[from] Volt Switch\n|move|p2a: Weezing|Gunk Shot|p1a: Tornadus\n|-crit|p1a: Tornadus\n|-damage|p1a: Tornadus|2/263\n|\n|-heal|p2a: Weezing|61/100|[from] item: Leftovers\n|upkeep\n|turn|2\n|inactive|Time left: 300 sec this turn | 300 sec total\n|\n|t:|1783549060\n|switch|p2a: Grumpig|Grumpig, L92, M|100/100\n|move|p1a: Tornadus|Bleakwind Storm|p2a: Grumpig\n|-damage|p2a: Grumpig|52/100\n|\n|-heal|p2a: Grumpig|58/100|[from] item: Leftovers\n|upkeep\n|turn|3\n|inactive|Time left: 300 sec this turn | 300 sec total\n|\n|t:|1783549061\n|move|p1a: Tornadus|Bleakwind Storm|p2a: Grumpig\n|-damage|p2a: Grumpig|6/100\n|move|p2a: Grumpig|Psychic|p1a: Tornadus\n|-damage|p1a: Tornadus|0 fnt\n|faint|p1a: Tornadus\n|\n|-heal|p2a: Grumpig|12/100|[from] item: Leftovers\n|upkeep\n|inactive|Time left: 300 sec this turn | 300 sec total | 5 sec grace\n|\n|t:|1783549061\n|switch|p1a: Dragonite|Dragonite, L74, F|257/257\n|turn|4\n|inactive|Time left: 300 sec this turn | 300 sec total\n|\n|t:|1783549063\n|move|p2a: Grumpig|Psychic|p1a: Dragonite\n|-damage|p1a: Dragonite|203/257\n|move|p1a: Dragonite|Dragon Dance|p1a: Dragonite\n|-boost|p1a: Dragonite|atk|1\n|-boost|p1a: Dragonite|spe|1\n|\n|-heal|p2a: Grumpig|18/100|[from] item: Leftovers\n|upkeep\n|turn|5\n|inactive|Time left: 300 sec this turn | 300 sec total\n|\n|t:|1783549064\n|move|p1a: Dragonite|Outrage|p2a: Grumpig\n|-damage|p2a: Grumpig|0 fnt\n|faint|p2a: Grumpig\n|\n|upkeep\n|\n|t:|1783549064\n|switch|p2a: Weezing|Weezing, L88, M|61/100\n|turn|6\n|inactive|Time left: 300 sec this turn | 300 sec total\n|\n|t:|1783549065\n|-terastallize|p2a: Weezing|Steel\n|move|p1a: Dragonite|Outrage|p2a: Weezing|[from] lockedmove\n|-resisted|p2a: Weezing\n|-damage|p2a: Weezing|31/100\n|move|p2a: Weezing|Pain Split|p1a: Dragonite\n|-sethp|p1a: Dragonite|140/257|[from] move: Pain Split|[silent]\n|-sethp|p2a: Weezing|55/100|[from] move: Pain Split\n|\n|-heal|p2a: Weezing|61/100|[from] item: Leftovers\n|upkeep\n|turn|7\n|inactive|Time left: 300 sec this turn | 300 sec total\n|\n|t:|1783549066\n|move|p1a: Dragonite|Outrage|p2a: Weezing|[from] lockedmove\n|-resisted|p2a: Weezing\n|-damage|p2a: Weezing|35/100\n|-start|p1a: Dragonite|confusion|[fatigue]\n|move|p2a: Weezing|Gunk Shot|p1a: Dragonite\n|-damage|p1a: Dragonite|4/257\n|\n|-heal|p2a: Weezing|41/100|[from] item: Leftovers\n|upkeep\n|turn|8\n|inactive|Time left: 300 sec this turn | 300 sec total\n|\n|t:|1783549068\n|-activate|p1a: Dragonite|confusion\n|-damage|p1a: Dragonite|0 fnt|[from] confusion\n|faint|p1a: Dragonite\n|move|p2a: Weezing|Gunk Shot|p1: Dragonite|[notarget]\n|-fail|p2a: Weezing\n|\n|-heal|p2a: Weezing|47/100|[from] item: Leftovers\n|upkeep\n|inactive|Time left: 300 sec this turn | 300 sec total | 5 sec grace\n|\n|t:|1783549069\n|switch|p1a: Regieleki|Regieleki, L79|256/256\n|turn|9\n|inactive|Time left: 300 sec this turn | 300 sec total\n|\n|t:|1783549070\n|switch|p2a: Landorus|Landorus, L75, M|100/100\n|move|p1a: Regieleki|Thunderbolt|p2a: Landorus\n|-immune|p2a: Landorus\n|\n|upkeep\n|turn|10\n|inactive|Time left: 300 sec this turn | 300 sec total\n|\n|t:|1783549071\n|switch|p1a: Cresselia|Cresselia, L80, F|323/323\n|move|p2a: Landorus|Earth Power|p1a: Cresselia\n|-immune|p1a: Cresselia|[from] ability: Levitate\n|\n|upkeep\n|turn|11\n|inactive|Time left: 300 sec this turn | 300 sec total\n|\n|t:|1783549072\n|switch|p2a: Weezing|Weezing, L88, M, tera:Steel|47/100\n|move|p1a: Cresselia|Calm Mind|p1a: Cresselia\n|-boost|p1a: Cresselia|spa|1\n|-boost|p1a: Cresselia|spd|1\n|\n|-heal|p2a: Weezing|53/100|[from] item: Leftovers\n|upkeep\n|turn|12\n|inactive|Time left: 300 sec this turn | 300 sec total\n|\n|t:|1783549073\n|move|p1a: Cresselia|Calm Mind|p1a: Cresselia\n|-boost|p1a: Cresselia|spa|1\n|-boost|p1a: Cresselia|spd|1\n|move|p2a: Weezing|Pain Split|p1a: Cresselia\n|-sethp|p1a: Cresselia|229/323|[from] move: Pain Split|[silent]\n|-sethp|p2a: Weezing|89/100|[from] move: Pain Split\n|\n|-heal|p1a: Cresselia|249/323|[from] item: Leftovers\n|-heal|p2a: Weezing|95/100|[from] item: Leftovers\n|upkeep\n|turn|13\n|inactive|Time left: 300 sec this turn | 300 sec total\n|\n|t:|1783549074\n|move|p1a: Cresselia|Calm Mind|p1a: Cresselia\n|-boost|p1a: Cresselia|spa|1\n|-boost|p1a: Cresselia|spd|1\n|move|p2a: Weezing|Gunk Shot|p1a: Cresselia\n|-damage|p1a: Cresselia|122/323\n|-status|p1a: Cresselia|psn\n|\n|-heal|p1a: Cresselia|142/323 psn|[from] item: Leftovers\n|-heal|p2a: Weezing|100/100|[from] item: Leftovers\n|-damage|p1a: Cresselia|102/323 psn|[from] psn\n|upkeep\n|turn|14\n|inactive|Time left: 300 sec this turn | 300 sec total\n|\n|t:|1783549075\n|move|p1a: Cresselia|Moonlight|p1a: Cresselia\n|-heal|p1a: Cresselia|263/323 psn\n|move|p2a: Weezing|Gunk Shot|p1a: Cresselia\n|-damage|p1a: Cresselia|155/323 psn\n|\n|-heal|p1a: Cresselia|175/323 psn|[from] item: Leftovers\n|-damage|p1a: Cresselia|135/323 psn|[from] psn\n|upkeep\n|turn|15\n|inactive|Time left: 300 sec this turn | 300 sec total\n|\n|t:|1783549076\n|move|p1a: Cresselia|Moonlight|p1a: Cresselia\n|-heal|p1a: Cresselia|296/323 psn\n|move|p2a: Weezing|Gunk Shot|p1a: Cresselia|[miss]\n|-miss|p2a: Weezing|p1a: Cresselia\n|\n|-heal|p1a: Cresselia|316/323 psn|[from] item: Leftovers\n|-damage|p1a: Cresselia|276/323 psn|[from] psn\n|upkeep\n|turn|16\n|inactive|Time left: 300 sec this turn | 300 sec total\n|\n|t:|1783549077\n|move|p1a: Cresselia|Moonblast|p2a: Weezing\n|-resisted|p2a: Weezing\n|-damage|p2a: Weezing|73/100\n|move|p2a: Weezing|Pain Split|p1a: Cresselia\n|-sethp|p1a: Cresselia|231/323 psn|[from] move: Pain Split|[silent]\n|-sethp|p2a: Weezing|90/100|[from] move: Pain Split\n|\n|-heal|p1a: Cresselia|251/323 psn|[from] item: Leftovers\n|-heal|p2a: Weezing|96/100|[from] item: Leftovers\n|-damage|p1a: Cresselia|211/323 psn|[from] psn\n|upkeep\n|turn|17\n|inactive|Time left: 300 sec this turn | 300 sec total\n|\n|t:|1783549079\n|move|p1a: Cresselia|Moonblast|p2a: Weezing\n|-resisted|p2a: Weezing\n|-damage|p2a: Weezing|67/100\n|move|p2a: Weezing|Gunk Shot|p1a: Cresselia|[miss]\n|-miss|p2a: Weezing|p1a: Cresselia\n|\n|-heal|p1a: Cresselia|231/323 psn|[from] item: Leftovers\n|-heal|p2a: Weezing|73/100|[from] item: Leftovers\n|-damage|p1a: Cresselia|191/323 psn|[from] psn\n|upkeep\n|turn|18\n|inactive|Time left: 300 sec this turn | 300 sec total\n|\n|t:|1783549080\n|move|p1a: Cresselia|Moonlight|p1a: Cresselia\n|-heal|p1a: Cresselia|323/323 psn\n|move|p2a: Weezing|Gunk Shot|p1a: Cresselia\n|-damage|p1a: Cresselia|206/323 psn\n|\n|-heal|p1a: Cresselia|226/323 psn|[from] item: Leftovers\n|-heal|p2a: Weezing|80/100|[from] item: Leftovers\n|-damage|p1a: Cresselia|186/323 psn|[from] psn\n|upkeep\n|turn|19\n|inactive|Time left: 300 sec this turn | 300 sec total\n|\n|t:|1783549081\n|move|p1a: Cresselia|Moonblast|p2a: Weezing\n|-resisted|p2a: Weezing\n|-damage|p2a: Weezing|52/100\n|move|p2a: Weezing|Toxic Spikes|p1a: Cresselia\n|-sidestart|p1: p0x792ff72|move: Toxic Spikes\n|\n|-heal|p1a: Cresselia|206/323 psn|[from] item: Leftovers\n|-heal|p2a: Weezing|58/100|[from] item: Leftovers\n|-damage|p1a: Cresselia|166/323 psn|[from] psn\n|upkeep\n|turn|20\n|inactive|Time left: 300 sec this turn | 300 sec total\n|\n|t:|1783549082\n|move|p1a: Cresselia|Moonlight|p1a: Cresselia\n|-heal|p1a: Cresselia|323/323 psn\n|move|p2a: Weezing|Pain Split|p1a: Cresselia\n|-sethp|p1a: Cresselia|236/323 psn|[from] move: Pain Split|[silent]\n|-sethp|p2a: Weezing|92/100|[from] move: Pain Split\n|\n|-heal|p1a: Cresselia|256/323 psn|[from] item: Leftovers\n|-heal|p2a: Weezing|98/100|[from] item: Leftovers\n|-damage|p1a: Cresselia|216/323 psn|[from] psn\n|upkeep\n|turn|21\n|inactive|Time left: 300 sec this turn | 300 sec total\n|\n|t:|1783549083\n|move|p1a: Cresselia|Moonblast|p2a: Weezing\n|-resisted|p2a: Weezing\n|-damage|p2a: Weezing|69/100\n|move|p2a: Weezing|Toxic Spikes|p1a: Cresselia\n|-sidestart|p1: p0x792ff72|move: Toxic Spikes\n|\n|-heal|p1a: Cresselia|236/323 psn|[from] item: Leftovers\n|-heal|p2a: Weezing|76/100|[from] item: Leftovers\n|-damage|p1a: Cresselia|196/323 psn|[from] psn\n|upkeep\n|turn|22\n|inactive|Time left: 300 sec this turn | 300 sec total\n|\n|t:|1783549083\n|switch|p2a: Furret|Furret, L94, F|100/100\n|-item|p1a: Cresselia|Leftovers|[from] ability: Frisk|[of] p2a: Furret\n|move|p1a: Cresselia|Calm Mind|p1a: Cresselia\n|-boost|p1a: Cresselia|spa|1\n|-boost|p1a: Cresselia|spd|1\n|\n|-heal|p1a: Cresselia|216/323 psn|[from] item: Leftovers\n|-damage|p1a: Cresselia|176/323 psn|[from] psn\n|upkeep\n|turn|23\n|inactive|Time left: 300 sec this turn | 300 sec total\n|\n|t:|1783549084\n|-terastallize|p1a: Cresselia|Poison\n|move|p2a: Furret|Double-Edge|p1a: Cresselia\n|-damage|p1a: Cresselia|0 fnt\n|faint|p1a: Cresselia\n|-damage|p2a: Furret|82/100|[from] Recoil\n|\n|upkeep\n|inactive|Time left: 300 sec this turn | 300 sec total | 5 sec grace\n|\n|t:|1783549085\n|switch|p1a: Regieleki|Regieleki, L79|256/256\n|-status|p1a: Regieleki|tox\n|turn|24\n|inactive|Time left: 300 sec this turn | 300 sec total\n|\n|t:|1783549086\n|move|p1a: Regieleki|Rapid Spin|p2a: Furret\n|-damage|p2a: Furret|69/100\n|-boost|p1a: Regieleki|spe|1\n|-sideend|p1: p0x792ff72|Toxic Spikes|[from] move: Rapid Spin|[of] p1a: Regieleki\n|move|p2a: Furret|Double-Edge|p1a: Regieleki\n|-damage|p1a: Regieleki|0 fnt\n|faint|p1a: Regieleki\n|-damage|p2a: Furret|42/100|[from] Recoil\n|\n|upkeep\n|inactive|Time left: 300 sec this turn | 300 sec total | 5 sec grace\n|\n|t:|1783549087\n|switch|p1a: Zarude|Zarude, L77|288/288\n|turn|25\n|inactive|Time left: 300 sec this turn | 300 sec total\n|\n|t:|1783549089\n|switch|p2a: Lokix|Lokix, L82, F|100/100\n|move|p1a: Zarude|Knock Off|p2a: Lokix\n|-resisted|p2a: Lokix\n|-damage|p2a: Lokix|77/100\n|-enditem|p2a: Lokix|Life Orb|[from] move: Knock Off|[of] p1a: Zarude\n|\n|upkeep\n|turn|26\n|inactive|Time left: 300 sec this turn | 300 sec total\n|\n|t:|1783549090\n|switch|p1a: Stantler|Stantler, L92, M|284/284\n|-ability|p1a: Stantler|Intimidate|boost\n|-unboost|p2a: Lokix|atk|1\n|move|p2a: Lokix|Knock Off|p1a: Stantler\n|-damage|p1a: Stantler|230/284\n|-enditem|p1a: Stantler|Eviolite|[from] move: Knock Off|[of] p2a: Lokix\n|\n|upkeep\n|turn|27\n|inactive|Time left: 300 sec this turn | 300 sec total\n|\n|t:|1783549091\n|switch|p2a: Galvantula|Galvantula, L82, M|100/100\n|move|p1a: Stantler|Body Slam|p2a: Galvantula\n|-damage|p2a: Galvantula|41/100\n|\n|upkeep\n|turn|28\n|inactive|Time left: 300 sec this turn | 300 sec total\n|\n|t:|1783549092\n|move|p2a: Galvantula|Thunder|p1a: Stantler\n|-damage|p1a: Stantler|112/284\n|move|p1a: Stantler|Body Slam|p2a: Galvantula\n|-damage|p2a: Galvantula|0 fnt\n|faint|p2a: Galvantula\n|\n|upkeep\n|\n|t:|1783549093\n|switch|p2a: Furret|Furret, L94, F|42/100\n|turn|29\n|inactive|Time left: 300 sec this turn | 300 sec total\n|\n|t:|1783549094\n|move|p2a: Furret|Double-Edge|p1a: Stantler\n|-damage|p1a: Stantler|0 fnt\n|faint|p1a: Stantler\n|-damage|p2a: Furret|31/100|[from] Recoil\n|\n|upkeep\n|inactive|Time left: 300 sec this turn | 300 sec total | 5 sec grace\n|\n|t:|1783549095\n|switch|p1a: Zarude|Zarude, L77|288/288\n|turn|30\n|inactive|Time left: 300 sec this turn | 300 sec total\n|\n|t:|1783549096\n|switch|p2a: Lokix|Lokix, L82, F|77/100\n|move|p1a: Zarude|Power Whip|p2a: Lokix\n|-resisted|p2a: Lokix\n|-damage|p2a: Lokix|51/100\n|\n|upkeep\n|turn|31\n|inactive|Time left: 300 sec this turn | 300 sec total\n|\n|t:|1783549097\n|move|p1a: Zarude|Power Whip|p2a: Lokix\n|-resisted|p2a: Lokix\n|-damage|p2a: Lokix|23/100\n|move|p2a: Lokix|Leech Life|p1a: Zarude\n|-supereffective|p1a: Zarude\n|-damage|p1a: Zarude|0 fnt\n|-heal|p2a: Lokix|81/100|[from] drain|[of] p1a: Zarude\n|faint|p1a: Zarude\n|\n|win|p0y792b405", "uploadtime": 1783549097, "views": 0, "rating": 0, "private": 0, "password": null, "_winner": "p0y792b405", "_our_name": "p0x792ff72"}