{"id": "battle-gen9randombattle-348", "formatid": "gen9randombattle", "format": "[Gen 9] Random Battle", "players": ["p0x34872ed", "p0y3483588"], "log": "|init|battle\n|title|p0x34872ed vs. p0y3483588\n|j|\u2606p0x34872ed\n|j|\u2606p0y3483588\n|t:|1783543697\n|gametype|singles\n|player|p1|p0x34872ed|102|\n|player|p2|p0y3483588|2|\n|gen|9\n|tier|[Gen 9] Random Battle\n|rule|Species Clause: Limit one of each Pok\u00e9mon\n|rule|HP Percentage Mod: HP is shown in percentages\n|rule|Sleep Clause Mod: Limit one foe put to sleep\n|rule|Illusion Level Mod: Illusion disguises the Pok\u00e9mon's true level\n|\n|t:|1783543697\n|teamsize|p1|6\n|teamsize|p2|6\n|start\n|switch|p1a: Ursaluna|Ursaluna, L79, F|100/100\n|switch|p2a: Arcanine|Arcanine-Hisui, L79, F|279/279\n|turn|1\n|inactive|Battle timer is ON: inactive players will automatically lose when time's up. (requested by p0y3483588)\n|inactive|p0x34872ed also wants the timer to be on.\n|\n|t:|1783543699\n|move|p2a: Arcanine|Close Combat|p1a: Ursaluna\n|-supereffective|p1a: Ursaluna\n|-damage|p1a: Ursaluna|53/100\n|-unboost|p2a: Arcanine|def|1\n|-unboost|p2a: Arcanine|spd|1\n|move|p1a: Ursaluna|Headlong Rush|p2a: Arcanine\n|-supereffective|p2a: Arcanine\n|-damage|p2a: Arcanine|0 fnt\n|-unboost|p1a: Ursaluna|def|1\n|-unboost|p1a: Ursaluna|spd|1\n|faint|p2a: Arcanine\n|\n|-status|p1a: Ursaluna|brn|[from] item: Flame Orb\n|upkeep\n|inactive|Time left: 300 sec this turn | 300 sec total | 65 sec grace\n|\n|t:|1783543701\n|switch|p2a: Basculin|Basculin-Blue-Striped, L86, F|261/261\n|turn|2\n|inactive|Time left: 300 sec this turn | 300 sec total\n|\n|t:|1783543702\n|switch|p1a: Drifblim|Drifblim, L86, F|100/100\n|move|p2a: Basculin|Wave Crash|p1a: Drifblim\n|-damage|p1a: Drifblim|1/100\n|-damage|p2a: Basculin|130/261|[from] Recoil\n|\n|upkeep\n|turn|3\n|inactive|Time left: 300 sec this turn | 300 sec total\n|\n|t:|1783543703\n|move|p2a: Basculin|Wave Crash|p1a: Drifblim\n|-damage|p1a: Drifblim|0 fnt\n|-damage|p2a: Basculin|65/261|[from] ability: Aftermath|[of] p1a: Drifblim\n|faint|p1a: Drifblim\n|-damage|p2a: Basculin|64/261|[from] Recoil\n|\n|upkeep\n|\n|t:|1783543704\n|switch|p1a: Azelf|Azelf, L82|100/100\n|turn|4\n|inactive|Time left: 300 sec this turn | 300 sec total\n|\n|t:|1783543705\n|switch|p2a: Blissey|Blissey, L85, F|572/572\n|move|p1a: Azelf|Psychic|p2a: Blissey\n|-damage|p2a: Blissey|462/572\n|-damage|p1a: Azelf|91/100|[from] item: Life Orb\n|\n|-heal|p2a: Blissey|497/572|[from] item: Leftovers\n|upkeep\n|turn|5\n|inactive|Time left: 300 sec this turn | 300 sec total\n|\n|t:|1783543705\n|move|p1a: Azelf|U-turn|p2a: Blissey\n|-damage|p2a: Blissey|296/572\n|-damage|p1a: Azelf|81/100|[from] item: Life Orb\n|\n|t:|1783543706\n|switch|p1a: Arcanine|Arcanine, L84, M|100/100|[from] U-turn\n|-ability|p1a: Arcanine|Intimidate|boost\n|-unboost|p2a: Blissey|atk|1\n|move|p2a: Blissey|Seismic Toss|p1a: Arcanine\n|-damage|p1a: Arcanine|71/100\n|\n|-heal|p2a: Blissey|331/572|[from] item: Leftovers\n|upkeep\n|turn|6\n|inactive|Time left: 300 sec this turn | 300 sec total\n|\n|t:|1783543707\n|switch|p2a: Groudon|Groudon, L72|263/263\n|-weather|SunnyDay|[from] ability: Drought|[of] p2a: Groudon\n|move|p1a: Arcanine|Flare Blitz|p2a: Groudon\n|-damage|p2a: Groudon|107/263\n|-damage|p1a: Arcanine|53/100|[from] Recoil\n|\n|-weather|SunnyDay|[upkeep]\n|-heal|p2a: Groudon|123/263|[from] item: Leftovers\n|upkeep\n|turn|7\n|inactive|Time left: 300 sec this turn | 300 sec total\n|\n|t:|1783543707\n|-terastallize|p2a: Groudon|Fire\n|move|p1a: Arcanine|Flare Blitz|p2a: Groudon\n|-resisted|p2a: Groudon\n|-damage|p2a: Groudon|40/263\n|-damage|p1a: Arcanine|44/100|[from] Recoil\n|move|p2a: Groudon|Precipice Blades|p1a: Arcanine\n|-supereffective|p1a: Arcanine\n|-damage|p1a: Arcanine|0 fnt\n|faint|p1a: Arcanine\n|\n|-weather|SunnyDay|[upkeep]\n|-heal|p2a: Groudon|56/263|[from] item: Leftovers\n|upkeep\n|\n|t:|1783543708\n|switch|p1a: Grumpig|Grumpig, L92, M|100/100\n|turn|8\n|inactive|Time left: 300 sec this turn | 300 sec total\n|\n|t:|1783543709\n|switch|p2a: Arboliva|Arboliva, L91, F|288/288\n|move|p1a: Grumpig|Psyshock|p2a: Arboliva\n|-damage|p2a: Arboliva|195/288\n|\n|-weather|SunnyDay|[upkeep]\n|upkeep\n|turn|9\n|inactive|Time left: 300 sec this turn | 300 sec total\n|\n|t:|1783543710\n|move|p1a: Grumpig|Psyshock|p2a: Arboliva\n|-damage|p2a: Arboliva|101/288\n|-enditem|p2a: Arboliva|Sitrus Berry|[eat]\n|-heal|p2a: Arboliva|173/288|[from] item: Sitrus Berry\n|move|p2a: Arboliva|Leech Seed|p1a: Grumpig\n|-start|p1a: Grumpig|move: Leech Seed\n|\n|-weather|SunnyDay|[upkeep]\n|-damage|p1a: Grumpig|88/100|[from] Leech Seed|[of] p2a: Arboliva\n|-heal|p2a: Arboliva|210/288|[silent]\n|-item|p2a: Arboliva|Sitrus Berry|[from] ability: Harvest\n|upkeep\n|turn|10\n|inactive|Time left: 300 sec this turn | 300 sec total\n|\n|t:|1783543711\n|move|p1a: Grumpig|Psyshock|p2a: Arboliva\n|-damage|p2a: Arboliva|122/288\n|-enditem|p2a: Arboliva|Sitrus Berry|[eat]\n|-heal|p2a: Arboliva|194/288|[from] item: Sitrus Berry\n|move|p2a: Arboliva|Hyper Voice|p1a: Grumpig\n|-damage|p1a: Grumpig|55/100\n|\n|-weather|none\n|-damage|p1a: Grumpig|43/100|[from] Leech Seed|[of] p2a: Arboliva\n|-heal|p2a: Arboliva|231/288|[silent]\n|-item|p2a: Arboliva|Sitrus Berry|[from] ability: Harvest\n|upkeep\n|turn|11\n|inactive|Time left: 300 sec this turn | 300 sec total\n|\n|t:|1783543712\n|move|p1a: Grumpig|Psyshock|p2a: Arboliva\n|-damage|p2a: Arboliva|143/288\n|-enditem|p2a: Arboliva|Sitrus Berry|[eat]\n|-heal|p2a: Arboliva|215/288|[from] item: Sitrus Berry\n|move|p2a: Arboliva|Hyper Voice|p1a: Grumpig\n|-damage|p1a: Grumpig|5/100\n|\n|-damage|p1a: Grumpig|0 fnt|[from] Leech Seed|[of] p2a: Arboliva\n|-heal|p2a: Arboliva|229/288|[silent]\n|faint|p1a: Grumpig\n|upkeep\n|\n|t:|1783543713\n|switch|p1a: Ursaluna|Ursaluna, L79, F|53/100 brn\n|turn|12\n|inactive|Time left: 300 sec this turn | 300 sec total\n|\n|t:|1783543714\n|move|p1a: Ursaluna|Facade|p2a: Arboliva\n|-damage|p2a: Arboliva|7/288\n|move|p2a: Arboliva|Hyper Voice|p1a: Ursaluna\n|-damage|p1a: Ursaluna|6/100 brn\n|\n|-damage|p1a: Ursaluna|0 fnt|[from] brn\n|faint|p1a: Ursaluna\n|upkeep\n|\n|t:|1783543715\n|switch|p1a: Azelf|Azelf, L82|81/100\n|turn|13\n|inactive|Time left: 300 sec this turn | 300 sec total\n|\n|t:|1783543716\n|move|p2a: Arboliva|Protect|p2a: Arboliva\n|-singleturn|p2a: Arboliva|Protect\n|move|p1a: Azelf|Psychic|p2a: Arboliva\n|-activate|p2a: Arboliva|move: Protect\n|\n|upkeep\n|turn|14\n|inactive|Time left: 300 sec this turn | 300 sec total\n|\n|t:|1783543717\n|switch|p2a: Blissey|Blissey, L85, F|331/572\n|move|p1a: Azelf|Psychic|p2a: Blissey\n|-damage|p2a: Blissey|232/572\n|-damage|p1a: Azelf|71/100|[from] item: Life Orb\n|\n|-heal|p2a: Blissey|267/572|[from] item: Leftovers\n|upkeep\n|turn|15\n|inactive|Time left: 300 sec this turn | 300 sec total\n|\n|t:|1783543718\n|move|p1a: Azelf|Taunt|p2a: Blissey\n|-start|p2a: Blissey|move: Taunt\n|cant|p2a: Blissey|move: Taunt|Soft-Boiled\n|\n|-heal|p2a: Blissey|302/572|[from] item: Leftovers\n|upkeep\n|turn|16\n|inactive|Time left: 300 sec this turn | 300 sec total\n|\n|t:|1783543719\n|move|p1a: Azelf|U-turn|p2a: Blissey\n|-damage|p2a: Blissey|72/572\n|-damage|p1a: Azelf|62/100|[from] item: Life Orb\n|\n|t:|1783543720\n|switch|p1a: Terapagos|Terapagos, L77, M|100/100|[from] U-turn\n|-activate|p1a: Terapagos|ability: Tera Shift\n|detailschange|p1a: Terapagos|Terapagos-Terastal, L77, M\n|-heal|p1a: Terapagos|100/100|[silent]\n|move|p2a: Blissey|Seismic Toss|p1a: Terapagos\n|-damage|p1a: Terapagos|69/100\n|\n|-heal|p2a: Blissey|107/572|[from] item: Leftovers\n|upkeep\n|turn|17\n|inactive|Time left: 300 sec this turn | 300 sec total\n|\n|t:|1783543722\n|move|p1a: Terapagos|Calm Mind|p1a: Terapagos\n|-boost|p1a: Terapagos|spa|1\n|-boost|p1a: Terapagos|spd|1\n|move|p2a: Blissey|Seismic Toss|p1a: Terapagos\n|-damage|p1a: Terapagos|38/100\n|\n|-heal|p2a: Blissey|142/572|[from] item: Leftovers\n|-end|p2a: Blissey|move: Taunt\n|upkeep\n|turn|18\n|inactive|Time left: 300 sec this turn | 300 sec total\n|\n|t:|1783543723\n|move|p1a: Terapagos|Rest|p1a: Terapagos\n|-status|p1a: Terapagos|slp|[from] move: Rest\n|-heal|p1a: Terapagos|100/100 slp|[silent]\n|-enditem|p1a: Terapagos|Chesto Berry|[eat]\n|-curestatus|p1a: Terapagos|slp|[msg]\n|move|p2a: Blissey|Soft-Boiled|p2a: Blissey\n|-heal|p2a: Blissey|428/572\n|\n|-heal|p2a: Blissey|463/572|[from] item: Leftovers\n|upkeep\n|turn|19\n|inactive|Time left: 300 sec this turn | 300 sec total\n|\n|t:|1783543724\n|move|p1a: Terapagos|Calm Mind|p1a: Terapagos\n|-boost|p1a: Terapagos|spa|1\n|-boost|p1a: Terapagos|spd|1\n|move|p2a: Blissey|Seismic Toss|p1a: Terapagos\n|-damage|p1a: Terapagos|69/100\n|\n|-heal|p2a: Blissey|498/572|[from] item: Leftovers\n|upkeep\n|turn|20\n|inactive|Time left: 300 sec this turn | 300 sec total\n|\n|t:|1783543725\n|move|p1a: Terapagos|Tera Starstorm|p2a: Blissey\n|-damage|p2a: Blissey|332/572\n|move|p2a: Blissey|Seismic Toss|p1a: Terapagos\n|-damage|p1a: Terapagos|38/100\n|\n|-heal|p2a: Blissey|367/572|[from] item: Leftovers\n|upkeep\n|turn|21\n|inactive|Time left: 300 sec this turn | 300 sec total\n|\n|t:|1783543726\n|move|p1a: Terapagos|Dark Pulse|p2a: Blissey\n|-damage|p2a: Blissey|296/572\n|move|p2a: Blissey|Seismic Toss|p1a: Terapagos\n|-damage|p1a: Terapagos|7/100\n|\n|-heal|p2a: Blissey|331/572|[from] item: Leftovers\n|upkeep\n|turn|22\n|inactive|Time left: 300 sec this turn | 300 sec total\n|\n|t:|1783543727\n|move|p1a: Terapagos|Rest|p1a: Terapagos\n|-status|p1a: Terapagos|slp|[from] move: Rest\n|-heal|p1a: Terapagos|100/100 slp|[silent]\n|move|p2a: Blissey|Seismic Toss|p1a: Terapagos\n|-damage|p1a: Terapagos|69/100 slp\n|\n|-heal|p2a: Blissey|366/572|[from] item: Leftovers\n|upkeep\n|turn|23\n|inactive|Time left: 300 sec this turn | 300 sec total\n|\n|t:|1783543728\n|switch|p2a: Basculin|Basculin-Blue-Striped, L86, F|64/261\n|cant|p1a: Terapagos|slp\n|\n|upkeep\n|turn|24\n|inactive|Time left: 300 sec this turn | 300 sec total\n|\n|t:|1783543729\n|move|p2a: Basculin|Wave Crash|p1a: Terapagos\n|-damage|p1a: Terapagos|0 fnt\n|faint|p1a: Terapagos\n|-damage|p2a: Basculin|2/261|[from] Recoil\n|\n|upkeep\n|\n|t:|1783543730\n|switch|p1a: Azelf|Azelf, L82|62/100\n|turn|25\n|inactive|Time left: 300 sec this turn | 300 sec total\n|\n|t:|1783543731\n|move|p1a: Azelf|Psychic|p2a: Basculin\n|-damage|p2a: Basculin|0 fnt\n|faint|p2a: Basculin\n|-damage|p1a: Azelf|52/100|[from] item: Life Orb\n|\n|upkeep\n|inactive|Time left: 300 sec this turn | 300 sec total | 5 sec grace\n|\n|t:|1783543732\n|switch|p2a: Blissey|Blissey, L85, F|366/572\n|turn|26\n|inactive|Time left: 300 sec this turn | 300 sec total\n|\n|t:|1783543734\n|move|p1a: Azelf|Taunt|p2a: Blissey\n|-start|p2a: Blissey|move: Taunt\n|move|p2a: Blissey|Seismic Toss|p1a: Azelf\n|-damage|p1a: Azelf|19/100\n|\n|-heal|p2a: Blissey|401/572|[from] item: Leftovers\n|upkeep\n|turn|27\n|inactive|Time left: 300 sec this turn | 300 sec total\n|\n|t:|1783543735\n|move|p1a: Azelf|Taunt||[still]\n|-fail|p1a: Azelf\n|move|p2a: Blissey|Seismic Toss|p1a: Azelf\n|-damage|p1a: Azelf|0 fnt\n|faint|p1a: Azelf\n|\n|win|p0y3483588", "uploadtime": 1783543735, "views": 0, "rating": 0, "private": 0, "password": null, "_winner": "p0y3483588", "_our_name": "p0y3483588"}