{"id": "battle-gen9randombattle-1735", "formatid": "gen9randombattle", "format": "[Gen 9] Random Battle", "players": ["p0x1735f8f4", "p0y1735059e"], "log": "|init|battle\n|title|p0x1735f8f4 vs. p0y1735059e\n|j|\u2606p0x1735f8f4\n|j|\u2606p0y1735059e\n|t:|1783560072\n|gametype|singles\n|player|p1|p0x1735f8f4|265|\n|player|p2|p0y1735059e|2|\n|gen|9\n|tier|[Gen 9] Random Battle\n|rule|Species Clause: Limit one of each Pok\u00e9mon\n|rule|HP Percentage Mod: HP is shown in percentages\n|rule|Sleep Clause Mod: Limit one foe put to sleep\n|rule|Illusion Level Mod: Illusion disguises the Pok\u00e9mon's true level\n|\n|t:|1783560072\n|teamsize|p1|6\n|teamsize|p2|6\n|start\n|switch|p1a: Leafeon|Leafeon, L88, M|100/100\n|switch|p2a: Illumise|Illumise, L91, F|266/266\n|turn|1\n|inactive|Battle timer is ON: inactive players will automatically lose when time's up. (requested by p0y1735059e)\n|inactive|p0x1735f8f4 also wants the timer to be on.\n|\n|t:|1783560073\n|switch|p1a: Zacian|Zacian-Crowned, L64|100/100\n|-ability|p1a: Zacian|Intrepid Sword|boost\n|-boost|p1a: Zacian|atk|1\n|move|p2a: Illumise|Bug Buzz|p1a: Zacian\n|-resisted|p1a: Zacian\n|-damage|p1a: Zacian|90/100\n|\n|upkeep\n|turn|2\n|inactive|Time left: 300 sec this turn | 300 sec total\n|\n|t:|1783560074\n|switch|p2a: Swampert|Swampert, L83, M|302/302\n|move|p1a: Zacian|Swords Dance|p1a: Zacian\n|-boost|p1a: Zacian|atk|2\n|\n|upkeep\n|turn|3\n|inactive|Time left: 300 sec this turn | 300 sec total\n|\n|t:|1783560075\n|-terastallize|p1a: Zacian|Fighting\n|move|p1a: Zacian|Play Rough|p2a: Swampert\n|-damage|p2a: Swampert|110/302\n|move|p2a: Swampert|Earthquake|p1a: Zacian\n|-damage|p1a: Zacian|40/100\n|\n|-heal|p2a: Swampert|128/302|[from] item: Leftovers\n|upkeep\n|turn|4\n|inactive|Time left: 300 sec this turn | 300 sec total\n|\n|t:|1783560075\n|move|p1a: Zacian|Close Combat|p2a: Swampert\n|-damage|p2a: Swampert|0 fnt\n|-unboost|p1a: Zacian|def|1\n|-unboost|p1a: Zacian|spd|1\n|faint|p2a: Swampert\n|\n|upkeep\n|inactive|Time left: 300 sec this turn | 300 sec total | 5 sec grace\n|\n|t:|1783560076\n|switch|p2a: Cresselia|Cresselia, L80, F|323/323\n|turn|5\n|inactive|Time left: 300 sec this turn | 300 sec total\n|\n|t:|1783560077\n|move|p1a: Zacian|Behemoth Blade|p2a: Cresselia\n|-damage|p2a: Cresselia|131/323\n|move|p2a: Cresselia|Psyshock|p1a: Zacian\n|-supereffective|p1a: Zacian\n|-damage|p1a: Zacian|0 fnt\n|faint|p1a: Zacian\n|\n|-heal|p2a: Cresselia|151/323|[from] item: Leftovers\n|upkeep\n|\n|t:|1783560077\n|switch|p1a: Leafeon|Leafeon, L88, M|100/100\n|turn|6\n|inactive|Time left: 300 sec this turn | 300 sec total\n|\n|t:|1783560078\n|move|p1a: Leafeon|Swords Dance|p1a: Leafeon\n|-boost|p1a: Leafeon|atk|2\n|move|p2a: Cresselia|Moonlight|p2a: Cresselia\n|-heal|p2a: Cresselia|312/323\n|\n|-heal|p2a: Cresselia|323/323|[from] item: Leftovers\n|upkeep\n|turn|7\n|inactive|Time left: 300 sec this turn | 300 sec total\n|\n|t:|1783560079\n|-terastallize|p2a: Cresselia|Steel\n|move|p1a: Leafeon|Leaf Blade|p2a: Cresselia\n|-resisted|p2a: Cresselia\n|-crit|p2a: Cresselia\n|-damage|p2a: Cresselia|172/323\n|move|p2a: Cresselia|Moonlight|p2a: Cresselia\n|-heal|p2a: Cresselia|323/323\n|\n|upkeep\n|turn|8\n|inactive|Time left: 300 sec this turn | 300 sec total\n|\n|t:|1783560080\n|move|p1a: Leafeon|Swords Dance|p1a: Leafeon\n|-boost|p1a: Leafeon|atk|2\n|move|p2a: Cresselia|Calm Mind|p2a: Cresselia\n|-boost|p2a: Cresselia|spa|1\n|-boost|p2a: Cresselia|spd|1\n|\n|upkeep\n|turn|9\n|inactive|Time left: 300 sec this turn | 300 sec total\n|\n|t:|1783560081\n|move|p1a: Leafeon|Leaf Blade|p2a: Cresselia\n|-resisted|p2a: Cresselia\n|-damage|p2a: Cresselia|164/323\n|move|p2a: Cresselia|Moonlight|p2a: Cresselia\n|-heal|p2a: Cresselia|323/323\n|\n|upkeep\n|turn|10\n|inactive|Time left: 300 sec this turn | 300 sec total\n|\n|t:|1783560082\n|move|p1a: Leafeon|Leaf Blade|p2a: Cresselia\n|-resisted|p2a: Cresselia\n|-damage|p2a: Cresselia|164/323\n|move|p2a: Cresselia|Moonlight|p2a: Cresselia\n|-heal|p2a: Cresselia|323/323\n|\n|upkeep\n|turn|11\n|inactive|Time left: 300 sec this turn | 300 sec total\n|\n|t:|1783560082\n|move|p1a: Leafeon|Leaf Blade|p2a: Cresselia\n|-resisted|p2a: Cresselia\n|-damage|p2a: Cresselia|167/323\n|move|p2a: Cresselia|Moonlight|p2a: Cresselia\n|-heal|p2a: Cresselia|323/323\n|\n|upkeep\n|turn|12\n|inactive|Time left: 300 sec this turn | 300 sec total\n|\n|t:|1783560083\n|move|p1a: Leafeon|Leaf Blade|p2a: Cresselia\n|-resisted|p2a: Cresselia\n|-damage|p2a: Cresselia|167/323\n|move|p2a: Cresselia|Moonlight|p2a: Cresselia\n|-heal|p2a: Cresselia|323/323\n|\n|upkeep\n|turn|13\n|inactive|Time left: 300 sec this turn | 300 sec total\n|\n|t:|1783560084\n|move|p1a: Leafeon|Leaf Blade|p2a: Cresselia\n|-resisted|p2a: Cresselia\n|-damage|p2a: Cresselia|183/323\n|move|p2a: Cresselia|Moonblast|p1a: Leafeon\n|-damage|p1a: Leafeon|64/100\n|\n|-heal|p1a: Leafeon|70/100|[from] item: Leftovers\n|-heal|p2a: Cresselia|203/323|[from] item: Leftovers\n|upkeep\n|turn|14\n|inactive|Time left: 300 sec this turn | 300 sec total\n|\n|t:|1783560085\n|move|p1a: Leafeon|Leaf Blade|p2a: Cresselia\n|-resisted|p2a: Cresselia\n|-damage|p2a: Cresselia|50/323\n|move|p2a: Cresselia|Moonlight|p2a: Cresselia\n|-heal|p2a: Cresselia|211/323\n|\n|-heal|p1a: Leafeon|76/100|[from] item: Leftovers\n|-heal|p2a: Cresselia|231/323|[from] item: Leftovers\n|upkeep\n|turn|15\n|inactive|Time left: 300 sec this turn | 300 sec total\n|\n|t:|1783560086\n|move|p1a: Leafeon|Leaf Blade|p2a: Cresselia\n|-resisted|p2a: Cresselia\n|-damage|p2a: Cresselia|83/323\n|move|p2a: Cresselia|Moonlight|p2a: Cresselia\n|-heal|p2a: Cresselia|244/323\n|\n|-heal|p1a: Leafeon|82/100|[from] item: Leftovers\n|-heal|p2a: Cresselia|264/323|[from] item: Leftovers\n|upkeep\n|turn|16\n|inactive|Time left: 300 sec this turn | 300 sec total\n|\n|t:|1783560087\n|move|p1a: Leafeon|Leaf Blade|p2a: Cresselia\n|-resisted|p2a: Cresselia\n|-damage|p2a: Cresselia|117/323\n|move|p2a: Cresselia|Moonblast|p1a: Leafeon\n|-damage|p1a: Leafeon|47/100\n|-unboost|p1a: Leafeon|spa|1\n|\n|-heal|p1a: Leafeon|53/100|[from] item: Leftovers\n|-heal|p2a: Cresselia|137/323|[from] item: Leftovers\n|upkeep\n|turn|17\n|inactive|Time left: 300 sec this turn | 300 sec total\n|\n|t:|1783560088\n|move|p1a: Leafeon|Leaf Blade|p2a: Cresselia\n|-resisted|p2a: Cresselia\n|-damage|p2a: Cresselia|0 fnt\n|faint|p2a: Cresselia\n|\n|-heal|p1a: Leafeon|59/100|[from] item: Leftovers\n|upkeep\n|inactive|Time left: 300 sec this turn | 300 sec total | 5 sec grace\n|\n|t:|1783560089\n|switch|p2a: Gengar|Gengar, L81, M|230/230\n|turn|18\n|inactive|Time left: 300 sec this turn | 300 sec total\n|\n|t:|1783560090\n|move|p2a: Gengar|Sludge Wave|p1a: Leafeon\n|-supereffective|p1a: Leafeon\n|-damage|p1a: Leafeon|0 fnt\n|faint|p1a: Leafeon\n|-damage|p2a: Gengar|207/230|[from] item: Life Orb\n|\n|upkeep\n|\n|t:|1783560091\n|switch|p1a: Latias|Latias, L79, F|100/100\n|turn|19\n|inactive|Time left: 300 sec this turn | 300 sec total\n|\n|t:|1783560093\n|move|p2a: Gengar|Shadow Ball|p1a: Latias\n|-supereffective|p1a: Latias\n|-damage|p1a: Latias|20/100\n|-damage|p2a: Gengar|184/230|[from] item: Life Orb\n|move|p1a: Latias|Psyshock|p2a: Gengar\n|-supereffective|p2a: Gengar\n|-damage|p2a: Gengar|0 fnt\n|faint|p2a: Gengar\n|\n|upkeep\n|inactive|Time left: 300 sec this turn | 300 sec total | 5 sec grace\n|\n|t:|1783560094\n|switch|p2a: Yanmega|Yanmega, L82, M|275/275\n|turn|20\n|inactive|Time left: 300 sec this turn | 300 sec total\n|\n|t:|1783560094\n|move|p1a: Latias|Draco Meteor|p2a: Yanmega\n|-damage|p2a: Yanmega|44/275\n|-unboost|p1a: Latias|spa|2\n|move|p2a: Yanmega|Air Slash|p1a: Latias\n|-crit|p1a: Latias\n|-damage|p1a: Latias|0 fnt\n|faint|p1a: Latias\n|\n|upkeep\n|\n|t:|1783560095\n|switch|p1a: Bellibolt|Bellibolt, L84, M|100/100\n|turn|21\n|inactive|Time left: 300 sec this turn | 300 sec total\n|\n|t:|1783560096\n|move|p2a: Yanmega|Air Slash|p1a: Bellibolt|[miss]\n|-miss|p2a: Yanmega|p1a: Bellibolt\n|move|p1a: Bellibolt|Thunderbolt|p2a: Yanmega\n|-supereffective|p2a: Yanmega\n|-damage|p2a: Yanmega|0 fnt\n|faint|p2a: Yanmega\n|\n|upkeep\n|inactive|Time left: 300 sec this turn | 300 sec total | 5 sec grace\n|\n|t:|1783560097\n|switch|p2a: Hitmontop|Hitmontop, L88, M|231/231\n|turn|22\n|inactive|Time left: 300 sec this turn | 300 sec total\n|\n|t:|1783560098\n|move|p2a: Hitmontop|Bulk Up|p2a: Hitmontop\n|-boost|p2a: Hitmontop|atk|1\n|-boost|p2a: Hitmontop|def|1\n|move|p1a: Bellibolt|Thunderbolt|p2a: Hitmontop\n|-damage|p2a: Hitmontop|150/231\n|\n|-heal|p2a: Hitmontop|164/231|[from] item: Leftovers\n|upkeep\n|turn|23\n|inactive|Time left: 300 sec this turn | 300 sec total\n|\n|t:|1783560099\n|move|p2a: Hitmontop|Triple Axel|p1a: Bellibolt\n|-damage|p1a: Bellibolt|90/100\n|-start|p1a: Bellibolt|Charge|Triple Axel|[from] ability: Electromorphosis\n|-damage|p1a: Bellibolt|70/100\n|-start|p1a: Bellibolt|Charge|Triple Axel|[from] ability: Electromorphosis\n|-hitcount|p1a: Bellibolt|2\n|move|p1a: Bellibolt|Thunderbolt|p2a: Hitmontop\n|-damage|p2a: Hitmontop|0 fnt\n|faint|p2a: Hitmontop\n|-end|p1a: Bellibolt|Charge|[silent]\n|\n|-heal|p1a: Bellibolt|76/100|[from] item: Leftovers\n|upkeep\n|inactive|Time left: 300 sec this turn | 300 sec total | 5 sec grace\n|\n|t:|1783560100\n|switch|p2a: Illumise|Illumise, L91, F|266/266\n|turn|24\n|inactive|Time left: 300 sec this turn | 300 sec total\n|\n|t:|1783560101\n|switch|p1a: Flamigo|Flamigo, L82, F|100/100\n|move|p2a: Illumise|Bug Buzz|p1a: Flamigo\n|-resisted|p1a: Flamigo\n|-damage|p1a: Flamigo|90/100\n|\n|upkeep\n|turn|25\n|inactive|Time left: 300 sec this turn | 300 sec total\n|\n|t:|1783560102\n|move|p2a: Illumise|Thunder Wave|p1a: Flamigo\n|-status|p1a: Flamigo|par\n|move|p1a: Flamigo|Brave Bird|p2a: Illumise\n|-supereffective|p2a: Illumise\n|-damage|p2a: Illumise|0 fnt\n|faint|p2a: Illumise\n|-damage|p1a: Flamigo|58/100 par|[from] Recoil\n|-damage|p1a: Flamigo|48/100 par|[from] item: Life Orb\n|\n|win|p0x1735f8f4", "uploadtime": 1783560102, "views": 0, "rating": 0, "private": 0, "password": null, "_winner": "p0x1735f8f4", "_our_name": "p0y1735059e"}