{"id": "battle-gen9randombattle-934", "formatid": "gen9randombattle", "format": "[Gen 9] Random Battle", "players": ["p0x934dcf0", "p0y934cbe8"], "log": "|init|battle\n|title|p0x934dcf0 vs. p0y934cbe8\n|j|\u2606p0x934dcf0\n|j|\u2606p0y934cbe8\n|t:|1783549979\n|gametype|singles\n|player|p1|p0x934dcf0|265|\n|player|p2|p0y934cbe8|170|\n|gen|9\n|tier|[Gen 9] Random Battle\n|rule|Species Clause: Limit one of each Pok\u00e9mon\n|rule|HP Percentage Mod: HP is shown in percentages\n|rule|Sleep Clause Mod: Limit one foe put to sleep\n|rule|Illusion Level Mod: Illusion disguises the Pok\u00e9mon's true level\n|\n|t:|1783549979\n|teamsize|p1|6\n|teamsize|p2|6\n|start\n|switch|p1a: Whimsicott|Whimsicott, L84, M|100/100\n|switch|p2a: Qwilfish|Qwilfish-Hisui, L83, F|244/244\n|-ability|p2a: Qwilfish|Intimidate|boost\n|-unboost|p1a: Whimsicott|atk|1\n|turn|1\n|inactive|Battle timer is ON: inactive players will automatically lose when time's up. (requested by p0x934dcf0)\n|inactive|Time left: 300 sec this turn | 300 sec total | 60 sec grace\n|inactive|p0y934cbe8 also wants the timer to be on.\n|\n|t:|1783549981\n|switch|p1a: Stantler|Stantler, L92, F|100/100\n|-ability|p1a: Stantler|Intimidate|boost\n|-unboost|p2a: Qwilfish|atk|1\n|move|p2a: Qwilfish|Gunk Shot|p1a: Stantler\n|-damage|p1a: Stantler|76/100\n|\n|upkeep\n|turn|2\n|inactive|Time left: 300 sec this turn | 300 sec total\n|\n|t:|1783549982\n|move|p1a: Stantler|Calm Mind|p1a: Stantler\n|-boost|p1a: Stantler|spa|1\n|-boost|p1a: Stantler|spd|1\n|move|p2a: Qwilfish|Toxic Spikes|p1a: Stantler\n|-sidestart|p1: p0x934dcf0|move: Toxic Spikes\n|\n|upkeep\n|turn|3\n|inactive|Time left: 300 sec this turn | 300 sec total\n|\n|t:|1783549983\n|switch|p2a: Cloyster|Cloyster, L80, F|211/211\n|move|p1a: Stantler|Tera Blast|p2a: Cloyster\n|-damage|p2a: Cloyster|0 fnt\n|faint|p2a: Cloyster\n|\n|upkeep\n|inactive|Time left: 300 sec this turn | 300 sec total | 5 sec grace\n|\n|t:|1783549984\n|switch|p2a: Mamoswine|Mamoswine, L81, F|311/311\n|turn|4\n|inactive|Time left: 300 sec this turn | 300 sec total\n|\n|t:|1783549985\n|move|p1a: Stantler|Tera Blast|p2a: Mamoswine\n|-damage|p2a: Mamoswine|113/311\n|move|p2a: Mamoswine|Earthquake|p1a: Stantler\n|-damage|p1a: Stantler|25/100\n|\n|upkeep\n|turn|5\n|inactive|Time left: 300 sec this turn | 300 sec total\n|\n|t:|1783549986\n|switch|p2a: Ampharos|Ampharos, L88, F|302/302\n|move|p1a: Stantler|Tera Blast|p2a: Ampharos\n|-damage|p2a: Ampharos|215/302\n|\n|upkeep\n|turn|6\n|inactive|Time left: 300 sec this turn | 300 sec total\n|\n|t:|1783549987\n|move|p1a: Stantler|Earth Power|p2a: Ampharos\n|-supereffective|p2a: Ampharos\n|-damage|p2a: Ampharos|81/302\n|move|p2a: Ampharos|Thunderbolt|p1a: Stantler\n|-damage|p1a: Stantler|3/100\n|\n|upkeep\n|turn|7\n|inactive|Time left: 300 sec this turn | 300 sec total\n|\n|t:|1783549988\n|switch|p2a: Salamence|Salamence, L77, M|273/273\n|move|p1a: Stantler|Tera Blast|p2a: Salamence\n|-damage|p2a: Salamence|101/273\n|\n|upkeep\n|turn|8\n|inactive|Time left: 300 sec this turn | 300 sec total\n|\n|t:|1783549989\n|move|p1a: Stantler|Tera Blast|p2a: Salamence\n|-damage|p2a: Salamence|0 fnt\n|faint|p2a: Salamence\n|\n|upkeep\n|inactive|Time left: 300 sec this turn | 300 sec total | 5 sec grace\n|\n|t:|1783549990\n|switch|p2a: Mamoswine|Mamoswine, L81, F|113/311\n|turn|9\n|inactive|Time left: 300 sec this turn | 300 sec total\n|\n|t:|1783549991\n|move|p2a: Mamoswine|Ice Shard|p1a: Stantler\n|-damage|p1a: Stantler|0 fnt\n|faint|p1a: Stantler\n|\n|upkeep\n|\n|t:|1783549992\n|switch|p1a: Volcarona|Volcarona, L77, F|100/100\n|turn|10\n|inactive|Time left: 300 sec this turn | 300 sec total\n|\n|t:|1783549993\n|move|p2a: Mamoswine|Ice Shard|p1a: Volcarona\n|-resisted|p1a: Volcarona\n|-damage|p1a: Volcarona|82/100\n|move|p1a: Volcarona|Quiver Dance|p1a: Volcarona\n|-boost|p1a: Volcarona|spa|1\n|-boost|p1a: Volcarona|spd|1\n|-boost|p1a: Volcarona|spe|1\n|\n|upkeep\n|turn|11\n|inactive|Time left: 300 sec this turn | 300 sec total\n|\n|t:|1783549994\n|move|p2a: Mamoswine|Ice Shard|p1a: Volcarona\n|-resisted|p1a: Volcarona\n|-damage|p1a: Volcarona|62/100\n|move|p1a: Volcarona|Quiver Dance|p1a: Volcarona\n|-boost|p1a: Volcarona|spa|1\n|-boost|p1a: Volcarona|spd|1\n|-boost|p1a: Volcarona|spe|1\n|\n|upkeep\n|turn|12\n|inactive|Time left: 300 sec this turn | 300 sec total\n|\n|t:|1783549995\n|move|p2a: Mamoswine|Ice Shard|p1a: Volcarona\n|-resisted|p1a: Volcarona\n|-damage|p1a: Volcarona|43/100\n|move|p1a: Volcarona|Fiery Dance|p2a: Mamoswine\n|-supereffective|p2a: Mamoswine\n|-damage|p2a: Mamoswine|0 fnt\n|faint|p2a: Mamoswine\n|\n|upkeep\n|inactive|Time left: 300 sec this turn | 300 sec total | 5 sec grace\n|\n|t:|1783549996\n|switch|p2a: Qwilfish|Qwilfish-Hisui, L83, F|244/244\n|-ability|p2a: Qwilfish|Intimidate|boost\n|-unboost|p1a: Volcarona|atk|1\n|turn|13\n|inactive|Time left: 300 sec this turn | 300 sec total\n|\n|t:|1783549997\n|move|p1a: Volcarona|Morning Sun|p1a: Volcarona\n|-heal|p1a: Volcarona|93/100\n|move|p2a: Qwilfish|Gunk Shot|p1a: Volcarona\n|-damage|p1a: Volcarona|32/100\n|\n|upkeep\n|turn|14\n|inactive|Time left: 300 sec this turn | 300 sec total\n|\n|t:|1783549998\n|move|p1a: Volcarona|Morning Sun|p1a: Volcarona\n|-heal|p1a: Volcarona|81/100\n|move|p2a: Qwilfish|Crunch|p1a: Volcarona\n|-damage|p1a: Volcarona|37/100\n|-unboost|p1a: Volcarona|def|1\n|\n|upkeep\n|turn|15\n|inactive|Time left: 300 sec this turn | 300 sec total\n|\n|t:|1783549999\n|-terastallize|p1a: Volcarona|Steel\n|move|p1a: Volcarona|Morning Sun|p1a: Volcarona\n|-heal|p1a: Volcarona|86/100\n|move|p2a: Qwilfish|Crunch|p1a: Volcarona\n|-damage|p1a: Volcarona|25/100\n|-unboost|p1a: Volcarona|def|1\n|\n|upkeep\n|turn|16\n|inactive|Time left: 300 sec this turn | 300 sec total\n|\n|t:|1783550000\n|move|p1a: Volcarona|Bug Buzz|p2a: Qwilfish\n|-damage|p2a: Qwilfish|37/244\n|move|p2a: Qwilfish|Crunch|p1a: Volcarona\n|-damage|p1a: Volcarona|0 fnt\n|faint|p1a: Volcarona\n|\n|upkeep\n|\n|t:|1783550001\n|switch|p1a: Venusaur|Venusaur, L84, F|100/100\n|-sideend|p1: p0x934dcf0|move: Toxic Spikes|[of] p1a: Venusaur\n|turn|17\n|inactive|Time left: 300 sec this turn | 300 sec total\n|\n|t:|1783550002\n|move|p2a: Qwilfish|Gunk Shot|p1a: Venusaur\n|-damage|p1a: Venusaur|50/100\n|move|p1a: Venusaur|Sludge Bomb|p2a: Qwilfish\n|-resisted|p2a: Qwilfish\n|-damage|p2a: Qwilfish|0 fnt\n|faint|p2a: Qwilfish\n|\n|-heal|p1a: Venusaur|57/100|[from] item: Leftovers\n|upkeep\n|inactive|Time left: 300 sec this turn | 300 sec total | 5 sec grace\n|\n|t:|1783550003\n|switch|p2a: Greninja|Greninja, L80, M|246/246\n|turn|18\n|inactive|Time left: 300 sec this turn | 300 sec total\n|\n|t:|1783550004\n|move|p2a: Greninja|Gunk Shot|p1a: Venusaur\n|-start|p2a: Greninja|typechange|Poison|[from] ability: Protean\n|-damage|p1a: Venusaur|0 fnt\n|faint|p1a: Venusaur\n|-damage|p2a: Greninja|222/246|[from] item: Life Orb\n|\n|upkeep\n|\n|t:|1783550005\n|switch|p1a: Dragapult|Dragapult, L77, F|100/100\n|turn|19\n|inactive|Time left: 300 sec this turn | 300 sec total\n|\n|t:|1783550006\n|move|p1a: Dragapult|Draco Meteor|p2a: Greninja\n|-damage|p2a: Greninja|17/246\n|-unboost|p1a: Dragapult|spa|2\n|move|p2a: Greninja|U-turn|p1a: Dragapult\n|-resisted|p1a: Dragapult\n|-damage|p1a: Dragapult|88/100\n|-damage|p2a: Greninja|0 fnt|[from] item: Life Orb\n|faint|p2a: Greninja\n|\n|upkeep\n|inactive|Time left: 300 sec this turn | 300 sec total | 5 sec grace\n|\n|t:|1783550007\n|switch|p2a: Ampharos|Ampharos, L88, F|81/302\n|turn|20\n|inactive|Time left: 300 sec this turn | 300 sec total\n|\n|t:|1783550008\n|switch|p1a: Ambipom|Ambipom, L84, F|100/100\n|-terastallize|p2a: Ampharos|Fairy\n|move|p2a: Ampharos|Dragon Tail|p1a: Ambipom\n|-damage|p1a: Ambipom|81/100\n|drag|p1a: Dragapult|Dragapult, L77, F|88/100\n|\n|upkeep\n|turn|21\n|inactive|Time left: 300 sec this turn | 300 sec total\n|\n|t:|1783550009\n|move|p1a: Dragapult|Shadow Ball|p2a: Ampharos\n|-damage|p2a: Ampharos|14/302\n|move|p2a: Ampharos|Thunderbolt|p1a: Dragapult\n|-resisted|p1a: Dragapult\n|-damage|p1a: Dragapult|58/100\n|\n|upkeep\n|turn|22\n|inactive|Time left: 300 sec this turn | 300 sec total\n|\n|t:|1783550010\n|move|p1a: Dragapult|Shadow Ball|p2a: Ampharos\n|-damage|p2a: Ampharos|0 fnt\n|faint|p2a: Ampharos\n|\n|win|p0x934dcf0", "uploadtime": 1783550010, "views": 0, "rating": 0, "private": 0, "password": null, "_winner": "p0x934dcf0", "_our_name": "p0y934cbe8"}