{"id": "battle-gen9randombattle-2889", "formatid": "gen9randombattle", "format": "[Gen 9] Random Battle", "players": ["p0x2889b272", "p0y2889729c"], "log": "|init|battle\n|title|p0x2889b272 vs. p0y2889729c\n|j|\u2606p0x2889b272\n|j|\u2606p0y2889729c\n|t:|1783572304\n|gametype|singles\n|player|p1|p0x2889b272|265|\n|player|p2|p0y2889729c|2|\n|gen|9\n|tier|[Gen 9] Random Battle\n|rule|Species Clause: Limit one of each Pok\u00e9mon\n|rule|HP Percentage Mod: HP is shown in percentages\n|rule|Sleep Clause Mod: Limit one foe put to sleep\n|rule|Illusion Level Mod: Illusion disguises the Pok\u00e9mon's true level\n|\n|t:|1783572304\n|teamsize|p1|6\n|teamsize|p2|6\n|start\n|switch|p1a: Zarude|Zarude, L77|288/288\n|switch|p2a: Dragonite|Dragonite, L74, F|100/100\n|turn|1\n|inactive|Battle timer is ON: inactive players will automatically lose when time's up. (requested by p0y2889729c)\n|inactive|Time left: 300 sec this turn | 300 sec total | 60 sec grace\n|inactive|p0x2889b272 also wants the timer to be on.\n|\n|t:|1783572305\n|move|p1a: Zarude|Swords Dance|p1a: Zarude\n|-boost|p1a: Zarude|atk|2\n|move|p2a: Dragonite|Outrage|p1a: Zarude\n|-damage|p1a: Zarude|174/288\n|\n|-heal|p1a: Zarude|192/288|[from] item: Leftovers\n|upkeep\n|turn|2\n|inactive|Time left: 300 sec this turn | 300 sec total\n|\n|t:|1783572307\n|move|p1a: Zarude|Knock Off|p2a: Dragonite\n|-damage|p2a: Dragonite|56/100\n|-enditem|p2a: Dragonite|Heavy-Duty Boots|[from] move: Knock Off|[of] p1a: Zarude\n|move|p2a: Dragonite|Outrage|p1a: Zarude|[from] lockedmove\n|-damage|p1a: Zarude|60/288\n|-start|p2a: Dragonite|confusion|[fatigue]\n|\n|-heal|p1a: Zarude|78/288|[from] item: Leftovers\n|upkeep\n|turn|3\n|inactive|Time left: 300 sec this turn | 300 sec total\n|\n|t:|1783572308\n|switch|p2a: Charizard|Charizard, L85, F|100/100\n|move|p1a: Zarude|Knock Off|p2a: Charizard\n|-damage|p2a: Charizard|18/100\n|-enditem|p2a: Charizard|Heavy-Duty Boots|[from] move: Knock Off|[of] p1a: Zarude\n|\n|-heal|p1a: Zarude|96/288|[from] item: Leftovers\n|upkeep\n|turn|4\n|inactive|Time left: 300 sec this turn | 300 sec total\n|\n|t:|1783572309\n|move|p2a: Charizard|Flamethrower|p1a: Zarude\n|-supereffective|p1a: Zarude\n|-damage|p1a: Zarude|0 fnt\n|faint|p1a: Zarude\n|\n|upkeep\n|inactive|Time left: 300 sec this turn | 300 sec total | 5 sec grace\n|\n|t:|1783572310\n|switch|p1a: Florges|Florges-Orange, L85, F|271/271\n|turn|5\n|inactive|Time left: 300 sec this turn | 300 sec total\n|\n|t:|1783572311\n|move|p2a: Charizard|Flamethrower|p1a: Florges\n|-damage|p1a: Florges|172/271\n|move|p1a: Florges|Moonblast|p2a: Charizard\n|-resisted|p2a: Charizard\n|-damage|p2a: Charizard|0 fnt\n|faint|p2a: Charizard\n|\n|-heal|p1a: Florges|188/271|[from] item: Leftovers\n|upkeep\n|\n|t:|1783572312\n|switch|p2a: Cinccino|Cinccino, L83, F|100/100\n|turn|6\n|inactive|Time left: 300 sec this turn | 300 sec total\n|\n|t:|1783572313\n|move|p2a: Cinccino|Tail Slap|p1a: Florges\n|-damage|p1a: Florges|145/271\n|-damage|p1a: Florges|102/271\n|-damage|p1a: Florges|56/271\n|-damage|p1a: Florges|10/271\n|-damage|p1a: Florges|0 fnt\n|faint|p1a: Florges\n|-hitcount|p1: Florges|5\n|\n|upkeep\n|inactive|Time left: 300 sec this turn | 300 sec total | 5 sec grace\n|\n|t:|1783572314\n|switch|p1a: Koraidon|Koraidon, L64|235/235\n|-weather|SunnyDay|[from] ability: Orichalcum Pulse|[of] p1a: Koraidon\n|-activate|p1a: Koraidon|Orichalcum Pulse|[source]\n|turn|7\n|inactive|Time left: 300 sec this turn | 300 sec total\n|\n|t:|1783572314\n|-terastallize|p1a: Koraidon|Fire\n|move|p2a: Cinccino|Triple Axel|p1a: Koraidon\n|-resisted|p1a: Koraidon\n|-crit|p1a: Koraidon\n|-damage|p1a: Koraidon|219/235\n|-resisted|p1a: Koraidon\n|-damage|p1a: Koraidon|197/235\n|-resisted|p1a: Koraidon\n|-damage|p1a: Koraidon|164/235\n|-hitcount|p1a: Koraidon|3\n|move|p1a: Koraidon|Outrage|p2a: Cinccino\n|-damage|p2a: Cinccino|0 fnt\n|faint|p2a: Cinccino\n|\n|-weather|SunnyDay|[upkeep]\n|upkeep\n|\n|t:|1783572315\n|switch|p2a: Houndstone|Houndstone, L86, F|100/100\n|turn|8\n|inactive|Time left: 300 sec this turn | 300 sec total\n|\n|t:|1783572316\n|move|p1a: Koraidon|Outrage|p2a: Houndstone|[from] lockedmove\n|-damage|p2a: Houndstone|65/100\n|move|p2a: Houndstone|Poltergeist|p1a: Koraidon\n|-activate|p1a: Koraidon|move: Poltergeist|Choice Band\n|-damage|p1a: Koraidon|28/235\n|\n|-weather|SunnyDay|[upkeep]\n|upkeep\n|turn|9\n|inactive|Time left: 300 sec this turn | 300 sec total\n|\n|t:|1783572317\n|move|p2a: Houndstone|Shadow Sneak|p1a: Koraidon\n|-damage|p1a: Koraidon|0 fnt\n|faint|p1a: Koraidon\n|\n|-weather|SunnyDay|[upkeep]\n|upkeep\n|inactive|Time left: 300 sec this turn | 300 sec total | 5 sec grace\n|\n|t:|1783572318\n|switch|p1a: Volcanion|Volcanion, L79|256/256\n|turn|10\n|inactive|Time left: 300 sec this turn | 300 sec total\n|\n|t:|1783572319\n|switch|p2a: Dragonite|Dragonite, L74, F|56/100\n|move|p1a: Volcanion|Flamethrower|p2a: Dragonite\n|-resisted|p2a: Dragonite\n|-damage|p2a: Dragonite|27/100\n|\n|-weather|SunnyDay|[upkeep]\n|upkeep\n|turn|11\n|inactive|Time left: 300 sec this turn | 300 sec total\n|\n|t:|1783572321\n|move|p2a: Dragonite|Roost|p2a: Dragonite\n|-heal|p2a: Dragonite|77/100\n|-singleturn|p2a: Dragonite|move: Roost\n|move|p1a: Volcanion|Flamethrower|p2a: Dragonite\n|-resisted|p2a: Dragonite\n|-damage|p2a: Dragonite|42/100\n|\n|-weather|none\n|upkeep\n|turn|12\n|inactive|Time left: 300 sec this turn | 300 sec total\n|\n|t:|1783572322\n|move|p2a: Dragonite|Outrage|p1a: Volcanion\n|-damage|p1a: Volcanion|141/256\n|move|p1a: Volcanion|Steam Eruption|p2a: Dragonite|[miss]\n|-miss|p1a: Volcanion|p2a: Dragonite\n|\n|upkeep\n|turn|13\n|inactive|Time left: 300 sec this turn | 300 sec total\n|\n|t:|1783572323\n|switch|p1a: Stantler|Stantler, L92, F|284/284\n|-ability|p1a: Stantler|Intimidate|boost\n|-unboost|p2a: Dragonite|atk|1\n|move|p2a: Dragonite|Outrage|p1a: Stantler|[from] lockedmove\n|-damage|p1a: Stantler|215/284\n|-start|p2a: Dragonite|confusion|[fatigue]\n|\n|upkeep\n|turn|14\n|inactive|Time left: 300 sec this turn | 300 sec total\n|\n|t:|1783572324\n|switch|p2a: Girafarig|Girafarig, L89, M|100/100\n|move|p1a: Stantler|Body Slam|p2a: Girafarig\n|-damage|p2a: Girafarig|69/100\n|-status|p2a: Girafarig|par\n|\n|upkeep\n|turn|15\n|inactive|Time left: 300 sec this turn | 300 sec total\n|\n|t:|1783572325\n|move|p1a: Stantler|Throat Chop|p2a: Girafarig\n|-supereffective|p2a: Girafarig\n|-damage|p2a: Girafarig|29/100 par\n|-start|p2a: Girafarig|Throat Chop|[silent]\n|move|p2a: Girafarig|Nasty Plot|p2a: Girafarig\n|-boost|p2a: Girafarig|spa|2\n|\n|upkeep\n|turn|16\n|inactive|Time left: 300 sec this turn | 300 sec total\n|\n|t:|1783572325\n|switch|p2a: Houndstone|Houndstone, L86, F|65/100\n|move|p1a: Stantler|Body Slam|p2a: Houndstone\n|-immune|p2a: Houndstone\n|\n|upkeep\n|turn|17\n|inactive|Time left: 300 sec this turn | 300 sec total\n|\n|t:|1783572327\n|move|p1a: Stantler|Earthquake|p2a: Houndstone\n|-damage|p2a: Houndstone|38/100\n|move|p2a: Houndstone|Body Press|p1a: Stantler\n|-supereffective|p1a: Stantler\n|-damage|p1a: Stantler|125/284\n|\n|upkeep\n|turn|18\n|inactive|Time left: 300 sec this turn | 300 sec total\n|\n|t:|1783572328\n|move|p1a: Stantler|Earthquake|p2a: Houndstone\n|-damage|p2a: Houndstone|10/100\n|move|p2a: Houndstone|Body Press|p1a: Stantler\n|-supereffective|p1a: Stantler\n|-damage|p1a: Stantler|19/284\n|\n|upkeep\n|turn|19\n|inactive|Time left: 300 sec this turn | 300 sec total\n|\n|t:|1783572329\n|move|p1a: Stantler|Earthquake|p2a: Houndstone\n|-damage|p2a: Houndstone|0 fnt\n|faint|p2a: Houndstone\n|\n|upkeep\n|\n|t:|1783572329\n|switch|p2a: Decidueye|Decidueye, L88, F|100/100\n|turn|20\n|inactive|Time left: 300 sec this turn | 300 sec total\n|\n|t:|1783572330\n|move|p1a: Stantler|Thunder Wave|p2a: Decidueye\n|-status|p2a: Decidueye|par\n|move|p2a: Decidueye|Knock Off|p1a: Stantler\n|-damage|p1a: Stantler|0 fnt\n|-enditem|p1a: Stantler|Eviolite|[from] move: Knock Off|[of] p2a: Decidueye\n|faint|p1a: Stantler\n|\n|upkeep\n|inactive|Time left: 300 sec this turn | 300 sec total | 5 sec grace\n|\n|t:|1783572331\n|switch|p1a: Volcanion|Volcanion, L79|141/256\n|turn|21\n|inactive|Time left: 300 sec this turn | 300 sec total\n|\n|t:|1783572332\n|move|p1a: Volcanion|Flamethrower|p2a: Decidueye\n|-supereffective|p2a: Decidueye\n|-damage|p2a: Decidueye|59/100 par\n|move|p2a: Decidueye|Leaf Storm|p1a: Volcanion\n|-damage|p1a: Volcanion|0 fnt\n|-unboost|p2a: Decidueye|spa|2\n|faint|p1a: Volcanion\n|\n|upkeep\n|inactive|Time left: 300 sec this turn | 300 sec total | 5 sec grace\n|\n|t:|1783572333\n|switch|p1a: Espathra|Espathra, L80, F|283/283\n|turn|22\n|inactive|Time left: 300 sec this turn | 300 sec total\n|\n|t:|1783572334\n|move|p1a: Espathra|Dazzling Gleam|p2a: Decidueye\n|-damage|p2a: Decidueye|48/100 par\n|cant|p2a: Decidueye|par\n|\n|-ability|p1a: Espathra|Speed Boost|boost\n|-boost|p1a: Espathra|spe|1\n|upkeep\n|turn|23\n|inactive|Time left: 300 sec this turn | 300 sec total\n|\n|t:|1783572334\n|move|p1a: Espathra|Calm Mind|p1a: Espathra\n|-boost|p1a: Espathra|spa|1\n|-boost|p1a: Espathra|spd|1\n|move|p2a: Decidueye|Spirit Shackle|p1a: Espathra\n|-supereffective|p1a: Espathra\n|-damage|p1a: Espathra|17/283\n|-activate|p1a: Espathra|trapped\n|\n|-heal|p1a: Espathra|34/283|[from] item: Leftovers\n|-ability|p1a: Espathra|Speed Boost|boost\n|-boost|p1a: Espathra|spe|1\n|upkeep\n|turn|24\n|inactive|Time left: 300 sec this turn | 300 sec total\n|\n|t:|1783572335\n|move|p1a: Espathra|Stored Power|p2a: Decidueye\n|-damage|p2a: Decidueye|19/100 par\n|move|p2a: Decidueye|Spirit Shackle|p1a: Espathra\n|-supereffective|p1a: Espathra\n|-damage|p1a: Espathra|0 fnt\n|faint|p1a: Espathra\n|\n|win|p0y2889729c", "uploadtime": 1783572335, "views": 0, "rating": 0, "private": 0, "password": null, "_winner": "p0y2889729c", "_our_name": "p0x2889b272"}