{"id": "battle-gen9randombattle-2420", "formatid": "gen9randombattle", "format": "[Gen 9] Random Battle", "players": ["p0x24204edd", "p0y24206b8f"], "log": "|init|battle\n|title|p0x24204edd vs. p0y24206b8f\n|j|\u2606p0x24204edd\n|j|\u2606p0y24206b8f\n|t:|1783568086\n|gametype|singles\n|player|p1|p0x24204edd|2|\n|player|p2|p0y24206b8f|2|\n|gen|9\n|tier|[Gen 9] Random Battle\n|rule|Species Clause: Limit one of each Pok\u00e9mon\n|rule|HP Percentage Mod: HP is shown in percentages\n|rule|Sleep Clause Mod: Limit one foe put to sleep\n|rule|Illusion Level Mod: Illusion disguises the Pok\u00e9mon's true level\n|\n|t:|1783568086\n|teamsize|p1|6\n|teamsize|p2|6\n|start\n|switch|p1a: Vileplume|Vileplume, L85, F|100/100\n|switch|p2a: Glaceon|Glaceon, L94, M|275/275\n|turn|1\n|inactive|Battle timer is ON: inactive players will automatically lose when time's up. (requested by p0y24206b8f)\n|inactive|p0x24204edd also wants the timer to be on.\n|\n|t:|1783568087\n|move|p2a: Glaceon|Freeze-Dry|p1a: Vileplume\n|-supereffective|p1a: Vileplume\n|-crit|p1a: Vileplume\n|-damage|p1a: Vileplume|0 fnt\n|faint|p1a: Vileplume\n|\n|upkeep\n|\n|t:|1783568088\n|switch|p1a: Scovillain|Scovillain, L91, M|100/100\n|turn|2\n|inactive|Time left: 300 sec this turn | 300 sec total\n|\n|t:|1783568089\n|move|p2a: Glaceon|Protect|p2a: Glaceon\n|-singleturn|p2a: Glaceon|Protect\n|move|p1a: Scovillain|Energy Ball|p2a: Glaceon\n|-activate|p2a: Glaceon|move: Protect\n|\n|upkeep\n|turn|3\n|inactive|Time left: 300 sec this turn | 300 sec total\n|\n|t:|1783568090\n|move|p1a: Scovillain|Energy Ball|p2a: Glaceon\n|-damage|p2a: Glaceon|167/275\n|move|p2a: Glaceon|Freeze-Dry|p1a: Scovillain\n|-damage|p1a: Scovillain|52/100\n|\n|upkeep\n|turn|4\n|inactive|Time left: 300 sec this turn | 300 sec total\n|\n|t:|1783568092\n|move|p1a: Scovillain|Energy Ball|p2a: Glaceon\n|-damage|p2a: Glaceon|58/275\n|move|p2a: Glaceon|Freeze-Dry|p1a: Scovillain\n|-damage|p1a: Scovillain|0 fnt\n|faint|p1a: Scovillain\n|\n|upkeep\n|\n|t:|1783568092\n|switch|p1a: Wugtrio|Wugtrio, L91, M|100/100\n|turn|5\n|inactive|Time left: 300 sec this turn | 300 sec total\n|\n|t:|1783568094\n|move|p2a: Glaceon|Protect|p2a: Glaceon\n|-singleturn|p2a: Glaceon|Protect\n|move|p1a: Wugtrio|Liquidation|p2a: Glaceon\n|-activate|p2a: Glaceon|move: Protect\n|\n|upkeep\n|turn|6\n|inactive|Time left: 300 sec this turn | 300 sec total\n|\n|t:|1783568095\n|move|p2a: Glaceon|Protect||[still]\n|-fail|p2a: Glaceon\n|move|p1a: Wugtrio|Liquidation|p2a: Glaceon\n|-crit|p2a: Glaceon\n|-damage|p2a: Glaceon|0 fnt\n|faint|p2a: Glaceon\n|\n|upkeep\n|inactive|Time left: 300 sec this turn | 300 sec total | 5 sec grace\n|\n|t:|1783568095\n|switch|p2a: Ampharos|Ampharos, L88, F|302/302\n|turn|7\n|inactive|Time left: 300 sec this turn | 300 sec total\n|\n|t:|1783568097\n|move|p1a: Wugtrio|Liquidation|p2a: Ampharos\n|-damage|p2a: Ampharos|139/302\n|-status|p1a: Wugtrio|par|[from] ability: Static|[of] p2a: Ampharos\n|move|p2a: Ampharos|Thunderbolt|p1a: Wugtrio\n|-supereffective|p1a: Wugtrio\n|-damage|p1a: Wugtrio|0 fnt\n|faint|p1a: Wugtrio\n|-damage|p2a: Ampharos|109/302|[from] item: Life Orb\n|\n|upkeep\n|\n|t:|1783568097\n|switch|p1a: Sneasler|Sneasler, L74, F|100/100\n|turn|8\n|inactive|Time left: 300 sec this turn | 300 sec total\n|\n|t:|1783568098\n|switch|p2a: Skeledirge|Skeledirge, L79, F|294/294\n|move|p1a: Sneasler|Dire Claw|p2a: Skeledirge\n|-resisted|p2a: Skeledirge\n|-damage|p2a: Skeledirge|240/294\n|-status|p2a: Skeledirge|psn\n|\n|-damage|p2a: Skeledirge|204/294 psn|[from] psn\n|upkeep\n|turn|9\n|inactive|Time left: 300 sec this turn | 300 sec total\n|\n|t:|1783568099\n|move|p1a: Sneasler|Dire Claw|p2a: Skeledirge\n|-resisted|p2a: Skeledirge\n|-damage|p2a: Skeledirge|144/294 psn\n|move|p2a: Skeledirge|Torch Song|p1a: Sneasler\n|-damage|p1a: Sneasler|60/100\n|-boost|p2a: Skeledirge|spa|1\n|\n|-damage|p2a: Skeledirge|108/294 psn|[from] psn\n|upkeep\n|turn|10\n|inactive|Time left: 300 sec this turn | 300 sec total\n|\n|t:|1783568100\n|move|p1a: Sneasler|Dire Claw|p2a: Skeledirge\n|-resisted|p2a: Skeledirge\n|-damage|p2a: Skeledirge|48/294 psn\n|move|p2a: Skeledirge|Slack Off|p2a: Skeledirge\n|-heal|p2a: Skeledirge|195/294 psn\n|\n|-damage|p2a: Skeledirge|159/294 psn|[from] psn\n|upkeep\n|turn|11\n|inactive|Time left: 300 sec this turn | 300 sec total\n|\n|t:|1783568101\n|move|p1a: Sneasler|Dire Claw|p2a: Skeledirge\n|-resisted|p2a: Skeledirge\n|-damage|p2a: Skeledirge|99/294 psn\n|move|p2a: Skeledirge|Torch Song|p1a: Sneasler\n|-damage|p1a: Sneasler|0 fnt\n|-boost|p2a: Skeledirge|spa|1\n|faint|p1a: Sneasler\n|\n|-damage|p2a: Skeledirge|63/294 psn|[from] psn\n|upkeep\n|\n|t:|1783568102\n|switch|p1a: Toucannon|Toucannon, L88, M|100/100\n|turn|12\n|inactive|Time left: 300 sec this turn | 300 sec total\n|\n|t:|1783568103\n|move|p1a: Toucannon|Knock Off|p2a: Skeledirge\n|-supereffective|p2a: Skeledirge\n|-damage|p2a: Skeledirge|0 fnt\n|-enditem|p2a: Skeledirge|Heavy-Duty Boots|[from] move: Knock Off|[of] p1a: Toucannon\n|faint|p2a: Skeledirge\n|\n|upkeep\n|inactive|Time left: 300 sec this turn | 300 sec total | 5 sec grace\n|\n|t:|1783568104\n|switch|p2a: Regirock|Regirock, L83|268/268\n|turn|13\n|inactive|Time left: 300 sec this turn | 300 sec total\n|\n|t:|1783568105\n|move|p1a: Toucannon|Knock Off|p2a: Regirock\n|-damage|p2a: Regirock|225/268\n|-enditem|p2a: Regirock|Leftovers|[from] move: Knock Off|[of] p1a: Toucannon\n|move|p2a: Regirock|Iron Defense|p2a: Regirock\n|-boost|p2a: Regirock|def|2\n|\n|upkeep\n|turn|14\n|inactive|Time left: 300 sec this turn | 300 sec total\n|\n|t:|1783568106\n|move|p1a: Toucannon|Boomburst|p2a: Regirock\n|-resisted|p2a: Regirock\n|-damage|p2a: Regirock|160/268\n|move|p2a: Regirock|Body Press|p1a: Toucannon\n|-damage|p1a: Toucannon|21/100\n|\n|upkeep\n|turn|15\n|inactive|Time left: 300 sec this turn | 300 sec total\n|\n|t:|1783568107\n|move|p1a: Toucannon|Knock Off|p2a: Regirock\n|-damage|p2a: Regirock|143/268\n|move|p2a: Regirock|Body Press|p1a: Toucannon\n|-damage|p1a: Toucannon|0 fnt\n|faint|p1a: Toucannon\n|\n|upkeep\n|\n|t:|1783568108\n|switch|p1a: Terrakion|Terrakion, L79|100/100\n|turn|16\n|inactive|Time left: 300 sec this turn | 300 sec total\n|\n|t:|1783568109\n|-terastallize|p2a: Regirock|Fighting\n|move|p1a: Terrakion|Swords Dance|p1a: Terrakion\n|-boost|p1a: Terrakion|atk|2\n|move|p2a: Regirock|Body Press|p1a: Terrakion\n|-supereffective|p1a: Terrakion\n|-damage|p1a: Terrakion|0 fnt\n|faint|p1a: Terrakion\n|\n|win|p0y24206b8f", "uploadtime": 1783568109, "views": 0, "rating": 0, "private": 0, "password": null, "_winner": "p0y24206b8f", "_our_name": "p0y24206b8f"}