{"id": "battle-gen9randombattle-1241", "formatid": "gen9randombattle", "format": "[Gen 9] Random Battle", "players": ["p0x124182fb", "p0y1241cc6d"], "log": "|init|battle\n|title|p0x124182fb vs. p0y1241cc6d\n|j|\u2606p0x124182fb\n|j|\u2606p0y1241cc6d\n|t:|1783553518\n|gametype|singles\n|player|p1|p0x124182fb|266|\n|player|p2|p0y1241cc6d|266|\n|gen|9\n|tier|[Gen 9] Random Battle\n|rule|Species Clause: Limit one of each Pok\u00e9mon\n|rule|HP Percentage Mod: HP is shown in percentages\n|rule|Sleep Clause Mod: Limit one foe put to sleep\n|rule|Illusion Level Mod: Illusion disguises the Pok\u00e9mon's true level\n|\n|t:|1783553518\n|teamsize|p1|6\n|teamsize|p2|6\n|start\n|switch|p1a: Lokix|Lokix, L82, F|100/100\n|switch|p2a: Slaking|Slaking, L84, F|389/389\n|turn|1\n|inactive|Battle timer is ON: inactive players will automatically lose when time's up. (requested by p0y1241cc6d)\n|inactive|p0x124182fb also wants the timer to be on.\n|\n|t:|1783553520\n|switch|p1a: Granbull|Granbull, L88, F|100/100\n|-ability|p1a: Granbull|Intimidate|boost\n|-unboost|p2a: Slaking|atk|1\n|move|p2a: Slaking|Giga Impact|p1a: Granbull\n|-damage|p1a: Granbull|12/100\n|-mustrecharge|p2a: Slaking\n|\n|-heal|p1a: Granbull|18/100|[from] item: Leftovers\n|upkeep\n|turn|2\n|inactive|Time left: 300 sec this turn | 300 sec total\n|\n|t:|1783553521\n|switch|p1a: Conkeldurr|Conkeldurr, L80, M|100/100\n|cant|p2a: Slaking|recharge\n|\n|-status|p1a: Conkeldurr|brn|[from] item: Flame Orb\n|upkeep\n|turn|3\n|inactive|Time left: 300 sec this turn | 300 sec total\n|\n|t:|1783553522\n|move|p2a: Slaking|Giga Impact|p1a: Conkeldurr\n|-damage|p1a: Conkeldurr|20/100 brn\n|-mustrecharge|p2a: Slaking\n|move|p1a: Conkeldurr|Close Combat|p2a: Slaking\n|-supereffective|p2a: Slaking\n|-damage|p2a: Slaking|0 fnt\n|-unboost|p1a: Conkeldurr|def|1\n|-unboost|p1a: Conkeldurr|spd|1\n|faint|p2a: Slaking\n|\n|-damage|p1a: Conkeldurr|14/100 brn|[from] brn\n|upkeep\n|inactive|Time left: 300 sec this turn | 300 sec total | 5 sec grace\n|\n|t:|1783553523\n|switch|p2a: Kyogre|Kyogre, L71|259/259\n|-weather|RainDance|[from] ability: Drizzle|[of] p2a: Kyogre\n|turn|4\n|inactive|Time left: 300 sec this turn | 300 sec total\n|\n|t:|1783553524\n|switch|p1a: Granbull|Granbull, L88, F|18/100\n|-ability|p1a: Granbull|Intimidate|boost\n|-unboost|p2a: Kyogre|atk|1\n|move|p2a: Kyogre|Water Spout|p1a: Granbull\n|-damage|p1a: Granbull|0 fnt\n|faint|p1a: Granbull\n|\n|-weather|RainDance|[upkeep]\n|upkeep\n|\n|t:|1783553525\n|switch|p1a: Lokix|Lokix, L82, F|100/100\n|turn|5\n|inactive|Time left: 300 sec this turn | 300 sec total\n|\n|t:|1783553526\n|-terastallize|p1a: Lokix|Bug\n|move|p1a: Lokix|First Impression|p2a: Kyogre\n|-damage|p2a: Kyogre|85/259\n|-damage|p1a: Lokix|91/100|[from] item: Life Orb\n|move|p2a: Kyogre|Water Spout|p1a: Lokix\n|-damage|p1a: Lokix|45/100\n|\n|-weather|RainDance|[upkeep]\n|upkeep\n|turn|6\n|inactive|Time left: 300 sec this turn | 300 sec total\n|\n|t:|1783553527\n|move|p1a: Lokix|Sucker Punch|p2a: Kyogre\n|-damage|p2a: Kyogre|0 fnt\n|faint|p2a: Kyogre\n|-damage|p1a: Lokix|35/100|[from] item: Life Orb\n|\n|-weather|RainDance|[upkeep]\n|upkeep\n|inactive|Time left: 300 sec this turn | 300 sec total | 5 sec grace\n|\n|t:|1783553528\n|switch|p2a: Kyurem|Kyurem-White, L73|303/303\n|-ability|p2a: Kyurem|Turboblaze\n|turn|7\n|inactive|Time left: 300 sec this turn | 300 sec total\n|\n|t:|1783553530\n|move|p1a: Lokix|Sucker Punch|p2a: Kyurem\n|-damage|p2a: Kyurem|196/303\n|-damage|p1a: Lokix|25/100|[from] item: Life Orb\n|move|p2a: Kyurem|Freeze-Dry|p1a: Lokix\n|-damage|p1a: Lokix|0 fnt\n|faint|p1a: Lokix\n|\n|-weather|RainDance|[upkeep]\n|upkeep\n|\n|t:|1783553531\n|switch|p1a: Ribombee|Ribombee, L83, F|100/100\n|turn|8\n|inactive|Time left: 300 sec this turn | 300 sec total\n|\n|t:|1783553532\n|move|p2a: Kyurem|Freeze-Dry|p1a: Ribombee\n|-damage|p1a: Ribombee|53/100\n|move|p1a: Ribombee|Moonblast|p2a: Kyurem\n|-supereffective|p2a: Kyurem\n|-damage|p2a: Kyurem|0 fnt\n|faint|p2a: Kyurem\n|\n|-weather|none\n|upkeep\n|inactive|Time left: 300 sec this turn | 300 sec total | 5 sec grace\n|\n|t:|1783553532\n|switch|p2a: Volcarona|Volcarona, L77, F|257/257\n|turn|9\n|inactive|Time left: 300 sec this turn | 300 sec total\n|\n|t:|1783553534\n|switch|p1a: Honchkrow|Honchkrow, L86, M|100/100\n|move|p2a: Volcarona|Quiver Dance|p2a: Volcarona\n|-boost|p2a: Volcarona|spa|1\n|-boost|p2a: Volcarona|spd|1\n|-boost|p2a: Volcarona|spe|1\n|\n|upkeep\n|turn|10\n|inactive|Time left: 300 sec this turn | 300 sec total\n|\n|t:|1783553535\n|move|p2a: Volcarona|Fire Blast|p1a: Honchkrow|[miss]\n|-miss|p2a: Volcarona|p1a: Honchkrow\n|move|p1a: Honchkrow|Brave Bird|p2a: Volcarona\n|-supereffective|p2a: Volcarona\n|-damage|p2a: Volcarona|0 fnt\n|faint|p2a: Volcarona\n|-ability|p1a: Honchkrow|Moxie|boost\n|-boost|p1a: Honchkrow|atk|1\n|-damage|p1a: Honchkrow|73/100|[from] Recoil\n|\n|upkeep\n|inactive|Time left: 300 sec this turn | 300 sec total | 5 sec grace\n|\n|t:|1783553536\n|switch|p2a: Grafaiai|Grafaiai, L86, M|249/249\n|turn|11\n|inactive|Time left: 300 sec this turn | 300 sec total\n|\n|t:|1783553537\n|move|p2a: Grafaiai|Gunk Shot|p1a: Honchkrow\n|-damage|p1a: Honchkrow|16/100\n|-status|p1a: Honchkrow|psn\n|move|p1a: Honchkrow|Brave Bird|p2a: Grafaiai\n|-damage|p2a: Grafaiai|0 fnt\n|faint|p2a: Grafaiai\n|-ability|p1a: Honchkrow|Moxie|boost\n|-boost|p1a: Honchkrow|atk|1\n|-damage|p1a: Honchkrow|0 fnt|[from] Recoil\n|faint|p1a: Honchkrow\n|\n|upkeep\n|inactive|Time left: 300 sec this turn | 300 sec total | 5 sec grace\n|\n|t:|1783553538\n|switch|p2a: Spiritomb|Spiritomb, L89, F|234/234\n|switch|p1a: Ursaluna|Ursaluna-Bloodmoon, L79, M|100/100\n|turn|12\n|inactive|Time left: 300 sec this turn | 300 sec total\n|\n|t:|1783553539\n|-terastallize|p2a: Spiritomb|Ghost\n|move|p1a: Ursaluna|Calm Mind|p1a: Ursaluna\n|-boost|p1a: Ursaluna|spa|1\n|-boost|p1a: Ursaluna|spd|1\n|move|p2a: Spiritomb|Toxic|p1a: Ursaluna\n|-status|p1a: Ursaluna|tox\n|\n|-damage|p1a: Ursaluna|94/100 tox|[from] psn\n|upkeep\n|turn|13\n|inactive|Time left: 300 sec this turn | 300 sec total\n|\n|t:|1783553540\n|move|p1a: Ursaluna|Earth Power|p2a: Spiritomb\n|-damage|p2a: Spiritomb|101/234\n|move|p2a: Spiritomb|Foul Play|p1a: Ursaluna\n|-damage|p1a: Ursaluna|80/100 tox\n|\n|-heal|p1a: Ursaluna|86/100 tox|[from] item: Leftovers\n|-heal|p2a: Spiritomb|115/234|[from] item: Leftovers\n|-damage|p1a: Ursaluna|74/100 tox|[from] psn\n|upkeep\n|turn|14\n|inactive|Time left: 300 sec this turn | 300 sec total\n|\n|t:|1783553541\n|move|p2a: Spiritomb|Sucker Punch|p1a: Ursaluna\n|-damage|p1a: Ursaluna|52/100 tox\n|move|p1a: Ursaluna|Earth Power|p2a: Spiritomb\n|-damage|p2a: Spiritomb|0 fnt\n|faint|p2a: Spiritomb\n|\n|win|p0x124182fb", "uploadtime": 1783553541, "views": 0, "rating": 0, "private": 0, "password": null, "_winner": "p0x124182fb", "_our_name": "p0y1241cc6d"}