{"id": "battle-gen9randombattle-31", "formatid": "gen9randombattle", "format": "[Gen 9] Random Battle", "players": ["p0x031df82", "p0y031b429"], "log": "|init|battle\n|title|p0x031df82 vs. p0y031b429\n|j|\u2606p0x031df82\n|j|\u2606p0y031b429\n|t:|1783539517\n|gametype|singles\n|player|p1|p0x031df82|1|\n|player|p2|p0y031b429|1|\n|gen|9\n|tier|[Gen 9] Random Battle\n|rule|Species Clause: Limit one of each Pok\u00e9mon\n|rule|HP Percentage Mod: HP is shown in percentages\n|rule|Sleep Clause Mod: Limit one foe put to sleep\n|rule|Illusion Level Mod: Illusion disguises the Pok\u00e9mon's true level\n|\n|t:|1783539517\n|teamsize|p1|6\n|teamsize|p2|6\n|start\n|switch|p1a: Bisharp|Bisharp, L79, M|100/100\n|switch|p2a: Chi-Yu|Chi-Yu, L77|211/211\n|-ability|p2a: Chi-Yu|Beads of Ruin\n|turn|1\n|inactive|Battle timer is ON: inactive players will automatically lose when time's up. (requested by p0x031df82)\n|inactive|Time left: 300 sec this turn | 300 sec total | 60 sec grace\n|inactive|p0y031b429 also wants the timer to be on.\n|\n|t:|1783539518\n|switch|p1a: Keldeo|Keldeo-Resolute, L79|100/100\n|move|p2a: Chi-Yu|Flamethrower|p1a: Keldeo\n|-resisted|p1a: Keldeo\n|-damage|p1a: Keldeo|59/100\n|\n|-heal|p1a: Keldeo|65/100|[from] item: Leftovers\n|upkeep\n|turn|2\n|inactive|Time left: 300 sec this turn | 300 sec total\n|\n|t:|1783539520\n|switch|p2a: Houndstone|Houndstone, L86, M|264/264\n|move|p1a: Keldeo|Secret Sword|p2a: Houndstone\n|-immune|p2a: Houndstone\n|\n|-heal|p1a: Keldeo|72/100|[from] item: Leftovers\n|upkeep\n|turn|3\n|inactive|Time left: 300 sec this turn | 300 sec total\n|\n|t:|1783539521\n|move|p1a: Keldeo|Substitute|p1a: Keldeo\n|-start|p1a: Keldeo|Substitute\n|-damage|p1a: Keldeo|47/100\n|move|p2a: Houndstone|Poltergeist|p1a: Keldeo\n|-activate|p1a: Keldeo|move: Poltergeist|Leftovers\n|-end|p1a: Keldeo|Substitute\n|\n|-heal|p1a: Keldeo|53/100|[from] item: Leftovers\n|upkeep\n|turn|4\n|inactive|Time left: 300 sec this turn | 300 sec total\n|\n|t:|1783539522\n|move|p1a: Keldeo|Calm Mind|p1a: Keldeo\n|-boost|p1a: Keldeo|spa|1\n|-boost|p1a: Keldeo|spd|1\n|move|p2a: Houndstone|Poltergeist|p1a: Keldeo\n|-activate|p1a: Keldeo|move: Poltergeist|Leftovers\n|-damage|p1a: Keldeo|0 fnt\n|faint|p1a: Keldeo\n|\n|upkeep\n|\n|t:|1783539523\n|switch|p1a: Yanmega|Yanmega, L82, F|100/100\n|turn|5\n|inactive|Time left: 300 sec this turn | 300 sec total\n|\n|t:|1783539524\n|move|p1a: Yanmega|Bug Buzz|p2a: Houndstone\n|-resisted|p2a: Houndstone\n|-damage|p2a: Houndstone|122/264\n|-unboost|p2a: Houndstone|spd|1\n|move|p2a: Houndstone|Poltergeist|p1a: Yanmega\n|-activate|p1a: Yanmega|move: Poltergeist|Choice Specs\n|-damage|p1a: Yanmega|34/100\n|\n|upkeep\n|turn|6\n|inactive|Time left: 300 sec this turn | 300 sec total\n|\n|t:|1783539525\n|switch|p2a: Noivern|Noivern, L82, F|274/274\n|move|p1a: Yanmega|Bug Buzz|p2a: Noivern\n|-resisted|p2a: Noivern\n|-damage|p2a: Noivern|108/274\n|\n|upkeep\n|turn|7\n|inactive|Time left: 300 sec this turn | 300 sec total\n|\n|t:|1783539527\n|move|p2a: Noivern|Boomburst|p1a: Yanmega\n|-damage|p1a: Yanmega|0 fnt\n|faint|p1a: Yanmega\n|\n|upkeep\n|\n|t:|1783539528\n|switch|p1a: Bisharp|Bisharp, L79, M|100/100\n|turn|8\n|inactive|Time left: 300 sec this turn | 300 sec total\n|\n|t:|1783539529\n|switch|p2a: Chi-Yu|Chi-Yu, L77|211/211\n|-ability|p2a: Chi-Yu|Beads of Ruin\n|move|p1a: Bisharp|Swords Dance|p1a: Bisharp\n|-boost|p1a: Bisharp|atk|2\n|\n|upkeep\n|turn|9\n|inactive|Time left: 300 sec this turn | 300 sec total\n|\n|t:|1783539530\n|move|p2a: Chi-Yu|Flamethrower|p1a: Bisharp\n|-supereffective|p1a: Bisharp\n|-damage|p1a: Bisharp|0 fnt\n|faint|p1a: Bisharp\n|\n|upkeep\n|\n|t:|1783539531\n|switch|p1a: Samurott|Samurott-Hisui, L77, M|100/100\n|turn|10\n|inactive|Time left: 300 sec this turn | 300 sec total\n|\n|t:|1783539532\n|move|p2a: Chi-Yu|Flamethrower|p1a: Samurott\n|-resisted|p1a: Samurott\n|-damage|p1a: Samurott|53/100\n|-status|p1a: Samurott|brn\n|move|p1a: Samurott|Ceaseless Edge|p2a: Chi-Yu\n|-resisted|p2a: Chi-Yu\n|-damage|p2a: Chi-Yu|176/211\n|-sidestart|p2: p0y031b429|Spikes\n|-damage|p1a: Samurott|43/100 brn|[from] item: Life Orb\n|\n|-damage|p1a: Samurott|37/100 brn|[from] brn\n|upkeep\n|turn|11\n|inactive|Time left: 300 sec this turn | 300 sec total\n|\n|t:|1783539533\n|move|p2a: Chi-Yu|Flamethrower|p1a: Samurott\n|-resisted|p1a: Samurott\n|-damage|p1a: Samurott|0 fnt\n|faint|p1a: Samurott\n|\n|upkeep\n|\n|t:|1783539534\n|switch|p1a: Latias|Latias, L79, F|100/100\n|turn|12\n|inactive|Time left: 300 sec this turn | 300 sec total\n|\n|t:|1783539535\n|move|p1a: Latias|Calm Mind|p1a: Latias\n|-boost|p1a: Latias|spa|1\n|-boost|p1a: Latias|spd|1\n|move|p2a: Chi-Yu|Flamethrower|p1a: Latias\n|-resisted|p1a: Latias\n|-damage|p1a: Latias|80/100\n|\n|upkeep\n|turn|13\n|inactive|Time left: 300 sec this turn | 300 sec total\n|\n|t:|1783539536\n|move|p1a: Latias|Calm Mind|p1a: Latias\n|-boost|p1a: Latias|spa|1\n|-boost|p1a: Latias|spd|1\n|move|p2a: Chi-Yu|Flamethrower|p1a: Latias\n|-resisted|p1a: Latias\n|-damage|p1a: Latias|63/100\n|\n|upkeep\n|turn|14\n|inactive|Time left: 300 sec this turn | 300 sec total\n|\n|t:|1783539537\n|move|p1a: Latias|Draco Meteor|p2a: Chi-Yu\n|-damage|p2a: Chi-Yu|0 fnt\n|-unboost|p1a: Latias|spa|2\n|faint|p2a: Chi-Yu\n|\n|upkeep\n|inactive|Time left: 300 sec this turn | 300 sec total | 5 sec grace\n|\n|t:|1783539538\n|switch|p2a: Houndstone|Houndstone, L86, M|122/264\n|-damage|p2a: Houndstone|89/264|[from] Spikes\n|turn|15\n|inactive|Time left: 300 sec this turn | 300 sec total\n|\n|t:|1783539539\n|move|p2a: Houndstone|Shadow Sneak|p1a: Latias\n|-supereffective|p1a: Latias\n|-damage|p1a: Latias|4/100\n|move|p1a: Latias|Psyshock|p2a: Houndstone\n|-damage|p2a: Houndstone|1/264\n|\n|upkeep\n|turn|16\n|inactive|Time left: 300 sec this turn | 300 sec total\n|\n|t:|1783539540\n|move|p2a: Houndstone|Shadow Sneak|p1a: Latias\n|-supereffective|p1a: Latias\n|-damage|p1a: Latias|0 fnt\n|faint|p1a: Latias\n|\n|upkeep\n|\n|t:|1783539541\n|switch|p1a: Jirachi|Jirachi, L80|100/100\n|turn|17\n|inactive|Time left: 300 sec this turn | 300 sec total\n|\n|t:|1783539541\n|move|p2a: Houndstone|Shadow Sneak|p1a: Jirachi\n|-supereffective|p1a: Jirachi\n|-damage|p1a: Jirachi|51/100\n|move|p1a: Jirachi|Iron Head|p2a: Houndstone\n|-damage|p2a: Houndstone|0 fnt\n|faint|p2a: Houndstone\n|\n|-heal|p1a: Jirachi|57/100|[from] item: Leftovers\n|upkeep\n|inactive|Time left: 300 sec this turn | 300 sec total | 5 sec grace\n|\n|t:|1783539542\n|switch|p2a: Hitmonchan|Hitmonchan, L87, M|229/229\n|-damage|p2a: Hitmonchan|201/229|[from] Spikes\n|turn|18\n|inactive|Time left: 300 sec this turn | 300 sec total\n|\n|t:|1783539543\n|-terastallize|p1a: Jirachi|Water\n|move|p1a: Jirachi|Iron Head|p2a: Hitmonchan\n|-damage|p2a: Hitmonchan|113/229\n|cant|p2a: Hitmonchan|flinch\n|\n|-heal|p1a: Jirachi|63/100|[from] item: Leftovers\n|-heal|p2a: Hitmonchan|127/229|[from] item: Leftovers\n|upkeep\n|turn|19\n|inactive|Time left: 300 sec this turn | 300 sec total\n|\n|t:|1783539544\n|switch|p2a: Gothitelle|Gothitelle, L90, F|272/272\n|-damage|p2a: Gothitelle|238/272|[from] Spikes\n|move|p1a: Jirachi|Iron Head|p2a: Gothitelle\n|-damage|p2a: Gothitelle|169/272\n|\n|-heal|p1a: Jirachi|70/100|[from] item: Leftovers\n|-heal|p2a: Gothitelle|186/272|[from] item: Leftovers\n|upkeep\n|turn|20\n|inactive|Time left: 300 sec this turn | 300 sec total\n|\n|t:|1783539545\n|-terastallize|p2a: Gothitelle|Electric\n|move|p1a: Jirachi|Iron Head|p2a: Gothitelle\n|-resisted|p2a: Gothitelle\n|-damage|p2a: Gothitelle|147/272\n|cant|p2a: Gothitelle|flinch\n|\n|-heal|p1a: Jirachi|76/100|[from] item: Leftovers\n|-heal|p2a: Gothitelle|164/272|[from] item: Leftovers\n|upkeep\n|turn|21\n|inactive|Time left: 300 sec this turn | 300 sec total\n|\n|t:|1783539546\n|move|p1a: Jirachi|Iron Head|p2a: Gothitelle\n|-resisted|p2a: Gothitelle\n|-damage|p2a: Gothitelle|126/272\n|move|p2a: Gothitelle|Thunderbolt|p1a: Jirachi\n|-supereffective|p1a: Jirachi\n|-damage|p1a: Jirachi|8/100\n|\n|-heal|p1a: Jirachi|14/100|[from] item: Leftovers\n|-heal|p2a: Gothitelle|143/272|[from] item: Leftovers\n|upkeep\n|turn|22\n|inactive|Time left: 300 sec this turn | 300 sec total\n|\n|t:|1783539547\n|move|p1a: Jirachi|Protect|p1a: Jirachi\n|-singleturn|p1a: Jirachi|Protect\n|move|p2a: Gothitelle|Dark Pulse|p1a: Jirachi\n|-activate|p1a: Jirachi|move: Protect\n|\n|-heal|p1a: Jirachi|20/100|[from] item: Leftovers\n|-heal|p2a: Gothitelle|160/272|[from] item: Leftovers\n|upkeep\n|turn|23\n|inactive|Time left: 300 sec this turn | 300 sec total\n|\n|t:|1783539548\n|move|p1a: Jirachi|Iron Head|p2a: Gothitelle\n|-resisted|p2a: Gothitelle\n|-damage|p2a: Gothitelle|125/272\n|cant|p2a: Gothitelle|flinch\n|\n|-heal|p1a: Jirachi|26/100|[from] item: Leftovers\n|-heal|p2a: Gothitelle|142/272|[from] item: Leftovers\n|upkeep\n|turn|24\n|inactive|Time left: 300 sec this turn | 300 sec total\n|\n|t:|1783539549\n|move|p1a: Jirachi|Iron Head|p2a: Gothitelle\n|-resisted|p2a: Gothitelle\n|-damage|p2a: Gothitelle|105/272\n|cant|p2a: Gothitelle|flinch\n|\n|-heal|p1a: Jirachi|32/100|[from] item: Leftovers\n|-heal|p2a: Gothitelle|122/272|[from] item: Leftovers\n|upkeep\n|turn|25\n|inactive|Time left: 300 sec this turn | 300 sec total\n|\n|t:|1783539550\n|move|p1a: Jirachi|Protect|p1a: Jirachi\n|-singleturn|p1a: Jirachi|Protect\n|move|p2a: Gothitelle|Thunderbolt|p1a: Jirachi\n|-activate|p1a: Jirachi|move: Protect\n|\n|-heal|p1a: Jirachi|39/100|[from] item: Leftovers\n|-heal|p2a: Gothitelle|139/272|[from] item: Leftovers\n|upkeep\n|turn|26\n|inactive|Time left: 300 sec this turn | 300 sec total\n|\n|t:|1783539551\n|move|p1a: Jirachi|Iron Head|p2a: Gothitelle\n|-resisted|p2a: Gothitelle\n|-damage|p2a: Gothitelle|106/272\n|move|p2a: Gothitelle|Thunderbolt|p1a: Jirachi\n|-supereffective|p1a: Jirachi\n|-damage|p1a: Jirachi|0 fnt\n|faint|p1a: Jirachi\n|\n|win|p0y031b429", "uploadtime": 1783539551, "views": 0, "rating": 0, "private": 0, "password": null, "_winner": "p0y031b429", "_our_name": "p0y031b429"}