{"id": "battle-gen9randombattle-1488", "formatid": "gen9randombattle", "format": "[Gen 9] Random Battle", "players": ["p0x14888784", "p0y14888986"], "log": "|init|battle\n|title|p0x14888784 vs. p0y14888986\n|j|\u2606p0x14888784\n|j|\u2606p0y14888986\n|t:|1783556412\n|gametype|singles\n|player|p1|p0x14888784|101|\n|player|p2|p0y14888986|2|\n|gen|9\n|tier|[Gen 9] Random Battle\n|rule|Species Clause: Limit one of each Pok\u00e9mon\n|rule|HP Percentage Mod: HP is shown in percentages\n|rule|Sleep Clause Mod: Limit one foe put to sleep\n|rule|Illusion Level Mod: Illusion disguises the Pok\u00e9mon's true level\n|\n|t:|1783556412\n|teamsize|p1|6\n|teamsize|p2|6\n|start\n|switch|p1a: Pawmot|Pawmot, L80, F|100/100\n|switch|p2a: Magcargo|Magcargo, L95, F|268/268\n|turn|1\n|inactive|Battle timer is ON: inactive players will automatically lose when time's up. (requested by p0x14888784)\n|inactive|Time left: 300 sec this turn | 300 sec total | 60 sec grace\n|inactive|p0y14888986 also wants the timer to be on.\n|\n|t:|1783556413\n|switch|p1a: Fezandipiti|Fezandipiti, L82, M|100/100\n|move|p2a: Magcargo|Lava Plume|p1a: Fezandipiti\n|-crit|p1a: Fezandipiti\n|-damage|p1a: Fezandipiti|58/100\n|\n|-heal|p1a: Fezandipiti|65/100|[from] item: Leftovers\n|upkeep\n|turn|2\n|inactive|Time left: 300 sec this turn | 300 sec total\n|\n|t:|1783556415\n|move|p1a: Fezandipiti|Gunk Shot|p2a: Magcargo\n|-resisted|p2a: Magcargo\n|-damage|p2a: Magcargo|228/268\n|move|p2a: Magcargo|Lava Plume|p1a: Fezandipiti\n|-damage|p1a: Fezandipiti|33/100\n|-status|p1a: Fezandipiti|brn\n|\n|-heal|p1a: Fezandipiti|39/100 brn|[from] item: Leftovers\n|-damage|p1a: Fezandipiti|33/100 brn|[from] brn\n|upkeep\n|turn|3\n|inactive|Time left: 300 sec this turn | 300 sec total\n|\n|t:|1783556416\n|move|p1a: Fezandipiti|Roost|p1a: Fezandipiti\n|-heal|p1a: Fezandipiti|83/100 brn\n|-singleturn|p1a: Fezandipiti|move: Roost\n|move|p2a: Magcargo|Lava Plume|p1a: Fezandipiti\n|-damage|p1a: Fezandipiti|55/100 brn\n|\n|-heal|p1a: Fezandipiti|61/100 brn|[from] item: Leftovers\n|-damage|p1a: Fezandipiti|55/100 brn|[from] brn\n|upkeep\n|turn|4\n|inactive|Time left: 300 sec this turn | 300 sec total\n|\n|t:|1783556417\n|move|p1a: Fezandipiti|Moonblast|p2a: Magcargo\n|-resisted|p2a: Magcargo\n|-damage|p2a: Magcargo|193/268\n|move|p2a: Magcargo|Lava Plume|p1a: Fezandipiti\n|-damage|p1a: Fezandipiti|23/100 brn\n|\n|-heal|p1a: Fezandipiti|29/100 brn|[from] item: Leftovers\n|-damage|p1a: Fezandipiti|23/100 brn|[from] brn\n|upkeep\n|turn|5\n|inactive|Time left: 300 sec this turn | 300 sec total\n|\n|t:|1783556418\n|move|p1a: Fezandipiti|Roost|p1a: Fezandipiti\n|-heal|p1a: Fezandipiti|73/100 brn\n|-singleturn|p1a: Fezandipiti|move: Roost\n|move|p2a: Magcargo|Lava Plume|p1a: Fezandipiti\n|-damage|p1a: Fezandipiti|44/100 brn\n|\n|-heal|p1a: Fezandipiti|50/100 brn|[from] item: Leftovers\n|-damage|p1a: Fezandipiti|44/100 brn|[from] brn\n|upkeep\n|turn|6\n|inactive|Time left: 300 sec this turn | 300 sec total\n|\n|t:|1783556419\n|move|p1a: Fezandipiti|Moonblast|p2a: Magcargo\n|-resisted|p2a: Magcargo\n|-damage|p2a: Magcargo|157/268\n|move|p2a: Magcargo|Recover|p2a: Magcargo\n|-heal|p2a: Magcargo|268/268\n|\n|-heal|p1a: Fezandipiti|50/100 brn|[from] item: Leftovers\n|-damage|p1a: Fezandipiti|44/100 brn|[from] brn\n|upkeep\n|turn|7\n|inactive|Time left: 300 sec this turn | 300 sec total\n|\n|t:|1783556420\n|switch|p2a: Spidops|Spidops, L96, F|271/271\n|move|p1a: Fezandipiti|Roost|p1a: Fezandipiti\n|-heal|p1a: Fezandipiti|94/100 brn\n|-singleturn|p1a: Fezandipiti|move: Roost\n|\n|-heal|p1a: Fezandipiti|99/100 brn|[from] item: Leftovers\n|-damage|p1a: Fezandipiti|94/100 brn|[from] brn\n|upkeep\n|turn|8\n|inactive|Time left: 300 sec this turn | 300 sec total\n|\n|t:|1783556421\n|move|p1a: Fezandipiti|Moonblast|p2a: Spidops\n|-damage|p2a: Spidops|207/271\n|-status|p2a: Spidops|tox|[from] ability: Toxic Chain|[of] p1a: Fezandipiti\n|move|p2a: Spidops|Sticky Web|p1a: Fezandipiti\n|-sidestart|p1: p0x14888784|move: Sticky Web\n|\n|-heal|p1a: Fezandipiti|99/100 brn|[from] item: Leftovers\n|-damage|p2a: Spidops|191/271 tox|[from] psn\n|-damage|p1a: Fezandipiti|94/100 brn|[from] brn\n|upkeep\n|turn|9\n|inactive|Time left: 300 sec this turn | 300 sec total\n|\n|t:|1783556422\n|move|p1a: Fezandipiti|Moonblast|p2a: Spidops\n|-damage|p2a: Spidops|122/271 tox\n|move|p2a: Spidops|U-turn|p1a: Fezandipiti\n|-resisted|p1a: Fezandipiti\n|-damage|p1a: Fezandipiti|86/100 brn\n|inactive|Time left: 300 sec this turn | 300 sec total | 5 sec grace\n|\n|t:|1783556423\n|switch|p2a: Bruxish|Bruxish, L85, F|254/254|[from] U-turn\n|\n|-heal|p1a: Fezandipiti|92/100 brn|[from] item: Leftovers\n|-damage|p1a: Fezandipiti|86/100 brn|[from] brn\n|upkeep\n|turn|10\n|inactive|Time left: 300 sec this turn | 300 sec total\n|\n|t:|1783556424\n|move|p1a: Fezandipiti|Moonblast|p2a: Bruxish\n|-damage|p2a: Bruxish|172/254\n|-unboost|p2a: Bruxish|spa|1\n|move|p2a: Bruxish|Psychic Fangs|p1a: Fezandipiti\n|-supereffective|p1a: Fezandipiti\n|-damage|p1a: Fezandipiti|0 fnt\n|faint|p1a: Fezandipiti\n|\n|upkeep\n|\n|t:|1783556425\n|switch|p1a: Banette|Banette, L93, M|100/100\n|-activate|p1a: Banette|move: Sticky Web\n|-unboost|p1a: Banette|spe|1\n|turn|11\n|inactive|Time left: 300 sec this turn | 300 sec total\n|\n|t:|1783556426\n|move|p1a: Banette|Shadow Sneak|p2a: Bruxish\n|-supereffective|p2a: Bruxish\n|-damage|p2a: Bruxish|0 fnt\n|faint|p2a: Bruxish\n|-damage|p1a: Banette|90/100|[from] item: Life Orb\n|\n|upkeep\n|inactive|Time left: 300 sec this turn | 300 sec total | 5 sec grace\n|\n|t:|1783556427\n|switch|p2a: Sandy Shocks|Sandy Shocks, L80|267/267\n|turn|12\n|inactive|Time left: 300 sec this turn | 300 sec total\n|\n|t:|1783556428\n|switch|p1a: Frosmoth|Frosmoth, L82, F|100/100\n|move|p2a: Sandy Shocks|Stealth Rock|p1a: Frosmoth\n|-sidestart|p1: p0x14888784|move: Stealth Rock\n|\n|upkeep\n|turn|13\n|inactive|Time left: 300 sec this turn | 300 sec total\n|\n|t:|1783556429\n|-end|p2a: Sandy Shocks|Protosynthesis|[silent]\n|switch|p2a: Oinkologne|Oinkologne, L92, M|352/352\n|move|p1a: Frosmoth|Quiver Dance|p1a: Frosmoth\n|-boost|p1a: Frosmoth|spa|1\n|-boost|p1a: Frosmoth|spd|1\n|-boost|p1a: Frosmoth|spe|1\n|\n|upkeep\n|turn|14\n|inactive|Time left: 300 sec this turn | 300 sec total\n|\n|t:|1783556430\n|move|p1a: Frosmoth|Bug Buzz|p2a: Oinkologne\n|-damage|p2a: Oinkologne|204/352\n|move|p2a: Oinkologne|Body Slam|p1a: Frosmoth\n|-damage|p1a: Frosmoth|46/100\n|\n|-heal|p2a: Oinkologne|226/352|[from] item: Leftovers\n|upkeep\n|turn|15\n|inactive|Time left: 300 sec this turn | 300 sec total\n|\n|t:|1783556431\n|move|p1a: Frosmoth|Bug Buzz|p2a: Oinkologne\n|-damage|p2a: Oinkologne|73/352\n|move|p2a: Oinkologne|Body Slam|p1a: Frosmoth\n|-damage|p1a: Frosmoth|0 fnt\n|faint|p1a: Frosmoth\n|\n|-heal|p2a: Oinkologne|95/352|[from] item: Leftovers\n|upkeep\n|\n|t:|1783556432\n|switch|p1a: Annihilape|Annihilape, L76, M|100/100\n|-activate|p1a: Annihilape|move: Sticky Web\n|-unboost|p1a: Annihilape|spe|1\n|-ability|p1a: Annihilape|Defiant|boost\n|-boost|p1a: Annihilape|atk|2\n|-damage|p1a: Annihilape|94/100|[from] Stealth Rock\n|turn|16\n|inactive|Time left: 300 sec this turn | 300 sec total\n|\n|t:|1783556433\n|switch|p2a: Gengar|Gengar, L81, F|230/230\n|move|p1a: Annihilape|Drain Punch|p2a: Gengar\n|-immune|p2a: Gengar\n|\n|-heal|p1a: Annihilape|100/100|[from] item: Leftovers\n|upkeep\n|turn|17\n|inactive|Time left: 300 sec this turn | 300 sec total\n|\n|t:|1783556434\n|move|p2a: Gengar|Shadow Ball|p1a: Annihilape\n|-supereffective|p1a: Annihilape\n|-damage|p1a: Annihilape|0 fnt\n|faint|p1a: Annihilape\n|-damage|p2a: Gengar|207/230|[from] item: Life Orb\n|\n|upkeep\n|\n|t:|1783556435\n|switch|p1a: Banette|Banette, L93, M|90/100\n|-activate|p1a: Banette|move: Sticky Web\n|-unboost|p1a: Banette|spe|1\n|-damage|p1a: Banette|78/100|[from] Stealth Rock\n|turn|18\n|inactive|Time left: 300 sec this turn | 300 sec total\n|\n|t:|1783556436\n|switch|p2a: Oinkologne|Oinkologne, L92, M|95/352\n|move|p1a: Banette|Shadow Sneak|p2a: Oinkologne\n|-immune|p2a: Oinkologne\n|\n|-heal|p2a: Oinkologne|117/352|[from] item: Leftovers\n|upkeep\n|turn|19\n|inactive|Time left: 300 sec this turn | 300 sec total\n|\n|t:|1783556437\n|move|p2a: Oinkologne|Lash Out|p1a: Banette\n|-supereffective|p1a: Banette\n|-damage|p1a: Banette|23/100\n|move|p1a: Banette|Gunk Shot|p2a: Oinkologne\n|-damage|p2a: Oinkologne|0 fnt\n|faint|p2a: Oinkologne\n|-damage|p1a: Banette|13/100|[from] item: Life Orb\n|\n|upkeep\n|inactive|Time left: 300 sec this turn | 300 sec total | 5 sec grace\n|\n|t:|1783556438\n|switch|p2a: Sandy Shocks|Sandy Shocks, L80|267/267\n|turn|20\n|inactive|Time left: 300 sec this turn | 300 sec total\n|\n|t:|1783556439\n|move|p1a: Banette|Shadow Sneak|p2a: Sandy Shocks\n|-damage|p2a: Sandy Shocks|189/267\n|-damage|p1a: Banette|3/100|[from] item: Life Orb\n|move|p2a: Sandy Shocks|Earth Power|p1a: Banette\n|-damage|p1a: Banette|0 fnt\n|faint|p1a: Banette\n|\n|upkeep\n|\n|t:|1783556440\n|switch|p1a: Klefki|Klefki, L84, F|100/100\n|-activate|p1a: Klefki|move: Sticky Web\n|-unboost|p1a: Klefki|spe|1\n|-damage|p1a: Klefki|94/100|[from] Stealth Rock\n|turn|21\n|inactive|Time left: 300 sec this turn | 300 sec total\n|\n|t:|1783556441\n|move|p2a: Sandy Shocks|Earth Power|p1a: Klefki\n|-supereffective|p1a: Klefki\n|-crit|p1a: Klefki\n|-damage|p1a: Klefki|0 fnt\n|faint|p1a: Klefki\n|\n|upkeep\n|\n|t:|1783556442\n|switch|p1a: Pawmot|Pawmot, L80, F|100/100\n|-activate|p1a: Pawmot|move: Sticky Web\n|-unboost|p1a: Pawmot|spe|1\n|-damage|p1a: Pawmot|94/100|[from] Stealth Rock\n|turn|22\n|inactive|Time left: 300 sec this turn | 300 sec total\n|\n|t:|1783556443\n|move|p2a: Sandy Shocks|Earth Power|p1a: Pawmot\n|-supereffective|p1a: Pawmot\n|-crit|p1a: Pawmot\n|-damage|p1a: Pawmot|0 fnt\n|faint|p1a: Pawmot\n|\n|win|p0y14888986", "uploadtime": 1783556443, "views": 0, "rating": 0, "private": 0, "password": null, "_winner": "p0y14888986", "_our_name": "p0y14888986"}