{"id": "battle-gen9randombattle-2559", "formatid": "gen9randombattle", "format": "[Gen 9] Random Battle", "players": ["p0x2559624b", "p0y2559e4d5"], "log": "|init|battle\n|title|p0x2559624b vs. p0y2559e4d5\n|j|\u2606p0x2559624b\n|j|\u2606p0y2559e4d5\n|t:|1783568641\n|gametype|singles\n|player|p1|p0x2559624b|169|\n|player|p2|p0y2559e4d5|265|\n|gen|9\n|tier|[Gen 9] Random Battle\n|rule|Species Clause: Limit one of each Pok\u00e9mon\n|rule|HP Percentage Mod: HP is shown in percentages\n|rule|Sleep Clause Mod: Limit one foe put to sleep\n|rule|Illusion Level Mod: Illusion disguises the Pok\u00e9mon's true level\n|\n|t:|1783568641\n|teamsize|p1|6\n|teamsize|p2|6\n|start\n|switch|p1a: Lucario|Lucario, L84, F|100/100\n|switch|p2a: Glalie|Glalie, L96, M|309/309\n|turn|1\n|inactive|Battle timer is ON: inactive players will automatically lose when time's up. (requested by p0x2559624b)\n|inactive|Time left: 300 sec this turn | 300 sec total | 60 sec grace\n|inactive|p0y2559e4d5 also wants the timer to be on.\n|\n|t:|1783568642\n|-terastallize|p2a: Glalie|Ground\n|move|p2a: Glalie|Earthquake|p1a: Lucario\n|-supereffective|p1a: Lucario\n|-damage|p1a: Lucario|0 fnt\n|faint|p1a: Lucario\n|\n|upkeep\n|\n|t:|1783568643\n|switch|p1a: Regice|Regice, L88|100/100\n|turn|2\n|inactive|Time left: 300 sec this turn | 300 sec total\n|\n|t:|1783568645\n|move|p2a: Glalie|Earthquake|p1a: Regice\n|-damage|p1a: Regice|62/100\n|move|p1a: Regice|Ice Beam|p2a: Glalie\n|-supereffective|p2a: Glalie\n|-damage|p2a: Glalie|99/309\n|\n|upkeep\n|turn|3\n|inactive|Time left: 300 sec this turn | 300 sec total\n|\n|t:|1783568646\n|move|p2a: Glalie|Earthquake|p1a: Regice\n|-damage|p1a: Regice|24/100\n|move|p1a: Regice|Ice Beam|p2a: Glalie\n|-supereffective|p2a: Glalie\n|-damage|p2a: Glalie|0 fnt\n|faint|p2a: Glalie\n|\n|upkeep\n|inactive|Time left: 300 sec this turn | 300 sec total | 5 sec grace\n|\n|t:|1783568647\n|switch|p2a: Gallade|Gallade, L80, M|240/240\n|turn|4\n|inactive|Time left: 300 sec this turn | 300 sec total\n|\n|t:|1783568648\n|switch|p1a: Spiritomb|Spiritomb, L89, M|100/100\n|move|p2a: Gallade|Psycho Cut|p1a: Spiritomb\n|-immune|p1a: Spiritomb\n|\n|upkeep\n|turn|5\n|inactive|Time left: 300 sec this turn | 300 sec total\n|\n|t:|1783568649\n|switch|p2a: Enamorus|Enamorus-Therian, L83, F|259/259\n|move|p1a: Spiritomb|Poltergeist|p2a: Enamorus\n|-activate|p2a: Enamorus|move: Poltergeist|Weakness Policy\n|-damage|p2a: Enamorus|145/259\n|\n|upkeep\n|turn|6\n|inactive|Time left: 300 sec this turn | 300 sec total\n|\n|t:|1783568650\n|move|p2a: Enamorus|Moonblast|p1a: Spiritomb\n|-supereffective|p1a: Spiritomb\n|-damage|p1a: Spiritomb|12/100\n|-unboost|p1a: Spiritomb|spa|1\n|move|p1a: Spiritomb|Poltergeist|p2a: Enamorus|[miss]\n|-miss|p1a: Spiritomb|p2a: Enamorus\n|\n|-heal|p1a: Spiritomb|18/100|[from] item: Leftovers\n|upkeep\n|turn|7\n|inactive|Time left: 300 sec this turn | 300 sec total\n|\n|t:|1783568651\n|switch|p1a: Blastoise|Blastoise, L80, F|100/100\n|move|p2a: Enamorus|Mystical Fire|p1a: Blastoise\n|-resisted|p1a: Blastoise\n|-damage|p1a: Blastoise|88/100\n|-unboost|p1a: Blastoise|spa|1\n|-enditem|p1a: Blastoise|White Herb\n|-clearnegativeboost|p1a: Blastoise|[silent]\n|\n|upkeep\n|turn|8\n|inactive|Time left: 300 sec this turn | 300 sec total\n|\n|t:|1783568652\n|switch|p2a: Gallade|Gallade, L80, M|240/240\n|move|p1a: Blastoise|Shell Smash|p1a: Blastoise\n|-unboost|p1a: Blastoise|def|1\n|-unboost|p1a: Blastoise|spd|1\n|-boost|p1a: Blastoise|atk|2\n|-boost|p1a: Blastoise|spa|2\n|-boost|p1a: Blastoise|spe|2\n|\n|upkeep\n|turn|9\n|inactive|Time left: 300 sec this turn | 300 sec total\n|\n|t:|1783568653\n|move|p1a: Blastoise|Ice Beam|p2a: Gallade\n|-damage|p2a: Gallade|154/240\n|move|p2a: Gallade|Sacred Sword|p1a: Blastoise\n|-damage|p1a: Blastoise|0 fnt\n|faint|p1a: Blastoise\n|\n|upkeep\n|\n|t:|1783568654\n|switch|p1a: Spiritomb|Spiritomb, L89, M|18/100\n|turn|10\n|inactive|Time left: 300 sec this turn | 300 sec total\n|\n|t:|1783568655\n|switch|p2a: Enamorus|Enamorus-Therian, L83, F|145/259\n|move|p1a: Spiritomb|Poltergeist|p2a: Enamorus\n|-activate|p2a: Enamorus|move: Poltergeist|Weakness Policy\n|-damage|p2a: Enamorus|33/259\n|\n|-heal|p1a: Spiritomb|24/100|[from] item: Leftovers\n|upkeep\n|turn|11\n|inactive|Time left: 300 sec this turn | 300 sec total\n|\n|t:|1783568656\n|move|p1a: Spiritomb|Shadow Sneak|p2a: Enamorus\n|-damage|p2a: Enamorus|0 fnt\n|faint|p2a: Enamorus\n|\n|-heal|p1a: Spiritomb|30/100|[from] item: Leftovers\n|upkeep\n|inactive|Time left: 300 sec this turn | 300 sec total | 5 sec grace\n|\n|t:|1783568657\n|switch|p2a: Zarude|Zarude-Dada, L77|288/288\n|turn|12\n|inactive|Time left: 300 sec this turn | 300 sec total\n|\n|t:|1783568658\n|switch|p1a: Klefki|Klefki, L84, M|100/100\n|move|p2a: Zarude|Knock Off|p1a: Klefki\n|-resisted|p1a: Klefki\n|-damage|p1a: Klefki|74/100\n|-enditem|p1a: Klefki|Leftovers|[from] move: Knock Off|[of] p2a: Zarude\n|-damage|p2a: Zarude|260/288|[from] item: Life Orb\n|\n|upkeep\n|turn|13\n|inactive|Time left: 300 sec this turn | 300 sec total\n|\n|t:|1783568659\n|move|p2a: Zarude|Swords Dance|p2a: Zarude\n|-boost|p2a: Zarude|atk|2\n|move|p1a: Klefki|Play Rough|p2a: Zarude\n|-supereffective|p2a: Zarude\n|-damage|p2a: Zarude|98/288\n|\n|upkeep\n|turn|14\n|inactive|Time left: 300 sec this turn | 300 sec total\n|\n|t:|1783568660\n|move|p2a: Zarude|Close Combat|p1a: Klefki\n|-damage|p1a: Klefki|0 fnt\n|-unboost|p2a: Zarude|def|1\n|-unboost|p2a: Zarude|spd|1\n|faint|p1a: Klefki\n|-damage|p2a: Zarude|70/288|[from] item: Life Orb\n|\n|upkeep\n|\n|t:|1783568661\n|switch|p1a: Tentacruel|Tentacruel, L84, M|100/100\n|turn|15\n|inactive|Time left: 300 sec this turn | 300 sec total\n|\n|t:|1783568662\n|move|p1a: Tentacruel|Sludge Bomb|p2a: Zarude\n|-supereffective|p2a: Zarude\n|-damage|p2a: Zarude|0 fnt\n|faint|p2a: Zarude\n|\n|upkeep\n|inactive|Time left: 300 sec this turn | 300 sec total | 5 sec grace\n|\n|t:|1783568663\n|switch|p2a: Gallade|Gallade, L80, M|154/240\n|turn|16\n|inactive|Time left: 300 sec this turn | 300 sec total\n|\n|t:|1783568664\n|switch|p1a: Spiritomb|Spiritomb, L89, M|30/100\n|move|p2a: Gallade|Night Slash|p1a: Spiritomb\n|-damage|p1a: Spiritomb|0 fnt\n|faint|p1a: Spiritomb\n|\n|upkeep\n|\n|t:|1783568665\n|switch|p1a: Tentacruel|Tentacruel, L84, M|100/100\n|turn|17\n|inactive|Time left: 300 sec this turn | 300 sec total\n|\n|t:|1783568666\n|move|p1a: Tentacruel|Sludge Bomb|p2a: Gallade\n|-damage|p2a: Gallade|76/240\n|move|p2a: Gallade|Night Slash|p1a: Tentacruel\n|-damage|p1a: Tentacruel|42/100\n|\n|-heal|p1a: Tentacruel|49/100|[from] item: Leftovers\n|upkeep\n|turn|18\n|inactive|Time left: 300 sec this turn | 300 sec total\n|\n|t:|1783568667\n|move|p1a: Tentacruel|Sludge Bomb|p2a: Gallade\n|-damage|p2a: Gallade|10/240\n|move|p2a: Gallade|Night Slash|p1a: Tentacruel\n|-damage|p1a: Tentacruel|0 fnt\n|faint|p1a: Tentacruel\n|\n|upkeep\n|\n|t:|1783568668\n|switch|p1a: Regice|Regice, L88|24/100\n|turn|19\n|inactive|Time left: 300 sec this turn | 300 sec total\n|\n|t:|1783568669\n|move|p2a: Gallade|Night Slash|p1a: Regice\n|-damage|p1a: Regice|0 fnt\n|faint|p1a: Regice\n|\n|win|p0y2559e4d5", "uploadtime": 1783568669, "views": 0, "rating": 0, "private": 0, "password": null, "_winner": "p0y2559e4d5", "_our_name": "p0y2559e4d5"}