{"id": "battle-gen9randombattle-105", "formatid": "gen9randombattle", "format": "[Gen 9] Random Battle", "players": ["p0x105c61c", "p0y1058c4b"], "log": "|init|battle\n|title|p0x105c61c vs. p0y1058c4b\n|j|\u2606p0x105c61c\n|j|\u2606p0y1058c4b\n|t:|1783534988\n|gametype|singles\n|player|p1|p0x105c61c|1|\n|player|p2|p0y1058c4b|169|\n|gen|9\n|tier|[Gen 9] Random Battle\n|rule|Species Clause: Limit one of each Pok\u00e9mon\n|rule|HP Percentage Mod: HP is shown in percentages\n|rule|Sleep Clause Mod: Limit one foe put to sleep\n|rule|Illusion Level Mod: Illusion disguises the Pok\u00e9mon's true level\n|\n|t:|1783534988\n|teamsize|p1|6\n|teamsize|p2|6\n|start\n|switch|p1a: Eternatus|Eternatus, L69|308/308\n|switch|p2a: Amoonguss|Amoonguss, L82, M|100/100\n|-ability|p1a: Eternatus|Pressure\n|turn|1\n|inactive|Battle timer is ON: inactive players will automatically lose when time's up. (requested by p0y1058c4b)\n|inactive|Time left: 300 sec this turn | 300 sec total | 60 sec grace\n|inactive|p0x105c61c also wants the timer to be on.\n|\n|t:|1783534989\n|move|p1a: Eternatus|Dynamax Cannon|p2a: Amoonguss\n|-damage|p2a: Amoonguss|68/100\n|move|p2a: Amoonguss|Spore|p1a: Eternatus\n|-status|p1a: Eternatus|slp|[from] move: Spore\n|\n|upkeep\n|turn|2\n|inactive|Time left: 300 sec this turn | 300 sec total\n|\n|t:|1783534990\n|switch|p1a: Salamence|Salamence, L77, M|273/273\n|-ability|p1a: Salamence|Intimidate|boost\n|-unboost|p2a: Amoonguss|atk|1\n|switch|p2a: Abomasnow|Abomasnow, L84, F|100/100\n|-weather|Snowscape|[from] ability: Snow Warning|[of] p2a: Abomasnow\n|\n|-weather|Snowscape|[upkeep]\n|upkeep\n|turn|3\n|inactive|Time left: 300 sec this turn | 300 sec total\n|\n|t:|1783534992\n|move|p1a: Salamence|Dual Wingbeat|p2a: Abomasnow\n|-supereffective|p2a: Abomasnow\n|-damage|p2a: Abomasnow|78/100\n|-supereffective|p2a: Abomasnow\n|-damage|p2a: Abomasnow|52/100\n|-hitcount|p2a: Abomasnow|2\n|move|p2a: Abomasnow|Aurora Veil|p2a: Abomasnow\n|-sidestart|p2: p0y1058c4b|move: Aurora Veil\n|\n|-weather|Snowscape|[upkeep]\n|upkeep\n|turn|4\n|inactive|Time left: 300 sec this turn | 300 sec total\n|\n|t:|1783534992\n|switch|p1a: Regigigas|Regigigas, L84|322/322\n|-start|p1a: Regigigas|ability: Slow Start\n|move|p2a: Abomasnow|Blizzard|p1a: Regigigas\n|-damage|p1a: Regigigas|232/322\n|\n|-weather|Snowscape|[upkeep]\n|-heal|p1a: Regigigas|252/322|[from] item: Leftovers\n|upkeep\n|turn|5\n|inactive|Time left: 300 sec this turn | 300 sec total\n|\n|t:|1783534994\n|move|p2a: Abomasnow|Blizzard|p1a: Regigigas\n|-damage|p1a: Regigigas|164/322\n|move|p1a: Regigigas|Knock Off|p2a: Abomasnow\n|-damage|p2a: Abomasnow|45/100\n|-enditem|p2a: Abomasnow|Light Clay|[from] move: Knock Off|[of] p1a: Regigigas\n|\n|-weather|Snowscape|[upkeep]\n|-heal|p1a: Regigigas|184/322|[from] item: Leftovers\n|upkeep\n|turn|6\n|inactive|Time left: 300 sec this turn | 300 sec total\n|\n|t:|1783534995\n|move|p2a: Abomasnow|Blizzard|p1a: Regigigas\n|-damage|p1a: Regigigas|91/322\n|move|p1a: Regigigas|Knock Off|p2a: Abomasnow\n|-damage|p2a: Abomasnow|41/100\n|\n|-weather|none\n|-heal|p1a: Regigigas|111/322|[from] item: Leftovers\n|upkeep\n|turn|7\n|inactive|Time left: 300 sec this turn | 300 sec total\n|\n|t:|1783534996\n|move|p2a: Abomasnow|Blizzard|p1a: Regigigas\n|-damage|p1a: Regigigas|12/322\n|move|p1a: Regigigas|Knock Off|p2a: Abomasnow\n|-damage|p2a: Abomasnow|34/100\n|\n|-heal|p1a: Regigigas|32/322|[from] item: Leftovers\n|upkeep\n|turn|8\n|inactive|Time left: 300 sec this turn | 300 sec total\n|\n|t:|1783534997\n|move|p1a: Regigigas|Protect|p1a: Regigigas\n|-singleturn|p1a: Regigigas|Protect\n|move|p2a: Abomasnow|Blizzard|p1a: Regigigas\n|-activate|p1a: Regigigas|move: Protect\n|\n|-heal|p1a: Regigigas|52/322|[from] item: Leftovers\n|upkeep\n|turn|9\n|inactive|Time left: 300 sec this turn | 300 sec total\n|\n|t:|1783534998\n|move|p2a: Abomasnow|Blizzard|p1a: Regigigas\n|-damage|p1a: Regigigas|0 fnt\n|faint|p1a: Regigigas\n|-end|p1a: Regigigas|Slow Start|[silent]\n|\n|upkeep\n|inactive|Time left: 300 sec this turn | 300 sec total | 5 sec grace\n|\n|t:|1783534999\n|switch|p1a: Houndoom|Houndoom, L87, M|272/272\n|turn|10\n|inactive|Time left: 300 sec this turn | 300 sec total\n|\n|t:|1783535000\n|switch|p2a: Floatzel|Floatzel, L86, F|100/100\n|move|p1a: Houndoom|Nasty Plot|p1a: Houndoom\n|-boost|p1a: Houndoom|spa|2\n|\n|-sideend|p2: p0y1058c4b|move: Aurora Veil\n|upkeep\n|turn|11\n|inactive|Time left: 300 sec this turn | 300 sec total\n|\n|t:|1783535001\n|-terastallize|p2a: Floatzel|Water\n|-terastallize|p1a: Houndoom|Dark\n|move|p2a: Floatzel|Wave Crash|p1a: Houndoom\n|-crit|p1a: Houndoom\n|-damage|p1a: Houndoom|0 fnt\n|faint|p1a: Houndoom\n|-damage|p2a: Floatzel|69/100|[from] Recoil\n|\n|-heal|p2a: Floatzel|75/100|[from] item: Leftovers\n|upkeep\n|inactive|Time left: 300 sec this turn | 300 sec total | 5 sec grace\n|\n|t:|1783535002\n|switch|p1a: Malamar|Malamar, L82, M|275/275\n|turn|12\n|inactive|Time left: 300 sec this turn | 300 sec total\n|\n|t:|1783535003\n|move|p2a: Floatzel|Wave Crash|p1a: Malamar\n|-damage|p1a: Malamar|91/275\n|-damage|p2a: Floatzel|54/100|[from] Recoil\n|move|p1a: Malamar|Superpower|p2a: Floatzel\n|-damage|p2a: Floatzel|17/100\n|-boost|p1a: Malamar|atk|1\n|-boost|p1a: Malamar|def|1\n|\n|-heal|p2a: Floatzel|23/100|[from] item: Leftovers\n|-heal|p1a: Malamar|108/275|[from] item: Leftovers\n|upkeep\n|turn|13\n|inactive|Time left: 300 sec this turn | 300 sec total\n|\n|t:|1783535004\n|switch|p1a: Eternatus|Eternatus, L69|308/308 slp\n|-ability|p1a: Eternatus|Pressure\n|move|p2a: Floatzel|Wave Crash|p1a: Eternatus\n|-resisted|p1a: Eternatus\n|-crit|p1a: Eternatus\n|-damage|p1a: Eternatus|131/308 slp\n|-damage|p2a: Floatzel|6/100|[from] item: Rocky Helmet|[of] p1a: Eternatus\n|-damage|p2a: Floatzel|0 fnt|[from] Recoil\n|faint|p2a: Floatzel\n|\n|upkeep\n|\n|t:|1783535005\n|switch|p2a: Abomasnow|Abomasnow, L84, F|34/100\n|-weather|Snowscape|[from] ability: Snow Warning|[of] p2a: Abomasnow\n|turn|14\n|inactive|Time left: 300 sec this turn | 300 sec total\n|\n|t:|1783535006\n|switch|p1a: Malamar|Malamar, L82, M|108/275\n|move|p2a: Abomasnow|Aurora Veil|p2a: Abomasnow\n|-sidestart|p2: p0y1058c4b|move: Aurora Veil\n|\n|-weather|Snowscape|[upkeep]\n|-heal|p1a: Malamar|125/275|[from] item: Leftovers\n|upkeep\n|turn|15\n|inactive|Time left: 300 sec this turn | 300 sec total\n|\n|t:|1783535007\n|move|p1a: Malamar|Superpower|p2a: Abomasnow\n|-supereffective|p2a: Abomasnow\n|-damage|p2a: Abomasnow|14/100\n|-boost|p1a: Malamar|atk|1\n|-boost|p1a: Malamar|def|1\n|move|p2a: Abomasnow|Blizzard|p1a: Malamar\n|-damage|p1a: Malamar|0 fnt\n|faint|p1a: Malamar\n|\n|-weather|Snowscape|[upkeep]\n|upkeep\n|inactive|Time left: 300 sec this turn | 300 sec total | 5 sec grace\n|\n|t:|1783535008\n|switch|p1a: Vespiquen|Vespiquen, L99, F|299/299\n|-ability|p1a: Vespiquen|Pressure\n|turn|16\n|inactive|Time left: 300 sec this turn | 300 sec total\n|\n|t:|1783535009\n|move|p2a: Abomasnow|Blizzard|p1a: Vespiquen\n|-supereffective|p1a: Vespiquen\n|-crit|p1a: Vespiquen\n|-damage|p1a: Vespiquen|47/299\n|move|p1a: Vespiquen|Toxic Spikes|p2a: Abomasnow\n|-sidestart|p2: p0y1058c4b|move: Toxic Spikes\n|\n|-weather|Snowscape|[upkeep]\n|upkeep\n|turn|17\n|inactive|Time left: 300 sec this turn | 300 sec total\n|\n|t:|1783535010\n|switch|p2a: Pecharunt|Pecharunt, L77|100/100\n|-sideend|p2: p0y1058c4b|move: Toxic Spikes|[of] p2a: Pecharunt\n|move|p1a: Vespiquen|Roost|p1a: Vespiquen\n|-heal|p1a: Vespiquen|197/299\n|-singleturn|p1a: Vespiquen|move: Roost\n|\n|-weather|Snowscape|[upkeep]\n|upkeep\n|turn|18\n|inactive|Time left: 300 sec this turn | 300 sec total\n|\n|t:|1783535011\n|move|p2a: Pecharunt|Nasty Plot|p2a: Pecharunt\n|-boost|p2a: Pecharunt|spa|2\n|move|p1a: Vespiquen|Roost|p1a: Vespiquen\n|-heal|p1a: Vespiquen|299/299\n|-singleturn|p1a: Vespiquen|move: Roost\n|\n|-weather|none\n|-sideend|p2: p0y1058c4b|move: Aurora Veil\n|upkeep\n|turn|19\n|inactive|Time left: 300 sec this turn | 300 sec total\n|\n|t:|1783535012\n|move|p2a: Pecharunt|Malignant Chain|p1a: Vespiquen\n|-damage|p1a: Vespiquen|175/299\n|move|p1a: Vespiquen|Air Slash|p2a: Pecharunt\n|-damage|p2a: Pecharunt|60/100\n|\n|-heal|p2a: Pecharunt|67/100|[from] item: Leftovers\n|upkeep\n|turn|20\n|inactive|Time left: 300 sec this turn | 300 sec total\n|\n|t:|1783535013\n|move|p2a: Pecharunt|Malignant Chain|p1a: Vespiquen\n|-damage|p1a: Vespiquen|57/299\n|-status|p1a: Vespiquen|tox\n|-start|p1a: Vespiquen|confusion|[from] ability: Poison Puppeteer|[of] p2a: Pecharunt\n|-activate|p1a: Vespiquen|confusion\n|move|p1a: Vespiquen|Roost|p1a: Vespiquen\n|-heal|p1a: Vespiquen|207/299 tox\n|-singleturn|p1a: Vespiquen|move: Roost\n|\n|-heal|p2a: Pecharunt|73/100|[from] item: Leftovers\n|-damage|p1a: Vespiquen|189/299 tox|[from] psn\n|upkeep\n|turn|21\n|inactive|Time left: 300 sec this turn | 300 sec total\n|\n|t:|1783535014\n|switch|p1a: Eternatus|Eternatus, L69|131/308 slp\n|-ability|p1a: Eternatus|Pressure\n|move|p2a: Pecharunt|Malignant Chain|p1a: Eternatus\n|-resisted|p1a: Eternatus\n|-damage|p1a: Eternatus|39/308 slp\n|\n|-heal|p2a: Pecharunt|79/100|[from] item: Leftovers\n|upkeep\n|turn|22\n|inactive|Time left: 300 sec this turn | 300 sec total\n|\n|t:|1783535015\n|cant|p1a: Eternatus|slp\n|move|p2a: Pecharunt|Nasty Plot|p2a: Pecharunt\n|-boost|p2a: Pecharunt|spa|2\n|\n|-heal|p2a: Pecharunt|85/100|[from] item: Leftovers\n|upkeep\n|turn|23\n|inactive|Time left: 300 sec this turn | 300 sec total\n|\n|t:|1783535016\n|cant|p1a: Eternatus|slp\n|move|p2a: Pecharunt|Shadow Ball|p1a: Eternatus\n|-damage|p1a: Eternatus|0 fnt\n|faint|p1a: Eternatus\n|\n|-heal|p2a: Pecharunt|91/100|[from] item: Leftovers\n|upkeep\n|inactive|Time left: 300 sec this turn | 300 sec total | 5 sec grace\n|\n|t:|1783535016\n|switch|p1a: Vespiquen|Vespiquen, L99, F|189/299 tox\n|-ability|p1a: Vespiquen|Pressure\n|turn|24\n|inactive|Time left: 300 sec this turn | 300 sec total\n|\n|t:|1783535017\n|move|p2a: Pecharunt|Shadow Ball|p1a: Vespiquen\n|-damage|p1a: Vespiquen|51/299 tox\n|move|p1a: Vespiquen|Roost|p1a: Vespiquen\n|-heal|p1a: Vespiquen|201/299 tox\n|-singleturn|p1a: Vespiquen|move: Roost\n|\n|-heal|p2a: Pecharunt|97/100|[from] item: Leftovers\n|-damage|p1a: Vespiquen|183/299 tox|[from] psn\n|upkeep\n|turn|25\n|inactive|Time left: 300 sec this turn | 300 sec total\n|\n|t:|1783535018\n|move|p2a: Pecharunt|Shadow Ball|p1a: Vespiquen\n|-damage|p1a: Vespiquen|44/299 tox\n|move|p1a: Vespiquen|Roost|p1a: Vespiquen\n|-heal|p1a: Vespiquen|194/299 tox\n|-singleturn|p1a: Vespiquen|move: Roost\n|\n|-heal|p2a: Pecharunt|100/100|[from] item: Leftovers\n|-damage|p1a: Vespiquen|158/299 tox|[from] psn\n|upkeep\n|turn|26\n|inactive|Time left: 300 sec this turn | 300 sec total\n|\n|t:|1783535018\n|move|p2a: Pecharunt|Shadow Ball|p1a: Vespiquen\n|-damage|p1a: Vespiquen|4/299 tox\n|move|p1a: Vespiquen|U-turn|p2a: Pecharunt\n|-resisted|p2a: Pecharunt\n|-crit|p2a: Pecharunt\n|-damage|p2a: Pecharunt|92/100\n|inactive|Time left: 300 sec this turn | 300 sec total | 5 sec grace\n|\n|t:|1783535019\n|switch|p1a: Salamence|Salamence, L77, M|273/273|[from] U-turn\n|-ability|p1a: Salamence|Intimidate|boost\n|-unboost|p2a: Pecharunt|atk|1\n|\n|-heal|p2a: Pecharunt|99/100|[from] item: Leftovers\n|upkeep\n|turn|27\n|inactive|Time left: 300 sec this turn | 300 sec total\n|\n|t:|1783535020\n|switch|p1a: Vespiquen|Vespiquen, L99, F|4/299 tox\n|-ability|p1a: Vespiquen|Pressure\n|move|p2a: Pecharunt|Malignant Chain|p1a: Vespiquen\n|-damage|p1a: Vespiquen|0 fnt\n|faint|p1a: Vespiquen\n|\n|-heal|p2a: Pecharunt|100/100|[from] item: Leftovers\n|upkeep\n|inactive|Time left: 300 sec this turn | 300 sec total | 5 sec grace\n|\n|t:|1783535020\n|switch|p1a: Salamence|Salamence, L77, M|273/273\n|-ability|p1a: Salamence|Intimidate|boost\n|-unboost|p2a: Pecharunt|atk|1\n|turn|28\n|inactive|Time left: 300 sec this turn | 300 sec total\n|\n|t:|1783535021\n|move|p1a: Salamence|Earthquake|p2a: Pecharunt\n|-supereffective|p2a: Pecharunt\n|-damage|p2a: Pecharunt|60/100\n|move|p2a: Pecharunt|Shadow Ball|p1a: Salamence\n|-damage|p1a: Salamence|38/273\n|\n|-heal|p2a: Pecharunt|66/100|[from] item: Leftovers\n|upkeep\n|turn|29\n|inactive|Time left: 300 sec this turn | 300 sec total\n|\n|t:|1783535022\n|move|p1a: Salamence|Dual Wingbeat|p2a: Pecharunt\n|-damage|p2a: Pecharunt|55/100\n|-damage|p2a: Pecharunt|43/100\n|-hitcount|p2a: Pecharunt|2\n|move|p2a: Pecharunt|Shadow Ball|p1a: Salamence\n|-damage|p1a: Salamence|0 fnt\n|faint|p1a: Salamence\n|\n|win|p0y1058c4b", "uploadtime": 1783535022, "views": 0, "rating": 0, "private": 0, "password": null, "_winner": "p0y1058c4b", "_our_name": "p0x105c61c"}