{"id": "battle-gen9randombattle-226", "formatid": "gen9randombattle", "format": "[Gen 9] Random Battle", "players": ["p0x226dd21", "p0y22664aa"], "log": "|init|battle\n|title|p0x226dd21 vs. p0y22664aa\n|j|\u2606p0x226dd21\n|j|\u2606p0y22664aa\n|t:|1783542183\n|gametype|singles\n|player|p1|p0x226dd21|2|\n|player|p2|p0y22664aa|2|\n|gen|9\n|tier|[Gen 9] Random Battle\n|rule|Species Clause: Limit one of each Pok\u00e9mon\n|rule|HP Percentage Mod: HP is shown in percentages\n|rule|Sleep Clause Mod: Limit one foe put to sleep\n|rule|Illusion Level Mod: Illusion disguises the Pok\u00e9mon's true level\n|\n|t:|1783542183\n|teamsize|p1|6\n|teamsize|p2|6\n|start\n|switch|p1a: Regigigas|Regigigas, L84|322/322\n|switch|p2a: Salamence|Salamence, L77, F|100/100\n|-start|p1a: Regigigas|ability: Slow Start\n|-ability|p2a: Salamence|Intimidate|boost\n|-unboost|p1a: Regigigas|atk|1\n|turn|1\n|inactive|Battle timer is ON: inactive players will automatically lose when time's up. (requested by p0y22664aa)\n|inactive|Time left: 300 sec this turn | 300 sec total | 60 sec grace\n|inactive|p0x226dd21 also wants the timer to be on.\n|\n|t:|1783542185\n|switch|p2a: Ursaluna|Ursaluna, L79, F|100/100\n|switch|p1a: Cryogonal|Cryogonal, L89|287/287\n|\n|-status|p2a: Ursaluna|brn|[from] item: Flame Orb\n|upkeep\n|turn|2\n|inactive|Time left: 300 sec this turn | 300 sec total\n|\n|t:|1783542186\n|move|p1a: Cryogonal|Ice Beam|p2a: Ursaluna\n|-supereffective|p2a: Ursaluna\n|-damage|p2a: Ursaluna|23/100 brn\n|move|p2a: Ursaluna|Facade|p1a: Cryogonal\n|-damage|p1a: Cryogonal|0 fnt\n|faint|p1a: Cryogonal\n|\n|-damage|p2a: Ursaluna|17/100 brn|[from] brn\n|upkeep\n|inactive|Time left: 300 sec this turn | 300 sec total | 5 sec grace\n|\n|t:|1783542187\n|switch|p1a: Kommo-o|Kommo-o, L77, M|242/242\n|turn|3\n|inactive|Time left: 300 sec this turn | 300 sec total\n|\n|t:|1783542189\n|switch|p2a: Skarmory|Skarmory, L80, F|100/100\n|move|p1a: Kommo-o|Clanging Scales|p2a: Skarmory\n|-resisted|p2a: Skarmory\n|-damage|p2a: Skarmory|72/100\n|-unboost|p1a: Kommo-o|def|1\n|-enditem|p1a: Kommo-o|Throat Spray\n|-boost|p1a: Kommo-o|spa|1|[from] item: Throat Spray\n|\n|-heal|p2a: Skarmory|78/100|[from] item: Leftovers\n|upkeep\n|turn|4\n|inactive|Time left: 300 sec this turn | 300 sec total\n|\n|t:|1783542190\n|move|p1a: Kommo-o|Clangorous Soul|p1a: Kommo-o\n|-boost|p1a: Kommo-o|atk|1\n|-boost|p1a: Kommo-o|def|1\n|-boost|p1a: Kommo-o|spa|1\n|-boost|p1a: Kommo-o|spd|1\n|-boost|p1a: Kommo-o|spe|1\n|-damage|p1a: Kommo-o|163/242\n|move|p2a: Skarmory|Brave Bird|p1a: Kommo-o\n|-supereffective|p1a: Kommo-o\n|-damage|p1a: Kommo-o|0 fnt\n|faint|p1a: Kommo-o\n|-damage|p2a: Skarmory|55/100|[from] Recoil\n|\n|-heal|p2a: Skarmory|61/100|[from] item: Leftovers\n|upkeep\n|inactive|Time left: 300 sec this turn | 300 sec total | 5 sec grace\n|\n|t:|1783542191\n|switch|p1a: Delibird|Delibird, M|252/252\n|turn|5\n|inactive|Time left: 300 sec this turn | 300 sec total\n|\n|t:|1783542192\n|move|p1a: Delibird|Freeze-Dry|p2a: Skarmory\n|-damage|p2a: Skarmory|22/100\n|move|p2a: Skarmory|Roost|p2a: Skarmory\n|-heal|p2a: Skarmory|72/100\n|-singleturn|p2a: Skarmory|move: Roost\n|\n|-heal|p2a: Skarmory|78/100|[from] item: Leftovers\n|upkeep\n|turn|6\n|inactive|Time left: 300 sec this turn | 300 sec total\n|\n|t:|1783542194\n|switch|p2a: Arbok|Arbok, L87, M|100/100\n|-ability|p2a: Arbok|Intimidate|boost\n|-unboost|p1a: Delibird|atk|1\n|move|p1a: Delibird|Freeze-Dry|p2a: Arbok\n|-damage|p2a: Arbok|66/100\n|\n|-heal|p2a: Arbok|72/100|[from] item: Leftovers\n|upkeep\n|turn|7\n|inactive|Time left: 300 sec this turn | 300 sec total\n|\n|t:|1783542195\n|move|p1a: Delibird|Freeze-Dry|p2a: Arbok\n|-damage|p2a: Arbok|37/100\n|move|p2a: Arbok|Gunk Shot|p1a: Delibird|[miss]\n|-miss|p2a: Arbok|p1a: Delibird\n|\n|-heal|p2a: Arbok|44/100|[from] item: Leftovers\n|upkeep\n|turn|8\n|inactive|Time left: 300 sec this turn | 300 sec total\n|\n|t:|1783542196\n|move|p1a: Delibird|Freeze-Dry|p2a: Arbok\n|-damage|p2a: Arbok|7/100\n|move|p2a: Arbok|Gunk Shot|p1a: Delibird\n|-damage|p1a: Delibird|65/252\n|\n|-heal|p2a: Arbok|13/100|[from] item: Leftovers\n|upkeep\n|turn|9\n|inactive|Time left: 300 sec this turn | 300 sec total\n|\n|t:|1783542197\n|switch|p2a: Farigiraf|Farigiraf, L90, M|100/100\n|move|p1a: Delibird|Freeze-Dry|p2a: Farigiraf\n|-damage|p2a: Farigiraf|77/100\n|\n|-heal|p2a: Farigiraf|83/100|[from] item: Leftovers\n|upkeep\n|turn|10\n|inactive|Time left: 300 sec this turn | 300 sec total\n|\n|t:|1783542198\n|switch|p1a: Umbreon|Umbreon, L84, F|297/297\n|move|p2a: Farigiraf|Body Slam|p1a: Umbreon\n|-damage|p1a: Umbreon|213/297\n|\n|-heal|p2a: Farigiraf|89/100|[from] item: Leftovers\n|-heal|p1a: Umbreon|231/297|[from] item: Leftovers\n|upkeep\n|turn|11\n|inactive|Time left: 300 sec this turn | 300 sec total\n|\n|t:|1783542199\n|switch|p2a: Skarmory|Skarmory, L80, F|78/100\n|move|p1a: Umbreon|Foul Play|p2a: Skarmory\n|-damage|p2a: Skarmory|51/100\n|\n|-heal|p2a: Skarmory|57/100|[from] item: Leftovers\n|-heal|p1a: Umbreon|249/297|[from] item: Leftovers\n|upkeep\n|turn|12\n|inactive|Time left: 300 sec this turn | 300 sec total\n|\n|t:|1783542201\n|move|p2a: Skarmory|Roost|p2a: Skarmory\n|-heal|p2a: Skarmory|100/100\n|-singleturn|p2a: Skarmory|move: Roost\n|move|p1a: Umbreon|Wish|p1a: Umbreon\n|\n|-heal|p1a: Umbreon|267/297|[from] item: Leftovers\n|upkeep\n|turn|13\n|inactive|Time left: 300 sec this turn | 300 sec total\n|\n|t:|1783542202\n|move|p2a: Skarmory|Brave Bird|p1a: Umbreon\n|-damage|p1a: Umbreon|177/297\n|-damage|p2a: Skarmory|88/100|[from] Recoil\n|move|p1a: Umbreon|Foul Play|p2a: Skarmory\n|-damage|p2a: Skarmory|63/100\n|\n|-heal|p1a: Umbreon|297/297|[from] move: Wish|[wisher] Umbreon\n|-heal|p2a: Skarmory|69/100|[from] item: Leftovers\n|upkeep\n|turn|14\n|inactive|Time left: 300 sec this turn | 300 sec total\n|\n|t:|1783542203\n|move|p2a: Skarmory|Stealth Rock|p1a: Umbreon\n|-sidestart|p1: p0x226dd21|move: Stealth Rock\n|move|p1a: Umbreon|Foul Play|p2a: Skarmory\n|-damage|p2a: Skarmory|42/100\n|\n|-heal|p2a: Skarmory|48/100|[from] item: Leftovers\n|upkeep\n|turn|15\n|inactive|Time left: 300 sec this turn | 300 sec total\n|\n|t:|1783542204\n|move|p2a: Skarmory|Roost|p2a: Skarmory\n|-heal|p2a: Skarmory|98/100\n|-singleturn|p2a: Skarmory|move: Roost\n|move|p1a: Umbreon|Foul Play|p2a: Skarmory\n|-damage|p2a: Skarmory|72/100\n|\n|-heal|p2a: Skarmory|78/100|[from] item: Leftovers\n|upkeep\n|turn|16\n|inactive|Time left: 300 sec this turn | 300 sec total\n|\n|t:|1783542205\n|move|p2a: Skarmory|Spikes|p1a: Umbreon\n|-sidestart|p1: p0x226dd21|Spikes\n|move|p1a: Umbreon|Foul Play|p2a: Skarmory\n|-damage|p2a: Skarmory|54/100\n|\n|-heal|p2a: Skarmory|60/100|[from] item: Leftovers\n|upkeep\n|turn|17\n|inactive|Time left: 300 sec this turn | 300 sec total\n|\n|t:|1783542206\n|move|p2a: Skarmory|Roost|p2a: Skarmory\n|-heal|p2a: Skarmory|100/100\n|-singleturn|p2a: Skarmory|move: Roost\n|move|p1a: Umbreon|Foul Play|p2a: Skarmory\n|-damage|p2a: Skarmory|75/100\n|\n|-heal|p2a: Skarmory|81/100|[from] item: Leftovers\n|upkeep\n|turn|18\n|inactive|Time left: 300 sec this turn | 300 sec total\n|\n|t:|1783542207\n|move|p2a: Skarmory|Spikes|p1a: Umbreon\n|-sidestart|p1: p0x226dd21|Spikes\n|move|p1a: Umbreon|Foul Play|p2a: Skarmory\n|-damage|p2a: Skarmory|55/100\n|\n|-heal|p2a: Skarmory|61/100|[from] item: Leftovers\n|upkeep\n|turn|19\n|inactive|Time left: 300 sec this turn | 300 sec total\n|\n|t:|1783542208\n|move|p2a: Skarmory|Roost|p2a: Skarmory\n|-heal|p2a: Skarmory|100/100\n|-singleturn|p2a: Skarmory|move: Roost\n|move|p1a: Umbreon|Foul Play|p2a: Skarmory\n|-damage|p2a: Skarmory|77/100\n|\n|-heal|p2a: Skarmory|83/100|[from] item: Leftovers\n|upkeep\n|turn|20\n|inactive|Time left: 300 sec this turn | 300 sec total\n|\n|t:|1783542209\n|move|p2a: Skarmory|Spikes|p1a: Umbreon\n|-sidestart|p1: p0x226dd21|Spikes\n|move|p1a: Umbreon|Foul Play|p2a: Skarmory\n|-damage|p2a: Skarmory|58/100\n|\n|-heal|p2a: Skarmory|64/100|[from] item: Leftovers\n|upkeep\n|turn|21\n|inactive|Time left: 300 sec this turn | 300 sec total\n|\n|t:|1783542210\n|move|p2a: Skarmory|Roost|p2a: Skarmory\n|-heal|p2a: Skarmory|100/100\n|-singleturn|p2a: Skarmory|move: Roost\n|move|p1a: Umbreon|Foul Play|p2a: Skarmory\n|-damage|p2a: Skarmory|76/100\n|\n|-heal|p2a: Skarmory|82/100|[from] item: Leftovers\n|upkeep\n|turn|22\n|inactive|Time left: 300 sec this turn | 300 sec total\n|\n|t:|1783542211\n|move|p2a: Skarmory|Brave Bird|p1a: Umbreon\n|-damage|p1a: Umbreon|212/297\n|-damage|p2a: Skarmory|70/100|[from] Recoil\n|move|p1a: Umbreon|Foul Play|p2a: Skarmory\n|-damage|p2a: Skarmory|43/100\n|\n|-heal|p2a: Skarmory|49/100|[from] item: Leftovers\n|-heal|p1a: Umbreon|230/297|[from] item: Leftovers\n|upkeep\n|turn|23\n|inactive|Time left: 300 sec this turn | 300 sec total\n|\n|t:|1783542212\n|move|p2a: Skarmory|Roost|p2a: Skarmory\n|-heal|p2a: Skarmory|99/100\n|-singleturn|p2a: Skarmory|move: Roost\n|move|p1a: Umbreon|Foul Play|p2a: Skarmory\n|-damage|p2a: Skarmory|75/100\n|\n|-heal|p2a: Skarmory|81/100|[from] item: Leftovers\n|-heal|p1a: Umbreon|248/297|[from] item: Leftovers\n|upkeep\n|turn|24\n|inactive|Time left: 300 sec this turn | 300 sec total\n|\n|t:|1783542213\n|move|p2a: Skarmory|Roost|p2a: Skarmory\n|-heal|p2a: Skarmory|100/100\n|-singleturn|p2a: Skarmory|move: Roost\n|move|p1a: Umbreon|Foul Play|p2a: Skarmory\n|-damage|p2a: Skarmory|76/100\n|\n|-heal|p2a: Skarmory|82/100|[from] item: Leftovers\n|-heal|p1a: Umbreon|266/297|[from] item: Leftovers\n|upkeep\n|turn|25\n|inactive|Time left: 300 sec this turn | 300 sec total\n|\n|t:|1783542214\n|move|p2a: Skarmory|Brave Bird|p1a: Umbreon\n|-damage|p1a: Umbreon|184/297\n|-damage|p2a: Skarmory|71/100|[from] Recoil\n|move|p1a: Umbreon|Foul Play|p2a: Skarmory\n|-damage|p2a: Skarmory|45/100\n|\n|-heal|p2a: Skarmory|51/100|[from] item: Leftovers\n|-heal|p1a: Umbreon|202/297|[from] item: Leftovers\n|upkeep\n|turn|26\n|inactive|Time left: 300 sec this turn | 300 sec total\n|\n|t:|1783542215\n|move|p2a: Skarmory|Brave Bird|p1a: Umbreon\n|-damage|p1a: Umbreon|111/297\n|-damage|p2a: Skarmory|38/100|[from] Recoil\n|move|p1a: Umbreon|Foul Play|p2a: Skarmory\n|-damage|p2a: Skarmory|11/100\n|\n|-heal|p2a: Skarmory|17/100|[from] item: Leftovers\n|-heal|p1a: Umbreon|129/297|[from] item: Leftovers\n|upkeep\n|turn|27\n|inactive|Time left: 300 sec this turn | 300 sec total\n|\n|t:|1783542216\n|move|p2a: Skarmory|Brave Bird|p1a: Umbreon\n|-damage|p1a: Umbreon|38/297\n|-damage|p2a: Skarmory|4/100|[from] Recoil\n|move|p1a: Umbreon|Foul Play|p2a: Skarmory\n|-damage|p2a: Skarmory|0 fnt\n|faint|p2a: Skarmory\n|\n|-heal|p1a: Umbreon|56/297|[from] item: Leftovers\n|upkeep\n|\n|t:|1783542217\n|switch|p2a: Salamence|Salamence, L77, F|100/100\n|-ability|p2a: Salamence|Intimidate|boost\n|-unboost|p1a: Umbreon|atk|1\n|turn|28\n|inactive|Time left: 300 sec this turn | 300 sec total\n|\n|t:|1783542218\n|move|p2a: Salamence|Outrage|p1a: Umbreon\n|-damage|p1a: Umbreon|0 fnt\n|faint|p1a: Umbreon\n|\n|upkeep\n|inactive|Time left: 300 sec this turn | 300 sec total | 5 sec grace\n|\n|t:|1783542218\n|switch|p1a: Delibird|Delibird, M|65/252\n|turn|29\n|inactive|Time left: 300 sec this turn | 300 sec total\n|\n|t:|1783542219\n|move|p1a: Delibird|Freeze-Dry|p2a: Salamence\n|-supereffective|p2a: Salamence\n|-damage|p2a: Salamence|0 fnt\n|faint|p2a: Salamence\n|\n|upkeep\n|\n|t:|1783542220\n|switch|p2a: Farigiraf|Farigiraf, L90, M|89/100\n|turn|30\n|inactive|Time left: 300 sec this turn | 300 sec total\n|\n|t:|1783542221\n|move|p1a: Delibird|Rapid Spin|p2a: Farigiraf\n|-damage|p2a: Farigiraf|80/100\n|-boost|p1a: Delibird|spe|1\n|-sideend|p1: p0x226dd21|Spikes|[from] move: Rapid Spin|[of] p1a: Delibird\n|-sideend|p1: p0x226dd21|Stealth Rock|[from] move: Rapid Spin|[of] p1a: Delibird\n|move|p2a: Farigiraf|Psychic Noise|p1a: Delibird\n|-damage|p1a: Delibird|0 fnt\n|faint|p1a: Delibird\n|\n|-heal|p2a: Farigiraf|86/100|[from] item: Leftovers\n|upkeep\n|inactive|Time left: 300 sec this turn | 300 sec total | 5 sec grace\n|\n|t:|1783542221\n|switch|p1a: Regigigas|Regigigas, L84|322/322\n|-start|p1a: Regigigas|ability: Slow Start\n|turn|31\n|inactive|Time left: 300 sec this turn | 300 sec total\n|\n|t:|1783542222\n|move|p2a: Farigiraf|Protect|p2a: Farigiraf\n|-singleturn|p2a: Farigiraf|Protect\n|move|p1a: Regigigas|Knock Off|p2a: Farigiraf\n|-activate|p2a: Farigiraf|move: Protect\n|\n|-heal|p2a: Farigiraf|92/100|[from] item: Leftovers\n|upkeep\n|turn|32\n|inactive|Time left: 300 sec this turn | 300 sec total\n|\n|t:|1783542223\n|move|p2a: Farigiraf|Wish|p2a: Farigiraf\n|move|p1a: Regigigas|Knock Off|p2a: Farigiraf\n|-supereffective|p2a: Farigiraf\n|-damage|p2a: Farigiraf|58/100\n|-enditem|p2a: Farigiraf|Leftovers|[from] move: Knock Off|[of] p1a: Regigigas\n|\n|upkeep\n|turn|33\n|inactive|Time left: 300 sec this turn | 300 sec total\n|\n|t:|1783542224\n|move|p2a: Farigiraf|Psychic Noise|p1a: Regigigas\n|-damage|p1a: Regigigas|240/322\n|-start|p1a: Regigigas|move: Heal Block\n|move|p1a: Regigigas|Body Slam|p2a: Farigiraf\n|-damage|p2a: Farigiraf|37/100\n|\n|-heal|p2a: Farigiraf|87/100|[from] move: Wish|[wisher] Farigiraf\n|upkeep\n|turn|34\n|inactive|Time left: 300 sec this turn | 300 sec total\n|\n|t:|1783542225\n|move|p2a: Farigiraf|Wish|p2a: Farigiraf\n|move|p1a: Regigigas|Body Slam|p2a: Farigiraf\n|-damage|p2a: Farigiraf|65/100\n|\n|-end|p1a: Regigigas|move: Heal Block\n|upkeep\n|turn|35\n|inactive|Time left: 300 sec this turn | 300 sec total\n|\n|t:|1783542226\n|move|p2a: Farigiraf|Body Slam|p1a: Regigigas\n|-damage|p1a: Regigigas|156/322\n|move|p1a: Regigigas|Body Slam|p2a: Farigiraf\n|-damage|p2a: Farigiraf|45/100\n|\n|-heal|p2a: Farigiraf|95/100|[from] move: Wish|[wisher] Farigiraf\n|-heal|p1a: Regigigas|176/322|[from] item: Leftovers\n|-end|p1a: Regigigas|Slow Start\n|upkeep\n|turn|36\n|inactive|Time left: 300 sec this turn | 300 sec total\n|\n|t:|1783542227\n|move|p1a: Regigigas|Body Slam|p2a: Farigiraf\n|-damage|p2a: Farigiraf|55/100\n|move|p2a: Farigiraf|Wish|p2a: Farigiraf\n|\n|-heal|p1a: Regigigas|196/322|[from] item: Leftovers\n|upkeep\n|turn|37\n|inactive|Time left: 300 sec this turn | 300 sec total\n|\n|t:|1783542228\n|move|p2a: Farigiraf|Protect|p2a: Farigiraf\n|-singleturn|p2a: Farigiraf|Protect\n|move|p1a: Regigigas|Body Slam|p2a: Farigiraf\n|-activate|p2a: Farigiraf|move: Protect\n|\n|-heal|p2a: Farigiraf|100/100|[from] move: Wish|[wisher] Farigiraf\n|-heal|p1a: Regigigas|216/322|[from] item: Leftovers\n|upkeep\n|turn|38\n|inactive|Time left: 300 sec this turn | 300 sec total\n|\n|t:|1783542229\n|move|p1a: Regigigas|Body Slam|p2a: Farigiraf\n|-damage|p2a: Farigiraf|58/100\n|move|p2a: Farigiraf|Wish|p2a: Farigiraf\n|\n|-heal|p1a: Regigigas|236/322|[from] item: Leftovers\n|upkeep\n|turn|39\n|inactive|Time left: 300 sec this turn | 300 sec total\n|\n|t:|1783542230\n|move|p1a: Regigigas|Body Slam|p2a: Farigiraf\n|-damage|p2a: Farigiraf|16/100\n|move|p2a: Farigiraf|Body Slam|p1a: Regigigas\n|-damage|p1a: Regigigas|157/322\n|-status|p1a: Regigigas|par\n|\n|-heal|p2a: Farigiraf|66/100|[from] move: Wish|[wisher] Farigiraf\n|-heal|p1a: Regigigas|177/322 par|[from] item: Leftovers\n|upkeep\n|turn|40\n|inactive|Time left: 300 sec this turn | 300 sec total\n|\n|t:|1783542231\n|move|p2a: Farigiraf|Wish|p2a: Farigiraf\n|move|p1a: Regigigas|Body Slam|p2a: Farigiraf\n|-crit|p2a: Farigiraf\n|-damage|p2a: Farigiraf|8/100\n|\n|-heal|p1a: Regigigas|197/322 par|[from] item: Leftovers\n|upkeep\n|turn|41\n|inactive|Time left: 300 sec this turn | 300 sec total\n|\n|t:|1783542232\n|move|p2a: Farigiraf|Protect|p2a: Farigiraf\n|-singleturn|p2a: Farigiraf|Protect\n|move|p1a: Regigigas|Body Slam|p2a: Farigiraf\n|-activate|p2a: Farigiraf|move: Protect\n|\n|-heal|p2a: Farigiraf|58/100|[from] move: Wish|[wisher] Farigiraf\n|-heal|p1a: Regigigas|217/322 par|[from] item: Leftovers\n|upkeep\n|turn|42\n|inactive|Time left: 300 sec this turn | 300 sec total\n|\n|t:|1783542234\n|move|p2a: Farigiraf|Psychic Noise|p1a: Regigigas\n|-damage|p1a: Regigigas|138/322 par\n|-start|p1a: Regigigas|move: Heal Block\n|move|p1a: Regigigas|Knock Off|p2a: Farigiraf\n|-supereffective|p2a: Farigiraf\n|-damage|p2a: Farigiraf|15/100\n|\n|upkeep\n|turn|43\n|inactive|Time left: 300 sec this turn | 300 sec total\n|\n|t:|1783542235\n|move|p2a: Farigiraf|Psychic Noise|p1a: Regigigas\n|-damage|p1a: Regigigas|53/322 par\n|move|p1a: Regigigas|Body Slam|p2a: Farigiraf\n|-damage|p2a: Farigiraf|0 fnt\n|faint|p2a: Farigiraf\n|\n|-end|p1a: Regigigas|move: Heal Block\n|upkeep\n|\n|t:|1783542236\n|switch|p2a: Trevenant|Trevenant, L89, M|100/100\n|turn|44\n|inactive|Time left: 300 sec this turn | 300 sec total\n|\n|t:|1783542237\n|move|p2a: Trevenant|Wood Hammer|p1a: Regigigas\n|-crit|p1a: Regigigas\n|-damage|p1a: Regigigas|0 fnt\n|faint|p1a: Regigigas\n|-end|p1a: Regigigas|Slow Start|[silent]\n|-damage|p2a: Trevenant|95/100|[from] Recoil\n|-damage|p2a: Trevenant|85/100|[from] item: Life Orb\n|\n|upkeep\n|inactive|Time left: 300 sec this turn | 300 sec total | 5 sec grace\n|\n|t:|1783542238\n|switch|p1a: Illumise|Illumise, L91, F|266/266\n|turn|45\n|inactive|Time left: 300 sec this turn | 300 sec total\n|\n|t:|1783542239\n|move|p1a: Illumise|Encore|p2a: Trevenant\n|-start|p2a: Trevenant|Encore\n|move|p2a: Trevenant|Wood Hammer|p1a: Illumise\n|-resisted|p1a: Illumise\n|-damage|p1a: Illumise|159/266\n|-damage|p2a: Trevenant|73/100|[from] Recoil\n|-damage|p2a: Trevenant|63/100|[from] item: Life Orb\n|\n|upkeep\n|turn|46\n|inactive|Time left: 300 sec this turn | 300 sec total\n|\n|t:|1783542240\n|switch|p2a: Arbok|Arbok, L87, M|13/100\n|-ability|p2a: Arbok|Intimidate|boost\n|-unboost|p1a: Illumise|atk|1\n|move|p1a: Illumise|Roost|p1a: Illumise\n|-heal|p1a: Illumise|266/266\n|-singleturn|p1a: Illumise|move: Roost\n|\n|-heal|p2a: Arbok|19/100|[from] item: Leftovers\n|upkeep\n|turn|47\n|inactive|Time left: 300 sec this turn | 300 sec total\n|\n|t:|1783542241\n|move|p1a: Illumise|Bug Buzz|p2a: Arbok\n|-resisted|p2a: Arbok\n|-damage|p2a: Arbok|0 fnt\n|faint|p2a: Arbok\n|\n|upkeep\n|\n|t:|1783542242\n|switch|p2a: Trevenant|Trevenant, L89, M|63/100\n|turn|48\n|inactive|Time left: 300 sec this turn | 300 sec total\n|\n|t:|1783542243\n|-terastallize|p2a: Trevenant|Fighting\n|move|p1a: Illumise|Thunder Wave|p2a: Trevenant\n|-status|p2a: Trevenant|par\n|move|p2a: Trevenant|Poltergeist|p1a: Illumise\n|-activate|p1a: Illumise|move: Poltergeist|Heavy-Duty Boots\n|-damage|p1a: Illumise|79/266\n|-damage|p2a: Trevenant|54/100 par|[from] item: Life Orb\n|\n|upkeep\n|turn|49\n|inactive|Time left: 300 sec this turn | 300 sec total\n|\n|t:|1783542244\n|move|p1a: Illumise|Roost|p1a: Illumise\n|-heal|p1a: Illumise|212/266\n|-singleturn|p1a: Illumise|move: Roost\n|cant|p2a: Trevenant|par\n|\n|upkeep\n|turn|50\n|inactive|Time left: 300 sec this turn | 300 sec total\n|\n|t:|1783542245\n|move|p1a: Illumise|Roost|p1a: Illumise\n|-heal|p1a: Illumise|266/266\n|-singleturn|p1a: Illumise|move: Roost\n|move|p2a: Trevenant|Poltergeist|p1a: Illumise\n|-activate|p1a: Illumise|move: Poltergeist|Heavy-Duty Boots\n|-damage|p1a: Illumise|63/266\n|-damage|p2a: Trevenant|44/100 par|[from] item: Life Orb\n|\n|upkeep\n|turn|51\n|inactive|Time left: 300 sec this turn | 300 sec total\n|\n|t:|1783542246\n|move|p1a: Illumise|Roost|p1a: Illumise\n|-heal|p1a: Illumise|196/266\n|-singleturn|p1a: Illumise|move: Roost\n|move|p2a: Trevenant|Poltergeist|p1a: Illumise\n|-activate|p1a: Illumise|move: Poltergeist|Heavy-Duty Boots\n|-damage|p1a: Illumise|0 fnt\n|faint|p1a: Illumise\n|-damage|p2a: Trevenant|34/100 par|[from] item: Life Orb\n|\n|win|p0y22664aa", "uploadtime": 1783542246, "views": 0, "rating": 0, "private": 0, "password": null, "_winner": "p0y22664aa", "_our_name": "p0x226dd21"}