{"id": "battle-gen9randombattle-1341", "formatid": "gen9randombattle", "format": "[Gen 9] Random Battle", "players": ["p0x134174f9", "p0y1341bb12"], "log": "|init|battle\n|title|p0x134174f9 vs. p0y1341bb12\n|j|\u2606p0x134174f9\n|j|\u2606p0y1341bb12\n|t:|1783555587\n|gametype|singles\n|player|p1|p0x134174f9|265|\n|player|p2|p0y1341bb12|265|\n|gen|9\n|tier|[Gen 9] Random Battle\n|rule|Species Clause: Limit one of each Pok\u00e9mon\n|rule|HP Percentage Mod: HP is shown in percentages\n|rule|Sleep Clause Mod: Limit one foe put to sleep\n|rule|Illusion Level Mod: Illusion disguises the Pok\u00e9mon's true level\n|\n|t:|1783555587\n|teamsize|p1|6\n|teamsize|p2|6\n|start\n|switch|p1a: Toxicroak|Toxicroak, L84, M|277/277\n|switch|p2a: Oricorio|Oricorio-Pa'u, L87, F|100/100\n|turn|1\n|inactive|Battle timer is ON: inactive players will automatically lose when time's up. (requested by p0y1341bb12)\n|inactive|Time left: 300 sec this turn | 300 sec total | 60 sec grace\n|inactive|p0x134174f9 also wants the timer to be on.\n|\n|t:|1783555588\n|switch|p1a: Bombirdier|Bombirdier, L85, F|258/258\n|move|p2a: Oricorio|Revelation Dance|p1a: Bombirdier\n|-immune|p1a: Bombirdier\n|\n|upkeep\n|turn|2\n|inactive|Time left: 300 sec this turn | 300 sec total\n|\n|t:|1783555590\n|switch|p2a: Electrode|Electrode, L92|100/100\n|move|p1a: Bombirdier|Knock Off|p2a: Electrode\n|-damage|p2a: Electrode|53/100\n|-status|p1a: Bombirdier|par|[from] ability: Static|[of] p2a: Electrode\n|-enditem|p2a: Electrode|Life Orb|[from] move: Knock Off|[of] p1a: Bombirdier\n|\n|upkeep\n|turn|3\n|inactive|Time left: 300 sec this turn | 300 sec total\n|\n|t:|1783555591\n|move|p2a: Electrode|Thunderbolt|p1a: Bombirdier\n|-supereffective|p1a: Bombirdier\n|-damage|p1a: Bombirdier|76/258 par\n|move|p1a: Bombirdier|Knock Off|p2a: Electrode\n|-damage|p2a: Electrode|22/100\n|\n|upkeep\n|turn|4\n|inactive|Time left: 300 sec this turn | 300 sec total\n|\n|t:|1783555592\n|move|p1a: Bombirdier|Sucker Punch|p2a: Electrode\n|-damage|p2a: Electrode|0 fnt\n|faint|p2a: Electrode\n|\n|upkeep\n|\n|t:|1783555593\n|switch|p2a: Minior|Minior-Blue, L79|100/100\n|-formechange|p2a: Minior|Minior-Meteor||[from] ability: Shields Down\n|turn|5\n|inactive|Time left: 300 sec this turn | 300 sec total\n|\n|t:|1783555594\n|move|p2a: Minior|Shell Smash|p2a: Minior\n|-unboost|p2a: Minior|def|1\n|-unboost|p2a: Minior|spd|1\n|-boost|p2a: Minior|atk|2\n|-boost|p2a: Minior|spa|2\n|-boost|p2a: Minior|spe|2\n|-enditem|p2a: Minior|White Herb\n|-clearnegativeboost|p2a: Minior|[silent]\n|move|p1a: Bombirdier|Brave Bird|p2a: Minior\n|-resisted|p2a: Minior\n|-damage|p2a: Minior|70/100\n|-damage|p1a: Bombirdier|53/258 par|[from] Recoil\n|\n|upkeep\n|turn|6\n|inactive|Time left: 300 sec this turn | 300 sec total\n|\n|t:|1783555595\n|move|p1a: Bombirdier|Sucker Punch|p2a: Minior\n|-damage|p2a: Minior|36/100\n|move|p2a: Minior|Acrobatics|p1a: Bombirdier\n|-damage|p1a: Bombirdier|0 fnt\n|faint|p1a: Bombirdier\n|\n|-formechange|p2a: Minior|Minior-Blue||[from] ability: Shields Down\n|upkeep\n|inactive|Time left: 300 sec this turn | 300 sec total | 5 sec grace\n|\n|t:|1783555596\n|switch|p1a: Greedent|Greedent, L86, M|347/347\n|turn|7\n|inactive|Time left: 300 sec this turn | 300 sec total\n|\n|t:|1783555597\n|move|p2a: Minior|Power Gem|p1a: Greedent\n|-damage|p1a: Greedent|190/347\n|move|p1a: Greedent|Double-Edge|p2a: Minior\n|-resisted|p2a: Minior\n|-damage|p2a: Minior|0 fnt\n|faint|p2a: Minior\n|-damage|p1a: Greedent|164/347|[from] Recoil\n|-enditem|p1a: Greedent|Sitrus Berry|[eat]\n|-heal|p1a: Greedent|250/347|[from] item: Sitrus Berry\n|-heal|p1a: Greedent|347/347|[from] ability: Cheek Pouch\n|\n|upkeep\n|\n|t:|1783555598\n|switch|p2a: Florges|Florges-Yellow, L85, F|100/100\n|turn|8\n|inactive|Time left: 300 sec this turn | 300 sec total\n|\n|t:|1783555599\n|move|p2a: Florges|Moonblast|p1a: Greedent\n|-damage|p1a: Greedent|229/347\n|move|p1a: Greedent|Swords Dance|p1a: Greedent\n|-boost|p1a: Greedent|atk|2\n|\n|upkeep\n|turn|9\n|inactive|Time left: 300 sec this turn | 300 sec total\n|\n|t:|1783555600\n|move|p2a: Florges|Moonblast|p1a: Greedent\n|-damage|p1a: Greedent|91/347\n|-unboost|p1a: Greedent|spa|1\n|move|p1a: Greedent|Double-Edge|p2a: Florges\n|-damage|p2a: Florges|0 fnt\n|faint|p2a: Florges\n|-damage|p1a: Greedent|2/347|[from] Recoil\n|\n|upkeep\n|\n|t:|1783555601\n|switch|p2a: Eternatus|Eternatus, L69|100/100\n|-ability|p2a: Eternatus|Pressure\n|turn|10\n|inactive|Time left: 300 sec this turn | 300 sec total\n|\n|t:|1783555602\n|move|p2a: Eternatus|Dynamax Cannon|p1a: Greedent\n|-damage|p1a: Greedent|0 fnt\n|faint|p1a: Greedent\n|\n|upkeep\n|inactive|Time left: 300 sec this turn | 300 sec total | 5 sec grace\n|\n|t:|1783555603\n|switch|p1a: Ribombee|Ribombee, L83, M|235/235\n|turn|11\n|inactive|Time left: 300 sec this turn | 300 sec total\n|\n|t:|1783555604\n|move|p1a: Ribombee|Quiver Dance|p1a: Ribombee\n|-boost|p1a: Ribombee|spa|1\n|-boost|p1a: Ribombee|spd|1\n|-boost|p1a: Ribombee|spe|1\n|move|p2a: Eternatus|Meteor Beam||[still]\n|-prepare|p2a: Eternatus|Meteor Beam\n|-boost|p2a: Eternatus|spa|1\n|-enditem|p2a: Eternatus|Power Herb\n|-anim|p2a: Eternatus|Meteor Beam|p1a: Ribombee\n|-supereffective|p1a: Ribombee\n|-damage|p1a: Ribombee|61/235\n|\n|upkeep\n|turn|12\n|inactive|Time left: 300 sec this turn | 300 sec total\n|\n|t:|1783555605\n|-terastallize|p1a: Ribombee|Ground\n|move|p1a: Ribombee|Tera Blast|p2a: Eternatus|[anim] Tera Blast Ground\n|-supereffective|p2a: Eternatus\n|-damage|p2a: Eternatus|12/100\n|move|p2a: Eternatus|Fire Blast|p1a: Ribombee\n|-damage|p1a: Ribombee|0 fnt\n|faint|p1a: Ribombee\n|\n|upkeep\n|inactive|Time left: 300 sec this turn | 300 sec total | 5 sec grace\n|\n|t:|1783555606\n|switch|p1a: Suicune|Suicune, L82|298/298\n|-ability|p1a: Suicune|Pressure\n|turn|13\n|inactive|Time left: 300 sec this turn | 300 sec total\n|\n|t:|1783555607\n|move|p2a: Eternatus|Sludge Bomb|p1a: Suicune\n|-damage|p1a: Suicune|184/298\n|move|p1a: Suicune|Calm Mind|p1a: Suicune\n|-boost|p1a: Suicune|spa|1\n|-boost|p1a: Suicune|spd|1\n|\n|-heal|p1a: Suicune|202/298|[from] item: Leftovers\n|upkeep\n|turn|14\n|inactive|Time left: 300 sec this turn | 300 sec total\n|\n|t:|1783555608\n|move|p2a: Eternatus|Sludge Bomb|p1a: Suicune\n|-damage|p1a: Suicune|130/298\n|move|p1a: Suicune|Scald|p2a: Eternatus\n|-resisted|p2a: Eternatus\n|-damage|p2a: Eternatus|0 fnt\n|faint|p2a: Eternatus\n|\n|-heal|p1a: Suicune|148/298|[from] item: Leftovers\n|upkeep\n|\n|t:|1783555609\n|switch|p2a: Bruxish|Bruxish, L85, M|100/100\n|turn|15\n|inactive|Time left: 300 sec this turn | 300 sec total\n|\n|t:|1783555610\n|move|p2a: Bruxish|Psychic Fangs|p1a: Suicune\n|-damage|p1a: Suicune|0 fnt\n|faint|p1a: Suicune\n|-damage|p2a: Bruxish|91/100|[from] item: Life Orb\n|\n|upkeep\n|inactive|Time left: 300 sec this turn | 300 sec total | 5 sec grace\n|\n|t:|1783555611\n|switch|p1a: Noivern|Noivern, L82, F|274/274\n|turn|16\n|inactive|Time left: 300 sec this turn | 300 sec total\n|\n|t:|1783555612\n|-terastallize|p2a: Bruxish|Psychic\n|move|p1a: Noivern|Hurricane|p2a: Bruxish\n|-damage|p2a: Bruxish|37/100\n|move|p2a: Bruxish|Psychic Fangs|p1a: Noivern\n|-damage|p1a: Noivern|0 fnt\n|faint|p1a: Noivern\n|-damage|p2a: Bruxish|27/100|[from] item: Life Orb\n|\n|upkeep\n|inactive|Time left: 300 sec this turn | 300 sec total | 5 sec grace\n|\n|t:|1783555612\n|switch|p1a: Toxicroak|Toxicroak, L84, M|277/277\n|turn|17\n|inactive|Time left: 300 sec this turn | 300 sec total\n|\n|t:|1783555613\n|move|p1a: Toxicroak|Sucker Punch|p2a: Bruxish\n|-supereffective|p2a: Bruxish\n|-damage|p2a: Bruxish|0 fnt\n|faint|p2a: Bruxish\n|-damage|p1a: Toxicroak|250/277|[from] item: Life Orb\n|\n|upkeep\n|\n|t:|1783555614\n|switch|p2a: Oricorio|Oricorio-Pa'u, L87, F|100/100\n|turn|18\n|inactive|Time left: 300 sec this turn | 300 sec total\n|\n|t:|1783555615\n|move|p2a: Oricorio|Revelation Dance|p1a: Toxicroak\n|-supereffective|p1a: Toxicroak\n|-damage|p1a: Toxicroak|0 fnt\n|faint|p1a: Toxicroak\n|\n|win|p0y1341bb12", "uploadtime": 1783555615, "views": 0, "rating": 0, "private": 0, "password": null, "_winner": "p0y1341bb12", "_our_name": "p0x134174f9"}