{"id": "battle-gen9randombattle-1834", "formatid": "gen9randombattle", "format": "[Gen 9] Random Battle", "players": ["p0x18343c3a", "p0y1834e475"], "log": "|init|battle\n|title|p0x18343c3a vs. p0y1834e475\n|j|\u2606p0x18343c3a\n|j|\u2606p0y1834e475\n|t:|1783560494\n|gametype|singles\n|player|p1|p0x18343c3a|2|\n|player|p2|p0y1834e475|169|\n|gen|9\n|tier|[Gen 9] Random Battle\n|rule|Species Clause: Limit one of each Pok\u00e9mon\n|rule|HP Percentage Mod: HP is shown in percentages\n|rule|Sleep Clause Mod: Limit one foe put to sleep\n|rule|Illusion Level Mod: Illusion disguises the Pok\u00e9mon's true level\n|\n|t:|1783560494\n|teamsize|p1|6\n|teamsize|p2|6\n|start\n|switch|p1a: Blastoise|Blastoise, L80, M|258/258\n|switch|p2a: Ariados|Ariados, L95, F|100/100\n|turn|1\n|inactive|Battle timer is ON: inactive players will automatically lose when time's up. (requested by p0y1834e475)\n|inactive|Time left: 300 sec this turn | 300 sec total | 60 sec grace\n|inactive|p0x18343c3a also wants the timer to be on.\n|\n|t:|1783560496\n|move|p1a: Blastoise|Shell Smash|p1a: Blastoise\n|-unboost|p1a: Blastoise|def|1\n|-unboost|p1a: Blastoise|spd|1\n|-boost|p1a: Blastoise|atk|2\n|-boost|p1a: Blastoise|spa|2\n|-boost|p1a: Blastoise|spe|2\n|-enditem|p1a: Blastoise|White Herb\n|-clearnegativeboost|p1a: Blastoise|[silent]\n|move|p2a: Ariados|Sticky Web|p1a: Blastoise\n|-sidestart|p1: p0x18343c3a|move: Sticky Web\n|\n|upkeep\n|turn|2\n|inactive|Time left: 300 sec this turn | 300 sec total\n|\n|t:|1783560497\n|move|p1a: Blastoise|Hydro Pump|p2a: Ariados\n|-damage|p2a: Ariados|25/100\n|move|p2a: Ariados|Poison Jab|p1a: Blastoise\n|-damage|p1a: Blastoise|167/258\n|-status|p1a: Blastoise|psn\n|\n|-damage|p1a: Blastoise|135/258 psn|[from] psn\n|upkeep\n|turn|3\n|inactive|Time left: 300 sec this turn | 300 sec total\n|\n|t:|1783560498\n|switch|p2a: Glastrier|Glastrier, L86|100/100\n|move|p1a: Blastoise|Hydro Pump|p2a: Glastrier\n|-damage|p2a: Glastrier|49/100\n|\n|-damage|p1a: Blastoise|103/258 psn|[from] psn\n|upkeep\n|turn|4\n|inactive|Time left: 300 sec this turn | 300 sec total\n|\n|t:|1783560499\n|move|p1a: Blastoise|Hydro Pump|p2a: Glastrier\n|-damage|p2a: Glastrier|1/100\n|move|p2a: Glastrier|High Horsepower|p1a: Blastoise\n|-damage|p1a: Blastoise|0 fnt\n|faint|p1a: Blastoise\n|-ability|p2a: Glastrier|Chilling Neigh|boost\n|-boost|p2a: Glastrier|atk|1\n|\n|upkeep\n|inactive|Time left: 300 sec this turn | 300 sec total | 5 sec grace\n|\n|t:|1783560500\n|switch|p1a: Delibird|Delibird, F|252/252\n|turn|5\n|inactive|Time left: 300 sec this turn | 300 sec total\n|\n|t:|1783560502\n|switch|p2a: Greedent|Greedent, L86, M|100/100\n|move|p1a: Delibird|Rapid Spin|p2a: Greedent\n|-damage|p2a: Greedent|91/100\n|-boost|p1a: Delibird|spe|1\n|-sideend|p1: p0x18343c3a|Sticky Web|[from] move: Rapid Spin|[of] p1a: Delibird\n|\n|upkeep\n|turn|6\n|inactive|Time left: 300 sec this turn | 300 sec total\n|\n|t:|1783560503\n|move|p1a: Delibird|Spikes|p2a: Greedent\n|-sidestart|p2: p0y1834e475|Spikes\n|move|p2a: Greedent|Swords Dance|p2a: Greedent\n|-boost|p2a: Greedent|atk|2\n|\n|upkeep\n|turn|7\n|inactive|Time left: 300 sec this turn | 300 sec total\n|\n|t:|1783560503\n|move|p1a: Delibird|Freeze-Dry|p2a: Greedent\n|-damage|p2a: Greedent|67/100\n|move|p2a: Greedent|Double-Edge|p1a: Delibird\n|-crit|p1a: Delibird\n|-damage|p1a: Delibird|0 fnt\n|faint|p1a: Delibird\n|-damage|p2a: Greedent|43/100|[from] Recoil\n|-enditem|p2a: Greedent|Sitrus Berry|[eat]\n|-heal|p2a: Greedent|68/100|[from] item: Sitrus Berry\n|-heal|p2a: Greedent|100/100|[from] ability: Cheek Pouch\n|\n|upkeep\n|inactive|Time left: 300 sec this turn | 300 sec total | 5 sec grace\n|\n|t:|1783560504\n|switch|p1a: Lugia|Lugia, L73|275/275\n|turn|8\n|inactive|Time left: 300 sec this turn | 300 sec total\n|\n|t:|1783560505\n|move|p1a: Lugia|Calm Mind|p1a: Lugia\n|-boost|p1a: Lugia|spa|1\n|-boost|p1a: Lugia|spd|1\n|move|p2a: Greedent|Knock Off|p1a: Lugia\n|-supereffective|p1a: Lugia\n|-damage|p1a: Lugia|145/275\n|-enditem|p1a: Lugia|Heavy-Duty Boots|[from] move: Knock Off|[of] p2a: Greedent\n|\n|upkeep\n|turn|9\n|inactive|Time left: 300 sec this turn | 300 sec total\n|\n|t:|1783560506\n|move|p1a: Lugia|Recover|p1a: Lugia\n|-heal|p1a: Lugia|275/275\n|move|p2a: Greedent|Double-Edge|p1a: Lugia\n|-damage|p1a: Lugia|167/275\n|-damage|p2a: Greedent|90/100|[from] Recoil\n|\n|upkeep\n|turn|10\n|inactive|Time left: 300 sec this turn | 300 sec total\n|\n|t:|1783560507\n|move|p1a: Lugia|Recover|p1a: Lugia\n|-heal|p1a: Lugia|275/275\n|move|p2a: Greedent|Knock Off|p1a: Lugia\n|-supereffective|p1a: Lugia\n|-damage|p1a: Lugia|190/275\n|\n|upkeep\n|turn|11\n|inactive|Time left: 300 sec this turn | 300 sec total\n|\n|t:|1783560508\n|move|p1a: Lugia|Recover|p1a: Lugia\n|-heal|p1a: Lugia|275/275\n|move|p2a: Greedent|Double-Edge|p1a: Lugia\n|-damage|p1a: Lugia|163/275\n|-damage|p2a: Greedent|79/100|[from] Recoil\n|\n|upkeep\n|turn|12\n|inactive|Time left: 300 sec this turn | 300 sec total\n|\n|t:|1783560509\n|move|p1a: Lugia|Recover|p1a: Lugia\n|-heal|p1a: Lugia|275/275\n|move|p2a: Greedent|Knock Off|p1a: Lugia\n|-supereffective|p1a: Lugia\n|-damage|p1a: Lugia|193/275\n|\n|upkeep\n|turn|13\n|inactive|Time left: 300 sec this turn | 300 sec total\n|\n|t:|1783560510\n|move|p1a: Lugia|Recover|p1a: Lugia\n|-heal|p1a: Lugia|275/275\n|move|p2a: Greedent|Double-Edge|p1a: Lugia\n|-damage|p1a: Lugia|157/275\n|-damage|p2a: Greedent|68/100|[from] Recoil\n|\n|upkeep\n|turn|14\n|inactive|Time left: 300 sec this turn | 300 sec total\n|\n|t:|1783560511\n|move|p1a: Lugia|Recover|p1a: Lugia\n|-heal|p1a: Lugia|275/275\n|move|p2a: Greedent|Double-Edge|p1a: Lugia\n|-damage|p1a: Lugia|169/275\n|-damage|p2a: Greedent|58/100|[from] Recoil\n|\n|upkeep\n|turn|15\n|inactive|Time left: 300 sec this turn | 300 sec total\n|\n|t:|1783560512\n|move|p1a: Lugia|Recover|p1a: Lugia\n|-heal|p1a: Lugia|275/275\n|move|p2a: Greedent|Double-Edge|p1a: Lugia\n|-damage|p1a: Lugia|167/275\n|-damage|p2a: Greedent|48/100|[from] Recoil\n|\n|upkeep\n|turn|16\n|inactive|Time left: 300 sec this turn | 300 sec total\n|\n|t:|1783560513\n|move|p1a: Lugia|Recover|p1a: Lugia\n|-heal|p1a: Lugia|275/275\n|move|p2a: Greedent|Knock Off|p1a: Lugia\n|-supereffective|p1a: Lugia\n|-damage|p1a: Lugia|199/275\n|\n|upkeep\n|turn|17\n|inactive|Time left: 300 sec this turn | 300 sec total\n|\n|t:|1783560514\n|move|p1a: Lugia|Aeroblast|p2a: Greedent\n|-damage|p2a: Greedent|14/100\n|move|p2a: Greedent|Double-Edge|p1a: Lugia\n|-damage|p1a: Lugia|0 fnt\n|faint|p1a: Lugia\n|-damage|p2a: Greedent|0 fnt|[from] Recoil\n|faint|p2a: Greedent\n|\n|upkeep\n|inactive|Time left: 300 sec this turn | 300 sec total | 5 sec grace\n|\n|t:|1783560515\n|switch|p1a: Donphan|Donphan, L84, M|288/288\n|switch|p2a: Volcanion|Volcanion, L79|100/100\n|-damage|p2a: Volcanion|88/100|[from] Spikes\n|turn|18\n|inactive|Time left: 300 sec this turn | 300 sec total\n|\n|t:|1783560516\n|move|p2a: Volcanion|Steam Eruption|p1a: Donphan\n|-supereffective|p1a: Donphan\n|-crit|p1a: Donphan\n|-ability|p1a: Donphan|Sturdy\n|-damage|p1a: Donphan|1/288\n|move|p1a: Donphan|Earthquake|p2a: Volcanion\n|-supereffective|p2a: Volcanion\n|-damage|p2a: Volcanion|0 fnt\n|faint|p2a: Volcanion\n|\n|-heal|p1a: Donphan|19/288|[from] item: Leftovers\n|upkeep\n|\n|t:|1783560516\n|switch|p2a: Oinkologne|Oinkologne-F, L92, F|100/100\n|-damage|p2a: Oinkologne|88/100|[from] Spikes\n|turn|19\n|inactive|Time left: 300 sec this turn | 300 sec total\n|\n|t:|1783560517\n|switch|p1a: Klefki|Klefki, L84, F|233/233\n|move|p2a: Oinkologne|Body Slam|p1a: Klefki\n|-resisted|p1a: Klefki\n|-damage|p1a: Klefki|187/233\n|\n|-heal|p1a: Klefki|201/233|[from] item: Leftovers\n|-heal|p2a: Oinkologne|94/100|[from] item: Leftovers\n|upkeep\n|turn|20\n|inactive|Time left: 300 sec this turn | 300 sec total\n|\n|t:|1783560518\n|move|p1a: Klefki|Play Rough|p2a: Oinkologne\n|-damage|p2a: Oinkologne|68/100\n|move|p2a: Oinkologne|Body Slam|p1a: Klefki\n|-resisted|p1a: Klefki\n|-damage|p1a: Klefki|156/233\n|\n|-heal|p1a: Klefki|170/233|[from] item: Leftovers\n|-heal|p2a: Oinkologne|74/100|[from] item: Leftovers\n|upkeep\n|turn|21\n|inactive|Time left: 300 sec this turn | 300 sec total\n|\n|t:|1783560519\n|move|p1a: Klefki|Play Rough|p2a: Oinkologne\n|-crit|p2a: Oinkologne\n|-damage|p2a: Oinkologne|38/100\n|move|p2a: Oinkologne|Body Slam|p1a: Klefki\n|-resisted|p1a: Klefki\n|-damage|p1a: Klefki|119/233\n|\n|-heal|p1a: Klefki|133/233|[from] item: Leftovers\n|-heal|p2a: Oinkologne|44/100|[from] item: Leftovers\n|upkeep\n|turn|22\n|inactive|Time left: 300 sec this turn | 300 sec total\n|\n|t:|1783560520\n|move|p1a: Klefki|Play Rough|p2a: Oinkologne|[miss]\n|-miss|p1a: Klefki|p2a: Oinkologne\n|move|p2a: Oinkologne|Body Slam|p1a: Klefki\n|-resisted|p1a: Klefki\n|-damage|p1a: Klefki|84/233\n|-status|p1a: Klefki|par\n|\n|-heal|p2a: Oinkologne|50/100|[from] item: Leftovers\n|-heal|p1a: Klefki|98/233 par|[from] item: Leftovers\n|upkeep\n|turn|23\n|inactive|Time left: 300 sec this turn | 300 sec total\n|\n|t:|1783560521\n|move|p1a: Klefki|Thunder Wave|p2a: Oinkologne\n|-status|p2a: Oinkologne|par\n|move|p2a: Oinkologne|Body Slam|p1a: Klefki\n|-resisted|p1a: Klefki\n|-damage|p1a: Klefki|47/233 par\n|\n|-heal|p1a: Klefki|61/233 par|[from] item: Leftovers\n|-heal|p2a: Oinkologne|56/100 par|[from] item: Leftovers\n|upkeep\n|turn|24\n|inactive|Time left: 300 sec this turn | 300 sec total\n|\n|t:|1783560522\n|move|p1a: Klefki|Play Rough|p2a: Oinkologne\n|-damage|p2a: Oinkologne|32/100 par\n|move|p2a: Oinkologne|Body Slam|p1a: Klefki\n|-resisted|p1a: Klefki\n|-damage|p1a: Klefki|9/233 par\n|\n|-heal|p1a: Klefki|23/233 par|[from] item: Leftovers\n|-heal|p2a: Oinkologne|38/100 par|[from] item: Leftovers\n|upkeep\n|turn|25\n|inactive|Time left: 300 sec this turn | 300 sec total\n|\n|t:|1783560524\n|switch|p1a: Donphan|Donphan, L84, M|19/288\n|move|p2a: Oinkologne|Rest|p2a: Oinkologne\n|-status|p2a: Oinkologne|slp|[from] move: Rest\n|-heal|p2a: Oinkologne|100/100 slp|[silent]\n|\n|-heal|p1a: Donphan|37/288|[from] item: Leftovers\n|upkeep\n|turn|26\n|inactive|Time left: 300 sec this turn | 300 sec total\n|\n|t:|1783560525\n|cant|p2a: Oinkologne|slp\n|move|p2a: Oinkologne|Sleep Talk|p2a: Oinkologne\n|move|p2a: Oinkologne|Rest||[from] move: Sleep Talk|[still]\n|-fail|p2a: Oinkologne\n|move|p1a: Donphan|Earthquake|p2a: Oinkologne\n|-damage|p2a: Oinkologne|66/100 slp\n|\n|-heal|p2a: Oinkologne|72/100 slp|[from] item: Leftovers\n|-heal|p1a: Donphan|55/288|[from] item: Leftovers\n|upkeep\n|turn|27\n|inactive|Time left: 300 sec this turn | 300 sec total\n|\n|t:|1783560526\n|cant|p2a: Oinkologne|slp\n|move|p2a: Oinkologne|Sleep Talk|p2a: Oinkologne\n|move|p2a: Oinkologne|Body Slam|p1a: Donphan|[from] move: Sleep Talk\n|-damage|p1a: Donphan|0 fnt\n|faint|p1a: Donphan\n|\n|-heal|p2a: Oinkologne|78/100 slp|[from] item: Leftovers\n|upkeep\n|inactive|Time left: 300 sec this turn | 300 sec total | 5 sec grace\n|\n|t:|1783560527\n|switch|p1a: Tauros|Tauros, L82, M|257/257\n|turn|28\n|inactive|Time left: 300 sec this turn | 300 sec total\n|\n|t:|1783560528\n|move|p1a: Tauros|Body Slam|p2a: Oinkologne\n|-damage|p2a: Oinkologne|33/100 slp\n|-curestatus|p2a: Oinkologne|slp|[msg]\n|move|p2a: Oinkologne|Body Slam|p1a: Tauros\n|-damage|p1a: Tauros|163/257\n|\n|-heal|p2a: Oinkologne|39/100|[from] item: Leftovers\n|upkeep\n|turn|29\n|inactive|Time left: 300 sec this turn | 300 sec total\n|\n|t:|1783560529\n|switch|p2a: Glastrier|Glastrier, L86|1/100\n|-damage|p2a: Glastrier|0 fnt|[from] Spikes\n|faint|p2a: Glastrier\n|move|p1a: Tauros|Body Slam|p2: Glastrier|[notarget]\n|-fail|p1a: Tauros\n|\n|upkeep\n|\n|t:|1783560529\n|switch|p2a: Amoonguss|Amoonguss, L82, F|100/100\n|-damage|p2a: Amoonguss|88/100|[from] Spikes\n|turn|30\n|inactive|Time left: 300 sec this turn | 300 sec total\n|\n|t:|1783560530\n|move|p1a: Tauros|Body Slam|p2a: Amoonguss\n|-damage|p2a: Amoonguss|32/100\n|move|p2a: Amoonguss|Spore|p1a: Tauros\n|-status|p1a: Tauros|slp|[from] move: Spore\n|\n|-heal|p2a: Amoonguss|39/100|[from] item: Leftovers\n|upkeep\n|turn|31\n|inactive|Time left: 300 sec this turn | 300 sec total\n|\n|t:|1783560531\n|cant|p1a: Tauros|slp\n|move|p2a: Amoonguss|Giga Drain|p1a: Tauros\n|-damage|p1a: Tauros|75/257 slp\n|-heal|p2a: Amoonguss|52/100|[from] drain|[of] p1a: Tauros\n|\n|-heal|p2a: Amoonguss|58/100|[from] item: Leftovers\n|upkeep\n|turn|32\n|inactive|Time left: 300 sec this turn | 300 sec total\n|\n|t:|1783560532\n|-curestatus|p1a: Tauros|slp|[msg]\n|move|p1a: Tauros|Zen Headbutt|p2a: Amoonguss\n|-supereffective|p2a: Amoonguss\n|-damage|p2a: Amoonguss|0 fnt\n|faint|p2a: Amoonguss\n|\n|upkeep\n|\n|t:|1783560533\n|switch|p2a: Ariados|Ariados, L95, F|25/100\n|-damage|p2a: Ariados|13/100|[from] Spikes\n|turn|33\n|inactive|Time left: 300 sec this turn | 300 sec total\n|\n|t:|1783560534\n|switch|p1a: Klefki|Klefki, L84, F|23/233 par\n|move|p2a: Ariados|Sucker Punch||[still]\n|-fail|p2a: Ariados\n|\n|-heal|p1a: Klefki|37/233 par|[from] item: Leftovers\n|upkeep\n|turn|34\n|inactive|Time left: 300 sec this turn | 300 sec total\n|\n|t:|1783560535\n|cant|p1a: Klefki|par\n|move|p2a: Ariados|Sticky Web|p1a: Klefki\n|-sidestart|p1: p0x18343c3a|move: Sticky Web\n|\n|-heal|p1a: Klefki|51/233 par|[from] item: Leftovers\n|upkeep\n|turn|35\n|inactive|Time left: 300 sec this turn | 300 sec total\n|\n|t:|1783560536\n|cant|p1a: Klefki|par\n|move|p2a: Ariados|Megahorn|p1a: Klefki\n|-resisted|p1a: Klefki\n|-damage|p1a: Klefki|16/233 par\n|\n|-heal|p1a: Klefki|30/233 par|[from] item: Leftovers\n|upkeep\n|turn|36\n|inactive|Time left: 300 sec this turn | 300 sec total\n|\n|t:|1783560537\n|cant|p1a: Klefki|par\n|move|p2a: Ariados|Megahorn|p1a: Klefki\n|-resisted|p1a: Klefki\n|-damage|p1a: Klefki|0 fnt\n|faint|p1a: Klefki\n|\n|upkeep\n|inactive|Time left: 300 sec this turn | 300 sec total | 5 sec grace\n|\n|t:|1783560538\n|switch|p1a: Tauros|Tauros, L82, M|75/257\n|-activate|p1a: Tauros|move: Sticky Web\n|-unboost|p1a: Tauros|spe|1\n|turn|37\n|inactive|Time left: 300 sec this turn | 300 sec total\n|\n|t:|1783560539\n|-terastallize|p2a: Ariados|Ghost\n|move|p2a: Ariados|Sucker Punch|p1a: Tauros\n|-damage|p1a: Tauros|18/257\n|move|p1a: Tauros|Zen Headbutt|p2a: Ariados\n|-crit|p2a: Ariados\n|-damage|p2a: Ariados|0 fnt\n|faint|p2a: Ariados\n|\n|upkeep\n|\n|t:|1783560540\n|switch|p2a: Oinkologne|Oinkologne-F, L92, F|39/100\n|-damage|p2a: Oinkologne|27/100|[from] Spikes\n|turn|38\n|inactive|Time left: 300 sec this turn | 300 sec total\n|\n|t:|1783560541\n|move|p2a: Oinkologne|Body Slam|p1a: Tauros\n|-damage|p1a: Tauros|0 fnt\n|faint|p1a: Tauros\n|\n|win|p0y1834e475", "uploadtime": 1783560541, "views": 0, "rating": 0, "private": 0, "password": null, "_winner": "p0y1834e475", "_our_name": "p0x18343c3a"}