{"id": "battle-gen9randombattle-2776", "formatid": "gen9randombattle", "format": "[Gen 9] Random Battle", "players": ["p0x277648d1", "p0y2776ca56"], "log": "|init|battle\n|title|p0x277648d1 vs. p0y2776ca56\n|j|\u2606p0x277648d1\n|j|\u2606p0y2776ca56\n|t:|1783571976\n|gametype|singles\n|player|p1|p0x277648d1|2|\n|player|p2|p0y2776ca56|265|\n|gen|9\n|tier|[Gen 9] Random Battle\n|rule|Species Clause: Limit one of each Pok\u00e9mon\n|rule|HP Percentage Mod: HP is shown in percentages\n|rule|Sleep Clause Mod: Limit one foe put to sleep\n|rule|Illusion Level Mod: Illusion disguises the Pok\u00e9mon's true level\n|\n|t:|1783571976\n|teamsize|p1|6\n|teamsize|p2|6\n|start\n|switch|p1a: Manaphy|Manaphy, L78|284/284\n|switch|p2a: Braviary|Braviary-Hisui, L85, M|100/100\n|turn|1\n|inactive|Battle timer is ON: inactive players will automatically lose when time's up. (requested by p0y2776ca56)\n|inactive|Time left: 300 sec this turn | 300 sec total | 60 sec grace\n|inactive|p0x277648d1 also wants the timer to be on.\n|\n|t:|1783571977\n|move|p1a: Manaphy|Tail Glow|p1a: Manaphy\n|-boost|p1a: Manaphy|spa|3\n|move|p2a: Braviary|Hurricane|p1a: Manaphy\n|-damage|p1a: Manaphy|72/284\n|\n|-heal|p1a: Manaphy|89/284|[from] item: Leftovers\n|upkeep\n|turn|2\n|inactive|Time left: 300 sec this turn | 300 sec total\n|\n|t:|1783571978\n|switch|p2a: Poliwrath|Poliwrath, L88, F|100/100\n|move|p1a: Manaphy|Ice Beam|p2a: Poliwrath\n|-resisted|p2a: Poliwrath\n|-damage|p2a: Poliwrath|78/100\n|-status|p2a: Poliwrath|frz\n|\n|-heal|p1a: Manaphy|106/284|[from] item: Leftovers\n|-heal|p2a: Poliwrath|84/100 frz|[from] item: Leftovers\n|upkeep\n|turn|3\n|inactive|Time left: 300 sec this turn | 300 sec total\n|\n|t:|1783571980\n|move|p1a: Manaphy|Energy Ball|p2a: Poliwrath\n|-supereffective|p2a: Poliwrath\n|-damage|p2a: Poliwrath|0 fnt\n|faint|p2a: Poliwrath\n|\n|-heal|p1a: Manaphy|123/284|[from] item: Leftovers\n|upkeep\n|\n|t:|1783571980\n|switch|p2a: Grafaiai|Grafaiai, L86, F|100/100\n|turn|4\n|inactive|Time left: 300 sec this turn | 300 sec total\n|\n|t:|1783571981\n|move|p2a: Grafaiai|Gunk Shot|p1a: Manaphy\n|-damage|p1a: Manaphy|0 fnt\n|faint|p1a: Manaphy\n|-damage|p2a: Grafaiai|91/100|[from] item: Life Orb\n|\n|upkeep\n|inactive|Time left: 300 sec this turn | 300 sec total | 5 sec grace\n|\n|t:|1783571982\n|switch|p1a: Conkeldurr|Conkeldurr, L80, M|299/299\n|turn|5\n|inactive|Time left: 300 sec this turn | 300 sec total\n|\n|t:|1783571983\n|move|p2a: Grafaiai|Gunk Shot|p1a: Conkeldurr\n|-damage|p1a: Conkeldurr|120/299\n|-damage|p2a: Grafaiai|81/100|[from] item: Life Orb\n|move|p1a: Conkeldurr|Knock Off|p2a: Grafaiai\n|-damage|p2a: Grafaiai|38/100\n|-enditem|p2a: Grafaiai|Life Orb|[from] move: Knock Off|[of] p1a: Conkeldurr\n|\n|-status|p1a: Conkeldurr|brn|[from] item: Flame Orb\n|upkeep\n|turn|6\n|inactive|Time left: 300 sec this turn | 300 sec total\n|\n|t:|1783571984\n|move|p1a: Conkeldurr|Mach Punch|p2a: Grafaiai\n|-damage|p2a: Grafaiai|2/100\n|move|p2a: Grafaiai|Gunk Shot|p1a: Conkeldurr\n|-damage|p1a: Conkeldurr|0 fnt\n|faint|p1a: Conkeldurr\n|\n|upkeep\n|inactive|Time left: 300 sec this turn | 300 sec total | 5 sec grace\n|\n|t:|1783571985\n|switch|p1a: Ursaluna|Ursaluna-Bloodmoon, L79, M|308/308\n|turn|7\n|inactive|Time left: 300 sec this turn | 300 sec total\n|\n|t:|1783571986\n|move|p2a: Grafaiai|Knock Off|p1a: Ursaluna\n|-damage|p1a: Ursaluna|245/308\n|-status|p1a: Ursaluna|psn|[from] ability: Poison Touch|[of] p2a: Grafaiai\n|-enditem|p1a: Ursaluna|Leftovers|[from] move: Knock Off|[of] p2a: Grafaiai\n|move|p1a: Ursaluna|Calm Mind|p1a: Ursaluna\n|-boost|p1a: Ursaluna|spa|1\n|-boost|p1a: Ursaluna|spd|1\n|\n|-damage|p1a: Ursaluna|207/308 psn|[from] psn\n|upkeep\n|turn|8\n|inactive|Time left: 300 sec this turn | 300 sec total\n|\n|t:|1783571987\n|move|p1a: Ursaluna|Vacuum Wave|p2a: Grafaiai\n|-damage|p2a: Grafaiai|0 fnt\n|faint|p2a: Grafaiai\n|\n|-damage|p1a: Ursaluna|169/308 psn|[from] psn\n|upkeep\n|\n|t:|1783571988\n|switch|p2a: Zacian|Zacian-Crowned, L64|100/100\n|-ability|p2a: Zacian|Intrepid Sword|boost\n|-boost|p2a: Zacian|atk|1\n|turn|9\n|inactive|Time left: 300 sec this turn | 300 sec total\n|\n|t:|1783571989\n|-terastallize|p1a: Ursaluna|Ghost\n|move|p2a: Zacian|Swords Dance|p2a: Zacian\n|-boost|p2a: Zacian|atk|2\n|move|p1a: Ursaluna|Moonlight|p1a: Ursaluna\n|-heal|p1a: Ursaluna|308/308 psn\n|\n|-damage|p1a: Ursaluna|270/308 psn|[from] psn\n|upkeep\n|turn|10\n|inactive|Time left: 300 sec this turn | 300 sec total\n|\n|t:|1783571990\n|move|p2a: Zacian|Swords Dance|p2a: Zacian\n|-boost|p2a: Zacian|atk|2\n|move|p1a: Ursaluna|Blood Moon|p2a: Zacian\n|-resisted|p2a: Zacian\n|-damage|p2a: Zacian|37/100\n|\n|-damage|p1a: Ursaluna|232/308 psn|[from] psn\n|upkeep\n|turn|11\n|inactive|Time left: 300 sec this turn | 300 sec total\n|\n|t:|1783571991\n|move|p1a: Ursaluna|Vacuum Wave|p2a: Zacian\n|-damage|p2a: Zacian|12/100\n|move|p2a: Zacian|Behemoth Blade|p1a: Ursaluna\n|-damage|p1a: Ursaluna|0 fnt\n|faint|p1a: Ursaluna\n|\n|upkeep\n|inactive|Time left: 300 sec this turn | 300 sec total | 5 sec grace\n|\n|t:|1783571992\n|switch|p1a: Scream Tail|Scream Tail, L84|330/330\n|turn|12\n|inactive|Time left: 300 sec this turn | 300 sec total\n|\n|t:|1783571993\n|switch|p2a: Braviary|Braviary-Hisui, L85, M|100/100\n|move|p1a: Scream Tail|Dazzling Gleam|p2a: Braviary\n|-damage|p2a: Braviary|78/100\n|\n|upkeep\n|turn|13\n|inactive|Time left: 300 sec this turn | 300 sec total\n|\n|t:|1783571994\n|move|p1a: Scream Tail|Dazzling Gleam|p2a: Braviary\n|-damage|p2a: Braviary|55/100\n|move|p2a: Braviary|Agility|p2a: Braviary\n|-boost|p2a: Braviary|spe|2\n|\n|upkeep\n|turn|14\n|inactive|Time left: 300 sec this turn | 300 sec total\n|\n|t:|1783571995\n|move|p2a: Braviary|Hurricane|p1a: Scream Tail|[miss]\n|-miss|p2a: Braviary|p1a: Scream Tail\n|move|p1a: Scream Tail|Dazzling Gleam|p2a: Braviary\n|-damage|p2a: Braviary|33/100\n|\n|upkeep\n|turn|15\n|inactive|Time left: 300 sec this turn | 300 sec total\n|\n|t:|1783571997\n|move|p2a: Braviary|Hurricane|p1a: Scream Tail\n|-damage|p1a: Scream Tail|153/330\n|move|p1a: Scream Tail|Dazzling Gleam|p2a: Braviary\n|-damage|p2a: Braviary|11/100\n|\n|-heal|p1a: Scream Tail|173/330|[from] item: Leftovers\n|upkeep\n|turn|16\n|inactive|Time left: 300 sec this turn | 300 sec total\n|\n|t:|1783571998\n|move|p2a: Braviary|Hurricane|p1a: Scream Tail\n|-damage|p1a: Scream Tail|0 fnt\n|faint|p1a: Scream Tail\n|-end|p1a: Scream Tail|Protosynthesis|[silent]\n|\n|upkeep\n|inactive|Time left: 300 sec this turn | 300 sec total | 5 sec grace\n|\n|t:|1783571999\n|switch|p1a: Braviary|Braviary-Hisui, L85, M|326/326\n|turn|17\n|inactive|Time left: 300 sec this turn | 300 sec total\n|\n|t:|1783571999\n|move|p2a: Braviary|Hurricane|p1a: Braviary\n|-damage|p1a: Braviary|71/326\n|move|p1a: Braviary|Esper Wing|p2a: Braviary\n|-resisted|p2a: Braviary\n|-damage|p2a: Braviary|0 fnt\n|-boost|p1a: Braviary|spe|1\n|faint|p2a: Braviary\n|\n|upkeep\n|\n|t:|1783572000\n|switch|p2a: Bellibolt|Bellibolt, L84, M|100/100\n|turn|18\n|inactive|Time left: 300 sec this turn | 300 sec total\n|\n|t:|1783572001\n|move|p1a: Braviary|Roost|p1a: Braviary\n|-heal|p1a: Braviary|234/326\n|-singleturn|p1a: Braviary|move: Roost\n|move|p2a: Bellibolt|Thunderbolt|p1a: Braviary\n|-damage|p1a: Braviary|114/326\n|\n|upkeep\n|turn|19\n|inactive|Time left: 300 sec this turn | 300 sec total\n|\n|t:|1783572002\n|move|p1a: Braviary|Roost|p1a: Braviary\n|-heal|p1a: Braviary|277/326\n|-singleturn|p1a: Braviary|move: Roost\n|move|p2a: Bellibolt|Thunderbolt|p1a: Braviary\n|-damage|p1a: Braviary|163/326\n|\n|upkeep\n|turn|20\n|inactive|Time left: 300 sec this turn | 300 sec total\n|\n|t:|1783572003\n|move|p1a: Braviary|Roost|p1a: Braviary\n|-heal|p1a: Braviary|326/326\n|-singleturn|p1a: Braviary|move: Roost\n|move|p2a: Bellibolt|Thunderbolt|p1a: Braviary\n|-damage|p1a: Braviary|217/326\n|\n|upkeep\n|turn|21\n|inactive|Time left: 300 sec this turn | 300 sec total\n|\n|t:|1783572004\n|move|p1a: Braviary|Roost|p1a: Braviary\n|-heal|p1a: Braviary|326/326\n|-singleturn|p1a: Braviary|move: Roost\n|move|p2a: Bellibolt|Thunderbolt|p1a: Braviary\n|-damage|p1a: Braviary|212/326\n|\n|upkeep\n|turn|22\n|inactive|Time left: 300 sec this turn | 300 sec total\n|\n|t:|1783572005\n|move|p1a: Braviary|Calm Mind|p1a: Braviary\n|-boost|p1a: Braviary|spa|1\n|-boost|p1a: Braviary|spd|1\n|move|p2a: Bellibolt|Thunderbolt|p1a: Braviary\n|-supereffective|p1a: Braviary\n|-damage|p1a: Braviary|66/326\n|\n|upkeep\n|turn|23\n|inactive|Time left: 300 sec this turn | 300 sec total\n|\n|t:|1783572006\n|move|p1a: Braviary|Roost|p1a: Braviary\n|-heal|p1a: Braviary|229/326\n|-singleturn|p1a: Braviary|move: Roost\n|move|p2a: Bellibolt|Toxic|p1a: Braviary\n|-status|p1a: Braviary|tox\n|\n|-damage|p1a: Braviary|209/326 tox|[from] psn\n|upkeep\n|turn|24\n|inactive|Time left: 300 sec this turn | 300 sec total\n|\n|t:|1783572007\n|move|p1a: Braviary|Roost|p1a: Braviary\n|-heal|p1a: Braviary|326/326 tox\n|-singleturn|p1a: Braviary|move: Roost\n|move|p2a: Bellibolt|Thunderbolt|p1a: Braviary\n|-damage|p1a: Braviary|245/326 tox\n|\n|-damage|p1a: Braviary|205/326 tox|[from] psn\n|upkeep\n|turn|25\n|inactive|Time left: 300 sec this turn | 300 sec total\n|\n|t:|1783572009\n|move|p1a: Braviary|Roost|p1a: Braviary\n|-heal|p1a: Braviary|326/326 tox\n|-singleturn|p1a: Braviary|move: Roost\n|move|p2a: Bellibolt|Thunderbolt|p1a: Braviary\n|-damage|p1a: Braviary|247/326 tox\n|\n|-damage|p1a: Braviary|187/326 tox|[from] psn\n|upkeep\n|turn|26\n|inactive|Time left: 300 sec this turn | 300 sec total\n|\n|t:|1783572009\n|move|p1a: Braviary|Hurricane|p2a: Bellibolt\n|-resisted|p2a: Bellibolt\n|-crit|p2a: Bellibolt\n|-damage|p2a: Bellibolt|8/100\n|-start|p2a: Bellibolt|Charge|Hurricane|[from] ability: Electromorphosis\n|move|p2a: Bellibolt|Thunderbolt|p1a: Braviary\n|-supereffective|p1a: Braviary\n|-damage|p1a: Braviary|0 fnt\n|faint|p1a: Braviary\n|-end|p2a: Bellibolt|Charge|[silent]\n|\n|-heal|p2a: Bellibolt|14/100|[from] item: Leftovers\n|upkeep\n|inactive|Time left: 300 sec this turn | 300 sec total | 5 sec grace\n|\n|t:|1783572010\n|switch|p1a: Brute Bonnet|Brute Bonnet, L80|309/309\n|turn|27\n|inactive|Time left: 300 sec this turn | 300 sec total\n|\n|t:|1783572011\n|switch|p2a: Tropius|Tropius, L91, M|100/100\n|move|p1a: Brute Bonnet|Crunch|p2a: Tropius\n|-damage|p2a: Tropius|70/100\n|-unboost|p2a: Tropius|def|1\n|\n|upkeep\n|turn|28\n|inactive|Time left: 300 sec this turn | 300 sec total\n|\n|t:|1783572012\n|move|p2a: Tropius|Air Slash|p1a: Brute Bonnet\n|-supereffective|p1a: Brute Bonnet\n|-damage|p1a: Brute Bonnet|165/309\n|move|p1a: Brute Bonnet|Crunch|p2a: Tropius\n|-damage|p2a: Tropius|26/100\n|-enditem|p2a: Tropius|Sitrus Berry|[eat]\n|-heal|p2a: Tropius|51/100|[from] item: Sitrus Berry\n|\n|-heal|p1a: Brute Bonnet|184/309|[from] item: Leftovers\n|-item|p2a: Tropius|Sitrus Berry|[from] ability: Harvest\n|upkeep\n|turn|29\n|inactive|Time left: 300 sec this turn | 300 sec total\n|\n|t:|1783572013\n|move|p2a: Tropius|Air Slash|p1a: Brute Bonnet\n|-supereffective|p1a: Brute Bonnet\n|-damage|p1a: Brute Bonnet|50/309\n|move|p1a: Brute Bonnet|Crunch|p2a: Tropius\n|-damage|p2a: Tropius|9/100\n|-enditem|p2a: Tropius|Sitrus Berry|[eat]\n|-heal|p2a: Tropius|34/100|[from] item: Sitrus Berry\n|\n|-heal|p1a: Brute Bonnet|69/309|[from] item: Leftovers\n|upkeep\n|turn|30\n|inactive|Time left: 300 sec this turn | 300 sec total\n|\n|t:|1783572014\n|move|p1a: Brute Bonnet|Sucker Punch||[still]\n|-fail|p1a: Brute Bonnet\n|move|p2a: Tropius|Substitute|p2a: Tropius\n|-start|p2a: Tropius|Substitute\n|-damage|p2a: Tropius|9/100\n|\n|-heal|p1a: Brute Bonnet|88/309|[from] item: Leftovers\n|upkeep\n|turn|31\n|inactive|Time left: 300 sec this turn | 300 sec total\n|\n|t:|1783572014\n|-terastallize|p2a: Tropius|Steel\n|move|p2a: Tropius|Air Slash|p1a: Brute Bonnet\n|-supereffective|p1a: Brute Bonnet\n|-damage|p1a: Brute Bonnet|0 fnt\n|faint|p1a: Brute Bonnet\n|-end|p1a: Brute Bonnet|Protosynthesis|[silent]\n|\n|win|p0y2776ca56", "uploadtime": 1783572014, "views": 0, "rating": 0, "private": 0, "password": null, "_winner": "p0y2776ca56", "_our_name": "p0x277648d1"}