{"id": "battle-gen9randombattle-1213", "formatid": "gen9randombattle", "format": "[Gen 9] Random Battle", "players": ["p0x12135d32", "p0y12130e39"], "log": "|init|battle\n|title|p0x12135d32 vs. p0y12130e39\n|j|\u2606p0x12135d32\n|j|\u2606p0y12130e39\n|t:|1783554044\n|gametype|singles\n|player|p1|p0x12135d32|102|\n|player|p2|p0y12130e39|266|\n|gen|9\n|tier|[Gen 9] Random Battle\n|rule|Species Clause: Limit one of each Pok\u00e9mon\n|rule|HP Percentage Mod: HP is shown in percentages\n|rule|Sleep Clause Mod: Limit one foe put to sleep\n|rule|Illusion Level Mod: Illusion disguises the Pok\u00e9mon's true level\n|\n|t:|1783554044\n|teamsize|p1|6\n|teamsize|p2|6\n|start\n|switch|p1a: Sceptile|Sceptile, L87, M|100/100\n|switch|p2a: Gyarados|Gyarados, L79, M|280/280\n|-ability|p2a: Gyarados|Intimidate|boost\n|-unboost|p1a: Sceptile|atk|1\n|turn|1\n|inactive|Battle timer is ON: inactive players will automatically lose when time's up. (requested by p0x12135d32)\n|inactive|Time left: 300 sec this turn | 300 sec total | 60 sec grace\n|\n|t:|1783554045\n|move|p1a: Sceptile|Swords Dance|p1a: Sceptile\n|-boost|p1a: Sceptile|atk|2\n|move|p2a: Gyarados|Dragon Dance|p2a: Gyarados\n|-boost|p2a: Gyarados|atk|1\n|-boost|p2a: Gyarados|spe|1\n|\n|upkeep\n|turn|2\n|inactive|Time left: 300 sec this turn | 300 sec total\n|inactive|p0y12130e39 also wants the timer to be on.\n|\n|t:|1783554047\n|move|p2a: Gyarados|Stone Edge|p1a: Sceptile\n|-damage|p1a: Sceptile|47/100\n|move|p1a: Sceptile|Leaf Blade|p2a: Gyarados\n|-damage|p2a: Gyarados|73/280\n|-damage|p1a: Sceptile|38/100|[from] item: Life Orb\n|\n|upkeep\n|turn|3\n|inactive|Time left: 300 sec this turn | 300 sec total\n|\n|t:|1783554048\n|move|p2a: Gyarados|Stone Edge|p1a: Sceptile\n|-damage|p1a: Sceptile|0 fnt\n|faint|p1a: Sceptile\n|\n|upkeep\n|\n|t:|1783554049\n|switch|p1a: Quaquaval|Quaquaval, L79, M|100/100\n|turn|4\n|inactive|Time left: 300 sec this turn | 300 sec total\n|\n|t:|1783554050\n|move|p2a: Gyarados|Waterfall|p1a: Quaquaval\n|-resisted|p1a: Quaquaval\n|-damage|p1a: Quaquaval|69/100\n|move|p1a: Quaquaval|Aqua Step|p2a: Gyarados\n|-resisted|p2a: Gyarados\n|-damage|p2a: Gyarados|4/280\n|-boost|p1a: Quaquaval|spe|1\n|-damage|p1a: Quaquaval|59/100|[from] item: Life Orb\n|\n|upkeep\n|turn|5\n|inactive|Time left: 300 sec this turn | 300 sec total\n|\n|t:|1783554051\n|move|p1a: Quaquaval|Knock Off|p2a: Gyarados\n|-damage|p2a: Gyarados|0 fnt\n|-enditem|p2a: Gyarados|Heavy-Duty Boots|[from] move: Knock Off|[of] p1a: Quaquaval\n|faint|p2a: Gyarados\n|-ability|p1a: Quaquaval|Moxie|boost\n|-boost|p1a: Quaquaval|atk|1\n|-damage|p1a: Quaquaval|49/100|[from] item: Life Orb\n|\n|upkeep\n|inactive|Time left: 300 sec this turn | 300 sec total | 5 sec grace\n|\n|t:|1783554052\n|switch|p2a: Heracross|Heracross, L80, M|259/259\n|turn|6\n|inactive|Time left: 300 sec this turn | 300 sec total\n|\n|t:|1783554053\n|move|p1a: Quaquaval|Aqua Step|p2a: Heracross\n|-damage|p2a: Heracross|67/259\n|-boost|p1a: Quaquaval|spe|1\n|-damage|p1a: Quaquaval|39/100|[from] item: Life Orb\n|move|p2a: Heracross|Earthquake|p1a: Quaquaval\n|-damage|p1a: Quaquaval|0 fnt\n|faint|p1a: Quaquaval\n|-ability|p2a: Heracross|Moxie|boost\n|-boost|p2a: Heracross|atk|1\n|\n|upkeep\n|\n|t:|1783554054\n|switch|p1a: Spidops|Spidops, L96, F|100/100\n|turn|7\n|inactive|Time left: 300 sec this turn | 300 sec total\n|\n|t:|1783554055\n|move|p2a: Heracross|Earthquake|p1a: Spidops\n|-resisted|p1a: Spidops\n|-damage|p1a: Spidops|71/100\n|move|p1a: Spidops|Sticky Web|p2a: Heracross\n|-sidestart|p2: p0y12130e39|move: Sticky Web\n|\n|upkeep\n|turn|8\n|inactive|Time left: 300 sec this turn | 300 sec total\n|\n|t:|1783554056\n|move|p2a: Heracross|Earthquake|p1a: Spidops\n|-resisted|p1a: Spidops\n|-damage|p1a: Spidops|46/100\n|move|p1a: Spidops|Knock Off|p2a: Heracross\n|-resisted|p2a: Heracross\n|-damage|p2a: Heracross|24/259\n|-enditem|p2a: Heracross|Choice Band|[from] move: Knock Off|[of] p1a: Spidops\n|\n|upkeep\n|turn|9\n|inactive|Time left: 300 sec this turn | 300 sec total\n|\n|t:|1783554057\n|move|p2a: Heracross|Megahorn|p1a: Spidops\n|-damage|p1a: Spidops|0 fnt\n|faint|p1a: Spidops\n|-ability|p2a: Heracross|Moxie|boost\n|-boost|p2a: Heracross|atk|1\n|\n|upkeep\n|\n|t:|1783554058\n|switch|p1a: Espeon|Espeon, L84, M|100/100\n|turn|10\n|inactive|Time left: 300 sec this turn | 300 sec total\n|\n|t:|1783554059\n|move|p1a: Espeon|Psyshock|p2a: Heracross\n|-supereffective|p2a: Heracross\n|-damage|p2a: Heracross|0 fnt\n|faint|p2a: Heracross\n|-damage|p1a: Espeon|91/100|[from] item: Life Orb\n|\n|upkeep\n|inactive|Time left: 300 sec this turn | 300 sec total | 5 sec grace\n|\n|t:|1783554060\n|switch|p2a: Girafarig|Girafarig, L89, F|269/269\n|-activate|p2a: Girafarig|move: Sticky Web\n|-unboost|p2a: Girafarig|spe|1\n|turn|11\n|inactive|Time left: 300 sec this turn | 300 sec total\n|\n|t:|1783554061\n|move|p1a: Espeon|Alluring Voice|p2a: Girafarig\n|-damage|p2a: Girafarig|194/269\n|-damage|p1a: Espeon|81/100|[from] item: Life Orb\n|move|p2a: Girafarig|Nasty Plot|p2a: Girafarig\n|-boost|p2a: Girafarig|spa|2\n|\n|upkeep\n|turn|12\n|inactive|Time left: 300 sec this turn | 300 sec total\n|\n|t:|1783554062\n|move|p1a: Espeon|Morning Sun|p1a: Espeon\n|-heal|p1a: Espeon|100/100\n|move|p2a: Girafarig|Hyper Voice|p1a: Espeon\n|-damage|p1a: Espeon|25/100\n|\n|upkeep\n|turn|13\n|inactive|Time left: 300 sec this turn | 300 sec total\n|\n|t:|1783554063\n|move|p1a: Espeon|Alluring Voice|p2a: Girafarig\n|-damage|p2a: Girafarig|116/269\n|-damage|p1a: Espeon|15/100|[from] item: Life Orb\n|move|p2a: Girafarig|Psyshock|p1a: Espeon\n|-resisted|p1a: Espeon\n|-damage|p1a: Espeon|0 fnt\n|faint|p1a: Espeon\n|\n|upkeep\n|\n|t:|1783554064\n|switch|p1a: Palkia|Palkia-Origin, L72|100/100\n|-ability|p1a: Palkia|Pressure\n|turn|14\n|inactive|Time left: 300 sec this turn | 300 sec total\n|\n|t:|1783554065\n|move|p1a: Palkia|Hydro Pump|p2a: Girafarig\n|-damage|p2a: Girafarig|0 fnt\n|faint|p2a: Girafarig\n|\n|upkeep\n|inactive|Time left: 300 sec this turn | 300 sec total | 5 sec grace\n|\n|t:|1783554066\n|switch|p2a: Clodsire|Clodsire, L81, F|343/343\n|-activate|p2a: Clodsire|move: Sticky Web\n|-unboost|p2a: Clodsire|spe|1\n|turn|15\n|inactive|Time left: 300 sec this turn | 300 sec total\n|\n|t:|1783554067\n|move|p1a: Palkia|Hydro Pump|p2a: Clodsire|[miss]\n|-miss|p1a: Palkia|p2a: Clodsire\n|move|p2a: Clodsire|Earthquake|p1a: Palkia\n|-damage|p1a: Palkia|65/100\n|\n|upkeep\n|turn|16\n|inactive|Time left: 300 sec this turn | 300 sec total\n|\n|t:|1783554068\n|move|p1a: Palkia|Fire Blast|p2a: Clodsire\n|-damage|p2a: Clodsire|261/343\n|-status|p2a: Clodsire|brn\n|move|p2a: Clodsire|Gunk Shot|p1a: Palkia\n|-damage|p1a: Palkia|46/100\n|\n|-heal|p2a: Clodsire|282/343 brn|[from] item: Leftovers\n|-damage|p2a: Clodsire|261/343 brn|[from] brn\n|upkeep\n|turn|17\n|inactive|Time left: 300 sec this turn | 300 sec total\n|\n|t:|1783554070\n|move|p1a: Palkia|Hydro Pump|p2a: Clodsire\n|-supereffective|p2a: Clodsire\n|-damage|p2a: Clodsire|0 fnt\n|faint|p2a: Clodsire\n|\n|upkeep\n|inactive|Time left: 300 sec this turn | 300 sec total | 5 sec grace\n|\n|t:|1783554071\n|switch|p2a: Phione|Phione, L91|293/293\n|-activate|p2a: Phione|move: Sticky Web\n|-unboost|p2a: Phione|spe|1\n|turn|18\n|inactive|Time left: 300 sec this turn | 300 sec total\n|\n|t:|1783554072\n|move|p1a: Palkia|Thunder Wave|p2a: Phione\n|-status|p2a: Phione|par\n|move|p2a: Phione|Scald|p1a: Palkia\n|-resisted|p1a: Palkia\n|-damage|p1a: Palkia|38/100\n|\n|upkeep\n|turn|19\n|inactive|Time left: 300 sec this turn | 300 sec total\n|\n|t:|1783554072\n|move|p1a: Palkia|Fire Blast|p2a: Phione\n|-resisted|p2a: Phione\n|-damage|p2a: Phione|255/293 par\n|move|p2a: Phione|Scald|p1a: Palkia\n|-resisted|p1a: Palkia\n|-damage|p1a: Palkia|31/100\n|-status|p1a: Palkia|brn\n|\n|-heal|p2a: Phione|273/293 par|[from] item: Leftovers\n|-damage|p1a: Palkia|25/100 brn|[from] brn\n|upkeep\n|turn|20\n|inactive|Time left: 300 sec this turn | 300 sec total\n|\n|t:|1783554073\n|move|p1a: Palkia|Draco Meteor|p2a: Phione\n|-damage|p2a: Phione|99/293 par\n|-unboost|p1a: Palkia|spa|2\n|cant|p2a: Phione|par\n|\n|-heal|p2a: Phione|117/293 par|[from] item: Leftovers\n|-damage|p1a: Palkia|19/100 brn|[from] brn\n|upkeep\n|turn|21\n|inactive|Time left: 300 sec this turn | 300 sec total\n|\n|t:|1783554075\n|switch|p1a: Klefki|Klefki, L84, M|100/100\n|move|p2a: Phione|Rest|p2a: Phione\n|-status|p2a: Phione|slp|[from] move: Rest\n|-heal|p2a: Phione|293/293 slp|[silent]\n|\n|upkeep\n|turn|22\n|inactive|Time left: 300 sec this turn | 300 sec total\n|\n|t:|1783554076\n|switch|p2a: Magcargo|Magcargo, L95, F|268/268\n|move|p1a: Klefki|Play Rough|p2a: Magcargo\n|-resisted|p2a: Magcargo\n|-damage|p2a: Magcargo|241/268\n|\n|upkeep\n|turn|23\n|inactive|Time left: 300 sec this turn | 300 sec total\n|\n|t:|1783554077\n|move|p1a: Klefki|Thunder Wave|p2a: Magcargo\n|-status|p2a: Magcargo|par\n|move|p2a: Magcargo|Lava Plume|p1a: Klefki\n|-supereffective|p1a: Klefki\n|-damage|p1a: Klefki|5/100\n|-status|p1a: Klefki|brn\n|\n|-heal|p1a: Klefki|11/100 brn|[from] item: Leftovers\n|-damage|p1a: Klefki|5/100 brn|[from] brn\n|upkeep\n|turn|24\n|inactive|Time left: 300 sec this turn | 300 sec total\n|\n|t:|1783554078\n|switch|p1a: Palkia|Palkia-Origin, L72|19/100 brn\n|-ability|p1a: Palkia|Pressure\n|move|p2a: Magcargo|Stealth Rock|p1a: Palkia\n|-sidestart|p1: p0x12135d32|move: Stealth Rock\n|\n|-damage|p1a: Palkia|13/100 brn|[from] brn\n|upkeep\n|turn|25\n|inactive|Time left: 300 sec this turn | 300 sec total\n|\n|t:|1783554079\n|-terastallize|p2a: Magcargo|Grass\n|move|p1a: Palkia|Hydro Pump|p2a: Magcargo\n|-resisted|p2a: Magcargo\n|-damage|p2a: Magcargo|175/268 par\n|cant|p2a: Magcargo|par\n|\n|-damage|p1a: Palkia|7/100 brn|[from] brn\n|upkeep\n|turn|26\n|inactive|Time left: 300 sec this turn | 300 sec total\n|\n|t:|1783554080\n|-terastallize|p1a: Palkia|Water\n|move|p1a: Palkia|Thunder Wave|p2a: Magcargo|[miss]\n|-miss|p1a: Palkia|p2a: Magcargo\n|move|p2a: Magcargo|Lava Plume|p1a: Palkia\n|-resisted|p1a: Palkia\n|-damage|p1a: Palkia|0 fnt\n|faint|p1a: Palkia\n|\n|upkeep\n|\n|t:|1783554081\n|switch|p1a: Klefki|Klefki, L84, M|5/100 brn\n|-damage|p1a: Klefki|0 fnt|[from] Stealth Rock\n|faint|p1a: Klefki\n|\n|win|p0y12130e39", "uploadtime": 1783554081, "views": 0, "rating": 0, "private": 0, "password": null, "_winner": "p0y12130e39", "_our_name": "p0y12130e39"}