{"id": "battle-gen9randombattle-1745", "formatid": "gen9randombattle", "format": "[Gen 9] Random Battle", "players": ["p0x174562ed", "p0y1745790f"], "log": "|init|battle\n|title|p0x174562ed vs. p0y1745790f\n|j|\u2606p0x174562ed\n|j|\u2606p0y1745790f\n|t:|1783559438\n|gametype|singles\n|player|p1|p0x174562ed|1|\n|player|p2|p0y1745790f|265|\n|gen|9\n|tier|[Gen 9] Random Battle\n|rule|Species Clause: Limit one of each Pok\u00e9mon\n|rule|HP Percentage Mod: HP is shown in percentages\n|rule|Sleep Clause Mod: Limit one foe put to sleep\n|rule|Illusion Level Mod: Illusion disguises the Pok\u00e9mon's true level\n|\n|t:|1783559438\n|teamsize|p1|6\n|teamsize|p2|6\n|start\n|switch|p1a: Hatterene|Hatterene, L85, F|100/100\n|switch|p2a: Lugia|Lugia, L73|275/275\n|turn|1\n|inactive|Battle timer is ON: inactive players will automatically lose when time's up. (requested by p0x174562ed)\n|inactive|Time left: 300 sec this turn | 300 sec total | 60 sec grace\n|inactive|p0y1745790f also wants the timer to be on.\n|\n|t:|1783559440\n|move|p2a: Lugia|Calm Mind|p2a: Lugia\n|-boost|p2a: Lugia|spa|1\n|-boost|p2a: Lugia|spd|1\n|move|p1a: Hatterene|Mystical Fire|p2a: Lugia\n|-damage|p2a: Lugia|257/275\n|-unboost|p2a: Lugia|spa|1\n|\n|upkeep\n|turn|2\n|inactive|Time left: 300 sec this turn | 300 sec total\n|\n|t:|1783559441\n|move|p2a: Lugia|Calm Mind|p2a: Lugia\n|-boost|p2a: Lugia|spa|1\n|-boost|p2a: Lugia|spd|1\n|move|p1a: Hatterene|Nuzzle|p2a: Lugia\n|-supereffective|p2a: Lugia\n|-damage|p2a: Lugia|233/275\n|-status|p2a: Lugia|par\n|\n|upkeep\n|turn|3\n|inactive|Time left: 300 sec this turn | 300 sec total\n|\n|t:|1783559442\n|cant|p2a: Lugia|par\n|move|p1a: Hatterene|Mystical Fire|p2a: Lugia\n|-damage|p2a: Lugia|205/275 par\n|-unboost|p2a: Lugia|spa|1\n|\n|upkeep\n|turn|4\n|inactive|Time left: 300 sec this turn | 300 sec total\n|\n|t:|1783559443\n|cant|p2a: Lugia|par\n|move|p1a: Hatterene|Mystical Fire|p2a: Lugia\n|-damage|p2a: Lugia|176/275 par\n|-unboost|p2a: Lugia|spa|1\n|\n|upkeep\n|turn|5\n|inactive|Time left: 300 sec this turn | 300 sec total\n|\n|t:|1783559444\n|move|p2a: Lugia|Recover|p2a: Lugia\n|-heal|p2a: Lugia|275/275 par\n|move|p1a: Hatterene|Mystical Fire|p2a: Lugia\n|-damage|p2a: Lugia|262/275 par\n|-unboost|p2a: Lugia|spa|1\n|\n|upkeep\n|turn|6\n|inactive|Time left: 300 sec this turn | 300 sec total\n|\n|t:|1783559445\n|move|p2a: Lugia|Calm Mind|p2a: Lugia\n|-boost|p2a: Lugia|spa|1\n|-boost|p2a: Lugia|spd|1\n|move|p1a: Hatterene|Mystical Fire|p2a: Lugia\n|-damage|p2a: Lugia|239/275 par\n|-unboost|p2a: Lugia|spa|1\n|\n|upkeep\n|turn|7\n|inactive|Time left: 300 sec this turn | 300 sec total\n|\n|t:|1783559446\n|cant|p2a: Lugia|par\n|move|p1a: Hatterene|Mystical Fire|p2a: Lugia\n|-damage|p2a: Lugia|217/275 par\n|-unboost|p2a: Lugia|spa|1\n|\n|upkeep\n|turn|8\n|inactive|Time left: 300 sec this turn | 300 sec total\n|\n|t:|1783559448\n|switch|p1a: Blaziken|Blaziken, L76, F|100/100\n|move|p2a: Lugia|Calm Mind|p2a: Lugia\n|-boost|p2a: Lugia|spa|1\n|-boost|p2a: Lugia|spd|1\n|\n|upkeep\n|turn|9\n|inactive|Time left: 300 sec this turn | 300 sec total\n|\n|t:|1783559449\n|move|p1a: Blaziken|Swords Dance|p1a: Blaziken\n|-boost|p1a: Blaziken|atk|2\n|move|p2a: Lugia|Aeroblast|p1a: Blaziken\n|-supereffective|p1a: Blaziken\n|-damage|p1a: Blaziken|62/100\n|\n|-ability|p1a: Blaziken|Speed Boost|boost\n|-boost|p1a: Blaziken|spe|1\n|upkeep\n|turn|10\n|inactive|Time left: 300 sec this turn | 300 sec total\n|\n|t:|1783559450\n|move|p1a: Blaziken|Stone Edge|p2a: Lugia\n|-supereffective|p2a: Lugia\n|-damage|p2a: Lugia|0 fnt\n|faint|p2a: Lugia\n|-damage|p1a: Blaziken|52/100|[from] item: Life Orb\n|\n|-ability|p1a: Blaziken|Speed Boost|boost\n|-boost|p1a: Blaziken|spe|1\n|upkeep\n|inactive|Time left: 300 sec this turn | 300 sec total | 5 sec grace\n|\n|t:|1783559451\n|switch|p2a: Cyclizar|Cyclizar, L84, F|255/255\n|turn|11\n|inactive|Time left: 300 sec this turn | 300 sec total\n|\n|t:|1783559452\n|-terastallize|p2a: Cyclizar|Ghost\n|move|p1a: Blaziken|Close Combat|p2a: Cyclizar\n|-immune|p2a: Cyclizar\n|move|p2a: Cyclizar|Draco Meteor|p1a: Blaziken\n|-damage|p1a: Blaziken|0 fnt\n|-unboost|p2a: Cyclizar|spa|2\n|faint|p1a: Blaziken\n|\n|upkeep\n|\n|t:|1783559453\n|switch|p1a: Great Tusk|Great Tusk, L77|100/100\n|-enditem|p1a: Great Tusk|Booster Energy\n|-activate|p1a: Great Tusk|ability: Protosynthesis|[fromitem]\n|-start|p1a: Great Tusk|protosynthesisatk\n|turn|12\n|inactive|Time left: 300 sec this turn | 300 sec total\n|\n|t:|1783559454\n|move|p2a: Cyclizar|Shed Tail|p2a: Cyclizar\n|-start|p2a: Cyclizar|Substitute|[from] move: Shed Tail\n|-damage|p2a: Cyclizar|127/255\n|inactive|Time left: 300 sec this turn | 300 sec total | 5 sec grace\n|\n|t:|1783559455\n|switch|p2a: Vikavolt|Vikavolt, L83, M|263/263|[from] Shed Tail\n|move|p1a: Great Tusk|Earthquake|p2a: Vikavolt\n|-immune|p2a: Vikavolt|[from] ability: Levitate\n|\n|upkeep\n|turn|13\n|inactive|Time left: 300 sec this turn | 300 sec total\n|\n|t:|1783559456\n|-end|p1a: Great Tusk|Protosynthesis|[silent]\n|switch|p1a: Hatterene|Hatterene, L85, F|100/100\n|move|p2a: Vikavolt|Energy Ball|p1a: Hatterene\n|-damage|p1a: Hatterene|78/100\n|\n|upkeep\n|turn|14\n|inactive|Time left: 300 sec this turn | 300 sec total\n|\n|t:|1783559457\n|move|p2a: Vikavolt|Discharge|p1a: Hatterene\n|-damage|p1a: Hatterene|50/100\n|move|p1a: Hatterene|Draining Kiss|p2a: Vikavolt\n|-end|p2a: Vikavolt|Substitute\n|-heal|p1a: Hatterene|71/100|[from] drain|[of] p2a: Vikavolt\n|\n|upkeep\n|turn|15\n|inactive|Time left: 300 sec this turn | 300 sec total\n|\n|t:|1783559458\n|move|p2a: Vikavolt|Discharge|p1a: Hatterene\n|-damage|p1a: Hatterene|44/100\n|move|p1a: Hatterene|Mystical Fire|p2a: Vikavolt\n|-supereffective|p2a: Vikavolt\n|-damage|p2a: Vikavolt|99/263\n|-unboost|p2a: Vikavolt|spa|1\n|\n|upkeep\n|turn|16\n|inactive|Time left: 300 sec this turn | 300 sec total\n|\n|t:|1783559459\n|switch|p2a: Frosmoth|Frosmoth, L82, M|249/249\n|move|p1a: Hatterene|Draining Kiss|p2a: Frosmoth\n|-damage|p2a: Frosmoth|213/249\n|-heal|p1a: Hatterene|56/100|[from] drain|[of] p2a: Frosmoth\n|\n|upkeep\n|turn|17\n|inactive|Time left: 300 sec this turn | 300 sec total\n|\n|t:|1783559461\n|move|p2a: Frosmoth|Quiver Dance|p2a: Frosmoth\n|-boost|p2a: Frosmoth|spa|1\n|-boost|p2a: Frosmoth|spd|1\n|-boost|p2a: Frosmoth|spe|1\n|move|p1a: Hatterene|Mystical Fire|p2a: Frosmoth\n|-supereffective|p2a: Frosmoth\n|-damage|p2a: Frosmoth|111/249\n|-unboost|p2a: Frosmoth|spa|1\n|\n|upkeep\n|turn|18\n|inactive|Time left: 300 sec this turn | 300 sec total\n|\n|t:|1783559462\n|move|p2a: Frosmoth|Ice Beam|p1a: Hatterene\n|-damage|p1a: Hatterene|29/100\n|move|p1a: Hatterene|Mystical Fire|p2a: Frosmoth\n|-supereffective|p2a: Frosmoth\n|-crit|p2a: Frosmoth\n|-damage|p2a: Frosmoth|0 fnt\n|faint|p2a: Frosmoth\n|\n|upkeep\n|inactive|Time left: 300 sec this turn | 300 sec total | 5 sec grace\n|\n|t:|1783559463\n|switch|p2a: Porygon-Z|Porygon-Z, L83|277/277\n|turn|19\n|inactive|Time left: 300 sec this turn | 300 sec total\n|\n|t:|1783559464\n|switch|p1a: Palossand|Palossand, L89, F|100/100\n|move|p2a: Porygon-Z|Tera Blast|p1a: Palossand\n|-immune|p1a: Palossand\n|\n|upkeep\n|turn|20\n|inactive|Time left: 300 sec this turn | 300 sec total\n|\n|t:|1783559465\n|move|p2a: Porygon-Z|Nasty Plot|p2a: Porygon-Z\n|-boost|p2a: Porygon-Z|spa|2\n|move|p1a: Palossand|Earth Power|p2a: Porygon-Z\n|-damage|p2a: Porygon-Z|160/277\n|\n|upkeep\n|turn|21\n|inactive|Time left: 300 sec this turn | 300 sec total\n|\n|t:|1783559466\n|move|p2a: Porygon-Z|Shadow Ball|p1a: Palossand\n|-supereffective|p1a: Palossand\n|-damage|p1a: Palossand|0 fnt\n|faint|p1a: Palossand\n|-damage|p2a: Porygon-Z|133/277|[from] item: Life Orb\n|\n|upkeep\n|\n|t:|1783559467\n|switch|p1a: Rabsca|Rabsca, L91, M|100/100\n|turn|22\n|inactive|Time left: 300 sec this turn | 300 sec total\n|\n|t:|1783559469\n|-terastallize|p1a: Rabsca|Steel\n|move|p2a: Porygon-Z|Tera Blast|p1a: Rabsca\n|-resisted|p1a: Rabsca\n|-damage|p1a: Rabsca|44/100\n|-damage|p2a: Porygon-Z|106/277|[from] item: Life Orb\n|move|p1a: Rabsca|Psychic|p2a: Porygon-Z\n|-damage|p2a: Porygon-Z|0 fnt\n|faint|p2a: Porygon-Z\n|\n|upkeep\n|inactive|Time left: 300 sec this turn | 300 sec total | 5 sec grace\n|\n|t:|1783559470\n|switch|p2a: Cyclizar|Cyclizar, L84, F, tera:Ghost|212/255\n|turn|23\n|inactive|Time left: 300 sec this turn | 300 sec total\n|\n|t:|1783559471\n|move|p2a: Cyclizar|Knock Off|p1a: Rabsca\n|-damage|p1a: Rabsca|21/100\n|-enditem|p1a: Rabsca|Heavy-Duty Boots|[from] move: Knock Off|[of] p2a: Cyclizar\n|move|p1a: Rabsca|Bug Buzz|p2a: Cyclizar\n|-resisted|p2a: Cyclizar\n|-damage|p2a: Cyclizar|139/255\n|\n|upkeep\n|turn|24\n|inactive|Time left: 300 sec this turn | 300 sec total\n|\n|t:|1783559472\n|switch|p2a: Vikavolt|Vikavolt, L83, M|99/263\n|move|p1a: Rabsca|Psychic|p2a: Vikavolt\n|-damage|p2a: Vikavolt|0 fnt\n|faint|p2a: Vikavolt\n|\n|upkeep\n|inactive|Time left: 300 sec this turn | 300 sec total | 5 sec grace\n|\n|t:|1783559473\n|switch|p2a: Espeon|Espeon, L84, F|246/246\n|turn|25\n|inactive|Time left: 300 sec this turn | 300 sec total\n|\n|t:|1783559474\n|switch|p1a: Alomomola|Alomomola, L87, M|100/100\n|move|p2a: Espeon|Psychic|p1a: Alomomola\n|-damage|p1a: Alomomola|40/100\n|-unboost|p1a: Alomomola|spd|1\n|\n|upkeep\n|turn|26\n|inactive|Time left: 300 sec this turn | 300 sec total\n|\n|t:|1783559476\n|switch|p1a: Rabsca|Rabsca, L91, M, tera:Steel|21/100\n|move|p2a: Espeon|Psychic|p1a: Rabsca\n|-resisted|p1a: Rabsca\n|-damage|p1a: Rabsca|0 fnt\n|faint|p1a: Rabsca\n|\n|upkeep\n|\n|t:|1783559477\n|switch|p1a: Hatterene|Hatterene, L85, F|29/100\n|turn|27\n|inactive|Time left: 300 sec this turn | 300 sec total\n|\n|t:|1783559478\n|move|p2a: Espeon|Psychic|p1a: Hatterene\n|-resisted|p1a: Hatterene\n|-damage|p1a: Hatterene|7/100\n|move|p1a: Hatterene|Draining Kiss|p2a: Espeon\n|-damage|p2a: Espeon|173/246\n|-heal|p1a: Hatterene|30/100|[from] drain|[of] p2a: Espeon\n|\n|upkeep\n|turn|28\n|inactive|Time left: 300 sec this turn | 300 sec total\n|\n|t:|1783559479\n|move|p2a: Espeon|Psychic|p1a: Hatterene\n|-resisted|p1a: Hatterene\n|-damage|p1a: Hatterene|6/100\n|move|p1a: Hatterene|Draining Kiss|p2a: Espeon\n|-damage|p2a: Espeon|107/246\n|-heal|p1a: Hatterene|27/100|[from] drain|[of] p2a: Espeon\n|\n|upkeep\n|turn|29\n|inactive|Time left: 300 sec this turn | 300 sec total\n|\n|t:|1783559480\n|move|p2a: Espeon|Psychic|p1a: Hatterene\n|-resisted|p1a: Hatterene\n|-damage|p1a: Hatterene|7/100\n|move|p1a: Hatterene|Draining Kiss|p2a: Espeon\n|-damage|p2a: Espeon|41/246\n|-heal|p1a: Hatterene|28/100|[from] drain|[of] p2a: Espeon\n|\n|upkeep\n|turn|30\n|inactive|Time left: 300 sec this turn | 300 sec total\n|\n|t:|1783559481\n|move|p2a: Espeon|Psychic|p1a: Hatterene\n|-resisted|p1a: Hatterene\n|-damage|p1a: Hatterene|6/100\n|move|p1a: Hatterene|Draining Kiss|p2a: Espeon\n|-damage|p2a: Espeon|0 fnt\n|-heal|p1a: Hatterene|19/100|[from] drain|[of] p2a: Espeon\n|faint|p2a: Espeon\n|\n|upkeep\n|inactive|Time left: 300 sec this turn | 300 sec total | 5 sec grace\n|\n|t:|1783559482\n|switch|p2a: Cyclizar|Cyclizar, L84, F, tera:Ghost|224/255\n|turn|31\n|inactive|Time left: 300 sec this turn | 300 sec total\n|\n|t:|1783559483\n|move|p2a: Cyclizar|Rapid Spin|p1a: Hatterene\n|-damage|p1a: Hatterene|0 fnt\n|-boost|p2a: Cyclizar|spe|1\n|faint|p1a: Hatterene\n|\n|upkeep\n|\n|t:|1783559484\n|switch|p1a: Great Tusk|Great Tusk, L77|100/100\n|turn|32\n|inactive|Time left: 300 sec this turn | 300 sec total\n|\n|t:|1783559485\n|move|p2a: Cyclizar|Rapid Spin|p1a: Great Tusk\n|-damage|p1a: Great Tusk|88/100\n|-boost|p2a: Cyclizar|spe|1\n|move|p1a: Great Tusk|Earthquake|p2a: Cyclizar\n|-damage|p2a: Cyclizar|83/255\n|\n|upkeep\n|turn|33\n|inactive|Time left: 300 sec this turn | 300 sec total\n|\n|t:|1783559486\n|move|p2a: Cyclizar|Draco Meteor|p1a: Great Tusk\n|-damage|p1a: Great Tusk|22/100\n|-unboost|p2a: Cyclizar|spa|2\n|move|p1a: Great Tusk|Earthquake|p2a: Cyclizar\n|-damage|p2a: Cyclizar|0 fnt\n|faint|p2a: Cyclizar\n|\n|win|p0x174562ed", "uploadtime": 1783559486, "views": 0, "rating": 0, "private": 0, "password": null, "_winner": "p0x174562ed", "_our_name": "p0y1745790f"}