{"id": "battle-gen9randombattle-669", "formatid": "gen9randombattle", "format": "[Gen 9] Random Battle", "players": ["p0x6690bd2", "p0y669a4d9"], "log": "|init|battle\n|title|p0x6690bd2 vs. p0y669a4d9\n|j|\u2606p0x6690bd2\n|j|\u2606p0y669a4d9\n|t:|1783546901\n|gametype|singles\n|player|p1|p0x6690bd2|266|\n|player|p2|p0y669a4d9|169|\n|gen|9\n|tier|[Gen 9] Random Battle\n|rule|Species Clause: Limit one of each Pok\u00e9mon\n|rule|HP Percentage Mod: HP is shown in percentages\n|rule|Sleep Clause Mod: Limit one foe put to sleep\n|rule|Illusion Level Mod: Illusion disguises the Pok\u00e9mon's true level\n|\n|t:|1783546901\n|teamsize|p1|6\n|teamsize|p2|6\n|start\n|switch|p1a: Vaporeon|Vaporeon, L86, F|100/100\n|switch|p2a: Mightyena|Mightyena, L96, M|290/290\n|-ability|p2a: Mightyena|Intimidate|boost\n|-unboost|p1a: Vaporeon|atk|1\n|turn|1\n|inactive|Battle timer is ON: inactive players will automatically lose when time's up. (requested by p0x6690bd2)\n|inactive|Time left: 300 sec this turn | 300 sec total | 60 sec grace\n|inactive|p0y669a4d9 also wants the timer to be on.\n|\n|t:|1783546902\n|switch|p2a: Ludicolo|Ludicolo, L90, F|290/290\n|move|p1a: Vaporeon|Scald|p2a: Ludicolo\n|-resisted|p2a: Ludicolo\n|-damage|p2a: Ludicolo|271/290\n|\n|upkeep\n|turn|2\n|inactive|Time left: 300 sec this turn | 300 sec total\n|\n|t:|1783546904\n|switch|p1a: Reshiram|Reshiram, L76|100/100\n|-ability|p1a: Reshiram|Turboblaze\n|move|p2a: Ludicolo|Leaf Storm|p1a: Reshiram\n|-resisted|p1a: Reshiram\n|-damage|p1a: Reshiram|82/100\n|-unboost|p2a: Ludicolo|spa|2\n|\n|upkeep\n|turn|3\n|inactive|Time left: 300 sec this turn | 300 sec total\n|\n|t:|1783546905\n|switch|p2a: Mightyena|Mightyena, L96, M|290/290\n|-ability|p2a: Mightyena|Intimidate|boost\n|-unboost|p1a: Reshiram|atk|1\n|move|p1a: Reshiram|Blue Flare|p2a: Mightyena\n|-damage|p2a: Mightyena|173/290\n|\n|upkeep\n|turn|4\n|inactive|Time left: 300 sec this turn | 300 sec total\n|\n|t:|1783546906\n|switch|p1a: Regirock|Regirock, L83|100/100\n|move|p2a: Mightyena|Crunch|p1a: Regirock\n|-damage|p1a: Regirock|81/100\n|\n|-heal|p1a: Regirock|87/100|[from] item: Leftovers\n|upkeep\n|turn|5\n|inactive|Time left: 300 sec this turn | 300 sec total\n|\n|t:|1783546907\n|switch|p2a: Okidogi|Okidogi, L77, M|262/262\n|move|p1a: Regirock|Body Press|p2a: Okidogi\n|-resisted|p2a: Okidogi\n|-damage|p2a: Okidogi|219/262\n|\n|-heal|p2a: Okidogi|235/262|[from] item: Leftovers\n|-heal|p1a: Regirock|93/100|[from] item: Leftovers\n|upkeep\n|turn|6\n|inactive|Time left: 300 sec this turn | 300 sec total\n|\n|t:|1783546908\n|move|p2a: Okidogi|Bulk Up|p2a: Okidogi\n|-boost|p2a: Okidogi|atk|1\n|-boost|p2a: Okidogi|def|1\n|move|p1a: Regirock|Stealth Rock|p2a: Okidogi\n|-sidestart|p2: p0y669a4d9|move: Stealth Rock\n|\n|-heal|p2a: Okidogi|251/262|[from] item: Leftovers\n|-heal|p1a: Regirock|99/100|[from] item: Leftovers\n|upkeep\n|turn|7\n|inactive|Time left: 300 sec this turn | 300 sec total\n|\n|t:|1783546909\n|move|p2a: Okidogi|Drain Punch|p1a: Regirock\n|-supereffective|p1a: Regirock\n|-damage|p1a: Regirock|52/100\n|-heal|p2a: Okidogi|262/262|[from] drain|[of] p1a: Regirock\n|move|p1a: Regirock|Thunder Wave|p2a: Okidogi\n|-status|p2a: Okidogi|par\n|\n|-heal|p1a: Regirock|58/100|[from] item: Leftovers\n|upkeep\n|turn|8\n|inactive|Time left: 300 sec this turn | 300 sec total\n|\n|t:|1783546909\n|move|p1a: Regirock|Thunder Wave|p2a: Okidogi|[miss]\n|-miss|p1a: Regirock|p2a: Okidogi\n|cant|p2a: Okidogi|par\n|\n|-heal|p1a: Regirock|64/100|[from] item: Leftovers\n|upkeep\n|turn|9\n|inactive|Time left: 300 sec this turn | 300 sec total\n|\n|t:|1783546910\n|move|p1a: Regirock|Stone Edge|p2a: Okidogi\n|-resisted|p2a: Okidogi\n|-crit|p2a: Okidogi\n|-damage|p2a: Okidogi|192/262 par\n|cant|p2a: Okidogi|par\n|\n|-heal|p1a: Regirock|70/100|[from] item: Leftovers\n|-heal|p2a: Okidogi|208/262 par|[from] item: Leftovers\n|upkeep\n|turn|10\n|inactive|Time left: 300 sec this turn | 300 sec total\n|\n|t:|1783546911\n|move|p1a: Regirock|Stone Edge|p2a: Okidogi\n|-resisted|p2a: Okidogi\n|-crit|p2a: Okidogi\n|-damage|p2a: Okidogi|139/262 par\n|move|p2a: Okidogi|Drain Punch|p1a: Regirock\n|-supereffective|p1a: Regirock\n|-damage|p1a: Regirock|18/100\n|-heal|p2a: Okidogi|208/262 par|[from] drain|[of] p1a: Regirock\n|\n|-heal|p1a: Regirock|24/100|[from] item: Leftovers\n|-heal|p2a: Okidogi|224/262 par|[from] item: Leftovers\n|upkeep\n|turn|11\n|inactive|Time left: 300 sec this turn | 300 sec total\n|\n|t:|1783546912\n|move|p1a: Regirock|Body Press|p2a: Okidogi\n|-resisted|p2a: Okidogi\n|-damage|p2a: Okidogi|195/262 par\n|move|p2a: Okidogi|Drain Punch|p1a: Regirock\n|-supereffective|p1a: Regirock\n|-damage|p1a: Regirock|0 fnt\n|-heal|p2a: Okidogi|227/262 par|[from] drain|[of] p1a: Regirock\n|faint|p1a: Regirock\n|\n|-heal|p2a: Okidogi|243/262 par|[from] item: Leftovers\n|upkeep\n|\n|t:|1783546913\n|switch|p1a: Reshiram|Reshiram, L76|82/100\n|-ability|p1a: Reshiram|Turboblaze\n|turn|12\n|inactive|Time left: 300 sec this turn | 300 sec total\n|\n|t:|1783546914\n|move|p1a: Reshiram|Blue Flare|p2a: Okidogi\n|-damage|p2a: Okidogi|53/262 par\n|move|p2a: Okidogi|Drain Punch|p1a: Reshiram\n|-damage|p1a: Reshiram|37/100\n|-heal|p2a: Okidogi|115/262 par|[from] drain|[of] p1a: Reshiram\n|-status|p1a: Reshiram|tox|[from] ability: Toxic Chain|[of] p2a: Okidogi\n|\n|-heal|p2a: Okidogi|131/262 par|[from] item: Leftovers\n|-damage|p1a: Reshiram|31/100 tox|[from] psn\n|upkeep\n|turn|13\n|inactive|Time left: 300 sec this turn | 300 sec total\n|\n|t:|1783546914\n|move|p1a: Reshiram|Blue Flare|p2a: Okidogi\n|-damage|p2a: Okidogi|0 fnt\n|faint|p2a: Okidogi\n|\n|-damage|p1a: Reshiram|19/100 tox|[from] psn\n|upkeep\n|inactive|Time left: 300 sec this turn | 300 sec total | 5 sec grace\n|\n|t:|1783546915\n|switch|p2a: Excadrill|Excadrill, L79, M|303/303\n|-damage|p2a: Excadrill|294/303|[from] Stealth Rock\n|-ability|p2a: Excadrill|Mold Breaker\n|turn|14\n|inactive|Time left: 300 sec this turn | 300 sec total\n|\n|t:|1783546916\n|move|p2a: Excadrill|Earthquake|p1a: Reshiram\n|-supereffective|p1a: Reshiram\n|-damage|p1a: Reshiram|0 fnt\n|faint|p1a: Reshiram\n|\n|-heal|p2a: Excadrill|303/303|[from] item: Leftovers\n|upkeep\n|\n|t:|1783546917\n|switch|p1a: Gumshoos|Gumshoos, L95, F|100/100\n|turn|15\n|inactive|Time left: 300 sec this turn | 300 sec total\n|\n|t:|1783546918\n|move|p2a: Excadrill|Iron Head|p1a: Gumshoos\n|-crit|p1a: Gumshoos\n|-damage|p1a: Gumshoos|43/100\n|move|p1a: Gumshoos|Earthquake|p2a: Excadrill\n|-supereffective|p2a: Excadrill\n|-damage|p2a: Excadrill|0 fnt\n|faint|p2a: Excadrill\n|\n|upkeep\n|inactive|Time left: 300 sec this turn | 300 sec total | 5 sec grace\n|\n|t:|1783546919\n|switch|p2a: Ludicolo|Ludicolo, L90, F|271/290\n|-damage|p2a: Ludicolo|235/290|[from] Stealth Rock\n|turn|16\n|inactive|Time left: 300 sec this turn | 300 sec total\n|\n|t:|1783546920\n|switch|p1a: Bellibolt|Bellibolt, L84, M|100/100\n|move|p2a: Ludicolo|Giga Drain|p1a: Bellibolt\n|-damage|p1a: Bellibolt|55/100\n|-heal|p2a: Ludicolo|290/290|[from] drain|[of] p1a: Bellibolt\n|-start|p1a: Bellibolt|Charge|Giga Drain|[from] ability: Electromorphosis\n|\n|-heal|p1a: Bellibolt|62/100|[from] item: Leftovers\n|upkeep\n|turn|17\n|inactive|Time left: 300 sec this turn | 300 sec total\n|\n|t:|1783546921\n|move|p2a: Ludicolo|Giga Drain|p1a: Bellibolt\n|-damage|p1a: Bellibolt|16/100\n|-start|p1a: Bellibolt|Charge|Giga Drain|[from] ability: Electromorphosis\n|move|p1a: Bellibolt|Slack Off|p1a: Bellibolt\n|-heal|p1a: Bellibolt|66/100\n|\n|-heal|p1a: Bellibolt|72/100|[from] item: Leftovers\n|upkeep\n|turn|18\n|inactive|Time left: 300 sec this turn | 300 sec total\n|\n|t:|1783546922\n|move|p2a: Ludicolo|Giga Drain|p1a: Bellibolt\n|-damage|p1a: Bellibolt|32/100\n|-start|p1a: Bellibolt|Charge|Giga Drain|[from] ability: Electromorphosis\n|move|p1a: Bellibolt|Slack Off|p1a: Bellibolt\n|-heal|p1a: Bellibolt|82/100\n|\n|-heal|p1a: Bellibolt|88/100|[from] item: Leftovers\n|upkeep\n|turn|19\n|inactive|Time left: 300 sec this turn | 300 sec total\n|\n|t:|1783546923\n|move|p2a: Ludicolo|Giga Drain|p1a: Bellibolt\n|-damage|p1a: Bellibolt|46/100\n|-start|p1a: Bellibolt|Charge|Giga Drain|[from] ability: Electromorphosis\n|move|p1a: Bellibolt|Slack Off|p1a: Bellibolt\n|-heal|p1a: Bellibolt|96/100\n|\n|-heal|p1a: Bellibolt|100/100|[from] item: Leftovers\n|upkeep\n|turn|20\n|inactive|Time left: 300 sec this turn | 300 sec total\n|\n|t:|1783546924\n|move|p2a: Ludicolo|Giga Drain|p1a: Bellibolt\n|-damage|p1a: Bellibolt|61/100\n|-start|p1a: Bellibolt|Charge|Giga Drain|[from] ability: Electromorphosis\n|move|p1a: Bellibolt|Thunderbolt|p2a: Ludicolo\n|-damage|p2a: Ludicolo|122/290\n|-end|p1a: Bellibolt|Charge|[silent]\n|\n|-heal|p1a: Bellibolt|67/100|[from] item: Leftovers\n|upkeep\n|turn|21\n|inactive|Time left: 300 sec this turn | 300 sec total\n|\n|t:|1783546926\n|move|p2a: Ludicolo|Giga Drain|p1a: Bellibolt\n|-damage|p1a: Bellibolt|26/100\n|-heal|p2a: Ludicolo|187/290|[from] drain|[of] p1a: Bellibolt\n|-start|p1a: Bellibolt|Charge|Giga Drain|[from] ability: Electromorphosis\n|move|p1a: Bellibolt|Volt Switch|p2a: Ludicolo\n|-damage|p2a: Ludicolo|58/290\n|-end|p1a: Bellibolt|Charge|[silent]\n|\n|t:|1783546926\n|switch|p1a: Weavile|Weavile, L79, F|100/100|[from] Volt Switch\n|\n|upkeep\n|turn|22\n|inactive|Time left: 300 sec this turn | 300 sec total\n|\n|t:|1783546927\n|move|p1a: Weavile|Knock Off|p2a: Ludicolo\n|-damage|p2a: Ludicolo|0 fnt\n|-enditem|p2a: Ludicolo|Choice Specs|[from] move: Knock Off|[of] p1a: Weavile\n|faint|p2a: Ludicolo\n|\n|upkeep\n|inactive|Time left: 300 sec this turn | 300 sec total | 5 sec grace\n|\n|t:|1783546928\n|switch|p2a: Lilligant|Lilligant-Hisui, L79, F|240/240\n|-damage|p2a: Lilligant|225/240|[from] Stealth Rock\n|turn|23\n|inactive|Time left: 300 sec this turn | 300 sec total\n|\n|t:|1783546929\n|move|p1a: Weavile|Triple Axel|p2a: Lilligant\n|-supereffective|p2a: Lilligant\n|-damage|p2a: Lilligant|175/240\n|-supereffective|p2a: Lilligant\n|-damage|p2a: Lilligant|65/240\n|-supereffective|p2a: Lilligant\n|-damage|p2a: Lilligant|0 fnt\n|faint|p2a: Lilligant\n|-hitcount|p2: Lilligant|3\n|\n|upkeep\n|inactive|Time left: 300 sec this turn | 300 sec total | 5 sec grace\n|\n|t:|1783546930\n|switch|p2a: Mightyena|Mightyena, L96, M|173/290\n|-damage|p2a: Mightyena|137/290|[from] Stealth Rock\n|-ability|p2a: Mightyena|Intimidate|boost\n|-unboost|p1a: Weavile|atk|1\n|turn|24\n|inactive|Time left: 300 sec this turn | 300 sec total\n|\n|t:|1783546931\n|switch|p1a: Vaporeon|Vaporeon, L86, F|100/100\n|move|p2a: Mightyena|Play Rough|p1a: Vaporeon\n|-damage|p1a: Vaporeon|73/100\n|\n|-heal|p1a: Vaporeon|79/100|[from] item: Leftovers\n|upkeep\n|turn|25\n|inactive|Time left: 300 sec this turn | 300 sec total\n|\n|t:|1783546933\n|move|p2a: Mightyena|Poison Fang|p1a: Vaporeon\n|-damage|p1a: Vaporeon|64/100\n|-status|p1a: Vaporeon|tox\n|move|p1a: Vaporeon|Wish|p1a: Vaporeon\n|\n|-heal|p1a: Vaporeon|70/100 tox|[from] item: Leftovers\n|-damage|p1a: Vaporeon|64/100 tox|[from] psn\n|upkeep\n|turn|26\n|inactive|Time left: 300 sec this turn | 300 sec total\n|\n|t:|1783546934\n|switch|p1a: Gumshoos|Gumshoos, L95, F|43/100\n|move|p2a: Mightyena|Crunch|p1a: Gumshoos\n|-damage|p1a: Gumshoos|7/100\n|-unboost|p1a: Gumshoos|def|1\n|\n|-heal|p1a: Gumshoos|64/100|[from] move: Wish|[wisher] Vaporeon\n|upkeep\n|turn|27\n|inactive|Time left: 300 sec this turn | 300 sec total\n|\n|t:|1783546935\n|move|p2a: Mightyena|Crunch|p1a: Gumshoos\n|-damage|p1a: Gumshoos|4/100\n|move|p1a: Gumshoos|U-turn|p2a: Mightyena\n|-supereffective|p2a: Mightyena\n|-crit|p2a: Mightyena\n|-damage|p2a: Mightyena|0 fnt\n|faint|p2a: Mightyena\n|\n|t:|1783546936\n|switch|p1a: Weavile|Weavile, L79, F|100/100|[from] U-turn\n|\n|upkeep\n|inactive|Time left: 300 sec this turn | 300 sec total | 10 sec grace\n|\n|t:|1783546937\n|switch|p2a: Altaria|Altaria, L89, F|278/278\n|turn|28\n|inactive|Time left: 300 sec this turn | 300 sec total\n|\n|t:|1783546938\n|-terastallize|p2a: Altaria|Steel\n|move|p1a: Weavile|Swords Dance|p1a: Weavile\n|-boost|p1a: Weavile|atk|2\n|move|p2a: Altaria|Brave Bird|p1a: Weavile\n|-damage|p1a: Weavile|39/100\n|-damage|p2a: Altaria|229/278|[from] Recoil\n|\n|upkeep\n|turn|29\n|inactive|Time left: 300 sec this turn | 300 sec total\n|\n|t:|1783546939\n|move|p1a: Weavile|Knock Off|p2a: Altaria\n|-damage|p2a: Altaria|25/278\n|-enditem|p2a: Altaria|Heavy-Duty Boots|[from] move: Knock Off|[of] p1a: Weavile\n|move|p2a: Altaria|Roost|p2a: Altaria\n|-heal|p2a: Altaria|164/278\n|\n|upkeep\n|turn|30\n|inactive|Time left: 300 sec this turn | 300 sec total\n|\n|t:|1783546940\n|-terastallize|p1a: Weavile|Ice\n|move|p1a: Weavile|Triple Axel|p2a: Altaria\n|-resisted|p2a: Altaria\n|-damage|p2a: Altaria|136/278\n|-resisted|p2a: Altaria\n|-damage|p2a: Altaria|81/278\n|-hitcount|p2a: Altaria|2\n|move|p2a: Altaria|Defog|p1a: Weavile\n|-unboost|p1a: Weavile|evasion|1\n|-sideend|p2: p0y669a4d9|Stealth Rock|[from] move: Defog|[of] p2a: Altaria\n|\n|upkeep\n|turn|31\n|inactive|Time left: 300 sec this turn | 300 sec total\n|\n|t:|1783546941\n|move|p1a: Weavile|Knock Off|p2a: Altaria\n|-damage|p2a: Altaria|0 fnt\n|faint|p2a: Altaria\n|\n|win|p0x6690bd2", "uploadtime": 1783546941, "views": 0, "rating": 0, "private": 0, "password": null, "_winner": "p0x6690bd2", "_our_name": "p0y669a4d9"}