{"id": "battle-gen9randombattle-626", "formatid": "gen9randombattle", "format": "[Gen 9] Random Battle", "players": ["p0x626b7e0", "p0y626e482"], "log": "|init|battle\n|title|p0x626b7e0 vs. p0y626e482\n|j|\u2606p0x626b7e0\n|j|\u2606p0y626e482\n|t:|1783546381\n|gametype|singles\n|player|p1|p0x626b7e0|266|\n|player|p2|p0y626e482|2|\n|gen|9\n|tier|[Gen 9] Random Battle\n|rule|Species Clause: Limit one of each Pok\u00e9mon\n|rule|HP Percentage Mod: HP is shown in percentages\n|rule|Sleep Clause Mod: Limit one foe put to sleep\n|rule|Illusion Level Mod: Illusion disguises the Pok\u00e9mon's true level\n|\n|t:|1783546381\n|teamsize|p1|6\n|teamsize|p2|6\n|start\n|switch|p1a: Araquanid|Araquanid, L82, M|100/100\n|switch|p2a: Swanna|Swanna, L89, M|278/278\n|turn|1\n|inactive|Battle timer is ON: inactive players will automatically lose when time's up. (requested by p0x626b7e0)\n|inactive|Time left: 300 sec this turn | 300 sec total | 60 sec grace\n|inactive|p0y626e482 also wants the timer to be on.\n|\n|t:|1783546383\n|-terastallize|p1a: Araquanid|Steel\n|move|p2a: Swanna|Brave Bird|p1a: Araquanid\n|-resisted|p1a: Araquanid\n|-damage|p1a: Araquanid|73/100\n|-damage|p2a: Swanna|256/278|[from] Recoil\n|move|p1a: Araquanid|Sticky Web|p2a: Swanna\n|-sidestart|p2: p0y626e482|move: Sticky Web\n|\n|upkeep\n|turn|2\n|inactive|Time left: 300 sec this turn | 300 sec total\n|\n|t:|1783546384\n|move|p2a: Swanna|Defog|p1a: Araquanid\n|-unboost|p1a: Araquanid|evasion|1\n|-sideend|p2: p0y626e482|Sticky Web|[from] move: Defog|[of] p2a: Swanna\n|move|p1a: Araquanid|Sticky Web|p2a: Swanna\n|-sidestart|p2: p0y626e482|move: Sticky Web\n|\n|upkeep\n|turn|3\n|inactive|Time left: 300 sec this turn | 300 sec total\n|\n|t:|1783546385\n|move|p2a: Swanna|Defog|p1a: Araquanid\n|-unboost|p1a: Araquanid|evasion|1\n|-sideend|p2: p0y626e482|Sticky Web|[from] move: Defog|[of] p2a: Swanna\n|move|p1a: Araquanid|Liquidation|p2a: Swanna\n|-resisted|p2a: Swanna\n|-damage|p2a: Swanna|171/278\n|\n|upkeep\n|turn|4\n|inactive|Time left: 300 sec this turn | 300 sec total\n|\n|t:|1783546386\n|move|p2a: Swanna|Hydro Pump|p1a: Araquanid\n|-damage|p1a: Araquanid|36/100\n|move|p1a: Araquanid|Sticky Web|p2a: Swanna\n|-sidestart|p2: p0y626e482|move: Sticky Web\n|\n|upkeep\n|turn|5\n|inactive|Time left: 300 sec this turn | 300 sec total\n|\n|t:|1783546387\n|move|p2a: Swanna|Defog|p1a: Araquanid\n|-unboost|p1a: Araquanid|evasion|1\n|-sideend|p2: p0y626e482|Sticky Web|[from] move: Defog|[of] p2a: Swanna\n|move|p1a: Araquanid|Leech Life|p2a: Swanna\n|-resisted|p2a: Swanna\n|-damage|p2a: Swanna|134/278\n|-heal|p1a: Araquanid|44/100|[from] drain|[of] p2a: Swanna\n|\n|upkeep\n|turn|6\n|inactive|Time left: 300 sec this turn | 300 sec total\n|\n|t:|1783546388\n|move|p2a: Swanna|Roost|p2a: Swanna\n|-heal|p2a: Swanna|273/278\n|-singleturn|p2a: Swanna|move: Roost\n|move|p1a: Araquanid|Sticky Web|p2a: Swanna\n|-sidestart|p2: p0y626e482|move: Sticky Web\n|\n|upkeep\n|turn|7\n|inactive|Time left: 300 sec this turn | 300 sec total\n|\n|t:|1783546389\n|move|p2a: Swanna|Defog|p1a: Araquanid\n|-unboost|p1a: Araquanid|evasion|1\n|-sideend|p2: p0y626e482|Sticky Web|[from] move: Defog|[of] p2a: Swanna\n|move|p1a: Araquanid|Liquidation|p2a: Swanna\n|-resisted|p2a: Swanna\n|-damage|p2a: Swanna|195/278\n|-unboost|p2a: Swanna|def|1\n|\n|upkeep\n|turn|8\n|inactive|Time left: 300 sec this turn | 300 sec total\n|\n|t:|1783546390\n|move|p2a: Swanna|Hydro Pump|p1a: Araquanid\n|-damage|p1a: Araquanid|11/100\n|move|p1a: Araquanid|Sticky Web|p2a: Swanna\n|-sidestart|p2: p0y626e482|move: Sticky Web\n|\n|upkeep\n|turn|9\n|inactive|Time left: 300 sec this turn | 300 sec total\n|\n|t:|1783546391\n|move|p2a: Swanna|Defog|p1a: Araquanid\n|-unboost|p1a: Araquanid|evasion|1\n|-sideend|p2: p0y626e482|Sticky Web|[from] move: Defog|[of] p2a: Swanna\n|move|p1a: Araquanid|Sticky Web|p2a: Swanna\n|-sidestart|p2: p0y626e482|move: Sticky Web\n|\n|upkeep\n|turn|10\n|inactive|Time left: 300 sec this turn | 300 sec total\n|\n|t:|1783546392\n|move|p2a: Swanna|Defog|p1a: Araquanid\n|-unboost|p1a: Araquanid|evasion|1\n|-sideend|p2: p0y626e482|Sticky Web|[from] move: Defog|[of] p2a: Swanna\n|move|p1a: Araquanid|Sticky Web|p2a: Swanna\n|-sidestart|p2: p0y626e482|move: Sticky Web\n|\n|upkeep\n|turn|11\n|inactive|Time left: 300 sec this turn | 300 sec total\n|\n|t:|1783546393\n|move|p2a: Swanna|Defog|p1a: Araquanid\n|-unboost|p1a: Araquanid|evasion|0\n|-sideend|p2: p0y626e482|Sticky Web|[from] move: Defog|[of] p2a: Swanna\n|move|p1a: Araquanid|Liquidation|p2a: Swanna\n|-resisted|p2a: Swanna\n|-crit|p2a: Swanna\n|-damage|p2a: Swanna|25/278\n|\n|upkeep\n|turn|12\n|inactive|Time left: 300 sec this turn | 300 sec total\n|\n|t:|1783546394\n|move|p2a: Swanna|Hydro Pump|p1a: Araquanid\n|-damage|p1a: Araquanid|0 fnt\n|faint|p1a: Araquanid\n|\n|upkeep\n|\n|t:|1783546395\n|switch|p1a: Dedenne|Dedenne, L88, F|100/100\n|turn|13\n|inactive|Time left: 300 sec this turn | 300 sec total\n|\n|t:|1783546396\n|switch|p2a: Gogoat|Gogoat, L88, F|360/360\n|move|p1a: Dedenne|Thunderbolt|p2a: Gogoat\n|-resisted|p2a: Gogoat\n|-damage|p2a: Gogoat|312/360\n|\n|-heal|p2a: Gogoat|334/360|[from] item: Leftovers\n|upkeep\n|turn|14\n|inactive|Time left: 300 sec this turn | 300 sec total\n|\n|t:|1783546397\n|switch|p1a: Gogoat|Gogoat, L88, F|100/100\n|move|p2a: Gogoat|Bulk Up|p2a: Gogoat\n|-boost|p2a: Gogoat|atk|1\n|-boost|p2a: Gogoat|def|1\n|\n|-heal|p2a: Gogoat|356/360|[from] item: Leftovers\n|upkeep\n|turn|15\n|inactive|Time left: 300 sec this turn | 300 sec total\n|\n|t:|1783546398\n|move|p2a: Gogoat|Bulk Up|p2a: Gogoat\n|-boost|p2a: Gogoat|atk|1\n|-boost|p2a: Gogoat|def|1\n|move|p1a: Gogoat|Bulk Up|p1a: Gogoat\n|-boost|p1a: Gogoat|atk|1\n|-boost|p1a: Gogoat|def|1\n|\n|-heal|p2a: Gogoat|360/360|[from] item: Leftovers\n|upkeep\n|turn|16\n|inactive|Time left: 300 sec this turn | 300 sec total\n|\n|t:|1783546399\n|move|p1a: Gogoat|Bulk Up|p1a: Gogoat\n|-boost|p1a: Gogoat|atk|1\n|-boost|p1a: Gogoat|def|1\n|move|p2a: Gogoat|Bulk Up|p2a: Gogoat\n|-boost|p2a: Gogoat|atk|1\n|-boost|p2a: Gogoat|def|1\n|\n|upkeep\n|turn|17\n|inactive|Time left: 300 sec this turn | 300 sec total\n|\n|t:|1783546401\n|move|p1a: Gogoat|Bulk Up|p1a: Gogoat\n|-boost|p1a: Gogoat|atk|1\n|-boost|p1a: Gogoat|def|1\n|move|p2a: Gogoat|Bulk Up|p2a: Gogoat\n|-boost|p2a: Gogoat|atk|1\n|-boost|p2a: Gogoat|def|1\n|\n|upkeep\n|turn|18\n|inactive|Time left: 300 sec this turn | 300 sec total\n|\n|t:|1783546402\n|move|p1a: Gogoat|Bulk Up|p1a: Gogoat\n|-boost|p1a: Gogoat|atk|1\n|-boost|p1a: Gogoat|def|1\n|move|p2a: Gogoat|Earthquake|p1a: Gogoat\n|-resisted|p1a: Gogoat\n|-damage|p1a: Gogoat|88/100\n|\n|-heal|p1a: Gogoat|94/100|[from] item: Leftovers\n|upkeep\n|turn|19\n|inactive|Time left: 300 sec this turn | 300 sec total\n|\n|t:|1783546403\n|move|p2a: Gogoat|Bulk Up|p2a: Gogoat\n|-boost|p2a: Gogoat|atk|1\n|-boost|p2a: Gogoat|def|1\n|move|p1a: Gogoat|Bulk Up|p1a: Gogoat\n|-boost|p1a: Gogoat|atk|1\n|-boost|p1a: Gogoat|def|1\n|\n|-heal|p1a: Gogoat|99/100|[from] item: Leftovers\n|upkeep\n|turn|20\n|inactive|Time left: 300 sec this turn | 300 sec total\n|\n|t:|1783546404\n|move|p1a: Gogoat|Rock Slide|p2a: Gogoat|[miss]\n|-miss|p1a: Gogoat|p2a: Gogoat\n|move|p2a: Gogoat|Earthquake|p1a: Gogoat\n|-resisted|p1a: Gogoat\n|-damage|p1a: Gogoat|87/100\n|\n|-heal|p1a: Gogoat|93/100|[from] item: Leftovers\n|upkeep\n|turn|21\n|inactive|Time left: 300 sec this turn | 300 sec total\n|\n|t:|1783546405\n|move|p2a: Gogoat|Bulk Up|p2a: Gogoat\n|-boost|p2a: Gogoat|atk|1\n|-boost|p2a: Gogoat|def|1\n|move|p1a: Gogoat|Rock Slide|p2a: Gogoat\n|-damage|p2a: Gogoat|299/360\n|\n|-heal|p2a: Gogoat|321/360|[from] item: Leftovers\n|-heal|p1a: Gogoat|99/100|[from] item: Leftovers\n|upkeep\n|turn|22\n|inactive|Time left: 300 sec this turn | 300 sec total\n|\n|t:|1783546406\n|move|p1a: Gogoat|Rock Slide|p2a: Gogoat\n|-damage|p2a: Gogoat|255/360\n|move|p2a: Gogoat|Earthquake|p1a: Gogoat\n|-resisted|p1a: Gogoat\n|-damage|p1a: Gogoat|84/100\n|\n|-heal|p2a: Gogoat|277/360|[from] item: Leftovers\n|-heal|p1a: Gogoat|90/100|[from] item: Leftovers\n|upkeep\n|turn|23\n|inactive|Time left: 300 sec this turn | 300 sec total\n|\n|t:|1783546407\n|move|p1a: Gogoat|Rock Slide|p2a: Gogoat\n|-damage|p2a: Gogoat|210/360\n|cant|p2a: Gogoat|flinch\n|\n|-heal|p1a: Gogoat|96/100|[from] item: Leftovers\n|-heal|p2a: Gogoat|232/360|[from] item: Leftovers\n|upkeep\n|turn|24\n|inactive|Time left: 300 sec this turn | 300 sec total\n|\n|t:|1783546408\n|move|p2a: Gogoat|Earthquake|p1a: Gogoat\n|-resisted|p1a: Gogoat\n|-damage|p1a: Gogoat|81/100\n|move|p1a: Gogoat|Rock Slide|p2a: Gogoat\n|-damage|p2a: Gogoat|164/360\n|\n|-heal|p2a: Gogoat|186/360|[from] item: Leftovers\n|-heal|p1a: Gogoat|87/100|[from] item: Leftovers\n|upkeep\n|turn|25\n|inactive|Time left: 300 sec this turn | 300 sec total\n|\n|t:|1783546409\n|move|p1a: Gogoat|Rock Slide|p2a: Gogoat\n|-crit|p2a: Gogoat\n|-damage|p2a: Gogoat|0 fnt\n|faint|p2a: Gogoat\n|\n|-heal|p1a: Gogoat|93/100|[from] item: Leftovers\n|upkeep\n|inactive|Time left: 300 sec this turn | 300 sec total | 5 sec grace\n|\n|t:|1783546410\n|switch|p2a: Archaludon|Archaludon, L78, F|268/268\n|turn|26\n|inactive|Time left: 300 sec this turn | 300 sec total\n|\n|t:|1783546411\n|move|p2a: Archaludon|Stealth Rock|p1a: Gogoat\n|-sidestart|p1: p0x626b7e0|move: Stealth Rock\n|move|p1a: Gogoat|Horn Leech|p2a: Archaludon\n|-resisted|p2a: Archaludon\n|-damage|p2a: Archaludon|204/268\n|-heal|p1a: Gogoat|100/100|[from] drain|[of] p2a: Archaludon\n|-ability|p2a: Archaludon|Stamina|boost\n|-boost|p2a: Archaludon|def|1\n|\n|-heal|p2a: Archaludon|220/268|[from] item: Leftovers\n|upkeep\n|turn|27\n|inactive|Time left: 300 sec this turn | 300 sec total\n|\n|t:|1783546412\n|move|p2a: Archaludon|Flash Cannon|p1a: Gogoat\n|-damage|p1a: Gogoat|76/100\n|move|p1a: Gogoat|Rock Slide|p2a: Archaludon\n|-resisted|p2a: Archaludon\n|-damage|p2a: Archaludon|169/268\n|-ability|p2a: Archaludon|Stamina|boost\n|-boost|p2a: Archaludon|def|1\n|\n|-heal|p2a: Archaludon|185/268|[from] item: Leftovers\n|-heal|p1a: Gogoat|82/100|[from] item: Leftovers\n|upkeep\n|turn|28\n|inactive|Time left: 300 sec this turn | 300 sec total\n|\n|t:|1783546413\n|move|p2a: Archaludon|Flash Cannon|p1a: Gogoat\n|-damage|p1a: Gogoat|56/100\n|move|p1a: Gogoat|Milk Drink|p1a: Gogoat\n|-heal|p1a: Gogoat|100/100\n|\n|-heal|p2a: Archaludon|201/268|[from] item: Leftovers\n|upkeep\n|turn|29\n|inactive|Time left: 300 sec this turn | 300 sec total\n|\n|t:|1783546414\n|move|p2a: Archaludon|Flash Cannon|p1a: Gogoat\n|-crit|p1a: Gogoat\n|-damage|p1a: Gogoat|60/100\n|move|p1a: Gogoat|Horn Leech|p2a: Archaludon\n|-resisted|p2a: Archaludon\n|-damage|p2a: Archaludon|171/268\n|-heal|p1a: Gogoat|64/100|[from] drain|[of] p2a: Archaludon\n|-ability|p2a: Archaludon|Stamina|boost\n|-boost|p2a: Archaludon|def|1\n|\n|-heal|p2a: Archaludon|187/268|[from] item: Leftovers\n|-heal|p1a: Gogoat|70/100|[from] item: Leftovers\n|upkeep\n|turn|30\n|inactive|Time left: 300 sec this turn | 300 sec total\n|\n|t:|1783546416\n|move|p2a: Archaludon|Flash Cannon|p1a: Gogoat\n|-damage|p1a: Gogoat|45/100\n|move|p1a: Gogoat|Milk Drink|p1a: Gogoat\n|-heal|p1a: Gogoat|95/100\n|\n|-heal|p2a: Archaludon|203/268|[from] item: Leftovers\n|-heal|p1a: Gogoat|100/100|[from] item: Leftovers\n|upkeep\n|turn|31\n|inactive|Time left: 300 sec this turn | 300 sec total\n|\n|t:|1783546417\n|move|p2a: Archaludon|Flash Cannon|p1a: Gogoat\n|-damage|p1a: Gogoat|77/100\n|move|p1a: Gogoat|Horn Leech|p2a: Archaludon\n|-resisted|p2a: Archaludon\n|-damage|p2a: Archaludon|179/268\n|-heal|p1a: Gogoat|80/100|[from] drain|[of] p2a: Archaludon\n|-ability|p2a: Archaludon|Stamina|boost\n|-boost|p2a: Archaludon|def|1\n|\n|-heal|p2a: Archaludon|195/268|[from] item: Leftovers\n|-heal|p1a: Gogoat|86/100|[from] item: Leftovers\n|upkeep\n|turn|32\n|inactive|Time left: 300 sec this turn | 300 sec total\n|\n|t:|1783546418\n|move|p2a: Archaludon|Flash Cannon|p1a: Gogoat\n|-damage|p1a: Gogoat|63/100\n|move|p1a: Gogoat|Horn Leech|p2a: Archaludon\n|-resisted|p2a: Archaludon\n|-damage|p2a: Archaludon|175/268\n|-heal|p1a: Gogoat|66/100|[from] drain|[of] p2a: Archaludon\n|-ability|p2a: Archaludon|Stamina|boost\n|-boost|p2a: Archaludon|def|1\n|\n|-heal|p2a: Archaludon|191/268|[from] item: Leftovers\n|-heal|p1a: Gogoat|72/100|[from] item: Leftovers\n|upkeep\n|turn|33\n|inactive|Time left: 300 sec this turn | 300 sec total\n|\n|t:|1783546419\n|move|p2a: Archaludon|Body Press|p1a: Gogoat\n|-damage|p1a: Gogoat|52/100\n|move|p1a: Gogoat|Milk Drink|p1a: Gogoat\n|-heal|p1a: Gogoat|100/100\n|\n|-heal|p2a: Archaludon|207/268|[from] item: Leftovers\n|upkeep\n|turn|34\n|inactive|Time left: 300 sec this turn | 300 sec total\n|\n|t:|1783546420\n|move|p2a: Archaludon|Flash Cannon|p1a: Gogoat\n|-crit|p1a: Gogoat\n|-damage|p1a: Gogoat|59/100\n|move|p1a: Gogoat|Rock Slide|p2a: Archaludon\n|-resisted|p2a: Archaludon\n|-damage|p2a: Archaludon|184/268\n|-ability|p2a: Archaludon|Stamina|boost\n|-boost|p2a: Archaludon|def|1\n|\n|-heal|p2a: Archaludon|200/268|[from] item: Leftovers\n|-heal|p1a: Gogoat|65/100|[from] item: Leftovers\n|upkeep\n|turn|35\n|inactive|Time left: 300 sec this turn | 300 sec total\n|\n|t:|1783546421\n|move|p2a: Archaludon|Body Press|p1a: Gogoat\n|-damage|p1a: Gogoat|42/100\n|move|p1a: Gogoat|Milk Drink|p1a: Gogoat\n|-heal|p1a: Gogoat|92/100\n|\n|-heal|p2a: Archaludon|216/268|[from] item: Leftovers\n|-heal|p1a: Gogoat|98/100|[from] item: Leftovers\n|upkeep\n|turn|36\n|inactive|Time left: 300 sec this turn | 300 sec total\n|\n|t:|1783546422\n|move|p2a: Archaludon|Flash Cannon|p1a: Gogoat\n|-damage|p1a: Gogoat|70/100\n|move|p1a: Gogoat|Milk Drink|p1a: Gogoat\n|-heal|p1a: Gogoat|100/100\n|\n|-heal|p2a: Archaludon|232/268|[from] item: Leftovers\n|upkeep\n|turn|37\n|inactive|Time left: 300 sec this turn | 300 sec total\n|\n|t:|1783546423\n|move|p2a: Archaludon|Flash Cannon|p1a: Gogoat\n|-damage|p1a: Gogoat|77/100\n|move|p1a: Gogoat|Horn Leech|p2a: Archaludon\n|-resisted|p2a: Archaludon\n|-damage|p2a: Archaludon|216/268\n|-heal|p1a: Gogoat|79/100|[from] drain|[of] p2a: Archaludon\n|\n|-heal|p2a: Archaludon|232/268|[from] item: Leftovers\n|-heal|p1a: Gogoat|85/100|[from] item: Leftovers\n|upkeep\n|turn|38\n|inactive|Time left: 300 sec this turn | 300 sec total\n|\n|t:|1783546424\n|move|p2a: Archaludon|Flash Cannon|p1a: Gogoat\n|-damage|p1a: Gogoat|60/100\n|move|p1a: Gogoat|Milk Drink|p1a: Gogoat\n|-heal|p1a: Gogoat|100/100\n|\n|-heal|p2a: Archaludon|248/268|[from] item: Leftovers\n|upkeep\n|turn|39\n|inactive|Time left: 300 sec this turn | 300 sec total\n|\n|t:|1783546425\n|move|p2a: Archaludon|Flash Cannon|p1a: Gogoat\n|-damage|p1a: Gogoat|73/100\n|move|p1a: Gogoat|Horn Leech|p2a: Archaludon\n|-resisted|p2a: Archaludon\n|-damage|p2a: Archaludon|233/268\n|-heal|p1a: Gogoat|75/100|[from] drain|[of] p2a: Archaludon\n|\n|-heal|p2a: Archaludon|249/268|[from] item: Leftovers\n|-heal|p1a: Gogoat|81/100|[from] item: Leftovers\n|upkeep\n|turn|40\n|inactive|Time left: 300 sec this turn | 300 sec total\n|\n|t:|1783546426\n|move|p2a: Archaludon|Flash Cannon|p1a: Gogoat\n|-damage|p1a: Gogoat|57/100\n|-unboost|p1a: Gogoat|spd|1\n|move|p1a: Gogoat|Milk Drink|p1a: Gogoat\n|-heal|p1a: Gogoat|100/100\n|\n|-heal|p2a: Archaludon|265/268|[from] item: Leftovers\n|upkeep\n|turn|41\n|inactive|Time left: 300 sec this turn | 300 sec total\n|\n|t:|1783546427\n|move|p2a: Archaludon|Flash Cannon|p1a: Gogoat\n|-damage|p1a: Gogoat|63/100\n|move|p1a: Gogoat|Milk Drink|p1a: Gogoat\n|-heal|p1a: Gogoat|100/100\n|\n|-heal|p2a: Archaludon|268/268|[from] item: Leftovers\n|upkeep\n|turn|42\n|inactive|Time left: 300 sec this turn | 300 sec total\n|\n|t:|1783546428\n|move|p2a: Archaludon|Flash Cannon|p1a: Gogoat\n|-damage|p1a: Gogoat|59/100\n|-unboost|p1a: Gogoat|spd|1\n|move|p1a: Gogoat|Bulk Up|p1a: Gogoat\n|-boost|p1a: Gogoat|atk|1\n|-boost|p1a: Gogoat|def|1\n|\n|-heal|p1a: Gogoat|65/100|[from] item: Leftovers\n|upkeep\n|turn|43\n|inactive|Time left: 300 sec this turn | 300 sec total\n|\n|t:|1783546429\n|move|p2a: Archaludon|Draco Meteor|p1a: Gogoat\n|-damage|p1a: Gogoat|0 fnt\n|-unboost|p2a: Archaludon|spa|2\n|faint|p1a: Gogoat\n|\n|upkeep\n|\n|t:|1783546430\n|switch|p1a: Dedenne|Dedenne, L88, F|100/100\n|-damage|p1a: Dedenne|88/100|[from] Stealth Rock\n|turn|44\n|inactive|Time left: 300 sec this turn | 300 sec total\n|\n|t:|1783546431\n|move|p1a: Dedenne|Dazzling Gleam|p2a: Archaludon\n|-damage|p2a: Archaludon|153/268\n|move|p2a: Archaludon|Body Press|p1a: Dedenne\n|-resisted|p1a: Dedenne\n|-damage|p1a: Dedenne|30/100\n|-enditem|p1a: Dedenne|Sitrus Berry|[eat]\n|-heal|p1a: Dedenne|55/100|[from] item: Sitrus Berry\n|-heal|p1a: Dedenne|89/100|[from] ability: Cheek Pouch\n|\n|-heal|p2a: Archaludon|169/268|[from] item: Leftovers\n|upkeep\n|turn|45\n|inactive|Time left: 300 sec this turn | 300 sec total\n|\n|t:|1783546432\n|move|p1a: Dedenne|Dazzling Gleam|p2a: Archaludon\n|-damage|p2a: Archaludon|51/268\n|move|p2a: Archaludon|Body Press|p1a: Dedenne\n|-resisted|p1a: Dedenne\n|-damage|p1a: Dedenne|23/100\n|\n|-heal|p2a: Archaludon|67/268|[from] item: Leftovers\n|upkeep\n|turn|46\n|inactive|Time left: 300 sec this turn | 300 sec total\n|\n|t:|1783546433\n|switch|p2a: Rillaboom|Rillaboom, L79, M|288/288\n|-fieldstart|move: Grassy Terrain|[from] ability: Grassy Surge|[of] p2a: Rillaboom\n|move|p1a: Dedenne|Dazzling Gleam|p2a: Rillaboom\n|-damage|p2a: Rillaboom|192/288\n|\n|-heal|p1a: Dedenne|30/100|[from] Grassy Terrain\n|-heal|p2a: Rillaboom|210/288|[from] Grassy Terrain\n|upkeep\n|turn|47\n|inactive|Time left: 300 sec this turn | 300 sec total\n|\n|t:|1783546434\n|move|p2a: Rillaboom|Grassy Glide|p1a: Dedenne\n|-damage|p1a: Dedenne|0 fnt\n|faint|p1a: Dedenne\n|-damage|p2a: Rillaboom|182/288|[from] item: Life Orb\n|\n|-heal|p2a: Rillaboom|200/288|[from] Grassy Terrain\n|upkeep\n|\n|t:|1783546435\n|switch|p1a: Ursaring|Ursaring, L84, M|100/100\n|-damage|p1a: Ursaring|88/100|[from] Stealth Rock\n|turn|48\n|inactive|Time left: 300 sec this turn | 300 sec total\n|\n|t:|1783546436\n|move|p2a: Rillaboom|Wood Hammer|p1a: Ursaring\n|-damage|p1a: Ursaring|26/100\n|-damage|p2a: Rillaboom|141/288|[from] Recoil\n|-damage|p2a: Rillaboom|113/288|[from] item: Life Orb\n|move|p1a: Ursaring|Body Slam|p2a: Rillaboom\n|-damage|p2a: Rillaboom|1/288\n|\n|-heal|p2a: Rillaboom|19/288|[from] Grassy Terrain\n|-heal|p1a: Ursaring|32/100|[from] Grassy Terrain\n|upkeep\n|turn|49\n|inactive|Time left: 300 sec this turn | 300 sec total\n|\n|t:|1783546437\n|move|p2a: Rillaboom|Wood Hammer|p1a: Ursaring\n|-damage|p1a: Ursaring|0 fnt\n|faint|p1a: Ursaring\n|-damage|p2a: Rillaboom|0 fnt|[from] Recoil\n|faint|p2a: Rillaboom\n|\n|upkeep\n|inactive|Time left: 300 sec this turn | 300 sec total | 5 sec grace\n|\n|t:|1783546438\n|switch|p2a: Haxorus|Haxorus, L77, F|244/244\n|switch|p1a: Donphan|Donphan, L84, M, shiny|100/100\n|-ability|p2a: Haxorus|Mold Breaker\n|-damage|p1a: Donphan|94/100|[from] Stealth Rock\n|turn|50\n|inactive|Time left: 300 sec this turn | 300 sec total\n|\n|t:|1783546439\n|move|p2a: Haxorus|Outrage|p1a: Donphan\n|-damage|p1a: Donphan|53/100\n|move|p1a: Donphan|Rapid Spin|p2a: Haxorus\n|-damage|p2a: Haxorus|203/244\n|-boost|p1a: Donphan|spe|1\n|-sideend|p1: p0x626b7e0|Stealth Rock|[from] move: Rapid Spin|[of] p1a: Donphan\n|\n|-heal|p1a: Donphan|60/100|[from] Grassy Terrain\n|-heal|p2a: Haxorus|218/244|[from] Grassy Terrain\n|-fieldend|move: Grassy Terrain\n|upkeep\n|turn|51\n|inactive|Time left: 300 sec this turn | 300 sec total\n|\n|t:|1783546440\n|move|p1a: Donphan|Earthquake|p2a: Haxorus\n|-damage|p2a: Haxorus|95/244\n|move|p2a: Haxorus|Outrage|p1a: Donphan|[from] lockedmove\n|-damage|p1a: Donphan|21/100\n|\n|upkeep\n|turn|52\n|inactive|Time left: 300 sec this turn | 300 sec total\n|\n|t:|1783546441\n|move|p1a: Donphan|Earthquake|p2a: Haxorus\n|-damage|p2a: Haxorus|0 fnt\n|faint|p2a: Haxorus\n|\n|upkeep\n|inactive|Time left: 300 sec this turn | 300 sec total | 5 sec grace\n|\n|t:|1783546442\n|switch|p2a: Gallade|Gallade, L80, M|240/240\n|turn|53\n|inactive|Time left: 300 sec this turn | 300 sec total\n|\n|t:|1783546443\n|move|p1a: Donphan|Earthquake|p2a: Gallade\n|-damage|p2a: Gallade|80/240\n|move|p2a: Gallade|Agility|p2a: Gallade\n|-boost|p2a: Gallade|spe|2\n|\n|upkeep\n|turn|54\n|inactive|Time left: 300 sec this turn | 300 sec total\n|\n|t:|1783546444\n|move|p1a: Donphan|Ice Shard|p2a: Gallade\n|-damage|p2a: Gallade|35/240\n|move|p2a: Gallade|Sacred Sword|p1a: Donphan\n|-damage|p1a: Donphan|0 fnt\n|faint|p1a: Donphan\n|-damage|p2a: Gallade|11/240|[from] item: Life Orb\n|\n|upkeep\n|\n|t:|1783546445\n|switch|p1a: Hippowdon|Hippowdon, L82, F|100/100\n|-weather|Sandstorm|[from] ability: Sand Stream|[of] p1a: Hippowdon\n|turn|55\n|inactive|Time left: 300 sec this turn | 300 sec total\n|\n|t:|1783546446\n|move|p2a: Gallade|Sacred Sword|p1a: Hippowdon\n|-damage|p1a: Hippowdon|44/100\n|-damage|p2a: Gallade|0 fnt|[from] item: Rocky Helmet|[of] p1a: Hippowdon\n|faint|p2a: Gallade\n|move|p1a: Hippowdon|Slack Off|p1a: Hippowdon\n|-heal|p1a: Hippowdon|94/100\n|\n|-weather|Sandstorm|[upkeep]\n|upkeep\n|inactive|Time left: 300 sec this turn | 300 sec total | 5 sec grace\n|\n|t:|1783546447\n|switch|p2a: Swanna|Swanna, L89, M|25/278\n|turn|56\n|inactive|Time left: 300 sec this turn | 300 sec total\n|\n|t:|1783546448\n|move|p2a: Swanna|Hydro Pump|p1a: Hippowdon\n|-supereffective|p1a: Hippowdon\n|-damage|p1a: Hippowdon|5/100\n|move|p1a: Hippowdon|Slack Off|p1a: Hippowdon\n|-heal|p1a: Hippowdon|55/100\n|\n|-weather|Sandstorm|[upkeep]\n|-damage|p2a: Swanna|8/278|[from] Sandstorm\n|upkeep\n|turn|57\n|inactive|Time left: 300 sec this turn | 300 sec total\n|\n|t:|1783546448\n|-terastallize|p2a: Swanna|Ground\n|move|p2a: Swanna|Hydro Pump|p1a: Hippowdon\n|-supereffective|p1a: Hippowdon\n|-damage|p1a: Hippowdon|0 fnt\n|faint|p1a: Hippowdon\n|\n|win|p0y626e482", "uploadtime": 1783546448, "views": 0, "rating": 0, "private": 0, "password": null, "_winner": "p0y626e482", "_our_name": "p0y626e482"}