{"id": "battle-gen9randombattle-1670", "formatid": "gen9randombattle", "format": "[Gen 9] Random Battle", "players": ["p0x167040b5", "p0y1670b478"], "log": "|init|battle\n|title|p0x167040b5 vs. p0y1670b478\n|j|\u2606p0x167040b5\n|j|\u2606p0y1670b478\n|t:|1783558576\n|gametype|singles\n|player|p1|p0x167040b5|169|\n|player|p2|p0y1670b478|1|\n|gen|9\n|tier|[Gen 9] Random Battle\n|rule|Species Clause: Limit one of each Pok\u00e9mon\n|rule|HP Percentage Mod: HP is shown in percentages\n|rule|Sleep Clause Mod: Limit one foe put to sleep\n|rule|Illusion Level Mod: Illusion disguises the Pok\u00e9mon's true level\n|\n|t:|1783558576\n|teamsize|p1|6\n|teamsize|p2|6\n|start\n|switch|p1a: Glalie|Glalie, L96, F|309/309\n|switch|p2a: Chien-Pao|Chien-Pao, L72|100/100\n|-ability|p2a: Chien-Pao|Sword of Ruin\n|turn|1\n|inactive|Battle timer is ON: inactive players will automatically lose when time's up. (requested by p0y1670b478)\n|inactive|Time left: 300 sec this turn | 300 sec total | 60 sec grace\n|inactive|p0x167040b5 also wants the timer to be on.\n|\n|t:|1783558577\n|move|p2a: Chien-Pao|Swords Dance|p2a: Chien-Pao\n|-boost|p2a: Chien-Pao|atk|2\n|move|p1a: Glalie|Freeze-Dry|p2a: Chien-Pao\n|-resisted|p2a: Chien-Pao\n|-damage|p2a: Chien-Pao|74/100\n|\n|upkeep\n|turn|2\n|inactive|Time left: 300 sec this turn | 300 sec total\n|\n|t:|1783558578\n|switch|p1a: Coalossal|Coalossal, L89, M|341/341\n|move|p2a: Chien-Pao|Sacred Sword|p1a: Coalossal\n|-supereffective|p1a: Coalossal\n|-damage|p1a: Coalossal|127/341\n|-status|p2a: Chien-Pao|brn|[from] ability: Flame Body|[of] p1a: Coalossal\n|\n|-damage|p2a: Chien-Pao|68/100 brn|[from] brn\n|upkeep\n|turn|3\n|inactive|Time left: 300 sec this turn | 300 sec total\n|\n|t:|1783558580\n|move|p2a: Chien-Pao|Throat Chop|p1a: Coalossal\n|-damage|p1a: Coalossal|52/341\n|-start|p1a: Coalossal|Throat Chop|[silent]\n|move|p1a: Coalossal|Stone Edge|p2a: Chien-Pao|[miss]\n|-miss|p1a: Coalossal|p2a: Chien-Pao\n|\n|-damage|p2a: Chien-Pao|62/100 brn|[from] brn\n|upkeep\n|turn|4\n|inactive|Time left: 300 sec this turn | 300 sec total\n|\n|t:|1783558581\n|switch|p1a: Lokix|Lokix, L82, M|251/251\n|move|p2a: Chien-Pao|Throat Chop|p1a: Lokix\n|-resisted|p1a: Lokix\n|-damage|p1a: Lokix|197/251\n|-start|p1a: Lokix|Throat Chop|[silent]\n|\n|-damage|p2a: Chien-Pao|56/100 brn|[from] brn\n|upkeep\n|turn|5\n|inactive|Time left: 300 sec this turn | 300 sec total\n|\n|t:|1783558582\n|move|p1a: Lokix|First Impression|p2a: Chien-Pao\n|-supereffective|p2a: Chien-Pao\n|-damage|p2a: Chien-Pao|0 fnt\n|faint|p2a: Chien-Pao\n|\n|-end|p1a: Lokix|Throat Chop|[silent]\n|upkeep\n|\n|t:|1783558583\n|switch|p2a: Avalugg|Avalugg, L88, M|100/100\n|turn|6\n|inactive|Time left: 300 sec this turn | 300 sec total\n|\n|t:|1783558584\n|move|p1a: Lokix|U-turn|p2a: Avalugg\n|-damage|p2a: Avalugg|85/100\n|inactive|Time left: 300 sec this turn | 300 sec total | 5 sec grace\n|\n|t:|1783558585\n|switch|p1a: Politoed|Politoed, L88, F|302/302|[from] U-turn\n|-weather|RainDance|[from] ability: Drizzle|[of] p1a: Politoed\n|move|p2a: Avalugg|Body Press|p1a: Politoed\n|-damage|p1a: Politoed|187/302\n|\n|-weather|RainDance|[upkeep]\n|upkeep\n|turn|7\n|inactive|Time left: 300 sec this turn | 300 sec total\n|\n|t:|1783558587\n|switch|p2a: Gastrodon|Gastrodon-East, L86, M|100/100\n|move|p1a: Politoed|Hydro Pump|p2a: Gastrodon\n|-ability|p2a: Gastrodon|Storm Drain|boost\n|-boost|p2a: Gastrodon|spa|1\n|\n|-weather|RainDance|[upkeep]\n|upkeep\n|turn|8\n|inactive|Time left: 300 sec this turn | 300 sec total\n|\n|t:|1783558588\n|move|p1a: Politoed|Rest|p1a: Politoed\n|-status|p1a: Politoed|slp|[from] move: Rest\n|-heal|p1a: Politoed|302/302 slp|[silent]\n|-enditem|p1a: Politoed|Chesto Berry|[eat]\n|-curestatus|p1a: Politoed|slp|[msg]\n|move|p2a: Gastrodon|Surf|p1a: Politoed\n|-resisted|p1a: Politoed\n|-damage|p1a: Politoed|208/302\n|\n|-weather|RainDance|[upkeep]\n|upkeep\n|turn|9\n|inactive|Time left: 300 sec this turn | 300 sec total\n|\n|t:|1783558589\n|switch|p1a: Regidrago|Regidrago, L77|435/435\n|move|p2a: Gastrodon|Surf|p1a: Regidrago\n|-resisted|p1a: Regidrago\n|-damage|p1a: Regidrago|255/435\n|\n|-weather|RainDance|[upkeep]\n|upkeep\n|turn|10\n|inactive|Time left: 300 sec this turn | 300 sec total\n|\n|t:|1783558590\n|-terastallize|p1a: Regidrago|Dragon\n|move|p1a: Regidrago|Outrage|p2a: Gastrodon\n|-damage|p2a: Gastrodon|20/100\n|move|p2a: Gastrodon|Surf|p1a: Regidrago\n|-resisted|p1a: Regidrago\n|-damage|p1a: Regidrago|71/435\n|\n|-weather|none\n|-heal|p2a: Gastrodon|26/100|[from] item: Leftovers\n|upkeep\n|turn|11\n|inactive|Time left: 300 sec this turn | 300 sec total\n|\n|t:|1783558591\n|switch|p2a: Avalugg|Avalugg, L88, M|85/100\n|move|p1a: Regidrago|Outrage|p2a: Avalugg|[from] lockedmove\n|-damage|p2a: Avalugg|46/100\n|\n|upkeep\n|turn|12\n|inactive|Time left: 300 sec this turn | 300 sec total\n|\n|t:|1783558592\n|move|p1a: Regidrago|Outrage|p2a: Avalugg|[from] lockedmove\n|-damage|p2a: Avalugg|9/100\n|-start|p1a: Regidrago|confusion|[fatigue]\n|-enditem|p1a: Regidrago|Lum Berry|[eat]\n|-end|p1a: Regidrago|confusion\n|move|p2a: Avalugg|Recover|p2a: Avalugg\n|-heal|p2a: Avalugg|59/100\n|\n|upkeep\n|turn|13\n|inactive|Time left: 300 sec this turn | 300 sec total\n|\n|t:|1783558594\n|move|p1a: Regidrago|Draco Meteor|p2a: Avalugg\n|-damage|p2a: Avalugg|0 fnt\n|-unboost|p1a: Regidrago|spa|2\n|faint|p2a: Avalugg\n|\n|upkeep\n|\n|t:|1783558595\n|switch|p2a: Iron Leaves|Iron Leaves, L80|100/100\n|turn|14\n|inactive|Time left: 300 sec this turn | 300 sec total\n|\n|t:|1783558596\n|switch|p1a: Houndstone|Houndstone, L86, F|264/264\n|move|p2a: Iron Leaves|Leaf Blade|p1a: Houndstone\n|-damage|p1a: Houndstone|189/264\n|\n|-heal|p1a: Houndstone|205/264|[from] item: Leftovers\n|upkeep\n|turn|15\n|inactive|Time left: 300 sec this turn | 300 sec total\n|\n|t:|1783558597\n|-end|p2a: Iron Leaves|Quark Drive|[silent]\n|switch|p2a: Toucannon|Toucannon, L88, M|100/100\n|move|p1a: Houndstone|Poltergeist|p2a: Toucannon\n|-immune|p2a: Toucannon\n|\n|-heal|p1a: Houndstone|221/264|[from] item: Leftovers\n|upkeep\n|turn|16\n|inactive|Time left: 300 sec this turn | 300 sec total\n|\n|t:|1783558598\n|-singleturn|p2a: Toucannon|move: Beak Blast\n|move|p1a: Houndstone|Body Press|p2a: Toucannon\n|-damage|p2a: Toucannon|77/100\n|-status|p1a: Houndstone|brn\n|move|p2a: Toucannon|Beak Blast|p1a: Houndstone\n|-damage|p1a: Houndstone|101/264 brn\n|\n|-heal|p1a: Houndstone|117/264 brn|[from] item: Leftovers\n|-damage|p1a: Houndstone|101/264 brn|[from] brn\n|upkeep\n|turn|17\n|inactive|Time left: 300 sec this turn | 300 sec total\n|\n|t:|1783558599\n|-singleturn|p2a: Toucannon|move: Beak Blast\n|move|p1a: Houndstone|Rest|p1a: Houndstone\n|-status|p1a: Houndstone|slp|[from] move: Rest\n|-heal|p1a: Houndstone|264/264 slp|[silent]\n|move|p2a: Toucannon|Beak Blast|p1a: Houndstone\n|-damage|p1a: Houndstone|134/264 slp\n|\n|-heal|p1a: Houndstone|150/264 slp|[from] item: Leftovers\n|upkeep\n|turn|18\n|inactive|Time left: 300 sec this turn | 300 sec total\n|\n|t:|1783558601\n|-singleturn|p2a: Toucannon|move: Beak Blast\n|cant|p1a: Houndstone|slp\n|move|p1a: Houndstone|Sleep Talk|p1a: Houndstone\n|move|p1a: Houndstone|Poltergeist|p2a: Toucannon|[from] move: Sleep Talk\n|-immune|p2a: Toucannon\n|move|p2a: Toucannon|Beak Blast|p1a: Houndstone\n|-crit|p1a: Houndstone\n|-damage|p1a: Houndstone|0 fnt\n|faint|p1a: Houndstone\n|\n|upkeep\n|inactive|Time left: 300 sec this turn | 300 sec total | 5 sec grace\n|\n|t:|1783558602\n|switch|p1a: Regidrago|Regidrago, L77, tera:Dragon|71/435\n|turn|19\n|inactive|Time left: 300 sec this turn | 300 sec total\n|\n|t:|1783558603\n|-terastallize|p2a: Toucannon|Steel\n|move|p1a: Regidrago|Outrage|p2a: Toucannon\n|-resisted|p2a: Toucannon\n|-damage|p2a: Toucannon|37/100\n|move|p2a: Toucannon|Boomburst|p1a: Regidrago\n|-damage|p1a: Regidrago|0 fnt\n|faint|p1a: Regidrago\n|\n|upkeep\n|inactive|Time left: 300 sec this turn | 300 sec total | 5 sec grace\n|\n|t:|1783558604\n|switch|p1a: Lokix|Lokix, L82, M|197/251\n|turn|20\n|inactive|Time left: 300 sec this turn | 300 sec total\n|\n|t:|1783558605\n|switch|p2a: Heatran|Heatran, L79, M|100/100\n|-item|p2a: Heatran|Air Balloon\n|move|p1a: Lokix|First Impression|p2a: Heatran\n|-resisted|p2a: Heatran\n|-damage|p2a: Heatran|82/100\n|-enditem|p2a: Heatran|Air Balloon\n|\n|upkeep\n|turn|21\n|inactive|Time left: 300 sec this turn | 300 sec total\n|\n|t:|1783558606\n|move|p1a: Lokix|U-turn|p2a: Heatran\n|-resisted|p2a: Heatran\n|-damage|p2a: Heatran|67/100\n|inactive|Time left: 300 sec this turn | 300 sec total | 5 sec grace\n|\n|t:|1783558607\n|switch|p1a: Politoed|Politoed, L88, F|208/302|[from] U-turn\n|-weather|RainDance|[from] ability: Drizzle|[of] p1a: Politoed\n|move|p2a: Heatran|Lava Plume|p1a: Politoed\n|-resisted|p1a: Politoed\n|-damage|p1a: Politoed|187/302\n|\n|-weather|RainDance|[upkeep]\n|upkeep\n|turn|22\n|inactive|Time left: 300 sec this turn | 300 sec total\n|\n|t:|1783558608\n|switch|p2a: Gastrodon|Gastrodon-East, L86, M|26/100\n|move|p1a: Politoed|Ice Beam|p2a: Gastrodon\n|-damage|p2a: Gastrodon|6/100\n|\n|-weather|RainDance|[upkeep]\n|-heal|p2a: Gastrodon|12/100|[from] item: Leftovers\n|upkeep\n|turn|23\n|inactive|Time left: 300 sec this turn | 300 sec total\n|\n|t:|1783558609\n|move|p1a: Politoed|Ice Beam|p2a: Gastrodon\n|-damage|p2a: Gastrodon|0 fnt\n|faint|p2a: Gastrodon\n|\n|-weather|RainDance|[upkeep]\n|upkeep\n|\n|t:|1783558609\n|switch|p2a: Iron Leaves|Iron Leaves, L80|100/100\n|turn|24\n|inactive|Time left: 300 sec this turn | 300 sec total\n|\n|t:|1783558610\n|switch|p1a: Coalossal|Coalossal, L89, M|52/341\n|move|p2a: Iron Leaves|Leaf Blade|p1a: Coalossal\n|-damage|p1a: Coalossal|0 fnt\n|faint|p1a: Coalossal\n|\n|-weather|RainDance|[upkeep]\n|upkeep\n|inactive|Time left: 300 sec this turn | 300 sec total | 5 sec grace\n|\n|t:|1783558611\n|switch|p1a: Lokix|Lokix, L82, M|197/251\n|turn|25\n|inactive|Time left: 300 sec this turn | 300 sec total\n|\n|t:|1783558612\n|-end|p2a: Iron Leaves|Quark Drive|[silent]\n|switch|p2a: Heatran|Heatran, L79, M|67/100\n|move|p1a: Lokix|U-turn|p2a: Heatran\n|-resisted|p2a: Heatran\n|-damage|p2a: Heatran|51/100\n|inactive|Time left: 300 sec this turn | 300 sec total | 5 sec grace\n|\n|t:|1783558613\n|switch|p1a: Glalie|Glalie, L96, F|309/309|[from] U-turn\n|\n|-weather|none\n|upkeep\n|turn|26\n|inactive|Time left: 300 sec this turn | 300 sec total\n|\n|t:|1783558614\n|switch|p2a: Iron Leaves|Iron Leaves, L80|100/100\n|move|p1a: Glalie|Earthquake|p2a: Iron Leaves\n|-resisted|p2a: Iron Leaves\n|-crit|p2a: Iron Leaves\n|-damage|p2a: Iron Leaves|76/100\n|\n|upkeep\n|turn|27\n|inactive|Time left: 300 sec this turn | 300 sec total\n|\n|t:|1783558615\n|move|p2a: Iron Leaves|Leaf Blade|p1a: Glalie\n|-damage|p1a: Glalie|138/309\n|move|p1a: Glalie|Freeze-Dry|p2a: Iron Leaves\n|-supereffective|p2a: Iron Leaves\n|-damage|p2a: Iron Leaves|21/100\n|\n|upkeep\n|turn|28\n|inactive|Time left: 300 sec this turn | 300 sec total\n|\n|t:|1783558617\n|switch|p1a: Lokix|Lokix, L82, M|197/251\n|move|p2a: Iron Leaves|Leaf Blade|p1a: Lokix\n|-resisted|p1a: Lokix\n|-damage|p1a: Lokix|110/251\n|\n|upkeep\n|turn|29\n|inactive|Time left: 300 sec this turn | 300 sec total\n|\n|t:|1783558618\n|-end|p2a: Iron Leaves|Quark Drive|[silent]\n|switch|p2a: Heatran|Heatran, L79, M|51/100\n|move|p1a: Lokix|First Impression|p2a: Heatran\n|-resisted|p2a: Heatran\n|-damage|p2a: Heatran|32/100\n|\n|upkeep\n|turn|30\n|inactive|Time left: 300 sec this turn | 300 sec total\n|\n|t:|1783558619\n|move|p1a: Lokix|U-turn|p2a: Heatran\n|-resisted|p2a: Heatran\n|-damage|p2a: Heatran|18/100\n|inactive|Time left: 300 sec this turn | 300 sec total | 5 sec grace\n|\n|t:|1783558620\n|switch|p1a: Politoed|Politoed, L88, F|187/302|[from] U-turn\n|-weather|RainDance|[from] ability: Drizzle|[of] p1a: Politoed\n|move|p2a: Heatran|Lava Plume|p1a: Politoed\n|-resisted|p1a: Politoed\n|-damage|p1a: Politoed|167/302\n|-status|p1a: Politoed|brn\n|\n|-weather|RainDance|[upkeep]\n|-damage|p1a: Politoed|149/302 brn|[from] brn\n|upkeep\n|turn|31\n|inactive|Time left: 300 sec this turn | 300 sec total\n|\n|t:|1783558621\n|move|p1a: Politoed|Hydro Pump|p2a: Heatran\n|-supereffective|p2a: Heatran\n|-damage|p2a: Heatran|0 fnt\n|faint|p2a: Heatran\n|\n|-weather|RainDance|[upkeep]\n|-damage|p1a: Politoed|131/302 brn|[from] brn\n|upkeep\n|\n|t:|1783558622\n|switch|p2a: Toucannon|Toucannon, L88, M, tera:Steel|37/100\n|turn|32\n|inactive|Time left: 300 sec this turn | 300 sec total\n|\n|t:|1783558623\n|move|p1a: Politoed|Hydro Pump|p2a: Toucannon\n|-damage|p2a: Toucannon|0 fnt\n|faint|p2a: Toucannon\n|\n|-weather|RainDance|[upkeep]\n|-damage|p1a: Politoed|113/302 brn|[from] brn\n|upkeep\n|\n|t:|1783558623\n|switch|p2a: Iron Leaves|Iron Leaves, L80|21/100\n|turn|33\n|inactive|Time left: 300 sec this turn | 300 sec total\n|\n|t:|1783558624\n|move|p2a: Iron Leaves|Megahorn|p1a: Politoed\n|-damage|p1a: Politoed|0 fnt\n|faint|p1a: Politoed\n|\n|-weather|RainDance|[upkeep]\n|upkeep\n|inactive|Time left: 300 sec this turn | 300 sec total | 5 sec grace\n|\n|t:|1783558625\n|switch|p1a: Lokix|Lokix, L82, M|110/251\n|turn|34\n|inactive|Time left: 300 sec this turn | 300 sec total\n|\n|t:|1783558626\n|move|p1a: Lokix|Sucker Punch|p2a: Iron Leaves\n|-supereffective|p2a: Iron Leaves\n|-damage|p2a: Iron Leaves|0 fnt\n|faint|p2a: Iron Leaves\n|-end|p2a: Iron Leaves|Quark Drive|[silent]\n|\n|win|p0x167040b5", "uploadtime": 1783558626, "views": 0, "rating": 0, "private": 0, "password": null, "_winner": "p0x167040b5", "_our_name": "p0x167040b5"}