{"id": "battle-gen9randombattle-992", "formatid": "gen9randombattle", "format": "[Gen 9] Random Battle", "players": ["p0x99279f2", "p0y99200dc"], "log": "|init|battle\n|title|p0x99279f2 vs. p0y99200dc\n|j|\u2606p0x99279f2\n|j|\u2606p0y99200dc\n|t:|1783551415\n|gametype|singles\n|player|p1|p0x99279f2|265|\n|player|p2|p0y99200dc|169|\n|gen|9\n|tier|[Gen 9] Random Battle\n|rule|Species Clause: Limit one of each Pok\u00e9mon\n|rule|HP Percentage Mod: HP is shown in percentages\n|rule|Sleep Clause Mod: Limit one foe put to sleep\n|rule|Illusion Level Mod: Illusion disguises the Pok\u00e9mon's true level\n|\n|t:|1783551415\n|teamsize|p1|6\n|teamsize|p2|6\n|start\n|switch|p1a: Scovillain|Scovillain, L91, F|266/266\n|switch|p2a: Moltres|Moltres-Galar, L79|100/100\n|turn|1\n|inactive|Battle timer is ON: inactive players will automatically lose when time's up. (requested by p0x99279f2)\n|inactive|p0y99200dc also wants the timer to be on.\n|\n|t:|1783551416\n|move|p1a: Scovillain|Flamethrower|p2a: Moltres\n|-damage|p2a: Moltres|65/100\n|move|p2a: Moltres|Agility|p2a: Moltres\n|-boost|p2a: Moltres|spe|2\n|\n|upkeep\n|turn|2\n|inactive|Time left: 300 sec this turn | 300 sec total\n|\n|t:|1783551418\n|move|p2a: Moltres|Nasty Plot|p2a: Moltres\n|-boost|p2a: Moltres|spa|2\n|move|p1a: Scovillain|Flamethrower|p2a: Moltres\n|-damage|p2a: Moltres|27/100\n|-ability|p2a: Moltres|Berserk|boost\n|-boost|p2a: Moltres|spa|1\n|\n|upkeep\n|turn|3\n|inactive|Time left: 300 sec this turn | 300 sec total\n|\n|t:|1783551419\n|-terastallize|p2a: Moltres|Dark\n|move|p2a: Moltres|Fiery Wrath|p1a: Scovillain\n|-damage|p1a: Scovillain|0 fnt\n|faint|p1a: Scovillain\n|\n|upkeep\n|inactive|Time left: 300 sec this turn | 300 sec total | 5 sec grace\n|\n|t:|1783551420\n|switch|p1a: Munkidori|Munkidori, L79, M|269/269\n|turn|4\n|inactive|Time left: 300 sec this turn | 300 sec total\n|\n|t:|1783551421\n|move|p1a: Munkidori|Fake Out|p2a: Moltres\n|-damage|p2a: Moltres|19/100\n|cant|p2a: Moltres|flinch\n|\n|upkeep\n|turn|5\n|inactive|Time left: 300 sec this turn | 300 sec total\n|\n|t:|1783551422\n|-terastallize|p1a: Munkidori|Dark\n|move|p2a: Moltres|Fiery Wrath|p1a: Munkidori\n|-resisted|p1a: Munkidori\n|-damage|p1a: Munkidori|163/269\n|move|p1a: Munkidori|Sludge Wave|p2a: Moltres\n|-damage|p2a: Moltres|0 fnt\n|faint|p2a: Moltres\n|\n|upkeep\n|\n|t:|1783551424\n|switch|p2a: Terrakion|Terrakion, L79|100/100\n|turn|6\n|inactive|Time left: 300 sec this turn | 300 sec total\n|\n|t:|1783551425\n|switch|p1a: Meowstic|Meowstic-F, L89, F|277/277\n|move|p2a: Terrakion|Close Combat|p1a: Meowstic\n|-resisted|p1a: Meowstic\n|-damage|p1a: Meowstic|161/277\n|-unboost|p2a: Terrakion|def|1\n|-unboost|p2a: Terrakion|spd|1\n|\n|upkeep\n|turn|7\n|inactive|Time left: 300 sec this turn | 300 sec total\n|\n|t:|1783551426\n|switch|p2a: Darkrai|Darkrai, L77|100/100\n|move|p1a: Meowstic|Nasty Plot|p1a: Meowstic\n|-boost|p1a: Meowstic|spa|2\n|\n|upkeep\n|turn|8\n|inactive|Time left: 300 sec this turn | 300 sec total\n|\n|t:|1783551427\n|move|p2a: Darkrai|Dark Pulse|p1a: Meowstic\n|-supereffective|p1a: Meowstic\n|-damage|p1a: Meowstic|0 fnt\n|faint|p1a: Meowstic\n|-damage|p2a: Darkrai|91/100|[from] item: Life Orb\n|\n|upkeep\n|inactive|Time left: 300 sec this turn | 300 sec total | 5 sec grace\n|\n|t:|1783551429\n|switch|p1a: Plusle|Plusle, L95, F|268/268\n|turn|9\n|inactive|Time left: 300 sec this turn | 300 sec total\n|\n|t:|1783551430\n|move|p2a: Darkrai|Dark Pulse|p1a: Plusle\n|-damage|p1a: Plusle|151/268\n|-damage|p2a: Darkrai|81/100|[from] item: Life Orb\n|cant|p1a: Plusle|flinch\n|\n|upkeep\n|turn|10\n|inactive|Time left: 300 sec this turn | 300 sec total\n|\n|t:|1783551430\n|move|p2a: Darkrai|Dark Pulse|p1a: Plusle\n|-damage|p1a: Plusle|26/268\n|-damage|p2a: Darkrai|71/100|[from] item: Life Orb\n|move|p1a: Plusle|Alluring Voice|p2a: Darkrai\n|-supereffective|p2a: Darkrai\n|-damage|p2a: Darkrai|0 fnt\n|faint|p2a: Darkrai\n|-damage|p1a: Plusle|0 fnt|[from] item: Life Orb\n|faint|p1a: Plusle\n|\n|upkeep\n|inactive|Time left: 300 sec this turn | 300 sec total | 5 sec grace\n|\n|t:|1783551432\n|switch|p2a: Hoopa|Hoopa, L85|100/100\n|switch|p1a: Greninja|Greninja, L80, M|246/246\n|turn|11\n|inactive|Time left: 300 sec this turn | 300 sec total\n|\n|t:|1783551433\n|move|p2a: Hoopa|Focus Blast|p1a: Greninja\n|-supereffective|p1a: Greninja\n|-damage|p1a: Greninja|0 fnt\n|faint|p1a: Greninja\n|\n|upkeep\n|inactive|Time left: 300 sec this turn | 300 sec total | 5 sec grace\n|\n|t:|1783551434\n|switch|p1a: Hydreigon|Hydreigon, L79, F|275/275\n|turn|12\n|inactive|Time left: 300 sec this turn | 300 sec total\n|\n|t:|1783551435\n|move|p2a: Hoopa|Focus Blast|p1a: Hydreigon|[miss]\n|-miss|p2a: Hoopa|p1a: Hydreigon\n|move|p1a: Hydreigon|Nasty Plot|p1a: Hydreigon\n|-boost|p1a: Hydreigon|spa|2\n|\n|upkeep\n|turn|13\n|inactive|Time left: 300 sec this turn | 300 sec total\n|\n|t:|1783551436\n|move|p2a: Hoopa|Focus Blast|p1a: Hydreigon\n|-supereffective|p1a: Hydreigon\n|-damage|p1a: Hydreigon|0 fnt\n|faint|p1a: Hydreigon\n|\n|upkeep\n|inactive|Time left: 300 sec this turn | 300 sec total | 5 sec grace\n|\n|t:|1783551437\n|switch|p1a: Munkidori|Munkidori, L79, M, tera:Dark|163/269\n|turn|14\n|inactive|Time left: 300 sec this turn | 300 sec total\n|\n|t:|1783551438\n|move|p2a: Hoopa|Focus Blast|p1a: Munkidori\n|-supereffective|p1a: Munkidori\n|-damage|p1a: Munkidori|0 fnt\n|faint|p1a: Munkidori\n|\n|win|p0y99200dc", "uploadtime": 1783551438, "views": 0, "rating": 0, "private": 0, "password": null, "_winner": "p0y99200dc", "_our_name": "p0x99279f2"}