{"id": "battle-gen9randombattle-2125", "formatid": "gen9randombattle", "format": "[Gen 9] Random Battle", "players": ["p0x212589fe", "p0y2125bbef"], "log": "|init|battle\n|title|p0x212589fe vs. p0y2125bbef\n|j|\u2606p0x212589fe\n|j|\u2606p0y2125bbef\n|t:|1783563814\n|gametype|singles\n|player|p1|p0x212589fe|169|\n|player|p2|p0y2125bbef|2|\n|gen|9\n|tier|[Gen 9] Random Battle\n|rule|Species Clause: Limit one of each Pok\u00e9mon\n|rule|HP Percentage Mod: HP is shown in percentages\n|rule|Sleep Clause Mod: Limit one foe put to sleep\n|rule|Illusion Level Mod: Illusion disguises the Pok\u00e9mon's true level\n|\n|t:|1783563814\n|teamsize|p1|6\n|teamsize|p2|6\n|start\n|switch|p1a: Mewtwo|Mewtwo, L72|100/100\n|switch|p2a: Cryogonal|Cryogonal, L89|287/287\n|-ability|p1a: Mewtwo|Unnerve\n|turn|1\n|inactive|Battle timer is ON: inactive players will automatically lose when time's up. (requested by p0x212589fe)\n|inactive|Time left: 300 sec this turn | 300 sec total | 60 sec grace\n|inactive|p0y2125bbef also wants the timer to be on.\n|\n|t:|1783563816\n|move|p2a: Cryogonal|Freeze-Dry|p1a: Mewtwo\n|-damage|p1a: Mewtwo|67/100\n|move|p1a: Mewtwo|Nasty Plot|p1a: Mewtwo\n|-boost|p1a: Mewtwo|spa|2\n|\n|upkeep\n|turn|2\n|inactive|Time left: 300 sec this turn | 300 sec total\n|\n|t:|1783563817\n|switch|p2a: Skeledirge|Skeledirge, L79, F|294/294\n|move|p1a: Mewtwo|Psystrike|p2a: Skeledirge\n|-damage|p2a: Skeledirge|158/294\n|-damage|p1a: Mewtwo|57/100|[from] item: Life Orb\n|\n|upkeep\n|turn|3\n|inactive|Time left: 300 sec this turn | 300 sec total\n|\n|t:|1783563818\n|-terastallize|p1a: Mewtwo|Psychic\n|move|p1a: Mewtwo|Psystrike|p2a: Skeledirge\n|-damage|p2a: Skeledirge|0 fnt\n|faint|p2a: Skeledirge\n|-damage|p1a: Mewtwo|47/100|[from] item: Life Orb\n|\n|upkeep\n|inactive|Time left: 300 sec this turn | 300 sec total | 5 sec grace\n|\n|t:|1783563819\n|switch|p2a: Cyclizar|Cyclizar, L84, M|255/255\n|turn|4\n|inactive|Time left: 300 sec this turn | 300 sec total\n|\n|t:|1783563821\n|move|p2a: Cyclizar|Knock Off|p1a: Mewtwo\n|-supereffective|p1a: Mewtwo\n|-damage|p1a: Mewtwo|0 fnt\n|-enditem|p1a: Mewtwo|Life Orb|[from] move: Knock Off|[of] p2a: Cyclizar\n|faint|p1a: Mewtwo\n|\n|upkeep\n|\n|t:|1783563822\n|switch|p1a: Komala|Komala, L87, M|100/100\n|-ability|p1a: Komala|Comatose\n|turn|5\n|inactive|Time left: 300 sec this turn | 300 sec total\n|\n|t:|1783563823\n|move|p2a: Cyclizar|Shed Tail|p2a: Cyclizar\n|-start|p2a: Cyclizar|Substitute|[from] move: Shed Tail\n|-damage|p2a: Cyclizar|127/255\n|inactive|Time left: 300 sec this turn | 300 sec total | 5 sec grace\n|\n|t:|1783563823\n|switch|p2a: Scizor|Scizor, L79, F|240/240|[from] Shed Tail\n|move|p1a: Komala|Knock Off|p2a: Scizor\n|-end|p2a: Scizor|Substitute\n|\n|upkeep\n|turn|6\n|inactive|Time left: 300 sec this turn | 300 sec total\n|\n|t:|1783563824\n|move|p1a: Komala|Knock Off|p2a: Scizor\n|-damage|p2a: Scizor|160/240\n|-enditem|p2a: Scizor|Choice Band|[from] move: Knock Off|[of] p1a: Komala\n|move|p2a: Scizor|Close Combat|p1a: Komala\n|-supereffective|p1a: Komala\n|-damage|p1a: Komala|15/100\n|-unboost|p2a: Scizor|def|1\n|-unboost|p2a: Scizor|spd|1\n|\n|upkeep\n|turn|7\n|inactive|Time left: 300 sec this turn | 300 sec total\n|\n|t:|1783563825\n|switch|p1a: Gastrodon|Gastrodon-East, L86, F|100/100\n|move|p2a: Scizor|U-turn|p1a: Gastrodon\n|-damage|p1a: Gastrodon|69/100\n|inactive|Time left: 300 sec this turn | 300 sec total | 5 sec grace\n|\n|t:|1783563826\n|switch|p2a: Cryogonal|Cryogonal, L89|287/287|[from] U-turn\n|\n|-heal|p1a: Gastrodon|75/100|[from] item: Leftovers\n|upkeep\n|turn|8\n|inactive|Time left: 300 sec this turn | 300 sec total\n|\n|t:|1783563827\n|switch|p1a: Infernape|Infernape, L82, F|100/100\n|move|p2a: Cryogonal|Freeze-Dry|p1a: Infernape\n|-resisted|p1a: Infernape\n|-damage|p1a: Infernape|82/100\n|-status|p1a: Infernape|frz\n|\n|upkeep\n|turn|9\n|inactive|Time left: 300 sec this turn | 300 sec total\n|\n|t:|1783563829\n|switch|p2a: Cyclizar|Cyclizar, L84, M|212/255\n|cant|p1a: Infernape|frz\n|\n|upkeep\n|turn|10\n|inactive|Time left: 300 sec this turn | 300 sec total\n|\n|t:|1783563830\n|switch|p1a: Gastrodon|Gastrodon-East, L86, F|75/100\n|move|p2a: Cyclizar|Knock Off|p1a: Gastrodon\n|-damage|p1a: Gastrodon|53/100\n|-enditem|p1a: Gastrodon|Leftovers|[from] move: Knock Off|[of] p2a: Cyclizar\n|\n|upkeep\n|turn|11\n|inactive|Time left: 300 sec this turn | 300 sec total\n|\n|t:|1783563831\n|switch|p2a: Hitmonlee|Hitmonlee, L85, M|224/224\n|move|p1a: Gastrodon|Recover|p1a: Gastrodon\n|-heal|p1a: Gastrodon|100/100\n|\n|upkeep\n|turn|12\n|inactive|Time left: 300 sec this turn | 300 sec total\n|\n|t:|1783563832\n|move|p2a: Hitmonlee|Swords Dance|p2a: Hitmonlee\n|-boost|p2a: Hitmonlee|atk|2\n|move|p1a: Gastrodon|Earthquake|p2a: Hitmonlee\n|-damage|p2a: Hitmonlee|73/224\n|\n|upkeep\n|turn|13\n|inactive|Time left: 300 sec this turn | 300 sec total\n|\n|t:|1783563833\n|switch|p1a: Clodsire|Clodsire, L81, F|100/100\n|move|p2a: Hitmonlee|Close Combat|p1a: Clodsire\n|-resisted|p1a: Clodsire\n|-damage|p1a: Clodsire|70/100\n|-unboost|p2a: Hitmonlee|def|1\n|-unboost|p2a: Hitmonlee|spd|1\n|-enditem|p2a: Hitmonlee|White Herb\n|-clearnegativeboost|p2a: Hitmonlee|[silent]\n|\n|-heal|p1a: Clodsire|76/100|[from] item: Leftovers\n|upkeep\n|turn|14\n|inactive|Time left: 300 sec this turn | 300 sec total\n|\n|t:|1783563834\n|-terastallize|p2a: Hitmonlee|Fighting\n|move|p2a: Hitmonlee|Close Combat|p1a: Clodsire\n|-resisted|p1a: Clodsire\n|-damage|p1a: Clodsire|35/100\n|-unboost|p2a: Hitmonlee|def|1\n|-unboost|p2a: Hitmonlee|spd|1\n|move|p1a: Clodsire|Earthquake|p2a: Hitmonlee\n|-damage|p2a: Hitmonlee|0 fnt\n|faint|p2a: Hitmonlee\n|\n|-heal|p1a: Clodsire|42/100|[from] item: Leftovers\n|upkeep\n|inactive|Time left: 300 sec this turn | 300 sec total | 5 sec grace\n|\n|t:|1783563835\n|switch|p2a: Cryogonal|Cryogonal, L89|287/287\n|turn|15\n|inactive|Time left: 300 sec this turn | 300 sec total\n|\n|t:|1783563836\n|switch|p1a: Infernape|Infernape, L82, F|82/100 frz\n|move|p2a: Cryogonal|Freeze-Dry|p1a: Infernape\n|-resisted|p1a: Infernape\n|-damage|p1a: Infernape|65/100 frz\n|\n|upkeep\n|turn|16\n|inactive|Time left: 300 sec this turn | 300 sec total\n|\n|t:|1783563837\n|switch|p2a: Cyclizar|Cyclizar, L84, M|255/255\n|cant|p1a: Infernape|frz\n|\n|upkeep\n|turn|17\n|inactive|Time left: 300 sec this turn | 300 sec total\n|\n|t:|1783563838\n|move|p2a: Cyclizar|Knock Off|p1a: Infernape\n|-resisted|p1a: Infernape\n|-damage|p1a: Infernape|49/100 frz\n|-enditem|p1a: Infernape|Life Orb|[from] move: Knock Off|[of] p2a: Cyclizar\n|-curestatus|p1a: Infernape|frz|[msg]\n|move|p1a: Infernape|Close Combat|p2a: Cyclizar\n|-supereffective|p2a: Cyclizar\n|-damage|p2a: Cyclizar|0 fnt\n|-unboost|p1a: Infernape|def|1\n|-unboost|p1a: Infernape|spd|1\n|faint|p2a: Cyclizar\n|\n|upkeep\n|inactive|Time left: 300 sec this turn | 300 sec total | 5 sec grace\n|\n|t:|1783563839\n|switch|p2a: Tropius|Tropius, L91, M|328/328\n|turn|18\n|inactive|Time left: 300 sec this turn | 300 sec total\n|\n|t:|1783563840\n|move|p1a: Infernape|Overheat|p2a: Tropius\n|-supereffective|p2a: Tropius\n|-damage|p2a: Tropius|50/328\n|-unboost|p1a: Infernape|spa|2\n|-enditem|p2a: Tropius|Sitrus Berry|[eat]\n|-heal|p2a: Tropius|132/328|[from] item: Sitrus Berry\n|move|p2a: Tropius|Air Slash|p1a: Infernape\n|-supereffective|p1a: Infernape\n|-damage|p1a: Infernape|0 fnt\n|faint|p1a: Infernape\n|\n|upkeep\n|\n|t:|1783563840\n|switch|p1a: Clodsire|Clodsire, L81, F|42/100\n|turn|19\n|inactive|Time left: 300 sec this turn | 300 sec total\n|\n|t:|1783563842\n|move|p2a: Tropius|Leech Seed|p1a: Clodsire\n|-start|p1a: Clodsire|move: Leech Seed\n|move|p1a: Clodsire|Recover|p1a: Clodsire\n|-heal|p1a: Clodsire|92/100\n|\n|-heal|p1a: Clodsire|98/100|[from] item: Leftovers\n|-damage|p1a: Clodsire|86/100|[from] Leech Seed|[of] p2a: Tropius\n|-heal|p2a: Tropius|174/328|[silent]\n|-item|p2a: Tropius|Sitrus Berry|[from] ability: Harvest\n|upkeep\n|turn|20\n|inactive|Time left: 300 sec this turn | 300 sec total\n|\n|t:|1783563843\n|switch|p1a: Venusaur|Venusaur, L84, F|100/100\n|move|p2a: Tropius|Air Slash|p1a: Venusaur\n|-supereffective|p1a: Venusaur\n|-damage|p1a: Venusaur|50/100\n|\n|-heal|p1a: Venusaur|56/100|[from] item: Leftovers\n|upkeep\n|turn|21\n|inactive|Time left: 300 sec this turn | 300 sec total\n|\n|t:|1783563844\n|switch|p2a: Cryogonal|Cryogonal, L89|287/287\n|move|p1a: Venusaur|Synthesis|p1a: Venusaur\n|-heal|p1a: Venusaur|100/100\n|\n|upkeep\n|turn|22\n|inactive|Time left: 300 sec this turn | 300 sec total\n|\n|t:|1783563845\n|move|p2a: Cryogonal|Freeze-Dry|p1a: Venusaur\n|-supereffective|p1a: Venusaur\n|-damage|p1a: Venusaur|50/100\n|move|p1a: Venusaur|Synthesis|p1a: Venusaur\n|-heal|p1a: Venusaur|99/100\n|\n|-heal|p1a: Venusaur|100/100|[from] item: Leftovers\n|upkeep\n|turn|23\n|inactive|Time left: 300 sec this turn | 300 sec total\n|\n|t:|1783563846\n|move|p2a: Cryogonal|Freeze-Dry|p1a: Venusaur\n|-supereffective|p1a: Venusaur\n|-damage|p1a: Venusaur|47/100\n|move|p1a: Venusaur|Synthesis|p1a: Venusaur\n|-heal|p1a: Venusaur|97/100\n|\n|-heal|p1a: Venusaur|100/100|[from] item: Leftovers\n|upkeep\n|turn|24\n|inactive|Time left: 300 sec this turn | 300 sec total\n|\n|t:|1783563847\n|move|p2a: Cryogonal|Freeze-Dry|p1a: Venusaur\n|-supereffective|p1a: Venusaur\n|-damage|p1a: Venusaur|47/100\n|move|p1a: Venusaur|Synthesis|p1a: Venusaur\n|-heal|p1a: Venusaur|97/100\n|\n|-heal|p1a: Venusaur|100/100|[from] item: Leftovers\n|upkeep\n|turn|25\n|inactive|Time left: 300 sec this turn | 300 sec total\n|\n|t:|1783563848\n|move|p2a: Cryogonal|Freeze-Dry|p1a: Venusaur\n|-supereffective|p1a: Venusaur\n|-damage|p1a: Venusaur|42/100\n|move|p1a: Venusaur|Synthesis|p1a: Venusaur\n|-heal|p1a: Venusaur|92/100\n|\n|-heal|p1a: Venusaur|99/100|[from] item: Leftovers\n|upkeep\n|turn|26\n|inactive|Time left: 300 sec this turn | 300 sec total\n|\n|t:|1783563849\n|move|p2a: Cryogonal|Freeze-Dry|p1a: Venusaur\n|-supereffective|p1a: Venusaur\n|-damage|p1a: Venusaur|47/100\n|move|p1a: Venusaur|Synthesis|p1a: Venusaur\n|-heal|p1a: Venusaur|97/100\n|\n|-heal|p1a: Venusaur|100/100|[from] item: Leftovers\n|upkeep\n|turn|27\n|inactive|Time left: 300 sec this turn | 300 sec total\n|\n|t:|1783563850\n|move|p2a: Cryogonal|Freeze-Dry|p1a: Venusaur\n|-supereffective|p1a: Venusaur\n|-damage|p1a: Venusaur|42/100\n|move|p1a: Venusaur|Synthesis|p1a: Venusaur\n|-heal|p1a: Venusaur|92/100\n|\n|-heal|p1a: Venusaur|99/100|[from] item: Leftovers\n|upkeep\n|turn|28\n|inactive|Time left: 300 sec this turn | 300 sec total\n|\n|t:|1783563851\n|move|p2a: Cryogonal|Freeze-Dry|p1a: Venusaur\n|-supereffective|p1a: Venusaur\n|-damage|p1a: Venusaur|46/100\n|move|p1a: Venusaur|Synthesis|p1a: Venusaur\n|-heal|p1a: Venusaur|96/100\n|\n|-heal|p1a: Venusaur|100/100|[from] item: Leftovers\n|upkeep\n|turn|29\n|inactive|Time left: 300 sec this turn | 300 sec total\n|\n|t:|1783563851\n|move|p2a: Cryogonal|Freeze-Dry|p1a: Venusaur\n|-supereffective|p1a: Venusaur\n|-damage|p1a: Venusaur|48/100\n|move|p1a: Venusaur|Toxic|p2a: Cryogonal\n|-status|p2a: Cryogonal|tox\n|\n|-heal|p1a: Venusaur|54/100|[from] item: Leftovers\n|-damage|p2a: Cryogonal|270/287 tox|[from] psn\n|upkeep\n|turn|30\n|inactive|Time left: 300 sec this turn | 300 sec total\n|\n|t:|1783563852\n|switch|p1a: Clodsire|Clodsire, L81, F|86/100\n|move|p2a: Cryogonal|Freeze-Dry|p1a: Clodsire\n|-supereffective|p1a: Clodsire\n|-damage|p1a: Clodsire|41/100\n|\n|-heal|p1a: Clodsire|47/100|[from] item: Leftovers\n|-damage|p2a: Cryogonal|236/287 tox|[from] psn\n|upkeep\n|turn|31\n|inactive|Time left: 300 sec this turn | 300 sec total\n|\n|t:|1783563853\n|move|p2a: Cryogonal|Freeze-Dry|p1a: Clodsire\n|-supereffective|p1a: Clodsire\n|-damage|p1a: Clodsire|4/100\n|move|p1a: Clodsire|Recover|p1a: Clodsire\n|-heal|p1a: Clodsire|54/100\n|\n|-heal|p1a: Clodsire|60/100|[from] item: Leftovers\n|-damage|p2a: Cryogonal|185/287 tox|[from] psn\n|upkeep\n|turn|32\n|inactive|Time left: 300 sec this turn | 300 sec total\n|\n|t:|1783563854\n|move|p2a: Cryogonal|Freeze-Dry|p1a: Clodsire\n|-supereffective|p1a: Clodsire\n|-damage|p1a: Clodsire|18/100\n|move|p1a: Clodsire|Recover|p1a: Clodsire\n|-heal|p1a: Clodsire|68/100\n|\n|-heal|p1a: Clodsire|74/100|[from] item: Leftovers\n|-damage|p2a: Cryogonal|117/287 tox|[from] psn\n|upkeep\n|turn|33\n|inactive|Time left: 300 sec this turn | 300 sec total\n|\n|t:|1783563856\n|move|p2a: Cryogonal|Freeze-Dry|p1a: Clodsire\n|-supereffective|p1a: Clodsire\n|-damage|p1a: Clodsire|31/100\n|move|p1a: Clodsire|Recover|p1a: Clodsire\n|-heal|p1a: Clodsire|81/100\n|\n|-heal|p1a: Clodsire|87/100|[from] item: Leftovers\n|-damage|p2a: Cryogonal|32/287 tox|[from] psn\n|upkeep\n|turn|34\n|inactive|Time left: 300 sec this turn | 300 sec total\n|\n|t:|1783563857\n|move|p2a: Cryogonal|Freeze-Dry|p1a: Clodsire\n|-supereffective|p1a: Clodsire\n|-crit|p1a: Clodsire\n|-damage|p1a: Clodsire|24/100\n|move|p1a: Clodsire|Recover|p1a: Clodsire\n|-heal|p1a: Clodsire|74/100\n|\n|-heal|p1a: Clodsire|80/100|[from] item: Leftovers\n|-damage|p2a: Cryogonal|0 fnt|[from] psn\n|faint|p2a: Cryogonal\n|upkeep\n|inactive|Time left: 300 sec this turn | 300 sec total | 5 sec grace\n|\n|t:|1783563858\n|switch|p2a: Tropius|Tropius, L91, M|174/328\n|turn|35\n|inactive|Time left: 300 sec this turn | 300 sec total\n|\n|t:|1783563859\n|move|p2a: Tropius|Substitute|p2a: Tropius\n|-start|p2a: Tropius|Substitute\n|-damage|p2a: Tropius|92/328\n|-enditem|p2a: Tropius|Sitrus Berry|[eat]\n|-heal|p2a: Tropius|174/328|[from] item: Sitrus Berry\n|move|p1a: Clodsire|Poison Jab|p2a: Tropius\n|-supereffective|p2a: Tropius\n|-crit|p2a: Tropius\n|-end|p2a: Tropius|Substitute\n|\n|-heal|p1a: Clodsire|86/100|[from] item: Leftovers\n|upkeep\n|turn|36\n|inactive|Time left: 300 sec this turn | 300 sec total\n|\n|t:|1783563860\n|move|p2a: Tropius|Leech Seed|p1a: Clodsire\n|-start|p1a: Clodsire|move: Leech Seed\n|move|p1a: Clodsire|Poison Jab|p2a: Tropius\n|-supereffective|p2a: Tropius\n|-damage|p2a: Tropius|46/328\n|-status|p2a: Tropius|psn\n|\n|-heal|p1a: Clodsire|92/100|[from] item: Leftovers\n|-damage|p1a: Clodsire|80/100|[from] Leech Seed|[of] p2a: Tropius\n|-heal|p2a: Tropius|88/328 psn|[silent]\n|-damage|p2a: Tropius|47/328 psn|[from] psn\n|upkeep\n|turn|37\n|inactive|Time left: 300 sec this turn | 300 sec total\n|\n|t:|1783563861\n|switch|p2a: Scizor|Scizor, L79, F|160/240\n|switch|p1a: Gastrodon|Gastrodon-East, L86, F|100/100\n|\n|upkeep\n|turn|38\n|inactive|Time left: 300 sec this turn | 300 sec total\n|\n|t:|1783563862\n|move|p2a: Scizor|U-turn|p1a: Gastrodon\n|-damage|p1a: Gastrodon|71/100\n|inactive|Time left: 300 sec this turn | 300 sec total | 5 sec grace\n|\n|t:|1783563862\n|switch|p2a: Tropius|Tropius, L91, M|47/328 psn|[from] U-turn\n|move|p1a: Gastrodon|Surf|p2a: Tropius\n|-resisted|p2a: Tropius\n|-damage|p2a: Tropius|0 fnt\n|faint|p2a: Tropius\n|\n|upkeep\n|inactive|Time left: 300 sec this turn | 300 sec total | 10 sec grace\n|\n|t:|1783563863\n|switch|p2a: Scizor|Scizor, L79, F|160/240\n|turn|39\n|inactive|Time left: 300 sec this turn | 300 sec total\n|\n|t:|1783563864\n|move|p2a: Scizor|U-turn|p1a: Gastrodon\n|-damage|p1a: Gastrodon|41/100\n|move|p1a: Gastrodon|Surf|p2a: Scizor\n|-damage|p2a: Scizor|43/240\n|\n|upkeep\n|turn|40\n|inactive|Time left: 300 sec this turn | 300 sec total\n|\n|t:|1783563865\n|move|p2a: Scizor|Close Combat|p1a: Gastrodon\n|-damage|p1a: Gastrodon|6/100\n|-unboost|p2a: Scizor|def|1\n|-unboost|p2a: Scizor|spd|1\n|move|p1a: Gastrodon|Earthquake|p2a: Scizor\n|-crit|p2a: Scizor\n|-damage|p2a: Scizor|0 fnt\n|faint|p2a: Scizor\n|\n|win|p0x212589fe", "uploadtime": 1783563865, "views": 0, "rating": 0, "private": 0, "password": null, "_winner": "p0x212589fe", "_our_name": "p0y2125bbef"}