{"id": "battle-gen9randombattle-1409", "formatid": "gen9randombattle", "format": "[Gen 9] Random Battle", "players": ["p0x14094ddf", "p0y14098a34"], "log": "|init|battle\n|title|p0x14094ddf vs. p0y14098a34\n|j|\u2606p0x14094ddf\n|j|\u2606p0y14098a34\n|t:|1783555429\n|gametype|singles\n|player|p1|p0x14094ddf|101|\n|player|p2|p0y14098a34|266|\n|gen|9\n|tier|[Gen 9] Random Battle\n|rule|Species Clause: Limit one of each Pok\u00e9mon\n|rule|HP Percentage Mod: HP is shown in percentages\n|rule|Sleep Clause Mod: Limit one foe put to sleep\n|rule|Illusion Level Mod: Illusion disguises the Pok\u00e9mon's true level\n|\n|t:|1783555429\n|teamsize|p1|6\n|teamsize|p2|6\n|start\n|switch|p1a: Arbok|Arbok, L87, F|246/246\n|switch|p2a: Iron Moth|Iron Moth, L78|100/100\n|-ability|p1a: Arbok|Intimidate|boost\n|-unboost|p2a: Iron Moth|atk|1\n|turn|1\n|inactive|Battle timer is ON: inactive players will automatically lose when time's up. (requested by p0y14098a34)\n|inactive|Time left: 300 sec this turn | 300 sec total | 60 sec grace\n|inactive|p0x14094ddf also wants the timer to be on.\n|\n|t:|1783555431\n|-end|p2a: Iron Moth|Quark Drive|[silent]\n|switch|p2a: Kleavor|Kleavor, L78, F|100/100\n|move|p1a: Arbok|Earthquake|p2a: Kleavor\n|-damage|p2a: Kleavor|69/100\n|\n|upkeep\n|turn|2\n|inactive|Time left: 300 sec this turn | 300 sec total\n|\n|t:|1783555433\n|move|p1a: Arbok|Coil|p1a: Arbok\n|-boost|p1a: Arbok|atk|1\n|-boost|p1a: Arbok|def|1\n|-boost|p1a: Arbok|accuracy|1\n|move|p2a: Kleavor|Stone Axe|p1a: Arbok\n|-damage|p1a: Arbok|153/246\n|-sidestart|p1: p0x14094ddf|move: Stealth Rock\n|\n|-heal|p1a: Arbok|168/246|[from] item: Leftovers\n|upkeep\n|turn|3\n|inactive|Time left: 300 sec this turn | 300 sec total\n|\n|t:|1783555434\n|move|p1a: Arbok|Earthquake|p2a: Kleavor\n|-damage|p2a: Kleavor|19/100\n|move|p2a: Kleavor|Swords Dance|p2a: Kleavor\n|-boost|p2a: Kleavor|atk|2\n|\n|-heal|p1a: Arbok|183/246|[from] item: Leftovers\n|upkeep\n|turn|4\n|inactive|Time left: 300 sec this turn | 300 sec total\n|\n|t:|1783555435\n|move|p1a: Arbok|Trailblaze|p2a: Kleavor\n|-damage|p2a: Kleavor|0 fnt\n|-boost|p1a: Arbok|spe|1\n|faint|p2a: Kleavor\n|\n|-heal|p1a: Arbok|198/246|[from] item: Leftovers\n|upkeep\n|\n|t:|1783555436\n|switch|p2a: Delphox|Delphox, L84, F|100/100\n|turn|5\n|inactive|Time left: 300 sec this turn | 300 sec total\n|\n|t:|1783555438\n|move|p1a: Arbok|Earthquake|p2a: Delphox\n|-supereffective|p2a: Delphox\n|-damage|p2a: Delphox|11/100\n|move|p2a: Delphox|Fire Blast|p1a: Arbok|[miss]\n|-miss|p2a: Delphox|p1a: Arbok\n|\n|-heal|p1a: Arbok|213/246|[from] item: Leftovers\n|upkeep\n|turn|6\n|inactive|Time left: 300 sec this turn | 300 sec total\n|\n|t:|1783555439\n|move|p1a: Arbok|Earthquake|p2a: Delphox\n|-supereffective|p2a: Delphox\n|-damage|p2a: Delphox|0 fnt\n|faint|p2a: Delphox\n|\n|-heal|p1a: Arbok|228/246|[from] item: Leftovers\n|upkeep\n|\n|t:|1783555440\n|switch|p2a: Tauros|Tauros-Paldea-Aqua, L81, M|100/100\n|turn|7\n|inactive|Time left: 300 sec this turn | 300 sec total\n|\n|t:|1783555441\n|move|p1a: Arbok|Coil|p1a: Arbok\n|-boost|p1a: Arbok|atk|1\n|-boost|p1a: Arbok|def|1\n|-boost|p1a: Arbok|accuracy|1\n|move|p2a: Tauros|Bulk Up|p2a: Tauros\n|-boost|p2a: Tauros|atk|1\n|-boost|p2a: Tauros|def|1\n|\n|-heal|p1a: Arbok|243/246|[from] item: Leftovers\n|upkeep\n|turn|8\n|inactive|Time left: 300 sec this turn | 300 sec total\n|\n|t:|1783555442\n|move|p1a: Arbok|Trailblaze|p2a: Tauros\n|-supereffective|p2a: Tauros\n|-damage|p2a: Tauros|63/100\n|-boost|p1a: Arbok|spe|1\n|move|p2a: Tauros|Bulk Up|p2a: Tauros\n|-boost|p2a: Tauros|atk|1\n|-boost|p2a: Tauros|def|1\n|\n|-heal|p1a: Arbok|246/246|[from] item: Leftovers\n|upkeep\n|turn|9\n|inactive|Time left: 300 sec this turn | 300 sec total\n|\n|t:|1783555443\n|move|p1a: Arbok|Gunk Shot|p2a: Tauros\n|-damage|p2a: Tauros|16/100\n|-status|p2a: Tauros|psn\n|-enditem|p2a: Tauros|Sitrus Berry|[eat]\n|-heal|p2a: Tauros|41/100 psn|[from] item: Sitrus Berry\n|move|p2a: Tauros|Liquidation|p1a: Arbok\n|-damage|p1a: Arbok|131/246\n|\n|-heal|p1a: Arbok|146/246|[from] item: Leftovers\n|-damage|p2a: Tauros|28/100 psn|[from] psn\n|upkeep\n|turn|10\n|inactive|Time left: 300 sec this turn | 300 sec total\n|\n|t:|1783555445\n|move|p1a: Arbok|Earthquake|p2a: Tauros\n|-damage|p2a: Tauros|0 fnt\n|faint|p2a: Tauros\n|\n|-heal|p1a: Arbok|161/246|[from] item: Leftovers\n|upkeep\n|\n|t:|1783555446\n|switch|p2a: Comfey|Comfey, L85, M|100/100\n|turn|11\n|inactive|Time left: 300 sec this turn | 300 sec total\n|\n|t:|1783555447\n|-terastallize|p2a: Comfey|Ground\n|move|p1a: Arbok|Earthquake|p2a: Comfey\n|-damage|p2a: Comfey|36/100\n|move|p2a: Comfey|Tera Blast|p1a: Arbok|[anim] Tera Blast Ground\n|-supereffective|p1a: Arbok\n|-damage|p1a: Arbok|11/246\n|\n|-heal|p1a: Arbok|26/246|[from] item: Leftovers\n|-heal|p2a: Comfey|42/100|[from] item: Leftovers\n|upkeep\n|turn|12\n|inactive|Time left: 300 sec this turn | 300 sec total\n|\n|t:|1783555448\n|move|p2a: Comfey|Draining Kiss|p1a: Arbok\n|-resisted|p1a: Arbok\n|-damage|p1a: Arbok|1/246\n|-heal|p2a: Comfey|51/100|[from] drain|[of] p1a: Arbok\n|move|p1a: Arbok|Earthquake|p2a: Comfey\n|-damage|p2a: Comfey|0 fnt\n|faint|p2a: Comfey\n|\n|-heal|p1a: Arbok|16/246|[from] item: Leftovers\n|upkeep\n|\n|t:|1783555449\n|switch|p2a: Brute Bonnet|Brute Bonnet, L80|100/100\n|turn|13\n|inactive|Time left: 300 sec this turn | 300 sec total\n|\n|t:|1783555450\n|move|p2a: Brute Bonnet|Sucker Punch||[still]\n|-fail|p2a: Brute Bonnet\n|move|p1a: Arbok|Coil|p1a: Arbok\n|-boost|p1a: Arbok|atk|1\n|-boost|p1a: Arbok|def|1\n|-boost|p1a: Arbok|accuracy|1\n|\n|-heal|p1a: Arbok|31/246|[from] item: Leftovers\n|upkeep\n|turn|14\n|inactive|Time left: 300 sec this turn | 300 sec total\n|\n|t:|1783555451\n|move|p2a: Brute Bonnet|Sucker Punch||[still]\n|-fail|p2a: Brute Bonnet\n|move|p1a: Arbok|Coil|p1a: Arbok\n|-boost|p1a: Arbok|atk|1\n|-boost|p1a: Arbok|def|1\n|-boost|p1a: Arbok|accuracy|1\n|\n|-heal|p1a: Arbok|46/246|[from] item: Leftovers\n|upkeep\n|turn|15\n|inactive|Time left: 300 sec this turn | 300 sec total\n|\n|t:|1783555452\n|move|p2a: Brute Bonnet|Sucker Punch|p1a: Arbok\n|-damage|p1a: Arbok|12/246\n|move|p1a: Arbok|Gunk Shot|p2a: Brute Bonnet\n|-supereffective|p2a: Brute Bonnet\n|-damage|p2a: Brute Bonnet|0 fnt\n|faint|p2a: Brute Bonnet\n|-end|p2a: Brute Bonnet|Protosynthesis|[silent]\n|\n|-heal|p1a: Arbok|27/246|[from] item: Leftovers\n|upkeep\n|\n|t:|1783555453\n|switch|p2a: Iron Moth|Iron Moth, L78|100/100\n|turn|16\n|inactive|Time left: 300 sec this turn | 300 sec total\n|\n|t:|1783555454\n|-terastallize|p1a: Arbok|Ground\n|move|p1a: Arbok|Earthquake|p2a: Iron Moth\n|-supereffective|p2a: Iron Moth\n|-damage|p2a: Iron Moth|0 fnt\n|faint|p2a: Iron Moth\n|-end|p2a: Iron Moth|Quark Drive|[silent]\n|\n|win|p0x14094ddf", "uploadtime": 1783555454, "views": 0, "rating": 0, "private": 0, "password": null, "_winner": "p0x14094ddf", "_our_name": "p0x14094ddf"}