{"id": "battle-gen9randombattle-922", "formatid": "gen9randombattle", "format": "[Gen 9] Random Battle", "players": ["p0x922c80c", "p0y9228470"], "log": "|init|battle\n|title|p0x922c80c vs. p0y9228470\n|j|\u2606p0x922c80c\n|j|\u2606p0y9228470\n|t:|1783550585\n|gametype|singles\n|player|p1|p0x922c80c|265|\n|player|p2|p0y9228470|1|\n|gen|9\n|tier|[Gen 9] Random Battle\n|rule|Species Clause: Limit one of each Pok\u00e9mon\n|rule|HP Percentage Mod: HP is shown in percentages\n|rule|Sleep Clause Mod: Limit one foe put to sleep\n|rule|Illusion Level Mod: Illusion disguises the Pok\u00e9mon's true level\n|\n|t:|1783550585\n|teamsize|p1|6\n|teamsize|p2|6\n|start\n|switch|p1a: Palkia|Palkia-Origin, L72|100/100\n|switch|p2a: Terrakion|Terrakion, L79|273/273\n|-ability|p1a: Palkia|Pressure\n|turn|1\n|inactive|Battle timer is ON: inactive players will automatically lose when time's up. (requested by p0y9228470)\n|inactive|p0x922c80c also wants the timer to be on.\n|\n|t:|1783550586\n|move|p2a: Terrakion|Close Combat|p1a: Palkia\n|-damage|p1a: Palkia|19/100\n|-unboost|p2a: Terrakion|def|1\n|-unboost|p2a: Terrakion|spd|1\n|-damage|p2a: Terrakion|246/273|[from] item: Life Orb\n|move|p1a: Palkia|Hydro Pump|p2a: Terrakion|[miss]\n|-miss|p1a: Palkia|p2a: Terrakion\n|\n|upkeep\n|turn|2\n|inactive|Time left: 300 sec this turn | 300 sec total\n|\n|t:|1783550588\n|move|p2a: Terrakion|Earthquake|p1a: Palkia\n|-damage|p1a: Palkia|0 fnt\n|faint|p1a: Palkia\n|-damage|p2a: Terrakion|219/273|[from] item: Life Orb\n|\n|upkeep\n|\n|t:|1783550588\n|switch|p1a: Mesprit|Mesprit, L85|100/100\n|turn|3\n|inactive|Time left: 300 sec this turn | 300 sec total\n|\n|t:|1783550590\n|switch|p2a: Espathra|Espathra, L80, F|283/283\n|move|p1a: Mesprit|Psychic|p2a: Espathra\n|-resisted|p2a: Espathra\n|-damage|p2a: Espathra|175/283\n|\n|upkeep\n|turn|4\n|inactive|Time left: 300 sec this turn | 300 sec total\n|\n|t:|1783550591\n|move|p2a: Espathra|Shadow Ball|p1a: Mesprit\n|-supereffective|p1a: Mesprit\n|-damage|p1a: Mesprit|47/100\n|move|p1a: Mesprit|Psychic|p2a: Espathra\n|-resisted|p2a: Espathra\n|-damage|p2a: Espathra|66/283\n|\n|-ability|p2a: Espathra|Speed Boost|boost\n|-boost|p2a: Espathra|spe|1\n|upkeep\n|turn|5\n|inactive|Time left: 300 sec this turn | 300 sec total\n|\n|t:|1783550593\n|switch|p1a: Ursaring|Ursaring, L84, F|100/100\n|move|p2a: Espathra|Shadow Ball|p1a: Ursaring\n|-immune|p1a: Ursaring\n|\n|-ability|p2a: Espathra|Speed Boost|boost\n|-boost|p2a: Espathra|spe|1\n|-status|p1a: Ursaring|tox|[from] item: Toxic Orb\n|upkeep\n|turn|6\n|inactive|Time left: 300 sec this turn | 300 sec total\n|\n|t:|1783550594\n|switch|p2a: Sinistcha|Sinistcha-Masterpiece, L83|254/254\n|move|p1a: Ursaring|Facade|p2a: Sinistcha\n|-immune|p2a: Sinistcha\n|\n|-damage|p1a: Ursaring|94/100 tox|[from] psn\n|upkeep\n|turn|7\n|inactive|Time left: 300 sec this turn | 300 sec total\n|\n|t:|1783550595\n|move|p1a: Ursaring|Swords Dance|p1a: Ursaring\n|-boost|p1a: Ursaring|atk|2\n|move|p2a: Sinistcha|Matcha Gotcha|p1a: Ursaring\n|-damage|p1a: Ursaring|56/100 tox\n|\n|-damage|p1a: Ursaring|43/100 tox|[from] psn\n|upkeep\n|turn|8\n|inactive|Time left: 300 sec this turn | 300 sec total\n|\n|t:|1783550596\n|move|p1a: Ursaring|Throat Chop|p2a: Sinistcha\n|-supereffective|p2a: Sinistcha\n|-damage|p2a: Sinistcha|0 fnt\n|faint|p2a: Sinistcha\n|\n|-damage|p1a: Ursaring|24/100 tox|[from] psn\n|upkeep\n|inactive|Time left: 300 sec this turn | 300 sec total | 5 sec grace\n|\n|t:|1783550597\n|switch|p2a: Espathra|Espathra, L80, F|66/283\n|turn|9\n|inactive|Time left: 300 sec this turn | 300 sec total\n|\n|t:|1783550598\n|switch|p1a: Reuniclus|Reuniclus, L88, M|100/100\n|move|p2a: Espathra|Lumina Crash|p1a: Reuniclus\n|-resisted|p1a: Reuniclus\n|-damage|p1a: Reuniclus|84/100\n|-unboost|p1a: Reuniclus|spd|2\n|\n|-ability|p2a: Espathra|Speed Boost|boost\n|-boost|p2a: Espathra|spe|1\n|upkeep\n|turn|10\n|inactive|Time left: 300 sec this turn | 300 sec total\n|\n|t:|1783550599\n|move|p2a: Espathra|Lumina Crash|p1a: Reuniclus\n|-resisted|p1a: Reuniclus\n|-damage|p1a: Reuniclus|49/100\n|-unboost|p1a: Reuniclus|spd|2\n|move|p1a: Reuniclus|Psychic|p2a: Espathra\n|-resisted|p2a: Espathra\n|-damage|p2a: Espathra|0 fnt\n|faint|p2a: Espathra\n|\n|upkeep\n|inactive|Time left: 300 sec this turn | 300 sec total | 5 sec grace\n|\n|t:|1783550600\n|switch|p2a: Basculegion|Basculegion-F, L83, F|335/335\n|turn|11\n|inactive|Time left: 300 sec this turn | 300 sec total\n|\n|t:|1783550601\n|switch|p1a: Ursaring|Ursaring, L84, F|24/100 tox\n|move|p2a: Basculegion|Hydro Pump|p1a: Ursaring|[miss]\n|-miss|p2a: Basculegion|p1a: Ursaring\n|\n|-damage|p1a: Ursaring|18/100 tox|[from] psn\n|upkeep\n|turn|12\n|inactive|Time left: 300 sec this turn | 300 sec total\n|\n|t:|1783550601\n|move|p1a: Ursaring|Throat Chop|p2a: Basculegion\n|-supereffective|p2a: Basculegion\n|-damage|p2a: Basculegion|153/335\n|-start|p2a: Basculegion|Throat Chop|[silent]\n|move|p2a: Basculegion|Hydro Pump|p1a: Ursaring\n|-damage|p1a: Ursaring|0 fnt\n|faint|p1a: Ursaring\n|\n|upkeep\n|\n|t:|1783550602\n|switch|p1a: Rayquaza|Rayquaza, L72|100/100\n|-ability|p1a: Rayquaza|Air Lock\n|turn|13\n|inactive|Time left: 300 sec this turn | 300 sec total\n|\n|t:|1783550603\n|move|p1a: Rayquaza|Dragon Dance|p1a: Rayquaza\n|-boost|p1a: Rayquaza|atk|1\n|-boost|p1a: Rayquaza|spe|1\n|move|p2a: Basculegion|Hydro Pump|p1a: Rayquaza\n|-resisted|p1a: Rayquaza\n|-damage|p1a: Rayquaza|50/100\n|\n|-end|p2a: Basculegion|Throat Chop|[silent]\n|upkeep\n|turn|14\n|inactive|Time left: 300 sec this turn | 300 sec total\n|\n|t:|1783550604\n|move|p1a: Rayquaza|Outrage|p2a: Basculegion\n|-damage|p2a: Basculegion|0 fnt\n|faint|p2a: Basculegion\n|\n|upkeep\n|inactive|Time left: 300 sec this turn | 300 sec total | 5 sec grace\n|\n|t:|1783550605\n|switch|p2a: Porygon-Z|Porygon-Z, L83|277/277\n|turn|15\n|inactive|Time left: 300 sec this turn | 300 sec total\n|\n|t:|1783550605\n|move|p1a: Rayquaza|Outrage|p2a: Porygon-Z|[from] lockedmove\n|-damage|p2a: Porygon-Z|34/277\n|move|p2a: Porygon-Z|Tera Blast|p1a: Rayquaza\n|-damage|p1a: Rayquaza|0 fnt\n|faint|p1a: Rayquaza\n|-damage|p2a: Porygon-Z|7/277|[from] item: Life Orb\n|\n|upkeep\n|\n|t:|1783550606\n|switch|p1a: Ludicolo|Ludicolo, L90, M|100/100\n|turn|16\n|inactive|Time left: 300 sec this turn | 300 sec total\n|\n|t:|1783550607\n|move|p2a: Porygon-Z|Tera Blast|p1a: Ludicolo\n|-damage|p1a: Ludicolo|43/100\n|-damage|p2a: Porygon-Z|0 fnt|[from] item: Life Orb\n|faint|p2a: Porygon-Z\n|move|p1a: Ludicolo|Rain Dance|p1a: Ludicolo\n|-weather|RainDance\n|\n|-weather|RainDance|[upkeep]\n|upkeep\n|inactive|Time left: 300 sec this turn | 300 sec total | 5 sec grace\n|\n|t:|1783550608\n|switch|p2a: Terrakion|Terrakion, L79|219/273\n|turn|17\n|inactive|Time left: 300 sec this turn | 300 sec total\n|\n|t:|1783550609\n|-terastallize|p2a: Terrakion|Fighting\n|move|p1a: Ludicolo|Giga Drain|p2a: Terrakion\n|-damage|p2a: Terrakion|94/273\n|-heal|p1a: Ludicolo|65/100|[from] drain|[of] p2a: Terrakion\n|-damage|p1a: Ludicolo|55/100|[from] item: Life Orb\n|move|p2a: Terrakion|Close Combat|p1a: Ludicolo\n|-damage|p1a: Ludicolo|0 fnt\n|-unboost|p2a: Terrakion|def|1\n|-unboost|p2a: Terrakion|spd|1\n|faint|p1a: Ludicolo\n|-damage|p2a: Terrakion|67/273|[from] item: Life Orb\n|\n|-weather|RainDance|[upkeep]\n|upkeep\n|\n|t:|1783550610\n|switch|p1a: Reuniclus|Reuniclus, L88, M|49/100\n|turn|18\n|inactive|Time left: 300 sec this turn | 300 sec total\n|\n|t:|1783550611\n|move|p2a: Terrakion|Stone Edge|p1a: Reuniclus\n|-damage|p1a: Reuniclus|0 fnt\n|faint|p1a: Reuniclus\n|-damage|p2a: Terrakion|40/273|[from] item: Life Orb\n|\n|-weather|RainDance|[upkeep]\n|upkeep\n|\n|t:|1783550612\n|switch|p1a: Mesprit|Mesprit, L85|47/100\n|turn|19\n|inactive|Time left: 300 sec this turn | 300 sec total\n|\n|t:|1783550613\n|switch|p2a: Drednaw|Drednaw, L81, M|278/278\n|move|p1a: Mesprit|Psychic|p2a: Drednaw\n|-damage|p2a: Drednaw|80/278\n|\n|-weather|RainDance|[upkeep]\n|upkeep\n|turn|20\n|inactive|Time left: 300 sec this turn | 300 sec total\n|\n|t:|1783550614\n|-terastallize|p1a: Mesprit|Fairy\n|move|p1a: Mesprit|Psychic|p2a: Drednaw\n|-damage|p2a: Drednaw|0 fnt\n|faint|p2a: Drednaw\n|\n|-weather|none\n|upkeep\n|inactive|Time left: 300 sec this turn | 300 sec total | 5 sec grace\n|\n|t:|1783550615\n|switch|p2a: Terrakion|Terrakion, L79, tera:Fighting|40/273\n|turn|21\n|inactive|Time left: 300 sec this turn | 300 sec total\n|\n|t:|1783550616\n|move|p2a: Terrakion|Stone Edge|p1a: Mesprit\n|-damage|p1a: Mesprit|0 fnt\n|faint|p1a: Mesprit\n|-damage|p2a: Terrakion|13/273|[from] item: Life Orb\n|\n|win|p0y9228470", "uploadtime": 1783550616, "views": 0, "rating": 0, "private": 0, "password": null, "_winner": "p0y9228470", "_our_name": "p0y9228470"}