{"id": "battle-gen9randombattle-1154", "formatid": "gen9randombattle", "format": "[Gen 9] Random Battle", "players": ["p0x1154a42e", "p0y1154230f"], "log": "|init|battle\n|title|p0x1154a42e vs. p0y1154230f\n|j|\u2606p0x1154a42e\n|j|\u2606p0y1154230f\n|t:|1783552515\n|gametype|singles\n|player|p1|p0x1154a42e|169|\n|player|p2|p0y1154230f|102|\n|gen|9\n|tier|[Gen 9] Random Battle\n|rule|Species Clause: Limit one of each Pok\u00e9mon\n|rule|HP Percentage Mod: HP is shown in percentages\n|rule|Sleep Clause Mod: Limit one foe put to sleep\n|rule|Illusion Level Mod: Illusion disguises the Pok\u00e9mon's true level\n|\n|t:|1783552515\n|teamsize|p1|6\n|teamsize|p2|6\n|start\n|switch|p1a: Polteageist|Polteageist-Antique, L78|100/100\n|switch|p2a: Infernape|Infernape, L82, M|259/259\n|turn|1\n|inactive|Battle timer is ON: inactive players will automatically lose when time's up. (requested by p0x1154a42e)\n|inactive|Time left: 300 sec this turn | 300 sec total | 60 sec grace\n|inactive|p0y1154230f also wants the timer to be on.\n|\n|t:|1783552516\n|move|p2a: Infernape|Knock Off|p1a: Polteageist\n|-supereffective|p1a: Polteageist\n|-damage|p1a: Polteageist|0 fnt\n|-enditem|p1a: Polteageist|White Herb|[from] move: Knock Off|[of] p2a: Infernape\n|faint|p1a: Polteageist\n|-damage|p2a: Infernape|234/259|[from] item: Life Orb\n|\n|upkeep\n|\n|t:|1783552517\n|switch|p1a: Garchomp|Garchomp, L74, M|100/100\n|turn|2\n|inactive|Time left: 300 sec this turn | 300 sec total\n|\n|t:|1783552519\n|switch|p2a: Staraptor|Staraptor, L79, F|263/263\n|move|p1a: Garchomp|Earthquake|p2a: Staraptor\n|-immune|p2a: Staraptor\n|\n|upkeep\n|turn|3\n|inactive|Time left: 300 sec this turn | 300 sec total\n|\n|t:|1783552520\n|-terastallize|p2a: Staraptor|Flying\n|move|p2a: Staraptor|Brave Bird|p1a: Garchomp\n|-damage|p1a: Garchomp|0 fnt\n|-damage|p2a: Staraptor|231/263|[from] ability: Rough Skin|[of] p1a: Garchomp\n|faint|p1a: Garchomp\n|-damage|p2a: Staraptor|138/263|[from] Recoil\n|\n|upkeep\n|\n|t:|1783552521\n|switch|p1a: Bellibolt|Bellibolt, L84, F|100/100\n|turn|4\n|inactive|Time left: 300 sec this turn | 300 sec total\n|\n|t:|1783552522\n|switch|p2a: Bellossom|Bellossom, L84, F|263/263\n|move|p1a: Bellibolt|Thunderbolt|p2a: Bellossom\n|-resisted|p2a: Bellossom\n|-damage|p2a: Bellossom|221/263\n|\n|-heal|p2a: Bellossom|237/263|[from] item: Leftovers\n|upkeep\n|turn|5\n|inactive|Time left: 300 sec this turn | 300 sec total\n|\n|t:|1783552523\n|move|p2a: Bellossom|Quiver Dance|p2a: Bellossom\n|-boost|p2a: Bellossom|spa|1\n|-boost|p2a: Bellossom|spd|1\n|-boost|p2a: Bellossom|spe|1\n|move|p1a: Bellibolt|Toxic|p2a: Bellossom|[miss]\n|-miss|p1a: Bellibolt|p2a: Bellossom\n|\n|-heal|p2a: Bellossom|253/263|[from] item: Leftovers\n|upkeep\n|turn|6\n|inactive|Time left: 300 sec this turn | 300 sec total\n|\n|t:|1783552524\n|switch|p1a: Abomasnow|Abomasnow, L84, F|100/100\n|-weather|Snowscape|[from] ability: Snow Warning|[of] p1a: Abomasnow\n|move|p2a: Bellossom|Quiver Dance|p2a: Bellossom\n|-boost|p2a: Bellossom|spa|1\n|-boost|p2a: Bellossom|spd|1\n|-boost|p2a: Bellossom|spe|1\n|\n|-weather|Snowscape|[upkeep]\n|-heal|p2a: Bellossom|263/263|[from] item: Leftovers\n|upkeep\n|turn|7\n|inactive|Time left: 300 sec this turn | 300 sec total\n|\n|t:|1783552525\n|move|p2a: Bellossom|Quiver Dance|p2a: Bellossom\n|-boost|p2a: Bellossom|spa|1\n|-boost|p2a: Bellossom|spd|1\n|-boost|p2a: Bellossom|spe|1\n|move|p1a: Abomasnow|Aurora Veil|p1a: Abomasnow\n|-sidestart|p1: p0x1154a42e|move: Aurora Veil\n|\n|-weather|Snowscape|[upkeep]\n|upkeep\n|turn|8\n|inactive|Time left: 300 sec this turn | 300 sec total\n|\n|t:|1783552526\n|move|p2a: Bellossom|Giga Drain|p1a: Abomasnow\n|-resisted|p1a: Abomasnow\n|-crit|p1a: Abomasnow\n|-damage|p1a: Abomasnow|49/100\n|move|p1a: Abomasnow|Blizzard|p2a: Bellossom\n|-supereffective|p2a: Bellossom\n|-damage|p2a: Bellossom|177/263\n|\n|-weather|Snowscape|[upkeep]\n|-heal|p2a: Bellossom|193/263|[from] item: Leftovers\n|upkeep\n|turn|9\n|inactive|Time left: 300 sec this turn | 300 sec total\n|\n|t:|1783552527\n|switch|p1a: Weezing|Weezing-Galar, L86, F|100/100\n|move|p2a: Bellossom|Strength Sap|p1a: Weezing\n|-unboost|p1a: Weezing|atk|1\n|-heal|p2a: Bellossom|263/263\n|\n|-weather|Snowscape|[upkeep]\n|upkeep\n|turn|10\n|inactive|Time left: 300 sec this turn | 300 sec total\n|\n|t:|1783552528\n|move|p2a: Bellossom|Strength Sap|p1a: Weezing\n|-unboost|p1a: Weezing|atk|1\n|move|p1a: Weezing|Gunk Shot|p2a: Bellossom\n|-supereffective|p2a: Bellossom\n|-damage|p2a: Bellossom|153/263\n|\n|-weather|none\n|-heal|p2a: Bellossom|169/263|[from] item: Leftovers\n|upkeep\n|turn|11\n|inactive|Time left: 300 sec this turn | 300 sec total\n|\n|t:|1783552530\n|move|p2a: Bellossom|Strength Sap|p1a: Weezing\n|-unboost|p1a: Weezing|atk|1\n|-heal|p2a: Bellossom|263/263\n|move|p1a: Weezing|Gunk Shot|p2a: Bellossom\n|-supereffective|p2a: Bellossom\n|-damage|p2a: Bellossom|165/263\n|\n|-heal|p2a: Bellossom|181/263|[from] item: Leftovers\n|upkeep\n|turn|12\n|inactive|Time left: 300 sec this turn | 300 sec total\n|\n|t:|1783552531\n|move|p2a: Bellossom|Strength Sap|p1a: Weezing\n|-unboost|p1a: Weezing|atk|1\n|-heal|p2a: Bellossom|262/263\n|move|p1a: Weezing|Gunk Shot|p2a: Bellossom|[miss]\n|-miss|p1a: Weezing|p2a: Bellossom\n|\n|-heal|p2a: Bellossom|263/263|[from] item: Leftovers\n|upkeep\n|turn|13\n|inactive|Time left: 300 sec this turn | 300 sec total\n|\n|t:|1783552532\n|switch|p1a: Latias|Latias, L79, F|100/100\n|move|p2a: Bellossom|Quiver Dance|p2a: Bellossom\n|-boost|p2a: Bellossom|spa|1\n|-boost|p2a: Bellossom|spd|1\n|-boost|p2a: Bellossom|spe|1\n|\n|upkeep\n|turn|14\n|inactive|Time left: 300 sec this turn | 300 sec total\n|\n|t:|1783552533\n|move|p2a: Bellossom|Strength Sap|p1a: Latias\n|-unboost|p1a: Latias|atk|1\n|move|p1a: Latias|Calm Mind|p1a: Latias\n|-boost|p1a: Latias|spa|1\n|-boost|p1a: Latias|spd|1\n|\n|-sideend|p1: p0x1154a42e|move: Aurora Veil\n|upkeep\n|turn|15\n|inactive|Time left: 300 sec this turn | 300 sec total\n|\n|t:|1783552534\n|move|p2a: Bellossom|Tera Blast|p1a: Latias\n|-damage|p1a: Latias|70/100\n|move|p1a: Latias|Calm Mind|p1a: Latias\n|-boost|p1a: Latias|spa|1\n|-boost|p1a: Latias|spd|1\n|\n|upkeep\n|turn|16\n|inactive|Time left: 300 sec this turn | 300 sec total\n|\n|t:|1783552535\n|move|p2a: Bellossom|Tera Blast|p1a: Latias\n|-damage|p1a: Latias|45/100\n|move|p1a: Latias|Psyshock|p2a: Bellossom\n|-crit|p2a: Bellossom\n|-damage|p2a: Bellossom|0 fnt\n|faint|p2a: Bellossom\n|\n|upkeep\n|inactive|Time left: 300 sec this turn | 300 sec total | 5 sec grace\n|\n|t:|1783552536\n|switch|p2a: Infernape|Infernape, L82, M|234/259\n|turn|17\n|inactive|Time left: 300 sec this turn | 300 sec total\n|\n|t:|1783552537\n|-terastallize|p1a: Latias|Steel\n|move|p2a: Infernape|Knock Off|p1a: Latias\n|-damage|p1a: Latias|5/100\n|-enditem|p1a: Latias|Soul Dew|[from] move: Knock Off|[of] p2a: Infernape\n|-damage|p2a: Infernape|209/259|[from] item: Life Orb\n|move|p1a: Latias|Psyshock|p2a: Infernape\n|-supereffective|p2a: Infernape\n|-damage|p2a: Infernape|0 fnt\n|faint|p2a: Infernape\n|\n|upkeep\n|inactive|Time left: 300 sec this turn | 300 sec total | 5 sec grace\n|\n|t:|1783552538\n|switch|p2a: Dugtrio|Dugtrio-Alola, L84, F|196/196\n|turn|18\n|inactive|Time left: 300 sec this turn | 300 sec total\n|\n|t:|1783552539\n|move|p2a: Dugtrio|Iron Head|p1a: Latias\n|-resisted|p1a: Latias\n|-damage|p1a: Latias|0 fnt\n|faint|p1a: Latias\n|-damage|p2a: Dugtrio|177/196|[from] item: Life Orb\n|\n|upkeep\n|\n|t:|1783552540\n|switch|p1a: Bellibolt|Bellibolt, L84, F|100/100\n|turn|19\n|inactive|Time left: 300 sec this turn | 300 sec total\n|\n|t:|1783552541\n|move|p2a: Dugtrio|Earthquake|p1a: Bellibolt\n|-supereffective|p1a: Bellibolt\n|-damage|p1a: Bellibolt|20/100\n|-start|p1a: Bellibolt|Charge|Earthquake|[from] ability: Electromorphosis\n|-damage|p2a: Dugtrio|158/196|[from] item: Life Orb\n|move|p1a: Bellibolt|Muddy Water|p2a: Dugtrio\n|-supereffective|p2a: Dugtrio\n|-damage|p2a: Dugtrio|10/196\n|\n|-heal|p1a: Bellibolt|26/100|[from] item: Leftovers\n|upkeep\n|turn|20\n|inactive|Time left: 300 sec this turn | 300 sec total\n|\n|t:|1783552542\n|move|p2a: Dugtrio|Earthquake|p1a: Bellibolt\n|-supereffective|p1a: Bellibolt\n|-damage|p1a: Bellibolt|0 fnt\n|faint|p1a: Bellibolt\n|-damage|p2a: Dugtrio|0 fnt|[from] item: Life Orb\n|faint|p2a: Dugtrio\n|\n|upkeep\n|inactive|Time left: 300 sec this turn | 300 sec total | 5 sec grace\n|\n|t:|1783552542\n|switch|p2a: Staraptor|Staraptor, L79, F, tera:Flying|138/263\n|switch|p1a: Weezing|Weezing-Galar, L86, F|100/100\n|turn|21\n|inactive|Time left: 300 sec this turn | 300 sec total\n|\n|t:|1783552543\n|move|p2a: Staraptor|Brave Bird|p1a: Weezing\n|-damage|p1a: Weezing|0 fnt\n|faint|p1a: Weezing\n|-damage|p2a: Staraptor|55/263|[from] Recoil\n|\n|upkeep\n|\n|t:|1783552544\n|switch|p1a: Abomasnow|Abomasnow, L84, F|49/100\n|-weather|Snowscape|[from] ability: Snow Warning|[of] p1a: Abomasnow\n|turn|22\n|inactive|Time left: 300 sec this turn | 300 sec total\n|\n|t:|1783552544\n|move|p2a: Staraptor|Brave Bird|p1a: Abomasnow\n|-supereffective|p1a: Abomasnow\n|-damage|p1a: Abomasnow|0 fnt\n|faint|p1a: Abomasnow\n|-damage|p2a: Staraptor|9/263|[from] Recoil\n|\n|win|p0y1154230f", "uploadtime": 1783552544, "views": 0, "rating": 0, "private": 0, "password": null, "_winner": "p0y1154230f", "_our_name": "p0y1154230f"}