{"id": "battle-gen9randombattle-16", "formatid": "gen9randombattle", "format": "[Gen 9] Random Battle", "players": ["p0x0161b23", "p0y0161bc6"], "log": "|init|battle\n|title|p0x0161b23 vs. p0y0161bc6\n|j|\u2606p0x0161b23\n|j|\u2606p0y0161bc6\n|t:|1783533445\n|gametype|singles\n|player|p1|p0x0161b23|102|\n|player|p2|p0y0161bc6|1|\n|gen|9\n|tier|[Gen 9] Random Battle\n|rule|Species Clause: Limit one of each Pok\u00e9mon\n|rule|HP Percentage Mod: HP is shown in percentages\n|rule|Sleep Clause Mod: Limit one foe put to sleep\n|rule|Illusion Level Mod: Illusion disguises the Pok\u00e9mon's true level\n|\n|t:|1783533445\n|teamsize|p1|6\n|teamsize|p2|6\n|start\n|switch|p1a: Blissey|Blissey, L85, F|572/572\n|switch|p2a: Iron Moth|Iron Moth, L78|100/100\n|turn|1\n|inactive|Battle timer is ON: inactive players will automatically lose when time's up. (requested by p0y0161bc6)\n|inactive|Time left: 300 sec this turn | 300 sec total | 60 sec grace\n|inactive|p0x0161b23 also wants the timer to be on.\n|\n|t:|1783533446\n|move|p2a: Iron Moth|Fiery Dance|p1a: Blissey\n|-damage|p1a: Blissey|469/572\n|move|p1a: Blissey|Thunder Wave|p2a: Iron Moth\n|-status|p2a: Iron Moth|par\n|\n|-heal|p1a: Blissey|504/572|[from] item: Leftovers\n|upkeep\n|turn|2\n|inactive|Time left: 300 sec this turn | 300 sec total\n|\n|t:|1783533447\n|switch|p1a: Drednaw|Drednaw, L81, M|278/278\n|move|p2a: Iron Moth|Fiery Dance|p1a: Drednaw\n|-resisted|p1a: Drednaw\n|-damage|p1a: Drednaw|232/278\n|-boost|p2a: Iron Moth|spa|1\n|\n|upkeep\n|turn|3\n|inactive|Time left: 300 sec this turn | 300 sec total\n|\n|t:|1783533449\n|-end|p2a: Iron Moth|Quark Drive|[silent]\n|switch|p2a: Lucario|Lucario, L84, M|100/100\n|move|p1a: Drednaw|Shell Smash|p1a: Drednaw\n|-unboost|p1a: Drednaw|def|1\n|-unboost|p1a: Drednaw|spd|1\n|-boost|p1a: Drednaw|atk|2\n|-boost|p1a: Drednaw|spa|2\n|-boost|p1a: Drednaw|spe|2\n|-enditem|p1a: Drednaw|White Herb\n|-clearnegativeboost|p1a: Drednaw|[silent]\n|\n|upkeep\n|turn|4\n|inactive|Time left: 300 sec this turn | 300 sec total\n|\n|t:|1783533450\n|move|p1a: Drednaw|Liquidation|p2a: Lucario\n|-damage|p2a: Lucario|14/100\n|-unboost|p2a: Lucario|def|1\n|move|p2a: Lucario|Close Combat|p1a: Drednaw\n|-supereffective|p1a: Drednaw\n|-damage|p1a: Drednaw|0 fnt\n|-unboost|p2a: Lucario|def|1\n|-unboost|p2a: Lucario|spd|1\n|faint|p1a: Drednaw\n|-damage|p2a: Lucario|4/100|[from] item: Life Orb\n|\n|upkeep\n|inactive|Time left: 300 sec this turn | 300 sec total | 5 sec grace\n|\n|t:|1783533451\n|switch|p1a: Latios|Latios, L78, M|253/253\n|turn|5\n|inactive|Time left: 300 sec this turn | 300 sec total\n|\n|t:|1783533452\n|move|p1a: Latios|Calm Mind|p1a: Latios\n|-boost|p1a: Latios|spa|1\n|-boost|p1a: Latios|spd|1\n|move|p2a: Lucario|Meteor Mash|p1a: Latios\n|-damage|p1a: Latios|97/253\n|-damage|p2a: Lucario|0 fnt|[from] item: Life Orb\n|faint|p2a: Lucario\n|\n|upkeep\n|\n|t:|1783533454\n|switch|p2a: Lumineon|Lumineon, L93, F|100/100\n|turn|6\n|inactive|Time left: 300 sec this turn | 300 sec total\n|\n|t:|1783533455\n|-terastallize|p1a: Latios|Steel\n|move|p2a: Lumineon|U-turn|p1a: Latios\n|-resisted|p1a: Latios\n|-damage|p1a: Latios|70/253\n|\n|t:|1783533456\n|switch|p2a: Necrozma|Necrozma, L80|100/100|[from] U-turn\n|move|p1a: Latios|Psyshock|p2a: Necrozma\n|-resisted|p2a: Necrozma\n|-damage|p2a: Necrozma|73/100\n|\n|-heal|p2a: Necrozma|79/100|[from] item: Leftovers\n|upkeep\n|turn|7\n|inactive|Time left: 300 sec this turn | 300 sec total\n|\n|t:|1783533457\n|-terastallize|p2a: Necrozma|Fairy\n|move|p1a: Latios|Draco Meteor|p2a: Necrozma\n|-immune|p2a: Necrozma\n|move|p2a: Necrozma|Heat Wave|p1a: Latios\n|-supereffective|p1a: Latios\n|-damage|p1a: Latios|0 fnt\n|faint|p1a: Latios\n|\n|-heal|p2a: Necrozma|85/100|[from] item: Leftovers\n|upkeep\n|inactive|Time left: 300 sec this turn | 300 sec total | 5 sec grace\n|\n|t:|1783533458\n|switch|p1a: Beartic|Beartic, L91, M|321/321\n|turn|8\n|inactive|Time left: 300 sec this turn | 300 sec total\n|\n|t:|1783533459\n|move|p2a: Necrozma|Heat Wave|p1a: Beartic\n|-supereffective|p1a: Beartic\n|-damage|p1a: Beartic|173/321\n|-status|p1a: Beartic|brn\n|move|p1a: Beartic|Swords Dance|p1a: Beartic\n|-boost|p1a: Beartic|atk|2\n|\n|-heal|p2a: Necrozma|91/100|[from] item: Leftovers\n|-damage|p1a: Beartic|153/321 brn|[from] brn\n|upkeep\n|turn|9\n|inactive|Time left: 300 sec this turn | 300 sec total\n|\n|t:|1783533460\n|move|p2a: Necrozma|Photon Geyser|p1a: Beartic\n|-damage|p1a: Beartic|44/321 brn\n|move|p1a: Beartic|Earthquake|p2a: Necrozma\n|-damage|p2a: Necrozma|55/100\n|\n|-heal|p2a: Necrozma|61/100|[from] item: Leftovers\n|-damage|p1a: Beartic|24/321 brn|[from] brn\n|upkeep\n|turn|10\n|inactive|Time left: 300 sec this turn | 300 sec total\n|\n|t:|1783533462\n|switch|p1a: Blissey|Blissey, L85, F|504/572\n|move|p2a: Necrozma|Moonlight|p2a: Necrozma\n|-heal|p2a: Necrozma|100/100\n|\n|-heal|p1a: Blissey|539/572|[from] item: Leftovers\n|upkeep\n|turn|11\n|inactive|Time left: 300 sec this turn | 300 sec total\n|\n|t:|1783533463\n|move|p2a: Necrozma|Calm Mind|p2a: Necrozma\n|-boost|p2a: Necrozma|spa|1\n|-boost|p2a: Necrozma|spd|1\n|move|p1a: Blissey|Thunder Wave|p2a: Necrozma\n|-status|p2a: Necrozma|par\n|\n|-heal|p1a: Blissey|572/572|[from] item: Leftovers\n|upkeep\n|turn|12\n|inactive|Time left: 300 sec this turn | 300 sec total\n|\n|t:|1783533464\n|move|p1a: Blissey|Heal Bell|p1a: Blissey\n|-activate|p1a: Blissey|move: Heal Bell\n|-curestatus|p1: Beartic|brn|[msg]\n|move|p2a: Necrozma|Calm Mind|p2a: Necrozma\n|-boost|p2a: Necrozma|spa|1\n|-boost|p2a: Necrozma|spd|1\n|\n|upkeep\n|turn|13\n|inactive|Time left: 300 sec this turn | 300 sec total\n|\n|t:|1783533465\n|move|p1a: Blissey|Seismic Toss|p2a: Necrozma\n|-damage|p2a: Necrozma|71/100 par\n|move|p2a: Necrozma|Calm Mind|p2a: Necrozma\n|-boost|p2a: Necrozma|spa|1\n|-boost|p2a: Necrozma|spd|1\n|\n|-heal|p2a: Necrozma|77/100 par|[from] item: Leftovers\n|upkeep\n|turn|14\n|inactive|Time left: 300 sec this turn | 300 sec total\n|\n|t:|1783533466\n|move|p1a: Blissey|Seismic Toss|p2a: Necrozma\n|-damage|p2a: Necrozma|47/100 par\n|move|p2a: Necrozma|Photon Geyser|p1a: Blissey\n|-damage|p1a: Blissey|352/572\n|\n|-heal|p1a: Blissey|387/572|[from] item: Leftovers\n|-heal|p2a: Necrozma|53/100 par|[from] item: Leftovers\n|upkeep\n|turn|15\n|inactive|Time left: 300 sec this turn | 300 sec total\n|\n|t:|1783533467\n|move|p1a: Blissey|Seismic Toss|p2a: Necrozma\n|-damage|p2a: Necrozma|23/100 par\n|cant|p2a: Necrozma|par\n|\n|-heal|p1a: Blissey|422/572|[from] item: Leftovers\n|-heal|p2a: Necrozma|29/100 par|[from] item: Leftovers\n|upkeep\n|turn|16\n|inactive|Time left: 300 sec this turn | 300 sec total\n|\n|t:|1783533468\n|move|p1a: Blissey|Seismic Toss|p2a: Necrozma\n|-damage|p2a: Necrozma|0 fnt\n|faint|p2a: Necrozma\n|\n|-heal|p1a: Blissey|457/572|[from] item: Leftovers\n|upkeep\n|\n|t:|1783533469\n|switch|p2a: Regidrago|Regidrago, L77|100/100\n|turn|17\n|inactive|Time left: 300 sec this turn | 300 sec total\n|\n|t:|1783533470\n|switch|p1a: Beartic|Beartic, L91, M|24/321\n|move|p2a: Regidrago|Dragon Dance|p2a: Regidrago\n|-boost|p2a: Regidrago|atk|1\n|-boost|p2a: Regidrago|spe|1\n|\n|upkeep\n|turn|18\n|inactive|Time left: 300 sec this turn | 300 sec total\n|\n|t:|1783533471\n|move|p2a: Regidrago|Dragon Claw|p1a: Beartic\n|-damage|p1a: Beartic|0 fnt\n|faint|p1a: Beartic\n|-damage|p2a: Regidrago|91/100|[from] item: Life Orb\n|\n|upkeep\n|inactive|Time left: 300 sec this turn | 300 sec total | 5 sec grace\n|\n|t:|1783533472\n|switch|p1a: Heracross|Heracross, L80, M|259/259\n|turn|19\n|inactive|Time left: 300 sec this turn | 300 sec total\n|\n|t:|1783533473\n|move|p2a: Regidrago|Dragon Claw|p1a: Heracross\n|-damage|p1a: Heracross|28/259\n|-damage|p2a: Regidrago|81/100|[from] item: Life Orb\n|move|p1a: Heracross|Close Combat|p2a: Regidrago\n|-damage|p2a: Regidrago|0 fnt\n|-unboost|p1a: Heracross|def|1\n|-unboost|p1a: Heracross|spd|1\n|faint|p2a: Regidrago\n|-ability|p1a: Heracross|Moxie|boost\n|-boost|p1a: Heracross|atk|1\n|\n|upkeep\n|\n|t:|1783533474\n|switch|p2a: Greninja|Greninja, L80, M|100/100\n|turn|20\n|inactive|Time left: 300 sec this turn | 300 sec total\n|\n|t:|1783533475\n|move|p2a: Greninja|Gunk Shot|p1a: Heracross|[miss]\n|-start|p2a: Greninja|typechange|Poison|[from] ability: Protean\n|-miss|p2a: Greninja|p1a: Heracross\n|move|p1a: Heracross|Close Combat|p2a: Greninja\n|-resisted|p2a: Greninja\n|-damage|p2a: Greninja|18/100\n|-unboost|p1a: Heracross|def|1\n|-unboost|p1a: Heracross|spd|1\n|\n|upkeep\n|turn|21\n|inactive|Time left: 300 sec this turn | 300 sec total\n|\n|t:|1783533477\n|move|p2a: Greninja|Gunk Shot|p1a: Heracross\n|-damage|p1a: Heracross|0 fnt\n|faint|p1a: Heracross\n|-damage|p2a: Greninja|8/100|[from] item: Life Orb\n|\n|upkeep\n|inactive|Time left: 300 sec this turn | 300 sec total | 5 sec grace\n|\n|t:|1783533477\n|switch|p1a: Blissey|Blissey, L85, F|457/572\n|turn|22\n|inactive|Time left: 300 sec this turn | 300 sec total\n|\n|t:|1783533478\n|move|p2a: Greninja|Gunk Shot|p1a: Blissey\n|-damage|p1a: Blissey|0 fnt\n|faint|p1a: Blissey\n|-damage|p2a: Greninja|0 fnt|[from] item: Life Orb\n|faint|p2a: Greninja\n|\n|upkeep\n|inactive|Time left: 300 sec this turn | 300 sec total | 5 sec grace\n|\n|t:|1783533479\n|switch|p2a: Iron Moth|Iron Moth, L78|100/100 par\n|switch|p1a: Malamar|Malamar, L82, M|275/275\n|turn|23\n|inactive|Time left: 300 sec this turn | 300 sec total\n|\n|t:|1783533480\n|move|p1a: Malamar|Superpower|p2a: Iron Moth\n|-resisted|p2a: Iron Moth\n|-damage|p2a: Iron Moth|81/100 par\n|-boost|p1a: Malamar|atk|1\n|-boost|p1a: Malamar|def|1\n|cant|p2a: Iron Moth|par\n|\n|upkeep\n|turn|24\n|inactive|Time left: 300 sec this turn | 300 sec total\n|\n|t:|1783533481\n|move|p1a: Malamar|Knock Off|p2a: Iron Moth\n|-damage|p2a: Iron Moth|6/100 par\n|-enditem|p2a: Iron Moth|Choice Specs|[from] move: Knock Off|[of] p1a: Malamar\n|move|p2a: Iron Moth|U-turn|p1a: Malamar\n|-supereffective|p1a: Malamar\n|-damage|p1a: Malamar|175/275\n|\n|t:|1783533481\n|-end|p2a: Iron Moth|Quark Drive|[silent]\n|switch|p2a: Lumineon|Lumineon, L93, F|100/100|[from] U-turn\n|\n|-heal|p1a: Malamar|192/275|[from] item: Leftovers\n|upkeep\n|turn|25\n|inactive|Time left: 300 sec this turn | 300 sec total\n|\n|t:|1783533482\n|move|p2a: Lumineon|Encore|p1a: Malamar\n|-start|p1a: Malamar|Encore\n|move|p1a: Malamar|Knock Off|p2a: Lumineon\n|-damage|p2a: Lumineon|47/100\n|-enditem|p2a: Lumineon|Heavy-Duty Boots|[from] move: Knock Off|[of] p1a: Malamar\n|\n|-heal|p1a: Malamar|209/275|[from] item: Leftovers\n|upkeep\n|turn|26\n|inactive|Time left: 300 sec this turn | 300 sec total\n|\n|t:|1783533483\n|switch|p2a: Iron Moth|Iron Moth, L78|6/100 par\n|move|p1a: Malamar|Knock Off|p2a: Iron Moth\n|-damage|p2a: Iron Moth|0 fnt\n|faint|p2a: Iron Moth\n|-end|p2a: Iron Moth|Quark Drive|[silent]\n|\n|-heal|p1a: Malamar|226/275|[from] item: Leftovers\n|upkeep\n|\n|t:|1783533484\n|switch|p2a: Lumineon|Lumineon, L93, F|47/100\n|turn|27\n|inactive|Time left: 300 sec this turn | 300 sec total\n|\n|t:|1783533484\n|move|p2a: Lumineon|U-turn|p1a: Malamar\n|-supereffective|p1a: Malamar\n|-damage|p1a: Malamar|106/275\n|move|p1a: Malamar|Knock Off|p2a: Lumineon\n|-damage|p2a: Lumineon|13/100\n|\n|-heal|p1a: Malamar|123/275|[from] item: Leftovers\n|-end|p1a: Malamar|Encore\n|upkeep\n|turn|28\n|inactive|Time left: 300 sec this turn | 300 sec total\n|\n|t:|1783533485\n|move|p2a: Lumineon|U-turn|p1a: Malamar\n|-supereffective|p1a: Malamar\n|-damage|p1a: Malamar|0 fnt\n|faint|p1a: Malamar\n|\n|win|p0y0161bc6", "uploadtime": 1783533485, "views": 0, "rating": 0, "private": 0, "password": null, "_winner": "p0y0161bc6", "_our_name": "p0x0161b23"}