{"id": "battle-gen9randombattle-178", "formatid": "gen9randombattle", "format": "[Gen 9] Random Battle", "players": ["p0x17884ab", "p0y1780618"], "log": "|init|battle\n|title|p0x17884ab vs. p0y1780618\n|j|\u2606p0x17884ab\n|j|\u2606p0y1780618\n|t:|1783535821\n|gametype|singles\n|player|p1|p0x17884ab|2|\n|player|p2|p0y1780618|1|\n|gen|9\n|tier|[Gen 9] Random Battle\n|rule|Species Clause: Limit one of each Pok\u00e9mon\n|rule|HP Percentage Mod: HP is shown in percentages\n|rule|Sleep Clause Mod: Limit one foe put to sleep\n|rule|Illusion Level Mod: Illusion disguises the Pok\u00e9mon's true level\n|\n|t:|1783535821\n|teamsize|p1|6\n|teamsize|p2|6\n|start\n|switch|p1a: Regigigas|Regigigas, L84|100/100\n|switch|p2a: Slaking|Slaking, L84, F|389/389\n|-start|p1a: Regigigas|ability: Slow Start\n|turn|1\n|inactive|Battle timer is ON: inactive players will automatically lose when time's up. (requested by p0y1780618)\n|inactive|p0x17884ab also wants the timer to be on.\n|\n|t:|1783535822\n|move|p1a: Regigigas|Protect|p1a: Regigigas\n|-singleturn|p1a: Regigigas|Protect\n|move|p2a: Slaking|Giga Impact|p1a: Regigigas\n|-activate|p1a: Regigigas|move: Protect\n|\n|upkeep\n|turn|2\n|inactive|Time left: 300 sec this turn | 300 sec total\n|\n|t:|1783535824\n|cant|p2a: Slaking|ability: Truant\n|move|p1a: Regigigas|Body Slam|p2a: Slaking\n|-damage|p2a: Slaking|331/389\n|\n|upkeep\n|turn|3\n|inactive|Time left: 300 sec this turn | 300 sec total\n|\n|t:|1783535825\n|switch|p1a: Ceruledge|Ceruledge, L78, M|100/100\n|move|p2a: Slaking|Giga Impact|p1a: Ceruledge\n|-immune|p1a: Ceruledge\n|\n|upkeep\n|turn|4\n|inactive|Time left: 300 sec this turn | 300 sec total\n|\n|t:|1783535826\n|cant|p2a: Slaking|ability: Truant\n|move|p1a: Ceruledge|Swords Dance|p1a: Ceruledge\n|-boost|p1a: Ceruledge|atk|2\n|\n|upkeep\n|turn|5\n|inactive|Time left: 300 sec this turn | 300 sec total\n|\n|t:|1783535827\n|move|p2a: Slaking|Giga Impact|p1a: Ceruledge\n|-immune|p1a: Ceruledge\n|move|p1a: Ceruledge|Poltergeist|p2a: Slaking\n|-immune|p2a: Slaking\n|\n|upkeep\n|turn|6\n|inactive|Time left: 300 sec this turn | 300 sec total\n|\n|t:|1783535828\n|cant|p2a: Slaking|ability: Truant\n|move|p1a: Ceruledge|Bitter Blade|p2a: Slaking\n|-damage|p2a: Slaking|130/389\n|\n|upkeep\n|turn|7\n|inactive|Time left: 300 sec this turn | 300 sec total\n|\n|t:|1783535829\n|move|p2a: Slaking|Giga Impact|p1a: Ceruledge\n|-immune|p1a: Ceruledge\n|move|p1a: Ceruledge|Bitter Blade|p2a: Slaking\n|-damage|p2a: Slaking|0 fnt\n|faint|p2a: Slaking\n|\n|upkeep\n|inactive|Time left: 300 sec this turn | 300 sec total | 5 sec grace\n|\n|t:|1783535830\n|switch|p2a: Mudsdale|Mudsdale, L83, F|302/302\n|turn|8\n|inactive|Time left: 300 sec this turn | 300 sec total\n|\n|t:|1783535831\n|move|p1a: Ceruledge|Bitter Blade|p2a: Mudsdale\n|-damage|p2a: Mudsdale|103/302\n|-ability|p2a: Mudsdale|Stamina|boost\n|-boost|p2a: Mudsdale|def|1\n|move|p2a: Mudsdale|Earthquake|p1a: Ceruledge\n|-supereffective|p1a: Ceruledge\n|-damage|p1a: Ceruledge|0 fnt\n|faint|p1a: Ceruledge\n|\n|-heal|p2a: Mudsdale|121/302|[from] item: Leftovers\n|upkeep\n|\n|t:|1783535832\n|switch|p1a: Arceus|Arceus-Ice, L72|100/100\n|turn|9\n|inactive|Time left: 300 sec this turn | 300 sec total\n|\n|t:|1783535834\n|move|p1a: Arceus|Judgment|p2a: Mudsdale\n|-supereffective|p2a: Mudsdale\n|-damage|p2a: Mudsdale|0 fnt\n|faint|p2a: Mudsdale\n|\n|upkeep\n|inactive|Time left: 300 sec this turn | 300 sec total | 5 sec grace\n|\n|t:|1783535834\n|switch|p2a: Hitmontop|Hitmontop, L88, M|231/231\n|turn|10\n|inactive|Time left: 300 sec this turn | 300 sec total\n|\n|t:|1783535835\n|move|p1a: Arceus|Judgment|p2a: Hitmontop\n|-damage|p2a: Hitmontop|140/231\n|move|p2a: Hitmontop|Bulk Up|p2a: Hitmontop\n|-boost|p2a: Hitmontop|atk|1\n|-boost|p2a: Hitmontop|def|1\n|\n|-heal|p2a: Hitmontop|154/231|[from] item: Leftovers\n|upkeep\n|turn|11\n|inactive|Time left: 300 sec this turn | 300 sec total\n|\n|t:|1783535836\n|move|p1a: Arceus|Judgment|p2a: Hitmontop\n|-damage|p2a: Hitmontop|58/231\n|move|p2a: Hitmontop|Rapid Spin|p1a: Arceus\n|-damage|p1a: Arceus|75/100\n|-boost|p2a: Hitmontop|spe|1\n|\n|-heal|p2a: Hitmontop|72/231|[from] item: Leftovers\n|upkeep\n|turn|12\n|inactive|Time left: 300 sec this turn | 300 sec total\n|\n|t:|1783535837\n|move|p2a: Hitmontop|Close Combat|p1a: Arceus\n|-supereffective|p1a: Arceus\n|-damage|p1a: Arceus|0 fnt\n|-unboost|p2a: Hitmontop|def|1\n|-unboost|p2a: Hitmontop|spd|1\n|faint|p1a: Arceus\n|\n|-heal|p2a: Hitmontop|86/231|[from] item: Leftovers\n|upkeep\n|\n|t:|1783535838\n|switch|p1a: Comfey|Comfey, L85, F|100/100\n|turn|13\n|inactive|Time left: 300 sec this turn | 300 sec total\n|\n|t:|1783535839\n|-terastallize|p2a: Hitmontop|Ice\n|move|p1a: Comfey|Draining Kiss|p2a: Hitmontop\n|-damage|p2a: Hitmontop|23/231\n|move|p2a: Hitmontop|Triple Axel|p1a: Comfey\n|-damage|p1a: Comfey|77/100\n|-damage|p1a: Comfey|29/100\n|-damage|p1a: Comfey|0 fnt\n|faint|p1a: Comfey\n|-hitcount|p1: Comfey|3\n|\n|-heal|p2a: Hitmontop|37/231|[from] item: Leftovers\n|upkeep\n|\n|t:|1783535840\n|switch|p1a: Regigigas|Regigigas, L84|100/100\n|-start|p1a: Regigigas|ability: Slow Start\n|turn|14\n|inactive|Time left: 300 sec this turn | 300 sec total\n|\n|t:|1783535841\n|-terastallize|p1a: Regigigas|Poison\n|move|p2a: Hitmontop|Triple Axel|p1a: Regigigas\n|-damage|p1a: Regigigas|86/100\n|-damage|p1a: Regigigas|58/100\n|-damage|p1a: Regigigas|21/100\n|-hitcount|p1a: Regigigas|3\n|move|p1a: Regigigas|Body Slam|p2a: Hitmontop\n|-damage|p2a: Hitmontop|0 fnt\n|faint|p2a: Hitmontop\n|\n|-heal|p1a: Regigigas|27/100|[from] item: Leftovers\n|upkeep\n|inactive|Time left: 300 sec this turn | 300 sec total | 5 sec grace\n|\n|t:|1783535842\n|switch|p2a: Swanna|Swanna, L89, M|278/278\n|turn|15\n|inactive|Time left: 300 sec this turn | 300 sec total\n|\n|t:|1783535843\n|move|p1a: Regigigas|Protect|p1a: Regigigas\n|-singleturn|p1a: Regigigas|Protect\n|move|p2a: Swanna|Hydro Pump|p1a: Regigigas\n|-activate|p1a: Regigigas|move: Protect\n|\n|-heal|p1a: Regigigas|33/100|[from] item: Leftovers\n|upkeep\n|turn|16\n|inactive|Time left: 300 sec this turn | 300 sec total\n|\n|t:|1783535844\n|switch|p1a: Dragalge|Dragalge, L88, F|100/100\n|move|p2a: Swanna|Brave Bird|p1a: Dragalge\n|-damage|p1a: Dragalge|53/100\n|-damage|p2a: Swanna|237/278|[from] Recoil\n|\n|-heal|p1a: Dragalge|59/100|[from] item: Leftovers\n|upkeep\n|turn|17\n|inactive|Time left: 300 sec this turn | 300 sec total\n|\n|t:|1783535845\n|move|p2a: Swanna|Knock Off|p1a: Dragalge\n|-damage|p1a: Dragalge|32/100\n|-enditem|p1a: Dragalge|Leftovers|[from] move: Knock Off|[of] p2a: Swanna\n|move|p1a: Dragalge|Draco Meteor|p2a: Swanna\n|-damage|p2a: Swanna|0 fnt\n|-unboost|p1a: Dragalge|spa|2\n|faint|p2a: Swanna\n|\n|upkeep\n|inactive|Time left: 300 sec this turn | 300 sec total | 5 sec grace\n|\n|t:|1783535846\n|switch|p2a: Pecharunt|Pecharunt, L77|262/262\n|turn|18\n|inactive|Time left: 300 sec this turn | 300 sec total\n|\n|t:|1783535846\n|switch|p1a: Regigigas|Regigigas, L84, tera:Poison|33/100\n|-start|p1a: Regigigas|ability: Slow Start\n|move|p2a: Pecharunt|Shadow Ball|p1a: Regigigas\n|-damage|p1a: Regigigas|15/100\n|-unboost|p1a: Regigigas|spd|1\n|\n|-heal|p1a: Regigigas|21/100|[from] item: Leftovers\n|upkeep\n|turn|19\n|inactive|Time left: 300 sec this turn | 300 sec total\n|\n|t:|1783535847\n|move|p1a: Regigigas|Protect|p1a: Regigigas\n|-singleturn|p1a: Regigigas|Protect\n|move|p2a: Pecharunt|Shadow Ball|p1a: Regigigas\n|-activate|p1a: Regigigas|move: Protect\n|\n|-heal|p1a: Regigigas|27/100|[from] item: Leftovers\n|upkeep\n|turn|20\n|inactive|Time left: 300 sec this turn | 300 sec total\n|\n|t:|1783535848\n|move|p2a: Pecharunt|Shadow Ball|p1a: Regigigas\n|-damage|p1a: Regigigas|0 fnt\n|faint|p1a: Regigigas\n|-end|p1a: Regigigas|Slow Start|[silent]\n|\n|upkeep\n|\n|t:|1783535849\n|switch|p1a: Dragalge|Dragalge, L88, F|32/100\n|turn|21\n|inactive|Time left: 300 sec this turn | 300 sec total\n|\n|t:|1783535850\n|move|p2a: Pecharunt|Parting Shot|p1a: Dragalge\n|-unboost|p1a: Dragalge|atk|1\n|-unboost|p1a: Dragalge|spa|1\n|inactive|Time left: 300 sec this turn | 300 sec total | 5 sec grace\n|\n|t:|1783535851\n|switch|p2a: Fezandipiti|Fezandipiti, L82, M|278/278|[from] Parting Shot\n|move|p1a: Dragalge|Draco Meteor|p2a: Fezandipiti\n|-immune|p2a: Fezandipiti\n|\n|upkeep\n|turn|22\n|inactive|Time left: 300 sec this turn | 300 sec total\n|\n|t:|1783535852\n|switch|p1a: Zebstrika|Zebstrika, L87, F|100/100\n|move|p2a: Fezandipiti|Moonblast|p1a: Zebstrika\n|-damage|p1a: Zebstrika|69/100\n|-status|p1a: Zebstrika|tox|[from] ability: Toxic Chain|[of] p2a: Fezandipiti\n|\n|-damage|p1a: Zebstrika|63/100 tox|[from] psn\n|upkeep\n|turn|23\n|inactive|Time left: 300 sec this turn | 300 sec total\n|\n|t:|1783535852\n|move|p1a: Zebstrika|High Horsepower|p2a: Fezandipiti\n|-supereffective|p2a: Fezandipiti\n|-damage|p2a: Fezandipiti|88/278\n|-damage|p1a: Zebstrika|53/100 tox|[from] item: Life Orb\n|move|p2a: Fezandipiti|Gunk Shot|p1a: Zebstrika\n|-damage|p1a: Zebstrika|0 fnt\n|faint|p1a: Zebstrika\n|\n|-heal|p2a: Fezandipiti|105/278|[from] item: Leftovers\n|upkeep\n|\n|t:|1783535853\n|switch|p1a: Dragalge|Dragalge, L88, F|32/100\n|turn|24\n|inactive|Time left: 300 sec this turn | 300 sec total\n|\n|t:|1783535854\n|move|p2a: Fezandipiti|Moonblast|p1a: Dragalge\n|-damage|p1a: Dragalge|8/100\n|-unboost|p1a: Dragalge|spa|1\n|move|p1a: Dragalge|Focus Blast|p2a: Fezandipiti\n|-resisted|p2a: Fezandipiti\n|-damage|p2a: Fezandipiti|94/278\n|\n|-heal|p2a: Fezandipiti|111/278|[from] item: Leftovers\n|upkeep\n|turn|25\n|inactive|Time left: 300 sec this turn | 300 sec total\n|\n|t:|1783535855\n|move|p2a: Fezandipiti|Moonblast|p1a: Dragalge\n|-damage|p1a: Dragalge|0 fnt\n|faint|p1a: Dragalge\n|\n|win|p0y1780618", "uploadtime": 1783535855, "views": 0, "rating": 0, "private": 0, "password": null, "_winner": "p0y1780618", "_our_name": "p0y1780618"}