{"id": "battle-gen9randombattle-2098", "formatid": "gen9randombattle", "format": "[Gen 9] Random Battle", "players": ["p0x20984c99", "p0y209868b9"], "log": "|init|battle\n|title|p0x20984c99 vs. p0y209868b9\n|j|\u2606p0x20984c99\n|j|\u2606p0y209868b9\n|t:|1783563489\n|gametype|singles\n|player|p1|p0x20984c99|2|\n|player|p2|p0y209868b9|169|\n|gen|9\n|tier|[Gen 9] Random Battle\n|rule|Species Clause: Limit one of each Pok\u00e9mon\n|rule|HP Percentage Mod: HP is shown in percentages\n|rule|Sleep Clause Mod: Limit one foe put to sleep\n|rule|Illusion Level Mod: Illusion disguises the Pok\u00e9mon's true level\n|\n|t:|1783563489\n|teamsize|p1|6\n|teamsize|p2|6\n|start\n|switch|p1a: Mienshao|Mienshao, L83, M|244/244\n|switch|p2a: Hoopa|Hoopa, L85|100/100\n|turn|1\n|inactive|Battle timer is ON: inactive players will automatically lose when time's up. (requested by p0y209868b9)\n|inactive|Time left: 300 sec this turn | 300 sec total | 60 sec grace\n|inactive|p0x20984c99 also wants the timer to be on.\n|\n|t:|1783563490\n|move|p2a: Hoopa|Psyshock|p1a: Mienshao\n|-supereffective|p1a: Mienshao\n|-damage|p1a: Mienshao|0 fnt\n|faint|p1a: Mienshao\n|\n|upkeep\n|inactive|Time left: 300 sec this turn | 300 sec total | 65 sec grace\n|\n|t:|1783563491\n|switch|p1a: Masquerain|Masquerain, L87, F|264/264\n|-ability|p1a: Masquerain|Intimidate|boost\n|-unboost|p2a: Hoopa|atk|1\n|turn|2\n|inactive|Time left: 300 sec this turn | 300 sec total\n|\n|t:|1783563493\n|move|p2a: Hoopa|Psyshock|p1a: Masquerain\n|-damage|p1a: Masquerain|102/264\n|move|p1a: Masquerain|Sticky Web|p2a: Hoopa\n|-sidestart|p2: p0y209868b9|move: Sticky Web\n|\n|upkeep\n|turn|3\n|inactive|Time left: 300 sec this turn | 300 sec total\n|\n|t:|1783563493\n|switch|p1a: Meowstic|Meowstic, L89, M|277/277\n|move|p2a: Hoopa|Psyshock|p1a: Meowstic\n|-resisted|p1a: Meowstic\n|-damage|p1a: Meowstic|206/277\n|\n|upkeep\n|turn|4\n|inactive|Time left: 300 sec this turn | 300 sec total\n|\n|t:|1783563495\n|move|p1a: Meowstic|Light Screen|p1a: Meowstic\n|-sidestart|p1: p0x20984c99|move: Light Screen\n|move|p2a: Hoopa|Psyshock|p1a: Meowstic\n|-resisted|p1a: Meowstic\n|-damage|p1a: Meowstic|171/277\n|\n|upkeep\n|turn|5\n|inactive|Time left: 300 sec this turn | 300 sec total\n|\n|t:|1783563496\n|move|p1a: Meowstic|Reflect|p1a: Meowstic\n|-sidestart|p1: p0x20984c99|Reflect\n|move|p2a: Hoopa|Psyshock|p1a: Meowstic\n|-resisted|p1a: Meowstic\n|-damage|p1a: Meowstic|136/277\n|\n|upkeep\n|turn|6\n|inactive|Time left: 300 sec this turn | 300 sec total\n|\n|t:|1783563497\n|switch|p1a: Clefable|Clefable, L83, M|293/293\n|move|p2a: Hoopa|Psyshock|p1a: Clefable\n|-damage|p1a: Clefable|221/293\n|\n|-heal|p1a: Clefable|239/293|[from] item: Leftovers\n|upkeep\n|turn|7\n|inactive|Time left: 300 sec this turn | 300 sec total\n|\n|t:|1783563498\n|move|p2a: Hoopa|Psyshock|p1a: Clefable\n|-damage|p1a: Clefable|171/293\n|move|p1a: Clefable|Stealth Rock|p2a: Hoopa\n|-sidestart|p2: p0y209868b9|move: Stealth Rock\n|\n|-heal|p1a: Clefable|189/293|[from] item: Leftovers\n|upkeep\n|turn|8\n|inactive|Time left: 300 sec this turn | 300 sec total\n|\n|t:|1783563499\n|move|p2a: Hoopa|Psyshock|p1a: Clefable\n|-damage|p1a: Clefable|113/293\n|move|p1a: Clefable|Moonlight|p1a: Clefable\n|-heal|p1a: Clefable|259/293\n|\n|-heal|p1a: Clefable|277/293|[from] item: Leftovers\n|upkeep\n|turn|9\n|inactive|Time left: 300 sec this turn | 300 sec total\n|\n|t:|1783563500\n|move|p2a: Hoopa|Psyshock|p1a: Clefable\n|-damage|p1a: Clefable|205/293\n|move|p1a: Clefable|Moonblast|p2a: Hoopa\n|-damage|p2a: Hoopa|75/100\n|\n|-heal|p1a: Clefable|223/293|[from] item: Leftovers\n|upkeep\n|turn|10\n|inactive|Time left: 300 sec this turn | 300 sec total\n|\n|t:|1783563501\n|move|p2a: Hoopa|Psyshock|p1a: Clefable\n|-damage|p1a: Clefable|154/293\n|move|p1a: Clefable|Moonblast|p2a: Hoopa\n|-damage|p2a: Hoopa|51/100\n|\n|-heal|p1a: Clefable|172/293|[from] item: Leftovers\n|upkeep\n|turn|11\n|inactive|Time left: 300 sec this turn | 300 sec total\n|\n|t:|1783563503\n|move|p2a: Hoopa|Psyshock|p1a: Clefable\n|-damage|p1a: Clefable|96/293\n|move|p1a: Clefable|Moonlight|p1a: Clefable\n|-heal|p1a: Clefable|242/293\n|\n|-heal|p1a: Clefable|260/293|[from] item: Leftovers\n|-sideend|p1: p0x20984c99|move: Light Screen\n|upkeep\n|turn|12\n|inactive|Time left: 300 sec this turn | 300 sec total\n|\n|t:|1783563504\n|move|p2a: Hoopa|Psyshock|p1a: Clefable\n|-damage|p1a: Clefable|118/293\n|move|p1a: Clefable|Moonblast|p2a: Hoopa\n|-damage|p2a: Hoopa|26/100\n|\n|-heal|p1a: Clefable|136/293|[from] item: Leftovers\n|-sideend|p1: p0x20984c99|Reflect\n|upkeep\n|turn|13\n|inactive|Time left: 300 sec this turn | 300 sec total\n|\n|t:|1783563505\n|switch|p1a: Meowstic|Meowstic, L89, M|136/277\n|move|p2a: Hoopa|Psyshock|p1a: Meowstic\n|-resisted|p1a: Meowstic\n|-damage|p1a: Meowstic|70/277\n|\n|upkeep\n|turn|14\n|inactive|Time left: 300 sec this turn | 300 sec total\n|\n|t:|1783563506\n|move|p1a: Meowstic|Light Screen|p1a: Meowstic\n|-sidestart|p1: p0x20984c99|move: Light Screen\n|move|p2a: Hoopa|Psyshock|p1a: Meowstic\n|-resisted|p1a: Meowstic\n|-damage|p1a: Meowstic|37/277\n|\n|upkeep\n|turn|15\n|inactive|Time left: 300 sec this turn | 300 sec total\n|\n|t:|1783563507\n|switch|p2a: Avalugg|Avalugg, L88, F|100/100\n|move|p1a: Meowstic|Reflect|p1a: Meowstic\n|-sidestart|p1: p0x20984c99|Reflect\n|\n|upkeep\n|turn|16\n|inactive|Time left: 300 sec this turn | 300 sec total\n|\n|t:|1783563509\n|switch|p1a: Clefable|Clefable, L83, M|136/293\n|move|p2a: Avalugg|Rapid Spin|p1a: Clefable\n|-damage|p1a: Clefable|111/293\n|-boost|p2a: Avalugg|spe|1\n|-sideend|p2: p0y209868b9|Stealth Rock|[from] move: Rapid Spin|[of] p2a: Avalugg\n|-sideend|p2: p0y209868b9|Sticky Web|[from] move: Rapid Spin|[of] p2a: Avalugg\n|\n|-heal|p1a: Clefable|129/293|[from] item: Leftovers\n|upkeep\n|turn|17\n|inactive|Time left: 300 sec this turn | 300 sec total\n|\n|t:|1783563510\n|move|p1a: Clefable|Moonblast|p2a: Avalugg\n|-damage|p2a: Avalugg|55/100\n|move|p2a: Avalugg|Avalanche|p1a: Clefable\n|-damage|p1a: Clefable|40/293\n|\n|-heal|p1a: Clefable|58/293|[from] item: Leftovers\n|upkeep\n|turn|18\n|inactive|Time left: 300 sec this turn | 300 sec total\n|\n|t:|1783563511\n|move|p2a: Avalugg|Recover|p2a: Avalugg\n|-heal|p2a: Avalugg|100/100\n|move|p1a: Clefable|Fire Blast|p2a: Avalugg\n|-supereffective|p2a: Avalugg\n|-damage|p2a: Avalugg|26/100\n|\n|-heal|p1a: Clefable|76/293|[from] item: Leftovers\n|upkeep\n|turn|19\n|inactive|Time left: 300 sec this turn | 300 sec total\n|\n|t:|1783563512\n|move|p2a: Avalugg|Recover|p2a: Avalugg\n|-heal|p2a: Avalugg|76/100\n|move|p1a: Clefable|Moonblast|p2a: Avalugg\n|-damage|p2a: Avalugg|28/100\n|-unboost|p2a: Avalugg|spa|1\n|\n|-heal|p1a: Clefable|94/293|[from] item: Leftovers\n|upkeep\n|turn|20\n|inactive|Time left: 300 sec this turn | 300 sec total\n|\n|t:|1783563514\n|move|p2a: Avalugg|Recover|p2a: Avalugg\n|-heal|p2a: Avalugg|78/100\n|move|p1a: Clefable|Fire Blast|p2a: Avalugg\n|-supereffective|p2a: Avalugg\n|-damage|p2a: Avalugg|9/100\n|\n|-heal|p1a: Clefable|112/293|[from] item: Leftovers\n|upkeep\n|turn|21\n|inactive|Time left: 300 sec this turn | 300 sec total\n|\n|t:|1783563515\n|switch|p2a: Porygon2|Porygon2, L81|100/100\n|-ability|p2a: Porygon2|Download|boost\n|-boost|p2a: Porygon2|atk|1\n|move|p1a: Clefable|Moonblast|p2a: Porygon2\n|-damage|p2a: Porygon2|79/100\n|\n|-heal|p1a: Clefable|130/293|[from] item: Leftovers\n|-sideend|p1: p0x20984c99|move: Light Screen\n|upkeep\n|turn|22\n|inactive|Time left: 300 sec this turn | 300 sec total\n|\n|t:|1783563516\n|move|p1a: Clefable|Moonlight|p1a: Clefable\n|-heal|p1a: Clefable|276/293\n|move|p2a: Porygon2|Thunder Wave|p1a: Clefable\n|-status|p1a: Clefable|par\n|\n|-heal|p1a: Clefable|293/293 par|[from] item: Leftovers\n|-sideend|p1: p0x20984c99|Reflect\n|upkeep\n|turn|23\n|inactive|Time left: 300 sec this turn | 300 sec total\n|\n|t:|1783563517\n|switch|p1a: Masquerain|Masquerain, L87, F|102/264\n|-ability|p1a: Masquerain|Intimidate|boost\n|-unboost|p2a: Porygon2|atk|1\n|move|p2a: Porygon2|Shadow Ball|p1a: Masquerain\n|-damage|p1a: Masquerain|41/264\n|\n|upkeep\n|turn|24\n|inactive|Time left: 300 sec this turn | 300 sec total\n|\n|t:|1783563518\n|move|p1a: Masquerain|Sticky Web|p2a: Porygon2\n|-sidestart|p2: p0y209868b9|move: Sticky Web\n|move|p2a: Porygon2|Tera Blast|p1a: Masquerain\n|-damage|p1a: Masquerain|0 fnt\n|faint|p1a: Masquerain\n|\n|upkeep\n|inactive|Time left: 300 sec this turn | 300 sec total | 5 sec grace\n|\n|t:|1783563519\n|switch|p1a: Meowstic|Meowstic, L89, M|37/277\n|turn|25\n|inactive|Time left: 300 sec this turn | 300 sec total\n|\n|t:|1783563520\n|move|p1a: Meowstic|Reflect|p1a: Meowstic\n|-sidestart|p1: p0x20984c99|Reflect\n|move|p2a: Porygon2|Shadow Ball|p1a: Meowstic\n|-supereffective|p1a: Meowstic\n|-damage|p1a: Meowstic|0 fnt\n|faint|p1a: Meowstic\n|\n|upkeep\n|inactive|Time left: 300 sec this turn | 300 sec total | 5 sec grace\n|\n|t:|1783563521\n|switch|p1a: Pyroar|Pyroar, L88, F|295/295\n|-ability|p1a: Pyroar|Unnerve\n|turn|26\n|inactive|Time left: 300 sec this turn | 300 sec total\n|\n|t:|1783563522\n|move|p1a: Pyroar|Work Up|p1a: Pyroar\n|-boost|p1a: Pyroar|atk|1\n|-boost|p1a: Pyroar|spa|1\n|move|p2a: Porygon2|Tera Blast|p1a: Pyroar\n|-damage|p1a: Pyroar|199/295\n|\n|upkeep\n|turn|27\n|inactive|Time left: 300 sec this turn | 300 sec total\n|\n|t:|1783563523\n|-terastallize|p2a: Porygon2|Fighting\n|move|p1a: Pyroar|Hyper Voice|p2a: Porygon2\n|-damage|p2a: Porygon2|40/100\n|move|p2a: Porygon2|Tera Blast|p1a: Pyroar|[anim] Tera Blast Fighting\n|-supereffective|p1a: Pyroar\n|-damage|p1a: Pyroar|0 fnt\n|faint|p1a: Pyroar\n|\n|upkeep\n|inactive|Time left: 300 sec this turn | 300 sec total | 5 sec grace\n|\n|t:|1783563524\n|switch|p1a: Clefable|Clefable, L83, M|293/293 par\n|turn|28\n|inactive|Time left: 300 sec this turn | 300 sec total\n|\n|t:|1783563525\n|move|p2a: Porygon2|Recover|p2a: Porygon2\n|-heal|p2a: Porygon2|90/100\n|move|p1a: Clefable|Moonblast|p2a: Porygon2\n|-supereffective|p2a: Porygon2\n|-damage|p2a: Porygon2|40/100\n|\n|upkeep\n|turn|29\n|inactive|Time left: 300 sec this turn | 300 sec total\n|\n|t:|1783563526\n|move|p2a: Porygon2|Recover|p2a: Porygon2\n|-heal|p2a: Porygon2|90/100\n|move|p1a: Clefable|Moonblast|p2a: Porygon2\n|-supereffective|p2a: Porygon2\n|-damage|p2a: Porygon2|39/100\n|-unboost|p2a: Porygon2|spa|1\n|\n|upkeep\n|turn|30\n|inactive|Time left: 300 sec this turn | 300 sec total\n|\n|t:|1783563527\n|move|p2a: Porygon2|Recover|p2a: Porygon2\n|-heal|p2a: Porygon2|89/100\n|move|p1a: Clefable|Moonblast|p2a: Porygon2\n|-supereffective|p2a: Porygon2\n|-damage|p2a: Porygon2|38/100\n|-unboost|p2a: Porygon2|spa|1\n|\n|upkeep\n|turn|31\n|inactive|Time left: 300 sec this turn | 300 sec total\n|\n|t:|1783563528\n|move|p2a: Porygon2|Recover|p2a: Porygon2\n|-heal|p2a: Porygon2|88/100\n|cant|p1a: Clefable|par\n|\n|upkeep\n|turn|32\n|inactive|Time left: 300 sec this turn | 300 sec total\n|\n|t:|1783563528\n|switch|p2a: Hoopa|Hoopa, L85|26/100\n|-activate|p2a: Hoopa|move: Sticky Web\n|-unboost|p2a: Hoopa|spe|1\n|cant|p1a: Clefable|par\n|\n|-sideend|p1: p0x20984c99|Reflect\n|upkeep\n|turn|33\n|inactive|Time left: 300 sec this turn | 300 sec total\n|\n|t:|1783563529\n|move|p2a: Hoopa|Psyshock|p1a: Clefable\n|-damage|p1a: Clefable|157/293 par\n|move|p1a: Clefable|Moonblast|p2a: Hoopa\n|-damage|p2a: Hoopa|2/100\n|-unboost|p2a: Hoopa|spa|1\n|\n|-heal|p1a: Clefable|175/293 par|[from] item: Leftovers\n|upkeep\n|turn|34\n|inactive|Time left: 300 sec this turn | 300 sec total\n|\n|t:|1783563530\n|move|p2a: Hoopa|Psyshock|p1a: Clefable\n|-damage|p1a: Clefable|39/293 par\n|move|p1a: Clefable|Moonlight|p1a: Clefable\n|-heal|p1a: Clefable|185/293 par\n|\n|-heal|p1a: Clefable|203/293 par|[from] item: Leftovers\n|upkeep\n|turn|35\n|inactive|Time left: 300 sec this turn | 300 sec total\n|\n|t:|1783563531\n|-activate|p2a: Hoopa|move: Struggle\n|move|p2a: Hoopa|Struggle|p1a: Clefable\n|-damage|p1a: Clefable|167/293 par\n|-damage|p2a: Hoopa|0 fnt|[from] recoil\n|faint|p2a: Hoopa\n|cant|p1a: Clefable|par\n|\n|-heal|p1a: Clefable|185/293 par|[from] item: Leftovers\n|upkeep\n|\n|t:|1783563532\n|switch|p2a: Avalugg|Avalugg, L88, F|9/100\n|turn|36\n|inactive|Time left: 300 sec this turn | 300 sec total\n|\n|t:|1783563533\n|move|p2a: Avalugg|Rapid Spin|p1a: Clefable\n|-damage|p1a: Clefable|132/293 par\n|-boost|p2a: Avalugg|spe|1\n|-sideend|p2: p0y209868b9|Sticky Web|[from] move: Rapid Spin|[of] p2a: Avalugg\n|move|p1a: Clefable|Moonblast|p2a: Avalugg\n|-damage|p2a: Avalugg|0 fnt\n|faint|p2a: Avalugg\n|\n|-heal|p1a: Clefable|150/293 par|[from] item: Leftovers\n|upkeep\n|\n|t:|1783563534\n|switch|p2a: Exeggutor|Exeggutor, L89, F|100/100\n|turn|37\n|inactive|Time left: 300 sec this turn | 300 sec total\n|\n|t:|1783563534\n|move|p2a: Exeggutor|Psychic|p1a: Clefable\n|-damage|p1a: Clefable|12/293 par\n|move|p1a: Clefable|Moonblast|p2a: Exeggutor\n|-damage|p2a: Exeggutor|65/100\n|\n|-heal|p1a: Clefable|30/293 par|[from] item: Leftovers\n|upkeep\n|turn|38\n|inactive|Time left: 300 sec this turn | 300 sec total\n|\n|t:|1783563535\n|move|p2a: Exeggutor|Giga Drain|p1a: Clefable\n|-damage|p1a: Clefable|0 fnt\n|-heal|p2a: Exeggutor|69/100|[from] drain|[of] p1a: Clefable\n|faint|p1a: Clefable\n|\n|upkeep\n|inactive|Time left: 300 sec this turn | 300 sec total | 5 sec grace\n|\n|t:|1783563536\n|switch|p1a: Piloswine|Piloswine, L85, F|309/309\n|turn|39\n|inactive|Time left: 300 sec this turn | 300 sec total\n|\n|t:|1783563537\n|move|p2a: Exeggutor|Giga Drain|p1a: Piloswine\n|-supereffective|p1a: Piloswine\n|-damage|p1a: Piloswine|115/309\n|-heal|p2a: Exeggutor|100/100|[from] drain|[of] p1a: Piloswine\n|move|p1a: Piloswine|Icicle Crash|p2a: Exeggutor\n|-supereffective|p2a: Exeggutor\n|-damage|p2a: Exeggutor|42/100\n|-enditem|p2a: Exeggutor|Sitrus Berry|[eat]\n|-heal|p2a: Exeggutor|67/100|[from] item: Sitrus Berry\n|\n|-item|p2a: Exeggutor|Sitrus Berry|[from] ability: Harvest\n|upkeep\n|turn|40\n|inactive|Time left: 300 sec this turn | 300 sec total\n|\n|t:|1783563538\n|move|p1a: Piloswine|Ice Shard|p2a: Exeggutor\n|-supereffective|p2a: Exeggutor\n|-damage|p2a: Exeggutor|40/100\n|-enditem|p2a: Exeggutor|Sitrus Berry|[eat]\n|-heal|p2a: Exeggutor|65/100|[from] item: Sitrus Berry\n|move|p2a: Exeggutor|Psychic|p1a: Piloswine\n|-damage|p1a: Piloswine|12/309\n|\n|-item|p2a: Exeggutor|Sitrus Berry|[from] ability: Harvest\n|upkeep\n|turn|41\n|inactive|Time left: 300 sec this turn | 300 sec total\n|\n|t:|1783563539\n|move|p2a: Exeggutor|Giga Drain|p1a: Piloswine\n|-supereffective|p1a: Piloswine\n|-damage|p1a: Piloswine|0 fnt\n|-heal|p2a: Exeggutor|67/100|[from] drain|[of] p1a: Piloswine\n|faint|p1a: Piloswine\n|\n|win|p0y209868b9", "uploadtime": 1783563539, "views": 0, "rating": 0, "private": 0, "password": null, "_winner": "p0y209868b9", "_our_name": "p0x20984c99"}