{"id": "battle-gen9randombattle-1223", "formatid": "gen9randombattle", "format": "[Gen 9] Random Battle", "players": ["p0x12231015", "p0y12236416"], "log": "|init|battle\n|title|p0x12231015 vs. p0y12236416\n|j|\u2606p0x12231015\n|j|\u2606p0y12236416\n|t:|1783553275\n|gametype|singles\n|player|p1|p0x12231015|265|\n|player|p2|p0y12236416|265|\n|gen|9\n|tier|[Gen 9] Random Battle\n|rule|Species Clause: Limit one of each Pok\u00e9mon\n|rule|HP Percentage Mod: HP is shown in percentages\n|rule|Sleep Clause Mod: Limit one foe put to sleep\n|rule|Illusion Level Mod: Illusion disguises the Pok\u00e9mon's true level\n|\n|t:|1783553275\n|teamsize|p1|6\n|teamsize|p2|6\n|start\n|switch|p1a: Conkeldurr|Conkeldurr, L80, M|299/299\n|switch|p2a: Chien-Pao|Chien-Pao, L72|100/100\n|-ability|p2a: Chien-Pao|Sword of Ruin\n|turn|1\n|inactive|Battle timer is ON: inactive players will automatically lose when time's up. (requested by p0y12236416)\n|inactive|Time left: 300 sec this turn | 300 sec total | 60 sec grace\n|inactive|p0x12231015 also wants the timer to be on.\n|\n|t:|1783553277\n|switch|p2a: Alcremie|Alcremie-Ruby-Swirl, L90, F|100/100\n|move|p1a: Conkeldurr|Mach Punch|p2a: Alcremie\n|-resisted|p2a: Alcremie\n|-damage|p2a: Alcremie|89/100\n|\n|-heal|p2a: Alcremie|95/100|[from] item: Leftovers\n|-status|p1a: Conkeldurr|brn|[from] item: Flame Orb\n|upkeep\n|turn|2\n|inactive|Time left: 300 sec this turn | 300 sec total\n|\n|t:|1783553278\n|-terastallize|p1a: Conkeldurr|Normal\n|move|p2a: Alcremie|Alluring Voice|p1a: Conkeldurr\n|-damage|p1a: Conkeldurr|161/299 brn\n|move|p1a: Conkeldurr|Facade|p2a: Alcremie\n|-crit|p2a: Alcremie\n|-damage|p2a: Alcremie|0 fnt\n|faint|p2a: Alcremie\n|\n|-damage|p1a: Conkeldurr|143/299 brn|[from] brn\n|upkeep\n|\n|t:|1783553279\n|switch|p2a: Mienshao|Mienshao, L83, M|100/100\n|turn|3\n|inactive|Time left: 300 sec this turn | 300 sec total\n|\n|t:|1783553280\n|move|p2a: Mienshao|Close Combat|p1a: Conkeldurr\n|-supereffective|p1a: Conkeldurr\n|-damage|p1a: Conkeldurr|0 fnt\n|-unboost|p2a: Mienshao|def|1\n|-unboost|p2a: Mienshao|spd|1\n|faint|p1a: Conkeldurr\n|-damage|p2a: Mienshao|91/100|[from] item: Life Orb\n|\n|upkeep\n|inactive|Time left: 300 sec this turn | 300 sec total | 5 sec grace\n|\n|t:|1783553281\n|switch|p1a: Espeon|Espeon, L84, M|246/246\n|turn|4\n|inactive|Time left: 300 sec this turn | 300 sec total\n|\n|t:|1783553282\n|switch|p2a: Muk|Muk, L86, M|100/100\n|move|p1a: Espeon|Alluring Voice|p2a: Muk\n|-resisted|p2a: Muk\n|-damage|p2a: Muk|87/100\n|\n|-heal|p2a: Muk|93/100|[from] item: Leftovers\n|upkeep\n|turn|5\n|inactive|Time left: 300 sec this turn | 300 sec total\n|\n|t:|1783553283\n|switch|p1a: Golem|Golem-Alola, L93, M|300/300\n|move|p2a: Muk|Knock Off|p1a: Golem\n|-damage|p1a: Golem|250/300\n|-enditem|p1a: Golem|Life Orb|[from] move: Knock Off|[of] p2a: Muk\n|\n|-heal|p2a: Muk|99/100|[from] item: Leftovers\n|upkeep\n|turn|6\n|inactive|Time left: 300 sec this turn | 300 sec total\n|\n|t:|1783553285\n|move|p1a: Golem|Earthquake|p2a: Muk\n|-supereffective|p2a: Muk\n|-damage|p2a: Muk|34/100\n|move|p2a: Muk|Poison Jab|p1a: Golem\n|-resisted|p1a: Golem\n|-damage|p1a: Golem|220/300\n|\n|-heal|p2a: Muk|40/100|[from] item: Leftovers\n|upkeep\n|turn|7\n|inactive|Time left: 300 sec this turn | 300 sec total\n|\n|t:|1783553286\n|switch|p2a: Brambleghast|Brambleghast, L88, F|100/100\n|move|p1a: Golem|Double-Edge|p2a: Brambleghast\n|-resisted|p2a: Brambleghast\n|-crit|p2a: Brambleghast\n|-damage|p2a: Brambleghast|18/100\n|-damage|p1a: Golem|155/300|[from] Recoil\n|\n|upkeep\n|turn|8\n|inactive|Time left: 300 sec this turn | 300 sec total\n|\n|t:|1783553287\n|move|p2a: Brambleghast|Power Whip|p1a: Golem\n|-supereffective|p1a: Golem\n|-damage|p1a: Golem|0 fnt\n|faint|p1a: Golem\n|\n|upkeep\n|inactive|Time left: 300 sec this turn | 300 sec total | 5 sec grace\n|\n|t:|1783553288\n|switch|p1a: Espeon|Espeon, L84, M|246/246\n|turn|9\n|inactive|Time left: 300 sec this turn | 300 sec total\n|\n|t:|1783553289\n|move|p1a: Espeon|Psyshock|p2a: Brambleghast\n|-damage|p2a: Brambleghast|0 fnt\n|faint|p2a: Brambleghast\n|\n|upkeep\n|\n|t:|1783553290\n|switch|p2a: Mienshao|Mienshao, L83, M|100/100\n|turn|10\n|inactive|Time left: 300 sec this turn | 300 sec total\n|\n|t:|1783553291\n|-terastallize|p2a: Mienshao|Dark\n|move|p1a: Espeon|Psyshock|p2a: Mienshao\n|-immune|p2a: Mienshao\n|move|p2a: Mienshao|Swords Dance|p2a: Mienshao\n|-boost|p2a: Mienshao|atk|2\n|\n|upkeep\n|turn|11\n|inactive|Time left: 300 sec this turn | 300 sec total\n|\n|t:|1783553291\n|switch|p1a: Hitmontop|Hitmontop, L88, M|231/231\n|-ability|p1a: Hitmontop|Intimidate|boost\n|-unboost|p2a: Mienshao|atk|1\n|move|p2a: Mienshao|Knock Off|p1a: Hitmontop\n|-resisted|p1a: Hitmontop\n|-damage|p1a: Hitmontop|115/231\n|-enditem|p1a: Hitmontop|Assault Vest|[from] move: Knock Off|[of] p2a: Mienshao\n|-damage|p2a: Mienshao|91/100|[from] item: Life Orb\n|\n|upkeep\n|turn|12\n|inactive|Time left: 300 sec this turn | 300 sec total\n|\n|t:|1783553292\n|move|p2a: Mienshao|Close Combat|p1a: Hitmontop\n|-crit|p1a: Hitmontop\n|-damage|p1a: Hitmontop|0 fnt\n|-unboost|p2a: Mienshao|def|1\n|-unboost|p2a: Mienshao|spd|1\n|faint|p1a: Hitmontop\n|-damage|p2a: Mienshao|81/100|[from] item: Life Orb\n|\n|upkeep\n|inactive|Time left: 300 sec this turn | 300 sec total | 5 sec grace\n|\n|t:|1783553293\n|switch|p1a: Espeon|Espeon, L84, M|246/246\n|turn|13\n|inactive|Time left: 300 sec this turn | 300 sec total\n|\n|t:|1783553294\n|switch|p2a: Muk|Muk, L86, M|40/100\n|move|p1a: Espeon|Alluring Voice|p2a: Muk\n|-resisted|p2a: Muk\n|-damage|p2a: Muk|24/100\n|\n|-heal|p2a: Muk|31/100|[from] item: Leftovers\n|upkeep\n|turn|14\n|inactive|Time left: 300 sec this turn | 300 sec total\n|\n|t:|1783553295\n|switch|p1a: Scyther|Scyther, L82, M|249/249\n|move|p2a: Muk|Knock Off|p1a: Scyther\n|-damage|p1a: Scyther|169/249\n|-enditem|p1a: Scyther|Heavy-Duty Boots|[from] move: Knock Off|[of] p2a: Muk\n|\n|-heal|p2a: Muk|37/100|[from] item: Leftovers\n|upkeep\n|turn|15\n|inactive|Time left: 300 sec this turn | 300 sec total\n|\n|t:|1783553296\n|move|p1a: Scyther|Dual Wingbeat|p2a: Muk|[miss]\n|-miss|p1a: Scyther|p2a: Muk\n|move|p2a: Muk|Poison Jab|p1a: Scyther\n|-damage|p1a: Scyther|57/249\n|\n|-heal|p2a: Muk|43/100|[from] item: Leftovers\n|upkeep\n|turn|16\n|inactive|Time left: 300 sec this turn | 300 sec total\n|\n|t:|1783553297\n|move|p1a: Scyther|Dual Wingbeat|p2a: Muk|[miss]\n|-miss|p1a: Scyther|p2a: Muk\n|move|p2a: Muk|Knock Off|p1a: Scyther\n|-damage|p1a: Scyther|0 fnt\n|faint|p1a: Scyther\n|\n|-heal|p2a: Muk|49/100|[from] item: Leftovers\n|upkeep\n|inactive|Time left: 300 sec this turn | 300 sec total | 5 sec grace\n|\n|t:|1783553298\n|switch|p1a: Espeon|Espeon, L84, M|246/246\n|turn|17\n|inactive|Time left: 300 sec this turn | 300 sec total\n|\n|t:|1783553299\n|move|p1a: Espeon|Psyshock|p2a: Muk\n|-supereffective|p2a: Muk\n|-damage|p2a: Muk|0 fnt\n|faint|p2a: Muk\n|\n|upkeep\n|\n|t:|1783553300\n|switch|p2a: Chien-Pao|Chien-Pao, L72|100/100\n|-ability|p2a: Chien-Pao|Sword of Ruin\n|turn|18\n|inactive|Time left: 300 sec this turn | 300 sec total\n|\n|t:|1783553301\n|switch|p1a: Luvdisc|Luvdisc, M|247/247\n|move|p2a: Chien-Pao|Swords Dance|p2a: Chien-Pao\n|-boost|p2a: Chien-Pao|atk|2\n|\n|upkeep\n|turn|19\n|inactive|Time left: 300 sec this turn | 300 sec total\n|\n|t:|1783553302\n|move|p1a: Luvdisc|Whirlpool|p2a: Chien-Pao\n|-damage|p2a: Chien-Pao|81/100\n|-activate|p2a: Chien-Pao|move: Whirlpool|[of] p1a: Luvdisc\n|move|p2a: Chien-Pao|Throat Chop|p1a: Luvdisc\n|-damage|p1a: Luvdisc|25/247\n|-start|p1a: Luvdisc|Throat Chop|[silent]\n|\n|-damage|p2a: Chien-Pao|68/100|[from] move: Whirlpool|[partiallytrapped]\n|upkeep\n|turn|20\n|inactive|Time left: 300 sec this turn | 300 sec total\n|\n|t:|1783553303\n|move|p2a: Chien-Pao|Sucker Punch|p1a: Luvdisc\n|-damage|p1a: Luvdisc|0 fnt\n|faint|p1a: Luvdisc\n|\n|-end|p2a: Chien-Pao|Whirlpool|[partiallytrapped]|[silent]\n|upkeep\n|inactive|Time left: 300 sec this turn | 300 sec total | 5 sec grace\n|\n|t:|1783553304\n|switch|p1a: Espeon|Espeon, L84, M|246/246\n|turn|21\n|inactive|Time left: 300 sec this turn | 300 sec total\n|\n|t:|1783553305\n|move|p2a: Chien-Pao|Throat Chop|p1a: Espeon\n|-supereffective|p1a: Espeon\n|-damage|p1a: Espeon|0 fnt\n|faint|p1a: Espeon\n|\n|win|p0y12236416", "uploadtime": 1783553305, "views": 0, "rating": 0, "private": 0, "password": null, "_winner": "p0y12236416", "_our_name": "p0x12231015"}