{"id": "battle-gen9randombattle-96", "formatid": "gen9randombattle", "format": "[Gen 9] Random Battle", "players": ["p0x0967e57", "p0y096f4b6"], "log": "|init|battle\n|title|p0x0967e57 vs. p0y096f4b6\n|j|\u2606p0x0967e57\n|j|\u2606p0y096f4b6\n|t:|1783540593\n|gametype|singles\n|player|p1|p0x0967e57|1|\n|player|p2|p0y096f4b6|1|\n|gen|9\n|tier|[Gen 9] Random Battle\n|rule|Species Clause: Limit one of each Pok\u00e9mon\n|rule|HP Percentage Mod: HP is shown in percentages\n|rule|Sleep Clause Mod: Limit one foe put to sleep\n|rule|Illusion Level Mod: Illusion disguises the Pok\u00e9mon's true level\n|\n|t:|1783540594\n|teamsize|p1|6\n|teamsize|p2|6\n|start\n|switch|p1a: Enamorus|Enamorus-Therian, L83, F|100/100\n|switch|p2a: Stantler|Stantler, L92, M|284/284\n|-ability|p2a: Stantler|Intimidate|boost\n|-unboost|p1a: Enamorus|atk|1\n|turn|1\n|inactive|Battle timer is ON: inactive players will automatically lose when time's up. (requested by p0x0967e57)\n|inactive|Time left: 300 sec this turn | 300 sec total | 60 sec grace\n|inactive|p0y096f4b6 also wants the timer to be on.\n|\n|t:|1783540595\n|move|p2a: Stantler|Body Slam|p1a: Enamorus\n|-damage|p1a: Enamorus|67/100\n|move|p1a: Enamorus|Mystical Fire|p2a: Stantler\n|-damage|p2a: Stantler|233/284\n|-unboost|p2a: Stantler|spa|1\n|\n|upkeep\n|turn|2\n|inactive|Time left: 300 sec this turn | 300 sec total\n|\n|t:|1783540596\n|move|p2a: Stantler|Body Slam|p1a: Enamorus\n|-damage|p1a: Enamorus|34/100\n|move|p1a: Enamorus|Moonblast|p2a: Stantler\n|-damage|p2a: Stantler|136/284\n|\n|upkeep\n|turn|3\n|inactive|Time left: 300 sec this turn | 300 sec total\n|\n|t:|1783540597\n|switch|p1a: Mismagius|Mismagius, L86, F|100/100\n|move|p2a: Stantler|Body Slam|p1a: Mismagius\n|-immune|p1a: Mismagius\n|\n|upkeep\n|turn|4\n|inactive|Time left: 300 sec this turn | 300 sec total\n|\n|t:|1783540599\n|move|p1a: Mismagius|Nasty Plot|p1a: Mismagius\n|-boost|p1a: Mismagius|spa|2\n|move|p2a: Stantler|Throat Chop|p1a: Mismagius\n|-supereffective|p1a: Mismagius\n|-damage|p1a: Mismagius|36/100\n|-start|p1a: Mismagius|Throat Chop|[silent]\n|\n|-heal|p1a: Mismagius|42/100|[from] item: Leftovers\n|upkeep\n|turn|5\n|inactive|Time left: 300 sec this turn | 300 sec total\n|\n|t:|1783540600\n|move|p1a: Mismagius|Tera Blast|p2a: Stantler\n|-damage|p2a: Stantler|34/284\n|move|p2a: Stantler|Throat Chop|p1a: Mismagius\n|-supereffective|p1a: Mismagius\n|-damage|p1a: Mismagius|0 fnt\n|faint|p1a: Mismagius\n|\n|upkeep\n|\n|t:|1783540601\n|switch|p1a: Smeargle|Smeargle, L95, F|100/100\n|turn|6\n|inactive|Time left: 300 sec this turn | 300 sec total\n|\n|t:|1783540602\n|move|p2a: Stantler|Body Slam|p1a: Smeargle\n|-damage|p1a: Smeargle|30/100\n|move|p1a: Smeargle|Shell Smash|p1a: Smeargle\n|-unboost|p1a: Smeargle|def|1\n|-unboost|p1a: Smeargle|spd|1\n|-boost|p1a: Smeargle|atk|2\n|-boost|p1a: Smeargle|spa|2\n|-boost|p1a: Smeargle|spe|2\n|\n|upkeep\n|turn|7\n|inactive|Time left: 300 sec this turn | 300 sec total\n|\n|t:|1783540603\n|move|p1a: Smeargle|Power Trip|p2a: Stantler\n|-damage|p2a: Stantler|0 fnt\n|faint|p2a: Stantler\n|\n|upkeep\n|inactive|Time left: 300 sec this turn | 300 sec total | 5 sec grace\n|\n|t:|1783540604\n|switch|p2a: Scizor|Scizor, L79, M|240/240\n|turn|8\n|inactive|Time left: 300 sec this turn | 300 sec total\n|\n|t:|1783540606\n|move|p2a: Scizor|Bullet Punch|p1a: Smeargle\n|-damage|p1a: Smeargle|0 fnt\n|faint|p1a: Smeargle\n|\n|upkeep\n|\n|t:|1783540606\n|switch|p1a: Zekrom|Zekrom, L71|100/100\n|-ability|p1a: Zekrom|Teravolt\n|turn|9\n|inactive|Time left: 300 sec this turn | 300 sec total\n|\n|t:|1783540607\n|move|p1a: Zekrom|Dragon Dance|p1a: Zekrom\n|-boost|p1a: Zekrom|atk|1\n|-boost|p1a: Zekrom|spe|1\n|move|p2a: Scizor|U-turn|p1a: Zekrom\n|-crit|p1a: Zekrom\n|-damage|p1a: Zekrom|54/100\n|inactive|Time left: 300 sec this turn | 300 sec total | 5 sec grace\n|\n|t:|1783540608\n|switch|p2a: Enamorus|Enamorus, L79, F|247/247|[from] U-turn\n|\n|-heal|p1a: Zekrom|60/100|[from] item: Leftovers\n|upkeep\n|turn|10\n|inactive|Time left: 300 sec this turn | 300 sec total\n|\n|t:|1783540609\n|-terastallize|p2a: Enamorus|Ground\n|move|p1a: Zekrom|Bolt Strike|p2a: Enamorus\n|-immune|p2a: Enamorus\n|move|p2a: Enamorus|Moonblast|p1a: Zekrom\n|-supereffective|p1a: Zekrom\n|-damage|p1a: Zekrom|0 fnt\n|faint|p1a: Zekrom\n|\n|upkeep\n|\n|t:|1783540610\n|switch|p1a: Dachsbun|Dachsbun, L92, F|100/100\n|turn|11\n|inactive|Time left: 300 sec this turn | 300 sec total\n|\n|t:|1783540611\n|move|p1a: Dachsbun|Play Rough|p2a: Enamorus\n|-damage|p2a: Enamorus|132/247\n|-unboost|p2a: Enamorus|atk|1\n|move|p2a: Enamorus|Moonblast|p1a: Dachsbun\n|-damage|p1a: Dachsbun|57/100\n|-unboost|p1a: Dachsbun|spa|1\n|\n|-heal|p1a: Dachsbun|63/100|[from] item: Leftovers\n|-heal|p2a: Enamorus|147/247|[from] item: Leftovers\n|upkeep\n|turn|12\n|inactive|Time left: 300 sec this turn | 300 sec total\n|\n|t:|1783540612\n|move|p1a: Dachsbun|Play Rough|p2a: Enamorus\n|-damage|p2a: Enamorus|18/247\n|move|p2a: Enamorus|Moonblast|p1a: Dachsbun\n|-damage|p1a: Dachsbun|21/100\n|\n|-heal|p1a: Dachsbun|27/100|[from] item: Leftovers\n|-heal|p2a: Enamorus|33/247|[from] item: Leftovers\n|upkeep\n|turn|13\n|inactive|Time left: 300 sec this turn | 300 sec total\n|\n|t:|1783540613\n|move|p1a: Dachsbun|Play Rough|p2a: Enamorus\n|-damage|p2a: Enamorus|0 fnt\n|faint|p2a: Enamorus\n|\n|-heal|p1a: Dachsbun|33/100|[from] item: Leftovers\n|upkeep\n|inactive|Time left: 300 sec this turn | 300 sec total | 5 sec grace\n|\n|t:|1783540614\n|switch|p2a: Basculin|Basculin, L86, F|261/261\n|turn|14\n|inactive|Time left: 300 sec this turn | 300 sec total\n|\n|t:|1783540615\n|move|p1a: Dachsbun|Play Rough|p2a: Basculin\n|-damage|p2a: Basculin|141/261\n|move|p2a: Basculin|Wave Crash|p1a: Dachsbun\n|-damage|p1a: Dachsbun|0 fnt\n|faint|p1a: Dachsbun\n|-damage|p2a: Basculin|114/261|[from] Recoil\n|\n|upkeep\n|\n|t:|1783540616\n|switch|p1a: Urshifu|Urshifu, L74, M|100/100\n|turn|15\n|inactive|Time left: 300 sec this turn | 300 sec total\n|\n|t:|1783540617\n|move|p1a: Urshifu|Sucker Punch|p2a: Basculin\n|-damage|p2a: Basculin|0 fnt\n|faint|p2a: Basculin\n|\n|upkeep\n|inactive|Time left: 300 sec this turn | 300 sec total | 5 sec grace\n|\n|t:|1783540618\n|switch|p2a: Scizor|Scizor, L79, M|240/240\n|turn|16\n|inactive|Time left: 300 sec this turn | 300 sec total\n|\n|t:|1783540619\n|move|p1a: Urshifu|Sucker Punch|p2a: Scizor\n|-damage|p2a: Scizor|132/240\n|move|p2a: Scizor|Knock Off|p1a: Urshifu\n|-resisted|p1a: Urshifu\n|-damage|p1a: Urshifu|93/100\n|-enditem|p1a: Urshifu|Choice Band|[from] move: Knock Off|[of] p2a: Scizor\n|\n|-heal|p2a: Scizor|147/240|[from] item: Leftovers\n|upkeep\n|turn|17\n|inactive|Time left: 300 sec this turn | 300 sec total\n|\n|t:|1783540620\n|move|p1a: Urshifu|Wicked Blow|p2a: Scizor\n|-crit|p2a: Scizor\n|-damage|p2a: Scizor|35/240\n|move|p2a: Scizor|U-turn|p1a: Urshifu\n|-damage|p1a: Urshifu|59/100\n|inactive|Time left: 300 sec this turn | 300 sec total | 5 sec grace\n|\n|t:|1783540621\n|switch|p2a: Volbeat|Volbeat, L90, M|263/263|[from] U-turn\n|\n|upkeep\n|turn|18\n|inactive|Time left: 300 sec this turn | 300 sec total\n|\n|t:|1783540622\n|move|p2a: Volbeat|Lunge|p1a: Urshifu\n|-damage|p1a: Urshifu|26/100\n|-unboost|p1a: Urshifu|atk|1\n|move|p1a: Urshifu|Wicked Blow|p2a: Volbeat\n|-crit|p2a: Volbeat\n|-damage|p2a: Volbeat|146/263\n|\n|upkeep\n|turn|19\n|inactive|Time left: 300 sec this turn | 300 sec total\n|\n|t:|1783540623\n|switch|p1a: Enamorus|Enamorus-Therian, L83, F|34/100\n|move|p2a: Volbeat|Lunge|p1a: Enamorus\n|-resisted|p1a: Enamorus\n|-damage|p1a: Enamorus|28/100\n|-unboost|p1a: Enamorus|atk|1\n|\n|upkeep\n|turn|20\n|inactive|Time left: 300 sec this turn | 300 sec total\n|\n|t:|1783540625\n|move|p2a: Volbeat|Roost|p2a: Volbeat\n|-heal|p2a: Volbeat|263/263\n|-singleturn|p2a: Volbeat|move: Roost\n|move|p1a: Enamorus|Mystical Fire|p2a: Volbeat\n|-supereffective|p2a: Volbeat\n|-damage|p2a: Volbeat|135/263\n|-unboost|p2a: Volbeat|spa|1\n|\n|upkeep\n|turn|21\n|inactive|Time left: 300 sec this turn | 300 sec total\n|\n|t:|1783540626\n|move|p2a: Volbeat|Roost|p2a: Volbeat\n|-heal|p2a: Volbeat|263/263\n|-singleturn|p2a: Volbeat|move: Roost\n|move|p1a: Enamorus|Mystical Fire|p2a: Volbeat\n|-supereffective|p2a: Volbeat\n|-damage|p2a: Volbeat|141/263\n|-unboost|p2a: Volbeat|spa|1\n|\n|upkeep\n|turn|22\n|inactive|Time left: 300 sec this turn | 300 sec total\n|\n|t:|1783540627\n|move|p2a: Volbeat|Roost|p2a: Volbeat\n|-heal|p2a: Volbeat|263/263\n|-singleturn|p2a: Volbeat|move: Roost\n|move|p1a: Enamorus|Agility|p1a: Enamorus\n|-boost|p1a: Enamorus|spe|2\n|\n|upkeep\n|turn|23\n|inactive|Time left: 300 sec this turn | 300 sec total\n|\n|t:|1783540628\n|move|p2a: Volbeat|Encore|p1a: Enamorus\n|-start|p1a: Enamorus|Encore\n|move|p1a: Enamorus|Agility|p1a: Enamorus\n|-boost|p1a: Enamorus|spe|2\n|\n|upkeep\n|turn|24\n|inactive|Time left: 300 sec this turn | 300 sec total\n|\n|t:|1783540629\n|switch|p1a: Urshifu|Urshifu, L74, M|26/100\n|switch|p2a: Scizor|Scizor, L79, M|35/240\n|\n|-heal|p2a: Scizor|50/240|[from] item: Leftovers\n|upkeep\n|turn|25\n|inactive|Time left: 300 sec this turn | 300 sec total\n|\n|t:|1783540630\n|move|p1a: Urshifu|Sucker Punch|p2a: Scizor\n|-crit|p2a: Scizor\n|-damage|p2a: Scizor|0 fnt\n|faint|p2a: Scizor\n|\n|upkeep\n|inactive|Time left: 300 sec this turn | 300 sec total | 5 sec grace\n|\n|t:|1783540631\n|switch|p2a: Volbeat|Volbeat, L90, M|263/263\n|turn|26\n|inactive|Time left: 300 sec this turn | 300 sec total\n|\n|t:|1783540632\n|switch|p1a: Enamorus|Enamorus-Therian, L83, F|28/100\n|move|p2a: Volbeat|Lunge|p1a: Enamorus\n|-resisted|p1a: Enamorus\n|-damage|p1a: Enamorus|21/100\n|-unboost|p1a: Enamorus|atk|1\n|\n|upkeep\n|turn|27\n|inactive|Time left: 300 sec this turn | 300 sec total\n|\n|t:|1783540633\n|move|p2a: Volbeat|Thunder Wave|p1a: Enamorus\n|-status|p1a: Enamorus|par\n|move|p1a: Enamorus|Mystical Fire|p2a: Volbeat\n|-supereffective|p2a: Volbeat\n|-damage|p2a: Volbeat|131/263\n|-unboost|p2a: Volbeat|spa|1\n|\n|upkeep\n|turn|28\n|inactive|Time left: 300 sec this turn | 300 sec total\n|\n|t:|1783540634\n|move|p2a: Volbeat|Roost|p2a: Volbeat\n|-heal|p2a: Volbeat|263/263\n|-singleturn|p2a: Volbeat|move: Roost\n|move|p1a: Enamorus|Moonblast|p2a: Volbeat\n|-damage|p2a: Volbeat|137/263\n|\n|upkeep\n|turn|29\n|inactive|Time left: 300 sec this turn | 300 sec total\n|\n|t:|1783540635\n|move|p2a: Volbeat|Roost|p2a: Volbeat\n|-heal|p2a: Volbeat|263/263\n|-singleturn|p2a: Volbeat|move: Roost\n|move|p1a: Enamorus|Moonblast|p2a: Volbeat\n|-damage|p2a: Volbeat|143/263\n|\n|upkeep\n|turn|30\n|inactive|Time left: 300 sec this turn | 300 sec total\n|\n|t:|1783540636\n|move|p2a: Volbeat|Roost|p2a: Volbeat\n|-heal|p2a: Volbeat|263/263\n|-singleturn|p2a: Volbeat|move: Roost\n|move|p1a: Enamorus|Mystical Fire|p2a: Volbeat\n|-supereffective|p2a: Volbeat\n|-damage|p2a: Volbeat|131/263\n|-unboost|p2a: Volbeat|spa|1\n|\n|upkeep\n|turn|31\n|inactive|Time left: 300 sec this turn | 300 sec total\n|\n|t:|1783540637\n|move|p2a: Volbeat|Roost|p2a: Volbeat\n|-heal|p2a: Volbeat|263/263\n|-singleturn|p2a: Volbeat|move: Roost\n|cant|p1a: Enamorus|par\n|\n|upkeep\n|turn|32\n|inactive|Time left: 300 sec this turn | 300 sec total\n|\n|t:|1783540638\n|move|p2a: Volbeat|Lunge|p1a: Enamorus\n|-resisted|p1a: Enamorus\n|-damage|p1a: Enamorus|15/100 par\n|-unboost|p1a: Enamorus|atk|1\n|move|p1a: Enamorus|Moonblast|p2a: Volbeat\n|-damage|p2a: Volbeat|139/263\n|-unboost|p2a: Volbeat|spa|1\n|\n|upkeep\n|turn|33\n|inactive|Time left: 300 sec this turn | 300 sec total\n|\n|t:|1783540640\n|move|p2a: Volbeat|Roost|p2a: Volbeat\n|-heal|p2a: Volbeat|263/263\n|-singleturn|p2a: Volbeat|move: Roost\n|move|p1a: Enamorus|Moonblast|p2a: Volbeat\n|-damage|p2a: Volbeat|131/263\n|\n|upkeep\n|turn|34\n|inactive|Time left: 300 sec this turn | 300 sec total\n|\n|t:|1783540641\n|switch|p2a: Ditto|Ditto, L87|225/225\n|-transform|p2a: Ditto|p1a: Enamorus|[from] ability: Imposter\n|move|p1a: Enamorus|Moonblast|p2a: Ditto\n|-damage|p2a: Ditto|105/225\n|-unboost|p2a: Ditto|spa|1\n|\n|upkeep\n|turn|35\n|inactive|Time left: 300 sec this turn | 300 sec total\n|\n|t:|1783540642\n|switch|p1a: Urshifu|Urshifu, L74, M|26/100\n|move|p2a: Ditto|Moonblast|p1a: Urshifu\n|-supereffective|p1a: Urshifu\n|-damage|p1a: Urshifu|0 fnt\n|faint|p1a: Urshifu\n|\n|upkeep\n|\n|t:|1783540642\n|switch|p1a: Enamorus|Enamorus-Therian, L83, F|15/100 par\n|turn|36\n|inactive|Time left: 300 sec this turn | 300 sec total\n|\n|t:|1783540643\n|move|p2a: Ditto|Moonblast|p1a: Enamorus\n|-damage|p1a: Enamorus|0 fnt\n|faint|p1a: Enamorus\n|\n|win|p0y096f4b6", "uploadtime": 1783540643, "views": 0, "rating": 0, "private": 0, "password": null, "_winner": "p0y096f4b6", "_our_name": "p0y096f4b6"}