{"id": "battle-gen9randombattle-984", "formatid": "gen9randombattle", "format": "[Gen 9] Random Battle", "players": ["p0x984445a", "p0y98405df"], "log": "|init|battle\n|title|p0x984445a vs. p0y98405df\n|j|\u2606p0x984445a\n|j|\u2606p0y98405df\n|t:|1783551326\n|gametype|singles\n|player|p1|p0x984445a|2|\n|player|p2|p0y98405df|102|\n|gen|9\n|tier|[Gen 9] Random Battle\n|rule|Species Clause: Limit one of each Pok\u00e9mon\n|rule|HP Percentage Mod: HP is shown in percentages\n|rule|Sleep Clause Mod: Limit one foe put to sleep\n|rule|Illusion Level Mod: Illusion disguises the Pok\u00e9mon's true level\n|\n|t:|1783551326\n|teamsize|p1|6\n|teamsize|p2|6\n|start\n|switch|p1a: Magearna|Magearna-Original, L77|250/250\n|switch|p2a: Talonflame|Talonflame, L83, M|100/100\n|turn|1\n|inactive|Battle timer is ON: inactive players will automatically lose when time's up. (requested by p0x984445a)\n|\n|t:|1783551327\n|move|p2a: Talonflame|Swords Dance|p2a: Talonflame\n|-boost|p2a: Talonflame|atk|2\n|move|p1a: Magearna|Shift Gear|p1a: Magearna\n|-boost|p1a: Magearna|spe|2\n|-boost|p1a: Magearna|atk|1\n|\n|upkeep\n|turn|2\n|inactive|Time left: 300 sec this turn | 300 sec total\n|inactive|p0y98405df also wants the timer to be on.\n|\n|t:|1783551329\n|-terastallize|p1a: Magearna|Water\n|move|p1a: Magearna|Flash Cannon|p2a: Talonflame\n|-resisted|p2a: Talonflame\n|-damage|p2a: Talonflame|80/100\n|move|p2a: Talonflame|Flare Blitz|p1a: Magearna\n|-resisted|p1a: Magearna\n|-damage|p1a: Magearna|157/250\n|-damage|p2a: Talonflame|69/100|[from] Recoil\n|\n|-heal|p1a: Magearna|172/250|[from] item: Leftovers\n|upkeep\n|turn|3\n|inactive|Time left: 300 sec this turn | 300 sec total\n|\n|t:|1783551330\n|move|p1a: Magearna|Fleur Cannon|p2a: Talonflame\n|-resisted|p2a: Talonflame\n|-damage|p2a: Talonflame|34/100\n|-unboost|p1a: Magearna|spa|2\n|move|p2a: Talonflame|Brave Bird|p1a: Magearna\n|-damage|p1a: Magearna|0 fnt\n|faint|p1a: Magearna\n|-damage|p2a: Talonflame|13/100|[from] Recoil\n|\n|upkeep\n|inactive|Time left: 300 sec this turn | 300 sec total | 5 sec grace\n|\n|t:|1783551330\n|switch|p1a: Mudsdale|Mudsdale, L83, M|302/302\n|turn|4\n|inactive|Time left: 300 sec this turn | 300 sec total\n|\n|t:|1783551331\n|move|p2a: Talonflame|Swords Dance|p2a: Talonflame\n|-boost|p2a: Talonflame|atk|2\n|move|p1a: Mudsdale|Stealth Rock|p2a: Talonflame\n|-sidestart|p2: p0y98405df|move: Stealth Rock\n|\n|upkeep\n|turn|5\n|inactive|Time left: 300 sec this turn | 300 sec total\n|\n|t:|1783551333\n|switch|p1a: Stantler|Stantler, L92, F|284/284\n|-ability|p1a: Stantler|Intimidate|boost\n|-unboost|p2a: Talonflame|atk|1\n|move|p2a: Talonflame|Brave Bird|p1a: Stantler\n|-damage|p1a: Stantler|68/284\n|-damage|p2a: Talonflame|0 fnt|[from] Recoil\n|faint|p2a: Talonflame\n|\n|upkeep\n|\n|t:|1783551334\n|switch|p2a: Spidops|Spidops, L96, F|100/100\n|turn|6\n|inactive|Time left: 300 sec this turn | 300 sec total\n|\n|t:|1783551335\n|move|p1a: Stantler|Tera Blast|p2a: Spidops\n|-damage|p2a: Spidops|71/100\n|move|p2a: Spidops|Sticky Web|p1a: Stantler\n|-sidestart|p1: p0x984445a|move: Sticky Web\n|\n|upkeep\n|turn|7\n|inactive|Time left: 300 sec this turn | 300 sec total\n|\n|t:|1783551336\n|move|p1a: Stantler|Shadow Ball|p2a: Spidops\n|-damage|p2a: Spidops|51/100\n|move|p2a: Spidops|U-turn|p1a: Stantler\n|-damage|p1a: Stantler|7/284\n|\n|t:|1783551337\n|switch|p2a: Kyogre|Kyogre, L71|100/100|[from] U-turn\n|-damage|p2a: Kyogre|88/100|[from] Stealth Rock\n|-weather|RainDance|[from] ability: Drizzle|[of] p2a: Kyogre\n|\n|-weather|RainDance|[upkeep]\n|-heal|p2a: Kyogre|94/100|[from] item: Leftovers\n|upkeep\n|turn|8\n|inactive|Time left: 300 sec this turn | 300 sec total\n|\n|t:|1783551338\n|move|p1a: Stantler|Earth Power|p2a: Kyogre\n|-damage|p2a: Kyogre|72/100\n|move|p2a: Kyogre|Calm Mind|p2a: Kyogre\n|-boost|p2a: Kyogre|spa|1\n|-boost|p2a: Kyogre|spd|1\n|\n|-weather|RainDance|[upkeep]\n|-heal|p2a: Kyogre|78/100|[from] item: Leftovers\n|upkeep\n|turn|9\n|inactive|Time left: 300 sec this turn | 300 sec total\n|\n|t:|1783551339\n|move|p1a: Stantler|Earth Power|p2a: Kyogre\n|-damage|p2a: Kyogre|63/100\n|move|p2a: Kyogre|Calm Mind|p2a: Kyogre\n|-boost|p2a: Kyogre|spa|1\n|-boost|p2a: Kyogre|spd|1\n|\n|-weather|RainDance|[upkeep]\n|-heal|p2a: Kyogre|69/100|[from] item: Leftovers\n|upkeep\n|turn|10\n|inactive|Time left: 300 sec this turn | 300 sec total\n|\n|t:|1783551340\n|move|p1a: Stantler|Tera Blast|p2a: Kyogre\n|-damage|p2a: Kyogre|55/100\n|move|p2a: Kyogre|Calm Mind|p2a: Kyogre\n|-boost|p2a: Kyogre|spa|1\n|-boost|p2a: Kyogre|spd|1\n|\n|-weather|RainDance|[upkeep]\n|-heal|p2a: Kyogre|61/100|[from] item: Leftovers\n|upkeep\n|turn|11\n|inactive|Time left: 300 sec this turn | 300 sec total\n|\n|t:|1783551341\n|move|p1a: Stantler|Tera Blast|p2a: Kyogre\n|-damage|p2a: Kyogre|49/100\n|move|p2a: Kyogre|Ice Beam|p1a: Stantler\n|-damage|p1a: Stantler|0 fnt\n|faint|p1a: Stantler\n|\n|-weather|none\n|-heal|p2a: Kyogre|55/100|[from] item: Leftovers\n|upkeep\n|inactive|Time left: 300 sec this turn | 300 sec total | 5 sec grace\n|\n|t:|1783551342\n|switch|p1a: Poliwrath|Poliwrath, L88, M|302/302\n|-activate|p1a: Poliwrath|move: Sticky Web\n|-unboost|p1a: Poliwrath|spe|1\n|turn|12\n|inactive|Time left: 300 sec this turn | 300 sec total\n|\n|t:|1783551343\n|move|p2a: Kyogre|Thunder|p1a: Poliwrath\n|-supereffective|p1a: Poliwrath\n|-damage|p1a: Poliwrath|62/302\n|-status|p1a: Poliwrath|par\n|move|p1a: Poliwrath|Close Combat|p2a: Kyogre\n|-damage|p2a: Kyogre|0 fnt\n|-unboost|p1a: Poliwrath|def|1\n|-unboost|p1a: Poliwrath|spd|1\n|faint|p2a: Kyogre\n|\n|upkeep\n|\n|t:|1783551345\n|switch|p2a: Bombirdier|Bombirdier, L85, M|100/100\n|turn|13\n|inactive|Time left: 300 sec this turn | 300 sec total\n|\n|t:|1783551346\n|move|p2a: Bombirdier|Stealth Rock|p1a: Poliwrath\n|-sidestart|p1: p0x984445a|move: Stealth Rock\n|move|p1a: Poliwrath|Liquidation|p2a: Bombirdier\n|-damage|p2a: Bombirdier|64/100\n|\n|upkeep\n|turn|14\n|inactive|Time left: 300 sec this turn | 300 sec total\n|\n|t:|1783551347\n|move|p2a: Bombirdier|Knock Off|p1a: Poliwrath\n|-resisted|p1a: Poliwrath\n|-damage|p1a: Poliwrath|0 fnt\n|-enditem|p1a: Poliwrath|Assault Vest|[from] move: Knock Off|[of] p2a: Bombirdier\n|faint|p1a: Poliwrath\n|\n|upkeep\n|inactive|Time left: 300 sec this turn | 300 sec total | 5 sec grace\n|\n|t:|1783551348\n|switch|p1a: Mudsdale|Mudsdale, L83, M|302/302\n|-activate|p1a: Mudsdale|move: Sticky Web\n|-unboost|p1a: Mudsdale|spe|1\n|-damage|p1a: Mudsdale|284/302|[from] Stealth Rock\n|turn|15\n|inactive|Time left: 300 sec this turn | 300 sec total\n|\n|t:|1783551349\n|move|p2a: Bombirdier|Knock Off|p1a: Mudsdale\n|-damage|p1a: Mudsdale|184/302\n|-ability|p1a: Mudsdale|Stamina|boost\n|-boost|p1a: Mudsdale|def|1\n|-enditem|p1a: Mudsdale|Leftovers|[from] move: Knock Off|[of] p2a: Bombirdier\n|move|p1a: Mudsdale|Heavy Slam|p2a: Bombirdier\n|-damage|p2a: Bombirdier|22/100\n|\n|upkeep\n|turn|16\n|inactive|Time left: 300 sec this turn | 300 sec total\n|\n|t:|1783551350\n|move|p2a: Bombirdier|Roost|p2a: Bombirdier\n|-heal|p2a: Bombirdier|72/100\n|-singleturn|p2a: Bombirdier|move: Roost\n|move|p1a: Mudsdale|Heavy Slam|p2a: Bombirdier\n|-damage|p2a: Bombirdier|32/100\n|\n|upkeep\n|turn|17\n|inactive|Time left: 300 sec this turn | 300 sec total\n|\n|t:|1783551351\n|move|p2a: Bombirdier|Roost|p2a: Bombirdier\n|-heal|p2a: Bombirdier|82/100\n|-singleturn|p2a: Bombirdier|move: Roost\n|move|p1a: Mudsdale|Heavy Slam|p2a: Bombirdier\n|-damage|p2a: Bombirdier|42/100\n|\n|upkeep\n|turn|18\n|inactive|Time left: 300 sec this turn | 300 sec total\n|\n|t:|1783551352\n|move|p2a: Bombirdier|Roost|p2a: Bombirdier\n|-heal|p2a: Bombirdier|92/100\n|-singleturn|p2a: Bombirdier|move: Roost\n|move|p1a: Mudsdale|Heavy Slam|p2a: Bombirdier\n|-damage|p2a: Bombirdier|51/100\n|\n|upkeep\n|turn|19\n|inactive|Time left: 300 sec this turn | 300 sec total\n|\n|t:|1783551353\n|move|p2a: Bombirdier|Roost|p2a: Bombirdier\n|-heal|p2a: Bombirdier|100/100\n|-singleturn|p2a: Bombirdier|move: Roost\n|move|p1a: Mudsdale|Heavy Slam|p2a: Bombirdier\n|-damage|p2a: Bombirdier|61/100\n|\n|upkeep\n|turn|20\n|inactive|Time left: 300 sec this turn | 300 sec total\n|\n|t:|1783551355\n|move|p2a: Bombirdier|Roost|p2a: Bombirdier\n|-heal|p2a: Bombirdier|100/100\n|-singleturn|p2a: Bombirdier|move: Roost\n|move|p1a: Mudsdale|Stone Edge|p2a: Bombirdier\n|-crit|p2a: Bombirdier\n|-damage|p2a: Bombirdier|52/100\n|\n|upkeep\n|turn|21\n|inactive|Time left: 300 sec this turn | 300 sec total\n|\n|t:|1783551356\n|move|p2a: Bombirdier|Roost|p2a: Bombirdier\n|-heal|p2a: Bombirdier|100/100\n|-singleturn|p2a: Bombirdier|move: Roost\n|move|p1a: Mudsdale|Earthquake|p2a: Bombirdier\n|-damage|p2a: Bombirdier|47/100\n|\n|upkeep\n|turn|22\n|inactive|Time left: 300 sec this turn | 300 sec total\n|\n|t:|1783551357\n|move|p2a: Bombirdier|Roost|p2a: Bombirdier\n|-heal|p2a: Bombirdier|97/100\n|-singleturn|p2a: Bombirdier|move: Roost\n|move|p1a: Mudsdale|Heavy Slam|p2a: Bombirdier\n|-crit|p2a: Bombirdier\n|-damage|p2a: Bombirdier|38/100\n|\n|upkeep\n|turn|23\n|inactive|Time left: 300 sec this turn | 300 sec total\n|\n|t:|1783551358\n|move|p2a: Bombirdier|Roost|p2a: Bombirdier\n|-heal|p2a: Bombirdier|88/100\n|-singleturn|p2a: Bombirdier|move: Roost\n|move|p1a: Mudsdale|Heavy Slam|p2a: Bombirdier\n|-damage|p2a: Bombirdier|47/100\n|\n|upkeep\n|turn|24\n|inactive|Time left: 300 sec this turn | 300 sec total\n|\n|t:|1783551359\n|switch|p2a: Golem|Golem, L87, M|100/100\n|-damage|p2a: Golem|94/100|[from] Stealth Rock\n|move|p1a: Mudsdale|Stone Edge|p2a: Golem\n|-resisted|p2a: Golem\n|-damage|p2a: Golem|83/100\n|\n|upkeep\n|turn|25\n|inactive|Time left: 300 sec this turn | 300 sec total\n|\n|t:|1783551360\n|move|p2a: Golem|Earthquake|p1a: Mudsdale\n|-damage|p1a: Mudsdale|99/302\n|-ability|p1a: Mudsdale|Stamina|boost\n|-boost|p1a: Mudsdale|def|1\n|move|p1a: Mudsdale|Earthquake|p2a: Golem\n|-supereffective|p2a: Golem\n|-damage|p2a: Golem|13/100\n|-enditem|p2a: Golem|Weakness Policy\n|-boost|p2a: Golem|atk|2|[from] item: Weakness Policy\n|-boost|p2a: Golem|spa|2|[from] item: Weakness Policy\n|\n|upkeep\n|turn|26\n|inactive|Time left: 300 sec this turn | 300 sec total\n|\n|t:|1783551361\n|move|p2a: Golem|Earthquake|p1a: Mudsdale\n|-crit|p1a: Mudsdale\n|-damage|p1a: Mudsdale|0 fnt\n|faint|p1a: Mudsdale\n|\n|upkeep\n|inactive|Time left: 300 sec this turn | 300 sec total | 5 sec grace\n|\n|t:|1783551362\n|switch|p1a: Palkia|Palkia-Origin, L72|249/249\n|-activate|p1a: Palkia|move: Sticky Web\n|-unboost|p1a: Palkia|spe|1\n|-damage|p1a: Palkia|218/249|[from] Stealth Rock\n|-ability|p1a: Palkia|Pressure\n|turn|27\n|inactive|Time left: 300 sec this turn | 300 sec total\n|\n|t:|1783551363\n|move|p1a: Palkia|Spacial Rend|p2a: Golem\n|-damage|p2a: Golem|0 fnt\n|faint|p2a: Golem\n|\n|upkeep\n|\n|t:|1783551364\n|switch|p2a: Zarude|Zarude-Dada, L77|100/100\n|-damage|p2a: Zarude|88/100|[from] Stealth Rock\n|turn|28\n|inactive|Time left: 300 sec this turn | 300 sec total\n|\n|t:|1783551364\n|move|p2a: Zarude|Knock Off|p1a: Palkia\n|-damage|p1a: Palkia|118/249\n|move|p1a: Palkia|Spacial Rend|p2a: Zarude\n|-damage|p2a: Zarude|38/100\n|\n|upkeep\n|turn|29\n|inactive|Time left: 300 sec this turn | 300 sec total\n|\n|t:|1783551365\n|-terastallize|p2a: Zarude|Dark\n|move|p2a: Zarude|Knock Off|p1a: Palkia\n|-damage|p1a: Palkia|0 fnt\n|faint|p1a: Palkia\n|\n|upkeep\n|inactive|Time left: 300 sec this turn | 300 sec total | 5 sec grace\n|\n|t:|1783551366\n|switch|p1a: Latias|Latias, L79, F|256/256\n|-damage|p1a: Latias|224/256|[from] Stealth Rock\n|turn|30\n|inactive|Time left: 300 sec this turn | 300 sec total\n|\n|t:|1783551366\n|move|p1a: Latias|Draco Meteor|p2a: Zarude\n|-damage|p2a: Zarude|0 fnt\n|-unboost|p1a: Latias|spa|2\n|faint|p2a: Zarude\n|\n|upkeep\n|\n|t:|1783551367\n|switch|p2a: Bombirdier|Bombirdier, L85, M|47/100\n|turn|31\n|inactive|Time left: 300 sec this turn | 300 sec total\n|\n|t:|1783551368\n|move|p1a: Latias|Recover|p1a: Latias\n|-heal|p1a: Latias|256/256\n|move|p2a: Bombirdier|Knock Off|p1a: Latias\n|-supereffective|p1a: Latias\n|-damage|p1a: Latias|20/256\n|-enditem|p1a: Latias|Soul Dew|[from] move: Knock Off|[of] p2a: Bombirdier\n|\n|upkeep\n|turn|32\n|inactive|Time left: 300 sec this turn | 300 sec total\n|\n|t:|1783551369\n|move|p1a: Latias|Draco Meteor|p2a: Bombirdier|[miss]\n|-miss|p1a: Latias|p2a: Bombirdier\n|move|p2a: Bombirdier|Knock Off|p1a: Latias\n|-supereffective|p1a: Latias\n|-damage|p1a: Latias|0 fnt\n|faint|p1a: Latias\n|\n|win|p0y98405df", "uploadtime": 1783551369, "views": 0, "rating": 0, "private": 0, "password": null, "_winner": "p0y98405df", "_our_name": "p0x984445a"}