{"id": "battle-gen9randombattle-2983", "formatid": "gen9randombattle", "format": "[Gen 9] Random Battle", "players": ["p0x2983d7bb", "p0y29831402"], "log": "|init|battle\n|title|p0x2983d7bb vs. p0y29831402\n|j|\u2606p0x2983d7bb\n|j|\u2606p0y29831402\n|t:|1783573341\n|gametype|singles\n|player|p1|p0x2983d7bb|266|\n|player|p2|p0y29831402|265|\n|gen|9\n|tier|[Gen 9] Random Battle\n|rule|Species Clause: Limit one of each Pok\u00e9mon\n|rule|HP Percentage Mod: HP is shown in percentages\n|rule|Sleep Clause Mod: Limit one foe put to sleep\n|rule|Illusion Level Mod: Illusion disguises the Pok\u00e9mon's true level\n|\n|t:|1783573341\n|teamsize|p1|6\n|teamsize|p2|6\n|start\n|switch|p1a: Dusknoir|Dusknoir, L89, F|225/225\n|switch|p2a: Arbok|Arbok, L87, M|100/100\n|-ability|p2a: Arbok|Intimidate|boost\n|-unboost|p1a: Dusknoir|atk|1\n|-item|p2a: Arbok|Leftovers|[from] ability: Frisk|[of] p1a: Dusknoir\n|turn|1\n|inactive|Battle timer is ON: inactive players will automatically lose when time's up. (requested by p0y29831402)\n|inactive|Time left: 300 sec this turn | 300 sec total | 60 sec grace\n|inactive|p0x2983d7bb also wants the timer to be on.\n|\n|t:|1783573343\n|switch|p1a: Klawf|Klawf, L90, F|272/272\n|move|p2a: Arbok|Coil|p2a: Arbok\n|-boost|p2a: Arbok|atk|1\n|-boost|p2a: Arbok|def|1\n|-boost|p2a: Arbok|accuracy|1\n|\n|upkeep\n|turn|2\n|inactive|Time left: 300 sec this turn | 300 sec total\n|\n|t:|1783573344\n|move|p2a: Arbok|Coil|p2a: Arbok\n|-boost|p2a: Arbok|atk|1\n|-boost|p2a: Arbok|def|1\n|-boost|p2a: Arbok|accuracy|1\n|move|p1a: Klawf|Swords Dance|p1a: Klawf\n|-boost|p1a: Klawf|atk|2\n|\n|upkeep\n|turn|3\n|inactive|Time left: 300 sec this turn | 300 sec total\n|\n|t:|1783573345\n|-terastallize|p2a: Arbok|Ground\n|move|p2a: Arbok|Earthquake|p1a: Klawf\n|-supereffective|p1a: Klawf\n|-damage|p1a: Klawf|0 fnt\n|faint|p1a: Klawf\n|\n|upkeep\n|inactive|Time left: 300 sec this turn | 300 sec total | 5 sec grace\n|\n|t:|1783573346\n|switch|p1a: Iron Leaves|Iron Leaves, L80|275/275\n|turn|4\n|inactive|Time left: 300 sec this turn | 300 sec total\n|\n|t:|1783573347\n|move|p1a: Iron Leaves|Leaf Blade|p2a: Arbok\n|-supereffective|p2a: Arbok\n|-damage|p2a: Arbok|27/100\n|move|p2a: Arbok|Gunk Shot|p1a: Iron Leaves\n|-supereffective|p1a: Iron Leaves\n|-damage|p1a: Iron Leaves|0 fnt\n|faint|p1a: Iron Leaves\n|-end|p1a: Iron Leaves|Quark Drive|[silent]\n|\n|-heal|p2a: Arbok|33/100|[from] item: Leftovers\n|upkeep\n|inactive|Time left: 300 sec this turn | 300 sec total | 5 sec grace\n|\n|t:|1783573347\n|switch|p1a: Darkrai|Darkrai, L77|234/234\n|turn|5\n|inactive|Time left: 300 sec this turn | 300 sec total\n|\n|t:|1783573348\n|switch|p2a: Moltres|Moltres-Galar, L79|100/100\n|move|p1a: Darkrai|Dark Pulse|p2a: Moltres\n|-resisted|p2a: Moltres\n|-damage|p2a: Moltres|83/100\n|-damage|p1a: Darkrai|211/234|[from] item: Life Orb\n|\n|upkeep\n|turn|6\n|inactive|Time left: 300 sec this turn | 300 sec total\n|\n|t:|1783573349\n|move|p1a: Darkrai|Nasty Plot|p1a: Darkrai\n|-boost|p1a: Darkrai|spa|2\n|move|p2a: Moltres|Hurricane|p1a: Darkrai\n|-damage|p1a: Darkrai|96/234\n|\n|upkeep\n|turn|7\n|inactive|Time left: 300 sec this turn | 300 sec total\n|\n|t:|1783573350\n|-terastallize|p1a: Darkrai|Poison\n|move|p1a: Darkrai|Sludge Bomb|p2a: Moltres\n|-damage|p2a: Moltres|0 fnt\n|faint|p2a: Moltres\n|-damage|p1a: Darkrai|73/234|[from] item: Life Orb\n|\n|upkeep\n|\n|t:|1783573351\n|switch|p2a: Barraskewda|Barraskewda, L81, M|100/100\n|turn|8\n|inactive|Time left: 300 sec this turn | 300 sec total\n|\n|t:|1783573352\n|switch|p1a: Dusknoir|Dusknoir, L89, F|225/225\n|-item|p2a: Barraskewda|Choice Band|[from] ability: Frisk|[of] p1a: Dusknoir\n|move|p2a: Barraskewda|Flip Turn|p1a: Dusknoir\n|-damage|p1a: Dusknoir|149/225\n|\n|t:|1783573352\n|switch|p2a: Arbok|Arbok, L87, M, tera:Ground|33/100|[from] Flip Turn\n|-ability|p2a: Arbok|Intimidate|boost\n|-unboost|p1a: Dusknoir|atk|1\n|\n|-heal|p2a: Arbok|40/100|[from] item: Leftovers\n|upkeep\n|turn|9\n|inactive|Time left: 300 sec this turn | 300 sec total\n|\n|t:|1783573353\n|move|p2a: Arbok|Earthquake|p1a: Dusknoir\n|-damage|p1a: Dusknoir|73/225\n|move|p1a: Dusknoir|Poltergeist|p2a: Arbok|[miss]\n|-miss|p1a: Dusknoir|p2a: Arbok\n|\n|-heal|p2a: Arbok|46/100|[from] item: Leftovers\n|upkeep\n|turn|10\n|inactive|Time left: 300 sec this turn | 300 sec total\n|\n|t:|1783573354\n|move|p2a: Arbok|Earthquake|p1a: Dusknoir\n|-damage|p1a: Dusknoir|0 fnt\n|faint|p1a: Dusknoir\n|\n|-heal|p2a: Arbok|52/100|[from] item: Leftovers\n|upkeep\n|inactive|Time left: 300 sec this turn | 300 sec total | 5 sec grace\n|\n|t:|1783573355\n|switch|p1a: Delphox|Delphox, L84, M|263/263\n|turn|11\n|inactive|Time left: 300 sec this turn | 300 sec total\n|\n|t:|1783573356\n|move|p1a: Delphox|Grass Knot|p2a: Arbok\n|-supereffective|p2a: Arbok\n|-damage|p2a: Arbok|0 fnt\n|faint|p2a: Arbok\n|\n|upkeep\n|\n|t:|1783573357\n|switch|p2a: Barraskewda|Barraskewda, L81, M|100/100\n|turn|12\n|inactive|Time left: 300 sec this turn | 300 sec total\n|\n|t:|1783573358\n|move|p1a: Delphox|Grass Knot|p2a: Barraskewda\n|-supereffective|p2a: Barraskewda\n|-damage|p2a: Barraskewda|36/100\n|move|p2a: Barraskewda|Waterfall|p1a: Delphox\n|-supereffective|p1a: Delphox\n|-damage|p1a: Delphox|0 fnt\n|faint|p1a: Delphox\n|\n|upkeep\n|inactive|Time left: 300 sec this turn | 300 sec total | 5 sec grace\n|\n|t:|1783573359\n|switch|p1a: Scovillain|Scovillain, L91, F|266/266\n|turn|13\n|inactive|Time left: 300 sec this turn | 300 sec total\n|\n|t:|1783573360\n|move|p2a: Barraskewda|Waterfall|p1a: Scovillain\n|-damage|p1a: Scovillain|89/266\n|move|p1a: Scovillain|Flamethrower|p2a: Barraskewda\n|-resisted|p2a: Barraskewda\n|-damage|p2a: Barraskewda|0 fnt\n|faint|p2a: Barraskewda\n|\n|-heal|p1a: Scovillain|105/266|[from] item: Leftovers\n|upkeep\n|\n|t:|1783573361\n|switch|p2a: Gardevoir|Gardevoir, L83, F|100/100\n|-ability|p2a: Gardevoir|Chlorophyll|Trace|[from] ability: Trace|[of] p1a: Scovillain\n|turn|14\n|inactive|Time left: 300 sec this turn | 300 sec total\n|\n|t:|1783573361\n|move|p1a: Scovillain|Protect|p1a: Scovillain\n|-singleturn|p1a: Scovillain|Protect\n|move|p2a: Gardevoir|Psychic|p1a: Scovillain\n|-activate|p1a: Scovillain|move: Protect\n|\n|-heal|p1a: Scovillain|121/266|[from] item: Leftovers\n|upkeep\n|turn|15\n|inactive|Time left: 300 sec this turn | 300 sec total\n|\n|t:|1783573362\n|move|p1a: Scovillain|Protect||[still]\n|-fail|p1a: Scovillain\n|move|p2a: Gardevoir|Psychic|p1a: Scovillain\n|-damage|p1a: Scovillain|0 fnt\n|faint|p1a: Scovillain\n|\n|upkeep\n|inactive|Time left: 300 sec this turn | 300 sec total | 5 sec grace\n|\n|t:|1783573363\n|switch|p1a: Darkrai|Darkrai, L77, tera:Poison|73/234\n|turn|16\n|inactive|Time left: 300 sec this turn | 300 sec total\n|\n|t:|1783573364\n|move|p2a: Gardevoir|Psychic|p1a: Darkrai\n|-supereffective|p1a: Darkrai\n|-damage|p1a: Darkrai|0 fnt\n|faint|p1a: Darkrai\n|\n|win|p0y29831402", "uploadtime": 1783573364, "views": 0, "rating": 0, "private": 0, "password": null, "_winner": "p0y29831402", "_our_name": "p0x2983d7bb"}