{"id": "battle-gen9randombattle-1260", "formatid": "gen9randombattle", "format": "[Gen 9] Random Battle", "players": ["p0x12600212", "p0y126091e6"], "log": "|init|battle\n|title|p0x12600212 vs. p0y126091e6\n|j|\u2606p0x12600212\n|j|\u2606p0y126091e6\n|t:|1783553728\n|gametype|singles\n|player|p1|p0x12600212|2|\n|player|p2|p0y126091e6|101|\n|gen|9\n|tier|[Gen 9] Random Battle\n|rule|Species Clause: Limit one of each Pok\u00e9mon\n|rule|HP Percentage Mod: HP is shown in percentages\n|rule|Sleep Clause Mod: Limit one foe put to sleep\n|rule|Illusion Level Mod: Illusion disguises the Pok\u00e9mon's true level\n|\n|t:|1783553728\n|teamsize|p1|6\n|teamsize|p2|6\n|start\n|switch|p1a: Munkidori|Munkidori, L79, M|269/269\n|switch|p2a: Scrafty|Scrafty, L83, F|100/100\n|-ability|p2a: Scrafty|Intimidate|boost\n|-unboost|p1a: Munkidori|atk|1\n|turn|1\n|inactive|Battle timer is ON: inactive players will automatically lose when time's up. (requested by p0y126091e6)\n|inactive|Time left: 300 sec this turn | 300 sec total | 60 sec grace\n|inactive|p0x12600212 also wants the timer to be on.\n|\n|t:|1783553730\n|switch|p1a: Magnezone|Magnezone, L85|258/258\n|move|p2a: Scrafty|Knock Off|p1a: Magnezone\n|-damage|p1a: Magnezone|186/258\n|-enditem|p1a: Magnezone|Leftovers|[from] move: Knock Off|[of] p2a: Scrafty\n|\n|upkeep\n|turn|2\n|inactive|Time left: 300 sec this turn | 300 sec total\n|\n|t:|1783553731\n|move|p1a: Magnezone|Iron Defense|p1a: Magnezone\n|-boost|p1a: Magnezone|def|2\n|move|p2a: Scrafty|Drain Punch|p1a: Magnezone\n|-supereffective|p1a: Magnezone\n|-damage|p1a: Magnezone|126/258\n|\n|upkeep\n|turn|3\n|inactive|Time left: 300 sec this turn | 300 sec total\n|\n|t:|1783553732\n|switch|p2a: Palkia|Palkia-Origin, L72|100/100\n|-ability|p2a: Palkia|Pressure\n|move|p1a: Magnezone|Body Press|p2a: Palkia\n|-damage|p2a: Palkia|21/100\n|\n|upkeep\n|turn|4\n|inactive|Time left: 300 sec this turn | 300 sec total\n|\n|t:|1783553733\n|move|p2a: Palkia|Hydro Pump|p1a: Magnezone\n|-damage|p1a: Magnezone|0 fnt\n|faint|p1a: Magnezone\n|\n|upkeep\n|inactive|Time left: 300 sec this turn | 300 sec total | 5 sec grace\n|\n|t:|1783553734\n|switch|p1a: Tyranitar|Tyranitar, L78, M|284/284\n|-weather|Sandstorm|[from] ability: Sand Stream|[of] p1a: Tyranitar\n|turn|5\n|inactive|Time left: 300 sec this turn | 300 sec total\n|\n|t:|1783553735\n|switch|p2a: Scrafty|Scrafty, L83, F|100/100\n|-ability|p2a: Scrafty|Intimidate|boost\n|-unboost|p1a: Tyranitar|atk|1\n|move|p1a: Tyranitar|Stealth Rock|p2a: Scrafty\n|-sidestart|p2: p0y126091e6|move: Stealth Rock\n|\n|-weather|Sandstorm|[upkeep]\n|-damage|p2a: Scrafty|94/100|[from] Sandstorm\n|-heal|p2a: Scrafty|100/100|[from] item: Leftovers\n|upkeep\n|turn|6\n|inactive|Time left: 300 sec this turn | 300 sec total\n|\n|t:|1783553736\n|move|p2a: Scrafty|Drain Punch|p1a: Tyranitar\n|-supereffective|p1a: Tyranitar\n|-damage|p1a: Tyranitar|0 fnt\n|faint|p1a: Tyranitar\n|\n|-weather|Sandstorm|[upkeep]\n|-damage|p2a: Scrafty|94/100|[from] Sandstorm\n|-heal|p2a: Scrafty|100/100|[from] item: Leftovers\n|upkeep\n|inactive|Time left: 300 sec this turn | 300 sec total | 5 sec grace\n|\n|t:|1783553737\n|switch|p1a: Gogoat|Gogoat, L88, M|360/360\n|turn|7\n|inactive|Time left: 300 sec this turn | 300 sec total\n|\n|t:|1783553738\n|move|p1a: Gogoat|Bulk Up|p1a: Gogoat\n|-boost|p1a: Gogoat|atk|1\n|-boost|p1a: Gogoat|def|1\n|move|p2a: Scrafty|Dragon Dance|p2a: Scrafty\n|-boost|p2a: Scrafty|atk|1\n|-boost|p2a: Scrafty|spe|1\n|\n|-weather|Sandstorm|[upkeep]\n|-damage|p2a: Scrafty|94/100|[from] Sandstorm\n|-damage|p1a: Gogoat|338/360|[from] Sandstorm\n|-heal|p2a: Scrafty|100/100|[from] item: Leftovers\n|-heal|p1a: Gogoat|360/360|[from] item: Leftovers\n|upkeep\n|turn|8\n|inactive|Time left: 300 sec this turn | 300 sec total\n|\n|t:|1783553739\n|move|p2a: Scrafty|Dragon Dance|p2a: Scrafty\n|-boost|p2a: Scrafty|atk|1\n|-boost|p2a: Scrafty|spe|1\n|move|p1a: Gogoat|Bulk Up|p1a: Gogoat\n|-boost|p1a: Gogoat|atk|1\n|-boost|p1a: Gogoat|def|1\n|\n|-weather|Sandstorm|[upkeep]\n|-damage|p2a: Scrafty|94/100|[from] Sandstorm\n|-damage|p1a: Gogoat|338/360|[from] Sandstorm\n|-heal|p2a: Scrafty|100/100|[from] item: Leftovers\n|-heal|p1a: Gogoat|360/360|[from] item: Leftovers\n|upkeep\n|turn|9\n|inactive|Time left: 300 sec this turn | 300 sec total\n|\n|t:|1783553740\n|move|p2a: Scrafty|Knock Off|p1a: Gogoat\n|-damage|p1a: Gogoat|248/360\n|-enditem|p1a: Gogoat|Leftovers|[from] move: Knock Off|[of] p2a: Scrafty\n|move|p1a: Gogoat|Horn Leech|p2a: Scrafty\n|-damage|p2a: Scrafty|41/100\n|-heal|p1a: Gogoat|320/360|[from] drain|[of] p2a: Scrafty\n|\n|-weather|none\n|-heal|p2a: Scrafty|48/100|[from] item: Leftovers\n|upkeep\n|turn|10\n|inactive|Time left: 300 sec this turn | 300 sec total\n|\n|t:|1783553741\n|move|p2a: Scrafty|Drain Punch|p1a: Gogoat\n|-damage|p1a: Gogoat|230/360\n|-heal|p2a: Scrafty|66/100|[from] drain|[of] p1a: Gogoat\n|move|p1a: Gogoat|Horn Leech|p2a: Scrafty\n|-damage|p2a: Scrafty|7/100\n|-heal|p1a: Gogoat|303/360|[from] drain|[of] p2a: Scrafty\n|\n|-heal|p2a: Scrafty|13/100|[from] item: Leftovers\n|upkeep\n|turn|11\n|inactive|Time left: 300 sec this turn | 300 sec total\n|\n|t:|1783553742\n|move|p2a: Scrafty|Poison Jab|p1a: Gogoat\n|-supereffective|p1a: Gogoat\n|-damage|p1a: Gogoat|161/360\n|move|p1a: Gogoat|Horn Leech|p2a: Scrafty\n|-damage|p2a: Scrafty|0 fnt\n|-heal|p1a: Gogoat|176/360|[from] drain|[of] p2a: Scrafty\n|faint|p2a: Scrafty\n|\n|upkeep\n|\n|t:|1783553743\n|switch|p2a: Palkia|Palkia-Origin, L72|21/100\n|-damage|p2a: Palkia|9/100|[from] Stealth Rock\n|-ability|p2a: Palkia|Pressure\n|turn|12\n|inactive|Time left: 300 sec this turn | 300 sec total\n|\n|t:|1783553744\n|-terastallize|p2a: Palkia|Dragon\n|move|p2a: Palkia|Draco Meteor|p1a: Gogoat\n|-damage|p1a: Gogoat|0 fnt\n|-unboost|p2a: Palkia|spa|2\n|faint|p1a: Gogoat\n|\n|upkeep\n|inactive|Time left: 300 sec this turn | 300 sec total | 5 sec grace\n|\n|t:|1783553745\n|switch|p1a: Munkidori|Munkidori, L79, M|269/269\n|turn|13\n|inactive|Time left: 300 sec this turn | 300 sec total\n|\n|t:|1783553746\n|move|p2a: Palkia|Draco Meteor|p1a: Munkidori\n|-damage|p1a: Munkidori|185/269\n|-unboost|p2a: Palkia|spa|2\n|move|p1a: Munkidori|Psychic Noise|p2a: Palkia\n|-damage|p2a: Palkia|0 fnt\n|faint|p2a: Palkia\n|\n|upkeep\n|\n|t:|1783553747\n|switch|p2a: Lycanroc|Lycanroc, L86, F|100/100\n|-damage|p2a: Lycanroc|88/100|[from] Stealth Rock\n|turn|14\n|inactive|Time left: 300 sec this turn | 300 sec total\n|\n|t:|1783553748\n|move|p2a: Lycanroc|Stone Edge|p1a: Munkidori\n|-damage|p1a: Munkidori|0 fnt\n|faint|p1a: Munkidori\n|\n|upkeep\n|inactive|Time left: 300 sec this turn | 300 sec total | 5 sec grace\n|\n|t:|1783553749\n|switch|p1a: Cramorant|Cramorant, L86, M|261/261\n|turn|15\n|inactive|Time left: 300 sec this turn | 300 sec total\n|\n|t:|1783553750\n|-terastallize|p1a: Cramorant|Ground\n|move|p2a: Lycanroc|Stone Edge|p1a: Cramorant\n|-resisted|p1a: Cramorant\n|-damage|p1a: Cramorant|123/261\n|move|p1a: Cramorant|Surf|p2a: Lycanroc\n|-formechange|p1a: Cramorant|Cramorant-Gorging|\n|-supereffective|p2a: Lycanroc\n|-damage|p2a: Lycanroc|10/100\n|\n|upkeep\n|turn|16\n|inactive|Time left: 300 sec this turn | 300 sec total\n|\n|t:|1783553751\n|move|p2a: Lycanroc|Stone Edge|p1a: Cramorant\n|-resisted|p1a: Cramorant\n|-damage|p1a: Cramorant|0 fnt\n|-damage|p2a: Lycanroc|0 fnt|[from] ability: Gulp Missile|[of] p1a: Cramorant\n|-formechange|p1a: Cramorant|Cramorant|\n|faint|p1a: Cramorant\n|faint|p2a: Lycanroc\n|\n|upkeep\n|inactive|Time left: 300 sec this turn | 300 sec total | 5 sec grace\n|\n|t:|1783553752\n|switch|p2a: Talonflame|Talonflame, L83, F|100/100\n|switch|p1a: Decidueye|Decidueye, L88, M|281/281\n|turn|17\n|inactive|Time left: 300 sec this turn | 300 sec total\n|\n|t:|1783553753\n|move|p2a: Talonflame|Brave Bird|p1a: Decidueye\n|-supereffective|p1a: Decidueye\n|-damage|p1a: Decidueye|63/281\n|-damage|p2a: Talonflame|73/100|[from] Recoil\n|move|p1a: Decidueye|Knock Off|p2a: Talonflame\n|-damage|p2a: Talonflame|34/100\n|-enditem|p2a: Talonflame|Heavy-Duty Boots|[from] move: Knock Off|[of] p1a: Decidueye\n|\n|upkeep\n|turn|18\n|inactive|Time left: 300 sec this turn | 300 sec total\n|\n|t:|1783553754\n|move|p2a: Talonflame|Brave Bird|p1a: Decidueye\n|-supereffective|p1a: Decidueye\n|-damage|p1a: Decidueye|0 fnt\n|faint|p1a: Decidueye\n|-damage|p2a: Talonflame|27/100|[from] Recoil\n|\n|win|p0y126091e6", "uploadtime": 1783553754, "views": 0, "rating": 0, "private": 0, "password": null, "_winner": "p0y126091e6", "_our_name": "p0x12600212"}