{"id": "battle-gen9randombattle-522", "formatid": "gen9randombattle", "format": "[Gen 9] Random Battle", "players": ["p0x522c428", "p0y5224af4"], "log": "|init|battle\n|title|p0x522c428 vs. p0y5224af4\n|j|\u2606p0x522c428\n|j|\u2606p0y5224af4\n|t:|1783545097\n|gametype|singles\n|player|p1|p0x522c428|266|\n|player|p2|p0y5224af4|102|\n|gen|9\n|tier|[Gen 9] Random Battle\n|rule|Species Clause: Limit one of each Pok\u00e9mon\n|rule|HP Percentage Mod: HP is shown in percentages\n|rule|Sleep Clause Mod: Limit one foe put to sleep\n|rule|Illusion Level Mod: Illusion disguises the Pok\u00e9mon's true level\n|\n|t:|1783545097\n|teamsize|p1|6\n|teamsize|p2|6\n|start\n|switch|p1a: Sandy Shocks|Sandy Shocks, L80|267/267\n|switch|p2a: Walking Wake|Walking Wake, L79|100/100\n|turn|1\n|inactive|Battle timer is ON: inactive players will automatically lose when time's up. (requested by p0y5224af4)\n|inactive|Time left: 300 sec this turn | 300 sec total | 60 sec grace\n|\n|t:|1783545099\n|move|p2a: Walking Wake|Hydro Pump|p1a: Sandy Shocks\n|-supereffective|p1a: Sandy Shocks\n|-damage|p1a: Sandy Shocks|0 fnt\n|faint|p1a: Sandy Shocks\n|-end|p1a: Sandy Shocks|Protosynthesis|[silent]\n|\n|upkeep\n|inactive|Time left: 300 sec this turn | 300 sec total | 65 sec grace\n|inactive|p0x522c428 also wants the timer to be on.\n|\n|t:|1783545100\n|switch|p1a: Spidops|Spidops, L96, F|271/271\n|turn|2\n|inactive|Time left: 300 sec this turn | 300 sec total\n|\n|t:|1783545102\n|move|p2a: Walking Wake|Hydro Pump|p1a: Spidops|[miss]\n|-miss|p2a: Walking Wake|p1a: Spidops\n|move|p1a: Spidops|Sticky Web|p2a: Walking Wake\n|-sidestart|p2: p0y5224af4|move: Sticky Web\n|\n|upkeep\n|turn|3\n|inactive|Time left: 300 sec this turn | 300 sec total\n|\n|t:|1783545103\n|move|p2a: Walking Wake|Hydro Pump|p1a: Spidops|[miss]\n|-miss|p2a: Walking Wake|p1a: Spidops\n|move|p1a: Spidops|Toxic Spikes|p2a: Walking Wake\n|-sidestart|p2: p0y5224af4|move: Toxic Spikes\n|\n|upkeep\n|turn|4\n|inactive|Time left: 300 sec this turn | 300 sec total\n|\n|t:|1783545104\n|move|p2a: Walking Wake|Hydro Pump|p1a: Spidops|[miss]\n|-miss|p2a: Walking Wake|p1a: Spidops\n|move|p1a: Spidops|U-turn|p2a: Walking Wake\n|-damage|p2a: Walking Wake|69/100\n|inactive|Time left: 300 sec this turn | 300 sec total | 5 sec grace\n|\n|t:|1783545104\n|switch|p1a: Rotom|Rotom-Mow, L87|229/229|[from] U-turn\n|\n|upkeep\n|turn|5\n|inactive|Time left: 300 sec this turn | 300 sec total\n|\n|t:|1783545106\n|move|p2a: Walking Wake|Hydro Pump|p1a: Rotom\n|-resisted|p1a: Rotom\n|-damage|p1a: Rotom|150/229\n|move|p1a: Rotom|Thunderbolt|p2a: Walking Wake\n|-damage|p2a: Walking Wake|28/100\n|\n|-heal|p1a: Rotom|164/229|[from] item: Leftovers\n|upkeep\n|turn|6\n|inactive|Time left: 300 sec this turn | 300 sec total\n|\n|t:|1783545107\n|move|p2a: Walking Wake|Hydro Pump|p1a: Rotom|[miss]\n|-miss|p2a: Walking Wake|p1a: Rotom\n|move|p1a: Rotom|Thunderbolt|p2a: Walking Wake\n|-damage|p2a: Walking Wake|0 fnt\n|faint|p2a: Walking Wake\n|-end|p2a: Walking Wake|Protosynthesis|[silent]\n|\n|-heal|p1a: Rotom|178/229|[from] item: Leftovers\n|upkeep\n|\n|t:|1783545108\n|switch|p2a: Slaking|Slaking, L84, F|100/100\n|-activate|p2a: Slaking|move: Sticky Web\n|-unboost|p2a: Slaking|spe|1\n|-status|p2a: Slaking|psn\n|turn|7\n|inactive|Time left: 300 sec this turn | 300 sec total\n|\n|t:|1783545109\n|switch|p1a: Drifblim|Drifblim, L86, M|398/398\n|move|p2a: Slaking|Giga Impact|p1a: Drifblim\n|-immune|p1a: Drifblim\n|\n|-damage|p2a: Slaking|88/100 psn|[from] psn\n|upkeep\n|turn|8\n|inactive|Time left: 300 sec this turn | 300 sec total\n|\n|t:|1783545110\n|switch|p2a: Vespiquen|Vespiquen, L99, F|100/100\n|-ability|p2a: Vespiquen|Pressure\n|move|p1a: Drifblim|Air Slash|p2a: Vespiquen\n|-supereffective|p2a: Vespiquen\n|-damage|p2a: Vespiquen|60/100\n|\n|upkeep\n|turn|9\n|inactive|Time left: 300 sec this turn | 300 sec total\n|\n|t:|1783545112\n|move|p1a: Drifblim|Air Slash|p2a: Vespiquen\n|-supereffective|p2a: Vespiquen\n|-damage|p2a: Vespiquen|22/100\n|move|p2a: Vespiquen|Hurricane|p1a: Drifblim|[miss]\n|-miss|p2a: Vespiquen|p1a: Drifblim\n|\n|upkeep\n|turn|10\n|inactive|Time left: 300 sec this turn | 300 sec total\n|\n|t:|1783545113\n|move|p1a: Drifblim|Air Slash|p2a: Vespiquen\n|-supereffective|p2a: Vespiquen\n|-damage|p2a: Vespiquen|0 fnt\n|faint|p2a: Vespiquen\n|\n|upkeep\n|\n|t:|1783545114\n|switch|p2a: Slaking|Slaking, L84, F|88/100 psn\n|-activate|p2a: Slaking|move: Sticky Web\n|-unboost|p2a: Slaking|spe|1\n|turn|11\n|inactive|Time left: 300 sec this turn | 300 sec total\n|\n|t:|1783545115\n|move|p1a: Drifblim|Air Slash|p2a: Slaking|[miss]\n|-miss|p1a: Drifblim|p2a: Slaking\n|move|p2a: Slaking|Knock Off|p1a: Drifblim\n|-supereffective|p1a: Drifblim\n|-damage|p1a: Drifblim|0 fnt\n|-damage|p2a: Slaking|63/100 psn|[from] ability: Aftermath|[of] p1a: Drifblim\n|-enditem|p1a: Drifblim|Heavy-Duty Boots|[from] move: Knock Off|[of] p2a: Slaking\n|faint|p1a: Drifblim\n|\n|-damage|p2a: Slaking|51/100 psn|[from] psn\n|upkeep\n|inactive|Time left: 300 sec this turn | 300 sec total | 5 sec grace\n|\n|t:|1783545115\n|switch|p1a: Emboar|Emboar, L84, M|322/322\n|turn|12\n|inactive|Time left: 300 sec this turn | 300 sec total\n|\n|t:|1783545116\n|switch|p2a: Iron Hands|Iron Hands, L79|100/100\n|-activate|p2a: Iron Hands|move: Sticky Web\n|-unboost|p2a: Iron Hands|spe|1\n|-status|p2a: Iron Hands|psn\n|move|p1a: Emboar|Flare Blitz|p2a: Iron Hands\n|-damage|p2a: Iron Hands|54/100 psn\n|-damage|p1a: Emboar|264/322|[from] Recoil\n|\n|-heal|p2a: Iron Hands|60/100 psn|[from] item: Leftovers\n|-damage|p2a: Iron Hands|47/100 psn|[from] psn\n|upkeep\n|turn|13\n|inactive|Time left: 300 sec this turn | 300 sec total\n|\n|t:|1783545118\n|move|p1a: Emboar|Flare Blitz|p2a: Iron Hands\n|-damage|p2a: Iron Hands|0 fnt\n|faint|p2a: Iron Hands\n|-end|p2a: Iron Hands|Quark Drive|[silent]\n|-damage|p1a: Emboar|206/322|[from] Recoil\n|\n|upkeep\n|\n|t:|1783545118\n|switch|p2a: Slaking|Slaking, L84, F|51/100 psn\n|-activate|p2a: Slaking|move: Sticky Web\n|-unboost|p2a: Slaking|spe|1\n|turn|14\n|inactive|Time left: 300 sec this turn | 300 sec total\n|\n|t:|1783545119\n|-terastallize|p1a: Emboar|Fire\n|move|p1a: Emboar|Flare Blitz|p2a: Slaking\n|-damage|p2a: Slaking|0 fnt\n|faint|p2a: Slaking\n|-damage|p1a: Emboar|141/322|[from] Recoil\n|\n|upkeep\n|\n|t:|1783545120\n|switch|p2a: Infernape|Infernape, L82, F|100/100\n|-activate|p2a: Infernape|move: Sticky Web\n|-unboost|p2a: Infernape|spe|1\n|-status|p2a: Infernape|psn\n|turn|15\n|inactive|Time left: 300 sec this turn | 300 sec total\n|\n|t:|1783545121\n|move|p1a: Emboar|Flare Blitz|p2a: Infernape\n|-resisted|p2a: Infernape\n|-damage|p2a: Infernape|45/100 psn\n|-damage|p1a: Emboar|94/322|[from] Recoil\n|move|p2a: Infernape|Gunk Shot|p1a: Emboar\n|-damage|p1a: Emboar|0 fnt\n|faint|p1a: Emboar\n|\n|-damage|p2a: Infernape|33/100 psn|[from] psn\n|upkeep\n|inactive|Time left: 300 sec this turn | 300 sec total | 5 sec grace\n|\n|t:|1783545122\n|switch|p1a: Rotom|Rotom-Mow, L87|178/229\n|turn|16\n|inactive|Time left: 300 sec this turn | 300 sec total\n|\n|t:|1783545123\n|move|p2a: Infernape|Gunk Shot|p1a: Rotom\n|-supereffective|p1a: Rotom\n|-damage|p1a: Rotom|40/229\n|-status|p1a: Rotom|psn\n|move|p1a: Rotom|Thunderbolt|p2a: Infernape\n|-damage|p2a: Infernape|0 fnt\n|faint|p2a: Infernape\n|\n|-heal|p1a: Rotom|54/229 psn|[from] item: Leftovers\n|-damage|p1a: Rotom|26/229 psn|[from] psn\n|upkeep\n|\n|t:|1783545124\n|switch|p2a: Ditto|Ditto, L87|100/100\n|-activate|p2a: Ditto|move: Sticky Web\n|-unboost|p2a: Ditto|spe|1\n|-status|p2a: Ditto|psn\n|-transform|p2a: Ditto|p1a: Rotom|[from] ability: Imposter\n|turn|17\n|inactive|Time left: 300 sec this turn | 300 sec total\n|\n|t:|1783545125\n|move|p2a: Ditto|Thunderbolt|p1a: Rotom\n|-resisted|p1a: Rotom\n|-damage|p1a: Rotom|3/229 psn\n|move|p1a: Rotom|Leaf Storm|p2a: Ditto\n|-resisted|p2a: Ditto\n|-damage|p2a: Ditto|74/100 psn\n|-unboost|p1a: Rotom|spa|2\n|\n|-heal|p1a: Rotom|17/229 psn|[from] item: Leftovers\n|-damage|p2a: Ditto|61/100 psn|[from] psn\n|-damage|p1a: Rotom|0 fnt|[from] psn\n|faint|p1a: Rotom\n|upkeep\n|inactive|Time left: 300 sec this turn | 300 sec total | 5 sec grace\n|\n|t:|1783545126\n|switch|p1a: Spidops|Spidops, L96, F|271/271\n|turn|18\n|inactive|Time left: 300 sec this turn | 300 sec total\n|\n|t:|1783545127\n|-terastallize|p2a: Ditto|Steel\n|move|p2a: Ditto|Thunderbolt|p1a: Spidops\n|-damage|p1a: Spidops|171/271\n|move|p1a: Spidops|U-turn|p2a: Ditto\n|-resisted|p2a: Ditto\n|-damage|p2a: Ditto|48/100 psn\n|inactive|Time left: 300 sec this turn | 300 sec total | 5 sec grace\n|\n|t:|1783545128\n|switch|p1a: Terapagos|Terapagos, L77, F|265/265|[from] U-turn\n|-activate|p1a: Terapagos|ability: Tera Shift\n|detailschange|p1a: Terapagos|Terapagos-Terastal, L77, F\n|-heal|p1a: Terapagos|273/273|[silent]\n|\n|-damage|p2a: Ditto|35/100 psn|[from] psn\n|upkeep\n|turn|19\n|inactive|Time left: 300 sec this turn | 300 sec total\n|\n|t:|1783545129\n|switch|p1a: Spidops|Spidops, L96, F|171/271\n|move|p2a: Ditto|Thunderbolt|p1a: Spidops\n|-damage|p1a: Spidops|80/271\n|\n|-damage|p2a: Ditto|23/100 psn|[from] psn\n|upkeep\n|turn|20\n|inactive|Time left: 300 sec this turn | 300 sec total\n|\n|t:|1783545130\n|move|p2a: Ditto|Thunderbolt|p1a: Spidops\n|-damage|p1a: Spidops|0 fnt\n|faint|p1a: Spidops\n|\n|-damage|p2a: Ditto|10/100 psn|[from] psn\n|upkeep\n|inactive|Time left: 300 sec this turn | 300 sec total | 5 sec grace\n|\n|t:|1783545131\n|switch|p1a: Terapagos|Terapagos-Terastal, L77, F|273/273\n|turn|21\n|inactive|Time left: 300 sec this turn | 300 sec total\n|\n|t:|1783545132\n|move|p2a: Ditto|Thunderbolt|p1a: Terapagos\n|-activate|p1a: Terapagos|ability: Tera Shell\n|-resisted|p1a: Terapagos\n|-damage|p1a: Terapagos|227/273\n|move|p1a: Terapagos|Tera Starstorm|p2a: Ditto\n|-resisted|p2a: Ditto\n|-damage|p2a: Ditto|0 fnt\n|faint|p2a: Ditto\n|\n|win|p0x522c428", "uploadtime": 1783545132, "views": 0, "rating": 0, "private": 0, "password": null, "_winner": "p0x522c428", "_our_name": "p0x522c428"}