{"id": "battle-gen9randombattle-2321", "formatid": "gen9randombattle", "format": "[Gen 9] Random Battle", "players": ["p0x23212188", "p0y23215338"], "log": "|init|battle\n|title|p0x23212188 vs. p0y23215338\n|j|\u2606p0x23212188\n|j|\u2606p0y23215338\n|t:|1783566948\n|gametype|singles\n|player|p1|p0x23212188|2|\n|player|p2|p0y23215338|2|\n|gen|9\n|tier|[Gen 9] Random Battle\n|rule|Species Clause: Limit one of each Pok\u00e9mon\n|rule|HP Percentage Mod: HP is shown in percentages\n|rule|Sleep Clause Mod: Limit one foe put to sleep\n|rule|Illusion Level Mod: Illusion disguises the Pok\u00e9mon's true level\n|\n|t:|1783566948\n|teamsize|p1|6\n|teamsize|p2|6\n|start\n|switch|p1a: Ditto|Ditto, L87|225/225\n|switch|p2a: Archaludon|Archaludon, L78, M|100/100\n|-transform|p1a: Ditto|p2a: Archaludon|[from] ability: Imposter\n|turn|1\n|inactive|Battle timer is ON: inactive players will automatically lose when time's up. (requested by p0y23215338)\n|inactive|Time left: 300 sec this turn | 300 sec total | 60 sec grace\n|inactive|p0x23212188 also wants the timer to be on.\n|\n|t:|1783566949\n|switch|p1a: Tauros|Tauros-Paldea-Aqua, L81, M|254/254\n|-ability|p1a: Tauros|Intimidate|boost\n|-unboost|p2a: Archaludon|atk|1\n|move|p2a: Archaludon|Stealth Rock|p1a: Tauros\n|-sidestart|p1: p0x23212188|move: Stealth Rock\n|\n|upkeep\n|turn|2\n|inactive|Time left: 300 sec this turn | 300 sec total\n|\n|t:|1783566951\n|move|p1a: Tauros|Close Combat|p2a: Archaludon\n|-supereffective|p2a: Archaludon\n|-damage|p2a: Archaludon|0 fnt\n|-unboost|p1a: Tauros|def|1\n|-unboost|p1a: Tauros|spd|1\n|faint|p2a: Archaludon\n|\n|upkeep\n|\n|t:|1783566951\n|switch|p2a: Spectrier|Spectrier, L75|100/100\n|turn|3\n|inactive|Time left: 300 sec this turn | 300 sec total\n|\n|t:|1783566952\n|switch|p1a: Articuno|Articuno, L86|295/295\n|-ability|p1a: Articuno|Pressure\n|move|p2a: Spectrier|Nasty Plot|p2a: Spectrier\n|-boost|p2a: Spectrier|spa|2\n|\n|upkeep\n|turn|4\n|inactive|Time left: 300 sec this turn | 300 sec total\n|\n|t:|1783566953\n|move|p2a: Spectrier|Shadow Ball|p1a: Articuno\n|-damage|p1a: Articuno|120/295\n|-unboost|p1a: Articuno|spd|1\n|-damage|p2a: Spectrier|91/100|[from] item: Life Orb\n|move|p1a: Articuno|Roost|p1a: Articuno\n|-heal|p1a: Articuno|268/295\n|-singleturn|p1a: Articuno|move: Roost\n|\n|upkeep\n|turn|5\n|inactive|Time left: 300 sec this turn | 300 sec total\n|\n|t:|1783566954\n|switch|p1a: Cinccino|Cinccino, L83, M|260/260\n|-damage|p1a: Cinccino|228/260|[from] Stealth Rock\n|move|p2a: Spectrier|Shadow Ball|p1a: Cinccino\n|-immune|p1a: Cinccino\n|\n|upkeep\n|turn|6\n|inactive|Time left: 300 sec this turn | 300 sec total\n|\n|t:|1783566955\n|-terastallize|p1a: Cinccino|Ice\n|move|p1a: Cinccino|Triple Axel|p2a: Spectrier\n|-damage|p2a: Spectrier|73/100\n|-damage|p2a: Spectrier|40/100\n|-damage|p2a: Spectrier|0 fnt\n|faint|p2a: Spectrier\n|-hitcount|p2: Spectrier|3\n|\n|upkeep\n|\n|t:|1783566956\n|switch|p2a: Hippowdon|Hippowdon, L82, F|100/100\n|-weather|Sandstorm|[from] ability: Sand Stream|[of] p2a: Hippowdon\n|turn|7\n|inactive|Time left: 300 sec this turn | 300 sec total\n|\n|t:|1783566957\n|move|p1a: Cinccino|Triple Axel|p2a: Hippowdon\n|-supereffective|p2a: Hippowdon\n|-damage|p2a: Hippowdon|82/100\n|-damage|p1a: Cinccino|185/260|[from] item: Rocky Helmet|[of] p2a: Hippowdon\n|-supereffective|p2a: Hippowdon\n|-damage|p2a: Hippowdon|48/100\n|-damage|p1a: Cinccino|142/260|[from] item: Rocky Helmet|[of] p2a: Hippowdon\n|-supereffective|p2a: Hippowdon\n|-damage|p2a: Hippowdon|0 fnt\n|-damage|p1a: Cinccino|99/260|[from] item: Rocky Helmet|[of] p2a: Hippowdon\n|faint|p2a: Hippowdon\n|-hitcount|p2: Hippowdon|3\n|\n|-weather|Sandstorm|[upkeep]\n|-damage|p1a: Cinccino|83/260|[from] Sandstorm\n|upkeep\n|\n|t:|1783566958\n|switch|p2a: Jumpluff|Jumpluff, L87, M|100/100\n|turn|8\n|inactive|Time left: 300 sec this turn | 300 sec total\n|\n|t:|1783566959\n|switch|p1a: Coalossal|Coalossal, L89, M|341/341\n|move|p2a: Jumpluff|Acrobatics|p1a: Coalossal\n|-resisted|p1a: Coalossal\n|-damage|p1a: Coalossal|308/341\n|\n|-weather|Sandstorm|[upkeep]\n|-damage|p2a: Jumpluff|95/100|[from] Sandstorm\n|upkeep\n|turn|9\n|inactive|Time left: 300 sec this turn | 300 sec total\n|\n|t:|1783566960\n|move|p2a: Jumpluff|Leech Seed|p1a: Coalossal\n|-start|p1a: Coalossal|move: Leech Seed\n|move|p1a: Coalossal|Rapid Spin|p2a: Jumpluff\n|-damage|p2a: Jumpluff|80/100\n|-boost|p1a: Coalossal|spe|1\n|-end|p1a: Coalossal|Leech Seed|[from] move: Rapid Spin|[of] p1a: Coalossal\n|-sideend|p1: p0x23212188|Stealth Rock|[from] move: Rapid Spin|[of] p1a: Coalossal\n|\n|-weather|Sandstorm|[upkeep]\n|-damage|p2a: Jumpluff|74/100|[from] Sandstorm\n|upkeep\n|turn|10\n|inactive|Time left: 300 sec this turn | 300 sec total\n|\n|t:|1783566961\n|move|p2a: Jumpluff|Substitute|p2a: Jumpluff\n|-start|p2a: Jumpluff|Substitute\n|-damage|p2a: Jumpluff|50/100\n|move|p1a: Coalossal|Flamethrower|p2a: Jumpluff\n|-supereffective|p2a: Jumpluff\n|-end|p2a: Jumpluff|Substitute\n|\n|-weather|Sandstorm|[upkeep]\n|-damage|p2a: Jumpluff|44/100|[from] Sandstorm\n|upkeep\n|turn|11\n|inactive|Time left: 300 sec this turn | 300 sec total\n|\n|t:|1783566962\n|move|p2a: Jumpluff|Strength Sap|p1a: Coalossal\n|-unboost|p1a: Coalossal|atk|1\n|-heal|p2a: Jumpluff|100/100\n|move|p1a: Coalossal|Flamethrower|p2a: Jumpluff\n|-supereffective|p2a: Jumpluff\n|-damage|p2a: Jumpluff|41/100\n|\n|-weather|none\n|upkeep\n|turn|12\n|inactive|Time left: 300 sec this turn | 300 sec total\n|\n|t:|1783566964\n|move|p2a: Jumpluff|Strength Sap|p1a: Coalossal\n|-unboost|p1a: Coalossal|atk|1\n|-heal|p2a: Jumpluff|88/100\n|move|p1a: Coalossal|Flamethrower|p2a: Jumpluff\n|-supereffective|p2a: Jumpluff\n|-damage|p2a: Jumpluff|32/100\n|\n|upkeep\n|turn|13\n|inactive|Time left: 300 sec this turn | 300 sec total\n|\n|t:|1783566965\n|move|p2a: Jumpluff|Strength Sap|p1a: Coalossal\n|-unboost|p1a: Coalossal|atk|1\n|-heal|p2a: Jumpluff|67/100\n|move|p1a: Coalossal|Flamethrower|p2a: Jumpluff\n|-supereffective|p2a: Jumpluff\n|-damage|p2a: Jumpluff|9/100\n|\n|upkeep\n|turn|14\n|inactive|Time left: 300 sec this turn | 300 sec total\n|\n|t:|1783566966\n|move|p2a: Jumpluff|Strength Sap|p1a: Coalossal\n|-unboost|p1a: Coalossal|atk|1\n|-heal|p2a: Jumpluff|37/100\n|move|p1a: Coalossal|Flamethrower|p2a: Jumpluff\n|-supereffective|p2a: Jumpluff\n|-damage|p2a: Jumpluff|0 fnt\n|faint|p2a: Jumpluff\n|\n|upkeep\n|\n|t:|1783566967\n|switch|p2a: Plusle|Plusle, L95, M|100/100\n|turn|15\n|inactive|Time left: 300 sec this turn | 300 sec total\n|\n|t:|1783566968\n|switch|p1a: Cinccino|Cinccino, L83, M, tera:Ice|83/260\n|move|p2a: Plusle|Nasty Plot|p2a: Plusle\n|-boost|p2a: Plusle|spa|2\n|\n|upkeep\n|turn|16\n|inactive|Time left: 300 sec this turn | 300 sec total\n|\n|t:|1783566969\n|move|p1a: Cinccino|Triple Axel|p2a: Plusle\n|-damage|p2a: Plusle|82/100\n|-damage|p2a: Plusle|48/100\n|-damage|p2a: Plusle|0 fnt\n|faint|p2a: Plusle\n|-hitcount|p2: Plusle|3\n|\n|upkeep\n|\n|t:|1783566970\n|switch|p2a: Munkidori|Munkidori, L79, M|100/100\n|turn|17\n|inactive|Time left: 300 sec this turn | 300 sec total\n|\n|t:|1783566971\n|move|p2a: Munkidori|Fake Out|p1a: Cinccino\n|-damage|p1a: Cinccino|53/260\n|cant|p1a: Cinccino|flinch\n|\n|upkeep\n|turn|18\n|inactive|Time left: 300 sec this turn | 300 sec total\n|\n|t:|1783566972\n|move|p1a: Cinccino|Triple Axel|p2a: Munkidori\n|-damage|p2a: Munkidori|85/100\n|-damage|p2a: Munkidori|54/100\n|-damage|p2a: Munkidori|11/100\n|-hitcount|p2a: Munkidori|3\n|move|p2a: Munkidori|Psychic Noise|p1a: Cinccino\n|-damage|p1a: Cinccino|0 fnt\n|faint|p1a: Cinccino\n|\n|upkeep\n|inactive|Time left: 300 sec this turn | 300 sec total | 5 sec grace\n|\n|t:|1783566973\n|switch|p1a: Articuno|Articuno, L86|268/295\n|-ability|p1a: Articuno|Pressure\n|turn|19\n|inactive|Time left: 300 sec this turn | 300 sec total\n|\n|t:|1783566974\n|move|p2a: Munkidori|U-turn|p1a: Articuno\n|-resisted|p1a: Articuno\n|-damage|p1a: Articuno|252/295\n|-status|p1a: Articuno|tox|[from] ability: Toxic Chain|[of] p2a: Munkidori\n|move|p1a: Articuno|U-turn|p2a: Munkidori\n|-damage|p2a: Munkidori|0 fnt\n|faint|p2a: Munkidori\n|\n|win|p0x23212188", "uploadtime": 1783566974, "views": 0, "rating": 0, "private": 0, "password": null, "_winner": "p0x23212188", "_our_name": "p0x23212188"}