{"id": "battle-gen9randombattle-1385", "formatid": "gen9randombattle", "format": "[Gen 9] Random Battle", "players": ["p0x1385552a", "p0y1385da27"], "log": "|init|battle\n|title|p0x1385552a vs. p0y1385da27\n|j|\u2606p0x1385552a\n|j|\u2606p0y1385da27\n|t:|1783555188\n|gametype|singles\n|player|p1|p0x1385552a|2|\n|player|p2|p0y1385da27|266|\n|gen|9\n|tier|[Gen 9] Random Battle\n|rule|Species Clause: Limit one of each Pok\u00e9mon\n|rule|HP Percentage Mod: HP is shown in percentages\n|rule|Sleep Clause Mod: Limit one foe put to sleep\n|rule|Illusion Level Mod: Illusion disguises the Pok\u00e9mon's true level\n|\n|t:|1783555188\n|teamsize|p1|6\n|teamsize|p2|6\n|start\n|switch|p1a: Lokix|Lokix, L82, F|251/251\n|switch|p2a: Brambleghast|Brambleghast, L88, F|100/100\n|turn|1\n|inactive|Battle timer is ON: inactive players will automatically lose when time's up. (requested by p0x1385552a)\n|\n|t:|1783555189\n|move|p2a: Brambleghast|Substitute|p2a: Brambleghast\n|-start|p2a: Brambleghast|Substitute\n|-damage|p2a: Brambleghast|75/100\n|move|p1a: Lokix|Knock Off|p2a: Brambleghast\n|-supereffective|p2a: Brambleghast\n|-end|p2a: Brambleghast|Substitute\n|-damage|p1a: Lokix|226/251|[from] item: Life Orb\n|\n|-heal|p2a: Brambleghast|82/100|[from] item: Leftovers\n|upkeep\n|turn|2\n|inactive|Time left: 300 sec this turn | 300 sec total\n|inactive|p0y1385da27 also wants the timer to be on.\n|\n|t:|1783555190\n|move|p2a: Brambleghast|Substitute|p2a: Brambleghast\n|-start|p2a: Brambleghast|Substitute\n|-damage|p2a: Brambleghast|57/100\n|move|p1a: Lokix|Knock Off|p2a: Brambleghast\n|-supereffective|p2a: Brambleghast\n|-end|p2a: Brambleghast|Substitute\n|-damage|p1a: Lokix|201/251|[from] item: Life Orb\n|\n|-heal|p2a: Brambleghast|63/100|[from] item: Leftovers\n|upkeep\n|turn|3\n|inactive|Time left: 300 sec this turn | 300 sec total\n|\n|t:|1783555191\n|move|p2a: Brambleghast|Substitute|p2a: Brambleghast\n|-start|p2a: Brambleghast|Substitute\n|-damage|p2a: Brambleghast|38/100\n|move|p1a: Lokix|Knock Off|p2a: Brambleghast\n|-supereffective|p2a: Brambleghast\n|-end|p2a: Brambleghast|Substitute\n|-damage|p1a: Lokix|176/251|[from] item: Life Orb\n|\n|-heal|p2a: Brambleghast|44/100|[from] item: Leftovers\n|upkeep\n|turn|4\n|inactive|Time left: 300 sec this turn | 300 sec total\n|\n|t:|1783555192\n|switch|p2a: Charizard|Charizard, L85, M|100/100\n|move|p1a: Lokix|Leech Life|p2a: Charizard\n|-resisted|p2a: Charizard\n|-damage|p2a: Charizard|78/100\n|-heal|p1a: Lokix|207/251|[from] drain|[of] p2a: Charizard\n|-damage|p1a: Lokix|182/251|[from] item: Life Orb\n|\n|upkeep\n|turn|5\n|inactive|Time left: 300 sec this turn | 300 sec total\n|\n|t:|1783555193\n|switch|p1a: Azumarill|Azumarill, L82, M|298/298\n|move|p2a: Charizard|Flamethrower|p1a: Azumarill\n|-resisted|p1a: Azumarill\n|-damage|p1a: Azumarill|238/298\n|\n|upkeep\n|turn|6\n|inactive|Time left: 300 sec this turn | 300 sec total\n|\n|t:|1783555194\n|move|p2a: Charizard|Will-O-Wisp|p1a: Azumarill\n|-status|p1a: Azumarill|brn\n|move|p1a: Azumarill|Liquidation|p2a: Charizard\n|-supereffective|p2a: Charizard\n|-damage|p2a: Charizard|37/100\n|-unboost|p2a: Charizard|def|1\n|\n|-damage|p1a: Azumarill|220/298 brn|[from] brn\n|upkeep\n|turn|7\n|inactive|Time left: 300 sec this turn | 300 sec total\n|\n|t:|1783555195\n|switch|p2a: Brambleghast|Brambleghast, L88, F|44/100\n|move|p1a: Azumarill|Liquidation|p2a: Brambleghast\n|-resisted|p2a: Brambleghast\n|-damage|p2a: Brambleghast|31/100\n|\n|-heal|p2a: Brambleghast|38/100|[from] item: Leftovers\n|-damage|p1a: Azumarill|202/298 brn|[from] brn\n|upkeep\n|turn|8\n|inactive|Time left: 300 sec this turn | 300 sec total\n|\n|t:|1783555196\n|switch|p1a: Lokix|Lokix, L82, F|182/251\n|move|p2a: Brambleghast|Leech Seed|p1a: Lokix\n|-start|p1a: Lokix|move: Leech Seed\n|\n|-heal|p2a: Brambleghast|44/100|[from] item: Leftovers\n|-damage|p1a: Lokix|151/251|[from] Leech Seed|[of] p2a: Brambleghast\n|-heal|p2a: Brambleghast|57/100|[silent]\n|upkeep\n|turn|9\n|inactive|Time left: 300 sec this turn | 300 sec total\n|\n|t:|1783555197\n|move|p2a: Brambleghast|Substitute|p2a: Brambleghast\n|-start|p2a: Brambleghast|Substitute\n|-damage|p2a: Brambleghast|32/100\n|move|p1a: Lokix|Knock Off|p2a: Brambleghast\n|-supereffective|p2a: Brambleghast\n|-end|p2a: Brambleghast|Substitute\n|-damage|p1a: Lokix|126/251|[from] item: Life Orb\n|\n|-heal|p2a: Brambleghast|38/100|[from] item: Leftovers\n|-damage|p1a: Lokix|95/251|[from] Leech Seed|[of] p2a: Brambleghast\n|-heal|p2a: Brambleghast|51/100|[silent]\n|upkeep\n|turn|10\n|inactive|Time left: 300 sec this turn | 300 sec total\n|\n|t:|1783555198\n|move|p2a: Brambleghast|Substitute|p2a: Brambleghast\n|-start|p2a: Brambleghast|Substitute\n|-damage|p2a: Brambleghast|26/100\n|move|p1a: Lokix|Knock Off|p2a: Brambleghast\n|-supereffective|p2a: Brambleghast\n|-crit|p2a: Brambleghast\n|-end|p2a: Brambleghast|Substitute\n|-damage|p1a: Lokix|70/251|[from] item: Life Orb\n|\n|-heal|p2a: Brambleghast|32/100|[from] item: Leftovers\n|-damage|p1a: Lokix|39/251|[from] Leech Seed|[of] p2a: Brambleghast\n|-heal|p2a: Brambleghast|45/100|[silent]\n|upkeep\n|turn|11\n|inactive|Time left: 300 sec this turn | 300 sec total\n|\n|t:|1783555198\n|move|p1a: Lokix|Sucker Punch||[still]\n|-fail|p1a: Lokix\n|move|p2a: Brambleghast|Substitute|p2a: Brambleghast\n|-start|p2a: Brambleghast|Substitute\n|-damage|p2a: Brambleghast|20/100\n|\n|-heal|p2a: Brambleghast|26/100|[from] item: Leftovers\n|-damage|p1a: Lokix|8/251|[from] Leech Seed|[of] p2a: Brambleghast\n|-heal|p2a: Brambleghast|39/100|[silent]\n|upkeep\n|turn|12\n|inactive|Time left: 300 sec this turn | 300 sec total\n|\n|t:|1783555199\n|move|p2a: Brambleghast|Poltergeist|p1a: Lokix\n|-activate|p1a: Lokix|move: Poltergeist|Life Orb\n|-resisted|p1a: Lokix\n|-damage|p1a: Lokix|0 fnt\n|faint|p1a: Lokix\n|\n|-heal|p2a: Brambleghast|45/100|[from] item: Leftovers\n|upkeep\n|inactive|Time left: 300 sec this turn | 300 sec total | 5 sec grace\n|\n|t:|1783555200\n|switch|p1a: Flapple|Flapple, L88, F|266/266\n|turn|13\n|inactive|Time left: 300 sec this turn | 300 sec total\n|\n|t:|1783555201\n|move|p2a: Brambleghast|Poltergeist|p1a: Flapple\n|-activate|p1a: Flapple|move: Poltergeist|Lum Berry\n|-damage|p1a: Flapple|124/266\n|move|p1a: Flapple|Outrage|p2a: Brambleghast\n|-end|p2a: Brambleghast|Substitute\n|\n|-heal|p2a: Brambleghast|52/100|[from] item: Leftovers\n|upkeep\n|turn|14\n|inactive|Time left: 300 sec this turn | 300 sec total\n|\n|t:|1783555202\n|move|p2a: Brambleghast|Poltergeist|p1a: Flapple\n|-activate|p1a: Flapple|move: Poltergeist|Lum Berry\n|-damage|p1a: Flapple|0 fnt\n|faint|p1a: Flapple\n|\n|-heal|p2a: Brambleghast|58/100|[from] item: Leftovers\n|upkeep\n|inactive|Time left: 300 sec this turn | 300 sec total | 5 sec grace\n|\n|t:|1783555203\n|switch|p1a: Iron Moth|Iron Moth, L78|253/253\n|turn|15\n|inactive|Time left: 300 sec this turn | 300 sec total\n|\n|t:|1783555204\n|switch|p2a: Klawf|Klawf, L90, M|100/100\n|move|p1a: Iron Moth|Fiery Dance|p2a: Klawf\n|-resisted|p2a: Klawf\n|-damage|p2a: Klawf|76/100\n|\n|upkeep\n|turn|16\n|inactive|Time left: 300 sec this turn | 300 sec total\n|\n|t:|1783555206\n|-end|p1a: Iron Moth|Quark Drive|[silent]\n|switch|p1a: Brambleghast|Brambleghast, L88, M|240/240\n|move|p2a: Klawf|Crabhammer|p1a: Brambleghast\n|-resisted|p1a: Brambleghast\n|-damage|p1a: Brambleghast|195/240\n|\n|-heal|p1a: Brambleghast|210/240|[from] item: Leftovers\n|upkeep\n|turn|17\n|inactive|Time left: 300 sec this turn | 300 sec total\n|\n|t:|1783555207\n|move|p1a: Brambleghast|Poltergeist|p2a: Klawf\n|-activate|p2a: Klawf|move: Poltergeist|Expert Belt\n|-damage|p2a: Klawf|36/100\n|-ability|p2a: Klawf|Anger Shell|boost\n|-boost|p2a: Klawf|atk|1\n|-boost|p2a: Klawf|spa|1\n|-boost|p2a: Klawf|spe|1\n|-unboost|p2a: Klawf|def|1\n|-unboost|p2a: Klawf|spd|1\n|move|p2a: Klawf|Knock Off|p1a: Brambleghast\n|-supereffective|p1a: Brambleghast\n|-damage|p1a: Brambleghast|0 fnt\n|-enditem|p1a: Brambleghast|Leftovers|[from] move: Knock Off|[of] p2a: Klawf\n|faint|p1a: Brambleghast\n|\n|upkeep\n|inactive|Time left: 300 sec this turn | 300 sec total | 5 sec grace\n|\n|t:|1783555208\n|switch|p1a: Tinkaton|Tinkaton, L82, F|274/274\n|-ability|p1a: Tinkaton|Mold Breaker\n|turn|18\n|inactive|Time left: 300 sec this turn | 300 sec total\n|\n|t:|1783555209\n|move|p2a: Klawf|Crabhammer|p1a: Tinkaton\n|-damage|p1a: Tinkaton|130/274\n|move|p1a: Tinkaton|Gigaton Hammer|p2a: Klawf\n|-supereffective|p2a: Klawf\n|-damage|p2a: Klawf|0 fnt\n|faint|p2a: Klawf\n|\n|-heal|p1a: Tinkaton|147/274|[from] item: Leftovers\n|upkeep\n|\n|t:|1783555210\n|switch|p2a: Charizard|Charizard, L85, M|37/100\n|turn|19\n|inactive|Time left: 300 sec this turn | 300 sec total\n|\n|t:|1783555211\n|switch|p1a: Azumarill|Azumarill, L82, M|202/298 brn\n|move|p2a: Charizard|Flamethrower|p1a: Azumarill\n|-resisted|p1a: Azumarill\n|-damage|p1a: Azumarill|148/298 brn\n|-enditem|p1a: Azumarill|Sitrus Berry|[eat]\n|-heal|p1a: Azumarill|222/298 brn|[from] item: Sitrus Berry\n|\n|-damage|p1a: Azumarill|204/298 brn|[from] brn\n|upkeep\n|turn|20\n|inactive|Time left: 300 sec this turn | 300 sec total\n|\n|t:|1783555213\n|switch|p2a: Brambleghast|Brambleghast, L88, F|58/100\n|move|p1a: Azumarill|Liquidation|p2a: Brambleghast\n|-resisted|p2a: Brambleghast\n|-damage|p2a: Brambleghast|46/100\n|\n|-heal|p2a: Brambleghast|52/100|[from] item: Leftovers\n|-damage|p1a: Azumarill|186/298 brn|[from] brn\n|upkeep\n|turn|21\n|inactive|Time left: 300 sec this turn | 300 sec total\n|\n|t:|1783555214\n|switch|p1a: Iron Moth|Iron Moth, L78|253/253\n|move|p2a: Brambleghast|Leech Seed|p1a: Iron Moth\n|-start|p1a: Iron Moth|move: Leech Seed\n|\n|-heal|p2a: Brambleghast|58/100|[from] item: Leftovers\n|-damage|p1a: Iron Moth|222/253|[from] Leech Seed|[of] p2a: Brambleghast\n|-heal|p2a: Brambleghast|71/100|[silent]\n|upkeep\n|turn|22\n|inactive|Time left: 300 sec this turn | 300 sec total\n|\n|t:|1783555215\n|switch|p2a: Charizard|Charizard, L85, M|37/100\n|move|p1a: Iron Moth|Fiery Dance|p2a: Charizard\n|-resisted|p2a: Charizard\n|-damage|p2a: Charizard|18/100\n|\n|-damage|p1a: Iron Moth|191/253|[from] Leech Seed|[of] p2a: Charizard\n|-heal|p2a: Charizard|29/100|[silent]\n|upkeep\n|turn|23\n|inactive|Time left: 300 sec this turn | 300 sec total\n|\n|t:|1783555216\n|-end|p1a: Iron Moth|Quark Drive|[silent]\n|switch|p1a: Azumarill|Azumarill, L82, M|186/298 brn\n|move|p2a: Charizard|Earthquake|p1a: Azumarill\n|-damage|p1a: Azumarill|118/298 brn\n|\n|-damage|p1a: Azumarill|100/298 brn|[from] brn\n|upkeep\n|turn|24\n|inactive|Time left: 300 sec this turn | 300 sec total\n|\n|t:|1783555218\n|move|p2a: Charizard|Hurricane|p1a: Azumarill|[miss]\n|-miss|p2a: Charizard|p1a: Azumarill\n|move|p1a: Azumarill|Liquidation|p2a: Charizard\n|-supereffective|p2a: Charizard\n|-damage|p2a: Charizard|0 fnt\n|faint|p2a: Charizard\n|\n|-damage|p1a: Azumarill|82/298 brn|[from] brn\n|upkeep\n|\n|t:|1783555219\n|switch|p2a: Brambleghast|Brambleghast, L88, F|71/100\n|turn|25\n|inactive|Time left: 300 sec this turn | 300 sec total\n|\n|t:|1783555220\n|move|p2a: Brambleghast|Leech Seed|p1a: Azumarill\n|-start|p1a: Azumarill|move: Leech Seed\n|move|p1a: Azumarill|Play Rough|p2a: Brambleghast\n|-damage|p2a: Brambleghast|44/100\n|\n|-heal|p2a: Brambleghast|50/100|[from] item: Leftovers\n|-damage|p1a: Azumarill|45/298 brn|[from] Leech Seed|[of] p2a: Brambleghast\n|-heal|p2a: Brambleghast|65/100|[silent]\n|-damage|p1a: Azumarill|27/298 brn|[from] brn\n|upkeep\n|turn|26\n|inactive|Time left: 300 sec this turn | 300 sec total\n|\n|t:|1783555221\n|move|p2a: Brambleghast|Substitute|p2a: Brambleghast\n|-start|p2a: Brambleghast|Substitute\n|-damage|p2a: Brambleghast|40/100\n|move|p1a: Azumarill|Play Rough|p2a: Brambleghast\n|-activate|p2a: Brambleghast|move: Substitute|[damage]\n|\n|-heal|p2a: Brambleghast|47/100|[from] item: Leftovers\n|-damage|p1a: Azumarill|0 fnt|[from] Leech Seed|[of] p2a: Brambleghast\n|-heal|p2a: Brambleghast|58/100|[silent]\n|faint|p1a: Azumarill\n|upkeep\n|inactive|Time left: 300 sec this turn | 300 sec total | 5 sec grace\n|\n|t:|1783555222\n|switch|p1a: Iron Moth|Iron Moth, L78|191/253\n|turn|27\n|inactive|Time left: 300 sec this turn | 300 sec total\n|\n|t:|1783555223\n|move|p1a: Iron Moth|Fiery Dance|p2a: Brambleghast\n|-supereffective|p2a: Brambleghast\n|-end|p2a: Brambleghast|Substitute\n|-boost|p1a: Iron Moth|spa|1\n|move|p2a: Brambleghast|Poltergeist|p1a: Iron Moth\n|-activate|p1a: Iron Moth|move: Poltergeist|Heavy-Duty Boots\n|-damage|p1a: Iron Moth|0 fnt\n|faint|p1a: Iron Moth\n|-end|p1a: Iron Moth|Quark Drive|[silent]\n|\n|-heal|p2a: Brambleghast|64/100|[from] item: Leftovers\n|upkeep\n|inactive|Time left: 300 sec this turn | 300 sec total | 5 sec grace\n|\n|t:|1783555223\n|switch|p1a: Tinkaton|Tinkaton, L82, F|147/274\n|-ability|p1a: Tinkaton|Mold Breaker\n|turn|28\n|inactive|Time left: 300 sec this turn | 300 sec total\n|\n|t:|1783555224\n|-terastallize|p2a: Brambleghast|Steel\n|move|p2a: Brambleghast|Poltergeist|p1a: Tinkaton\n|-activate|p1a: Tinkaton|move: Poltergeist|Leftovers\n|-damage|p1a: Tinkaton|0 fnt\n|faint|p1a: Tinkaton\n|\n|win|p0y1385da27", "uploadtime": 1783555224, "views": 0, "rating": 0, "private": 0, "password": null, "_winner": "p0y1385da27", "_our_name": "p0x1385552a"}