{"id": "battle-gen9randombattle-2718", "formatid": "gen9randombattle", "format": "[Gen 9] Random Battle", "players": ["p0x2718eff1", "p0y271866ad"], "log": "|init|battle\n|title|p0x2718eff1 vs. p0y271866ad\n|j|\u2606p0x2718eff1\n|j|\u2606p0y271866ad\n|t:|1783571322\n|gametype|singles\n|player|p1|p0x2718eff1|266|\n|player|p2|p0y271866ad|170|\n|gen|9\n|tier|[Gen 9] Random Battle\n|rule|Species Clause: Limit one of each Pok\u00e9mon\n|rule|HP Percentage Mod: HP is shown in percentages\n|rule|Sleep Clause Mod: Limit one foe put to sleep\n|rule|Illusion Level Mod: Illusion disguises the Pok\u00e9mon's true level\n|\n|t:|1783571322\n|teamsize|p1|6\n|teamsize|p2|6\n|start\n|switch|p1a: Bombirdier|Bombirdier, L85, M|100/100\n|switch|p2a: Milotic|Milotic, L83, F|293/293\n|turn|1\n|inactive|Battle timer is ON: inactive players will automatically lose when time's up. (requested by p0x2718eff1)\n|inactive|Time left: 300 sec this turn | 300 sec total | 60 sec grace\n|\n|t:|1783571323\n|move|p1a: Bombirdier|Knock Off|p2a: Milotic\n|-damage|p2a: Milotic|122/293\n|-enditem|p2a: Milotic|Leftovers|[from] move: Knock Off|[of] p1a: Bombirdier\n|move|p2a: Milotic|Scald|p1a: Bombirdier\n|-damage|p1a: Bombirdier|63/100\n|\n|upkeep\n|turn|2\n|inactive|Time left: 300 sec this turn | 300 sec total\n|inactive|p0y271866ad also wants the timer to be on.\n|\n|t:|1783571324\n|move|p1a: Bombirdier|Knock Off|p2a: Milotic\n|-damage|p2a: Milotic|0 fnt\n|faint|p2a: Milotic\n|\n|upkeep\n|inactive|Time left: 300 sec this turn | 300 sec total | 5 sec grace\n|\n|t:|1783571325\n|switch|p2a: Golduck|Golduck, L90, F|290/290\n|-ability|p2a: Golduck|Cloud Nine\n|turn|3\n|inactive|Time left: 300 sec this turn | 300 sec total\n|\n|t:|1783571327\n|switch|p1a: Tentacruel|Tentacruel, L84, F|100/100\n|move|p2a: Golduck|Hydro Pump|p1a: Tentacruel\n|-resisted|p1a: Tentacruel\n|-damage|p1a: Tentacruel|72/100\n|\n|-heal|p1a: Tentacruel|78/100|[from] item: Leftovers\n|upkeep\n|turn|4\n|inactive|Time left: 300 sec this turn | 300 sec total\n|\n|t:|1783571328\n|move|p1a: Tentacruel|Sludge Bomb|p2a: Golduck\n|-crit|p2a: Golduck\n|-damage|p2a: Golduck|157/290\n|move|p2a: Golduck|Hydro Pump|p1a: Tentacruel\n|-resisted|p1a: Tentacruel\n|-damage|p1a: Tentacruel|49/100\n|\n|-heal|p1a: Tentacruel|55/100|[from] item: Leftovers\n|upkeep\n|turn|5\n|inactive|Time left: 300 sec this turn | 300 sec total\n|\n|t:|1783571329\n|move|p1a: Tentacruel|Toxic|p2a: Golduck\n|-status|p2a: Golduck|tox\n|move|p2a: Golduck|Hydro Pump|p1a: Tentacruel\n|-resisted|p1a: Tentacruel\n|-crit|p1a: Tentacruel\n|-damage|p1a: Tentacruel|13/100\n|\n|-heal|p1a: Tentacruel|20/100|[from] item: Leftovers\n|-damage|p2a: Golduck|139/290 tox|[from] psn\n|upkeep\n|turn|6\n|inactive|Time left: 300 sec this turn | 300 sec total\n|\n|t:|1783571330\n|move|p1a: Tentacruel|Sludge Bomb|p2a: Golduck\n|-damage|p2a: Golduck|54/290 tox\n|move|p2a: Golduck|Hydro Pump|p1a: Tentacruel\n|-resisted|p1a: Tentacruel\n|-damage|p1a: Tentacruel|0 fnt\n|faint|p1a: Tentacruel\n|\n|-damage|p2a: Golduck|18/290 tox|[from] psn\n|upkeep\n|\n|t:|1783571331\n|switch|p1a: Yanmega|Yanmega, L82, F|100/100\n|turn|7\n|inactive|Time left: 300 sec this turn | 300 sec total\n|\n|t:|1783571332\n|move|p1a: Yanmega|Protect|p1a: Yanmega\n|-singleturn|p1a: Yanmega|Protect\n|move|p2a: Golduck|Hydro Pump|p1a: Yanmega\n|-activate|p1a: Yanmega|move: Protect\n|\n|-damage|p2a: Golduck|0 fnt|[from] psn\n|faint|p2a: Golduck\n|-ability|p1a: Yanmega|Speed Boost|boost\n|-boost|p1a: Yanmega|spe|1\n|upkeep\n|inactive|Time left: 300 sec this turn | 300 sec total | 5 sec grace\n|\n|t:|1783571333\n|switch|p2a: Gumshoos|Gumshoos, L95, M|321/321\n|turn|8\n|inactive|Time left: 300 sec this turn | 300 sec total\n|\n|t:|1783571334\n|move|p1a: Yanmega|Air Slash|p2a: Gumshoos\n|-crit|p2a: Gumshoos\n|-damage|p2a: Gumshoos|170/321\n|cant|p2a: Gumshoos|flinch\n|\n|-ability|p1a: Yanmega|Speed Boost|boost\n|-boost|p1a: Yanmega|spe|1\n|upkeep\n|turn|9\n|inactive|Time left: 300 sec this turn | 300 sec total\n|\n|t:|1783571336\n|move|p1a: Yanmega|Air Slash|p2a: Gumshoos\n|-damage|p2a: Gumshoos|68/321\n|move|p2a: Gumshoos|Double-Edge|p1a: Yanmega\n|-damage|p1a: Yanmega|0 fnt\n|faint|p1a: Yanmega\n|-damage|p2a: Gumshoos|0 fnt|[from] Recoil\n|faint|p2a: Gumshoos\n|\n|upkeep\n|inactive|Time left: 300 sec this turn | 300 sec total | 5 sec grace\n|\n|t:|1783571337\n|switch|p1a: Iron Hands|Iron Hands, L79|100/100\n|switch|p2a: Torkoal|Torkoal, L88, M|266/266\n|-weather|SunnyDay|[from] ability: Drought|[of] p2a: Torkoal\n|turn|10\n|inactive|Time left: 300 sec this turn | 300 sec total\n|\n|t:|1783571338\n|move|p1a: Iron Hands|Swords Dance|p1a: Iron Hands\n|-boost|p1a: Iron Hands|atk|2\n|move|p2a: Torkoal|Fire Blast|p1a: Iron Hands\n|-crit|p1a: Iron Hands\n|-damage|p1a: Iron Hands|13/100\n|\n|-weather|SunnyDay|[upkeep]\n|-heal|p1a: Iron Hands|19/100|[from] item: Leftovers\n|upkeep\n|turn|11\n|inactive|Time left: 300 sec this turn | 300 sec total\n|\n|t:|1783571339\n|move|p1a: Iron Hands|Drain Punch|p2a: Torkoal\n|-damage|p2a: Torkoal|149/266\n|-heal|p1a: Iron Hands|35/100|[from] drain|[of] p2a: Torkoal\n|move|p2a: Torkoal|Fire Blast|p1a: Iron Hands\n|-crit|p1a: Iron Hands\n|-damage|p1a: Iron Hands|0 fnt\n|faint|p1a: Iron Hands\n|-end|p1a: Iron Hands|Quark Drive|[silent]\n|\n|-weather|SunnyDay|[upkeep]\n|upkeep\n|\n|t:|1783571340\n|switch|p1a: Diancie|Diancie, L82|100/100\n|turn|12\n|inactive|Time left: 300 sec this turn | 300 sec total\n|\n|t:|1783571341\n|move|p1a: Diancie|Diamond Storm|p2a: Torkoal\n|-supereffective|p2a: Torkoal\n|-damage|p2a: Torkoal|21/266\n|move|p2a: Torkoal|Solar Beam||[still]\n|-prepare|p2a: Torkoal|Solar Beam\n|-anim|p2a: Torkoal|Solar Beam|p1a: Diancie\n|-supereffective|p1a: Diancie\n|-damage|p1a: Diancie|63/100\n|\n|-weather|SunnyDay|[upkeep]\n|upkeep\n|turn|13\n|inactive|Time left: 300 sec this turn | 300 sec total\n|\n|t:|1783571342\n|switch|p2a: Annihilape|Annihilape, L76, M|292/292\n|move|p1a: Diancie|Diamond Storm|p2a: Annihilape\n|-resisted|p2a: Annihilape\n|-damage|p2a: Annihilape|232/292\n|-boost|p1a: Diancie|def|2\n|\n|-weather|SunnyDay|[upkeep]\n|-heal|p2a: Annihilape|250/292|[from] item: Leftovers\n|upkeep\n|turn|14\n|inactive|Time left: 300 sec this turn | 300 sec total\n|\n|t:|1783571343\n|move|p2a: Annihilape|Bulk Up|p2a: Annihilape\n|-boost|p2a: Annihilape|atk|1\n|-boost|p2a: Annihilape|def|1\n|move|p1a: Diancie|Moonblast|p2a: Annihilape\n|-supereffective|p2a: Annihilape\n|-damage|p2a: Annihilape|50/292\n|\n|-weather|none\n|-heal|p2a: Annihilape|68/292|[from] item: Leftovers\n|upkeep\n|turn|15\n|inactive|Time left: 300 sec this turn | 300 sec total\n|\n|t:|1783571344\n|move|p2a: Annihilape|Drain Punch|p1a: Diancie\n|-crit|p1a: Diancie\n|-damage|p1a: Diancie|14/100\n|-heal|p2a: Annihilape|121/292|[from] drain|[of] p1a: Diancie\n|move|p1a: Diancie|Moonblast|p2a: Annihilape\n|-supereffective|p2a: Annihilape\n|-crit|p2a: Annihilape\n|-damage|p2a: Annihilape|0 fnt\n|faint|p2a: Annihilape\n|\n|upkeep\n|inactive|Time left: 300 sec this turn | 300 sec total | 5 sec grace\n|\n|t:|1783571345\n|switch|p2a: Flutter Mane|Flutter Mane, L74|203/203\n|turn|16\n|inactive|Time left: 300 sec this turn | 300 sec total\n|\n|t:|1783571346\n|move|p2a: Flutter Mane|Shadow Ball|p1a: Diancie\n|-damage|p1a: Diancie|0 fnt\n|faint|p1a: Diancie\n|-damage|p2a: Flutter Mane|183/203|[from] item: Life Orb\n|\n|upkeep\n|\n|t:|1783571347\n|switch|p1a: Bombirdier|Bombirdier, L85, M|63/100\n|turn|17\n|inactive|Time left: 300 sec this turn | 300 sec total\n|\n|t:|1783571348\n|-end|p2a: Flutter Mane|Protosynthesis|[silent]\n|switch|p2a: Torkoal|Torkoal, L88, M|21/266\n|-weather|SunnyDay|[from] ability: Drought|[of] p2a: Torkoal\n|move|p1a: Bombirdier|Sucker Punch||[still]\n|-fail|p1a: Bombirdier\n|\n|-weather|SunnyDay|[upkeep]\n|upkeep\n|turn|18\n|inactive|Time left: 300 sec this turn | 300 sec total\n|\n|t:|1783571349\n|move|p1a: Bombirdier|Sucker Punch||[still]\n|-fail|p1a: Bombirdier\n|move|p2a: Torkoal|Yawn|p1a: Bombirdier\n|-start|p1a: Bombirdier|move: Yawn|[of] p2a: Torkoal\n|\n|-weather|SunnyDay|[upkeep]\n|upkeep\n|turn|19\n|inactive|Time left: 300 sec this turn | 300 sec total\n|\n|t:|1783571350\n|switch|p1a: Illumise|Illumise, L91, F|100/100\n|move|p2a: Torkoal|Yawn|p1a: Illumise\n|-start|p1a: Illumise|move: Yawn|[of] p2a: Torkoal\n|\n|-weather|SunnyDay|[upkeep]\n|upkeep\n|turn|20\n|inactive|Time left: 300 sec this turn | 300 sec total\n|\n|t:|1783571351\n|switch|p1a: Bombirdier|Bombirdier, L85, M|63/100\n|move|p2a: Torkoal|Fire Blast|p1a: Bombirdier|[miss]\n|-miss|p2a: Torkoal|p1a: Bombirdier\n|\n|-weather|SunnyDay|[upkeep]\n|upkeep\n|turn|21\n|inactive|Time left: 300 sec this turn | 300 sec total\n|\n|t:|1783571352\n|-terastallize|p1a: Bombirdier|Rock\n|move|p1a: Bombirdier|Knock Off|p2a: Torkoal\n|-damage|p2a: Torkoal|0 fnt\n|-enditem|p2a: Torkoal|Heavy-Duty Boots|[from] move: Knock Off|[of] p1a: Bombirdier\n|faint|p2a: Torkoal\n|\n|-weather|none\n|upkeep\n|inactive|Time left: 300 sec this turn | 300 sec total | 5 sec grace\n|\n|t:|1783571353\n|switch|p2a: Flutter Mane|Flutter Mane, L74|183/203\n|turn|22\n|inactive|Time left: 300 sec this turn | 300 sec total\n|\n|t:|1783571353\n|-terastallize|p2a: Flutter Mane|Ghost\n|move|p2a: Flutter Mane|Shadow Ball|p1a: Bombirdier\n|-damage|p1a: Bombirdier|0 fnt\n|faint|p1a: Bombirdier\n|-damage|p2a: Flutter Mane|163/203|[from] item: Life Orb\n|\n|upkeep\n|\n|t:|1783571354\n|switch|p1a: Illumise|Illumise, L91, F|100/100\n|turn|23\n|inactive|Time left: 300 sec this turn | 300 sec total\n|\n|t:|1783571355\n|move|p1a: Illumise|Thunder Wave|p2a: Flutter Mane\n|-status|p2a: Flutter Mane|par\n|move|p2a: Flutter Mane|Calm Mind|p2a: Flutter Mane\n|-boost|p2a: Flutter Mane|spa|1\n|-boost|p2a: Flutter Mane|spd|1\n|\n|upkeep\n|turn|24\n|inactive|Time left: 300 sec this turn | 300 sec total\n|\n|t:|1783571356\n|move|p1a: Illumise|Encore|p2a: Flutter Mane\n|-start|p2a: Flutter Mane|Encore\n|move|p2a: Flutter Mane|Calm Mind|p2a: Flutter Mane\n|-boost|p2a: Flutter Mane|spa|1\n|-boost|p2a: Flutter Mane|spd|1\n|\n|upkeep\n|turn|25\n|inactive|Time left: 300 sec this turn | 300 sec total\n|\n|t:|1783571357\n|move|p1a: Illumise|Bug Buzz|p2a: Flutter Mane\n|-resisted|p2a: Flutter Mane\n|-damage|p2a: Flutter Mane|144/203 par\n|move|p2a: Flutter Mane|Calm Mind|p2a: Flutter Mane\n|-boost|p2a: Flutter Mane|spa|1\n|-boost|p2a: Flutter Mane|spd|1\n|\n|upkeep\n|turn|26\n|inactive|Time left: 300 sec this turn | 300 sec total\n|\n|t:|1783571358\n|move|p1a: Illumise|Bug Buzz|p2a: Flutter Mane\n|-resisted|p2a: Flutter Mane\n|-damage|p2a: Flutter Mane|129/203 par\n|move|p2a: Flutter Mane|Calm Mind|p2a: Flutter Mane\n|-boost|p2a: Flutter Mane|spa|1\n|-boost|p2a: Flutter Mane|spd|1\n|\n|-end|p2a: Flutter Mane|Encore\n|upkeep\n|turn|27\n|inactive|Time left: 300 sec this turn | 300 sec total\n|\n|t:|1783571359\n|move|p1a: Illumise|Encore|p2a: Flutter Mane\n|-start|p2a: Flutter Mane|Encore\n|move|p2a: Flutter Mane|Calm Mind|p2a: Flutter Mane\n|-boost|p2a: Flutter Mane|spa|1\n|-boost|p2a: Flutter Mane|spd|1\n|\n|upkeep\n|turn|28\n|inactive|Time left: 300 sec this turn | 300 sec total\n|\n|t:|1783571359\n|move|p1a: Illumise|Bug Buzz|p2a: Flutter Mane\n|-resisted|p2a: Flutter Mane\n|-damage|p2a: Flutter Mane|119/203 par\n|move|p2a: Flutter Mane|Calm Mind|p2a: Flutter Mane\n|-boost|p2a: Flutter Mane|spa|1\n|-boost|p2a: Flutter Mane|spd|1\n|\n|upkeep\n|turn|29\n|inactive|Time left: 300 sec this turn | 300 sec total\n|\n|t:|1783571360\n|move|p1a: Illumise|Bug Buzz|p2a: Flutter Mane\n|-resisted|p2a: Flutter Mane\n|-damage|p2a: Flutter Mane|109/203 par\n|move|p2a: Flutter Mane|Calm Mind|p2a: Flutter Mane\n|-boost|p2a: Flutter Mane|spa|0\n|-boost|p2a: Flutter Mane|spd|0\n|\n|-end|p2a: Flutter Mane|Encore\n|upkeep\n|turn|30\n|inactive|Time left: 300 sec this turn | 300 sec total\n|\n|t:|1783571361\n|move|p1a: Illumise|Encore|p2a: Flutter Mane\n|-start|p2a: Flutter Mane|Encore\n|cant|p2a: Flutter Mane|par\n|\n|upkeep\n|turn|31\n|inactive|Time left: 300 sec this turn | 300 sec total\n|\n|t:|1783571362\n|move|p1a: Illumise|Bug Buzz|p2a: Flutter Mane\n|-resisted|p2a: Flutter Mane\n|-damage|p2a: Flutter Mane|100/203 par\n|-unboost|p2a: Flutter Mane|spd|1\n|move|p2a: Flutter Mane|Calm Mind|p2a: Flutter Mane\n|-boost|p2a: Flutter Mane|spa|0\n|-boost|p2a: Flutter Mane|spd|1\n|\n|upkeep\n|turn|32\n|inactive|Time left: 300 sec this turn | 300 sec total\n|\n|t:|1783571363\n|move|p1a: Illumise|Bug Buzz|p2a: Flutter Mane\n|-resisted|p2a: Flutter Mane\n|-damage|p2a: Flutter Mane|91/203 par\n|move|p2a: Flutter Mane|Calm Mind|p2a: Flutter Mane\n|-boost|p2a: Flutter Mane|spa|0\n|-boost|p2a: Flutter Mane|spd|0\n|\n|-end|p2a: Flutter Mane|Encore\n|upkeep\n|turn|33\n|inactive|Time left: 300 sec this turn | 300 sec total\n|\n|t:|1783571364\n|move|p1a: Illumise|Encore|p2a: Flutter Mane\n|-start|p2a: Flutter Mane|Encore\n|move|p2a: Flutter Mane|Calm Mind|p2a: Flutter Mane\n|-boost|p2a: Flutter Mane|spa|0\n|-boost|p2a: Flutter Mane|spd|0\n|\n|upkeep\n|turn|34\n|inactive|Time left: 300 sec this turn | 300 sec total\n|\n|t:|1783571365\n|move|p1a: Illumise|Bug Buzz|p2a: Flutter Mane\n|-resisted|p2a: Flutter Mane\n|-damage|p2a: Flutter Mane|82/203 par\n|move|p2a: Flutter Mane|Calm Mind|p2a: Flutter Mane\n|-boost|p2a: Flutter Mane|spa|0\n|-boost|p2a: Flutter Mane|spd|0\n|\n|upkeep\n|turn|35\n|inactive|Time left: 300 sec this turn | 300 sec total\n|\n|t:|1783571366\n|move|p1a: Illumise|Bug Buzz|p2a: Flutter Mane\n|-resisted|p2a: Flutter Mane\n|-damage|p2a: Flutter Mane|73/203 par\n|cant|p2a: Flutter Mane|par\n|\n|-end|p2a: Flutter Mane|Encore\n|upkeep\n|turn|36\n|inactive|Time left: 300 sec this turn | 300 sec total\n|\n|t:|1783571367\n|move|p1a: Illumise|Encore|p2a: Flutter Mane\n|-start|p2a: Flutter Mane|Encore\n|move|p2a: Flutter Mane|Calm Mind|p2a: Flutter Mane\n|-boost|p2a: Flutter Mane|spa|0\n|-boost|p2a: Flutter Mane|spd|0\n|\n|upkeep\n|turn|37\n|inactive|Time left: 300 sec this turn | 300 sec total\n|\n|t:|1783571367\n|move|p1a: Illumise|Bug Buzz|p2a: Flutter Mane\n|-resisted|p2a: Flutter Mane\n|-crit|p2a: Flutter Mane\n|-damage|p2a: Flutter Mane|19/203 par\n|cant|p2a: Flutter Mane|par\n|\n|upkeep\n|turn|38\n|inactive|Time left: 300 sec this turn | 300 sec total\n|\n|t:|1783571368\n|move|p1a: Illumise|Bug Buzz|p2a: Flutter Mane\n|-resisted|p2a: Flutter Mane\n|-damage|p2a: Flutter Mane|10/203 par\n|move|p2a: Flutter Mane|Calm Mind|p2a: Flutter Mane\n|-boost|p2a: Flutter Mane|spa|0\n|-boost|p2a: Flutter Mane|spd|0\n|\n|-end|p2a: Flutter Mane|Encore\n|upkeep\n|turn|39\n|inactive|Time left: 300 sec this turn | 300 sec total\n|\n|t:|1783571369\n|move|p1a: Illumise|Encore|p2a: Flutter Mane\n|-start|p2a: Flutter Mane|Encore\n|cant|p2a: Flutter Mane|par\n|\n|upkeep\n|turn|40\n|inactive|Time left: 300 sec this turn | 300 sec total\n|\n|t:|1783571370\n|move|p1a: Illumise|Bug Buzz|p2a: Flutter Mane\n|-resisted|p2a: Flutter Mane\n|-damage|p2a: Flutter Mane|0 fnt\n|faint|p2a: Flutter Mane\n|-end|p2a: Flutter Mane|Protosynthesis|[silent]\n|\n|win|p0x2718eff1", "uploadtime": 1783571370, "views": 0, "rating": 0, "private": 0, "password": null, "_winner": "p0x2718eff1", "_our_name": "p0y271866ad"}