{"id": "battle-gen9randombattle-2918", "formatid": "gen9randombattle", "format": "[Gen 9] Random Battle", "players": ["p0x2918585a", "p0y29189fb3"], "log": "|init|battle\n|title|p0x2918585a vs. p0y29189fb3\n|j|\u2606p0x2918585a\n|j|\u2606p0y29189fb3\n|t:|1783572624\n|gametype|singles\n|player|p1|p0x2918585a|170|\n|player|p2|p0y29189fb3|2|\n|gen|9\n|tier|[Gen 9] Random Battle\n|rule|Species Clause: Limit one of each Pok\u00e9mon\n|rule|HP Percentage Mod: HP is shown in percentages\n|rule|Sleep Clause Mod: Limit one foe put to sleep\n|rule|Illusion Level Mod: Illusion disguises the Pok\u00e9mon's true level\n|\n|t:|1783572624\n|teamsize|p1|6\n|teamsize|p2|6\n|start\n|switch|p1a: Arbok|Arbok, L87, F|246/246\n|switch|p2a: Armarouge|Armarouge, L80, M|100/100\n|-ability|p1a: Arbok|Intimidate|boost\n|-unboost|p2a: Armarouge|atk|1\n|turn|1\n|inactive|Battle timer is ON: inactive players will automatically lose when time's up. (requested by p0x2918585a)\n|inactive|p0y29189fb3 also wants the timer to be on.\n|\n|t:|1783572626\n|move|p1a: Arbok|Coil|p1a: Arbok\n|-boost|p1a: Arbok|atk|1\n|-boost|p1a: Arbok|def|1\n|-boost|p1a: Arbok|accuracy|1\n|move|p2a: Armarouge|Meteor Beam||[still]\n|-prepare|p2a: Armarouge|Meteor Beam\n|-boost|p2a: Armarouge|spa|1\n|-enditem|p2a: Armarouge|Power Herb\n|-anim|p2a: Armarouge|Meteor Beam|p1a: Arbok\n|-damage|p1a: Arbok|87/246\n|\n|-heal|p1a: Arbok|102/246|[from] item: Leftovers\n|upkeep\n|turn|2\n|inactive|Time left: 300 sec this turn | 300 sec total\n|\n|t:|1783572627\n|-terastallize|p1a: Arbok|Ground\n|move|p1a: Arbok|Earthquake|p2a: Armarouge\n|-supereffective|p2a: Armarouge\n|-damage|p2a: Armarouge|0 fnt\n|faint|p2a: Armarouge\n|\n|-heal|p1a: Arbok|117/246|[from] item: Leftovers\n|upkeep\n|\n|t:|1783572628\n|switch|p2a: Cloyster|Cloyster, L80, M|100/100\n|turn|3\n|inactive|Time left: 300 sec this turn | 300 sec total\n|\n|t:|1783572629\n|move|p1a: Arbok|Earthquake|p2a: Cloyster\n|-damage|p2a: Cloyster|56/100\n|move|p2a: Cloyster|Shell Smash|p2a: Cloyster\n|-unboost|p2a: Cloyster|def|1\n|-unboost|p2a: Cloyster|spd|1\n|-boost|p2a: Cloyster|atk|2\n|-boost|p2a: Cloyster|spa|2\n|-boost|p2a: Cloyster|spe|2\n|-enditem|p2a: Cloyster|White Herb\n|-clearnegativeboost|p2a: Cloyster|[silent]\n|\n|-heal|p1a: Arbok|132/246|[from] item: Leftovers\n|upkeep\n|turn|4\n|inactive|Time left: 300 sec this turn | 300 sec total\n|\n|t:|1783572630\n|move|p1a: Arbok|Sucker Punch|p2a: Cloyster\n|-damage|p2a: Cloyster|33/100\n|move|p2a: Cloyster|Icicle Spear|p1a: Arbok\n|-supereffective|p1a: Arbok\n|-damage|p1a: Arbok|58/246\n|-supereffective|p1a: Arbok\n|-damage|p1a: Arbok|0 fnt\n|faint|p1a: Arbok\n|-hitcount|p1: Arbok|2\n|\n|upkeep\n|inactive|Time left: 300 sec this turn | 300 sec total | 5 sec grace\n|\n|t:|1783572631\n|switch|p1a: Dewgong|Dewgong, L94, M|322/322\n|turn|5\n|inactive|Time left: 300 sec this turn | 300 sec total\n|\n|t:|1783572632\n|move|p2a: Cloyster|Rock Blast|p1a: Dewgong|[miss]\n|-miss|p2a: Cloyster|p1a: Dewgong\n|move|p1a: Dewgong|Surf|p2a: Cloyster\n|-resisted|p2a: Cloyster\n|-damage|p2a: Cloyster|0 fnt\n|faint|p2a: Cloyster\n|\n|upkeep\n|\n|t:|1783572633\n|switch|p2a: Lurantis|Lurantis, L87, F|100/100\n|turn|6\n|inactive|Time left: 300 sec this turn | 300 sec total\n|\n|t:|1783572634\n|-terastallize|p2a: Lurantis|Fighting\n|move|p1a: Dewgong|Triple Axel|p2a: Lurantis|[miss]\n|-miss|p1a: Dewgong|p2a: Lurantis\n|move|p2a: Lurantis|Superpower|p1a: Dewgong\n|-supereffective|p1a: Dewgong\n|-damage|p1a: Dewgong|52/322\n|-boost|p2a: Lurantis|atk|1\n|-boost|p2a: Lurantis|def|1\n|\n|upkeep\n|turn|7\n|inactive|Time left: 300 sec this turn | 300 sec total\n|\n|t:|1783572635\n|move|p1a: Dewgong|Knock Off|p2a: Lurantis\n|-resisted|p2a: Lurantis\n|-damage|p2a: Lurantis|92/100\n|-enditem|p2a: Lurantis|Leftovers|[from] move: Knock Off|[of] p1a: Dewgong\n|move|p2a: Lurantis|Superpower|p1a: Dewgong\n|-supereffective|p1a: Dewgong\n|-damage|p1a: Dewgong|0 fnt\n|-boost|p2a: Lurantis|atk|1\n|-boost|p2a: Lurantis|def|1\n|faint|p1a: Dewgong\n|\n|upkeep\n|inactive|Time left: 300 sec this turn | 300 sec total | 5 sec grace\n|\n|t:|1783572636\n|switch|p1a: Rabsca|Rabsca, L91, F|284/284\n|turn|8\n|inactive|Time left: 300 sec this turn | 300 sec total\n|\n|t:|1783572637\n|move|p2a: Lurantis|Knock Off|p1a: Rabsca\n|-supereffective|p1a: Rabsca\n|-damage|p1a: Rabsca|14/284\n|-enditem|p1a: Rabsca|Heavy-Duty Boots|[from] move: Knock Off|[of] p2a: Lurantis\n|move|p1a: Rabsca|Psychic|p2a: Lurantis\n|-supereffective|p2a: Lurantis\n|-damage|p2a: Lurantis|0 fnt\n|faint|p2a: Lurantis\n|\n|upkeep\n|\n|t:|1783572638\n|switch|p2a: Volcarona|Volcarona, L77, F|100/100\n|turn|9\n|inactive|Time left: 300 sec this turn | 300 sec total\n|\n|t:|1783572639\n|switch|p1a: Klawf|Klawf, L90, F|272/272\n|move|p2a: Volcarona|Quiver Dance|p2a: Volcarona\n|-boost|p2a: Volcarona|spa|1\n|-boost|p2a: Volcarona|spd|1\n|-boost|p2a: Volcarona|spe|1\n|\n|upkeep\n|turn|10\n|inactive|Time left: 300 sec this turn | 300 sec total\n|\n|t:|1783572640\n|move|p2a: Volcarona|Giga Drain|p1a: Klawf\n|-supereffective|p1a: Klawf\n|-damage|p1a: Klawf|28/272\n|move|p1a: Klawf|Crabhammer|p2a: Volcarona\n|-supereffective|p2a: Volcarona\n|-damage|p2a: Volcarona|0 fnt\n|-status|p1a: Klawf|brn|[from] ability: Flame Body|[of] p2a: Volcarona\n|faint|p2a: Volcarona\n|-damage|p1a: Klawf|1/272 brn|[from] item: Life Orb\n|\n|-damage|p1a: Klawf|0 fnt|[from] brn\n|faint|p1a: Klawf\n|upkeep\n|inactive|Time left: 300 sec this turn | 300 sec total | 5 sec grace\n|\n|t:|1783572641\n|switch|p2a: Clefable|Clefable, L83, M|100/100\n|switch|p1a: Shiftry|Shiftry, L89, M|305/305\n|turn|11\n|inactive|Time left: 300 sec this turn | 300 sec total\n|\n|t:|1783572642\n|move|p1a: Shiftry|Leaf Storm|p2a: Clefable\n|-damage|p2a: Clefable|36/100\n|-unboost|p1a: Shiftry|spa|2\n|-damage|p1a: Shiftry|275/305|[from] item: Life Orb\n|move|p2a: Clefable|Moonblast|p1a: Shiftry\n|-supereffective|p1a: Shiftry\n|-damage|p1a: Shiftry|0 fnt\n|faint|p1a: Shiftry\n|\n|upkeep\n|inactive|Time left: 300 sec this turn | 300 sec total | 5 sec grace\n|\n|t:|1783572643\n|switch|p1a: Groudon|Groudon, L72|263/263\n|-weather|SunnyDay|[from] ability: Drought|[of] p1a: Groudon\n|turn|12\n|inactive|Time left: 300 sec this turn | 300 sec total\n|\n|t:|1783572644\n|move|p1a: Groudon|Heat Crash|p2a: Clefable\n|-damage|p2a: Clefable|0 fnt\n|faint|p2a: Clefable\n|\n|-weather|SunnyDay|[upkeep]\n|upkeep\n|\n|t:|1783572645\n|switch|p2a: Mightyena|Mightyena, L96, M|100/100\n|-ability|p2a: Mightyena|Intimidate|boost\n|-unboost|p1a: Groudon|atk|1\n|turn|13\n|inactive|Time left: 300 sec this turn | 300 sec total\n|\n|t:|1783572646\n|switch|p1a: Rabsca|Rabsca, L91, F|14/284\n|move|p2a: Mightyena|Throat Chop|p1a: Rabsca\n|-supereffective|p1a: Rabsca\n|-damage|p1a: Rabsca|0 fnt\n|faint|p1a: Rabsca\n|\n|-weather|SunnyDay|[upkeep]\n|upkeep\n|inactive|Time left: 300 sec this turn | 300 sec total | 5 sec grace\n|\n|t:|1783572647\n|switch|p1a: Groudon|Groudon, L72|263/263\n|turn|14\n|inactive|Time left: 300 sec this turn | 300 sec total\n|\n|t:|1783572648\n|move|p2a: Mightyena|Throat Chop|p1a: Groudon\n|-damage|p1a: Groudon|143/263\n|-start|p1a: Groudon|Throat Chop|[silent]\n|move|p1a: Groudon|Heat Crash|p2a: Mightyena\n|-damage|p2a: Mightyena|52/100\n|\n|-weather|SunnyDay|[upkeep]\n|-heal|p1a: Groudon|159/263|[from] item: Leftovers\n|upkeep\n|turn|15\n|inactive|Time left: 300 sec this turn | 300 sec total\n|\n|t:|1783572648\n|move|p2a: Mightyena|Throat Chop|p1a: Groudon\n|-damage|p1a: Groudon|29/263\n|move|p1a: Groudon|Heat Crash|p2a: Mightyena\n|-damage|p2a: Mightyena|7/100\n|\n|-weather|SunnyDay|[upkeep]\n|-heal|p1a: Groudon|45/263|[from] item: Leftovers\n|-end|p1a: Groudon|Throat Chop|[silent]\n|upkeep\n|turn|16\n|inactive|Time left: 300 sec this turn | 300 sec total\n|\n|t:|1783572649\n|move|p2a: Mightyena|Throat Chop|p1a: Groudon\n|-crit|p1a: Groudon\n|-damage|p1a: Groudon|0 fnt\n|faint|p1a: Groudon\n|\n|win|p0y29189fb3", "uploadtime": 1783572649, "views": 0, "rating": 0, "private": 0, "password": null, "_winner": "p0y29189fb3", "_our_name": "p0x2918585a"}