{"id": "battle-gen9randombattle-1780", "formatid": "gen9randombattle", "format": "[Gen 9] Random Battle", "players": ["p0x17806c18", "p0y1780d650"], "log": "|init|battle\n|title|p0x17806c18 vs. p0y1780d650\n|j|\u2606p0x17806c18\n|j|\u2606p0y1780d650\n|t:|1783559862\n|gametype|singles\n|player|p1|p0x17806c18|102|\n|player|p2|p0y1780d650|169|\n|gen|9\n|tier|[Gen 9] Random Battle\n|rule|Species Clause: Limit one of each Pok\u00e9mon\n|rule|HP Percentage Mod: HP is shown in percentages\n|rule|Sleep Clause Mod: Limit one foe put to sleep\n|rule|Illusion Level Mod: Illusion disguises the Pok\u00e9mon's true level\n|\n|t:|1783559862\n|teamsize|p1|6\n|teamsize|p2|6\n|start\n|switch|p1a: Blissey|Blissey, L85, F|100/100\n|switch|p2a: Klawf|Klawf, L90, M|272/272\n|turn|1\n|inactive|Battle timer is ON: inactive players will automatically lose when time's up. (requested by p0x17806c18)\n|inactive|Time left: 300 sec this turn | 300 sec total | 60 sec grace\n|\n|t:|1783559863\n|move|p2a: Klawf|Swords Dance|p2a: Klawf\n|-boost|p2a: Klawf|atk|2\n|move|p1a: Blissey|Stealth Rock|p2a: Klawf\n|-sidestart|p2: p0y1780d650|move: Stealth Rock\n|\n|upkeep\n|turn|2\n|inactive|Time left: 300 sec this turn | 300 sec total\n|inactive|p0y1780d650 also wants the timer to be on.\n|\n|t:|1783559865\n|switch|p1a: Vespiquen|Vespiquen, L99, F|100/100\n|-ability|p1a: Vespiquen|Pressure\n|move|p2a: Klawf|Stone Edge|p1a: Vespiquen\n|-supereffective|p1a: Vespiquen\n|-damage|p1a: Vespiquen|0 fnt\n|faint|p1a: Vespiquen\n|\n|upkeep\n|\n|t:|1783559865\n|switch|p1a: Trevenant|Trevenant, L89, M|100/100\n|turn|3\n|inactive|Time left: 300 sec this turn | 300 sec total\n|\n|t:|1783559866\n|move|p1a: Trevenant|Protect|p1a: Trevenant\n|-singleturn|p1a: Trevenant|Protect\n|move|p2a: Klawf|Knock Off|p1a: Trevenant\n|-activate|p1a: Trevenant|move: Protect\n|\n|upkeep\n|turn|4\n|inactive|Time left: 300 sec this turn | 300 sec total\n|\n|t:|1783559867\n|move|p1a: Trevenant|Protect||[still]\n|-fail|p1a: Trevenant\n|move|p2a: Klawf|Knock Off|p1a: Trevenant\n|-supereffective|p1a: Trevenant\n|-damage|p1a: Trevenant|0 fnt\n|-enditem|p1a: Trevenant|Sitrus Berry|[from] move: Knock Off|[of] p2a: Klawf\n|faint|p1a: Trevenant\n|\n|upkeep\n|\n|t:|1783559869\n|switch|p1a: Ursaring|Ursaring, L84, M|100/100\n|turn|5\n|inactive|Time left: 300 sec this turn | 300 sec total\n|\n|t:|1783559870\n|move|p2a: Klawf|Knock Off|p1a: Ursaring\n|-damage|p1a: Ursaring|37/100\n|-enditem|p1a: Ursaring|Toxic Orb|[from] move: Knock Off|[of] p2a: Klawf\n|move|p1a: Ursaring|Close Combat|p2a: Klawf\n|-supereffective|p2a: Klawf\n|-damage|p2a: Klawf|110/272\n|-unboost|p1a: Ursaring|def|1\n|-unboost|p1a: Ursaring|spd|1\n|-ability|p2a: Klawf|Anger Shell|boost\n|-boost|p2a: Klawf|atk|1\n|-boost|p2a: Klawf|spa|1\n|-boost|p2a: Klawf|spe|1\n|-unboost|p2a: Klawf|def|1\n|-unboost|p2a: Klawf|spd|1\n|\n|upkeep\n|turn|6\n|inactive|Time left: 300 sec this turn | 300 sec total\n|\n|t:|1783559871\n|move|p2a: Klawf|Knock Off|p1a: Ursaring\n|-damage|p1a: Ursaring|0 fnt\n|faint|p1a: Ursaring\n|\n|upkeep\n|\n|t:|1783559872\n|switch|p1a: Muk|Muk, L86, M|100/100\n|turn|7\n|inactive|Time left: 300 sec this turn | 300 sec total\n|\n|t:|1783559873\n|-terastallize|p1a: Muk|Dark\n|move|p2a: Klawf|Stone Edge|p1a: Muk|[miss]\n|-miss|p2a: Klawf|p1a: Muk\n|move|p1a: Muk|Drain Punch|p2a: Klawf\n|-supereffective|p2a: Klawf\n|-damage|p2a: Klawf|0 fnt\n|faint|p2a: Klawf\n|\n|upkeep\n|inactive|Time left: 300 sec this turn | 300 sec total | 5 sec grace\n|\n|t:|1783559874\n|switch|p2a: Great Tusk|Great Tusk, L77|304/304\n|-damage|p2a: Great Tusk|295/304|[from] Stealth Rock\n|turn|8\n|inactive|Time left: 300 sec this turn | 300 sec total\n|\n|t:|1783559876\n|switch|p1a: Mewtwo|Mewtwo, L72|100/100\n|-ability|p1a: Mewtwo|Unnerve\n|move|p2a: Great Tusk|Bulk Up|p2a: Great Tusk\n|-boost|p2a: Great Tusk|atk|1\n|-boost|p2a: Great Tusk|def|1\n|\n|-heal|p2a: Great Tusk|304/304|[from] item: Leftovers\n|upkeep\n|turn|9\n|inactive|Time left: 300 sec this turn | 300 sec total\n|\n|t:|1783559876\n|move|p1a: Mewtwo|Nasty Plot|p1a: Mewtwo\n|-boost|p1a: Mewtwo|spa|2\n|move|p2a: Great Tusk|Rapid Spin|p1a: Mewtwo\n|-damage|p1a: Mewtwo|77/100\n|-boost|p2a: Great Tusk|spe|1\n|-sideend|p2: p0y1780d650|Stealth Rock|[from] move: Rapid Spin|[of] p2a: Great Tusk\n|\n|upkeep\n|turn|10\n|inactive|Time left: 300 sec this turn | 300 sec total\n|\n|t:|1783559878\n|move|p2a: Great Tusk|Earthquake|p1a: Mewtwo\n|-damage|p1a: Mewtwo|12/100\n|move|p1a: Mewtwo|Fire Blast|p2a: Great Tusk\n|-damage|p2a: Great Tusk|0 fnt\n|faint|p2a: Great Tusk\n|-end|p2a: Great Tusk|Protosynthesis|[silent]\n|-damage|p1a: Mewtwo|2/100|[from] item: Life Orb\n|\n|upkeep\n|inactive|Time left: 300 sec this turn | 300 sec total | 5 sec grace\n|\n|t:|1783559879\n|switch|p2a: Mimikyu|Mimikyu, L79, F|216/216\n|turn|11\n|inactive|Time left: 300 sec this turn | 300 sec total\n|\n|t:|1783559880\n|move|p2a: Mimikyu|Shadow Sneak|p1a: Mewtwo\n|-supereffective|p1a: Mewtwo\n|-damage|p1a: Mewtwo|0 fnt\n|faint|p1a: Mewtwo\n|-damage|p2a: Mimikyu|195/216|[from] item: Life Orb\n|\n|upkeep\n|\n|t:|1783559880\n|switch|p1a: Blissey|Blissey, L85, F|100/100\n|turn|12\n|inactive|Time left: 300 sec this turn | 300 sec total\n|\n|t:|1783559881\n|move|p2a: Mimikyu|Swords Dance|p2a: Mimikyu\n|-boost|p2a: Mimikyu|atk|2\n|move|p1a: Blissey|Thunder Wave|p2a: Mimikyu|[miss]\n|-miss|p1a: Blissey|p2a: Mimikyu\n|\n|upkeep\n|turn|13\n|inactive|Time left: 300 sec this turn | 300 sec total\n|\n|t:|1783559882\n|-terastallize|p2a: Mimikyu|Fighting\n|move|p2a: Mimikyu|Drain Punch|p1a: Blissey\n|-supereffective|p1a: Blissey\n|-damage|p1a: Blissey|0 fnt\n|-heal|p2a: Mimikyu|216/216|[from] drain|[of] p1a: Blissey\n|faint|p1a: Blissey\n|-damage|p2a: Mimikyu|195/216|[from] item: Life Orb\n|\n|upkeep\n|\n|t:|1783559882\n|switch|p1a: Muk|Muk, L86, M, tera:Dark|100/100\n|turn|14\n|inactive|Time left: 300 sec this turn | 300 sec total\n|\n|t:|1783559883\n|move|p2a: Mimikyu|Drain Punch|p1a: Muk\n|-supereffective|p1a: Muk\n|-damage|p1a: Muk|0 fnt\n|-heal|p2a: Mimikyu|216/216|[from] drain|[of] p1a: Muk\n|faint|p1a: Muk\n|-damage|p2a: Mimikyu|195/216|[from] item: Life Orb\n|\n|win|p0y1780d650", "uploadtime": 1783559883, "views": 0, "rating": 0, "private": 0, "password": null, "_winner": "p0y1780d650", "_our_name": "p0y1780d650"}