{"id": "battle-gen9randombattle-675", "formatid": "gen9randombattle", "format": "[Gen 9] Random Battle", "players": ["p0x675a98d", "p0y6755777"], "log": "|init|battle\n|title|p0x675a98d vs. p0y6755777\n|j|\u2606p0x675a98d\n|j|\u2606p0y6755777\n|t:|1783546954\n|gametype|singles\n|player|p1|p0x675a98d|1|\n|player|p2|p0y6755777|101|\n|gen|9\n|tier|[Gen 9] Random Battle\n|rule|Species Clause: Limit one of each Pok\u00e9mon\n|rule|HP Percentage Mod: HP is shown in percentages\n|rule|Sleep Clause Mod: Limit one foe put to sleep\n|rule|Illusion Level Mod: Illusion disguises the Pok\u00e9mon's true level\n|\n|t:|1783546954\n|teamsize|p1|6\n|teamsize|p2|6\n|start\n|switch|p1a: Eelektross|Eelektross, L87, M|290/290\n|switch|p2a: Golem|Golem-Alola, L93, M|100/100\n|turn|1\n|inactive|Battle timer is ON: inactive players will automatically lose when time's up. (requested by p0y6755777)\n|inactive|Time left: 300 sec this turn | 300 sec total | 60 sec grace\n|inactive|p0x675a98d also wants the timer to be on.\n|\n|t:|1783546956\n|move|p1a: Eelektross|Knock Off|p2a: Golem\n|-damage|p2a: Golem|82/100\n|-enditem|p2a: Golem|Choice Band|[from] move: Knock Off|[of] p1a: Eelektross\n|move|p2a: Golem|Stone Edge|p1a: Eelektross\n|-damage|p1a: Eelektross|136/290\n|\n|-heal|p1a: Eelektross|154/290|[from] item: Leftovers\n|upkeep\n|turn|2\n|inactive|Time left: 300 sec this turn | 300 sec total\n|\n|t:|1783546957\n|move|p1a: Eelektross|Drain Punch|p2a: Golem\n|-supereffective|p2a: Golem\n|-damage|p2a: Golem|53/100\n|-heal|p1a: Eelektross|198/290|[from] drain|[of] p2a: Golem\n|move|p2a: Golem|Stone Edge|p1a: Eelektross\n|-damage|p1a: Eelektross|39/290\n|\n|-heal|p1a: Eelektross|57/290|[from] item: Leftovers\n|upkeep\n|turn|3\n|inactive|Time left: 300 sec this turn | 300 sec total\n|\n|t:|1783546958\n|move|p2a: Golem|Double-Edge|p1a: Eelektross\n|-resisted|p1a: Eelektross\n|-damage|p1a: Eelektross|0 fnt\n|faint|p1a: Eelektross\n|-damage|p2a: Golem|47/100|[from] Recoil\n|\n|upkeep\n|inactive|Time left: 300 sec this turn | 300 sec total | 5 sec grace\n|\n|t:|1783546959\n|switch|p1a: Quaquaval|Quaquaval, L79, M|264/264\n|turn|4\n|inactive|Time left: 300 sec this turn | 300 sec total\n|\n|t:|1783546960\n|-terastallize|p2a: Golem|Electric\n|move|p1a: Quaquaval|Aqua Step|p2a: Golem\n|-damage|p2a: Golem|19/100\n|-boost|p1a: Quaquaval|spe|1\n|move|p2a: Golem|Double-Edge|p1a: Quaquaval\n|-supereffective|p1a: Quaquaval\n|-damage|p1a: Quaquaval|0 fnt\n|faint|p1a: Quaquaval\n|-damage|p2a: Golem|0 fnt|[from] Recoil\n|faint|p2a: Golem\n|\n|upkeep\n|inactive|Time left: 300 sec this turn | 300 sec total | 5 sec grace\n|\n|t:|1783546961\n|switch|p1a: Manaphy|Manaphy, L78|284/284\n|switch|p2a: Barraskewda|Barraskewda, L81, F|100/100\n|turn|5\n|inactive|Time left: 300 sec this turn | 300 sec total\n|\n|t:|1783546962\n|move|p2a: Barraskewda|Close Combat|p1a: Manaphy\n|-damage|p1a: Manaphy|152/284\n|-unboost|p2a: Barraskewda|def|1\n|-unboost|p2a: Barraskewda|spd|1\n|move|p1a: Manaphy|Tail Glow|p1a: Manaphy\n|-boost|p1a: Manaphy|spa|3\n|\n|-heal|p1a: Manaphy|169/284|[from] item: Leftovers\n|upkeep\n|turn|6\n|inactive|Time left: 300 sec this turn | 300 sec total\n|\n|t:|1783546963\n|move|p2a: Barraskewda|Close Combat|p1a: Manaphy\n|-damage|p1a: Manaphy|40/284\n|-unboost|p2a: Barraskewda|def|1\n|-unboost|p2a: Barraskewda|spd|1\n|move|p1a: Manaphy|Surf|p2a: Barraskewda\n|-resisted|p2a: Barraskewda\n|-damage|p2a: Barraskewda|0 fnt\n|faint|p2a: Barraskewda\n|\n|-heal|p1a: Manaphy|57/284|[from] item: Leftovers\n|upkeep\n|\n|t:|1783546964\n|switch|p2a: Chi-Yu|Chi-Yu, L77|100/100\n|-ability|p2a: Chi-Yu|Beads of Ruin\n|turn|7\n|inactive|Time left: 300 sec this turn | 300 sec total\n|\n|t:|1783546965\n|move|p2a: Chi-Yu|Dark Pulse|p1a: Manaphy\n|-damage|p1a: Manaphy|0 fnt\n|faint|p1a: Manaphy\n|\n|upkeep\n|inactive|Time left: 300 sec this turn | 300 sec total | 5 sec grace\n|\n|t:|1783546966\n|switch|p1a: Tinkaton|Tinkaton, L82, F|274/274\n|-ability|p1a: Tinkaton|Mold Breaker\n|turn|8\n|inactive|Time left: 300 sec this turn | 300 sec total\n|\n|t:|1783546967\n|switch|p2a: Lucario|Lucario, L84, M|100/100\n|move|p1a: Tinkaton|Swords Dance|p1a: Tinkaton\n|-boost|p1a: Tinkaton|atk|2\n|\n|upkeep\n|turn|9\n|inactive|Time left: 300 sec this turn | 300 sec total\n|\n|t:|1783546968\n|switch|p2a: Chi-Yu|Chi-Yu, L77|100/100\n|-ability|p2a: Chi-Yu|Beads of Ruin\n|move|p1a: Tinkaton|Play Rough|p2a: Chi-Yu\n|-damage|p2a: Chi-Yu|22/100\n|-unboost|p2a: Chi-Yu|atk|1\n|\n|upkeep\n|turn|10\n|inactive|Time left: 300 sec this turn | 300 sec total\n|\n|t:|1783546969\n|switch|p1a: Diancie|Diancie, L82|216/216\n|move|p2a: Chi-Yu|Overheat|p1a: Diancie|[miss]\n|-miss|p2a: Chi-Yu|p1a: Diancie\n|\n|upkeep\n|turn|11\n|inactive|Time left: 300 sec this turn | 300 sec total\n|\n|t:|1783546971\n|move|p2a: Chi-Yu|Overheat|p1a: Diancie\n|-resisted|p1a: Diancie\n|-damage|p1a: Diancie|147/216\n|-unboost|p2a: Chi-Yu|spa|2\n|move|p1a: Diancie|Calm Mind|p1a: Diancie\n|-boost|p1a: Diancie|spa|1\n|-boost|p1a: Diancie|spd|1\n|\n|-heal|p1a: Diancie|160/216|[from] item: Leftovers\n|upkeep\n|turn|12\n|inactive|Time left: 300 sec this turn | 300 sec total\n|\n|t:|1783546972\n|switch|p2a: Lucario|Lucario, L84, M|100/100\n|move|p1a: Diancie|Diamond Storm|p2a: Lucario\n|-resisted|p2a: Lucario\n|-damage|p2a: Lucario|90/100\n|\n|-heal|p1a: Diancie|173/216|[from] item: Leftovers\n|upkeep\n|turn|13\n|inactive|Time left: 300 sec this turn | 300 sec total\n|\n|t:|1783546973\n|-terastallize|p1a: Diancie|Water\n|move|p2a: Lucario|Flash Cannon|p1a: Diancie\n|-resisted|p1a: Diancie\n|-damage|p1a: Diancie|142/216\n|-damage|p2a: Lucario|80/100|[from] item: Life Orb\n|move|p1a: Diancie|Earth Power|p2a: Lucario\n|-supereffective|p2a: Lucario\n|-damage|p2a: Lucario|0 fnt\n|faint|p2a: Lucario\n|\n|-heal|p1a: Diancie|155/216|[from] item: Leftovers\n|upkeep\n|\n|t:|1783546974\n|switch|p2a: Mandibuzz|Mandibuzz, L85, F|100/100\n|turn|14\n|inactive|Time left: 300 sec this turn | 300 sec total\n|\n|t:|1783546975\n|move|p2a: Mandibuzz|Foul Play|p1a: Diancie\n|-damage|p1a: Diancie|82/216\n|move|p1a: Diancie|Draining Kiss|p2a: Mandibuzz\n|-supereffective|p2a: Mandibuzz\n|-damage|p2a: Mandibuzz|58/100\n|-heal|p1a: Diancie|187/216|[from] drain|[of] p2a: Mandibuzz\n|\n|-heal|p1a: Diancie|200/216|[from] item: Leftovers\n|upkeep\n|turn|15\n|inactive|Time left: 300 sec this turn | 300 sec total\n|\n|t:|1783546976\n|move|p2a: Mandibuzz|Roost|p2a: Mandibuzz\n|-heal|p2a: Mandibuzz|100/100\n|-singleturn|p2a: Mandibuzz|move: Roost\n|move|p1a: Diancie|Diamond Storm|p2a: Mandibuzz\n|-damage|p2a: Mandibuzz|74/100\n|-boost|p1a: Diancie|def|2\n|\n|-heal|p1a: Diancie|213/216|[from] item: Leftovers\n|upkeep\n|turn|16\n|inactive|Time left: 300 sec this turn | 300 sec total\n|\n|t:|1783546977\n|move|p2a: Mandibuzz|Roost|p2a: Mandibuzz\n|-heal|p2a: Mandibuzz|100/100\n|-singleturn|p2a: Mandibuzz|move: Roost\n|move|p1a: Diancie|Draining Kiss|p2a: Mandibuzz\n|-supereffective|p2a: Mandibuzz\n|-damage|p2a: Mandibuzz|54/100\n|-heal|p1a: Diancie|216/216|[from] drain|[of] p2a: Mandibuzz\n|\n|upkeep\n|turn|17\n|inactive|Time left: 300 sec this turn | 300 sec total\n|\n|t:|1783546978\n|move|p2a: Mandibuzz|Roost|p2a: Mandibuzz\n|-heal|p2a: Mandibuzz|100/100\n|-singleturn|p2a: Mandibuzz|move: Roost\n|move|p1a: Diancie|Diamond Storm|p2a: Mandibuzz\n|-damage|p2a: Mandibuzz|73/100\n|-boost|p1a: Diancie|def|2\n|\n|upkeep\n|turn|18\n|inactive|Time left: 300 sec this turn | 300 sec total\n|\n|t:|1783546979\n|move|p2a: Mandibuzz|Roost|p2a: Mandibuzz\n|-heal|p2a: Mandibuzz|100/100\n|-singleturn|p2a: Mandibuzz|move: Roost\n|move|p1a: Diancie|Calm Mind|p1a: Diancie\n|-boost|p1a: Diancie|spa|1\n|-boost|p1a: Diancie|spd|1\n|\n|upkeep\n|turn|19\n|inactive|Time left: 300 sec this turn | 300 sec total\n|\n|t:|1783546980\n|move|p2a: Mandibuzz|Defog||[still]\n|-fail|p1a: Diancie|unboost|[from] ability: Clear Body|[of] p1a: Diancie\n|-fail|p2a: Mandibuzz\n|move|p1a: Diancie|Draining Kiss|p2a: Mandibuzz\n|-supereffective|p2a: Mandibuzz\n|-damage|p2a: Mandibuzz|43/100\n|\n|upkeep\n|turn|20\n|inactive|Time left: 300 sec this turn | 300 sec total\n|\n|t:|1783546981\n|move|p2a: Mandibuzz|Roost|p2a: Mandibuzz\n|-heal|p2a: Mandibuzz|93/100\n|-singleturn|p2a: Mandibuzz|move: Roost\n|move|p1a: Diancie|Draining Kiss|p2a: Mandibuzz\n|-supereffective|p2a: Mandibuzz\n|-damage|p2a: Mandibuzz|35/100\n|\n|upkeep\n|turn|21\n|inactive|Time left: 300 sec this turn | 300 sec total\n|\n|t:|1783546982\n|move|p2a: Mandibuzz|Roost|p2a: Mandibuzz\n|-heal|p2a: Mandibuzz|85/100\n|-singleturn|p2a: Mandibuzz|move: Roost\n|move|p1a: Diancie|Draining Kiss|p2a: Mandibuzz\n|-supereffective|p2a: Mandibuzz\n|-damage|p2a: Mandibuzz|29/100\n|\n|upkeep\n|turn|22\n|inactive|Time left: 300 sec this turn | 300 sec total\n|\n|t:|1783546983\n|move|p2a: Mandibuzz|Roost|p2a: Mandibuzz\n|-heal|p2a: Mandibuzz|79/100\n|-singleturn|p2a: Mandibuzz|move: Roost\n|move|p1a: Diancie|Draining Kiss|p2a: Mandibuzz\n|-supereffective|p2a: Mandibuzz\n|-damage|p2a: Mandibuzz|24/100\n|\n|upkeep\n|turn|23\n|inactive|Time left: 300 sec this turn | 300 sec total\n|\n|t:|1783546984\n|move|p2a: Mandibuzz|Roost|p2a: Mandibuzz\n|-heal|p2a: Mandibuzz|74/100\n|-singleturn|p2a: Mandibuzz|move: Roost\n|move|p1a: Diancie|Draining Kiss|p2a: Mandibuzz\n|-supereffective|p2a: Mandibuzz\n|-damage|p2a: Mandibuzz|13/100\n|\n|upkeep\n|turn|24\n|inactive|Time left: 300 sec this turn | 300 sec total\n|\n|t:|1783546985\n|move|p2a: Mandibuzz|Defog||[still]\n|-fail|p1a: Diancie|unboost|[from] ability: Clear Body|[of] p1a: Diancie\n|-fail|p2a: Mandibuzz\n|move|p1a: Diancie|Draining Kiss|p2a: Mandibuzz\n|-supereffective|p2a: Mandibuzz\n|-damage|p2a: Mandibuzz|0 fnt\n|faint|p2a: Mandibuzz\n|\n|upkeep\n|\n|t:|1783546987\n|switch|p2a: Deoxys|Deoxys-Speed, L82|100/100\n|-ability|p2a: Deoxys|Pressure\n|turn|25\n|inactive|Time left: 300 sec this turn | 300 sec total\n|\n|t:|1783546988\n|move|p2a: Deoxys|Stealth Rock|p1a: Diancie\n|-sidestart|p1: p0x675a98d|move: Stealth Rock\n|move|p1a: Diancie|Draining Kiss|p2a: Deoxys\n|-damage|p2a: Deoxys|52/100\n|\n|-heal|p2a: Deoxys|58/100|[from] item: Leftovers\n|upkeep\n|turn|26\n|inactive|Time left: 300 sec this turn | 300 sec total\n|\n|t:|1783546989\n|move|p2a: Deoxys|Stealth Rock||[still]\n|-fail|p2a: Deoxys\n|move|p1a: Diancie|Earth Power|p2a: Deoxys\n|-damage|p2a: Deoxys|2/100\n|\n|-heal|p2a: Deoxys|8/100|[from] item: Leftovers\n|upkeep\n|turn|27\n|inactive|Time left: 300 sec this turn | 300 sec total\n|\n|t:|1783546990\n|move|p2a: Deoxys|Stealth Rock||[still]\n|-fail|p2a: Deoxys\n|move|p1a: Diancie|Draining Kiss|p2a: Deoxys\n|-damage|p2a: Deoxys|0 fnt\n|faint|p2a: Deoxys\n|\n|upkeep\n|\n|t:|1783546990\n|switch|p2a: Chi-Yu|Chi-Yu, L77|22/100\n|-ability|p2a: Chi-Yu|Beads of Ruin\n|turn|28\n|inactive|Time left: 300 sec this turn | 300 sec total\n|\n|t:|1783546991\n|move|p2a: Chi-Yu|Dark Pulse|p1a: Diancie\n|-damage|p1a: Diancie|176/216\n|cant|p1a: Diancie|flinch\n|\n|-heal|p1a: Diancie|189/216|[from] item: Leftovers\n|upkeep\n|turn|29\n|inactive|Time left: 300 sec this turn | 300 sec total\n|\n|t:|1783546992\n|move|p2a: Chi-Yu|Dark Pulse|p1a: Diancie\n|-damage|p1a: Diancie|147/216\n|move|p1a: Diancie|Earth Power|p2a: Chi-Yu\n|-supereffective|p2a: Chi-Yu\n|-damage|p2a: Chi-Yu|0 fnt\n|faint|p2a: Chi-Yu\n|\n|win|p0x675a98d", "uploadtime": 1783546992, "views": 0, "rating": 0, "private": 0, "password": null, "_winner": "p0x675a98d", "_our_name": "p0x675a98d"}