{"id": "battle-gen9randombattle-1202", "formatid": "gen9randombattle", "format": "[Gen 9] Random Battle", "players": ["p0x1202c297", "p0y1202073e"], "log": "|init|battle\n|title|p0x1202c297 vs. p0y1202073e\n|j|\u2606p0x1202c297\n|j|\u2606p0y1202073e\n|t:|1783553923\n|gametype|singles\n|player|p1|p0x1202c297|169|\n|player|p2|p0y1202073e|102|\n|gen|9\n|tier|[Gen 9] Random Battle\n|rule|Species Clause: Limit one of each Pok\u00e9mon\n|rule|HP Percentage Mod: HP is shown in percentages\n|rule|Sleep Clause Mod: Limit one foe put to sleep\n|rule|Illusion Level Mod: Illusion disguises the Pok\u00e9mon's true level\n|\n|t:|1783553923\n|teamsize|p1|6\n|teamsize|p2|6\n|start\n|switch|p1a: Archaludon|Archaludon, L78, F|100/100\n|switch|p2a: Arcanine|Arcanine-Hisui, L79, M|279/279\n|turn|1\n|inactive|Battle timer is ON: inactive players will automatically lose when time's up. (requested by p0y1202073e)\n|inactive|p0x1202c297 also wants the timer to be on.\n|\n|t:|1783553925\n|switch|p2a: Pincurchin|Pincurchin, F|258/258\n|-fieldstart|move: Electric Terrain|[from] ability: Electric Surge|[of] p2a: Pincurchin\n|switch|p1a: Hariyama|Hariyama, L87, F|100/100\n|\n|-status|p1a: Hariyama|brn|[from] item: Flame Orb\n|upkeep\n|turn|2\n|inactive|Time left: 300 sec this turn | 300 sec total\n|\n|t:|1783553926\n|move|p1a: Hariyama|Knock Off|p2a: Pincurchin\n|-damage|p2a: Pincurchin|164/258\n|-enditem|p2a: Pincurchin|Leftovers|[from] move: Knock Off|[of] p1a: Hariyama\n|move|p2a: Pincurchin|Zing Zap|p1a: Hariyama\n|-damage|p1a: Hariyama|49/100 brn\n|\n|-damage|p1a: Hariyama|43/100 brn|[from] brn\n|upkeep\n|turn|3\n|inactive|Time left: 300 sec this turn | 300 sec total\n|\n|t:|1783553927\n|move|p1a: Hariyama|Close Combat|p2a: Pincurchin\n|-damage|p2a: Pincurchin|0 fnt\n|-unboost|p1a: Hariyama|def|1\n|-unboost|p1a: Hariyama|spd|1\n|faint|p2a: Pincurchin\n|\n|-damage|p1a: Hariyama|37/100 brn|[from] brn\n|upkeep\n|inactive|Time left: 300 sec this turn | 300 sec total | 5 sec grace\n|\n|t:|1783553928\n|switch|p2a: Kyogre|Kyogre, L71|259/259\n|-weather|RainDance|[from] ability: Drizzle|[of] p2a: Kyogre\n|turn|4\n|inactive|Time left: 300 sec this turn | 300 sec total\n|\n|t:|1783553929\n|switch|p1a: Archaludon|Archaludon, L78, F|100/100\n|move|p2a: Kyogre|Water Spout|p1a: Archaludon\n|-resisted|p1a: Archaludon\n|-damage|p1a: Archaludon|62/100\n|-ability|p1a: Archaludon|Stamina|boost\n|-boost|p1a: Archaludon|def|1\n|\n|-weather|RainDance|[upkeep]\n|upkeep\n|turn|5\n|inactive|Time left: 300 sec this turn | 300 sec total\n|\n|t:|1783553930\n|move|p2a: Kyogre|Water Spout|p1a: Archaludon\n|-resisted|p1a: Archaludon\n|-damage|p1a: Archaludon|18/100\n|-ability|p1a: Archaludon|Stamina|boost\n|-boost|p1a: Archaludon|def|1\n|move|p1a: Archaludon|Thunderbolt|p2a: Kyogre\n|-supereffective|p2a: Kyogre\n|-damage|p2a: Kyogre|123/259\n|\n|-weather|RainDance|[upkeep]\n|-fieldend|move: Electric Terrain\n|upkeep\n|turn|6\n|inactive|Time left: 300 sec this turn | 300 sec total\n|\n|t:|1783553931\n|switch|p1a: Exeggutor|Exeggutor-Alola, L89, F|100/100\n|-item|p2a: Kyogre|Choice Scarf|[from] ability: Frisk|[of] p1a: Exeggutor\n|move|p2a: Kyogre|Water Spout|p1a: Exeggutor\n|-resisted|p1a: Exeggutor\n|-damage|p1a: Exeggutor|91/100\n|\n|-weather|RainDance|[upkeep]\n|upkeep\n|turn|7\n|inactive|Time left: 300 sec this turn | 300 sec total\n|\n|t:|1783553932\n|move|p2a: Kyogre|Water Spout|p1a: Exeggutor\n|-resisted|p1a: Exeggutor\n|-crit|p1a: Exeggutor\n|-damage|p1a: Exeggutor|78/100\n|move|p1a: Exeggutor|Draco Meteor|p2a: Kyogre\n|-damage|p2a: Kyogre|0 fnt\n|-unboost|p1a: Exeggutor|spa|2\n|faint|p2a: Kyogre\n|\n|-weather|RainDance|[upkeep]\n|upkeep\n|inactive|Time left: 300 sec this turn | 300 sec total | 5 sec grace\n|\n|t:|1783553932\n|switch|p2a: Maushold|Maushold-Four, L76|238/238\n|turn|8\n|inactive|Time left: 300 sec this turn | 300 sec total\n|\n|t:|1783553933\n|move|p2a: Maushold|Tidy Up|p2a: Maushold\n|-boost|p2a: Maushold|atk|1\n|-boost|p2a: Maushold|spe|1\n|move|p1a: Exeggutor|Draco Meteor|p2a: Maushold\n|-damage|p2a: Maushold|61/238\n|-unboost|p1a: Exeggutor|spa|2\n|\n|-weather|none\n|upkeep\n|turn|9\n|inactive|Time left: 300 sec this turn | 300 sec total\n|\n|t:|1783553934\n|switch|p1a: Archaludon|Archaludon, L78, F|18/100\n|move|p2a: Maushold|Population Bomb|p1a: Archaludon\n|-resisted|p1a: Archaludon\n|-damage|p1a: Archaludon|13/100\n|-ability|p1a: Archaludon|Stamina|boost\n|-boost|p1a: Archaludon|def|1\n|-resisted|p1a: Archaludon\n|-damage|p1a: Archaludon|10/100\n|-ability|p1a: Archaludon|Stamina|boost\n|-boost|p1a: Archaludon|def|1\n|-resisted|p1a: Archaludon\n|-damage|p1a: Archaludon|7/100\n|-ability|p1a: Archaludon|Stamina|boost\n|-boost|p1a: Archaludon|def|1\n|-resisted|p1a: Archaludon\n|-damage|p1a: Archaludon|5/100\n|-ability|p1a: Archaludon|Stamina|boost\n|-boost|p1a: Archaludon|def|1\n|-resisted|p1a: Archaludon\n|-crit|p1a: Archaludon\n|-damage|p1a: Archaludon|0 fnt\n|faint|p1a: Archaludon\n|-hitcount|p1: Archaludon|5\n|\n|upkeep\n|\n|t:|1783553935\n|switch|p1a: Revavroom|Revavroom, L79, M|100/100\n|turn|10\n|inactive|Time left: 300 sec this turn | 300 sec total\n|\n|t:|1783553936\n|move|p2a: Maushold|Population Bomb|p1a: Revavroom\n|-resisted|p1a: Revavroom\n|-damage|p1a: Revavroom|93/100\n|-resisted|p1a: Revavroom\n|-damage|p1a: Revavroom|87/100\n|-resisted|p1a: Revavroom\n|-damage|p1a: Revavroom|80/100\n|-resisted|p1a: Revavroom\n|-damage|p1a: Revavroom|73/100\n|-resisted|p1a: Revavroom\n|-damage|p1a: Revavroom|67/100\n|-resisted|p1a: Revavroom\n|-damage|p1a: Revavroom|60/100\n|-resisted|p1a: Revavroom\n|-damage|p1a: Revavroom|54/100\n|-resisted|p1a: Revavroom\n|-damage|p1a: Revavroom|47/100\n|-resisted|p1a: Revavroom\n|-damage|p1a: Revavroom|40/100\n|-resisted|p1a: Revavroom\n|-damage|p1a: Revavroom|32/100\n|-hitcount|p1a: Revavroom|10\n|move|p1a: Revavroom|Shift Gear|p1a: Revavroom\n|-boost|p1a: Revavroom|spe|2\n|-boost|p1a: Revavroom|atk|1\n|\n|upkeep\n|turn|11\n|inactive|Time left: 300 sec this turn | 300 sec total\n|\n|t:|1783553937\n|move|p1a: Revavroom|Iron Head|p2a: Maushold\n|-damage|p2a: Maushold|0 fnt\n|faint|p2a: Maushold\n|-damage|p1a: Revavroom|22/100|[from] item: Life Orb\n|\n|upkeep\n|inactive|Time left: 300 sec this turn | 300 sec total | 5 sec grace\n|\n|t:|1783553938\n|switch|p2a: Wugtrio|Wugtrio, L91, F|212/212\n|turn|12\n|inactive|Time left: 300 sec this turn | 300 sec total\n|\n|t:|1783553939\n|switch|p1a: Exeggutor|Exeggutor-Alola, L89, F|78/100\n|-item|p2a: Wugtrio|Choice Band|[from] ability: Frisk|[of] p1a: Exeggutor\n|move|p2a: Wugtrio|Aqua Jet|p1a: Exeggutor\n|-resisted|p1a: Exeggutor\n|-damage|p1a: Exeggutor|72/100\n|\n|upkeep\n|turn|13\n|inactive|Time left: 300 sec this turn | 300 sec total\n|\n|t:|1783553941\n|switch|p2a: Arcanine|Arcanine-Hisui, L79, M|279/279\n|move|p1a: Exeggutor|Draco Meteor|p2a: Arcanine\n|-damage|p2a: Arcanine|0 fnt\n|-unboost|p1a: Exeggutor|spa|2\n|faint|p2a: Arcanine\n|\n|upkeep\n|inactive|Time left: 300 sec this turn | 300 sec total | 5 sec grace\n|\n|t:|1783553942\n|switch|p2a: Dugtrio|Dugtrio-Alola, L84, M|196/196\n|turn|14\n|inactive|Time left: 300 sec this turn | 300 sec total\n|\n|t:|1783553943\n|move|p2a: Dugtrio|Swords Dance|p2a: Dugtrio\n|-boost|p2a: Dugtrio|atk|2\n|move|p1a: Exeggutor|Draco Meteor|p2a: Dugtrio\n|-resisted|p2a: Dugtrio\n|-damage|p2a: Dugtrio|117/196\n|-unboost|p1a: Exeggutor|spa|2\n|\n|upkeep\n|turn|15\n|inactive|Time left: 300 sec this turn | 300 sec total\n|\n|t:|1783553944\n|switch|p1a: Revavroom|Revavroom, L79, M|22/100\n|move|p2a: Dugtrio|Iron Head|p1a: Revavroom\n|-resisted|p1a: Revavroom\n|-damage|p1a: Revavroom|0 fnt\n|faint|p1a: Revavroom\n|-damage|p2a: Dugtrio|98/196|[from] item: Life Orb\n|\n|upkeep\n|\n|t:|1783553945\n|switch|p1a: Hawlucha|Hawlucha, L80, M|100/100\n|turn|16\n|inactive|Time left: 300 sec this turn | 300 sec total\n|\n|t:|1783553946\n|move|p2a: Dugtrio|Sucker Punch|p1a: Hawlucha\n|-resisted|p1a: Hawlucha\n|-damage|p1a: Hawlucha|70/100\n|-damage|p2a: Dugtrio|79/196|[from] item: Life Orb\n|move|p1a: Hawlucha|Close Combat|p2a: Dugtrio\n|-supereffective|p2a: Dugtrio\n|-crit|p2a: Dugtrio\n|-damage|p2a: Dugtrio|0 fnt\n|-unboost|p1a: Hawlucha|def|1\n|-unboost|p1a: Hawlucha|spd|1\n|-ability|p2a: Dugtrio|Tangling Hair\n|-unboost|p1a: Hawlucha|spe|1\n|faint|p2a: Dugtrio\n|-enditem|p1a: Hawlucha|White Herb\n|-clearnegativeboost|p1a: Hawlucha|[silent]\n|\n|upkeep\n|inactive|Time left: 300 sec this turn | 300 sec total | 5 sec grace\n|\n|t:|1783553947\n|switch|p2a: Wugtrio|Wugtrio, L91, F|212/212\n|turn|17\n|inactive|Time left: 300 sec this turn | 300 sec total\n|\n|t:|1783553948\n|-terastallize|p1a: Hawlucha|Fighting\n|move|p2a: Wugtrio|Aqua Jet|p1a: Hawlucha\n|-damage|p1a: Hawlucha|34/100\n|move|p1a: Hawlucha|Close Combat|p2a: Wugtrio\n|-damage|p2a: Wugtrio|0 fnt\n|-unboost|p1a: Hawlucha|def|1\n|-unboost|p1a: Hawlucha|spd|1\n|-ability|p2a: Wugtrio|Gooey\n|-unboost|p1a: Hawlucha|spe|1\n|faint|p2a: Wugtrio\n|\n|win|p0x1202c297", "uploadtime": 1783553948, "views": 0, "rating": 0, "private": 0, "password": null, "_winner": "p0x1202c297", "_our_name": "p0y1202073e"}