{"id": "battle-gen9randombattle-971", "formatid": "gen9randombattle", "format": "[Gen 9] Random Battle", "players": ["p0x9716754", "p0y971fcdc"], "log": "|init|battle\n|title|p0x9716754 vs. p0y971fcdc\n|j|\u2606p0x9716754\n|j|\u2606p0y971fcdc\n|t:|1783550406\n|gametype|singles\n|player|p1|p0x9716754|102|\n|player|p2|p0y971fcdc|2|\n|gen|9\n|tier|[Gen 9] Random Battle\n|rule|Species Clause: Limit one of each Pok\u00e9mon\n|rule|HP Percentage Mod: HP is shown in percentages\n|rule|Sleep Clause Mod: Limit one foe put to sleep\n|rule|Illusion Level Mod: Illusion disguises the Pok\u00e9mon's true level\n|\n|t:|1783550406\n|teamsize|p1|6\n|teamsize|p2|6\n|start\n|switch|p1a: Blastoise|Blastoise, L80, F|100/100\n|switch|p2a: Palkia|Palkia-Origin, L72|249/249\n|-ability|p2a: Palkia|Pressure\n|turn|1\n|inactive|Battle timer is ON: inactive players will automatically lose when time's up. (requested by p0y971fcdc)\n|inactive|p0x9716754 also wants the timer to be on.\n|\n|t:|1783550407\n|move|p2a: Palkia|Hydro Pump|p1a: Blastoise\n|-resisted|p1a: Blastoise\n|-damage|p1a: Blastoise|73/100\n|move|p1a: Blastoise|Shell Smash|p1a: Blastoise\n|-unboost|p1a: Blastoise|def|1\n|-unboost|p1a: Blastoise|spd|1\n|-boost|p1a: Blastoise|atk|2\n|-boost|p1a: Blastoise|spa|2\n|-boost|p1a: Blastoise|spe|2\n|-enditem|p1a: Blastoise|White Herb\n|-clearnegativeboost|p1a: Blastoise|[silent]\n|\n|upkeep\n|turn|2\n|inactive|Time left: 300 sec this turn | 300 sec total\n|\n|t:|1783550408\n|move|p1a: Blastoise|Earthquake|p2a: Palkia\n|-damage|p2a: Palkia|124/249\n|move|p2a: Palkia|Draco Meteor|p1a: Blastoise\n|-damage|p1a: Blastoise|13/100\n|-unboost|p2a: Palkia|spa|2\n|\n|upkeep\n|turn|3\n|inactive|Time left: 300 sec this turn | 300 sec total\n|\n|t:|1783550409\n|move|p1a: Blastoise|Earthquake|p2a: Palkia\n|-damage|p2a: Palkia|0 fnt\n|faint|p2a: Palkia\n|\n|upkeep\n|inactive|Time left: 300 sec this turn | 300 sec total | 5 sec grace\n|\n|t:|1783550410\n|switch|p2a: Mew|Mew, L82|298/298\n|turn|4\n|inactive|Time left: 300 sec this turn | 300 sec total\n|\n|t:|1783550411\n|move|p1a: Blastoise|Hydro Pump|p2a: Mew\n|-damage|p2a: Mew|24/298\n|move|p2a: Mew|Leech Life|p1a: Blastoise\n|-damage|p1a: Blastoise|0 fnt\n|-heal|p2a: Mew|41/298|[from] drain|[of] p1a: Blastoise\n|faint|p1a: Blastoise\n|-damage|p2a: Mew|12/298|[from] item: Life Orb\n|\n|upkeep\n|\n|t:|1783550413\n|switch|p1a: Banette|Banette, L93, M|100/100\n|turn|5\n|inactive|Time left: 300 sec this turn | 300 sec total\n|\n|t:|1783550414\n|switch|p2a: Bombirdier|Bombirdier, L85, M|258/258\n|move|p1a: Banette|Swords Dance|p1a: Banette\n|-boost|p1a: Banette|atk|2\n|\n|upkeep\n|turn|6\n|inactive|Time left: 300 sec this turn | 300 sec total\n|\n|t:|1783550415\n|move|p2a: Bombirdier|Knock Off|p1a: Banette\n|-supereffective|p1a: Banette\n|-damage|p1a: Banette|9/100\n|-enditem|p1a: Banette|Life Orb|[from] move: Knock Off|[of] p2a: Bombirdier\n|move|p1a: Banette|Gunk Shot|p2a: Bombirdier\n|-damage|p2a: Bombirdier|14/258\n|\n|upkeep\n|turn|7\n|inactive|Time left: 300 sec this turn | 300 sec total\n|\n|t:|1783550416\n|move|p1a: Banette|Shadow Sneak|p2a: Bombirdier\n|-resisted|p2a: Bombirdier\n|-damage|p2a: Bombirdier|0 fnt\n|faint|p2a: Bombirdier\n|\n|upkeep\n|inactive|Time left: 300 sec this turn | 300 sec total | 5 sec grace\n|\n|t:|1783550417\n|switch|p2a: Wyrdeer|Wyrdeer, L87, F|321/321\n|-ability|p2a: Wyrdeer|Intimidate|boost\n|-unboost|p1a: Banette|atk|1\n|turn|8\n|inactive|Time left: 300 sec this turn | 300 sec total\n|\n|t:|1783550418\n|move|p1a: Banette|Gunk Shot|p2a: Wyrdeer|[miss]\n|-miss|p1a: Banette|p2a: Wyrdeer\n|move|p2a: Wyrdeer|Earthquake|p1a: Banette\n|-damage|p1a: Banette|0 fnt\n|faint|p1a: Banette\n|\n|upkeep\n|\n|t:|1783550419\n|switch|p1a: Scrafty|Scrafty, L83, M|100/100\n|turn|9\n|inactive|Time left: 300 sec this turn | 300 sec total\n|\n|t:|1783550420\n|switch|p2a: Arceus|Arceus-Steel, L70|284/284\n|move|p1a: Scrafty|Bulk Up|p1a: Scrafty\n|-boost|p1a: Scrafty|atk|1\n|-boost|p1a: Scrafty|def|1\n|\n|upkeep\n|turn|10\n|inactive|Time left: 300 sec this turn | 300 sec total\n|\n|t:|1783550421\n|switch|p2a: Wyrdeer|Wyrdeer, L87, F|321/321\n|-ability|p2a: Wyrdeer|Intimidate|boost\n|-unboost|p1a: Scrafty|atk|1\n|move|p1a: Scrafty|Bulk Up|p1a: Scrafty\n|-boost|p1a: Scrafty|atk|1\n|-boost|p1a: Scrafty|def|1\n|\n|upkeep\n|turn|11\n|inactive|Time left: 300 sec this turn | 300 sec total\n|\n|t:|1783550422\n|switch|p2a: Mew|Mew, L82|12/298\n|move|p1a: Scrafty|Knock Off|p2a: Mew\n|-supereffective|p2a: Mew\n|-damage|p2a: Mew|0 fnt\n|-enditem|p2a: Mew|Life Orb|[from] move: Knock Off|[of] p1a: Scrafty\n|faint|p2a: Mew\n|\n|upkeep\n|inactive|Time left: 300 sec this turn | 300 sec total | 5 sec grace\n|\n|t:|1783550424\n|switch|p2a: Wyrdeer|Wyrdeer, L87, F|321/321\n|-ability|p2a: Wyrdeer|Intimidate|boost\n|-unboost|p1a: Scrafty|atk|1\n|turn|12\n|inactive|Time left: 300 sec this turn | 300 sec total\n|\n|t:|1783550425\n|switch|p2a: Volcarona|Volcarona, L77, M|257/257\n|move|p1a: Scrafty|Bulk Up|p1a: Scrafty\n|-boost|p1a: Scrafty|atk|1\n|-boost|p1a: Scrafty|def|1\n|\n|upkeep\n|turn|13\n|inactive|Time left: 300 sec this turn | 300 sec total\n|\n|t:|1783550425\n|move|p2a: Volcarona|Quiver Dance|p2a: Volcarona\n|-boost|p2a: Volcarona|spa|1\n|-boost|p2a: Volcarona|spd|1\n|-boost|p2a: Volcarona|spe|1\n|move|p1a: Scrafty|Knock Off|p2a: Volcarona\n|-damage|p2a: Volcarona|61/257\n|-status|p1a: Scrafty|brn|[from] ability: Flame Body|[of] p2a: Volcarona\n|-enditem|p2a: Volcarona|Heavy-Duty Boots|[from] move: Knock Off|[of] p1a: Scrafty\n|\n|-activate|p1a: Scrafty|ability: Shed Skin\n|-curestatus|p1a: Scrafty|brn|[msg]\n|upkeep\n|turn|14\n|inactive|Time left: 300 sec this turn | 300 sec total\n|\n|t:|1783550426\n|move|p2a: Volcarona|Fiery Dance|p1a: Scrafty\n|-damage|p1a: Scrafty|55/100\n|move|p1a: Scrafty|Knock Off|p2a: Volcarona\n|-damage|p2a: Volcarona|0 fnt\n|faint|p2a: Volcarona\n|\n|-heal|p1a: Scrafty|61/100|[from] item: Leftovers\n|upkeep\n|inactive|Time left: 300 sec this turn | 300 sec total | 5 sec grace\n|\n|t:|1783550427\n|switch|p2a: Wyrdeer|Wyrdeer, L87, F|321/321\n|-ability|p2a: Wyrdeer|Intimidate|boost\n|-unboost|p1a: Scrafty|atk|1\n|turn|15\n|inactive|Time left: 300 sec this turn | 300 sec total\n|\n|t:|1783550428\n|switch|p2a: Arceus|Arceus-Steel, L70|284/284\n|move|p1a: Scrafty|Drain Punch|p2a: Arceus\n|-supereffective|p2a: Arceus\n|-damage|p2a: Arceus|152/284\n|-heal|p1a: Scrafty|88/100|[from] drain|[of] p2a: Arceus\n|\n|-heal|p1a: Scrafty|94/100|[from] item: Leftovers\n|upkeep\n|turn|16\n|inactive|Time left: 300 sec this turn | 300 sec total\n|\n|t:|1783550429\n|move|p2a: Arceus|Recover|p2a: Arceus\n|-heal|p2a: Arceus|284/284\n|move|p1a: Scrafty|Bulk Up|p1a: Scrafty\n|-boost|p1a: Scrafty|atk|1\n|-boost|p1a: Scrafty|def|1\n|\n|-heal|p1a: Scrafty|99/100|[from] item: Leftovers\n|upkeep\n|turn|17\n|inactive|Time left: 300 sec this turn | 300 sec total\n|\n|t:|1783550430\n|switch|p2a: Wyrdeer|Wyrdeer, L87, F|321/321\n|-ability|p2a: Wyrdeer|Intimidate|boost\n|-unboost|p1a: Scrafty|atk|1\n|move|p1a: Scrafty|Bulk Up|p1a: Scrafty\n|-boost|p1a: Scrafty|atk|1\n|-boost|p1a: Scrafty|def|1\n|\n|-heal|p1a: Scrafty|100/100|[from] item: Leftovers\n|upkeep\n|turn|18\n|inactive|Time left: 300 sec this turn | 300 sec total\n|\n|t:|1783550431\n|switch|p2a: Arceus|Arceus-Steel, L70|284/284\n|move|p1a: Scrafty|Knock Off|p2a: Arceus\n|-damage|p2a: Arceus|188/284\n|\n|upkeep\n|turn|19\n|inactive|Time left: 300 sec this turn | 300 sec total\n|\n|t:|1783550432\n|move|p2a: Arceus|Recover|p2a: Arceus\n|-heal|p2a: Arceus|284/284\n|move|p1a: Scrafty|Knock Off|p2a: Arceus\n|-damage|p2a: Arceus|197/284\n|\n|upkeep\n|turn|20\n|inactive|Time left: 300 sec this turn | 300 sec total\n|\n|t:|1783550433\n|move|p2a: Arceus|Recover|p2a: Arceus\n|-heal|p2a: Arceus|284/284\n|move|p1a: Scrafty|Knock Off|p2a: Arceus\n|-damage|p2a: Arceus|194/284\n|\n|upkeep\n|turn|21\n|inactive|Time left: 300 sec this turn | 300 sec total\n|\n|t:|1783550434\n|switch|p2a: Wyrdeer|Wyrdeer, L87, F|321/321\n|-ability|p2a: Wyrdeer|Intimidate|boost\n|-unboost|p1a: Scrafty|atk|1\n|move|p1a: Scrafty|Drain Punch|p2a: Wyrdeer\n|-damage|p2a: Wyrdeer|240/321\n|\n|-heal|p2a: Wyrdeer|260/321|[from] item: Leftovers\n|upkeep\n|turn|22\n|inactive|Time left: 300 sec this turn | 300 sec total\n|\n|t:|1783550435\n|switch|p2a: Arceus|Arceus-Steel, L70|194/284\n|move|p1a: Scrafty|Knock Off|p2a: Arceus\n|-damage|p2a: Arceus|139/284\n|\n|upkeep\n|turn|23\n|inactive|Time left: 300 sec this turn | 300 sec total\n|\n|t:|1783550437\n|move|p2a: Arceus|Recover|p2a: Arceus\n|-heal|p2a: Arceus|281/284\n|move|p1a: Scrafty|Bulk Up|p1a: Scrafty\n|-boost|p1a: Scrafty|atk|1\n|-boost|p1a: Scrafty|def|1\n|\n|upkeep\n|turn|24\n|inactive|Time left: 300 sec this turn | 300 sec total\n|\n|t:|1783550438\n|switch|p2a: Wyrdeer|Wyrdeer, L87, F|260/321\n|-ability|p2a: Wyrdeer|Intimidate|boost\n|-unboost|p1a: Scrafty|atk|1\n|move|p1a: Scrafty|Bulk Up|p1a: Scrafty\n|-boost|p1a: Scrafty|atk|1\n|-boost|p1a: Scrafty|def|0\n|\n|-heal|p2a: Wyrdeer|280/321|[from] item: Leftovers\n|upkeep\n|turn|25\n|inactive|Time left: 300 sec this turn | 300 sec total\n|\n|t:|1783550439\n|switch|p2a: Arceus|Arceus-Steel, L70|281/284\n|move|p1a: Scrafty|Knock Off|p2a: Arceus\n|-damage|p2a: Arceus|191/284\n|\n|upkeep\n|turn|26\n|inactive|Time left: 300 sec this turn | 300 sec total\n|\n|t:|1783550440\n|move|p2a: Arceus|Recover|p2a: Arceus\n|-heal|p2a: Arceus|284/284\n|move|p1a: Scrafty|Drain Punch|p2a: Arceus\n|-supereffective|p2a: Arceus\n|-damage|p2a: Arceus|56/284\n|\n|upkeep\n|turn|27\n|inactive|Time left: 300 sec this turn | 300 sec total\n|\n|t:|1783550441\n|move|p2a: Arceus|Recover|p2a: Arceus\n|-heal|p2a: Arceus|198/284\n|move|p1a: Scrafty|Knock Off|p2a: Arceus\n|-damage|p2a: Arceus|102/284\n|\n|upkeep\n|turn|28\n|inactive|Time left: 300 sec this turn | 300 sec total\n|\n|t:|1783550442\n|move|p2a: Arceus|Recover|p2a: Arceus\n|-heal|p2a: Arceus|244/284\n|move|p1a: Scrafty|Drain Punch|p2a: Arceus\n|-supereffective|p2a: Arceus\n|-damage|p2a: Arceus|28/284\n|\n|upkeep\n|turn|29\n|inactive|Time left: 300 sec this turn | 300 sec total\n|\n|t:|1783550443\n|move|p2a: Arceus|Recover|p2a: Arceus\n|-heal|p2a: Arceus|170/284\n|move|p1a: Scrafty|Knock Off|p2a: Arceus\n|-damage|p2a: Arceus|80/284\n|\n|upkeep\n|turn|30\n|inactive|Time left: 300 sec this turn | 300 sec total\n|\n|t:|1783550444\n|move|p2a: Arceus|Will-O-Wisp|p1a: Scrafty\n|-status|p1a: Scrafty|brn\n|move|p1a: Scrafty|Knock Off|p2a: Arceus\n|-damage|p2a: Arceus|34/284\n|\n|-activate|p1a: Scrafty|ability: Shed Skin\n|-curestatus|p1a: Scrafty|brn|[msg]\n|upkeep\n|turn|31\n|inactive|Time left: 300 sec this turn | 300 sec total\n|\n|t:|1783550445\n|move|p2a: Arceus|Judgment|p1a: Scrafty\n|-damage|p1a: Scrafty|62/100\n|move|p1a: Scrafty|Knock Off|p2a: Arceus\n|-damage|p2a: Arceus|0 fnt\n|faint|p2a: Arceus\n|\n|-heal|p1a: Scrafty|69/100|[from] item: Leftovers\n|upkeep\n|inactive|Time left: 300 sec this turn | 300 sec total | 5 sec grace\n|\n|t:|1783550446\n|switch|p2a: Wyrdeer|Wyrdeer, L87, F|280/321\n|-ability|p2a: Wyrdeer|Intimidate|boost\n|-unboost|p1a: Scrafty|atk|1\n|turn|32\n|inactive|Time left: 300 sec this turn | 300 sec total\n|\n|t:|1783550448\n|-terastallize|p2a: Wyrdeer|Ground\n|move|p2a: Wyrdeer|Thunder Wave|p1a: Scrafty\n|-status|p1a: Scrafty|par\n|move|p1a: Scrafty|Knock Off|p2a: Wyrdeer\n|-damage|p2a: Wyrdeer|178/321\n|-enditem|p2a: Wyrdeer|Leftovers|[from] move: Knock Off|[of] p1a: Scrafty\n|\n|-activate|p1a: Scrafty|ability: Shed Skin\n|-curestatus|p1a: Scrafty|par|[msg]\n|-heal|p1a: Scrafty|75/100|[from] item: Leftovers\n|upkeep\n|turn|33\n|inactive|Time left: 300 sec this turn | 300 sec total\n|\n|t:|1783550449\n|move|p2a: Wyrdeer|Thunder Wave|p1a: Scrafty\n|-status|p1a: Scrafty|par\n|move|p1a: Scrafty|Drain Punch|p2a: Wyrdeer\n|-damage|p2a: Wyrdeer|102/321\n|-heal|p1a: Scrafty|90/100 par|[from] drain|[of] p2a: Wyrdeer\n|\n|-heal|p1a: Scrafty|96/100 par|[from] item: Leftovers\n|upkeep\n|turn|34\n|inactive|Time left: 300 sec this turn | 300 sec total\n|\n|t:|1783550450\n|move|p2a: Wyrdeer|Thunder Wave|p1a: Scrafty\n|-fail|p1a: Scrafty|par\n|move|p1a: Scrafty|Knock Off|p2a: Wyrdeer\n|-damage|p2a: Wyrdeer|24/321\n|\n|-heal|p1a: Scrafty|100/100 par|[from] item: Leftovers\n|upkeep\n|turn|35\n|inactive|Time left: 300 sec this turn | 300 sec total\n|\n|t:|1783550451\n|move|p2a: Wyrdeer|Psychic Noise|p1a: Scrafty\n|-immune|p1a: Scrafty\n|cant|p1a: Scrafty|par\n|\n|upkeep\n|turn|36\n|inactive|Time left: 300 sec this turn | 300 sec total\n|\n|t:|1783550452\n|move|p2a: Wyrdeer|Psychic Noise|p1a: Scrafty\n|-immune|p1a: Scrafty\n|move|p1a: Scrafty|Drain Punch|p2a: Wyrdeer\n|-damage|p2a: Wyrdeer|0 fnt\n|faint|p2a: Wyrdeer\n|\n|win|p0x9716754", "uploadtime": 1783550452, "views": 0, "rating": 0, "private": 0, "password": null, "_winner": "p0x9716754", "_our_name": "p0y971fcdc"}