{"id": "battle-gen9randombattle-421", "formatid": "gen9randombattle", "format": "[Gen 9] Random Battle", "players": ["p0x421bf37", "p0y4214721"], "log": "|init|battle\n|title|p0x421bf37 vs. p0y4214721\n|j|\u2606p0x421bf37\n|j|\u2606p0y4214721\n|t:|1783544608\n|gametype|singles\n|player|p1|p0x421bf37|169|\n|player|p2|p0y4214721|170|\n|gen|9\n|tier|[Gen 9] Random Battle\n|rule|Species Clause: Limit one of each Pok\u00e9mon\n|rule|HP Percentage Mod: HP is shown in percentages\n|rule|Sleep Clause Mod: Limit one foe put to sleep\n|rule|Illusion Level Mod: Illusion disguises the Pok\u00e9mon's true level\n|\n|t:|1783544608\n|teamsize|p1|6\n|teamsize|p2|6\n|start\n|switch|p1a: Tsareena|Tsareena, L87, F|267/267\n|switch|p2a: Gliscor|Gliscor, L76, F|100/100\n|turn|1\n|inactive|Battle timer is ON: inactive players will automatically lose when time's up. (requested by p0y4214721)\n|inactive|Time left: 300 sec this turn | 300 sec total | 60 sec grace\n|inactive|p0x421bf37 also wants the timer to be on.\n|\n|t:|1783544610\n|move|p2a: Gliscor|Toxic|p1a: Tsareena\n|-status|p1a: Tsareena|tox\n|move|p1a: Tsareena|Power Whip|p2a: Gliscor\n|-damage|p2a: Gliscor|11/100\n|\n|-damage|p1a: Tsareena|251/267 tox|[from] psn\n|-status|p2a: Gliscor|tox|[from] item: Toxic Orb\n|upkeep\n|turn|2\n|inactive|Time left: 300 sec this turn | 300 sec total\n|\n|t:|1783544611\n|move|p2a: Gliscor|Protect|p2a: Gliscor\n|-singleturn|p2a: Gliscor|Protect\n|move|p1a: Tsareena|Power Whip|p2a: Gliscor\n|-activate|p2a: Gliscor|move: Protect\n|\n|-heal|p2a: Gliscor|23/100 tox|[from] ability: Poison Heal\n|-damage|p1a: Tsareena|219/267 tox|[from] psn\n|upkeep\n|turn|3\n|inactive|Time left: 300 sec this turn | 300 sec total\n|\n|t:|1783544612\n|move|p2a: Gliscor|Earthquake|p1a: Tsareena\n|-resisted|p1a: Tsareena\n|-damage|p1a: Tsareena|182/267 tox\n|move|p1a: Tsareena|Power Whip|p2a: Gliscor\n|-damage|p2a: Gliscor|0 fnt\n|faint|p2a: Gliscor\n|\n|-damage|p1a: Tsareena|134/267 tox|[from] psn\n|upkeep\n|\n|t:|1783544613\n|switch|p2a: Infernape|Infernape, L82, F|100/100\n|turn|4\n|inactive|Time left: 300 sec this turn | 300 sec total\n|\n|t:|1783544615\n|switch|p1a: Noivern|Noivern, L82, F|274/274\n|move|p2a: Infernape|Close Combat|p1a: Noivern\n|-resisted|p1a: Noivern\n|-damage|p1a: Noivern|169/274\n|-unboost|p2a: Infernape|def|1\n|-unboost|p2a: Infernape|spd|1\n|\n|upkeep\n|turn|5\n|inactive|Time left: 300 sec this turn | 300 sec total\n|\n|t:|1783544616\n|switch|p2a: Ampharos|Ampharos, L88, M|100/100\n|move|p1a: Noivern|Hurricane|p2a: Ampharos|[miss]\n|-miss|p1a: Noivern|p2a: Ampharos\n|\n|upkeep\n|turn|6\n|inactive|Time left: 300 sec this turn | 300 sec total\n|\n|t:|1783544617\n|move|p1a: Noivern|Hurricane|p2a: Ampharos\n|-resisted|p2a: Ampharos\n|-damage|p2a: Ampharos|76/100\n|move|p2a: Ampharos|Dazzling Gleam|p1a: Noivern\n|-supereffective|p1a: Noivern\n|-damage|p1a: Noivern|0 fnt\n|faint|p1a: Noivern\n|\n|upkeep\n|inactive|Time left: 300 sec this turn | 300 sec total | 5 sec grace\n|\n|t:|1783544618\n|switch|p1a: Tsareena|Tsareena, L87, F|134/267 tox\n|turn|7\n|inactive|Time left: 300 sec this turn | 300 sec total\n|\n|t:|1783544619\n|switch|p2a: Infernape|Infernape, L82, F|100/100\n|move|p1a: Tsareena|Power Whip|p2a: Infernape\n|-resisted|p2a: Infernape\n|-damage|p2a: Infernape|45/100\n|\n|-damage|p1a: Tsareena|118/267 tox|[from] psn\n|upkeep\n|turn|8\n|inactive|Time left: 300 sec this turn | 300 sec total\n|\n|t:|1783544620\n|move|p2a: Infernape|Close Combat|p1a: Tsareena\n|-damage|p1a: Tsareena|0 fnt\n|-unboost|p2a: Infernape|def|1\n|-unboost|p2a: Infernape|spd|1\n|faint|p1a: Tsareena\n|\n|upkeep\n|inactive|Time left: 300 sec this turn | 300 sec total | 5 sec grace\n|\n|t:|1783544621\n|switch|p1a: Decidueye|Decidueye, L88, F|281/281\n|turn|9\n|inactive|Time left: 300 sec this turn | 300 sec total\n|\n|t:|1783544622\n|switch|p2a: Ursaring|Ursaring, L84, F|100/100\n|move|p1a: Decidueye|Swords Dance|p1a: Decidueye\n|-boost|p1a: Decidueye|atk|2\n|\n|upkeep\n|turn|10\n|inactive|Time left: 300 sec this turn | 300 sec total\n|\n|t:|1783544623\n|move|p1a: Decidueye|Leaf Blade|p2a: Ursaring\n|-damage|p2a: Ursaring|23/100\n|-damage|p1a: Decidueye|253/281|[from] item: Life Orb\n|move|p2a: Ursaring|Earthquake|p1a: Decidueye\n|-resisted|p1a: Decidueye\n|-damage|p1a: Decidueye|209/281\n|\n|upkeep\n|turn|11\n|inactive|Time left: 300 sec this turn | 300 sec total\n|\n|t:|1783544624\n|move|p1a: Decidueye|Leaf Blade|p2a: Ursaring\n|-crit|p2a: Ursaring\n|-damage|p2a: Ursaring|0 fnt\n|faint|p2a: Ursaring\n|-damage|p1a: Decidueye|181/281|[from] item: Life Orb\n|\n|upkeep\n|\n|t:|1783544625\n|switch|p2a: Latios|Latios, L78, M|100/100\n|turn|12\n|inactive|Time left: 300 sec this turn | 300 sec total\n|\n|t:|1783544626\n|-terastallize|p2a: Latios|Steel\n|move|p1a: Decidueye|Shadow Sneak|p2a: Latios\n|-damage|p2a: Latios|44/100\n|-damage|p1a: Decidueye|153/281|[from] item: Life Orb\n|move|p2a: Latios|Draco Meteor|p1a: Decidueye\n|-damage|p1a: Decidueye|0 fnt\n|-unboost|p2a: Latios|spa|2\n|faint|p1a: Decidueye\n|\n|upkeep\n|inactive|Time left: 300 sec this turn | 300 sec total | 5 sec grace\n|\n|t:|1783544627\n|switch|p1a: Electivire|Electivire, L84, M|263/263\n|turn|13\n|inactive|Time left: 300 sec this turn | 300 sec total\n|\n|t:|1783544628\n|move|p2a: Latios|Psyshock|p1a: Electivire\n|-damage|p1a: Electivire|193/263\n|move|p1a: Electivire|Supercell Slam|p2a: Latios\n|-damage|p2a: Latios|0 fnt\n|faint|p2a: Latios\n|-damage|p1a: Electivire|167/263|[from] item: Life Orb\n|\n|upkeep\n|\n|t:|1783544629\n|switch|p2a: Infernape|Infernape, L82, F|45/100\n|turn|14\n|inactive|Time left: 300 sec this turn | 300 sec total\n|\n|t:|1783544631\n|switch|p1a: Infernape|Infernape, L82, M|259/259\n|move|p2a: Infernape|Flare Blitz|p1a: Infernape\n|-resisted|p1a: Infernape\n|-damage|p1a: Infernape|151/259\n|-damage|p2a: Infernape|31/100|[from] Recoil\n|\n|upkeep\n|turn|15\n|inactive|Time left: 300 sec this turn | 300 sec total\n|\n|t:|1783544632\n|move|p1a: Infernape|Close Combat|p2a: Infernape\n|-damage|p2a: Infernape|0 fnt\n|-unboost|p1a: Infernape|def|1\n|-unboost|p1a: Infernape|spd|1\n|faint|p2a: Infernape\n|-damage|p1a: Infernape|126/259|[from] item: Life Orb\n|\n|upkeep\n|\n|t:|1783544633\n|switch|p2a: Ampharos|Ampharos, L88, M|76/100\n|turn|16\n|inactive|Time left: 300 sec this turn | 300 sec total\n|\n|t:|1783544634\n|move|p1a: Infernape|Close Combat|p2a: Ampharos\n|-damage|p2a: Ampharos|20/100\n|-unboost|p1a: Infernape|def|1\n|-unboost|p1a: Infernape|spd|1\n|-damage|p1a: Infernape|101/259|[from] item: Life Orb\n|move|p2a: Ampharos|Dazzling Gleam|p1a: Infernape\n|-crit|p1a: Infernape\n|-damage|p1a: Infernape|0 fnt\n|faint|p1a: Infernape\n|\n|upkeep\n|inactive|Time left: 300 sec this turn | 300 sec total | 5 sec grace\n|\n|t:|1783544635\n|switch|p1a: Electivire|Electivire, L84, M|167/263\n|turn|17\n|inactive|Time left: 300 sec this turn | 300 sec total\n|\n|t:|1783544636\n|-terastallize|p1a: Electivire|Flying\n|move|p1a: Electivire|Earthquake|p2a: Ampharos\n|-supereffective|p2a: Ampharos\n|-damage|p2a: Ampharos|0 fnt\n|faint|p2a: Ampharos\n|-damage|p1a: Electivire|141/263|[from] item: Life Orb\n|\n|upkeep\n|\n|t:|1783544637\n|switch|p2a: Venomoth|Venomoth, L84, M|100/100\n|turn|18\n|inactive|Time left: 300 sec this turn | 300 sec total\n|\n|t:|1783544638\n|move|p1a: Electivire|Supercell Slam|p2a: Venomoth\n|-damage|p2a: Venomoth|14/100\n|-damage|p1a: Electivire|115/263|[from] item: Life Orb\n|move|p2a: Venomoth|Quiver Dance|p2a: Venomoth\n|-boost|p2a: Venomoth|spa|1\n|-boost|p2a: Venomoth|spd|1\n|-boost|p2a: Venomoth|spe|1\n|\n|upkeep\n|turn|19\n|inactive|Time left: 300 sec this turn | 300 sec total\n|\n|t:|1783544639\n|move|p2a: Venomoth|Bug Buzz|p1a: Electivire\n|-resisted|p1a: Electivire\n|-damage|p1a: Electivire|0 fnt\n|faint|p1a: Electivire\n|\n|upkeep\n|inactive|Time left: 300 sec this turn | 300 sec total | 5 sec grace\n|\n|t:|1783544640\n|switch|p1a: Mesprit|Mesprit, L85|275/275\n|turn|20\n|inactive|Time left: 300 sec this turn | 300 sec total\n|\n|t:|1783544641\n|move|p2a: Venomoth|Sleep Powder|p1a: Mesprit\n|-status|p1a: Mesprit|slp|[from] move: Sleep Powder\n|cant|p1a: Mesprit|slp\n|\n|upkeep\n|turn|21\n|inactive|Time left: 300 sec this turn | 300 sec total\n|\n|t:|1783544642\n|move|p2a: Venomoth|Bug Buzz|p1a: Mesprit\n|-supereffective|p1a: Mesprit\n|-damage|p1a: Mesprit|123/275 slp\n|cant|p1a: Mesprit|slp\n|\n|upkeep\n|turn|22\n|inactive|Time left: 300 sec this turn | 300 sec total\n|\n|t:|1783544643\n|move|p2a: Venomoth|Bug Buzz|p1a: Mesprit\n|-supereffective|p1a: Mesprit\n|-damage|p1a: Mesprit|0 fnt\n|faint|p1a: Mesprit\n|\n|win|p0y4214721", "uploadtime": 1783544643, "views": 0, "rating": 0, "private": 0, "password": null, "_winner": "p0y4214721", "_our_name": "p0x421bf37"}