{"id": "battle-gen9randombattle-636", "formatid": "gen9randombattle", "format": "[Gen 9] Random Battle", "players": ["p0x6361fd8", "p0y6366a46"], "log": "|init|battle\n|title|p0x6361fd8 vs. p0y6366a46\n|j|\u2606p0x6361fd8\n|j|\u2606p0y6366a46\n|t:|1783546491\n|gametype|singles\n|player|p1|p0x6361fd8|101|\n|player|p2|p0y6366a46|102|\n|gen|9\n|tier|[Gen 9] Random Battle\n|rule|Species Clause: Limit one of each Pok\u00e9mon\n|rule|HP Percentage Mod: HP is shown in percentages\n|rule|Sleep Clause Mod: Limit one foe put to sleep\n|rule|Illusion Level Mod: Illusion disguises the Pok\u00e9mon's true level\n|\n|t:|1783546491\n|teamsize|p1|6\n|teamsize|p2|6\n|start\n|switch|p1a: Mamoswine|Mamoswine, L81, F|311/311\n|switch|p2a: Galvantula|Galvantula, L82, M|100/100\n|turn|1\n|inactive|Battle timer is ON: inactive players will automatically lose when time's up. (requested by p0x6361fd8)\n|inactive|p0y6366a46 also wants the timer to be on.\n|\n|t:|1783546492\n|move|p2a: Galvantula|Sticky Web|p1a: Mamoswine\n|-sidestart|p1: p0x6361fd8|move: Sticky Web\n|move|p1a: Mamoswine|Earthquake|p2a: Galvantula\n|-damage|p2a: Galvantula|8/100\n|-damage|p1a: Mamoswine|280/311|[from] item: Life Orb\n|\n|upkeep\n|turn|2\n|inactive|Time left: 300 sec this turn | 300 sec total\n|\n|t:|1783546493\n|switch|p2a: Slaking|Slaking, L84, M|100/100\n|move|p1a: Mamoswine|Earthquake|p2a: Slaking\n|-damage|p2a: Slaking|62/100\n|-damage|p1a: Mamoswine|249/311|[from] item: Life Orb\n|\n|upkeep\n|turn|3\n|inactive|Time left: 300 sec this turn | 300 sec total\n|\n|t:|1783546494\n|move|p1a: Mamoswine|Ice Shard|p2a: Slaking\n|-damage|p2a: Slaking|46/100\n|-damage|p1a: Mamoswine|218/311|[from] item: Life Orb\n|move|p2a: Slaking|Giga Impact|p1a: Mamoswine|[miss]\n|-miss|p2a: Slaking|p1a: Mamoswine\n|\n|upkeep\n|turn|4\n|inactive|Time left: 300 sec this turn | 300 sec total\n|\n|t:|1783546495\n|cant|p2a: Slaking|ability: Truant\n|move|p1a: Mamoswine|Earthquake|p2a: Slaking\n|-damage|p2a: Slaking|5/100\n|-damage|p1a: Mamoswine|187/311|[from] item: Life Orb\n|\n|upkeep\n|turn|5\n|inactive|Time left: 300 sec this turn | 300 sec total\n|\n|t:|1783546496\n|move|p1a: Mamoswine|Ice Shard|p2a: Slaking\n|-damage|p2a: Slaking|0 fnt\n|faint|p2a: Slaking\n|-damage|p1a: Mamoswine|156/311|[from] item: Life Orb\n|\n|upkeep\n|\n|t:|1783546496\n|switch|p2a: Archaludon|Archaludon, L78, F|100/100\n|turn|6\n|inactive|Time left: 300 sec this turn | 300 sec total\n|\n|t:|1783546497\n|move|p2a: Archaludon|Iron Head|p1a: Mamoswine\n|-supereffective|p1a: Mamoswine\n|-damage|p1a: Mamoswine|0 fnt\n|faint|p1a: Mamoswine\n|\n|upkeep\n|inactive|Time left: 300 sec this turn | 300 sec total | 5 sec grace\n|\n|t:|1783546498\n|switch|p1a: Sunflora|Sunflora, M|312/312\n|-activate|p1a: Sunflora|move: Sticky Web\n|-unboost|p1a: Sunflora|spe|1\n|turn|7\n|inactive|Time left: 300 sec this turn | 300 sec total\n|\n|t:|1783546499\n|switch|p2a: Hypno|Hypno, L95, F|100/100\n|move|p1a: Sunflora|Earth Power|p2a: Hypno\n|-damage|p2a: Hypno|72/100\n|-damage|p1a: Sunflora|281/312|[from] item: Life Orb\n|\n|-heal|p2a: Hypno|78/100|[from] item: Leftovers\n|upkeep\n|turn|8\n|inactive|Time left: 300 sec this turn | 300 sec total\n|\n|t:|1783546500\n|move|p2a: Hypno|Knock Off|p1a: Sunflora\n|-damage|p1a: Sunflora|200/312\n|-enditem|p1a: Sunflora|Life Orb|[from] move: Knock Off|[of] p2a: Hypno\n|move|p1a: Sunflora|Earth Power|p2a: Hypno\n|-damage|p2a: Hypno|57/100\n|\n|-heal|p2a: Hypno|63/100|[from] item: Leftovers\n|upkeep\n|turn|9\n|inactive|Time left: 300 sec this turn | 300 sec total\n|\n|t:|1783546501\n|move|p2a: Hypno|Thunder Wave|p1a: Sunflora\n|-status|p1a: Sunflora|par\n|move|p1a: Sunflora|Solar Beam||[still]\n|-prepare|p1a: Sunflora|Solar Beam\n|\n|-heal|p2a: Hypno|69/100|[from] item: Leftovers\n|upkeep\n|turn|10\n|inactive|Time left: 300 sec this turn | 300 sec total\n|\n|t:|1783546502\n|move|p2a: Hypno|Knock Off|p1a: Sunflora\n|-damage|p1a: Sunflora|147/312 par\n|move|p1a: Sunflora|Solar Beam|p2a: Hypno|[from] lockedmove\n|-damage|p2a: Hypno|23/100\n|\n|-heal|p2a: Hypno|29/100|[from] item: Leftovers\n|upkeep\n|turn|11\n|inactive|Time left: 300 sec this turn | 300 sec total\n|\n|t:|1783546504\n|move|p2a: Hypno|Psychic Noise|p1a: Sunflora\n|-damage|p1a: Sunflora|74/312 par\n|-start|p1a: Sunflora|move: Heal Block\n|move|p1a: Sunflora|Solar Beam||[still]\n|-prepare|p1a: Sunflora|Solar Beam\n|\n|-heal|p2a: Hypno|35/100|[from] item: Leftovers\n|upkeep\n|turn|12\n|inactive|Time left: 300 sec this turn | 300 sec total\n|\n|t:|1783546505\n|switch|p2a: Archaludon|Archaludon, L78, F|100/100\n|move|p1a: Sunflora|Solar Beam|p2a: Archaludon|[from] lockedmove\n|-resisted|p2a: Archaludon\n|-damage|p2a: Archaludon|78/100\n|-ability|p2a: Archaludon|Stamina|boost\n|-boost|p2a: Archaludon|def|1\n|\n|-end|p1a: Sunflora|move: Heal Block\n|upkeep\n|turn|13\n|inactive|Time left: 300 sec this turn | 300 sec total\n|\n|t:|1783546506\n|move|p2a: Archaludon|Outrage|p1a: Sunflora\n|-damage|p1a: Sunflora|0 fnt\n|faint|p1a: Sunflora\n|\n|upkeep\n|inactive|Time left: 300 sec this turn | 300 sec total | 5 sec grace\n|\n|t:|1783546507\n|switch|p1a: Bellossom|Bellossom, L84, M|263/263\n|-activate|p1a: Bellossom|move: Sticky Web\n|-unboost|p1a: Bellossom|spe|1\n|turn|14\n|inactive|Time left: 300 sec this turn | 300 sec total\n|\n|t:|1783546508\n|move|p2a: Archaludon|Outrage|p1a: Bellossom|[from] lockedmove\n|-damage|p1a: Bellossom|143/263\n|-start|p2a: Archaludon|confusion|[fatigue]\n|-enditem|p2a: Archaludon|Lum Berry|[eat]\n|-end|p2a: Archaludon|confusion\n|move|p1a: Bellossom|Strength Sap|p2a: Archaludon\n|-unboost|p2a: Archaludon|atk|1\n|-heal|p1a: Bellossom|263/263\n|\n|upkeep\n|turn|15\n|inactive|Time left: 300 sec this turn | 300 sec total\n|\n|t:|1783546509\n|move|p2a: Archaludon|Swords Dance|p2a: Archaludon\n|-boost|p2a: Archaludon|atk|2\n|move|p1a: Bellossom|Quiver Dance|p1a: Bellossom\n|-boost|p1a: Bellossom|spa|1\n|-boost|p1a: Bellossom|spd|1\n|-boost|p1a: Bellossom|spe|1\n|\n|upkeep\n|turn|16\n|inactive|Time left: 300 sec this turn | 300 sec total\n|\n|t:|1783546510\n|move|p2a: Archaludon|Swords Dance|p2a: Archaludon\n|-boost|p2a: Archaludon|atk|2\n|move|p1a: Bellossom|Strength Sap|p2a: Archaludon\n|-unboost|p2a: Archaludon|atk|1\n|\n|upkeep\n|turn|17\n|inactive|Time left: 300 sec this turn | 300 sec total\n|\n|t:|1783546511\n|move|p2a: Archaludon|Swords Dance|p2a: Archaludon\n|-boost|p2a: Archaludon|atk|2\n|move|p1a: Bellossom|Strength Sap|p2a: Archaludon\n|-unboost|p2a: Archaludon|atk|1\n|\n|upkeep\n|turn|18\n|inactive|Time left: 300 sec this turn | 300 sec total\n|\n|t:|1783546512\n|move|p2a: Archaludon|Outrage|p1a: Bellossom\n|-damage|p1a: Bellossom|0 fnt\n|faint|p1a: Bellossom\n|\n|upkeep\n|inactive|Time left: 300 sec this turn | 300 sec total | 5 sec grace\n|\n|t:|1783546513\n|switch|p1a: Ting-Lu|Ting-Lu, L78|370/370\n|-activate|p1a: Ting-Lu|move: Sticky Web\n|-unboost|p1a: Ting-Lu|spe|1\n|-ability|p1a: Ting-Lu|Vessel of Ruin\n|turn|19\n|inactive|Time left: 300 sec this turn | 300 sec total\n|\n|t:|1783546514\n|move|p2a: Archaludon|Outrage|p1a: Ting-Lu|[from] lockedmove\n|-damage|p1a: Ting-Lu|136/370\n|-start|p2a: Archaludon|confusion|[fatigue]\n|move|p1a: Ting-Lu|Whirlwind|p2a: Archaludon\n|drag|p2a: Galvantula|Galvantula, L82, M|8/100\n|\n|-heal|p1a: Ting-Lu|159/370|[from] item: Leftovers\n|upkeep\n|turn|20\n|inactive|Time left: 300 sec this turn | 300 sec total\n|\n|t:|1783546516\n|move|p2a: Galvantula|Bug Buzz|p1a: Ting-Lu\n|-supereffective|p1a: Ting-Lu\n|-damage|p1a: Ting-Lu|0 fnt\n|faint|p1a: Ting-Lu\n|\n|upkeep\n|inactive|Time left: 300 sec this turn | 300 sec total | 5 sec grace\n|\n|t:|1783546517\n|switch|p1a: Baxcalibur|Baxcalibur, L75, M|296/296\n|turn|21\n|inactive|Time left: 300 sec this turn | 300 sec total\n|\n|t:|1783546518\n|move|p2a: Galvantula|Bug Buzz|p1a: Baxcalibur\n|-damage|p1a: Baxcalibur|190/296\n|move|p1a: Baxcalibur|Dragon Dance|p1a: Baxcalibur\n|-boost|p1a: Baxcalibur|atk|1\n|-boost|p1a: Baxcalibur|spe|1\n|\n|upkeep\n|turn|22\n|inactive|Time left: 300 sec this turn | 300 sec total\n|\n|t:|1783546519\n|move|p1a: Baxcalibur|Glaive Rush|p2a: Galvantula\n|-damage|p2a: Galvantula|0 fnt\n|-singlemove|p1a: Baxcalibur|Glaive Rush|[silent]\n|faint|p2a: Galvantula\n|\n|upkeep\n|\n|t:|1783546520\n|switch|p2a: Archaludon|Archaludon, L78, F|78/100\n|turn|23\n|inactive|Time left: 300 sec this turn | 300 sec total\n|\n|t:|1783546521\n|-terastallize|p1a: Baxcalibur|Ground\n|move|p1a: Baxcalibur|Earthquake|p2a: Archaludon\n|-supereffective|p2a: Archaludon\n|-damage|p2a: Archaludon|0 fnt\n|faint|p2a: Archaludon\n|\n|upkeep\n|\n|t:|1783546522\n|switch|p2a: Bellibolt|Bellibolt, L84, F|100/100\n|turn|24\n|inactive|Time left: 300 sec this turn | 300 sec total\n|\n|t:|1783546523\n|-terastallize|p2a: Bellibolt|Water\n|move|p1a: Baxcalibur|Earthquake|p2a: Bellibolt\n|-damage|p2a: Bellibolt|47/100\n|-start|p2a: Bellibolt|Charge|Earthquake|[from] ability: Electromorphosis\n|move|p2a: Bellibolt|Muddy Water|p1a: Baxcalibur|[miss]\n|-miss|p2a: Bellibolt|p1a: Baxcalibur\n|\n|-heal|p2a: Bellibolt|53/100|[from] item: Leftovers\n|upkeep\n|turn|25\n|inactive|Time left: 300 sec this turn | 300 sec total\n|\n|t:|1783546525\n|switch|p2a: Hypno|Hypno, L95, F|35/100\n|move|p1a: Baxcalibur|Glaive Rush|p2a: Hypno\n|-damage|p2a: Hypno|0 fnt\n|-singlemove|p1a: Baxcalibur|Glaive Rush|[silent]\n|faint|p2a: Hypno\n|\n|upkeep\n|\n|t:|1783546526\n|switch|p2a: Bellibolt|Bellibolt, L84, F, tera:Water|53/100\n|turn|26\n|inactive|Time left: 300 sec this turn | 300 sec total\n|\n|t:|1783546527\n|move|p1a: Baxcalibur|Glaive Rush|p2a: Bellibolt\n|-damage|p2a: Bellibolt|0 fnt\n|-singlemove|p1a: Baxcalibur|Glaive Rush|[silent]\n|faint|p2a: Bellibolt\n|\n|upkeep\n|\n|t:|1783546527\n|switch|p2a: Cinccino|Cinccino, L83, F|100/100\n|turn|27\n|inactive|Time left: 300 sec this turn | 300 sec total\n|\n|t:|1783546528\n|move|p1a: Baxcalibur|Glaive Rush|p2a: Cinccino\n|-damage|p2a: Cinccino|0 fnt\n|-singlemove|p1a: Baxcalibur|Glaive Rush|[silent]\n|faint|p2a: Cinccino\n|\n|win|p0x6361fd8", "uploadtime": 1783546528, "views": 0, "rating": 0, "private": 0, "password": null, "_winner": "p0x6361fd8", "_our_name": "p0x6361fd8"}