{"id": "battle-gen9randombattle-189", "formatid": "gen9randombattle", "format": "[Gen 9] Random Battle", "players": ["p0x1899d2d", "p0y189a775"], "log": "|init|battle\n|title|p0x1899d2d vs. p0y189a775\n|j|\u2606p0x1899d2d\n|j|\u2606p0y189a775\n|t:|1783541307\n|gametype|singles\n|player|p1|p0x1899d2d|170|\n|player|p2|p0y189a775|1|\n|gen|9\n|tier|[Gen 9] Random Battle\n|rule|Species Clause: Limit one of each Pok\u00e9mon\n|rule|HP Percentage Mod: HP is shown in percentages\n|rule|Sleep Clause Mod: Limit one foe put to sleep\n|rule|Illusion Level Mod: Illusion disguises the Pok\u00e9mon's true level\n|\n|t:|1783541307\n|teamsize|p1|6\n|teamsize|p2|6\n|start\n|switch|p1a: Komala|Komala, L87, F|255/255\n|switch|p2a: Ursaring|Ursaring, L84, F|100/100\n|-ability|p1a: Komala|Comatose\n|turn|1\n|inactive|Battle timer is ON: inactive players will automatically lose when time's up. (requested by p0y189a775)\n|inactive|Time left: 300 sec this turn | 300 sec total | 60 sec grace\n|inactive|p0x1899d2d also wants the timer to be on.\n|\n|t:|1783541308\n|move|p1a: Komala|Body Slam|p2a: Ursaring\n|-damage|p2a: Ursaring|71/100\n|move|p2a: Ursaring|Body Slam|p1a: Komala\n|-damage|p1a: Komala|126/255\n|\n|upkeep\n|turn|2\n|inactive|Time left: 300 sec this turn | 300 sec total\n|\n|t:|1783541309\n|switch|p1a: Polteageist|Polteageist, L78|222/222\n|move|p2a: Ursaring|Body Slam|p1a: Polteageist\n|-immune|p1a: Polteageist\n|\n|upkeep\n|turn|3\n|inactive|Time left: 300 sec this turn | 300 sec total\n|\n|t:|1783541310\n|move|p1a: Polteageist|Shell Smash|p1a: Polteageist\n|-unboost|p1a: Polteageist|def|1\n|-unboost|p1a: Polteageist|spd|1\n|-boost|p1a: Polteageist|atk|2\n|-boost|p1a: Polteageist|spa|2\n|-boost|p1a: Polteageist|spe|2\n|-enditem|p1a: Polteageist|White Herb\n|-clearnegativeboost|p1a: Polteageist|[silent]\n|move|p2a: Ursaring|Earthquake|p1a: Polteageist\n|-damage|p1a: Polteageist|105/222\n|\n|upkeep\n|turn|4\n|inactive|Time left: 300 sec this turn | 300 sec total\n|\n|t:|1783541311\n|move|p1a: Polteageist|Strength Sap|p2a: Ursaring\n|-unboost|p2a: Ursaring|atk|1\n|-heal|p1a: Polteageist|222/222\n|move|p2a: Ursaring|Earthquake|p1a: Polteageist\n|-damage|p1a: Polteageist|137/222\n|\n|upkeep\n|turn|5\n|inactive|Time left: 300 sec this turn | 300 sec total\n|\n|t:|1783541312\n|switch|p2a: Frosmoth|Frosmoth, L82, F|100/100\n|move|p1a: Polteageist|Strength Sap|p2a: Frosmoth\n|-unboost|p2a: Frosmoth|atk|1\n|-heal|p1a: Polteageist|222/222\n|\n|upkeep\n|turn|6\n|inactive|Time left: 300 sec this turn | 300 sec total\n|\n|t:|1783541313\n|move|p1a: Polteageist|Shadow Ball|p2a: Frosmoth\n|-damage|p2a: Frosmoth|59/100\n|move|p2a: Frosmoth|Quiver Dance|p2a: Frosmoth\n|-boost|p2a: Frosmoth|spa|1\n|-boost|p2a: Frosmoth|spd|1\n|-boost|p2a: Frosmoth|spe|1\n|\n|upkeep\n|turn|7\n|inactive|Time left: 300 sec this turn | 300 sec total\n|\n|t:|1783541314\n|move|p1a: Polteageist|Shadow Ball|p2a: Frosmoth\n|-damage|p2a: Frosmoth|33/100\n|move|p2a: Frosmoth|Ice Beam|p1a: Polteageist\n|-damage|p1a: Polteageist|89/222\n|-start|p2a: Frosmoth|Disable|Ice Beam|[from] ability: Cursed Body|[of] p1a: Polteageist\n|\n|upkeep\n|turn|8\n|inactive|Time left: 300 sec this turn | 300 sec total\n|\n|t:|1783541315\n|move|p1a: Polteageist|Strength Sap|p2a: Frosmoth\n|-unboost|p2a: Frosmoth|atk|1\n|-heal|p1a: Polteageist|163/222\n|move|p2a: Frosmoth|Hurricane|p1a: Polteageist\n|-damage|p1a: Polteageist|50/222\n|-start|p1a: Polteageist|confusion\n|\n|upkeep\n|turn|9\n|inactive|Time left: 300 sec this turn | 300 sec total\n|\n|t:|1783541316\n|-activate|p1a: Polteageist|confusion\n|-damage|p1a: Polteageist|14/222|[from] confusion\n|move|p2a: Frosmoth|Giga Drain|p1a: Polteageist\n|-damage|p1a: Polteageist|0 fnt\n|-heal|p2a: Frosmoth|36/100|[from] drain|[of] p1a: Polteageist\n|faint|p1a: Polteageist\n|\n|upkeep\n|inactive|Time left: 300 sec this turn | 300 sec total | 5 sec grace\n|\n|t:|1783541317\n|switch|p1a: Entei|Entei, L78|307/307\n|turn|10\n|inactive|Time left: 300 sec this turn | 300 sec total\n|\n|t:|1783541318\n|switch|p2a: Gurdurr|Gurdurr, L85, M|100/100\n|move|p1a: Entei|Sacred Fire|p2a: Gurdurr\n|-damage|p2a: Gurdurr|60/100\n|\n|upkeep\n|turn|11\n|inactive|Time left: 300 sec this turn | 300 sec total\n|\n|t:|1783541319\n|move|p1a: Entei|Sacred Fire|p2a: Gurdurr\n|-damage|p2a: Gurdurr|25/100\n|-status|p2a: Gurdurr|brn\n|move|p2a: Gurdurr|Drain Punch|p1a: Entei\n|-damage|p1a: Entei|172/307\n|-heal|p2a: Gurdurr|49/100 brn|[from] drain|[of] p1a: Entei\n|\n|-damage|p2a: Gurdurr|43/100 brn|[from] brn\n|upkeep\n|turn|12\n|inactive|Time left: 300 sec this turn | 300 sec total\n|\n|t:|1783541320\n|move|p1a: Entei|Sacred Fire|p2a: Gurdurr\n|-damage|p2a: Gurdurr|4/100 brn\n|move|p2a: Gurdurr|Drain Punch|p1a: Entei\n|-damage|p1a: Entei|36/307\n|-heal|p2a: Gurdurr|28/100 brn|[from] drain|[of] p1a: Entei\n|\n|-damage|p2a: Gurdurr|22/100 brn|[from] brn\n|upkeep\n|turn|13\n|inactive|Time left: 300 sec this turn | 300 sec total\n|\n|t:|1783541322\n|move|p2a: Gurdurr|Mach Punch|p1a: Entei\n|-damage|p1a: Entei|0 fnt\n|faint|p1a: Entei\n|\n|-damage|p2a: Gurdurr|16/100 brn|[from] brn\n|upkeep\n|inactive|Time left: 300 sec this turn | 300 sec total | 5 sec grace\n|\n|t:|1783541322\n|switch|p1a: Porygon2|Porygon2, L81|270/270\n|-ability|p1a: Porygon2|Download|boost\n|-boost|p1a: Porygon2|spa|1\n|turn|14\n|inactive|Time left: 300 sec this turn | 300 sec total\n|\n|t:|1783541324\n|switch|p2a: Frosmoth|Frosmoth, L82, F|36/100\n|move|p1a: Porygon2|Tri Attack|p2a: Frosmoth\n|-damage|p2a: Frosmoth|11/100\n|\n|upkeep\n|turn|15\n|inactive|Time left: 300 sec this turn | 300 sec total\n|\n|t:|1783541324\n|switch|p2a: Ceruledge|Ceruledge, L78, F|100/100\n|move|p1a: Porygon2|Tri Attack|p2a: Ceruledge\n|-immune|p2a: Ceruledge\n|\n|upkeep\n|turn|16\n|inactive|Time left: 300 sec this turn | 300 sec total\n|\n|t:|1783541326\n|move|p2a: Ceruledge|Swords Dance|p2a: Ceruledge\n|-boost|p2a: Ceruledge|atk|2\n|move|p1a: Porygon2|Discharge|p2a: Ceruledge\n|-damage|p2a: Ceruledge|65/100\n|\n|upkeep\n|turn|17\n|inactive|Time left: 300 sec this turn | 300 sec total\n|\n|t:|1783541327\n|move|p2a: Ceruledge|Bitter Blade|p1a: Porygon2\n|-damage|p1a: Porygon2|128/270\n|-heal|p2a: Ceruledge|94/100|[from] drain|[of] p1a: Porygon2\n|move|p1a: Porygon2|Discharge|p2a: Ceruledge\n|-damage|p2a: Ceruledge|60/100\n|\n|upkeep\n|turn|18\n|inactive|Time left: 300 sec this turn | 300 sec total\n|\n|t:|1783541328\n|move|p2a: Ceruledge|Bitter Blade|p1a: Porygon2\n|-damage|p1a: Porygon2|0 fnt\n|-heal|p2a: Ceruledge|86/100|[from] drain|[of] p1a: Porygon2\n|faint|p1a: Porygon2\n|\n|upkeep\n|inactive|Time left: 300 sec this turn | 300 sec total | 5 sec grace\n|\n|t:|1783541329\n|switch|p1a: Iron Valiant|Iron Valiant, L78|244/244\n|turn|19\n|inactive|Time left: 300 sec this turn | 300 sec total\n|\n|t:|1783541330\n|move|p1a: Iron Valiant|Knock Off|p2a: Ceruledge\n|-supereffective|p2a: Ceruledge\n|-damage|p2a: Ceruledge|0 fnt\n|-enditem|p2a: Ceruledge|Heavy-Duty Boots|[from] move: Knock Off|[of] p1a: Iron Valiant\n|faint|p2a: Ceruledge\n|-damage|p1a: Iron Valiant|220/244|[from] item: Life Orb\n|\n|upkeep\n|\n|t:|1783541331\n|switch|p2a: Pyroar|Pyroar, L88, M|100/100\n|-ability|p2a: Pyroar|Unnerve\n|turn|20\n|inactive|Time left: 300 sec this turn | 300 sec total\n|\n|t:|1783541332\n|-terastallize|p2a: Pyroar|Fire\n|move|p2a: Pyroar|Fire Blast|p1a: Iron Valiant\n|-damage|p1a: Iron Valiant|0 fnt\n|faint|p1a: Iron Valiant\n|-end|p1a: Iron Valiant|Quark Drive|[silent]\n|\n|upkeep\n|inactive|Time left: 300 sec this turn | 300 sec total | 5 sec grace\n|\n|t:|1783541333\n|switch|p1a: Komala|Komala, L87, F|126/255\n|-ability|p1a: Komala|Comatose\n|turn|21\n|inactive|Time left: 300 sec this turn | 300 sec total\n|\n|t:|1783541334\n|move|p2a: Pyroar|Fire Blast|p1a: Komala\n|-damage|p1a: Komala|8/255\n|move|p1a: Komala|Earthquake|p2a: Pyroar\n|-supereffective|p2a: Pyroar\n|-damage|p2a: Pyroar|33/100\n|\n|upkeep\n|turn|22\n|inactive|Time left: 300 sec this turn | 300 sec total\n|\n|t:|1783541335\n|move|p2a: Pyroar|Fire Blast|p1a: Komala\n|-damage|p1a: Komala|0 fnt\n|faint|p1a: Komala\n|\n|upkeep\n|inactive|Time left: 300 sec this turn | 300 sec total | 5 sec grace\n|\n|t:|1783541336\n|switch|p1a: Tornadus|Tornadus-Therian, L79, M|254/254\n|turn|23\n|inactive|Time left: 300 sec this turn | 300 sec total\n|\n|t:|1783541337\n|move|p1a: Tornadus|Bleakwind Storm|p2a: Pyroar\n|-damage|p2a: Pyroar|0 fnt\n|faint|p2a: Pyroar\n|\n|upkeep\n|\n|t:|1783541338\n|switch|p2a: Ursaring|Ursaring, L84, F|71/100\n|turn|24\n|inactive|Time left: 300 sec this turn | 300 sec total\n|\n|t:|1783541339\n|move|p1a: Tornadus|Bleakwind Storm|p2a: Ursaring\n|-damage|p2a: Ursaring|46/100\n|move|p2a: Ursaring|Body Slam|p1a: Tornadus\n|-damage|p1a: Tornadus|119/254\n|\n|upkeep\n|turn|25\n|inactive|Time left: 300 sec this turn | 300 sec total\n|\n|t:|1783541341\n|move|p1a: Tornadus|Heat Wave|p2a: Ursaring\n|-damage|p2a: Ursaring|28/100\n|move|p2a: Ursaring|Body Slam|p1a: Tornadus\n|-damage|p1a: Tornadus|0 fnt\n|faint|p1a: Tornadus\n|\n|win|p0y189a775", "uploadtime": 1783541341, "views": 0, "rating": 0, "private": 0, "password": null, "_winner": "p0y189a775", "_our_name": "p0x1899d2d"}