{"id": "battle-gen9randombattle-1657", "formatid": "gen9randombattle", "format": "[Gen 9] Random Battle", "players": ["p0x1657e3de", "p0y16571bb5"], "log": "|init|battle\n|title|p0x1657e3de vs. p0y16571bb5\n|j|\u2606p0x1657e3de\n|j|\u2606p0y16571bb5\n|t:|1783558436\n|gametype|singles\n|player|p1|p0x1657e3de|169|\n|player|p2|p0y16571bb5|101|\n|gen|9\n|tier|[Gen 9] Random Battle\n|rule|Species Clause: Limit one of each Pok\u00e9mon\n|rule|HP Percentage Mod: HP is shown in percentages\n|rule|Sleep Clause Mod: Limit one foe put to sleep\n|rule|Illusion Level Mod: Illusion disguises the Pok\u00e9mon's true level\n|\n|t:|1783558436\n|teamsize|p1|6\n|teamsize|p2|6\n|start\n|switch|p1a: Poliwrath|Poliwrath, L88, F|302/302\n|switch|p2a: Weezing|Weezing, L88, M|100/100\n|turn|1\n|inactive|Battle timer is ON: inactive players will automatically lose when time's up. (requested by p0x1657e3de)\n|inactive|p0y16571bb5 also wants the timer to be on.\n|\n|t:|1783558438\n|move|p1a: Poliwrath|Bulk Up|p1a: Poliwrath\n|-boost|p1a: Poliwrath|atk|1\n|-boost|p1a: Poliwrath|def|1\n|move|p2a: Weezing|Will-O-Wisp|p1a: Poliwrath\n|-status|p1a: Poliwrath|brn\n|\n|-damage|p1a: Poliwrath|284/302 brn|[from] brn\n|upkeep\n|turn|2\n|inactive|Time left: 300 sec this turn | 300 sec total\n|\n|t:|1783558439\n|switch|p2a: Cloyster|Cloyster, L80, F|100/100\n|move|p1a: Poliwrath|Bulk Up|p1a: Poliwrath\n|-boost|p1a: Poliwrath|atk|1\n|-boost|p1a: Poliwrath|def|1\n|\n|-heal|p1a: Poliwrath|302/302 brn|[from] item: Leftovers\n|-damage|p1a: Poliwrath|284/302 brn|[from] brn\n|upkeep\n|turn|3\n|inactive|Time left: 300 sec this turn | 300 sec total\n|\n|t:|1783558440\n|move|p1a: Poliwrath|Drain Punch|p2a: Cloyster\n|-supereffective|p2a: Cloyster\n|-damage|p2a: Cloyster|52/100\n|-heal|p1a: Poliwrath|302/302 brn|[from] drain|[of] p2a: Cloyster\n|move|p2a: Cloyster|Shell Smash|p2a: Cloyster\n|-unboost|p2a: Cloyster|def|1\n|-unboost|p2a: Cloyster|spd|1\n|-boost|p2a: Cloyster|atk|2\n|-boost|p2a: Cloyster|spa|2\n|-boost|p2a: Cloyster|spe|2\n|-enditem|p2a: Cloyster|White Herb\n|-clearnegativeboost|p2a: Cloyster|[silent]\n|\n|-damage|p1a: Poliwrath|284/302 brn|[from] brn\n|upkeep\n|turn|4\n|inactive|Time left: 300 sec this turn | 300 sec total\n|\n|t:|1783558441\n|move|p2a: Cloyster|Drill Run|p1a: Poliwrath\n|-damage|p1a: Poliwrath|238/302 brn\n|move|p1a: Poliwrath|Drain Punch|p2a: Cloyster\n|-supereffective|p2a: Cloyster\n|-damage|p2a: Cloyster|7/100\n|-heal|p1a: Poliwrath|286/302 brn|[from] drain|[of] p2a: Cloyster\n|\n|-heal|p1a: Poliwrath|302/302 brn|[from] item: Leftovers\n|-damage|p1a: Poliwrath|284/302 brn|[from] brn\n|upkeep\n|turn|5\n|inactive|Time left: 300 sec this turn | 300 sec total\n|\n|t:|1783558442\n|move|p2a: Cloyster|Drill Run|p1a: Poliwrath\n|-damage|p1a: Poliwrath|234/302 brn\n|move|p1a: Poliwrath|Drain Punch|p2a: Cloyster\n|-supereffective|p2a: Cloyster\n|-damage|p2a: Cloyster|0 fnt\n|-heal|p1a: Poliwrath|241/302 brn|[from] drain|[of] p2a: Cloyster\n|faint|p2a: Cloyster\n|\n|-heal|p1a: Poliwrath|259/302 brn|[from] item: Leftovers\n|-damage|p1a: Poliwrath|241/302 brn|[from] brn\n|upkeep\n|\n|t:|1783558443\n|switch|p2a: Reuniclus|Reuniclus, L88, F|100/100\n|turn|6\n|inactive|Time left: 300 sec this turn | 300 sec total\n|\n|t:|1783558444\n|move|p1a: Poliwrath|Knock Off|p2a: Reuniclus\n|-supereffective|p2a: Reuniclus\n|-damage|p2a: Reuniclus|53/100\n|-enditem|p2a: Reuniclus|Life Orb|[from] move: Knock Off|[of] p1a: Poliwrath\n|move|p2a: Reuniclus|Psyshock|p1a: Poliwrath\n|-supereffective|p1a: Poliwrath\n|-damage|p1a: Poliwrath|131/302 brn\n|\n|-heal|p1a: Poliwrath|149/302 brn|[from] item: Leftovers\n|-damage|p1a: Poliwrath|131/302 brn|[from] brn\n|upkeep\n|turn|7\n|inactive|Time left: 300 sec this turn | 300 sec total\n|\n|t:|1783558446\n|move|p1a: Poliwrath|Liquidation|p2a: Reuniclus\n|-damage|p2a: Reuniclus|22/100\n|move|p2a: Reuniclus|Recover|p2a: Reuniclus\n|-heal|p2a: Reuniclus|73/100\n|\n|-heal|p1a: Poliwrath|149/302 brn|[from] item: Leftovers\n|-damage|p1a: Poliwrath|131/302 brn|[from] brn\n|upkeep\n|turn|8\n|inactive|Time left: 300 sec this turn | 300 sec total\n|\n|t:|1783558447\n|move|p1a: Poliwrath|Liquidation|p2a: Reuniclus\n|-damage|p2a: Reuniclus|40/100\n|move|p2a: Reuniclus|Calm Mind|p2a: Reuniclus\n|-boost|p2a: Reuniclus|spa|1\n|-boost|p2a: Reuniclus|spd|1\n|\n|-heal|p1a: Poliwrath|149/302 brn|[from] item: Leftovers\n|-damage|p1a: Poliwrath|131/302 brn|[from] brn\n|upkeep\n|turn|9\n|inactive|Time left: 300 sec this turn | 300 sec total\n|\n|t:|1783558448\n|move|p1a: Poliwrath|Liquidation|p2a: Reuniclus\n|-damage|p2a: Reuniclus|6/100\n|move|p2a: Reuniclus|Recover|p2a: Reuniclus\n|-heal|p2a: Reuniclus|56/100\n|\n|-heal|p1a: Poliwrath|149/302 brn|[from] item: Leftovers\n|-damage|p1a: Poliwrath|131/302 brn|[from] brn\n|upkeep\n|turn|10\n|inactive|Time left: 300 sec this turn | 300 sec total\n|\n|t:|1783558449\n|move|p1a: Poliwrath|Liquidation|p2a: Reuniclus\n|-damage|p2a: Reuniclus|28/100\n|move|p2a: Reuniclus|Recover|p2a: Reuniclus\n|-heal|p2a: Reuniclus|78/100\n|\n|-heal|p1a: Poliwrath|149/302 brn|[from] item: Leftovers\n|-damage|p1a: Poliwrath|131/302 brn|[from] brn\n|upkeep\n|turn|11\n|inactive|Time left: 300 sec this turn | 300 sec total\n|\n|t:|1783558450\n|move|p1a: Poliwrath|Knock Off|p2a: Reuniclus\n|-supereffective|p2a: Reuniclus\n|-damage|p2a: Reuniclus|45/100\n|move|p2a: Reuniclus|Psyshock|p1a: Poliwrath\n|-supereffective|p1a: Poliwrath\n|-damage|p1a: Poliwrath|0 fnt\n|faint|p1a: Poliwrath\n|\n|upkeep\n|inactive|Time left: 300 sec this turn | 300 sec total | 5 sec grace\n|\n|t:|1783558451\n|switch|p1a: Cacturne|Cacturne, L92, M|278/278\n|turn|12\n|inactive|Time left: 300 sec this turn | 300 sec total\n|\n|t:|1783558452\n|-terastallize|p2a: Reuniclus|Fighting\n|move|p1a: Cacturne|Seed Bomb|p2a: Reuniclus\n|-damage|p2a: Reuniclus|0 fnt\n|faint|p2a: Reuniclus\n|-damage|p1a: Cacturne|251/278|[from] item: Life Orb\n|\n|upkeep\n|\n|t:|1783558453\n|switch|p2a: Iron Hands|Iron Hands, L79|100/100\n|turn|13\n|inactive|Time left: 300 sec this turn | 300 sec total\n|\n|t:|1783558454\n|switch|p1a: Masquerain|Masquerain, L87, M|264/264\n|-ability|p1a: Masquerain|Intimidate|boost\n|-unboost|p2a: Iron Hands|atk|1\n|move|p2a: Iron Hands|Close Combat|p1a: Masquerain\n|-resisted|p1a: Masquerain\n|-damage|p1a: Masquerain|234/264\n|-unboost|p2a: Iron Hands|def|1\n|-unboost|p2a: Iron Hands|spd|1\n|\n|upkeep\n|turn|14\n|inactive|Time left: 300 sec this turn | 300 sec total\n|\n|t:|1783558456\n|move|p1a: Masquerain|Sticky Web|p2a: Iron Hands\n|-sidestart|p2: p0y16571bb5|move: Sticky Web\n|move|p2a: Iron Hands|Wild Charge|p1a: Masquerain\n|-supereffective|p1a: Masquerain\n|-damage|p1a: Masquerain|36/264\n|-damage|p2a: Iron Hands|87/100|[from] Recoil\n|\n|upkeep\n|turn|15\n|inactive|Time left: 300 sec this turn | 300 sec total\n|\n|t:|1783558457\n|switch|p1a: Sandy Shocks|Sandy Shocks, L80|267/267\n|move|p2a: Iron Hands|Volt Switch|p1a: Sandy Shocks\n|-immune|p1a: Sandy Shocks\n|\n|upkeep\n|turn|16\n|inactive|Time left: 300 sec this turn | 300 sec total\n|\n|t:|1783558458\n|-end|p2a: Iron Hands|Quark Drive|[silent]\n|switch|p2a: Weezing|Weezing, L88, M|100/100\n|move|p1a: Sandy Shocks|Earth Power|p2a: Weezing\n|-immune|p2a: Weezing|[from] ability: Levitate\n|\n|upkeep\n|turn|17\n|inactive|Time left: 300 sec this turn | 300 sec total\n|\n|t:|1783558459\n|move|p1a: Sandy Shocks|Thunderbolt|p2a: Weezing\n|-damage|p2a: Weezing|57/100\n|move|p2a: Weezing|Sludge Bomb|p1a: Sandy Shocks\n|-resisted|p1a: Sandy Shocks\n|-damage|p1a: Sandy Shocks|213/267\n|\n|-heal|p2a: Weezing|64/100|[from] item: Leftovers\n|upkeep\n|turn|18\n|inactive|Time left: 300 sec this turn | 300 sec total\n|\n|t:|1783558460\n|move|p1a: Sandy Shocks|Thunderbolt|p2a: Weezing\n|-damage|p2a: Weezing|17/100\n|move|p2a: Weezing|Sludge Bomb|p1a: Sandy Shocks\n|-resisted|p1a: Sandy Shocks\n|-damage|p1a: Sandy Shocks|162/267\n|\n|-heal|p2a: Weezing|23/100|[from] item: Leftovers\n|upkeep\n|turn|19\n|inactive|Time left: 300 sec this turn | 300 sec total\n|\n|t:|1783558462\n|switch|p2a: Iron Hands|Iron Hands, L79|87/100\n|-activate|p2a: Iron Hands|move: Sticky Web\n|-unboost|p2a: Iron Hands|spe|1\n|move|p1a: Sandy Shocks|Volt Switch|p2a: Iron Hands\n|-resisted|p2a: Iron Hands\n|-damage|p2a: Iron Hands|77/100\n|inactive|Time left: 300 sec this turn | 300 sec total | 5 sec grace\n|\n|t:|1783558463\n|-end|p1a: Sandy Shocks|Protosynthesis|[silent]\n|switch|p1a: Masquerain|Masquerain, L87, M|36/264|[from] Volt Switch\n|-ability|p1a: Masquerain|Intimidate|boost\n|-unboost|p2a: Iron Hands|atk|1\n|\n|upkeep\n|turn|20\n|inactive|Time left: 300 sec this turn | 300 sec total\n|\n|t:|1783558464\n|switch|p1a: Sandy Shocks|Sandy Shocks, L80|162/267\n|move|p2a: Iron Hands|Volt Switch|p1a: Sandy Shocks\n|-immune|p1a: Sandy Shocks\n|\n|upkeep\n|turn|21\n|inactive|Time left: 300 sec this turn | 300 sec total\n|\n|t:|1783558464\n|move|p1a: Sandy Shocks|Earth Power|p2a: Iron Hands\n|-supereffective|p2a: Iron Hands\n|-damage|p2a: Iron Hands|29/100\n|move|p2a: Iron Hands|Close Combat|p1a: Sandy Shocks\n|-damage|p1a: Sandy Shocks|69/267\n|-unboost|p2a: Iron Hands|def|1\n|-unboost|p2a: Iron Hands|spd|1\n|\n|upkeep\n|turn|22\n|inactive|Time left: 300 sec this turn | 300 sec total\n|\n|t:|1783558465\n|move|p1a: Sandy Shocks|Earth Power|p2a: Iron Hands\n|-supereffective|p2a: Iron Hands\n|-damage|p2a: Iron Hands|0 fnt\n|faint|p2a: Iron Hands\n|-end|p2a: Iron Hands|Quark Drive|[silent]\n|\n|upkeep\n|\n|t:|1783558466\n|switch|p2a: Ursaring|Ursaring, L84, F|100/100\n|-activate|p2a: Ursaring|move: Sticky Web\n|-unboost|p2a: Ursaring|spe|1\n|turn|23\n|inactive|Time left: 300 sec this turn | 300 sec total\n|\n|t:|1783558467\n|move|p1a: Sandy Shocks|Volt Switch|p2a: Ursaring\n|-crit|p2a: Ursaring\n|-damage|p2a: Ursaring|70/100\n|inactive|Time left: 300 sec this turn | 300 sec total | 5 sec grace\n|\n|t:|1783558467\n|-end|p1a: Sandy Shocks|Protosynthesis|[silent]\n|switch|p1a: Masquerain|Masquerain, L87, M|36/264|[from] Volt Switch\n|-ability|p1a: Masquerain|Intimidate|boost\n|-unboost|p2a: Ursaring|atk|1\n|move|p2a: Ursaring|Body Slam|p1a: Masquerain\n|-damage|p1a: Masquerain|0 fnt\n|faint|p1a: Masquerain\n|\n|upkeep\n|inactive|Time left: 300 sec this turn | 300 sec total | 10 sec grace\n|\n|t:|1783558468\n|switch|p1a: Cacturne|Cacturne, L92, M|251/278\n|turn|24\n|inactive|Time left: 300 sec this turn | 300 sec total\n|\n|t:|1783558469\n|move|p1a: Cacturne|Swords Dance|p1a: Cacturne\n|-boost|p1a: Cacturne|atk|2\n|move|p2a: Ursaring|Body Slam|p1a: Cacturne\n|-damage|p1a: Cacturne|160/278\n|-status|p1a: Cacturne|par\n|\n|upkeep\n|turn|25\n|inactive|Time left: 300 sec this turn | 300 sec total\n|\n|t:|1783558470\n|move|p2a: Ursaring|Body Slam|p1a: Cacturne\n|-damage|p1a: Cacturne|64/278 par\n|cant|p1a: Cacturne|par\n|\n|upkeep\n|turn|26\n|inactive|Time left: 300 sec this turn | 300 sec total\n|\n|t:|1783558470\n|cant|p1a: Cacturne|par\n|move|p2a: Ursaring|Body Slam|p1a: Cacturne\n|-damage|p1a: Cacturne|0 fnt\n|faint|p1a: Cacturne\n|\n|upkeep\n|inactive|Time left: 300 sec this turn | 300 sec total | 5 sec grace\n|\n|t:|1783558471\n|switch|p1a: Pawmot|Pawmot, L80, F|243/243\n|turn|27\n|inactive|Time left: 300 sec this turn | 300 sec total\n|\n|t:|1783558472\n|move|p1a: Pawmot|Close Combat|p2a: Ursaring\n|-supereffective|p2a: Ursaring\n|-damage|p2a: Ursaring|0 fnt\n|-unboost|p1a: Pawmot|def|1\n|-unboost|p1a: Pawmot|spd|1\n|faint|p2a: Ursaring\n|-damage|p1a: Pawmot|219/243|[from] item: Life Orb\n|\n|upkeep\n|\n|t:|1783558473\n|switch|p2a: Weezing|Weezing, L88, M|23/100\n|turn|28\n|inactive|Time left: 300 sec this turn | 300 sec total\n|\n|t:|1783558474\n|move|p1a: Pawmot|Close Combat|p2a: Weezing\n|-resisted|p2a: Weezing\n|-damage|p2a: Weezing|0 fnt\n|-unboost|p1a: Pawmot|def|1\n|-unboost|p1a: Pawmot|spd|1\n|faint|p2a: Weezing\n|-damage|p1a: Pawmot|195/243|[from] item: Life Orb\n|\n|upkeep\n|\n|t:|1783558475\n|switch|p2a: Delibird|Delibird, F|100/100\n|turn|29\n|inactive|Time left: 300 sec this turn | 300 sec total\n|\n|t:|1783558476\n|-terastallize|p1a: Pawmot|Electric\n|move|p1a: Pawmot|Double Shock|p2a: Delibird\n|-supereffective|p2a: Delibird\n|-damage|p2a: Delibird|0 fnt\n|-start|p1a: Pawmot|typechange|Electric|[from] move: Double Shock\n|faint|p2a: Delibird\n|-damage|p1a: Pawmot|171/243|[from] item: Life Orb\n|\n|win|p0x1657e3de", "uploadtime": 1783558476, "views": 0, "rating": 0, "private": 0, "password": null, "_winner": "p0x1657e3de", "_our_name": "p0x1657e3de"}