{"id": "battle-gen9randombattle-2973", "formatid": "gen9randombattle", "format": "[Gen 9] Random Battle", "players": ["p0x2973f99e", "p0y29733e77"], "log": "|init|battle\n|title|p0x2973f99e vs. p0y29733e77\n|j|\u2606p0x2973f99e\n|j|\u2606p0y29733e77\n|t:|1783574228\n|gametype|singles\n|player|p1|p0x2973f99e|2|\n|player|p2|p0y29733e77|265|\n|gen|9\n|tier|[Gen 9] Random Battle\n|rule|Species Clause: Limit one of each Pok\u00e9mon\n|rule|HP Percentage Mod: HP is shown in percentages\n|rule|Sleep Clause Mod: Limit one foe put to sleep\n|rule|Illusion Level Mod: Illusion disguises the Pok\u00e9mon's true level\n|\n|t:|1783574228\n|teamsize|p1|6\n|teamsize|p2|6\n|start\n|switch|p1a: Squawkabilly|Squawkabilly-White, L89, F|291/291\n|switch|p2a: Hariyama|Hariyama, L87, F|100/100\n|turn|1\n|inactive|Battle timer is ON: inactive players will automatically lose when time's up. (requested by p0x2973f99e)\n|inactive|p0y29733e77 also wants the timer to be on.\n|\n|t:|1783574229\n|move|p1a: Squawkabilly|Brave Bird|p2a: Hariyama\n|-supereffective|p2a: Hariyama\n|-damage|p2a: Hariyama|0 fnt\n|faint|p2a: Hariyama\n|-damage|p1a: Squawkabilly|162/291|[from] Recoil\n|\n|upkeep\n|\n|t:|1783574230\n|switch|p2a: Flutter Mane|Flutter Mane, L74|100/100\n|turn|2\n|inactive|Time left: 300 sec this turn | 300 sec total\n|\n|t:|1783574231\n|switch|p1a: Snorlax|Snorlax, L82, F|397/397\n|move|p2a: Flutter Mane|Moonblast|p1a: Snorlax\n|-damage|p1a: Snorlax|288/397\n|-damage|p2a: Flutter Mane|91/100|[from] item: Life Orb\n|\n|-heal|p1a: Snorlax|312/397|[from] item: Leftovers\n|upkeep\n|turn|3\n|inactive|Time left: 300 sec this turn | 300 sec total\n|\n|t:|1783574233\n|move|p2a: Flutter Mane|Calm Mind|p2a: Flutter Mane\n|-boost|p2a: Flutter Mane|spa|1\n|-boost|p2a: Flutter Mane|spd|1\n|move|p1a: Snorlax|Earthquake|p2a: Flutter Mane\n|-damage|p2a: Flutter Mane|36/100\n|\n|-heal|p1a: Snorlax|336/397|[from] item: Leftovers\n|upkeep\n|turn|4\n|inactive|Time left: 300 sec this turn | 300 sec total\n|\n|t:|1783574234\n|move|p2a: Flutter Mane|Moonblast|p1a: Snorlax\n|-damage|p1a: Snorlax|179/397\n|-damage|p2a: Flutter Mane|27/100|[from] item: Life Orb\n|move|p1a: Snorlax|Earthquake|p2a: Flutter Mane\n|-damage|p2a: Flutter Mane|0 fnt\n|faint|p2a: Flutter Mane\n|-end|p2a: Flutter Mane|Protosynthesis|[silent]\n|\n|-heal|p1a: Snorlax|203/397|[from] item: Leftovers\n|upkeep\n|\n|t:|1783574235\n|switch|p2a: Crabominable|Crabominable, L90, M|100/100\n|turn|5\n|inactive|Time left: 300 sec this turn | 300 sec total\n|\n|t:|1783574236\n|switch|p1a: Poliwrath|Poliwrath, L88, F|302/302\n|move|p2a: Crabominable|Close Combat|p1a: Poliwrath\n|-damage|p1a: Poliwrath|61/302\n|-unboost|p2a: Crabominable|def|1\n|-unboost|p2a: Crabominable|spd|1\n|\n|upkeep\n|turn|6\n|inactive|Time left: 300 sec this turn | 300 sec total\n|\n|t:|1783574237\n|switch|p2a: Grumpig|Grumpig, L92, M|100/100\n|move|p1a: Poliwrath|Close Combat|p2a: Grumpig\n|-resisted|p2a: Grumpig\n|-damage|p2a: Grumpig|67/100\n|-unboost|p1a: Poliwrath|def|1\n|-unboost|p1a: Poliwrath|spd|1\n|-damage|p1a: Poliwrath|31/302|[from] item: Life Orb\n|\n|-heal|p2a: Grumpig|73/100|[from] item: Leftovers\n|upkeep\n|turn|7\n|inactive|Time left: 300 sec this turn | 300 sec total\n|\n|t:|1783574238\n|move|p2a: Grumpig|Psyshock|p1a: Poliwrath\n|-supereffective|p1a: Poliwrath\n|-damage|p1a: Poliwrath|0 fnt\n|faint|p1a: Poliwrath\n|\n|-heal|p2a: Grumpig|79/100|[from] item: Leftovers\n|upkeep\n|inactive|Time left: 300 sec this turn | 300 sec total | 5 sec grace\n|\n|t:|1783574239\n|switch|p1a: Squawkabilly|Squawkabilly-White, L89, F|162/291\n|turn|8\n|inactive|Time left: 300 sec this turn | 300 sec total\n|\n|t:|1783574240\n|move|p1a: Squawkabilly|Brave Bird|p2a: Grumpig\n|-damage|p2a: Grumpig|3/100\n|-damage|p1a: Squawkabilly|87/291|[from] Recoil\n|move|p2a: Grumpig|Psyshock|p1a: Squawkabilly\n|-damage|p1a: Squawkabilly|0 fnt\n|faint|p1a: Squawkabilly\n|\n|-heal|p2a: Grumpig|9/100|[from] item: Leftovers\n|upkeep\n|inactive|Time left: 300 sec this turn | 300 sec total | 5 sec grace\n|\n|t:|1783574241\n|switch|p1a: Azelf|Azelf, L82|257/257\n|turn|9\n|inactive|Time left: 300 sec this turn | 300 sec total\n|\n|t:|1783574242\n|move|p1a: Azelf|Psychic|p2a: Grumpig\n|-resisted|p2a: Grumpig\n|-damage|p2a: Grumpig|0 fnt\n|faint|p2a: Grumpig\n|\n|upkeep\n|\n|t:|1783574243\n|switch|p2a: Crabominable|Crabominable, L90, M|100/100\n|turn|10\n|inactive|Time left: 300 sec this turn | 300 sec total\n|\n|t:|1783574244\n|move|p1a: Azelf|Psychic|p2a: Crabominable\n|-supereffective|p2a: Crabominable\n|-damage|p2a: Crabominable|23/100\n|-unboost|p2a: Crabominable|spd|1\n|move|p2a: Crabominable|Knock Off|p1a: Azelf\n|-supereffective|p1a: Azelf\n|-damage|p1a: Azelf|0 fnt\n|-enditem|p1a: Azelf|Assault Vest|[from] move: Knock Off|[of] p2a: Crabominable\n|faint|p1a: Azelf\n|\n|upkeep\n|inactive|Time left: 300 sec this turn | 300 sec total | 5 sec grace\n|\n|t:|1783574245\n|switch|p1a: Hydreigon|Hydreigon, L79, M|275/275\n|turn|11\n|inactive|Time left: 300 sec this turn | 300 sec total\n|\n|t:|1783574246\n|switch|p2a: Piloswine|Piloswine, L85, F|100/100\n|move|p1a: Hydreigon|Dark Pulse|p2a: Piloswine\n|-crit|p2a: Piloswine\n|-damage|p2a: Piloswine|39/100\n|\n|upkeep\n|turn|12\n|inactive|Time left: 300 sec this turn | 300 sec total\n|\n|t:|1783574247\n|move|p1a: Hydreigon|Dark Pulse|p2a: Piloswine\n|-damage|p2a: Piloswine|0 fnt\n|faint|p2a: Piloswine\n|\n|upkeep\n|\n|t:|1783574248\n|switch|p2a: Giratina|Giratina-Origin, L72|100/100\n|turn|13\n|inactive|Time left: 300 sec this turn | 300 sec total\n|\n|t:|1783574249\n|-terastallize|p1a: Hydreigon|Dark\n|-terastallize|p2a: Giratina|Dragon\n|move|p1a: Hydreigon|Dark Pulse|p2a: Giratina\n|-damage|p2a: Giratina|38/100\n|move|p2a: Giratina|Draco Meteor|p1a: Hydreigon\n|-damage|p1a: Hydreigon|89/275\n|-unboost|p2a: Giratina|spa|2\n|\n|upkeep\n|turn|14\n|inactive|Time left: 300 sec this turn | 300 sec total\n|\n|t:|1783574251\n|move|p1a: Hydreigon|Dark Pulse|p2a: Giratina\n|-damage|p2a: Giratina|0 fnt\n|faint|p2a: Giratina\n|\n|upkeep\n|\n|t:|1783574251\n|switch|p2a: Crabominable|Crabominable, L90, M|23/100\n|turn|15\n|inactive|Time left: 300 sec this turn | 300 sec total\n|\n|t:|1783574252\n|move|p1a: Hydreigon|Dark Pulse|p2a: Crabominable\n|-resisted|p2a: Crabominable\n|-damage|p2a: Crabominable|0 fnt\n|faint|p2a: Crabominable\n|\n|win|p0x2973f99e", "uploadtime": 1783574252, "views": 0, "rating": 0, "private": 0, "password": null, "_winner": "p0x2973f99e", "_our_name": "p0x2973f99e"}