{"id": "battle-gen9randombattle-1250", "formatid": "gen9randombattle", "format": "[Gen 9] Random Battle", "players": ["p0x12508fde", "p0y1250a401"], "log": "|init|battle\n|title|p0x12508fde vs. p0y1250a401\n|j|\u2606p0x12508fde\n|j|\u2606p0y1250a401\n|t:|1783553608\n|gametype|singles\n|player|p1|p0x12508fde|266|\n|player|p2|p0y1250a401|1|\n|gen|9\n|tier|[Gen 9] Random Battle\n|rule|Species Clause: Limit one of each Pok\u00e9mon\n|rule|HP Percentage Mod: HP is shown in percentages\n|rule|Sleep Clause Mod: Limit one foe put to sleep\n|rule|Illusion Level Mod: Illusion disguises the Pok\u00e9mon's true level\n|\n|t:|1783553609\n|teamsize|p1|6\n|teamsize|p2|6\n|start\n|switch|p1a: Squawkabilly|Squawkabilly-Blue, L85, F|100/100\n|switch|p2a: Ceruledge|Ceruledge, L78, F|245/245\n|turn|1\n|inactive|Battle timer is ON: inactive players will automatically lose when time's up. (requested by p0y1250a401)\n|inactive|p0x12508fde also wants the timer to be on.\n|\n|t:|1783553610\n|move|p1a: Squawkabilly|Brave Bird|p2a: Ceruledge\n|-damage|p2a: Ceruledge|95/245\n|-ability|p2a: Ceruledge|Weak Armor|boost\n|-unboost|p2a: Ceruledge|def|1\n|-boost|p2a: Ceruledge|spe|2\n|-damage|p1a: Squawkabilly|83/100|[from] Recoil\n|move|p2a: Ceruledge|Bitter Blade|p1a: Squawkabilly\n|-damage|p1a: Squawkabilly|32/100\n|-heal|p2a: Ceruledge|166/245|[from] drain|[of] p1a: Squawkabilly\n|\n|-status|p1a: Squawkabilly|brn|[from] item: Flame Orb\n|upkeep\n|turn|2\n|inactive|Time left: 300 sec this turn | 300 sec total\n|\n|t:|1783553611\n|switch|p1a: Ursaluna|Ursaluna-Bloodmoon, L79, M|100/100\n|move|p2a: Ceruledge|Bitter Blade|p1a: Ursaluna\n|-damage|p1a: Ursaluna|72/100\n|-heal|p2a: Ceruledge|210/245|[from] drain|[of] p1a: Ursaluna\n|\n|-heal|p1a: Ursaluna|78/100|[from] item: Leftovers\n|upkeep\n|turn|3\n|inactive|Time left: 300 sec this turn | 300 sec total\n|\n|t:|1783553613\n|move|p2a: Ceruledge|Bitter Blade|p1a: Ursaluna\n|-damage|p1a: Ursaluna|49/100\n|-heal|p2a: Ceruledge|245/245|[from] drain|[of] p1a: Ursaluna\n|move|p1a: Ursaluna|Earth Power|p2a: Ceruledge\n|-supereffective|p2a: Ceruledge\n|-damage|p2a: Ceruledge|17/245\n|\n|-heal|p1a: Ursaluna|55/100|[from] item: Leftovers\n|upkeep\n|turn|4\n|inactive|Time left: 300 sec this turn | 300 sec total\n|\n|t:|1783553614\n|move|p2a: Ceruledge|Close Combat|p1a: Ursaluna\n|-supereffective|p1a: Ursaluna\n|-damage|p1a: Ursaluna|6/100\n|-unboost|p2a: Ceruledge|def|1\n|-unboost|p2a: Ceruledge|spd|1\n|move|p1a: Ursaluna|Blood Moon|p2a: Ceruledge\n|-damage|p2a: Ceruledge|0 fnt\n|faint|p2a: Ceruledge\n|\n|-heal|p1a: Ursaluna|12/100|[from] item: Leftovers\n|upkeep\n|inactive|Time left: 300 sec this turn | 300 sec total | 5 sec grace\n|\n|t:|1783553615\n|switch|p2a: Kyurem|Kyurem-White, L73|303/303\n|-ability|p2a: Kyurem|Turboblaze\n|turn|5\n|inactive|Time left: 300 sec this turn | 300 sec total\n|\n|t:|1783553616\n|switch|p1a: Magearna|Magearna-Original, L77|100/100\n|move|p2a: Kyurem|Ice Beam|p1a: Magearna\n|-resisted|p1a: Magearna\n|-damage|p1a: Magearna|72/100\n|-status|p1a: Magearna|frz\n|\n|upkeep\n|turn|6\n|inactive|Time left: 300 sec this turn | 300 sec total\n|\n|t:|1783553618\n|move|p2a: Kyurem|Ice Beam|p1a: Magearna\n|-resisted|p1a: Magearna\n|-damage|p1a: Magearna|44/100 frz\n|cant|p1a: Magearna|frz\n|\n|upkeep\n|turn|7\n|inactive|Time left: 300 sec this turn | 300 sec total\n|\n|t:|1783553619\n|move|p2a: Kyurem|Ice Beam|p1a: Magearna\n|-resisted|p1a: Magearna\n|-damage|p1a: Magearna|15/100 frz\n|cant|p1a: Magearna|frz\n|\n|upkeep\n|turn|8\n|inactive|Time left: 300 sec this turn | 300 sec total\n|\n|t:|1783553621\n|move|p2a: Kyurem|Ice Beam|p1a: Magearna\n|-resisted|p1a: Magearna\n|-damage|p1a: Magearna|0 fnt\n|faint|p1a: Magearna\n|\n|upkeep\n|\n|t:|1783553622\n|switch|p1a: Squawkabilly|Squawkabilly-Blue, L85, F|32/100 brn\n|turn|9\n|inactive|Time left: 300 sec this turn | 300 sec total\n|\n|t:|1783553623\n|switch|p1a: Arceus|Arceus-Ghost, L69|100/100\n|move|p2a: Kyurem|Ice Beam|p1a: Arceus\n|-damage|p1a: Arceus|37/100\n|\n|upkeep\n|turn|10\n|inactive|Time left: 300 sec this turn | 300 sec total\n|\n|t:|1783553624\n|move|p1a: Arceus|Recover|p1a: Arceus\n|-heal|p1a: Arceus|87/100\n|move|p2a: Kyurem|Ice Beam|p1a: Arceus\n|-damage|p1a: Arceus|27/100\n|\n|upkeep\n|turn|11\n|inactive|Time left: 300 sec this turn | 300 sec total\n|\n|t:|1783553625\n|move|p1a: Arceus|Recover|p1a: Arceus\n|-heal|p1a: Arceus|77/100\n|move|p2a: Kyurem|Ice Beam|p1a: Arceus\n|-damage|p1a: Arceus|16/100\n|\n|upkeep\n|turn|12\n|inactive|Time left: 300 sec this turn | 300 sec total\n|\n|t:|1783553626\n|move|p1a: Arceus|Recover|p1a: Arceus\n|-heal|p1a: Arceus|66/100\n|move|p2a: Kyurem|Ice Beam|p1a: Arceus\n|-damage|p1a: Arceus|2/100\n|\n|upkeep\n|turn|13\n|inactive|Time left: 300 sec this turn | 300 sec total\n|\n|t:|1783553627\n|move|p1a: Arceus|Judgment|p2a: Kyurem\n|-damage|p2a: Kyurem|192/303\n|move|p2a: Kyurem|Ice Beam|p1a: Arceus\n|-damage|p1a: Arceus|0 fnt\n|faint|p1a: Arceus\n|\n|upkeep\n|\n|t:|1783553628\n|switch|p1a: Squawkabilly|Squawkabilly-Blue, L85, F|32/100 brn\n|turn|14\n|inactive|Time left: 300 sec this turn | 300 sec total\n|\n|t:|1783553629\n|move|p1a: Squawkabilly|Facade|p2a: Kyurem\n|-damage|p2a: Kyurem|0 fnt\n|faint|p2a: Kyurem\n|\n|-damage|p1a: Squawkabilly|26/100 brn|[from] brn\n|upkeep\n|inactive|Time left: 300 sec this turn | 300 sec total | 5 sec grace\n|\n|t:|1783553630\n|switch|p2a: Thundurus|Thundurus-Therian, L80, M|258/258\n|turn|15\n|inactive|Time left: 300 sec this turn | 300 sec total\n|\n|t:|1783553631\n|switch|p1a: Palossand|Palossand, L89, M|100/100\n|move|p2a: Thundurus|Tera Blast|p1a: Palossand\n|-immune|p1a: Palossand\n|\n|upkeep\n|turn|16\n|inactive|Time left: 300 sec this turn | 300 sec total\n|\n|t:|1783553632\n|move|p2a: Thundurus|Nasty Plot|p2a: Thundurus\n|-boost|p2a: Thundurus|spa|2\n|move|p1a: Palossand|Shadow Ball|p2a: Thundurus\n|-damage|p2a: Thundurus|146/258\n|\n|upkeep\n|turn|17\n|inactive|Time left: 300 sec this turn | 300 sec total\n|\n|t:|1783553633\n|-terastallize|p2a: Thundurus|Flying\n|move|p2a: Thundurus|Tera Blast|p1a: Palossand|[anim] Tera Blast Flying\n|-damage|p1a: Palossand|2/100\n|move|p1a: Palossand|Shadow Ball|p2a: Thundurus\n|-crit|p2a: Thundurus\n|-damage|p2a: Thundurus|0 fnt\n|faint|p2a: Thundurus\n|\n|-heal|p1a: Palossand|8/100|[from] item: Leftovers\n|upkeep\n|inactive|Time left: 300 sec this turn | 300 sec total | 5 sec grace\n|\n|t:|1783553633\n|switch|p2a: Hitmontop|Hitmontop, L88, M|231/231\n|turn|18\n|inactive|Time left: 300 sec this turn | 300 sec total\n|\n|t:|1783553634\n|move|p2a: Hitmontop|Triple Axel|p1a: Palossand\n|-supereffective|p1a: Palossand\n|-damage|p1a: Palossand|0 fnt\n|faint|p1a: Palossand\n|-hitcount|p1: Palossand|1\n|\n|upkeep\n|\n|t:|1783553635\n|switch|p1a: Squawkabilly|Squawkabilly-Blue, L85, F|26/100 brn\n|turn|19\n|inactive|Time left: 300 sec this turn | 300 sec total\n|\n|t:|1783553636\n|-terastallize|p1a: Squawkabilly|Normal\n|move|p1a: Squawkabilly|Facade|p2a: Hitmontop\n|-damage|p2a: Hitmontop|0 fnt\n|faint|p2a: Hitmontop\n|\n|-damage|p1a: Squawkabilly|20/100 brn|[from] brn\n|upkeep\n|inactive|Time left: 300 sec this turn | 300 sec total | 5 sec grace\n|\n|t:|1783553637\n|switch|p2a: Regieleki|Regieleki, L79|256/256\n|turn|20\n|inactive|Time left: 300 sec this turn | 300 sec total\n|\n|t:|1783553638\n|switch|p2a: Blissey|Blissey, L85, F|572/572\n|switch|p1a: Ursaluna|Ursaluna-Bloodmoon, L79, M|12/100\n|\n|-heal|p1a: Ursaluna|18/100|[from] item: Leftovers\n|upkeep\n|turn|21\n|inactive|Time left: 300 sec this turn | 300 sec total\n|\n|t:|1783553639\n|move|p2a: Blissey|Seismic Toss|p1a: Ursaluna\n|-damage|p1a: Ursaluna|0 fnt\n|faint|p1a: Ursaluna\n|\n|upkeep\n|\n|t:|1783553640\n|switch|p1a: Squawkabilly|Squawkabilly-Blue, L85, F, tera:Normal|20/100 brn\n|turn|22\n|inactive|Time left: 300 sec this turn | 300 sec total\n|\n|t:|1783553641\n|move|p1a: Squawkabilly|Facade|p2a: Blissey\n|-damage|p2a: Blissey|0 fnt\n|faint|p2a: Blissey\n|\n|-damage|p1a: Squawkabilly|13/100 brn|[from] brn\n|upkeep\n|inactive|Time left: 300 sec this turn | 300 sec total | 5 sec grace\n|\n|t:|1783553642\n|switch|p2a: Regieleki|Regieleki, L79|256/256\n|turn|23\n|inactive|Time left: 300 sec this turn | 300 sec total\n|\n|t:|1783553643\n|move|p1a: Squawkabilly|Quick Attack|p2a: Regieleki\n|-damage|p2a: Regieleki|120/256\n|move|p2a: Regieleki|Rapid Spin|p1a: Squawkabilly\n|-damage|p1a: Squawkabilly|0 fnt\n|-boost|p2a: Regieleki|spe|1\n|faint|p1a: Squawkabilly\n|\n|upkeep\n|\n|t:|1783553644\n|switch|p1a: Illumise|Illumise, L91, F|100/100\n|turn|24\n|inactive|Time left: 300 sec this turn | 300 sec total\n|\n|t:|1783553645\n|move|p2a: Regieleki|Thunderbolt|p1a: Illumise\n|-damage|p1a: Illumise|49/100\n|move|p1a: Illumise|Bug Buzz|p2a: Regieleki\n|-damage|p2a: Regieleki|0 fnt\n|faint|p2a: Regieleki\n|\n|win|p0x12508fde", "uploadtime": 1783553645, "views": 0, "rating": 0, "private": 0, "password": null, "_winner": "p0x12508fde", "_our_name": "p0y1250a401"}