{"id": "battle-gen9randombattle-2667", "formatid": "gen9randombattle", "format": "[Gen 9] Random Battle", "players": ["p0x266781ef", "p0y2667341c"], "log": "|init|battle\n|title|p0x266781ef vs. p0y2667341c\n|j|\u2606p0x266781ef\n|j|\u2606p0y2667341c\n|t:|1783570777\n|gametype|singles\n|player|p1|p0x266781ef|265|\n|player|p2|p0y2667341c|2|\n|gen|9\n|tier|[Gen 9] Random Battle\n|rule|Species Clause: Limit one of each Pok\u00e9mon\n|rule|HP Percentage Mod: HP is shown in percentages\n|rule|Sleep Clause Mod: Limit one foe put to sleep\n|rule|Illusion Level Mod: Illusion disguises the Pok\u00e9mon's true level\n|\n|t:|1783570777\n|teamsize|p1|6\n|teamsize|p2|6\n|start\n|switch|p1a: Deoxys|Deoxys, L74|196/196\n|switch|p2a: Scovillain|Scovillain, L91, F|100/100\n|-ability|p1a: Deoxys|Pressure\n|turn|1\n|inactive|Battle timer is ON: inactive players will automatically lose when time's up. (requested by p0y2667341c)\n|inactive|Time left: 300 sec this turn | 300 sec total | 60 sec grace\n|inactive|p0x266781ef also wants the timer to be on.\n|\n|t:|1783570778\n|switch|p1a: Kyogre|Kyogre, L71|259/259\n|-weather|RainDance|[from] ability: Drizzle|[of] p1a: Kyogre\n|move|p2a: Scovillain|Flamethrower|p1a: Kyogre\n|-resisted|p1a: Kyogre\n|-damage|p1a: Kyogre|234/259\n|\n|-weather|RainDance|[upkeep]\n|-heal|p1a: Kyogre|250/259|[from] item: Leftovers\n|upkeep\n|turn|2\n|inactive|Time left: 300 sec this turn | 300 sec total\n|\n|t:|1783570780\n|move|p2a: Scovillain|Flamethrower|p1a: Kyogre\n|-resisted|p1a: Kyogre\n|-damage|p1a: Kyogre|225/259\n|move|p1a: Kyogre|Calm Mind|p1a: Kyogre\n|-boost|p1a: Kyogre|spa|1\n|-boost|p1a: Kyogre|spd|1\n|\n|-weather|RainDance|[upkeep]\n|-heal|p1a: Kyogre|241/259|[from] item: Leftovers\n|upkeep\n|turn|3\n|inactive|Time left: 300 sec this turn | 300 sec total\n|\n|t:|1783570781\n|switch|p2a: Cryogonal|Cryogonal, L89|100/100\n|move|p1a: Kyogre|Origin Pulse|p2a: Cryogonal\n|-damage|p2a: Cryogonal|40/100\n|\n|-weather|RainDance|[upkeep]\n|-heal|p1a: Kyogre|257/259|[from] item: Leftovers\n|upkeep\n|turn|4\n|inactive|Time left: 300 sec this turn | 300 sec total\n|\n|t:|1783570782\n|move|p2a: Cryogonal|Recover|p2a: Cryogonal\n|-heal|p2a: Cryogonal|90/100\n|move|p1a: Kyogre|Origin Pulse|p2a: Cryogonal\n|-damage|p2a: Cryogonal|28/100\n|\n|-weather|RainDance|[upkeep]\n|-heal|p1a: Kyogre|259/259|[from] item: Leftovers\n|upkeep\n|turn|5\n|inactive|Time left: 300 sec this turn | 300 sec total\n|\n|t:|1783570783\n|move|p2a: Cryogonal|Recover|p2a: Cryogonal\n|-heal|p2a: Cryogonal|79/100\n|move|p1a: Kyogre|Origin Pulse|p2a: Cryogonal\n|-damage|p2a: Cryogonal|15/100\n|\n|-weather|none\n|upkeep\n|turn|6\n|inactive|Time left: 300 sec this turn | 300 sec total\n|\n|t:|1783570784\n|move|p2a: Cryogonal|Recover|p2a: Cryogonal\n|-heal|p2a: Cryogonal|66/100\n|move|p1a: Kyogre|Origin Pulse|p2a: Cryogonal\n|-damage|p2a: Cryogonal|23/100\n|\n|upkeep\n|turn|7\n|inactive|Time left: 300 sec this turn | 300 sec total\n|\n|t:|1783570785\n|move|p2a: Cryogonal|Recover|p2a: Cryogonal\n|-heal|p2a: Cryogonal|73/100\n|move|p1a: Kyogre|Origin Pulse|p2a: Cryogonal|[miss]\n|-miss|p1a: Kyogre|p2a: Cryogonal\n|\n|upkeep\n|turn|8\n|inactive|Time left: 300 sec this turn | 300 sec total\n|\n|t:|1783570785\n|move|p2a: Cryogonal|Recover|p2a: Cryogonal\n|-heal|p2a: Cryogonal|100/100\n|move|p1a: Kyogre|Origin Pulse|p2a: Cryogonal\n|-damage|p2a: Cryogonal|56/100\n|\n|upkeep\n|turn|9\n|inactive|Time left: 300 sec this turn | 300 sec total\n|\n|t:|1783570786\n|move|p2a: Cryogonal|Recover|p2a: Cryogonal\n|-heal|p2a: Cryogonal|100/100\n|move|p1a: Kyogre|Calm Mind|p1a: Kyogre\n|-boost|p1a: Kyogre|spa|1\n|-boost|p1a: Kyogre|spd|1\n|\n|upkeep\n|turn|10\n|inactive|Time left: 300 sec this turn | 300 sec total\n|\n|t:|1783570787\n|move|p2a: Cryogonal|Rapid Spin|p1a: Kyogre\n|-damage|p1a: Kyogre|231/259\n|-boost|p2a: Cryogonal|spe|1\n|move|p1a: Kyogre|Origin Pulse|p2a: Cryogonal\n|-damage|p2a: Cryogonal|45/100\n|\n|-heal|p1a: Kyogre|247/259|[from] item: Leftovers\n|upkeep\n|turn|11\n|inactive|Time left: 300 sec this turn | 300 sec total\n|\n|t:|1783570788\n|move|p2a: Cryogonal|Recover|p2a: Cryogonal\n|-heal|p2a: Cryogonal|95/100\n|move|p1a: Kyogre|Origin Pulse|p2a: Cryogonal\n|-damage|p2a: Cryogonal|42/100\n|\n|-heal|p1a: Kyogre|259/259|[from] item: Leftovers\n|upkeep\n|turn|12\n|inactive|Time left: 300 sec this turn | 300 sec total\n|\n|t:|1783570789\n|move|p2a: Cryogonal|Recover|p2a: Cryogonal\n|-heal|p2a: Cryogonal|92/100\n|move|p1a: Kyogre|Origin Pulse|p2a: Cryogonal\n|-damage|p2a: Cryogonal|31/100\n|\n|upkeep\n|turn|13\n|inactive|Time left: 300 sec this turn | 300 sec total\n|\n|t:|1783570790\n|move|p2a: Cryogonal|Ice Beam|p1a: Kyogre\n|-resisted|p1a: Kyogre\n|-damage|p1a: Kyogre|238/259\n|move|p1a: Kyogre|Origin Pulse|p2a: Cryogonal\n|-damage|p2a: Cryogonal|0 fnt\n|faint|p2a: Cryogonal\n|\n|-heal|p1a: Kyogre|254/259|[from] item: Leftovers\n|upkeep\n|\n|t:|1783570791\n|switch|p2a: Reuniclus|Reuniclus, L88, M|100/100\n|turn|14\n|inactive|Time left: 300 sec this turn | 300 sec total\n|\n|t:|1783570792\n|move|p1a: Kyogre|Origin Pulse|p2a: Reuniclus|[miss]\n|-miss|p1a: Kyogre|p2a: Reuniclus\n|move|p2a: Reuniclus|Calm Mind|p2a: Reuniclus\n|-boost|p2a: Reuniclus|spa|1\n|-boost|p2a: Reuniclus|spd|1\n|\n|-heal|p1a: Kyogre|259/259|[from] item: Leftovers\n|upkeep\n|turn|15\n|inactive|Time left: 300 sec this turn | 300 sec total\n|\n|t:|1783570793\n|move|p1a: Kyogre|Ice Beam|p2a: Reuniclus\n|-damage|p2a: Reuniclus|74/100\n|move|p2a: Reuniclus|Psyshock|p1a: Kyogre\n|-damage|p1a: Kyogre|2/259\n|\n|-heal|p1a: Kyogre|18/259|[from] item: Leftovers\n|upkeep\n|turn|16\n|inactive|Time left: 300 sec this turn | 300 sec total\n|\n|t:|1783570794\n|move|p1a: Kyogre|Origin Pulse|p2a: Reuniclus|[miss]\n|-miss|p1a: Kyogre|p2a: Reuniclus\n|move|p2a: Reuniclus|Psyshock|p1a: Kyogre\n|-damage|p1a: Kyogre|0 fnt\n|faint|p1a: Kyogre\n|\n|upkeep\n|inactive|Time left: 300 sec this turn | 300 sec total | 5 sec grace\n|\n|t:|1783570795\n|switch|p1a: Hoopa|Hoopa-Unbound, L80|259/259\n|turn|17\n|inactive|Time left: 300 sec this turn | 300 sec total\n|\n|t:|1783570796\n|-terastallize|p2a: Reuniclus|Fighting\n|move|p1a: Hoopa|Hyperspace Fury|p2a: Reuniclus\n|-resisted|p2a: Reuniclus\n|-damage|p2a: Reuniclus|53/100\n|-unboost|p1a: Hoopa|def|1\n|move|p2a: Reuniclus|Recover|p2a: Reuniclus\n|-heal|p2a: Reuniclus|100/100\n|\n|upkeep\n|turn|18\n|inactive|Time left: 300 sec this turn | 300 sec total\n|\n|t:|1783570797\n|move|p1a: Hoopa|Hyperspace Fury|p2a: Reuniclus\n|-resisted|p2a: Reuniclus\n|-damage|p2a: Reuniclus|78/100\n|-unboost|p1a: Hoopa|def|1\n|move|p2a: Reuniclus|Focus Blast|p1a: Hoopa\n|-damage|p1a: Hoopa|16/259\n|\n|upkeep\n|turn|19\n|inactive|Time left: 300 sec this turn | 300 sec total\n|\n|t:|1783570798\n|move|p1a: Hoopa|Hyperspace Fury|p2a: Reuniclus\n|-resisted|p2a: Reuniclus\n|-damage|p2a: Reuniclus|55/100\n|-unboost|p1a: Hoopa|def|1\n|move|p2a: Reuniclus|Recover|p2a: Reuniclus\n|-heal|p2a: Reuniclus|100/100\n|\n|upkeep\n|turn|20\n|inactive|Time left: 300 sec this turn | 300 sec total\n|\n|t:|1783570799\n|move|p1a: Hoopa|Hyperspace Fury|p2a: Reuniclus\n|-resisted|p2a: Reuniclus\n|-damage|p2a: Reuniclus|77/100\n|-unboost|p1a: Hoopa|def|1\n|move|p2a: Reuniclus|Focus Blast|p1a: Hoopa\n|-damage|p1a: Hoopa|0 fnt\n|faint|p1a: Hoopa\n|\n|upkeep\n|inactive|Time left: 300 sec this turn | 300 sec total | 5 sec grace\n|\n|t:|1783570800\n|switch|p1a: Deoxys|Deoxys, L74|196/196\n|-ability|p1a: Deoxys|Pressure\n|turn|21\n|inactive|Time left: 300 sec this turn | 300 sec total\n|\n|t:|1783570801\n|move|p1a: Deoxys|Psycho Boost|p2a: Reuniclus|[miss]\n|-miss|p1a: Deoxys|p2a: Reuniclus\n|move|p2a: Reuniclus|Psyshock|p1a: Deoxys\n|-resisted|p1a: Deoxys\n|-damage|p1a: Deoxys|17/196\n|\n|upkeep\n|turn|22\n|inactive|Time left: 300 sec this turn | 300 sec total\n|\n|t:|1783570802\n|switch|p2a: Brute Bonnet|Brute Bonnet, L80|100/100\n|move|p1a: Deoxys|Psycho Boost|p2a: Brute Bonnet\n|-immune|p2a: Brute Bonnet\n|\n|upkeep\n|turn|23\n|inactive|Time left: 300 sec this turn | 300 sec total\n|\n|t:|1783570803\n|move|p2a: Brute Bonnet|Sucker Punch|p1a: Deoxys\n|-supereffective|p1a: Deoxys\n|-damage|p1a: Deoxys|0 fnt\n|faint|p1a: Deoxys\n|\n|upkeep\n|inactive|Time left: 300 sec this turn | 300 sec total | 5 sec grace\n|\n|t:|1783570804\n|switch|p1a: Skuntank|Skuntank, L84, M|310/310\n|turn|24\n|inactive|Time left: 300 sec this turn | 300 sec total\n|\n|t:|1783570805\n|-end|p2a: Brute Bonnet|Protosynthesis|[silent]\n|switch|p2a: Reuniclus|Reuniclus, L88, M, tera:Fighting|77/100\n|move|p1a: Skuntank|Gunk Shot|p2a: Reuniclus\n|-damage|p2a: Reuniclus|23/100\n|-damage|p1a: Skuntank|279/310|[from] item: Life Orb\n|\n|upkeep\n|turn|25\n|inactive|Time left: 300 sec this turn | 300 sec total\n|\n|t:|1783570806\n|move|p1a: Skuntank|Gunk Shot|p2a: Reuniclus\n|-damage|p2a: Reuniclus|0 fnt\n|faint|p2a: Reuniclus\n|-damage|p1a: Skuntank|248/310|[from] item: Life Orb\n|\n|upkeep\n|\n|t:|1783570806\n|switch|p2a: Quaquaval|Quaquaval, L79, M|100/100\n|turn|26\n|inactive|Time left: 300 sec this turn | 300 sec total\n|\n|t:|1783570807\n|-terastallize|p1a: Skuntank|Poison\n|move|p1a: Skuntank|Gunk Shot|p2a: Quaquaval\n|-damage|p2a: Quaquaval|15/100\n|-damage|p1a: Skuntank|217/310|[from] item: Life Orb\n|move|p2a: Quaquaval|Aqua Step|p1a: Skuntank\n|-damage|p1a: Skuntank|115/310\n|-boost|p2a: Quaquaval|spe|1\n|\n|-heal|p2a: Quaquaval|21/100|[from] item: Leftovers\n|upkeep\n|turn|27\n|inactive|Time left: 300 sec this turn | 300 sec total\n|\n|t:|1783570808\n|move|p2a: Quaquaval|Aqua Step|p1a: Skuntank\n|-damage|p1a: Skuntank|9/310\n|-boost|p2a: Quaquaval|spe|1\n|move|p1a: Skuntank|Gunk Shot|p2a: Quaquaval\n|-damage|p2a: Quaquaval|0 fnt\n|faint|p2a: Quaquaval\n|-damage|p1a: Skuntank|0 fnt|[from] item: Life Orb\n|faint|p1a: Skuntank\n|\n|upkeep\n|inactive|Time left: 300 sec this turn | 300 sec total | 5 sec grace\n|\n|t:|1783570809\n|switch|p1a: Florges|Florges, L85, F|271/271\n|switch|p2a: Scovillain|Scovillain, L91, F|100/100\n|turn|28\n|inactive|Time left: 300 sec this turn | 300 sec total\n|\n|t:|1783570810\n|move|p2a: Scovillain|Energy Ball|p1a: Florges\n|-damage|p1a: Florges|192/271\n|move|p1a: Florges|Calm Mind|p1a: Florges\n|-boost|p1a: Florges|spa|1\n|-boost|p1a: Florges|spd|1\n|\n|-heal|p1a: Florges|208/271|[from] item: Leftovers\n|upkeep\n|turn|29\n|inactive|Time left: 300 sec this turn | 300 sec total\n|\n|t:|1783570811\n|move|p2a: Scovillain|Energy Ball|p1a: Florges\n|-damage|p1a: Florges|160/271\n|-unboost|p1a: Florges|spd|1\n|move|p1a: Florges|Calm Mind|p1a: Florges\n|-boost|p1a: Florges|spa|1\n|-boost|p1a: Florges|spd|1\n|\n|-heal|p1a: Florges|176/271|[from] item: Leftovers\n|upkeep\n|turn|30\n|inactive|Time left: 300 sec this turn | 300 sec total\n|\n|t:|1783570812\n|move|p2a: Scovillain|Energy Ball|p1a: Florges\n|-damage|p1a: Florges|119/271\n|move|p1a: Florges|Moonblast|p2a: Scovillain\n|-resisted|p2a: Scovillain\n|-damage|p2a: Scovillain|53/100\n|\n|-heal|p1a: Florges|135/271|[from] item: Leftovers\n|upkeep\n|turn|31\n|inactive|Time left: 300 sec this turn | 300 sec total\n|\n|t:|1783570813\n|move|p1a: Florges|Protect|p1a: Florges\n|-singleturn|p1a: Florges|Protect\n|move|p2a: Scovillain|Energy Ball|p1a: Florges\n|-activate|p1a: Florges|move: Protect\n|\n|-heal|p1a: Florges|151/271|[from] item: Leftovers\n|upkeep\n|turn|32\n|inactive|Time left: 300 sec this turn | 300 sec total\n|\n|t:|1783570814\n|move|p2a: Scovillain|Energy Ball|p1a: Florges\n|-damage|p1a: Florges|97/271\n|move|p1a: Florges|Wish|p1a: Florges\n|\n|-heal|p1a: Florges|113/271|[from] item: Leftovers\n|upkeep\n|turn|33\n|inactive|Time left: 300 sec this turn | 300 sec total\n|\n|t:|1783570815\n|move|p2a: Scovillain|Energy Ball|p1a: Florges\n|-damage|p1a: Florges|65/271\n|move|p1a: Florges|Moonblast|p2a: Scovillain\n|-resisted|p2a: Scovillain\n|-damage|p2a: Scovillain|0 fnt\n|faint|p2a: Scovillain\n|\n|-heal|p1a: Florges|200/271|[from] move: Wish|[wisher] Florges\n|-heal|p1a: Florges|216/271|[from] item: Leftovers\n|upkeep\n|\n|t:|1783570816\n|switch|p2a: Zapdos|Zapdos, L78|100/100\n|turn|34\n|inactive|Time left: 300 sec this turn | 300 sec total\n|\n|t:|1783570817\n|move|p2a: Zapdos|Hurricane|p1a: Florges|[miss]\n|-miss|p2a: Zapdos|p1a: Florges\n|move|p1a: Florges|Moonblast|p2a: Zapdos\n|-damage|p2a: Zapdos|14/100\n|\n|-heal|p1a: Florges|232/271|[from] item: Leftovers\n|upkeep\n|turn|35\n|inactive|Time left: 300 sec this turn | 300 sec total\n|\n|t:|1783570818\n|move|p2a: Zapdos|Hurricane|p1a: Florges\n|-damage|p1a: Florges|180/271\n|move|p1a: Florges|Moonblast|p2a: Zapdos\n|-damage|p2a: Zapdos|0 fnt\n|faint|p2a: Zapdos\n|\n|-heal|p1a: Florges|196/271|[from] item: Leftovers\n|upkeep\n|\n|t:|1783570819\n|switch|p2a: Brute Bonnet|Brute Bonnet, L80|100/100\n|turn|36\n|inactive|Time left: 300 sec this turn | 300 sec total\n|\n|t:|1783570820\n|move|p2a: Brute Bonnet|Sucker Punch|p1a: Florges\n|-resisted|p1a: Florges\n|-damage|p1a: Florges|143/271\n|move|p1a: Florges|Moonblast|p2a: Brute Bonnet\n|-supereffective|p2a: Brute Bonnet\n|-damage|p2a: Brute Bonnet|0 fnt\n|faint|p2a: Brute Bonnet\n|-end|p2a: Brute Bonnet|Protosynthesis|[silent]\n|\n|win|p0x266781ef", "uploadtime": 1783570820, "views": 0, "rating": 0, "private": 0, "password": null, "_winner": "p0x266781ef", "_our_name": "p0x266781ef"}