{"id": "battle-gen9randombattle-2579", "formatid": "gen9randombattle", "format": "[Gen 9] Random Battle", "players": ["p0x2579b04c", "p0y2579e86b"], "log": "|init|battle\n|title|p0x2579b04c vs. p0y2579e86b\n|j|\u2606p0x2579b04c\n|j|\u2606p0y2579e86b\n|t:|1783569799\n|gametype|singles\n|player|p1|p0x2579b04c|102|\n|player|p2|p0y2579e86b|265|\n|gen|9\n|tier|[Gen 9] Random Battle\n|rule|Species Clause: Limit one of each Pok\u00e9mon\n|rule|HP Percentage Mod: HP is shown in percentages\n|rule|Sleep Clause Mod: Limit one foe put to sleep\n|rule|Illusion Level Mod: Illusion disguises the Pok\u00e9mon's true level\n|\n|t:|1783569799\n|teamsize|p1|6\n|teamsize|p2|6\n|start\n|switch|p1a: Iron Treads|Iron Treads, L77|265/265\n|switch|p2a: Houndoom|Houndoom, L87, F|100/100\n|turn|1\n|inactive|Battle timer is ON: inactive players will automatically lose when time's up. (requested by p0y2579e86b)\n|inactive|Time left: 300 sec this turn | 300 sec total | 60 sec grace\n|inactive|p0x2579b04c also wants the timer to be on.\n|\n|t:|1783569801\n|-end|p1a: Iron Treads|Quark Drive|[silent]\n|switch|p1a: Terrakion|Terrakion, L79|273/273\n|move|p2a: Houndoom|Fire Blast|p1a: Terrakion\n|-resisted|p1a: Terrakion\n|-damage|p1a: Terrakion|203/273\n|\n|upkeep\n|turn|2\n|inactive|Time left: 300 sec this turn | 300 sec total\n|\n|t:|1783569802\n|switch|p2a: Brambleghast|Brambleghast, L88, F|100/100\n|move|p1a: Terrakion|Stone Edge|p2a: Brambleghast|[miss]\n|-miss|p1a: Terrakion|p2a: Brambleghast\n|\n|upkeep\n|turn|3\n|inactive|Time left: 300 sec this turn | 300 sec total\n|\n|t:|1783569803\n|move|p1a: Terrakion|Stone Edge|p2a: Brambleghast\n|-damage|p2a: Brambleghast|19/100\n|move|p2a: Brambleghast|Power Whip|p1a: Terrakion\n|-supereffective|p1a: Terrakion\n|-damage|p1a: Terrakion|0 fnt\n|faint|p1a: Terrakion\n|\n|-heal|p2a: Brambleghast|25/100|[from] item: Leftovers\n|upkeep\n|inactive|Time left: 300 sec this turn | 300 sec total | 5 sec grace\n|\n|t:|1783569804\n|switch|p1a: Sawsbuck|Sawsbuck-Summer, L88, M|284/284\n|turn|4\n|inactive|Time left: 300 sec this turn | 300 sec total\n|\n|t:|1783569805\n|switch|p2a: Reuniclus|Reuniclus, L88, M|100/100\n|move|p1a: Sawsbuck|Swords Dance|p1a: Sawsbuck\n|-boost|p1a: Sawsbuck|atk|2\n|\n|upkeep\n|turn|5\n|inactive|Time left: 300 sec this turn | 300 sec total\n|\n|t:|1783569806\n|move|p1a: Sawsbuck|Headbutt|p2a: Reuniclus\n|-damage|p2a: Reuniclus|30/100\n|-damage|p1a: Sawsbuck|256/284|[from] item: Life Orb\n|move|p2a: Reuniclus|Focus Blast|p1a: Sawsbuck\n|-supereffective|p1a: Sawsbuck\n|-damage|p1a: Sawsbuck|0 fnt\n|faint|p1a: Sawsbuck\n|\n|upkeep\n|inactive|Time left: 300 sec this turn | 300 sec total | 5 sec grace\n|\n|t:|1783569807\n|switch|p1a: Skuntank|Skuntank, L84, F|310/310\n|turn|6\n|inactive|Time left: 300 sec this turn | 300 sec total\n|\n|t:|1783569808\n|switch|p2a: Clawitzer|Clawitzer, L87, M|100/100\n|move|p1a: Skuntank|Knock Off|p2a: Clawitzer\n|-damage|p2a: Clawitzer|65/100\n|-enditem|p2a: Clawitzer|Choice Specs|[from] move: Knock Off|[of] p1a: Skuntank\n|\n|upkeep\n|turn|7\n|inactive|Time left: 300 sec this turn | 300 sec total\n|\n|t:|1783569809\n|move|p1a: Skuntank|Gunk Shot|p2a: Clawitzer\n|-damage|p2a: Clawitzer|20/100\n|move|p2a: Clawitzer|Water Pulse|p1a: Skuntank\n|-damage|p1a: Skuntank|201/310\n|\n|upkeep\n|turn|8\n|inactive|Time left: 300 sec this turn | 300 sec total\n|\n|t:|1783569810\n|move|p1a: Skuntank|Knock Off|p2a: Clawitzer\n|-damage|p2a: Clawitzer|0 fnt\n|faint|p2a: Clawitzer\n|\n|upkeep\n|\n|t:|1783569811\n|switch|p2a: Houndoom|Houndoom, L87, F|100/100\n|turn|9\n|inactive|Time left: 300 sec this turn | 300 sec total\n|\n|t:|1783569811\n|move|p2a: Houndoom|Nasty Plot|p2a: Houndoom\n|-boost|p2a: Houndoom|spa|2\n|move|p1a: Skuntank|Gunk Shot|p2a: Houndoom\n|-damage|p2a: Houndoom|32/100\n|\n|upkeep\n|turn|10\n|inactive|Time left: 300 sec this turn | 300 sec total\n|\n|t:|1783569812\n|move|p2a: Houndoom|Fire Blast|p1a: Skuntank\n|-damage|p1a: Skuntank|0 fnt\n|faint|p1a: Skuntank\n|\n|upkeep\n|inactive|Time left: 300 sec this turn | 300 sec total | 5 sec grace\n|\n|t:|1783569813\n|switch|p1a: Latios|Latios, L78, M|253/253\n|turn|11\n|inactive|Time left: 300 sec this turn | 300 sec total\n|\n|t:|1783569814\n|move|p2a: Houndoom|Sucker Punch|p1a: Latios\n|-supereffective|p1a: Latios\n|-damage|p1a: Latios|91/253\n|move|p1a: Latios|Draco Meteor|p2a: Houndoom\n|-damage|p2a: Houndoom|0 fnt\n|-unboost|p1a: Latios|spa|2\n|faint|p2a: Houndoom\n|\n|upkeep\n|\n|t:|1783569815\n|switch|p2a: Greninja|Greninja, L80, M|100/100\n|turn|12\n|inactive|Time left: 300 sec this turn | 300 sec total\n|\n|t:|1783569816\n|switch|p1a: Appletun|Appletun, L92, M|352/352\n|move|p2a: Greninja|Dark Pulse|p1a: Appletun\n|-damage|p1a: Appletun|249/352\n|-damage|p2a: Greninja|91/100|[from] item: Life Orb\n|\n|-heal|p1a: Appletun|271/352|[from] item: Leftovers\n|upkeep\n|turn|13\n|inactive|Time left: 300 sec this turn | 300 sec total\n|\n|t:|1783569817\n|-terastallize|p2a: Greninja|Poison\n|-terastallize|p1a: Appletun|Steel\n|move|p2a: Greninja|Gunk Shot|p1a: Appletun\n|-immune|p1a: Appletun\n|move|p1a: Appletun|Apple Acid|p2a: Greninja\n|-resisted|p2a: Greninja\n|-damage|p2a: Greninja|64/100\n|-unboost|p2a: Greninja|spd|1\n|\n|-heal|p1a: Appletun|293/352|[from] item: Leftovers\n|upkeep\n|turn|14\n|inactive|Time left: 300 sec this turn | 300 sec total\n|\n|t:|1783569819\n|switch|p2a: Ogerpon|Ogerpon, L80, F|100/100\n|move|p1a: Appletun|Apple Acid|p2a: Ogerpon\n|-resisted|p2a: Ogerpon\n|-damage|p2a: Ogerpon|81/100\n|-unboost|p2a: Ogerpon|spd|1\n|-ability|p2a: Ogerpon|Defiant|boost\n|-boost|p2a: Ogerpon|atk|2\n|\n|-heal|p1a: Appletun|315/352|[from] item: Leftovers\n|upkeep\n|turn|15\n|inactive|Time left: 300 sec this turn | 300 sec total\n|\n|t:|1783569820\n|switch|p1a: Latios|Latios, L78, M|91/253\n|move|p2a: Ogerpon|Superpower|p1a: Latios\n|-resisted|p1a: Latios\n|-damage|p1a: Latios|0 fnt\n|-unboost|p2a: Ogerpon|atk|1\n|-unboost|p2a: Ogerpon|def|1\n|faint|p1a: Latios\n|-damage|p2a: Ogerpon|72/100|[from] item: Life Orb\n|\n|upkeep\n|inactive|Time left: 300 sec this turn | 300 sec total | 5 sec grace\n|\n|t:|1783569821\n|switch|p1a: Appletun|Appletun, L92, M, tera:Steel|315/352\n|turn|16\n|inactive|Time left: 300 sec this turn | 300 sec total\n|\n|t:|1783569822\n|move|p2a: Ogerpon|Superpower|p1a: Appletun\n|-supereffective|p1a: Appletun\n|-damage|p1a: Appletun|0 fnt\n|-unboost|p2a: Ogerpon|atk|1\n|-unboost|p2a: Ogerpon|def|1\n|faint|p1a: Appletun\n|-damage|p2a: Ogerpon|62/100|[from] item: Life Orb\n|\n|upkeep\n|inactive|Time left: 300 sec this turn | 300 sec total | 5 sec grace\n|\n|t:|1783569823\n|switch|p1a: Iron Treads|Iron Treads, L77|265/265\n|turn|17\n|inactive|Time left: 300 sec this turn | 300 sec total\n|\n|t:|1783569824\n|switch|p2a: Brambleghast|Brambleghast, L88, F|25/100\n|move|p1a: Iron Treads|Rapid Spin|p2a: Brambleghast\n|-immune|p2a: Brambleghast\n|\n|-heal|p2a: Brambleghast|31/100|[from] item: Leftovers\n|upkeep\n|turn|18\n|inactive|Time left: 300 sec this turn | 300 sec total\n|\n|t:|1783569825\n|move|p2a: Brambleghast|Power Whip|p1a: Iron Treads\n|-damage|p1a: Iron Treads|126/265\n|move|p1a: Iron Treads|Earthquake|p2a: Brambleghast\n|-resisted|p2a: Brambleghast\n|-damage|p2a: Brambleghast|9/100\n|\n|-heal|p2a: Brambleghast|15/100|[from] item: Leftovers\n|-heal|p1a: Iron Treads|142/265|[from] item: Leftovers\n|upkeep\n|turn|19\n|inactive|Time left: 300 sec this turn | 300 sec total\n|\n|t:|1783569826\n|move|p2a: Brambleghast|Power Whip|p1a: Iron Treads\n|-damage|p1a: Iron Treads|0 fnt\n|faint|p1a: Iron Treads\n|-end|p1a: Iron Treads|Quark Drive|[silent]\n|\n|win|p0y2579e86b", "uploadtime": 1783569826, "views": 0, "rating": 0, "private": 0, "password": null, "_winner": "p0y2579e86b", "_our_name": "p0x2579b04c"}