{"id": "battle-gen9randombattle-1868", "formatid": "gen9randombattle", "format": "[Gen 9] Random Battle", "players": ["p0x186807fe", "p0y18685133"], "log": "|init|battle\n|title|p0x186807fe vs. p0y18685133\n|j|\u2606p0x186807fe\n|j|\u2606p0y18685133\n|t:|1783560882\n|gametype|singles\n|player|p1|p0x186807fe|265|\n|player|p2|p0y18685133|169|\n|gen|9\n|tier|[Gen 9] Random Battle\n|rule|Species Clause: Limit one of each Pok\u00e9mon\n|rule|HP Percentage Mod: HP is shown in percentages\n|rule|Sleep Clause Mod: Limit one foe put to sleep\n|rule|Illusion Level Mod: Illusion disguises the Pok\u00e9mon's true level\n|\n|t:|1783560882\n|teamsize|p1|6\n|teamsize|p2|6\n|start\n|switch|p1a: Okidogi|Okidogi, L77, M|262/262\n|switch|p2a: Hydreigon|Hydreigon, L79, M|100/100\n|turn|1\n|inactive|Battle timer is ON: inactive players will automatically lose when time's up. (requested by p0y18685133)\n|inactive|Time left: 300 sec this turn | 300 sec total | 60 sec grace\n|inactive|p0x186807fe also wants the timer to be on.\n|\n|t:|1783560884\n|move|p2a: Hydreigon|Draco Meteor|p1a: Okidogi\n|-damage|p1a: Okidogi|105/262\n|-unboost|p2a: Hydreigon|spa|2\n|move|p1a: Okidogi|Gunk Shot|p2a: Hydreigon|[miss]\n|-miss|p1a: Okidogi|p2a: Hydreigon\n|\n|upkeep\n|turn|2\n|inactive|Time left: 300 sec this turn | 300 sec total\n|\n|t:|1783560885\n|switch|p2a: Ariados|Ariados, L95, F|100/100\n|move|p1a: Okidogi|Drain Punch|p2a: Ariados\n|-resisted|p2a: Ariados\n|-damage|p2a: Ariados|93/100\n|-heal|p1a: Okidogi|116/262|[from] drain|[of] p2a: Ariados\n|\n|upkeep\n|turn|3\n|inactive|Time left: 300 sec this turn | 300 sec total\n|\n|t:|1783560886\n|move|p1a: Okidogi|Knock Off|p2a: Ariados\n|-damage|p2a: Ariados|66/100\n|-enditem|p2a: Ariados|Heavy-Duty Boots|[from] move: Knock Off|[of] p1a: Okidogi\n|move|p2a: Ariados|Sticky Web|p1a: Okidogi\n|-sidestart|p1: p0x186807fe|move: Sticky Web\n|\n|upkeep\n|turn|4\n|inactive|Time left: 300 sec this turn | 300 sec total\n|\n|t:|1783560888\n|move|p1a: Okidogi|Gunk Shot|p2a: Ariados\n|-resisted|p2a: Ariados\n|-damage|p2a: Ariados|41/100\n|move|p2a: Ariados|Poison Jab|p1a: Okidogi\n|-resisted|p1a: Okidogi\n|-damage|p1a: Okidogi|70/262\n|\n|upkeep\n|turn|5\n|inactive|Time left: 300 sec this turn | 300 sec total\n|\n|t:|1783560889\n|move|p1a: Okidogi|Gunk Shot|p2a: Ariados\n|-resisted|p2a: Ariados\n|-damage|p2a: Ariados|15/100\n|move|p2a: Ariados|Megahorn|p1a: Okidogi\n|-resisted|p1a: Okidogi\n|-damage|p1a: Okidogi|20/262\n|\n|upkeep\n|turn|6\n|inactive|Time left: 300 sec this turn | 300 sec total\n|\n|t:|1783560889\n|move|p2a: Ariados|Sucker Punch|p1a: Okidogi\n|-resisted|p1a: Okidogi\n|-damage|p1a: Okidogi|0 fnt\n|faint|p1a: Okidogi\n|\n|upkeep\n|inactive|Time left: 300 sec this turn | 300 sec total | 5 sec grace\n|\n|t:|1783560890\n|switch|p1a: Blastoise|Blastoise, L80, F|258/258\n|-activate|p1a: Blastoise|move: Sticky Web\n|-unboost|p1a: Blastoise|spe|1\n|-enditem|p1a: Blastoise|White Herb\n|-clearnegativeboost|p1a: Blastoise|[silent]\n|turn|7\n|inactive|Time left: 300 sec this turn | 300 sec total\n|\n|t:|1783560892\n|move|p1a: Blastoise|Shell Smash|p1a: Blastoise\n|-unboost|p1a: Blastoise|def|1\n|-unboost|p1a: Blastoise|spd|1\n|-boost|p1a: Blastoise|atk|2\n|-boost|p1a: Blastoise|spa|2\n|-boost|p1a: Blastoise|spe|2\n|move|p2a: Ariados|Megahorn|p1a: Blastoise\n|-damage|p1a: Blastoise|0 fnt\n|faint|p1a: Blastoise\n|\n|upkeep\n|inactive|Time left: 300 sec this turn | 300 sec total | 5 sec grace\n|\n|t:|1783560892\n|switch|p1a: Sandy Shocks|Sandy Shocks, L80|267/267\n|turn|8\n|inactive|Time left: 300 sec this turn | 300 sec total\n|\n|t:|1783560893\n|switch|p2a: Hydreigon|Hydreigon, L79, M|100/100\n|move|p1a: Sandy Shocks|Earth Power|p2a: Hydreigon\n|-immune|p2a: Hydreigon|[from] ability: Levitate\n|\n|upkeep\n|turn|9\n|inactive|Time left: 300 sec this turn | 300 sec total\n|\n|t:|1783560894\n|move|p1a: Sandy Shocks|Thunder Wave|p2a: Hydreigon\n|-status|p2a: Hydreigon|par\n|move|p2a: Hydreigon|Dark Pulse|p1a: Sandy Shocks\n|-damage|p1a: Sandy Shocks|114/267\n|\n|upkeep\n|turn|10\n|inactive|Time left: 300 sec this turn | 300 sec total\n|\n|t:|1783560895\n|move|p1a: Sandy Shocks|Volt Switch|p2a: Hydreigon\n|-resisted|p2a: Hydreigon\n|-damage|p2a: Hydreigon|86/100 par\n|inactive|Time left: 300 sec this turn | 300 sec total | 5 sec grace\n|\n|t:|1783560896\n|-end|p1a: Sandy Shocks|Protosynthesis|[silent]\n|switch|p1a: Flapple|Flapple, L88, F|266/266|[from] Volt Switch\n|-activate|p1a: Flapple|move: Sticky Web\n|-unboost|p1a: Flapple|spe|1\n|cant|p2a: Hydreigon|par\n|\n|upkeep\n|turn|11\n|inactive|Time left: 300 sec this turn | 300 sec total\n|\n|t:|1783560897\n|move|p1a: Flapple|Outrage|p2a: Hydreigon\n|-supereffective|p2a: Hydreigon\n|-damage|p2a: Hydreigon|0 fnt\n|faint|p2a: Hydreigon\n|\n|upkeep\n|\n|t:|1783560898\n|switch|p2a: Ariados|Ariados, L95, F|15/100\n|turn|12\n|inactive|Time left: 300 sec this turn | 300 sec total\n|\n|t:|1783560899\n|move|p2a: Ariados|Megahorn|p1a: Flapple\n|-supereffective|p1a: Flapple\n|-damage|p1a: Flapple|0 fnt\n|faint|p1a: Flapple\n|\n|upkeep\n|inactive|Time left: 300 sec this turn | 300 sec total | 5 sec grace\n|\n|t:|1783560900\n|switch|p1a: Sandy Shocks|Sandy Shocks, L80|114/267\n|turn|13\n|inactive|Time left: 300 sec this turn | 300 sec total\n|\n|t:|1783560900\n|switch|p2a: Arboliva|Arboliva, L91, F|100/100\n|move|p1a: Sandy Shocks|Earth Power|p2a: Arboliva\n|-resisted|p2a: Arboliva\n|-damage|p2a: Arboliva|86/100\n|\n|upkeep\n|turn|14\n|inactive|Time left: 300 sec this turn | 300 sec total\n|\n|t:|1783560902\n|move|p1a: Sandy Shocks|Thunder Wave|p2a: Arboliva\n|-status|p2a: Arboliva|par\n|move|p2a: Arboliva|Hyper Voice|p1a: Sandy Shocks\n|-damage|p1a: Sandy Shocks|0 fnt\n|faint|p1a: Sandy Shocks\n|-end|p1a: Sandy Shocks|Protosynthesis|[silent]\n|\n|upkeep\n|inactive|Time left: 300 sec this turn | 300 sec total | 5 sec grace\n|\n|t:|1783560902\n|switch|p1a: Glalie|Glalie, L96, F|309/309\n|turn|15\n|inactive|Time left: 300 sec this turn | 300 sec total\n|\n|t:|1783560903\n|move|p1a: Glalie|Freeze-Dry|p2a: Arboliva\n|-supereffective|p2a: Arboliva\n|-damage|p2a: Arboliva|44/100 par\n|-enditem|p2a: Arboliva|Sitrus Berry|[eat]\n|-heal|p2a: Arboliva|69/100 par|[from] item: Sitrus Berry\n|move|p2a: Arboliva|Leech Seed|p1a: Glalie\n|-start|p1a: Glalie|move: Leech Seed\n|\n|-damage|p1a: Glalie|271/309|[from] Leech Seed|[of] p2a: Arboliva\n|-heal|p2a: Arboliva|82/100 par|[silent]\n|upkeep\n|turn|16\n|inactive|Time left: 300 sec this turn | 300 sec total\n|\n|t:|1783560904\n|switch|p1a: Sandaconda|Sandaconda, L84, F|258/258\n|-activate|p1a: Sandaconda|move: Sticky Web\n|-unboost|p1a: Sandaconda|spe|1\n|switch|p2a: Oranguru|Oranguru, L92, M|100/100\n|\n|upkeep\n|turn|17\n|inactive|Time left: 300 sec this turn | 300 sec total\n|\n|t:|1783560905\n|move|p2a: Oranguru|Nasty Plot|p2a: Oranguru\n|-boost|p2a: Oranguru|spa|2\n|move|p1a: Sandaconda|Coil|p1a: Sandaconda\n|-boost|p1a: Sandaconda|atk|1\n|-boost|p1a: Sandaconda|def|1\n|-boost|p1a: Sandaconda|accuracy|1\n|\n|upkeep\n|turn|18\n|inactive|Time left: 300 sec this turn | 300 sec total\n|\n|t:|1783560906\n|-terastallize|p1a: Sandaconda|Dragon\n|move|p2a: Oranguru|Focus Blast|p1a: Sandaconda\n|-damage|p1a: Sandaconda|20/258\n|move|p1a: Sandaconda|Scale Shot|p2a: Oranguru\n|-damage|p2a: Oranguru|86/100\n|-damage|p2a: Oranguru|73/100\n|-crit|p2a: Oranguru\n|-damage|p2a: Oranguru|52/100\n|-damage|p2a: Oranguru|39/100\n|-hitcount|p2a: Oranguru|4\n|-unboost|p1a: Sandaconda|def|1\n|-boost|p1a: Sandaconda|spe|1\n|\n|-heal|p2a: Oranguru|45/100|[from] item: Leftovers\n|upkeep\n|turn|19\n|inactive|Time left: 300 sec this turn | 300 sec total\n|\n|t:|1783560907\n|switch|p2a: Arboliva|Arboliva, L91, F|82/100 par\n|move|p1a: Sandaconda|Scale Shot|p2a: Arboliva\n|-damage|p2a: Arboliva|67/100 par\n|-damage|p2a: Arboliva|54/100 par\n|-damage|p2a: Arboliva|39/100 par\n|-damage|p2a: Arboliva|25/100 par\n|-damage|p2a: Arboliva|12/100 par\n|-hitcount|p2a: Arboliva|5\n|-unboost|p1a: Sandaconda|def|1\n|-boost|p1a: Sandaconda|spe|1\n|\n|-item|p2a: Arboliva|Sitrus Berry|[from] ability: Harvest\n|upkeep\n|-enditem|p2a: Arboliva|Sitrus Berry|[eat]\n|-heal|p2a: Arboliva|37/100 par|[from] item: Sitrus Berry\n|turn|20\n|inactive|Time left: 300 sec this turn | 300 sec total\n|\n|t:|1783560907\n|move|p1a: Sandaconda|Scale Shot|p2a: Arboliva\n|-damage|p2a: Arboliva|24/100 par\n|-damage|p2a: Arboliva|11/100 par\n|-damage|p2a: Arboliva|0 fnt\n|faint|p2a: Arboliva\n|-hitcount|p2: Arboliva|3\n|-unboost|p1a: Sandaconda|def|1\n|-boost|p1a: Sandaconda|spe|1\n|\n|upkeep\n|\n|t:|1783560908\n|switch|p2a: Ariados|Ariados, L95, F|15/100\n|turn|21\n|inactive|Time left: 300 sec this turn | 300 sec total\n|\n|t:|1783560909\n|move|p2a: Ariados|Sucker Punch||[still]\n|-fail|p2a: Ariados\n|move|p1a: Sandaconda|Coil|p1a: Sandaconda\n|-boost|p1a: Sandaconda|atk|1\n|-boost|p1a: Sandaconda|def|1\n|-boost|p1a: Sandaconda|accuracy|1\n|\n|upkeep\n|turn|22\n|inactive|Time left: 300 sec this turn | 300 sec total\n|\n|t:|1783560910\n|move|p2a: Ariados|Sucker Punch||[still]\n|-fail|p2a: Ariados\n|move|p1a: Sandaconda|Coil|p1a: Sandaconda\n|-boost|p1a: Sandaconda|atk|1\n|-boost|p1a: Sandaconda|def|1\n|-boost|p1a: Sandaconda|accuracy|1\n|\n|upkeep\n|turn|23\n|inactive|Time left: 300 sec this turn | 300 sec total\n|\n|t:|1783560911\n|move|p2a: Ariados|Sucker Punch||[still]\n|-fail|p2a: Ariados\n|move|p1a: Sandaconda|Coil|p1a: Sandaconda\n|-boost|p1a: Sandaconda|atk|1\n|-boost|p1a: Sandaconda|def|1\n|-boost|p1a: Sandaconda|accuracy|1\n|\n|upkeep\n|turn|24\n|inactive|Time left: 300 sec this turn | 300 sec total\n|\n|t:|1783560912\n|move|p2a: Ariados|Sucker Punch||[still]\n|-fail|p2a: Ariados\n|move|p1a: Sandaconda|Coil|p1a: Sandaconda\n|-boost|p1a: Sandaconda|atk|1\n|-boost|p1a: Sandaconda|def|1\n|-boost|p1a: Sandaconda|accuracy|1\n|\n|upkeep\n|turn|25\n|inactive|Time left: 300 sec this turn | 300 sec total\n|\n|t:|1783560913\n|move|p2a: Ariados|Sucker Punch||[still]\n|-fail|p2a: Ariados\n|move|p1a: Sandaconda|Coil|p1a: Sandaconda\n|-boost|p1a: Sandaconda|atk|1\n|-boost|p1a: Sandaconda|def|1\n|-boost|p1a: Sandaconda|accuracy|1\n|\n|upkeep\n|turn|26\n|inactive|Time left: 300 sec this turn | 300 sec total\n|\n|t:|1783560914\n|move|p1a: Sandaconda|Earthquake|p2a: Ariados\n|-damage|p2a: Ariados|0 fnt\n|faint|p2a: Ariados\n|\n|upkeep\n|\n|t:|1783560915\n|switch|p2a: Oranguru|Oranguru, L92, M|45/100\n|turn|27\n|inactive|Time left: 300 sec this turn | 300 sec total\n|\n|t:|1783560916\n|move|p1a: Sandaconda|Earthquake|p2a: Oranguru\n|-damage|p2a: Oranguru|0 fnt\n|faint|p2a: Oranguru\n|\n|upkeep\n|\n|t:|1783560917\n|switch|p2a: Milotic|Milotic, L83, F|100/100\n|turn|28\n|inactive|Time left: 300 sec this turn | 300 sec total\n|\n|t:|1783560918\n|move|p1a: Sandaconda|Earthquake|p2a: Milotic\n|-damage|p2a: Milotic|0 fnt\n|faint|p2a: Milotic\n|\n|upkeep\n|\n|t:|1783560918\n|switch|p2a: Pikachu|Pikachu-Unova, L93, F|100/100\n|turn|29\n|inactive|Time left: 300 sec this turn | 300 sec total\n|\n|t:|1783560920\n|-terastallize|p2a: Pikachu|Water\n|move|p1a: Sandaconda|Earthquake|p2a: Pikachu\n|-damage|p2a: Pikachu|0 fnt\n|faint|p2a: Pikachu\n|\n|win|p0x186807fe", "uploadtime": 1783560920, "views": 0, "rating": 0, "private": 0, "password": null, "_winner": "p0x186807fe", "_our_name": "p0x186807fe"}