{"id": "battle-gen9randombattle-2221", "formatid": "gen9randombattle", "format": "[Gen 9] Random Battle", "players": ["p0x2221298c", "p0y22218fd2"], "log": "|init|battle\n|title|p0x2221298c vs. p0y22218fd2\n|j|\u2606p0x2221298c\n|j|\u2606p0y22218fd2\n|t:|1783565747\n|gametype|singles\n|player|p1|p0x2221298c|266|\n|player|p2|p0y22218fd2|2|\n|gen|9\n|tier|[Gen 9] Random Battle\n|rule|Species Clause: Limit one of each Pok\u00e9mon\n|rule|HP Percentage Mod: HP is shown in percentages\n|rule|Sleep Clause Mod: Limit one foe put to sleep\n|rule|Illusion Level Mod: Illusion disguises the Pok\u00e9mon's true level\n|\n|t:|1783565747\n|teamsize|p1|6\n|teamsize|p2|6\n|start\n|switch|p1a: Kingambit|Kingambit, L74, M|270/270\n|switch|p2a: Golduck|Golduck, L90, M|100/100\n|-ability|p2a: Golduck|Cloud Nine\n|turn|1\n|inactive|Battle timer is ON: inactive players will automatically lose when time's up. (requested by p0y22218fd2)\n|inactive|Time left: 300 sec this turn | 300 sec total | 60 sec grace\n|inactive|p0x2221298c also wants the timer to be on.\n|\n|t:|1783565749\n|move|p2a: Golduck|Hydro Pump|p1a: Kingambit\n|-damage|p1a: Kingambit|21/270\n|move|p1a: Kingambit|Swords Dance|p1a: Kingambit\n|-boost|p1a: Kingambit|atk|2\n|\n|-heal|p1a: Kingambit|37/270|[from] item: Leftovers\n|upkeep\n|turn|2\n|inactive|Time left: 300 sec this turn | 300 sec total\n|\n|t:|1783565750\n|move|p1a: Kingambit|Sucker Punch|p2a: Golduck\n|-damage|p2a: Golduck|46/100\n|move|p2a: Golduck|Hydro Pump|p1a: Kingambit|[miss]\n|-miss|p2a: Golduck|p1a: Kingambit\n|\n|-heal|p1a: Kingambit|53/270|[from] item: Leftovers\n|upkeep\n|turn|3\n|inactive|Time left: 300 sec this turn | 300 sec total\n|\n|t:|1783565750\n|move|p1a: Kingambit|Sucker Punch|p2a: Golduck\n|-damage|p2a: Golduck|0 fnt\n|faint|p2a: Golduck\n|\n|-heal|p1a: Kingambit|69/270|[from] item: Leftovers\n|upkeep\n|\n|t:|1783565751\n|switch|p2a: Enamorus|Enamorus-Therian, L83, F|100/100\n|turn|4\n|inactive|Time left: 300 sec this turn | 300 sec total\n|\n|t:|1783565752\n|-end|p1a: Kingambit|fallenundefined|[silent]\n|switch|p1a: Oranguru|Oranguru, L92, M|315/315\n|move|p2a: Enamorus|Moonblast|p1a: Oranguru\n|-damage|p1a: Oranguru|176/315\n|-unboost|p1a: Oranguru|spa|1\n|\n|upkeep\n|turn|5\n|inactive|Time left: 300 sec this turn | 300 sec total\n|\n|t:|1783565753\n|move|p1a: Oranguru|Hyper Voice|p2a: Enamorus\n|-damage|p2a: Enamorus|65/100\n|move|p2a: Enamorus|Moonblast|p1a: Oranguru\n|-damage|p1a: Oranguru|32/315\n|-unboost|p1a: Oranguru|spa|1\n|\n|upkeep\n|turn|6\n|inactive|Time left: 300 sec this turn | 300 sec total\n|\n|t:|1783565754\n|move|p1a: Oranguru|Hyper Voice|p2a: Enamorus\n|-damage|p2a: Enamorus|35/100\n|move|p2a: Enamorus|Moonblast|p1a: Oranguru\n|-damage|p1a: Oranguru|0 fnt\n|faint|p1a: Oranguru\n|\n|upkeep\n|inactive|Time left: 300 sec this turn | 300 sec total | 5 sec grace\n|\n|t:|1783565755\n|switch|p1a: Walking Wake|Walking Wake, L79|286/286\n|turn|7\n|inactive|Time left: 300 sec this turn | 300 sec total\n|\n|t:|1783565756\n|move|p1a: Walking Wake|Hydro Pump|p2a: Enamorus\n|-damage|p2a: Enamorus|0 fnt\n|faint|p2a: Enamorus\n|\n|upkeep\n|\n|t:|1783565757\n|switch|p2a: Komala|Komala, L87, M|100/100\n|-ability|p2a: Komala|Comatose\n|turn|8\n|inactive|Time left: 300 sec this turn | 300 sec total\n|\n|t:|1783565758\n|move|p1a: Walking Wake|Hydro Pump|p2a: Komala\n|-damage|p2a: Komala|57/100\n|move|p2a: Komala|Knock Off|p1a: Walking Wake\n|-damage|p1a: Walking Wake|205/286\n|-enditem|p1a: Walking Wake|Choice Specs|[from] move: Knock Off|[of] p2a: Komala\n|\n|upkeep\n|turn|9\n|inactive|Time left: 300 sec this turn | 300 sec total\n|\n|t:|1783565759\n|move|p1a: Walking Wake|Flip Turn|p2a: Komala\n|-damage|p2a: Komala|35/100\n|inactive|Time left: 300 sec this turn | 300 sec total | 5 sec grace\n|\n|t:|1783565760\n|-end|p1a: Walking Wake|Protosynthesis|[silent]\n|switch|p1a: Rhyperior|Rhyperior, L82, F|323/323|[from] Flip Turn\n|move|p2a: Komala|U-turn|p1a: Rhyperior\n|-damage|p1a: Rhyperior|279/323\n|\n|t:|1783565761\n|switch|p2a: Galvantula|Galvantula, L82, M|100/100|[from] U-turn\n|\n|upkeep\n|turn|10\n|inactive|Time left: 300 sec this turn | 300 sec total\n|\n|t:|1783565762\n|move|p2a: Galvantula|Sticky Web|p1a: Rhyperior\n|-sidestart|p1: p0x2221298c|move: Sticky Web\n|move|p1a: Rhyperior|Earthquake|p2a: Galvantula\n|-damage|p2a: Galvantula|22/100\n|\n|upkeep\n|turn|11\n|inactive|Time left: 300 sec this turn | 300 sec total\n|\n|t:|1783565763\n|move|p2a: Galvantula|Energy Ball|p1a: Rhyperior\n|-supereffective|p1a: Rhyperior\n|-damage|p1a: Rhyperior|102/323\n|move|p1a: Rhyperior|Earthquake|p2a: Galvantula\n|-damage|p2a: Galvantula|0 fnt\n|faint|p2a: Galvantula\n|\n|upkeep\n|\n|t:|1783565764\n|switch|p2a: Drednaw|Drednaw, L81, M|100/100\n|turn|12\n|inactive|Time left: 300 sec this turn | 300 sec total\n|\n|t:|1783565765\n|-terastallize|p1a: Rhyperior|Grass\n|move|p2a: Drednaw|Liquidation|p1a: Rhyperior\n|-resisted|p1a: Rhyperior\n|-damage|p1a: Rhyperior|69/323\n|-unboost|p1a: Rhyperior|def|1\n|move|p1a: Rhyperior|Earthquake|p2a: Drednaw\n|-supereffective|p2a: Drednaw\n|-damage|p2a: Drednaw|0 fnt\n|faint|p2a: Drednaw\n|\n|upkeep\n|\n|t:|1783565766\n|switch|p2a: Komala|Komala, L87, M|35/100\n|-ability|p2a: Komala|Comatose\n|turn|13\n|inactive|Time left: 300 sec this turn | 300 sec total\n|\n|t:|1783565767\n|switch|p1a: Hitmontop|Hitmontop, L88, M|231/231\n|-activate|p1a: Hitmontop|move: Sticky Web\n|-unboost|p1a: Hitmontop|spe|1\n|-ability|p1a: Hitmontop|Intimidate|boost\n|-unboost|p2a: Komala|atk|1\n|move|p2a: Komala|Knock Off|p1a: Hitmontop\n|-resisted|p1a: Hitmontop\n|-damage|p1a: Hitmontop|206/231\n|-enditem|p1a: Hitmontop|Assault Vest|[from] move: Knock Off|[of] p2a: Komala\n|\n|upkeep\n|turn|14\n|inactive|Time left: 300 sec this turn | 300 sec total\n|\n|t:|1783565768\n|-terastallize|p2a: Komala|Ghost\n|move|p2a: Komala|Body Slam|p1a: Hitmontop\n|-damage|p1a: Hitmontop|136/231\n|move|p1a: Hitmontop|Rapid Spin|p2a: Komala\n|-immune|p2a: Komala\n|\n|upkeep\n|turn|15\n|inactive|Time left: 300 sec this turn | 300 sec total\n|\n|t:|1783565769\n|move|p1a: Hitmontop|Sucker Punch|p2a: Komala\n|-supereffective|p2a: Komala\n|-damage|p2a: Komala|0 fnt\n|faint|p2a: Komala\n|\n|upkeep\n|\n|t:|1783565770\n|switch|p2a: Qwilfish|Qwilfish-Hisui, L83, M|100/100\n|-ability|p2a: Qwilfish|Intimidate|boost\n|-unboost|p1a: Hitmontop|atk|1\n|turn|16\n|inactive|Time left: 300 sec this turn | 300 sec total\n|\n|t:|1783565771\n|move|p2a: Qwilfish|Gunk Shot|p1a: Hitmontop\n|-damage|p1a: Hitmontop|34/231\n|move|p1a: Hitmontop|Rapid Spin|p2a: Qwilfish\n|-damage|p2a: Qwilfish|94/100\n|-boost|p1a: Hitmontop|spe|1\n|-sideend|p1: p0x2221298c|Sticky Web|[from] move: Rapid Spin|[of] p1a: Hitmontop\n|\n|upkeep\n|turn|17\n|inactive|Time left: 300 sec this turn | 300 sec total\n|\n|t:|1783565772\n|switch|p1a: Kingambit|Kingambit, L74, M|69/270\n|-activate|p1a: Kingambit|ability: Supreme Overlord\n|-start|p1a: Kingambit|fallen1|[silent]\n|move|p2a: Qwilfish|Spikes|p1a: Kingambit\n|-sidestart|p1: p0x2221298c|Spikes\n|\n|-heal|p1a: Kingambit|85/270|[from] item: Leftovers\n|upkeep\n|turn|18\n|inactive|Time left: 300 sec this turn | 300 sec total\n|\n|t:|1783565773\n|move|p2a: Qwilfish|Taunt|p1a: Kingambit\n|-start|p1a: Kingambit|move: Taunt\n|cant|p1a: Kingambit|move: Taunt|Swords Dance\n|\n|-heal|p1a: Kingambit|101/270|[from] item: Leftovers\n|upkeep\n|turn|19\n|inactive|Time left: 300 sec this turn | 300 sec total\n|\n|t:|1783565774\n|move|p2a: Qwilfish|Spikes|p1a: Kingambit\n|-sidestart|p1: p0x2221298c|Spikes\n|move|p1a: Kingambit|Iron Head|p2a: Qwilfish\n|-damage|p2a: Qwilfish|65/100\n|\n|-heal|p1a: Kingambit|117/270|[from] item: Leftovers\n|upkeep\n|turn|20\n|inactive|Time left: 300 sec this turn | 300 sec total\n|\n|t:|1783565775\n|move|p2a: Qwilfish|Crunch|p1a: Kingambit\n|-resisted|p1a: Kingambit\n|-damage|p1a: Kingambit|83/270\n|move|p1a: Kingambit|Iron Head|p2a: Qwilfish\n|-damage|p2a: Qwilfish|36/100\n|\n|-heal|p1a: Kingambit|99/270|[from] item: Leftovers\n|-end|p1a: Kingambit|move: Taunt\n|upkeep\n|turn|21\n|inactive|Time left: 300 sec this turn | 300 sec total\n|\n|t:|1783565776\n|move|p2a: Qwilfish|Crunch|p1a: Kingambit\n|-resisted|p1a: Kingambit\n|-damage|p1a: Kingambit|62/270\n|move|p1a: Kingambit|Iron Head|p2a: Qwilfish\n|-damage|p2a: Qwilfish|10/100\n|\n|-heal|p1a: Kingambit|78/270|[from] item: Leftovers\n|upkeep\n|turn|22\n|inactive|Time left: 300 sec this turn | 300 sec total\n|\n|t:|1783565776\n|move|p2a: Qwilfish|Taunt|p1a: Kingambit\n|-start|p1a: Kingambit|move: Taunt\n|move|p1a: Kingambit|Kowtow Cleave|p2a: Qwilfish\n|-resisted|p2a: Qwilfish\n|-damage|p2a: Qwilfish|0 fnt\n|faint|p2a: Qwilfish\n|\n|win|p0x2221298c", "uploadtime": 1783565776, "views": 0, "rating": 0, "private": 0, "password": null, "_winner": "p0x2221298c", "_our_name": "p0x2221298c"}