{"id": "battle-gen9randombattle-1396", "formatid": "gen9randombattle", "format": "[Gen 9] Random Battle", "players": ["p0x13963ca7", "p0y13961675"], "log": "|init|battle\n|title|p0x13963ca7 vs. p0y13961675\n|j|\u2606p0x13963ca7\n|j|\u2606p0y13961675\n|t:|1783556221\n|gametype|singles\n|player|p1|p0x13963ca7|265|\n|player|p2|p0y13961675|1|\n|gen|9\n|tier|[Gen 9] Random Battle\n|rule|Species Clause: Limit one of each Pok\u00e9mon\n|rule|HP Percentage Mod: HP is shown in percentages\n|rule|Sleep Clause Mod: Limit one foe put to sleep\n|rule|Illusion Level Mod: Illusion disguises the Pok\u00e9mon's true level\n|\n|t:|1783556221\n|teamsize|p1|6\n|teamsize|p2|6\n|start\n|switch|p1a: Arcanine|Arcanine-Hisui, L79, F|100/100\n|switch|p2a: Orthworm|Orthworm, L88, F|266/266\n|turn|1\n|inactive|Battle timer is ON: inactive players will automatically lose when time's up. (requested by p0x13963ca7)\n|inactive|Time left: 300 sec this turn | 300 sec total | 60 sec grace\n|\n|t:|1783556223\n|move|p1a: Arcanine|Flare Blitz|p2a: Orthworm\n|-supereffective|p2a: Orthworm\n|-damage|p2a: Orthworm|104/266\n|-status|p2a: Orthworm|brn\n|move|p2a: Orthworm|Stealth Rock|p1a: Arcanine\n|-sidestart|p1: p0x13963ca7|move: Stealth Rock\n|\n|-heal|p2a: Orthworm|120/266 brn|[from] item: Leftovers\n|-damage|p2a: Orthworm|104/266 brn|[from] brn\n|upkeep\n|turn|2\n|inactive|Time left: 300 sec this turn | 300 sec total\n|inactive|p0y13961675 also wants the timer to be on.\n|\n|t:|1783556224\n|move|p1a: Arcanine|Flare Blitz|p2a: Orthworm\n|-supereffective|p2a: Orthworm\n|-damage|p2a: Orthworm|0 fnt\n|faint|p2a: Orthworm\n|\n|upkeep\n|inactive|Time left: 300 sec this turn | 300 sec total | 5 sec grace\n|\n|t:|1783556225\n|switch|p2a: Zamazenta|Zamazenta, L71|248/248\n|-ability|p2a: Zamazenta|Dauntless Shield|boost\n|-boost|p2a: Zamazenta|def|1\n|turn|3\n|inactive|Time left: 300 sec this turn | 300 sec total\n|\n|t:|1783556226\n|switch|p1a: Lugia|Lugia, L73|100/100\n|move|p2a: Zamazenta|Body Press|p1a: Lugia\n|-resisted|p1a: Lugia\n|-damage|p1a: Lugia|96/100\n|\n|upkeep\n|turn|4\n|inactive|Time left: 300 sec this turn | 300 sec total\n|\n|t:|1783556227\n|move|p2a: Zamazenta|Iron Defense|p2a: Zamazenta\n|-boost|p2a: Zamazenta|def|2\n|move|p1a: Lugia|Aeroblast|p2a: Zamazenta\n|-supereffective|p2a: Zamazenta\n|-crit|p2a: Zamazenta\n|-damage|p2a: Zamazenta|38/248\n|\n|-heal|p2a: Zamazenta|53/248|[from] item: Leftovers\n|upkeep\n|turn|5\n|inactive|Time left: 300 sec this turn | 300 sec total\n|\n|t:|1783556228\n|move|p2a: Zamazenta|Crunch|p1a: Lugia\n|-supereffective|p1a: Lugia\n|-damage|p1a: Lugia|68/100\n|move|p1a: Lugia|Psychic Noise|p2a: Zamazenta\n|-supereffective|p2a: Zamazenta\n|-damage|p2a: Zamazenta|0 fnt\n|faint|p2a: Zamazenta\n|\n|upkeep\n|inactive|Time left: 300 sec this turn | 300 sec total | 5 sec grace\n|\n|t:|1783556229\n|switch|p2a: Spectrier|Spectrier, L75|274/274\n|turn|6\n|inactive|Time left: 300 sec this turn | 300 sec total\n|\n|t:|1783556230\n|move|p2a: Spectrier|Shadow Ball|p1a: Lugia\n|-supereffective|p1a: Lugia\n|-damage|p1a: Lugia|6/100\n|-damage|p2a: Spectrier|247/274|[from] item: Life Orb\n|move|p1a: Lugia|Calm Mind|p1a: Lugia\n|-boost|p1a: Lugia|spa|1\n|-boost|p1a: Lugia|spd|1\n|\n|upkeep\n|turn|7\n|inactive|Time left: 300 sec this turn | 300 sec total\n|\n|t:|1783556231\n|move|p2a: Spectrier|Shadow Ball|p1a: Lugia\n|-supereffective|p1a: Lugia\n|-damage|p1a: Lugia|0 fnt\n|faint|p1a: Lugia\n|-ability|p2a: Spectrier|Grim Neigh|boost\n|-boost|p2a: Spectrier|spa|1\n|-damage|p2a: Spectrier|220/274|[from] item: Life Orb\n|\n|upkeep\n|\n|t:|1783556232\n|switch|p1a: Araquanid|Araquanid, L82, M|100/100\n|turn|8\n|inactive|Time left: 300 sec this turn | 300 sec total\n|\n|t:|1783556233\n|move|p2a: Spectrier|Shadow Ball|p1a: Araquanid\n|-damage|p1a: Araquanid|43/100\n|-damage|p2a: Spectrier|193/274|[from] item: Life Orb\n|move|p1a: Araquanid|Liquidation|p2a: Spectrier\n|-damage|p2a: Spectrier|0 fnt\n|faint|p2a: Spectrier\n|\n|upkeep\n|inactive|Time left: 300 sec this turn | 300 sec total | 5 sec grace\n|\n|t:|1783556234\n|switch|p2a: Meowscarada|Meowscarada, L78, F|247/247\n|turn|9\n|inactive|Time left: 300 sec this turn | 300 sec total\n|\n|t:|1783556235\n|switch|p1a: Arcanine|Arcanine-Hisui, L79, F|100/100\n|move|p2a: Meowscarada|Flower Trick|p1a: Arcanine\n|-start|p2a: Meowscarada|typechange|Grass|[from] ability: Protean\n|-crit|p1a: Arcanine\n|-damage|p1a: Arcanine|58/100\n|\n|upkeep\n|turn|10\n|inactive|Time left: 300 sec this turn | 300 sec total\n|\n|t:|1783556236\n|-terastallize|p2a: Meowscarada|Grass\n|-terastallize|p1a: Arcanine|Fire\n|move|p2a: Meowscarada|Flower Trick|p1a: Arcanine\n|-resisted|p1a: Arcanine\n|-crit|p1a: Arcanine\n|-damage|p1a: Arcanine|27/100\n|move|p1a: Arcanine|Flare Blitz|p2a: Meowscarada\n|-supereffective|p2a: Meowscarada\n|-damage|p2a: Meowscarada|0 fnt\n|faint|p2a: Meowscarada\n|\n|upkeep\n|inactive|Time left: 300 sec this turn | 300 sec total | 5 sec grace\n|\n|t:|1783556237\n|switch|p2a: Dudunsparce|Dudunsparce, L83, F|343/343\n|turn|11\n|inactive|Time left: 300 sec this turn | 300 sec total\n|\n|t:|1783556238\n|move|p1a: Arcanine|Flare Blitz|p2a: Dudunsparce\n|-damage|p2a: Dudunsparce|173/343\n|move|p2a: Dudunsparce|Boomburst|p1a: Arcanine\n|-damage|p1a: Arcanine|0 fnt\n|faint|p1a: Arcanine\n|\n|-heal|p2a: Dudunsparce|194/343|[from] item: Leftovers\n|upkeep\n|\n|t:|1783556239\n|switch|p1a: Clawitzer|Clawitzer, L87, F|100/100\n|-damage|p1a: Clawitzer|88/100|[from] Stealth Rock\n|turn|12\n|inactive|Time left: 300 sec this turn | 300 sec total\n|\n|t:|1783556240\n|switch|p2a: Vileplume|Vileplume, L85, M|266/266\n|move|p1a: Clawitzer|Aura Sphere|p2a: Vileplume\n|-resisted|p2a: Vileplume\n|-damage|p2a: Vileplume|217/266\n|\n|-heal|p2a: Vileplume|233/266|[from] item: Leftovers\n|upkeep\n|turn|13\n|inactive|Time left: 300 sec this turn | 300 sec total\n|\n|t:|1783556241\n|switch|p1a: Solgaleo|Solgaleo, L74|100/100\n|-damage|p1a: Solgaleo|94/100|[from] Stealth Rock\n|move|p2a: Vileplume|Giga Drain|p1a: Solgaleo\n|-resisted|p1a: Solgaleo\n|-damage|p1a: Solgaleo|79/100\n|-heal|p2a: Vileplume|258/266|[from] drain|[of] p1a: Solgaleo\n|\n|-heal|p1a: Solgaleo|85/100|[from] item: Leftovers\n|-heal|p2a: Vileplume|266/266|[from] item: Leftovers\n|upkeep\n|turn|14\n|inactive|Time left: 300 sec this turn | 300 sec total\n|\n|t:|1783556242\n|move|p1a: Solgaleo|Sunsteel Strike|p2a: Vileplume\n|-damage|p2a: Vileplume|160/266\n|move|p2a: Vileplume|Leech Seed|p1a: Solgaleo|[miss]\n|-miss|p2a: Vileplume|p1a: Solgaleo\n|\n|-heal|p1a: Solgaleo|92/100|[from] item: Leftovers\n|-heal|p2a: Vileplume|176/266|[from] item: Leftovers\n|upkeep\n|turn|15\n|inactive|Time left: 300 sec this turn | 300 sec total\n|\n|t:|1783556243\n|switch|p2a: Dudunsparce|Dudunsparce, L83, F|194/343\n|move|p1a: Solgaleo|Knock Off|p2a: Dudunsparce\n|-damage|p2a: Dudunsparce|111/343\n|-ability|p2a: Dudunsparce|Rattled|boost\n|-boost|p2a: Dudunsparce|spe|1\n|-enditem|p2a: Dudunsparce|Leftovers|[from] move: Knock Off|[of] p1a: Solgaleo\n|\n|-heal|p1a: Solgaleo|98/100|[from] item: Leftovers\n|upkeep\n|turn|16\n|inactive|Time left: 300 sec this turn | 300 sec total\n|\n|t:|1783556244\n|move|p2a: Dudunsparce|Roost|p2a: Dudunsparce\n|-heal|p2a: Dudunsparce|283/343\n|-singleturn|p2a: Dudunsparce|move: Roost\n|move|p1a: Solgaleo|Sunsteel Strike|p2a: Dudunsparce\n|-damage|p2a: Dudunsparce|172/343\n|\n|-heal|p1a: Solgaleo|100/100|[from] item: Leftovers\n|upkeep\n|turn|17\n|inactive|Time left: 300 sec this turn | 300 sec total\n|\n|t:|1783556245\n|move|p2a: Dudunsparce|Roost|p2a: Dudunsparce\n|-heal|p2a: Dudunsparce|343/343\n|-singleturn|p2a: Dudunsparce|move: Roost\n|move|p1a: Solgaleo|Sunsteel Strike|p2a: Dudunsparce\n|-damage|p2a: Dudunsparce|217/343\n|\n|upkeep\n|turn|18\n|inactive|Time left: 300 sec this turn | 300 sec total\n|\n|t:|1783556246\n|move|p2a: Dudunsparce|Roost|p2a: Dudunsparce\n|-heal|p2a: Dudunsparce|343/343\n|-singleturn|p2a: Dudunsparce|move: Roost\n|move|p1a: Solgaleo|Sunsteel Strike|p2a: Dudunsparce\n|-damage|p2a: Dudunsparce|214/343\n|\n|upkeep\n|turn|19\n|inactive|Time left: 300 sec this turn | 300 sec total\n|\n|t:|1783556247\n|move|p2a: Dudunsparce|Roost|p2a: Dudunsparce\n|-heal|p2a: Dudunsparce|343/343\n|-singleturn|p2a: Dudunsparce|move: Roost\n|move|p1a: Solgaleo|Sunsteel Strike|p2a: Dudunsparce\n|-damage|p2a: Dudunsparce|229/343\n|\n|upkeep\n|turn|20\n|inactive|Time left: 300 sec this turn | 300 sec total\n|\n|t:|1783556249\n|move|p2a: Dudunsparce|Roost|p2a: Dudunsparce\n|-heal|p2a: Dudunsparce|343/343\n|-singleturn|p2a: Dudunsparce|move: Roost\n|move|p1a: Solgaleo|Sunsteel Strike|p2a: Dudunsparce\n|-damage|p2a: Dudunsparce|222/343\n|\n|upkeep\n|turn|21\n|inactive|Time left: 300 sec this turn | 300 sec total\n|\n|t:|1783556250\n|move|p2a: Dudunsparce|Roost|p2a: Dudunsparce\n|-heal|p2a: Dudunsparce|343/343\n|-singleturn|p2a: Dudunsparce|move: Roost\n|move|p1a: Solgaleo|Sunsteel Strike|p2a: Dudunsparce\n|-damage|p2a: Dudunsparce|220/343\n|\n|upkeep\n|turn|22\n|inactive|Time left: 300 sec this turn | 300 sec total\n|\n|t:|1783556251\n|move|p2a: Dudunsparce|Roost|p2a: Dudunsparce\n|-heal|p2a: Dudunsparce|343/343\n|-singleturn|p2a: Dudunsparce|move: Roost\n|move|p1a: Solgaleo|Earthquake|p2a: Dudunsparce\n|-damage|p2a: Dudunsparce|269/343\n|\n|upkeep\n|turn|23\n|inactive|Time left: 300 sec this turn | 300 sec total\n|\n|t:|1783556252\n|move|p2a: Dudunsparce|Boomburst|p1a: Solgaleo\n|-resisted|p1a: Solgaleo\n|-damage|p1a: Solgaleo|76/100\n|move|p1a: Solgaleo|Sunsteel Strike|p2a: Dudunsparce\n|-damage|p2a: Dudunsparce|145/343\n|\n|-heal|p1a: Solgaleo|83/100|[from] item: Leftovers\n|upkeep\n|turn|24\n|inactive|Time left: 300 sec this turn | 300 sec total\n|\n|t:|1783556253\n|move|p2a: Dudunsparce|Roost|p2a: Dudunsparce\n|-heal|p2a: Dudunsparce|317/343\n|-singleturn|p2a: Dudunsparce|move: Roost\n|move|p1a: Solgaleo|Earthquake|p2a: Dudunsparce\n|-damage|p2a: Dudunsparce|239/343\n|\n|-heal|p1a: Solgaleo|89/100|[from] item: Leftovers\n|upkeep\n|turn|25\n|inactive|Time left: 300 sec this turn | 300 sec total\n|\n|t:|1783556254\n|move|p2a: Dudunsparce|Earthquake|p1a: Solgaleo\n|-supereffective|p1a: Solgaleo\n|-damage|p1a: Solgaleo|49/100\n|move|p1a: Solgaleo|Earthquake|p2a: Dudunsparce\n|-damage|p2a: Dudunsparce|153/343\n|\n|-heal|p1a: Solgaleo|56/100|[from] item: Leftovers\n|upkeep\n|turn|26\n|inactive|Time left: 300 sec this turn | 300 sec total\n|\n|t:|1783556255\n|move|p2a: Dudunsparce|Earthquake|p1a: Solgaleo\n|-supereffective|p1a: Solgaleo\n|-damage|p1a: Solgaleo|12/100\n|move|p1a: Solgaleo|Morning Sun|p1a: Solgaleo\n|-heal|p1a: Solgaleo|62/100\n|\n|-heal|p1a: Solgaleo|68/100|[from] item: Leftovers\n|upkeep\n|turn|27\n|inactive|Time left: 300 sec this turn | 300 sec total\n|\n|t:|1783556256\n|move|p2a: Dudunsparce|Earthquake|p1a: Solgaleo\n|-supereffective|p1a: Solgaleo\n|-damage|p1a: Solgaleo|28/100\n|move|p1a: Solgaleo|Morning Sun|p1a: Solgaleo\n|-heal|p1a: Solgaleo|78/100\n|\n|-heal|p1a: Solgaleo|84/100|[from] item: Leftovers\n|upkeep\n|turn|28\n|inactive|Time left: 300 sec this turn | 300 sec total\n|\n|t:|1783556257\n|move|p2a: Dudunsparce|Earthquake|p1a: Solgaleo\n|-supereffective|p1a: Solgaleo\n|-damage|p1a: Solgaleo|42/100\n|move|p1a: Solgaleo|Earthquake|p2a: Dudunsparce\n|-damage|p2a: Dudunsparce|72/343\n|\n|-heal|p1a: Solgaleo|48/100|[from] item: Leftovers\n|upkeep\n|turn|29\n|inactive|Time left: 300 sec this turn | 300 sec total\n|\n|t:|1783556259\n|move|p2a: Dudunsparce|Earthquake|p1a: Solgaleo\n|-supereffective|p1a: Solgaleo\n|-damage|p1a: Solgaleo|3/100\n|move|p1a: Solgaleo|Morning Sun|p1a: Solgaleo\n|-heal|p1a: Solgaleo|52/100\n|\n|-heal|p1a: Solgaleo|59/100|[from] item: Leftovers\n|upkeep\n|turn|30\n|inactive|Time left: 300 sec this turn | 300 sec total\n|\n|t:|1783556260\n|move|p2a: Dudunsparce|Earthquake|p1a: Solgaleo\n|-supereffective|p1a: Solgaleo\n|-damage|p1a: Solgaleo|12/100\n|move|p1a: Solgaleo|Morning Sun|p1a: Solgaleo\n|-heal|p1a: Solgaleo|62/100\n|\n|-heal|p1a: Solgaleo|68/100|[from] item: Leftovers\n|upkeep\n|turn|31\n|inactive|Time left: 300 sec this turn | 300 sec total\n|\n|t:|1783556261\n|move|p2a: Dudunsparce|Earthquake|p1a: Solgaleo\n|-supereffective|p1a: Solgaleo\n|-damage|p1a: Solgaleo|22/100\n|move|p1a: Solgaleo|Morning Sun|p1a: Solgaleo\n|-heal|p1a: Solgaleo|72/100\n|\n|-heal|p1a: Solgaleo|78/100|[from] item: Leftovers\n|upkeep\n|turn|32\n|inactive|Time left: 300 sec this turn | 300 sec total\n|\n|t:|1783556262\n|move|p2a: Dudunsparce|Earthquake|p1a: Solgaleo\n|-supereffective|p1a: Solgaleo\n|-damage|p1a: Solgaleo|36/100\n|move|p1a: Solgaleo|Morning Sun|p1a: Solgaleo\n|-heal|p1a: Solgaleo|86/100\n|\n|-heal|p1a: Solgaleo|92/100|[from] item: Leftovers\n|upkeep\n|turn|33\n|inactive|Time left: 300 sec this turn | 300 sec total\n|\n|t:|1783556263\n|move|p2a: Dudunsparce|Earthquake|p1a: Solgaleo\n|-supereffective|p1a: Solgaleo\n|-damage|p1a: Solgaleo|49/100\n|move|p1a: Solgaleo|Knock Off|p2a: Dudunsparce\n|-damage|p2a: Dudunsparce|21/343\n|-ability|p2a: Dudunsparce|Rattled|boost\n|-boost|p2a: Dudunsparce|spe|1\n|\n|-heal|p1a: Solgaleo|56/100|[from] item: Leftovers\n|upkeep\n|turn|34\n|inactive|Time left: 300 sec this turn | 300 sec total\n|\n|t:|1783556264\n|move|p2a: Dudunsparce|Earthquake|p1a: Solgaleo\n|-supereffective|p1a: Solgaleo\n|-damage|p1a: Solgaleo|14/100\n|move|p1a: Solgaleo|Morning Sun|p1a: Solgaleo\n|-heal|p1a: Solgaleo|64/100\n|\n|-heal|p1a: Solgaleo|70/100|[from] item: Leftovers\n|upkeep\n|turn|35\n|inactive|Time left: 300 sec this turn | 300 sec total\n|\n|t:|1783556266\n|move|p2a: Dudunsparce|Earthquake|p1a: Solgaleo\n|-supereffective|p1a: Solgaleo\n|-damage|p1a: Solgaleo|30/100\n|move|p1a: Solgaleo|Knock Off|p2a: Dudunsparce\n|-damage|p2a: Dudunsparce|0 fnt\n|faint|p2a: Dudunsparce\n|\n|-heal|p1a: Solgaleo|36/100|[from] item: Leftovers\n|upkeep\n|inactive|Time left: 300 sec this turn | 300 sec total | 5 sec grace\n|\n|t:|1783556267\n|switch|p2a: Vileplume|Vileplume, L85, M|176/266\n|turn|36\n|inactive|Time left: 300 sec this turn | 300 sec total\n|\n|t:|1783556268\n|move|p1a: Solgaleo|Morning Sun|p1a: Solgaleo\n|-heal|p1a: Solgaleo|86/100\n|move|p2a: Vileplume|Leech Seed|p1a: Solgaleo\n|-start|p1a: Solgaleo|move: Leech Seed\n|\n|-heal|p1a: Solgaleo|92/100|[from] item: Leftovers\n|-heal|p2a: Vileplume|192/266|[from] item: Leftovers\n|-damage|p1a: Solgaleo|80/100|[from] Leech Seed|[of] p2a: Vileplume\n|-heal|p2a: Vileplume|232/266|[silent]\n|upkeep\n|turn|37\n|inactive|Time left: 300 sec this turn | 300 sec total\n|\n|t:|1783556269\n|move|p1a: Solgaleo|Knock Off|p2a: Vileplume\n|-damage|p2a: Vileplume|165/266\n|-enditem|p2a: Vileplume|Leftovers|[from] move: Knock Off|[of] p1a: Solgaleo\n|move|p2a: Vileplume|Giga Drain|p1a: Solgaleo\n|-resisted|p1a: Solgaleo\n|-damage|p1a: Solgaleo|65/100\n|-heal|p2a: Vileplume|190/266|[from] drain|[of] p1a: Solgaleo\n|\n|-heal|p1a: Solgaleo|71/100|[from] item: Leftovers\n|-damage|p1a: Solgaleo|59/100|[from] Leech Seed|[of] p2a: Vileplume\n|-heal|p2a: Vileplume|230/266|[silent]\n|upkeep\n|turn|38\n|inactive|Time left: 300 sec this turn | 300 sec total\n|\n|t:|1783556270\n|move|p1a: Solgaleo|Earthquake|p2a: Vileplume\n|-damage|p2a: Vileplume|162/266\n|move|p2a: Vileplume|Giga Drain|p1a: Solgaleo\n|-resisted|p1a: Solgaleo\n|-damage|p1a: Solgaleo|43/100\n|-heal|p2a: Vileplume|188/266|[from] drain|[of] p1a: Solgaleo\n|\n|-heal|p1a: Solgaleo|49/100|[from] item: Leftovers\n|-damage|p1a: Solgaleo|37/100|[from] Leech Seed|[of] p2a: Vileplume\n|-heal|p2a: Vileplume|228/266|[silent]\n|upkeep\n|turn|39\n|inactive|Time left: 300 sec this turn | 300 sec total\n|\n|t:|1783556271\n|move|p1a: Solgaleo|Earthquake|p2a: Vileplume\n|-damage|p2a: Vileplume|150/266\n|move|p2a: Vileplume|Giga Drain|p1a: Solgaleo\n|-resisted|p1a: Solgaleo\n|-damage|p1a: Solgaleo|21/100\n|-heal|p2a: Vileplume|176/266|[from] drain|[of] p1a: Solgaleo\n|\n|-heal|p1a: Solgaleo|27/100|[from] item: Leftovers\n|-damage|p1a: Solgaleo|15/100|[from] Leech Seed|[of] p2a: Vileplume\n|-heal|p2a: Vileplume|216/266|[silent]\n|upkeep\n|turn|40\n|inactive|Time left: 300 sec this turn | 300 sec total\n|\n|t:|1783556273\n|move|p1a: Solgaleo|Earthquake|p2a: Vileplume\n|-damage|p2a: Vileplume|148/266\n|move|p2a: Vileplume|Strength Sap|p1a: Solgaleo\n|-fail|p1a: Solgaleo|unboost|[from] ability: Full Metal Body|[of] p1a: Solgaleo\n|-heal|p2a: Vileplume|266/266\n|\n|-heal|p1a: Solgaleo|21/100|[from] item: Leftovers\n|-damage|p1a: Solgaleo|8/100|[from] Leech Seed|[of] p2a: Vileplume\n|upkeep\n|turn|41\n|inactive|Time left: 300 sec this turn | 300 sec total\n|\n|t:|1783556274\n|move|p1a: Solgaleo|Earthquake|p2a: Vileplume\n|-damage|p2a: Vileplume|196/266\n|move|p2a: Vileplume|Giga Drain|p1a: Solgaleo\n|-resisted|p1a: Solgaleo\n|-damage|p1a: Solgaleo|0 fnt\n|-heal|p2a: Vileplume|209/266|[from] drain|[of] p1a: Solgaleo\n|faint|p1a: Solgaleo\n|\n|upkeep\n|\n|t:|1783556275\n|switch|p1a: Araquanid|Araquanid, L82, M|43/100\n|turn|42\n|inactive|Time left: 300 sec this turn | 300 sec total\n|\n|t:|1783556276\n|move|p2a: Vileplume|Sludge Bomb|p1a: Araquanid\n|-damage|p1a: Araquanid|12/100\n|-status|p1a: Araquanid|psn\n|move|p1a: Araquanid|Liquidation|p2a: Vileplume\n|-resisted|p2a: Vileplume\n|-damage|p2a: Vileplume|140/266\n|\n|-damage|p1a: Araquanid|0 fnt|[from] psn\n|faint|p1a: Araquanid\n|upkeep\n|\n|t:|1783556277\n|switch|p1a: Klawf|Klawf, L90, M|100/100\n|-damage|p1a: Klawf|88/100|[from] Stealth Rock\n|turn|43\n|inactive|Time left: 300 sec this turn | 300 sec total\n|\n|t:|1783556278\n|move|p1a: Klawf|Stone Edge|p2a: Vileplume\n|-damage|p2a: Vileplume|0 fnt\n|faint|p2a: Vileplume\n|-damage|p1a: Klawf|78/100|[from] item: Life Orb\n|\n|win|p0x13963ca7", "uploadtime": 1783556278, "views": 0, "rating": 0, "private": 0, "password": null, "_winner": "p0x13963ca7", "_our_name": "p0y13961675"}