{"id": "battle-gen9randombattle-2824", "formatid": "gen9randombattle", "format": "[Gen 9] Random Battle", "players": ["p0x2824503d", "p0y28244a18"], "log": "|init|battle\n|title|p0x2824503d vs. p0y28244a18\n|j|\u2606p0x2824503d\n|j|\u2606p0y28244a18\n|t:|1783571556\n|gametype|singles\n|player|p1|p0x2824503d|101|\n|player|p2|p0y28244a18|265|\n|gen|9\n|tier|[Gen 9] Random Battle\n|rule|Species Clause: Limit one of each Pok\u00e9mon\n|rule|HP Percentage Mod: HP is shown in percentages\n|rule|Sleep Clause Mod: Limit one foe put to sleep\n|rule|Illusion Level Mod: Illusion disguises the Pok\u00e9mon's true level\n|\n|t:|1783571556\n|teamsize|p1|6\n|teamsize|p2|6\n|start\n|switch|p1a: Arceus|Arceus-Ghost, L69|280/280\n|switch|p2a: Zekrom|Zekrom, L71|100/100\n|-ability|p2a: Zekrom|Teravolt\n|turn|1\n|inactive|Battle timer is ON: inactive players will automatically lose when time's up. (requested by p0x2824503d)\n|inactive|p0y28244a18 also wants the timer to be on.\n|\n|t:|1783571558\n|move|p1a: Arceus|Calm Mind|p1a: Arceus\n|-boost|p1a: Arceus|spa|1\n|-boost|p1a: Arceus|spd|1\n|move|p2a: Zekrom|Dragon Dance|p2a: Zekrom\n|-boost|p2a: Zekrom|atk|1\n|-boost|p2a: Zekrom|spe|1\n|\n|upkeep\n|turn|2\n|inactive|Time left: 300 sec this turn | 300 sec total | 60 sec grace\n|\n|t:|1783571559\n|move|p2a: Zekrom|Outrage|p1a: Arceus\n|-damage|p1a: Arceus|109/280\n|move|p1a: Arceus|Recover|p1a: Arceus\n|-heal|p1a: Arceus|249/280\n|\n|upkeep\n|turn|3\n|inactive|Time left: 300 sec this turn | 300 sec total\n|\n|t:|1783571560\n|move|p2a: Zekrom|Outrage|p1a: Arceus|[from] lockedmove\n|-damage|p1a: Arceus|62/280\n|move|p1a: Arceus|Recover|p1a: Arceus\n|-heal|p1a: Arceus|202/280\n|\n|upkeep\n|turn|4\n|inactive|Time left: 300 sec this turn | 300 sec total\n|\n|t:|1783571561\n|move|p2a: Zekrom|Outrage|p1a: Arceus|[from] lockedmove\n|-damage|p1a: Arceus|13/280\n|-start|p2a: Zekrom|confusion|[fatigue]\n|move|p1a: Arceus|Judgment|p2a: Zekrom\n|-damage|p2a: Zekrom|40/100\n|\n|-heal|p2a: Zekrom|46/100|[from] item: Leftovers\n|upkeep\n|turn|5\n|inactive|Time left: 300 sec this turn | 300 sec total\n|\n|t:|1783571562\n|-activate|p2a: Zekrom|confusion\n|move|p2a: Zekrom|Outrage|p1a: Arceus\n|-damage|p1a: Arceus|0 fnt\n|faint|p1a: Arceus\n|\n|-heal|p2a: Zekrom|53/100|[from] item: Leftovers\n|upkeep\n|inactive|Time left: 300 sec this turn | 300 sec total | 5 sec grace\n|\n|t:|1783571563\n|switch|p1a: Lapras|Lapras, L87, F|368/368\n|turn|6\n|inactive|Time left: 300 sec this turn | 300 sec total\n|\n|t:|1783571564\n|-activate|p2a: Zekrom|confusion\n|move|p2a: Zekrom|Outrage|p1a: Lapras|[from] lockedmove\n|-damage|p1a: Lapras|155/368\n|move|p1a: Lapras|Freeze-Dry|p2a: Zekrom\n|-supereffective|p2a: Zekrom\n|-damage|p2a: Zekrom|0 fnt\n|faint|p2a: Zekrom\n|\n|upkeep\n|\n|t:|1783571565\n|switch|p2a: Breloom|Breloom, L83, F|100/100\n|turn|7\n|inactive|Time left: 300 sec this turn | 300 sec total\n|\n|t:|1783571566\n|switch|p1a: Oricorio|Oricorio-Pa'u, L87, M|272/272\n|move|p2a: Breloom|Swords Dance|p2a: Breloom\n|-boost|p2a: Breloom|atk|2\n|-activate|p1a: Oricorio|ability: Dancer\n|move|p1a: Oricorio|Swords Dance|p1a: Oricorio|[from] ability: Dancer\n|-boost|p1a: Oricorio|atk|2\n|\n|upkeep\n|turn|8\n|inactive|Time left: 300 sec this turn | 300 sec total\n|\n|t:|1783571567\n|switch|p2a: Sunflora|Sunflora, M|100/100\n|move|p1a: Oricorio|Revelation Dance|p2a: Sunflora\n|-damage|p2a: Sunflora|73/100\n|\n|upkeep\n|turn|9\n|inactive|Time left: 300 sec this turn | 300 sec total\n|\n|t:|1783571568\n|-terastallize|p2a: Sunflora|Fairy\n|move|p1a: Oricorio|Quiver Dance|p1a: Oricorio\n|-boost|p1a: Oricorio|spa|1\n|-boost|p1a: Oricorio|spd|1\n|-boost|p1a: Oricorio|spe|1\n|move|p2a: Sunflora|Dazzling Gleam|p1a: Oricorio\n|-damage|p1a: Oricorio|127/272\n|\n|upkeep\n|turn|10\n|inactive|Time left: 300 sec this turn | 300 sec total\n|\n|t:|1783571569\n|move|p1a: Oricorio|Roost|p1a: Oricorio\n|-heal|p1a: Oricorio|263/272\n|-singleturn|p1a: Oricorio|move: Roost\n|move|p2a: Sunflora|Dazzling Gleam|p1a: Oricorio\n|-damage|p1a: Oricorio|118/272\n|\n|upkeep\n|turn|11\n|inactive|Time left: 300 sec this turn | 300 sec total\n|\n|t:|1783571569\n|move|p1a: Oricorio|Roost|p1a: Oricorio\n|-heal|p1a: Oricorio|254/272\n|-singleturn|p1a: Oricorio|move: Roost\n|move|p2a: Sunflora|Dazzling Gleam|p1a: Oricorio\n|-damage|p1a: Oricorio|116/272\n|\n|upkeep\n|turn|12\n|inactive|Time left: 300 sec this turn | 300 sec total\n|\n|t:|1783571570\n|move|p1a: Oricorio|Quiver Dance|p1a: Oricorio\n|-boost|p1a: Oricorio|spa|1\n|-boost|p1a: Oricorio|spd|1\n|-boost|p1a: Oricorio|spe|1\n|move|p2a: Sunflora|Dazzling Gleam|p1a: Oricorio\n|-damage|p1a: Oricorio|1/272\n|\n|upkeep\n|turn|13\n|inactive|Time left: 300 sec this turn | 300 sec total\n|\n|t:|1783571571\n|move|p1a: Oricorio|Roost|p1a: Oricorio\n|-heal|p1a: Oricorio|137/272\n|-singleturn|p1a: Oricorio|move: Roost\n|move|p2a: Sunflora|Dazzling Gleam|p1a: Oricorio\n|-damage|p1a: Oricorio|22/272\n|\n|upkeep\n|turn|14\n|inactive|Time left: 300 sec this turn | 300 sec total\n|\n|t:|1783571572\n|move|p1a: Oricorio|Roost|p1a: Oricorio\n|-heal|p1a: Oricorio|158/272\n|-singleturn|p1a: Oricorio|move: Roost\n|move|p2a: Sunflora|Dazzling Gleam|p1a: Oricorio\n|-damage|p1a: Oricorio|56/272\n|\n|upkeep\n|turn|15\n|inactive|Time left: 300 sec this turn | 300 sec total\n|\n|t:|1783571573\n|move|p1a: Oricorio|Roost|p1a: Oricorio\n|-heal|p1a: Oricorio|192/272\n|-singleturn|p1a: Oricorio|move: Roost\n|move|p2a: Sunflora|Dazzling Gleam|p1a: Oricorio\n|-crit|p1a: Oricorio\n|-damage|p1a: Oricorio|0 fnt\n|faint|p1a: Oricorio\n|\n|upkeep\n|inactive|Time left: 300 sec this turn | 300 sec total | 5 sec grace\n|\n|t:|1783571574\n|switch|p1a: Keldeo|Keldeo-Resolute, L79|273/273\n|turn|16\n|inactive|Time left: 300 sec this turn | 300 sec total\n|\n|t:|1783571575\n|-terastallize|p1a: Keldeo|Steel\n|move|p1a: Keldeo|Calm Mind|p1a: Keldeo\n|-boost|p1a: Keldeo|spa|1\n|-boost|p1a: Keldeo|spd|1\n|move|p2a: Sunflora|Dazzling Gleam|p1a: Keldeo\n|-resisted|p1a: Keldeo\n|-damage|p1a: Keldeo|201/273\n|\n|-heal|p1a: Keldeo|218/273|[from] item: Leftovers\n|upkeep\n|turn|17\n|inactive|Time left: 300 sec this turn | 300 sec total\n|\n|t:|1783571576\n|move|p1a: Keldeo|Calm Mind|p1a: Keldeo\n|-boost|p1a: Keldeo|spa|1\n|-boost|p1a: Keldeo|spd|1\n|move|p2a: Sunflora|Dazzling Gleam|p1a: Keldeo\n|-resisted|p1a: Keldeo\n|-damage|p1a: Keldeo|167/273\n|\n|-heal|p1a: Keldeo|184/273|[from] item: Leftovers\n|upkeep\n|turn|18\n|inactive|Time left: 300 sec this turn | 300 sec total\n|\n|t:|1783571577\n|switch|p2a: Breloom|Breloom, L83, F|100/100\n|move|p1a: Keldeo|Secret Sword|p2a: Breloom\n|-damage|p2a: Breloom|11/100\n|\n|-heal|p1a: Keldeo|201/273|[from] item: Leftovers\n|upkeep\n|turn|19\n|inactive|Time left: 300 sec this turn | 300 sec total\n|\n|t:|1783571578\n|switch|p1a: Houndstone|Houndstone, L86, M|264/264\n|move|p2a: Breloom|Mach Punch|p1a: Houndstone\n|-immune|p1a: Houndstone\n|\n|upkeep\n|turn|20\n|inactive|Time left: 300 sec this turn | 300 sec total\n|\n|t:|1783571579\n|switch|p2a: Swampert|Swampert, L83, M|100/100\n|move|p1a: Houndstone|Poltergeist|p2a: Swampert\n|-activate|p2a: Swampert|move: Poltergeist|Leftovers\n|-damage|p2a: Swampert|55/100\n|\n|-heal|p2a: Swampert|61/100|[from] item: Leftovers\n|upkeep\n|turn|21\n|inactive|Time left: 300 sec this turn | 300 sec total\n|\n|t:|1783571580\n|move|p1a: Houndstone|Poltergeist|p2a: Swampert\n|-activate|p2a: Swampert|move: Poltergeist|Leftovers\n|-damage|p2a: Swampert|19/100\n|move|p2a: Swampert|Knock Off|p1a: Houndstone\n|-supereffective|p1a: Houndstone\n|-damage|p1a: Houndstone|200/264\n|-enditem|p1a: Houndstone|Leftovers|[from] move: Knock Off|[of] p2a: Swampert\n|\n|-heal|p2a: Swampert|25/100|[from] item: Leftovers\n|upkeep\n|turn|22\n|inactive|Time left: 300 sec this turn | 300 sec total\n|\n|t:|1783571581\n|switch|p2a: Cobalion|Cobalion, L80|100/100\n|move|p1a: Houndstone|Poltergeist|p2a: Cobalion|[miss]\n|-miss|p1a: Houndstone|p2a: Cobalion\n|\n|upkeep\n|turn|23\n|inactive|Time left: 300 sec this turn | 300 sec total\n|\n|t:|1783571582\n|move|p2a: Cobalion|Swords Dance|p2a: Cobalion\n|-boost|p2a: Cobalion|atk|2\n|move|p1a: Houndstone|Body Press|p2a: Cobalion\n|-supereffective|p2a: Cobalion\n|-damage|p2a: Cobalion|69/100\n|\n|-heal|p2a: Cobalion|75/100|[from] item: Leftovers\n|upkeep\n|turn|24\n|inactive|Time left: 300 sec this turn | 300 sec total\n|\n|t:|1783571583\n|move|p2a: Cobalion|Iron Head|p1a: Houndstone\n|-damage|p1a: Houndstone|138/264\n|move|p1a: Houndstone|Body Press|p2a: Cobalion\n|-supereffective|p2a: Cobalion\n|-damage|p2a: Cobalion|41/100\n|\n|-heal|p2a: Cobalion|47/100|[from] item: Leftovers\n|upkeep\n|turn|25\n|inactive|Time left: 300 sec this turn | 300 sec total\n|\n|t:|1783571585\n|move|p2a: Cobalion|Iron Head|p1a: Houndstone\n|-damage|p1a: Houndstone|69/264\n|cant|p1a: Houndstone|flinch\n|\n|-heal|p2a: Cobalion|53/100|[from] item: Leftovers\n|upkeep\n|turn|26\n|inactive|Time left: 300 sec this turn | 300 sec total\n|\n|t:|1783571586\n|move|p2a: Cobalion|Iron Head|p1a: Houndstone\n|-crit|p1a: Houndstone\n|-damage|p1a: Houndstone|0 fnt\n|faint|p1a: Houndstone\n|\n|-heal|p2a: Cobalion|59/100|[from] item: Leftovers\n|upkeep\n|inactive|Time left: 300 sec this turn | 300 sec total | 5 sec grace\n|\n|t:|1783571587\n|switch|p1a: Bellibolt|Bellibolt, L84, M|320/320\n|turn|27\n|inactive|Time left: 300 sec this turn | 300 sec total\n|\n|t:|1783571588\n|move|p2a: Cobalion|Swords Dance|p2a: Cobalion\n|-boost|p2a: Cobalion|atk|2\n|move|p1a: Bellibolt|Thunderbolt|p2a: Cobalion\n|-damage|p2a: Cobalion|14/100\n|\n|-heal|p2a: Cobalion|20/100|[from] item: Leftovers\n|upkeep\n|turn|28\n|inactive|Time left: 300 sec this turn | 300 sec total\n|\n|t:|1783571589\n|move|p2a: Cobalion|Close Combat|p1a: Bellibolt\n|-damage|p1a: Bellibolt|0 fnt\n|-unboost|p2a: Cobalion|def|1\n|-unboost|p2a: Cobalion|spd|1\n|faint|p1a: Bellibolt\n|\n|-heal|p2a: Cobalion|26/100|[from] item: Leftovers\n|upkeep\n|inactive|Time left: 300 sec this turn | 300 sec total | 5 sec grace\n|\n|t:|1783571590\n|switch|p1a: Lapras|Lapras, L87, F|155/368\n|turn|29\n|inactive|Time left: 300 sec this turn | 300 sec total\n|\n|t:|1783571591\n|move|p2a: Cobalion|Close Combat|p1a: Lapras\n|-supereffective|p1a: Lapras\n|-damage|p1a: Lapras|0 fnt\n|-unboost|p2a: Cobalion|def|1\n|-unboost|p2a: Cobalion|spd|1\n|faint|p1a: Lapras\n|\n|-heal|p2a: Cobalion|32/100|[from] item: Leftovers\n|upkeep\n|inactive|Time left: 300 sec this turn | 300 sec total | 5 sec grace\n|\n|t:|1783571592\n|switch|p1a: Keldeo|Keldeo-Resolute, L79, tera:Steel|201/273\n|turn|30\n|inactive|Time left: 300 sec this turn | 300 sec total\n|\n|t:|1783571593\n|move|p2a: Cobalion|Close Combat|p1a: Keldeo\n|-supereffective|p1a: Keldeo\n|-damage|p1a: Keldeo|0 fnt\n|-unboost|p2a: Cobalion|def|1\n|-unboost|p2a: Cobalion|spd|1\n|faint|p1a: Keldeo\n|\n|win|p0y28244a18", "uploadtime": 1783571593, "views": 0, "rating": 0, "private": 0, "password": null, "_winner": "p0y28244a18", "_our_name": "p0x2824503d"}