{"id": "battle-gen9randombattle-727", "formatid": "gen9randombattle", "format": "[Gen 9] Random Battle", "players": ["p0x72757c7", "p0y72733ca"], "log": "|init|battle\n|title|p0x72757c7 vs. p0y72733ca\n|j|\u2606p0x72757c7\n|j|\u2606p0y72733ca\n|t:|1783548251\n|gametype|singles\n|player|p1|p0x72757c7|265|\n|player|p2|p0y72733ca|101|\n|gen|9\n|tier|[Gen 9] Random Battle\n|rule|Species Clause: Limit one of each Pok\u00e9mon\n|rule|HP Percentage Mod: HP is shown in percentages\n|rule|Sleep Clause Mod: Limit one foe put to sleep\n|rule|Illusion Level Mod: Illusion disguises the Pok\u00e9mon's true level\n|\n|t:|1783548251\n|teamsize|p1|6\n|teamsize|p2|6\n|start\n|switch|p1a: Cinderace|Cinderace, L77, M|100/100\n|switch|p2a: Volbeat|Volbeat, L90, M|263/263\n|turn|1\n|inactive|Battle timer is ON: inactive players will automatically lose when time's up. (requested by p0x72757c7)\n|inactive|Time left: 300 sec this turn | 300 sec total | 60 sec grace\n|\n|t:|1783548252\n|switch|p2a: Dragapult|Dragapult, L77, F|262/262\n|move|p1a: Cinderace|Pyro Ball|p2a: Dragapult\n|-resisted|p2a: Dragapult\n|-damage|p2a: Dragapult|156/262\n|\n|upkeep\n|turn|2\n|inactive|Time left: 300 sec this turn | 300 sec total\n|inactive|p0y72733ca also wants the timer to be on.\n|\n|t:|1783548253\n|move|p2a: Dragapult|Dragon Darts|p1a: Cinderace\n|-damage|p1a: Cinderace|77/100\n|-anim|p2a: Dragapult|Dragon Darts|p1a: Cinderace\n|-damage|p1a: Cinderace|53/100\n|move|p1a: Cinderace|Pyro Ball|p2a: Dragapult\n|-resisted|p2a: Dragapult\n|-damage|p2a: Dragapult|42/262\n|\n|upkeep\n|turn|3\n|inactive|Time left: 300 sec this turn | 300 sec total\n|\n|t:|1783548254\n|move|p2a: Dragapult|Dragon Darts|p1a: Cinderace\n|-damage|p1a: Cinderace|28/100\n|-anim|p2a: Dragapult|Dragon Darts|p1a: Cinderace\n|-damage|p1a: Cinderace|4/100\n|move|p1a: Cinderace|Pyro Ball|p2a: Dragapult\n|-resisted|p2a: Dragapult\n|-damage|p2a: Dragapult|0 fnt\n|-start|p1a: Cinderace|Disable|Pyro Ball|[from] ability: Cursed Body|[of] p2a: Dragapult\n|faint|p2a: Dragapult\n|\n|upkeep\n|inactive|Time left: 300 sec this turn | 300 sec total | 5 sec grace\n|\n|t:|1783548255\n|switch|p2a: Mismagius|Mismagius, L86, F|243/243\n|turn|4\n|inactive|Time left: 300 sec this turn | 300 sec total\n|\n|t:|1783548256\n|switch|p1a: Wo-Chien|Wo-Chien, L83|100/100\n|-ability|p1a: Wo-Chien|Tablets of Ruin\n|move|p2a: Mismagius|Shadow Ball|p1a: Wo-Chien\n|-resisted|p1a: Wo-Chien\n|-damage|p1a: Wo-Chien|88/100\n|\n|-heal|p1a: Wo-Chien|94/100|[from] item: Leftovers\n|upkeep\n|turn|5\n|inactive|Time left: 300 sec this turn | 300 sec total\n|\n|t:|1783548257\n|move|p2a: Mismagius|Nasty Plot|p2a: Mismagius\n|-boost|p2a: Mismagius|spa|2\n|move|p1a: Wo-Chien|Knock Off|p2a: Mismagius\n|-supereffective|p2a: Mismagius\n|-damage|p2a: Mismagius|25/243\n|-enditem|p2a: Mismagius|Leftovers|[from] move: Knock Off|[of] p1a: Wo-Chien\n|\n|-heal|p1a: Wo-Chien|99/100|[from] item: Leftovers\n|upkeep\n|turn|6\n|inactive|Time left: 300 sec this turn | 300 sec total\n|\n|t:|1783548258\n|-terastallize|p2a: Mismagius|Fighting\n|move|p2a: Mismagius|Tera Blast|p1a: Wo-Chien|[anim] Tera Blast Fighting\n|-supereffective|p1a: Wo-Chien\n|-damage|p1a: Wo-Chien|2/100\n|move|p1a: Wo-Chien|Knock Off|p2a: Mismagius\n|-resisted|p2a: Mismagius\n|-damage|p2a: Mismagius|0 fnt\n|faint|p2a: Mismagius\n|\n|-heal|p1a: Wo-Chien|8/100|[from] item: Leftovers\n|upkeep\n|inactive|Time left: 300 sec this turn | 300 sec total | 5 sec grace\n|\n|t:|1783548259\n|switch|p2a: Toxicroak|Toxicroak, L84, F|277/277\n|turn|7\n|inactive|Time left: 300 sec this turn | 300 sec total\n|\n|t:|1783548260\n|switch|p1a: Cinderace|Cinderace, L77, M|4/100\n|move|p2a: Toxicroak|Gunk Shot|p1a: Cinderace\n|-damage|p1a: Cinderace|0 fnt\n|faint|p1a: Cinderace\n|-damage|p2a: Toxicroak|250/277|[from] item: Life Orb\n|\n|upkeep\n|\n|t:|1783548261\n|switch|p1a: Sandslash|Sandslash, L89, F|100/100\n|turn|8\n|inactive|Time left: 300 sec this turn | 300 sec total\n|\n|t:|1783548262\n|switch|p2a: Iron Valiant|Iron Valiant, L78|244/244\n|move|p1a: Sandslash|Earthquake|p2a: Iron Valiant\n|-damage|p2a: Iron Valiant|126/244\n|\n|upkeep\n|turn|9\n|inactive|Time left: 300 sec this turn | 300 sec total\n|\n|t:|1783548264\n|move|p2a: Iron Valiant|Moonblast|p1a: Sandslash\n|-damage|p1a: Sandslash|34/100\n|-unboost|p1a: Sandslash|spa|1\n|-damage|p2a: Iron Valiant|102/244|[from] item: Life Orb\n|move|p1a: Sandslash|Earthquake|p2a: Iron Valiant\n|-damage|p2a: Iron Valiant|0 fnt\n|faint|p2a: Iron Valiant\n|-end|p2a: Iron Valiant|Quark Drive|[silent]\n|\n|-heal|p1a: Sandslash|40/100|[from] item: Leftovers\n|upkeep\n|inactive|Time left: 300 sec this turn | 300 sec total | 5 sec grace\n|\n|t:|1783548264\n|switch|p2a: Espeon|Espeon, L84, M|246/246\n|turn|10\n|inactive|Time left: 300 sec this turn | 300 sec total\n|\n|t:|1783548265\n|switch|p1a: Wo-Chien|Wo-Chien, L83|8/100\n|-ability|p1a: Wo-Chien|Tablets of Ruin\n|move|p2a: Espeon|Shadow Ball|p1a: Wo-Chien\n|-resisted|p1a: Wo-Chien\n|-damage|p1a: Wo-Chien|0 fnt\n|faint|p1a: Wo-Chien\n|-damage|p2a: Espeon|222/246|[from] item: Life Orb\n|\n|upkeep\n|\n|t:|1783548266\n|switch|p1a: Gurdurr|Gurdurr, L85, F|100/100\n|turn|11\n|inactive|Time left: 300 sec this turn | 300 sec total\n|\n|t:|1783548267\n|-terastallize|p1a: Gurdurr|Steel\n|move|p2a: Espeon|Psyshock|p1a: Gurdurr\n|-resisted|p1a: Gurdurr\n|-damage|p1a: Gurdurr|84/100\n|-damage|p2a: Espeon|198/246|[from] item: Life Orb\n|move|p1a: Gurdurr|Knock Off|p2a: Espeon\n|-supereffective|p2a: Espeon\n|-damage|p2a: Espeon|0 fnt\n|-enditem|p2a: Espeon|Life Orb|[from] move: Knock Off|[of] p1a: Gurdurr\n|faint|p2a: Espeon\n|\n|upkeep\n|inactive|Time left: 300 sec this turn | 300 sec total | 5 sec grace\n|\n|t:|1783548268\n|switch|p2a: Toxicroak|Toxicroak, L84, F|250/277\n|turn|12\n|inactive|Time left: 300 sec this turn | 300 sec total\n|\n|t:|1783548269\n|switch|p1a: Eiscue|Eiscue, L88, M|100/100\n|move|p2a: Toxicroak|Swords Dance|p2a: Toxicroak\n|-boost|p2a: Toxicroak|atk|2\n|\n|upkeep\n|turn|13\n|inactive|Time left: 300 sec this turn | 300 sec total\n|\n|t:|1783548270\n|switch|p2a: Volbeat|Volbeat, L90, M|263/263\n|move|p1a: Eiscue|Zen Headbutt|p2a: Volbeat\n|-damage|p2a: Volbeat|205/263\n|\n|upkeep\n|turn|14\n|inactive|Time left: 300 sec this turn | 300 sec total\n|\n|t:|1783548271\n|move|p2a: Volbeat|Thunder Wave|p1a: Eiscue\n|-status|p1a: Eiscue|par\n|move|p1a: Eiscue|Zen Headbutt|p2a: Volbeat\n|-damage|p2a: Volbeat|143/263\n|\n|upkeep\n|turn|15\n|inactive|Time left: 300 sec this turn | 300 sec total\n|\n|t:|1783548272\n|move|p2a: Volbeat|Roost|p2a: Volbeat\n|-heal|p2a: Volbeat|263/263\n|-singleturn|p2a: Volbeat|move: Roost\n|move|p1a: Eiscue|Zen Headbutt|p2a: Volbeat\n|-damage|p2a: Volbeat|208/263\n|\n|upkeep\n|turn|16\n|inactive|Time left: 300 sec this turn | 300 sec total\n|\n|t:|1783548273\n|move|p2a: Volbeat|U-turn|p1a: Eiscue\n|-activate|p1a: Eiscue|ability: Ice Face\n|-damage|p1a: Eiscue|100/100 par\n|detailschange|p1a: Eiscue|Eiscue-Noice, L88, M\n|inactive|Time left: 300 sec this turn | 300 sec total | 5 sec grace\n|\n|t:|1783548274\n|switch|p2a: Toxicroak|Toxicroak, L84, F|250/277|[from] U-turn\n|move|p1a: Eiscue|Zen Headbutt|p2a: Toxicroak\n|-supereffective|p2a: Toxicroak\n|-damage|p2a: Toxicroak|0 fnt\n|faint|p2a: Toxicroak\n|\n|upkeep\n|inactive|Time left: 300 sec this turn | 300 sec total | 10 sec grace\n|\n|t:|1783548275\n|switch|p2a: Volbeat|Volbeat, L90, M|208/263\n|turn|17\n|inactive|Time left: 300 sec this turn | 300 sec total\n|\n|t:|1783548276\n|switch|p1a: Sandslash|Sandslash, L89, F|40/100\n|move|p2a: Volbeat|U-turn|p1a: Sandslash\n|-damage|p1a: Sandslash|18/100\n|\n|-heal|p1a: Sandslash|24/100|[from] item: Leftovers\n|upkeep\n|turn|18\n|inactive|Time left: 300 sec this turn | 300 sec total\n|\n|t:|1783548277\n|move|p2a: Volbeat|U-turn|p1a: Sandslash\n|-damage|p1a: Sandslash|6/100\n|move|p1a: Sandslash|Knock Off|p2a: Volbeat\n|-damage|p2a: Volbeat|118/263\n|-enditem|p2a: Volbeat|Heavy-Duty Boots|[from] move: Knock Off|[of] p1a: Sandslash\n|\n|-heal|p1a: Sandslash|12/100|[from] item: Leftovers\n|upkeep\n|turn|19\n|inactive|Time left: 300 sec this turn | 300 sec total\n|\n|t:|1783548278\n|switch|p1a: Barraskewda|Barraskewda, L81, F|100/100\n|move|p2a: Volbeat|Roost|p2a: Volbeat\n|-heal|p2a: Volbeat|250/263\n|-singleturn|p2a: Volbeat|move: Roost\n|\n|upkeep\n|turn|20\n|inactive|Time left: 300 sec this turn | 300 sec total\n|\n|t:|1783548279\n|move|p2a: Volbeat|Thunder Wave|p1a: Barraskewda\n|-status|p1a: Barraskewda|par\n|cant|p1a: Barraskewda|par\n|\n|upkeep\n|turn|21\n|inactive|Time left: 300 sec this turn | 300 sec total\n|\n|t:|1783548280\n|move|p2a: Volbeat|U-turn|p1a: Barraskewda\n|-damage|p1a: Barraskewda|58/100 par\n|move|p1a: Barraskewda|Waterfall|p2a: Volbeat\n|-damage|p2a: Volbeat|109/263\n|\n|upkeep\n|turn|22\n|inactive|Time left: 300 sec this turn | 300 sec total\n|\n|t:|1783548281\n|move|p2a: Volbeat|Roost|p2a: Volbeat\n|-heal|p2a: Volbeat|241/263\n|-singleturn|p2a: Volbeat|move: Roost\n|cant|p1a: Barraskewda|par\n|\n|upkeep\n|turn|23\n|inactive|Time left: 300 sec this turn | 300 sec total\n|\n|t:|1783548282\n|move|p2a: Volbeat|U-turn|p1a: Barraskewda\n|-damage|p1a: Barraskewda|16/100 par\n|move|p1a: Barraskewda|Waterfall|p2a: Volbeat\n|-damage|p2a: Volbeat|88/263\n|\n|upkeep\n|turn|24\n|inactive|Time left: 300 sec this turn | 300 sec total\n|\n|t:|1783548284\n|move|p2a: Volbeat|U-turn|p1a: Barraskewda\n|-damage|p1a: Barraskewda|0 fnt\n|faint|p1a: Barraskewda\n|\n|upkeep\n|\n|t:|1783548285\n|switch|p1a: Gurdurr|Gurdurr, L85, F, tera:Steel|84/100\n|turn|25\n|inactive|Time left: 300 sec this turn | 300 sec total\n|\n|t:|1783548286\n|move|p2a: Volbeat|Roost|p2a: Volbeat\n|-heal|p2a: Volbeat|220/263\n|-singleturn|p2a: Volbeat|move: Roost\n|move|p1a: Gurdurr|Bulk Up|p1a: Gurdurr\n|-boost|p1a: Gurdurr|atk|1\n|-boost|p1a: Gurdurr|def|1\n|\n|upkeep\n|turn|26\n|inactive|Time left: 300 sec this turn | 300 sec total\n|\n|t:|1783548287\n|move|p2a: Volbeat|Encore|p1a: Gurdurr\n|-start|p1a: Gurdurr|Encore\n|move|p1a: Gurdurr|Bulk Up|p1a: Gurdurr\n|-boost|p1a: Gurdurr|atk|1\n|-boost|p1a: Gurdurr|def|1\n|\n|upkeep\n|turn|27\n|inactive|Time left: 300 sec this turn | 300 sec total\n|\n|t:|1783548288\n|switch|p1a: Eiscue|Eiscue-Noice, L88, M|100/100 par\n|move|p2a: Volbeat|Roost|p2a: Volbeat\n|-heal|p2a: Volbeat|263/263\n|-singleturn|p2a: Volbeat|move: Roost\n|\n|upkeep\n|turn|28\n|inactive|Time left: 300 sec this turn | 300 sec total\n|\n|t:|1783548289\n|move|p2a: Volbeat|U-turn|p1a: Eiscue\n|-damage|p1a: Eiscue|72/100 par\n|cant|p1a: Eiscue|par\n|\n|upkeep\n|turn|29\n|inactive|Time left: 300 sec this turn | 300 sec total\n|\n|t:|1783548290\n|move|p2a: Volbeat|U-turn|p1a: Eiscue\n|-damage|p1a: Eiscue|43/100 par\n|-enditem|p1a: Eiscue|Sitrus Berry|[eat]\n|-heal|p1a: Eiscue|68/100 par|[from] item: Sitrus Berry\n|move|p1a: Eiscue|Liquidation|p2a: Volbeat\n|-damage|p2a: Volbeat|203/263\n|\n|upkeep\n|turn|30\n|inactive|Time left: 300 sec this turn | 300 sec total\n|\n|t:|1783548291\n|move|p2a: Volbeat|U-turn|p1a: Eiscue\n|-damage|p1a: Eiscue|39/100 par\n|move|p1a: Eiscue|Ice Spinner|p2a: Volbeat\n|-damage|p2a: Volbeat|125/263\n|\n|upkeep\n|turn|31\n|inactive|Time left: 300 sec this turn | 300 sec total\n|\n|t:|1783548292\n|move|p2a: Volbeat|Roost|p2a: Volbeat\n|-heal|p2a: Volbeat|257/263\n|-singleturn|p2a: Volbeat|move: Roost\n|move|p1a: Eiscue|Ice Spinner|p2a: Volbeat\n|-damage|p2a: Volbeat|178/263\n|\n|upkeep\n|turn|32\n|inactive|Time left: 300 sec this turn | 300 sec total\n|\n|t:|1783548292\n|move|p2a: Volbeat|U-turn|p1a: Eiscue\n|-damage|p1a: Eiscue|10/100 par\n|move|p1a: Eiscue|Ice Spinner|p2a: Volbeat\n|-damage|p2a: Volbeat|96/263\n|\n|upkeep\n|turn|33\n|inactive|Time left: 300 sec this turn | 300 sec total\n|\n|t:|1783548293\n|switch|p1a: Gurdurr|Gurdurr, L85, F, tera:Steel|84/100\n|move|p2a: Volbeat|Roost|p2a: Volbeat\n|-heal|p2a: Volbeat|228/263\n|-singleturn|p2a: Volbeat|move: Roost\n|\n|upkeep\n|turn|34\n|inactive|Time left: 300 sec this turn | 300 sec total\n|\n|t:|1783548294\n|move|p2a: Volbeat|Thunder Wave|p1a: Gurdurr\n|-status|p1a: Gurdurr|par\n|move|p1a: Gurdurr|Bulk Up|p1a: Gurdurr\n|-boost|p1a: Gurdurr|atk|1\n|-boost|p1a: Gurdurr|def|1\n|\n|upkeep\n|turn|35\n|inactive|Time left: 300 sec this turn | 300 sec total\n|\n|t:|1783548295\n|move|p2a: Volbeat|Encore|p1a: Gurdurr\n|-start|p1a: Gurdurr|Encore\n|move|p1a: Gurdurr|Bulk Up|p1a: Gurdurr\n|-boost|p1a: Gurdurr|atk|1\n|-boost|p1a: Gurdurr|def|1\n|\n|upkeep\n|turn|36\n|inactive|Time left: 300 sec this turn | 300 sec total\n|\n|t:|1783548296\n|move|p2a: Volbeat|Roost|p2a: Volbeat\n|-heal|p2a: Volbeat|263/263\n|-singleturn|p2a: Volbeat|move: Roost\n|cant|p1a: Gurdurr|par\n|\n|upkeep\n|turn|37\n|inactive|Time left: 300 sec this turn | 300 sec total\n|\n|t:|1783548297\n|move|p2a: Volbeat|U-turn|p1a: Gurdurr\n|-resisted|p1a: Gurdurr\n|-damage|p1a: Gurdurr|79/100 par\n|cant|p1a: Gurdurr|par\n|\n|-end|p1a: Gurdurr|Encore\n|upkeep\n|turn|38\n|inactive|Time left: 300 sec this turn | 300 sec total\n|\n|t:|1783548298\n|move|p2a: Volbeat|Encore|p1a: Gurdurr\n|-start|p1a: Gurdurr|Encore\n|move|p1a: Gurdurr|Bulk Up|p1a: Gurdurr\n|-boost|p1a: Gurdurr|atk|1\n|-boost|p1a: Gurdurr|def|1\n|\n|upkeep\n|turn|39\n|inactive|Time left: 300 sec this turn | 300 sec total\n|\n|t:|1783548299\n|move|p2a: Volbeat|U-turn|p1a: Gurdurr\n|-resisted|p1a: Gurdurr\n|-damage|p1a: Gurdurr|76/100 par\n|move|p1a: Gurdurr|Bulk Up|p1a: Gurdurr\n|-boost|p1a: Gurdurr|atk|1\n|-boost|p1a: Gurdurr|def|1\n|\n|upkeep\n|turn|40\n|inactive|Time left: 300 sec this turn | 300 sec total\n|\n|t:|1783548300\n|move|p2a: Volbeat|Thunder Wave|p1a: Gurdurr\n|-fail|p1a: Gurdurr|par\n|cant|p1a: Gurdurr|par\n|\n|-end|p1a: Gurdurr|Encore\n|upkeep\n|turn|41\n|inactive|Time left: 300 sec this turn | 300 sec total\n|\n|t:|1783548301\n|move|p2a: Volbeat|Encore|p1a: Gurdurr\n|-start|p1a: Gurdurr|Encore\n|move|p1a: Gurdurr|Bulk Up|p1a: Gurdurr\n|-boost|p1a: Gurdurr|atk|1\n|-boost|p1a: Gurdurr|def|1\n|\n|upkeep\n|turn|42\n|inactive|Time left: 300 sec this turn | 300 sec total\n|\n|t:|1783548302\n|move|p2a: Volbeat|Encore||[still]\n|-fail|p2a: Volbeat\n|move|p1a: Gurdurr|Bulk Up|p1a: Gurdurr\n|-boost|p1a: Gurdurr|atk|1\n|-boost|p1a: Gurdurr|def|1\n|\n|upkeep\n|turn|43\n|inactive|Time left: 300 sec this turn | 300 sec total\n|\n|t:|1783548303\n|move|p2a: Volbeat|U-turn|p1a: Gurdurr\n|-resisted|p1a: Gurdurr\n|-damage|p1a: Gurdurr|74/100 par\n|move|p1a: Gurdurr|Bulk Up|p1a: Gurdurr\n|-boost|p1a: Gurdurr|atk|0\n|-boost|p1a: Gurdurr|def|0\n|\n|-end|p1a: Gurdurr|Encore\n|upkeep\n|turn|44\n|inactive|Time left: 300 sec this turn | 300 sec total\n|\n|t:|1783548305\n|move|p2a: Volbeat|Encore|p1a: Gurdurr\n|-start|p1a: Gurdurr|Encore\n|move|p1a: Gurdurr|Bulk Up|p1a: Gurdurr\n|-boost|p1a: Gurdurr|atk|0\n|-boost|p1a: Gurdurr|def|0\n|\n|upkeep\n|turn|45\n|inactive|Time left: 300 sec this turn | 300 sec total\n|\n|t:|1783548306\n|move|p2a: Volbeat|U-turn|p1a: Gurdurr\n|-resisted|p1a: Gurdurr\n|-damage|p1a: Gurdurr|72/100 par\n|cant|p1a: Gurdurr|par\n|\n|upkeep\n|turn|46\n|inactive|Time left: 300 sec this turn | 300 sec total\n|\n|t:|1783548307\n|move|p2a: Volbeat|U-turn|p1a: Gurdurr\n|-resisted|p1a: Gurdurr\n|-crit|p1a: Gurdurr\n|-damage|p1a: Gurdurr|60/100 par\n|move|p1a: Gurdurr|Bulk Up|p1a: Gurdurr\n|-boost|p1a: Gurdurr|atk|0\n|-boost|p1a: Gurdurr|def|0\n|\n|-end|p1a: Gurdurr|Encore\n|upkeep\n|turn|47\n|inactive|Time left: 300 sec this turn | 300 sec total\n|\n|t:|1783548308\n|move|p2a: Volbeat|Encore|p1a: Gurdurr\n|-start|p1a: Gurdurr|Encore\n|cant|p1a: Gurdurr|par\n|\n|upkeep\n|turn|48\n|inactive|Time left: 300 sec this turn | 300 sec total\n|\n|t:|1783548309\n|switch|p1a: Sandslash|Sandslash, L89, F|12/100\n|move|p2a: Volbeat|U-turn|p1a: Sandslash\n|-damage|p1a: Sandslash|0 fnt\n|faint|p1a: Sandslash\n|\n|upkeep\n|\n|t:|1783548310\n|switch|p1a: Gurdurr|Gurdurr, L85, F, tera:Steel|60/100 par\n|turn|49\n|inactive|Time left: 300 sec this turn | 300 sec total\n|\n|t:|1783548311\n|move|p2a: Volbeat|U-turn|p1a: Gurdurr\n|-resisted|p1a: Gurdurr\n|-damage|p1a: Gurdurr|51/100 par\n|move|p1a: Gurdurr|Drain Punch|p2a: Volbeat\n|-resisted|p2a: Volbeat\n|-damage|p2a: Volbeat|191/263\n|-heal|p1a: Gurdurr|64/100 par|[from] drain|[of] p2a: Volbeat\n|\n|upkeep\n|turn|50\n|inactive|Time left: 300 sec this turn | 300 sec total\n|\n|t:|1783548311\n|move|p2a: Volbeat|U-turn|p1a: Gurdurr\n|-resisted|p1a: Gurdurr\n|-damage|p1a: Gurdurr|56/100 par\n|move|p1a: Gurdurr|Knock Off|p2a: Volbeat\n|-damage|p2a: Volbeat|114/263\n|\n|upkeep\n|turn|51\n|inactive|Time left: 300 sec this turn | 300 sec total\n|\n|t:|1783548312\n|move|p2a: Volbeat|U-turn|p1a: Gurdurr\n|-resisted|p1a: Gurdurr\n|-damage|p1a: Gurdurr|47/100 par\n|move|p1a: Gurdurr|Knock Off|p2a: Volbeat\n|-damage|p2a: Volbeat|40/263\n|\n|upkeep\n|turn|52\n|inactive|Time left: 300 sec this turn | 300 sec total\n|\n|t:|1783548313\n|move|p2a: Volbeat|U-turn|p1a: Gurdurr\n|-resisted|p1a: Gurdurr\n|-damage|p1a: Gurdurr|39/100 par\n|cant|p1a: Gurdurr|par\n|\n|upkeep\n|turn|53\n|inactive|Time left: 300 sec this turn | 300 sec total\n|\n|t:|1783548314\n|move|p2a: Volbeat|U-turn|p1a: Gurdurr\n|-resisted|p1a: Gurdurr\n|-damage|p1a: Gurdurr|31/100 par\n|move|p1a: Gurdurr|Drain Punch|p2a: Volbeat\n|-resisted|p2a: Volbeat\n|-damage|p2a: Volbeat|0 fnt\n|-heal|p1a: Gurdurr|38/100 par|[from] drain|[of] p2a: Volbeat\n|faint|p2a: Volbeat\n|\n|win|p0x72757c7", "uploadtime": 1783548314, "views": 0, "rating": 0, "private": 0, "password": null, "_winner": "p0x72757c7", "_our_name": "p0y72733ca"}