{"id": "battle-gen9randombattle-144", "formatid": "gen9randombattle", "format": "[Gen 9] Random Battle", "players": ["p0x144c2bd", "p0y14430e6"], "log": "|init|battle\n|title|p0x144c2bd vs. p0y14430e6\n|j|\u2606p0x144c2bd\n|j|\u2606p0y14430e6\n|t:|1783534919\n|gametype|singles\n|player|p1|p0x144c2bd|101|\n|player|p2|p0y14430e6|265|\n|gen|9\n|tier|[Gen 9] Random Battle\n|rule|Species Clause: Limit one of each Pok\u00e9mon\n|rule|HP Percentage Mod: HP is shown in percentages\n|rule|Sleep Clause Mod: Limit one foe put to sleep\n|rule|Illusion Level Mod: Illusion disguises the Pok\u00e9mon's true level\n|\n|t:|1783534919\n|teamsize|p1|6\n|teamsize|p2|6\n|start\n|switch|p1a: Eternatus|Eternatus, L69|308/308\n|switch|p2a: Pawmot|Pawmot, L80, F|100/100\n|-ability|p1a: Eternatus|Pressure\n|turn|1\n|inactive|Battle timer is ON: inactive players will automatically lose when time's up. (requested by p0y14430e6)\n|inactive|Time left: 300 sec this turn | 300 sec total | 60 sec grace\n|inactive|p0x144c2bd also wants the timer to be on.\n|\n|t:|1783534921\n|switch|p2a: Grimmsnarl|Grimmsnarl, L83, M|100/100\n|move|p1a: Eternatus|Dynamax Cannon|p2a: Grimmsnarl\n|-immune|p2a: Grimmsnarl\n|\n|upkeep\n|turn|2\n|inactive|Time left: 300 sec this turn | 300 sec total\n|\n|t:|1783534923\n|move|p2a: Grimmsnarl|Light Screen|p2a: Grimmsnarl\n|-sidestart|p2: p0y14430e6|move: Light Screen\n|move|p1a: Eternatus|Toxic Spikes|p2a: Grimmsnarl\n|-sidestart|p2: p0y14430e6|move: Toxic Spikes\n|\n|upkeep\n|turn|3\n|inactive|Time left: 300 sec this turn | 300 sec total\n|\n|t:|1783534924\n|move|p1a: Eternatus|Toxic Spikes|p2a: Grimmsnarl\n|-sidestart|p2: p0y14430e6|move: Toxic Spikes\n|move|p2a: Grimmsnarl|Spirit Break|p1a: Eternatus\n|-damage|p1a: Eternatus|206/308\n|-unboost|p1a: Eternatus|spa|1\n|\n|-heal|p1a: Eternatus|225/308|[from] item: Leftovers\n|upkeep\n|turn|4\n|inactive|Time left: 300 sec this turn | 300 sec total\n|\n|t:|1783534925\n|switch|p1a: Eiscue|Eiscue, L88, F|274/274\n|switch|p2a: Swalot|Swalot, L90, F|100/100\n|-sideend|p2: p0y14430e6|move: Toxic Spikes|[of] p2a: Swalot\n|\n|upkeep\n|turn|5\n|inactive|Time left: 300 sec this turn | 300 sec total\n|\n|t:|1783534926\n|move|p2a: Swalot|Swords Dance|p2a: Swalot\n|-boost|p2a: Swalot|atk|2\n|move|p1a: Eiscue|Belly Drum|p1a: Eiscue\n|-damage|p1a: Eiscue|137/274\n|-setboost|p1a: Eiscue|atk|6|[from] move: Belly Drum\n|-enditem|p1a: Eiscue|Sitrus Berry|[eat]\n|-heal|p1a: Eiscue|205/274|[from] item: Sitrus Berry\n|\n|upkeep\n|turn|6\n|inactive|Time left: 300 sec this turn | 300 sec total\n|\n|t:|1783534927\n|move|p2a: Swalot|Knock Off|p1a: Eiscue\n|-activate|p1a: Eiscue|ability: Ice Face\n|-damage|p1a: Eiscue|205/274\n|detailschange|p1a: Eiscue|Eiscue-Noice, L88, F\n|move|p1a: Eiscue|Ice Spinner|p2a: Swalot\n|-damage|p2a: Swalot|1/100\n|\n|-heal|p2a: Swalot|7/100|[from] item: Leftovers\n|upkeep\n|turn|7\n|inactive|Time left: 300 sec this turn | 300 sec total\n|\n|t:|1783534928\n|move|p1a: Eiscue|Iron Head|p2a: Swalot\n|-damage|p2a: Swalot|0 fnt\n|faint|p2a: Swalot\n|\n|upkeep\n|\n|t:|1783534929\n|switch|p2a: Grimmsnarl|Grimmsnarl, L83, M|100/100\n|turn|8\n|inactive|Time left: 300 sec this turn | 300 sec total\n|\n|t:|1783534930\n|move|p2a: Grimmsnarl|Reflect|p2a: Grimmsnarl\n|-sidestart|p2: p0y14430e6|Reflect\n|move|p1a: Eiscue|Ice Spinner|p2a: Grimmsnarl\n|-damage|p2a: Grimmsnarl|27/100\n|\n|upkeep\n|turn|9\n|inactive|Time left: 300 sec this turn | 300 sec total\n|\n|t:|1783534931\n|move|p2a: Grimmsnarl|Parting Shot|p1a: Eiscue\n|-unboost|p1a: Eiscue|atk|1\n|-unboost|p1a: Eiscue|spa|1\n|\n|t:|1783534932\n|switch|p2a: Illumise|Illumise, L91, F|100/100|[from] Parting Shot\n|move|p1a: Eiscue|Ice Spinner|p2a: Illumise\n|-damage|p2a: Illumise|48/100\n|\n|-sideend|p2: p0y14430e6|move: Light Screen\n|upkeep\n|turn|10\n|inactive|Time left: 300 sec this turn | 300 sec total\n|\n|t:|1783534933\n|move|p2a: Illumise|Roost|p2a: Illumise\n|-heal|p2a: Illumise|98/100\n|-singleturn|p2a: Illumise|move: Roost\n|move|p1a: Eiscue|Ice Spinner|p2a: Illumise\n|-damage|p2a: Illumise|47/100\n|\n|upkeep\n|turn|11\n|inactive|Time left: 300 sec this turn | 300 sec total\n|\n|t:|1783534934\n|move|p2a: Illumise|Roost|p2a: Illumise\n|-heal|p2a: Illumise|97/100\n|-singleturn|p2a: Illumise|move: Roost\n|move|p1a: Eiscue|Ice Spinner|p2a: Illumise\n|-damage|p2a: Illumise|42/100\n|\n|upkeep\n|turn|12\n|inactive|Time left: 300 sec this turn | 300 sec total\n|\n|t:|1783534935\n|move|p2a: Illumise|Roost|p2a: Illumise\n|-heal|p2a: Illumise|92/100\n|-singleturn|p2a: Illumise|move: Roost\n|move|p1a: Eiscue|Ice Spinner|p2a: Illumise\n|-crit|p2a: Illumise\n|-damage|p2a: Illumise|0 fnt\n|faint|p2a: Illumise\n|\n|upkeep\n|\n|t:|1783534936\n|switch|p2a: Pawmot|Pawmot, L80, F|100/100\n|turn|13\n|inactive|Time left: 300 sec this turn | 300 sec total\n|\n|t:|1783534937\n|move|p1a: Eiscue|Ice Spinner|p2a: Pawmot\n|-damage|p2a: Pawmot|31/100\n|move|p2a: Pawmot|Close Combat|p1a: Eiscue\n|-supereffective|p1a: Eiscue\n|-damage|p1a: Eiscue|0 fnt\n|-unboost|p2a: Pawmot|def|1\n|-unboost|p2a: Pawmot|spd|1\n|faint|p1a: Eiscue\n|-damage|p2a: Pawmot|21/100|[from] item: Life Orb\n|\n|upkeep\n|inactive|Time left: 300 sec this turn | 300 sec total | 5 sec grace\n|\n|t:|1783534938\n|switch|p1a: Diancie|Diancie, L82|216/216\n|turn|14\n|inactive|Time left: 300 sec this turn | 300 sec total\n|\n|t:|1783534939\n|move|p2a: Pawmot|Close Combat|p1a: Diancie\n|-damage|p1a: Diancie|90/216\n|-unboost|p2a: Pawmot|def|1\n|-unboost|p2a: Pawmot|spd|1\n|-damage|p2a: Pawmot|12/100|[from] item: Life Orb\n|move|p1a: Diancie|Diamond Storm|p2a: Pawmot\n|-resisted|p2a: Pawmot\n|-damage|p2a: Pawmot|0 fnt\n|-boost|p1a: Diancie|def|2\n|faint|p2a: Pawmot\n|\n|-heal|p1a: Diancie|103/216|[from] item: Leftovers\n|upkeep\n|\n|t:|1783534940\n|switch|p2a: Meowscarada|Meowscarada, L78, F|100/100\n|turn|15\n|inactive|Time left: 300 sec this turn | 300 sec total\n|\n|t:|1783534941\n|-terastallize|p1a: Diancie|Fairy\n|move|p2a: Meowscarada|Flower Trick|p1a: Diancie\n|-start|p2a: Meowscarada|typechange|Grass|[from] ability: Protean\n|-crit|p1a: Diancie\n|-damage|p1a: Diancie|3/216\n|move|p1a: Diancie|Draining Kiss|p2a: Meowscarada\n|-damage|p2a: Meowscarada|58/100\n|-heal|p1a: Diancie|83/216|[from] drain|[of] p2a: Meowscarada\n|\n|-heal|p1a: Diancie|96/216|[from] item: Leftovers\n|-sideend|p2: p0y14430e6|Reflect\n|upkeep\n|turn|16\n|inactive|Time left: 300 sec this turn | 300 sec total\n|\n|t:|1783534942\n|switch|p1a: Eternatus|Eternatus, L69|225/308\n|-ability|p1a: Eternatus|Pressure\n|move|p2a: Meowscarada|Flower Trick|p1a: Eternatus\n|-resisted|p1a: Eternatus\n|-crit|p1a: Eternatus\n|-damage|p1a: Eternatus|180/308\n|\n|-heal|p1a: Eternatus|199/308|[from] item: Leftovers\n|upkeep\n|turn|17\n|inactive|Time left: 300 sec this turn | 300 sec total\n|\n|t:|1783534943\n|switch|p2a: Grimmsnarl|Grimmsnarl, L83, M|27/100\n|move|p1a: Eternatus|Flamethrower|p2a: Grimmsnarl\n|-damage|p2a: Grimmsnarl|5/100\n|\n|-heal|p1a: Eternatus|218/308|[from] item: Leftovers\n|upkeep\n|turn|18\n|inactive|Time left: 300 sec this turn | 300 sec total\n|\n|t:|1783534944\n|move|p2a: Grimmsnarl|Reflect|p2a: Grimmsnarl\n|-sidestart|p2: p0y14430e6|Reflect\n|move|p1a: Eternatus|Flamethrower|p2a: Grimmsnarl\n|-damage|p2a: Grimmsnarl|0 fnt\n|faint|p2a: Grimmsnarl\n|\n|-heal|p1a: Eternatus|237/308|[from] item: Leftovers\n|upkeep\n|\n|t:|1783534945\n|switch|p2a: Meowscarada|Meowscarada, L78, F|58/100\n|turn|19\n|inactive|Time left: 300 sec this turn | 300 sec total\n|\n|t:|1783534946\n|move|p2a: Meowscarada|Triple Axel|p1a: Eternatus\n|-start|p2a: Meowscarada|typechange|Ice|[from] ability: Protean\n|-supereffective|p1a: Eternatus\n|-damage|p1a: Eternatus|165/308\n|-supereffective|p1a: Eternatus\n|-damage|p1a: Eternatus|27/308\n|-supereffective|p1a: Eternatus\n|-damage|p1a: Eternatus|0 fnt\n|faint|p1a: Eternatus\n|-hitcount|p1: Eternatus|3\n|\n|upkeep\n|inactive|Time left: 300 sec this turn | 300 sec total | 5 sec grace\n|\n|t:|1783534947\n|switch|p1a: Clawitzer|Clawitzer, L87, F|265/265\n|turn|20\n|inactive|Time left: 300 sec this turn | 300 sec total\n|\n|t:|1783534948\n|move|p2a: Meowscarada|Triple Axel|p1a: Clawitzer\n|-resisted|p1a: Clawitzer\n|-damage|p1a: Clawitzer|250/265\n|-resisted|p1a: Clawitzer\n|-damage|p1a: Clawitzer|220/265\n|-resisted|p1a: Clawitzer\n|-crit|p1a: Clawitzer\n|-damage|p1a: Clawitzer|157/265\n|-hitcount|p1a: Clawitzer|3\n|move|p1a: Clawitzer|Water Pulse|p2a: Meowscarada\n|-damage|p2a: Meowscarada|0 fnt\n|faint|p2a: Meowscarada\n|\n|upkeep\n|\n|t:|1783534949\n|switch|p2a: Hippowdon|Hippowdon, L82, M|100/100\n|-weather|Sandstorm|[from] ability: Sand Stream|[of] p2a: Hippowdon\n|turn|21\n|inactive|Time left: 300 sec this turn | 300 sec total\n|\n|t:|1783534950\n|-terastallize|p2a: Hippowdon|Rock\n|move|p1a: Clawitzer|Water Pulse|p2a: Hippowdon\n|-supereffective|p2a: Hippowdon\n|-damage|p2a: Hippowdon|9/100\n|move|p2a: Hippowdon|Earthquake|p1a: Clawitzer\n|-damage|p1a: Clawitzer|46/265\n|\n|-weather|Sandstorm|[upkeep]\n|-damage|p1a: Clawitzer|30/265|[from] Sandstorm\n|-heal|p2a: Hippowdon|15/100|[from] item: Leftovers\n|upkeep\n|turn|22\n|inactive|Time left: 300 sec this turn | 300 sec total\n|\n|t:|1783534951\n|move|p1a: Clawitzer|Water Pulse|p2a: Hippowdon\n|-supereffective|p2a: Hippowdon\n|-damage|p2a: Hippowdon|0 fnt\n|faint|p2a: Hippowdon\n|\n|win|p0x144c2bd", "uploadtime": 1783534951, "views": 0, "rating": 0, "private": 0, "password": null, "_winner": "p0x144c2bd", "_our_name": "p0x144c2bd"}