{"id": "battle-gen9randombattle-625", "formatid": "gen9randombattle", "format": "[Gen 9] Random Battle", "players": ["p0x625115c", "p0y6259410"], "log": "|init|battle\n|title|p0x625115c vs. p0y6259410\n|j|\u2606p0x625115c\n|j|\u2606p0y6259410\n|t:|1783546356\n|gametype|singles\n|player|p1|p0x625115c|265|\n|player|p2|p0y6259410|2|\n|gen|9\n|tier|[Gen 9] Random Battle\n|rule|Species Clause: Limit one of each Pok\u00e9mon\n|rule|HP Percentage Mod: HP is shown in percentages\n|rule|Sleep Clause Mod: Limit one foe put to sleep\n|rule|Illusion Level Mod: Illusion disguises the Pok\u00e9mon's true level\n|\n|t:|1783546356\n|teamsize|p1|6\n|teamsize|p2|6\n|start\n|switch|p1a: Iron Treads|Iron Treads, L77|265/265\n|switch|p2a: Emboar|Emboar, L84, M|100/100\n|turn|1\n|inactive|Battle timer is ON: inactive players will automatically lose when time's up. (requested by p0x625115c)\n|inactive|p0y6259410 also wants the timer to be on.\n|\n|t:|1783546357\n|move|p1a: Iron Treads|Earthquake|p2a: Emboar\n|-supereffective|p2a: Emboar\n|-damage|p2a: Emboar|26/100\n|move|p2a: Emboar|Flare Blitz|p1a: Iron Treads\n|-supereffective|p1a: Iron Treads\n|-damage|p1a: Iron Treads|0 fnt\n|faint|p1a: Iron Treads\n|-end|p1a: Iron Treads|Quark Drive|[silent]\n|-damage|p2a: Emboar|0 fnt|[from] Recoil\n|faint|p2a: Emboar\n|\n|upkeep\n|inactive|Time left: 300 sec this turn | 300 sec total | 65 sec grace\n|\n|t:|1783546359\n|switch|p1a: Walking Wake|Walking Wake, L79|286/286\n|switch|p2a: Lapras|Lapras, L87, F|100/100\n|turn|2\n|inactive|Time left: 300 sec this turn | 300 sec total\n|\n|t:|1783546360\n|-end|p1a: Walking Wake|Protosynthesis|[silent]\n|switch|p1a: Cetitan|Cetitan, L82, M|412/412\n|move|p2a: Lapras|Freeze-Dry|p1a: Cetitan\n|-resisted|p1a: Cetitan\n|-damage|p1a: Cetitan|376/412\n|\n|upkeep\n|turn|3\n|inactive|Time left: 300 sec this turn | 300 sec total\n|\n|t:|1783546361\n|move|p1a: Cetitan|Belly Drum|p1a: Cetitan\n|-damage|p1a: Cetitan|170/412\n|-setboost|p1a: Cetitan|atk|6|[from] move: Belly Drum\n|-enditem|p1a: Cetitan|Sitrus Berry|[eat]\n|-heal|p1a: Cetitan|273/412|[from] item: Sitrus Berry\n|move|p2a: Lapras|Freeze-Dry|p1a: Cetitan\n|-resisted|p1a: Cetitan\n|-damage|p1a: Cetitan|234/412\n|\n|upkeep\n|turn|4\n|inactive|Time left: 300 sec this turn | 300 sec total\n|\n|t:|1783546362\n|switch|p2a: Bronzong|Bronzong, L88|100/100\n|move|p1a: Cetitan|Earthquake|p2a: Bronzong\n|-immune|p2a: Bronzong|[from] ability: Levitate\n|\n|upkeep\n|turn|5\n|inactive|Time left: 300 sec this turn | 300 sec total\n|\n|t:|1783546364\n|move|p1a: Cetitan|Ice Spinner|p2a: Bronzong\n|-resisted|p2a: Bronzong\n|-damage|p2a: Bronzong|47/100\n|move|p2a: Bronzong|Iron Head|p1a: Cetitan\n|-supereffective|p1a: Cetitan\n|-damage|p1a: Cetitan|12/412\n|\n|upkeep\n|turn|6\n|inactive|Time left: 300 sec this turn | 300 sec total\n|\n|t:|1783546365\n|move|p1a: Cetitan|Ice Spinner|p2a: Bronzong\n|-resisted|p2a: Bronzong\n|-damage|p2a: Bronzong|0 fnt\n|faint|p2a: Bronzong\n|\n|upkeep\n|\n|t:|1783546365\n|switch|p2a: Beartic|Beartic, L91, F|100/100\n|turn|7\n|inactive|Time left: 300 sec this turn | 300 sec total\n|\n|t:|1783546366\n|move|p2a: Beartic|Aqua Jet|p1a: Cetitan\n|-damage|p1a: Cetitan|0 fnt\n|faint|p1a: Cetitan\n|\n|upkeep\n|inactive|Time left: 300 sec this turn | 300 sec total | 5 sec grace\n|\n|t:|1783546367\n|switch|p1a: Rillaboom|Rillaboom, L79, M|288/288\n|-fieldstart|move: Grassy Terrain|[from] ability: Grassy Surge|[of] p1a: Rillaboom\n|turn|8\n|inactive|Time left: 300 sec this turn | 300 sec total\n|\n|t:|1783546368\n|-terastallize|p1a: Rillaboom|Grass\n|move|p1a: Rillaboom|Wood Hammer|p2a: Beartic\n|-damage|p2a: Beartic|0 fnt\n|faint|p2a: Beartic\n|-damage|p1a: Rillaboom|182/288|[from] Recoil\n|\n|-heal|p1a: Rillaboom|200/288|[from] Grassy Terrain\n|upkeep\n|\n|t:|1783546369\n|switch|p2a: Qwilfish|Qwilfish-Hisui, L83, F|100/100\n|-ability|p2a: Qwilfish|Intimidate|boost\n|-unboost|p1a: Rillaboom|atk|1\n|turn|9\n|inactive|Time left: 300 sec this turn | 300 sec total\n|\n|t:|1783546370\n|switch|p1a: Slowbro|Slowbro, L85, M|300/300\n|move|p2a: Qwilfish|Gunk Shot|p1a: Slowbro\n|-damage|p1a: Slowbro|192/300\n|\n|-heal|p1a: Slowbro|210/300|[from] Grassy Terrain\n|-heal|p1a: Slowbro|228/300|[from] item: Leftovers\n|upkeep\n|turn|10\n|inactive|Time left: 300 sec this turn | 300 sec total\n|\n|t:|1783546372\n|switch|p2a: Lapras|Lapras, L87, F|100/100\n|move|p1a: Slowbro|Scald|p2a: Lapras\n|-immune|p2a: Lapras|[from] ability: Water Absorb\n|\n|-heal|p1a: Slowbro|246/300|[from] Grassy Terrain\n|-heal|p1a: Slowbro|264/300|[from] item: Leftovers\n|upkeep\n|turn|11\n|inactive|Time left: 300 sec this turn | 300 sec total\n|\n|t:|1783546373\n|switch|p1a: Oinkologne|Oinkologne, L92, M|352/352\n|move|p2a: Lapras|Freeze-Dry|p1a: Oinkologne\n|-damage|p1a: Oinkologne|298/352\n|\n|-heal|p1a: Oinkologne|320/352|[from] Grassy Terrain\n|-heal|p1a: Oinkologne|342/352|[from] item: Leftovers\n|upkeep\n|turn|12\n|inactive|Time left: 300 sec this turn | 300 sec total\n|\n|t:|1783546374\n|switch|p2a: Qwilfish|Qwilfish-Hisui, L83, F|100/100\n|-ability|p2a: Qwilfish|Intimidate|boost\n|-unboost|p1a: Oinkologne|atk|1\n|move|p1a: Oinkologne|Double-Edge|p2a: Qwilfish\n|-damage|p2a: Qwilfish|72/100\n|-damage|p1a: Oinkologne|319/352|[from] Recoil\n|\n|-heal|p2a: Qwilfish|78/100|[from] Grassy Terrain\n|-heal|p1a: Oinkologne|341/352|[from] Grassy Terrain\n|-heal|p1a: Oinkologne|352/352|[from] item: Leftovers\n|-fieldend|move: Grassy Terrain\n|upkeep\n|turn|13\n|inactive|Time left: 300 sec this turn | 300 sec total\n|\n|t:|1783546375\n|move|p2a: Qwilfish|Gunk Shot|p1a: Oinkologne\n|-damage|p1a: Oinkologne|235/352\n|move|p1a: Oinkologne|High Horsepower|p2a: Qwilfish\n|-supereffective|p2a: Qwilfish\n|-damage|p2a: Qwilfish|47/100\n|\n|-heal|p1a: Oinkologne|257/352|[from] item: Leftovers\n|upkeep\n|turn|14\n|inactive|Time left: 300 sec this turn | 300 sec total\n|\n|t:|1783546375\n|move|p2a: Qwilfish|Gunk Shot|p1a: Oinkologne\n|-damage|p1a: Oinkologne|128/352\n|-status|p1a: Oinkologne|psn\n|move|p1a: Oinkologne|Double-Edge|p2a: Qwilfish\n|-damage|p2a: Qwilfish|18/100\n|-damage|p1a: Oinkologne|104/352 psn|[from] Recoil\n|\n|-heal|p1a: Oinkologne|126/352 psn|[from] item: Leftovers\n|-damage|p1a: Oinkologne|82/352 psn|[from] psn\n|upkeep\n|turn|15\n|inactive|Time left: 300 sec this turn | 300 sec total\n|\n|t:|1783546376\n|switch|p2a: Lapras|Lapras, L87, F|100/100\n|move|p1a: Oinkologne|Double-Edge|p2a: Lapras\n|-damage|p2a: Lapras|71/100\n|-damage|p1a: Oinkologne|46/352 psn|[from] Recoil\n|\n|-heal|p1a: Oinkologne|68/352 psn|[from] item: Leftovers\n|-damage|p1a: Oinkologne|24/352 psn|[from] psn\n|upkeep\n|turn|16\n|inactive|Time left: 300 sec this turn | 300 sec total\n|\n|t:|1783546377\n|move|p1a: Oinkologne|Double-Edge|p2a: Lapras\n|-damage|p2a: Lapras|44/100\n|-damage|p1a: Oinkologne|0 fnt|[from] Recoil\n|faint|p1a: Oinkologne\n|move|p2a: Lapras|Freeze-Dry|p1: Oinkologne|[notarget]\n|-fail|p2a: Lapras\n|\n|upkeep\n|inactive|Time left: 300 sec this turn | 300 sec total | 5 sec grace\n|\n|t:|1783546378\n|switch|p1a: Rillaboom|Rillaboom, L79, M, tera:Grass|200/288\n|-fieldstart|move: Grassy Terrain|[from] ability: Grassy Surge|[of] p1a: Rillaboom\n|turn|17\n|inactive|Time left: 300 sec this turn | 300 sec total\n|\n|t:|1783546379\n|switch|p2a: Altaria|Altaria, L89, M|100/100\n|move|p1a: Rillaboom|Wood Hammer|p2a: Altaria\n|-resisted|p2a: Altaria\n|-damage|p2a: Altaria|72/100\n|-damage|p1a: Rillaboom|174/288|[from] Recoil\n|\n|-heal|p1a: Rillaboom|192/288|[from] Grassy Terrain\n|upkeep\n|turn|18\n|inactive|Time left: 300 sec this turn | 300 sec total\n|\n|t:|1783546380\n|switch|p1a: Slowbro|Slowbro, L85, M|300/300\n|move|p2a: Altaria|Brave Bird|p1a: Slowbro\n|-crit|p1a: Slowbro\n|-damage|p1a: Slowbro|159/300\n|-damage|p2a: Altaria|55/100|[from] Recoil\n|\n|-heal|p1a: Slowbro|177/300|[from] Grassy Terrain\n|-heal|p1a: Slowbro|195/300|[from] item: Leftovers\n|upkeep\n|turn|19\n|inactive|Time left: 300 sec this turn | 300 sec total\n|\n|t:|1783546381\n|switch|p2a: Lapras|Lapras, L87, F|44/100\n|move|p1a: Slowbro|Calm Mind|p1a: Slowbro\n|-boost|p1a: Slowbro|spa|1\n|-boost|p1a: Slowbro|spd|1\n|\n|-heal|p2a: Lapras|50/100|[from] Grassy Terrain\n|-heal|p1a: Slowbro|213/300|[from] Grassy Terrain\n|-heal|p1a: Slowbro|231/300|[from] item: Leftovers\n|upkeep\n|turn|20\n|inactive|Time left: 300 sec this turn | 300 sec total\n|\n|t:|1783546382\n|move|p2a: Lapras|Freeze-Dry|p1a: Slowbro\n|-supereffective|p1a: Slowbro\n|-damage|p1a: Slowbro|63/300\n|move|p1a: Slowbro|Slack Off|p1a: Slowbro\n|-heal|p1a: Slowbro|213/300\n|\n|-heal|p2a: Lapras|56/100|[from] Grassy Terrain\n|-heal|p1a: Slowbro|231/300|[from] Grassy Terrain\n|-heal|p1a: Slowbro|249/300|[from] item: Leftovers\n|upkeep\n|turn|21\n|inactive|Time left: 300 sec this turn | 300 sec total\n|\n|t:|1783546383\n|-terastallize|p2a: Lapras|Ice\n|move|p2a: Lapras|Freeze-Dry|p1a: Slowbro\n|-supereffective|p1a: Slowbro\n|-damage|p1a: Slowbro|49/300\n|move|p1a: Slowbro|Slack Off|p1a: Slowbro\n|-heal|p1a: Slowbro|199/300\n|\n|-heal|p2a: Lapras|62/100|[from] Grassy Terrain\n|-heal|p1a: Slowbro|217/300|[from] Grassy Terrain\n|-heal|p1a: Slowbro|235/300|[from] item: Leftovers\n|-fieldend|move: Grassy Terrain\n|upkeep\n|turn|22\n|inactive|Time left: 300 sec this turn | 300 sec total\n|\n|t:|1783546384\n|move|p2a: Lapras|Freeze-Dry|p1a: Slowbro\n|-supereffective|p1a: Slowbro\n|-damage|p1a: Slowbro|15/300\n|move|p1a: Slowbro|Psychic Noise|p2a: Lapras\n|-damage|p2a: Lapras|30/100\n|-start|p2a: Lapras|move: Heal Block\n|\n|-heal|p1a: Slowbro|33/300|[from] item: Leftovers\n|upkeep\n|turn|23\n|inactive|Time left: 300 sec this turn | 300 sec total\n|\n|t:|1783546386\n|move|p2a: Lapras|Freeze-Dry|p1a: Slowbro\n|-supereffective|p1a: Slowbro\n|-damage|p1a: Slowbro|0 fnt\n|faint|p1a: Slowbro\n|\n|-end|p2a: Lapras|move: Heal Block\n|upkeep\n|inactive|Time left: 300 sec this turn | 300 sec total | 5 sec grace\n|\n|t:|1783546387\n|switch|p1a: Rillaboom|Rillaboom, L79, M, tera:Grass|192/288\n|-fieldstart|move: Grassy Terrain|[from] ability: Grassy Surge|[of] p1a: Rillaboom\n|turn|24\n|inactive|Time left: 300 sec this turn | 300 sec total\n|\n|t:|1783546388\n|switch|p2a: Altaria|Altaria, L89, M|55/100\n|move|p1a: Rillaboom|Wood Hammer|p2a: Altaria\n|-resisted|p2a: Altaria\n|-damage|p2a: Altaria|27/100\n|-damage|p1a: Rillaboom|167/288|[from] Recoil\n|\n|-heal|p1a: Rillaboom|185/288|[from] Grassy Terrain\n|upkeep\n|turn|25\n|inactive|Time left: 300 sec this turn | 300 sec total\n|\n|t:|1783546389\n|move|p2a: Altaria|Defog|p1a: Rillaboom\n|-unboost|p1a: Rillaboom|evasion|1\n|-fieldend|move: Grassy Terrain\n|move|p1a: Rillaboom|Wood Hammer|p2a: Altaria\n|-resisted|p2a: Altaria\n|-damage|p2a: Altaria|4/100\n|-damage|p1a: Rillaboom|163/288|[from] Recoil\n|\n|upkeep\n|turn|26\n|inactive|Time left: 300 sec this turn | 300 sec total\n|\n|t:|1783546390\n|move|p2a: Altaria|Roost|p2a: Altaria\n|-heal|p2a: Altaria|54/100\n|-singleturn|p2a: Altaria|move: Roost\n|move|p1a: Rillaboom|Wood Hammer|p2a: Altaria\n|-resisted|p2a: Altaria\n|-damage|p2a: Altaria|6/100\n|-damage|p1a: Rillaboom|119/288|[from] Recoil\n|\n|upkeep\n|turn|27\n|inactive|Time left: 300 sec this turn | 300 sec total\n|\n|t:|1783546391\n|move|p2a: Altaria|Roost|p2a: Altaria\n|-heal|p2a: Altaria|56/100\n|-singleturn|p2a: Altaria|move: Roost\n|move|p1a: Rillaboom|Wood Hammer|p2a: Altaria\n|-resisted|p2a: Altaria\n|-damage|p2a: Altaria|10/100\n|-damage|p1a: Rillaboom|76/288|[from] Recoil\n|\n|upkeep\n|turn|28\n|inactive|Time left: 300 sec this turn | 300 sec total\n|\n|t:|1783546391\n|move|p2a: Altaria|Roost|p2a: Altaria\n|-heal|p2a: Altaria|60/100\n|-singleturn|p2a: Altaria|move: Roost\n|move|p1a: Rillaboom|Wood Hammer|p2a: Altaria\n|-resisted|p2a: Altaria\n|-damage|p2a: Altaria|18/100\n|-damage|p1a: Rillaboom|37/288|[from] Recoil\n|\n|upkeep\n|turn|29\n|inactive|Time left: 300 sec this turn | 300 sec total\n|\n|t:|1783546392\n|switch|p1a: Walking Wake|Walking Wake, L79|286/286\n|move|p2a: Altaria|Roost|p2a: Altaria\n|-heal|p2a: Altaria|68/100\n|-singleturn|p2a: Altaria|move: Roost\n|\n|upkeep\n|turn|30\n|inactive|Time left: 300 sec this turn | 300 sec total\n|\n|t:|1783546393\n|switch|p2a: Qwilfish|Qwilfish-Hisui, L83, F|18/100\n|-ability|p2a: Qwilfish|Intimidate|boost\n|-unboost|p1a: Walking Wake|atk|1\n|move|p1a: Walking Wake|Draco Meteor|p2a: Qwilfish\n|-damage|p2a: Qwilfish|0 fnt\n|-unboost|p1a: Walking Wake|spa|2\n|faint|p2a: Qwilfish\n|\n|upkeep\n|\n|t:|1783546394\n|switch|p2a: Lapras|Lapras, L87, F, tera:Ice|30/100\n|turn|31\n|inactive|Time left: 300 sec this turn | 300 sec total\n|\n|t:|1783546395\n|-end|p1a: Walking Wake|Protosynthesis|[silent]\n|switch|p1a: Rillaboom|Rillaboom, L79, M, tera:Grass|37/288\n|-fieldstart|move: Grassy Terrain|[from] ability: Grassy Surge|[of] p1a: Rillaboom\n|move|p2a: Lapras|Freeze-Dry|p1a: Rillaboom\n|-supereffective|p1a: Rillaboom\n|-damage|p1a: Rillaboom|0 fnt\n|faint|p1a: Rillaboom\n|\n|-heal|p2a: Lapras|36/100|[from] Grassy Terrain\n|upkeep\n|inactive|Time left: 300 sec this turn | 300 sec total | 5 sec grace\n|\n|t:|1783546396\n|switch|p1a: Walking Wake|Walking Wake, L79|286/286\n|turn|32\n|inactive|Time left: 300 sec this turn | 300 sec total\n|\n|t:|1783546397\n|switch|p2a: Altaria|Altaria, L89, M|68/100\n|move|p1a: Walking Wake|Flamethrower|p2a: Altaria\n|-resisted|p2a: Altaria\n|-damage|p2a: Altaria|52/100\n|\n|upkeep\n|turn|33\n|inactive|Time left: 300 sec this turn | 300 sec total\n|\n|t:|1783546398\n|move|p1a: Walking Wake|Flamethrower|p2a: Altaria\n|-resisted|p2a: Altaria\n|-damage|p2a: Altaria|38/100\n|move|p2a: Altaria|Roost|p2a: Altaria\n|-heal|p2a: Altaria|88/100\n|-singleturn|p2a: Altaria|move: Roost\n|\n|-heal|p2a: Altaria|94/100|[from] Grassy Terrain\n|upkeep\n|turn|34\n|inactive|Time left: 300 sec this turn | 300 sec total\n|\n|t:|1783546399\n|move|p1a: Walking Wake|Flamethrower|p2a: Altaria\n|-resisted|p2a: Altaria\n|-damage|p2a: Altaria|79/100\n|move|p2a: Altaria|Brave Bird|p1a: Walking Wake\n|-damage|p1a: Walking Wake|160/286\n|-damage|p2a: Altaria|63/100|[from] Recoil\n|\n|-heal|p1a: Walking Wake|177/286|[from] Grassy Terrain\n|upkeep\n|turn|35\n|inactive|Time left: 300 sec this turn | 300 sec total\n|\n|t:|1783546400\n|move|p1a: Walking Wake|Flamethrower|p2a: Altaria\n|-resisted|p2a: Altaria\n|-damage|p2a: Altaria|49/100\n|move|p2a: Altaria|Brave Bird|p1a: Walking Wake\n|-damage|p1a: Walking Wake|65/286\n|-damage|p2a: Altaria|36/100|[from] Recoil\n|\n|-heal|p1a: Walking Wake|82/286|[from] Grassy Terrain\n|-fieldend|move: Grassy Terrain\n|upkeep\n|turn|36\n|inactive|Time left: 300 sec this turn | 300 sec total\n|\n|t:|1783546401\n|move|p1a: Walking Wake|Flamethrower|p2a: Altaria\n|-resisted|p2a: Altaria\n|-crit|p2a: Altaria\n|-damage|p2a: Altaria|13/100\n|move|p2a: Altaria|Roost|p2a: Altaria\n|-heal|p2a: Altaria|63/100\n|-singleturn|p2a: Altaria|move: Roost\n|\n|upkeep\n|turn|37\n|inactive|Time left: 300 sec this turn | 300 sec total\n|\n|t:|1783546402\n|move|p1a: Walking Wake|Flamethrower|p2a: Altaria\n|-resisted|p2a: Altaria\n|-crit|p2a: Altaria\n|-damage|p2a: Altaria|41/100\n|move|p2a: Altaria|Brave Bird|p1a: Walking Wake\n|-damage|p1a: Walking Wake|0 fnt\n|faint|p1a: Walking Wake\n|-end|p1a: Walking Wake|Protosynthesis|[silent]\n|-damage|p2a: Altaria|31/100|[from] Recoil\n|\n|win|p0y6259410", "uploadtime": 1783546402, "views": 0, "rating": 0, "private": 0, "password": null, "_winner": "p0y6259410", "_our_name": "p0x625115c"}