{"id": "battle-gen9randombattle-2648", "formatid": "gen9randombattle", "format": "[Gen 9] Random Battle", "players": ["p0x26483b9d", "p0y2648e91f"], "log": "|init|battle\n|title|p0x26483b9d vs. p0y2648e91f\n|j|\u2606p0x26483b9d\n|j|\u2606p0y2648e91f\n|t:|1783569554\n|gametype|singles\n|player|p1|p0x26483b9d|101|\n|player|p2|p0y2648e91f|266|\n|gen|9\n|tier|[Gen 9] Random Battle\n|rule|Species Clause: Limit one of each Pok\u00e9mon\n|rule|HP Percentage Mod: HP is shown in percentages\n|rule|Sleep Clause Mod: Limit one foe put to sleep\n|rule|Illusion Level Mod: Illusion disguises the Pok\u00e9mon's true level\n|\n|t:|1783569554\n|teamsize|p1|6\n|teamsize|p2|6\n|start\n|switch|p1a: Incineroar|Incineroar, L82, F|290/290\n|switch|p2a: Regirock|Regirock, L83|100/100\n|-ability|p1a: Incineroar|Intimidate|boost\n|-fail|p2a: Regirock|unboost|[from] ability: Clear Body|[of] p2a: Regirock\n|turn|1\n|inactive|Battle timer is ON: inactive players will automatically lose when time's up. (requested by p0x26483b9d)\n|inactive|p0y2648e91f also wants the timer to be on.\n|\n|t:|1783569556\n|move|p1a: Incineroar|Will-O-Wisp|p2a: Regirock\n|-status|p2a: Regirock|brn\n|move|p2a: Regirock|Body Press|p1a: Incineroar\n|-supereffective|p1a: Incineroar\n|-damage|p1a: Incineroar|195/290\n|\n|-damage|p2a: Regirock|95/100 brn|[from] brn\n|upkeep\n|turn|2\n|inactive|Time left: 300 sec this turn | 300 sec total\n|\n|t:|1783569557\n|move|p1a: Incineroar|Knock Off|p2a: Regirock\n|-damage|p2a: Regirock|74/100 brn\n|-enditem|p2a: Regirock|Leftovers|[from] move: Knock Off|[of] p1a: Incineroar\n|move|p2a: Regirock|Iron Defense|p2a: Regirock\n|-boost|p2a: Regirock|def|2\n|\n|-damage|p2a: Regirock|68/100 brn|[from] brn\n|upkeep\n|turn|3\n|inactive|Time left: 300 sec this turn | 300 sec total\n|\n|t:|1783569558\n|switch|p1a: Manaphy|Manaphy, L78|284/284\n|move|p2a: Regirock|Body Press|p1a: Manaphy\n|-damage|p1a: Manaphy|178/284\n|\n|-heal|p1a: Manaphy|195/284|[from] item: Leftovers\n|-damage|p2a: Regirock|62/100 brn|[from] brn\n|upkeep\n|turn|4\n|inactive|Time left: 300 sec this turn | 300 sec total\n|\n|t:|1783569559\n|switch|p2a: Squawkabilly|Squawkabilly, L85, M|100/100\n|move|p1a: Manaphy|Tail Glow|p1a: Manaphy\n|-boost|p1a: Manaphy|spa|3\n|\n|-heal|p1a: Manaphy|212/284|[from] item: Leftovers\n|-status|p2a: Squawkabilly|brn|[from] item: Flame Orb\n|upkeep\n|turn|5\n|inactive|Time left: 300 sec this turn | 300 sec total\n|\n|t:|1783569560\n|-terastallize|p2a: Squawkabilly|Normal\n|move|p2a: Squawkabilly|Facade|p1a: Manaphy\n|-damage|p1a: Manaphy|0 fnt\n|faint|p1a: Manaphy\n|\n|-damage|p2a: Squawkabilly|94/100 brn|[from] brn\n|upkeep\n|inactive|Time left: 300 sec this turn | 300 sec total | 5 sec grace\n|\n|t:|1783569561\n|switch|p1a: Hoopa|Hoopa, L85|275/275\n|turn|6\n|inactive|Time left: 300 sec this turn | 300 sec total\n|\n|t:|1783569562\n|move|p1a: Hoopa|Psyshock|p2a: Squawkabilly\n|-damage|p2a: Squawkabilly|27/100 brn\n|move|p2a: Squawkabilly|U-turn|p1a: Hoopa\n|-damage|p1a: Hoopa|184/275\n|\n|t:|1783569563\n|switch|p2a: Samurott|Samurott-Hisui, L77, M|100/100|[from] U-turn\n|\n|upkeep\n|turn|7\n|inactive|Time left: 300 sec this turn | 300 sec total\n|\n|t:|1783569564\n|switch|p1a: Serperior|Serperior, L79, F|248/248\n|move|p2a: Samurott|Razor Shell|p1a: Serperior\n|-resisted|p1a: Serperior\n|-damage|p1a: Serperior|173/248\n|-boost|p1a: Serperior|def|1\n|\n|upkeep\n|turn|8\n|inactive|Time left: 300 sec this turn | 300 sec total\n|\n|t:|1783569565\n|switch|p2a: Frosmoth|Frosmoth, L82, F|100/100\n|move|p1a: Serperior|Leaf Storm|p2a: Frosmoth\n|-resisted|p2a: Frosmoth\n|-damage|p2a: Frosmoth|88/100\n|-boost|p1a: Serperior|spa|2\n|-damage|p1a: Serperior|149/248|[from] item: Life Orb\n|\n|upkeep\n|turn|9\n|inactive|Time left: 300 sec this turn | 300 sec total\n|\n|t:|1783569566\n|move|p1a: Serperior|Glare|p2a: Frosmoth\n|-status|p2a: Frosmoth|par\n|move|p2a: Frosmoth|Ice Beam|p1a: Serperior\n|-supereffective|p1a: Serperior\n|-crit|p1a: Serperior\n|-damage|p1a: Serperior|0 fnt\n|faint|p1a: Serperior\n|\n|upkeep\n|inactive|Time left: 300 sec this turn | 300 sec total | 5 sec grace\n|\n|t:|1783569567\n|switch|p1a: Gumshoos|Gumshoos, L95, F|321/321\n|turn|10\n|inactive|Time left: 300 sec this turn | 300 sec total\n|\n|t:|1783569568\n|switch|p2a: Regirock|Regirock, L83|62/100 brn\n|move|p1a: Gumshoos|Double-Edge|p2a: Regirock\n|-resisted|p2a: Regirock\n|-damage|p2a: Regirock|29/100 brn\n|-damage|p1a: Gumshoos|292/321|[from] Recoil\n|\n|-damage|p2a: Regirock|23/100 brn|[from] brn\n|upkeep\n|turn|11\n|inactive|Time left: 300 sec this turn | 300 sec total\n|\n|t:|1783569569\n|move|p1a: Gumshoos|Double-Edge|p2a: Regirock\n|-resisted|p2a: Regirock\n|-damage|p2a: Regirock|0 fnt\n|faint|p2a: Regirock\n|-damage|p1a: Gumshoos|272/321|[from] Recoil\n|\n|upkeep\n|\n|t:|1783569570\n|switch|p2a: Squawkabilly|Squawkabilly, L85, M, tera:Normal|27/100 brn\n|turn|12\n|inactive|Time left: 300 sec this turn | 300 sec total\n|\n|t:|1783569571\n|switch|p1a: Hoopa|Hoopa, L85|184/275\n|move|p2a: Squawkabilly|Facade|p1a: Hoopa\n|-immune|p1a: Hoopa\n|\n|-damage|p2a: Squawkabilly|21/100 brn|[from] brn\n|upkeep\n|turn|13\n|inactive|Time left: 300 sec this turn | 300 sec total\n|\n|t:|1783569572\n|switch|p2a: Wyrdeer|Wyrdeer, L87, M|100/100\n|-ability|p2a: Wyrdeer|Intimidate|boost\n|-unboost|p1a: Hoopa|atk|1\n|move|p1a: Hoopa|Focus Blast|p2a: Wyrdeer\n|-damage|p2a: Wyrdeer|74/100\n|\n|upkeep\n|turn|14\n|inactive|Time left: 300 sec this turn | 300 sec total\n|\n|t:|1783569573\n|move|p1a: Hoopa|Focus Blast|p2a: Wyrdeer\n|-damage|p2a: Wyrdeer|43/100\n|move|p2a: Wyrdeer|Body Slam|p1a: Hoopa\n|-immune|p1a: Hoopa\n|\n|upkeep\n|turn|15\n|inactive|Time left: 300 sec this turn | 300 sec total\n|\n|t:|1783569574\n|switch|p1a: Gumshoos|Gumshoos, L95, F|272/321\n|move|p2a: Wyrdeer|Earthquake|p1a: Gumshoos\n|-damage|p1a: Gumshoos|180/321\n|\n|upkeep\n|turn|16\n|inactive|Time left: 300 sec this turn | 300 sec total\n|\n|t:|1783569574\n|move|p2a: Wyrdeer|Body Slam|p1a: Gumshoos\n|-damage|p1a: Gumshoos|54/321\n|-status|p1a: Gumshoos|par\n|move|p1a: Gumshoos|U-turn|p2a: Wyrdeer\n|-supereffective|p2a: Wyrdeer\n|-damage|p2a: Wyrdeer|0 fnt\n|faint|p2a: Wyrdeer\n|inactive|Time left: 300 sec this turn | 300 sec total | 5 sec grace\n|\n|t:|1783569575\n|switch|p1a: Maushold|Maushold, L76|238/238|[from] U-turn\n|\n|upkeep\n|\n|t:|1783569576\n|switch|p2a: Samurott|Samurott-Hisui, L77, M|100/100\n|turn|17\n|inactive|Time left: 300 sec this turn | 300 sec total\n|\n|t:|1783569577\n|-terastallize|p1a: Maushold|Normal\n|move|p1a: Maushold|Population Bomb|p2a: Samurott\n|-damage|p2a: Samurott|86/100\n|-damage|p2a: Samurott|73/100\n|-crit|p2a: Samurott\n|-damage|p2a: Samurott|54/100\n|-damage|p2a: Samurott|41/100\n|-damage|p2a: Samurott|27/100\n|-damage|p2a: Samurott|12/100\n|-damage|p2a: Samurott|0 fnt\n|faint|p2a: Samurott\n|-hitcount|p2: Samurott|7\n|\n|upkeep\n|\n|t:|1783569578\n|switch|p2a: Frosmoth|Frosmoth, L82, F|88/100 par\n|turn|18\n|inactive|Time left: 300 sec this turn | 300 sec total\n|\n|t:|1783569579\n|move|p1a: Maushold|Population Bomb|p2a: Frosmoth\n|-damage|p2a: Frosmoth|72/100 par\n|-damage|p2a: Frosmoth|55/100 par\n|-damage|p2a: Frosmoth|38/100 par\n|-damage|p2a: Frosmoth|22/100 par\n|-damage|p2a: Frosmoth|5/100 par\n|-damage|p2a: Frosmoth|0 fnt\n|faint|p2a: Frosmoth\n|-hitcount|p2: Frosmoth|6\n|\n|upkeep\n|\n|t:|1783569580\n|switch|p2a: Squawkabilly|Squawkabilly, L85, M, tera:Normal|21/100 brn\n|turn|19\n|inactive|Time left: 300 sec this turn | 300 sec total\n|\n|t:|1783569580\n|move|p1a: Maushold|Population Bomb|p2a: Squawkabilly\n|-damage|p2a: Squawkabilly|5/100 brn\n|-damage|p2a: Squawkabilly|0 fnt\n|faint|p2a: Squawkabilly\n|-hitcount|p2: Squawkabilly|2\n|\n|upkeep\n|\n|t:|1783569581\n|switch|p2a: Sylveon|Sylveon, L85, M|100/100\n|turn|20\n|inactive|Time left: 300 sec this turn | 300 sec total\n|\n|t:|1783569582\n|move|p2a: Sylveon|Protect|p2a: Sylveon\n|-singleturn|p2a: Sylveon|Protect\n|move|p1a: Maushold|Population Bomb|p2a: Sylveon\n|-activate|p2a: Sylveon|move: Protect\n|\n|upkeep\n|turn|21\n|inactive|Time left: 300 sec this turn | 300 sec total\n|\n|t:|1783569583\n|move|p2a: Sylveon|Protect||[still]\n|-fail|p2a: Sylveon\n|move|p1a: Maushold|Population Bomb|p2a: Sylveon\n|-damage|p2a: Sylveon|88/100\n|-damage|p2a: Sylveon|76/100\n|-damage|p2a: Sylveon|64/100\n|-damage|p2a: Sylveon|52/100\n|-damage|p2a: Sylveon|38/100\n|-damage|p2a: Sylveon|26/100\n|-crit|p2a: Sylveon\n|-damage|p2a: Sylveon|9/100\n|-damage|p2a: Sylveon|0 fnt\n|faint|p2a: Sylveon\n|-hitcount|p2: Sylveon|8\n|\n|win|p0x26483b9d", "uploadtime": 1783569583, "views": 0, "rating": 0, "private": 0, "password": null, "_winner": "p0x26483b9d", "_our_name": "p0x26483b9d"}