{"id": "battle-gen9randombattle-7", "formatid": "gen9randombattle", "format": "[Gen 9] Random Battle", "players": ["p0x0061c58", "p0y00618e6"], "log": "|init|battle\n|title|p0x0061c58 vs. p0y00618e6\n|j|\u2606p0x0061c58\n|j|\u2606p0y00618e6\n|t:|1783533319\n|gametype|singles\n|player|p1|p0x0061c58|2|\n|player|p2|p0y00618e6|2|\n|gen|9\n|tier|[Gen 9] Random Battle\n|rule|Species Clause: Limit one of each Pok\u00e9mon\n|rule|HP Percentage Mod: HP is shown in percentages\n|rule|Sleep Clause Mod: Limit one foe put to sleep\n|rule|Illusion Level Mod: Illusion disguises the Pok\u00e9mon's true level\n|\n|t:|1783533319\n|teamsize|p1|6\n|teamsize|p2|6\n|start\n|switch|p1a: Baxcalibur|Baxcalibur, L75, M|100/100\n|switch|p2a: Clodsire|Clodsire, L81, F|343/343\n|turn|1\n|inactive|Battle timer is ON: inactive players will automatically lose when time's up. (requested by p0y00618e6)\n|inactive|p0x0061c58 also wants the timer to be on.\n|\n|t:|1783533321\n|switch|p2a: Pelipper|Pelipper, L86, F|243/243\n|-weather|RainDance|[from] ability: Drizzle|[of] p2a: Pelipper\n|move|p1a: Baxcalibur|Icicle Spear|p2a: Pelipper\n|-damage|p2a: Pelipper|215/243\n|-damage|p2a: Pelipper|187/243\n|-damage|p2a: Pelipper|162/243\n|-damage|p2a: Pelipper|135/243\n|-damage|p2a: Pelipper|107/243\n|-hitcount|p2a: Pelipper|5\n|\n|-weather|RainDance|[upkeep]\n|upkeep\n|turn|2\n|inactive|Time left: 300 sec this turn | 300 sec total\n|\n|t:|1783533322\n|switch|p2a: Dewgong|Dewgong, L94, M|322/322\n|move|p1a: Baxcalibur|Scale Shot|p2a: Dewgong\n|-damage|p2a: Dewgong|289/322\n|-damage|p2a: Dewgong|258/322\n|-damage|p2a: Dewgong|227/322\n|-crit|p2a: Dewgong\n|-damage|p2a: Dewgong|181/322\n|-hitcount|p2a: Dewgong|4\n|-unboost|p1a: Baxcalibur|def|1\n|-boost|p1a: Baxcalibur|spe|1\n|\n|-weather|RainDance|[upkeep]\n|upkeep\n|turn|3\n|inactive|Time left: 300 sec this turn | 300 sec total\n|\n|t:|1783533324\n|move|p1a: Baxcalibur|Swords Dance|p1a: Baxcalibur\n|-boost|p1a: Baxcalibur|atk|2\n|move|p2a: Dewgong|Triple Axel|p1a: Baxcalibur\n|-damage|p1a: Baxcalibur|89/100\n|-damage|p1a: Baxcalibur|65/100\n|-crit|p1a: Baxcalibur\n|-damage|p1a: Baxcalibur|9/100\n|-hitcount|p1a: Baxcalibur|3\n|\n|-weather|RainDance|[upkeep]\n|upkeep\n|turn|4\n|inactive|Time left: 300 sec this turn | 300 sec total\n|\n|t:|1783533324\n|move|p1a: Baxcalibur|Scale Shot|p2a: Dewgong\n|-damage|p2a: Dewgong|127/322\n|-damage|p2a: Dewgong|70/322\n|-damage|p2a: Dewgong|12/322\n|-damage|p2a: Dewgong|0 fnt\n|faint|p2a: Dewgong\n|-hitcount|p2: Dewgong|4\n|-unboost|p1a: Baxcalibur|def|1\n|-boost|p1a: Baxcalibur|spe|1\n|\n|-weather|RainDance|[upkeep]\n|upkeep\n|inactive|Time left: 300 sec this turn | 300 sec total | 5 sec grace\n|\n|t:|1783533325\n|switch|p2a: Skuntank|Skuntank, L84, F|310/310\n|turn|5\n|inactive|Time left: 300 sec this turn | 300 sec total\n|\n|t:|1783533326\n|move|p2a: Skuntank|Sucker Punch|p1a: Baxcalibur\n|-damage|p1a: Baxcalibur|0 fnt\n|faint|p1a: Baxcalibur\n|\n|-weather|none\n|upkeep\n|\n|t:|1783533327\n|switch|p1a: Diancie|Diancie, L82|100/100\n|turn|6\n|inactive|Time left: 300 sec this turn | 300 sec total\n|\n|t:|1783533329\n|switch|p2a: Clodsire|Clodsire, L81, F|343/343\n|move|p1a: Diancie|Diamond Storm|p2a: Clodsire\n|-resisted|p2a: Clodsire\n|-crit|p2a: Clodsire\n|-damage|p2a: Clodsire|243/343\n|\n|-heal|p2a: Clodsire|264/343|[from] item: Leftovers\n|upkeep\n|turn|7\n|inactive|Time left: 300 sec this turn | 300 sec total\n|\n|t:|1783533330\n|move|p1a: Diancie|Diamond Storm|p2a: Clodsire\n|-resisted|p2a: Clodsire\n|-damage|p2a: Clodsire|200/343\n|move|p2a: Clodsire|Spikes|p1a: Diancie\n|-sidestart|p1: p0x0061c58|Spikes\n|\n|-heal|p2a: Clodsire|221/343|[from] item: Leftovers\n|upkeep\n|turn|8\n|inactive|Time left: 300 sec this turn | 300 sec total\n|\n|t:|1783533331\n|move|p1a: Diancie|Diamond Storm|p2a: Clodsire\n|-resisted|p2a: Clodsire\n|-damage|p2a: Clodsire|156/343\n|move|p2a: Clodsire|Earthquake|p1a: Diancie\n|-supereffective|p1a: Diancie\n|-damage|p1a: Diancie|45/100\n|\n|-heal|p1a: Diancie|51/100|[from] item: Leftovers\n|-heal|p2a: Clodsire|177/343|[from] item: Leftovers\n|upkeep\n|turn|9\n|inactive|Time left: 300 sec this turn | 300 sec total\n|\n|t:|1783533332\n|move|p1a: Diancie|Diamond Storm|p2a: Clodsire\n|-resisted|p2a: Clodsire\n|-damage|p2a: Clodsire|114/343\n|-boost|p1a: Diancie|def|2\n|move|p2a: Clodsire|Earthquake|p1a: Diancie\n|-supereffective|p1a: Diancie\n|-damage|p1a: Diancie|25/100\n|\n|-heal|p1a: Diancie|31/100|[from] item: Leftovers\n|-heal|p2a: Clodsire|135/343|[from] item: Leftovers\n|upkeep\n|turn|10\n|inactive|Time left: 300 sec this turn | 300 sec total\n|\n|t:|1783533334\n|move|p1a: Diancie|Earth Power|p2a: Clodsire\n|-supereffective|p2a: Clodsire\n|-damage|p2a: Clodsire|9/343\n|move|p2a: Clodsire|Recover|p2a: Clodsire\n|-heal|p2a: Clodsire|181/343\n|\n|-heal|p1a: Diancie|37/100|[from] item: Leftovers\n|-heal|p2a: Clodsire|202/343|[from] item: Leftovers\n|upkeep\n|turn|11\n|inactive|Time left: 300 sec this turn | 300 sec total\n|\n|t:|1783533335\n|move|p1a: Diancie|Diamond Storm|p2a: Clodsire\n|-resisted|p2a: Clodsire\n|-damage|p2a: Clodsire|137/343\n|-boost|p1a: Diancie|def|2\n|move|p2a: Clodsire|Recover|p2a: Clodsire\n|-heal|p2a: Clodsire|309/343\n|\n|-heal|p1a: Diancie|43/100|[from] item: Leftovers\n|-heal|p2a: Clodsire|330/343|[from] item: Leftovers\n|upkeep\n|turn|12\n|inactive|Time left: 300 sec this turn | 300 sec total\n|\n|t:|1783533336\n|move|p1a: Diancie|Calm Mind|p1a: Diancie\n|-boost|p1a: Diancie|spa|1\n|-boost|p1a: Diancie|spd|1\n|move|p2a: Clodsire|Gunk Shot|p1a: Diancie\n|-damage|p1a: Diancie|33/100\n|\n|-heal|p1a: Diancie|39/100|[from] item: Leftovers\n|-heal|p2a: Clodsire|343/343|[from] item: Leftovers\n|upkeep\n|turn|13\n|inactive|Time left: 300 sec this turn | 300 sec total\n|\n|t:|1783533337\n|move|p1a: Diancie|Calm Mind|p1a: Diancie\n|-boost|p1a: Diancie|spa|1\n|-boost|p1a: Diancie|spd|1\n|move|p2a: Clodsire|Gunk Shot|p1a: Diancie\n|-damage|p1a: Diancie|29/100\n|-status|p1a: Diancie|psn\n|\n|-heal|p1a: Diancie|35/100 psn|[from] item: Leftovers\n|-damage|p1a: Diancie|23/100 psn|[from] psn\n|upkeep\n|turn|14\n|inactive|Time left: 300 sec this turn | 300 sec total\n|\n|t:|1783533338\n|move|p1a: Diancie|Draining Kiss|p2a: Clodsire\n|-resisted|p2a: Clodsire\n|-damage|p2a: Clodsire|298/343\n|-heal|p1a: Diancie|38/100 psn|[from] drain|[of] p2a: Clodsire\n|move|p2a: Clodsire|Earthquake|p1a: Diancie\n|-supereffective|p1a: Diancie\n|-damage|p1a: Diancie|21/100 psn\n|\n|-heal|p1a: Diancie|27/100 psn|[from] item: Leftovers\n|-heal|p2a: Clodsire|319/343|[from] item: Leftovers\n|-damage|p1a: Diancie|14/100 psn|[from] psn\n|upkeep\n|turn|15\n|inactive|Time left: 300 sec this turn | 300 sec total\n|\n|t:|1783533339\n|-terastallize|p1a: Diancie|Fairy\n|move|p1a: Diancie|Draining Kiss|p2a: Clodsire\n|-resisted|p2a: Clodsire\n|-damage|p2a: Clodsire|238/343\n|-heal|p1a: Diancie|43/100 psn|[from] drain|[of] p2a: Clodsire\n|move|p2a: Clodsire|Earthquake|p1a: Diancie\n|-damage|p1a: Diancie|34/100 psn\n|\n|-heal|p1a: Diancie|40/100 psn|[from] item: Leftovers\n|-heal|p2a: Clodsire|259/343|[from] item: Leftovers\n|-damage|p1a: Diancie|27/100 psn|[from] psn\n|upkeep\n|turn|16\n|inactive|Time left: 300 sec this turn | 300 sec total\n|\n|t:|1783533341\n|move|p1a: Diancie|Draining Kiss|p2a: Clodsire\n|-resisted|p2a: Clodsire\n|-damage|p2a: Clodsire|187/343\n|-heal|p1a: Diancie|52/100 psn|[from] drain|[of] p2a: Clodsire\n|move|p2a: Clodsire|Recover|p2a: Clodsire\n|-heal|p2a: Clodsire|343/343\n|\n|-heal|p1a: Diancie|58/100 psn|[from] item: Leftovers\n|-damage|p1a: Diancie|46/100 psn|[from] psn\n|upkeep\n|turn|17\n|inactive|Time left: 300 sec this turn | 300 sec total\n|\n|t:|1783533342\n|move|p1a: Diancie|Draining Kiss|p2a: Clodsire\n|-resisted|p2a: Clodsire\n|-crit|p2a: Clodsire\n|-damage|p2a: Clodsire|228/343\n|-heal|p1a: Diancie|86/100 psn|[from] drain|[of] p2a: Clodsire\n|move|p2a: Clodsire|Gunk Shot|p1a: Diancie\n|-supereffective|p1a: Diancie\n|-damage|p1a: Diancie|63/100 psn\n|\n|-heal|p1a: Diancie|69/100 psn|[from] item: Leftovers\n|-heal|p2a: Clodsire|249/343|[from] item: Leftovers\n|-damage|p1a: Diancie|56/100 psn|[from] psn\n|upkeep\n|turn|18\n|inactive|Time left: 300 sec this turn | 300 sec total\n|\n|t:|1783533343\n|move|p1a: Diancie|Earth Power|p2a: Clodsire\n|-supereffective|p2a: Clodsire\n|-damage|p2a: Clodsire|25/343\n|move|p2a: Clodsire|Recover|p2a: Clodsire\n|-heal|p2a: Clodsire|197/343\n|\n|-heal|p1a: Diancie|62/100 psn|[from] item: Leftovers\n|-heal|p2a: Clodsire|218/343|[from] item: Leftovers\n|-damage|p1a: Diancie|50/100 psn|[from] psn\n|upkeep\n|turn|19\n|inactive|Time left: 300 sec this turn | 300 sec total\n|\n|t:|1783533344\n|move|p1a: Diancie|Draining Kiss|p2a: Clodsire\n|-resisted|p2a: Clodsire\n|-damage|p2a: Clodsire|135/343\n|-heal|p1a: Diancie|78/100 psn|[from] drain|[of] p2a: Clodsire\n|move|p2a: Clodsire|Recover|p2a: Clodsire\n|-heal|p2a: Clodsire|307/343\n|\n|-heal|p1a: Diancie|84/100 psn|[from] item: Leftovers\n|-heal|p2a: Clodsire|328/343|[from] item: Leftovers\n|-damage|p1a: Diancie|72/100 psn|[from] psn\n|upkeep\n|turn|20\n|inactive|Time left: 300 sec this turn | 300 sec total\n|\n|t:|1783533346\n|move|p1a: Diancie|Draining Kiss|p2a: Clodsire\n|-resisted|p2a: Clodsire\n|-damage|p2a: Clodsire|255/343\n|-heal|p1a: Diancie|97/100 psn|[from] drain|[of] p2a: Clodsire\n|move|p2a: Clodsire|Gunk Shot|p1a: Diancie\n|-supereffective|p1a: Diancie\n|-damage|p1a: Diancie|78/100 psn\n|\n|-heal|p1a: Diancie|84/100 psn|[from] item: Leftovers\n|-heal|p2a: Clodsire|276/343|[from] item: Leftovers\n|-damage|p1a: Diancie|71/100 psn|[from] psn\n|upkeep\n|turn|21\n|inactive|Time left: 300 sec this turn | 300 sec total\n|\n|t:|1783533347\n|move|p1a: Diancie|Draining Kiss|p2a: Clodsire\n|-resisted|p2a: Clodsire\n|-damage|p2a: Clodsire|205/343\n|-heal|p1a: Diancie|96/100 psn|[from] drain|[of] p2a: Clodsire\n|move|p2a: Clodsire|Recover|p2a: Clodsire\n|-heal|p2a: Clodsire|343/343\n|\n|-heal|p1a: Diancie|100/100 psn|[from] item: Leftovers\n|-damage|p1a: Diancie|88/100 psn|[from] psn\n|upkeep\n|turn|22\n|inactive|Time left: 300 sec this turn | 300 sec total\n|\n|t:|1783533348\n|move|p1a: Diancie|Earth Power|p2a: Clodsire\n|-supereffective|p2a: Clodsire\n|-damage|p2a: Clodsire|103/343\n|move|p2a: Clodsire|Recover|p2a: Clodsire\n|-heal|p2a: Clodsire|275/343\n|\n|-heal|p1a: Diancie|94/100 psn|[from] item: Leftovers\n|-heal|p2a: Clodsire|296/343|[from] item: Leftovers\n|-damage|p1a: Diancie|82/100 psn|[from] psn\n|upkeep\n|turn|23\n|inactive|Time left: 300 sec this turn | 300 sec total\n|\n|t:|1783533349\n|move|p1a: Diancie|Earth Power|p2a: Clodsire\n|-supereffective|p2a: Clodsire\n|-damage|p2a: Clodsire|72/343\n|move|p2a: Clodsire|Recover|p2a: Clodsire\n|-heal|p2a: Clodsire|244/343\n|\n|-heal|p1a: Diancie|88/100 psn|[from] item: Leftovers\n|-heal|p2a: Clodsire|265/343|[from] item: Leftovers\n|-damage|p1a: Diancie|75/100 psn|[from] psn\n|upkeep\n|turn|24\n|inactive|Time left: 300 sec this turn | 300 sec total\n|\n|t:|1783533350\n|move|p1a: Diancie|Draining Kiss|p2a: Clodsire\n|-resisted|p2a: Clodsire\n|-damage|p2a: Clodsire|183/343\n|-heal|p1a: Diancie|100/100 psn|[from] drain|[of] p2a: Clodsire\n|move|p2a: Clodsire|Spikes|p1a: Diancie\n|-sidestart|p1: p0x0061c58|Spikes\n|\n|-heal|p2a: Clodsire|204/343|[from] item: Leftovers\n|-damage|p1a: Diancie|88/100 psn|[from] psn\n|upkeep\n|turn|25\n|inactive|Time left: 300 sec this turn | 300 sec total\n|\n|t:|1783533351\n|move|p1a: Diancie|Earth Power|p2a: Clodsire\n|-supereffective|p2a: Clodsire\n|-damage|p2a: Clodsire|0 fnt\n|faint|p2a: Clodsire\n|\n|-heal|p1a: Diancie|94/100 psn|[from] item: Leftovers\n|-damage|p1a: Diancie|82/100 psn|[from] psn\n|upkeep\n|inactive|Time left: 300 sec this turn | 300 sec total | 5 sec grace\n|\n|t:|1783533353\n|switch|p2a: Jolteon|Jolteon, L84, M|246/246\n|turn|26\n|inactive|Time left: 300 sec this turn | 300 sec total\n|\n|t:|1783533354\n|move|p2a: Jolteon|Substitute|p2a: Jolteon\n|-start|p2a: Jolteon|Substitute\n|-damage|p2a: Jolteon|185/246\n|move|p1a: Diancie|Draining Kiss|p2a: Jolteon\n|-end|p2a: Jolteon|Substitute\n|-heal|p1a: Diancie|100/100 psn|[from] drain|[of] p2a: Jolteon\n|\n|-heal|p2a: Jolteon|200/246|[from] item: Leftovers\n|-damage|p1a: Diancie|88/100 psn|[from] psn\n|upkeep\n|turn|27\n|inactive|Time left: 300 sec this turn | 300 sec total\n|\n|t:|1783533355\n|move|p2a: Jolteon|Substitute|p2a: Jolteon\n|-start|p2a: Jolteon|Substitute\n|-damage|p2a: Jolteon|139/246\n|move|p1a: Diancie|Draining Kiss|p2a: Jolteon\n|-crit|p2a: Jolteon\n|-end|p2a: Jolteon|Substitute\n|-heal|p1a: Diancie|100/100 psn|[from] drain|[of] p2a: Jolteon\n|\n|-heal|p2a: Jolteon|154/246|[from] item: Leftovers\n|-damage|p1a: Diancie|88/100 psn|[from] psn\n|upkeep\n|turn|28\n|inactive|Time left: 300 sec this turn | 300 sec total\n|\n|t:|1783533356\n|switch|p2a: Vespiquen|Vespiquen, L99, F|299/299\n|-ability|p2a: Vespiquen|Pressure\n|move|p1a: Diancie|Draining Kiss|p2a: Vespiquen\n|-damage|p2a: Vespiquen|181/299\n|-heal|p1a: Diancie|100/100 psn|[from] drain|[of] p2a: Vespiquen\n|\n|-damage|p1a: Diancie|88/100 psn|[from] psn\n|upkeep\n|turn|29\n|inactive|Time left: 300 sec this turn | 300 sec total\n|\n|t:|1783533356\n|move|p2a: Vespiquen|Roost|p2a: Vespiquen\n|-heal|p2a: Vespiquen|299/299\n|-singleturn|p2a: Vespiquen|move: Roost\n|move|p1a: Diancie|Draining Kiss|p2a: Vespiquen\n|-damage|p2a: Vespiquen|177/299\n|-heal|p1a: Diancie|100/100 psn|[from] drain|[of] p2a: Vespiquen\n|\n|-damage|p1a: Diancie|88/100 psn|[from] psn\n|upkeep\n|turn|30\n|inactive|Time left: 300 sec this turn | 300 sec total\n|\n|t:|1783533357\n|move|p2a: Vespiquen|Roost|p2a: Vespiquen\n|-heal|p2a: Vespiquen|299/299\n|-singleturn|p2a: Vespiquen|move: Roost\n|move|p1a: Diancie|Draining Kiss|p2a: Vespiquen\n|-damage|p2a: Vespiquen|177/299\n|-heal|p1a: Diancie|100/100 psn|[from] drain|[of] p2a: Vespiquen\n|\n|-damage|p1a: Diancie|88/100 psn|[from] psn\n|upkeep\n|turn|31\n|inactive|Time left: 300 sec this turn | 300 sec total\n|\n|t:|1783533358\n|move|p2a: Vespiquen|Roost|p2a: Vespiquen\n|-heal|p2a: Vespiquen|299/299\n|-singleturn|p2a: Vespiquen|move: Roost\n|move|p1a: Diancie|Diamond Storm|p2a: Vespiquen\n|-supereffective|p2a: Vespiquen\n|-damage|p2a: Vespiquen|141/299\n|-boost|p1a: Diancie|def|2\n|\n|-heal|p1a: Diancie|94/100 psn|[from] item: Leftovers\n|-damage|p1a: Diancie|82/100 psn|[from] psn\n|upkeep\n|turn|32\n|inactive|Time left: 300 sec this turn | 300 sec total\n|\n|t:|1783533359\n|move|p2a: Vespiquen|Roost|p2a: Vespiquen\n|-heal|p2a: Vespiquen|291/299\n|-singleturn|p2a: Vespiquen|move: Roost\n|move|p1a: Diancie|Earth Power|p2a: Vespiquen\n|-resisted|p2a: Vespiquen\n|-damage|p2a: Vespiquen|245/299\n|\n|-heal|p1a: Diancie|88/100 psn|[from] item: Leftovers\n|-damage|p1a: Diancie|75/100 psn|[from] psn\n|upkeep\n|turn|33\n|inactive|Time left: 300 sec this turn | 300 sec total\n|\n|t:|1783533360\n|move|p2a: Vespiquen|Roost|p2a: Vespiquen\n|-heal|p2a: Vespiquen|299/299\n|-singleturn|p2a: Vespiquen|move: Roost\n|move|p1a: Diancie|Calm Mind|p1a: Diancie\n|-boost|p1a: Diancie|spa|1\n|-boost|p1a: Diancie|spd|1\n|\n|-heal|p1a: Diancie|81/100 psn|[from] item: Leftovers\n|-damage|p1a: Diancie|69/100 psn|[from] psn\n|upkeep\n|turn|34\n|inactive|Time left: 300 sec this turn | 300 sec total\n|\n|t:|1783533361\n|switch|p2a: Pelipper|Pelipper, L86, F|107/243\n|-weather|RainDance|[from] ability: Drizzle|[of] p2a: Pelipper\n|move|p1a: Diancie|Diamond Storm|p2a: Pelipper\n|-supereffective|p2a: Pelipper\n|-damage|p2a: Pelipper|0 fnt\n|faint|p2a: Pelipper\n|\n|-weather|RainDance|[upkeep]\n|-heal|p1a: Diancie|75/100 psn|[from] item: Leftovers\n|-damage|p1a: Diancie|62/100 psn|[from] psn\n|upkeep\n|inactive|Time left: 300 sec this turn | 300 sec total | 5 sec grace\n|\n|t:|1783533362\n|switch|p2a: Jolteon|Jolteon, L84, M|154/246\n|turn|35\n|inactive|Time left: 300 sec this turn | 300 sec total\n|\n|t:|1783533363\n|move|p2a: Jolteon|Substitute|p2a: Jolteon\n|-start|p2a: Jolteon|Substitute\n|-damage|p2a: Jolteon|93/246\n|move|p1a: Diancie|Earth Power|p2a: Jolteon\n|-supereffective|p2a: Jolteon\n|-end|p2a: Jolteon|Substitute\n|\n|-weather|RainDance|[upkeep]\n|-heal|p2a: Jolteon|108/246|[from] item: Leftovers\n|-heal|p1a: Diancie|68/100 psn|[from] item: Leftovers\n|-damage|p1a: Diancie|56/100 psn|[from] psn\n|upkeep\n|turn|36\n|inactive|Time left: 300 sec this turn | 300 sec total\n|\n|t:|1783533364\n|move|p2a: Jolteon|Substitute|p2a: Jolteon\n|-start|p2a: Jolteon|Substitute\n|-damage|p2a: Jolteon|47/246\n|move|p1a: Diancie|Earth Power|p2a: Jolteon\n|-supereffective|p2a: Jolteon\n|-end|p2a: Jolteon|Substitute\n|\n|-weather|RainDance|[upkeep]\n|-heal|p2a: Jolteon|62/246|[from] item: Leftovers\n|-heal|p1a: Diancie|62/100 psn|[from] item: Leftovers\n|-damage|p1a: Diancie|49/100 psn|[from] psn\n|upkeep\n|turn|37\n|inactive|Time left: 300 sec this turn | 300 sec total\n|\n|t:|1783533365\n|move|p2a: Jolteon|Thunderbolt|p1a: Diancie\n|-damage|p1a: Diancie|35/100 psn\n|move|p1a: Diancie|Earth Power|p2a: Jolteon\n|-supereffective|p2a: Jolteon\n|-damage|p2a: Jolteon|0 fnt\n|faint|p2a: Jolteon\n|\n|-weather|RainDance|[upkeep]\n|-heal|p1a: Diancie|41/100 psn|[from] item: Leftovers\n|-damage|p1a: Diancie|29/100 psn|[from] psn\n|upkeep\n|inactive|Time left: 300 sec this turn | 300 sec total | 5 sec grace\n|\n|t:|1783533366\n|switch|p2a: Vespiquen|Vespiquen, L99, F|299/299\n|-ability|p2a: Vespiquen|Pressure\n|turn|38\n|inactive|Time left: 300 sec this turn | 300 sec total\n|\n|t:|1783533367\n|move|p2a: Vespiquen|Air Slash|p1a: Diancie\n|-damage|p1a: Diancie|17/100 psn\n|move|p1a: Diancie|Earth Power|p2a: Vespiquen\n|-immune|p2a: Vespiquen\n|\n|-weather|none\n|-heal|p1a: Diancie|23/100 psn|[from] item: Leftovers\n|-damage|p1a: Diancie|11/100 psn|[from] psn\n|upkeep\n|turn|39\n|inactive|Time left: 300 sec this turn | 300 sec total\n|\n|t:|1783533368\n|switch|p1a: Bronzong|Bronzong, L88|100/100\n|move|p2a: Vespiquen|Toxic|p1a: Bronzong\n|-immune|p1a: Bronzong\n|\n|upkeep\n|turn|40\n|inactive|Time left: 300 sec this turn | 300 sec total\n|\n|t:|1783533370\n|move|p2a: Vespiquen|Air Slash|p1a: Bronzong\n|-resisted|p1a: Bronzong\n|-damage|p1a: Bronzong|88/100\n|move|p1a: Bronzong|Iron Head|p2a: Vespiquen\n|-crit|p2a: Vespiquen\n|-damage|p2a: Vespiquen|197/299\n|\n|-heal|p1a: Bronzong|94/100|[from] item: Leftovers\n|upkeep\n|turn|41\n|inactive|Time left: 300 sec this turn | 300 sec total\n|\n|t:|1783533371\n|move|p2a: Vespiquen|Air Slash|p1a: Bronzong\n|-resisted|p1a: Bronzong\n|-crit|p1a: Bronzong\n|-damage|p1a: Bronzong|71/100\n|move|p1a: Bronzong|Iron Head|p2a: Vespiquen\n|-damage|p2a: Vespiquen|125/299\n|\n|-heal|p1a: Bronzong|78/100|[from] item: Leftovers\n|upkeep\n|turn|42\n|inactive|Time left: 300 sec this turn | 300 sec total\n|\n|t:|1783533372\n|move|p2a: Vespiquen|Roost|p2a: Vespiquen\n|-heal|p2a: Vespiquen|275/299\n|-singleturn|p2a: Vespiquen|move: Roost\n|move|p1a: Bronzong|Iron Defense|p1a: Bronzong\n|-boost|p1a: Bronzong|def|2\n|\n|-heal|p1a: Bronzong|84/100|[from] item: Leftovers\n|upkeep\n|turn|43\n|inactive|Time left: 300 sec this turn | 300 sec total\n|\n|t:|1783533373\n|move|p2a: Vespiquen|Air Slash|p1a: Bronzong\n|-resisted|p1a: Bronzong\n|-damage|p1a: Bronzong|70/100\n|cant|p1a: Bronzong|flinch\n|\n|-heal|p1a: Bronzong|76/100|[from] item: Leftovers\n|upkeep\n|turn|44\n|inactive|Time left: 300 sec this turn | 300 sec total\n|\n|t:|1783533374\n|move|p2a: Vespiquen|Air Slash|p1a: Bronzong\n|-resisted|p1a: Bronzong\n|-damage|p1a: Bronzong|63/100\n|move|p1a: Bronzong|Body Press|p2a: Vespiquen\n|-resisted|p2a: Vespiquen\n|-damage|p2a: Vespiquen|249/299\n|\n|-heal|p1a: Bronzong|69/100|[from] item: Leftovers\n|upkeep\n|turn|45\n|inactive|Time left: 300 sec this turn | 300 sec total\n|\n|t:|1783533375\n|move|p2a: Vespiquen|Air Slash|p1a: Bronzong\n|-resisted|p1a: Bronzong\n|-damage|p1a: Bronzong|54/100\n|move|p1a: Bronzong|Iron Head|p2a: Vespiquen\n|-damage|p2a: Vespiquen|182/299\n|\n|-heal|p1a: Bronzong|60/100|[from] item: Leftovers\n|upkeep\n|turn|46\n|inactive|Time left: 300 sec this turn | 300 sec total\n|\n|t:|1783533376\n|move|p2a: Vespiquen|Roost|p2a: Vespiquen\n|-heal|p2a: Vespiquen|299/299\n|-singleturn|p2a: Vespiquen|move: Roost\n|move|p1a: Bronzong|Iron Head|p2a: Vespiquen\n|-damage|p2a: Vespiquen|227/299\n|\n|-heal|p1a: Bronzong|66/100|[from] item: Leftovers\n|upkeep\n|turn|47\n|inactive|Time left: 300 sec this turn | 300 sec total\n|\n|t:|1783533377\n|move|p2a: Vespiquen|Air Slash|p1a: Bronzong\n|-resisted|p1a: Bronzong\n|-damage|p1a: Bronzong|51/100\n|move|p1a: Bronzong|Body Press|p2a: Vespiquen\n|-resisted|p2a: Vespiquen\n|-damage|p2a: Vespiquen|199/299\n|\n|-heal|p1a: Bronzong|58/100|[from] item: Leftovers\n|upkeep\n|turn|48\n|inactive|Time left: 300 sec this turn | 300 sec total\n|\n|t:|1783533379\n|move|p2a: Vespiquen|Roost|p2a: Vespiquen\n|-heal|p2a: Vespiquen|299/299\n|-singleturn|p2a: Vespiquen|move: Roost\n|move|p1a: Bronzong|Body Press|p2a: Vespiquen\n|-resisted|p2a: Vespiquen\n|-damage|p2a: Vespiquen|243/299\n|\n|-heal|p1a: Bronzong|64/100|[from] item: Leftovers\n|upkeep\n|turn|49\n|inactive|Time left: 300 sec this turn | 300 sec total\n|\n|t:|1783533380\n|move|p2a: Vespiquen|Air Slash|p1a: Bronzong\n|-resisted|p1a: Bronzong\n|-damage|p1a: Bronzong|50/100\n|move|p1a: Bronzong|Body Press|p2a: Vespiquen\n|-resisted|p2a: Vespiquen\n|-damage|p2a: Vespiquen|215/299\n|\n|-heal|p1a: Bronzong|56/100|[from] item: Leftovers\n|upkeep\n|turn|50\n|inactive|Time left: 300 sec this turn | 300 sec total\n|\n|t:|1783533381\n|move|p2a: Vespiquen|Air Slash|p1a: Bronzong\n|-resisted|p1a: Bronzong\n|-damage|p1a: Bronzong|44/100\n|cant|p1a: Bronzong|flinch\n|\n|-heal|p1a: Bronzong|50/100|[from] item: Leftovers\n|upkeep\n|turn|51\n|inactive|Time left: 300 sec this turn | 300 sec total\n|\n|t:|1783533382\n|move|p2a: Vespiquen|Air Slash|p1a: Bronzong\n|-resisted|p1a: Bronzong\n|-damage|p1a: Bronzong|36/100\n|move|p1a: Bronzong|Iron Head|p2a: Vespiquen\n|-damage|p2a: Vespiquen|145/299\n|\n|-heal|p1a: Bronzong|42/100|[from] item: Leftovers\n|upkeep\n|turn|52\n|inactive|Time left: 300 sec this turn | 300 sec total\n|\n|t:|1783533383\n|move|p2a: Vespiquen|U-turn|p1a: Bronzong\n|-damage|p1a: Bronzong|30/100\n|inactive|Time left: 300 sec this turn | 300 sec total | 5 sec grace\n|\n|t:|1783533384\n|switch|p2a: Skuntank|Skuntank, L84, F|310/310|[from] U-turn\n|move|p1a: Bronzong|Body Press|p2a: Skuntank\n|-damage|p2a: Skuntank|126/310\n|\n|-heal|p1a: Bronzong|36/100|[from] item: Leftovers\n|upkeep\n|turn|53\n|inactive|Time left: 300 sec this turn | 300 sec total\n|\n|t:|1783533385\n|move|p2a: Skuntank|Fire Blast|p1a: Bronzong\n|-supereffective|p1a: Bronzong\n|-damage|p1a: Bronzong|0 fnt\n|faint|p1a: Bronzong\n|\n|upkeep\n|\n|t:|1783533387\n|switch|p1a: Farigiraf|Farigiraf, L90, F|100/100\n|-damage|p1a: Farigiraf|84/100|[from] Spikes\n|turn|54\n|inactive|Time left: 300 sec this turn | 300 sec total\n|\n|t:|1783533387\n|move|p1a: Farigiraf|Protect|p1a: Farigiraf\n|-singleturn|p1a: Farigiraf|Protect\n|move|p2a: Skuntank|Knock Off|p1a: Farigiraf\n|-activate|p1a: Farigiraf|move: Protect\n|\n|-heal|p1a: Farigiraf|90/100|[from] item: Leftovers\n|upkeep\n|turn|55\n|inactive|Time left: 300 sec this turn | 300 sec total\n|\n|t:|1783533388\n|move|p2a: Skuntank|Knock Off|p1a: Farigiraf\n|-supereffective|p1a: Farigiraf\n|-damage|p1a: Farigiraf|30/100\n|-enditem|p1a: Farigiraf|Leftovers|[from] move: Knock Off|[of] p2a: Skuntank\n|move|p1a: Farigiraf|Body Slam|p2a: Skuntank\n|-crit|p2a: Skuntank\n|-damage|p2a: Skuntank|0 fnt\n|-damage|p1a: Farigiraf|5/100|[from] ability: Aftermath|[of] p2a: Skuntank\n|faint|p2a: Skuntank\n|\n|upkeep\n|inactive|Time left: 300 sec this turn | 300 sec total | 5 sec grace\n|\n|t:|1783533389\n|switch|p2a: Vespiquen|Vespiquen, L99, F|145/299\n|-ability|p2a: Vespiquen|Pressure\n|turn|56\n|inactive|Time left: 300 sec this turn | 300 sec total\n|\n|t:|1783533390\n|-terastallize|p2a: Vespiquen|Steel\n|move|p1a: Farigiraf|Psychic Noise|p2a: Vespiquen\n|-resisted|p2a: Vespiquen\n|-damage|p2a: Vespiquen|104/299\n|-start|p2a: Vespiquen|move: Heal Block\n|move|p2a: Vespiquen|Air Slash|p1a: Farigiraf|[miss]\n|-miss|p2a: Vespiquen|p1a: Farigiraf\n|\n|upkeep\n|turn|57\n|inactive|Time left: 300 sec this turn | 300 sec total\n|\n|t:|1783533391\n|move|p1a: Farigiraf|Psychic Noise|p2a: Vespiquen\n|-resisted|p2a: Vespiquen\n|-damage|p2a: Vespiquen|67/299\n|move|p2a: Vespiquen|Air Slash|p1a: Farigiraf\n|-damage|p1a: Farigiraf|0 fnt\n|faint|p1a: Farigiraf\n|\n|-end|p2a: Vespiquen|move: Heal Block\n|upkeep\n|\n|t:|1783533392\n|switch|p1a: Diancie|Diancie, L82|100/100\n|-damage|p1a: Diancie|84/100|[from] Spikes\n|-start|p1a: Diancie|typechange|Fairy|[silent]\n|turn|58\n|inactive|Time left: 300 sec this turn | 300 sec total\n|\n|t:|1783533393\n|move|p1a: Diancie|Dark Pulse|p2a: Vespiquen\n|-damage|p2a: Vespiquen|0 fnt\n|faint|p2a: Vespiquen\n|-damage|p1a: Diancie|74/100|[from] item: Life Orb\n|\n|win|p0x0061c58", "uploadtime": 1783533393, "views": 0, "rating": 0, "private": 0, "password": null, "_winner": "p0x0061c58", "_our_name": "p0y00618e6"}