{"id": "battle-gen9randombattle-345", "formatid": "gen9randombattle", "format": "[Gen 9] Random Battle", "players": ["p0x345d652", "p0y345ece3"], "log": "|init|battle\n|title|p0x345d652 vs. p0y345ece3\n|j|\u2606p0x345d652\n|j|\u2606p0y345ece3\n|t:|1783543658\n|gametype|singles\n|player|p1|p0x345d652|2|\n|player|p2|p0y345ece3|2|\n|gen|9\n|tier|[Gen 9] Random Battle\n|rule|Species Clause: Limit one of each Pok\u00e9mon\n|rule|HP Percentage Mod: HP is shown in percentages\n|rule|Sleep Clause Mod: Limit one foe put to sleep\n|rule|Illusion Level Mod: Illusion disguises the Pok\u00e9mon's true level\n|\n|t:|1783543658\n|teamsize|p1|6\n|teamsize|p2|6\n|start\n|switch|p1a: Kilowattrel|Kilowattrel, L83, F|100/100\n|switch|p2a: Dugtrio|Dugtrio-Alola, L84, M|196/196\n|turn|1\n|inactive|Battle timer is ON: inactive players will automatically lose when time's up. (requested by p0x345d652)\n|inactive|Time left: 300 sec this turn | 300 sec total | 60 sec grace\n|inactive|p0y345ece3 also wants the timer to be on.\n|\n|t:|1783543660\n|move|p1a: Kilowattrel|Hurricane|p2a: Dugtrio\n|-resisted|p2a: Dugtrio\n|-damage|p2a: Dugtrio|122/196\n|-start|p2a: Dugtrio|confusion\n|-activate|p2a: Dugtrio|confusion\n|move|p2a: Dugtrio|Stealth Rock|p1a: Kilowattrel\n|-sidestart|p1: p0x345d652|move: Stealth Rock\n|\n|upkeep\n|turn|2\n|inactive|Time left: 300 sec this turn | 300 sec total\n|\n|t:|1783543661\n|switch|p2a: Komala|Komala, L87, F|255/255\n|-ability|p2a: Komala|Comatose\n|move|p1a: Kilowattrel|Hurricane|p2a: Komala\n|-damage|p2a: Komala|180/255\n|\n|upkeep\n|turn|3\n|inactive|Time left: 300 sec this turn | 300 sec total\n|\n|t:|1783543662\n|move|p1a: Kilowattrel|Hurricane|p2a: Komala\n|-damage|p2a: Komala|110/255\n|-start|p2a: Komala|confusion\n|-activate|p2a: Komala|confusion\n|move|p2a: Komala|Knock Off|p1a: Kilowattrel\n|-damage|p1a: Kilowattrel|60/100\n|-enditem|p1a: Kilowattrel|Heavy-Duty Boots|[from] move: Knock Off|[of] p2a: Komala\n|\n|upkeep\n|turn|4\n|inactive|Time left: 300 sec this turn | 300 sec total\n|\n|t:|1783543663\n|move|p1a: Kilowattrel|Thunderbolt|p2a: Komala\n|-damage|p2a: Komala|44/255\n|-activate|p2a: Komala|confusion\n|-damage|p2a: Komala|5/255|[from] confusion\n|\n|upkeep\n|turn|5\n|inactive|Time left: 300 sec this turn | 300 sec total\n|\n|t:|1783543664\n|move|p1a: Kilowattrel|Roost|p1a: Kilowattrel\n|-heal|p1a: Kilowattrel|100/100\n|-singleturn|p1a: Kilowattrel|move: Roost\n|-activate|p2a: Komala|confusion\n|move|p2a: Komala|Earthquake|p1a: Kilowattrel\n|-supereffective|p1a: Kilowattrel\n|-damage|p1a: Kilowattrel|9/100\n|\n|upkeep\n|turn|6\n|inactive|Time left: 300 sec this turn | 300 sec total\n|\n|t:|1783543665\n|switch|p2a: Dugtrio|Dugtrio-Alola, L84, M|122/196\n|move|p1a: Kilowattrel|Roost|p1a: Kilowattrel\n|-heal|p1a: Kilowattrel|59/100\n|-singleturn|p1a: Kilowattrel|move: Roost\n|\n|upkeep\n|turn|7\n|inactive|Time left: 300 sec this turn | 300 sec total\n|\n|t:|1783543666\n|move|p1a: Kilowattrel|Hurricane|p2a: Dugtrio\n|-resisted|p2a: Dugtrio\n|-damage|p2a: Dugtrio|48/196\n|move|p2a: Dugtrio|Iron Head|p1a: Kilowattrel\n|-resisted|p1a: Kilowattrel\n|-damage|p1a: Kilowattrel|32/100\n|-damage|p2a: Dugtrio|29/196|[from] item: Life Orb\n|\n|upkeep\n|turn|8\n|inactive|Time left: 300 sec this turn | 300 sec total\n|\n|t:|1783543668\n|move|p1a: Kilowattrel|Hurricane|p2a: Dugtrio\n|-resisted|p2a: Dugtrio\n|-damage|p2a: Dugtrio|0 fnt\n|faint|p2a: Dugtrio\n|\n|upkeep\n|inactive|Time left: 300 sec this turn | 300 sec total | 5 sec grace\n|\n|t:|1783543669\n|switch|p2a: Tsareena|Tsareena, L87, F|267/267\n|turn|9\n|inactive|Time left: 300 sec this turn | 300 sec total\n|\n|t:|1783543670\n|move|p1a: Kilowattrel|Hurricane|p2a: Tsareena\n|-supereffective|p2a: Tsareena\n|-damage|p2a: Tsareena|57/267\n|move|p2a: Tsareena|Power Whip|p1a: Kilowattrel\n|-resisted|p1a: Kilowattrel\n|-damage|p1a: Kilowattrel|0 fnt\n|faint|p1a: Kilowattrel\n|\n|upkeep\n|\n|t:|1783543671\n|switch|p1a: Okidogi|Okidogi, L77, M|100/100\n|-damage|p1a: Okidogi|94/100|[from] Stealth Rock\n|turn|10\n|inactive|Time left: 300 sec this turn | 300 sec total\n|\n|t:|1783543673\n|move|p2a: Tsareena|Power Whip|p1a: Okidogi\n|-resisted|p1a: Okidogi\n|-damage|p1a: Okidogi|55/100\n|move|p1a: Okidogi|Drain Punch|p2a: Tsareena\n|-damage|p2a: Tsareena|0 fnt\n|-heal|p1a: Okidogi|67/100|[from] drain|[of] p2a: Tsareena\n|faint|p2a: Tsareena\n|\n|upkeep\n|inactive|Time left: 300 sec this turn | 300 sec total | 5 sec grace\n|\n|t:|1783543674\n|switch|p2a: Bombirdier|Bombirdier, L85, M|258/258\n|turn|11\n|inactive|Time left: 300 sec this turn | 300 sec total\n|\n|t:|1783543675\n|-terastallize|p1a: Okidogi|Dark\n|move|p2a: Bombirdier|Brave Bird|p1a: Okidogi\n|-damage|p1a: Okidogi|18/100\n|-damage|p2a: Bombirdier|216/258|[from] Recoil\n|move|p1a: Okidogi|Drain Punch|p2a: Bombirdier\n|-damage|p2a: Bombirdier|126/258\n|-heal|p1a: Okidogi|36/100|[from] drain|[of] p2a: Bombirdier\n|\n|upkeep\n|turn|12\n|inactive|Time left: 300 sec this turn | 300 sec total\n|\n|t:|1783543676\n|move|p2a: Bombirdier|Brave Bird|p1a: Okidogi\n|-damage|p1a: Okidogi|0 fnt\n|faint|p1a: Okidogi\n|-damage|p2a: Bombirdier|96/258|[from] Recoil\n|\n|upkeep\n|\n|t:|1783543677\n|switch|p1a: Dugtrio|Dugtrio-Alola, L84, M|100/100\n|-damage|p1a: Dugtrio|97/100|[from] Stealth Rock\n|turn|13\n|inactive|Time left: 300 sec this turn | 300 sec total\n|\n|t:|1783543678\n|switch|p2a: Urshifu|Urshifu, L74, F|270/270\n|move|p1a: Dugtrio|Iron Head|p2a: Urshifu\n|-damage|p2a: Urshifu|148/270\n|-damage|p1a: Dugtrio|88/100|[from] item: Life Orb\n|\n|upkeep\n|turn|14\n|inactive|Time left: 300 sec this turn | 300 sec total\n|\n|t:|1783543679\n|move|p1a: Dugtrio|Earthquake|p2a: Urshifu\n|-damage|p2a: Urshifu|0 fnt\n|faint|p2a: Urshifu\n|-damage|p1a: Dugtrio|78/100|[from] item: Life Orb\n|\n|upkeep\n|inactive|Time left: 300 sec this turn | 300 sec total | 5 sec grace\n|\n|t:|1783543680\n|switch|p2a: Scovillain|Scovillain, L91, F|266/266\n|turn|15\n|inactive|Time left: 300 sec this turn | 300 sec total\n|\n|t:|1783543681\n|switch|p1a: Hitmontop|Hitmontop, L88, M|100/100\n|-damage|p1a: Hitmontop|94/100|[from] Stealth Rock\n|-ability|p1a: Hitmontop|Intimidate|boost\n|-unboost|p2a: Scovillain|atk|1\n|move|p2a: Scovillain|Energy Ball|p1a: Hitmontop\n|-damage|p1a: Hitmontop|67/100\n|\n|upkeep\n|turn|16\n|inactive|Time left: 300 sec this turn | 300 sec total\n|\n|t:|1783543681\n|move|p2a: Scovillain|Fire Blast|p1a: Hitmontop|[miss]\n|-miss|p2a: Scovillain|p1a: Hitmontop\n|move|p1a: Hitmontop|Rapid Spin|p2a: Scovillain\n|-damage|p2a: Scovillain|225/266\n|-boost|p1a: Hitmontop|spe|1\n|-sideend|p1: p0x345d652|Stealth Rock|[from] move: Rapid Spin|[of] p1a: Hitmontop\n|\n|upkeep\n|turn|17\n|inactive|Time left: 300 sec this turn | 300 sec total\n|\n|t:|1783543682\n|move|p1a: Hitmontop|Stone Edge|p2a: Scovillain\n|-supereffective|p2a: Scovillain\n|-damage|p2a: Scovillain|51/266\n|move|p2a: Scovillain|Fire Blast|p1a: Hitmontop\n|-crit|p1a: Hitmontop\n|-damage|p1a: Hitmontop|18/100\n|\n|upkeep\n|turn|18\n|inactive|Time left: 300 sec this turn | 300 sec total\n|\n|t:|1783543683\n|move|p1a: Hitmontop|Close Combat|p2a: Scovillain\n|-damage|p2a: Scovillain|0 fnt\n|-unboost|p1a: Hitmontop|def|1\n|-unboost|p1a: Hitmontop|spd|1\n|faint|p2a: Scovillain\n|\n|upkeep\n|inactive|Time left: 300 sec this turn | 300 sec total | 5 sec grace\n|\n|t:|1783543684\n|switch|p2a: Komala|Komala, L87, F|5/255\n|-ability|p2a: Komala|Comatose\n|turn|19\n|inactive|Time left: 300 sec this turn | 300 sec total\n|\n|t:|1783543685\n|switch|p2a: Bombirdier|Bombirdier, L85, M|96/258\n|move|p1a: Hitmontop|Earthquake|p2a: Bombirdier\n|-immune|p2a: Bombirdier\n|\n|upkeep\n|turn|20\n|inactive|Time left: 300 sec this turn | 300 sec total\n|\n|t:|1783543686\n|move|p1a: Hitmontop|Close Combat|p2a: Bombirdier\n|-damage|p2a: Bombirdier|0 fnt\n|-unboost|p1a: Hitmontop|def|1\n|-unboost|p1a: Hitmontop|spd|1\n|faint|p2a: Bombirdier\n|\n|upkeep\n|inactive|Time left: 300 sec this turn | 300 sec total | 5 sec grace\n|\n|t:|1783543687\n|switch|p2a: Komala|Komala, L87, F|5/255\n|-ability|p2a: Komala|Comatose\n|turn|21\n|inactive|Time left: 300 sec this turn | 300 sec total\n|\n|t:|1783543688\n|-terastallize|p2a: Komala|Ghost\n|move|p1a: Hitmontop|Earthquake|p2a: Komala\n|-damage|p2a: Komala|0 fnt\n|faint|p2a: Komala\n|\n|win|p0x345d652", "uploadtime": 1783543688, "views": 0, "rating": 0, "private": 0, "password": null, "_winner": "p0x345d652", "_our_name": "p0y345ece3"}