{"id": "battle-gen9randombattle-2060", "formatid": "gen9randombattle", "format": "[Gen 9] Random Battle", "players": ["p0x2060a2a8", "p0y2060cf49"], "log": "|init|battle\n|title|p0x2060a2a8 vs. p0y2060cf49\n|j|\u2606p0x2060a2a8\n|j|\u2606p0y2060cf49\n|t:|1783563090\n|gametype|singles\n|player|p1|p0x2060a2a8|170|\n|player|p2|p0y2060cf49|102|\n|gen|9\n|tier|[Gen 9] Random Battle\n|rule|Species Clause: Limit one of each Pok\u00e9mon\n|rule|HP Percentage Mod: HP is shown in percentages\n|rule|Sleep Clause Mod: Limit one foe put to sleep\n|rule|Illusion Level Mod: Illusion disguises the Pok\u00e9mon's true level\n|\n|t:|1783563090\n|teamsize|p1|6\n|teamsize|p2|6\n|start\n|switch|p1a: Dedenne|Dedenne, L88, F|100/100\n|switch|p2a: Toucannon|Toucannon, L88, M|284/284\n|turn|1\n|inactive|Battle timer is ON: inactive players will automatically lose when time's up. (requested by p0x2060a2a8)\n|inactive|Time left: 300 sec this turn | 300 sec total | 60 sec grace\n|inactive|p0y2060cf49 also wants the timer to be on.\n|\n|t:|1783563091\n|move|p1a: Dedenne|Thunderbolt|p2a: Toucannon\n|-supereffective|p2a: Toucannon\n|-damage|p2a: Toucannon|98/284\n|move|p2a: Toucannon|Boomburst|p1a: Dedenne\n|-damage|p1a: Dedenne|44/100\n|-enditem|p1a: Dedenne|Sitrus Berry|[eat]\n|-heal|p1a: Dedenne|69/100|[from] item: Sitrus Berry\n|-heal|p1a: Dedenne|100/100|[from] ability: Cheek Pouch\n|\n|upkeep\n|turn|2\n|inactive|Time left: 300 sec this turn | 300 sec total\n|\n|t:|1783563092\n|switch|p2a: Gliscor|Gliscor, L76, M|239/239\n|move|p1a: Dedenne|Thunderbolt|p2a: Gliscor\n|-immune|p2a: Gliscor\n|\n|-status|p2a: Gliscor|tox|[from] item: Toxic Orb\n|upkeep\n|turn|3\n|inactive|Time left: 300 sec this turn | 300 sec total\n|\n|t:|1783563093\n|move|p1a: Dedenne|Super Fang|p2a: Gliscor|[miss]\n|-miss|p1a: Dedenne|p2a: Gliscor\n|move|p2a: Gliscor|Earthquake|p1a: Dedenne\n|-supereffective|p1a: Dedenne\n|-damage|p1a: Dedenne|15/100\n|\n|upkeep\n|turn|4\n|inactive|Time left: 300 sec this turn | 300 sec total\n|\n|t:|1783563094\n|move|p1a: Dedenne|Super Fang|p2a: Gliscor\n|-damage|p2a: Gliscor|120/239 tox\n|move|p2a: Gliscor|Earthquake|p1a: Dedenne\n|-supereffective|p1a: Dedenne\n|-damage|p1a: Dedenne|0 fnt\n|faint|p1a: Dedenne\n|\n|-heal|p2a: Gliscor|149/239 tox|[from] ability: Poison Heal\n|upkeep\n|\n|t:|1783563095\n|switch|p1a: Chien-Pao|Chien-Pao, L72|100/100\n|-ability|p1a: Chien-Pao|Sword of Ruin\n|turn|5\n|inactive|Time left: 300 sec this turn | 300 sec total\n|\n|t:|1783563096\n|move|p2a: Gliscor|Protect|p2a: Gliscor\n|-singleturn|p2a: Gliscor|Protect\n|move|p1a: Chien-Pao|Swords Dance|p1a: Chien-Pao\n|-boost|p1a: Chien-Pao|atk|2\n|\n|-heal|p2a: Gliscor|178/239 tox|[from] ability: Poison Heal\n|upkeep\n|turn|6\n|inactive|Time left: 300 sec this turn | 300 sec total\n|\n|t:|1783563097\n|switch|p2a: Greninja|Greninja, L80, M|246/246\n|move|p1a: Chien-Pao|Throat Chop|p2a: Greninja\n|-resisted|p2a: Greninja\n|-damage|p2a: Greninja|114/246\n|-start|p2a: Greninja|Throat Chop|[silent]\n|\n|upkeep\n|turn|7\n|inactive|Time left: 300 sec this turn | 300 sec total\n|\n|t:|1783563098\n|move|p2a: Greninja|Hydro Pump|p1a: Chien-Pao|[miss]\n|-start|p2a: Greninja|typechange|Water|[from] ability: Protean\n|-miss|p2a: Greninja|p1a: Chien-Pao\n|move|p1a: Chien-Pao|Throat Chop|p2a: Greninja\n|-damage|p2a: Greninja|0 fnt\n|faint|p2a: Greninja\n|\n|upkeep\n|inactive|Time left: 300 sec this turn | 300 sec total | 5 sec grace\n|\n|t:|1783563099\n|switch|p2a: Torkoal|Torkoal, L88, M|266/266\n|-weather|SunnyDay|[from] ability: Drought|[of] p2a: Torkoal\n|turn|8\n|inactive|Time left: 300 sec this turn | 300 sec total\n|\n|t:|1783563100\n|-terastallize|p1a: Chien-Pao|Dark\n|move|p1a: Chien-Pao|Throat Chop|p2a: Torkoal\n|-damage|p2a: Torkoal|82/266\n|-start|p2a: Torkoal|Throat Chop|[silent]\n|move|p2a: Torkoal|Lava Plume|p1a: Chien-Pao\n|-damage|p1a: Chien-Pao|28/100\n|-status|p1a: Chien-Pao|brn\n|\n|-weather|SunnyDay|[upkeep]\n|-damage|p1a: Chien-Pao|22/100 brn|[from] brn\n|upkeep\n|turn|9\n|inactive|Time left: 300 sec this turn | 300 sec total\n|\n|t:|1783563101\n|switch|p2a: Klawf|Klawf, L90, M|272/272\n|move|p1a: Chien-Pao|Throat Chop|p2a: Klawf\n|-damage|p2a: Klawf|170/272\n|-start|p2a: Klawf|Throat Chop|[silent]\n|\n|-weather|SunnyDay|[upkeep]\n|-damage|p1a: Chien-Pao|16/100 brn|[from] brn\n|upkeep\n|turn|10\n|inactive|Time left: 300 sec this turn | 300 sec total\n|\n|t:|1783563102\n|move|p1a: Chien-Pao|Throat Chop|p2a: Klawf\n|-damage|p2a: Klawf|66/272\n|move|p2a: Klawf|Knock Off|p1a: Chien-Pao\n|-resisted|p1a: Chien-Pao\n|-damage|p1a: Chien-Pao|0 fnt\n|-enditem|p1a: Chien-Pao|Heavy-Duty Boots|[from] move: Knock Off|[of] p2a: Klawf\n|faint|p1a: Chien-Pao\n|\n|-weather|SunnyDay|[upkeep]\n|-end|p2a: Klawf|Throat Chop|[silent]\n|upkeep\n|\n|t:|1783563103\n|switch|p1a: Zekrom|Zekrom, L71|100/100\n|-ability|p1a: Zekrom|Teravolt\n|turn|11\n|inactive|Time left: 300 sec this turn | 300 sec total\n|\n|t:|1783563104\n|move|p2a: Klawf|Knock Off|p1a: Zekrom\n|-damage|p1a: Zekrom|55/100\n|-enditem|p1a: Zekrom|Leftovers|[from] move: Knock Off|[of] p2a: Klawf\n|move|p1a: Zekrom|Dragon Dance|p1a: Zekrom\n|-boost|p1a: Zekrom|atk|1\n|-boost|p1a: Zekrom|spe|1\n|\n|-weather|SunnyDay|[upkeep]\n|upkeep\n|turn|12\n|inactive|Time left: 300 sec this turn | 300 sec total\n|\n|t:|1783563104\n|switch|p2a: Torkoal|Torkoal, L88, M|82/266\n|move|p1a: Zekrom|Outrage|p2a: Torkoal\n|-damage|p2a: Torkoal|0 fnt\n|faint|p2a: Torkoal\n|\n|-weather|none\n|upkeep\n|inactive|Time left: 300 sec this turn | 300 sec total | 5 sec grace\n|\n|t:|1783563105\n|switch|p2a: Gliscor|Gliscor, L76, M|178/239 tox\n|turn|13\n|inactive|Time left: 300 sec this turn | 300 sec total\n|\n|t:|1783563106\n|move|p1a: Zekrom|Outrage|p2a: Gliscor|[from] lockedmove\n|-damage|p2a: Gliscor|7/239 tox\n|-start|p1a: Zekrom|confusion|[fatigue]\n|move|p2a: Gliscor|Earthquake|p1a: Zekrom\n|-supereffective|p1a: Zekrom\n|-damage|p1a: Zekrom|0 fnt\n|faint|p1a: Zekrom\n|\n|-heal|p2a: Gliscor|36/239 tox|[from] ability: Poison Heal\n|upkeep\n|\n|t:|1783563107\n|switch|p1a: Diancie|Diancie, L82|100/100\n|turn|14\n|inactive|Time left: 300 sec this turn | 300 sec total\n|\n|t:|1783563108\n|move|p2a: Gliscor|Earthquake|p1a: Diancie\n|-supereffective|p1a: Diancie\n|-damage|p1a: Diancie|50/100\n|move|p1a: Diancie|Diamond Storm|p2a: Gliscor\n|-damage|p2a: Gliscor|0 fnt\n|-boost|p1a: Diancie|def|2\n|faint|p2a: Gliscor\n|\n|-heal|p1a: Diancie|56/100|[from] item: Leftovers\n|upkeep\n|inactive|Time left: 300 sec this turn | 300 sec total | 5 sec grace\n|\n|t:|1783563110\n|switch|p2a: Electrode|Electrode-Hisui, L87|246/246\n|turn|15\n|inactive|Time left: 300 sec this turn | 300 sec total\n|\n|t:|1783563110\n|move|p2a: Electrode|Giga Drain|p1a: Diancie\n|-supereffective|p1a: Diancie\n|-damage|p1a: Diancie|0 fnt\n|faint|p1a: Diancie\n|-damage|p2a: Electrode|222/246|[from] item: Life Orb\n|\n|upkeep\n|\n|t:|1783563111\n|switch|p1a: Jumpluff|Jumpluff, L87, F|100/100\n|turn|16\n|inactive|Time left: 300 sec this turn | 300 sec total\n|\n|t:|1783563112\n|switch|p2a: Klawf|Klawf, L90, M|156/272\n|move|p1a: Jumpluff|Acrobatics|p2a: Klawf\n|-resisted|p2a: Klawf\n|-damage|p2a: Klawf|124/272\n|\n|upkeep\n|turn|17\n|inactive|Time left: 300 sec this turn | 300 sec total\n|\n|t:|1783563113\n|move|p1a: Jumpluff|Sleep Powder|p2a: Klawf\n|-status|p2a: Klawf|slp|[from] move: Sleep Powder\n|cant|p2a: Klawf|slp\n|\n|upkeep\n|turn|18\n|inactive|Time left: 300 sec this turn | 300 sec total\n|\n|t:|1783563114\n|move|p1a: Jumpluff|Acrobatics|p2a: Klawf\n|-resisted|p2a: Klawf\n|-damage|p2a: Klawf|95/272 slp\n|cant|p2a: Klawf|slp\n|\n|upkeep\n|turn|19\n|inactive|Time left: 300 sec this turn | 300 sec total\n|\n|t:|1783563115\n|move|p1a: Jumpluff|Acrobatics|p2a: Klawf\n|-resisted|p2a: Klawf\n|-damage|p2a: Klawf|65/272 slp\n|-curestatus|p2a: Klawf|slp|[msg]\n|move|p2a: Klawf|Stone Edge|p1a: Jumpluff\n|-supereffective|p1a: Jumpluff\n|-damage|p1a: Jumpluff|0 fnt\n|faint|p1a: Jumpluff\n|\n|upkeep\n|\n|t:|1783563117\n|switch|p1a: Scizor|Scizor, L79, F|100/100\n|turn|20\n|inactive|Time left: 300 sec this turn | 300 sec total\n|\n|t:|1783563118\n|move|p1a: Scizor|Bullet Punch|p2a: Klawf\n|-supereffective|p2a: Klawf\n|-damage|p2a: Klawf|0 fnt\n|faint|p2a: Klawf\n|\n|upkeep\n|inactive|Time left: 300 sec this turn | 300 sec total | 5 sec grace\n|\n|t:|1783563118\n|switch|p2a: Electrode|Electrode-Hisui, L87|222/246\n|turn|21\n|inactive|Time left: 300 sec this turn | 300 sec total\n|\n|t:|1783563119\n|-terastallize|p2a: Electrode|Electric\n|move|p2a: Electrode|Thunderbolt|p1a: Scizor\n|-damage|p1a: Scizor|33/100\n|-damage|p2a: Electrode|198/246|[from] item: Life Orb\n|move|p1a: Scizor|Knock Off|p2a: Electrode\n|-damage|p2a: Electrode|108/246\n|-status|p1a: Scizor|par|[from] ability: Static|[of] p2a: Electrode\n|-enditem|p2a: Electrode|Life Orb|[from] move: Knock Off|[of] p1a: Scizor\n|\n|-heal|p1a: Scizor|40/100 par|[from] item: Leftovers\n|upkeep\n|turn|22\n|inactive|Time left: 300 sec this turn | 300 sec total\n|\n|t:|1783563120\n|move|p1a: Scizor|Bullet Punch|p2a: Electrode\n|-resisted|p2a: Electrode\n|-damage|p2a: Electrode|65/246\n|move|p2a: Electrode|Thunderbolt|p1a: Scizor\n|-damage|p1a: Scizor|0 fnt\n|faint|p1a: Scizor\n|\n|win|p0y2060cf49", "uploadtime": 1783563120, "views": 0, "rating": 0, "private": 0, "password": null, "_winner": "p0y2060cf49", "_our_name": "p0y2060cf49"}