{"id": "battle-gen9randombattle-2663", "formatid": "gen9randombattle", "format": "[Gen 9] Random Battle", "players": ["p0x26638e08", "p0y2663dfe4"], "log": "|init|battle\n|title|p0x26638e08 vs. p0y2663dfe4\n|j|\u2606p0x26638e08\n|j|\u2606p0y2663dfe4\n|t:|1783570726\n|gametype|singles\n|player|p1|p0x26638e08|169|\n|player|p2|p0y2663dfe4|170|\n|gen|9\n|tier|[Gen 9] Random Battle\n|rule|Species Clause: Limit one of each Pok\u00e9mon\n|rule|HP Percentage Mod: HP is shown in percentages\n|rule|Sleep Clause Mod: Limit one foe put to sleep\n|rule|Illusion Level Mod: Illusion disguises the Pok\u00e9mon's true level\n|\n|t:|1783570726\n|teamsize|p1|6\n|teamsize|p2|6\n|start\n|switch|p1a: Gyarados|Gyarados, L79, M|280/280\n|switch|p2a: Espathra|Espathra, L80, M|100/100\n|turn|1\n|inactive|Battle timer is ON: inactive players will automatically lose when time's up. (requested by p0x26638e08)\n|inactive|p0y2663dfe4 also wants the timer to be on.\n|\n|t:|1783570728\n|move|p2a: Espathra|Calm Mind|p2a: Espathra\n|-boost|p2a: Espathra|spa|1\n|-boost|p2a: Espathra|spd|1\n|move|p1a: Gyarados|Waterfall|p2a: Espathra\n|-damage|p2a: Espathra|55/100\n|\n|-heal|p2a: Espathra|61/100|[from] item: Leftovers\n|-ability|p2a: Espathra|Speed Boost|boost\n|-boost|p2a: Espathra|spe|1\n|upkeep\n|turn|2\n|inactive|Time left: 300 sec this turn | 300 sec total\n|\n|t:|1783570729\n|move|p2a: Espathra|Calm Mind|p2a: Espathra\n|-boost|p2a: Espathra|spa|1\n|-boost|p2a: Espathra|spd|1\n|move|p1a: Gyarados|Waterfall|p2a: Espathra\n|-damage|p2a: Espathra|15/100\n|\n|-heal|p2a: Espathra|21/100|[from] item: Leftovers\n|-ability|p2a: Espathra|Speed Boost|boost\n|-boost|p2a: Espathra|spe|1\n|upkeep\n|turn|3\n|inactive|Time left: 300 sec this turn | 300 sec total\n|\n|t:|1783570730\n|move|p2a: Espathra|Stored Power|p1a: Gyarados\n|-damage|p1a: Gyarados|10/280\n|move|p1a: Gyarados|Earthquake|p2a: Espathra\n|-damage|p2a: Espathra|0 fnt\n|faint|p2a: Espathra\n|-ability|p1a: Gyarados|Moxie|boost\n|-boost|p1a: Gyarados|atk|1\n|\n|upkeep\n|\n|t:|1783570731\n|switch|p2a: Inteleon|Inteleon, L81, F|100/100\n|turn|4\n|inactive|Time left: 300 sec this turn | 300 sec total\n|\n|t:|1783570732\n|switch|p1a: Chansey|Chansey, L85, F|564/564\n|move|p2a: Inteleon|Scald|p1a: Chansey\n|-damage|p1a: Chansey|479/564\n|\n|upkeep\n|turn|5\n|inactive|Time left: 300 sec this turn | 300 sec total\n|\n|t:|1783570733\n|switch|p2a: Luxray|Luxray, L88, F|100/100\n|move|p1a: Chansey|Seismic Toss|p2a: Luxray\n|-damage|p2a: Luxray|70/100\n|\n|-status|p2a: Luxray|brn|[from] item: Flame Orb\n|upkeep\n|turn|6\n|inactive|Time left: 300 sec this turn | 300 sec total\n|\n|t:|1783570734\n|switch|p1a: Gyarados|Gyarados, L79, M|10/280\n|move|p2a: Luxray|Facade|p1a: Gyarados\n|-damage|p1a: Gyarados|0 fnt\n|faint|p1a: Gyarados\n|\n|-damage|p2a: Luxray|64/100 brn|[from] brn\n|upkeep\n|inactive|Time left: 300 sec this turn | 300 sec total | 5 sec grace\n|\n|t:|1783570735\n|switch|p1a: Typhlosion|Typhlosion, L84, M|267/267\n|turn|7\n|inactive|Time left: 300 sec this turn | 300 sec total\n|\n|t:|1783570737\n|switch|p2a: Incineroar|Incineroar, L82, M|100/100\n|-ability|p2a: Incineroar|Intimidate|boost\n|-unboost|p1a: Typhlosion|atk|1\n|move|p1a: Typhlosion|Eruption|p2a: Incineroar\n|-resisted|p2a: Incineroar\n|-damage|p2a: Incineroar|69/100\n|\n|upkeep\n|turn|8\n|inactive|Time left: 300 sec this turn | 300 sec total\n|\n|t:|1783570737\n|move|p1a: Typhlosion|Eruption|p2a: Incineroar\n|-resisted|p2a: Incineroar\n|-damage|p2a: Incineroar|40/100\n|move|p2a: Incineroar|Knock Off|p1a: Typhlosion\n|-damage|p1a: Typhlosion|147/267\n|-enditem|p1a: Typhlosion|Choice Scarf|[from] move: Knock Off|[of] p2a: Incineroar\n|\n|upkeep\n|turn|9\n|inactive|Time left: 300 sec this turn | 300 sec total\n|\n|t:|1783570739\n|move|p1a: Typhlosion|Focus Blast|p2a: Incineroar\n|-supereffective|p2a: Incineroar\n|-damage|p2a: Incineroar|0 fnt\n|faint|p2a: Incineroar\n|\n|upkeep\n|\n|t:|1783570740\n|switch|p2a: Inteleon|Inteleon, L81, F|100/100\n|turn|10\n|inactive|Time left: 300 sec this turn | 300 sec total\n|\n|t:|1783570741\n|switch|p1a: Chansey|Chansey, L85, F|479/564\n|move|p2a: Inteleon|Scald|p1a: Chansey\n|-crit|p1a: Chansey\n|-damage|p1a: Chansey|362/564\n|-status|p1a: Chansey|brn\n|\n|-damage|p1a: Chansey|327/564 brn|[from] brn\n|upkeep\n|turn|11\n|inactive|Time left: 300 sec this turn | 300 sec total\n|\n|t:|1783570742\n|move|p2a: Inteleon|Scald|p1a: Chansey\n|-damage|p1a: Chansey|239/564 brn\n|move|p1a: Chansey|Soft-Boiled|p1a: Chansey\n|-heal|p1a: Chansey|521/564 brn\n|\n|-damage|p1a: Chansey|486/564 brn|[from] brn\n|upkeep\n|turn|12\n|inactive|Time left: 300 sec this turn | 300 sec total\n|\n|t:|1783570743\n|move|p2a: Inteleon|Scald|p1a: Chansey\n|-damage|p1a: Chansey|405/564 brn\n|move|p1a: Chansey|Seismic Toss|p2a: Inteleon\n|-damage|p2a: Inteleon|66/100\n|\n|-damage|p1a: Chansey|370/564 brn|[from] brn\n|upkeep\n|turn|13\n|inactive|Time left: 300 sec this turn | 300 sec total\n|\n|t:|1783570744\n|move|p2a: Inteleon|Scald|p1a: Chansey\n|-crit|p1a: Chansey\n|-damage|p1a: Chansey|246/564 brn\n|move|p1a: Chansey|Seismic Toss|p2a: Inteleon\n|-damage|p2a: Inteleon|31/100\n|\n|-damage|p1a: Chansey|211/564 brn|[from] brn\n|upkeep\n|turn|14\n|inactive|Time left: 300 sec this turn | 300 sec total\n|\n|t:|1783570745\n|move|p2a: Inteleon|Scald|p1a: Chansey\n|-damage|p1a: Chansey|84/564 brn\n|move|p1a: Chansey|Seismic Toss|p2a: Inteleon\n|-damage|p2a: Inteleon|0 fnt\n|faint|p2a: Inteleon\n|\n|-damage|p1a: Chansey|49/564 brn|[from] brn\n|upkeep\n|\n|t:|1783570746\n|switch|p2a: Luxray|Luxray, L88, F|64/100 brn\n|turn|15\n|inactive|Time left: 300 sec this turn | 300 sec total\n|\n|t:|1783570747\n|-curestatus|p1a: Chansey|brn|[from] ability: Natural Cure|[silent]\n|switch|p1a: Banette|Banette, L93, M|270/270\n|move|p2a: Luxray|Trailblaze|p1a: Banette\n|-damage|p1a: Banette|191/270\n|-boost|p2a: Luxray|spe|1\n|\n|-damage|p2a: Luxray|58/100 brn|[from] brn\n|upkeep\n|turn|16\n|inactive|Time left: 300 sec this turn | 300 sec total\n|\n|t:|1783570748\n|switch|p1a: Chansey|Chansey, L85, F|49/564\n|move|p2a: Luxray|Supercell Slam|p1a: Chansey\n|-damage|p1a: Chansey|0 fnt\n|faint|p1a: Chansey\n|\n|-damage|p2a: Luxray|52/100 brn|[from] brn\n|upkeep\n|inactive|Time left: 300 sec this turn | 300 sec total | 5 sec grace\n|\n|t:|1783570749\n|switch|p1a: Oinkologne|Oinkologne, L92, M|352/352\n|turn|17\n|inactive|Time left: 300 sec this turn | 300 sec total\n|\n|t:|1783570750\n|-terastallize|p2a: Luxray|Normal\n|move|p2a: Luxray|Facade|p1a: Oinkologne\n|-damage|p1a: Oinkologne|54/352\n|move|p1a: Oinkologne|Body Slam|p2a: Luxray\n|-damage|p2a: Luxray|12/100 brn\n|\n|-heal|p1a: Oinkologne|76/352|[from] item: Leftovers\n|-damage|p2a: Luxray|6/100 brn|[from] brn\n|upkeep\n|turn|18\n|inactive|Time left: 300 sec this turn | 300 sec total\n|\n|t:|1783570751\n|switch|p2a: Malamar|Malamar, L82, M|100/100\n|move|p1a: Oinkologne|High Horsepower|p2a: Malamar\n|-damage|p2a: Malamar|70/100\n|\n|-heal|p1a: Oinkologne|98/352|[from] item: Leftovers\n|-heal|p2a: Malamar|76/100|[from] item: Leftovers\n|upkeep\n|turn|19\n|inactive|Time left: 300 sec this turn | 300 sec total\n|\n|t:|1783570752\n|move|p1a: Oinkologne|Body Slam|p2a: Malamar\n|-damage|p2a: Malamar|35/100\n|move|p2a: Malamar|Superpower|p1a: Oinkologne\n|-supereffective|p1a: Oinkologne\n|-damage|p1a: Oinkologne|0 fnt\n|-boost|p2a: Malamar|atk|1\n|-boost|p2a: Malamar|def|1\n|faint|p1a: Oinkologne\n|\n|-heal|p2a: Malamar|41/100|[from] item: Leftovers\n|upkeep\n|inactive|Time left: 300 sec this turn | 300 sec total | 5 sec grace\n|\n|t:|1783570753\n|switch|p1a: Typhlosion|Typhlosion, L84, M|147/267\n|turn|20\n|inactive|Time left: 300 sec this turn | 300 sec total\n|\n|t:|1783570754\n|switch|p2a: Noivern|Noivern, L82, M|100/100\n|move|p1a: Typhlosion|Fire Blast|p2a: Noivern|[miss]\n|-miss|p1a: Typhlosion|p2a: Noivern\n|\n|upkeep\n|turn|21\n|inactive|Time left: 300 sec this turn | 300 sec total\n|\n|t:|1783570755\n|move|p2a: Noivern|Hurricane|p1a: Typhlosion\n|-damage|p1a: Typhlosion|0 fnt\n|faint|p1a: Typhlosion\n|\n|upkeep\n|inactive|Time left: 300 sec this turn | 300 sec total | 5 sec grace\n|\n|t:|1783570755\n|switch|p1a: Banette|Banette, L93, M|191/270\n|turn|22\n|inactive|Time left: 300 sec this turn | 300 sec total\n|\n|t:|1783570756\n|-terastallize|p1a: Banette|Ghost\n|move|p2a: Noivern|Hurricane|p1a: Banette\n|-damage|p1a: Banette|13/270\n|move|p1a: Banette|Poltergeist|p2a: Noivern\n|-activate|p2a: Noivern|move: Poltergeist|Choice Specs\n|-damage|p2a: Noivern|0 fnt\n|faint|p2a: Noivern\n|-damage|p1a: Banette|0 fnt|[from] item: Life Orb\n|faint|p1a: Banette\n|\n|upkeep\n|inactive|Time left: 300 sec this turn | 300 sec total | 5 sec grace\n|\n|t:|1783570757\n|switch|p2a: Luxray|Luxray, L88, F, tera:Normal|6/100 brn\n|switch|p1a: Forretress|Forretress, L84, F|263/263\n|turn|23\n|inactive|Time left: 300 sec this turn | 300 sec total\n|\n|t:|1783570758\n|move|p2a: Luxray|Supercell Slam|p1a: Forretress\n|-damage|p1a: Forretress|118/263\n|move|p1a: Forretress|Rapid Spin|p2a: Luxray\n|-damage|p2a: Luxray|0 fnt\n|-boost|p1a: Forretress|spe|1\n|faint|p2a: Luxray\n|\n|-heal|p1a: Forretress|134/263|[from] item: Leftovers\n|upkeep\n|\n|t:|1783570759\n|switch|p2a: Malamar|Malamar, L82, M|41/100\n|turn|24\n|inactive|Time left: 300 sec this turn | 300 sec total\n|\n|t:|1783570760\n|move|p1a: Forretress|Iron Head|p2a: Malamar\n|-damage|p2a: Malamar|13/100\n|move|p2a: Malamar|Rest|p2a: Malamar\n|-status|p2a: Malamar|slp|[from] move: Rest\n|-heal|p2a: Malamar|100/100 slp|[silent]\n|\n|-heal|p1a: Forretress|150/263|[from] item: Leftovers\n|upkeep\n|turn|25\n|inactive|Time left: 300 sec this turn | 300 sec total\n|\n|t:|1783570761\n|move|p1a: Forretress|Iron Head|p2a: Malamar\n|-damage|p2a: Malamar|73/100 slp\n|cant|p2a: Malamar|slp\n|move|p2a: Malamar|Sleep Talk|p2a: Malamar\n|move|p2a: Malamar|Rest||[from] move: Sleep Talk|[still]\n|-fail|p2a: Malamar\n|\n|-heal|p1a: Forretress|166/263|[from] item: Leftovers\n|-heal|p2a: Malamar|79/100 slp|[from] item: Leftovers\n|upkeep\n|turn|26\n|inactive|Time left: 300 sec this turn | 300 sec total\n|\n|t:|1783570762\n|move|p1a: Forretress|Iron Head|p2a: Malamar\n|-damage|p2a: Malamar|50/100 slp\n|cant|p2a: Malamar|slp\n|move|p2a: Malamar|Sleep Talk|p2a: Malamar\n|move|p2a: Malamar|Rest||[from] move: Sleep Talk|[still]\n|-fail|p2a: Malamar\n|\n|-heal|p1a: Forretress|182/263|[from] item: Leftovers\n|-heal|p2a: Malamar|56/100 slp|[from] item: Leftovers\n|upkeep\n|turn|27\n|inactive|Time left: 300 sec this turn | 300 sec total\n|\n|t:|1783570763\n|move|p1a: Forretress|Iron Head|p2a: Malamar\n|-crit|p2a: Malamar\n|-damage|p2a: Malamar|11/100 slp\n|-curestatus|p2a: Malamar|slp|[msg]\n|move|p2a: Malamar|Rest|p2a: Malamar\n|-status|p2a: Malamar|slp|[from] move: Rest\n|-heal|p2a: Malamar|100/100 slp|[silent]\n|\n|-heal|p1a: Forretress|198/263|[from] item: Leftovers\n|upkeep\n|turn|28\n|inactive|Time left: 300 sec this turn | 300 sec total\n|\n|t:|1783570764\n|move|p1a: Forretress|Iron Head|p2a: Malamar\n|-damage|p2a: Malamar|73/100 slp\n|cant|p2a: Malamar|slp\n|move|p2a: Malamar|Sleep Talk|p2a: Malamar\n|move|p2a: Malamar|Rest||[from] move: Sleep Talk|[still]\n|-fail|p2a: Malamar\n|\n|-heal|p1a: Forretress|214/263|[from] item: Leftovers\n|-heal|p2a: Malamar|79/100 slp|[from] item: Leftovers\n|upkeep\n|turn|29\n|inactive|Time left: 300 sec this turn | 300 sec total\n|\n|t:|1783570765\n|move|p1a: Forretress|Iron Head|p2a: Malamar\n|-damage|p2a: Malamar|49/100 slp\n|cant|p2a: Malamar|slp\n|move|p2a: Malamar|Sleep Talk|p2a: Malamar\n|move|p2a: Malamar|Superpower|p1a: Forretress|[from] move: Sleep Talk\n|-damage|p1a: Forretress|158/263\n|-boost|p2a: Malamar|atk|1\n|-boost|p2a: Malamar|def|1\n|\n|-heal|p1a: Forretress|174/263|[from] item: Leftovers\n|-heal|p2a: Malamar|55/100 slp|[from] item: Leftovers\n|upkeep\n|turn|30\n|inactive|Time left: 300 sec this turn | 300 sec total\n|\n|t:|1783570765\n|move|p1a: Forretress|Iron Head|p2a: Malamar\n|-damage|p2a: Malamar|36/100 slp\n|-curestatus|p2a: Malamar|slp|[msg]\n|move|p2a: Malamar|Superpower|p1a: Forretress\n|-crit|p1a: Forretress\n|-damage|p1a: Forretress|46/263\n|-boost|p2a: Malamar|atk|1\n|-boost|p2a: Malamar|def|1\n|\n|-heal|p1a: Forretress|62/263|[from] item: Leftovers\n|-heal|p2a: Malamar|42/100|[from] item: Leftovers\n|upkeep\n|turn|31\n|inactive|Time left: 300 sec this turn | 300 sec total\n|\n|t:|1783570766\n|move|p1a: Forretress|Iron Head|p2a: Malamar\n|-damage|p2a: Malamar|27/100\n|cant|p2a: Malamar|flinch\n|\n|-heal|p1a: Forretress|78/263|[from] item: Leftovers\n|-heal|p2a: Malamar|33/100|[from] item: Leftovers\n|upkeep\n|turn|32\n|inactive|Time left: 300 sec this turn | 300 sec total\n|\n|t:|1783570767\n|move|p1a: Forretress|Iron Head|p2a: Malamar\n|-damage|p2a: Malamar|16/100\n|move|p2a: Malamar|Knock Off|p1a: Forretress\n|-damage|p1a: Forretress|0 fnt\n|-enditem|p1a: Forretress|Leftovers|[from] move: Knock Off|[of] p2a: Malamar\n|faint|p1a: Forretress\n|\n|win|p0y2663dfe4", "uploadtime": 1783570767, "views": 0, "rating": 0, "private": 0, "password": null, "_winner": "p0y2663dfe4", "_our_name": "p0x26638e08"}