{"id": "battle-gen9randombattle-2213", "formatid": "gen9randombattle", "format": "[Gen 9] Random Battle", "players": ["p0x22139a33", "p0y2213b536"], "log": "|init|battle\n|title|p0x22139a33 vs. p0y2213b536\n|j|\u2606p0x22139a33\n|j|\u2606p0y2213b536\n|t:|1783565665\n|gametype|singles\n|player|p1|p0x22139a33|2|\n|player|p2|p0y2213b536|170|\n|gen|9\n|tier|[Gen 9] Random Battle\n|rule|Species Clause: Limit one of each Pok\u00e9mon\n|rule|HP Percentage Mod: HP is shown in percentages\n|rule|Sleep Clause Mod: Limit one foe put to sleep\n|rule|Illusion Level Mod: Illusion disguises the Pok\u00e9mon's true level\n|\n|t:|1783565665\n|teamsize|p1|6\n|teamsize|p2|6\n|start\n|switch|p1a: Sylveon|Sylveon, L85, M|300/300\n|switch|p2a: Fezandipiti|Fezandipiti, L82, M|100/100\n|turn|1\n|inactive|Battle timer is ON: inactive players will automatically lose when time's up. (requested by p0x22139a33)\n|\n|t:|1783565666\n|move|p2a: Fezandipiti|Swords Dance|p2a: Fezandipiti\n|-boost|p2a: Fezandipiti|atk|2\n|move|p1a: Sylveon|Calm Mind|p1a: Sylveon\n|-boost|p1a: Sylveon|spa|1\n|-boost|p1a: Sylveon|spd|1\n|\n|upkeep\n|turn|2\n|inactive|Time left: 300 sec this turn | 300 sec total\n|inactive|p0y2213b536 also wants the timer to be on.\n|\n|t:|1783565667\n|move|p1a: Sylveon|Protect|p1a: Sylveon\n|-singleturn|p1a: Sylveon|Protect\n|move|p2a: Fezandipiti|Gunk Shot|p1a: Sylveon\n|-activate|p1a: Sylveon|move: Protect\n|\n|upkeep\n|turn|3\n|inactive|Time left: 300 sec this turn | 300 sec total\n|\n|t:|1783565667\n|-terastallize|p1a: Sylveon|Steel\n|move|p2a: Fezandipiti|Gunk Shot|p1a: Sylveon\n|-immune|p1a: Sylveon\n|move|p1a: Sylveon|Calm Mind|p1a: Sylveon\n|-boost|p1a: Sylveon|spa|1\n|-boost|p1a: Sylveon|spd|1\n|\n|upkeep\n|turn|4\n|inactive|Time left: 300 sec this turn | 300 sec total\n|\n|t:|1783565668\n|-terastallize|p2a: Fezandipiti|Ground\n|move|p1a: Sylveon|Protect|p1a: Sylveon\n|-singleturn|p1a: Sylveon|Protect\n|move|p2a: Fezandipiti|Tera Blast|p1a: Sylveon|[anim] Tera Blast Ground\n|-activate|p1a: Sylveon|move: Protect\n|\n|upkeep\n|turn|5\n|inactive|Time left: 300 sec this turn | 300 sec total\n|\n|t:|1783565669\n|move|p1a: Sylveon|Protect||[still]\n|-fail|p1a: Sylveon\n|move|p2a: Fezandipiti|Tera Blast|p1a: Sylveon|[anim] Tera Blast Ground\n|-supereffective|p1a: Sylveon\n|-damage|p1a: Sylveon|0 fnt\n|faint|p1a: Sylveon\n|\n|upkeep\n|inactive|Time left: 300 sec this turn | 300 sec total | 5 sec grace\n|\n|t:|1783565670\n|switch|p1a: Weavile|Weavile, L79, M|240/240\n|turn|6\n|inactive|Time left: 300 sec this turn | 300 sec total\n|\n|t:|1783565671\n|move|p1a: Weavile|Triple Axel|p2a: Fezandipiti\n|-supereffective|p2a: Fezandipiti\n|-damage|p2a: Fezandipiti|83/100\n|-supereffective|p2a: Fezandipiti\n|-damage|p2a: Fezandipiti|44/100\n|-supereffective|p2a: Fezandipiti\n|-damage|p2a: Fezandipiti|0 fnt\n|faint|p2a: Fezandipiti\n|-hitcount|p2: Fezandipiti|3\n|\n|upkeep\n|\n|t:|1783565671\n|switch|p2a: Ariados|Ariados, L95, F|100/100\n|turn|7\n|inactive|Time left: 300 sec this turn | 300 sec total\n|\n|t:|1783565673\n|move|p1a: Weavile|Triple Axel|p2a: Ariados\n|-damage|p2a: Ariados|92/100\n|-damage|p2a: Ariados|75/100\n|-damage|p2a: Ariados|51/100\n|-hitcount|p2a: Ariados|3\n|move|p2a: Ariados|Megahorn|p1a: Weavile\n|-supereffective|p1a: Weavile\n|-damage|p1a: Weavile|0 fnt\n|faint|p1a: Weavile\n|\n|upkeep\n|inactive|Time left: 300 sec this turn | 300 sec total | 5 sec grace\n|\n|t:|1783565674\n|switch|p1a: Kommo-o|Kommo-o, L77, M|242/242\n|turn|8\n|inactive|Time left: 300 sec this turn | 300 sec total\n|\n|t:|1783565675\n|move|p1a: Kommo-o|Swords Dance|p1a: Kommo-o\n|-boost|p1a: Kommo-o|atk|2\n|move|p2a: Ariados|Sticky Web|p1a: Kommo-o\n|-sidestart|p1: p0x22139a33|move: Sticky Web\n|\n|upkeep\n|turn|9\n|inactive|Time left: 300 sec this turn | 300 sec total\n|\n|t:|1783565676\n|move|p1a: Kommo-o|Scale Shot|p2a: Ariados\n|-damage|p2a: Ariados|32/100\n|-damage|p2a: Ariados|13/100\n|-damage|p2a: Ariados|0 fnt\n|faint|p2a: Ariados\n|-hitcount|p2: Ariados|3\n|-unboost|p1a: Kommo-o|def|1\n|-boost|p1a: Kommo-o|spe|1\n|\n|upkeep\n|\n|t:|1783565677\n|switch|p2a: Trevenant|Trevenant, L89, F|100/100\n|turn|10\n|inactive|Time left: 300 sec this turn | 300 sec total\n|\n|t:|1783565678\n|move|p1a: Kommo-o|Swords Dance|p1a: Kommo-o\n|-boost|p1a: Kommo-o|atk|2\n|move|p2a: Trevenant|Poltergeist|p1a: Kommo-o\n|-activate|p1a: Kommo-o|move: Poltergeist|Loaded Dice\n|-damage|p1a: Kommo-o|16/242\n|-damage|p2a: Trevenant|91/100|[from] item: Life Orb\n|\n|upkeep\n|turn|11\n|inactive|Time left: 300 sec this turn | 300 sec total\n|\n|t:|1783565679\n|move|p1a: Kommo-o|Scale Shot|p2a: Trevenant\n|-damage|p2a: Trevenant|63/100\n|-damage|p2a: Trevenant|37/100\n|-damage|p2a: Trevenant|10/100\n|-damage|p2a: Trevenant|0 fnt\n|faint|p2a: Trevenant\n|-hitcount|p2: Trevenant|4\n|-unboost|p1a: Kommo-o|def|1\n|-boost|p1a: Kommo-o|spe|1\n|\n|upkeep\n|\n|t:|1783565680\n|switch|p2a: Farigiraf|Farigiraf, L90, M|100/100\n|turn|12\n|inactive|Time left: 300 sec this turn | 300 sec total\n|\n|t:|1783565682\n|move|p2a: Farigiraf|Protect|p2a: Farigiraf\n|-singleturn|p2a: Farigiraf|Protect\n|move|p1a: Kommo-o|Close Combat|p2a: Farigiraf\n|-activate|p2a: Farigiraf|move: Protect\n|\n|upkeep\n|turn|13\n|inactive|Time left: 300 sec this turn | 300 sec total\n|\n|t:|1783565683\n|move|p1a: Kommo-o|Close Combat|p2a: Farigiraf\n|-damage|p2a: Farigiraf|0 fnt\n|-unboost|p1a: Kommo-o|def|1\n|-unboost|p1a: Kommo-o|spd|1\n|faint|p2a: Farigiraf\n|\n|upkeep\n|\n|t:|1783565684\n|switch|p2a: Snorlax|Snorlax, L82, F|100/100\n|turn|14\n|inactive|Time left: 300 sec this turn | 300 sec total\n|\n|t:|1783565685\n|switch|p2a: Minun|Minun, L95, F|100/100\n|move|p1a: Kommo-o|Close Combat|p2a: Minun\n|-damage|p2a: Minun|0 fnt\n|-unboost|p1a: Kommo-o|def|1\n|-unboost|p1a: Kommo-o|spd|1\n|faint|p2a: Minun\n|\n|upkeep\n|\n|t:|1783565686\n|switch|p2a: Snorlax|Snorlax, L82, F|100/100\n|turn|15\n|inactive|Time left: 300 sec this turn | 300 sec total\n|\n|t:|1783565686\n|move|p1a: Kommo-o|Close Combat|p2a: Snorlax\n|-supereffective|p2a: Snorlax\n|-damage|p2a: Snorlax|0 fnt\n|-unboost|p1a: Kommo-o|def|1\n|-unboost|p1a: Kommo-o|spd|1\n|faint|p2a: Snorlax\n|\n|win|p0x22139a33", "uploadtime": 1783565686, "views": 0, "rating": 0, "private": 0, "password": null, "_winner": "p0x22139a33", "_our_name": "p0x22139a33"}