{"id": "battle-gen9randombattle-854", "formatid": "gen9randombattle", "format": "[Gen 9] Random Battle", "players": ["p0x85488f4", "p0y8543bf6"], "log": "|init|battle\n|title|p0x85488f4 vs. p0y8543bf6\n|j|\u2606p0x85488f4\n|j|\u2606p0y8543bf6\n|t:|1783549786\n|gametype|singles\n|player|p1|p0x85488f4|170|\n|player|p2|p0y8543bf6|266|\n|gen|9\n|tier|[Gen 9] Random Battle\n|rule|Species Clause: Limit one of each Pok\u00e9mon\n|rule|HP Percentage Mod: HP is shown in percentages\n|rule|Sleep Clause Mod: Limit one foe put to sleep\n|rule|Illusion Level Mod: Illusion disguises the Pok\u00e9mon's true level\n|\n|t:|1783549786\n|teamsize|p1|6\n|teamsize|p2|6\n|start\n|switch|p1a: Cacturne|Cacturne, L92, F|100/100\n|switch|p2a: Serperior|Serperior, L79, M|248/248\n|turn|1\n|inactive|Battle timer is ON: inactive players will automatically lose when time's up. (requested by p0x85488f4)\n|inactive|Time left: 300 sec this turn | 300 sec total | 60 sec grace\n|inactive|p0y8543bf6 also wants the timer to be on.\n|\n|t:|1783549787\n|move|p2a: Serperior|Leaf Storm|p1a: Cacturne\n|-resisted|p1a: Cacturne\n|-damage|p1a: Cacturne|72/100\n|-boost|p2a: Serperior|spa|2\n|-damage|p2a: Serperior|224/248|[from] item: Life Orb\n|move|p1a: Cacturne|Knock Off|p2a: Serperior\n|-damage|p2a: Serperior|59/248\n|-enditem|p2a: Serperior|Life Orb|[from] move: Knock Off|[of] p1a: Cacturne\n|-damage|p1a: Cacturne|62/100|[from] item: Life Orb\n|\n|upkeep\n|turn|2\n|inactive|Time left: 300 sec this turn | 300 sec total\n|\n|t:|1783549789\n|move|p2a: Serperior|Synthesis|p2a: Serperior\n|-heal|p2a: Serperior|183/248\n|move|p1a: Cacturne|Knock Off|p2a: Serperior\n|-damage|p2a: Serperior|61/248\n|-damage|p1a: Cacturne|53/100|[from] item: Life Orb\n|\n|upkeep\n|turn|3\n|inactive|Time left: 300 sec this turn | 300 sec total\n|\n|t:|1783549790\n|move|p2a: Serperior|Synthesis|p2a: Serperior\n|-heal|p2a: Serperior|185/248\n|move|p1a: Cacturne|Knock Off|p2a: Serperior\n|-damage|p2a: Serperior|59/248\n|-damage|p1a: Cacturne|43/100|[from] item: Life Orb\n|\n|upkeep\n|turn|4\n|inactive|Time left: 300 sec this turn | 300 sec total\n|\n|t:|1783549791\n|switch|p1a: Sunflora|Sunflora, M|100/100\n|move|p2a: Serperior|Synthesis|p2a: Serperior\n|-heal|p2a: Serperior|183/248\n|\n|upkeep\n|turn|5\n|inactive|Time left: 300 sec this turn | 300 sec total\n|\n|t:|1783549792\n|move|p2a: Serperior|Leaf Storm|p1a: Sunflora\n|-resisted|p1a: Sunflora\n|-damage|p1a: Sunflora|75/100\n|-boost|p2a: Serperior|spa|2\n|move|p1a: Sunflora|Sludge Bomb|p2a: Serperior\n|-supereffective|p2a: Serperior\n|-damage|p2a: Serperior|0 fnt\n|faint|p2a: Serperior\n|\n|upkeep\n|inactive|Time left: 300 sec this turn | 300 sec total | 5 sec grace\n|\n|t:|1783549794\n|switch|p2a: Forretress|Forretress, L84, M|263/263\n|turn|6\n|inactive|Time left: 300 sec this turn | 300 sec total\n|\n|t:|1783549795\n|switch|p1a: Pelipper|Pelipper, L86, F|100/100\n|-weather|RainDance|[from] ability: Drizzle|[of] p1a: Pelipper\n|move|p2a: Forretress|Stealth Rock|p1a: Pelipper\n|-sidestart|p1: p0x85488f4|move: Stealth Rock\n|\n|-weather|RainDance|[upkeep]\n|upkeep\n|turn|7\n|inactive|Time left: 300 sec this turn | 300 sec total\n|\n|t:|1783549796\n|switch|p2a: Lugia|Lugia, L73|275/275\n|move|p1a: Pelipper|Hurricane|p2a: Lugia\n|-damage|p2a: Lugia|204/275\n|\n|-weather|RainDance|[upkeep]\n|upkeep\n|turn|8\n|inactive|Time left: 300 sec this turn | 300 sec total\n|\n|t:|1783549797\n|move|p2a: Lugia|Calm Mind|p2a: Lugia\n|-boost|p2a: Lugia|spa|1\n|-boost|p2a: Lugia|spd|1\n|move|p1a: Pelipper|Hurricane|p2a: Lugia\n|-damage|p2a: Lugia|116/275\n|\n|-weather|RainDance|[upkeep]\n|upkeep\n|turn|9\n|inactive|Time left: 300 sec this turn | 300 sec total\n|\n|t:|1783549798\n|move|p2a: Lugia|Recover|p2a: Lugia\n|-heal|p2a: Lugia|254/275\n|move|p1a: Pelipper|Hurricane|p2a: Lugia\n|-damage|p2a: Lugia|172/275\n|-start|p2a: Lugia|confusion\n|\n|-weather|RainDance|[upkeep]\n|upkeep\n|turn|10\n|inactive|Time left: 300 sec this turn | 300 sec total\n|\n|t:|1783549800\n|-activate|p2a: Lugia|confusion\n|-damage|p2a: Lugia|158/275|[from] confusion\n|move|p1a: Pelipper|Hurricane|p2a: Lugia\n|-damage|p2a: Lugia|73/275\n|\n|-weather|none\n|upkeep\n|turn|11\n|inactive|Time left: 300 sec this turn | 300 sec total\n|\n|t:|1783549801\n|-activate|p2a: Lugia|confusion\n|move|p2a: Lugia|Recover|p2a: Lugia\n|-heal|p2a: Lugia|211/275\n|move|p1a: Pelipper|Hurricane|p2a: Lugia\n|-damage|p2a: Lugia|129/275\n|\n|upkeep\n|turn|12\n|inactive|Time left: 300 sec this turn | 300 sec total\n|\n|t:|1783549802\n|-activate|p2a: Lugia|confusion\n|move|p2a: Lugia|Recover|p2a: Lugia\n|-heal|p2a: Lugia|267/275\n|move|p1a: Pelipper|Hurricane|p2a: Lugia|[miss]\n|-miss|p1a: Pelipper|p2a: Lugia\n|\n|upkeep\n|turn|13\n|inactive|Time left: 300 sec this turn | 300 sec total\n|\n|t:|1783549803\n|-activate|p2a: Lugia|confusion\n|-damage|p2a: Lugia|252/275|[from] confusion\n|move|p1a: Pelipper|Hurricane|p2a: Lugia|[miss]\n|-miss|p1a: Pelipper|p2a: Lugia\n|\n|upkeep\n|turn|14\n|inactive|Time left: 300 sec this turn | 300 sec total\n|\n|t:|1783549804\n|-end|p2a: Lugia|confusion\n|move|p2a: Lugia|Aeroblast|p1a: Pelipper\n|-crit|p1a: Pelipper\n|-damage|p1a: Pelipper|16/100\n|move|p1a: Pelipper|Hurricane|p2a: Lugia\n|-damage|p2a: Lugia|164/275\n|\n|upkeep\n|turn|15\n|inactive|Time left: 300 sec this turn | 300 sec total\n|\n|t:|1783549805\n|move|p2a: Lugia|Aeroblast|p1a: Pelipper\n|-damage|p1a: Pelipper|0 fnt\n|faint|p1a: Pelipper\n|\n|upkeep\n|\n|t:|1783549806\n|switch|p1a: Ursaring|Ursaring, L84, F|100/100\n|-damage|p1a: Ursaring|88/100|[from] Stealth Rock\n|turn|16\n|inactive|Time left: 300 sec this turn | 300 sec total\n|\n|t:|1783549807\n|move|p2a: Lugia|Recover|p2a: Lugia\n|-heal|p2a: Lugia|275/275\n|move|p1a: Ursaring|Swords Dance|p1a: Ursaring\n|-boost|p1a: Ursaring|atk|2\n|\n|-status|p1a: Ursaring|tox|[from] item: Toxic Orb\n|upkeep\n|turn|17\n|inactive|Time left: 300 sec this turn | 300 sec total\n|\n|t:|1783549808\n|move|p1a: Ursaring|Facade|p2a: Lugia\n|-damage|p2a: Lugia|117/275\n|move|p2a: Lugia|Aeroblast|p1a: Ursaring\n|-damage|p1a: Ursaring|43/100 tox\n|\n|-damage|p1a: Ursaring|37/100 tox|[from] psn\n|upkeep\n|turn|18\n|inactive|Time left: 300 sec this turn | 300 sec total\n|\n|t:|1783549809\n|move|p1a: Ursaring|Facade|p2a: Lugia\n|-damage|p2a: Lugia|0 fnt\n|faint|p2a: Lugia\n|\n|-damage|p1a: Ursaring|24/100 tox|[from] psn\n|upkeep\n|inactive|Time left: 300 sec this turn | 300 sec total | 5 sec grace\n|\n|t:|1783549809\n|switch|p2a: Ambipom|Ambipom, L84, F|263/263\n|turn|19\n|inactive|Time left: 300 sec this turn | 300 sec total\n|\n|t:|1783549810\n|switch|p1a: Dudunsparce|Dudunsparce-Three-Segment, L83, M|100/100\n|-damage|p1a: Dudunsparce|88/100|[from] Stealth Rock\n|move|p2a: Ambipom|Knock Off|p1a: Dudunsparce\n|-damage|p1a: Dudunsparce|66/100\n|-ability|p1a: Dudunsparce|Rattled|boost\n|-boost|p1a: Dudunsparce|spe|1\n|-enditem|p1a: Dudunsparce|Leftovers|[from] move: Knock Off|[of] p2a: Ambipom\n|\n|upkeep\n|turn|20\n|inactive|Time left: 300 sec this turn | 300 sec total\n|\n|t:|1783549811\n|-terastallize|p2a: Ambipom|Normal\n|move|p2a: Ambipom|Double-Edge|p1a: Dudunsparce\n|-damage|p1a: Dudunsparce|3/100\n|-damage|p2a: Ambipom|191/263|[from] Recoil\n|move|p1a: Dudunsparce|Roost|p1a: Dudunsparce\n|-heal|p1a: Dudunsparce|53/100\n|-singleturn|p1a: Dudunsparce|move: Roost\n|\n|upkeep\n|turn|21\n|inactive|Time left: 300 sec this turn | 300 sec total\n|\n|t:|1783549812\n|move|p2a: Ambipom|Double-Edge|p1a: Dudunsparce\n|-crit|p1a: Dudunsparce\n|-damage|p1a: Dudunsparce|0 fnt\n|faint|p1a: Dudunsparce\n|-damage|p2a: Ambipom|132/263|[from] Recoil\n|\n|upkeep\n|\n|t:|1783549813\n|switch|p1a: Cacturne|Cacturne, L92, F|43/100\n|-damage|p1a: Cacturne|31/100|[from] Stealth Rock\n|turn|22\n|inactive|Time left: 300 sec this turn | 300 sec total\n|\n|t:|1783549814\n|switch|p2a: Forretress|Forretress, L84, M|263/263\n|move|p1a: Cacturne|Sucker Punch||[still]\n|-fail|p1a: Cacturne\n|\n|upkeep\n|turn|23\n|inactive|Time left: 300 sec this turn | 300 sec total\n|\n|t:|1783549815\n|move|p1a: Cacturne|Knock Off|p2a: Forretress\n|-damage|p2a: Forretress|127/263\n|-enditem|p2a: Forretress|Leftovers|[from] move: Knock Off|[of] p1a: Cacturne\n|-damage|p1a: Cacturne|21/100|[from] item: Life Orb\n|move|p2a: Forretress|Iron Head|p1a: Cacturne\n|-damage|p1a: Cacturne|0 fnt\n|faint|p1a: Cacturne\n|\n|upkeep\n|\n|t:|1783549816\n|switch|p1a: Sunflora|Sunflora, M|75/100\n|-damage|p1a: Sunflora|62/100|[from] Stealth Rock\n|turn|24\n|inactive|Time left: 300 sec this turn | 300 sec total\n|\n|t:|1783549817\n|move|p1a: Sunflora|Earth Power|p2a: Forretress\n|-damage|p2a: Forretress|0 fnt\n|faint|p2a: Forretress\n|\n|upkeep\n|inactive|Time left: 300 sec this turn | 300 sec total | 5 sec grace\n|\n|t:|1783549818\n|switch|p2a: Ambipom|Ambipom, L84, F, tera:Normal|132/263\n|turn|25\n|inactive|Time left: 300 sec this turn | 300 sec total\n|\n|t:|1783549819\n|switch|p1a: Azumarill|Azumarill, L82, F|100/100\n|-damage|p1a: Azumarill|88/100|[from] Stealth Rock\n|move|p2a: Ambipom|Double-Edge|p1a: Azumarill\n|-crit|p1a: Azumarill\n|-damage|p1a: Azumarill|0 fnt\n|faint|p1a: Azumarill\n|-damage|p2a: Ambipom|46/263|[from] Recoil\n|\n|upkeep\n|\n|t:|1783549820\n|switch|p1a: Ursaring|Ursaring, L84, F|24/100 tox\n|-damage|p1a: Ursaring|12/100 tox|[from] Stealth Rock\n|turn|26\n|inactive|Time left: 300 sec this turn | 300 sec total\n|\n|t:|1783549821\n|-terastallize|p1a: Ursaring|Normal\n|move|p2a: Ambipom|Double-Edge|p1a: Ursaring\n|-damage|p1a: Ursaring|0 fnt\n|faint|p1a: Ursaring\n|-damage|p2a: Ambipom|35/263|[from] Recoil\n|\n|upkeep\n|\n|t:|1783549821\n|switch|p1a: Sunflora|Sunflora, M|62/100\n|-damage|p1a: Sunflora|50/100|[from] Stealth Rock\n|turn|27\n|inactive|Time left: 300 sec this turn | 300 sec total\n|\n|t:|1783549822\n|move|p2a: Ambipom|Double-Edge|p1a: Sunflora\n|-damage|p1a: Sunflora|0 fnt\n|faint|p1a: Sunflora\n|-damage|p2a: Ambipom|0 fnt|[from] Recoil\n|faint|p2a: Ambipom\n|\n|win|p0y8543bf6", "uploadtime": 1783549822, "views": 0, "rating": 0, "private": 0, "password": null, "_winner": "p0y8543bf6", "_our_name": "p0y8543bf6"}