{"id": "battle-gen9randombattle-2950", "formatid": "gen9randombattle", "format": "[Gen 9] Random Battle", "players": ["p0x295042d2", "p0y295073ba"], "log": "|init|battle\n|title|p0x295042d2 vs. p0y295073ba\n|j|\u2606p0x295042d2\n|j|\u2606p0y295073ba\n|t:|1783573001\n|gametype|singles\n|player|p1|p0x295042d2|102|\n|player|p2|p0y295073ba|169|\n|gen|9\n|tier|[Gen 9] Random Battle\n|rule|Species Clause: Limit one of each Pok\u00e9mon\n|rule|HP Percentage Mod: HP is shown in percentages\n|rule|Sleep Clause Mod: Limit one foe put to sleep\n|rule|Illusion Level Mod: Illusion disguises the Pok\u00e9mon's true level\n|\n|t:|1783573001\n|teamsize|p1|6\n|teamsize|p2|6\n|start\n|switch|p1a: Garganacl|Garganacl, L80, F|291/291\n|switch|p2a: Ogerpon|Ogerpon, L80, F|100/100\n|turn|1\n|inactive|Battle timer is ON: inactive players will automatically lose when time's up. (requested by p0x295042d2)\n|\n|t:|1783573003\n|move|p2a: Ogerpon|Ivy Cudgel|p1a: Garganacl\n|-supereffective|p1a: Garganacl\n|-damage|p1a: Garganacl|7/291\n|move|p1a: Garganacl|Salt Cure|p2a: Ogerpon\n|-damage|p2a: Ogerpon|83/100\n|-start|p2a: Ogerpon|Salt Cure\n|\n|-heal|p1a: Garganacl|25/291|[from] item: Leftovers\n|-damage|p2a: Ogerpon|71/100|[from] Salt Cure\n|upkeep\n|turn|2\n|inactive|Time left: 300 sec this turn | 300 sec total\n|inactive|p0y295073ba also wants the timer to be on.\n|\n|t:|1783573004\n|switch|p1a: Okidogi|Okidogi, L77, M|262/262\n|move|p2a: Ogerpon|Ivy Cudgel|p1a: Okidogi\n|-resisted|p1a: Okidogi\n|-damage|p1a: Okidogi|191/262\n|\n|-damage|p2a: Ogerpon|58/100|[from] Salt Cure\n|upkeep\n|turn|3\n|inactive|Time left: 300 sec this turn | 300 sec total\n|\n|t:|1783573005\n|move|p2a: Ogerpon|Ivy Cudgel|p1a: Okidogi\n|-resisted|p1a: Okidogi\n|-damage|p1a: Okidogi|118/262\n|move|p1a: Okidogi|Gunk Shot|p2a: Ogerpon\n|-supereffective|p2a: Ogerpon\n|-damage|p2a: Ogerpon|0 fnt\n|faint|p2a: Ogerpon\n|\n|upkeep\n|\n|t:|1783573006\n|switch|p2a: Ariados|Ariados, L95, F|100/100\n|turn|4\n|inactive|Time left: 300 sec this turn | 300 sec total\n|\n|t:|1783573007\n|move|p1a: Okidogi|Psychic Fangs|p2a: Ariados\n|-supereffective|p2a: Ariados\n|-damage|p2a: Ariados|52/100\n|move|p2a: Ariados|Sticky Web|p1a: Okidogi\n|-sidestart|p1: p0x295042d2|move: Sticky Web\n|\n|upkeep\n|turn|5\n|inactive|Time left: 300 sec this turn | 300 sec total\n|\n|t:|1783573008\n|move|p1a: Okidogi|Knock Off|p2a: Ariados\n|-damage|p2a: Ariados|26/100\n|-enditem|p2a: Ariados|Heavy-Duty Boots|[from] move: Knock Off|[of] p1a: Okidogi\n|move|p2a: Ariados|Megahorn|p1a: Okidogi\n|-resisted|p1a: Okidogi\n|-damage|p1a: Okidogi|65/262\n|\n|upkeep\n|turn|6\n|inactive|Time left: 300 sec this turn | 300 sec total\n|\n|t:|1783573009\n|move|p1a: Okidogi|Psychic Fangs|p2a: Ariados\n|-supereffective|p2a: Ariados\n|-damage|p2a: Ariados|0 fnt\n|faint|p2a: Ariados\n|\n|upkeep\n|\n|t:|1783573010\n|switch|p2a: Iron Moth|Iron Moth, L78|100/100\n|turn|7\n|inactive|Time left: 300 sec this turn | 300 sec total\n|\n|t:|1783573011\n|switch|p1a: Giratina|Giratina-Origin, L72|335/335\n|move|p2a: Iron Moth|Fiery Dance|p1a: Giratina\n|-resisted|p1a: Giratina\n|-damage|p1a: Giratina|253/335\n|\n|upkeep\n|turn|8\n|inactive|Time left: 300 sec this turn | 300 sec total\n|\n|t:|1783573011\n|move|p2a: Iron Moth|Fiery Dance|p1a: Giratina\n|-resisted|p1a: Giratina\n|-damage|p1a: Giratina|179/335\n|-boost|p2a: Iron Moth|spa|1\n|move|p1a: Giratina|Defog|p2a: Iron Moth\n|-unboost|p2a: Iron Moth|evasion|1\n|-sideend|p1: p0x295042d2|Sticky Web|[from] move: Defog|[of] p1a: Giratina\n|\n|upkeep\n|turn|9\n|inactive|Time left: 300 sec this turn | 300 sec total\n|\n|t:|1783573012\n|move|p2a: Iron Moth|Fiery Dance|p1a: Giratina\n|-resisted|p1a: Giratina\n|-damage|p1a: Giratina|56/335\n|-boost|p2a: Iron Moth|spa|1\n|move|p1a: Giratina|Poltergeist|p2a: Iron Moth\n|-activate|p2a: Iron Moth|move: Poltergeist|Choice Specs\n|-damage|p2a: Iron Moth|29/100\n|\n|upkeep\n|turn|10\n|inactive|Time left: 300 sec this turn | 300 sec total\n|\n|t:|1783573013\n|switch|p1a: Clefable|Clefable, L83, F|293/293\n|move|p2a: Iron Moth|Fiery Dance|p1a: Clefable\n|-damage|p1a: Clefable|136/293\n|\n|-heal|p1a: Clefable|154/293|[from] item: Leftovers\n|upkeep\n|turn|11\n|inactive|Time left: 300 sec this turn | 300 sec total\n|\n|t:|1783573014\n|-terastallize|p1a: Clefable|Fire\n|move|p2a: Iron Moth|Fiery Dance|p1a: Clefable\n|-resisted|p1a: Clefable\n|-damage|p1a: Clefable|76/293\n|move|p1a: Clefable|Calm Mind|p1a: Clefable\n|-boost|p1a: Clefable|spa|1\n|-boost|p1a: Clefable|spd|1\n|\n|-heal|p1a: Clefable|94/293|[from] item: Leftovers\n|upkeep\n|turn|12\n|inactive|Time left: 300 sec this turn | 300 sec total\n|\n|t:|1783573015\n|move|p2a: Iron Moth|Fiery Dance|p1a: Clefable\n|-resisted|p1a: Clefable\n|-damage|p1a: Clefable|43/293\n|-boost|p2a: Iron Moth|spa|1\n|move|p1a: Clefable|Moonlight|p1a: Clefable\n|-heal|p1a: Clefable|189/293\n|\n|-heal|p1a: Clefable|207/293|[from] item: Leftovers\n|upkeep\n|turn|13\n|inactive|Time left: 300 sec this turn | 300 sec total\n|\n|t:|1783573016\n|move|p2a: Iron Moth|Fiery Dance|p1a: Clefable\n|-resisted|p1a: Clefable\n|-damage|p1a: Clefable|157/293\n|-boost|p2a: Iron Moth|spa|1\n|move|p1a: Clefable|Fire Blast|p2a: Iron Moth\n|-resisted|p2a: Iron Moth\n|-damage|p2a: Iron Moth|0 fnt\n|faint|p2a: Iron Moth\n|-end|p2a: Iron Moth|Quark Drive|[silent]\n|\n|-heal|p1a: Clefable|175/293|[from] item: Leftovers\n|upkeep\n|\n|t:|1783573017\n|switch|p2a: Blaziken|Blaziken, L76, M|100/100\n|turn|14\n|inactive|Time left: 300 sec this turn | 300 sec total\n|\n|t:|1783573018\n|move|p2a: Blaziken|Close Combat|p1a: Clefable\n|-damage|p1a: Clefable|0 fnt\n|-unboost|p2a: Blaziken|def|1\n|-unboost|p2a: Blaziken|spd|1\n|faint|p1a: Clefable\n|-damage|p2a: Blaziken|91/100|[from] item: Life Orb\n|\n|-ability|p2a: Blaziken|Speed Boost|boost\n|-boost|p2a: Blaziken|spe|1\n|upkeep\n|inactive|Time left: 300 sec this turn | 300 sec total | 5 sec grace\n|\n|t:|1783573019\n|switch|p1a: Krookodile|Krookodile, L79, F|280/280\n|-ability|p1a: Krookodile|Intimidate|boost\n|-unboost|p2a: Blaziken|atk|1\n|turn|15\n|inactive|Time left: 300 sec this turn | 300 sec total\n|\n|t:|1783573020\n|-terastallize|p2a: Blaziken|Fighting\n|move|p2a: Blaziken|Close Combat|p1a: Krookodile\n|-supereffective|p1a: Krookodile\n|-damage|p1a: Krookodile|0 fnt\n|-unboost|p2a: Blaziken|def|1\n|-unboost|p2a: Blaziken|spd|1\n|faint|p1a: Krookodile\n|-damage|p2a: Blaziken|81/100|[from] item: Life Orb\n|\n|-ability|p2a: Blaziken|Speed Boost|boost\n|-boost|p2a: Blaziken|spe|1\n|upkeep\n|inactive|Time left: 300 sec this turn | 300 sec total | 5 sec grace\n|\n|t:|1783573021\n|switch|p1a: Giratina|Giratina-Origin, L72|56/335\n|turn|16\n|inactive|Time left: 300 sec this turn | 300 sec total\n|\n|t:|1783573022\n|move|p2a: Blaziken|Knock Off|p1a: Giratina\n|-supereffective|p1a: Giratina\n|-damage|p1a: Giratina|0 fnt\n|faint|p1a: Giratina\n|-damage|p2a: Blaziken|71/100|[from] item: Life Orb\n|\n|-ability|p2a: Blaziken|Speed Boost|boost\n|-boost|p2a: Blaziken|spe|1\n|upkeep\n|inactive|Time left: 300 sec this turn | 300 sec total | 5 sec grace\n|\n|t:|1783573023\n|switch|p1a: Brute Bonnet|Brute Bonnet, L80|309/309\n|turn|17\n|inactive|Time left: 300 sec this turn | 300 sec total\n|\n|t:|1783573024\n|switch|p2a: Malamar|Malamar, L82, M|100/100\n|move|p1a: Brute Bonnet|Spore|p2a: Malamar\n|-status|p2a: Malamar|slp|[from] move: Spore\n|-enditem|p2a: Malamar|Chesto Berry|[eat]\n|-curestatus|p2a: Malamar|slp|[msg]\n|\n|upkeep\n|turn|18\n|inactive|Time left: 300 sec this turn | 300 sec total\n|\n|t:|1783573025\n|move|p2a: Malamar|Superpower|p1a: Brute Bonnet\n|-supereffective|p1a: Brute Bonnet\n|-damage|p1a: Brute Bonnet|173/309\n|-boost|p2a: Malamar|atk|1\n|-boost|p2a: Malamar|def|1\n|move|p1a: Brute Bonnet|Spore|p2a: Malamar\n|-status|p2a: Malamar|slp|[from] move: Spore\n|\n|-heal|p1a: Brute Bonnet|192/309|[from] item: Leftovers\n|upkeep\n|turn|19\n|inactive|Time left: 300 sec this turn | 300 sec total\n|\n|t:|1783573026\n|cant|p2a: Malamar|slp\n|move|p1a: Brute Bonnet|Close Combat|p2a: Malamar\n|-damage|p2a: Malamar|76/100 slp\n|-unboost|p1a: Brute Bonnet|def|1\n|-unboost|p1a: Brute Bonnet|spd|1\n|\n|-heal|p1a: Brute Bonnet|211/309|[from] item: Leftovers\n|upkeep\n|turn|20\n|inactive|Time left: 300 sec this turn | 300 sec total\n|\n|t:|1783573027\n|-end|p1a: Brute Bonnet|Protosynthesis|[silent]\n|switch|p1a: Okidogi|Okidogi, L77, M|65/262\n|cant|p2a: Malamar|slp\n|\n|upkeep\n|turn|21\n|inactive|Time left: 300 sec this turn | 300 sec total\n|\n|t:|1783573027\n|move|p1a: Okidogi|Drain Punch|p2a: Malamar\n|-damage|p2a: Malamar|53/100 slp\n|-heal|p1a: Okidogi|97/262|[from] drain|[of] p2a: Malamar\n|cant|p2a: Malamar|slp\n|\n|upkeep\n|turn|22\n|inactive|Time left: 300 sec this turn | 300 sec total\n|\n|t:|1783573028\n|move|p1a: Okidogi|Gunk Shot|p2a: Malamar\n|-damage|p2a: Malamar|22/100 slp\n|-curestatus|p2a: Malamar|slp|[msg]\n|move|p2a: Malamar|Psycho Cut|p1a: Okidogi\n|-supereffective|p1a: Okidogi\n|-damage|p1a: Okidogi|0 fnt\n|faint|p1a: Okidogi\n|\n|upkeep\n|inactive|Time left: 300 sec this turn | 300 sec total | 5 sec grace\n|\n|t:|1783573029\n|switch|p1a: Brute Bonnet|Brute Bonnet, L80|211/309\n|turn|23\n|inactive|Time left: 300 sec this turn | 300 sec total\n|\n|t:|1783573030\n|move|p2a: Malamar|Superpower|p1a: Brute Bonnet\n|-supereffective|p1a: Brute Bonnet\n|-damage|p1a: Brute Bonnet|5/309\n|-boost|p2a: Malamar|atk|1\n|-boost|p2a: Malamar|def|1\n|move|p1a: Brute Bonnet|Spore|p2a: Malamar\n|-status|p2a: Malamar|slp|[from] move: Spore\n|\n|-heal|p1a: Brute Bonnet|24/309|[from] item: Leftovers\n|upkeep\n|turn|24\n|inactive|Time left: 300 sec this turn | 300 sec total\n|\n|t:|1783573031\n|switch|p2a: Lumineon|Lumineon, L93, F|100/100\n|move|p1a: Brute Bonnet|Close Combat|p2a: Lumineon\n|-damage|p2a: Lumineon|66/100\n|-unboost|p1a: Brute Bonnet|def|1\n|-unboost|p1a: Brute Bonnet|spd|1\n|\n|-heal|p1a: Brute Bonnet|43/309|[from] item: Leftovers\n|upkeep\n|turn|25\n|inactive|Time left: 300 sec this turn | 300 sec total\n|\n|t:|1783573032\n|move|p2a: Lumineon|Alluring Voice|p1a: Brute Bonnet\n|-supereffective|p1a: Brute Bonnet\n|-damage|p1a: Brute Bonnet|0 fnt\n|faint|p1a: Brute Bonnet\n|-end|p1a: Brute Bonnet|Protosynthesis|[silent]\n|-damage|p2a: Lumineon|56/100|[from] item: Life Orb\n|\n|upkeep\n|inactive|Time left: 300 sec this turn | 300 sec total | 5 sec grace\n|\n|t:|1783573033\n|switch|p1a: Garganacl|Garganacl, L80, F|25/291\n|turn|26\n|inactive|Time left: 300 sec this turn | 300 sec total\n|\n|t:|1783573034\n|move|p2a: Lumineon|Alluring Voice|p1a: Garganacl\n|-damage|p1a: Garganacl|0 fnt\n|faint|p1a: Garganacl\n|-damage|p2a: Lumineon|47/100|[from] item: Life Orb\n|\n|win|p0y295073ba", "uploadtime": 1783573034, "views": 0, "rating": 0, "private": 0, "password": null, "_winner": "p0y295073ba", "_our_name": "p0x295042d2"}