{"id": "battle-gen9randombattle-753", "formatid": "gen9randombattle", "format": "[Gen 9] Random Battle", "players": ["p0x7532ea0", "p0y753eb2e"], "log": "|init|battle\n|title|p0x7532ea0 vs. p0y753eb2e\n|j|\u2606p0x7532ea0\n|j|\u2606p0y753eb2e\n|t:|1783548581\n|gametype|singles\n|player|p1|p0x7532ea0|102|\n|player|p2|p0y753eb2e|169|\n|gen|9\n|tier|[Gen 9] Random Battle\n|rule|Species Clause: Limit one of each Pok\u00e9mon\n|rule|HP Percentage Mod: HP is shown in percentages\n|rule|Sleep Clause Mod: Limit one foe put to sleep\n|rule|Illusion Level Mod: Illusion disguises the Pok\u00e9mon's true level\n|\n|t:|1783548581\n|teamsize|p1|6\n|teamsize|p2|6\n|start\n|switch|p1a: Mewtwo|Mewtwo, L72|272/272\n|switch|p2a: Blastoise|Blastoise, L80, M|100/100\n|-ability|p1a: Mewtwo|Unnerve\n|turn|1\n|inactive|Battle timer is ON: inactive players will automatically lose when time's up. (requested by p0y753eb2e)\n|inactive|Time left: 300 sec this turn | 300 sec total | 60 sec grace\n|inactive|p0x7532ea0 also wants the timer to be on.\n|\n|t:|1783548582\n|move|p1a: Mewtwo|Nasty Plot|p1a: Mewtwo\n|-boost|p1a: Mewtwo|spa|2\n|move|p2a: Blastoise|Shell Smash|p2a: Blastoise\n|-unboost|p2a: Blastoise|def|1\n|-unboost|p2a: Blastoise|spd|1\n|-boost|p2a: Blastoise|atk|2\n|-boost|p2a: Blastoise|spa|2\n|-boost|p2a: Blastoise|spe|2\n|-enditem|p2a: Blastoise|White Herb\n|-clearnegativeboost|p2a: Blastoise|[silent]\n|\n|upkeep\n|turn|2\n|inactive|Time left: 300 sec this turn | 300 sec total\n|\n|t:|1783548584\n|move|p2a: Blastoise|Hydro Pump|p1a: Mewtwo\n|-damage|p1a: Mewtwo|67/272\n|move|p1a: Mewtwo|Psystrike|p2a: Blastoise\n|-damage|p2a: Blastoise|0 fnt\n|faint|p2a: Blastoise\n|-damage|p1a: Mewtwo|40/272|[from] item: Life Orb\n|\n|upkeep\n|\n|t:|1783548585\n|switch|p2a: Darkrai|Darkrai, L77|100/100\n|turn|3\n|inactive|Time left: 300 sec this turn | 300 sec total\n|\n|t:|1783548586\n|switch|p1a: Diancie|Diancie, L82|216/216\n|move|p2a: Darkrai|Sludge Bomb|p1a: Diancie\n|-damage|p1a: Diancie|184/216\n|\n|upkeep\n|turn|4\n|inactive|Time left: 300 sec this turn | 300 sec total\n|\n|t:|1783548587\n|switch|p2a: Banette|Banette, L93, M|100/100\n|move|p1a: Diancie|Moonblast|p2a: Banette\n|-damage|p2a: Banette|56/100\n|-unboost|p2a: Banette|spa|1\n|\n|upkeep\n|turn|5\n|inactive|Time left: 300 sec this turn | 300 sec total\n|\n|t:|1783548588\n|move|p2a: Banette|Poltergeist|p1a: Diancie\n|-activate|p1a: Diancie|move: Poltergeist|Assault Vest\n|-damage|p1a: Diancie|42/216\n|-damage|p2a: Banette|46/100|[from] item: Life Orb\n|move|p1a: Diancie|Diamond Storm|p2a: Banette\n|-damage|p2a: Banette|0 fnt\n|-boost|p1a: Diancie|def|2\n|faint|p2a: Banette\n|\n|upkeep\n|\n|t:|1783548589\n|switch|p2a: Darkrai|Darkrai, L77|100/100\n|turn|6\n|inactive|Time left: 300 sec this turn | 300 sec total\n|\n|t:|1783548591\n|-terastallize|p2a: Darkrai|Poison\n|move|p2a: Darkrai|Sludge Bomb|p1a: Diancie\n|-damage|p1a: Diancie|0 fnt\n|faint|p1a: Diancie\n|\n|upkeep\n|inactive|Time left: 300 sec this turn | 300 sec total | 5 sec grace\n|\n|t:|1783548592\n|switch|p1a: Magearna|Magearna, L77|250/250\n|turn|7\n|inactive|Time left: 300 sec this turn | 300 sec total\n|\n|t:|1783548593\n|move|p2a: Darkrai|Nasty Plot|p2a: Darkrai\n|-boost|p2a: Darkrai|spa|2\n|move|p1a: Magearna|Shift Gear|p1a: Magearna\n|-boost|p1a: Magearna|spe|2\n|-boost|p1a: Magearna|atk|1\n|\n|upkeep\n|turn|8\n|inactive|Time left: 300 sec this turn | 300 sec total\n|\n|t:|1783548594\n|move|p1a: Magearna|Calm Mind|p1a: Magearna\n|-boost|p1a: Magearna|spa|1\n|-boost|p1a: Magearna|spd|1\n|move|p2a: Darkrai|Dark Pulse|p1a: Magearna\n|-resisted|p1a: Magearna\n|-damage|p1a: Magearna|194/250\n|\n|-heal|p1a: Magearna|209/250|[from] item: Leftovers\n|upkeep\n|turn|9\n|inactive|Time left: 300 sec this turn | 300 sec total\n|\n|t:|1783548595\n|move|p1a: Magearna|Flash Cannon|p2a: Darkrai\n|-damage|p2a: Darkrai|40/100\n|move|p2a: Darkrai|Substitute|p2a: Darkrai\n|-start|p2a: Darkrai|Substitute\n|-damage|p2a: Darkrai|15/100\n|\n|-heal|p1a: Magearna|224/250|[from] item: Leftovers\n|-heal|p2a: Darkrai|21/100|[from] item: Leftovers\n|upkeep\n|turn|10\n|inactive|Time left: 300 sec this turn | 300 sec total\n|\n|t:|1783548596\n|move|p1a: Magearna|Flash Cannon|p2a: Darkrai\n|-end|p2a: Darkrai|Substitute\n|move|p2a: Darkrai|Dark Pulse|p1a: Magearna\n|-resisted|p1a: Magearna\n|-damage|p1a: Magearna|170/250\n|\n|-heal|p1a: Magearna|185/250|[from] item: Leftovers\n|-heal|p2a: Darkrai|27/100|[from] item: Leftovers\n|upkeep\n|turn|11\n|inactive|Time left: 300 sec this turn | 300 sec total\n|\n|t:|1783548598\n|switch|p2a: Regigigas|Regigigas, L84|100/100\n|-start|p2a: Regigigas|ability: Slow Start\n|move|p1a: Magearna|Flash Cannon|p2a: Regigigas\n|-damage|p2a: Regigigas|65/100\n|\n|-heal|p1a: Magearna|200/250|[from] item: Leftovers\n|-heal|p2a: Regigigas|71/100|[from] item: Leftovers\n|upkeep\n|turn|12\n|inactive|Time left: 300 sec this turn | 300 sec total\n|\n|t:|1783548599\n|move|p1a: Magearna|Shift Gear|p1a: Magearna\n|-boost|p1a: Magearna|spe|2\n|-boost|p1a: Magearna|atk|1\n|move|p2a: Regigigas|Knock Off|p1a: Magearna\n|-resisted|p1a: Magearna\n|-damage|p1a: Magearna|176/250\n|-enditem|p1a: Magearna|Leftovers|[from] move: Knock Off|[of] p2a: Regigigas\n|\n|-heal|p2a: Regigigas|77/100|[from] item: Leftovers\n|upkeep\n|turn|13\n|inactive|Time left: 300 sec this turn | 300 sec total\n|\n|t:|1783548600\n|move|p1a: Magearna|Calm Mind|p1a: Magearna\n|-boost|p1a: Magearna|spa|1\n|-boost|p1a: Magearna|spd|1\n|move|p2a: Regigigas|Body Slam|p1a: Magearna\n|-resisted|p1a: Magearna\n|-damage|p1a: Magearna|146/250\n|\n|-heal|p2a: Regigigas|83/100|[from] item: Leftovers\n|upkeep\n|turn|14\n|inactive|Time left: 300 sec this turn | 300 sec total\n|\n|t:|1783548601\n|move|p1a: Magearna|Calm Mind|p1a: Magearna\n|-boost|p1a: Magearna|spa|1\n|-boost|p1a: Magearna|spd|1\n|move|p2a: Regigigas|Substitute|p2a: Regigigas\n|-start|p2a: Regigigas|Substitute\n|-damage|p2a: Regigigas|59/100\n|\n|-heal|p2a: Regigigas|65/100|[from] item: Leftovers\n|upkeep\n|turn|15\n|inactive|Time left: 300 sec this turn | 300 sec total\n|\n|t:|1783548603\n|move|p1a: Magearna|Flash Cannon|p2a: Regigigas\n|-end|p2a: Regigigas|Substitute\n|move|p2a: Regigigas|Body Slam|p1a: Magearna\n|-resisted|p1a: Magearna\n|-damage|p1a: Magearna|114/250\n|\n|-heal|p2a: Regigigas|71/100|[from] item: Leftovers\n|upkeep\n|turn|16\n|inactive|Time left: 300 sec this turn | 300 sec total\n|\n|t:|1783548604\n|move|p2a: Regigigas|Protect|p2a: Regigigas\n|-singleturn|p2a: Regigigas|Protect\n|move|p1a: Magearna|Flash Cannon|p2a: Regigigas\n|-activate|p2a: Regigigas|move: Protect\n|\n|-heal|p2a: Regigigas|77/100|[from] item: Leftovers\n|-end|p2a: Regigigas|Slow Start\n|upkeep\n|turn|17\n|inactive|Time left: 300 sec this turn | 300 sec total\n|\n|t:|1783548605\n|move|p1a: Magearna|Fleur Cannon|p2a: Regigigas|[miss]\n|-miss|p1a: Magearna|p2a: Regigigas\n|move|p2a: Regigigas|Body Slam|p1a: Magearna\n|-resisted|p1a: Magearna\n|-damage|p1a: Magearna|50/250\n|\n|-heal|p2a: Regigigas|83/100|[from] item: Leftovers\n|upkeep\n|turn|18\n|inactive|Time left: 300 sec this turn | 300 sec total\n|\n|t:|1783548606\n|move|p2a: Regigigas|Protect|p2a: Regigigas\n|-singleturn|p2a: Regigigas|Protect\n|move|p1a: Magearna|Fleur Cannon|p2a: Regigigas\n|-activate|p2a: Regigigas|move: Protect\n|\n|-heal|p2a: Regigigas|90/100|[from] item: Leftovers\n|upkeep\n|turn|19\n|inactive|Time left: 300 sec this turn | 300 sec total\n|\n|t:|1783548607\n|move|p1a: Magearna|Fleur Cannon|p2a: Regigigas\n|-damage|p2a: Regigigas|1/100\n|-unboost|p1a: Magearna|spa|2\n|move|p2a: Regigigas|Body Slam|p1a: Magearna\n|-resisted|p1a: Magearna\n|-damage|p1a: Magearna|0 fnt\n|faint|p1a: Magearna\n|\n|-heal|p2a: Regigigas|7/100|[from] item: Leftovers\n|upkeep\n|inactive|Time left: 300 sec this turn | 300 sec total | 5 sec grace\n|\n|t:|1783548608\n|switch|p1a: Pyroar|Pyroar, L88, F|295/295\n|-ability|p1a: Pyroar|Unnerve\n|turn|20\n|inactive|Time left: 300 sec this turn | 300 sec total\n|\n|t:|1783548609\n|switch|p2a: Dachsbun|Dachsbun, L92, M|100/100\n|move|p1a: Pyroar|Fire Blast|p2a: Dachsbun\n|-ability|p2a: Dachsbun|Well-Baked Body|boost\n|-boost|p2a: Dachsbun|def|2\n|\n|upkeep\n|turn|21\n|inactive|Time left: 300 sec this turn | 300 sec total\n|\n|t:|1783548610\n|move|p1a: Pyroar|Hyper Voice|p2a: Dachsbun\n|-damage|p2a: Dachsbun|58/100\n|move|p2a: Dachsbun|Body Press|p1a: Pyroar\n|-supereffective|p1a: Pyroar\n|-damage|p1a: Pyroar|0 fnt\n|faint|p1a: Pyroar\n|\n|-heal|p2a: Dachsbun|64/100|[from] item: Leftovers\n|upkeep\n|inactive|Time left: 300 sec this turn | 300 sec total | 5 sec grace\n|\n|t:|1783548611\n|switch|p1a: Mewtwo|Mewtwo, L72|40/272\n|-ability|p1a: Mewtwo|Unnerve\n|turn|22\n|inactive|Time left: 300 sec this turn | 300 sec total\n|\n|t:|1783548612\n|move|p1a: Mewtwo|Recover|p1a: Mewtwo\n|-heal|p1a: Mewtwo|176/272\n|move|p2a: Dachsbun|Body Press|p1a: Mewtwo\n|-resisted|p1a: Mewtwo\n|-damage|p1a: Mewtwo|88/272\n|\n|-heal|p2a: Dachsbun|70/100|[from] item: Leftovers\n|upkeep\n|turn|23\n|inactive|Time left: 300 sec this turn | 300 sec total\n|\n|t:|1783548613\n|move|p1a: Mewtwo|Recover|p1a: Mewtwo\n|-heal|p1a: Mewtwo|224/272\n|move|p2a: Dachsbun|Body Press|p1a: Mewtwo\n|-resisted|p1a: Mewtwo\n|-crit|p1a: Mewtwo\n|-damage|p1a: Mewtwo|95/272\n|\n|-heal|p2a: Dachsbun|76/100|[from] item: Leftovers\n|upkeep\n|turn|24\n|inactive|Time left: 300 sec this turn | 300 sec total\n|\n|t:|1783548614\n|move|p1a: Mewtwo|Recover|p1a: Mewtwo\n|-heal|p1a: Mewtwo|231/272\n|move|p2a: Dachsbun|Play Rough|p1a: Mewtwo\n|-damage|p1a: Mewtwo|116/272\n|\n|-heal|p2a: Dachsbun|82/100|[from] item: Leftovers\n|upkeep\n|turn|25\n|inactive|Time left: 300 sec this turn | 300 sec total\n|\n|t:|1783548616\n|move|p1a: Mewtwo|Recover|p1a: Mewtwo\n|-heal|p1a: Mewtwo|252/272\n|move|p2a: Dachsbun|Play Rough|p1a: Mewtwo\n|-damage|p1a: Mewtwo|134/272\n|\n|-heal|p2a: Dachsbun|88/100|[from] item: Leftovers\n|upkeep\n|turn|26\n|inactive|Time left: 300 sec this turn | 300 sec total\n|\n|t:|1783548617\n|move|p1a: Mewtwo|Recover|p1a: Mewtwo\n|-heal|p1a: Mewtwo|270/272\n|move|p2a: Dachsbun|Play Rough|p1a: Mewtwo\n|-damage|p1a: Mewtwo|161/272\n|\n|-heal|p2a: Dachsbun|93/100|[from] item: Leftovers\n|upkeep\n|turn|27\n|inactive|Time left: 300 sec this turn | 300 sec total\n|\n|t:|1783548619\n|move|p1a: Mewtwo|Recover|p1a: Mewtwo\n|-heal|p1a: Mewtwo|272/272\n|move|p2a: Dachsbun|Play Rough|p1a: Mewtwo\n|-damage|p1a: Mewtwo|167/272\n|\n|-heal|p2a: Dachsbun|99/100|[from] item: Leftovers\n|upkeep\n|turn|28\n|inactive|Time left: 300 sec this turn | 300 sec total\n|\n|t:|1783548620\n|move|p1a: Mewtwo|Recover|p1a: Mewtwo\n|-heal|p1a: Mewtwo|272/272\n|move|p2a: Dachsbun|Play Rough|p1a: Mewtwo\n|-damage|p1a: Mewtwo|161/272\n|\n|-heal|p2a: Dachsbun|100/100|[from] item: Leftovers\n|upkeep\n|turn|29\n|inactive|Time left: 300 sec this turn | 300 sec total\n|\n|t:|1783548622\n|move|p1a: Mewtwo|Recover|p1a: Mewtwo\n|-heal|p1a: Mewtwo|272/272\n|move|p2a: Dachsbun|Body Press|p1a: Mewtwo\n|-resisted|p1a: Mewtwo\n|-damage|p1a: Mewtwo|189/272\n|\n|upkeep\n|turn|30\n|inactive|Time left: 300 sec this turn | 300 sec total\n|\n|t:|1783548623\n|move|p1a: Mewtwo|Nasty Plot|p1a: Mewtwo\n|-boost|p1a: Mewtwo|spa|2\n|move|p2a: Dachsbun|Body Press|p1a: Mewtwo\n|-resisted|p1a: Mewtwo\n|-damage|p1a: Mewtwo|103/272\n|\n|upkeep\n|turn|31\n|inactive|Time left: 300 sec this turn | 300 sec total\n|\n|t:|1783548624\n|move|p1a: Mewtwo|Psystrike|p2a: Dachsbun\n|-damage|p2a: Dachsbun|53/100\n|-damage|p1a: Mewtwo|76/272|[from] item: Life Orb\n|move|p2a: Dachsbun|Body Press|p1a: Mewtwo\n|-resisted|p1a: Mewtwo\n|-damage|p1a: Mewtwo|0 fnt\n|faint|p1a: Mewtwo\n|\n|-heal|p2a: Dachsbun|59/100|[from] item: Leftovers\n|upkeep\n|inactive|Time left: 300 sec this turn | 300 sec total | 5 sec grace\n|\n|t:|1783548625\n|switch|p1a: Cacturne|Cacturne, L92, F|278/278\n|turn|32\n|inactive|Time left: 300 sec this turn | 300 sec total\n|\n|t:|1783548626\n|-terastallize|p1a: Cacturne|Poison\n|move|p2a: Dachsbun|Body Press|p1a: Cacturne\n|-resisted|p1a: Cacturne\n|-damage|p1a: Cacturne|183/278\n|move|p1a: Cacturne|Leaf Storm|p2a: Dachsbun\n|-damage|p2a: Dachsbun|0 fnt\n|-unboost|p1a: Cacturne|spa|2\n|faint|p2a: Dachsbun\n|-damage|p1a: Cacturne|156/278|[from] item: Life Orb\n|\n|upkeep\n|\n|t:|1783548627\n|switch|p2a: Hydreigon|Hydreigon, L79, F|100/100\n|turn|33\n|inactive|Time left: 300 sec this turn | 300 sec total\n|\n|t:|1783548628\n|switch|p1a: Oinkologne|Oinkologne-F, L92, F|361/361\n|move|p2a: Hydreigon|Nasty Plot|p2a: Hydreigon\n|-boost|p2a: Hydreigon|spa|2\n|\n|upkeep\n|turn|34\n|inactive|Time left: 300 sec this turn | 300 sec total\n|\n|t:|1783548629\n|move|p2a: Hydreigon|Dark Pulse|p1a: Oinkologne\n|-damage|p1a: Oinkologne|162/361\n|-damage|p2a: Hydreigon|91/100|[from] item: Life Orb\n|cant|p1a: Oinkologne|flinch\n|\n|-heal|p1a: Oinkologne|184/361|[from] item: Leftovers\n|upkeep\n|turn|35\n|inactive|Time left: 300 sec this turn | 300 sec total\n|\n|t:|1783548630\n|move|p2a: Hydreigon|Dark Pulse|p1a: Oinkologne\n|-damage|p1a: Oinkologne|0 fnt\n|faint|p1a: Oinkologne\n|-damage|p2a: Hydreigon|81/100|[from] item: Life Orb\n|\n|upkeep\n|inactive|Time left: 300 sec this turn | 300 sec total | 5 sec grace\n|\n|t:|1783548631\n|switch|p1a: Cacturne|Cacturne, L92, F, tera:Poison|156/278\n|turn|36\n|inactive|Time left: 300 sec this turn | 300 sec total\n|\n|t:|1783548632\n|move|p2a: Hydreigon|Dark Pulse|p1a: Cacturne\n|-damage|p1a: Cacturne|0 fnt\n|faint|p1a: Cacturne\n|-damage|p2a: Hydreigon|71/100|[from] item: Life Orb\n|\n|win|p0y753eb2e", "uploadtime": 1783548632, "views": 0, "rating": 0, "private": 0, "password": null, "_winner": "p0y753eb2e", "_our_name": "p0x7532ea0"}