{"id": "battle-gen9randombattle-578", "formatid": "gen9randombattle", "format": "[Gen 9] Random Battle", "players": ["p0x578e57f", "p0y5788d92"], "log": "|init|battle\n|title|p0x578e57f vs. p0y5788d92\n|j|\u2606p0x578e57f\n|j|\u2606p0y5788d92\n|t:|1783545782\n|gametype|singles\n|player|p1|p0x578e57f|169|\n|player|p2|p0y5788d92|102|\n|gen|9\n|tier|[Gen 9] Random Battle\n|rule|Species Clause: Limit one of each Pok\u00e9mon\n|rule|HP Percentage Mod: HP is shown in percentages\n|rule|Sleep Clause Mod: Limit one foe put to sleep\n|rule|Illusion Level Mod: Illusion disguises the Pok\u00e9mon's true level\n|\n|t:|1783545782\n|teamsize|p1|6\n|teamsize|p2|6\n|start\n|switch|p1a: Entei|Entei, L78|100/100\n|switch|p2a: Charizard|Charizard, L85, M|271/271\n|turn|1\n|inactive|Battle timer is ON: inactive players will automatically lose when time's up. (requested by p0y5788d92)\n|inactive|p0x578e57f also wants the timer to be on.\n|\n|t:|1783545783\n|move|p2a: Charizard|Earthquake|p1a: Entei\n|-supereffective|p1a: Entei\n|-damage|p1a: Entei|51/100\n|move|p1a: Entei|Stone Edge|p2a: Charizard\n|-supereffective|p2a: Charizard\n|-damage|p2a: Charizard|0 fnt\n|faint|p2a: Charizard\n|\n|upkeep\n|inactive|Time left: 300 sec this turn | 300 sec total | 65 sec grace\n|\n|t:|1783545784\n|switch|p2a: Ambipom|Ambipom, L84, F|263/263\n|turn|2\n|inactive|Time left: 300 sec this turn | 300 sec total\n|\n|t:|1783545785\n|switch|p1a: Klefki|Klefki, L84, M|100/100\n|move|p2a: Ambipom|Triple Axel|p1a: Klefki\n|-resisted|p1a: Klefki\n|-damage|p1a: Klefki|94/100\n|-resisted|p1a: Klefki\n|-damage|p1a: Klefki|80/100\n|-hitcount|p1a: Klefki|2\n|\n|-heal|p1a: Klefki|86/100|[from] item: Leftovers\n|upkeep\n|turn|3\n|inactive|Time left: 300 sec this turn | 300 sec total\n|\n|t:|1783545786\n|move|p2a: Ambipom|Triple Axel|p1a: Klefki\n|-resisted|p1a: Klefki\n|-damage|p1a: Klefki|79/100\n|-resisted|p1a: Klefki\n|-damage|p1a: Klefki|65/100\n|-resisted|p1a: Klefki\n|-damage|p1a: Klefki|44/100\n|-hitcount|p1a: Klefki|3\n|move|p1a: Klefki|Play Rough|p2a: Ambipom\n|-damage|p2a: Ambipom|161/263\n|-unboost|p2a: Ambipom|atk|1\n|\n|-heal|p1a: Klefki|50/100|[from] item: Leftovers\n|upkeep\n|turn|4\n|inactive|Time left: 300 sec this turn | 300 sec total\n|\n|t:|1783545787\n|move|p2a: Ambipom|Triple Axel|p1a: Klefki\n|-resisted|p1a: Klefki\n|-damage|p1a: Klefki|46/100\n|-resisted|p1a: Klefki\n|-damage|p1a: Klefki|37/100\n|-hitcount|p1a: Klefki|2\n|move|p1a: Klefki|Play Rough|p2a: Ambipom|[miss]\n|-miss|p1a: Klefki|p2a: Ambipom\n|\n|-heal|p1a: Klefki|43/100|[from] item: Leftovers\n|upkeep\n|turn|5\n|inactive|Time left: 300 sec this turn | 300 sec total\n|\n|t:|1783545788\n|move|p2a: Ambipom|Triple Axel|p1a: Klefki\n|-resisted|p1a: Klefki\n|-damage|p1a: Klefki|39/100\n|-hitcount|p1a: Klefki|1\n|move|p1a: Klefki|Play Rough|p2a: Ambipom\n|-damage|p2a: Ambipom|64/263\n|-unboost|p2a: Ambipom|atk|1\n|\n|-heal|p1a: Klefki|45/100|[from] item: Leftovers\n|upkeep\n|turn|6\n|inactive|Time left: 300 sec this turn | 300 sec total\n|\n|t:|1783545789\n|switch|p2a: Duraludon|Duraludon, L82, F|249/249\n|move|p1a: Klefki|Play Rough|p2a: Duraludon\n|-damage|p2a: Duraludon|200/249\n|\n|-heal|p1a: Klefki|51/100|[from] item: Leftovers\n|upkeep\n|turn|7\n|inactive|Time left: 300 sec this turn | 300 sec total\n|\n|t:|1783545791\n|move|p1a: Klefki|Spikes|p2a: Duraludon\n|-sidestart|p2: p0y5788d92|Spikes\n|move|p2a: Duraludon|Flash Cannon|p1a: Klefki\n|-damage|p1a: Klefki|7/100\n|\n|-heal|p1a: Klefki|13/100|[from] item: Leftovers\n|upkeep\n|turn|8\n|inactive|Time left: 300 sec this turn | 300 sec total\n|\n|t:|1783545792\n|move|p1a: Klefki|Spikes|p2a: Duraludon\n|-sidestart|p2: p0y5788d92|Spikes\n|move|p2a: Duraludon|Body Press|p1a: Klefki\n|-crit|p1a: Klefki\n|-damage|p1a: Klefki|0 fnt\n|faint|p1a: Klefki\n|\n|upkeep\n|\n|t:|1783545793\n|switch|p1a: Entei|Entei, L78|51/100\n|turn|9\n|inactive|Time left: 300 sec this turn | 300 sec total\n|\n|t:|1783545793\n|move|p1a: Entei|Sacred Fire|p2a: Duraludon\n|-damage|p2a: Duraludon|118/249\n|move|p2a: Duraludon|Draco Meteor|p1a: Entei\n|-damage|p1a: Entei|0 fnt\n|-unboost|p2a: Duraludon|spa|2\n|faint|p1a: Entei\n|\n|upkeep\n|\n|t:|1783545794\n|switch|p1a: Iron Leaves|Iron Leaves, L80|100/100\n|turn|10\n|inactive|Time left: 300 sec this turn | 300 sec total\n|\n|t:|1783545795\n|switch|p2a: Dusknoir|Dusknoir, L89, F|225/225\n|-damage|p2a: Dusknoir|188/225|[from] Spikes\n|-item|p1a: Iron Leaves|Choice Band|[from] ability: Frisk|[of] p2a: Dusknoir\n|move|p1a: Iron Leaves|Close Combat|p2a: Dusknoir\n|-immune|p2a: Dusknoir\n|\n|-heal|p2a: Dusknoir|202/225|[from] item: Leftovers\n|upkeep\n|turn|11\n|inactive|Time left: 300 sec this turn | 300 sec total\n|\n|t:|1783545796\n|-end|p1a: Iron Leaves|Quark Drive|[silent]\n|switch|p1a: Regigigas|Regigigas, L84|100/100\n|-start|p1a: Regigigas|ability: Slow Start\n|move|p2a: Dusknoir|Will-O-Wisp|p1a: Regigigas\n|-status|p1a: Regigigas|brn\n|\n|-heal|p2a: Dusknoir|216/225|[from] item: Leftovers\n|-damage|p1a: Regigigas|94/100 brn|[from] brn\n|upkeep\n|turn|12\n|inactive|Time left: 300 sec this turn | 300 sec total\n|\n|t:|1783545797\n|move|p2a: Dusknoir|Pain Split|p1a: Regigigas\n|-sethp|p1a: Regigigas|81/100 brn|[from] move: Pain Split|[silent]\n|-sethp|p2a: Dusknoir|225/225|[from] move: Pain Split\n|move|p1a: Regigigas|Knock Off|p2a: Dusknoir\n|-supereffective|p2a: Dusknoir\n|-damage|p2a: Dusknoir|193/225\n|-enditem|p2a: Dusknoir|Leftovers|[from] move: Knock Off|[of] p1a: Regigigas\n|\n|-heal|p1a: Regigigas|87/100 brn|[from] item: Leftovers\n|-damage|p1a: Regigigas|81/100 brn|[from] brn\n|upkeep\n|turn|13\n|inactive|Time left: 300 sec this turn | 300 sec total\n|\n|t:|1783545798\n|move|p2a: Dusknoir|Pain Split|p1a: Regigigas\n|-sethp|p1a: Regigigas|71/100 brn|[from] move: Pain Split|[silent]\n|-sethp|p2a: Dusknoir|225/225|[from] move: Pain Split\n|move|p1a: Regigigas|Knock Off|p2a: Dusknoir\n|-supereffective|p2a: Dusknoir\n|-damage|p2a: Dusknoir|201/225\n|\n|-heal|p1a: Regigigas|77/100 brn|[from] item: Leftovers\n|-damage|p1a: Regigigas|71/100 brn|[from] brn\n|upkeep\n|turn|14\n|inactive|Time left: 300 sec this turn | 300 sec total\n|\n|t:|1783545798\n|move|p2a: Dusknoir|Pain Split|p1a: Regigigas\n|-sethp|p1a: Regigigas|67/100 brn|[from] move: Pain Split|[silent]\n|-sethp|p2a: Dusknoir|213/225|[from] move: Pain Split\n|move|p1a: Regigigas|Substitute|p1a: Regigigas\n|-start|p1a: Regigigas|Substitute\n|-damage|p1a: Regigigas|42/100 brn\n|\n|-heal|p1a: Regigigas|48/100 brn|[from] item: Leftovers\n|-damage|p1a: Regigigas|42/100 brn|[from] brn\n|upkeep\n|turn|15\n|inactive|Time left: 300 sec this turn | 300 sec total\n|\n|t:|1783545799\n|move|p2a: Dusknoir|Will-O-Wisp|p1a: Regigigas|[miss]\n|-miss|p2a: Dusknoir|p1a: Regigigas\n|move|p1a: Regigigas|Knock Off|p2a: Dusknoir\n|-supereffective|p2a: Dusknoir\n|-crit|p2a: Dusknoir\n|-damage|p2a: Dusknoir|175/225\n|\n|-heal|p1a: Regigigas|48/100 brn|[from] item: Leftovers\n|-damage|p1a: Regigigas|42/100 brn|[from] brn\n|upkeep\n|turn|16\n|inactive|Time left: 300 sec this turn | 300 sec total\n|\n|t:|1783545800\n|move|p2a: Dusknoir|Pain Split||[still]\n|-fail|p2a: Dusknoir\n|move|p1a: Regigigas|Knock Off|p2a: Dusknoir\n|-supereffective|p2a: Dusknoir\n|-damage|p2a: Dusknoir|152/225\n|\n|-heal|p1a: Regigigas|48/100 brn|[from] item: Leftovers\n|-damage|p1a: Regigigas|42/100 brn|[from] brn\n|-end|p1a: Regigigas|Slow Start\n|upkeep\n|turn|17\n|inactive|Time left: 300 sec this turn | 300 sec total\n|\n|t:|1783545801\n|move|p1a: Regigigas|Knock Off|p2a: Dusknoir\n|-supereffective|p2a: Dusknoir\n|-damage|p2a: Dusknoir|105/225\n|move|p2a: Dusknoir|Pain Split||[still]\n|-fail|p2a: Dusknoir\n|\n|-heal|p1a: Regigigas|48/100 brn|[from] item: Leftovers\n|-damage|p1a: Regigigas|42/100 brn|[from] brn\n|upkeep\n|turn|18\n|inactive|Time left: 300 sec this turn | 300 sec total\n|\n|t:|1783545802\n|move|p1a: Regigigas|Knock Off|p2a: Dusknoir\n|-supereffective|p2a: Dusknoir\n|-damage|p2a: Dusknoir|61/225\n|move|p2a: Dusknoir|Pain Split||[still]\n|-fail|p2a: Dusknoir\n|\n|-heal|p1a: Regigigas|48/100 brn|[from] item: Leftovers\n|-damage|p1a: Regigigas|42/100 brn|[from] brn\n|upkeep\n|turn|19\n|inactive|Time left: 300 sec this turn | 300 sec total\n|\n|t:|1783545803\n|move|p1a: Regigigas|Knock Off|p2a: Dusknoir\n|-supereffective|p2a: Dusknoir\n|-damage|p2a: Dusknoir|14/225\n|move|p2a: Dusknoir|Pain Split||[still]\n|-fail|p2a: Dusknoir\n|\n|-heal|p1a: Regigigas|48/100 brn|[from] item: Leftovers\n|-damage|p1a: Regigigas|42/100 brn|[from] brn\n|upkeep\n|turn|20\n|inactive|Time left: 300 sec this turn | 300 sec total\n|\n|t:|1783545804\n|move|p1a: Regigigas|Knock Off|p2a: Dusknoir\n|-supereffective|p2a: Dusknoir\n|-damage|p2a: Dusknoir|0 fnt\n|faint|p2a: Dusknoir\n|\n|-heal|p1a: Regigigas|48/100 brn|[from] item: Leftovers\n|-damage|p1a: Regigigas|42/100 brn|[from] brn\n|upkeep\n|inactive|Time left: 300 sec this turn | 300 sec total | 5 sec grace\n|\n|t:|1783545805\n|switch|p2a: Duraludon|Duraludon, L82, F|118/249\n|-damage|p2a: Duraludon|77/249|[from] Spikes\n|turn|21\n|inactive|Time left: 300 sec this turn | 300 sec total\n|\n|t:|1783545806\n|move|p1a: Regigigas|Body Slam|p2a: Duraludon\n|-resisted|p2a: Duraludon\n|-damage|p2a: Duraludon|60/249\n|move|p2a: Duraludon|Iron Defense|p2a: Duraludon\n|-boost|p2a: Duraludon|def|2\n|\n|-heal|p1a: Regigigas|48/100 brn|[from] item: Leftovers\n|-damage|p1a: Regigigas|42/100 brn|[from] brn\n|upkeep\n|turn|22\n|inactive|Time left: 300 sec this turn | 300 sec total\n|\n|t:|1783545807\n|move|p1a: Regigigas|Body Slam|p2a: Duraludon\n|-resisted|p2a: Duraludon\n|-damage|p2a: Duraludon|51/249\n|move|p2a: Duraludon|Flash Cannon|p1a: Regigigas\n|-activate|p1a: Regigigas|move: Substitute|[damage]\n|\n|-heal|p1a: Regigigas|48/100 brn|[from] item: Leftovers\n|-damage|p1a: Regigigas|42/100 brn|[from] brn\n|upkeep\n|turn|23\n|inactive|Time left: 300 sec this turn | 300 sec total\n|\n|t:|1783545808\n|move|p1a: Regigigas|Knock Off|p2a: Duraludon\n|-damage|p2a: Duraludon|38/249\n|-enditem|p2a: Duraludon|Eviolite|[from] move: Knock Off|[of] p1a: Regigigas\n|move|p2a: Duraludon|Flash Cannon|p1a: Regigigas\n|-end|p1a: Regigigas|Substitute\n|\n|-heal|p1a: Regigigas|48/100 brn|[from] item: Leftovers\n|-damage|p1a: Regigigas|42/100 brn|[from] brn\n|upkeep\n|turn|24\n|inactive|Time left: 300 sec this turn | 300 sec total\n|\n|t:|1783545810\n|move|p1a: Regigigas|Substitute|p1a: Regigigas\n|-start|p1a: Regigigas|Substitute\n|-damage|p1a: Regigigas|17/100 brn\n|move|p2a: Duraludon|Body Press|p1a: Regigigas\n|-supereffective|p1a: Regigigas\n|-end|p1a: Regigigas|Substitute\n|\n|-heal|p1a: Regigigas|23/100 brn|[from] item: Leftovers\n|-damage|p1a: Regigigas|17/100 brn|[from] brn\n|upkeep\n|turn|25\n|inactive|Time left: 300 sec this turn | 300 sec total\n|\n|t:|1783545811\n|move|p1a: Regigigas|Body Slam|p2a: Duraludon\n|-resisted|p2a: Duraludon\n|-damage|p2a: Duraludon|26/249\n|-status|p2a: Duraludon|par\n|move|p2a: Duraludon|Iron Defense|p2a: Duraludon\n|-boost|p2a: Duraludon|def|2\n|\n|-heal|p1a: Regigigas|23/100 brn|[from] item: Leftovers\n|-damage|p1a: Regigigas|17/100 brn|[from] brn\n|upkeep\n|turn|26\n|inactive|Time left: 300 sec this turn | 300 sec total\n|\n|t:|1783545812\n|switch|p1a: Salazzle|Salazzle, L83, F|100/100\n|cant|p2a: Duraludon|par\n|\n|upkeep\n|turn|27\n|inactive|Time left: 300 sec this turn | 300 sec total\n|\n|t:|1783545813\n|move|p1a: Salazzle|Tera Blast|p2a: Duraludon\n|-resisted|p2a: Duraludon\n|-damage|p2a: Duraludon|0 fnt\n|faint|p2a: Duraludon\n|\n|upkeep\n|inactive|Time left: 300 sec this turn | 300 sec total | 5 sec grace\n|\n|t:|1783545814\n|switch|p2a: Toxicroak|Toxicroak, L84, M|277/277\n|-damage|p2a: Toxicroak|231/277|[from] Spikes\n|turn|28\n|inactive|Time left: 300 sec this turn | 300 sec total\n|\n|t:|1783545815\n|move|p1a: Salazzle|Fire Blast|p2a: Toxicroak\n|-damage|p2a: Toxicroak|45/277\n|move|p2a: Toxicroak|Earthquake|p1a: Salazzle\n|-supereffective|p1a: Salazzle\n|-damage|p1a: Salazzle|0 fnt\n|faint|p1a: Salazzle\n|-damage|p2a: Toxicroak|18/277|[from] item: Life Orb\n|\n|upkeep\n|\n|t:|1783545816\n|switch|p1a: Iron Leaves|Iron Leaves, L80|100/100\n|turn|29\n|inactive|Time left: 300 sec this turn | 300 sec total\n|\n|t:|1783545817\n|switch|p2a: Ambipom|Ambipom, L84, F|64/263\n|-damage|p2a: Ambipom|21/263|[from] Spikes\n|move|p1a: Iron Leaves|Leaf Blade|p2a: Ambipom\n|-damage|p2a: Ambipom|0 fnt\n|faint|p2a: Ambipom\n|\n|upkeep\n|inactive|Time left: 300 sec this turn | 300 sec total | 5 sec grace\n|\n|t:|1783545818\n|switch|p2a: Ditto|Ditto, L87|225/225\n|-damage|p2a: Ditto|188/225|[from] Spikes\n|-transform|p2a: Ditto|p1a: Iron Leaves|[from] ability: Imposter\n|turn|30\n|inactive|Time left: 300 sec this turn | 300 sec total\n|\n|t:|1783545819\n|move|p2a: Ditto|Megahorn|p1a: Iron Leaves\n|-supereffective|p1a: Iron Leaves\n|-damage|p1a: Iron Leaves|0 fnt\n|faint|p1a: Iron Leaves\n|-end|p1a: Iron Leaves|Quark Drive|[silent]\n|\n|upkeep\n|\n|t:|1783545820\n|switch|p1a: Feraligatr|Feraligatr, L79, F|100/100\n|turn|31\n|inactive|Time left: 300 sec this turn | 300 sec total\n|\n|t:|1783545821\n|-terastallize|p2a: Ditto|Ghost\n|move|p2a: Ditto|Megahorn|p1a: Feraligatr|[miss]\n|-miss|p2a: Ditto|p1a: Feraligatr\n|move|p1a: Feraligatr|Dragon Dance|p1a: Feraligatr\n|-boost|p1a: Feraligatr|atk|1\n|-boost|p1a: Feraligatr|spe|1\n|\n|upkeep\n|turn|32\n|inactive|Time left: 300 sec this turn | 300 sec total\n|\n|t:|1783545822\n|move|p2a: Ditto|Megahorn|p1a: Feraligatr\n|-crit|p1a: Feraligatr\n|-damage|p1a: Feraligatr|40/100\n|move|p1a: Feraligatr|Crunch|p2a: Ditto\n|-supereffective|p2a: Ditto\n|-damage|p2a: Ditto|0 fnt\n|faint|p2a: Ditto\n|-end|p2a: Ditto|Quark Drive|[silent]\n|\n|upkeep\n|inactive|Time left: 300 sec this turn | 300 sec total | 5 sec grace\n|\n|t:|1783545822\n|switch|p2a: Toxicroak|Toxicroak, L84, M|18/277\n|-damage|p2a: Toxicroak|0 fnt|[from] Spikes\n|faint|p2a: Toxicroak\n|\n|win|p0x578e57f", "uploadtime": 1783545822, "views": 0, "rating": 0, "private": 0, "password": null, "_winner": "p0x578e57f", "_our_name": "p0y5788d92"}