{"id": "battle-gen9randombattle-2172", "formatid": "gen9randombattle", "format": "[Gen 9] Random Battle", "players": ["p0x2172aad8", "p0y217215e3"], "log": "|init|battle\n|title|p0x2172aad8 vs. p0y217215e3\n|j|\u2606p0x2172aad8\n|j|\u2606p0y217215e3\n|t:|1783565159\n|gametype|singles\n|player|p1|p0x2172aad8|169|\n|player|p2|p0y217215e3|102|\n|gen|9\n|tier|[Gen 9] Random Battle\n|rule|Species Clause: Limit one of each Pok\u00e9mon\n|rule|HP Percentage Mod: HP is shown in percentages\n|rule|Sleep Clause Mod: Limit one foe put to sleep\n|rule|Illusion Level Mod: Illusion disguises the Pok\u00e9mon's true level\n|\n|t:|1783565159\n|teamsize|p1|6\n|teamsize|p2|6\n|start\n|switch|p1a: Milotic|Milotic, L83, M|100/100\n|switch|p2a: Dragapult|Dragapult, L77, M|262/262\n|turn|1\n|inactive|Battle timer is ON: inactive players will automatically lose when time's up. (requested by p0x2172aad8)\n|inactive|Time left: 300 sec this turn | 300 sec total | 60 sec grace\n|inactive|p0y217215e3 also wants the timer to be on.\n|\n|t:|1783565161\n|move|p2a: Dragapult|U-turn|p1a: Milotic\n|-damage|p1a: Milotic|83/100\n|inactive|Time left: 300 sec this turn | 300 sec total | 65 sec grace\n|\n|t:|1783565162\n|switch|p2a: Goodra|Goodra, L85, M|292/292|[from] U-turn\n|move|p1a: Milotic|Ice Beam|p2a: Goodra\n|-supereffective|p2a: Goodra\n|-damage|p2a: Goodra|234/292\n|-status|p2a: Goodra|frz\n|\n|-heal|p1a: Milotic|89/100|[from] item: Leftovers\n|upkeep\n|turn|2\n|inactive|Time left: 300 sec this turn | 300 sec total\n|\n|t:|1783565163\n|cant|p2a: Goodra|frz\n|move|p1a: Milotic|Ice Beam|p2a: Goodra\n|-supereffective|p2a: Goodra\n|-damage|p2a: Goodra|182/292 frz\n|\n|-heal|p1a: Milotic|95/100|[from] item: Leftovers\n|upkeep\n|turn|3\n|inactive|Time left: 300 sec this turn | 300 sec total\n|\n|t:|1783565164\n|switch|p1a: Yanmega|Yanmega, L82, M|100/100\n|cant|p2a: Goodra|frz\n|\n|upkeep\n|turn|4\n|inactive|Time left: 300 sec this turn | 300 sec total\n|\n|t:|1783565165\n|move|p1a: Yanmega|Air Slash|p2a: Goodra|[miss]\n|-miss|p1a: Yanmega|p2a: Goodra\n|-curestatus|p2a: Goodra|frz|[msg]\n|move|p2a: Goodra|Sludge Bomb|p1a: Yanmega\n|-damage|p1a: Yanmega|60/100\n|\n|-ability|p1a: Yanmega|Speed Boost|boost\n|-boost|p1a: Yanmega|spe|1\n|upkeep\n|turn|5\n|inactive|Time left: 300 sec this turn | 300 sec total\n|\n|t:|1783565167\n|move|p1a: Yanmega|Protect|p1a: Yanmega\n|-singleturn|p1a: Yanmega|Protect\n|move|p2a: Goodra|Fire Blast|p1a: Yanmega\n|-activate|p1a: Yanmega|move: Protect\n|\n|-ability|p1a: Yanmega|Speed Boost|boost\n|-boost|p1a: Yanmega|spe|1\n|upkeep\n|turn|6\n|inactive|Time left: 300 sec this turn | 300 sec total\n|\n|t:|1783565168\n|move|p1a: Yanmega|Air Slash|p2a: Goodra\n|-damage|p2a: Goodra|142/292\n|cant|p2a: Goodra|flinch\n|\n|-ability|p1a: Yanmega|Speed Boost|boost\n|-boost|p1a: Yanmega|spe|1\n|upkeep\n|turn|7\n|inactive|Time left: 300 sec this turn | 300 sec total\n|\n|t:|1783565169\n|move|p1a: Yanmega|Protect|p1a: Yanmega\n|-singleturn|p1a: Yanmega|Protect\n|move|p2a: Goodra|Fire Blast|p1a: Yanmega\n|-activate|p1a: Yanmega|move: Protect\n|\n|-ability|p1a: Yanmega|Speed Boost|boost\n|-boost|p1a: Yanmega|spe|1\n|upkeep\n|turn|8\n|inactive|Time left: 300 sec this turn | 300 sec total\n|\n|t:|1783565170\n|move|p1a: Yanmega|Air Slash|p2a: Goodra\n|-damage|p2a: Goodra|102/292\n|cant|p2a: Goodra|flinch\n|\n|-ability|p1a: Yanmega|Speed Boost|boost\n|-boost|p1a: Yanmega|spe|1\n|upkeep\n|turn|9\n|inactive|Time left: 300 sec this turn | 300 sec total\n|\n|t:|1783565171\n|move|p1a: Yanmega|Protect|p1a: Yanmega\n|-singleturn|p1a: Yanmega|Protect\n|move|p2a: Goodra|Fire Blast|p1a: Yanmega\n|-activate|p1a: Yanmega|move: Protect\n|\n|-ability|p1a: Yanmega|Speed Boost|boost\n|-boost|p1a: Yanmega|spe|1\n|upkeep\n|turn|10\n|inactive|Time left: 300 sec this turn | 300 sec total\n|\n|t:|1783565172\n|move|p1a: Yanmega|Air Slash|p2a: Goodra\n|-damage|p2a: Goodra|66/292\n|move|p2a: Goodra|Fire Blast|p1a: Yanmega\n|-supereffective|p1a: Yanmega\n|-damage|p1a: Yanmega|0 fnt\n|faint|p1a: Yanmega\n|\n|upkeep\n|\n|t:|1783565173\n|switch|p1a: Infernape|Infernape, L82, F|100/100\n|turn|11\n|inactive|Time left: 300 sec this turn | 300 sec total\n|\n|t:|1783565174\n|move|p1a: Infernape|Flare Blitz|p2a: Goodra\n|-resisted|p2a: Goodra\n|-damage|p2a: Goodra|0 fnt\n|faint|p2a: Goodra\n|-damage|p1a: Infernape|92/100|[from] Recoil\n|\n|upkeep\n|inactive|Time left: 300 sec this turn | 300 sec total | 5 sec grace\n|\n|t:|1783565175\n|switch|p2a: Braviary|Braviary-Hisui, L85, M|326/326\n|turn|12\n|inactive|Time left: 300 sec this turn | 300 sec total\n|\n|t:|1783565177\n|move|p1a: Infernape|Flare Blitz|p2a: Braviary\n|-damage|p2a: Braviary|92/326\n|-damage|p1a: Infernape|62/100|[from] Recoil\n|move|p2a: Braviary|Hurricane|p1a: Infernape\n|-supereffective|p1a: Infernape\n|-damage|p1a: Infernape|0 fnt\n|faint|p1a: Infernape\n|\n|upkeep\n|\n|t:|1783565177\n|switch|p1a: Lapras|Lapras, L87, M|100/100\n|turn|13\n|inactive|Time left: 300 sec this turn | 300 sec total\n|\n|t:|1783565178\n|move|p2a: Braviary|Roost|p2a: Braviary\n|-heal|p2a: Braviary|255/326\n|-singleturn|p2a: Braviary|move: Roost\n|move|p1a: Lapras|Freeze-Dry|p2a: Braviary\n|-damage|p2a: Braviary|138/326\n|\n|upkeep\n|turn|14\n|inactive|Time left: 300 sec this turn | 300 sec total\n|\n|t:|1783565179\n|move|p2a: Braviary|Roost|p2a: Braviary\n|-heal|p2a: Braviary|301/326\n|-singleturn|p2a: Braviary|move: Roost\n|move|p1a: Lapras|Freeze-Dry|p2a: Braviary\n|-damage|p2a: Braviary|180/326\n|\n|upkeep\n|turn|15\n|inactive|Time left: 300 sec this turn | 300 sec total\n|\n|t:|1783565180\n|move|p2a: Braviary|Roost|p2a: Braviary\n|-heal|p2a: Braviary|326/326\n|-singleturn|p2a: Braviary|move: Roost\n|move|p1a: Lapras|Freeze-Dry|p2a: Braviary\n|-damage|p2a: Braviary|209/326\n|\n|upkeep\n|turn|16\n|inactive|Time left: 300 sec this turn | 300 sec total\n|\n|t:|1783565181\n|move|p2a: Braviary|Roost|p2a: Braviary\n|-heal|p2a: Braviary|326/326\n|-singleturn|p2a: Braviary|move: Roost\n|move|p1a: Lapras|Freeze-Dry|p2a: Braviary\n|-crit|p2a: Braviary\n|-damage|p2a: Braviary|145/326\n|\n|upkeep\n|turn|17\n|inactive|Time left: 300 sec this turn | 300 sec total\n|\n|t:|1783565182\n|move|p2a: Braviary|Roost|p2a: Braviary\n|-heal|p2a: Braviary|308/326\n|-singleturn|p2a: Braviary|move: Roost\n|move|p1a: Lapras|Freeze-Dry|p2a: Braviary\n|-damage|p2a: Braviary|175/326\n|\n|upkeep\n|turn|18\n|inactive|Time left: 300 sec this turn | 300 sec total\n|\n|t:|1783565183\n|move|p2a: Braviary|Roost|p2a: Braviary\n|-heal|p2a: Braviary|326/326\n|-singleturn|p2a: Braviary|move: Roost\n|move|p1a: Lapras|Freeze-Dry|p2a: Braviary\n|-damage|p2a: Braviary|193/326\n|\n|upkeep\n|turn|19\n|inactive|Time left: 300 sec this turn | 300 sec total\n|\n|t:|1783565184\n|move|p2a: Braviary|Roost|p2a: Braviary\n|-heal|p2a: Braviary|326/326\n|-singleturn|p2a: Braviary|move: Roost\n|move|p1a: Lapras|Freeze-Dry|p2a: Braviary\n|-damage|p2a: Braviary|202/326\n|\n|upkeep\n|turn|20\n|inactive|Time left: 300 sec this turn | 300 sec total\n|\n|t:|1783565185\n|move|p2a: Braviary|Roost|p2a: Braviary\n|-heal|p2a: Braviary|326/326\n|-singleturn|p2a: Braviary|move: Roost\n|move|p1a: Lapras|Freeze-Dry|p2a: Braviary\n|-damage|p2a: Braviary|206/326\n|\n|upkeep\n|turn|21\n|inactive|Time left: 300 sec this turn | 300 sec total\n|\n|t:|1783565186\n|-terastallize|p2a: Braviary|Steel\n|move|p2a: Braviary|Esper Wing|p1a: Lapras\n|-damage|p1a: Lapras|75/100\n|-boost|p2a: Braviary|spe|1\n|move|p1a: Lapras|Freeze-Dry|p2a: Braviary\n|-resisted|p2a: Braviary\n|-damage|p2a: Braviary|146/326\n|\n|upkeep\n|turn|22\n|inactive|Time left: 300 sec this turn | 300 sec total\n|\n|t:|1783565187\n|move|p2a: Braviary|Esper Wing|p1a: Lapras\n|-damage|p1a: Lapras|50/100\n|-boost|p2a: Braviary|spe|1\n|move|p1a: Lapras|Freeze-Dry|p2a: Braviary\n|-resisted|p2a: Braviary\n|-damage|p2a: Braviary|83/326\n|\n|upkeep\n|turn|23\n|inactive|Time left: 300 sec this turn | 300 sec total\n|\n|t:|1783565188\n|move|p2a: Braviary|Hurricane|p1a: Lapras|[miss]\n|-miss|p2a: Braviary|p1a: Lapras\n|move|p1a: Lapras|Freeze-Dry|p2a: Braviary\n|-resisted|p2a: Braviary\n|-damage|p2a: Braviary|16/326\n|\n|upkeep\n|turn|24\n|inactive|Time left: 300 sec this turn | 300 sec total\n|\n|t:|1783565189\n|move|p2a: Braviary|Hurricane|p1a: Lapras\n|-damage|p1a: Lapras|18/100\n|-start|p1a: Lapras|confusion\n|-activate|p1a: Lapras|confusion\n|-damage|p1a: Lapras|11/100|[from] confusion\n|\n|upkeep\n|turn|25\n|inactive|Time left: 300 sec this turn | 300 sec total\n|\n|t:|1783565190\n|switch|p1a: Milotic|Milotic, L83, M|95/100\n|move|p2a: Braviary|Hurricane|p1a: Milotic\n|-damage|p1a: Milotic|61/100\n|\n|-heal|p1a: Milotic|67/100|[from] item: Leftovers\n|upkeep\n|turn|26\n|inactive|Time left: 300 sec this turn | 300 sec total\n|\n|t:|1783565191\n|move|p2a: Braviary|Hurricane|p1a: Milotic\n|-damage|p1a: Milotic|33/100\n|move|p1a: Milotic|Ice Beam|p2a: Braviary\n|-resisted|p2a: Braviary\n|-damage|p2a: Braviary|0 fnt\n|faint|p2a: Braviary\n|\n|-heal|p1a: Milotic|39/100|[from] item: Leftovers\n|upkeep\n|inactive|Time left: 300 sec this turn | 300 sec total | 5 sec grace\n|\n|t:|1783565192\n|switch|p2a: Kricketune|Kricketune, L99, F|312/312\n|turn|27\n|inactive|Time left: 300 sec this turn | 300 sec total\n|\n|t:|1783565193\n|move|p2a: Kricketune|Knock Off|p1a: Milotic\n|-damage|p1a: Milotic|5/100\n|-enditem|p1a: Milotic|Leftovers|[from] move: Knock Off|[of] p2a: Kricketune\n|move|p1a: Milotic|Recover|p1a: Milotic\n|-heal|p1a: Milotic|55/100\n|\n|upkeep\n|turn|28\n|inactive|Time left: 300 sec this turn | 300 sec total\n|\n|t:|1783565194\n|move|p2a: Kricketune|Sticky Web|p1a: Milotic\n|-sidestart|p1: p0x2172aad8|move: Sticky Web\n|move|p1a: Milotic|Scald|p2a: Kricketune\n|-damage|p2a: Kricketune|197/312\n|\n|upkeep\n|turn|29\n|inactive|Time left: 300 sec this turn | 300 sec total\n|\n|t:|1783565195\n|move|p2a: Kricketune|Knock Off|p1a: Milotic\n|-damage|p1a: Milotic|34/100\n|move|p1a: Milotic|Recover|p1a: Milotic\n|-heal|p1a: Milotic|84/100\n|\n|upkeep\n|turn|30\n|inactive|Time left: 300 sec this turn | 300 sec total\n|\n|t:|1783565196\n|switch|p2a: Klefki|Klefki, L84, M|233/233\n|move|p1a: Milotic|Scald|p2a: Klefki\n|-damage|p2a: Klefki|149/233\n|-status|p2a: Klefki|brn\n|\n|-heal|p2a: Klefki|163/233 brn|[from] item: Leftovers\n|-damage|p2a: Klefki|149/233 brn|[from] brn\n|upkeep\n|turn|31\n|inactive|Time left: 300 sec this turn | 300 sec total\n|\n|t:|1783565197\n|move|p2a: Klefki|Thunder Wave|p1a: Milotic\n|-status|p1a: Milotic|par\n|cant|p1a: Milotic|par\n|\n|-heal|p2a: Klefki|163/233 brn|[from] item: Leftovers\n|-damage|p2a: Klefki|149/233 brn|[from] brn\n|upkeep\n|turn|32\n|inactive|Time left: 300 sec this turn | 300 sec total\n|\n|t:|1783565198\n|move|p2a: Klefki|Dazzling Gleam|p1a: Milotic\n|-damage|p1a: Milotic|63/100 par\n|move|p1a: Milotic|Scald|p2a: Klefki\n|-damage|p2a: Klefki|55/233 brn\n|\n|-heal|p2a: Klefki|69/233 brn|[from] item: Leftovers\n|-damage|p2a: Klefki|55/233 brn|[from] brn\n|upkeep\n|turn|33\n|inactive|Time left: 300 sec this turn | 300 sec total\n|\n|t:|1783565199\n|move|p2a: Klefki|Spikes|p1a: Milotic\n|-sidestart|p1: p0x2172aad8|Spikes\n|cant|p1a: Milotic|par\n|\n|-heal|p2a: Klefki|69/233 brn|[from] item: Leftovers\n|-damage|p2a: Klefki|55/233 brn|[from] brn\n|upkeep\n|turn|34\n|inactive|Time left: 300 sec this turn | 300 sec total\n|\n|t:|1783565201\n|move|p2a: Klefki|Spikes|p1a: Milotic\n|-sidestart|p1: p0x2172aad8|Spikes\n|move|p1a: Milotic|Scald|p2a: Klefki\n|-damage|p2a: Klefki|0 fnt\n|faint|p2a: Klefki\n|\n|upkeep\n|inactive|Time left: 300 sec this turn | 300 sec total | 5 sec grace\n|\n|t:|1783565202\n|switch|p2a: Skeledirge|Skeledirge, L79, F|294/294\n|turn|35\n|inactive|Time left: 300 sec this turn | 300 sec total\n|\n|t:|1783565203\n|move|p2a: Skeledirge|Torch Song|p1a: Milotic\n|-resisted|p1a: Milotic\n|-damage|p1a: Milotic|53/100 par\n|-boost|p2a: Skeledirge|spa|1\n|move|p1a: Milotic|Scald|p2a: Skeledirge\n|-supereffective|p2a: Skeledirge\n|-damage|p2a: Skeledirge|76/294\n|\n|upkeep\n|turn|36\n|inactive|Time left: 300 sec this turn | 300 sec total\n|\n|t:|1783565204\n|move|p2a: Skeledirge|Slack Off|p2a: Skeledirge\n|-heal|p2a: Skeledirge|223/294\n|move|p1a: Milotic|Scald|p2a: Skeledirge\n|-supereffective|p2a: Skeledirge\n|-crit|p2a: Skeledirge\n|-damage|p2a: Skeledirge|0 fnt\n|faint|p2a: Skeledirge\n|\n|upkeep\n|inactive|Time left: 300 sec this turn | 300 sec total | 5 sec grace\n|\n|t:|1783565205\n|switch|p2a: Dragapult|Dragapult, L77, M|262/262\n|turn|37\n|inactive|Time left: 300 sec this turn | 300 sec total\n|\n|t:|1783565206\n|move|p2a: Dragapult|Shadow Ball|p1a: Milotic\n|-damage|p1a: Milotic|24/100 par\n|move|p1a: Milotic|Recover|p1a: Milotic\n|-heal|p1a: Milotic|74/100 par\n|\n|upkeep\n|turn|38\n|inactive|Time left: 300 sec this turn | 300 sec total\n|\n|t:|1783565207\n|move|p2a: Dragapult|Shadow Ball|p1a: Milotic\n|-damage|p1a: Milotic|46/100 par\n|move|p1a: Milotic|Ice Beam|p2a: Dragapult\n|-supereffective|p2a: Dragapult\n|-damage|p2a: Dragapult|112/262\n|\n|upkeep\n|turn|39\n|inactive|Time left: 300 sec this turn | 300 sec total\n|\n|t:|1783565208\n|move|p2a: Dragapult|Shadow Ball|p1a: Milotic\n|-damage|p1a: Milotic|18/100 par\n|move|p1a: Milotic|Recover|p1a: Milotic\n|-heal|p1a: Milotic|68/100 par\n|\n|upkeep\n|turn|40\n|inactive|Time left: 300 sec this turn | 300 sec total\n|\n|t:|1783565209\n|switch|p2a: Kricketune|Kricketune, L99, F|197/312\n|move|p1a: Milotic|Ice Beam|p2a: Kricketune\n|-damage|p2a: Kricketune|117/312\n|\n|upkeep\n|turn|41\n|inactive|Time left: 300 sec this turn | 300 sec total\n|\n|t:|1783565210\n|move|p2a: Kricketune|Knock Off|p1a: Milotic\n|-damage|p1a: Milotic|48/100 par\n|move|p1a: Milotic|Scald|p2a: Kricketune\n|-damage|p2a: Kricketune|18/312\n|-status|p2a: Kricketune|brn\n|\n|-damage|p2a: Kricketune|0 fnt|[from] brn\n|faint|p2a: Kricketune\n|upkeep\n|inactive|Time left: 300 sec this turn | 300 sec total | 5 sec grace\n|\n|t:|1783565211\n|switch|p2a: Dragapult|Dragapult, L77, M|112/262\n|turn|42\n|inactive|Time left: 300 sec this turn | 300 sec total\n|\n|t:|1783565212\n|move|p2a: Dragapult|Shadow Ball|p1a: Milotic\n|-damage|p1a: Milotic|17/100 par\n|cant|p1a: Milotic|par\n|\n|upkeep\n|turn|43\n|inactive|Time left: 300 sec this turn | 300 sec total\n|\n|t:|1783565213\n|move|p2a: Dragapult|Shadow Ball|p1a: Milotic\n|-damage|p1a: Milotic|0 fnt\n|faint|p1a: Milotic\n|\n|upkeep\n|\n|t:|1783565214\n|switch|p1a: Lapras|Lapras, L87, M|11/100\n|-activate|p1a: Lapras|move: Sticky Web\n|-unboost|p1a: Lapras|spe|1\n|-damage|p1a: Lapras|0 fnt|[from] Spikes\n|faint|p1a: Lapras\n|\n|t:|1783565215\n|switch|p1a: Palossand|Palossand, L89, M|100/100\n|-activate|p1a: Palossand|move: Sticky Web\n|-unboost|p1a: Palossand|spe|1\n|-damage|p1a: Palossand|84/100|[from] Spikes\n|turn|44\n|inactive|Time left: 300 sec this turn | 300 sec total\n|\n|t:|1783565216\n|-terastallize|p1a: Palossand|Poison\n|move|p2a: Dragapult|Shadow Ball|p1a: Palossand\n|-damage|p1a: Palossand|43/100\n|move|p1a: Palossand|Earth Power|p2a: Dragapult\n|-damage|p2a: Dragapult|0 fnt\n|faint|p2a: Dragapult\n|\n|win|p0x2172aad8", "uploadtime": 1783565216, "views": 0, "rating": 0, "private": 0, "password": null, "_winner": "p0x2172aad8", "_our_name": "p0y217215e3"}