{"id": "battle-gen9randombattle-1004", "formatid": "gen9randombattle", "format": "[Gen 9] Random Battle", "players": ["p0x100466d3", "p0y10046248"], "log": "|init|battle\n|title|p0x100466d3 vs. p0y10046248\n|j|\u2606p0x100466d3\n|j|\u2606p0y10046248\n|t:|1783550824\n|gametype|singles\n|player|p1|p0x100466d3|1|\n|player|p2|p0y10046248|265|\n|gen|9\n|tier|[Gen 9] Random Battle\n|rule|Species Clause: Limit one of each Pok\u00e9mon\n|rule|HP Percentage Mod: HP is shown in percentages\n|rule|Sleep Clause Mod: Limit one foe put to sleep\n|rule|Illusion Level Mod: Illusion disguises the Pok\u00e9mon's true level\n|\n|t:|1783550824\n|teamsize|p1|6\n|teamsize|p2|6\n|start\n|switch|p1a: Emboar|Emboar, L84, F|100/100\n|switch|p2a: Emboar|Emboar, L84, M|322/322\n|turn|1\n|inactive|Battle timer is ON: inactive players will automatically lose when time's up. (requested by p0y10046248)\n|\n|t:|1783550824\n|move|p2a: Emboar|Bulk Up|p2a: Emboar\n|-boost|p2a: Emboar|atk|1\n|-boost|p2a: Emboar|def|1\n|move|p1a: Emboar|Drain Punch|p2a: Emboar\n|-damage|p2a: Emboar|237/322\n|\n|-heal|p2a: Emboar|257/322|[from] item: Leftovers\n|upkeep\n|turn|2\n|inactive|Time left: 300 sec this turn | 300 sec total\n|inactive|p0x100466d3 also wants the timer to be on.\n|\n|t:|1783550826\n|move|p2a: Emboar|Drain Punch|p1a: Emboar\n|-damage|p1a: Emboar|41/100\n|-heal|p2a: Emboar|322/322|[from] drain|[of] p1a: Emboar\n|move|p1a: Emboar|Bulk Up|p1a: Emboar\n|-boost|p1a: Emboar|atk|1\n|-boost|p1a: Emboar|def|1\n|\n|-heal|p1a: Emboar|47/100|[from] item: Leftovers\n|upkeep\n|turn|3\n|inactive|Time left: 300 sec this turn | 300 sec total\n|\n|t:|1783550826\n|move|p1a: Emboar|Drain Punch|p2a: Emboar\n|-damage|p2a: Emboar|202/322\n|-heal|p1a: Emboar|65/100|[from] drain|[of] p2a: Emboar\n|move|p2a: Emboar|Drain Punch|p1a: Emboar\n|-damage|p1a: Emboar|31/100\n|-heal|p2a: Emboar|258/322|[from] drain|[of] p1a: Emboar\n|\n|-heal|p1a: Emboar|37/100|[from] item: Leftovers\n|-heal|p2a: Emboar|278/322|[from] item: Leftovers\n|upkeep\n|turn|4\n|inactive|Time left: 300 sec this turn | 300 sec total\n|\n|t:|1783550827\n|move|p2a: Emboar|Drain Punch|p1a: Emboar\n|-damage|p1a: Emboar|0 fnt\n|-heal|p2a: Emboar|322/322|[from] drain|[of] p1a: Emboar\n|faint|p1a: Emboar\n|\n|upkeep\n|\n|t:|1783550829\n|switch|p1a: Flapple|Flapple, L88, M|100/100\n|turn|5\n|inactive|Time left: 300 sec this turn | 300 sec total\n|\n|t:|1783550830\n|move|p1a: Flapple|Outrage|p2a: Emboar|[miss]\n|-miss|p1a: Flapple|p2a: Emboar\n|move|p2a: Emboar|Flare Blitz|p1a: Flapple\n|-crit|p1a: Flapple\n|-damage|p1a: Flapple|0 fnt\n|faint|p1a: Flapple\n|-damage|p2a: Emboar|234/322|[from] Recoil\n|\n|-heal|p2a: Emboar|254/322|[from] item: Leftovers\n|upkeep\n|\n|t:|1783550831\n|switch|p1a: Latios|Latios, L78, M|100/100\n|turn|6\n|inactive|Time left: 300 sec this turn | 300 sec total\n|\n|t:|1783550832\n|move|p1a: Latios|Psyshock|p2a: Emboar\n|-supereffective|p2a: Emboar\n|-damage|p2a: Emboar|66/322\n|move|p2a: Emboar|Drain Punch|p1a: Latios\n|-resisted|p1a: Latios\n|-damage|p1a: Latios|68/100\n|-heal|p2a: Emboar|107/322|[from] drain|[of] p1a: Latios\n|\n|-heal|p2a: Emboar|127/322|[from] item: Leftovers\n|upkeep\n|turn|7\n|inactive|Time left: 300 sec this turn | 300 sec total\n|\n|t:|1783550833\n|-terastallize|p2a: Emboar|Grass\n|move|p1a: Latios|Psyshock|p2a: Emboar\n|-damage|p2a: Emboar|40/322\n|move|p2a: Emboar|Drain Punch|p1a: Latios\n|-resisted|p1a: Latios\n|-damage|p1a: Latios|36/100\n|-heal|p2a: Emboar|81/322|[from] drain|[of] p1a: Latios\n|\n|-heal|p2a: Emboar|101/322|[from] item: Leftovers\n|upkeep\n|turn|8\n|inactive|Time left: 300 sec this turn | 300 sec total\n|\n|t:|1783550835\n|move|p1a: Latios|Draco Meteor|p2a: Emboar\n|-damage|p2a: Emboar|0 fnt\n|-unboost|p1a: Latios|spa|2\n|faint|p2a: Emboar\n|\n|upkeep\n|inactive|Time left: 300 sec this turn | 300 sec total | 5 sec grace\n|\n|t:|1783550836\n|switch|p2a: Oricorio|Oricorio-Sensu, L85, M|266/266\n|turn|9\n|inactive|Time left: 300 sec this turn | 300 sec total\n|\n|t:|1783550837\n|switch|p1a: Furret|Furret, L94, M|100/100\n|-item|p2a: Oricorio|Heavy-Duty Boots|[from] ability: Frisk|[of] p1a: Furret\n|move|p2a: Oricorio|Quiver Dance|p2a: Oricorio\n|-boost|p2a: Oricorio|spa|1\n|-boost|p2a: Oricorio|spd|1\n|-boost|p2a: Oricorio|spe|1\n|\n|upkeep\n|turn|10\n|inactive|Time left: 300 sec this turn | 300 sec total\n|\n|t:|1783550838\n|move|p2a: Oricorio|Hurricane|p1a: Furret|[miss]\n|-miss|p2a: Oricorio|p1a: Furret\n|move|p1a: Furret|Knock Off|p2a: Oricorio\n|-supereffective|p2a: Oricorio\n|-damage|p2a: Oricorio|28/266\n|-enditem|p2a: Oricorio|Heavy-Duty Boots|[from] move: Knock Off|[of] p1a: Furret\n|\n|upkeep\n|turn|11\n|inactive|Time left: 300 sec this turn | 300 sec total\n|\n|t:|1783550839\n|move|p2a: Oricorio|Hurricane|p1a: Furret\n|-crit|p1a: Furret\n|-damage|p1a: Furret|0 fnt\n|faint|p1a: Furret\n|\n|upkeep\n|\n|t:|1783550840\n|switch|p1a: Whimsicott|Whimsicott, L84, F|100/100\n|turn|12\n|inactive|Time left: 300 sec this turn | 300 sec total\n|\n|t:|1783550841\n|move|p2a: Oricorio|Roost|p2a: Oricorio\n|-heal|p2a: Oricorio|161/266\n|-singleturn|p2a: Oricorio|move: Roost\n|move|p1a: Whimsicott|Moonblast|p2a: Oricorio\n|-crit|p2a: Oricorio\n|-damage|p2a: Oricorio|23/266\n|\n|upkeep\n|turn|13\n|inactive|Time left: 300 sec this turn | 300 sec total\n|\n|t:|1783550842\n|move|p1a: Whimsicott|Encore|p2a: Oricorio\n|-start|p2a: Oricorio|Encore\n|move|p2a: Oricorio|Roost|p2a: Oricorio\n|-heal|p2a: Oricorio|156/266\n|-singleturn|p2a: Oricorio|move: Roost\n|\n|upkeep\n|turn|14\n|inactive|Time left: 300 sec this turn | 300 sec total\n|\n|t:|1783550843\n|switch|p1a: Flutter Mane|Flutter Mane, L74|100/100\n|move|p2a: Oricorio|Roost|p2a: Oricorio\n|-heal|p2a: Oricorio|266/266\n|-singleturn|p2a: Oricorio|move: Roost\n|\n|upkeep\n|turn|15\n|inactive|Time left: 300 sec this turn | 300 sec total\n|\n|t:|1783550844\n|switch|p2a: Swampert|Swampert, L83, M|302/302\n|move|p1a: Flutter Mane|Calm Mind|p1a: Flutter Mane\n|-boost|p1a: Flutter Mane|spa|1\n|-boost|p1a: Flutter Mane|spd|1\n|\n|upkeep\n|turn|16\n|inactive|Time left: 300 sec this turn | 300 sec total\n|\n|t:|1783550845\n|move|p1a: Flutter Mane|Calm Mind|p1a: Flutter Mane\n|-boost|p1a: Flutter Mane|spa|1\n|-boost|p1a: Flutter Mane|spd|1\n|move|p2a: Swampert|Earthquake|p1a: Flutter Mane\n|-damage|p1a: Flutter Mane|16/100\n|\n|upkeep\n|turn|17\n|inactive|Time left: 300 sec this turn | 300 sec total\n|\n|t:|1783550846\n|-terastallize|p1a: Flutter Mane|Fairy\n|move|p1a: Flutter Mane|Moonblast|p2a: Swampert\n|-damage|p2a: Swampert|0 fnt\n|faint|p2a: Swampert\n|-damage|p1a: Flutter Mane|6/100|[from] item: Life Orb\n|\n|upkeep\n|inactive|Time left: 300 sec this turn | 300 sec total | 5 sec grace\n|\n|t:|1783550847\n|switch|p2a: Volbeat|Volbeat, L90, M|263/263\n|turn|18\n|inactive|Time left: 300 sec this turn | 300 sec total\n|\n|t:|1783550848\n|move|p2a: Volbeat|Thunder Wave|p1a: Flutter Mane|[miss]\n|-miss|p2a: Volbeat|p1a: Flutter Mane\n|move|p1a: Flutter Mane|Moonblast|p2a: Volbeat\n|-damage|p2a: Volbeat|0 fnt\n|faint|p2a: Volbeat\n|-damage|p1a: Flutter Mane|0 fnt|[from] item: Life Orb\n|faint|p1a: Flutter Mane\n|-end|p1a: Flutter Mane|Protosynthesis|[silent]\n|\n|upkeep\n|inactive|Time left: 300 sec this turn | 300 sec total | 5 sec grace\n|\n|t:|1783550850\n|switch|p1a: Latios|Latios, L78, M|36/100\n|switch|p2a: Tornadus|Tornadus-Therian, L79, M|254/254\n|turn|19\n|inactive|Time left: 300 sec this turn | 300 sec total\n|\n|t:|1783550851\n|move|p2a: Tornadus|Bleakwind Storm|p1a: Latios\n|-damage|p1a: Latios|0 fnt\n|faint|p1a: Latios\n|\n|upkeep\n|\n|t:|1783550852\n|switch|p1a: Whimsicott|Whimsicott, L84, F|100/100\n|turn|20\n|inactive|Time left: 300 sec this turn | 300 sec total\n|\n|t:|1783550853\n|move|p1a: Whimsicott|Substitute|p1a: Whimsicott\n|-start|p1a: Whimsicott|Substitute\n|-damage|p1a: Whimsicott|76/100\n|move|p2a: Tornadus|Bleakwind Storm|p1a: Whimsicott\n|-supereffective|p1a: Whimsicott\n|-end|p1a: Whimsicott|Substitute\n|\n|-heal|p1a: Whimsicott|82/100|[from] item: Leftovers\n|upkeep\n|turn|21\n|inactive|Time left: 300 sec this turn | 300 sec total\n|\n|t:|1783550854\n|move|p1a: Whimsicott|Substitute|p1a: Whimsicott\n|-start|p1a: Whimsicott|Substitute\n|-damage|p1a: Whimsicott|57/100\n|move|p2a: Tornadus|Bleakwind Storm|p1a: Whimsicott|[miss]\n|-miss|p2a: Tornadus|p1a: Whimsicott\n|\n|-heal|p1a: Whimsicott|63/100|[from] item: Leftovers\n|upkeep\n|turn|22\n|inactive|Time left: 300 sec this turn | 300 sec total\n|\n|t:|1783550855\n|move|p1a: Whimsicott|Leech Seed|p2a: Tornadus\n|-start|p2a: Tornadus|move: Leech Seed\n|move|p2a: Tornadus|Heat Wave|p1a: Whimsicott\n|-supereffective|p1a: Whimsicott\n|-crit|p1a: Whimsicott\n|-end|p1a: Whimsicott|Substitute\n|\n|-heal|p1a: Whimsicott|69/100|[from] item: Leftovers\n|-damage|p2a: Tornadus|223/254|[from] Leech Seed|[of] p1a: Whimsicott\n|-heal|p1a: Whimsicott|82/100|[silent]\n|upkeep\n|turn|23\n|inactive|Time left: 300 sec this turn | 300 sec total\n|\n|t:|1783550856\n|move|p1a: Whimsicott|Substitute|p1a: Whimsicott\n|-start|p1a: Whimsicott|Substitute\n|-damage|p1a: Whimsicott|57/100\n|move|p2a: Tornadus|Bleakwind Storm|p1a: Whimsicott\n|-supereffective|p1a: Whimsicott\n|-end|p1a: Whimsicott|Substitute\n|\n|-heal|p1a: Whimsicott|63/100|[from] item: Leftovers\n|-damage|p2a: Tornadus|192/254|[from] Leech Seed|[of] p1a: Whimsicott\n|-heal|p1a: Whimsicott|76/100|[silent]\n|upkeep\n|turn|24\n|inactive|Time left: 300 sec this turn | 300 sec total\n|\n|t:|1783550857\n|move|p1a: Whimsicott|Substitute|p1a: Whimsicott\n|-start|p1a: Whimsicott|Substitute\n|-damage|p1a: Whimsicott|51/100\n|move|p2a: Tornadus|Bleakwind Storm|p1a: Whimsicott|[miss]\n|-miss|p2a: Tornadus|p1a: Whimsicott\n|\n|-heal|p1a: Whimsicott|57/100|[from] item: Leftovers\n|-damage|p2a: Tornadus|161/254|[from] Leech Seed|[of] p1a: Whimsicott\n|-heal|p1a: Whimsicott|70/100|[silent]\n|upkeep\n|turn|25\n|inactive|Time left: 300 sec this turn | 300 sec total\n|\n|t:|1783550858\n|switch|p2a: Oricorio|Oricorio-Sensu, L85, M|266/266\n|move|p1a: Whimsicott|Moonblast|p2a: Oricorio\n|-damage|p2a: Oricorio|167/266\n|\n|-heal|p1a: Whimsicott|76/100|[from] item: Leftovers\n|upkeep\n|turn|26\n|inactive|Time left: 300 sec this turn | 300 sec total\n|\n|t:|1783550859\n|move|p1a: Whimsicott|Moonblast|p2a: Oricorio\n|-damage|p2a: Oricorio|64/266\n|move|p2a: Oricorio|Quiver Dance|p2a: Oricorio\n|-boost|p2a: Oricorio|spa|1\n|-boost|p2a: Oricorio|spd|1\n|-boost|p2a: Oricorio|spe|1\n|\n|-heal|p1a: Whimsicott|82/100|[from] item: Leftovers\n|upkeep\n|turn|27\n|inactive|Time left: 300 sec this turn | 300 sec total\n|\n|t:|1783550860\n|switch|p2a: Tornadus|Tornadus-Therian, L79, M|245/254\n|move|p1a: Whimsicott|Encore||[still]\n|-fail|p1a: Whimsicott\n|\n|-heal|p1a: Whimsicott|87/100|[from] item: Leftovers\n|upkeep\n|turn|28\n|inactive|Time left: 300 sec this turn | 300 sec total\n|\n|t:|1783550861\n|move|p1a: Whimsicott|Leech Seed|p2a: Tornadus\n|-start|p2a: Tornadus|move: Leech Seed\n|move|p2a: Tornadus|Heat Wave|p1a: Whimsicott\n|-supereffective|p1a: Whimsicott\n|-end|p1a: Whimsicott|Substitute\n|\n|-heal|p1a: Whimsicott|93/100|[from] item: Leftovers\n|-damage|p2a: Tornadus|214/254|[from] Leech Seed|[of] p1a: Whimsicott\n|-heal|p1a: Whimsicott|100/100|[silent]\n|upkeep\n|turn|29\n|inactive|Time left: 300 sec this turn | 300 sec total\n|\n|t:|1783550862\n|move|p1a: Whimsicott|Substitute|p1a: Whimsicott\n|-start|p1a: Whimsicott|Substitute\n|-damage|p1a: Whimsicott|76/100\n|move|p2a: Tornadus|Bleakwind Storm|p1a: Whimsicott\n|-supereffective|p1a: Whimsicott\n|-end|p1a: Whimsicott|Substitute\n|\n|-heal|p1a: Whimsicott|82/100|[from] item: Leftovers\n|-damage|p2a: Tornadus|183/254|[from] Leech Seed|[of] p1a: Whimsicott\n|-heal|p1a: Whimsicott|95/100|[silent]\n|upkeep\n|turn|30\n|inactive|Time left: 300 sec this turn | 300 sec total\n|\n|t:|1783550863\n|move|p1a: Whimsicott|Substitute|p1a: Whimsicott\n|-start|p1a: Whimsicott|Substitute\n|-damage|p1a: Whimsicott|70/100\n|move|p2a: Tornadus|Bleakwind Storm|p1a: Whimsicott\n|-supereffective|p1a: Whimsicott\n|-end|p1a: Whimsicott|Substitute\n|\n|-heal|p1a: Whimsicott|76/100|[from] item: Leftovers\n|-damage|p2a: Tornadus|152/254|[from] Leech Seed|[of] p1a: Whimsicott\n|-heal|p1a: Whimsicott|89/100|[silent]\n|upkeep\n|turn|31\n|inactive|Time left: 300 sec this turn | 300 sec total\n|\n|t:|1783550864\n|move|p1a: Whimsicott|Substitute|p1a: Whimsicott\n|-start|p1a: Whimsicott|Substitute\n|-damage|p1a: Whimsicott|64/100\n|move|p2a: Tornadus|Bleakwind Storm|p1a: Whimsicott\n|-supereffective|p1a: Whimsicott\n|-crit|p1a: Whimsicott\n|-end|p1a: Whimsicott|Substitute\n|\n|-heal|p1a: Whimsicott|70/100|[from] item: Leftovers\n|-damage|p2a: Tornadus|121/254|[from] Leech Seed|[of] p1a: Whimsicott\n|-heal|p1a: Whimsicott|83/100|[silent]\n|upkeep\n|turn|32\n|inactive|Time left: 300 sec this turn | 300 sec total\n|\n|t:|1783550865\n|switch|p2a: Pikachu|Pikachu, L93, F|216/216\n|move|p1a: Whimsicott|Substitute|p1a: Whimsicott\n|-start|p1a: Whimsicott|Substitute\n|-damage|p1a: Whimsicott|58/100\n|\n|-heal|p1a: Whimsicott|64/100|[from] item: Leftovers\n|upkeep\n|turn|33\n|inactive|Time left: 300 sec this turn | 300 sec total\n|\n|t:|1783550866\n|move|p1a: Whimsicott|Moonblast|p2a: Pikachu\n|-damage|p2a: Pikachu|101/216\n|-unboost|p2a: Pikachu|spa|1\n|move|p2a: Pikachu|Volt Switch|p1a: Whimsicott\n|-resisted|p1a: Whimsicott\n|-activate|p1a: Whimsicott|move: Substitute|[damage]\n|inactive|Time left: 300 sec this turn | 300 sec total | 5 sec grace\n|\n|t:|1783550867\n|switch|p2a: Tornadus|Tornadus-Therian, L79, M|205/254|[from] Volt Switch\n|\n|-heal|p1a: Whimsicott|70/100|[from] item: Leftovers\n|upkeep\n|turn|34\n|inactive|Time left: 300 sec this turn | 300 sec total\n|\n|t:|1783550868\n|move|p1a: Whimsicott|Leech Seed|p2a: Tornadus|[miss]\n|-miss|p1a: Whimsicott|p2a: Tornadus\n|move|p2a: Tornadus|Heat Wave|p1a: Whimsicott\n|-supereffective|p1a: Whimsicott\n|-end|p1a: Whimsicott|Substitute\n|\n|-heal|p1a: Whimsicott|76/100|[from] item: Leftovers\n|upkeep\n|turn|35\n|inactive|Time left: 300 sec this turn | 300 sec total\n|\n|t:|1783550869\n|move|p1a: Whimsicott|Substitute|p1a: Whimsicott\n|-start|p1a: Whimsicott|Substitute\n|-damage|p1a: Whimsicott|51/100\n|move|p2a: Tornadus|Bleakwind Storm|p1a: Whimsicott\n|-supereffective|p1a: Whimsicott\n|-end|p1a: Whimsicott|Substitute\n|\n|-heal|p1a: Whimsicott|57/100|[from] item: Leftovers\n|upkeep\n|turn|36\n|inactive|Time left: 300 sec this turn | 300 sec total\n|\n|t:|1783550870\n|move|p1a: Whimsicott|Substitute|p1a: Whimsicott\n|-start|p1a: Whimsicott|Substitute\n|-damage|p1a: Whimsicott|32/100\n|move|p2a: Tornadus|Heat Wave|p1a: Whimsicott|[miss]\n|-miss|p2a: Tornadus|p1a: Whimsicott\n|\n|-heal|p1a: Whimsicott|38/100|[from] item: Leftovers\n|upkeep\n|turn|37\n|inactive|Time left: 300 sec this turn | 300 sec total\n|\n|t:|1783550871\n|move|p1a: Whimsicott|Leech Seed|p2a: Tornadus|[miss]\n|-miss|p1a: Whimsicott|p2a: Tornadus\n|move|p2a: Tornadus|Heat Wave|p1a: Whimsicott\n|-supereffective|p1a: Whimsicott\n|-end|p1a: Whimsicott|Substitute\n|\n|-heal|p1a: Whimsicott|44/100|[from] item: Leftovers\n|upkeep\n|turn|38\n|inactive|Time left: 300 sec this turn | 300 sec total\n|\n|t:|1783550872\n|move|p1a: Whimsicott|Substitute|p1a: Whimsicott\n|-start|p1a: Whimsicott|Substitute\n|-damage|p1a: Whimsicott|19/100\n|move|p2a: Tornadus|Heat Wave|p1a: Whimsicott\n|-supereffective|p1a: Whimsicott\n|-end|p1a: Whimsicott|Substitute\n|\n|-heal|p1a: Whimsicott|25/100|[from] item: Leftovers\n|upkeep\n|turn|39\n|inactive|Time left: 300 sec this turn | 300 sec total\n|\n|t:|1783550873\n|move|p1a: Whimsicott|Leech Seed|p2a: Tornadus\n|-start|p2a: Tornadus|move: Leech Seed\n|move|p2a: Tornadus|Heat Wave|p1a: Whimsicott\n|-supereffective|p1a: Whimsicott\n|-damage|p1a: Whimsicott|0 fnt\n|faint|p1a: Whimsicott\n|\n|win|p0y10046248", "uploadtime": 1783550873, "views": 0, "rating": 0, "private": 0, "password": null, "_winner": "p0y10046248", "_our_name": "p0y10046248"}