{"id": "battle-gen9randombattle-2842", "formatid": "gen9randombattle", "format": "[Gen 9] Random Battle", "players": ["p0x2842f77c", "p0y28428897"], "log": "|init|battle\n|title|p0x2842f77c vs. p0y28428897\n|j|\u2606p0x2842f77c\n|j|\u2606p0y28428897\n|t:|1783572729\n|gametype|singles\n|player|p1|p0x2842f77c|169|\n|player|p2|p0y28428897|266|\n|gen|9\n|tier|[Gen 9] Random Battle\n|rule|Species Clause: Limit one of each Pok\u00e9mon\n|rule|HP Percentage Mod: HP is shown in percentages\n|rule|Sleep Clause Mod: Limit one foe put to sleep\n|rule|Illusion Level Mod: Illusion disguises the Pok\u00e9mon's true level\n|\n|t:|1783572729\n|teamsize|p1|6\n|teamsize|p2|6\n|start\n|switch|p1a: Spiritomb|Spiritomb, L89, M|100/100\n|switch|p2a: Bastiodon|Bastiodon, L89, M|252/252\n|turn|1\n|inactive|Battle timer is ON: inactive players will automatically lose when time's up. (requested by p0x2842f77c)\n|inactive|Time left: 300 sec this turn | 300 sec total | 60 sec grace\n|inactive|p0y28428897 also wants the timer to be on.\n|\n|t:|1783572730\n|move|p1a: Spiritomb|Poltergeist|p2a: Bastiodon\n|-activate|p2a: Bastiodon|move: Poltergeist|Chesto Berry\n|-damage|p2a: Bastiodon|180/252\n|move|p2a: Bastiodon|Iron Defense|p2a: Bastiodon\n|-boost|p2a: Bastiodon|def|2\n|\n|upkeep\n|turn|2\n|inactive|Time left: 300 sec this turn | 300 sec total\n|\n|t:|1783572732\n|switch|p1a: Primarina|Primarina, L83, F|100/100\n|move|p2a: Bastiodon|Body Press|p1a: Primarina\n|-resisted|p1a: Primarina\n|-damage|p1a: Primarina|55/100\n|\n|upkeep\n|turn|3\n|inactive|Time left: 300 sec this turn | 300 sec total\n|\n|t:|1783572733\n|move|p1a: Primarina|Hydro Pump|p2a: Bastiodon|[miss]\n|-miss|p1a: Primarina|p2a: Bastiodon\n|move|p2a: Bastiodon|Body Press|p1a: Primarina\n|-resisted|p1a: Primarina\n|-damage|p1a: Primarina|15/100\n|\n|upkeep\n|turn|4\n|inactive|Time left: 300 sec this turn | 300 sec total\n|\n|t:|1783572734\n|switch|p2a: Leavanny|Leavanny, L86, F|269/269\n|move|p1a: Primarina|Hydro Pump|p2a: Leavanny|[miss]\n|-miss|p1a: Primarina|p2a: Leavanny\n|\n|upkeep\n|turn|5\n|inactive|Time left: 300 sec this turn | 300 sec total\n|\n|t:|1783572735\n|move|p2a: Leavanny|Sticky Web|p1a: Primarina\n|-sidestart|p1: p0x2842f77c|move: Sticky Web\n|move|p1a: Primarina|Hydro Pump|p2a: Leavanny|[miss]\n|-miss|p1a: Primarina|p2a: Leavanny\n|\n|upkeep\n|turn|6\n|inactive|Time left: 300 sec this turn | 300 sec total\n|\n|t:|1783572736\n|move|p2a: Leavanny|Lunge|p1a: Primarina\n|-resisted|p1a: Primarina\n|-damage|p1a: Primarina|0 fnt\n|faint|p1a: Primarina\n|\n|upkeep\n|\n|t:|1783572737\n|switch|p1a: Vespiquen|Vespiquen, L99, F|100/100\n|-ability|p1a: Vespiquen|Pressure\n|turn|7\n|inactive|Time left: 300 sec this turn | 300 sec total\n|\n|t:|1783572738\n|switch|p2a: Ho-Oh|Ho-Oh, L71|268/268\n|move|p1a: Vespiquen|Hurricane|p2a: Ho-Oh|[miss]\n|-miss|p1a: Vespiquen|p2a: Ho-Oh\n|\n|upkeep\n|turn|8\n|inactive|Time left: 300 sec this turn | 300 sec total\n|\n|t:|1783572739\n|move|p2a: Ho-Oh|Sacred Fire|p1a: Vespiquen\n|-supereffective|p1a: Vespiquen\n|-damage|p1a: Vespiquen|52/100\n|move|p1a: Vespiquen|Toxic|p2a: Ho-Oh\n|-status|p2a: Ho-Oh|tox\n|\n|-damage|p2a: Ho-Oh|252/268 tox|[from] psn\n|upkeep\n|turn|9\n|inactive|Time left: 300 sec this turn | 300 sec total\n|\n|t:|1783572740\n|switch|p1a: Zekrom|Zekrom, L71|100/100\n|-activate|p1a: Zekrom|move: Sticky Web\n|-unboost|p1a: Zekrom|spe|1\n|-ability|p1a: Zekrom|Teravolt\n|move|p2a: Ho-Oh|Sacred Fire|p1a: Zekrom\n|-resisted|p1a: Zekrom\n|-damage|p1a: Zekrom|84/100\n|-status|p1a: Zekrom|brn\n|\n|-heal|p1a: Zekrom|90/100 brn|[from] item: Leftovers\n|-damage|p2a: Ho-Oh|220/268 tox|[from] psn\n|-damage|p1a: Zekrom|84/100 brn|[from] brn\n|upkeep\n|turn|10\n|inactive|Time left: 300 sec this turn | 300 sec total\n|\n|t:|1783572741\n|switch|p2a: Bastiodon|Bastiodon, L89, M|180/252\n|move|p1a: Zekrom|Dragon Dance|p1a: Zekrom\n|-boost|p1a: Zekrom|atk|1\n|-boost|p1a: Zekrom|spe|1\n|\n|-heal|p1a: Zekrom|90/100 brn|[from] item: Leftovers\n|-damage|p1a: Zekrom|84/100 brn|[from] brn\n|upkeep\n|turn|11\n|inactive|Time left: 300 sec this turn | 300 sec total\n|\n|t:|1783572742\n|move|p1a: Zekrom|Bolt Strike|p2a: Bastiodon\n|-damage|p2a: Bastiodon|117/252\n|move|p2a: Bastiodon|Foul Play|p1a: Zekrom\n|-damage|p1a: Zekrom|43/100 brn\n|\n|-heal|p1a: Zekrom|49/100 brn|[from] item: Leftovers\n|-damage|p1a: Zekrom|43/100 brn|[from] brn\n|upkeep\n|turn|12\n|inactive|Time left: 300 sec this turn | 300 sec total\n|\n|t:|1783572743\n|move|p1a: Zekrom|Substitute|p1a: Zekrom\n|-start|p1a: Zekrom|Substitute\n|-damage|p1a: Zekrom|18/100 brn\n|move|p2a: Bastiodon|Foul Play|p1a: Zekrom\n|-end|p1a: Zekrom|Substitute\n|\n|-heal|p1a: Zekrom|24/100 brn|[from] item: Leftovers\n|-damage|p1a: Zekrom|18/100 brn|[from] brn\n|upkeep\n|turn|13\n|inactive|Time left: 300 sec this turn | 300 sec total\n|\n|t:|1783572743\n|move|p1a: Zekrom|Outrage|p2a: Bastiodon\n|-resisted|p2a: Bastiodon\n|-damage|p2a: Bastiodon|92/252\n|move|p2a: Bastiodon|Rest|p2a: Bastiodon\n|-status|p2a: Bastiodon|slp|[from] move: Rest\n|-heal|p2a: Bastiodon|252/252 slp|[silent]\n|-enditem|p2a: Bastiodon|Chesto Berry|[eat]\n|-curestatus|p2a: Bastiodon|slp|[msg]\n|\n|-heal|p1a: Zekrom|24/100 brn|[from] item: Leftovers\n|-damage|p1a: Zekrom|18/100 brn|[from] brn\n|upkeep\n|turn|14\n|inactive|Time left: 300 sec this turn | 300 sec total\n|\n|t:|1783572744\n|move|p1a: Zekrom|Outrage|p2a: Bastiodon|[from] lockedmove\n|-resisted|p2a: Bastiodon\n|-damage|p2a: Bastiodon|227/252\n|move|p2a: Bastiodon|Foul Play|p1a: Zekrom\n|-damage|p1a: Zekrom|0 fnt\n|faint|p1a: Zekrom\n|\n|upkeep\n|\n|t:|1783572745\n|switch|p1a: Vespiquen|Vespiquen, L99, F|52/100\n|-ability|p1a: Vespiquen|Pressure\n|turn|15\n|inactive|Time left: 300 sec this turn | 300 sec total\n|\n|t:|1783572746\n|move|p1a: Vespiquen|Roost|p1a: Vespiquen\n|-heal|p1a: Vespiquen|100/100\n|-singleturn|p1a: Vespiquen|move: Roost\n|move|p2a: Bastiodon|Iron Defense|p2a: Bastiodon\n|-boost|p2a: Bastiodon|def|2\n|\n|upkeep\n|turn|16\n|inactive|Time left: 300 sec this turn | 300 sec total\n|\n|t:|1783572748\n|move|p1a: Vespiquen|Spikes|p2a: Bastiodon\n|-sidestart|p2: p0y28428897|Spikes\n|move|p2a: Bastiodon|Body Press|p1a: Vespiquen\n|-resisted|p1a: Vespiquen\n|-damage|p1a: Vespiquen|88/100\n|\n|upkeep\n|turn|17\n|inactive|Time left: 300 sec this turn | 300 sec total\n|\n|t:|1783572749\n|move|p1a: Vespiquen|Spikes|p2a: Bastiodon\n|-sidestart|p2: p0y28428897|Spikes\n|move|p2a: Bastiodon|Body Press|p1a: Vespiquen\n|-resisted|p1a: Vespiquen\n|-damage|p1a: Vespiquen|75/100\n|\n|upkeep\n|turn|18\n|inactive|Time left: 300 sec this turn | 300 sec total\n|\n|t:|1783572750\n|move|p1a: Vespiquen|Spikes|p2a: Bastiodon\n|-sidestart|p2: p0y28428897|Spikes\n|move|p2a: Bastiodon|Body Press|p1a: Vespiquen\n|-resisted|p1a: Vespiquen\n|-damage|p1a: Vespiquen|62/100\n|\n|upkeep\n|turn|19\n|inactive|Time left: 300 sec this turn | 300 sec total\n|\n|t:|1783572751\n|move|p1a: Vespiquen|Roost|p1a: Vespiquen\n|-heal|p1a: Vespiquen|100/100\n|-singleturn|p1a: Vespiquen|move: Roost\n|move|p2a: Bastiodon|Body Press|p1a: Vespiquen\n|-resisted|p1a: Vespiquen\n|-damage|p1a: Vespiquen|76/100\n|\n|upkeep\n|turn|20\n|inactive|Time left: 300 sec this turn | 300 sec total\n|\n|t:|1783572752\n|move|p1a: Vespiquen|Hurricane|p2a: Bastiodon|[miss]\n|-miss|p1a: Vespiquen|p2a: Bastiodon\n|move|p2a: Bastiodon|Body Press|p1a: Vespiquen\n|-resisted|p1a: Vespiquen\n|-damage|p1a: Vespiquen|64/100\n|\n|upkeep\n|turn|21\n|inactive|Time left: 300 sec this turn | 300 sec total\n|\n|t:|1783572753\n|move|p1a: Vespiquen|Roost|p1a: Vespiquen\n|-heal|p1a: Vespiquen|100/100\n|-singleturn|p1a: Vespiquen|move: Roost\n|move|p2a: Bastiodon|Body Press|p1a: Vespiquen\n|-resisted|p1a: Vespiquen\n|-damage|p1a: Vespiquen|76/100\n|\n|upkeep\n|turn|22\n|inactive|Time left: 300 sec this turn | 300 sec total\n|\n|t:|1783572754\n|move|p1a: Vespiquen|Roost|p1a: Vespiquen\n|-heal|p1a: Vespiquen|100/100\n|-singleturn|p1a: Vespiquen|move: Roost\n|move|p2a: Bastiodon|Body Press|p1a: Vespiquen\n|-resisted|p1a: Vespiquen\n|-damage|p1a: Vespiquen|76/100\n|\n|upkeep\n|turn|23\n|inactive|Time left: 300 sec this turn | 300 sec total\n|\n|t:|1783572755\n|move|p1a: Vespiquen|Hurricane|p2a: Bastiodon\n|-resisted|p2a: Bastiodon\n|-damage|p2a: Bastiodon|204/252\n|move|p2a: Bastiodon|Foul Play|p1a: Vespiquen\n|-damage|p1a: Vespiquen|61/100\n|\n|upkeep\n|turn|24\n|inactive|Time left: 300 sec this turn | 300 sec total\n|\n|t:|1783572756\n|move|p1a: Vespiquen|Roost|p1a: Vespiquen\n|-heal|p1a: Vespiquen|100/100\n|-singleturn|p1a: Vespiquen|move: Roost\n|move|p2a: Bastiodon|Foul Play|p1a: Vespiquen\n|-damage|p1a: Vespiquen|87/100\n|\n|upkeep\n|turn|25\n|inactive|Time left: 300 sec this turn | 300 sec total\n|\n|t:|1783572757\n|move|p1a: Vespiquen|Roost|p1a: Vespiquen\n|-heal|p1a: Vespiquen|100/100\n|-singleturn|p1a: Vespiquen|move: Roost\n|move|p2a: Bastiodon|Foul Play|p1a: Vespiquen\n|-damage|p1a: Vespiquen|87/100\n|\n|upkeep\n|turn|26\n|inactive|Time left: 300 sec this turn | 300 sec total\n|\n|t:|1783572758\n|move|p1a: Vespiquen|Hurricane|p2a: Bastiodon\n|-resisted|p2a: Bastiodon\n|-damage|p2a: Bastiodon|179/252\n|move|p2a: Bastiodon|Foul Play|p1a: Vespiquen\n|-damage|p1a: Vespiquen|74/100\n|\n|upkeep\n|turn|27\n|inactive|Time left: 300 sec this turn | 300 sec total\n|\n|t:|1783572759\n|move|p1a: Vespiquen|Roost|p1a: Vespiquen\n|-heal|p1a: Vespiquen|100/100\n|-singleturn|p1a: Vespiquen|move: Roost\n|move|p2a: Bastiodon|Foul Play|p1a: Vespiquen\n|-damage|p1a: Vespiquen|87/100\n|\n|upkeep\n|turn|28\n|inactive|Time left: 300 sec this turn | 300 sec total\n|\n|t:|1783572760\n|move|p1a: Vespiquen|Roost|p1a: Vespiquen\n|-heal|p1a: Vespiquen|100/100\n|-singleturn|p1a: Vespiquen|move: Roost\n|move|p2a: Bastiodon|Foul Play|p1a: Vespiquen\n|-damage|p1a: Vespiquen|87/100\n|\n|upkeep\n|turn|29\n|inactive|Time left: 300 sec this turn | 300 sec total\n|\n|t:|1783572761\n|move|p1a: Vespiquen|Hurricane|p2a: Bastiodon\n|-resisted|p2a: Bastiodon\n|-damage|p2a: Bastiodon|157/252\n|move|p2a: Bastiodon|Foul Play|p1a: Vespiquen\n|-damage|p1a: Vespiquen|73/100\n|\n|upkeep\n|turn|30\n|inactive|Time left: 300 sec this turn | 300 sec total\n|\n|t:|1783572762\n|move|p1a: Vespiquen|Hurricane|p2a: Bastiodon\n|-resisted|p2a: Bastiodon\n|-damage|p2a: Bastiodon|136/252\n|move|p2a: Bastiodon|Foul Play|p1a: Vespiquen\n|-damage|p1a: Vespiquen|58/100\n|\n|upkeep\n|turn|31\n|inactive|Time left: 300 sec this turn | 300 sec total\n|\n|t:|1783572763\n|move|p1a: Vespiquen|Hurricane|p2a: Bastiodon\n|-resisted|p2a: Bastiodon\n|-damage|p2a: Bastiodon|112/252\n|move|p2a: Bastiodon|Foul Play|p1a: Vespiquen\n|-damage|p1a: Vespiquen|42/100\n|\n|upkeep\n|turn|32\n|inactive|Time left: 300 sec this turn | 300 sec total\n|\n|t:|1783572764\n|move|p1a: Vespiquen|Hurricane|p2a: Bastiodon\n|-resisted|p2a: Bastiodon\n|-damage|p2a: Bastiodon|89/252\n|move|p2a: Bastiodon|Foul Play|p1a: Vespiquen\n|-damage|p1a: Vespiquen|27/100\n|\n|upkeep\n|turn|33\n|inactive|Time left: 300 sec this turn | 300 sec total\n|\n|t:|1783572765\n|move|p1a: Vespiquen|Hurricane|p2a: Bastiodon|[miss]\n|-miss|p1a: Vespiquen|p2a: Bastiodon\n|move|p2a: Bastiodon|Foul Play|p1a: Vespiquen\n|-damage|p1a: Vespiquen|13/100\n|\n|upkeep\n|turn|34\n|inactive|Time left: 300 sec this turn | 300 sec total\n|\n|t:|1783572766\n|move|p1a: Vespiquen|Hurricane|p2a: Bastiodon|[miss]\n|-miss|p1a: Vespiquen|p2a: Bastiodon\n|move|p2a: Bastiodon|Rest|p2a: Bastiodon\n|-status|p2a: Bastiodon|slp|[from] move: Rest\n|-heal|p2a: Bastiodon|252/252 slp|[silent]\n|\n|upkeep\n|turn|35\n|inactive|Time left: 300 sec this turn | 300 sec total\n|\n|t:|1783572767\n|move|p1a: Vespiquen|Hurricane|p2a: Bastiodon\n|-resisted|p2a: Bastiodon\n|-damage|p2a: Bastiodon|229/252 slp\n|cant|p2a: Bastiodon|slp\n|\n|upkeep\n|turn|36\n|inactive|Time left: 300 sec this turn | 300 sec total\n|\n|t:|1783572768\n|move|p1a: Vespiquen|Hurricane|p2a: Bastiodon\n|-resisted|p2a: Bastiodon\n|-damage|p2a: Bastiodon|208/252 slp\n|cant|p2a: Bastiodon|slp\n|\n|upkeep\n|turn|37\n|inactive|Time left: 300 sec this turn | 300 sec total\n|\n|t:|1783572768\n|move|p1a: Vespiquen|Hurricane|p2a: Bastiodon|[miss]\n|-miss|p1a: Vespiquen|p2a: Bastiodon\n|-curestatus|p2a: Bastiodon|slp|[msg]\n|move|p2a: Bastiodon|Iron Defense|p2a: Bastiodon\n|-boost|p2a: Bastiodon|def|2\n|\n|upkeep\n|turn|38\n|inactive|Time left: 300 sec this turn | 300 sec total\n|\n|t:|1783572769\n|move|p1a: Vespiquen|Hurricane|p2a: Bastiodon\n|-resisted|p2a: Bastiodon\n|-damage|p2a: Bastiodon|186/252\n|move|p2a: Bastiodon|Iron Defense|p2a: Bastiodon\n|-boost|p2a: Bastiodon|def|2\n|\n|upkeep\n|turn|39\n|inactive|Time left: 300 sec this turn | 300 sec total\n|\n|t:|1783572770\n|move|p1a: Vespiquen|Hurricane|p2a: Bastiodon\n|-resisted|p2a: Bastiodon\n|-damage|p2a: Bastiodon|163/252\n|move|p2a: Bastiodon|Rest|p2a: Bastiodon\n|-status|p2a: Bastiodon|slp|[from] move: Rest\n|-heal|p2a: Bastiodon|252/252 slp|[silent]\n|\n|upkeep\n|turn|40\n|inactive|Time left: 300 sec this turn | 300 sec total\n|\n|t:|1783572771\n|move|p1a: Vespiquen|Hurricane|p2a: Bastiodon\n|-resisted|p2a: Bastiodon\n|-damage|p2a: Bastiodon|230/252 slp\n|cant|p2a: Bastiodon|slp\n|\n|upkeep\n|turn|41\n|inactive|Time left: 300 sec this turn | 300 sec total\n|\n|t:|1783572772\n|move|p1a: Vespiquen|Toxic||[still]\n|-fail|p1a: Vespiquen\n|cant|p2a: Bastiodon|slp\n|\n|upkeep\n|turn|42\n|inactive|Time left: 300 sec this turn | 300 sec total\n|\n|t:|1783572773\n|move|p1a: Vespiquen|Toxic||[still]\n|-fail|p1a: Vespiquen\n|-curestatus|p2a: Bastiodon|slp|[msg]\n|move|p2a: Bastiodon|Iron Defense|p2a: Bastiodon\n|-boost|p2a: Bastiodon|def|0\n|\n|upkeep\n|turn|43\n|inactive|Time left: 300 sec this turn | 300 sec total\n|\n|t:|1783572774\n|move|p1a: Vespiquen|Toxic|p2a: Bastiodon\n|-immune|p2a: Bastiodon\n|move|p2a: Bastiodon|Iron Defense|p2a: Bastiodon\n|-boost|p2a: Bastiodon|def|0\n|\n|upkeep\n|turn|44\n|inactive|Time left: 300 sec this turn | 300 sec total\n|\n|t:|1783572775\n|move|p1a: Vespiquen|Toxic|p2a: Bastiodon\n|-immune|p2a: Bastiodon\n|move|p2a: Bastiodon|Iron Defense|p2a: Bastiodon\n|-boost|p2a: Bastiodon|def|0\n|\n|upkeep\n|turn|45\n|inactive|Time left: 300 sec this turn | 300 sec total\n|\n|t:|1783572776\n|move|p1a: Vespiquen|Toxic|p2a: Bastiodon\n|-immune|p2a: Bastiodon\n|move|p2a: Bastiodon|Iron Defense|p2a: Bastiodon\n|-boost|p2a: Bastiodon|def|0\n|\n|upkeep\n|turn|46\n|inactive|Time left: 300 sec this turn | 300 sec total\n|\n|t:|1783572777\n|switch|p2a: Ho-Oh|Ho-Oh, L71|268/268 tox\n|move|p1a: Vespiquen|Toxic|p2a: Ho-Oh\n|-fail|p2a: Ho-Oh|tox\n|\n|-damage|p2a: Ho-Oh|252/268 tox|[from] psn\n|upkeep\n|turn|47\n|inactive|Time left: 300 sec this turn | 300 sec total\n|\n|t:|1783572778\n|switch|p1a: Bastiodon|Bastiodon, L89, F|100/100\n|-activate|p1a: Bastiodon|move: Sticky Web\n|-unboost|p1a: Bastiodon|spe|1\n|move|p2a: Ho-Oh|Sacred Fire|p1a: Bastiodon\n|-damage|p1a: Bastiodon|79/100\n|-status|p1a: Bastiodon|brn\n|\n|-damage|p2a: Ho-Oh|220/268 tox|[from] psn\n|-damage|p1a: Bastiodon|73/100 brn|[from] brn\n|upkeep\n|turn|48\n|inactive|Time left: 300 sec this turn | 300 sec total\n|\n|t:|1783572779\n|switch|p2a: Flamigo|Flamigo, L82, F|269/269\n|move|p1a: Bastiodon|Rest|p1a: Bastiodon\n|-status|p1a: Bastiodon|slp|[from] move: Rest\n|-heal|p1a: Bastiodon|100/100 slp|[silent]\n|-enditem|p1a: Bastiodon|Chesto Berry|[eat]\n|-curestatus|p1a: Bastiodon|slp|[msg]\n|\n|upkeep\n|turn|49\n|inactive|Time left: 300 sec this turn | 300 sec total\n|\n|t:|1783572780\n|switch|p1a: Vespiquen|Vespiquen, L99, F|13/100\n|-ability|p1a: Vespiquen|Pressure\n|move|p2a: Flamigo|Swords Dance|p2a: Flamigo\n|-boost|p2a: Flamigo|atk|2\n|\n|upkeep\n|turn|50\n|inactive|Time left: 300 sec this turn | 300 sec total\n|\n|t:|1783572780\n|move|p2a: Flamigo|Brave Bird|p1a: Vespiquen\n|-supereffective|p1a: Vespiquen\n|-damage|p1a: Vespiquen|0 fnt\n|faint|p1a: Vespiquen\n|-damage|p2a: Flamigo|256/269|[from] Recoil\n|-damage|p2a: Flamigo|230/269|[from] item: Life Orb\n|\n|upkeep\n|\n|t:|1783572781\n|switch|p1a: Wigglytuff|Wigglytuff, L96, M|100/100\n|-activate|p1a: Wigglytuff|move: Sticky Web\n|-unboost|p1a: Wigglytuff|spe|1\n|-ability|p1a: Wigglytuff|Competitive|boost\n|-boost|p1a: Wigglytuff|spa|2\n|turn|51\n|inactive|Time left: 300 sec this turn | 300 sec total\n|\n|t:|1783572782\n|move|p1a: Wigglytuff|Protect|p1a: Wigglytuff\n|-singleturn|p1a: Wigglytuff|Protect\n|move|p2a: Flamigo|Close Combat|p1a: Wigglytuff\n|-activate|p1a: Wigglytuff|move: Protect\n|\n|upkeep\n|turn|52\n|inactive|Time left: 300 sec this turn | 300 sec total\n|\n|t:|1783572783\n|-terastallize|p1a: Wigglytuff|Poison\n|move|p2a: Flamigo|Brave Bird|p1a: Wigglytuff\n|-damage|p1a: Wigglytuff|0 fnt\n|faint|p1a: Wigglytuff\n|-damage|p2a: Flamigo|90/269|[from] Recoil\n|-damage|p2a: Flamigo|64/269|[from] item: Life Orb\n|\n|upkeep\n|\n|t:|1783572784\n|switch|p1a: Spiritomb|Spiritomb, L89, M|100/100\n|-activate|p1a: Spiritomb|move: Sticky Web\n|-unboost|p1a: Spiritomb|spe|1\n|turn|53\n|inactive|Time left: 300 sec this turn | 300 sec total\n|\n|t:|1783572785\n|switch|p1a: Bastiodon|Bastiodon, L89, F|100/100\n|-activate|p1a: Bastiodon|move: Sticky Web\n|-unboost|p1a: Bastiodon|spe|1\n|move|p2a: Flamigo|Close Combat|p1a: Bastiodon\n|-supereffective|p1a: Bastiodon\n|-damage|p1a: Bastiodon|0 fnt\n|-unboost|p2a: Flamigo|def|1\n|-unboost|p2a: Flamigo|spd|1\n|faint|p1a: Bastiodon\n|-damage|p2a: Flamigo|38/269|[from] item: Life Orb\n|\n|upkeep\n|\n|t:|1783572786\n|switch|p1a: Spiritomb|Spiritomb, L89, M|100/100\n|-activate|p1a: Spiritomb|move: Sticky Web\n|-unboost|p1a: Spiritomb|spe|1\n|turn|54\n|inactive|Time left: 300 sec this turn | 300 sec total\n|\n|t:|1783572787\n|move|p1a: Spiritomb|Sucker Punch|p2a: Flamigo\n|-resisted|p2a: Flamigo\n|-damage|p2a: Flamigo|0 fnt\n|faint|p2a: Flamigo\n|\n|upkeep\n|inactive|Time left: 300 sec this turn | 300 sec total | 5 sec grace\n|\n|t:|1783572788\n|switch|p2a: Ho-Oh|Ho-Oh, L71|268/268 tox\n|turn|55\n|inactive|Time left: 300 sec this turn | 300 sec total\n|\n|t:|1783572789\n|switch|p2a: Leafeon|Leafeon, L88, F|258/258\n|-damage|p2a: Leafeon|194/258|[from] Spikes\n|move|p1a: Spiritomb|Poltergeist|p2a: Leafeon\n|-activate|p2a: Leafeon|move: Poltergeist|Leftovers\n|-damage|p2a: Leafeon|104/258\n|\n|-heal|p2a: Leafeon|120/258|[from] item: Leftovers\n|upkeep\n|turn|56\n|inactive|Time left: 300 sec this turn | 300 sec total\n|\n|t:|1783572790\n|-terastallize|p2a: Leafeon|Dark\n|move|p2a: Leafeon|Knock Off|p1a: Spiritomb\n|-crit|p1a: Spiritomb\n|-damage|p1a: Spiritomb|35/100\n|-enditem|p1a: Spiritomb|Leftovers|[from] move: Knock Off|[of] p2a: Leafeon\n|move|p1a: Spiritomb|Foul Play|p2a: Leafeon\n|-resisted|p2a: Leafeon\n|-damage|p2a: Leafeon|75/258\n|\n|-heal|p2a: Leafeon|91/258|[from] item: Leftovers\n|upkeep\n|turn|57\n|inactive|Time left: 300 sec this turn | 300 sec total\n|\n|t:|1783572791\n|move|p1a: Spiritomb|Sucker Punch|p2a: Leafeon\n|-resisted|p2a: Leafeon\n|-damage|p2a: Leafeon|64/258\n|move|p2a: Leafeon|Leaf Blade|p1a: Spiritomb\n|-crit|p1a: Spiritomb\n|-damage|p1a: Spiritomb|0 fnt\n|faint|p1a: Spiritomb\n|\n|win|p0y28428897", "uploadtime": 1783572791, "views": 0, "rating": 0, "private": 0, "password": null, "_winner": "p0y28428897", "_our_name": "p0y28428897"}