{"id": "battle-gen9randombattle-1607", "formatid": "gen9randombattle", "format": "[Gen 9] Random Battle", "players": ["p0x160753ae", "p0y16074ce0"], "log": "|init|battle\n|title|p0x160753ae vs. p0y16074ce0\n|j|\u2606p0x160753ae\n|j|\u2606p0y16074ce0\n|t:|1783557836\n|gametype|singles\n|player|p1|p0x160753ae|266|\n|player|p2|p0y16074ce0|1|\n|gen|9\n|tier|[Gen 9] Random Battle\n|rule|Species Clause: Limit one of each Pok\u00e9mon\n|rule|HP Percentage Mod: HP is shown in percentages\n|rule|Sleep Clause Mod: Limit one foe put to sleep\n|rule|Illusion Level Mod: Illusion disguises the Pok\u00e9mon's true level\n|\n|t:|1783557836\n|teamsize|p1|6\n|teamsize|p2|6\n|start\n|switch|p1a: Kleavor|Kleavor, L78, F|237/237\n|switch|p2a: Gumshoos|Gumshoos, L95, F|100/100\n|turn|1\n|inactive|Battle timer is ON: inactive players will automatically lose when time's up. (requested by p0x160753ae)\n|inactive|p0y16074ce0 also wants the timer to be on.\n|\n|t:|1783557837\n|move|p1a: Kleavor|Stone Axe|p2a: Gumshoos\n|-crit|p2a: Gumshoos\n|-damage|p2a: Gumshoos|33/100\n|-sidestart|p2: p0y16074ce0|move: Stealth Rock\n|move|p2a: Gumshoos|Knock Off|p1a: Kleavor\n|-damage|p1a: Kleavor|81/237\n|-enditem|p1a: Kleavor|Heavy-Duty Boots|[from] move: Knock Off|[of] p2a: Gumshoos\n|\n|upkeep\n|turn|2\n|inactive|Time left: 300 sec this turn | 300 sec total\n|\n|t:|1783557838\n|move|p1a: Kleavor|X-Scissor|p2a: Gumshoos\n|-damage|p2a: Gumshoos|0 fnt\n|faint|p2a: Gumshoos\n|\n|upkeep\n|\n|t:|1783557839\n|switch|p2a: Ariados|Ariados, L95, F|100/100\n|turn|3\n|inactive|Time left: 300 sec this turn | 300 sec total\n|\n|t:|1783557840\n|-terastallize|p1a: Kleavor|Rock\n|-terastallize|p2a: Ariados|Ghost\n|move|p1a: Kleavor|Stone Axe|p2a: Ariados\n|-damage|p2a: Ariados|45/100\n|move|p2a: Ariados|Sticky Web|p1a: Kleavor\n|-sidestart|p1: p0x160753ae|move: Sticky Web\n|\n|upkeep\n|turn|4\n|inactive|Time left: 300 sec this turn | 300 sec total\n|\n|t:|1783557841\n|switch|p2a: Hitmonlee|Hitmonlee, L85, M|100/100\n|-damage|p2a: Hitmonlee|94/100|[from] Stealth Rock\n|move|p1a: Kleavor|Stone Axe|p2a: Hitmonlee\n|-resisted|p2a: Hitmonlee\n|-damage|p2a: Hitmonlee|41/100\n|\n|upkeep\n|turn|5\n|inactive|Time left: 300 sec this turn | 300 sec total\n|\n|t:|1783557842\n|move|p2a: Hitmonlee|Close Combat|p1a: Kleavor\n|-supereffective|p1a: Kleavor\n|-damage|p1a: Kleavor|0 fnt\n|-unboost|p2a: Hitmonlee|def|1\n|-unboost|p2a: Hitmonlee|spd|1\n|faint|p1a: Kleavor\n|-enditem|p2a: Hitmonlee|White Herb\n|-clearnegativeboost|p2a: Hitmonlee|[silent]\n|\n|upkeep\n|inactive|Time left: 300 sec this turn | 300 sec total | 5 sec grace\n|\n|t:|1783557842\n|switch|p1a: Sandaconda|Sandaconda, L84, F|258/258\n|-activate|p1a: Sandaconda|move: Sticky Web\n|-unboost|p1a: Sandaconda|spe|1\n|turn|6\n|inactive|Time left: 300 sec this turn | 300 sec total\n|\n|t:|1783557843\n|move|p2a: Hitmonlee|Knock Off|p1a: Sandaconda\n|-damage|p1a: Sandaconda|191/258\n|-enditem|p1a: Sandaconda|Loaded Dice|[from] move: Knock Off|[of] p2a: Hitmonlee\n|move|p1a: Sandaconda|Earthquake|p2a: Hitmonlee\n|-damage|p2a: Hitmonlee|0 fnt\n|faint|p2a: Hitmonlee\n|\n|upkeep\n|\n|t:|1783557844\n|switch|p2a: Lumineon|Lumineon, L93, F|100/100\n|turn|7\n|inactive|Time left: 300 sec this turn | 300 sec total\n|\n|t:|1783557845\n|switch|p1a: Baxcalibur|Baxcalibur, L75, F|296/296\n|move|p2a: Lumineon|Hydro Pump|p1a: Baxcalibur|[miss]\n|-miss|p2a: Lumineon|p1a: Baxcalibur\n|\n|upkeep\n|turn|8\n|inactive|Time left: 300 sec this turn | 300 sec total\n|\n|t:|1783557847\n|move|p2a: Lumineon|Ice Beam|p1a: Baxcalibur\n|-damage|p1a: Baxcalibur|232/296\n|move|p1a: Baxcalibur|Glaive Rush|p2a: Lumineon\n|-damage|p2a: Lumineon|52/100\n|-singlemove|p1a: Baxcalibur|Glaive Rush|[silent]\n|\n|upkeep\n|turn|9\n|inactive|Time left: 300 sec this turn | 300 sec total\n|\n|t:|1783557848\n|move|p2a: Lumineon|Ice Beam|p1a: Baxcalibur\n|-damage|p1a: Baxcalibur|106/296\n|move|p1a: Baxcalibur|Dragon Dance|p1a: Baxcalibur\n|-boost|p1a: Baxcalibur|atk|1\n|-boost|p1a: Baxcalibur|spe|1\n|\n|upkeep\n|turn|10\n|inactive|Time left: 300 sec this turn | 300 sec total\n|\n|t:|1783557849\n|move|p1a: Baxcalibur|Glaive Rush|p2a: Lumineon\n|-damage|p2a: Lumineon|0 fnt\n|-singlemove|p1a: Baxcalibur|Glaive Rush|[silent]\n|faint|p2a: Lumineon\n|\n|upkeep\n|\n|t:|1783557850\n|switch|p2a: Ariados|Ariados, L95, F, tera:Ghost|45/100\n|turn|11\n|inactive|Time left: 300 sec this turn | 300 sec total\n|\n|t:|1783557851\n|move|p1a: Baxcalibur|Glaive Rush|p2a: Ariados\n|-damage|p2a: Ariados|0 fnt\n|-singlemove|p1a: Baxcalibur|Glaive Rush|[silent]\n|faint|p2a: Ariados\n|\n|upkeep\n|\n|t:|1783557852\n|switch|p2a: Palafin|Palafin, L77, M|100/100\n|-damage|p2a: Palafin|88/100|[from] Stealth Rock\n|turn|12\n|inactive|Time left: 300 sec this turn | 300 sec total\n|\n|t:|1783557853\n|move|p1a: Baxcalibur|Glaive Rush|p2a: Palafin\n|-damage|p2a: Palafin|0 fnt\n|-singlemove|p1a: Baxcalibur|Glaive Rush|[silent]\n|faint|p2a: Palafin\n|\n|upkeep\n|\n|t:|1783557854\n|switch|p2a: Cyclizar|Cyclizar, L84, F|100/100\n|turn|13\n|inactive|Time left: 300 sec this turn | 300 sec total\n|\n|t:|1783557855\n|move|p1a: Baxcalibur|Glaive Rush|p2a: Cyclizar\n|-supereffective|p2a: Cyclizar\n|-crit|p2a: Cyclizar\n|-damage|p2a: Cyclizar|0 fnt\n|-singlemove|p1a: Baxcalibur|Glaive Rush|[silent]\n|faint|p2a: Cyclizar\n|\n|win|p0x160753ae", "uploadtime": 1783557855, "views": 0, "rating": 0, "private": 0, "password": null, "_winner": "p0x160753ae", "_our_name": "p0x160753ae"}