{"id": "battle-gen9randombattle-2233", "formatid": "gen9randombattle", "format": "[Gen 9] Random Battle", "players": ["p0x22333fc0", "p0y22335251"], "log": "|init|battle\n|title|p0x22333fc0 vs. p0y22335251\n|j|\u2606p0x22333fc0\n|j|\u2606p0y22335251\n|t:|1783564977\n|gametype|singles\n|player|p1|p0x22333fc0|102|\n|player|p2|p0y22335251|1|\n|gen|9\n|tier|[Gen 9] Random Battle\n|rule|Species Clause: Limit one of each Pok\u00e9mon\n|rule|HP Percentage Mod: HP is shown in percentages\n|rule|Sleep Clause Mod: Limit one foe put to sleep\n|rule|Illusion Level Mod: Illusion disguises the Pok\u00e9mon's true level\n|\n|t:|1783564977\n|teamsize|p1|6\n|teamsize|p2|6\n|start\n|switch|p1a: Garganacl|Garganacl, L80, M|291/291\n|switch|p2a: Regieleki|Regieleki, L79|100/100\n|turn|1\n|inactive|Battle timer is ON: inactive players will automatically lose when time's up. (requested by p0x22333fc0)\n|inactive|p0y22335251 also wants the timer to be on.\n|\n|t:|1783564978\n|move|p2a: Regieleki|Thunderbolt|p1a: Garganacl\n|-damage|p1a: Garganacl|156/291\n|move|p1a: Garganacl|Stealth Rock|p2a: Regieleki\n|-sidestart|p2: p0y22335251|move: Stealth Rock\n|\n|-heal|p1a: Garganacl|174/291|[from] item: Leftovers\n|upkeep\n|turn|2\n|inactive|Time left: 300 sec this turn | 300 sec total\n|\n|t:|1783564979\n|move|p2a: Regieleki|Rapid Spin|p1a: Garganacl\n|-resisted|p1a: Garganacl\n|-damage|p1a: Garganacl|161/291\n|-boost|p2a: Regieleki|spe|1\n|-sideend|p2: p0y22335251|Stealth Rock|[from] move: Rapid Spin|[of] p2a: Regieleki\n|move|p1a: Garganacl|Recover|p1a: Garganacl\n|-heal|p1a: Garganacl|291/291\n|\n|upkeep\n|turn|3\n|inactive|Time left: 300 sec this turn | 300 sec total\n|\n|t:|1783564979\n|move|p2a: Regieleki|Thunderbolt|p1a: Garganacl\n|-damage|p1a: Garganacl|144/291\n|move|p1a: Garganacl|Salt Cure|p2a: Regieleki\n|-damage|p2a: Regieleki|78/100\n|-start|p2a: Regieleki|Salt Cure\n|\n|-heal|p1a: Garganacl|162/291|[from] item: Leftovers\n|-damage|p2a: Regieleki|65/100|[from] Salt Cure\n|upkeep\n|turn|4\n|inactive|Time left: 300 sec this turn | 300 sec total\n|\n|t:|1783564980\n|move|p2a: Regieleki|Thunderbolt|p1a: Garganacl\n|-damage|p1a: Garganacl|30/291\n|move|p1a: Garganacl|Recover|p1a: Garganacl\n|-heal|p1a: Garganacl|176/291\n|\n|-heal|p1a: Garganacl|194/291|[from] item: Leftovers\n|-damage|p2a: Regieleki|53/100|[from] Salt Cure\n|upkeep\n|turn|5\n|inactive|Time left: 300 sec this turn | 300 sec total\n|\n|t:|1783564981\n|move|p2a: Regieleki|Thunderbolt|p1a: Garganacl\n|-damage|p1a: Garganacl|61/291\n|move|p1a: Garganacl|Recover|p1a: Garganacl\n|-heal|p1a: Garganacl|207/291\n|\n|-heal|p1a: Garganacl|225/291|[from] item: Leftovers\n|-damage|p2a: Regieleki|40/100|[from] Salt Cure\n|upkeep\n|turn|6\n|inactive|Time left: 300 sec this turn | 300 sec total\n|\n|t:|1783564982\n|move|p2a: Regieleki|Volt Switch|p1a: Garganacl\n|-damage|p1a: Garganacl|125/291\n|\n|t:|1783564983\n|switch|p2a: Excadrill|Excadrill, L79, M|100/100|[from] Volt Switch\n|move|p1a: Garganacl|Body Press|p2a: Excadrill\n|-supereffective|p2a: Excadrill\n|-crit|p2a: Excadrill\n|-damage|p2a: Excadrill|0 fnt\n|replace|p2a: Zoroark|Zoroark, L83, M\n|-end|p2a: Zoroark|Illusion\n|-hint|Illusion Level Mod is active, so this Pok\u00e9mon's true level was hidden.\n|faint|p2a: Zoroark\n|\n|-heal|p1a: Garganacl|143/291|[from] item: Leftovers\n|upkeep\n|\n|t:|1783564984\n|switch|p2a: Excadrill|Excadrill, L79, M|100/100\n|-ability|p2a: Excadrill|Mold Breaker\n|turn|7\n|inactive|Time left: 300 sec this turn | 300 sec total\n|\n|t:|1783564985\n|switch|p1a: Lilligant|Lilligant-Hisui, L79, F|240/240\n|move|p2a: Excadrill|Earthquake|p1a: Lilligant\n|-resisted|p1a: Lilligant\n|-damage|p1a: Lilligant|169/240\n|\n|upkeep\n|turn|8\n|inactive|Time left: 300 sec this turn | 300 sec total\n|\n|t:|1783564986\n|move|p1a: Lilligant|Victory Dance|p1a: Lilligant\n|-boost|p1a: Lilligant|atk|1\n|-boost|p1a: Lilligant|def|1\n|-boost|p1a: Lilligant|spe|1\n|move|p2a: Excadrill|Earthquake|p1a: Lilligant\n|-resisted|p1a: Lilligant\n|-damage|p1a: Lilligant|122/240\n|\n|upkeep\n|turn|9\n|inactive|Time left: 300 sec this turn | 300 sec total\n|\n|t:|1783564987\n|switch|p2a: Jumpluff|Jumpluff, L87, M|100/100\n|move|p1a: Lilligant|Victory Dance|p1a: Lilligant\n|-boost|p1a: Lilligant|atk|1\n|-boost|p1a: Lilligant|def|1\n|-boost|p1a: Lilligant|spe|1\n|\n|upkeep\n|turn|10\n|inactive|Time left: 300 sec this turn | 300 sec total\n|\n|t:|1783564988\n|-terastallize|p1a: Lilligant|Fighting\n|move|p1a: Lilligant|Close Combat|p2a: Jumpluff\n|-resisted|p2a: Jumpluff\n|-damage|p2a: Jumpluff|0 fnt\n|-unboost|p1a: Lilligant|def|1\n|-unboost|p1a: Lilligant|spd|1\n|faint|p2a: Jumpluff\n|-damage|p1a: Lilligant|98/240|[from] item: Life Orb\n|\n|upkeep\n|\n|t:|1783564989\n|switch|p2a: Arboliva|Arboliva, L91, F|100/100\n|turn|11\n|inactive|Time left: 300 sec this turn | 300 sec total\n|\n|t:|1783564990\n|-terastallize|p2a: Arboliva|Poison\n|move|p1a: Lilligant|Close Combat|p2a: Arboliva\n|-resisted|p2a: Arboliva\n|-damage|p2a: Arboliva|5/100\n|-unboost|p1a: Lilligant|def|1\n|-unboost|p1a: Lilligant|spd|1\n|-enditem|p2a: Arboliva|Sitrus Berry|[eat]\n|-heal|p2a: Arboliva|30/100|[from] item: Sitrus Berry\n|-damage|p1a: Lilligant|74/240|[from] item: Life Orb\n|move|p2a: Arboliva|Hyper Voice|p1a: Lilligant\n|-damage|p1a: Lilligant|0 fnt\n|faint|p1a: Lilligant\n|\n|-item|p2a: Arboliva|Sitrus Berry|[from] ability: Harvest\n|upkeep\n|-enditem|p2a: Arboliva|Sitrus Berry|[eat]\n|-heal|p2a: Arboliva|55/100|[from] item: Sitrus Berry\n|inactive|Time left: 300 sec this turn | 300 sec total | 5 sec grace\n|\n|t:|1783564991\n|switch|p1a: Garganacl|Garganacl, L80, M|143/291\n|turn|12\n|inactive|Time left: 300 sec this turn | 300 sec total\n|\n|t:|1783564992\n|move|p2a: Arboliva|Leech Seed|p1a: Garganacl\n|-start|p1a: Garganacl|move: Leech Seed\n|move|p1a: Garganacl|Salt Cure|p2a: Arboliva\n|-damage|p2a: Arboliva|41/100\n|-start|p2a: Arboliva|Salt Cure\n|\n|-heal|p1a: Garganacl|161/291|[from] item: Leftovers\n|-damage|p1a: Garganacl|125/291|[from] Leech Seed|[of] p2a: Arboliva\n|-heal|p2a: Arboliva|54/100|[silent]\n|-damage|p2a: Arboliva|41/100|[from] Salt Cure\n|upkeep\n|turn|13\n|inactive|Time left: 300 sec this turn | 300 sec total\n|\n|t:|1783564993\n|switch|p2a: Kleavor|Kleavor, L78, F|100/100\n|move|p1a: Garganacl|Recover|p1a: Garganacl\n|-heal|p1a: Garganacl|271/291\n|\n|-heal|p1a: Garganacl|289/291|[from] item: Leftovers\n|-damage|p1a: Garganacl|253/291|[from] Leech Seed|[of] p2a: Kleavor\n|upkeep\n|turn|14\n|inactive|Time left: 300 sec this turn | 300 sec total\n|\n|t:|1783564994\n|switch|p1a: Hitmonlee|Hitmonlee, L85, M|223/223\n|move|p2a: Kleavor|Stone Axe|p1a: Hitmonlee\n|-resisted|p1a: Hitmonlee\n|-damage|p1a: Hitmonlee|137/223\n|-sidestart|p1: p0x22333fc0|move: Stealth Rock\n|\n|upkeep\n|turn|15\n|inactive|Time left: 300 sec this turn | 300 sec total\n|\n|t:|1783564995\n|move|p2a: Kleavor|Stone Axe|p1a: Hitmonlee\n|-resisted|p1a: Hitmonlee\n|-damage|p1a: Hitmonlee|59/223\n|move|p1a: Hitmonlee|High Jump Kick|p2a: Kleavor\n|-damage|p2a: Kleavor|0 fnt\n|faint|p2a: Kleavor\n|\n|upkeep\n|\n|t:|1783564996\n|switch|p2a: Regieleki|Regieleki, L79|40/100\n|turn|16\n|inactive|Time left: 300 sec this turn | 300 sec total\n|\n|t:|1783564997\n|switch|p1a: Hypno|Hypno, L95, F|315/315\n|-damage|p1a: Hypno|276/315|[from] Stealth Rock\n|move|p2a: Regieleki|Volt Switch|p1a: Hypno\n|-damage|p1a: Hypno|198/315\n|\n|t:|1783564998\n|switch|p2a: Excadrill|Excadrill, L79, M|100/100|[from] Volt Switch\n|-ability|p2a: Excadrill|Mold Breaker\n|\n|-heal|p1a: Hypno|217/315|[from] item: Leftovers\n|upkeep\n|turn|17\n|inactive|Time left: 300 sec this turn | 300 sec total\n|\n|t:|1783564999\n|move|p2a: Excadrill|Earthquake|p1a: Hypno\n|-damage|p1a: Hypno|99/315\n|move|p1a: Hypno|Focus Blast|p2a: Excadrill|[miss]\n|-miss|p1a: Hypno|p2a: Excadrill\n|\n|-heal|p1a: Hypno|118/315|[from] item: Leftovers\n|upkeep\n|turn|18\n|inactive|Time left: 300 sec this turn | 300 sec total\n|\n|t:|1783565000\n|move|p1a: Hypno|Protect|p1a: Hypno\n|-singleturn|p1a: Hypno|Protect\n|move|p2a: Excadrill|Earthquake|p1a: Hypno\n|-activate|p1a: Hypno|move: Protect\n|\n|-heal|p1a: Hypno|137/315|[from] item: Leftovers\n|upkeep\n|turn|19\n|inactive|Time left: 300 sec this turn | 300 sec total\n|\n|t:|1783565001\n|move|p2a: Excadrill|Iron Head|p1a: Hypno\n|-damage|p1a: Hypno|35/315\n|cant|p1a: Hypno|flinch\n|\n|-heal|p1a: Hypno|54/315|[from] item: Leftovers\n|upkeep\n|turn|20\n|inactive|Time left: 300 sec this turn | 300 sec total\n|\n|t:|1783565002\n|move|p2a: Excadrill|Rapid Spin|p1a: Hypno\n|-damage|p1a: Hypno|10/315\n|-boost|p2a: Excadrill|spe|1\n|move|p1a: Hypno|Focus Blast|p2a: Excadrill|[miss]\n|-miss|p1a: Hypno|p2a: Excadrill\n|\n|-heal|p1a: Hypno|29/315|[from] item: Leftovers\n|upkeep\n|turn|21\n|inactive|Time left: 300 sec this turn | 300 sec total\n|\n|t:|1783565003\n|move|p2a: Excadrill|Rapid Spin|p1a: Hypno\n|-damage|p1a: Hypno|0 fnt\n|-boost|p2a: Excadrill|spe|1\n|faint|p1a: Hypno\n|\n|upkeep\n|inactive|Time left: 300 sec this turn | 300 sec total | 5 sec grace\n|\n|t:|1783565005\n|switch|p1a: Vaporeon|Vaporeon, L86, M|364/364\n|-damage|p1a: Vaporeon|319/364|[from] Stealth Rock\n|turn|22\n|inactive|Time left: 300 sec this turn | 300 sec total\n|\n|t:|1783565006\n|move|p2a: Excadrill|Rock Slide|p1a: Vaporeon\n|-damage|p1a: Vaporeon|238/364\n|cant|p1a: Vaporeon|flinch\n|\n|-heal|p1a: Vaporeon|260/364|[from] item: Leftovers\n|upkeep\n|turn|23\n|inactive|Time left: 300 sec this turn | 300 sec total\n|\n|t:|1783565007\n|move|p2a: Excadrill|Earthquake|p1a: Vaporeon\n|-damage|p1a: Vaporeon|113/364\n|move|p1a: Vaporeon|Scald|p2a: Excadrill\n|-supereffective|p2a: Excadrill\n|-damage|p2a: Excadrill|44/100\n|\n|-heal|p1a: Vaporeon|135/364|[from] item: Leftovers\n|upkeep\n|turn|24\n|inactive|Time left: 300 sec this turn | 300 sec total\n|\n|t:|1783565008\n|move|p2a: Excadrill|Earthquake|p1a: Vaporeon\n|-damage|p1a: Vaporeon|0 fnt\n|faint|p1a: Vaporeon\n|\n|upkeep\n|inactive|Time left: 300 sec this turn | 300 sec total | 5 sec grace\n|\n|t:|1783565009\n|switch|p1a: Hitmonlee|Hitmonlee, L85, M|59/223\n|-damage|p1a: Hitmonlee|46/223|[from] Stealth Rock\n|turn|25\n|inactive|Time left: 300 sec this turn | 300 sec total\n|\n|t:|1783565010\n|switch|p2a: Arboliva|Arboliva, L91, F, tera:Poison|41/100\n|move|p1a: Hitmonlee|Mach Punch|p2a: Arboliva\n|-resisted|p2a: Arboliva\n|-damage|p2a: Arboliva|28/100\n|\n|-item|p2a: Arboliva|Sitrus Berry|[from] ability: Harvest\n|upkeep\n|-enditem|p2a: Arboliva|Sitrus Berry|[eat]\n|-heal|p2a: Arboliva|53/100|[from] item: Sitrus Berry\n|turn|26\n|inactive|Time left: 300 sec this turn | 300 sec total\n|\n|t:|1783565011\n|move|p1a: Hitmonlee|Mach Punch|p2a: Arboliva\n|-resisted|p2a: Arboliva\n|-damage|p2a: Arboliva|41/100\n|move|p2a: Arboliva|Leech Seed|p1a: Hitmonlee\n|-start|p1a: Hitmonlee|move: Leech Seed\n|\n|-damage|p1a: Hitmonlee|19/223|[from] Leech Seed|[of] p2a: Arboliva\n|-heal|p2a: Arboliva|50/100|[silent]\n|upkeep\n|turn|27\n|inactive|Time left: 300 sec this turn | 300 sec total\n|\n|t:|1783565012\n|move|p1a: Hitmonlee|Mach Punch|p2a: Arboliva\n|-resisted|p2a: Arboliva\n|-damage|p2a: Arboliva|38/100\n|move|p2a: Arboliva|Leech Seed||[still]\n|-fail|p2a: Arboliva\n|\n|-damage|p1a: Hitmonlee|0 fnt|[from] Leech Seed|[of] p2a: Arboliva\n|-heal|p2a: Arboliva|44/100|[silent]\n|faint|p1a: Hitmonlee\n|upkeep\n|inactive|Time left: 300 sec this turn | 300 sec total | 5 sec grace\n|\n|t:|1783565013\n|switch|p1a: Magcargo|Magcargo, L95, M|268/268\n|turn|28\n|inactive|Time left: 300 sec this turn | 300 sec total\n|\n|t:|1783565014\n|switch|p2a: Regieleki|Regieleki, L79|40/100\n|move|p1a: Magcargo|Lava Plume|p2a: Regieleki\n|-damage|p2a: Regieleki|0 fnt\n|faint|p2a: Regieleki\n|\n|upkeep\n|\n|t:|1783565015\n|switch|p2a: Excadrill|Excadrill, L79, M|44/100\n|-ability|p2a: Excadrill|Mold Breaker\n|turn|29\n|inactive|Time left: 300 sec this turn | 300 sec total\n|\n|t:|1783565016\n|switch|p1a: Garganacl|Garganacl, L80, M|253/291\n|-damage|p1a: Garganacl|217/291|[from] Stealth Rock\n|move|p2a: Excadrill|Earthquake|p1a: Garganacl\n|-supereffective|p1a: Garganacl\n|-damage|p1a: Garganacl|19/291\n|\n|-heal|p1a: Garganacl|37/291|[from] item: Leftovers\n|upkeep\n|turn|30\n|inactive|Time left: 300 sec this turn | 300 sec total\n|\n|t:|1783565017\n|move|p2a: Excadrill|Earthquake|p1a: Garganacl\n|-supereffective|p1a: Garganacl\n|-damage|p1a: Garganacl|0 fnt\n|faint|p1a: Garganacl\n|\n|upkeep\n|inactive|Time left: 300 sec this turn | 300 sec total | 5 sec grace\n|\n|t:|1783565018\n|switch|p1a: Magcargo|Magcargo, L95, M|268/268\n|turn|31\n|inactive|Time left: 300 sec this turn | 300 sec total\n|\n|t:|1783565019\n|move|p2a: Excadrill|Earthquake|p1a: Magcargo\n|-supereffective|p1a: Magcargo\n|-damage|p1a: Magcargo|0 fnt\n|faint|p1a: Magcargo\n|\n|win|p0y22335251", "uploadtime": 1783565019, "views": 0, "rating": 0, "private": 0, "password": null, "_winner": "p0y22335251", "_our_name": "p0x22333fc0"}