{"id": "battle-gen9randombattle-786", "formatid": "gen9randombattle", "format": "[Gen 9] Random Battle", "players": ["p0x786d12e", "p0y786091a"], "log": "|init|battle\n|title|p0x786d12e vs. p0y786091a\n|j|\u2606p0x786d12e\n|j|\u2606p0y786091a\n|t:|1783548239\n|gametype|singles\n|player|p1|p0x786d12e|265|\n|player|p2|p0y786091a|1|\n|gen|9\n|tier|[Gen 9] Random Battle\n|rule|Species Clause: Limit one of each Pok\u00e9mon\n|rule|HP Percentage Mod: HP is shown in percentages\n|rule|Sleep Clause Mod: Limit one foe put to sleep\n|rule|Illusion Level Mod: Illusion disguises the Pok\u00e9mon's true level\n|\n|t:|1783548239\n|teamsize|p1|6\n|teamsize|p2|6\n|start\n|switch|p1a: Oricorio|Oricorio, L84, F|263/263\n|switch|p2a: Ceruledge|Ceruledge, L78, M|100/100\n|turn|1\n|inactive|Battle timer is ON: inactive players will automatically lose when time's up. (requested by p0y786091a)\n|inactive|Time left: 300 sec this turn | 300 sec total | 60 sec grace\n|\n|t:|1783548241\n|move|p1a: Oricorio|Quiver Dance|p1a: Oricorio\n|-boost|p1a: Oricorio|spa|1\n|-boost|p1a: Oricorio|spd|1\n|-boost|p1a: Oricorio|spe|1\n|move|p2a: Ceruledge|Swords Dance|p2a: Ceruledge\n|-boost|p2a: Ceruledge|atk|2\n|-activate|p1a: Oricorio|ability: Dancer\n|move|p1a: Oricorio|Swords Dance|p1a: Oricorio|[from] ability: Dancer\n|-boost|p1a: Oricorio|atk|2\n|\n|upkeep\n|turn|2\n|inactive|Time left: 300 sec this turn | 300 sec total\n|inactive|p0x786d12e also wants the timer to be on.\n|\n|t:|1783548242\n|-terastallize|p1a: Oricorio|Ground\n|move|p1a: Oricorio|Revelation Dance|p2a: Ceruledge\n|-supereffective|p2a: Ceruledge\n|-damage|p2a: Ceruledge|0 fnt\n|faint|p2a: Ceruledge\n|\n|upkeep\n|\n|t:|1783548243\n|switch|p2a: Garchomp|Garchomp, L74, F|100/100\n|turn|3\n|inactive|Time left: 300 sec this turn | 300 sec total\n|\n|t:|1783548244\n|move|p1a: Oricorio|Revelation Dance|p2a: Garchomp\n|-damage|p2a: Garchomp|45/100\n|move|p2a: Garchomp|Dragon Tail|p1a: Oricorio\n|-damage|p1a: Oricorio|194/263\n|drag|p1a: Chi-Yu|Chi-Yu, L77|211/211\n|-ability|p1a: Chi-Yu|Beads of Ruin\n|\n|upkeep\n|turn|4\n|inactive|Time left: 300 sec this turn | 300 sec total\n|\n|t:|1783548245\n|switch|p2a: Passimian|Passimian, L83, F|100/100\n|move|p1a: Chi-Yu|Dark Pulse|p2a: Passimian\n|-resisted|p2a: Passimian\n|-damage|p2a: Passimian|75/100\n|\n|upkeep\n|turn|5\n|inactive|Time left: 300 sec this turn | 300 sec total\n|\n|t:|1783548247\n|move|p2a: Passimian|Close Combat|p1a: Chi-Yu\n|-supereffective|p1a: Chi-Yu\n|-damage|p1a: Chi-Yu|0 fnt\n|-unboost|p2a: Passimian|def|1\n|-unboost|p2a: Passimian|spd|1\n|faint|p1a: Chi-Yu\n|\n|upkeep\n|inactive|Time left: 300 sec this turn | 300 sec total | 5 sec grace\n|\n|t:|1783548248\n|switch|p1a: Veluza|Veluza, L85, M|292/292\n|turn|6\n|inactive|Time left: 300 sec this turn | 300 sec total\n|\n|t:|1783548249\n|switch|p2a: Lunala|Lunala, L70|100/100\n|move|p1a: Veluza|Aqua Cutter|p2a: Lunala\n|-damage|p2a: Lunala|78/100\n|\n|-heal|p2a: Lunala|84/100|[from] item: Leftovers\n|upkeep\n|turn|7\n|inactive|Time left: 300 sec this turn | 300 sec total\n|\n|t:|1783548250\n|move|p1a: Veluza|Aqua Cutter|p2a: Lunala\n|-crit|p2a: Lunala\n|-damage|p2a: Lunala|13/100\n|move|p2a: Lunala|Moongeist Beam|p1a: Veluza\n|-supereffective|p1a: Veluza\n|-damage|p1a: Veluza|50/292\n|\n|-heal|p2a: Lunala|19/100|[from] item: Leftovers\n|upkeep\n|turn|8\n|inactive|Time left: 300 sec this turn | 300 sec total\n|\n|t:|1783548251\n|switch|p2a: Passimian|Passimian, L83, F|75/100\n|move|p1a: Veluza|Aqua Cutter|p2a: Passimian\n|-crit|p2a: Passimian\n|-damage|p2a: Passimian|19/100\n|\n|upkeep\n|turn|9\n|inactive|Time left: 300 sec this turn | 300 sec total\n|\n|t:|1783548252\n|switch|p1a: Arceus|Arceus-Poison, L70|284/284\n|move|p2a: Passimian|Close Combat|p1a: Arceus\n|-resisted|p1a: Arceus\n|-damage|p1a: Arceus|216/284\n|-unboost|p2a: Passimian|def|1\n|-unboost|p2a: Passimian|spd|1\n|\n|upkeep\n|turn|10\n|inactive|Time left: 300 sec this turn | 300 sec total\n|\n|t:|1783548254\n|move|p2a: Passimian|Close Combat|p1a: Arceus\n|-resisted|p1a: Arceus\n|-crit|p1a: Arceus\n|-damage|p1a: Arceus|111/284\n|-unboost|p2a: Passimian|def|1\n|-unboost|p2a: Passimian|spd|1\n|move|p1a: Arceus|Swords Dance|p1a: Arceus\n|-boost|p1a: Arceus|atk|2\n|\n|upkeep\n|turn|11\n|inactive|Time left: 300 sec this turn | 300 sec total\n|\n|t:|1783548255\n|switch|p2a: Corviknight|Corviknight, L80, M|100/100\n|move|p1a: Arceus|Extreme Speed|p2a: Corviknight\n|-resisted|p2a: Corviknight\n|-damage|p2a: Corviknight|85/100\n|-damage|p1a: Arceus|64/284|[from] item: Rocky Helmet|[of] p2a: Corviknight\n|\n|upkeep\n|turn|12\n|inactive|Time left: 300 sec this turn | 300 sec total\n|\n|t:|1783548256\n|move|p1a: Arceus|Gunk Shot|p2a: Corviknight\n|-immune|p2a: Corviknight\n|move|p2a: Corviknight|Brave Bird|p1a: Arceus\n|-damage|p1a: Arceus|0 fnt\n|faint|p1a: Arceus\n|-damage|p2a: Corviknight|78/100|[from] Recoil\n|\n|upkeep\n|inactive|Time left: 300 sec this turn | 300 sec total | 5 sec grace\n|\n|t:|1783548257\n|switch|p1a: Oricorio|Oricorio, L84, F, tera:Ground|194/263\n|turn|13\n|inactive|Time left: 300 sec this turn | 300 sec total\n|\n|t:|1783548257\n|move|p1a: Oricorio|Quiver Dance|p1a: Oricorio\n|-boost|p1a: Oricorio|spa|1\n|-boost|p1a: Oricorio|spd|1\n|-boost|p1a: Oricorio|spe|1\n|move|p2a: Corviknight|Brave Bird|p1a: Oricorio\n|-damage|p1a: Oricorio|71/263\n|-damage|p2a: Corviknight|64/100|[from] Recoil\n|\n|upkeep\n|turn|14\n|inactive|Time left: 300 sec this turn | 300 sec total\n|\n|t:|1783548258\n|move|p1a: Oricorio|Roost|p1a: Oricorio\n|-heal|p1a: Oricorio|203/263\n|move|p2a: Corviknight|Brave Bird|p1a: Oricorio\n|-damage|p1a: Oricorio|71/263\n|-damage|p2a: Corviknight|48/100|[from] Recoil\n|\n|upkeep\n|turn|15\n|inactive|Time left: 300 sec this turn | 300 sec total\n|\n|t:|1783548259\n|move|p1a: Oricorio|Roost|p1a: Oricorio\n|-heal|p1a: Oricorio|203/263\n|move|p2a: Corviknight|Brave Bird|p1a: Oricorio\n|-damage|p1a: Oricorio|65/263\n|-damage|p2a: Corviknight|32/100|[from] Recoil\n|\n|upkeep\n|turn|16\n|inactive|Time left: 300 sec this turn | 300 sec total\n|\n|t:|1783548260\n|move|p1a: Oricorio|Roost|p1a: Oricorio\n|-heal|p1a: Oricorio|197/263\n|move|p2a: Corviknight|Brave Bird|p1a: Oricorio\n|-damage|p1a: Oricorio|79/263\n|-damage|p2a: Corviknight|19/100|[from] Recoil\n|\n|upkeep\n|turn|17\n|inactive|Time left: 300 sec this turn | 300 sec total\n|\n|t:|1783548261\n|move|p1a: Oricorio|Roost|p1a: Oricorio\n|-heal|p1a: Oricorio|211/263\n|move|p2a: Corviknight|Roost|p2a: Corviknight\n|-heal|p2a: Corviknight|69/100\n|-singleturn|p2a: Corviknight|move: Roost\n|\n|upkeep\n|turn|18\n|inactive|Time left: 300 sec this turn | 300 sec total\n|\n|t:|1783548262\n|move|p1a: Oricorio|Quiver Dance|p1a: Oricorio\n|-boost|p1a: Oricorio|spa|1\n|-boost|p1a: Oricorio|spd|1\n|-boost|p1a: Oricorio|spe|1\n|move|p2a: Corviknight|Brave Bird|p1a: Oricorio\n|-damage|p1a: Oricorio|75/263\n|-damage|p2a: Corviknight|53/100|[from] Recoil\n|\n|upkeep\n|turn|19\n|inactive|Time left: 300 sec this turn | 300 sec total\n|\n|t:|1783548263\n|move|p1a: Oricorio|Roost|p1a: Oricorio\n|-heal|p1a: Oricorio|207/263\n|move|p2a: Corviknight|Brave Bird|p1a: Oricorio\n|-damage|p1a: Oricorio|87/263\n|-damage|p2a: Corviknight|39/100|[from] Recoil\n|\n|upkeep\n|turn|20\n|inactive|Time left: 300 sec this turn | 300 sec total\n|\n|t:|1783548264\n|move|p1a: Oricorio|Roost|p1a: Oricorio\n|-heal|p1a: Oricorio|219/263\n|move|p2a: Corviknight|Brave Bird|p1a: Oricorio\n|-damage|p1a: Oricorio|90/263\n|-damage|p2a: Corviknight|24/100|[from] Recoil\n|\n|upkeep\n|turn|21\n|inactive|Time left: 300 sec this turn | 300 sec total\n|\n|t:|1783548265\n|move|p1a: Oricorio|Roost|p1a: Oricorio\n|-heal|p1a: Oricorio|222/263\n|move|p2a: Corviknight|Brave Bird|p1a: Oricorio\n|-damage|p1a: Oricorio|89/263\n|-damage|p2a: Corviknight|9/100|[from] Recoil\n|\n|upkeep\n|turn|22\n|inactive|Time left: 300 sec this turn | 300 sec total\n|\n|t:|1783548266\n|move|p1a: Oricorio|Roost|p1a: Oricorio\n|-heal|p1a: Oricorio|221/263\n|move|p2a: Corviknight|Roost|p2a: Corviknight\n|-heal|p2a: Corviknight|59/100\n|-singleturn|p2a: Corviknight|move: Roost\n|\n|upkeep\n|turn|23\n|inactive|Time left: 300 sec this turn | 300 sec total\n|\n|t:|1783548268\n|move|p1a: Oricorio|Quiver Dance|p1a: Oricorio\n|-boost|p1a: Oricorio|spa|1\n|-boost|p1a: Oricorio|spd|1\n|-boost|p1a: Oricorio|spe|1\n|move|p2a: Corviknight|Brave Bird|p1a: Oricorio\n|-damage|p1a: Oricorio|104/263\n|-damage|p2a: Corviknight|46/100|[from] Recoil\n|\n|upkeep\n|turn|24\n|inactive|Time left: 300 sec this turn | 300 sec total\n|\n|t:|1783548269\n|move|p1a: Oricorio|Hurricane|p2a: Corviknight\n|-resisted|p2a: Corviknight\n|-crit|p2a: Corviknight\n|-damage|p2a: Corviknight|0 fnt\n|faint|p2a: Corviknight\n|\n|upkeep\n|\n|t:|1783548270\n|switch|p2a: Lunala|Lunala, L70|19/100\n|turn|25\n|inactive|Time left: 300 sec this turn | 300 sec total\n|\n|t:|1783548271\n|move|p1a: Oricorio|Revelation Dance|p2a: Lunala\n|-damage|p2a: Lunala|0 fnt\n|faint|p2a: Lunala\n|\n|upkeep\n|\n|t:|1783548272\n|switch|p2a: Passimian|Passimian, L83, F|19/100\n|turn|26\n|inactive|Time left: 300 sec this turn | 300 sec total\n|\n|t:|1783548273\n|move|p1a: Oricorio|Revelation Dance|p2a: Passimian\n|-damage|p2a: Passimian|0 fnt\n|faint|p2a: Passimian\n|\n|upkeep\n|\n|t:|1783548274\n|switch|p2a: Garchomp|Garchomp, L74, F|45/100\n|turn|27\n|inactive|Time left: 300 sec this turn | 300 sec total\n|\n|t:|1783548275\n|switch|p2a: Iron Treads|Iron Treads, L77|100/100\n|move|p1a: Oricorio|Revelation Dance|p2a: Iron Treads\n|-supereffective|p2a: Iron Treads\n|-damage|p2a: Iron Treads|0 fnt\n|faint|p2a: Iron Treads\n|-end|p2a: Iron Treads|Quark Drive|[silent]\n|\n|upkeep\n|\n|t:|1783548276\n|switch|p2a: Garchomp|Garchomp, L74, F|45/100\n|turn|28\n|inactive|Time left: 300 sec this turn | 300 sec total\n|\n|t:|1783548277\n|-terastallize|p2a: Garchomp|Ground\n|move|p1a: Oricorio|Revelation Dance|p2a: Garchomp\n|-damage|p2a: Garchomp|0 fnt\n|faint|p2a: Garchomp\n|\n|win|p0x786d12e", "uploadtime": 1783548277, "views": 0, "rating": 0, "private": 0, "password": null, "_winner": "p0x786d12e", "_our_name": "p0x786d12e"}