{"id": "battle-gen9randombattle-453", "formatid": "gen9randombattle", "format": "[Gen 9] Random Battle", "players": ["p0x45329d6", "p0y453f3ec"], "log": "|init|battle\n|title|p0x45329d6 vs. p0y453f3ec\n|j|\u2606p0x45329d6\n|j|\u2606p0y453f3ec\n|t:|1783544333\n|gametype|singles\n|player|p1|p0x45329d6|2|\n|player|p2|p0y453f3ec|101|\n|gen|9\n|tier|[Gen 9] Random Battle\n|rule|Species Clause: Limit one of each Pok\u00e9mon\n|rule|HP Percentage Mod: HP is shown in percentages\n|rule|Sleep Clause Mod: Limit one foe put to sleep\n|rule|Illusion Level Mod: Illusion disguises the Pok\u00e9mon's true level\n|\n|t:|1783544333\n|teamsize|p1|6\n|teamsize|p2|6\n|start\n|switch|p1a: Kleavor|Kleavor, L78, M|100/100\n|switch|p2a: Tsareena|Tsareena, L87, F|267/267\n|turn|1\n|inactive|Battle timer is ON: inactive players will automatically lose when time's up. (requested by p0x45329d6)\n|inactive|Time left: 300 sec this turn | 300 sec total | 60 sec grace\n|inactive|p0y453f3ec also wants the timer to be on.\n|\n|t:|1783544334\n|move|p1a: Kleavor|X-Scissor|p2a: Tsareena\n|-supereffective|p2a: Tsareena\n|-damage|p2a: Tsareena|25/267\n|move|p2a: Tsareena|Power Whip|p1a: Kleavor\n|-damage|p1a: Kleavor|30/100\n|\n|upkeep\n|turn|2\n|inactive|Time left: 300 sec this turn | 300 sec total\n|\n|t:|1783544336\n|switch|p2a: Necrozma|Necrozma-Dusk-Mane, L69|248/248\n|move|p1a: Kleavor|Stone Axe|p2a: Necrozma\n|-resisted|p2a: Necrozma\n|-damage|p2a: Necrozma|198/248\n|-sidestart|p2: p0y453f3ec|move: Stealth Rock\n|\n|upkeep\n|turn|3\n|inactive|Time left: 300 sec this turn | 300 sec total\n|\n|t:|1783544337\n|move|p1a: Kleavor|X-Scissor|p2a: Necrozma\n|-damage|p2a: Necrozma|69/248\n|move|p2a: Necrozma|Dragon Dance|p2a: Necrozma\n|-boost|p2a: Necrozma|atk|1\n|-boost|p2a: Necrozma|spe|1\n|\n|upkeep\n|turn|4\n|inactive|Time left: 300 sec this turn | 300 sec total\n|\n|t:|1783544338\n|switch|p1a: Mightyena|Mightyena, L96, M|100/100\n|-ability|p1a: Mightyena|Intimidate|boost\n|-unboost|p2a: Necrozma|atk|1\n|move|p2a: Necrozma|Morning Sun|p2a: Necrozma\n|-heal|p2a: Necrozma|193/248\n|\n|upkeep\n|turn|5\n|inactive|Time left: 300 sec this turn | 300 sec total\n|\n|t:|1783544339\n|move|p2a: Necrozma|Dragon Dance|p2a: Necrozma\n|-boost|p2a: Necrozma|atk|1\n|-boost|p2a: Necrozma|spe|1\n|move|p1a: Mightyena|Crunch|p2a: Necrozma\n|-supereffective|p2a: Necrozma\n|-damage|p2a: Necrozma|45/248\n|-enditem|p2a: Necrozma|Weakness Policy\n|-boost|p2a: Necrozma|atk|2|[from] item: Weakness Policy\n|-boost|p2a: Necrozma|spa|2|[from] item: Weakness Policy\n|\n|upkeep\n|turn|6\n|inactive|Time left: 300 sec this turn | 300 sec total\n|\n|t:|1783544340\n|move|p2a: Necrozma|Morning Sun|p2a: Necrozma\n|-heal|p2a: Necrozma|169/248\n|move|p1a: Mightyena|Crunch|p2a: Necrozma\n|-supereffective|p2a: Necrozma\n|-damage|p2a: Necrozma|21/248\n|\n|upkeep\n|turn|7\n|inactive|Time left: 300 sec this turn | 300 sec total\n|\n|t:|1783544341\n|move|p2a: Necrozma|Sunsteel Strike|p1a: Mightyena\n|-damage|p1a: Mightyena|1/100\n|move|p1a: Mightyena|Crunch|p2a: Necrozma\n|-supereffective|p2a: Necrozma\n|-damage|p2a: Necrozma|0 fnt\n|faint|p2a: Necrozma\n|\n|-heal|p1a: Mightyena|7/100|[from] item: Leftovers\n|upkeep\n|inactive|Time left: 300 sec this turn | 300 sec total | 5 sec grace\n|\n|t:|1783544342\n|switch|p2a: Flareon|Flareon, L90, M|263/263\n|-damage|p2a: Flareon|198/263|[from] Stealth Rock\n|turn|8\n|inactive|Time left: 300 sec this turn | 300 sec total\n|\n|t:|1783544343\n|move|p1a: Mightyena|Crunch|p2a: Flareon\n|-damage|p2a: Flareon|69/263\n|move|p2a: Flareon|Trailblaze|p1a: Mightyena\n|-damage|p1a: Mightyena|0 fnt\n|-boost|p2a: Flareon|spe|1\n|faint|p1a: Mightyena\n|\n|-status|p2a: Flareon|tox|[from] item: Toxic Orb\n|upkeep\n|\n|t:|1783544344\n|switch|p1a: Staraptor|Staraptor, L79, F|100/100\n|turn|9\n|inactive|Time left: 300 sec this turn | 300 sec total\n|\n|t:|1783544345\n|move|p1a: Staraptor|Brave Bird|p2a: Flareon\n|-damage|p2a: Flareon|0 fnt\n|faint|p2a: Flareon\n|-damage|p1a: Staraptor|92/100|[from] Recoil\n|\n|upkeep\n|inactive|Time left: 300 sec this turn | 300 sec total | 5 sec grace\n|\n|t:|1783544346\n|switch|p2a: Exeggutor|Exeggutor-Alola, L89, F|314/314\n|-damage|p2a: Exeggutor|275/314|[from] Stealth Rock\n|-item|p1a: Staraptor|Choice Scarf|[from] ability: Frisk|[of] p2a: Exeggutor\n|turn|10\n|inactive|Time left: 300 sec this turn | 300 sec total\n|\n|t:|1783544347\n|-terastallize|p2a: Exeggutor|Fire\n|move|p1a: Staraptor|Brave Bird|p2a: Exeggutor\n|-damage|p2a: Exeggutor|121/314\n|-damage|p1a: Staraptor|72/100|[from] Recoil\n|move|p2a: Exeggutor|Flamethrower|p1a: Staraptor\n|-damage|p1a: Staraptor|0 fnt\n|faint|p1a: Staraptor\n|\n|upkeep\n|\n|t:|1783544348\n|switch|p1a: Swalot|Swalot, L90, M|100/100\n|turn|11\n|inactive|Time left: 300 sec this turn | 300 sec total\n|\n|t:|1783544348\n|move|p1a: Swalot|Earthquake|p2a: Exeggutor\n|-supereffective|p2a: Exeggutor\n|-damage|p2a: Exeggutor|0 fnt\n|faint|p2a: Exeggutor\n|\n|upkeep\n|inactive|Time left: 300 sec this turn | 300 sec total | 5 sec grace\n|\n|t:|1783544349\n|switch|p2a: Tsareena|Tsareena, L87, F|25/267\n|turn|12\n|inactive|Time left: 300 sec this turn | 300 sec total\n|\n|t:|1783544350\n|move|p2a: Tsareena|Rapid Spin|p1a: Swalot\n|-damage|p1a: Swalot|86/100\n|-boost|p2a: Tsareena|spe|1\n|-sideend|p2: p0y453f3ec|Stealth Rock|[from] move: Rapid Spin|[of] p2a: Tsareena\n|move|p1a: Swalot|Swords Dance|p1a: Swalot\n|-boost|p1a: Swalot|atk|2\n|\n|-heal|p1a: Swalot|92/100|[from] item: Leftovers\n|upkeep\n|turn|13\n|inactive|Time left: 300 sec this turn | 300 sec total\n|\n|t:|1783544351\n|move|p2a: Tsareena|Knock Off|p1a: Swalot\n|-damage|p1a: Swalot|67/100\n|-enditem|p1a: Swalot|Leftovers|[from] move: Knock Off|[of] p2a: Tsareena\n|move|p1a: Swalot|Gunk Shot|p2a: Tsareena|[miss]\n|-miss|p1a: Swalot|p2a: Tsareena\n|\n|upkeep\n|turn|14\n|inactive|Time left: 300 sec this turn | 300 sec total\n|\n|t:|1783544352\n|move|p2a: Tsareena|Power Whip|p1a: Swalot\n|-resisted|p1a: Swalot\n|-crit|p1a: Swalot\n|-damage|p1a: Swalot|32/100\n|move|p1a: Swalot|Gunk Shot|p2a: Tsareena\n|-supereffective|p2a: Tsareena\n|-damage|p2a: Tsareena|0 fnt\n|faint|p2a: Tsareena\n|\n|upkeep\n|inactive|Time left: 300 sec this turn | 300 sec total | 5 sec grace\n|\n|t:|1783544353\n|switch|p2a: Dodrio|Dodrio, L85, M|241/241\n|turn|15\n|inactive|Time left: 300 sec this turn | 300 sec total\n|\n|t:|1783544354\n|move|p2a: Dodrio|Double-Edge|p1a: Swalot\n|-damage|p1a: Swalot|0 fnt\n|faint|p1a: Swalot\n|-damage|p2a: Dodrio|207/241|[from] Recoil\n|\n|upkeep\n|\n|t:|1783544355\n|switch|p1a: Amoonguss|Amoonguss, L82, M|100/100\n|turn|16\n|inactive|Time left: 300 sec this turn | 300 sec total\n|\n|t:|1783544355\n|switch|p2a: Uxie|Uxie, L83|260/260\n|-terastallize|p1a: Amoonguss|Steel\n|move|p1a: Amoonguss|Sludge Bomb|p2a: Uxie\n|-damage|p2a: Uxie|194/260\n|-status|p2a: Uxie|psn\n|\n|-heal|p2a: Uxie|210/260 psn|[from] item: Leftovers\n|-damage|p2a: Uxie|178/260 psn|[from] psn\n|upkeep\n|turn|17\n|inactive|Time left: 300 sec this turn | 300 sec total\n|\n|t:|1783544356\n|move|p2a: Uxie|Thunder Wave|p1a: Amoonguss\n|-status|p1a: Amoonguss|par\n|cant|p1a: Amoonguss|par\n|\n|-heal|p2a: Uxie|194/260 psn|[from] item: Leftovers\n|-damage|p2a: Uxie|162/260 psn|[from] psn\n|upkeep\n|turn|18\n|inactive|Time left: 300 sec this turn | 300 sec total\n|\n|t:|1783544357\n|switch|p2a: Dodrio|Dodrio, L85, M|207/241\n|move|p1a: Amoonguss|Sludge Bomb|p2a: Dodrio\n|-damage|p2a: Dodrio|92/241\n|\n|upkeep\n|turn|19\n|inactive|Time left: 300 sec this turn | 300 sec total\n|\n|t:|1783544359\n|move|p2a: Dodrio|Drill Run|p1a: Amoonguss\n|-supereffective|p1a: Amoonguss\n|-damage|p1a: Amoonguss|28/100 par\n|cant|p1a: Amoonguss|par\n|\n|-heal|p1a: Amoonguss|34/100 par|[from] item: Leftovers\n|upkeep\n|turn|20\n|inactive|Time left: 300 sec this turn | 300 sec total\n|\n|t:|1783544360\n|switch|p2a: Uxie|Uxie, L83|162/260 psn\n|switch|p1a: Brute Bonnet|Brute Bonnet, L80|100/100\n|\n|-heal|p2a: Uxie|178/260 psn|[from] item: Leftovers\n|-damage|p2a: Uxie|146/260 psn|[from] psn\n|upkeep\n|turn|21\n|inactive|Time left: 300 sec this turn | 300 sec total\n|\n|t:|1783544361\n|move|p2a: Uxie|Thunder Wave|p1a: Brute Bonnet\n|-status|p1a: Brute Bonnet|par\n|cant|p1a: Brute Bonnet|par\n|\n|-heal|p2a: Uxie|162/260 psn|[from] item: Leftovers\n|-damage|p2a: Uxie|130/260 psn|[from] psn\n|upkeep\n|turn|22\n|inactive|Time left: 300 sec this turn | 300 sec total\n|\n|t:|1783544362\n|switch|p2a: Dodrio|Dodrio, L85, M|92/241\n|move|p1a: Brute Bonnet|Crunch|p2a: Dodrio\n|-damage|p2a: Dodrio|0 fnt\n|faint|p2a: Dodrio\n|\n|upkeep\n|inactive|Time left: 300 sec this turn | 300 sec total | 5 sec grace\n|\n|t:|1783544362\n|switch|p2a: Uxie|Uxie, L83|130/260 psn\n|turn|23\n|inactive|Time left: 300 sec this turn | 300 sec total\n|\n|t:|1783544363\n|move|p2a: Uxie|Thunder Wave|p1a: Brute Bonnet\n|-fail|p1a: Brute Bonnet|par\n|move|p1a: Brute Bonnet|Crunch|p2a: Uxie\n|-supereffective|p2a: Uxie\n|-damage|p2a: Uxie|0 fnt\n|faint|p2a: Uxie\n|\n|win|p0x45329d6", "uploadtime": 1783544363, "views": 0, "rating": 0, "private": 0, "password": null, "_winner": "p0x45329d6", "_our_name": "p0y453f3ec"}