{"id": "battle-gen9randombattle-1797", "formatid": "gen9randombattle", "format": "[Gen 9] Random Battle", "players": ["p0x1797f74d", "p0y17972015"], "log": "|init|battle\n|title|p0x1797f74d vs. p0y17972015\n|j|\u2606p0x1797f74d\n|j|\u2606p0y17972015\n|t:|1783560043\n|gametype|singles\n|player|p1|p0x1797f74d|169|\n|player|p2|p0y17972015|170|\n|gen|9\n|tier|[Gen 9] Random Battle\n|rule|Species Clause: Limit one of each Pok\u00e9mon\n|rule|HP Percentage Mod: HP is shown in percentages\n|rule|Sleep Clause Mod: Limit one foe put to sleep\n|rule|Illusion Level Mod: Illusion disguises the Pok\u00e9mon's true level\n|\n|t:|1783560043\n|teamsize|p1|6\n|teamsize|p2|6\n|start\n|switch|p1a: Raikou|Raikou, L81|100/100\n|switch|p2a: Clodsire|Clodsire, L81, F|343/343\n|-ability|p1a: Raikou|Pressure\n|turn|1\n|inactive|Battle timer is ON: inactive players will automatically lose when time's up. (requested by p0y17972015)\n|inactive|p0x1797f74d also wants the timer to be on.\n|\n|t:|1783560045\n|move|p1a: Raikou|Scald|p2a: Clodsire\n|-supereffective|p2a: Clodsire\n|-damage|p2a: Clodsire|237/343\n|-status|p2a: Clodsire|brn\n|move|p2a: Clodsire|Earthquake|p1a: Raikou\n|-supereffective|p1a: Raikou\n|-damage|p1a: Raikou|65/100\n|\n|-heal|p1a: Raikou|71/100|[from] item: Leftovers\n|-heal|p2a: Clodsire|258/343 brn|[from] item: Leftovers\n|-damage|p2a: Clodsire|237/343 brn|[from] brn\n|upkeep\n|turn|2\n|inactive|Time left: 300 sec this turn | 300 sec total\n|\n|t:|1783560046\n|move|p1a: Raikou|Calm Mind|p1a: Raikou\n|-boost|p1a: Raikou|spa|1\n|-boost|p1a: Raikou|spd|1\n|move|p2a: Clodsire|Stealth Rock|p1a: Raikou\n|-sidestart|p1: p0x1797f74d|move: Stealth Rock\n|\n|-heal|p1a: Raikou|77/100|[from] item: Leftovers\n|-heal|p2a: Clodsire|258/343 brn|[from] item: Leftovers\n|-damage|p2a: Clodsire|237/343 brn|[from] brn\n|upkeep\n|turn|3\n|inactive|Time left: 300 sec this turn | 300 sec total\n|\n|t:|1783560047\n|move|p1a: Raikou|Calm Mind|p1a: Raikou\n|-boost|p1a: Raikou|spa|1\n|-boost|p1a: Raikou|spd|1\n|move|p2a: Clodsire|Recover|p2a: Clodsire\n|-heal|p2a: Clodsire|343/343 brn\n|\n|-heal|p1a: Raikou|83/100|[from] item: Leftovers\n|-damage|p2a: Clodsire|322/343 brn|[from] brn\n|upkeep\n|turn|4\n|inactive|Time left: 300 sec this turn | 300 sec total\n|\n|t:|1783560048\n|move|p1a: Raikou|Scald|p2a: Clodsire\n|-supereffective|p2a: Clodsire\n|-damage|p2a: Clodsire|198/343 brn\n|move|p2a: Clodsire|Earthquake|p1a: Raikou\n|-supereffective|p1a: Raikou\n|-crit|p1a: Raikou\n|-damage|p1a: Raikou|28/100\n|\n|-heal|p1a: Raikou|34/100|[from] item: Leftovers\n|-heal|p2a: Clodsire|219/343 brn|[from] item: Leftovers\n|-damage|p2a: Clodsire|198/343 brn|[from] brn\n|upkeep\n|turn|5\n|inactive|Time left: 300 sec this turn | 300 sec total\n|\n|t:|1783560049\n|move|p1a: Raikou|Substitute|p1a: Raikou\n|-start|p1a: Raikou|Substitute\n|-damage|p1a: Raikou|9/100\n|move|p2a: Clodsire|Earthquake|p1a: Raikou\n|-supereffective|p1a: Raikou\n|-end|p1a: Raikou|Substitute\n|\n|-heal|p1a: Raikou|15/100|[from] item: Leftovers\n|-heal|p2a: Clodsire|219/343 brn|[from] item: Leftovers\n|-damage|p2a: Clodsire|198/343 brn|[from] brn\n|upkeep\n|turn|6\n|inactive|Time left: 300 sec this turn | 300 sec total\n|\n|t:|1783560050\n|move|p1a: Raikou|Thunderbolt|p2a: Clodsire\n|-immune|p2a: Clodsire\n|move|p2a: Clodsire|Earthquake|p1a: Raikou\n|-supereffective|p1a: Raikou\n|-damage|p1a: Raikou|0 fnt\n|faint|p1a: Raikou\n|\n|-heal|p2a: Clodsire|219/343 brn|[from] item: Leftovers\n|-damage|p2a: Clodsire|198/343 brn|[from] brn\n|upkeep\n|\n|t:|1783560052\n|switch|p1a: Sudowoodo|Sudowoodo, L94, F|100/100\n|-damage|p1a: Sudowoodo|88/100|[from] Stealth Rock\n|turn|7\n|inactive|Time left: 300 sec this turn | 300 sec total\n|\n|t:|1783560053\n|switch|p2a: Gliscor|Gliscor, L76, M|239/239\n|move|p1a: Sudowoodo|Earthquake|p2a: Gliscor\n|-immune|p2a: Gliscor\n|\n|-heal|p1a: Sudowoodo|94/100|[from] item: Leftovers\n|-status|p2a: Gliscor|tox|[from] item: Toxic Orb\n|upkeep\n|turn|8\n|inactive|Time left: 300 sec this turn | 300 sec total\n|\n|t:|1783560054\n|move|p2a: Gliscor|Earthquake|p1a: Sudowoodo\n|-supereffective|p1a: Sudowoodo\n|-damage|p1a: Sudowoodo|46/100\n|move|p1a: Sudowoodo|Stealth Rock|p2a: Gliscor\n|-sidestart|p2: p0y17972015|move: Stealth Rock\n|\n|-heal|p1a: Sudowoodo|52/100|[from] item: Leftovers\n|upkeep\n|turn|9\n|inactive|Time left: 300 sec this turn | 300 sec total\n|\n|t:|1783560055\n|move|p2a: Gliscor|Earthquake|p1a: Sudowoodo\n|-supereffective|p1a: Sudowoodo\n|-damage|p1a: Sudowoodo|4/100\n|move|p1a: Sudowoodo|Head Smash|p2a: Gliscor\n|-damage|p2a: Gliscor|70/239 tox\n|\n|-heal|p1a: Sudowoodo|10/100|[from] item: Leftovers\n|-heal|p2a: Gliscor|99/239 tox|[from] ability: Poison Heal\n|upkeep\n|turn|10\n|inactive|Time left: 300 sec this turn | 300 sec total\n|\n|t:|1783560056\n|switch|p1a: Bronzong|Bronzong, L88|100/100\n|-damage|p1a: Bronzong|94/100|[from] Stealth Rock\n|move|p2a: Gliscor|Knock Off|p1a: Bronzong\n|-supereffective|p1a: Bronzong\n|-damage|p1a: Bronzong|62/100\n|-enditem|p1a: Bronzong|Chesto Berry|[from] move: Knock Off|[of] p2a: Gliscor\n|\n|-heal|p2a: Gliscor|128/239 tox|[from] ability: Poison Heal\n|upkeep\n|turn|11\n|inactive|Time left: 300 sec this turn | 300 sec total\n|\n|t:|1783560057\n|move|p2a: Gliscor|Protect|p2a: Gliscor\n|-singleturn|p2a: Gliscor|Protect\n|move|p1a: Bronzong|Psychic Noise|p2a: Gliscor\n|-activate|p2a: Gliscor|move: Protect\n|\n|-heal|p2a: Gliscor|157/239 tox|[from] ability: Poison Heal\n|upkeep\n|turn|12\n|inactive|Time left: 300 sec this turn | 300 sec total\n|\n|t:|1783560058\n|move|p2a: Gliscor|Knock Off|p1a: Bronzong\n|-supereffective|p1a: Bronzong\n|-damage|p1a: Bronzong|40/100\n|move|p1a: Bronzong|Psychic Noise|p2a: Gliscor\n|-damage|p2a: Gliscor|64/239 tox\n|-start|p2a: Gliscor|move: Heal Block\n|\n|upkeep\n|turn|13\n|inactive|Time left: 300 sec this turn | 300 sec total\n|\n|t:|1783560059\n|move|p2a: Gliscor|Protect|p2a: Gliscor\n|-singleturn|p2a: Gliscor|Protect\n|move|p1a: Bronzong|Psychic Noise|p2a: Gliscor\n|-activate|p2a: Gliscor|move: Protect\n|\n|-end|p2a: Gliscor|move: Heal Block\n|upkeep\n|turn|14\n|inactive|Time left: 300 sec this turn | 300 sec total\n|\n|t:|1783560060\n|move|p2a: Gliscor|Knock Off|p1a: Bronzong\n|-supereffective|p1a: Bronzong\n|-damage|p1a: Bronzong|19/100\n|move|p1a: Bronzong|Psychic Noise|p2a: Gliscor\n|-damage|p2a: Gliscor|0 fnt\n|faint|p2a: Gliscor\n|\n|upkeep\n|inactive|Time left: 300 sec this turn | 300 sec total | 5 sec grace\n|\n|t:|1783560061\n|switch|p2a: Urshifu|Urshifu-Rapid-Strike, L75, M|274/274\n|-damage|p2a: Urshifu|257/274|[from] Stealth Rock\n|turn|15\n|inactive|Time left: 300 sec this turn | 300 sec total\n|\n|t:|1783560062\n|switch|p1a: Shaymin|Shaymin, L82|100/100\n|-damage|p1a: Shaymin|88/100|[from] Stealth Rock\n|move|p2a: Urshifu|Surging Strikes|p1a: Shaymin\n|-resisted|p1a: Shaymin\n|-crit|p1a: Shaymin\n|-damage|p1a: Shaymin|78/100\n|-resisted|p1a: Shaymin\n|-crit|p1a: Shaymin\n|-damage|p1a: Shaymin|68/100\n|-resisted|p1a: Shaymin\n|-crit|p1a: Shaymin\n|-damage|p1a: Shaymin|58/100\n|-hitcount|p1a: Shaymin|3\n|\n|-heal|p1a: Shaymin|64/100|[from] item: Leftovers\n|upkeep\n|turn|16\n|inactive|Time left: 300 sec this turn | 300 sec total\n|\n|t:|1783560063\n|switch|p2a: Grafaiai|Grafaiai, L86, F|249/249\n|move|p1a: Shaymin|Seed Flare|p2a: Grafaiai\n|-resisted|p2a: Grafaiai\n|-damage|p2a: Grafaiai|183/249\n|\n|-heal|p1a: Shaymin|70/100|[from] item: Leftovers\n|upkeep\n|turn|17\n|inactive|Time left: 300 sec this turn | 300 sec total\n|\n|t:|1783560064\n|move|p2a: Grafaiai|Gunk Shot|p1a: Shaymin\n|-supereffective|p1a: Shaymin\n|-damage|p1a: Shaymin|0 fnt\n|faint|p1a: Shaymin\n|\n|upkeep\n|\n|t:|1783560065\n|switch|p1a: Bronzong|Bronzong, L88|19/100\n|-damage|p1a: Bronzong|13/100|[from] Stealth Rock\n|turn|18\n|inactive|Time left: 300 sec this turn | 300 sec total\n|\n|t:|1783560066\n|move|p2a: Grafaiai|Knock Off|p1a: Bronzong\n|-supereffective|p1a: Bronzong\n|-damage|p1a: Bronzong|0 fnt\n|faint|p1a: Bronzong\n|\n|upkeep\n|\n|t:|1783560067\n|switch|p1a: Drifblim|Drifblim, L86, M|100/100\n|turn|19\n|inactive|Time left: 300 sec this turn | 300 sec total\n|\n|t:|1783560068\n|move|p2a: Grafaiai|Knock Off|p1a: Drifblim\n|-supereffective|p1a: Drifblim\n|-damage|p1a: Drifblim|48/100\n|-enditem|p1a: Drifblim|Heavy-Duty Boots|[from] move: Knock Off|[of] p2a: Grafaiai\n|move|p1a: Drifblim|Strength Sap|p2a: Grafaiai\n|-unboost|p2a: Grafaiai|atk|1\n|-heal|p1a: Drifblim|100/100\n|\n|upkeep\n|turn|20\n|inactive|Time left: 300 sec this turn | 300 sec total\n|\n|t:|1783560069\n|move|p2a: Grafaiai|Parting Shot|p1a: Drifblim\n|-unboost|p1a: Drifblim|atk|1\n|-unboost|p1a: Drifblim|spa|1\n|inactive|Time left: 300 sec this turn | 300 sec total | 5 sec grace\n|\n|t:|1783560069\n|switch|p2a: Arceus|Arceus-Dark, L71|288/288|[from] Parting Shot\n|-damage|p2a: Arceus|252/288|[from] Stealth Rock\n|move|p1a: Drifblim|Air Slash|p2a: Arceus|[miss]\n|-miss|p1a: Drifblim|p2a: Arceus\n|\n|upkeep\n|turn|21\n|inactive|Time left: 300 sec this turn | 300 sec total\n|\n|t:|1783560070\n|switch|p1a: Comfey|Comfey, L85, F|100/100\n|-damage|p1a: Comfey|88/100|[from] Stealth Rock\n|move|p2a: Arceus|Calm Mind|p2a: Arceus\n|-boost|p2a: Arceus|spa|1\n|-boost|p2a: Arceus|spd|1\n|\n|-heal|p1a: Comfey|94/100|[from] item: Leftovers\n|upkeep\n|turn|22\n|inactive|Time left: 300 sec this turn | 300 sec total\n|\n|t:|1783560071\n|-terastallize|p2a: Arceus|Poison\n|move|p1a: Comfey|Calm Mind|p1a: Comfey\n|-boost|p1a: Comfey|spa|1\n|-boost|p1a: Comfey|spd|1\n|move|p2a: Arceus|Sludge Bomb|p1a: Comfey\n|-supereffective|p1a: Comfey\n|-damage|p1a: Comfey|30/100\n|\n|-heal|p1a: Comfey|36/100|[from] item: Leftovers\n|upkeep\n|turn|23\n|inactive|Time left: 300 sec this turn | 300 sec total\n|\n|t:|1783560072\n|-terastallize|p1a: Comfey|Poison\n|move|p1a: Comfey|Calm Mind|p1a: Comfey\n|-boost|p1a: Comfey|spa|1\n|-boost|p1a: Comfey|spd|1\n|move|p2a: Arceus|Sludge Bomb|p1a: Comfey\n|-resisted|p1a: Comfey\n|-damage|p1a: Comfey|25/100\n|\n|-heal|p1a: Comfey|32/100|[from] item: Leftovers\n|upkeep\n|turn|24\n|inactive|Time left: 300 sec this turn | 300 sec total\n|\n|t:|1783560074\n|move|p1a: Comfey|Calm Mind|p1a: Comfey\n|-boost|p1a: Comfey|spa|1\n|-boost|p1a: Comfey|spd|1\n|move|p2a: Arceus|Calm Mind|p2a: Arceus\n|-boost|p2a: Arceus|spa|1\n|-boost|p2a: Arceus|spd|1\n|\n|-heal|p1a: Comfey|38/100|[from] item: Leftovers\n|upkeep\n|turn|25\n|inactive|Time left: 300 sec this turn | 300 sec total\n|\n|t:|1783560075\n|move|p1a: Comfey|Stored Power|p2a: Arceus\n|-supereffective|p2a: Arceus\n|-damage|p2a: Arceus|38/288\n|move|p2a: Arceus|Judgment|p1a: Comfey\n|-damage|p1a: Comfey|8/100\n|\n|-heal|p1a: Comfey|14/100|[from] item: Leftovers\n|upkeep\n|turn|26\n|inactive|Time left: 300 sec this turn | 300 sec total\n|\n|t:|1783560076\n|move|p1a: Comfey|Stored Power|p2a: Arceus\n|-supereffective|p2a: Arceus\n|-damage|p2a: Arceus|0 fnt\n|faint|p2a: Arceus\n|\n|-heal|p1a: Comfey|20/100|[from] item: Leftovers\n|upkeep\n|inactive|Time left: 300 sec this turn | 300 sec total | 5 sec grace\n|\n|t:|1783560077\n|switch|p2a: Clodsire|Clodsire, L81, F|198/343 brn\n|-damage|p2a: Clodsire|177/343 brn|[from] Stealth Rock\n|turn|27\n|inactive|Time left: 300 sec this turn | 300 sec total\n|\n|t:|1783560078\n|move|p1a: Comfey|Stored Power|p2a: Clodsire\n|-supereffective|p2a: Clodsire\n|-damage|p2a: Clodsire|1/343 brn\n|move|p2a: Clodsire|Earthquake|p1a: Comfey\n|-supereffective|p1a: Comfey\n|-damage|p1a: Comfey|0 fnt\n|faint|p1a: Comfey\n|\n|-heal|p2a: Clodsire|22/343 brn|[from] item: Leftovers\n|-damage|p2a: Clodsire|1/343 brn|[from] brn\n|upkeep\n|\n|t:|1783560079\n|switch|p1a: Drifblim|Drifblim, L86, M|100/100\n|-damage|p1a: Drifblim|76/100|[from] Stealth Rock\n|turn|28\n|inactive|Time left: 300 sec this turn | 300 sec total\n|\n|t:|1783560080\n|switch|p2a: Grafaiai|Grafaiai, L86, F|183/249\n|move|p1a: Drifblim|Strength Sap|p2a: Grafaiai\n|-unboost|p2a: Grafaiai|atk|1\n|-heal|p1a: Drifblim|100/100\n|\n|upkeep\n|turn|29\n|inactive|Time left: 300 sec this turn | 300 sec total\n|\n|t:|1783560081\n|move|p2a: Grafaiai|Parting Shot|p1a: Drifblim\n|-unboost|p1a: Drifblim|atk|1\n|-unboost|p1a: Drifblim|spa|1\n|inactive|Time left: 300 sec this turn | 300 sec total | 5 sec grace\n|\n|t:|1783560083\n|switch|p2a: Clodsire|Clodsire, L81, F|1/343 brn|[from] Parting Shot\n|-damage|p2a: Clodsire|0 fnt|[from] Stealth Rock\n|faint|p2a: Clodsire\n|move|p1a: Drifblim|Air Slash|p2: Clodsire|[notarget]\n|-fail|p1a: Drifblim\n|\n|upkeep\n|inactive|Time left: 300 sec this turn | 300 sec total | 10 sec grace\n|\n|t:|1783560083\n|switch|p2a: Feraligatr|Feraligatr, L79, M|264/264\n|-damage|p2a: Feraligatr|231/264|[from] Stealth Rock\n|turn|30\n|inactive|Time left: 300 sec this turn | 300 sec total\n|\n|t:|1783560084\n|move|p1a: Drifblim|Strength Sap|p2a: Feraligatr\n|-unboost|p2a: Feraligatr|atk|1\n|move|p2a: Feraligatr|Dragon Dance|p2a: Feraligatr\n|-boost|p2a: Feraligatr|atk|1\n|-boost|p2a: Feraligatr|spe|1\n|\n|upkeep\n|turn|31\n|inactive|Time left: 300 sec this turn | 300 sec total\n|\n|t:|1783560085\n|move|p2a: Feraligatr|Dragon Dance|p2a: Feraligatr\n|-boost|p2a: Feraligatr|atk|1\n|-boost|p2a: Feraligatr|spe|1\n|move|p1a: Drifblim|Strength Sap|p2a: Feraligatr\n|-unboost|p2a: Feraligatr|atk|1\n|\n|upkeep\n|turn|32\n|inactive|Time left: 300 sec this turn | 300 sec total\n|\n|t:|1783560086\n|move|p2a: Feraligatr|Dragon Dance|p2a: Feraligatr\n|-boost|p2a: Feraligatr|atk|1\n|-boost|p2a: Feraligatr|spe|1\n|move|p1a: Drifblim|Strength Sap|p2a: Feraligatr\n|-unboost|p2a: Feraligatr|atk|1\n|\n|upkeep\n|turn|33\n|inactive|Time left: 300 sec this turn | 300 sec total\n|\n|t:|1783560087\n|move|p2a: Feraligatr|Dragon Dance|p2a: Feraligatr\n|-boost|p2a: Feraligatr|atk|1\n|-boost|p2a: Feraligatr|spe|1\n|move|p1a: Drifblim|Strength Sap|p2a: Feraligatr\n|-unboost|p2a: Feraligatr|atk|1\n|\n|upkeep\n|turn|34\n|inactive|Time left: 300 sec this turn | 300 sec total\n|\n|t:|1783560088\n|move|p2a: Feraligatr|Dragon Dance|p2a: Feraligatr\n|-boost|p2a: Feraligatr|atk|1\n|-boost|p2a: Feraligatr|spe|1\n|move|p1a: Drifblim|Strength Sap|p2a: Feraligatr\n|-unboost|p2a: Feraligatr|atk|1\n|\n|upkeep\n|turn|35\n|inactive|Time left: 300 sec this turn | 300 sec total\n|\n|t:|1783560089\n|move|p2a: Feraligatr|Dragon Dance|p2a: Feraligatr\n|-boost|p2a: Feraligatr|atk|1\n|-boost|p2a: Feraligatr|spe|1\n|move|p1a: Drifblim|Strength Sap|p2a: Feraligatr\n|-unboost|p2a: Feraligatr|atk|1\n|\n|upkeep\n|turn|36\n|inactive|Time left: 300 sec this turn | 300 sec total\n|\n|t:|1783560090\n|move|p2a: Feraligatr|Dragon Dance|p2a: Feraligatr\n|-boost|p2a: Feraligatr|atk|1\n|-boost|p2a: Feraligatr|spe|0\n|move|p1a: Drifblim|Strength Sap|p2a: Feraligatr\n|-unboost|p2a: Feraligatr|atk|1\n|\n|upkeep\n|turn|37\n|inactive|Time left: 300 sec this turn | 300 sec total\n|\n|t:|1783560092\n|move|p2a: Feraligatr|Dragon Dance|p2a: Feraligatr\n|-boost|p2a: Feraligatr|atk|1\n|-boost|p2a: Feraligatr|spe|0\n|move|p1a: Drifblim|Strength Sap|p2a: Feraligatr\n|-unboost|p2a: Feraligatr|atk|1\n|\n|upkeep\n|turn|38\n|inactive|Time left: 300 sec this turn | 300 sec total\n|\n|t:|1783560093\n|move|p2a: Feraligatr|Dragon Dance|p2a: Feraligatr\n|-boost|p2a: Feraligatr|atk|1\n|-boost|p2a: Feraligatr|spe|0\n|move|p1a: Drifblim|Strength Sap|p2a: Feraligatr\n|-unboost|p2a: Feraligatr|atk|1\n|\n|upkeep\n|turn|39\n|inactive|Time left: 300 sec this turn | 300 sec total\n|\n|t:|1783560094\n|move|p2a: Feraligatr|Dragon Dance|p2a: Feraligatr\n|-boost|p2a: Feraligatr|atk|1\n|-boost|p2a: Feraligatr|spe|0\n|move|p1a: Drifblim|Strength Sap|p2a: Feraligatr\n|-unboost|p2a: Feraligatr|atk|1\n|\n|upkeep\n|turn|40\n|inactive|Time left: 300 sec this turn | 300 sec total\n|\n|t:|1783560095\n|move|p2a: Feraligatr|Dragon Dance|p2a: Feraligatr\n|-boost|p2a: Feraligatr|atk|1\n|-boost|p2a: Feraligatr|spe|0\n|move|p1a: Drifblim|Strength Sap|p2a: Feraligatr\n|-unboost|p2a: Feraligatr|atk|1\n|\n|upkeep\n|turn|41\n|inactive|Time left: 300 sec this turn | 300 sec total\n|\n|t:|1783560096\n|move|p2a: Feraligatr|Dragon Dance|p2a: Feraligatr\n|-boost|p2a: Feraligatr|atk|1\n|-boost|p2a: Feraligatr|spe|0\n|move|p1a: Drifblim|Strength Sap|p2a: Feraligatr\n|-unboost|p2a: Feraligatr|atk|1\n|\n|upkeep\n|turn|42\n|inactive|Time left: 300 sec this turn | 300 sec total\n|\n|t:|1783560097\n|move|p2a: Feraligatr|Dragon Dance|p2a: Feraligatr\n|-boost|p2a: Feraligatr|atk|1\n|-boost|p2a: Feraligatr|spe|0\n|move|p1a: Drifblim|Strength Sap|p2a: Feraligatr\n|-unboost|p2a: Feraligatr|atk|1\n|\n|upkeep\n|turn|43\n|inactive|Time left: 300 sec this turn | 300 sec total\n|\n|t:|1783560098\n|move|p2a: Feraligatr|Dragon Dance|p2a: Feraligatr\n|-boost|p2a: Feraligatr|atk|1\n|-boost|p2a: Feraligatr|spe|0\n|move|p1a: Drifblim|Strength Sap|p2a: Feraligatr\n|-unboost|p2a: Feraligatr|atk|1\n|\n|upkeep\n|turn|44\n|inactive|Time left: 300 sec this turn | 300 sec total\n|\n|t:|1783560099\n|move|p2a: Feraligatr|Ice Punch|p1a: Drifblim\n|-supereffective|p1a: Drifblim\n|-damage|p1a: Drifblim|38/100\n|move|p1a: Drifblim|Shadow Ball|p2a: Feraligatr\n|-damage|p2a: Feraligatr|173/264\n|\n|upkeep\n|turn|45\n|inactive|Time left: 300 sec this turn | 300 sec total\n|\n|t:|1783560100\n|switch|p1a: Sudowoodo|Sudowoodo, L94, F|10/100\n|-damage|p1a: Sudowoodo|0 fnt|[from] Stealth Rock\n|faint|p1a: Sudowoodo\n|move|p2a: Feraligatr|Ice Punch|p1: Sudowoodo|[notarget]\n|-fail|p2a: Feraligatr\n|\n|upkeep\n|\n|t:|1783560101\n|switch|p1a: Drifblim|Drifblim, L86, M|38/100\n|-damage|p1a: Drifblim|14/100|[from] Stealth Rock\n|turn|46\n|inactive|Time left: 300 sec this turn | 300 sec total\n|\n|t:|1783560102\n|move|p2a: Feraligatr|Ice Punch|p1a: Drifblim\n|-supereffective|p1a: Drifblim\n|-damage|p1a: Drifblim|0 fnt\n|-damage|p2a: Feraligatr|107/264|[from] ability: Aftermath|[of] p1a: Drifblim\n|faint|p1a: Drifblim\n|\n|win|p0y17972015", "uploadtime": 1783560102, "views": 0, "rating": 0, "private": 0, "password": null, "_winner": "p0y17972015", "_our_name": "p0y17972015"}