{"id": "battle-gen9randombattle-2459", "formatid": "gen9randombattle", "format": "[Gen 9] Random Battle", "players": ["p0x24595c9b", "p0y2459a675"], "log": "|init|battle\n|title|p0x24595c9b vs. p0y2459a675\n|j|\u2606p0x24595c9b\n|j|\u2606p0y2459a675\n|t:|1783568487\n|gametype|singles\n|player|p1|p0x24595c9b|265|\n|player|p2|p0y2459a675|265|\n|gen|9\n|tier|[Gen 9] Random Battle\n|rule|Species Clause: Limit one of each Pok\u00e9mon\n|rule|HP Percentage Mod: HP is shown in percentages\n|rule|Sleep Clause Mod: Limit one foe put to sleep\n|rule|Illusion Level Mod: Illusion disguises the Pok\u00e9mon's true level\n|\n|t:|1783568487\n|teamsize|p1|6\n|teamsize|p2|6\n|start\n|switch|p1a: Arcanine|Arcanine-Hisui, L79, F|100/100\n|switch|p2a: Eternatus|Eternatus, L69|308/308\n|-ability|p2a: Eternatus|Pressure\n|turn|1\n|inactive|Battle timer is ON: inactive players will automatically lose when time's up. (requested by p0x24595c9b)\n|inactive|Time left: 300 sec this turn | 300 sec total | 60 sec grace\n|inactive|p0y2459a675 also wants the timer to be on.\n|\n|t:|1783568488\n|move|p2a: Eternatus|Dynamax Cannon|p1a: Arcanine\n|-damage|p1a: Arcanine|57/100\n|move|p1a: Arcanine|Head Smash|p2a: Eternatus\n|-damage|p2a: Eternatus|109/308\n|\n|-heal|p2a: Eternatus|128/308|[from] item: Leftovers\n|upkeep\n|turn|2\n|inactive|Time left: 300 sec this turn | 300 sec total\n|\n|t:|1783568490\n|move|p2a: Eternatus|Dynamax Cannon|p1a: Arcanine\n|-damage|p1a: Arcanine|15/100\n|move|p1a: Arcanine|Head Smash|p2a: Eternatus\n|-damage|p2a: Eternatus|0 fnt\n|faint|p2a: Eternatus\n|\n|upkeep\n|inactive|Time left: 300 sec this turn | 300 sec total | 5 sec grace\n|\n|t:|1783568491\n|switch|p2a: Jolteon|Jolteon, L84, M|246/246\n|turn|3\n|inactive|Time left: 300 sec this turn | 300 sec total\n|\n|t:|1783568492\n|move|p1a: Arcanine|Extreme Speed|p2a: Jolteon\n|-damage|p2a: Jolteon|169/246\n|move|p2a: Jolteon|Thunderbolt|p1a: Arcanine\n|-damage|p1a: Arcanine|0 fnt\n|faint|p1a: Arcanine\n|\n|upkeep\n|\n|t:|1783568493\n|switch|p1a: Dragonite|Dragonite, L74, F|100/100\n|turn|4\n|inactive|Time left: 300 sec this turn | 300 sec total\n|\n|t:|1783568494\n|move|p2a: Jolteon|Volt Switch|p1a: Dragonite\n|-damage|p1a: Dragonite|83/100\n|inactive|Time left: 300 sec this turn | 300 sec total | 5 sec grace\n|\n|t:|1783568495\n|switch|p2a: Moltres|Moltres, L81|278/278|[from] Volt Switch\n|move|p1a: Dragonite|Outrage|p2a: Moltres\n|-damage|p2a: Moltres|154/278\n|\n|upkeep\n|turn|5\n|inactive|Time left: 300 sec this turn | 300 sec total\n|\n|t:|1783568497\n|move|p2a: Moltres|Will-O-Wisp|p1a: Dragonite\n|-status|p1a: Dragonite|brn\n|move|p1a: Dragonite|Outrage|p2a: Moltres|[from] lockedmove\n|-damage|p2a: Moltres|89/278\n|\n|-damage|p1a: Dragonite|77/100 brn|[from] brn\n|upkeep\n|turn|6\n|inactive|Time left: 300 sec this turn | 300 sec total\n|\n|t:|1783568498\n|move|p2a: Moltres|Roost|p2a: Moltres\n|-heal|p2a: Moltres|228/278\n|-singleturn|p2a: Moltres|move: Roost\n|move|p1a: Dragonite|Outrage|p2a: Moltres|[from] lockedmove\n|-damage|p2a: Moltres|160/278\n|-start|p1a: Dragonite|confusion|[fatigue]\n|\n|-damage|p1a: Dragonite|71/100 brn|[from] brn\n|upkeep\n|turn|7\n|inactive|Time left: 300 sec this turn | 300 sec total\n|\n|t:|1783568499\n|move|p2a: Moltres|Roost|p2a: Moltres\n|-heal|p2a: Moltres|278/278\n|-singleturn|p2a: Moltres|move: Roost\n|-activate|p1a: Dragonite|confusion\n|-damage|p1a: Dragonite|58/100 brn|[from] confusion\n|\n|-damage|p1a: Dragonite|52/100 brn|[from] brn\n|upkeep\n|turn|8\n|inactive|Time left: 300 sec this turn | 300 sec total\n|\n|t:|1783568500\n|move|p2a: Moltres|Brave Bird|p1a: Dragonite\n|-crit|p1a: Dragonite\n|-damage|p1a: Dragonite|0 fnt\n|faint|p1a: Dragonite\n|-damage|p2a: Moltres|234/278|[from] Recoil\n|\n|upkeep\n|\n|t:|1783568501\n|switch|p1a: Roaring Moon|Roaring Moon, L72|100/100\n|turn|9\n|inactive|Time left: 300 sec this turn | 300 sec total\n|\n|t:|1783568502\n|move|p1a: Roaring Moon|Dragon Dance|p1a: Roaring Moon\n|-boost|p1a: Roaring Moon|atk|1\n|-boost|p1a: Roaring Moon|spe|1\n|move|p2a: Moltres|Will-O-Wisp|p1a: Roaring Moon\n|-status|p1a: Roaring Moon|brn\n|-enditem|p1a: Roaring Moon|Lum Berry|[eat]\n|-curestatus|p1a: Roaring Moon|brn|[msg]\n|\n|upkeep\n|turn|10\n|inactive|Time left: 300 sec this turn | 300 sec total\n|\n|t:|1783568503\n|move|p1a: Roaring Moon|Outrage|p2a: Moltres\n|-damage|p2a: Moltres|27/278\n|-status|p1a: Roaring Moon|brn|[from] ability: Flame Body|[of] p2a: Moltres\n|move|p2a: Moltres|Will-O-Wisp|p1a: Roaring Moon\n|-fail|p1a: Roaring Moon|brn\n|\n|-damage|p1a: Roaring Moon|95/100 brn|[from] brn\n|upkeep\n|turn|11\n|inactive|Time left: 300 sec this turn | 300 sec total\n|\n|t:|1783568504\n|switch|p2a: Brute Bonnet|Brute Bonnet, L80|309/309\n|move|p1a: Roaring Moon|Outrage|p2a: Brute Bonnet|[from] lockedmove\n|-damage|p2a: Brute Bonnet|225/309\n|-start|p1a: Roaring Moon|confusion|[fatigue]\n|\n|-heal|p2a: Brute Bonnet|244/309|[from] item: Leftovers\n|-damage|p1a: Roaring Moon|89/100 brn|[from] brn\n|upkeep\n|turn|12\n|inactive|Time left: 300 sec this turn | 300 sec total\n|\n|t:|1783568505\n|-activate|p1a: Roaring Moon|confusion\n|move|p1a: Roaring Moon|Knock Off|p2a: Brute Bonnet\n|-resisted|p2a: Brute Bonnet\n|-damage|p2a: Brute Bonnet|208/309\n|-enditem|p2a: Brute Bonnet|Leftovers|[from] move: Knock Off|[of] p1a: Roaring Moon\n|move|p2a: Brute Bonnet|Close Combat|p1a: Roaring Moon\n|-supereffective|p1a: Roaring Moon\n|-damage|p1a: Roaring Moon|0 fnt\n|-unboost|p2a: Brute Bonnet|def|1\n|-unboost|p2a: Brute Bonnet|spd|1\n|faint|p1a: Roaring Moon\n|-end|p1a: Roaring Moon|Protosynthesis|[silent]\n|\n|upkeep\n|\n|t:|1783568506\n|switch|p1a: Leafeon|Leafeon, L88, F|100/100\n|turn|13\n|inactive|Time left: 300 sec this turn | 300 sec total\n|\n|t:|1783568507\n|-end|p2a: Brute Bonnet|Protosynthesis|[silent]\n|switch|p2a: Kricketune|Kricketune, L99, M|312/312\n|move|p1a: Leafeon|Swords Dance|p1a: Leafeon\n|-boost|p1a: Leafeon|atk|2\n|\n|upkeep\n|turn|14\n|inactive|Time left: 300 sec this turn | 300 sec total\n|\n|t:|1783568508\n|move|p1a: Leafeon|Double-Edge|p2a: Kricketune\n|-damage|p2a: Kricketune|0 fnt\n|faint|p2a: Kricketune\n|-damage|p1a: Leafeon|61/100|[from] Recoil\n|-damage|p1a: Leafeon|51/100|[from] item: Life Orb\n|\n|upkeep\n|inactive|Time left: 300 sec this turn | 300 sec total | 5 sec grace\n|\n|t:|1783568509\n|switch|p2a: Brute Bonnet|Brute Bonnet, L80|208/309\n|turn|15\n|inactive|Time left: 300 sec this turn | 300 sec total\n|\n|t:|1783568510\n|move|p1a: Leafeon|Leaf Blade|p2a: Brute Bonnet\n|-resisted|p2a: Brute Bonnet\n|-damage|p2a: Brute Bonnet|65/309\n|-damage|p1a: Leafeon|41/100|[from] item: Life Orb\n|move|p2a: Brute Bonnet|Crunch|p1a: Leafeon\n|-damage|p1a: Leafeon|14/100\n|\n|upkeep\n|turn|16\n|inactive|Time left: 300 sec this turn | 300 sec total\n|\n|t:|1783568511\n|move|p1a: Leafeon|Swords Dance|p1a: Leafeon\n|-boost|p1a: Leafeon|atk|2\n|move|p2a: Brute Bonnet|Crunch|p1a: Leafeon\n|-damage|p1a: Leafeon|0 fnt\n|faint|p1a: Leafeon\n|\n|upkeep\n|\n|t:|1783568512\n|switch|p1a: Chansey|Chansey, L85, F|100/100\n|turn|17\n|inactive|Time left: 300 sec this turn | 300 sec total\n|\n|t:|1783568513\n|move|p2a: Brute Bonnet|Spore|p1a: Chansey\n|-status|p1a: Chansey|slp|[from] move: Spore\n|cant|p1a: Chansey|slp\n|\n|upkeep\n|turn|18\n|inactive|Time left: 300 sec this turn | 300 sec total\n|\n|t:|1783568514\n|-curestatus|p1a: Chansey|slp|[from] ability: Natural Cure|[silent]\n|switch|p1a: Alomomola|Alomomola, L87, F|100/100\n|move|p2a: Brute Bonnet|Crunch|p1a: Alomomola\n|-damage|p1a: Alomomola|75/100\n|\n|upkeep\n|turn|19\n|inactive|Time left: 300 sec this turn | 300 sec total\n|\n|t:|1783568515\n|move|p1a: Alomomola|Wish|p1a: Alomomola\n|move|p2a: Brute Bonnet|Spore|p1a: Alomomola\n|-status|p1a: Alomomola|slp|[from] move: Spore\n|\n|upkeep\n|turn|20\n|inactive|Time left: 300 sec this turn | 300 sec total\n|\n|t:|1783568516\n|-end|p2a: Brute Bonnet|Protosynthesis|[silent]\n|switch|p2a: Jolteon|Jolteon, L84, M|169/246\n|cant|p1a: Alomomola|slp\n|\n|-heal|p1a: Alomomola|100/100 slp|[from] move: Wish|[wisher] Alomomola\n|upkeep\n|turn|21\n|inactive|Time left: 300 sec this turn | 300 sec total\n|\n|t:|1783568517\n|switch|p1a: Chansey|Chansey, L85, F|100/100\n|move|p2a: Jolteon|Calm Mind|p2a: Jolteon\n|-boost|p2a: Jolteon|spa|1\n|-boost|p2a: Jolteon|spd|1\n|\n|upkeep\n|turn|22\n|inactive|Time left: 300 sec this turn | 300 sec total\n|\n|t:|1783568518\n|move|p2a: Jolteon|Calm Mind|p2a: Jolteon\n|-boost|p2a: Jolteon|spa|1\n|-boost|p2a: Jolteon|spd|1\n|move|p1a: Chansey|Seismic Toss|p2a: Jolteon\n|-damage|p2a: Jolteon|84/246\n|\n|upkeep\n|turn|23\n|inactive|Time left: 300 sec this turn | 300 sec total\n|\n|t:|1783568519\n|move|p2a: Jolteon|Volt Switch|p1a: Chansey\n|-damage|p1a: Chansey|83/100\n|inactive|Time left: 300 sec this turn | 300 sec total | 5 sec grace\n|\n|t:|1783568521\n|switch|p2a: Palafin|Palafin, L77, F|281/281|[from] Volt Switch\n|move|p1a: Chansey|Seismic Toss|p2a: Palafin\n|-damage|p2a: Palafin|196/281\n|\n|upkeep\n|turn|24\n|inactive|Time left: 300 sec this turn | 300 sec total\n|\n|t:|1783568522\n|switch|p1a: Alomomola|Alomomola, L87, F|100/100 slp\n|move|p2a: Palafin|Close Combat|p1a: Alomomola\n|-damage|p1a: Alomomola|79/100 slp\n|-unboost|p2a: Palafin|def|1\n|-unboost|p2a: Palafin|spd|1\n|\n|upkeep\n|turn|25\n|inactive|Time left: 300 sec this turn | 300 sec total\n|\n|t:|1783568523\n|detailschange|p2a: Palafin|Palafin-Hero, L77, F\n|switch|p2a: Jolteon|Jolteon, L84, M|84/246\n|cant|p1a: Alomomola|slp\n|\n|upkeep\n|turn|26\n|inactive|Time left: 300 sec this turn | 300 sec total\n|\n|t:|1783568524\n|switch|p1a: Chansey|Chansey, L85, F|83/100\n|move|p2a: Jolteon|Volt Switch|p1a: Chansey\n|-damage|p1a: Chansey|75/100\n|inactive|Time left: 300 sec this turn | 300 sec total | 5 sec grace\n|\n|t:|1783568525\n|switch|p2a: Palafin|Palafin-Hero, L77, F|196/281|[from] Volt Switch\n|-activate|p2a: Palafin|ability: Zero to Hero\n|\n|upkeep\n|turn|27\n|inactive|Time left: 300 sec this turn | 300 sec total\n|\n|t:|1783568526\n|switch|p1a: Alomomola|Alomomola, L87, F|100/100 slp\n|move|p2a: Palafin|Close Combat|p1a: Alomomola\n|-damage|p1a: Alomomola|63/100 slp\n|-unboost|p2a: Palafin|def|1\n|-unboost|p2a: Palafin|spd|1\n|\n|upkeep\n|turn|28\n|inactive|Time left: 300 sec this turn | 300 sec total\n|\n|t:|1783568527\n|move|p2a: Palafin|Close Combat|p1a: Alomomola\n|-damage|p1a: Alomomola|21/100 slp\n|-unboost|p2a: Palafin|def|1\n|-unboost|p2a: Palafin|spd|1\n|-curestatus|p1a: Alomomola|slp|[msg]\n|move|p1a: Alomomola|Scald|p2a: Palafin\n|-resisted|p2a: Palafin\n|-damage|p2a: Palafin|143/281\n|-status|p2a: Palafin|brn\n|\n|-damage|p2a: Palafin|126/281 brn|[from] brn\n|upkeep\n|turn|29\n|inactive|Time left: 300 sec this turn | 300 sec total\n|\n|t:|1783568528\n|move|p1a: Alomomola|Protect|p1a: Alomomola\n|-singleturn|p1a: Alomomola|Protect\n|move|p2a: Palafin|Close Combat|p1a: Alomomola\n|-activate|p1a: Alomomola|move: Protect\n|\n|-damage|p2a: Palafin|109/281 brn|[from] brn\n|upkeep\n|turn|30\n|inactive|Time left: 300 sec this turn | 300 sec total\n|\n|t:|1783568529\n|move|p2a: Palafin|Close Combat|p1a: Alomomola\n|-damage|p1a: Alomomola|1/100\n|-unboost|p2a: Palafin|def|1\n|-unboost|p2a: Palafin|spd|1\n|move|p1a: Alomomola|Flip Turn|p2a: Palafin\n|-resisted|p2a: Palafin\n|-damage|p2a: Palafin|40/281 brn\n|\n|t:|1783568530\n|switch|p1a: Chansey|Chansey, L85, F|75/100|[from] Flip Turn\n|\n|-damage|p2a: Palafin|23/281 brn|[from] brn\n|upkeep\n|turn|31\n|inactive|Time left: 300 sec this turn | 300 sec total\n|\n|t:|1783568531\n|switch|p1a: Alomomola|Alomomola, L87, F|34/100\n|move|p2a: Palafin|Close Combat|p1a: Alomomola\n|-damage|p1a: Alomomola|16/100\n|-unboost|p2a: Palafin|def|1\n|-unboost|p2a: Palafin|spd|1\n|\n|-damage|p2a: Palafin|6/281 brn|[from] brn\n|upkeep\n|turn|32\n|inactive|Time left: 300 sec this turn | 300 sec total\n|\n|t:|1783568532\n|move|p1a: Alomomola|Protect|p1a: Alomomola\n|-singleturn|p1a: Alomomola|Protect\n|move|p2a: Palafin|Close Combat|p1a: Alomomola\n|-activate|p1a: Alomomola|move: Protect\n|\n|-damage|p2a: Palafin|0 fnt|[from] brn\n|faint|p2a: Palafin\n|upkeep\n|inactive|Time left: 300 sec this turn | 300 sec total | 5 sec grace\n|\n|t:|1783568533\n|switch|p2a: Brute Bonnet|Brute Bonnet, L80|65/309\n|turn|33\n|inactive|Time left: 300 sec this turn | 300 sec total\n|\n|t:|1783568534\n|switch|p1a: Chansey|Chansey, L85, F|75/100\n|move|p2a: Brute Bonnet|Close Combat|p1a: Chansey\n|-supereffective|p1a: Chansey\n|-damage|p1a: Chansey|0 fnt\n|-unboost|p2a: Brute Bonnet|def|1\n|-unboost|p2a: Brute Bonnet|spd|1\n|faint|p1a: Chansey\n|\n|upkeep\n|\n|t:|1783568535\n|switch|p1a: Alomomola|Alomomola, L87, F|49/100\n|turn|34\n|inactive|Time left: 300 sec this turn | 300 sec total\n|\n|t:|1783568536\n|-end|p2a: Brute Bonnet|Protosynthesis|[silent]\n|switch|p2a: Jolteon|Jolteon, L84, M|84/246\n|move|p1a: Alomomola|Wish|p1a: Alomomola\n|\n|upkeep\n|turn|35\n|inactive|Time left: 300 sec this turn | 300 sec total\n|\n|t:|1783568537\n|-terastallize|p2a: Jolteon|Electric\n|-terastallize|p1a: Alomomola|Steel\n|move|p2a: Jolteon|Thunderbolt|p1a: Alomomola\n|-damage|p1a: Alomomola|0 fnt\n|faint|p1a: Alomomola\n|\n|win|p0y2459a675", "uploadtime": 1783568537, "views": 0, "rating": 0, "private": 0, "password": null, "_winner": "p0y2459a675", "_our_name": "p0y2459a675"}