{"id": "battle-gen9randombattle-2530", "formatid": "gen9randombattle", "format": "[Gen 9] Random Battle", "players": ["p0x25302cd5", "p0y2530942a"], "log": "|init|battle\n|title|p0x25302cd5 vs. p0y2530942a\n|j|\u2606p0x25302cd5\n|j|\u2606p0y2530942a\n|t:|1783569283\n|gametype|singles\n|player|p1|p0x25302cd5|101|\n|player|p2|p0y2530942a|1|\n|gen|9\n|tier|[Gen 9] Random Battle\n|rule|Species Clause: Limit one of each Pok\u00e9mon\n|rule|HP Percentage Mod: HP is shown in percentages\n|rule|Sleep Clause Mod: Limit one foe put to sleep\n|rule|Illusion Level Mod: Illusion disguises the Pok\u00e9mon's true level\n|\n|t:|1783569283\n|teamsize|p1|6\n|teamsize|p2|6\n|start\n|switch|p1a: Ninetales|Ninetales-Alola, L78, M|100/100\n|switch|p2a: Groudon|Groudon, L72|263/263\n|-weather|Snowscape|[from] ability: Snow Warning|[of] p1a: Ninetales\n|-weather|SunnyDay|[from] ability: Drought|[of] p2a: Groudon\n|turn|1\n|inactive|Battle timer is ON: inactive players will automatically lose when time's up. (requested by p0x25302cd5)\n|inactive|Time left: 300 sec this turn | 300 sec total | 60 sec grace\n|inactive|p0y2530942a also wants the timer to be on.\n|\n|t:|1783569284\n|switch|p1a: Groudon|Groudon, L72|100/100\n|move|p2a: Groudon|Heat Crash|p1a: Groudon\n|-damage|p1a: Groudon|88/100\n|\n|-weather|SunnyDay|[upkeep]\n|-heal|p1a: Groudon|94/100|[from] item: Leftovers\n|upkeep\n|turn|2\n|inactive|Time left: 300 sec this turn | 300 sec total\n|\n|t:|1783569286\n|move|p2a: Groudon|Swords Dance|p2a: Groudon\n|-boost|p2a: Groudon|atk|2\n|move|p1a: Groudon|Swords Dance|p1a: Groudon\n|-boost|p1a: Groudon|atk|2\n|\n|-weather|SunnyDay|[upkeep]\n|-heal|p1a: Groudon|99/100|[from] item: Leftovers\n|upkeep\n|turn|3\n|inactive|Time left: 300 sec this turn | 300 sec total\n|\n|t:|1783569287\n|move|p1a: Groudon|Precipice Blades|p2a: Groudon\n|-damage|p2a: Groudon|65/263\n|move|p2a: Groudon|Precipice Blades|p1a: Groudon|[miss]\n|-miss|p2a: Groudon|p1a: Groudon\n|\n|-weather|SunnyDay|[upkeep]\n|-heal|p1a: Groudon|100/100|[from] item: Leftovers\n|-heal|p2a: Groudon|81/263|[from] item: Leftovers\n|upkeep\n|turn|4\n|inactive|Time left: 300 sec this turn | 300 sec total\n|\n|t:|1783569288\n|move|p2a: Groudon|Precipice Blades|p1a: Groudon\n|-damage|p1a: Groudon|13/100\n|move|p1a: Groudon|Precipice Blades|p2a: Groudon|[miss]\n|-miss|p1a: Groudon|p2a: Groudon\n|\n|-weather|SunnyDay|[upkeep]\n|-heal|p1a: Groudon|19/100|[from] item: Leftovers\n|-heal|p2a: Groudon|97/263|[from] item: Leftovers\n|upkeep\n|turn|5\n|inactive|Time left: 300 sec this turn | 300 sec total\n|\n|t:|1783569288\n|move|p2a: Groudon|Precipice Blades|p1a: Groudon|[miss]\n|-miss|p2a: Groudon|p1a: Groudon\n|move|p1a: Groudon|Precipice Blades|p2a: Groudon\n|-damage|p2a: Groudon|0 fnt\n|faint|p2a: Groudon\n|\n|-weather|none\n|-heal|p1a: Groudon|25/100|[from] item: Leftovers\n|upkeep\n|inactive|Time left: 300 sec this turn | 300 sec total | 5 sec grace\n|\n|t:|1783569289\n|switch|p2a: Mew|Mew, L82|298/298\n|turn|6\n|inactive|Time left: 300 sec this turn | 300 sec total\n|\n|t:|1783569290\n|switch|p1a: Ninetales|Ninetales-Alola, L78, M|100/100\n|-weather|Snowscape|[from] ability: Snow Warning|[of] p1a: Ninetales\n|move|p2a: Mew|Psychic Fangs|p1a: Ninetales\n|-damage|p1a: Ninetales|61/100\n|-damage|p2a: Mew|269/298|[from] item: Life Orb\n|\n|-weather|Snowscape|[upkeep]\n|upkeep\n|turn|7\n|inactive|Time left: 300 sec this turn | 300 sec total\n|\n|t:|1783569291\n|move|p1a: Ninetales|Aurora Veil|p1a: Ninetales\n|-sidestart|p1: p0x25302cd5|move: Aurora Veil\n|move|p2a: Mew|Swords Dance|p2a: Mew\n|-boost|p2a: Mew|atk|2\n|\n|-weather|Snowscape|[upkeep]\n|upkeep\n|turn|8\n|inactive|Time left: 300 sec this turn | 300 sec total\n|\n|t:|1783569292\n|move|p1a: Ninetales|Moonblast|p2a: Mew\n|-damage|p2a: Mew|202/298\n|move|p2a: Mew|Psychic Fangs|p1a: Ninetales\n|-sideend|p1: p0x25302cd5|move: Aurora Veil\n|-damage|p1a: Ninetales|0 fnt\n|faint|p1a: Ninetales\n|-damage|p2a: Mew|173/298|[from] item: Life Orb\n|\n|-weather|Snowscape|[upkeep]\n|upkeep\n|\n|t:|1783569293\n|switch|p1a: Ambipom|Ambipom, L84, F|100/100\n|turn|9\n|inactive|Time left: 300 sec this turn | 300 sec total\n|\n|t:|1783569294\n|move|p1a: Ambipom|Triple Axel|p2a: Mew\n|-damage|p2a: Mew|139/298\n|-damage|p2a: Mew|81/298\n|-damage|p2a: Mew|0 fnt\n|faint|p2a: Mew\n|-hitcount|p2: Mew|3\n|\n|-weather|Snowscape|[upkeep]\n|upkeep\n|inactive|Time left: 300 sec this turn | 300 sec total | 5 sec grace\n|\n|t:|1783569294\n|switch|p2a: Koraidon|Koraidon, L64|235/235\n|-weather|SunnyDay|[from] ability: Orichalcum Pulse|[of] p2a: Koraidon\n|-activate|p2a: Koraidon|Orichalcum Pulse|[source]\n|turn|10\n|inactive|Time left: 300 sec this turn | 300 sec total\n|\n|t:|1783569295\n|-terastallize|p2a: Koraidon|Fire\n|move|p1a: Ambipom|Triple Axel|p2a: Koraidon|[miss]\n|-miss|p1a: Ambipom|p2a: Koraidon\n|move|p2a: Koraidon|Collision Course|p1a: Ambipom\n|-supereffective|p1a: Ambipom\n|-damage|p1a: Ambipom|0 fnt\n|faint|p1a: Ambipom\n|\n|-weather|SunnyDay|[upkeep]\n|upkeep\n|\n|t:|1783569296\n|switch|p1a: Tauros|Tauros-Paldea-Blaze, L81, M|100/100\n|-ability|p1a: Tauros|Intimidate|boost\n|-unboost|p2a: Koraidon|atk|1\n|turn|11\n|inactive|Time left: 300 sec this turn | 300 sec total\n|\n|t:|1783569297\n|switch|p2a: Uxie|Uxie, L83|260/260\n|move|p1a: Tauros|Stone Edge|p2a: Uxie\n|-crit|p2a: Uxie\n|-damage|p2a: Uxie|135/260\n|\n|-weather|SunnyDay|[upkeep]\n|-heal|p2a: Uxie|151/260|[from] item: Leftovers\n|upkeep\n|turn|12\n|inactive|Time left: 300 sec this turn | 300 sec total\n|\n|t:|1783569298\n|switch|p1a: Sandy Shocks|Sandy Shocks, L80|100/100\n|-activate|p1a: Sandy Shocks|ability: Protosynthesis\n|-start|p1a: Sandy Shocks|protosynthesisspa\n|move|p2a: Uxie|Psychic Noise|p1a: Sandy Shocks\n|-damage|p1a: Sandy Shocks|77/100\n|-start|p1a: Sandy Shocks|move: Heal Block\n|\n|-weather|SunnyDay|[upkeep]\n|-heal|p2a: Uxie|167/260|[from] item: Leftovers\n|upkeep\n|turn|13\n|inactive|Time left: 300 sec this turn | 300 sec total\n|\n|t:|1783569299\n|move|p1a: Sandy Shocks|Thunderbolt|p2a: Uxie\n|-damage|p2a: Uxie|61/260\n|move|p2a: Uxie|Knock Off|p1a: Sandy Shocks\n|-damage|p1a: Sandy Shocks|56/100\n|-enditem|p1a: Sandy Shocks|Heavy-Duty Boots|[from] move: Knock Off|[of] p2a: Uxie\n|\n|-weather|SunnyDay|[upkeep]\n|-heal|p2a: Uxie|77/260|[from] item: Leftovers\n|-end|p1a: Sandy Shocks|move: Heal Block\n|upkeep\n|turn|14\n|inactive|Time left: 300 sec this turn | 300 sec total\n|\n|t:|1783569300\n|move|p1a: Sandy Shocks|Thunderbolt|p2a: Uxie\n|-damage|p2a: Uxie|0 fnt\n|faint|p2a: Uxie\n|\n|-weather|none\n|-end|p1a: Sandy Shocks|Protosynthesis\n|upkeep\n|inactive|Time left: 300 sec this turn | 300 sec total | 5 sec grace\n|\n|t:|1783569301\n|switch|p2a: Maushold|Maushold-Four, L76|238/238\n|turn|15\n|inactive|Time left: 300 sec this turn | 300 sec total\n|\n|t:|1783569302\n|-end|p1a: Sandy Shocks|Protosynthesis|[silent]\n|switch|p1a: Tauros|Tauros-Paldea-Blaze, L81, M|100/100\n|-ability|p1a: Tauros|Intimidate|boost\n|-unboost|p2a: Maushold|atk|1\n|move|p2a: Maushold|Population Bomb|p1a: Tauros\n|-damage|p1a: Tauros|95/100\n|-crit|p1a: Tauros\n|-damage|p1a: Tauros|84/100\n|-damage|p1a: Tauros|79/100\n|-damage|p1a: Tauros|74/100\n|-damage|p1a: Tauros|68/100\n|-damage|p1a: Tauros|62/100\n|-damage|p1a: Tauros|56/100\n|-damage|p1a: Tauros|51/100\n|-damage|p1a: Tauros|45/100\n|-damage|p1a: Tauros|40/100\n|-hitcount|p1a: Tauros|10\n|\n|upkeep\n|turn|16\n|inactive|Time left: 300 sec this turn | 300 sec total\n|\n|t:|1783569303\n|move|p2a: Maushold|Population Bomb|p1a: Tauros\n|-damage|p1a: Tauros|35/100\n|-damage|p1a: Tauros|29/100\n|-damage|p1a: Tauros|23/100\n|-damage|p1a: Tauros|17/100\n|-damage|p1a: Tauros|11/100\n|-damage|p1a: Tauros|6/100\n|-crit|p1a: Tauros\n|-damage|p1a: Tauros|0 fnt\n|faint|p1a: Tauros\n|-hitcount|p1: Tauros|7\n|\n|upkeep\n|\n|t:|1783569304\n|switch|p1a: Sandy Shocks|Sandy Shocks, L80|56/100\n|turn|17\n|inactive|Time left: 300 sec this turn | 300 sec total\n|\n|t:|1783569305\n|move|p2a: Maushold|Population Bomb|p1a: Sandy Shocks\n|-damage|p1a: Sandy Shocks|50/100\n|-damage|p1a: Sandy Shocks|44/100\n|-damage|p1a: Sandy Shocks|39/100\n|-damage|p1a: Sandy Shocks|33/100\n|-damage|p1a: Sandy Shocks|27/100\n|-damage|p1a: Sandy Shocks|21/100\n|-damage|p1a: Sandy Shocks|16/100\n|-damage|p1a: Sandy Shocks|10/100\n|-damage|p1a: Sandy Shocks|5/100\n|-damage|p1a: Sandy Shocks|0 fnt\n|faint|p1a: Sandy Shocks\n|-end|p1a: Sandy Shocks|Protosynthesis|[silent]\n|-hitcount|p1: Sandy Shocks|10\n|\n|upkeep\n|\n|t:|1783569306\n|switch|p1a: Cyclizar|Cyclizar, L84, M|100/100\n|turn|18\n|inactive|Time left: 300 sec this turn | 300 sec total\n|\n|t:|1783569307\n|move|p1a: Cyclizar|Shed Tail|p1a: Cyclizar\n|-start|p1a: Cyclizar|Substitute|[from] move: Shed Tail\n|-damage|p1a: Cyclizar|50/100\n|\n|t:|1783569308\n|switch|p1a: Groudon|Groudon, L72|25/100|[from] Shed Tail\n|-weather|SunnyDay|[from] ability: Drought|[of] p1a: Groudon\n|move|p2a: Maushold|Population Bomb|p1a: Groudon\n|-activate|p1a: Groudon|move: Substitute|[damage]\n|-activate|p1a: Groudon|move: Substitute|[damage]\n|-activate|p1a: Groudon|move: Substitute|[damage]\n|-activate|p1a: Groudon|move: Substitute|[damage]\n|-activate|p1a: Groudon|move: Substitute|[damage]\n|-end|p1a: Groudon|Substitute\n|-damage|p1a: Groudon|20/100\n|-damage|p1a: Groudon|16/100\n|-damage|p1a: Groudon|11/100\n|-damage|p1a: Groudon|6/100\n|-hitcount|p1a: Groudon|10\n|\n|-weather|SunnyDay|[upkeep]\n|-heal|p1a: Groudon|12/100|[from] item: Leftovers\n|upkeep\n|turn|19\n|inactive|Time left: 300 sec this turn | 300 sec total\n|\n|t:|1783569309\n|move|p2a: Maushold|Population Bomb|p1a: Groudon\n|-damage|p1a: Groudon|7/100\n|-damage|p1a: Groudon|2/100\n|-damage|p1a: Groudon|0 fnt\n|faint|p1a: Groudon\n|-hitcount|p1: Groudon|3\n|\n|-weather|SunnyDay|[upkeep]\n|upkeep\n|\n|t:|1783569310\n|switch|p1a: Cyclizar|Cyclizar, L84, M|84/100\n|turn|20\n|inactive|Time left: 300 sec this turn | 300 sec total\n|\n|t:|1783569311\n|switch|p2a: Koraidon|Koraidon, L64, tera:Fire|235/235\n|-activate|p2a: Koraidon|ability: Orichalcum Pulse\n|move|p1a: Cyclizar|Rapid Spin|p2a: Koraidon\n|-damage|p2a: Koraidon|181/235\n|-boost|p1a: Cyclizar|spe|1\n|\n|-weather|SunnyDay|[upkeep]\n|upkeep\n|turn|21\n|inactive|Time left: 300 sec this turn | 300 sec total\n|\n|t:|1783569312\n|move|p1a: Cyclizar|Shed Tail|p1a: Cyclizar\n|-fail|p1a: Cyclizar\n|move|p2a: Koraidon|Collision Course|p1a: Cyclizar\n|-supereffective|p1a: Cyclizar\n|-damage|p1a: Cyclizar|0 fnt\n|faint|p1a: Cyclizar\n|\n|win|p0y2530942a", "uploadtime": 1783569312, "views": 0, "rating": 0, "private": 0, "password": null, "_winner": "p0y2530942a", "_our_name": "p0y2530942a"}