{"id": "battle-gen9randombattle-2486", "formatid": "gen9randombattle", "format": "[Gen 9] Random Battle", "players": ["p0x24864435", "p0y24867d63"], "log": "|init|battle\n|title|p0x24864435 vs. p0y24867d63\n|j|\u2606p0x24864435\n|j|\u2606p0y24867d63\n|t:|1783567853\n|gametype|singles\n|player|p1|p0x24864435|101|\n|player|p2|p0y24867d63|101|\n|gen|9\n|tier|[Gen 9] Random Battle\n|rule|Species Clause: Limit one of each Pok\u00e9mon\n|rule|HP Percentage Mod: HP is shown in percentages\n|rule|Sleep Clause Mod: Limit one foe put to sleep\n|rule|Illusion Level Mod: Illusion disguises the Pok\u00e9mon's true level\n|\n|t:|1783567853\n|teamsize|p1|6\n|teamsize|p2|6\n|start\n|switch|p1a: Flygon|Flygon, L82, M|100/100\n|switch|p2a: Jumpluff|Jumpluff, L87, M|271/271\n|turn|1\n|inactive|Battle timer is ON: inactive players will automatically lose when time's up. (requested by p0y24867d63)\n|inactive|p0x24864435 also wants the timer to be on.\n|\n|t:|1783567855\n|move|p2a: Jumpluff|Leech Seed|p1a: Flygon\n|-start|p1a: Flygon|move: Leech Seed\n|move|p1a: Flygon|Dragon Dance|p1a: Flygon\n|-boost|p1a: Flygon|atk|1\n|-boost|p1a: Flygon|spe|1\n|\n|-damage|p1a: Flygon|88/100|[from] Leech Seed|[of] p2a: Jumpluff\n|upkeep\n|turn|2\n|inactive|Time left: 300 sec this turn | 300 sec total\n|\n|t:|1783567856\n|move|p1a: Flygon|Dragon Dance|p1a: Flygon\n|-boost|p1a: Flygon|atk|1\n|-boost|p1a: Flygon|spe|1\n|move|p2a: Jumpluff|Strength Sap|p1a: Flygon\n|-unboost|p1a: Flygon|atk|1\n|\n|-damage|p1a: Flygon|76/100|[from] Leech Seed|[of] p2a: Jumpluff\n|upkeep\n|turn|3\n|inactive|Time left: 300 sec this turn | 300 sec total\n|\n|t:|1783567857\n|move|p1a: Flygon|Dragon Dance|p1a: Flygon\n|-boost|p1a: Flygon|atk|1\n|-boost|p1a: Flygon|spe|1\n|move|p2a: Jumpluff|Strength Sap|p1a: Flygon\n|-unboost|p1a: Flygon|atk|1\n|\n|-damage|p1a: Flygon|63/100|[from] Leech Seed|[of] p2a: Jumpluff\n|upkeep\n|turn|4\n|inactive|Time left: 300 sec this turn | 300 sec total\n|\n|t:|1783567858\n|move|p1a: Flygon|Dragon Dance|p1a: Flygon\n|-boost|p1a: Flygon|atk|1\n|-boost|p1a: Flygon|spe|1\n|move|p2a: Jumpluff|Strength Sap|p1a: Flygon\n|-unboost|p1a: Flygon|atk|1\n|\n|-damage|p1a: Flygon|51/100|[from] Leech Seed|[of] p2a: Jumpluff\n|upkeep\n|turn|5\n|inactive|Time left: 300 sec this turn | 300 sec total\n|\n|t:|1783567859\n|move|p1a: Flygon|Outrage|p2a: Jumpluff\n|-damage|p2a: Jumpluff|61/271\n|move|p2a: Jumpluff|Strength Sap|p1a: Flygon\n|-unboost|p1a: Flygon|atk|1\n|-heal|p2a: Jumpluff|271/271\n|\n|-damage|p1a: Flygon|38/100|[from] Leech Seed|[of] p2a: Jumpluff\n|upkeep\n|turn|6\n|inactive|Time left: 300 sec this turn | 300 sec total\n|\n|t:|1783567861\n|move|p1a: Flygon|Outrage|p2a: Jumpluff|[from] lockedmove\n|-crit|p2a: Jumpluff\n|-damage|p2a: Jumpluff|63/271\n|move|p2a: Jumpluff|Acrobatics|p1a: Flygon\n|-damage|p1a: Flygon|2/100\n|\n|-damage|p1a: Flygon|0 fnt|[from] Leech Seed|[of] p2a: Jumpluff\n|-heal|p2a: Jumpluff|67/271|[silent]\n|faint|p1a: Flygon\n|upkeep\n|\n|t:|1783567862\n|switch|p1a: Bruxish|Bruxish, L85, M|100/100\n|turn|7\n|inactive|Time left: 300 sec this turn | 300 sec total\n|\n|t:|1783567863\n|move|p1a: Bruxish|Psychic Fangs|p2a: Jumpluff\n|-damage|p2a: Jumpluff|0 fnt\n|faint|p2a: Jumpluff\n|\n|upkeep\n|inactive|Time left: 300 sec this turn | 300 sec total | 5 sec grace\n|\n|t:|1783567864\n|switch|p2a: Mew|Mew, L82|298/298\n|turn|8\n|inactive|Time left: 300 sec this turn | 300 sec total\n|\n|t:|1783567865\n|move|p1a: Bruxish|Psychic Fangs|p2a: Mew\n|-resisted|p2a: Mew\n|-damage|p2a: Mew|228/298\n|move|p2a: Mew|Swords Dance|p2a: Mew\n|-boost|p2a: Mew|atk|2\n|\n|upkeep\n|turn|9\n|inactive|Time left: 300 sec this turn | 300 sec total\n|\n|t:|1783567866\n|switch|p1a: Overqwil|Overqwil, L82, F|100/100\n|-ability|p1a: Overqwil|Intimidate|boost\n|-unboost|p2a: Mew|atk|1\n|move|p2a: Mew|Leech Life|p1a: Overqwil\n|-damage|p1a: Overqwil|62/100\n|-heal|p2a: Mew|281/298|[from] drain|[of] p1a: Overqwil\n|-damage|p2a: Mew|252/298|[from] item: Life Orb\n|\n|upkeep\n|turn|10\n|inactive|Time left: 300 sec this turn | 300 sec total\n|\n|t:|1783567868\n|move|p2a: Mew|Leech Life|p1a: Overqwil\n|-damage|p1a: Overqwil|23/100\n|-heal|p2a: Mew|298/298|[from] drain|[of] p1a: Overqwil\n|-damage|p2a: Mew|269/298|[from] item: Life Orb\n|move|p1a: Overqwil|Crunch|p2a: Mew\n|-supereffective|p2a: Mew\n|-damage|p2a: Mew|66/298\n|-damage|p1a: Overqwil|13/100|[from] item: Life Orb\n|\n|upkeep\n|turn|11\n|inactive|Time left: 300 sec this turn | 300 sec total\n|\n|t:|1783567869\n|move|p2a: Mew|Leech Life|p1a: Overqwil\n|-damage|p1a: Overqwil|0 fnt\n|-heal|p2a: Mew|83/298|[from] drain|[of] p1a: Overqwil\n|faint|p1a: Overqwil\n|-damage|p2a: Mew|54/298|[from] item: Life Orb\n|\n|upkeep\n|\n|t:|1783567870\n|switch|p1a: Bruxish|Bruxish, L85, M|100/100\n|turn|12\n|inactive|Time left: 300 sec this turn | 300 sec total\n|\n|t:|1783567871\n|move|p1a: Bruxish|Psychic Fangs|p2a: Mew\n|-resisted|p2a: Mew\n|-damage|p2a: Mew|0 fnt\n|faint|p2a: Mew\n|\n|upkeep\n|inactive|Time left: 300 sec this turn | 300 sec total | 5 sec grace\n|\n|t:|1783567872\n|switch|p2a: Latios|Latios, L78, M|253/253\n|turn|13\n|inactive|Time left: 300 sec this turn | 300 sec total\n|\n|t:|1783567873\n|move|p1a: Bruxish|Psychic Fangs|p2a: Latios\n|-resisted|p2a: Latios\n|-crit|p2a: Latios\n|-damage|p2a: Latios|120/253\n|move|p2a: Latios|Luster Purge|p1a: Bruxish\n|-resisted|p1a: Bruxish\n|-damage|p1a: Bruxish|72/100\n|\n|upkeep\n|turn|14\n|inactive|Time left: 300 sec this turn | 300 sec total\n|\n|t:|1783567873\n|move|p1a: Bruxish|Psychic Fangs|p2a: Latios\n|-resisted|p2a: Latios\n|-damage|p2a: Latios|39/253\n|move|p2a: Latios|Draco Meteor|p1a: Bruxish\n|-damage|p1a: Bruxish|0 fnt\n|-unboost|p2a: Latios|spa|2\n|faint|p1a: Bruxish\n|\n|upkeep\n|\n|t:|1783567874\n|switch|p1a: Alcremie|Alcremie-Mint-Cream, L90, F|100/100\n|turn|15\n|inactive|Time left: 300 sec this turn | 300 sec total\n|\n|t:|1783567875\n|switch|p2a: Floatzel|Floatzel, L86, F|286/286\n|move|p1a: Alcremie|Calm Mind|p1a: Alcremie\n|-boost|p1a: Alcremie|spa|1\n|-boost|p1a: Alcremie|spd|1\n|\n|upkeep\n|turn|16\n|inactive|Time left: 300 sec this turn | 300 sec total\n|\n|t:|1783567875\n|-terastallize|p2a: Floatzel|Water\n|move|p2a: Floatzel|Wave Crash|p1a: Alcremie\n|-damage|p1a: Alcremie|0 fnt\n|faint|p1a: Alcremie\n|-damage|p2a: Floatzel|199/286|[from] Recoil\n|\n|upkeep\n|\n|t:|1783567876\n|switch|p1a: Kingdra|Kingdra, L84, F|100/100\n|turn|17\n|inactive|Time left: 300 sec this turn | 300 sec total\n|\n|t:|1783567877\n|move|p2a: Floatzel|Wave Crash|p1a: Kingdra\n|-resisted|p1a: Kingdra\n|-damage|p1a: Kingdra|74/100\n|-damage|p2a: Floatzel|176/286|[from] Recoil\n|move|p1a: Kingdra|Dragon Dance|p1a: Kingdra\n|-boost|p1a: Kingdra|atk|1\n|-boost|p1a: Kingdra|spe|1\n|\n|upkeep\n|turn|18\n|inactive|Time left: 300 sec this turn | 300 sec total\n|\n|t:|1783567878\n|switch|p2a: Latios|Latios, L78, M|39/253\n|move|p1a: Kingdra|Dragon Dance|p1a: Kingdra\n|-boost|p1a: Kingdra|atk|1\n|-boost|p1a: Kingdra|spe|1\n|\n|upkeep\n|turn|19\n|inactive|Time left: 300 sec this turn | 300 sec total\n|\n|t:|1783567879\n|move|p1a: Kingdra|Waterfall|p2a: Latios\n|-resisted|p2a: Latios\n|-damage|p2a: Latios|0 fnt\n|faint|p2a: Latios\n|\n|upkeep\n|inactive|Time left: 300 sec this turn | 300 sec total | 5 sec grace\n|\n|t:|1783567879\n|switch|p2a: Ninetales|Ninetales, L85, M|263/263\n|-weather|SunnyDay|[from] ability: Drought|[of] p2a: Ninetales\n|turn|20\n|inactive|Time left: 300 sec this turn | 300 sec total\n|\n|t:|1783567880\n|move|p1a: Kingdra|Outrage|p2a: Ninetales\n|-damage|p2a: Ninetales|0 fnt\n|faint|p2a: Ninetales\n|\n|-weather|SunnyDay|[upkeep]\n|upkeep\n|inactive|Time left: 300 sec this turn | 300 sec total | 5 sec grace\n|\n|t:|1783567881\n|switch|p2a: Floatzel|Floatzel, L86, F, tera:Water|176/286\n|turn|21\n|inactive|Time left: 300 sec this turn | 300 sec total\n|\n|t:|1783567882\n|move|p1a: Kingdra|Outrage|p2a: Floatzel|[from] lockedmove\n|-damage|p2a: Floatzel|0 fnt\n|faint|p2a: Floatzel\n|-start|p1a: Kingdra|confusion|[fatigue]\n|-enditem|p1a: Kingdra|Lum Berry|[eat]\n|-end|p1a: Kingdra|confusion\n|\n|-weather|SunnyDay|[upkeep]\n|upkeep\n|inactive|Time left: 300 sec this turn | 300 sec total | 5 sec grace\n|\n|t:|1783567883\n|switch|p2a: Vivillon|Vivillon-River, L83, M|268/268\n|turn|22\n|inactive|Time left: 300 sec this turn | 300 sec total\n|\n|t:|1783567884\n|move|p1a: Kingdra|Outrage|p2a: Vivillon\n|-damage|p2a: Vivillon|0 fnt\n|faint|p2a: Vivillon\n|\n|win|p0x24864435", "uploadtime": 1783567884, "views": 0, "rating": 0, "private": 0, "password": null, "_winner": "p0x24864435", "_our_name": "p0y24867d63"}