{"id": "battle-gen9randombattle-71", "formatid": "gen9randombattle", "format": "[Gen 9] Random Battle", "players": ["p0x0714ca1", "p0y07183cd"], "log": "|init|battle\n|title|p0x0714ca1 vs. p0y07183cd\n|j|\u2606p0x0714ca1\n|j|\u2606p0y07183cd\n|t:|1783534067\n|gametype|singles\n|player|p1|p0x0714ca1|266|\n|player|p2|p0y07183cd|170|\n|gen|9\n|tier|[Gen 9] Random Battle\n|rule|Species Clause: Limit one of each Pok\u00e9mon\n|rule|HP Percentage Mod: HP is shown in percentages\n|rule|Sleep Clause Mod: Limit one foe put to sleep\n|rule|Illusion Level Mod: Illusion disguises the Pok\u00e9mon's true level\n|\n|t:|1783534068\n|teamsize|p1|6\n|teamsize|p2|6\n|start\n|switch|p1a: Iron Treads|Iron Treads, L77|265/265\n|switch|p2a: Meowstic|Meowstic-F, L89, F|100/100\n|turn|1\n|inactive|Battle timer is ON: inactive players will automatically lose when time's up. (requested by p0x0714ca1)\n|\n|t:|1783534069\n|move|p2a: Meowstic|Nasty Plot|p2a: Meowstic\n|-boost|p2a: Meowstic|spa|2\n|move|p1a: Iron Treads|Stealth Rock|p2a: Meowstic\n|-sidestart|p2: p0y07183cd|move: Stealth Rock\n|\n|upkeep\n|turn|2\n|inactive|Time left: 300 sec this turn | 300 sec total\n|inactive|p0y07183cd also wants the timer to be on.\n|\n|t:|1783534070\n|move|p2a: Meowstic|Nasty Plot|p2a: Meowstic\n|-boost|p2a: Meowstic|spa|2\n|move|p1a: Iron Treads|Earthquake|p2a: Meowstic\n|-damage|p2a: Meowstic|62/100\n|\n|upkeep\n|turn|3\n|inactive|Time left: 300 sec this turn | 300 sec total\n|\n|t:|1783534071\n|move|p2a: Meowstic|Psyshock|p1a: Iron Treads\n|-resisted|p1a: Iron Treads\n|-damage|p1a: Iron Treads|118/265\n|-damage|p2a: Meowstic|52/100|[from] item: Life Orb\n|move|p1a: Iron Treads|Rapid Spin|p2a: Meowstic\n|-damage|p2a: Meowstic|38/100\n|-boost|p1a: Iron Treads|spe|1\n|\n|-heal|p1a: Iron Treads|134/265|[from] item: Leftovers\n|upkeep\n|turn|4\n|inactive|Time left: 300 sec this turn | 300 sec total\n|\n|t:|1783534072\n|move|p1a: Iron Treads|Earthquake|p2a: Meowstic\n|-damage|p2a: Meowstic|0 fnt\n|faint|p2a: Meowstic\n|\n|-heal|p1a: Iron Treads|150/265|[from] item: Leftovers\n|upkeep\n|\n|t:|1783534073\n|switch|p2a: Vileplume|Vileplume, L85, F|100/100\n|-damage|p2a: Vileplume|88/100|[from] Stealth Rock\n|turn|5\n|inactive|Time left: 300 sec this turn | 300 sec total\n|\n|t:|1783534074\n|move|p1a: Iron Treads|Earthquake|p2a: Vileplume\n|-damage|p2a: Vileplume|52/100\n|move|p2a: Vileplume|Giga Drain|p1a: Iron Treads\n|-damage|p1a: Iron Treads|30/265\n|-heal|p2a: Vileplume|75/100|[from] drain|[of] p1a: Iron Treads\n|\n|-heal|p1a: Iron Treads|46/265|[from] item: Leftovers\n|-heal|p2a: Vileplume|81/100|[from] item: Leftovers\n|upkeep\n|turn|6\n|inactive|Time left: 300 sec this turn | 300 sec total\n|\n|t:|1783534076\n|-end|p1a: Iron Treads|Quark Drive|[silent]\n|switch|p1a: Girafarig|Girafarig, L89, F|269/269\n|move|p2a: Vileplume|Giga Drain|p1a: Girafarig\n|-ability|p1a: Girafarig|Sap Sipper|boost\n|-boost|p1a: Girafarig|atk|1\n|\n|-heal|p2a: Vileplume|87/100|[from] item: Leftovers\n|upkeep\n|turn|7\n|inactive|Time left: 300 sec this turn | 300 sec total\n|\n|t:|1783534077\n|move|p1a: Girafarig|Nasty Plot|p1a: Girafarig\n|-boost|p1a: Girafarig|spa|2\n|move|p2a: Vileplume|Sludge Bomb|p1a: Girafarig\n|-damage|p1a: Girafarig|182/269\n|\n|-heal|p2a: Vileplume|93/100|[from] item: Leftovers\n|upkeep\n|turn|8\n|inactive|Time left: 300 sec this turn | 300 sec total\n|\n|t:|1783534078\n|-terastallize|p2a: Vileplume|Steel\n|move|p1a: Girafarig|Psychic|p2a: Vileplume\n|-resisted|p2a: Vileplume\n|-damage|p2a: Vileplume|54/100\n|move|p2a: Vileplume|Sludge Bomb|p1a: Girafarig\n|-damage|p1a: Girafarig|100/269\n|\n|-heal|p2a: Vileplume|60/100|[from] item: Leftovers\n|upkeep\n|turn|9\n|inactive|Time left: 300 sec this turn | 300 sec total\n|\n|t:|1783534079\n|move|p1a: Girafarig|Thunderbolt|p2a: Vileplume\n|-damage|p2a: Vileplume|15/100\n|move|p2a: Vileplume|Sludge Bomb|p1a: Girafarig\n|-damage|p1a: Girafarig|19/269\n|\n|-heal|p2a: Vileplume|21/100|[from] item: Leftovers\n|upkeep\n|turn|10\n|inactive|Time left: 300 sec this turn | 300 sec total\n|\n|t:|1783534080\n|move|p1a: Girafarig|Thunderbolt|p2a: Vileplume\n|-damage|p2a: Vileplume|0 fnt\n|faint|p2a: Vileplume\n|\n|upkeep\n|\n|t:|1783534081\n|switch|p2a: Komala|Komala, L87, M|100/100\n|-damage|p2a: Komala|88/100|[from] Stealth Rock\n|-ability|p2a: Komala|Comatose\n|turn|11\n|inactive|Time left: 300 sec this turn | 300 sec total\n|\n|t:|1783534082\n|move|p1a: Girafarig|Psychic|p2a: Komala\n|-damage|p2a: Komala|38/100\n|move|p2a: Komala|Rapid Spin|p1a: Girafarig\n|-damage|p1a: Girafarig|0 fnt\n|-boost|p2a: Komala|spe|1\n|-sideend|p2: p0y07183cd|Stealth Rock|[from] move: Rapid Spin|[of] p2a: Komala\n|faint|p1a: Girafarig\n|\n|upkeep\n|inactive|Time left: 300 sec this turn | 300 sec total | 5 sec grace\n|\n|t:|1783534083\n|switch|p1a: Leavanny|Leavanny, L86, F|269/269\n|turn|12\n|inactive|Time left: 300 sec this turn | 300 sec total\n|\n|t:|1783534084\n|move|p2a: Komala|Body Slam|p1a: Leavanny\n|-crit|p1a: Leavanny\n|-damage|p1a: Leavanny|97/269\n|move|p1a: Leavanny|Leaf Blade|p2a: Komala\n|-damage|p2a: Komala|0 fnt\n|faint|p2a: Komala\n|\n|upkeep\n|\n|t:|1783534085\n|switch|p2a: Lokix|Lokix, L82, F|100/100\n|turn|13\n|inactive|Time left: 300 sec this turn | 300 sec total\n|\n|t:|1783534086\n|move|p2a: Lokix|First Impression|p1a: Leavanny\n|-supereffective|p1a: Leavanny\n|-damage|p1a: Leavanny|0 fnt\n|faint|p1a: Leavanny\n|-damage|p2a: Lokix|91/100|[from] item: Life Orb\n|\n|upkeep\n|inactive|Time left: 300 sec this turn | 300 sec total | 5 sec grace\n|\n|t:|1783534087\n|switch|p1a: Zapdos|Zapdos-Galar, L77|265/265\n|turn|14\n|inactive|Time left: 300 sec this turn | 300 sec total\n|\n|t:|1783534088\n|switch|p2a: Sylveon|Sylveon, L85, M|100/100\n|move|p1a: Zapdos|Close Combat|p2a: Sylveon\n|-resisted|p2a: Sylveon\n|-damage|p2a: Sylveon|62/100\n|-unboost|p1a: Zapdos|def|1\n|-unboost|p1a: Zapdos|spd|1\n|\n|-heal|p2a: Sylveon|68/100|[from] item: Leftovers\n|upkeep\n|turn|15\n|inactive|Time left: 300 sec this turn | 300 sec total\n|\n|t:|1783534089\n|switch|p1a: Revavroom|Revavroom, L79, M|256/256\n|move|p2a: Sylveon|Hyper Voice|p1a: Revavroom\n|-resisted|p1a: Revavroom\n|-damage|p1a: Revavroom|214/256\n|\n|-heal|p2a: Sylveon|74/100|[from] item: Leftovers\n|upkeep\n|turn|16\n|inactive|Time left: 300 sec this turn | 300 sec total\n|\n|t:|1783534090\n|switch|p2a: Lokix|Lokix, L82, F|91/100\n|move|p1a: Revavroom|Shift Gear|p1a: Revavroom\n|-boost|p1a: Revavroom|spe|2\n|-boost|p1a: Revavroom|atk|1\n|\n|upkeep\n|turn|17\n|inactive|Time left: 300 sec this turn | 300 sec total\n|\n|t:|1783534091\n|move|p1a: Revavroom|Gunk Shot|p2a: Lokix\n|-damage|p2a: Lokix|0 fnt\n|faint|p2a: Lokix\n|-damage|p1a: Revavroom|189/256|[from] item: Life Orb\n|\n|upkeep\n|\n|t:|1783534092\n|switch|p2a: Sylveon|Sylveon, L85, M|74/100\n|turn|18\n|inactive|Time left: 300 sec this turn | 300 sec total\n|\n|t:|1783534093\n|move|p2a: Sylveon|Protect|p2a: Sylveon\n|-singleturn|p2a: Sylveon|Protect\n|move|p1a: Revavroom|Shift Gear|p1a: Revavroom\n|-boost|p1a: Revavroom|spe|2\n|-boost|p1a: Revavroom|atk|1\n|\n|-heal|p2a: Sylveon|80/100|[from] item: Leftovers\n|upkeep\n|turn|19\n|inactive|Time left: 300 sec this turn | 300 sec total\n|\n|t:|1783534094\n|move|p2a: Sylveon|Protect|p2a: Sylveon\n|-singleturn|p2a: Sylveon|Protect\n|move|p1a: Revavroom|Iron Head|p2a: Sylveon\n|-activate|p2a: Sylveon|move: Protect\n|\n|-heal|p2a: Sylveon|86/100|[from] item: Leftovers\n|upkeep\n|turn|20\n|inactive|Time left: 300 sec this turn | 300 sec total\n|\n|t:|1783534095\n|move|p2a: Sylveon|Protect||[still]\n|-fail|p2a: Sylveon\n|move|p1a: Revavroom|Iron Head|p2a: Sylveon\n|-supereffective|p2a: Sylveon\n|-damage|p2a: Sylveon|0 fnt\n|faint|p2a: Sylveon\n|-damage|p1a: Revavroom|164/256|[from] item: Life Orb\n|\n|upkeep\n|\n|t:|1783534096\n|switch|p2a: Minun|Minun, L95, M|100/100\n|turn|21\n|inactive|Time left: 300 sec this turn | 300 sec total\n|\n|t:|1783534097\n|-terastallize|p1a: Revavroom|Ground\n|move|p1a: Revavroom|High Horsepower|p2a: Minun\n|-supereffective|p2a: Minun\n|-crit|p2a: Minun\n|-damage|p2a: Minun|0 fnt\n|faint|p2a: Minun\n|-damage|p1a: Revavroom|139/256|[from] item: Life Orb\n|\n|win|p0x0714ca1", "uploadtime": 1783534097, "views": 0, "rating": 0, "private": 0, "password": null, "_winner": "p0x0714ca1", "_our_name": "p0x0714ca1"}