{"id": "battle-gen9randombattle-1459", "formatid": "gen9randombattle", "format": "[Gen 9] Random Battle", "players": ["p0x14599d75", "p0y1459b556"], "log": "|init|battle\n|title|p0x14599d75 vs. p0y1459b556\n|j|\u2606p0x14599d75\n|j|\u2606p0y1459b556\n|t:|1783556053\n|gametype|singles\n|player|p1|p0x14599d75|169|\n|player|p2|p0y1459b556|2|\n|gen|9\n|tier|[Gen 9] Random Battle\n|rule|Species Clause: Limit one of each Pok\u00e9mon\n|rule|HP Percentage Mod: HP is shown in percentages\n|rule|Sleep Clause Mod: Limit one foe put to sleep\n|rule|Illusion Level Mod: Illusion disguises the Pok\u00e9mon's true level\n|\n|t:|1783556053\n|teamsize|p1|6\n|teamsize|p2|6\n|start\n|switch|p1a: Goodra|Goodra-Hisui, L82, M|100/100\n|switch|p2a: Eternatus|Eternatus, L69|308/308\n|-ability|p2a: Eternatus|Pressure\n|turn|1\n|inactive|Battle timer is ON: inactive players will automatically lose when time's up. (requested by p0x14599d75)\n|inactive|Time left: 300 sec this turn | 300 sec total | 60 sec grace\n|inactive|p0y1459b556 also wants the timer to be on.\n|\n|t:|1783556055\n|switch|p2a: Espathra|Espathra, L80, M|283/283\n|move|p1a: Goodra|Knock Off|p2a: Espathra\n|-supereffective|p2a: Espathra\n|-damage|p2a: Espathra|87/283\n|-enditem|p2a: Espathra|Leftovers|[from] move: Knock Off|[of] p1a: Goodra\n|\n|upkeep\n|turn|2\n|inactive|Time left: 300 sec this turn | 300 sec total\n|\n|t:|1783556057\n|move|p2a: Espathra|Protect|p2a: Espathra\n|-singleturn|p2a: Espathra|Protect\n|move|p1a: Goodra|Heavy Slam|p2a: Espathra\n|-activate|p2a: Espathra|move: Protect\n|\n|-ability|p2a: Espathra|Speed Boost|boost\n|-boost|p2a: Espathra|spe|1\n|upkeep\n|turn|3\n|inactive|Time left: 300 sec this turn | 300 sec total\n|\n|t:|1783556058\n|switch|p2a: Rhyperior|Rhyperior, L82, M|323/323\n|move|p1a: Goodra|Heavy Slam|p2a: Rhyperior\n|-supereffective|p2a: Rhyperior\n|-damage|p2a: Rhyperior|278/323\n|\n|upkeep\n|turn|4\n|inactive|Time left: 300 sec this turn | 300 sec total\n|\n|t:|1783556059\n|switch|p1a: Landorus|Landorus-Therian, L76, M|100/100\n|-ability|p1a: Landorus|Intimidate|boost\n|-unboost|p2a: Rhyperior|atk|1\n|move|p2a: Rhyperior|Earthquake|p1a: Landorus\n|-immune|p1a: Landorus\n|\n|upkeep\n|turn|5\n|inactive|Time left: 300 sec this turn | 300 sec total\n|\n|t:|1783556060\n|move|p1a: Landorus|Stealth Rock|p2a: Rhyperior\n|-sidestart|p2: p0y1459b556|move: Stealth Rock\n|move|p2a: Rhyperior|Earthquake|p1a: Landorus\n|-immune|p1a: Landorus\n|\n|upkeep\n|turn|6\n|inactive|Time left: 300 sec this turn | 300 sec total\n|\n|t:|1783556061\n|move|p1a: Landorus|Earthquake|p2a: Rhyperior\n|-supereffective|p2a: Rhyperior\n|-damage|p2a: Rhyperior|142/323\n|move|p2a: Rhyperior|Earthquake|p1a: Landorus\n|-immune|p1a: Landorus\n|\n|upkeep\n|turn|7\n|inactive|Time left: 300 sec this turn | 300 sec total\n|\n|t:|1783556062\n|switch|p2a: Slither Wing|Slither Wing, L81|270/270\n|-damage|p2a: Slither Wing|237/270|[from] Stealth Rock\n|-enditem|p2a: Slither Wing|Booster Energy\n|-activate|p2a: Slither Wing|ability: Protosynthesis|[fromitem]\n|-start|p2a: Slither Wing|protosynthesisatk\n|move|p1a: Landorus|Earthquake|p2a: Slither Wing\n|-resisted|p2a: Slither Wing\n|-damage|p2a: Slither Wing|171/270\n|\n|upkeep\n|turn|8\n|inactive|Time left: 300 sec this turn | 300 sec total\n|\n|t:|1783556063\n|move|p1a: Landorus|Earthquake|p2a: Slither Wing\n|-resisted|p2a: Slither Wing\n|-damage|p2a: Slither Wing|103/270\n|move|p2a: Slither Wing|Bulk Up|p2a: Slither Wing\n|-boost|p2a: Slither Wing|atk|1\n|-boost|p2a: Slither Wing|def|1\n|\n|upkeep\n|turn|9\n|inactive|Time left: 300 sec this turn | 300 sec total\n|\n|t:|1783556064\n|move|p1a: Landorus|Stone Edge|p2a: Slither Wing\n|-damage|p2a: Slither Wing|45/270\n|move|p2a: Slither Wing|Flame Charge|p1a: Landorus\n|-crit|p1a: Landorus\n|-damage|p1a: Landorus|44/100\n|-boost|p2a: Slither Wing|spe|1\n|\n|-heal|p1a: Landorus|50/100|[from] item: Leftovers\n|upkeep\n|turn|10\n|inactive|Time left: 300 sec this turn | 300 sec total\n|\n|t:|1783556065\n|switch|p1a: Misdreavus|Misdreavus, L90, F|100/100\n|move|p2a: Slither Wing|Close Combat|p1a: Misdreavus\n|-immune|p1a: Misdreavus\n|\n|upkeep\n|turn|11\n|inactive|Time left: 300 sec this turn | 300 sec total\n|\n|t:|1783556066\n|move|p2a: Slither Wing|Wild Charge|p1a: Misdreavus\n|-damage|p1a: Misdreavus|54/100\n|-damage|p2a: Slither Wing|15/270|[from] Recoil\n|move|p1a: Misdreavus|Shadow Ball|p2a: Slither Wing\n|-damage|p2a: Slither Wing|0 fnt\n|faint|p2a: Slither Wing\n|-end|p2a: Slither Wing|Protosynthesis|[silent]\n|\n|upkeep\n|inactive|Time left: 300 sec this turn | 300 sec total | 5 sec grace\n|\n|t:|1783556067\n|switch|p2a: Raichu|Raichu-Alola, L87, F|246/246\n|-damage|p2a: Raichu|216/246|[from] Stealth Rock\n|turn|12\n|inactive|Time left: 300 sec this turn | 300 sec total\n|\n|t:|1783556068\n|move|p2a: Raichu|Psyshock|p1a: Misdreavus\n|-damage|p1a: Misdreavus|13/100\n|move|p1a: Misdreavus|Shadow Ball|p2a: Raichu\n|-supereffective|p2a: Raichu\n|-damage|p2a: Raichu|46/246\n|\n|upkeep\n|turn|13\n|inactive|Time left: 300 sec this turn | 300 sec total\n|\n|t:|1783556069\n|switch|p1a: Goodra|Goodra-Hisui, L82, M|100/100\n|move|p2a: Raichu|Psyshock|p1a: Goodra\n|-resisted|p1a: Goodra\n|-damage|p1a: Goodra|76/100\n|\n|upkeep\n|turn|14\n|inactive|Time left: 300 sec this turn | 300 sec total\n|\n|t:|1783556071\n|move|p2a: Raichu|Psyshock|p1a: Goodra\n|-resisted|p1a: Goodra\n|-damage|p1a: Goodra|55/100\n|move|p1a: Goodra|Knock Off|p2a: Raichu\n|-supereffective|p2a: Raichu\n|-damage|p2a: Raichu|0 fnt\n|-enditem|p2a: Raichu|Choice Specs|[from] move: Knock Off|[of] p1a: Goodra\n|faint|p2a: Raichu\n|\n|upkeep\n|inactive|Time left: 300 sec this turn | 300 sec total | 5 sec grace\n|\n|t:|1783556072\n|switch|p2a: Rhyperior|Rhyperior, L82, M|142/323\n|-damage|p2a: Rhyperior|122/323|[from] Stealth Rock\n|turn|15\n|inactive|Time left: 300 sec this turn | 300 sec total\n|\n|t:|1783556073\n|move|p1a: Goodra|Draco Meteor|p2a: Rhyperior\n|-damage|p2a: Rhyperior|0 fnt\n|-unboost|p1a: Goodra|spa|2\n|faint|p2a: Rhyperior\n|\n|upkeep\n|inactive|Time left: 300 sec this turn | 300 sec total | 5 sec grace\n|\n|t:|1783556074\n|switch|p2a: Eternatus|Eternatus, L69|308/308\n|-damage|p2a: Eternatus|270/308|[from] Stealth Rock\n|-ability|p2a: Eternatus|Pressure\n|turn|16\n|inactive|Time left: 300 sec this turn | 300 sec total\n|\n|t:|1783556075\n|switch|p1a: Ampharos|Ampharos, L88, M|100/100\n|move|p2a: Eternatus|Toxic Spikes|p1a: Ampharos\n|-sidestart|p1: p0x14599d75|move: Toxic Spikes\n|\n|-heal|p2a: Eternatus|289/308|[from] item: Leftovers\n|upkeep\n|turn|17\n|inactive|Time left: 300 sec this turn | 300 sec total\n|\n|t:|1783556076\n|move|p2a: Eternatus|Dynamax Cannon|p1a: Ampharos\n|-damage|p1a: Ampharos|81/100\n|move|p1a: Ampharos|Dazzling Gleam|p2a: Eternatus\n|-damage|p2a: Eternatus|209/308\n|\n|-heal|p2a: Eternatus|228/308|[from] item: Leftovers\n|upkeep\n|turn|18\n|inactive|Time left: 300 sec this turn | 300 sec total\n|\n|t:|1783556077\n|move|p2a: Eternatus|Toxic Spikes|p1a: Ampharos\n|-sidestart|p1: p0x14599d75|move: Toxic Spikes\n|move|p1a: Ampharos|Discharge|p2a: Eternatus\n|-resisted|p2a: Eternatus\n|-damage|p2a: Eternatus|162/308\n|-status|p2a: Eternatus|par\n|\n|-heal|p2a: Eternatus|181/308 par|[from] item: Leftovers\n|upkeep\n|turn|19\n|inactive|Time left: 300 sec this turn | 300 sec total\n|\n|t:|1783556078\n|move|p1a: Ampharos|Dazzling Gleam|p2a: Eternatus\n|-damage|p2a: Eternatus|100/308 par\n|cant|p2a: Eternatus|par\n|\n|-heal|p2a: Eternatus|119/308 par|[from] item: Leftovers\n|upkeep\n|turn|20\n|inactive|Time left: 300 sec this turn | 300 sec total\n|\n|t:|1783556079\n|move|p1a: Ampharos|Dazzling Gleam|p2a: Eternatus\n|-damage|p2a: Eternatus|44/308 par\n|move|p2a: Eternatus|Recover|p2a: Eternatus\n|-heal|p2a: Eternatus|198/308 par\n|\n|-heal|p2a: Eternatus|217/308 par|[from] item: Leftovers\n|upkeep\n|turn|21\n|inactive|Time left: 300 sec this turn | 300 sec total\n|\n|t:|1783556080\n|move|p1a: Ampharos|Dazzling Gleam|p2a: Eternatus\n|-damage|p2a: Eternatus|129/308 par\n|move|p2a: Eternatus|Recover|p2a: Eternatus\n|-heal|p2a: Eternatus|283/308 par\n|\n|-heal|p2a: Eternatus|302/308 par|[from] item: Leftovers\n|upkeep\n|turn|22\n|inactive|Time left: 300 sec this turn | 300 sec total\n|\n|t:|1783556081\n|move|p1a: Ampharos|Dazzling Gleam|p2a: Eternatus\n|-damage|p2a: Eternatus|223/308 par\n|move|p2a: Eternatus|Flamethrower|p1a: Ampharos\n|-damage|p1a: Ampharos|67/100\n|-status|p1a: Ampharos|brn\n|\n|-heal|p2a: Eternatus|242/308 par|[from] item: Leftovers\n|-damage|p1a: Ampharos|61/100 brn|[from] brn\n|upkeep\n|turn|23\n|inactive|Time left: 300 sec this turn | 300 sec total\n|\n|t:|1783556081\n|move|p1a: Ampharos|Volt Switch|p2a: Eternatus\n|-resisted|p2a: Eternatus\n|-damage|p2a: Eternatus|188/308 par\n|\n|t:|1783556082\n|switch|p1a: Dragalge|Dragalge, L88, M|100/100|[from] Volt Switch\n|-sideend|p1: p0x14599d75|move: Toxic Spikes|[of] p1a: Dragalge\n|cant|p2a: Eternatus|par\n|\n|-heal|p2a: Eternatus|207/308 par|[from] item: Leftovers\n|upkeep\n|turn|24\n|inactive|Time left: 300 sec this turn | 300 sec total\n|\n|t:|1783556083\n|move|p1a: Dragalge|Draco Meteor|p2a: Eternatus\n|-supereffective|p2a: Eternatus\n|-damage|p2a: Eternatus|0 fnt\n|-unboost|p1a: Dragalge|spa|2\n|faint|p2a: Eternatus\n|\n|upkeep\n|inactive|Time left: 300 sec this turn | 300 sec total | 5 sec grace\n|\n|t:|1783556084\n|switch|p2a: Espathra|Espathra, L80, M|87/283\n|-damage|p2a: Espathra|52/283|[from] Stealth Rock\n|turn|25\n|inactive|Time left: 300 sec this turn | 300 sec total\n|\n|t:|1783556085\n|move|p2a: Espathra|Protect|p2a: Espathra\n|-singleturn|p2a: Espathra|Protect\n|move|p1a: Dragalge|Sludge Wave|p2a: Espathra\n|-activate|p2a: Espathra|move: Protect\n|\n|-ability|p2a: Espathra|Speed Boost|boost\n|-boost|p2a: Espathra|spe|1\n|upkeep\n|turn|26\n|inactive|Time left: 300 sec this turn | 300 sec total\n|\n|t:|1783556086\n|move|p2a: Espathra|Protect||[still]\n|-fail|p2a: Espathra\n|move|p1a: Dragalge|Sludge Wave|p2a: Espathra\n|-damage|p2a: Espathra|0 fnt\n|faint|p2a: Espathra\n|\n|upkeep\n|inactive|Time left: 300 sec this turn | 300 sec total | 5 sec grace\n|\n|t:|1783556087\n|switch|p2a: Walking Wake|Walking Wake, L79|286/286\n|-damage|p2a: Walking Wake|251/286|[from] Stealth Rock\n|turn|27\n|inactive|Time left: 300 sec this turn | 300 sec total\n|\n|t:|1783556088\n|switch|p1a: Goodra|Goodra-Hisui, L82, M|55/100\n|-terastallize|p2a: Walking Wake|Fire\n|move|p2a: Walking Wake|Hydro Steam|p1a: Goodra\n|-resisted|p1a: Goodra\n|-damage|p1a: Goodra|44/100\n|-damage|p2a: Walking Wake|223/286|[from] item: Life Orb\n|\n|upkeep\n|turn|28\n|inactive|Time left: 300 sec this turn | 300 sec total\n|\n|t:|1783556089\n|-terastallize|p1a: Goodra|Dragon\n|move|p2a: Walking Wake|Flamethrower|p1a: Goodra\n|-resisted|p1a: Goodra\n|-damage|p1a: Goodra|32/100\n|-damage|p2a: Walking Wake|195/286|[from] item: Life Orb\n|move|p1a: Goodra|Draco Meteor|p2a: Walking Wake\n|-damage|p2a: Walking Wake|0 fnt\n|-unboost|p1a: Goodra|spa|2\n|faint|p2a: Walking Wake\n|-end|p2a: Walking Wake|Protosynthesis|[silent]\n|\n|win|p0x14599d75", "uploadtime": 1783556089, "views": 0, "rating": 0, "private": 0, "password": null, "_winner": "p0x14599d75", "_our_name": "p0y1459b556"}