{"id": "battle-gen9randombattle-804", "formatid": "gen9randombattle", "format": "[Gen 9] Random Battle", "players": ["p0x804eb57", "p0y804daa1"], "log": "|init|battle\n|title|p0x804eb57 vs. p0y804daa1\n|j|\u2606p0x804eb57\n|j|\u2606p0y804daa1\n|t:|1783548461\n|gametype|singles\n|player|p1|p0x804eb57|102|\n|player|p2|p0y804daa1|1|\n|gen|9\n|tier|[Gen 9] Random Battle\n|rule|Species Clause: Limit one of each Pok\u00e9mon\n|rule|HP Percentage Mod: HP is shown in percentages\n|rule|Sleep Clause Mod: Limit one foe put to sleep\n|rule|Illusion Level Mod: Illusion disguises the Pok\u00e9mon's true level\n|\n|t:|1783548461\n|teamsize|p1|6\n|teamsize|p2|6\n|start\n|switch|p1a: Sylveon|Sylveon, L85, M|300/300\n|switch|p2a: Ampharos|Ampharos, L88, F|100/100\n|turn|1\n|inactive|Battle timer is ON: inactive players will automatically lose when time's up. (requested by p0x804eb57)\n|inactive|p0y804daa1 also wants the timer to be on.\n|\n|t:|1783548463\n|move|p1a: Sylveon|Hyper Voice|p2a: Ampharos\n|-damage|p2a: Ampharos|63/100\n|move|p2a: Ampharos|Agility|p2a: Ampharos\n|-boost|p2a: Ampharos|spe|2\n|\n|upkeep\n|turn|2\n|inactive|Time left: 300 sec this turn | 300 sec total\n|\n|t:|1783548464\n|move|p2a: Ampharos|Agility|p2a: Ampharos\n|-boost|p2a: Ampharos|spe|2\n|move|p1a: Sylveon|Hyper Voice|p2a: Ampharos\n|-damage|p2a: Ampharos|23/100\n|\n|upkeep\n|turn|3\n|inactive|Time left: 300 sec this turn | 300 sec total\n|\n|t:|1783548465\n|move|p2a: Ampharos|Thunderbolt|p1a: Sylveon\n|-damage|p1a: Sylveon|179/300\n|-damage|p2a: Ampharos|13/100|[from] item: Life Orb\n|move|p1a: Sylveon|Hyper Voice|p2a: Ampharos\n|-damage|p2a: Ampharos|0 fnt\n|faint|p2a: Ampharos\n|\n|-heal|p1a: Sylveon|197/300|[from] item: Leftovers\n|upkeep\n|\n|t:|1783548466\n|switch|p2a: Gastrodon|Gastrodon-East, L86, F|100/100\n|turn|4\n|inactive|Time left: 300 sec this turn | 300 sec total\n|\n|t:|1783548467\n|move|p1a: Sylveon|Calm Mind|p1a: Sylveon\n|-boost|p1a: Sylveon|spa|1\n|-boost|p1a: Sylveon|spd|1\n|move|p2a: Gastrodon|Earthquake|p1a: Sylveon\n|-damage|p1a: Sylveon|73/300\n|\n|-heal|p1a: Sylveon|91/300|[from] item: Leftovers\n|upkeep\n|turn|5\n|inactive|Time left: 300 sec this turn | 300 sec total\n|\n|t:|1783548468\n|move|p1a: Sylveon|Protect|p1a: Sylveon\n|-singleturn|p1a: Sylveon|Protect\n|move|p2a: Gastrodon|Earthquake|p1a: Sylveon\n|-activate|p1a: Sylveon|move: Protect\n|\n|-heal|p1a: Sylveon|109/300|[from] item: Leftovers\n|upkeep\n|turn|6\n|inactive|Time left: 300 sec this turn | 300 sec total\n|\n|t:|1783548469\n|move|p1a: Sylveon|Hyper Voice|p2a: Gastrodon\n|-damage|p2a: Gastrodon|44/100\n|move|p2a: Gastrodon|Earthquake|p1a: Sylveon\n|-damage|p1a: Sylveon|0 fnt\n|faint|p1a: Sylveon\n|\n|-heal|p2a: Gastrodon|50/100|[from] item: Leftovers\n|upkeep\n|inactive|Time left: 300 sec this turn | 300 sec total | 5 sec grace\n|\n|t:|1783548470\n|switch|p1a: Ambipom|Ambipom, L84, M|263/263\n|turn|7\n|inactive|Time left: 300 sec this turn | 300 sec total\n|\n|t:|1783548471\n|switch|p2a: Conkeldurr|Conkeldurr, L80, M|100/100\n|move|p1a: Ambipom|Triple Axel|p2a: Conkeldurr\n|-damage|p2a: Conkeldurr|90/100\n|-hitcount|p2a: Conkeldurr|1\n|\n|-status|p2a: Conkeldurr|brn|[from] item: Flame Orb\n|upkeep\n|turn|8\n|inactive|Time left: 300 sec this turn | 300 sec total\n|\n|t:|1783548473\n|-terastallize|p1a: Ambipom|Ice\n|move|p2a: Conkeldurr|Mach Punch|p1a: Ambipom\n|-supereffective|p1a: Ambipom\n|-damage|p1a: Ambipom|69/263\n|move|p1a: Ambipom|Triple Axel|p2a: Conkeldurr|[miss]\n|-miss|p1a: Ambipom|p2a: Conkeldurr\n|\n|-damage|p2a: Conkeldurr|84/100 brn|[from] brn\n|upkeep\n|turn|9\n|inactive|Time left: 300 sec this turn | 300 sec total\n|\n|t:|1783548474\n|move|p2a: Conkeldurr|Mach Punch|p1a: Ambipom\n|-supereffective|p1a: Ambipom\n|-damage|p1a: Ambipom|0 fnt\n|faint|p1a: Ambipom\n|\n|-damage|p2a: Conkeldurr|78/100 brn|[from] brn\n|upkeep\n|inactive|Time left: 300 sec this turn | 300 sec total | 5 sec grace\n|\n|t:|1783548475\n|switch|p1a: Whimsicott|Whimsicott, L84, F|238/238\n|turn|10\n|inactive|Time left: 300 sec this turn | 300 sec total\n|\n|t:|1783548476\n|-terastallize|p2a: Conkeldurr|Normal\n|move|p1a: Whimsicott|Moonblast|p2a: Conkeldurr\n|-damage|p2a: Conkeldurr|39/100 brn\n|-unboost|p2a: Conkeldurr|spa|1\n|move|p2a: Conkeldurr|Facade|p1a: Whimsicott\n|-damage|p1a: Whimsicott|0 fnt\n|faint|p1a: Whimsicott\n|\n|-damage|p2a: Conkeldurr|33/100 brn|[from] brn\n|upkeep\n|inactive|Time left: 300 sec this turn | 300 sec total | 5 sec grace\n|\n|t:|1783548477\n|switch|p1a: Ogerpon|Ogerpon-Wellspring, L76, F|247/247\n|turn|11\n|inactive|Time left: 300 sec this turn | 300 sec total\n|\n|t:|1783548478\n|switch|p2a: Braviary|Braviary, L85, M|100/100\n|move|p1a: Ogerpon|Wood Hammer|p2a: Braviary\n|-resisted|p2a: Braviary\n|-damage|p2a: Braviary|74/100\n|-damage|p1a: Ogerpon|220/247|[from] Recoil\n|\n|upkeep\n|turn|12\n|inactive|Time left: 300 sec this turn | 300 sec total\n|\n|t:|1783548479\n|switch|p1a: Raikou|Raikou, L81|278/278\n|-ability|p1a: Raikou|Pressure\n|move|p2a: Braviary|Brave Bird|p1a: Raikou\n|-resisted|p1a: Raikou\n|-damage|p1a: Raikou|179/278\n|-damage|p2a: Braviary|63/100|[from] Recoil\n|\n|upkeep\n|turn|13\n|inactive|Time left: 300 sec this turn | 300 sec total\n|\n|t:|1783548480\n|switch|p2a: Gastrodon|Gastrodon-East, L86, F|50/100\n|move|p1a: Raikou|Thunderbolt|p2a: Gastrodon\n|-immune|p2a: Gastrodon\n|\n|-heal|p2a: Gastrodon|56/100|[from] item: Leftovers\n|upkeep\n|turn|14\n|inactive|Time left: 300 sec this turn | 300 sec total\n|\n|t:|1783548481\n|switch|p1a: Ogerpon|Ogerpon-Wellspring, L76, F|220/247\n|move|p2a: Gastrodon|Recover|p2a: Gastrodon\n|-heal|p2a: Gastrodon|100/100\n|\n|upkeep\n|turn|15\n|inactive|Time left: 300 sec this turn | 300 sec total\n|\n|t:|1783548482\n|switch|p2a: Oricorio|Oricorio-Pom-Pom, L82, M|100/100\n|move|p1a: Ogerpon|Wood Hammer|p2a: Oricorio\n|-resisted|p2a: Oricorio\n|-damage|p2a: Oricorio|67/100\n|-damage|p1a: Ogerpon|192/247|[from] Recoil\n|\n|upkeep\n|turn|16\n|inactive|Time left: 300 sec this turn | 300 sec total\n|\n|t:|1783548483\n|move|p1a: Ogerpon|Ivy Cudgel|p2a: Oricorio|[anim] Ivy Cudgel Water\n|-damage|p2a: Oricorio|9/100\n|move|p2a: Oricorio|Hurricane|p1a: Ogerpon\n|-supereffective|p1a: Ogerpon\n|-damage|p1a: Ogerpon|0 fnt\n|faint|p1a: Ogerpon\n|\n|upkeep\n|inactive|Time left: 300 sec this turn | 300 sec total | 5 sec grace\n|\n|t:|1783548484\n|switch|p1a: Kyogre|Kyogre, L71|259/259\n|-weather|RainDance|[from] ability: Drizzle|[of] p1a: Kyogre\n|turn|17\n|inactive|Time left: 300 sec this turn | 300 sec total\n|\n|t:|1783548485\n|switch|p2a: Gastrodon|Gastrodon-East, L86, F|100/100\n|move|p1a: Kyogre|Calm Mind|p1a: Kyogre\n|-boost|p1a: Kyogre|spa|1\n|-boost|p1a: Kyogre|spd|1\n|\n|-weather|RainDance|[upkeep]\n|upkeep\n|turn|18\n|inactive|Time left: 300 sec this turn | 300 sec total\n|\n|t:|1783548486\n|move|p1a: Kyogre|Ice Beam|p2a: Gastrodon\n|-damage|p2a: Gastrodon|72/100\n|move|p2a: Gastrodon|Earthquake|p1a: Kyogre\n|-damage|p1a: Kyogre|153/259\n|\n|-weather|RainDance|[upkeep]\n|-heal|p1a: Kyogre|169/259|[from] item: Leftovers\n|-heal|p2a: Gastrodon|78/100|[from] item: Leftovers\n|upkeep\n|turn|19\n|inactive|Time left: 300 sec this turn | 300 sec total\n|\n|t:|1783548487\n|move|p1a: Kyogre|Ice Beam|p2a: Gastrodon\n|-damage|p2a: Gastrodon|48/100\n|move|p2a: Gastrodon|Earthquake|p1a: Kyogre\n|-damage|p1a: Kyogre|60/259\n|\n|-weather|RainDance|[upkeep]\n|-heal|p1a: Kyogre|76/259|[from] item: Leftovers\n|-heal|p2a: Gastrodon|54/100|[from] item: Leftovers\n|upkeep\n|turn|20\n|inactive|Time left: 300 sec this turn | 300 sec total\n|\n|t:|1783548488\n|move|p1a: Kyogre|Ice Beam|p2a: Gastrodon\n|-damage|p2a: Gastrodon|24/100\n|move|p2a: Gastrodon|Earthquake|p1a: Kyogre\n|-damage|p1a: Kyogre|0 fnt\n|faint|p1a: Kyogre\n|\n|-weather|RainDance|[upkeep]\n|-heal|p2a: Gastrodon|30/100|[from] item: Leftovers\n|upkeep\n|inactive|Time left: 300 sec this turn | 300 sec total | 5 sec grace\n|\n|t:|1783548489\n|switch|p1a: Raikou|Raikou, L81|179/278\n|-ability|p1a: Raikou|Pressure\n|turn|21\n|inactive|Time left: 300 sec this turn | 300 sec total\n|\n|t:|1783548490\n|move|p1a: Raikou|Calm Mind|p1a: Raikou\n|-boost|p1a: Raikou|spa|1\n|-boost|p1a: Raikou|spd|1\n|move|p2a: Gastrodon|Earthquake|p1a: Raikou\n|-supereffective|p1a: Raikou\n|-damage|p1a: Raikou|0 fnt\n|faint|p1a: Raikou\n|\n|win|p0y804daa1", "uploadtime": 1783548490, "views": 0, "rating": 0, "private": 0, "password": null, "_winner": "p0y804daa1", "_our_name": "p0x804eb57"}