{"id": "battle-gen9randombattle-871", "formatid": "gen9randombattle", "format": "[Gen 9] Random Battle", "players": ["p0x8711899", "p0y871b054"], "log": "|init|battle\n|title|p0x8711899 vs. p0y871b054\n|j|\u2606p0x8711899\n|j|\u2606p0y871b054\n|t:|1783549240\n|gametype|singles\n|player|p1|p0x8711899|1|\n|player|p2|p0y871b054|1|\n|gen|9\n|tier|[Gen 9] Random Battle\n|rule|Species Clause: Limit one of each Pok\u00e9mon\n|rule|HP Percentage Mod: HP is shown in percentages\n|rule|Sleep Clause Mod: Limit one foe put to sleep\n|rule|Illusion Level Mod: Illusion disguises the Pok\u00e9mon's true level\n|\n|t:|1783549240\n|teamsize|p1|6\n|teamsize|p2|6\n|start\n|switch|p1a: Tinkaton|Tinkaton, L82, F|274/274\n|switch|p2a: Mabosstiff|Mabosstiff, L86, F|100/100\n|-ability|p1a: Tinkaton|Mold Breaker\n|turn|1\n|inactive|Battle timer is ON: inactive players will automatically lose when time's up. (requested by p0y871b054)\n|inactive|Time left: 300 sec this turn | 300 sec total | 60 sec grace\n|\n|t:|1783549241\n|switch|p2a: Flareon|Flareon, L90, M, shiny|100/100\n|move|p1a: Tinkaton|Swords Dance|p1a: Tinkaton\n|-boost|p1a: Tinkaton|atk|2\n|\n|-status|p2a: Flareon|tox|[from] item: Toxic Orb\n|upkeep\n|turn|2\n|inactive|Time left: 300 sec this turn | 300 sec total\n|inactive|p0x8711899 also wants the timer to be on.\n|\n|t:|1783549242\n|move|p1a: Tinkaton|Gigaton Hammer|p2a: Flareon\n|-resisted|p2a: Flareon\n|-damage|p2a: Flareon|43/100 tox\n|move|p2a: Flareon|Flare Blitz|p1a: Tinkaton\n|-supereffective|p1a: Tinkaton\n|-damage|p1a: Tinkaton|0 fnt\n|faint|p1a: Tinkaton\n|-damage|p2a: Flareon|8/100 tox|[from] Recoil\n|\n|-damage|p2a: Flareon|2/100 tox|[from] psn\n|upkeep\n|inactive|Time left: 300 sec this turn | 300 sec total | 5 sec grace\n|\n|t:|1783549243\n|switch|p1a: Staraptor|Staraptor, L79, F|263/263\n|turn|3\n|inactive|Time left: 300 sec this turn | 300 sec total\n|\n|t:|1783549244\n|move|p1a: Staraptor|Brave Bird|p2a: Flareon\n|-damage|p2a: Flareon|0 fnt\n|faint|p2a: Flareon\n|-damage|p1a: Staraptor|261/263|[from] Recoil\n|\n|upkeep\n|\n|t:|1783549245\n|switch|p2a: Thundurus|Thundurus-Therian, L80, M|100/100\n|turn|4\n|inactive|Time left: 300 sec this turn | 300 sec total\n|\n|t:|1783549246\n|switch|p1a: Eternatus|Eternatus, L69|308/308\n|-ability|p1a: Eternatus|Pressure\n|move|p2a: Thundurus|Thunderbolt|p1a: Eternatus\n|-resisted|p1a: Eternatus\n|-damage|p1a: Eternatus|209/308\n|\n|-heal|p1a: Eternatus|228/308|[from] item: Leftovers\n|upkeep\n|turn|5\n|inactive|Time left: 300 sec this turn | 300 sec total\n|\n|t:|1783549247\n|move|p1a: Eternatus|Sludge Bomb|p2a: Thundurus\n|-damage|p2a: Thundurus|59/100\n|move|p2a: Thundurus|Thunderbolt|p1a: Eternatus\n|-resisted|p1a: Eternatus\n|-damage|p1a: Eternatus|119/308\n|\n|-heal|p1a: Eternatus|138/308|[from] item: Leftovers\n|upkeep\n|turn|6\n|inactive|Time left: 300 sec this turn | 300 sec total\n|\n|t:|1783549249\n|switch|p2a: Swalot|Swalot, L90, M|100/100\n|move|p1a: Eternatus|Sludge Bomb|p2a: Swalot\n|-resisted|p2a: Swalot\n|-damage|p2a: Swalot|86/100\n|\n|-heal|p1a: Eternatus|157/308|[from] item: Leftovers\n|-heal|p2a: Swalot|92/100|[from] item: Leftovers\n|upkeep\n|turn|7\n|inactive|Time left: 300 sec this turn | 300 sec total\n|\n|t:|1783549250\n|move|p1a: Eternatus|Recover|p1a: Eternatus\n|-heal|p1a: Eternatus|308/308\n|move|p2a: Swalot|Swords Dance|p2a: Swalot\n|-boost|p2a: Swalot|atk|2\n|\n|-heal|p2a: Swalot|98/100|[from] item: Leftovers\n|upkeep\n|turn|8\n|inactive|Time left: 300 sec this turn | 300 sec total\n|\n|t:|1783549251\n|switch|p1a: Hippowdon|Hippowdon, L82, M|311/311\n|-weather|Sandstorm|[from] ability: Sand Stream|[of] p1a: Hippowdon\n|move|p2a: Swalot|Earthquake|p1a: Hippowdon\n|-damage|p1a: Hippowdon|206/311\n|\n|-weather|Sandstorm|[upkeep]\n|-damage|p2a: Swalot|92/100|[from] Sandstorm\n|-heal|p2a: Swalot|98/100|[from] item: Leftovers\n|-heal|p1a: Hippowdon|225/311|[from] item: Leftovers\n|upkeep\n|turn|9\n|inactive|Time left: 300 sec this turn | 300 sec total\n|\n|t:|1783549252\n|-terastallize|p2a: Swalot|Dark\n|move|p2a: Swalot|Knock Off|p1a: Hippowdon\n|-damage|p1a: Hippowdon|81/311\n|-enditem|p1a: Hippowdon|Leftovers|[from] move: Knock Off|[of] p2a: Swalot\n|move|p1a: Hippowdon|Earthquake|p2a: Swalot\n|-damage|p2a: Swalot|64/100\n|\n|-weather|Sandstorm|[upkeep]\n|-damage|p2a: Swalot|58/100|[from] Sandstorm\n|-heal|p2a: Swalot|64/100|[from] item: Leftovers\n|upkeep\n|turn|10\n|inactive|Time left: 300 sec this turn | 300 sec total\n|\n|t:|1783549252\n|move|p2a: Swalot|Knock Off|p1a: Hippowdon\n|-damage|p1a: Hippowdon|0 fnt\n|faint|p1a: Hippowdon\n|\n|-weather|Sandstorm|[upkeep]\n|-damage|p2a: Swalot|58/100|[from] Sandstorm\n|-heal|p2a: Swalot|64/100|[from] item: Leftovers\n|upkeep\n|inactive|Time left: 300 sec this turn | 300 sec total | 5 sec grace\n|\n|t:|1783549253\n|switch|p1a: Staraptor|Staraptor, L79, F|261/263\n|turn|11\n|inactive|Time left: 300 sec this turn | 300 sec total\n|\n|t:|1783549254\n|move|p1a: Staraptor|Brave Bird|p2a: Swalot\n|-damage|p2a: Swalot|0 fnt\n|faint|p2a: Swalot\n|-damage|p1a: Staraptor|193/263|[from] Recoil\n|\n|-weather|Sandstorm|[upkeep]\n|-damage|p1a: Staraptor|177/263|[from] Sandstorm\n|upkeep\n|\n|t:|1783549255\n|switch|p2a: Mabosstiff|Mabosstiff, L86, F|100/100\n|turn|12\n|inactive|Time left: 300 sec this turn | 300 sec total\n|\n|t:|1783549256\n|move|p2a: Mabosstiff|Crunch|p1a: Staraptor\n|-damage|p1a: Staraptor|45/263\n|move|p1a: Staraptor|Brave Bird|p2a: Mabosstiff\n|-damage|p2a: Mabosstiff|22/100\n|-damage|p1a: Staraptor|0 fnt|[from] Recoil\n|faint|p1a: Staraptor\n|\n|-weather|none\n|upkeep\n|inactive|Time left: 300 sec this turn | 300 sec total | 5 sec grace\n|\n|t:|1783549257\n|switch|p1a: Eternatus|Eternatus, L69|308/308\n|-ability|p1a: Eternatus|Pressure\n|turn|13\n|inactive|Time left: 300 sec this turn | 300 sec total\n|\n|t:|1783549258\n|move|p2a: Mabosstiff|Crunch|p1a: Eternatus\n|-damage|p1a: Eternatus|182/308\n|move|p1a: Eternatus|Dynamax Cannon|p2a: Mabosstiff\n|-crit|p2a: Mabosstiff\n|-damage|p2a: Mabosstiff|0 fnt\n|faint|p2a: Mabosstiff\n|\n|-heal|p1a: Eternatus|201/308|[from] item: Leftovers\n|upkeep\n|\n|t:|1783549259\n|switch|p2a: Salamence|Salamence, L77, F|100/100\n|turn|14\n|inactive|Time left: 300 sec this turn | 300 sec total\n|\n|t:|1783549260\n|-terastallize|p1a: Eternatus|Dragon\n|move|p1a: Eternatus|Dynamax Cannon|p2a: Salamence\n|-supereffective|p2a: Salamence\n|-damage|p2a: Salamence|0 fnt\n|faint|p2a: Salamence\n|\n|-heal|p1a: Eternatus|220/308|[from] item: Leftovers\n|upkeep\n|\n|t:|1783549261\n|switch|p2a: Thundurus|Thundurus-Therian, L80, M|59/100\n|turn|15\n|inactive|Time left: 300 sec this turn | 300 sec total\n|\n|t:|1783549263\n|move|p1a: Eternatus|Dynamax Cannon|p2a: Thundurus\n|-damage|p2a: Thundurus|0 fnt\n|faint|p2a: Thundurus\n|\n|-heal|p1a: Eternatus|239/308|[from] item: Leftovers\n|upkeep\n|\n|t:|1783549263\n|switch|p2a: Walking Wake|Walking Wake, L79|100/100\n|turn|16\n|inactive|Time left: 300 sec this turn | 300 sec total\n|\n|t:|1783549264\n|move|p1a: Eternatus|Dynamax Cannon|p2a: Walking Wake\n|-supereffective|p2a: Walking Wake\n|-damage|p2a: Walking Wake|0 fnt\n|faint|p2a: Walking Wake\n|-end|p2a: Walking Wake|Protosynthesis|[silent]\n|\n|win|p0x8711899", "uploadtime": 1783549264, "views": 0, "rating": 0, "private": 0, "password": null, "_winner": "p0x8711899", "_our_name": "p0x8711899"}