{"id": "battle-gen9randombattle-202", "formatid": "gen9randombattle", "format": "[Gen 9] Random Battle", "players": ["p0x202c5b8", "p0y20243d4"], "log": "|init|battle\n|title|p0x202c5b8 vs. p0y20243d4\n|j|\u2606p0x202c5b8\n|j|\u2606p0y20243d4\n|t:|1783541901\n|gametype|singles\n|player|p1|p0x202c5b8|169|\n|player|p2|p0y20243d4|2|\n|gen|9\n|tier|[Gen 9] Random Battle\n|rule|Species Clause: Limit one of each Pok\u00e9mon\n|rule|HP Percentage Mod: HP is shown in percentages\n|rule|Sleep Clause Mod: Limit one foe put to sleep\n|rule|Illusion Level Mod: Illusion disguises the Pok\u00e9mon's true level\n|\n|t:|1783541901\n|teamsize|p1|6\n|teamsize|p2|6\n|start\n|switch|p1a: Avalugg|Avalugg-Hisui, L90, F|100/100\n|switch|p2a: Rotom|Rotom-Heat, L83|219/219\n|turn|1\n|inactive|Battle timer is ON: inactive players will automatically lose when time's up. (requested by p0x202c5b8)\n|inactive|Time left: 300 sec this turn | 300 sec total | 60 sec grace\n|\n|t:|1783541903\n|move|p2a: Rotom|Volt Switch|p1a: Avalugg\n|-damage|p1a: Avalugg|61/100\n|inactive|Time left: 300 sec this turn | 300 sec total | 65 sec grace\n|inactive|p0y20243d4 also wants the timer to be on.\n|\n|t:|1783541905\n|switch|p2a: Keldeo|Keldeo-Resolute, L79|273/273|[from] Volt Switch\n|move|p1a: Avalugg|Stone Edge|p2a: Keldeo\n|-resisted|p2a: Keldeo\n|-damage|p2a: Keldeo|191/273\n|\n|upkeep\n|turn|2\n|inactive|Time left: 300 sec this turn | 300 sec total\n|\n|t:|1783541906\n|switch|p1a: Bruxish|Bruxish, L85, F|100/100\n|move|p2a: Keldeo|Hydro Pump|p1a: Bruxish|[miss]\n|-miss|p2a: Keldeo|p1a: Bruxish\n|\n|upkeep\n|turn|3\n|inactive|Time left: 300 sec this turn | 300 sec total\n|\n|t:|1783541908\n|switch|p2a: Solgaleo|Solgaleo, L74|325/325\n|move|p1a: Bruxish|Psychic Fangs|p2a: Solgaleo\n|-resisted|p2a: Solgaleo\n|-damage|p2a: Solgaleo|290/325\n|-damage|p1a: Bruxish|84/100|[from] item: Rocky Helmet|[of] p2a: Solgaleo\n|\n|upkeep\n|turn|4\n|inactive|Time left: 300 sec this turn | 300 sec total\n|\n|t:|1783541909\n|switch|p1a: Dialga|Dialga-Origin, L73|100/100\n|-ability|p1a: Dialga|Pressure\n|move|p2a: Solgaleo|Sunsteel Strike|p1a: Dialga\n|-resisted|p1a: Dialga\n|-damage|p1a: Dialga|82/100\n|\n|upkeep\n|turn|5\n|inactive|Time left: 300 sec this turn | 300 sec total\n|\n|t:|1783541910\n|move|p2a: Solgaleo|Sunsteel Strike|p1a: Dialga\n|-resisted|p1a: Dialga\n|-damage|p1a: Dialga|66/100\n|move|p1a: Dialga|Stealth Rock|p2a: Solgaleo\n|-sidestart|p2: p0y20243d4|move: Stealth Rock\n|\n|upkeep\n|turn|6\n|inactive|Time left: 300 sec this turn | 300 sec total\n|\n|t:|1783541911\n|switch|p1a: Tauros|Tauros-Paldea-Aqua, L81, M|100/100\n|-ability|p1a: Tauros|Intimidate|boost\n|-fail|p2a: Solgaleo|unboost|[from] ability: Full Metal Body|[of] p2a: Solgaleo\n|move|p2a: Solgaleo|Knock Off|p1a: Tauros\n|-resisted|p1a: Tauros\n|-damage|p1a: Tauros|88/100\n|-enditem|p1a: Tauros|Choice Band|[from] move: Knock Off|[of] p2a: Solgaleo\n|\n|upkeep\n|turn|7\n|inactive|Time left: 300 sec this turn | 300 sec total\n|\n|t:|1783541913\n|move|p1a: Tauros|Stone Edge|p2a: Solgaleo\n|-resisted|p2a: Solgaleo\n|-damage|p2a: Solgaleo|255/325\n|move|p2a: Solgaleo|Psychic Fangs|p1a: Tauros\n|-supereffective|p1a: Tauros\n|-damage|p1a: Tauros|22/100\n|\n|upkeep\n|turn|8\n|inactive|Time left: 300 sec this turn | 300 sec total\n|\n|t:|1783541914\n|move|p1a: Tauros|Close Combat|p2a: Solgaleo\n|-damage|p2a: Solgaleo|132/325\n|-unboost|p1a: Tauros|def|1\n|-unboost|p1a: Tauros|spd|1\n|-damage|p1a: Tauros|5/100|[from] item: Rocky Helmet|[of] p2a: Solgaleo\n|move|p2a: Solgaleo|Knock Off|p1a: Tauros\n|-resisted|p1a: Tauros\n|-damage|p1a: Tauros|0 fnt\n|faint|p1a: Tauros\n|\n|upkeep\n|\n|t:|1783541915\n|switch|p1a: Bruxish|Bruxish, L85, F|84/100\n|turn|9\n|inactive|Time left: 300 sec this turn | 300 sec total\n|\n|t:|1783541916\n|move|p1a: Bruxish|Crunch|p2a: Solgaleo\n|-supereffective|p2a: Solgaleo\n|-damage|p2a: Solgaleo|0 fnt\n|-damage|p1a: Bruxish|67/100|[from] item: Rocky Helmet|[of] p2a: Solgaleo\n|faint|p2a: Solgaleo\n|\n|upkeep\n|inactive|Time left: 300 sec this turn | 300 sec total | 5 sec grace\n|\n|t:|1783541917\n|switch|p2a: Hitmontop|Hitmontop, L88, M|231/231\n|-damage|p2a: Hitmontop|217/231|[from] Stealth Rock\n|-ability|p2a: Hitmontop|Intimidate|boost\n|-unboost|p1a: Bruxish|atk|1\n|turn|10\n|inactive|Time left: 300 sec this turn | 300 sec total\n|\n|t:|1783541918\n|switch|p1a: Mimikyu|Mimikyu, L79, M|100/100\n|move|p2a: Hitmontop|Rapid Spin|p1a: Mimikyu\n|-immune|p1a: Mimikyu\n|\n|upkeep\n|turn|11\n|inactive|Time left: 300 sec this turn | 300 sec total\n|\n|t:|1783541919\n|move|p1a: Mimikyu|Swords Dance|p1a: Mimikyu\n|-boost|p1a: Mimikyu|atk|2\n|move|p2a: Hitmontop|Earthquake|p1a: Mimikyu\n|-activate|p1a: Mimikyu|ability: Disguise\n|-damage|p1a: Mimikyu|100/100\n|detailschange|p1a: Mimikyu|Mimikyu-Busted, L79, M\n|-damage|p1a: Mimikyu|88/100|[from] pokemon: Mimikyu-Busted\n|\n|upkeep\n|turn|12\n|inactive|Time left: 300 sec this turn | 300 sec total\n|\n|t:|1783541920\n|switch|p2a: Rotom|Rotom-Heat, L83|219/219\n|move|p1a: Mimikyu|Play Rough|p2a: Rotom\n|-resisted|p2a: Rotom\n|-damage|p2a: Rotom|133/219\n|-damage|p1a: Mimikyu|78/100|[from] item: Life Orb\n|\n|upkeep\n|turn|13\n|inactive|Time left: 300 sec this turn | 300 sec total\n|\n|t:|1783541921\n|-terastallize|p1a: Mimikyu|Fighting\n|move|p1a: Mimikyu|Drain Punch|p2a: Rotom\n|-damage|p2a: Rotom|0 fnt\n|-heal|p1a: Mimikyu|100/100|[from] drain|[of] p2a: Rotom\n|faint|p2a: Rotom\n|-damage|p1a: Mimikyu|91/100|[from] item: Life Orb\n|\n|upkeep\n|inactive|Time left: 300 sec this turn | 300 sec total | 5 sec grace\n|\n|t:|1783541921\n|switch|p2a: Pikachu|Pikachu-Original, L93, F|216/216\n|-damage|p2a: Pikachu|189/216|[from] Stealth Rock\n|turn|14\n|inactive|Time left: 300 sec this turn | 300 sec total\n|\n|t:|1783541922\n|move|p1a: Mimikyu|Shadow Sneak|p2a: Pikachu\n|-damage|p2a: Pikachu|41/216\n|-damage|p1a: Mimikyu|81/100|[from] item: Life Orb\n|move|p2a: Pikachu|Play Rough|p1a: Mimikyu|[miss]\n|-miss|p2a: Pikachu|p1a: Mimikyu\n|\n|upkeep\n|turn|15\n|inactive|Time left: 300 sec this turn | 300 sec total\n|\n|t:|1783541923\n|move|p1a: Mimikyu|Shadow Sneak|p2a: Pikachu\n|-damage|p2a: Pikachu|0 fnt\n|faint|p2a: Pikachu\n|-damage|p1a: Mimikyu|71/100|[from] item: Life Orb\n|\n|upkeep\n|inactive|Time left: 300 sec this turn | 300 sec total | 5 sec grace\n|\n|t:|1783541924\n|switch|p2a: Keldeo|Keldeo-Resolute, L79|191/273\n|-damage|p2a: Keldeo|174/273|[from] Stealth Rock\n|turn|16\n|inactive|Time left: 300 sec this turn | 300 sec total\n|\n|t:|1783541925\n|switch|p1a: Bruxish|Bruxish, L85, F|67/100\n|-terastallize|p2a: Keldeo|Fighting\n|move|p2a: Keldeo|Secret Sword|p1a: Bruxish\n|-resisted|p1a: Bruxish\n|-damage|p1a: Bruxish|30/100\n|-damage|p2a: Keldeo|147/273|[from] item: Life Orb\n|\n|upkeep\n|turn|17\n|inactive|Time left: 300 sec this turn | 300 sec total\n|\n|t:|1783541926\n|move|p1a: Bruxish|Psychic Fangs|p2a: Keldeo\n|-supereffective|p2a: Keldeo\n|-damage|p2a: Keldeo|0 fnt\n|faint|p2a: Keldeo\n|\n|upkeep\n|inactive|Time left: 300 sec this turn | 300 sec total | 5 sec grace\n|\n|t:|1783541926\n|switch|p2a: Chansey|Chansey, L85, F|564/564\n|-damage|p2a: Chansey|494/564|[from] Stealth Rock\n|turn|18\n|inactive|Time left: 300 sec this turn | 300 sec total\n|\n|t:|1783541928\n|move|p1a: Bruxish|Psychic Fangs|p2a: Chansey\n|-damage|p2a: Chansey|137/564\n|move|p2a: Chansey|Seismic Toss|p1a: Bruxish\n|-damage|p1a: Bruxish|0 fnt\n|faint|p1a: Bruxish\n|\n|upkeep\n|\n|t:|1783541929\n|switch|p1a: Mimikyu|Mimikyu-Busted, L79, M, tera:Fighting|71/100\n|turn|19\n|inactive|Time left: 300 sec this turn | 300 sec total\n|\n|t:|1783541930\n|move|p1a: Mimikyu|Swords Dance|p1a: Mimikyu\n|-boost|p1a: Mimikyu|atk|2\n|move|p2a: Chansey|Seismic Toss|p1a: Mimikyu\n|-damage|p1a: Mimikyu|32/100\n|\n|upkeep\n|turn|20\n|inactive|Time left: 300 sec this turn | 300 sec total\n|\n|t:|1783541931\n|switch|p2a: Hitmontop|Hitmontop, L88, M|217/231\n|-damage|p2a: Hitmontop|203/231|[from] Stealth Rock\n|-ability|p2a: Hitmontop|Intimidate|boost\n|-unboost|p1a: Mimikyu|atk|1\n|move|p1a: Mimikyu|Drain Punch|p2a: Hitmontop\n|-damage|p2a: Hitmontop|86/231\n|-heal|p1a: Mimikyu|59/100|[from] drain|[of] p2a: Hitmontop\n|-damage|p1a: Mimikyu|50/100|[from] item: Life Orb\n|\n|upkeep\n|turn|21\n|inactive|Time left: 300 sec this turn | 300 sec total\n|\n|t:|1783541932\n|move|p1a: Mimikyu|Drain Punch|p2a: Hitmontop\n|-damage|p2a: Hitmontop|0 fnt\n|-heal|p1a: Mimikyu|69/100|[from] drain|[of] p2a: Hitmontop\n|faint|p2a: Hitmontop\n|-damage|p1a: Mimikyu|60/100|[from] item: Life Orb\n|\n|upkeep\n|inactive|Time left: 300 sec this turn | 300 sec total | 5 sec grace\n|\n|t:|1783541933\n|switch|p2a: Chansey|Chansey, L85, F|137/564\n|-damage|p2a: Chansey|67/564|[from] Stealth Rock\n|turn|22\n|inactive|Time left: 300 sec this turn | 300 sec total\n|\n|t:|1783541934\n|move|p1a: Mimikyu|Drain Punch|p2a: Chansey\n|-supereffective|p2a: Chansey\n|-damage|p2a: Chansey|0 fnt\n|-heal|p1a: Mimikyu|75/100|[from] drain|[of] p2a: Chansey\n|faint|p2a: Chansey\n|-damage|p1a: Mimikyu|66/100|[from] item: Life Orb\n|\n|win|p0x202c5b8", "uploadtime": 1783541934, "views": 0, "rating": 0, "private": 0, "password": null, "_winner": "p0x202c5b8", "_our_name": "p0y20243d4"}