{"id": "battle-gen9randombattle-855", "formatid": "gen9randombattle", "format": "[Gen 9] Random Battle", "players": ["p0x855b0da", "p0y855b0af"], "log": "|init|battle\n|title|p0x855b0da vs. p0y855b0af\n|j|\u2606p0x855b0da\n|j|\u2606p0y855b0af\n|t:|1783549052\n|gametype|singles\n|player|p1|p0x855b0da|169|\n|player|p2|p0y855b0af|1|\n|gen|9\n|tier|[Gen 9] Random Battle\n|rule|Species Clause: Limit one of each Pok\u00e9mon\n|rule|HP Percentage Mod: HP is shown in percentages\n|rule|Sleep Clause Mod: Limit one foe put to sleep\n|rule|Illusion Level Mod: Illusion disguises the Pok\u00e9mon's true level\n|\n|t:|1783549052\n|teamsize|p1|6\n|teamsize|p2|6\n|start\n|switch|p1a: Miraidon|Miraidon, L65|100/100\n|switch|p2a: Toxtricity|Toxtricity, L82, M|257/257\n|-fieldstart|move: Electric Terrain|[from] ability: Hadron Engine|[of] p1a: Miraidon\n|turn|1\n|inactive|Battle timer is ON: inactive players will automatically lose when time's up. (requested by p0x855b0da)\n|inactive|Time left: 300 sec this turn | 300 sec total | 60 sec grace\n|inactive|p0y855b0af also wants the timer to be on.\n|\n|t:|1783549054\n|move|p1a: Miraidon|Dragon Pulse|p2a: Toxtricity\n|-damage|p2a: Toxtricity|93/257\n|-damage|p1a: Miraidon|91/100|[from] item: Life Orb\n|move|p2a: Toxtricity|Boomburst|p1a: Miraidon\n|-damage|p1a: Miraidon|26/100\n|-enditem|p2a: Toxtricity|Throat Spray\n|-boost|p2a: Toxtricity|spa|1|[from] item: Throat Spray\n|\n|upkeep\n|turn|2\n|inactive|Time left: 300 sec this turn | 300 sec total\n|\n|t:|1783549055\n|switch|p2a: Sylveon|Sylveon, L85, M|300/300\n|move|p1a: Miraidon|Electro Drift|p2a: Sylveon\n|-damage|p2a: Sylveon|170/300\n|-damage|p1a: Miraidon|16/100|[from] item: Life Orb\n|\n|-heal|p2a: Sylveon|188/300|[from] item: Leftovers\n|upkeep\n|turn|3\n|inactive|Time left: 300 sec this turn | 300 sec total\n|\n|t:|1783549056\n|move|p1a: Miraidon|Electro Drift|p2a: Sylveon\n|-damage|p2a: Sylveon|52/300\n|-damage|p1a: Miraidon|7/100|[from] item: Life Orb\n|move|p2a: Sylveon|Hyper Voice|p1a: Miraidon\n|-supereffective|p1a: Miraidon\n|-damage|p1a: Miraidon|0 fnt\n|faint|p1a: Miraidon\n|\n|-heal|p2a: Sylveon|70/300|[from] item: Leftovers\n|upkeep\n|\n|t:|1783549057\n|switch|p1a: Braviary|Braviary-Hisui, L85, M|100/100\n|turn|4\n|inactive|Time left: 300 sec this turn | 300 sec total\n|\n|t:|1783549058\n|switch|p2a: Politoed|Politoed, L88, F|302/302\n|-weather|RainDance|[from] ability: Drizzle|[of] p2a: Politoed\n|move|p1a: Braviary|Esper Wing|p2a: Politoed\n|-damage|p2a: Politoed|167/302\n|-boost|p1a: Braviary|spe|1\n|\n|-weather|RainDance|[upkeep]\n|upkeep\n|turn|5\n|inactive|Time left: 300 sec this turn | 300 sec total\n|\n|t:|1783549059\n|-terastallize|p2a: Politoed|Water\n|move|p1a: Braviary|Esper Wing|p2a: Politoed\n|-damage|p2a: Politoed|28/302\n|-boost|p1a: Braviary|spe|1\n|move|p2a: Politoed|Weather Ball|p1a: Braviary\n|-damage|p1a: Braviary|0 fnt\n|faint|p1a: Braviary\n|\n|-weather|RainDance|[upkeep]\n|-fieldend|move: Electric Terrain\n|upkeep\n|\n|t:|1783549060\n|switch|p1a: Glaceon|Glaceon, L94, M|100/100\n|turn|6\n|inactive|Time left: 300 sec this turn | 300 sec total\n|\n|t:|1783549061\n|move|p1a: Glaceon|Freeze-Dry|p2a: Politoed\n|-supereffective|p2a: Politoed\n|-damage|p2a: Politoed|0 fnt\n|faint|p2a: Politoed\n|\n|-weather|RainDance|[upkeep]\n|upkeep\n|inactive|Time left: 300 sec this turn | 300 sec total | 5 sec grace\n|\n|t:|1783549061\n|switch|p2a: Grimmsnarl|Grimmsnarl, L83, M|293/293\n|turn|7\n|inactive|Time left: 300 sec this turn | 300 sec total\n|\n|t:|1783549062\n|move|p1a: Glaceon|Freeze-Dry|p2a: Grimmsnarl\n|-damage|p2a: Grimmsnarl|158/293\n|-status|p2a: Grimmsnarl|frz\n|cant|p2a: Grimmsnarl|frz\n|\n|-weather|RainDance|[upkeep]\n|upkeep\n|turn|8\n|inactive|Time left: 300 sec this turn | 300 sec total\n|\n|t:|1783549063\n|move|p1a: Glaceon|Freeze-Dry|p2a: Grimmsnarl\n|-damage|p2a: Grimmsnarl|22/293 frz\n|cant|p2a: Grimmsnarl|frz\n|\n|-weather|none\n|upkeep\n|turn|9\n|inactive|Time left: 300 sec this turn | 300 sec total\n|\n|t:|1783549064\n|-curestatus|p2a: Grimmsnarl|frz|[msg]\n|move|p2a: Grimmsnarl|Thunder Wave|p1a: Glaceon\n|-status|p1a: Glaceon|par\n|move|p1a: Glaceon|Freeze-Dry|p2a: Grimmsnarl\n|-damage|p2a: Grimmsnarl|0 fnt\n|faint|p2a: Grimmsnarl\n|\n|upkeep\n|inactive|Time left: 300 sec this turn | 300 sec total | 5 sec grace\n|\n|t:|1783549065\n|switch|p2a: Sylveon|Sylveon, L85, M|70/300\n|turn|10\n|inactive|Time left: 300 sec this turn | 300 sec total\n|\n|t:|1783549066\n|move|p2a: Sylveon|Calm Mind|p2a: Sylveon\n|-boost|p2a: Sylveon|spa|1\n|-boost|p2a: Sylveon|spd|1\n|move|p1a: Glaceon|Freeze-Dry|p2a: Sylveon\n|-damage|p2a: Sylveon|10/300\n|\n|-heal|p2a: Sylveon|28/300|[from] item: Leftovers\n|upkeep\n|turn|11\n|inactive|Time left: 300 sec this turn | 300 sec total\n|\n|t:|1783549067\n|move|p2a: Sylveon|Hyper Voice|p1a: Glaceon\n|-damage|p1a: Glaceon|36/100 par\n|move|p1a: Glaceon|Freeze-Dry|p2a: Sylveon\n|-damage|p2a: Sylveon|0 fnt\n|faint|p2a: Sylveon\n|\n|upkeep\n|inactive|Time left: 300 sec this turn | 300 sec total | 5 sec grace\n|\n|t:|1783549068\n|switch|p2a: Toxtricity|Toxtricity, L82, M|93/257\n|turn|12\n|inactive|Time left: 300 sec this turn | 300 sec total\n|\n|t:|1783549069\n|move|p2a: Toxtricity|Boomburst|p1a: Glaceon\n|-damage|p1a: Glaceon|0 fnt\n|faint|p1a: Glaceon\n|\n|upkeep\n|\n|t:|1783549070\n|switch|p1a: Hydrapple|Hydrapple, L83, F|100/100\n|turn|13\n|inactive|Time left: 300 sec this turn | 300 sec total\n|\n|t:|1783549071\n|move|p2a: Toxtricity|Gunk Shot|p1a: Hydrapple|[miss]\n|-miss|p2a: Toxtricity|p1a: Hydrapple\n|move|p1a: Hydrapple|Fickle Beam|p2a: Toxtricity\n|-damage|p2a: Toxtricity|0 fnt\n|faint|p2a: Toxtricity\n|-damage|p1a: Hydrapple|91/100|[from] item: Life Orb\n|\n|upkeep\n|inactive|Time left: 300 sec this turn | 300 sec total | 5 sec grace\n|\n|t:|1783549072\n|switch|p2a: Duraludon|Duraludon, L82, M|249/249\n|turn|14\n|inactive|Time left: 300 sec this turn | 300 sec total\n|\n|t:|1783549073\n|-terastallize|p1a: Hydrapple|Steel\n|move|p2a: Duraludon|Draco Meteor|p1a: Hydrapple\n|-resisted|p1a: Hydrapple\n|-crit|p1a: Hydrapple\n|-damage|p1a: Hydrapple|50/100\n|-unboost|p2a: Duraludon|spa|2\n|move|p1a: Hydrapple|Earth Power|p2a: Duraludon\n|-supereffective|p2a: Duraludon\n|-damage|p2a: Duraludon|59/249\n|-unboost|p2a: Duraludon|spd|1\n|-damage|p1a: Hydrapple|40/100|[from] item: Life Orb\n|\n|upkeep\n|turn|15\n|inactive|Time left: 300 sec this turn | 300 sec total\n|\n|t:|1783549074\n|switch|p1a: Salazzle|Salazzle, L83, F|100/100\n|move|p2a: Duraludon|Body Press|p1a: Salazzle\n|-resisted|p1a: Salazzle\n|-damage|p1a: Salazzle|84/100\n|\n|-heal|p1a: Salazzle|90/100|[from] item: Leftovers\n|upkeep\n|turn|16\n|inactive|Time left: 300 sec this turn | 300 sec total\n|\n|t:|1783549075\n|switch|p2a: Skuntank|Skuntank, L84, M|310/310\n|move|p1a: Salazzle|Flamethrower|p2a: Skuntank\n|-damage|p2a: Skuntank|163/310\n|\n|-heal|p1a: Salazzle|96/100|[from] item: Leftovers\n|-heal|p2a: Skuntank|182/310|[from] item: Leftovers\n|upkeep\n|turn|17\n|inactive|Time left: 300 sec this turn | 300 sec total\n|\n|t:|1783549076\n|move|p1a: Salazzle|Flamethrower|p2a: Skuntank\n|-damage|p2a: Skuntank|43/310\n|move|p2a: Skuntank|Knock Off|p1a: Salazzle\n|-damage|p1a: Salazzle|38/100\n|-enditem|p1a: Salazzle|Leftovers|[from] move: Knock Off|[of] p2a: Skuntank\n|\n|-heal|p2a: Skuntank|62/310|[from] item: Leftovers\n|upkeep\n|turn|18\n|inactive|Time left: 300 sec this turn | 300 sec total\n|\n|t:|1783549077\n|move|p1a: Salazzle|Flamethrower|p2a: Skuntank\n|-damage|p2a: Skuntank|0 fnt\n|faint|p2a: Skuntank\n|\n|upkeep\n|inactive|Time left: 300 sec this turn | 300 sec total | 5 sec grace\n|\n|t:|1783549078\n|switch|p2a: Duraludon|Duraludon, L82, M|59/249\n|turn|19\n|inactive|Time left: 300 sec this turn | 300 sec total\n|\n|t:|1783549079\n|move|p1a: Salazzle|Flamethrower|p2a: Duraludon\n|-damage|p2a: Duraludon|0 fnt\n|faint|p2a: Duraludon\n|\n|win|p0x855b0da", "uploadtime": 1783549079, "views": 0, "rating": 0, "private": 0, "password": null, "_winner": "p0x855b0da", "_our_name": "p0y855b0af"}