{"id": "battle-gen9randombattle-1094", "formatid": "gen9randombattle", "format": "[Gen 9] Random Battle", "players": ["p0x1094ecbd", "p0y10946a41"], "log": "|init|battle\n|title|p0x1094ecbd vs. p0y10946a41\n|j|\u2606p0x1094ecbd\n|j|\u2606p0y10946a41\n|t:|1783551863\n|gametype|singles\n|player|p1|p0x1094ecbd|169|\n|player|p2|p0y10946a41|265|\n|gen|9\n|tier|[Gen 9] Random Battle\n|rule|Species Clause: Limit one of each Pok\u00e9mon\n|rule|HP Percentage Mod: HP is shown in percentages\n|rule|Sleep Clause Mod: Limit one foe put to sleep\n|rule|Illusion Level Mod: Illusion disguises the Pok\u00e9mon's true level\n|\n|t:|1783551864\n|teamsize|p1|6\n|teamsize|p2|6\n|start\n|switch|p1a: Urshifu|Urshifu-Rapid-Strike, L75, M|100/100\n|switch|p2a: Piloswine|Piloswine, L85, F|309/309\n|turn|1\n|inactive|Battle timer is ON: inactive players will automatically lose when time's up. (requested by p0y10946a41)\n|inactive|p0x1094ecbd also wants the timer to be on.\n|\n|t:|1783551865\n|move|p1a: Urshifu|Surging Strikes|p2a: Piloswine\n|-supereffective|p2a: Piloswine\n|-crit|p2a: Piloswine\n|-damage|p2a: Piloswine|247/309\n|-supereffective|p2a: Piloswine\n|-crit|p2a: Piloswine\n|-damage|p2a: Piloswine|191/309\n|-supereffective|p2a: Piloswine\n|-crit|p2a: Piloswine\n|-damage|p2a: Piloswine|129/309\n|-hitcount|p2a: Piloswine|3\n|move|p2a: Piloswine|Earthquake|p1a: Urshifu\n|-damage|p1a: Urshifu|59/100\n|\n|upkeep\n|turn|2\n|inactive|Time left: 300 sec this turn | 300 sec total\n|\n|t:|1783551866\n|switch|p2a: Greedent|Greedent, L86, M|347/347\n|move|p1a: Urshifu|Surging Strikes|p2a: Greedent\n|-crit|p2a: Greedent\n|-damage|p2a: Greedent|311/347\n|-crit|p2a: Greedent\n|-damage|p2a: Greedent|274/347\n|-crit|p2a: Greedent\n|-damage|p2a: Greedent|234/347\n|-hitcount|p2a: Greedent|3\n|\n|upkeep\n|turn|3\n|inactive|Time left: 300 sec this turn | 300 sec total\n|\n|t:|1783551867\n|move|p1a: Urshifu|Surging Strikes|p2a: Greedent\n|-crit|p2a: Greedent\n|-damage|p2a: Greedent|195/347\n|-crit|p2a: Greedent\n|-damage|p2a: Greedent|153/347\n|-enditem|p2a: Greedent|Sitrus Berry|[eat]\n|-heal|p2a: Greedent|239/347|[from] item: Sitrus Berry\n|-heal|p2a: Greedent|347/347|[from] ability: Cheek Pouch\n|-crit|p2a: Greedent\n|-damage|p2a: Greedent|310/347\n|-hitcount|p2a: Greedent|3\n|move|p2a: Greedent|Knock Off|p1a: Urshifu\n|-resisted|p1a: Urshifu\n|-damage|p1a: Urshifu|45/100\n|-enditem|p1a: Urshifu|Choice Scarf|[from] move: Knock Off|[of] p2a: Greedent\n|\n|upkeep\n|turn|4\n|inactive|Time left: 300 sec this turn | 300 sec total\n|\n|t:|1783551868\n|move|p1a: Urshifu|Close Combat|p2a: Greedent\n|-supereffective|p2a: Greedent\n|-damage|p2a: Greedent|88/347\n|-unboost|p1a: Urshifu|def|1\n|-unboost|p1a: Urshifu|spd|1\n|move|p2a: Greedent|Double-Edge|p1a: Urshifu\n|-damage|p1a: Urshifu|0 fnt\n|faint|p1a: Urshifu\n|-damage|p2a: Greedent|47/347|[from] Recoil\n|\n|upkeep\n|\n|t:|1783551869\n|switch|p1a: Volcanion|Volcanion, L79|100/100\n|turn|5\n|inactive|Time left: 300 sec this turn | 300 sec total\n|\n|t:|1783551871\n|switch|p2a: Dachsbun|Dachsbun, L92, M|254/254\n|move|p1a: Volcanion|Flamethrower|p2a: Dachsbun\n|-ability|p2a: Dachsbun|Well-Baked Body|boost\n|-boost|p2a: Dachsbun|def|2\n|\n|upkeep\n|turn|6\n|inactive|Time left: 300 sec this turn | 300 sec total\n|\n|t:|1783551872\n|switch|p1a: Mew|Mew, L82|100/100\n|move|p2a: Dachsbun|Body Press|p1a: Mew\n|-resisted|p1a: Mew\n|-damage|p1a: Mew|77/100\n|\n|upkeep\n|turn|7\n|inactive|Time left: 300 sec this turn | 300 sec total\n|\n|t:|1783551873\n|move|p2a: Dachsbun|Play Rough|p1a: Mew\n|-crit|p1a: Mew\n|-damage|p1a: Mew|28/100\n|move|p1a: Mew|Nasty Plot|p1a: Mew\n|-boost|p1a: Mew|spa|2\n|\n|upkeep\n|turn|8\n|inactive|Time left: 300 sec this turn | 300 sec total\n|\n|t:|1783551875\n|switch|p1a: Volcanion|Volcanion, L79|100/100\n|move|p2a: Dachsbun|Play Rough|p1a: Volcanion\n|-resisted|p1a: Volcanion\n|-damage|p1a: Volcanion|83/100\n|\n|upkeep\n|turn|9\n|inactive|Time left: 300 sec this turn | 300 sec total\n|\n|t:|1783551876\n|move|p2a: Dachsbun|Body Press|p1a: Volcanion\n|-damage|p1a: Volcanion|34/100\n|move|p1a: Volcanion|Steam Eruption|p2a: Dachsbun\n|-damage|p2a: Dachsbun|68/254\n|\n|-heal|p2a: Dachsbun|83/254|[from] item: Leftovers\n|upkeep\n|turn|10\n|inactive|Time left: 300 sec this turn | 300 sec total\n|\n|t:|1783551877\n|move|p2a: Dachsbun|Body Press|p1a: Volcanion\n|-damage|p1a: Volcanion|0 fnt\n|faint|p1a: Volcanion\n|\n|-heal|p2a: Dachsbun|98/254|[from] item: Leftovers\n|upkeep\n|\n|t:|1783551878\n|switch|p1a: Victreebel|Victreebel, L90, M|100/100\n|turn|11\n|inactive|Time left: 300 sec this turn | 300 sec total\n|\n|t:|1783551879\n|-terastallize|p2a: Dachsbun|Steel\n|move|p2a: Dachsbun|Wish|p2a: Dachsbun\n|move|p1a: Victreebel|Swords Dance|p1a: Victreebel\n|-boost|p1a: Victreebel|atk|2\n|\n|-heal|p2a: Dachsbun|113/254|[from] item: Leftovers\n|upkeep\n|turn|12\n|inactive|Time left: 300 sec this turn | 300 sec total\n|\n|t:|1783551880\n|move|p2a: Dachsbun|Body Press|p1a: Victreebel\n|-resisted|p1a: Victreebel\n|-damage|p1a: Victreebel|69/100\n|move|p1a: Victreebel|Swords Dance|p1a: Victreebel\n|-boost|p1a: Victreebel|atk|2\n|\n|-heal|p2a: Dachsbun|240/254|[from] move: Wish|[wisher] Dachsbun\n|-heal|p2a: Dachsbun|254/254|[from] item: Leftovers\n|upkeep\n|turn|13\n|inactive|Time left: 300 sec this turn | 300 sec total\n|\n|t:|1783551881\n|move|p2a: Dachsbun|Body Press|p1a: Victreebel\n|-resisted|p1a: Victreebel\n|-crit|p1a: Victreebel\n|-damage|p1a: Victreebel|25/100\n|move|p1a: Victreebel|Power Whip|p2a: Dachsbun\n|-resisted|p2a: Dachsbun\n|-damage|p2a: Dachsbun|145/254\n|-damage|p1a: Victreebel|15/100|[from] item: Life Orb\n|\n|-heal|p2a: Dachsbun|160/254|[from] item: Leftovers\n|upkeep\n|turn|14\n|inactive|Time left: 300 sec this turn | 300 sec total\n|\n|t:|1783551882\n|move|p1a: Victreebel|Sucker Punch|p2a: Dachsbun\n|-damage|p2a: Dachsbun|79/254\n|-damage|p1a: Victreebel|5/100|[from] item: Life Orb\n|move|p2a: Dachsbun|Body Press|p1a: Victreebel\n|-resisted|p1a: Victreebel\n|-damage|p1a: Victreebel|0 fnt\n|faint|p1a: Victreebel\n|\n|-heal|p2a: Dachsbun|94/254|[from] item: Leftovers\n|upkeep\n|\n|t:|1783551883\n|switch|p1a: Giratina|Giratina, L75|100/100\n|-ability|p1a: Giratina|Pressure\n|turn|15\n|inactive|Time left: 300 sec this turn | 300 sec total\n|\n|t:|1783551884\n|move|p2a: Dachsbun|Wish|p2a: Dachsbun\n|move|p1a: Giratina|Calm Mind|p1a: Giratina\n|-boost|p1a: Giratina|spa|1\n|-boost|p1a: Giratina|spd|1\n|\n|-heal|p2a: Dachsbun|109/254|[from] item: Leftovers\n|upkeep\n|turn|16\n|inactive|Time left: 300 sec this turn | 300 sec total\n|\n|t:|1783551884\n|move|p2a: Dachsbun|Play Rough|p1a: Giratina\n|-supereffective|p1a: Giratina\n|-damage|p1a: Giratina|48/100\n|-unboost|p1a: Giratina|atk|1\n|move|p1a: Giratina|Calm Mind|p1a: Giratina\n|-boost|p1a: Giratina|spa|1\n|-boost|p1a: Giratina|spd|1\n|\n|-heal|p2a: Dachsbun|236/254|[from] move: Wish|[wisher] Dachsbun\n|-heal|p2a: Dachsbun|251/254|[from] item: Leftovers\n|-heal|p1a: Giratina|54/100|[from] item: Leftovers\n|upkeep\n|turn|17\n|inactive|Time left: 300 sec this turn | 300 sec total\n|\n|t:|1783551885\n|move|p2a: Dachsbun|Play Rough|p1a: Giratina\n|-supereffective|p1a: Giratina\n|-damage|p1a: Giratina|3/100\n|move|p1a: Giratina|Rest|p1a: Giratina\n|-status|p1a: Giratina|slp|[from] move: Rest\n|-heal|p1a: Giratina|100/100 slp|[silent]\n|\n|-heal|p2a: Dachsbun|254/254|[from] item: Leftovers\n|upkeep\n|turn|18\n|inactive|Time left: 300 sec this turn | 300 sec total\n|\n|t:|1783551886\n|move|p2a: Dachsbun|Play Rough|p1a: Giratina\n|-supereffective|p1a: Giratina\n|-damage|p1a: Giratina|54/100 slp\n|cant|p1a: Giratina|slp\n|move|p1a: Giratina|Sleep Talk|p1a: Giratina\n|move|p1a: Giratina|Calm Mind|p1a: Giratina|[from] move: Sleep Talk\n|-boost|p1a: Giratina|spa|1\n|-boost|p1a: Giratina|spd|1\n|\n|-heal|p1a: Giratina|60/100 slp|[from] item: Leftovers\n|upkeep\n|turn|19\n|inactive|Time left: 300 sec this turn | 300 sec total\n|\n|t:|1783551887\n|move|p2a: Dachsbun|Play Rough|p1a: Giratina\n|-supereffective|p1a: Giratina\n|-damage|p1a: Giratina|7/100 slp\n|cant|p1a: Giratina|slp\n|move|p1a: Giratina|Sleep Talk|p1a: Giratina\n|move|p1a: Giratina|Calm Mind|p1a: Giratina|[from] move: Sleep Talk\n|-boost|p1a: Giratina|spa|1\n|-boost|p1a: Giratina|spd|1\n|\n|-heal|p1a: Giratina|13/100 slp|[from] item: Leftovers\n|upkeep\n|turn|20\n|inactive|Time left: 300 sec this turn | 300 sec total\n|\n|t:|1783551888\n|move|p2a: Dachsbun|Play Rough|p1a: Giratina\n|-supereffective|p1a: Giratina\n|-damage|p1a: Giratina|0 fnt\n|faint|p1a: Giratina\n|\n|upkeep\n|\n|t:|1783551889\n|switch|p1a: Mew|Mew, L82|28/100\n|turn|21\n|inactive|Time left: 300 sec this turn | 300 sec total\n|\n|t:|1783551890\n|move|p2a: Dachsbun|Play Rough|p1a: Mew\n|-damage|p1a: Mew|0 fnt\n|faint|p1a: Mew\n|\n|upkeep\n|\n|t:|1783551891\n|switch|p1a: Maushold|Maushold, L76|100/100\n|turn|22\n|inactive|Time left: 300 sec this turn | 300 sec total\n|\n|t:|1783551892\n|-terastallize|p1a: Maushold|Normal\n|move|p2a: Dachsbun|Body Press|p1a: Maushold\n|-supereffective|p1a: Maushold\n|-damage|p1a: Maushold|0 fnt\n|faint|p1a: Maushold\n|\n|win|p0y10946a41", "uploadtime": 1783551892, "views": 0, "rating": 0, "private": 0, "password": null, "_winner": "p0y10946a41", "_our_name": "p0y10946a41"}