{"id": "battle-gen9randombattle-805", "formatid": "gen9randombattle", "format": "[Gen 9] Random Battle", "players": ["p0x8054655", "p0y8059d95"], "log": "|init|battle\n|title|p0x8054655 vs. p0y8059d95\n|j|\u2606p0x8054655\n|j|\u2606p0y8059d95\n|t:|1783548468\n|gametype|singles\n|player|p1|p0x8054655|101|\n|player|p2|p0y8059d95|101|\n|gen|9\n|tier|[Gen 9] Random Battle\n|rule|Species Clause: Limit one of each Pok\u00e9mon\n|rule|HP Percentage Mod: HP is shown in percentages\n|rule|Sleep Clause Mod: Limit one foe put to sleep\n|rule|Illusion Level Mod: Illusion disguises the Pok\u00e9mon's true level\n|\n|t:|1783548468\n|teamsize|p1|6\n|teamsize|p2|6\n|start\n|switch|p1a: Hatterene|Hatterene, L85, F|236/236\n|switch|p2a: Scovillain|Scovillain, L91, F|100/100\n|turn|1\n|inactive|Battle timer is ON: inactive players will automatically lose when time's up. (requested by p0y8059d95)\n|inactive|Time left: 300 sec this turn | 300 sec total | 60 sec grace\n|inactive|p0x8054655 also wants the timer to be on.\n|\n|t:|1783548470\n|move|p2a: Scovillain|Flamethrower|p1a: Hatterene\n|-damage|p1a: Hatterene|133/236\n|-status|p1a: Hatterene|brn\n|move|p1a: Hatterene|Mystical Fire|p2a: Scovillain\n|-damage|p2a: Scovillain|67/100\n|-unboost|p2a: Scovillain|spa|1\n|\n|-heal|p2a: Scovillain|73/100|[from] item: Leftovers\n|-heal|p1a: Hatterene|147/236 brn|[from] item: Leftovers\n|-damage|p1a: Hatterene|133/236 brn|[from] brn\n|upkeep\n|turn|2\n|inactive|Time left: 300 sec this turn | 300 sec total\n|\n|t:|1783548471\n|move|p2a: Scovillain|Flamethrower|p1a: Hatterene\n|-damage|p1a: Hatterene|55/236 brn\n|move|p1a: Hatterene|Calm Mind|p1a: Hatterene\n|-boost|p1a: Hatterene|spa|1\n|-boost|p1a: Hatterene|spd|1\n|\n|-heal|p2a: Scovillain|79/100|[from] item: Leftovers\n|-heal|p1a: Hatterene|69/236 brn|[from] item: Leftovers\n|-damage|p1a: Hatterene|55/236 brn|[from] brn\n|upkeep\n|turn|3\n|inactive|Time left: 300 sec this turn | 300 sec total\n|\n|t:|1783548473\n|move|p2a: Scovillain|Flamethrower|p1a: Hatterene\n|-damage|p1a: Hatterene|7/236 brn\n|move|p1a: Hatterene|Draining Kiss|p2a: Scovillain\n|-resisted|p2a: Scovillain\n|-damage|p2a: Scovillain|57/100\n|-heal|p1a: Hatterene|52/236 brn|[from] drain|[of] p2a: Scovillain\n|\n|-heal|p2a: Scovillain|63/100|[from] item: Leftovers\n|-heal|p1a: Hatterene|66/236 brn|[from] item: Leftovers\n|-damage|p1a: Hatterene|52/236 brn|[from] brn\n|upkeep\n|turn|4\n|inactive|Time left: 300 sec this turn | 300 sec total\n|\n|t:|1783548474\n|move|p2a: Scovillain|Flamethrower|p1a: Hatterene\n|-damage|p1a: Hatterene|7/236 brn\n|move|p1a: Hatterene|Draining Kiss|p2a: Scovillain\n|-resisted|p2a: Scovillain\n|-damage|p2a: Scovillain|40/100\n|-heal|p1a: Hatterene|52/236 brn|[from] drain|[of] p2a: Scovillain\n|\n|-heal|p2a: Scovillain|46/100|[from] item: Leftovers\n|-heal|p1a: Hatterene|66/236 brn|[from] item: Leftovers\n|-damage|p1a: Hatterene|52/236 brn|[from] brn\n|upkeep\n|turn|5\n|inactive|Time left: 300 sec this turn | 300 sec total\n|\n|t:|1783548475\n|move|p2a: Scovillain|Flamethrower|p1a: Hatterene\n|-damage|p1a: Hatterene|4/236 brn\n|move|p1a: Hatterene|Draining Kiss|p2a: Scovillain\n|-resisted|p2a: Scovillain\n|-damage|p2a: Scovillain|25/100\n|-heal|p1a: Hatterene|47/236 brn|[from] drain|[of] p2a: Scovillain\n|\n|-heal|p2a: Scovillain|31/100|[from] item: Leftovers\n|-heal|p1a: Hatterene|61/236 brn|[from] item: Leftovers\n|-damage|p1a: Hatterene|47/236 brn|[from] brn\n|upkeep\n|turn|6\n|inactive|Time left: 300 sec this turn | 300 sec total\n|\n|t:|1783548476\n|move|p2a: Scovillain|Flamethrower|p1a: Hatterene\n|-damage|p1a: Hatterene|0 fnt\n|faint|p1a: Hatterene\n|\n|-heal|p2a: Scovillain|37/100|[from] item: Leftovers\n|upkeep\n|inactive|Time left: 300 sec this turn | 300 sec total | 5 sec grace\n|\n|t:|1783548477\n|switch|p1a: Galvantula|Galvantula, L82, F|249/249\n|turn|7\n|inactive|Time left: 300 sec this turn | 300 sec total\n|\n|t:|1783548478\n|move|p1a: Galvantula|Sticky Web|p2a: Scovillain\n|-sidestart|p2: p0y8059d95|move: Sticky Web\n|move|p2a: Scovillain|Flamethrower|p1a: Galvantula\n|-supereffective|p1a: Galvantula\n|-damage|p1a: Galvantula|45/249\n|\n|-heal|p2a: Scovillain|43/100|[from] item: Leftovers\n|upkeep\n|turn|8\n|inactive|Time left: 300 sec this turn | 300 sec total\n|\n|t:|1783548479\n|move|p1a: Galvantula|Thunder|p2a: Scovillain\n|-resisted|p2a: Scovillain\n|-damage|p2a: Scovillain|18/100\n|-status|p2a: Scovillain|par\n|move|p2a: Scovillain|Flamethrower|p1a: Galvantula\n|-supereffective|p1a: Galvantula\n|-damage|p1a: Galvantula|0 fnt\n|faint|p1a: Galvantula\n|\n|-heal|p2a: Scovillain|24/100 par|[from] item: Leftovers\n|upkeep\n|inactive|Time left: 300 sec this turn | 300 sec total | 5 sec grace\n|\n|t:|1783548481\n|switch|p1a: Politoed|Politoed, L88, F|302/302\n|-weather|RainDance|[from] ability: Drizzle|[of] p1a: Politoed\n|turn|9\n|inactive|Time left: 300 sec this turn | 300 sec total\n|\n|t:|1783548482\n|move|p1a: Politoed|Weather Ball|p2a: Scovillain\n|-damage|p2a: Scovillain|0 fnt\n|faint|p2a: Scovillain\n|\n|-weather|RainDance|[upkeep]\n|upkeep\n|\n|t:|1783548483\n|switch|p2a: Koraidon|Koraidon, L64|100/100\n|-activate|p2a: Koraidon|move: Sticky Web\n|-unboost|p2a: Koraidon|spe|1\n|-weather|SunnyDay|[from] ability: Orichalcum Pulse|[of] p2a: Koraidon\n|-activate|p2a: Koraidon|Orichalcum Pulse|[source]\n|turn|10\n|inactive|Time left: 300 sec this turn | 300 sec total\n|\n|t:|1783548484\n|move|p1a: Politoed|Weather Ball|p2a: Koraidon\n|-resisted|p2a: Koraidon\n|-damage|p2a: Koraidon|57/100\n|move|p2a: Koraidon|Outrage|p1a: Politoed\n|-damage|p1a: Politoed|82/302\n|\n|-weather|SunnyDay|[upkeep]\n|upkeep\n|turn|11\n|inactive|Time left: 300 sec this turn | 300 sec total\n|\n|t:|1783548485\n|move|p1a: Politoed|Weather Ball|p2a: Koraidon\n|-resisted|p2a: Koraidon\n|-damage|p2a: Koraidon|17/100\n|move|p2a: Koraidon|Outrage|p1a: Politoed|[from] lockedmove\n|-crit|p1a: Politoed\n|-damage|p1a: Politoed|0 fnt\n|faint|p1a: Politoed\n|\n|-weather|SunnyDay|[upkeep]\n|upkeep\n|inactive|Time left: 300 sec this turn | 300 sec total | 5 sec grace\n|\n|t:|1783548486\n|switch|p1a: Arcanine|Arcanine-Hisui, L79, M|279/279\n|turn|12\n|inactive|Time left: 300 sec this turn | 300 sec total\n|\n|t:|1783548487\n|move|p1a: Arcanine|Flare Blitz|p2a: Koraidon\n|-resisted|p2a: Koraidon\n|-damage|p2a: Koraidon|0 fnt\n|faint|p2a: Koraidon\n|\n|-weather|SunnyDay|[upkeep]\n|upkeep\n|\n|t:|1783548488\n|switch|p2a: Camerupt|Camerupt, L91, F|100/100\n|-activate|p2a: Camerupt|move: Sticky Web\n|-unboost|p2a: Camerupt|spe|1\n|turn|13\n|inactive|Time left: 300 sec this turn | 300 sec total\n|\n|t:|1783548489\n|move|p1a: Arcanine|Flare Blitz|p2a: Camerupt\n|-resisted|p2a: Camerupt\n|-damage|p2a: Camerupt|44/100\n|move|p2a: Camerupt|Earthquake|p1a: Arcanine\n|-supereffective|p1a: Arcanine\n|-damage|p1a: Arcanine|0 fnt\n|faint|p1a: Arcanine\n|\n|-weather|SunnyDay|[upkeep]\n|-heal|p2a: Camerupt|50/100|[from] item: Leftovers\n|upkeep\n|inactive|Time left: 300 sec this turn | 300 sec total | 5 sec grace\n|\n|t:|1783548490\n|switch|p1a: Iron Leaves|Iron Leaves, L80|275/275\n|turn|14\n|inactive|Time left: 300 sec this turn | 300 sec total\n|\n|t:|1783548491\n|switch|p2a: Altaria|Altaria, L89, F|100/100\n|move|p1a: Iron Leaves|Psyblade|p2a: Altaria\n|-damage|p2a: Altaria|54/100\n|\n|-weather|none\n|upkeep\n|turn|15\n|inactive|Time left: 300 sec this turn | 300 sec total\n|\n|t:|1783548492\n|switch|p2a: Morpeko|Morpeko, L88, M|100/100\n|-activate|p2a: Morpeko|move: Sticky Web\n|-unboost|p2a: Morpeko|spe|1\n|move|p1a: Iron Leaves|Psyblade|p2a: Morpeko\n|-immune|p2a: Morpeko\n|\n|-formechange|p2a: Morpeko|Morpeko-Hangry||[from] ability: Hunger Switch\n|upkeep\n|turn|16\n|inactive|Time left: 300 sec this turn | 300 sec total\n|\n|t:|1783548492\n|-end|p1a: Iron Leaves|Quark Drive|[silent]\n|switch|p1a: Vespiquen|Vespiquen, L99, F|299/299\n|-ability|p1a: Vespiquen|Pressure\n|move|p2a: Morpeko|Aura Wheel|p1a: Vespiquen\n|-crit|p1a: Vespiquen\n|-damage|p1a: Vespiquen|146/299\n|-boost|p2a: Morpeko|spe|1\n|\n|-formechange|p2a: Morpeko|Morpeko||[from] ability: Hunger Switch\n|upkeep\n|turn|17\n|inactive|Time left: 300 sec this turn | 300 sec total\n|\n|t:|1783548493\n|move|p2a: Morpeko|Aura Wheel|p1a: Vespiquen\n|-supereffective|p1a: Vespiquen\n|-damage|p1a: Vespiquen|0 fnt\n|-boost|p2a: Morpeko|spe|1\n|faint|p1a: Vespiquen\n|\n|-formechange|p2a: Morpeko|Morpeko-Hangry||[from] ability: Hunger Switch\n|upkeep\n|inactive|Time left: 300 sec this turn | 300 sec total | 5 sec grace\n|\n|t:|1783548494\n|switch|p1a: Iron Leaves|Iron Leaves, L80|275/275\n|turn|18\n|inactive|Time left: 300 sec this turn | 300 sec total\n|\n|t:|1783548495\n|-terastallize|p1a: Iron Leaves|Fighting\n|move|p2a: Morpeko|Aura Wheel|p1a: Iron Leaves\n|-resisted|p1a: Iron Leaves\n|-damage|p1a: Iron Leaves|213/275\n|-boost|p2a: Morpeko|spe|1\n|move|p1a: Iron Leaves|Leaf Blade|p2a: Morpeko\n|-damage|p2a: Morpeko|6/100\n|\n|-heal|p2a: Morpeko|12/100|[from] item: Leftovers\n|-formechange|p2a: Morpeko|Morpeko||[from] ability: Hunger Switch\n|upkeep\n|turn|19\n|inactive|Time left: 300 sec this turn | 300 sec total\n|\n|t:|1783548496\n|-terastallize|p2a: Morpeko|Electric\n|move|p2a: Morpeko|Aura Wheel|p1a: Iron Leaves\n|-damage|p1a: Iron Leaves|23/275\n|-boost|p2a: Morpeko|spe|1\n|move|p1a: Iron Leaves|Leaf Blade|p2a: Morpeko\n|-damage|p2a: Morpeko|0 fnt\n|faint|p2a: Morpeko\n|\n|upkeep\n|\n|t:|1783548497\n|switch|p2a: Eelektross|Eelektross, L87, M|100/100\n|turn|20\n|inactive|Time left: 300 sec this turn | 300 sec total\n|\n|t:|1783548498\n|move|p1a: Iron Leaves|Leaf Blade|p2a: Eelektross\n|-damage|p2a: Eelektross|45/100\n|move|p2a: Eelektross|Drain Punch|p1a: Iron Leaves\n|-damage|p1a: Iron Leaves|0 fnt\n|-heal|p2a: Eelektross|49/100|[from] drain|[of] p1a: Iron Leaves\n|faint|p1a: Iron Leaves\n|-end|p1a: Iron Leaves|Quark Drive|[silent]\n|\n|win|p0y8059d95", "uploadtime": 1783548498, "views": 0, "rating": 0, "private": 0, "password": null, "_winner": "p0y8059d95", "_our_name": "p0x8054655"}