{"id": "battle-gen9randombattle-1234", "formatid": "gen9randombattle", "format": "[Gen 9] Random Battle", "players": ["p0x12336ae2", "p0y12336fe2"], "log": "|init|battle\n|title|p0x12336ae2 vs. p0y12336fe2\n|j|\u2606p0x12336ae2\n|j|\u2606p0y12336fe2\n|t:|1783554261\n|gametype|singles\n|player|p1|p0x12336ae2|102|\n|player|p2|p0y12336fe2|101|\n|gen|9\n|tier|[Gen 9] Random Battle\n|rule|Species Clause: Limit one of each Pok\u00e9mon\n|rule|HP Percentage Mod: HP is shown in percentages\n|rule|Sleep Clause Mod: Limit one foe put to sleep\n|rule|Illusion Level Mod: Illusion disguises the Pok\u00e9mon's true level\n|\n|t:|1783554261\n|teamsize|p1|6\n|teamsize|p2|6\n|start\n|switch|p1a: Espathra|Espathra, L80, M|283/283\n|switch|p2a: Palkia|Palkia-Origin, L72|100/100\n|-ability|p2a: Palkia|Pressure\n|turn|1\n|inactive|Battle timer is ON: inactive players will automatically lose when time's up. (requested by p0x12336ae2)\n|inactive|p0y12336fe2 also wants the timer to be on.\n|\n|t:|1783554262\n|move|p2a: Palkia|Spacial Rend|p1a: Espathra\n|-damage|p1a: Espathra|85/283\n|move|p1a: Espathra|Lumina Crash|p2a: Palkia\n|-damage|p2a: Palkia|60/100\n|-unboost|p2a: Palkia|spd|2\n|\n|-ability|p1a: Espathra|Speed Boost|boost\n|-boost|p1a: Espathra|spe|1\n|upkeep\n|turn|2\n|inactive|Time left: 300 sec this turn | 300 sec total\n|\n|t:|1783554263\n|switch|p2a: Iron Thorns|Iron Thorns, L83|100/100\n|move|p1a: Espathra|Lumina Crash|p2a: Iron Thorns\n|-damage|p2a: Iron Thorns|73/100\n|-unboost|p2a: Iron Thorns|spd|2\n|\n|-ability|p1a: Espathra|Speed Boost|boost\n|-boost|p1a: Espathra|spe|1\n|upkeep\n|turn|3\n|inactive|Time left: 300 sec this turn | 300 sec total\n|\n|t:|1783554265\n|move|p1a: Espathra|Lumina Crash|p2a: Iron Thorns\n|-damage|p2a: Iron Thorns|17/100\n|-unboost|p2a: Iron Thorns|spd|2\n|move|p2a: Iron Thorns|Wild Charge|p1a: Espathra\n|-damage|p1a: Espathra|0 fnt\n|faint|p1a: Espathra\n|-damage|p2a: Iron Thorns|10/100|[from] Recoil\n|\n|upkeep\n|inactive|Time left: 300 sec this turn | 300 sec total | 5 sec grace\n|\n|t:|1783554266\n|switch|p1a: Heracross|Heracross, L80, F|259/259\n|turn|4\n|inactive|Time left: 300 sec this turn | 300 sec total\n|\n|t:|1783554267\n|-end|p2a: Iron Thorns|Quark Drive|[silent]\n|switch|p2a: Iron Valiant|Iron Valiant, L78|100/100\n|move|p1a: Heracross|Close Combat|p2a: Iron Valiant\n|-resisted|p2a: Iron Valiant\n|-damage|p2a: Iron Valiant|51/100\n|-unboost|p1a: Heracross|def|1\n|-unboost|p1a: Heracross|spd|1\n|\n|upkeep\n|turn|5\n|inactive|Time left: 300 sec this turn | 300 sec total\n|\n|t:|1783554268\n|switch|p1a: Zacian|Zacian, L69|241/241\n|-ability|p1a: Zacian|Intrepid Sword|boost\n|-boost|p1a: Zacian|atk|1\n|move|p2a: Iron Valiant|Spirit Break|p1a: Zacian\n|-damage|p1a: Zacian|123/241\n|-unboost|p1a: Zacian|spa|1\n|-damage|p2a: Iron Valiant|41/100|[from] item: Life Orb\n|\n|upkeep\n|turn|6\n|inactive|Time left: 300 sec this turn | 300 sec total\n|\n|t:|1783554269\n|-end|p2a: Iron Valiant|Quark Drive|[silent]\n|switch|p2a: Stonjourner|Stonjourner, L91, M|100/100\n|move|p1a: Zacian|Play Rough|p2a: Stonjourner\n|-damage|p2a: Stonjourner|64/100\n|\n|upkeep\n|turn|7\n|inactive|Time left: 300 sec this turn | 300 sec total\n|\n|t:|1783554270\n|move|p1a: Zacian|Play Rough|p2a: Stonjourner\n|-damage|p2a: Stonjourner|29/100\n|move|p2a: Stonjourner|Stone Edge|p1a: Zacian\n|-damage|p1a: Zacian|0 fnt\n|faint|p1a: Zacian\n|-damage|p2a: Stonjourner|19/100|[from] item: Life Orb\n|\n|upkeep\n|inactive|Time left: 300 sec this turn | 300 sec total | 5 sec grace\n|\n|t:|1783554271\n|switch|p1a: Heracross|Heracross, L80, F|259/259\n|turn|8\n|inactive|Time left: 300 sec this turn | 300 sec total\n|\n|t:|1783554271\n|switch|p2a: Iron Valiant|Iron Valiant, L78|41/100\n|move|p1a: Heracross|Earthquake|p2a: Iron Valiant\n|-damage|p2a: Iron Valiant|0 fnt\n|faint|p2a: Iron Valiant\n|-end|p2a: Iron Valiant|Quark Drive|[silent]\n|-ability|p1a: Heracross|Moxie|boost\n|-boost|p1a: Heracross|atk|1\n|\n|upkeep\n|\n|t:|1783554272\n|switch|p2a: Furret|Furret, L94, M|100/100\n|-item|p1a: Heracross|Choice Band|[from] ability: Frisk|[of] p2a: Furret\n|turn|9\n|inactive|Time left: 300 sec this turn | 300 sec total\n|\n|t:|1783554273\n|-terastallize|p2a: Furret|Normal\n|move|p2a: Furret|Double-Edge|p1a: Heracross\n|-damage|p1a: Heracross|0 fnt\n|faint|p1a: Heracross\n|-damage|p2a: Furret|73/100|[from] Recoil\n|-damage|p2a: Furret|63/100|[from] item: Life Orb\n|\n|upkeep\n|inactive|Time left: 300 sec this turn | 300 sec total | 5 sec grace\n|\n|t:|1783554274\n|switch|p1a: Salamence|Salamence, L77, M|273/273\n|turn|10\n|inactive|Time left: 300 sec this turn | 300 sec total\n|\n|t:|1783554275\n|-terastallize|p1a: Salamence|Steel\n|move|p2a: Furret|Double-Edge|p1a: Salamence\n|-resisted|p1a: Salamence\n|-damage|p1a: Salamence|131/273\n|-damage|p2a: Furret|48/100|[from] Recoil\n|-damage|p2a: Furret|38/100|[from] item: Life Orb\n|move|p1a: Salamence|Dragon Dance|p1a: Salamence\n|-boost|p1a: Salamence|atk|1\n|-boost|p1a: Salamence|spe|1\n|\n|upkeep\n|turn|11\n|inactive|Time left: 300 sec this turn | 300 sec total\n|\n|t:|1783554276\n|switch|p2a: Iron Thorns|Iron Thorns, L83|10/100\n|move|p1a: Salamence|Outrage|p2a: Iron Thorns\n|-damage|p2a: Iron Thorns|0 fnt\n|faint|p2a: Iron Thorns\n|-end|p2a: Iron Thorns|Quark Drive|[silent]\n|-ability|p1a: Salamence|Moxie|boost\n|-boost|p1a: Salamence|atk|1\n|\n|upkeep\n|\n|t:|1783554277\n|switch|p2a: Vaporeon|Vaporeon, L86, M|100/100\n|turn|12\n|inactive|Time left: 300 sec this turn | 300 sec total\n|\n|t:|1783554278\n|move|p2a: Vaporeon|Protect|p2a: Vaporeon\n|-singleturn|p2a: Vaporeon|Protect\n|move|p1a: Salamence|Outrage|p2a: Vaporeon|[from] lockedmove\n|-activate|p2a: Vaporeon|move: Protect\n|\n|upkeep\n|turn|13\n|inactive|Time left: 300 sec this turn | 300 sec total\n|\n|t:|1783554280\n|move|p1a: Salamence|Outrage|p2a: Vaporeon\n|-damage|p2a: Vaporeon|5/100\n|move|p2a: Vaporeon|Scald|p1a: Salamence\n|-damage|p1a: Salamence|10/273\n|-status|p1a: Salamence|brn\n|\n|-heal|p2a: Vaporeon|11/100|[from] item: Leftovers\n|-damage|p1a: Salamence|0 fnt|[from] brn\n|faint|p1a: Salamence\n|upkeep\n|inactive|Time left: 300 sec this turn | 300 sec total | 5 sec grace\n|\n|t:|1783554281\n|switch|p1a: Charizard|Charizard, L85, M|271/271\n|turn|14\n|inactive|Time left: 300 sec this turn | 300 sec total\n|\n|t:|1783554282\n|move|p2a: Vaporeon|Protect|p2a: Vaporeon\n|-singleturn|p2a: Vaporeon|Protect\n|move|p1a: Charizard|Flamethrower|p2a: Vaporeon\n|-activate|p2a: Vaporeon|move: Protect\n|\n|-heal|p2a: Vaporeon|17/100|[from] item: Leftovers\n|upkeep\n|turn|15\n|inactive|Time left: 300 sec this turn | 300 sec total\n|\n|t:|1783554283\n|move|p1a: Charizard|Earthquake|p2a: Vaporeon\n|-damage|p2a: Vaporeon|0 fnt\n|faint|p2a: Vaporeon\n|\n|upkeep\n|\n|t:|1783554284\n|switch|p2a: Palkia|Palkia-Origin, L72|60/100\n|-ability|p2a: Palkia|Pressure\n|turn|16\n|inactive|Time left: 300 sec this turn | 300 sec total\n|\n|t:|1783554285\n|move|p1a: Charizard|Hurricane|p2a: Palkia\n|-damage|p2a: Palkia|7/100\n|move|p2a: Palkia|Hydro Pump|p1a: Charizard|[miss]\n|-miss|p2a: Palkia|p1a: Charizard\n|\n|upkeep\n|turn|17\n|inactive|Time left: 300 sec this turn | 300 sec total\n|\n|t:|1783554286\n|move|p1a: Charizard|Flamethrower|p2a: Palkia\n|-resisted|p2a: Palkia\n|-damage|p2a: Palkia|0 fnt\n|faint|p2a: Palkia\n|\n|upkeep\n|\n|t:|1783554287\n|switch|p2a: Stonjourner|Stonjourner, L91, M|19/100\n|turn|18\n|inactive|Time left: 300 sec this turn | 300 sec total\n|\n|t:|1783554288\n|move|p1a: Charizard|Flamethrower|p2a: Stonjourner\n|-resisted|p2a: Stonjourner\n|-damage|p2a: Stonjourner|0 fnt\n|faint|p2a: Stonjourner\n|\n|upkeep\n|\n|t:|1783554289\n|switch|p2a: Furret|Furret, L94, M, tera:Normal|38/100\n|-item|p1a: Charizard|Heavy-Duty Boots|[from] ability: Frisk|[of] p2a: Furret\n|turn|19\n|inactive|Time left: 300 sec this turn | 300 sec total\n|\n|t:|1783554290\n|move|p2a: Furret|Tidy Up|p2a: Furret\n|-boost|p2a: Furret|atk|1\n|-boost|p2a: Furret|spe|1\n|move|p1a: Charizard|Earthquake|p2a: Furret\n|-damage|p2a: Furret|15/100\n|\n|upkeep\n|turn|20\n|inactive|Time left: 300 sec this turn | 300 sec total\n|\n|t:|1783554292\n|move|p2a: Furret|Brick Break|p1a: Charizard\n|-resisted|p1a: Charizard\n|-damage|p1a: Charizard|211/271\n|-damage|p2a: Furret|5/100|[from] item: Life Orb\n|move|p1a: Charizard|Hurricane|p2a: Furret|[miss]\n|-miss|p1a: Charizard|p2a: Furret\n|\n|upkeep\n|turn|21\n|inactive|Time left: 300 sec this turn | 300 sec total\n|\n|t:|1783554293\n|move|p2a: Furret|Tidy Up|p2a: Furret\n|-boost|p2a: Furret|atk|1\n|-boost|p2a: Furret|spe|1\n|move|p1a: Charizard|Will-O-Wisp|p2a: Furret\n|-status|p2a: Furret|brn\n|\n|-damage|p2a: Furret|0 fnt|[from] brn\n|faint|p2a: Furret\n|\n|win|p0x12336ae2", "uploadtime": 1783554293, "views": 0, "rating": 0, "private": 0, "password": null, "_winner": "p0x12336ae2", "_our_name": "p0x12336ae2"}