{"id": "battle-gen9randombattle-263", "formatid": "gen9randombattle", "format": "[Gen 9] Random Battle", "players": ["p0x2630a9e", "p0y26386fc"], "log": "|init|battle\n|title|p0x2630a9e vs. p0y26386fc\n|j|\u2606p0x2630a9e\n|j|\u2606p0y26386fc\n|t:|1783536304\n|gametype|singles\n|player|p1|p0x2630a9e|1|\n|player|p2|p0y26386fc|2|\n|gen|9\n|tier|[Gen 9] Random Battle\n|rule|Species Clause: Limit one of each Pok\u00e9mon\n|rule|HP Percentage Mod: HP is shown in percentages\n|rule|Sleep Clause Mod: Limit one foe put to sleep\n|rule|Illusion Level Mod: Illusion disguises the Pok\u00e9mon's true level\n|\n|t:|1783536304\n|teamsize|p1|6\n|teamsize|p2|6\n|start\n|switch|p1a: Indeedee|Indeedee-F, L90, F|272/272\n|switch|p2a: Plusle|Plusle, L95, M|100/100\n|-fieldstart|move: Psychic Terrain|[from] ability: Psychic Surge|[of] p1a: Indeedee\n|turn|1\n|inactive|Battle timer is ON: inactive players will automatically lose when time's up. (requested by p0y26386fc)\n|inactive|Time left: 300 sec this turn | 300 sec total | 60 sec grace\n|inactive|p0x2630a9e also wants the timer to be on.\n|\n|t:|1783536306\n|move|p2a: Plusle|Nasty Plot|p2a: Plusle\n|-boost|p2a: Plusle|spa|2\n|move|p1a: Indeedee|Psychic|p2a: Plusle\n|-damage|p2a: Plusle|26/100\n|\n|upkeep\n|turn|2\n|inactive|Time left: 300 sec this turn | 300 sec total\n|\n|t:|1783536307\n|move|p2a: Plusle|Thunderbolt|p1a: Indeedee\n|-damage|p1a: Indeedee|46/272\n|-damage|p2a: Plusle|17/100|[from] item: Life Orb\n|move|p1a: Indeedee|Psychic|p2a: Plusle\n|-damage|p2a: Plusle|0 fnt\n|faint|p2a: Plusle\n|\n|upkeep\n|\n|t:|1783536308\n|switch|p2a: Hydreigon|Hydreigon, L79, M|100/100\n|turn|3\n|inactive|Time left: 300 sec this turn | 300 sec total\n|\n|t:|1783536310\n|move|p1a: Indeedee|Psychic|p2a: Hydreigon\n|-immune|p2a: Hydreigon\n|move|p2a: Hydreigon|Dark Pulse|p1a: Indeedee\n|-supereffective|p1a: Indeedee\n|-crit|p1a: Indeedee\n|-damage|p1a: Indeedee|0 fnt\n|faint|p1a: Indeedee\n|\n|upkeep\n|inactive|Time left: 300 sec this turn | 300 sec total | 5 sec grace\n|\n|t:|1783536311\n|switch|p1a: Urshifu|Urshifu-Rapid-Strike, L75, F|274/274\n|turn|4\n|inactive|Time left: 300 sec this turn | 300 sec total\n|\n|t:|1783536312\n|move|p2a: Hydreigon|Dark Pulse|p1a: Urshifu\n|-resisted|p1a: Urshifu\n|-damage|p1a: Urshifu|169/274\n|move|p1a: Urshifu|Close Combat|p2a: Hydreigon\n|-supereffective|p2a: Hydreigon\n|-damage|p2a: Hydreigon|0 fnt\n|-unboost|p1a: Urshifu|def|1\n|-unboost|p1a: Urshifu|spd|1\n|faint|p2a: Hydreigon\n|\n|upkeep\n|\n|t:|1783536313\n|switch|p2a: Palossand|Palossand, L89, F|100/100\n|turn|5\n|inactive|Time left: 300 sec this turn | 300 sec total\n|\n|t:|1783536315\n|switch|p1a: Spidops|Spidops, L96, M|271/271\n|move|p2a: Palossand|Shadow Ball|p1a: Spidops\n|-damage|p1a: Spidops|192/271\n|\n|-fieldend|move: Psychic Terrain\n|upkeep\n|turn|6\n|inactive|Time left: 300 sec this turn | 300 sec total\n|\n|t:|1783536316\n|move|p1a: Spidops|Sticky Web|p2a: Palossand\n|-sidestart|p2: p0y26386fc|move: Sticky Web\n|move|p2a: Palossand|Stealth Rock|p1a: Spidops\n|-sidestart|p1: p0x2630a9e|move: Stealth Rock\n|\n|upkeep\n|turn|7\n|inactive|Time left: 300 sec this turn | 300 sec total\n|\n|t:|1783536317\n|switch|p1a: Tatsugiri|Tatsugiri, L87, M|260/260\n|move|p2a: Palossand|Earth Power|p1a: Tatsugiri\n|-damage|p1a: Tatsugiri|160/260\n|\n|upkeep\n|turn|8\n|inactive|Time left: 300 sec this turn | 300 sec total\n|\n|t:|1783536318\n|move|p1a: Tatsugiri|Nasty Plot|p1a: Tatsugiri\n|-boost|p1a: Tatsugiri|spa|2\n|move|p2a: Palossand|Earth Power|p1a: Tatsugiri\n|-damage|p1a: Tatsugiri|60/260\n|\n|upkeep\n|turn|9\n|inactive|Time left: 300 sec this turn | 300 sec total\n|\n|t:|1783536319\n|switch|p2a: Grimmsnarl|Grimmsnarl, L83, M|100/100\n|-activate|p2a: Grimmsnarl|move: Sticky Web\n|-unboost|p2a: Grimmsnarl|spe|1\n|move|p1a: Tatsugiri|Draco Meteor|p2a: Grimmsnarl\n|-immune|p2a: Grimmsnarl\n|\n|upkeep\n|turn|10\n|inactive|Time left: 300 sec this turn | 300 sec total\n|\n|t:|1783536320\n|move|p2a: Grimmsnarl|Sucker Punch|p1a: Tatsugiri\n|-damage|p1a: Tatsugiri|0 fnt\n|faint|p1a: Tatsugiri\n|\n|upkeep\n|inactive|Time left: 300 sec this turn | 300 sec total | 5 sec grace\n|\n|t:|1783536321\n|switch|p1a: Urshifu|Urshifu-Rapid-Strike, L75, F|169/274\n|-damage|p1a: Urshifu|152/274|[from] Stealth Rock\n|turn|11\n|inactive|Time left: 300 sec this turn | 300 sec total\n|\n|t:|1783536322\n|-terastallize|p1a: Urshifu|Water\n|move|p1a: Urshifu|Surging Strikes|p2a: Grimmsnarl\n|-crit|p2a: Grimmsnarl\n|-damage|p2a: Grimmsnarl|63/100\n|-crit|p2a: Grimmsnarl\n|-damage|p2a: Grimmsnarl|26/100\n|-crit|p2a: Grimmsnarl\n|-damage|p2a: Grimmsnarl|0 fnt\n|faint|p2a: Grimmsnarl\n|-hitcount|p2: Grimmsnarl|3\n|\n|upkeep\n|\n|t:|1783536323\n|switch|p2a: Arceus|Arceus-Grass, L73|100/100\n|-activate|p2a: Arceus|move: Sticky Web\n|-unboost|p2a: Arceus|spe|1\n|turn|12\n|inactive|Time left: 300 sec this turn | 300 sec total\n|\n|t:|1783536324\n|move|p1a: Urshifu|Surging Strikes|p2a: Arceus\n|-resisted|p2a: Arceus\n|-crit|p2a: Arceus\n|-damage|p2a: Arceus|87/100\n|-resisted|p2a: Arceus\n|-crit|p2a: Arceus\n|-damage|p2a: Arceus|73/100\n|-resisted|p2a: Arceus\n|-crit|p2a: Arceus\n|-damage|p2a: Arceus|60/100\n|-hitcount|p2a: Arceus|3\n|move|p2a: Arceus|Judgment|p1a: Urshifu\n|-supereffective|p1a: Urshifu\n|-crit|p1a: Urshifu\n|-damage|p1a: Urshifu|0 fnt\n|faint|p1a: Urshifu\n|\n|upkeep\n|inactive|Time left: 300 sec this turn | 300 sec total | 5 sec grace\n|\n|t:|1783536326\n|switch|p1a: Flapple|Flapple, L88, M|266/266\n|-damage|p1a: Flapple|233/266|[from] Stealth Rock\n|turn|13\n|inactive|Time left: 300 sec this turn | 300 sec total\n|\n|t:|1783536327\n|move|p1a: Flapple|Outrage|p2a: Arceus\n|-damage|p2a: Arceus|0 fnt\n|faint|p2a: Arceus\n|\n|upkeep\n|\n|t:|1783536328\n|switch|p2a: Skarmory|Skarmory, L80, F|100/100\n|turn|14\n|inactive|Time left: 300 sec this turn | 300 sec total\n|\n|t:|1783536329\n|move|p1a: Flapple|Outrage|p2a: Skarmory|[from] lockedmove\n|-resisted|p2a: Skarmory\n|-damage|p2a: Skarmory|64/100\n|-start|p1a: Flapple|confusion|[fatigue]\n|move|p2a: Skarmory|Iron Defense|p2a: Skarmory\n|-boost|p2a: Skarmory|def|2\n|\n|-heal|p2a: Skarmory|70/100|[from] item: Leftovers\n|upkeep\n|turn|15\n|inactive|Time left: 300 sec this turn | 300 sec total\n|\n|t:|1783536330\n|switch|p1a: Jirachi|Jirachi, L80|291/291\n|-damage|p1a: Jirachi|273/291|[from] Stealth Rock\n|move|p2a: Skarmory|Body Press|p1a: Jirachi\n|-damage|p1a: Jirachi|148/291\n|\n|-heal|p1a: Jirachi|166/291|[from] item: Leftovers\n|-heal|p2a: Skarmory|76/100|[from] item: Leftovers\n|upkeep\n|turn|16\n|inactive|Time left: 300 sec this turn | 300 sec total\n|\n|t:|1783536331\n|move|p1a: Jirachi|Body Slam|p2a: Skarmory\n|-resisted|p2a: Skarmory\n|-damage|p2a: Skarmory|72/100\n|move|p2a: Skarmory|Iron Defense|p2a: Skarmory\n|-boost|p2a: Skarmory|def|2\n|\n|-heal|p1a: Jirachi|184/291|[from] item: Leftovers\n|-heal|p2a: Skarmory|78/100|[from] item: Leftovers\n|upkeep\n|turn|17\n|inactive|Time left: 300 sec this turn | 300 sec total\n|\n|t:|1783536332\n|move|p1a: Jirachi|Iron Head|p2a: Skarmory\n|-resisted|p2a: Skarmory\n|-damage|p2a: Skarmory|74/100\n|move|p2a: Skarmory|Body Press|p1a: Jirachi\n|-damage|p1a: Jirachi|0 fnt\n|faint|p1a: Jirachi\n|\n|-heal|p2a: Skarmory|80/100|[from] item: Leftovers\n|upkeep\n|inactive|Time left: 300 sec this turn | 300 sec total | 5 sec grace\n|\n|t:|1783536333\n|switch|p1a: Spidops|Spidops, L96, M|192/271\n|turn|18\n|inactive|Time left: 300 sec this turn | 300 sec total\n|\n|t:|1783536334\n|move|p2a: Skarmory|Brave Bird|p1a: Spidops\n|-supereffective|p1a: Spidops\n|-damage|p1a: Spidops|18/271\n|-damage|p2a: Skarmory|55/100|[from] Recoil\n|move|p1a: Spidops|Circle Throw|p2a: Skarmory\n|-damage|p2a: Skarmory|50/100\n|drag|p2a: Palossand|Palossand, L89, F|100/100\n|-activate|p2a: Palossand|move: Sticky Web\n|-unboost|p2a: Palossand|spe|1\n|\n|upkeep\n|turn|19\n|inactive|Time left: 300 sec this turn | 300 sec total\n|\n|t:|1783536335\n|-terastallize|p2a: Palossand|Water\n|move|p2a: Palossand|Shadow Ball|p1a: Spidops\n|-damage|p1a: Spidops|0 fnt\n|faint|p1a: Spidops\n|\n|upkeep\n|inactive|Time left: 300 sec this turn | 300 sec total | 5 sec grace\n|\n|t:|1783536336\n|switch|p1a: Flapple|Flapple, L88, M|233/266\n|-damage|p1a: Flapple|200/266|[from] Stealth Rock\n|turn|20\n|inactive|Time left: 300 sec this turn | 300 sec total\n|\n|t:|1783536337\n|move|p1a: Flapple|Dragon Dance|p1a: Flapple\n|-boost|p1a: Flapple|atk|1\n|-boost|p1a: Flapple|spe|1\n|move|p2a: Palossand|Shadow Ball|p1a: Flapple\n|-damage|p1a: Flapple|71/266\n|\n|upkeep\n|turn|21\n|inactive|Time left: 300 sec this turn | 300 sec total\n|\n|t:|1783536338\n|move|p1a: Flapple|Grav Apple|p2a: Palossand\n|-supereffective|p2a: Palossand\n|-damage|p2a: Palossand|0 fnt\n|faint|p2a: Palossand\n|\n|upkeep\n|\n|t:|1783536339\n|switch|p2a: Skarmory|Skarmory, L80, F|50/100\n|turn|22\n|inactive|Time left: 300 sec this turn | 300 sec total\n|\n|t:|1783536340\n|move|p1a: Flapple|Outrage|p2a: Skarmory\n|-resisted|p2a: Skarmory\n|-damage|p2a: Skarmory|0 fnt\n|faint|p2a: Skarmory\n|\n|win|p0x2630a9e", "uploadtime": 1783536340, "views": 0, "rating": 0, "private": 0, "password": null, "_winner": "p0x2630a9e", "_our_name": "p0x2630a9e"}