{"id": "battle-gen9randombattle-318", "formatid": "gen9randombattle", "format": "[Gen 9] Random Battle", "players": ["p0x31854c5", "p0y31881c0"], "log": "|init|battle\n|title|p0x31854c5 vs. p0y31881c0\n|j|\u2606p0x31854c5\n|j|\u2606p0y31881c0\n|t:|1783543317\n|gametype|singles\n|player|p1|p0x31854c5|102|\n|player|p2|p0y31881c0|101|\n|gen|9\n|tier|[Gen 9] Random Battle\n|rule|Species Clause: Limit one of each Pok\u00e9mon\n|rule|HP Percentage Mod: HP is shown in percentages\n|rule|Sleep Clause Mod: Limit one foe put to sleep\n|rule|Illusion Level Mod: Illusion disguises the Pok\u00e9mon's true level\n|\n|t:|1783543317\n|teamsize|p1|6\n|teamsize|p2|6\n|start\n|switch|p1a: Torterra|Torterra, L78, F|276/276\n|switch|p2a: Kyurem|Kyurem, L77|100/100\n|-ability|p2a: Kyurem|Pressure\n|turn|1\n|inactive|Battle timer is ON: inactive players will automatically lose when time's up. (requested by p0y31881c0)\n|inactive|Time left: 300 sec this turn | 300 sec total | 60 sec grace\n|inactive|p0x31854c5 also wants the timer to be on.\n|\n|t:|1783543318\n|switch|p1a: Scrafty|Scrafty, L83, M|244/244\n|-ability|p1a: Scrafty|Intimidate|boost\n|-unboost|p2a: Kyurem|atk|1\n|move|p2a: Kyurem|Freeze-Dry|p1a: Scrafty\n|-damage|p1a: Scrafty|184/244\n|-status|p1a: Scrafty|frz\n|\n|-heal|p1a: Scrafty|199/244 frz|[from] item: Leftovers\n|upkeep\n|turn|2\n|inactive|Time left: 300 sec this turn | 300 sec total\n|\n|t:|1783543319\n|switch|p2a: Vespiquen|Vespiquen, L99, F|100/100\n|-ability|p2a: Vespiquen|Pressure\n|cant|p1a: Scrafty|frz\n|\n|-heal|p1a: Scrafty|214/244 frz|[from] item: Leftovers\n|upkeep\n|turn|3\n|inactive|Time left: 300 sec this turn | 300 sec total\n|\n|t:|1783543320\n|switch|p1a: Ursaring|Ursaring, L84, M|288/288\n|move|p2a: Vespiquen|Air Slash|p1a: Ursaring\n|-damage|p1a: Ursaring|219/288\n|\n|upkeep\n|turn|4\n|inactive|Time left: 300 sec this turn | 300 sec total\n|\n|t:|1783543321\n|move|p1a: Ursaring|Body Slam|p2a: Vespiquen\n|-damage|p2a: Vespiquen|70/100\n|move|p2a: Vespiquen|Toxic Spikes|p1a: Ursaring\n|-sidestart|p1: p0x31854c5|move: Toxic Spikes\n|\n|upkeep\n|turn|5\n|inactive|Time left: 300 sec this turn | 300 sec total\n|\n|t:|1783543322\n|move|p1a: Ursaring|Body Slam|p2a: Vespiquen\n|-damage|p2a: Vespiquen|39/100\n|-status|p2a: Vespiquen|par\n|move|p2a: Vespiquen|Roost|p2a: Vespiquen\n|-heal|p2a: Vespiquen|89/100 par\n|-singleturn|p2a: Vespiquen|move: Roost\n|\n|upkeep\n|turn|6\n|inactive|Time left: 300 sec this turn | 300 sec total\n|\n|t:|1783543323\n|move|p1a: Ursaring|Body Slam|p2a: Vespiquen\n|-damage|p2a: Vespiquen|60/100 par\n|cant|p2a: Vespiquen|par\n|\n|upkeep\n|turn|7\n|inactive|Time left: 300 sec this turn | 300 sec total\n|\n|t:|1783543324\n|move|p1a: Ursaring|Body Slam|p2a: Vespiquen\n|-damage|p2a: Vespiquen|32/100 par\n|move|p2a: Vespiquen|Roost|p2a: Vespiquen\n|-heal|p2a: Vespiquen|82/100 par\n|-singleturn|p2a: Vespiquen|move: Roost\n|\n|upkeep\n|turn|8\n|inactive|Time left: 300 sec this turn | 300 sec total\n|\n|t:|1783543325\n|move|p1a: Ursaring|Body Slam|p2a: Vespiquen\n|-damage|p2a: Vespiquen|51/100 par\n|cant|p2a: Vespiquen|par\n|\n|upkeep\n|turn|9\n|inactive|Time left: 300 sec this turn | 300 sec total\n|\n|t:|1783543326\n|move|p1a: Ursaring|Body Slam|p2a: Vespiquen\n|-damage|p2a: Vespiquen|23/100 par\n|cant|p2a: Vespiquen|par\n|\n|upkeep\n|turn|10\n|inactive|Time left: 300 sec this turn | 300 sec total\n|\n|t:|1783543327\n|move|p1a: Ursaring|Body Slam|p2a: Vespiquen\n|-damage|p2a: Vespiquen|0 fnt\n|faint|p2a: Vespiquen\n|\n|upkeep\n|\n|t:|1783543328\n|switch|p2a: Gallade|Gallade, L80, M|100/100\n|turn|11\n|inactive|Time left: 300 sec this turn | 300 sec total\n|\n|t:|1783543330\n|switch|p1a: Scrafty|Scrafty, L83, M|214/244 frz\n|-ability|p1a: Scrafty|Intimidate|boost\n|-unboost|p2a: Gallade|atk|1\n|move|p2a: Gallade|Sacred Sword|p1a: Scrafty\n|-supereffective|p1a: Scrafty\n|-damage|p1a: Scrafty|0 fnt\n|faint|p1a: Scrafty\n|-damage|p2a: Gallade|90/100|[from] item: Life Orb\n|\n|upkeep\n|inactive|Time left: 300 sec this turn | 300 sec total | 5 sec grace\n|\n|t:|1783543331\n|switch|p1a: Ariados|Ariados, L95, M|287/287\n|-sideend|p1: p0x31854c5|move: Toxic Spikes|[of] p1a: Ariados\n|turn|12\n|inactive|Time left: 300 sec this turn | 300 sec total\n|\n|t:|1783543332\n|move|p2a: Gallade|Psycho Cut|p1a: Ariados\n|-supereffective|p1a: Ariados\n|-crit|p1a: Ariados\n|-damage|p1a: Ariados|0 fnt\n|faint|p1a: Ariados\n|-damage|p2a: Gallade|80/100|[from] item: Life Orb\n|\n|upkeep\n|inactive|Time left: 300 sec this turn | 300 sec total | 5 sec grace\n|\n|t:|1783543333\n|switch|p1a: Torterra|Torterra, L78, F|276/276\n|turn|13\n|inactive|Time left: 300 sec this turn | 300 sec total\n|\n|t:|1783543334\n|switch|p2a: Kyurem|Kyurem, L77|100/100\n|-ability|p2a: Kyurem|Pressure\n|move|p1a: Torterra|Shell Smash|p1a: Torterra\n|-unboost|p1a: Torterra|def|1\n|-unboost|p1a: Torterra|spd|1\n|-boost|p1a: Torterra|atk|2\n|-boost|p1a: Torterra|spa|2\n|-boost|p1a: Torterra|spe|2\n|\n|upkeep\n|turn|14\n|inactive|Time left: 300 sec this turn | 300 sec total\n|\n|t:|1783543335\n|-terastallize|p1a: Torterra|Rock\n|move|p1a: Torterra|Rock Blast|p2a: Kyurem\n|-supereffective|p2a: Kyurem\n|-damage|p2a: Kyurem|67/100\n|-supereffective|p2a: Kyurem\n|-damage|p2a: Kyurem|31/100\n|-supereffective|p2a: Kyurem\n|-damage|p2a: Kyurem|0 fnt\n|faint|p2a: Kyurem\n|-hitcount|p2: Kyurem|3\n|\n|upkeep\n|\n|t:|1783543336\n|switch|p2a: Brute Bonnet|Brute Bonnet, L80|100/100\n|turn|15\n|inactive|Time left: 300 sec this turn | 300 sec total\n|\n|t:|1783543337\n|-terastallize|p2a: Brute Bonnet|Fighting\n|move|p1a: Torterra|Rock Blast|p2a: Brute Bonnet\n|-resisted|p2a: Brute Bonnet\n|-damage|p2a: Brute Bonnet|93/100\n|-resisted|p2a: Brute Bonnet\n|-damage|p2a: Brute Bonnet|85/100\n|-resisted|p2a: Brute Bonnet\n|-damage|p2a: Brute Bonnet|77/100\n|-resisted|p2a: Brute Bonnet\n|-damage|p2a: Brute Bonnet|68/100\n|-hitcount|p2a: Brute Bonnet|4\n|move|p2a: Brute Bonnet|Close Combat|p1a: Torterra\n|-supereffective|p1a: Torterra\n|-damage|p1a: Torterra|0 fnt\n|-unboost|p2a: Brute Bonnet|def|1\n|-unboost|p2a: Brute Bonnet|spd|1\n|faint|p1a: Torterra\n|\n|-heal|p2a: Brute Bonnet|75/100|[from] item: Leftovers\n|upkeep\n|inactive|Time left: 300 sec this turn | 300 sec total | 5 sec grace\n|\n|t:|1783543338\n|switch|p1a: Misdreavus|Misdreavus, L90, F|254/254\n|turn|16\n|inactive|Time left: 300 sec this turn | 300 sec total\n|\n|t:|1783543339\n|move|p1a: Misdreavus|Will-O-Wisp|p2a: Brute Bonnet\n|-status|p2a: Brute Bonnet|brn\n|move|p2a: Brute Bonnet|Spore|p1a: Misdreavus\n|-status|p1a: Misdreavus|slp|[from] move: Spore\n|\n|-heal|p2a: Brute Bonnet|81/100 brn|[from] item: Leftovers\n|-damage|p2a: Brute Bonnet|75/100 brn|[from] brn\n|upkeep\n|turn|17\n|inactive|Time left: 300 sec this turn | 300 sec total\n|\n|t:|1783543341\n|switch|p1a: Cobalion|Cobalion, L80|277/277\n|move|p2a: Brute Bonnet|Crunch|p1a: Cobalion\n|-resisted|p1a: Cobalion\n|-damage|p1a: Cobalion|260/277\n|-ability|p1a: Cobalion|Justified|boost\n|-boost|p1a: Cobalion|atk|1\n|\n|-heal|p1a: Cobalion|277/277|[from] item: Leftovers\n|-heal|p2a: Brute Bonnet|81/100 brn|[from] item: Leftovers\n|-damage|p2a: Brute Bonnet|75/100 brn|[from] brn\n|upkeep\n|turn|18\n|inactive|Time left: 300 sec this turn | 300 sec total\n|\n|t:|1783543342\n|-end|p2a: Brute Bonnet|Protosynthesis|[silent]\n|switch|p2a: Gallade|Gallade, L80, M|80/100\n|move|p1a: Cobalion|Stealth Rock|p2a: Gallade\n|-sidestart|p2: p0y31881c0|move: Stealth Rock\n|\n|upkeep\n|turn|19\n|inactive|Time left: 300 sec this turn | 300 sec total\n|\n|t:|1783543343\n|move|p1a: Cobalion|Iron Head|p2a: Gallade\n|-damage|p2a: Gallade|20/100\n|cant|p2a: Gallade|flinch\n|\n|upkeep\n|turn|20\n|inactive|Time left: 300 sec this turn | 300 sec total\n|\n|t:|1783543344\n|switch|p2a: Bellibolt|Bellibolt, L84, F|100/100\n|-damage|p2a: Bellibolt|88/100|[from] Stealth Rock\n|move|p1a: Cobalion|Iron Head|p2a: Bellibolt\n|-resisted|p2a: Bellibolt\n|-damage|p2a: Bellibolt|72/100\n|-start|p2a: Bellibolt|Charge|Iron Head|[from] ability: Electromorphosis\n|\n|-heal|p2a: Bellibolt|78/100|[from] item: Leftovers\n|upkeep\n|turn|21\n|inactive|Time left: 300 sec this turn | 300 sec total\n|\n|t:|1783543345\n|move|p1a: Cobalion|Iron Head|p2a: Bellibolt\n|-resisted|p2a: Bellibolt\n|-damage|p2a: Bellibolt|60/100\n|-start|p2a: Bellibolt|Charge|Iron Head|[from] ability: Electromorphosis\n|cant|p2a: Bellibolt|flinch\n|-end|p2a: Bellibolt|Charge|[silent]\n|\n|-heal|p2a: Bellibolt|67/100|[from] item: Leftovers\n|upkeep\n|turn|22\n|inactive|Time left: 300 sec this turn | 300 sec total\n|\n|t:|1783543346\n|move|p1a: Cobalion|Iron Head|p2a: Bellibolt\n|-resisted|p2a: Bellibolt\n|-damage|p2a: Bellibolt|49/100\n|-start|p2a: Bellibolt|Charge|Iron Head|[from] ability: Electromorphosis\n|move|p2a: Bellibolt|Thunderbolt|p1a: Cobalion\n|-damage|p1a: Cobalion|19/277\n|-end|p2a: Bellibolt|Charge|[silent]\n|\n|-heal|p1a: Cobalion|36/277|[from] item: Leftovers\n|-heal|p2a: Bellibolt|55/100|[from] item: Leftovers\n|upkeep\n|turn|23\n|inactive|Time left: 300 sec this turn | 300 sec total\n|\n|t:|1783543347\n|move|p1a: Cobalion|Iron Head|p2a: Bellibolt\n|-resisted|p2a: Bellibolt\n|-damage|p2a: Bellibolt|39/100\n|-start|p2a: Bellibolt|Charge|Iron Head|[from] ability: Electromorphosis\n|cant|p2a: Bellibolt|flinch\n|-end|p2a: Bellibolt|Charge|[silent]\n|\n|-heal|p1a: Cobalion|53/277|[from] item: Leftovers\n|-heal|p2a: Bellibolt|45/100|[from] item: Leftovers\n|upkeep\n|turn|24\n|inactive|Time left: 300 sec this turn | 300 sec total\n|\n|t:|1783543348\n|move|p1a: Cobalion|Iron Head|p2a: Bellibolt\n|-resisted|p2a: Bellibolt\n|-damage|p2a: Bellibolt|28/100\n|-start|p2a: Bellibolt|Charge|Iron Head|[from] ability: Electromorphosis\n|move|p2a: Bellibolt|Thunderbolt|p1a: Cobalion\n|-damage|p1a: Cobalion|0 fnt\n|faint|p1a: Cobalion\n|-end|p2a: Bellibolt|Charge|[silent]\n|\n|-heal|p2a: Bellibolt|34/100|[from] item: Leftovers\n|upkeep\n|inactive|Time left: 300 sec this turn | 300 sec total | 5 sec grace\n|\n|t:|1783543349\n|switch|p1a: Ursaring|Ursaring, L84, M|219/288\n|turn|25\n|inactive|Time left: 300 sec this turn | 300 sec total\n|\n|t:|1783543350\n|switch|p2a: Brute Bonnet|Brute Bonnet, L80, tera:Fighting|75/100 brn\n|-damage|p2a: Brute Bonnet|68/100 brn|[from] Stealth Rock\n|move|p1a: Ursaring|Earthquake|p2a: Brute Bonnet\n|-damage|p2a: Brute Bonnet|40/100 brn\n|\n|-heal|p2a: Brute Bonnet|46/100 brn|[from] item: Leftovers\n|-damage|p2a: Brute Bonnet|40/100 brn|[from] brn\n|upkeep\n|turn|26\n|inactive|Time left: 300 sec this turn | 300 sec total\n|\n|t:|1783543351\n|move|p1a: Ursaring|Earthquake|p2a: Brute Bonnet\n|-damage|p2a: Brute Bonnet|12/100 brn\n|move|p2a: Brute Bonnet|Close Combat|p1a: Ursaring\n|-supereffective|p1a: Ursaring\n|-damage|p1a: Ursaring|105/288\n|-unboost|p2a: Brute Bonnet|def|1\n|-unboost|p2a: Brute Bonnet|spd|1\n|\n|-heal|p2a: Brute Bonnet|19/100 brn|[from] item: Leftovers\n|-damage|p2a: Brute Bonnet|12/100 brn|[from] brn\n|upkeep\n|turn|27\n|inactive|Time left: 300 sec this turn | 300 sec total\n|\n|t:|1783543352\n|move|p1a: Ursaring|Rest|p1a: Ursaring\n|-status|p1a: Ursaring|slp|[from] move: Rest\n|-heal|p1a: Ursaring|288/288 slp|[silent]\n|move|p2a: Brute Bonnet|Close Combat|p1a: Ursaring\n|-supereffective|p1a: Ursaring\n|-damage|p1a: Ursaring|170/288 slp\n|-unboost|p2a: Brute Bonnet|def|1\n|-unboost|p2a: Brute Bonnet|spd|1\n|\n|-heal|p2a: Brute Bonnet|19/100 brn|[from] item: Leftovers\n|-damage|p2a: Brute Bonnet|12/100 brn|[from] brn\n|upkeep\n|turn|28\n|inactive|Time left: 300 sec this turn | 300 sec total\n|\n|t:|1783543353\n|cant|p1a: Ursaring|slp\n|move|p1a: Ursaring|Sleep Talk|p1a: Ursaring\n|move|p1a: Ursaring|Body Slam|p2a: Brute Bonnet|[from] move: Sleep Talk\n|-damage|p2a: Brute Bonnet|0 fnt\n|faint|p2a: Brute Bonnet\n|-end|p2a: Brute Bonnet|Protosynthesis|[silent]\n|\n|upkeep\n|\n|t:|1783543354\n|switch|p2a: Gallade|Gallade, L80, M|20/100\n|-damage|p2a: Gallade|14/100|[from] Stealth Rock\n|turn|29\n|inactive|Time left: 300 sec this turn | 300 sec total\n|\n|t:|1783543355\n|switch|p1a: Misdreavus|Misdreavus, L90, F|254/254 slp\n|move|p2a: Gallade|Sacred Sword|p1a: Misdreavus\n|-immune|p1a: Misdreavus\n|\n|upkeep\n|turn|30\n|inactive|Time left: 300 sec this turn | 300 sec total\n|\n|t:|1783543356\n|cant|p1a: Misdreavus|slp\n|move|p2a: Gallade|Night Slash|p1a: Misdreavus\n|-supereffective|p1a: Misdreavus\n|-damage|p1a: Misdreavus|80/254 slp\n|-damage|p2a: Gallade|4/100|[from] item: Life Orb\n|\n|upkeep\n|turn|31\n|inactive|Time left: 300 sec this turn | 300 sec total\n|\n|t:|1783543357\n|-curestatus|p1a: Misdreavus|slp|[msg]\n|move|p1a: Misdreavus|Draining Kiss|p2a: Gallade\n|-supereffective|p2a: Gallade\n|-damage|p2a: Gallade|0 fnt\n|-heal|p1a: Misdreavus|86/254|[from] drain|[of] p2a: Gallade\n|faint|p2a: Gallade\n|\n|upkeep\n|\n|t:|1783543358\n|switch|p2a: Garganacl|Garganacl, L80, M|100/100\n|-damage|p2a: Garganacl|88/100|[from] Stealth Rock\n|turn|32\n|inactive|Time left: 300 sec this turn | 300 sec total\n|\n|t:|1783543359\n|move|p1a: Misdreavus|Draining Kiss|p2a: Garganacl\n|-damage|p2a: Garganacl|75/100\n|-heal|p1a: Misdreavus|115/254|[from] drain|[of] p2a: Garganacl\n|move|p2a: Garganacl|Salt Cure|p1a: Misdreavus\n|-damage|p1a: Misdreavus|84/254\n|-start|p1a: Misdreavus|Salt Cure\n|\n|-heal|p2a: Garganacl|81/100|[from] item: Leftovers\n|-damage|p1a: Misdreavus|53/254|[from] Salt Cure\n|upkeep\n|turn|33\n|inactive|Time left: 300 sec this turn | 300 sec total\n|\n|t:|1783543360\n|switch|p1a: Ursaring|Ursaring, L84, M|170/288 slp\n|move|p2a: Garganacl|Body Press|p1a: Ursaring\n|-supereffective|p1a: Ursaring\n|-damage|p1a: Ursaring|74/288 slp\n|\n|-heal|p2a: Garganacl|87/100|[from] item: Leftovers\n|upkeep\n|turn|34\n|inactive|Time left: 300 sec this turn | 300 sec total\n|\n|t:|1783543361\n|switch|p1a: Misdreavus|Misdreavus, L90, F|53/254\n|move|p2a: Garganacl|Body Press|p1a: Misdreavus\n|-immune|p1a: Misdreavus\n|\n|-heal|p2a: Garganacl|93/100|[from] item: Leftovers\n|upkeep\n|turn|35\n|inactive|Time left: 300 sec this turn | 300 sec total\n|\n|t:|1783543362\n|move|p1a: Misdreavus|Draining Kiss|p2a: Garganacl\n|-damage|p2a: Garganacl|81/100\n|-heal|p1a: Misdreavus|79/254|[from] drain|[of] p2a: Garganacl\n|move|p2a: Garganacl|Salt Cure|p1a: Misdreavus\n|-damage|p1a: Misdreavus|43/254\n|-start|p1a: Misdreavus|Salt Cure\n|\n|-heal|p2a: Garganacl|87/100|[from] item: Leftovers\n|-damage|p1a: Misdreavus|12/254|[from] Salt Cure\n|upkeep\n|turn|36\n|inactive|Time left: 300 sec this turn | 300 sec total\n|\n|t:|1783543363\n|move|p1a: Misdreavus|Draining Kiss|p2a: Garganacl\n|-damage|p2a: Garganacl|74/100\n|-heal|p1a: Misdreavus|41/254|[from] drain|[of] p2a: Garganacl\n|move|p2a: Garganacl|Salt Cure|p1a: Misdreavus\n|-damage|p1a: Misdreavus|7/254\n|\n|-heal|p2a: Garganacl|80/100|[from] item: Leftovers\n|-damage|p1a: Misdreavus|0 fnt|[from] Salt Cure\n|faint|p1a: Misdreavus\n|upkeep\n|inactive|Time left: 300 sec this turn | 300 sec total | 5 sec grace\n|\n|t:|1783543364\n|switch|p1a: Ursaring|Ursaring, L84, M|74/288 slp\n|turn|37\n|inactive|Time left: 300 sec this turn | 300 sec total\n|\n|t:|1783543365\n|cant|p1a: Ursaring|slp\n|move|p1a: Ursaring|Sleep Talk|p1a: Ursaring\n|move|p1a: Ursaring|Body Slam|p2a: Garganacl|[from] move: Sleep Talk\n|-resisted|p2a: Garganacl\n|-damage|p2a: Garganacl|60/100\n|move|p2a: Garganacl|Body Press|p1a: Ursaring\n|-supereffective|p1a: Ursaring\n|-damage|p1a: Ursaring|0 fnt\n|faint|p1a: Ursaring\n|\n|win|p0y31881c0", "uploadtime": 1783543365, "views": 0, "rating": 0, "private": 0, "password": null, "_winner": "p0y31881c0", "_our_name": "p0x31854c5"}