{"id": "battle-gen9randombattle-1023", "formatid": "gen9randombattle", "format": "[Gen 9] Random Battle", "players": ["p0x1023d3ca", "p0y1023c1f8"], "log": "|init|battle\n|title|p0x1023d3ca vs. p0y1023c1f8\n|j|\u2606p0x1023d3ca\n|j|\u2606p0y1023c1f8\n|t:|1783551066\n|gametype|singles\n|player|p1|p0x1023d3ca|2|\n|player|p2|p0y1023c1f8|1|\n|gen|9\n|tier|[Gen 9] Random Battle\n|rule|Species Clause: Limit one of each Pok\u00e9mon\n|rule|HP Percentage Mod: HP is shown in percentages\n|rule|Sleep Clause Mod: Limit one foe put to sleep\n|rule|Illusion Level Mod: Illusion disguises the Pok\u00e9mon's true level\n|\n|t:|1783551066\n|teamsize|p1|6\n|teamsize|p2|6\n|start\n|switch|p1a: Oricorio|Oricorio, L84, M|263/263\n|switch|p2a: Klawf|Klawf, L90, M|100/100\n|turn|1\n|inactive|Battle timer is ON: inactive players will automatically lose when time's up. (requested by p0y1023c1f8)\n|inactive|Time left: 300 sec this turn | 300 sec total | 60 sec grace\n|\n|t:|1783551068\n|move|p1a: Oricorio|Quiver Dance|p1a: Oricorio\n|-boost|p1a: Oricorio|spa|1\n|-boost|p1a: Oricorio|spd|1\n|-boost|p1a: Oricorio|spe|1\n|move|p2a: Klawf|Crabhammer|p1a: Oricorio|[miss]\n|-miss|p2a: Klawf|p1a: Oricorio\n|\n|upkeep\n|turn|2\n|inactive|Time left: 300 sec this turn | 300 sec total\n|inactive|p0x1023d3ca also wants the timer to be on.\n|\n|t:|1783551069\n|-terastallize|p1a: Oricorio|Ground\n|move|p1a: Oricorio|Revelation Dance|p2a: Klawf\n|-supereffective|p2a: Klawf\n|-damage|p2a: Klawf|0 fnt\n|faint|p2a: Klawf\n|\n|upkeep\n|\n|t:|1783551070\n|switch|p2a: Breloom|Breloom, L83, F|100/100\n|turn|3\n|inactive|Time left: 300 sec this turn | 300 sec total\n|\n|t:|1783551071\n|move|p1a: Oricorio|Hurricane|p2a: Breloom\n|-supereffective|p2a: Breloom\n|-damage|p2a: Breloom|0 fnt\n|faint|p2a: Breloom\n|\n|upkeep\n|\n|t:|1783551072\n|switch|p2a: Toucannon|Toucannon, L88, M|100/100\n|turn|4\n|inactive|Time left: 300 sec this turn | 300 sec total\n|\n|t:|1783551073\n|-singleturn|p2a: Toucannon|move: Beak Blast\n|move|p1a: Oricorio|Hurricane|p2a: Toucannon\n|-damage|p2a: Toucannon|31/100\n|move|p2a: Toucannon|Beak Blast|p1a: Oricorio\n|-damage|p1a: Oricorio|95/263\n|\n|upkeep\n|turn|5\n|inactive|Time left: 300 sec this turn | 300 sec total\n|\n|t:|1783551074\n|-singleturn|p2a: Toucannon|move: Beak Blast\n|move|p1a: Oricorio|Hurricane|p2a: Toucannon\n|-damage|p2a: Toucannon|0 fnt\n|faint|p2a: Toucannon\n|\n|upkeep\n|\n|t:|1783551075\n|switch|p2a: Iron Thorns|Iron Thorns, L83|100/100\n|-item|p2a: Iron Thorns|Air Balloon\n|turn|6\n|inactive|Time left: 300 sec this turn | 300 sec total\n|\n|t:|1783551076\n|move|p1a: Oricorio|Roost|p1a: Oricorio\n|-heal|p1a: Oricorio|227/263\n|move|p2a: Iron Thorns|Ice Punch|p1a: Oricorio\n|-supereffective|p1a: Oricorio\n|-damage|p1a: Oricorio|77/263\n|\n|upkeep\n|turn|7\n|inactive|Time left: 300 sec this turn | 300 sec total\n|\n|t:|1783551076\n|move|p1a: Oricorio|Roost|p1a: Oricorio\n|-heal|p1a: Oricorio|209/263\n|move|p2a: Iron Thorns|Ice Punch|p1a: Oricorio\n|-supereffective|p1a: Oricorio\n|-damage|p1a: Oricorio|51/263\n|\n|upkeep\n|turn|8\n|inactive|Time left: 300 sec this turn | 300 sec total\n|\n|t:|1783551077\n|move|p1a: Oricorio|Roost|p1a: Oricorio\n|-heal|p1a: Oricorio|183/263\n|move|p2a: Iron Thorns|Ice Punch|p1a: Oricorio\n|-supereffective|p1a: Oricorio\n|-damage|p1a: Oricorio|25/263\n|\n|upkeep\n|turn|9\n|inactive|Time left: 300 sec this turn | 300 sec total\n|\n|t:|1783551078\n|move|p1a: Oricorio|Hurricane|p2a: Iron Thorns\n|-resisted|p2a: Iron Thorns\n|-damage|p2a: Iron Thorns|87/100\n|-start|p2a: Iron Thorns|confusion\n|-enditem|p2a: Iron Thorns|Air Balloon\n|-activate|p2a: Iron Thorns|confusion\n|move|p2a: Iron Thorns|Ice Punch|p1a: Oricorio\n|-supereffective|p1a: Oricorio\n|-damage|p1a: Oricorio|0 fnt\n|faint|p1a: Oricorio\n|\n|upkeep\n|inactive|Time left: 300 sec this turn | 300 sec total | 5 sec grace\n|\n|t:|1783551079\n|switch|p1a: Seviper|Seviper, L93, M|287/287\n|turn|10\n|inactive|Time left: 300 sec this turn | 300 sec total\n|\n|t:|1783551080\n|-end|p2a: Iron Thorns|Quark Drive|[silent]\n|switch|p2a: Hydrapple|Hydrapple, L83, M|100/100\n|move|p1a: Seviper|Swords Dance|p1a: Seviper\n|-boost|p1a: Seviper|atk|2\n|\n|upkeep\n|turn|11\n|inactive|Time left: 300 sec this turn | 300 sec total\n|\n|t:|1783551081\n|move|p1a: Seviper|Gunk Shot|p2a: Hydrapple\n|-supereffective|p2a: Hydrapple\n|-damage|p2a: Hydrapple|0 fnt\n|faint|p2a: Hydrapple\n|\n|upkeep\n|\n|t:|1783551082\n|switch|p2a: Venomoth|Venomoth, L84, F|100/100\n|turn|12\n|inactive|Time left: 300 sec this turn | 300 sec total\n|\n|t:|1783551083\n|move|p2a: Venomoth|Sleep Powder|p1a: Seviper\n|-status|p1a: Seviper|slp|[from] move: Sleep Powder\n|cant|p1a: Seviper|slp\n|\n|-activate|p1a: Seviper|ability: Shed Skin\n|-curestatus|p1a: Seviper|slp|[msg]\n|upkeep\n|turn|13\n|inactive|Time left: 300 sec this turn | 300 sec total\n|\n|t:|1783551084\n|move|p2a: Venomoth|Quiver Dance|p2a: Venomoth\n|-boost|p2a: Venomoth|spa|1\n|-boost|p2a: Venomoth|spd|1\n|-boost|p2a: Venomoth|spe|1\n|move|p1a: Seviper|Earthquake|p2a: Venomoth\n|-damage|p2a: Venomoth|9/100\n|\n|upkeep\n|turn|14\n|inactive|Time left: 300 sec this turn | 300 sec total\n|\n|t:|1783551085\n|move|p2a: Venomoth|Bug Buzz|p1a: Seviper\n|-resisted|p1a: Seviper\n|-damage|p1a: Seviper|125/287\n|move|p1a: Seviper|Earthquake|p2a: Venomoth\n|-damage|p2a: Venomoth|0 fnt\n|faint|p2a: Venomoth\n|\n|-heal|p1a: Seviper|142/287|[from] item: Leftovers\n|upkeep\n|\n|t:|1783551086\n|switch|p2a: Iron Thorns|Iron Thorns, L83|87/100\n|turn|15\n|inactive|Time left: 300 sec this turn | 300 sec total\n|\n|t:|1783551087\n|-terastallize|p2a: Iron Thorns|Grass\n|move|p1a: Seviper|Earthquake|p2a: Iron Thorns\n|-resisted|p2a: Iron Thorns\n|-damage|p2a: Iron Thorns|62/100\n|move|p2a: Iron Thorns|Wild Charge|p1a: Seviper\n|-damage|p1a: Seviper|0 fnt\n|faint|p1a: Seviper\n|-damage|p2a: Iron Thorns|50/100|[from] Recoil\n|\n|upkeep\n|inactive|Time left: 300 sec this turn | 300 sec total | 5 sec grace\n|\n|t:|1783551088\n|switch|p1a: Honchkrow|Honchkrow, L86, M|312/312\n|turn|16\n|inactive|Time left: 300 sec this turn | 300 sec total\n|\n|t:|1783551089\n|move|p1a: Honchkrow|Brave Bird|p2a: Iron Thorns\n|-supereffective|p2a: Iron Thorns\n|-damage|p2a: Iron Thorns|0 fnt\n|faint|p2a: Iron Thorns\n|-end|p2a: Iron Thorns|Quark Drive|[silent]\n|-damage|p1a: Honchkrow|262/312|[from] Recoil\n|\n|win|p0x1023d3ca", "uploadtime": 1783551089, "views": 0, "rating": 0, "private": 0, "password": null, "_winner": "p0x1023d3ca", "_our_name": "p0x1023d3ca"}