{"id": "battle-gen9randombattle-2032", "formatid": "gen9randombattle", "format": "[Gen 9] Random Battle", "players": ["p0x20324a2c", "p0y2032031f"], "log": "|init|battle\n|title|p0x20324a2c vs. p0y2032031f\n|j|\u2606p0x20324a2c\n|j|\u2606p0y2032031f\n|t:|1783563534\n|gametype|singles\n|player|p1|p0x20324a2c|265|\n|player|p2|p0y2032031f|101|\n|gen|9\n|tier|[Gen 9] Random Battle\n|rule|Species Clause: Limit one of each Pok\u00e9mon\n|rule|HP Percentage Mod: HP is shown in percentages\n|rule|Sleep Clause Mod: Limit one foe put to sleep\n|rule|Illusion Level Mod: Illusion disguises the Pok\u00e9mon's true level\n|\n|t:|1783563534\n|teamsize|p1|6\n|teamsize|p2|6\n|start\n|switch|p1a: Keldeo|Keldeo-Resolute, L79|100/100\n|switch|p2a: Orthworm|Orthworm, L88, M|266/266\n|turn|1\n|inactive|Battle timer is ON: inactive players will automatically lose when time's up. (requested by p0y2032031f)\n|inactive|p0x20324a2c also wants the timer to be on.\n|\n|t:|1783563535\n|move|p1a: Keldeo|Calm Mind|p1a: Keldeo\n|-boost|p1a: Keldeo|spa|1\n|-boost|p1a: Keldeo|spd|1\n|move|p2a: Orthworm|Body Press|p1a: Keldeo\n|-damage|p1a: Keldeo|68/100\n|\n|-heal|p1a: Keldeo|74/100|[from] item: Leftovers\n|upkeep\n|turn|2\n|inactive|Time left: 300 sec this turn | 300 sec total\n|\n|t:|1783563536\n|switch|p2a: Tsareena|Tsareena, L87, F|267/267\n|move|p1a: Keldeo|Hydro Pump|p2a: Tsareena|[miss]\n|-miss|p1a: Keldeo|p2a: Tsareena\n|\n|-heal|p1a: Keldeo|80/100|[from] item: Leftovers\n|upkeep\n|turn|3\n|inactive|Time left: 300 sec this turn | 300 sec total\n|\n|t:|1783563538\n|move|p1a: Keldeo|Substitute|p1a: Keldeo\n|-start|p1a: Keldeo|Substitute\n|-damage|p1a: Keldeo|55/100\n|move|p2a: Tsareena|Power Whip|p1a: Keldeo\n|-supereffective|p1a: Keldeo\n|-end|p1a: Keldeo|Substitute\n|-damage|p2a: Tsareena|241/267|[from] item: Life Orb\n|\n|-heal|p1a: Keldeo|62/100|[from] item: Leftovers\n|upkeep\n|turn|4\n|inactive|Time left: 300 sec this turn | 300 sec total\n|\n|t:|1783563539\n|move|p1a: Keldeo|Substitute|p1a: Keldeo\n|-start|p1a: Keldeo|Substitute\n|-damage|p1a: Keldeo|37/100\n|move|p2a: Tsareena|Power Whip|p1a: Keldeo\n|-supereffective|p1a: Keldeo\n|-end|p1a: Keldeo|Substitute\n|-damage|p2a: Tsareena|215/267|[from] item: Life Orb\n|\n|-heal|p1a: Keldeo|43/100|[from] item: Leftovers\n|upkeep\n|turn|5\n|inactive|Time left: 300 sec this turn | 300 sec total\n|\n|t:|1783563539\n|move|p1a: Keldeo|Substitute|p1a: Keldeo\n|-start|p1a: Keldeo|Substitute\n|-damage|p1a: Keldeo|18/100\n|move|p2a: Tsareena|Power Whip|p1a: Keldeo\n|-supereffective|p1a: Keldeo\n|-end|p1a: Keldeo|Substitute\n|-damage|p2a: Tsareena|189/267|[from] item: Life Orb\n|\n|-heal|p1a: Keldeo|24/100|[from] item: Leftovers\n|upkeep\n|turn|6\n|inactive|Time left: 300 sec this turn | 300 sec total\n|\n|t:|1783563540\n|move|p1a: Keldeo|Secret Sword|p2a: Tsareena\n|-damage|p2a: Tsareena|56/267\n|move|p2a: Tsareena|Power Whip|p1a: Keldeo\n|-supereffective|p1a: Keldeo\n|-damage|p1a: Keldeo|0 fnt\n|faint|p1a: Keldeo\n|-damage|p2a: Tsareena|30/267|[from] item: Life Orb\n|\n|upkeep\n|\n|t:|1783563542\n|switch|p1a: Pecharunt|Pecharunt, L77|100/100\n|turn|7\n|inactive|Time left: 300 sec this turn | 300 sec total\n|\n|t:|1783563543\n|switch|p2a: Bisharp|Bisharp, L79, F|232/232\n|move|p1a: Pecharunt|Nasty Plot|p1a: Pecharunt\n|-boost|p1a: Pecharunt|spa|2\n|\n|upkeep\n|turn|8\n|inactive|Time left: 300 sec this turn | 300 sec total\n|\n|t:|1783563544\n|move|p1a: Pecharunt|Nasty Plot|p1a: Pecharunt\n|-boost|p1a: Pecharunt|spa|2\n|move|p2a: Bisharp|Swords Dance|p2a: Bisharp\n|-boost|p2a: Bisharp|atk|2\n|\n|upkeep\n|turn|9\n|inactive|Time left: 300 sec this turn | 300 sec total\n|\n|t:|1783563545\n|-terastallize|p1a: Pecharunt|Dark\n|move|p1a: Pecharunt|Shadow Ball|p2a: Bisharp\n|-resisted|p2a: Bisharp\n|-damage|p2a: Bisharp|147/232\n|-unboost|p2a: Bisharp|spd|1\n|-ability|p2a: Bisharp|Defiant|boost\n|-boost|p2a: Bisharp|atk|2\n|move|p2a: Bisharp|Iron Head|p1a: Pecharunt\n|-damage|p1a: Pecharunt|29/100\n|\n|-heal|p1a: Pecharunt|35/100|[from] item: Leftovers\n|upkeep\n|turn|10\n|inactive|Time left: 300 sec this turn | 300 sec total\n|\n|t:|1783563546\n|move|p1a: Pecharunt|Recover|p1a: Pecharunt\n|-heal|p1a: Pecharunt|85/100\n|move|p2a: Bisharp|Iron Head|p1a: Pecharunt\n|-damage|p1a: Pecharunt|12/100\n|\n|-heal|p1a: Pecharunt|18/100|[from] item: Leftovers\n|upkeep\n|turn|11\n|inactive|Time left: 300 sec this turn | 300 sec total\n|\n|t:|1783563547\n|move|p1a: Pecharunt|Recover|p1a: Pecharunt\n|-heal|p1a: Pecharunt|68/100\n|move|p2a: Bisharp|Iron Head|p1a: Pecharunt\n|-damage|p1a: Pecharunt|0 fnt\n|faint|p1a: Pecharunt\n|\n|upkeep\n|\n|t:|1783563548\n|switch|p1a: Lugia|Lugia, L73|100/100\n|turn|12\n|inactive|Time left: 300 sec this turn | 300 sec total\n|\n|t:|1783563549\n|move|p1a: Lugia|Calm Mind|p1a: Lugia\n|-boost|p1a: Lugia|spa|1\n|-boost|p1a: Lugia|spd|1\n|move|p2a: Bisharp|Throat Chop|p1a: Lugia\n|-supereffective|p1a: Lugia\n|-damage|p1a: Lugia|13/100\n|-start|p1a: Lugia|Throat Chop|[silent]\n|\n|upkeep\n|turn|13\n|inactive|Time left: 300 sec this turn | 300 sec total\n|\n|t:|1783563550\n|move|p2a: Bisharp|Sucker Punch|p1a: Lugia\n|-supereffective|p1a: Lugia\n|-crit|p1a: Lugia\n|-damage|p1a: Lugia|0 fnt\n|faint|p1a: Lugia\n|\n|upkeep\n|\n|t:|1783563551\n|switch|p1a: Tyranitar|Tyranitar, L78, M|100/100\n|-weather|Sandstorm|[from] ability: Sand Stream|[of] p1a: Tyranitar\n|turn|14\n|inactive|Time left: 300 sec this turn | 300 sec total\n|\n|t:|1783563552\n|move|p2a: Bisharp|Iron Head|p1a: Tyranitar\n|-supereffective|p1a: Tyranitar\n|-damage|p1a: Tyranitar|0 fnt\n|faint|p1a: Tyranitar\n|\n|-weather|Sandstorm|[upkeep]\n|upkeep\n|\n|t:|1783563553\n|switch|p1a: Polteageist|Polteageist, L78|100/100\n|turn|15\n|inactive|Time left: 300 sec this turn | 300 sec total\n|\n|t:|1783563554\n|move|p2a: Bisharp|Throat Chop|p1a: Polteageist\n|-supereffective|p1a: Polteageist\n|-damage|p1a: Polteageist|0 fnt\n|-start|p2a: Bisharp|Disable|Throat Chop|[from] ability: Cursed Body|[of] p1a: Polteageist\n|faint|p1a: Polteageist\n|\n|-weather|Sandstorm|[upkeep]\n|upkeep\n|\n|t:|1783563555\n|switch|p1a: Frosmoth|Frosmoth, L82, F|100/100\n|turn|16\n|inactive|Time left: 300 sec this turn | 300 sec total\n|\n|t:|1783563556\n|-terastallize|p2a: Bisharp|Ghost\n|move|p2a: Bisharp|Iron Head|p1a: Frosmoth\n|-supereffective|p1a: Frosmoth\n|-damage|p1a: Frosmoth|0 fnt\n|faint|p1a: Frosmoth\n|\n|win|p0y2032031f", "uploadtime": 1783563556, "views": 0, "rating": 0, "private": 0, "password": null, "_winner": "p0y2032031f", "_our_name": "p0y2032031f"}