{"id": "battle-gen9randombattle-374", "formatid": "gen9randombattle", "format": "[Gen 9] Random Battle", "players": ["p0x374b740", "p0y3747a30"], "log": "|init|battle\n|title|p0x374b740 vs. p0y3747a30\n|j|\u2606p0x374b740\n|j|\u2606p0y3747a30\n|t:|1783543455\n|gametype|singles\n|player|p1|p0x374b740|101|\n|player|p2|p0y3747a30|102|\n|gen|9\n|tier|[Gen 9] Random Battle\n|rule|Species Clause: Limit one of each Pok\u00e9mon\n|rule|HP Percentage Mod: HP is shown in percentages\n|rule|Sleep Clause Mod: Limit one foe put to sleep\n|rule|Illusion Level Mod: Illusion disguises the Pok\u00e9mon's true level\n|\n|t:|1783543455\n|teamsize|p1|6\n|teamsize|p2|6\n|start\n|switch|p1a: Conkeldurr|Conkeldurr, L80, M|299/299\n|switch|p2a: Weezing|Weezing, L88, M|100/100\n|turn|1\n|inactive|Battle timer is ON: inactive players will automatically lose when time's up. (requested by p0x374b740)\n|\n|t:|1783543456\n|move|p2a: Weezing|Sludge Bomb|p1a: Conkeldurr\n|-damage|p1a: Conkeldurr|170/299\n|move|p1a: Conkeldurr|Knock Off|p2a: Weezing\n|-damage|p2a: Weezing|73/100\n|-enditem|p2a: Weezing|Leftovers|[from] move: Knock Off|[of] p1a: Conkeldurr\n|\n|-status|p1a: Conkeldurr|brn|[from] item: Flame Orb\n|upkeep\n|turn|2\n|inactive|Time left: 300 sec this turn | 300 sec total\n|inactive|p0y3747a30 also wants the timer to be on.\n|\n|t:|1783543457\n|move|p2a: Weezing|Sludge Bomb|p1a: Conkeldurr\n|-damage|p1a: Conkeldurr|37/299 brn\n|move|p1a: Conkeldurr|Facade|p2a: Weezing\n|-damage|p2a: Weezing|17/100\n|\n|-damage|p1a: Conkeldurr|19/299 brn|[from] brn\n|upkeep\n|turn|3\n|inactive|Time left: 300 sec this turn | 300 sec total\n|\n|t:|1783543458\n|switch|p1a: Cresselia|Cresselia, L80, F|323/323\n|move|p2a: Weezing|Pain Split|p1a: Cresselia\n|-sethp|p1a: Cresselia|182/323|[from] move: Pain Split|[silent]\n|-sethp|p2a: Weezing|71/100|[from] move: Pain Split\n|\n|-heal|p1a: Cresselia|202/323|[from] item: Leftovers\n|upkeep\n|turn|4\n|inactive|Time left: 300 sec this turn | 300 sec total\n|\n|t:|1783543458\n|switch|p2a: Hariyama|Hariyama, L87, M|100/100\n|move|p1a: Cresselia|Calm Mind|p1a: Cresselia\n|-boost|p1a: Cresselia|spa|1\n|-boost|p1a: Cresselia|spd|1\n|\n|-heal|p1a: Cresselia|222/323|[from] item: Leftovers\n|-status|p2a: Hariyama|brn|[from] item: Flame Orb\n|upkeep\n|turn|5\n|inactive|Time left: 300 sec this turn | 300 sec total\n|\n|t:|1783543459\n|-terastallize|p2a: Hariyama|Normal\n|move|p1a: Cresselia|Moonlight|p1a: Cresselia\n|-heal|p1a: Cresselia|323/323\n|move|p2a: Hariyama|Facade|p1a: Cresselia\n|-damage|p1a: Cresselia|82/323\n|\n|-heal|p1a: Cresselia|102/323|[from] item: Leftovers\n|-damage|p2a: Hariyama|94/100 brn|[from] brn\n|upkeep\n|turn|6\n|inactive|Time left: 300 sec this turn | 300 sec total\n|\n|t:|1783543460\n|move|p1a: Cresselia|Moonlight|p1a: Cresselia\n|-heal|p1a: Cresselia|263/323\n|move|p2a: Hariyama|Facade|p1a: Cresselia\n|-damage|p1a: Cresselia|2/323\n|\n|-heal|p1a: Cresselia|22/323|[from] item: Leftovers\n|-damage|p2a: Hariyama|88/100 brn|[from] brn\n|upkeep\n|turn|7\n|inactive|Time left: 300 sec this turn | 300 sec total\n|\n|t:|1783543461\n|move|p1a: Cresselia|Psyshock|p2a: Hariyama\n|-damage|p2a: Hariyama|55/100 brn\n|move|p2a: Hariyama|Facade|p1a: Cresselia\n|-damage|p1a: Cresselia|0 fnt\n|faint|p1a: Cresselia\n|\n|-damage|p2a: Hariyama|49/100 brn|[from] brn\n|upkeep\n|inactive|Time left: 300 sec this turn | 300 sec total | 5 sec grace\n|\n|t:|1783543462\n|switch|p1a: Shiftry|Shiftry, L89, F|305/305\n|turn|8\n|inactive|Time left: 300 sec this turn | 300 sec total\n|\n|t:|1783543463\n|switch|p2a: Weezing|Weezing, L88, M|71/100\n|move|p1a: Shiftry|Knock Off|p2a: Weezing\n|-damage|p2a: Weezing|41/100\n|-damage|p1a: Shiftry|275/305|[from] item: Life Orb\n|\n|upkeep\n|turn|9\n|inactive|Time left: 300 sec this turn | 300 sec total\n|\n|t:|1783543464\n|switch|p1a: Azelf|Azelf, L82|257/257\n|move|p2a: Weezing|Pain Split|p1a: Azelf\n|-sethp|p1a: Azelf|180/257|[from] move: Pain Split|[silent]\n|-sethp|p2a: Weezing|70/100|[from] move: Pain Split\n|\n|upkeep\n|turn|10\n|inactive|Time left: 300 sec this turn | 300 sec total\n|\n|t:|1783543465\n|switch|p2a: Armarouge|Armarouge, L80, F|100/100\n|move|p1a: Azelf|Psyshock|p2a: Armarouge\n|-resisted|p2a: Armarouge\n|-damage|p2a: Armarouge|75/100\n|\n|upkeep\n|turn|11\n|inactive|Time left: 300 sec this turn | 300 sec total\n|\n|t:|1783543466\n|move|p1a: Azelf|Psyshock|p2a: Armarouge\n|-resisted|p2a: Armarouge\n|-damage|p2a: Armarouge|51/100\n|move|p2a: Armarouge|Armor Cannon|p1a: Azelf\n|-damage|p1a: Azelf|0 fnt\n|-unboost|p2a: Armarouge|def|1\n|-unboost|p2a: Armarouge|spd|1\n|faint|p1a: Azelf\n|\n|upkeep\n|inactive|Time left: 300 sec this turn | 300 sec total | 5 sec grace\n|\n|t:|1783543467\n|switch|p1a: Maushold|Maushold, L76|238/238\n|turn|12\n|inactive|Time left: 300 sec this turn | 300 sec total\n|\n|t:|1783543468\n|switch|p2a: Drednaw|Drednaw, L81, F|100/100\n|move|p1a: Maushold|Population Bomb|p2a: Drednaw\n|-resisted|p2a: Drednaw\n|-damage|p2a: Drednaw|97/100\n|-resisted|p2a: Drednaw\n|-damage|p2a: Drednaw|92/100\n|-resisted|p2a: Drednaw\n|-damage|p2a: Drednaw|89/100\n|-resisted|p2a: Drednaw\n|-damage|p2a: Drednaw|84/100\n|-resisted|p2a: Drednaw\n|-damage|p2a: Drednaw|80/100\n|-resisted|p2a: Drednaw\n|-damage|p2a: Drednaw|76/100\n|-resisted|p2a: Drednaw\n|-damage|p2a: Drednaw|72/100\n|-resisted|p2a: Drednaw\n|-damage|p2a: Drednaw|67/100\n|-resisted|p2a: Drednaw\n|-damage|p2a: Drednaw|64/100\n|-resisted|p2a: Drednaw\n|-damage|p2a: Drednaw|60/100\n|-hitcount|p2a: Drednaw|10\n|\n|upkeep\n|turn|13\n|inactive|Time left: 300 sec this turn | 300 sec total\n|\n|t:|1783543469\n|switch|p1a: Shiftry|Shiftry, L89, F|275/305\n|move|p2a: Drednaw|Shell Smash|p2a: Drednaw\n|-unboost|p2a: Drednaw|def|1\n|-unboost|p2a: Drednaw|spd|1\n|-boost|p2a: Drednaw|atk|2\n|-boost|p2a: Drednaw|spa|2\n|-boost|p2a: Drednaw|spe|2\n|-enditem|p2a: Drednaw|White Herb\n|-clearnegativeboost|p2a: Drednaw|[silent]\n|\n|upkeep\n|turn|14\n|inactive|Time left: 300 sec this turn | 300 sec total\n|\n|t:|1783543470\n|-terastallize|p1a: Shiftry|Fighting\n|move|p2a: Drednaw|Stone Edge|p1a: Shiftry\n|-resisted|p1a: Shiftry\n|-damage|p1a: Shiftry|128/305\n|move|p1a: Shiftry|Leaf Blade|p2a: Drednaw\n|-supereffective|p2a: Drednaw\n|-damage|p2a: Drednaw|0 fnt\n|faint|p2a: Drednaw\n|-damage|p1a: Shiftry|98/305|[from] item: Life Orb\n|\n|upkeep\n|\n|t:|1783543471\n|switch|p2a: Weezing|Weezing, L88, M|70/100\n|turn|15\n|inactive|Time left: 300 sec this turn | 300 sec total\n|\n|t:|1783543472\n|move|p1a: Shiftry|Knock Off|p2a: Weezing\n|-damage|p2a: Weezing|41/100\n|-damage|p1a: Shiftry|68/305|[from] item: Life Orb\n|move|p2a: Weezing|Sludge Bomb|p1a: Shiftry\n|-damage|p1a: Shiftry|0 fnt\n|faint|p1a: Shiftry\n|\n|upkeep\n|inactive|Time left: 300 sec this turn | 300 sec total | 5 sec grace\n|\n|t:|1783543473\n|switch|p1a: Maushold|Maushold, L76|238/238\n|turn|16\n|inactive|Time left: 300 sec this turn | 300 sec total\n|\n|t:|1783543474\n|move|p1a: Maushold|Population Bomb|p2a: Weezing\n|-damage|p2a: Weezing|34/100\n|-damage|p2a: Weezing|27/100\n|-damage|p2a: Weezing|20/100\n|-damage|p2a: Weezing|13/100\n|-damage|p2a: Weezing|6/100\n|-crit|p2a: Weezing\n|-damage|p2a: Weezing|0 fnt\n|faint|p2a: Weezing\n|-hitcount|p2: Weezing|6\n|\n|upkeep\n|\n|t:|1783543475\n|switch|p2a: Samurott|Samurott, L88, M|100/100\n|turn|17\n|inactive|Time left: 300 sec this turn | 300 sec total\n|\n|t:|1783543476\n|move|p1a: Maushold|Population Bomb|p2a: Samurott\n|-damage|p2a: Samurott|94/100\n|-damage|p2a: Samurott|87/100\n|-damage|p2a: Samurott|80/100\n|-damage|p2a: Samurott|73/100\n|-damage|p2a: Samurott|66/100\n|-damage|p2a: Samurott|59/100\n|-damage|p2a: Samurott|52/100\n|-damage|p2a: Samurott|45/100\n|-damage|p2a: Samurott|38/100\n|-damage|p2a: Samurott|31/100\n|-hitcount|p2a: Samurott|10\n|move|p2a: Samurott|Liquidation|p1a: Maushold\n|-damage|p1a: Maushold|0 fnt\n|faint|p1a: Maushold\n|-damage|p2a: Samurott|21/100|[from] item: Life Orb\n|\n|upkeep\n|inactive|Time left: 300 sec this turn | 300 sec total | 5 sec grace\n|\n|t:|1783543477\n|switch|p1a: Hitmonchan|Hitmonchan, L87, M|229/229\n|turn|18\n|inactive|Time left: 300 sec this turn | 300 sec total\n|\n|t:|1783543478\n|move|p2a: Samurott|Aqua Jet|p1a: Hitmonchan\n|-damage|p1a: Hitmonchan|126/229\n|-damage|p2a: Samurott|11/100|[from] item: Life Orb\n|move|p1a: Hitmonchan|Knock Off|p2a: Samurott\n|-damage|p2a: Samurott|0 fnt\n|-enditem|p2a: Samurott|Life Orb|[from] move: Knock Off|[of] p1a: Hitmonchan\n|faint|p2a: Samurott\n|\n|upkeep\n|\n|t:|1783543478\n|switch|p2a: Weavile|Weavile, L79, M|100/100\n|turn|19\n|inactive|Time left: 300 sec this turn | 300 sec total\n|\n|t:|1783543479\n|switch|p1a: Conkeldurr|Conkeldurr, L80, M|19/299 brn\n|move|p2a: Weavile|Triple Axel|p1a: Conkeldurr\n|-damage|p1a: Conkeldurr|0 fnt\n|faint|p1a: Conkeldurr\n|-hitcount|p1: Conkeldurr|1\n|\n|upkeep\n|inactive|Time left: 300 sec this turn | 300 sec total | 5 sec grace\n|\n|t:|1783543480\n|switch|p1a: Hitmonchan|Hitmonchan, L87, M|126/229\n|turn|20\n|inactive|Time left: 300 sec this turn | 300 sec total\n|\n|t:|1783543481\n|move|p2a: Weavile|Triple Axel|p1a: Hitmonchan\n|-damage|p1a: Hitmonchan|102/229\n|-damage|p1a: Hitmonchan|56/229\n|-hitcount|p1a: Hitmonchan|2\n|move|p1a: Hitmonchan|Drain Punch|p2a: Weavile\n|-supereffective|p2a: Weavile\n|-damage|p2a: Weavile|0 fnt\n|-heal|p1a: Hitmonchan|176/229|[from] drain|[of] p2a: Weavile\n|faint|p2a: Weavile\n|\n|upkeep\n|\n|t:|1783543482\n|switch|p2a: Hariyama|Hariyama, L87, M, tera:Normal|49/100 brn\n|turn|21\n|inactive|Time left: 300 sec this turn | 300 sec total\n|\n|t:|1783543483\n|switch|p2a: Armarouge|Armarouge, L80, F|51/100\n|move|p1a: Hitmonchan|Drain Punch|p2a: Armarouge\n|-resisted|p2a: Armarouge\n|-damage|p2a: Armarouge|32/100\n|-heal|p1a: Hitmonchan|201/229|[from] drain|[of] p2a: Armarouge\n|-ability|p2a: Armarouge|Weak Armor|boost\n|-unboost|p2a: Armarouge|def|1\n|-boost|p2a: Armarouge|spe|2\n|\n|upkeep\n|turn|22\n|inactive|Time left: 300 sec this turn | 300 sec total\n|\n|t:|1783543483\n|move|p2a: Armarouge|Psyshock|p1a: Hitmonchan\n|-supereffective|p1a: Hitmonchan\n|-damage|p1a: Hitmonchan|0 fnt\n|faint|p1a: Hitmonchan\n|\n|win|p0y3747a30", "uploadtime": 1783543483, "views": 0, "rating": 0, "private": 0, "password": null, "_winner": "p0y3747a30", "_our_name": "p0x374b740"}