{"id": "battle-gen9randombattle-745", "formatid": "gen9randombattle", "format": "[Gen 9] Random Battle", "players": ["p0x74588f3", "p0y745718b"], "log": "|init|battle\n|title|p0x74588f3 vs. p0y745718b\n|j|\u2606p0x74588f3\n|j|\u2606p0y745718b\n|t:|1783548448\n|gametype|singles\n|player|p1|p0x74588f3|169|\n|player|p2|p0y745718b|2|\n|gen|9\n|tier|[Gen 9] Random Battle\n|rule|Species Clause: Limit one of each Pok\u00e9mon\n|rule|HP Percentage Mod: HP is shown in percentages\n|rule|Sleep Clause Mod: Limit one foe put to sleep\n|rule|Illusion Level Mod: Illusion disguises the Pok\u00e9mon's true level\n|\n|t:|1783548448\n|teamsize|p1|6\n|teamsize|p2|6\n|start\n|switch|p1a: Toucannon|Toucannon, L88, F|284/284\n|switch|p2a: Gumshoos|Gumshoos, L95, M|100/100\n|turn|1\n|inactive|Battle timer is ON: inactive players will automatically lose when time's up. (requested by p0x74588f3)\n|inactive|p0y745718b also wants the timer to be on.\n|\n|t:|1783548450\n|move|p1a: Toucannon|Boomburst|p2a: Gumshoos\n|-damage|p2a: Gumshoos|53/100\n|move|p2a: Gumshoos|Double-Edge|p1a: Toucannon\n|-damage|p1a: Toucannon|0 fnt\n|faint|p1a: Toucannon\n|-damage|p2a: Gumshoos|24/100|[from] Recoil\n|\n|upkeep\n|inactive|Time left: 300 sec this turn | 300 sec total | 65 sec grace\n|\n|t:|1783548451\n|switch|p1a: Conkeldurr|Conkeldurr, L80, F|299/299\n|turn|2\n|inactive|Time left: 300 sec this turn | 300 sec total\n|\n|t:|1783548453\n|move|p1a: Conkeldurr|Mach Punch|p2a: Gumshoos\n|-supereffective|p2a: Gumshoos\n|-damage|p2a: Gumshoos|0 fnt\n|faint|p2a: Gumshoos\n|\n|-status|p1a: Conkeldurr|brn|[from] item: Flame Orb\n|upkeep\n|\n|t:|1783548454\n|switch|p2a: Avalugg|Avalugg-Hisui, L90, M|100/100\n|turn|3\n|inactive|Time left: 300 sec this turn | 300 sec total\n|\n|t:|1783548455\n|move|p1a: Conkeldurr|Close Combat|p2a: Avalugg\n|-supereffective|p2a: Avalugg\n|-ability|p2a: Avalugg|Sturdy\n|-damage|p2a: Avalugg|1/100\n|-unboost|p1a: Conkeldurr|def|1\n|-unboost|p1a: Conkeldurr|spd|1\n|move|p2a: Avalugg|Avalanche|p1a: Conkeldurr\n|-damage|p1a: Conkeldurr|7/299 brn\n|\n|-damage|p1a: Conkeldurr|0 fnt|[from] brn\n|faint|p1a: Conkeldurr\n|upkeep\n|inactive|Time left: 300 sec this turn | 300 sec total | 5 sec grace\n|\n|t:|1783548456\n|switch|p1a: Glaceon|Glaceon, L94, M|275/275\n|turn|4\n|inactive|Time left: 300 sec this turn | 300 sec total\n|\n|t:|1783548457\n|move|p1a: Glaceon|Freeze-Dry|p2a: Avalugg\n|-resisted|p2a: Avalugg\n|-damage|p2a: Avalugg|0 fnt\n|faint|p2a: Avalugg\n|\n|upkeep\n|\n|t:|1783548458\n|switch|p2a: Infernape|Infernape, L82, M|100/100\n|turn|5\n|inactive|Time left: 300 sec this turn | 300 sec total\n|\n|t:|1783548459\n|-terastallize|p1a: Glaceon|Ground\n|move|p2a: Infernape|Close Combat|p1a: Glaceon\n|-damage|p1a: Glaceon|158/275\n|-unboost|p2a: Infernape|def|1\n|-unboost|p2a: Infernape|spd|1\n|-damage|p2a: Infernape|91/100|[from] item: Life Orb\n|move|p1a: Glaceon|Mud Shot|p2a: Infernape\n|-supereffective|p2a: Infernape\n|-damage|p2a: Infernape|0 fnt\n|faint|p2a: Infernape\n|\n|upkeep\n|\n|t:|1783548460\n|switch|p2a: Slowking|Slowking, L88, M|100/100\n|turn|6\n|inactive|Time left: 300 sec this turn | 300 sec total\n|\n|t:|1783548461\n|move|p1a: Glaceon|Protect|p1a: Glaceon\n|-singleturn|p1a: Glaceon|Protect\n|move|p2a: Slowking|Scald|p1a: Glaceon\n|-activate|p1a: Glaceon|move: Protect\n|\n|upkeep\n|turn|7\n|inactive|Time left: 300 sec this turn | 300 sec total\n|\n|t:|1783548462\n|move|p1a: Glaceon|Freeze-Dry|p2a: Slowking\n|-supereffective|p2a: Slowking\n|-damage|p2a: Slowking|35/100\n|move|p2a: Slowking|Scald|p1a: Glaceon\n|-supereffective|p1a: Glaceon\n|-damage|p1a: Glaceon|0 fnt\n|faint|p1a: Glaceon\n|\n|upkeep\n|inactive|Time left: 300 sec this turn | 300 sec total | 5 sec grace\n|\n|t:|1783548462\n|switch|p1a: Drifblim|Drifblim, L86, M|398/398\n|turn|8\n|inactive|Time left: 300 sec this turn | 300 sec total\n|\n|t:|1783548463\n|switch|p2a: Corviknight|Corviknight, L80, F|100/100\n|-ability|p2a: Corviknight|Pressure\n|move|p1a: Drifblim|Shadow Ball|p2a: Corviknight\n|-damage|p2a: Corviknight|68/100\n|\n|-heal|p2a: Corviknight|74/100|[from] item: Leftovers\n|upkeep\n|turn|9\n|inactive|Time left: 300 sec this turn | 300 sec total\n|\n|t:|1783548464\n|move|p1a: Drifblim|Shadow Ball|p2a: Corviknight\n|-damage|p2a: Corviknight|45/100\n|move|p2a: Corviknight|Roost|p2a: Corviknight\n|-heal|p2a: Corviknight|95/100\n|-singleturn|p2a: Corviknight|move: Roost\n|\n|-heal|p2a: Corviknight|100/100|[from] item: Leftovers\n|upkeep\n|turn|10\n|inactive|Time left: 300 sec this turn | 300 sec total\n|\n|t:|1783548465\n|move|p1a: Drifblim|Shadow Ball|p2a: Corviknight\n|-damage|p2a: Corviknight|66/100\n|move|p2a: Corviknight|U-turn|p1a: Drifblim\n|-resisted|p1a: Drifblim\n|-damage|p1a: Drifblim|381/398\n|\n|t:|1783548466\n|switch|p2a: Slowking|Slowking, L88, M|68/100|[from] U-turn\n|\n|upkeep\n|turn|11\n|inactive|Time left: 300 sec this turn | 300 sec total\n|\n|t:|1783548468\n|move|p1a: Drifblim|Shadow Ball|p2a: Slowking\n|-supereffective|p2a: Slowking\n|-damage|p2a: Slowking|25/100\n|move|p2a: Slowking|Slack Off|p2a: Slowking\n|-heal|p2a: Slowking|75/100\n|\n|upkeep\n|turn|12\n|inactive|Time left: 300 sec this turn | 300 sec total\n|\n|t:|1783548469\n|switch|p2a: Corviknight|Corviknight, L80, F|66/100\n|-ability|p2a: Corviknight|Pressure\n|move|p1a: Drifblim|Shadow Ball|p2a: Corviknight\n|-damage|p2a: Corviknight|37/100\n|\n|-heal|p2a: Corviknight|43/100|[from] item: Leftovers\n|upkeep\n|turn|13\n|inactive|Time left: 300 sec this turn | 300 sec total\n|\n|t:|1783548470\n|move|p1a: Drifblim|Shadow Ball|p2a: Corviknight\n|-damage|p2a: Corviknight|13/100\n|move|p2a: Corviknight|Roost|p2a: Corviknight\n|-heal|p2a: Corviknight|63/100\n|-singleturn|p2a: Corviknight|move: Roost\n|\n|-heal|p2a: Corviknight|69/100|[from] item: Leftovers\n|upkeep\n|turn|14\n|inactive|Time left: 300 sec this turn | 300 sec total\n|\n|t:|1783548471\n|move|p1a: Drifblim|Strength Sap|p2a: Corviknight\n|-unboost|p2a: Corviknight|atk|1\n|-heal|p1a: Drifblim|398/398\n|move|p2a: Corviknight|Roost|p2a: Corviknight\n|-heal|p2a: Corviknight|100/100\n|-singleturn|p2a: Corviknight|move: Roost\n|\n|upkeep\n|turn|15\n|inactive|Time left: 300 sec this turn | 300 sec total\n|\n|t:|1783548472\n|move|p1a: Drifblim|Shadow Ball|p2a: Corviknight\n|-damage|p2a: Corviknight|67/100\n|move|p2a: Corviknight|U-turn|p1a: Drifblim\n|-resisted|p1a: Drifblim\n|-damage|p1a: Drifblim|387/398\n|\n|t:|1783548473\n|switch|p2a: Donphan|Donphan, L84, M|100/100|[from] U-turn\n|\n|upkeep\n|turn|16\n|inactive|Time left: 300 sec this turn | 300 sec total\n|\n|t:|1783548474\n|move|p1a: Drifblim|Strength Sap|p2a: Donphan\n|-unboost|p2a: Donphan|atk|1\n|-heal|p1a: Drifblim|398/398\n|move|p2a: Donphan|Ice Spinner|p1a: Drifblim\n|-supereffective|p1a: Drifblim\n|-damage|p1a: Drifblim|246/398\n|\n|upkeep\n|turn|17\n|inactive|Time left: 300 sec this turn | 300 sec total\n|\n|t:|1783548475\n|move|p1a: Drifblim|Strength Sap|p2a: Donphan\n|-unboost|p2a: Donphan|atk|1\n|-heal|p1a: Drifblim|398/398\n|move|p2a: Donphan|Ice Spinner|p1a: Drifblim\n|-supereffective|p1a: Drifblim\n|-damage|p1a: Drifblim|288/398\n|\n|upkeep\n|turn|18\n|inactive|Time left: 300 sec this turn | 300 sec total\n|\n|t:|1783548477\n|switch|p2a: Corviknight|Corviknight, L80, F|67/100\n|-ability|p2a: Corviknight|Pressure\n|move|p1a: Drifblim|Strength Sap|p2a: Corviknight\n|-unboost|p2a: Corviknight|atk|1\n|-heal|p1a: Drifblim|398/398\n|\n|-heal|p2a: Corviknight|73/100|[from] item: Leftovers\n|upkeep\n|turn|19\n|inactive|Time left: 300 sec this turn | 300 sec total\n|\n|t:|1783548478\n|move|p1a: Drifblim|Shadow Ball|p2a: Corviknight\n|-damage|p2a: Corviknight|42/100\n|-unboost|p2a: Corviknight|spd|1\n|move|p2a: Corviknight|Roost|p2a: Corviknight\n|-heal|p2a: Corviknight|92/100\n|-singleturn|p2a: Corviknight|move: Roost\n|\n|-heal|p2a: Corviknight|98/100|[from] item: Leftovers\n|upkeep\n|turn|20\n|inactive|Time left: 300 sec this turn | 300 sec total\n|\n|t:|1783548479\n|switch|p2a: Donphan|Donphan, L84, M|100/100\n|move|p1a: Drifblim|Shadow Ball|p2a: Donphan\n|-damage|p2a: Donphan|63/100\n|-unboost|p2a: Donphan|spd|1\n|\n|-heal|p2a: Donphan|69/100|[from] item: Leftovers\n|upkeep\n|turn|21\n|inactive|Time left: 300 sec this turn | 300 sec total\n|\n|t:|1783548480\n|switch|p2a: Slowking|Slowking, L88, M|100/100\n|move|p1a: Drifblim|Shadow Ball|p2a: Slowking\n|-supereffective|p2a: Slowking\n|-damage|p2a: Slowking|60/100\n|\n|upkeep\n|turn|22\n|inactive|Time left: 300 sec this turn | 300 sec total\n|\n|t:|1783548481\n|move|p1a: Drifblim|Shadow Ball|p2a: Slowking\n|-supereffective|p2a: Slowking\n|-damage|p2a: Slowking|19/100\n|-unboost|p2a: Slowking|spd|1\n|move|p2a: Slowking|Slack Off|p2a: Slowking\n|-heal|p2a: Slowking|69/100\n|\n|upkeep\n|turn|23\n|inactive|Time left: 300 sec this turn | 300 sec total\n|\n|t:|1783548482\n|switch|p2a: Corviknight|Corviknight, L80, F|98/100\n|-ability|p2a: Corviknight|Pressure\n|move|p1a: Drifblim|Shadow Ball|p2a: Corviknight\n|-damage|p2a: Corviknight|68/100\n|-unboost|p2a: Corviknight|spd|1\n|\n|-heal|p2a: Corviknight|74/100|[from] item: Leftovers\n|upkeep\n|turn|24\n|inactive|Time left: 300 sec this turn | 300 sec total\n|\n|t:|1783548484\n|move|p1a: Drifblim|Shadow Ball|p2a: Corviknight\n|-damage|p2a: Corviknight|24/100\n|move|p2a: Corviknight|Roost|p2a: Corviknight\n|-heal|p2a: Corviknight|74/100\n|-singleturn|p2a: Corviknight|move: Roost\n|\n|-heal|p2a: Corviknight|80/100|[from] item: Leftovers\n|upkeep\n|turn|25\n|inactive|Time left: 300 sec this turn | 300 sec total\n|\n|t:|1783548485\n|move|p1a: Drifblim|Shadow Ball|p2a: Corviknight\n|-damage|p2a: Corviknight|35/100\n|move|p2a: Corviknight|Roost|p2a: Corviknight\n|-heal|p2a: Corviknight|85/100\n|-singleturn|p2a: Corviknight|move: Roost\n|\n|-heal|p2a: Corviknight|91/100|[from] item: Leftovers\n|upkeep\n|turn|26\n|inactive|Time left: 300 sec this turn | 300 sec total\n|\n|t:|1783548486\n|move|p1a: Drifblim|Strength Sap|p2a: Corviknight\n|-unboost|p2a: Corviknight|atk|1\n|move|p2a: Corviknight|U-turn|p1a: Drifblim\n|-resisted|p1a: Drifblim\n|-damage|p1a: Drifblim|388/398\n|\n|t:|1783548487\n|switch|p2a: Donphan|Donphan, L84, M|69/100|[from] U-turn\n|\n|-heal|p2a: Donphan|75/100|[from] item: Leftovers\n|upkeep\n|turn|27\n|inactive|Time left: 300 sec this turn | 300 sec total\n|\n|t:|1783548488\n|move|p1a: Drifblim|Air Slash|p2a: Donphan\n|-damage|p2a: Donphan|37/100\n|cant|p2a: Donphan|flinch\n|\n|-heal|p2a: Donphan|43/100|[from] item: Leftovers\n|upkeep\n|turn|28\n|inactive|Time left: 300 sec this turn | 300 sec total\n|\n|t:|1783548489\n|move|p1a: Drifblim|Air Slash|p2a: Donphan\n|-damage|p2a: Donphan|10/100\n|move|p2a: Donphan|Ice Spinner|p1a: Drifblim\n|-supereffective|p1a: Drifblim\n|-damage|p1a: Drifblim|186/398\n|\n|-heal|p2a: Donphan|16/100|[from] item: Leftovers\n|upkeep\n|turn|29\n|inactive|Time left: 300 sec this turn | 300 sec total\n|\n|t:|1783548490\n|move|p2a: Donphan|Ice Shard|p1a: Drifblim\n|-supereffective|p1a: Drifblim\n|-damage|p1a: Drifblim|86/398\n|move|p1a: Drifblim|Air Slash|p2a: Donphan\n|-damage|p2a: Donphan|0 fnt\n|faint|p2a: Donphan\n|\n|upkeep\n|\n|t:|1783548491\n|switch|p2a: Slowking|Slowking, L88, M|100/100\n|turn|30\n|inactive|Time left: 300 sec this turn | 300 sec total\n|\n|t:|1783548492\n|move|p1a: Drifblim|Strength Sap|p2a: Slowking\n|-unboost|p2a: Slowking|atk|1\n|-heal|p1a: Drifblim|223/398\n|move|p2a: Slowking|Scald|p1a: Drifblim\n|-damage|p1a: Drifblim|100/398\n|-status|p1a: Drifblim|brn\n|\n|-damage|p1a: Drifblim|76/398 brn|[from] brn\n|upkeep\n|turn|31\n|inactive|Time left: 300 sec this turn | 300 sec total\n|\n|t:|1783548493\n|move|p1a: Drifblim|Strength Sap|p2a: Slowking\n|-unboost|p2a: Slowking|atk|1\n|-heal|p1a: Drifblim|167/398 brn\n|move|p2a: Slowking|Scald|p1a: Drifblim\n|-damage|p1a: Drifblim|44/398 brn\n|\n|-damage|p1a: Drifblim|20/398 brn|[from] brn\n|upkeep\n|turn|32\n|inactive|Time left: 300 sec this turn | 300 sec total\n|\n|t:|1783548494\n|move|p1a: Drifblim|Strength Sap|p2a: Slowking\n|-unboost|p2a: Slowking|atk|1\n|-heal|p1a: Drifblim|88/398 brn\n|move|p2a: Slowking|Scald|p1a: Drifblim\n|-damage|p1a: Drifblim|0 fnt\n|faint|p1a: Drifblim\n|\n|upkeep\n|inactive|Time left: 300 sec this turn | 300 sec total | 5 sec grace\n|\n|t:|1783548495\n|switch|p1a: Duraludon|Duraludon, L82, F|249/249\n|turn|33\n|inactive|Time left: 300 sec this turn | 300 sec total\n|\n|t:|1783548496\n|move|p1a: Duraludon|Iron Defense|p1a: Duraludon\n|-boost|p1a: Duraludon|def|2\n|-prepare|p2a: Slowking|Chilly Reception|[premajor]\n|move|p2a: Slowking|Chilly Reception|p2a: Slowking\n|-weather|Snowscape\n|\n|t:|1783548497\n|switch|p2a: Corviknight|Corviknight, L80, F|91/100|[from] Chilly Reception\n|-ability|p2a: Corviknight|Pressure\n|\n|-weather|Snowscape|[upkeep]\n|-heal|p2a: Corviknight|98/100|[from] item: Leftovers\n|upkeep\n|turn|34\n|inactive|Time left: 300 sec this turn | 300 sec total\n|\n|t:|1783548498\n|move|p1a: Duraludon|Iron Defense|p1a: Duraludon\n|-boost|p1a: Duraludon|def|2\n|move|p2a: Corviknight|Body Press|p1a: Duraludon\n|-supereffective|p1a: Duraludon\n|-damage|p1a: Duraludon|225/249\n|\n|-weather|Snowscape|[upkeep]\n|-heal|p2a: Corviknight|100/100|[from] item: Leftovers\n|upkeep\n|turn|35\n|inactive|Time left: 300 sec this turn | 300 sec total\n|\n|t:|1783548499\n|switch|p2a: Slowking|Slowking, L88, M|100/100\n|move|p1a: Duraludon|Body Press|p2a: Slowking\n|-resisted|p2a: Slowking\n|-damage|p2a: Slowking|70/100\n|\n|-weather|Snowscape|[upkeep]\n|upkeep\n|turn|36\n|inactive|Time left: 300 sec this turn | 300 sec total\n|\n|t:|1783548500\n|move|p1a: Duraludon|Body Press|p2a: Slowking\n|-resisted|p2a: Slowking\n|-damage|p2a: Slowking|38/100\n|move|p2a: Slowking|Slack Off|p2a: Slowking\n|-heal|p2a: Slowking|88/100\n|\n|-weather|Snowscape|[upkeep]\n|upkeep\n|turn|37\n|inactive|Time left: 300 sec this turn | 300 sec total\n|\n|t:|1783548501\n|move|p1a: Duraludon|Body Press|p2a: Slowking\n|-resisted|p2a: Slowking\n|-damage|p2a: Slowking|56/100\n|move|p2a: Slowking|Scald|p1a: Duraludon\n|-resisted|p1a: Duraludon\n|-damage|p1a: Duraludon|173/249\n|\n|-weather|none\n|upkeep\n|turn|38\n|inactive|Time left: 300 sec this turn | 300 sec total\n|\n|t:|1783548502\n|move|p1a: Duraludon|Body Press|p2a: Slowking\n|-resisted|p2a: Slowking\n|-damage|p2a: Slowking|25/100\n|move|p2a: Slowking|Slack Off|p2a: Slowking\n|-heal|p2a: Slowking|75/100\n|\n|upkeep\n|turn|39\n|inactive|Time left: 300 sec this turn | 300 sec total\n|\n|t:|1783548503\n|move|p1a: Duraludon|Body Press|p2a: Slowking\n|-resisted|p2a: Slowking\n|-damage|p2a: Slowking|43/100\n|move|p2a: Slowking|Scald|p1a: Duraludon\n|-resisted|p1a: Duraludon\n|-damage|p1a: Duraludon|122/249\n|\n|upkeep\n|turn|40\n|inactive|Time left: 300 sec this turn | 300 sec total\n|\n|t:|1783548504\n|move|p1a: Duraludon|Body Press|p2a: Slowking\n|-resisted|p2a: Slowking\n|-damage|p2a: Slowking|12/100\n|move|p2a: Slowking|Slack Off|p2a: Slowking\n|-heal|p2a: Slowking|62/100\n|\n|upkeep\n|turn|41\n|inactive|Time left: 300 sec this turn | 300 sec total\n|\n|t:|1783548505\n|move|p1a: Duraludon|Body Press|p2a: Slowking\n|-resisted|p2a: Slowking\n|-damage|p2a: Slowking|31/100\n|move|p2a: Slowking|Slack Off|p2a: Slowking\n|-heal|p2a: Slowking|81/100\n|\n|upkeep\n|turn|42\n|inactive|Time left: 300 sec this turn | 300 sec total\n|\n|t:|1783548507\n|move|p1a: Duraludon|Body Press|p2a: Slowking\n|-resisted|p2a: Slowking\n|-damage|p2a: Slowking|50/100\n|move|p2a: Slowking|Future Sight|p1a: Duraludon\n|-start|p2a: Slowking|move: Future Sight\n|\n|upkeep\n|turn|43\n|inactive|Time left: 300 sec this turn | 300 sec total\n|\n|t:|1783548508\n|move|p1a: Duraludon|Body Press|p2a: Slowking\n|-resisted|p2a: Slowking\n|-damage|p2a: Slowking|17/100\n|move|p2a: Slowking|Slack Off|p2a: Slowking\n|-heal|p2a: Slowking|67/100\n|\n|upkeep\n|turn|44\n|inactive|Time left: 300 sec this turn | 300 sec total\n|\n|t:|1783548509\n|move|p1a: Duraludon|Body Press|p2a: Slowking\n|-resisted|p2a: Slowking\n|-damage|p2a: Slowking|37/100\n|move|p2a: Slowking|Slack Off|p2a: Slowking\n|-heal|p2a: Slowking|87/100\n|\n|-end|p1a: Duraludon|move: Future Sight\n|-resisted|p1a: Duraludon\n|-damage|p1a: Duraludon|56/249\n|upkeep\n|turn|45\n|inactive|Time left: 300 sec this turn | 300 sec total\n|\n|t:|1783548510\n|move|p1a: Duraludon|Body Press|p2a: Slowking\n|-resisted|p2a: Slowking\n|-damage|p2a: Slowking|55/100\n|move|p2a: Slowking|Scald|p1a: Duraludon\n|-resisted|p1a: Duraludon\n|-damage|p1a: Duraludon|4/249\n|\n|upkeep\n|turn|46\n|inactive|Time left: 300 sec this turn | 300 sec total\n|\n|t:|1783548511\n|move|p1a: Duraludon|Body Press|p2a: Slowking\n|-resisted|p2a: Slowking\n|-damage|p2a: Slowking|26/100\n|move|p2a: Slowking|Scald|p1a: Duraludon\n|-resisted|p1a: Duraludon\n|-damage|p1a: Duraludon|0 fnt\n|faint|p1a: Duraludon\n|\n|upkeep\n|inactive|Time left: 300 sec this turn | 300 sec total | 5 sec grace\n|\n|t:|1783548512\n|switch|p1a: Tinkaton|Tinkaton, L82, F|274/274\n|-ability|p1a: Tinkaton|Mold Breaker\n|turn|47\n|inactive|Time left: 300 sec this turn | 300 sec total\n|\n|t:|1783548514\n|switch|p2a: Corviknight|Corviknight, L80, F|100/100\n|-ability|p2a: Corviknight|Pressure\n|move|p1a: Tinkaton|Knock Off|p2a: Corviknight\n|-damage|p2a: Corviknight|83/100\n|-enditem|p2a: Corviknight|Leftovers|[from] move: Knock Off|[of] p1a: Tinkaton\n|\n|upkeep\n|turn|48\n|inactive|Time left: 300 sec this turn | 300 sec total\n|\n|t:|1783548515\n|move|p1a: Tinkaton|Gigaton Hammer|p2a: Corviknight\n|-resisted|p2a: Corviknight\n|-damage|p2a: Corviknight|61/100\n|move|p2a: Corviknight|Body Press|p1a: Tinkaton\n|-damage|p1a: Tinkaton|214/274\n|\n|-heal|p1a: Tinkaton|231/274|[from] item: Leftovers\n|upkeep\n|turn|49\n|inactive|Time left: 300 sec this turn | 300 sec total\n|\n|t:|1783548516\n|move|p1a: Tinkaton|Knock Off|p2a: Corviknight\n|-damage|p2a: Corviknight|50/100\n|move|p2a: Corviknight|Roost|p2a: Corviknight\n|-heal|p2a: Corviknight|99/100\n|-singleturn|p2a: Corviknight|move: Roost\n|\n|-heal|p1a: Tinkaton|248/274|[from] item: Leftovers\n|upkeep\n|turn|50\n|inactive|Time left: 300 sec this turn | 300 sec total\n|\n|t:|1783548517\n|move|p1a: Tinkaton|Encore|p2a: Corviknight\n|-start|p2a: Corviknight|Encore\n|move|p2a: Corviknight|Roost|p2a: Corviknight\n|-heal|p2a: Corviknight|100/100\n|-singleturn|p2a: Corviknight|move: Roost\n|\n|-heal|p1a: Tinkaton|265/274|[from] item: Leftovers\n|-end|p2a: Corviknight|Encore\n|upkeep\n|turn|51\n|inactive|Time left: 300 sec this turn | 300 sec total\n|\n|t:|1783548518\n|move|p1a: Tinkaton|Encore||[still]\n|-fail|p1a: Tinkaton\n|move|p2a: Corviknight|Body Press|p1a: Tinkaton\n|-damage|p1a: Tinkaton|201/274\n|\n|-heal|p1a: Tinkaton|218/274|[from] item: Leftovers\n|upkeep\n|turn|52\n|inactive|Time left: 300 sec this turn | 300 sec total\n|\n|t:|1783548519\n|move|p1a: Tinkaton|Gigaton Hammer|p2a: Corviknight\n|-resisted|p2a: Corviknight\n|-damage|p2a: Corviknight|78/100\n|move|p2a: Corviknight|Body Press|p1a: Tinkaton\n|-damage|p1a: Tinkaton|152/274\n|\n|-heal|p1a: Tinkaton|169/274|[from] item: Leftovers\n|upkeep\n|turn|53\n|inactive|Time left: 300 sec this turn | 300 sec total\n|\n|t:|1783548520\n|move|p1a: Tinkaton|Knock Off|p2a: Corviknight\n|-damage|p2a: Corviknight|66/100\n|move|p2a: Corviknight|Body Press|p1a: Tinkaton\n|-damage|p1a: Tinkaton|109/274\n|\n|-heal|p1a: Tinkaton|126/274|[from] item: Leftovers\n|upkeep\n|turn|54\n|inactive|Time left: 300 sec this turn | 300 sec total\n|\n|t:|1783548521\n|move|p1a: Tinkaton|Play Rough|p2a: Corviknight\n|-resisted|p2a: Corviknight\n|-damage|p2a: Corviknight|53/100\n|move|p2a: Corviknight|Body Press|p1a: Tinkaton\n|-damage|p1a: Tinkaton|64/274\n|\n|-heal|p1a: Tinkaton|81/274|[from] item: Leftovers\n|upkeep\n|turn|55\n|inactive|Time left: 300 sec this turn | 300 sec total\n|\n|t:|1783548522\n|move|p1a: Tinkaton|Play Rough|p2a: Corviknight\n|-resisted|p2a: Corviknight\n|-damage|p2a: Corviknight|41/100\n|move|p2a: Corviknight|Body Press|p1a: Tinkaton\n|-damage|p1a: Tinkaton|21/274\n|\n|-heal|p1a: Tinkaton|38/274|[from] item: Leftovers\n|upkeep\n|turn|56\n|inactive|Time left: 300 sec this turn | 300 sec total\n|\n|t:|1783548523\n|move|p1a: Tinkaton|Play Rough|p2a: Corviknight\n|-resisted|p2a: Corviknight\n|-damage|p2a: Corviknight|28/100\n|-unboost|p2a: Corviknight|atk|1\n|move|p2a: Corviknight|Body Press|p1a: Tinkaton\n|-damage|p1a: Tinkaton|0 fnt\n|faint|p1a: Tinkaton\n|\n|win|p0y745718b", "uploadtime": 1783548523, "views": 0, "rating": 0, "private": 0, "password": null, "_winner": "p0y745718b", "_our_name": "p0x74588f3"}