{"id": "battle-gen9randombattle-2358", "formatid": "gen9randombattle", "format": "[Gen 9] Random Battle", "players": ["p0x235871f7", "p0y23586617"], "log": "|init|battle\n|title|p0x235871f7 vs. p0y23586617\n|j|\u2606p0x235871f7\n|j|\u2606p0y23586617\n|t:|1783567399\n|gametype|singles\n|player|p1|p0x235871f7|266|\n|player|p2|p0y23586617|170|\n|gen|9\n|tier|[Gen 9] Random Battle\n|rule|Species Clause: Limit one of each Pok\u00e9mon\n|rule|HP Percentage Mod: HP is shown in percentages\n|rule|Sleep Clause Mod: Limit one foe put to sleep\n|rule|Illusion Level Mod: Illusion disguises the Pok\u00e9mon's true level\n|\n|t:|1783567399\n|teamsize|p1|6\n|teamsize|p2|6\n|start\n|switch|p1a: Luxray|Luxray, L88, F|284/284\n|switch|p2a: Thundurus|Thundurus-Therian, L80, M|100/100\n|-ability|p1a: Luxray|Intimidate|boost\n|-unboost|p2a: Thundurus|atk|1\n|turn|1\n|inactive|Battle timer is ON: inactive players will automatically lose when time's up. (requested by p0y23586617)\n|inactive|Time left: 300 sec this turn | 300 sec total | 60 sec grace\n|inactive|p0x235871f7 also wants the timer to be on.\n|\n|t:|1783567401\n|move|p2a: Thundurus|Nasty Plot|p2a: Thundurus\n|-boost|p2a: Thundurus|spa|2\n|move|p1a: Luxray|Play Rough|p2a: Thundurus\n|-damage|p2a: Thundurus|61/100\n|\n|upkeep\n|turn|2\n|inactive|Time left: 300 sec this turn | 300 sec total\n|\n|t:|1783567402\n|move|p2a: Thundurus|Tera Blast|p1a: Luxray\n|-damage|p1a: Luxray|188/284\n|move|p1a: Luxray|Play Rough|p2a: Thundurus\n|-damage|p2a: Thundurus|23/100\n|\n|upkeep\n|turn|3\n|inactive|Time left: 300 sec this turn | 300 sec total\n|\n|t:|1783567403\n|move|p2a: Thundurus|Thunderbolt|p1a: Luxray\n|-resisted|p1a: Luxray\n|-damage|p1a: Luxray|104/284\n|move|p1a: Luxray|Throat Chop|p2a: Thundurus\n|-damage|p2a: Thundurus|0 fnt\n|faint|p2a: Thundurus\n|\n|upkeep\n|\n|t:|1783567404\n|switch|p2a: Froslass|Froslass, L87, F|100/100\n|turn|4\n|inactive|Time left: 300 sec this turn | 300 sec total\n|\n|t:|1783567405\n|switch|p1a: Wyrdeer|Wyrdeer, L87, M|321/321\n|-ability|p1a: Wyrdeer|Intimidate|boost\n|-unboost|p2a: Froslass|atk|1\n|move|p2a: Froslass|Triple Axel|p1a: Wyrdeer\n|-damage|p1a: Wyrdeer|306/321\n|-damage|p1a: Wyrdeer|275/321\n|-damage|p1a: Wyrdeer|226/321\n|-hitcount|p1a: Wyrdeer|3\n|\n|upkeep\n|turn|5\n|inactive|Time left: 300 sec this turn | 300 sec total\n|\n|t:|1783567406\n|switch|p1a: Iron Bundle|Iron Bundle, L78|215/215\n|move|p2a: Froslass|Will-O-Wisp|p1a: Iron Bundle\n|-status|p1a: Iron Bundle|brn\n|\n|-damage|p1a: Iron Bundle|202/215 brn|[from] brn\n|upkeep\n|turn|6\n|inactive|Time left: 300 sec this turn | 300 sec total\n|\n|t:|1783567408\n|switch|p2a: Hatterene|Hatterene, L85, F|100/100\n|move|p1a: Iron Bundle|Ice Beam|p2a: Hatterene\n|-damage|p2a: Hatterene|60/100\n|\n|-damage|p1a: Iron Bundle|189/215 brn|[from] brn\n|upkeep\n|turn|7\n|inactive|Time left: 300 sec this turn | 300 sec total\n|\n|t:|1783567409\n|-end|p1a: Iron Bundle|Quark Drive|[silent]\n|switch|p1a: Wyrdeer|Wyrdeer, L87, M|226/321\n|-ability|p1a: Wyrdeer|Intimidate|boost\n|-unboost|p2a: Hatterene|atk|1\n|move|p2a: Hatterene|Draining Kiss|p1a: Wyrdeer\n|-damage|p1a: Wyrdeer|177/321\n|-heal|p2a: Hatterene|75/100|[from] drain|[of] p1a: Wyrdeer\n|\n|upkeep\n|turn|8\n|inactive|Time left: 300 sec this turn | 300 sec total\n|\n|t:|1783567410\n|switch|p2a: Froslass|Froslass, L87, F|100/100\n|move|p1a: Wyrdeer|Body Slam|p2a: Froslass\n|-immune|p2a: Froslass\n|\n|upkeep\n|turn|9\n|inactive|Time left: 300 sec this turn | 300 sec total\n|\n|t:|1783567411\n|move|p2a: Froslass|Triple Axel|p1a: Wyrdeer\n|-damage|p1a: Wyrdeer|155/321\n|-damage|p1a: Wyrdeer|113/321\n|-damage|p1a: Wyrdeer|43/321\n|-hitcount|p1a: Wyrdeer|3\n|move|p1a: Wyrdeer|Psychic Noise|p2a: Froslass\n|-damage|p2a: Froslass|59/100\n|-start|p2a: Froslass|move: Heal Block\n|\n|upkeep\n|turn|10\n|inactive|Time left: 300 sec this turn | 300 sec total\n|\n|t:|1783567412\n|move|p2a: Froslass|Triple Axel|p1a: Wyrdeer\n|-damage|p1a: Wyrdeer|21/321\n|-damage|p1a: Wyrdeer|0 fnt\n|faint|p1a: Wyrdeer\n|-hitcount|p1: Wyrdeer|2\n|\n|-end|p2a: Froslass|move: Heal Block\n|upkeep\n|inactive|Time left: 300 sec this turn | 300 sec total | 5 sec grace\n|\n|t:|1783567413\n|switch|p1a: Iron Bundle|Iron Bundle, L78|189/215 brn\n|turn|11\n|inactive|Time left: 300 sec this turn | 300 sec total\n|\n|t:|1783567414\n|move|p1a: Iron Bundle|Hydro Pump|p2a: Froslass|[miss]\n|-miss|p1a: Iron Bundle|p2a: Froslass\n|move|p2a: Froslass|Poltergeist|p1a: Iron Bundle\n|-activate|p1a: Iron Bundle|move: Poltergeist|Choice Specs\n|-damage|p1a: Iron Bundle|99/215 brn\n|\n|-damage|p1a: Iron Bundle|86/215 brn|[from] brn\n|upkeep\n|turn|12\n|inactive|Time left: 300 sec this turn | 300 sec total\n|\n|t:|1783567415\n|switch|p2a: Miraidon|Miraidon, L65|100/100\n|-fieldstart|move: Electric Terrain|[from] ability: Hadron Engine|[of] p2a: Miraidon\n|-activate|p1a: Iron Bundle|ability: Quark Drive\n|-start|p1a: Iron Bundle|quarkdrivespe\n|move|p1a: Iron Bundle|Hydro Pump|p2a: Miraidon\n|-resisted|p2a: Miraidon\n|-damage|p2a: Miraidon|58/100\n|\n|-damage|p1a: Iron Bundle|73/215 brn|[from] brn\n|upkeep\n|turn|13\n|inactive|Time left: 300 sec this turn | 300 sec total\n|\n|t:|1783567416\n|move|p1a: Iron Bundle|Hydro Pump|p2a: Miraidon\n|-resisted|p2a: Miraidon\n|-damage|p2a: Miraidon|21/100\n|move|p2a: Miraidon|Electro Drift|p1a: Iron Bundle\n|-supereffective|p1a: Iron Bundle\n|-damage|p1a: Iron Bundle|0 fnt\n|faint|p1a: Iron Bundle\n|-end|p1a: Iron Bundle|Quark Drive|[silent]\n|\n|upkeep\n|inactive|Time left: 300 sec this turn | 300 sec total | 5 sec grace\n|\n|t:|1783567417\n|switch|p1a: Sneasler|Sneasler, L74, F|240/240\n|turn|14\n|inactive|Time left: 300 sec this turn | 300 sec total\n|\n|t:|1783567418\n|move|p1a: Sneasler|Dire Claw|p2a: Miraidon\n|-damage|p2a: Miraidon|0 fnt\n|faint|p2a: Miraidon\n|\n|upkeep\n|\n|t:|1783567419\n|switch|p2a: Gothitelle|Gothitelle, L90, M|100/100\n|turn|15\n|inactive|Time left: 300 sec this turn | 300 sec total\n|\n|t:|1783567420\n|move|p2a: Gothitelle|Psychic|p1a: Sneasler\n|-supereffective|p1a: Sneasler\n|-damage|p1a: Sneasler|0 fnt\n|faint|p1a: Sneasler\n|\n|upkeep\n|inactive|Time left: 300 sec this turn | 300 sec total | 5 sec grace\n|\n|t:|1783567420\n|switch|p1a: Krookodile|Krookodile, L79, M|280/280\n|-ability|p1a: Krookodile|Intimidate|boost\n|-unboost|p2a: Gothitelle|atk|1\n|turn|16\n|inactive|Time left: 300 sec this turn | 300 sec total\n|\n|t:|1783567421\n|switch|p2a: Cinderace|Cinderace, L77, F|100/100\n|move|p1a: Krookodile|Earthquake|p2a: Cinderace\n|-supereffective|p2a: Cinderace\n|-damage|p2a: Cinderace|0 fnt\n|faint|p2a: Cinderace\n|-damage|p1a: Krookodile|252/280|[from] item: Life Orb\n|\n|-fieldend|move: Electric Terrain\n|upkeep\n|\n|t:|1783567422\n|switch|p2a: Froslass|Froslass, L87, F|59/100\n|turn|17\n|inactive|Time left: 300 sec this turn | 300 sec total\n|\n|t:|1783567423\n|switch|p1a: Luxray|Luxray, L88, F|104/284\n|-ability|p1a: Luxray|Intimidate|boost\n|-unboost|p2a: Froslass|atk|1\n|move|p2a: Froslass|Triple Axel|p1a: Luxray\n|-damage|p1a: Luxray|89/284\n|-damage|p1a: Luxray|61/284\n|-damage|p1a: Luxray|21/284\n|-hitcount|p1a: Luxray|3\n|\n|upkeep\n|turn|18\n|inactive|Time left: 300 sec this turn | 300 sec total\n|\n|t:|1783567424\n|move|p2a: Froslass|Triple Axel|p1a: Luxray\n|-damage|p1a: Luxray|8/284\n|-damage|p1a: Luxray|0 fnt\n|faint|p1a: Luxray\n|-hitcount|p1: Luxray|2\n|\n|upkeep\n|inactive|Time left: 300 sec this turn | 300 sec total | 5 sec grace\n|\n|t:|1783567424\n|switch|p1a: Dunsparce|Dunsparce, L86, F|312/312\n|turn|19\n|inactive|Time left: 300 sec this turn | 300 sec total\n|\n|t:|1783567425\n|move|p2a: Froslass|Will-O-Wisp|p1a: Dunsparce|[miss]\n|-miss|p2a: Froslass|p1a: Dunsparce\n|move|p1a: Dunsparce|Coil|p1a: Dunsparce\n|-boost|p1a: Dunsparce|atk|1\n|-boost|p1a: Dunsparce|def|1\n|-boost|p1a: Dunsparce|accuracy|1\n|\n|upkeep\n|turn|20\n|inactive|Time left: 300 sec this turn | 300 sec total\n|\n|t:|1783567426\n|move|p2a: Froslass|Will-O-Wisp|p1a: Dunsparce\n|-status|p1a: Dunsparce|brn\n|move|p1a: Dunsparce|Coil|p1a: Dunsparce\n|-boost|p1a: Dunsparce|atk|1\n|-boost|p1a: Dunsparce|def|1\n|-boost|p1a: Dunsparce|accuracy|1\n|\n|-damage|p1a: Dunsparce|293/312 brn|[from] brn\n|upkeep\n|turn|21\n|inactive|Time left: 300 sec this turn | 300 sec total\n|\n|t:|1783567427\n|switch|p2a: Gothitelle|Gothitelle, L90, M|100/100\n|move|p1a: Dunsparce|Coil|p1a: Dunsparce\n|-boost|p1a: Dunsparce|atk|1\n|-boost|p1a: Dunsparce|def|1\n|-boost|p1a: Dunsparce|accuracy|1\n|\n|-damage|p1a: Dunsparce|274/312 brn|[from] brn\n|upkeep\n|turn|22\n|inactive|Time left: 300 sec this turn | 300 sec total\n|\n|t:|1783567428\n|move|p2a: Gothitelle|Psychic|p1a: Dunsparce\n|-damage|p1a: Dunsparce|177/312 brn\n|move|p1a: Dunsparce|Body Slam|p2a: Gothitelle\n|-damage|p2a: Gothitelle|71/100\n|-status|p2a: Gothitelle|par\n|\n|-damage|p1a: Dunsparce|158/312 brn|[from] brn\n|upkeep\n|turn|23\n|inactive|Time left: 300 sec this turn | 300 sec total\n|\n|t:|1783567428\n|move|p1a: Dunsparce|Roost|p1a: Dunsparce\n|-heal|p1a: Dunsparce|312/312 brn\n|-singleturn|p1a: Dunsparce|move: Roost\n|move|p2a: Gothitelle|Psychic|p1a: Dunsparce\n|-damage|p1a: Dunsparce|227/312 brn\n|\n|-damage|p1a: Dunsparce|208/312 brn|[from] brn\n|upkeep\n|turn|24\n|inactive|Time left: 300 sec this turn | 300 sec total\n|\n|t:|1783567430\n|move|p1a: Dunsparce|Roost|p1a: Dunsparce\n|-heal|p1a: Dunsparce|312/312 brn\n|-singleturn|p1a: Dunsparce|move: Roost\n|move|p2a: Gothitelle|Psychic|p1a: Dunsparce\n|-damage|p1a: Dunsparce|221/312 brn\n|\n|-damage|p1a: Dunsparce|202/312 brn|[from] brn\n|upkeep\n|turn|25\n|inactive|Time left: 300 sec this turn | 300 sec total\n|\n|t:|1783567431\n|move|p1a: Dunsparce|Body Slam|p2a: Gothitelle\n|-damage|p2a: Gothitelle|43/100 par\n|move|p2a: Gothitelle|Psychic|p1a: Dunsparce\n|-damage|p1a: Dunsparce|111/312 brn\n|-unboost|p1a: Dunsparce|spd|1\n|\n|-damage|p1a: Dunsparce|92/312 brn|[from] brn\n|upkeep\n|turn|26\n|inactive|Time left: 300 sec this turn | 300 sec total\n|\n|t:|1783567432\n|move|p1a: Dunsparce|Roost|p1a: Dunsparce\n|-heal|p1a: Dunsparce|248/312 brn\n|-singleturn|p1a: Dunsparce|move: Roost\n|move|p2a: Gothitelle|Psychic|p1a: Dunsparce\n|-damage|p1a: Dunsparce|115/312 brn\n|\n|-damage|p1a: Dunsparce|96/312 brn|[from] brn\n|upkeep\n|turn|27\n|inactive|Time left: 300 sec this turn | 300 sec total\n|\n|t:|1783567433\n|move|p1a: Dunsparce|Roost|p1a: Dunsparce\n|-heal|p1a: Dunsparce|252/312 brn\n|-singleturn|p1a: Dunsparce|move: Roost\n|cant|p2a: Gothitelle|par\n|\n|-damage|p1a: Dunsparce|233/312 brn|[from] brn\n|upkeep\n|turn|28\n|inactive|Time left: 300 sec this turn | 300 sec total\n|\n|t:|1783567434\n|move|p1a: Dunsparce|Body Slam|p2a: Gothitelle\n|-damage|p2a: Gothitelle|13/100 par\n|move|p2a: Gothitelle|Psychic|p1a: Dunsparce\n|-damage|p1a: Dunsparce|110/312 brn\n|\n|-damage|p1a: Dunsparce|91/312 brn|[from] brn\n|upkeep\n|turn|29\n|inactive|Time left: 300 sec this turn | 300 sec total\n|\n|t:|1783567435\n|move|p1a: Dunsparce|Roost|p1a: Dunsparce\n|-heal|p1a: Dunsparce|247/312 brn\n|-singleturn|p1a: Dunsparce|move: Roost\n|move|p2a: Gothitelle|Psychic|p1a: Dunsparce\n|-damage|p1a: Dunsparce|112/312 brn\n|\n|-damage|p1a: Dunsparce|93/312 brn|[from] brn\n|upkeep\n|turn|30\n|inactive|Time left: 300 sec this turn | 300 sec total\n|\n|t:|1783567436\n|move|p1a: Dunsparce|Roost|p1a: Dunsparce\n|-heal|p1a: Dunsparce|249/312 brn\n|-singleturn|p1a: Dunsparce|move: Roost\n|move|p2a: Gothitelle|Psychic|p1a: Dunsparce\n|-damage|p1a: Dunsparce|128/312 brn\n|\n|-damage|p1a: Dunsparce|109/312 brn|[from] brn\n|upkeep\n|turn|31\n|inactive|Time left: 300 sec this turn | 300 sec total\n|\n|t:|1783567437\n|move|p1a: Dunsparce|Roost|p1a: Dunsparce\n|-heal|p1a: Dunsparce|265/312 brn\n|-singleturn|p1a: Dunsparce|move: Roost\n|move|p2a: Gothitelle|Psychic|p1a: Dunsparce\n|-damage|p1a: Dunsparce|127/312 brn\n|\n|-damage|p1a: Dunsparce|108/312 brn|[from] brn\n|upkeep\n|turn|32\n|inactive|Time left: 300 sec this turn | 300 sec total\n|\n|t:|1783567438\n|move|p1a: Dunsparce|Roost|p1a: Dunsparce\n|-heal|p1a: Dunsparce|264/312 brn\n|-singleturn|p1a: Dunsparce|move: Roost\n|cant|p2a: Gothitelle|par\n|\n|-damage|p1a: Dunsparce|245/312 brn|[from] brn\n|upkeep\n|turn|33\n|inactive|Time left: 300 sec this turn | 300 sec total\n|\n|t:|1783567439\n|move|p1a: Dunsparce|Body Slam|p2a: Gothitelle\n|-damage|p2a: Gothitelle|0 fnt\n|faint|p2a: Gothitelle\n|\n|-damage|p1a: Dunsparce|226/312 brn|[from] brn\n|upkeep\n|\n|t:|1783567440\n|switch|p2a: Hatterene|Hatterene, L85, F|75/100\n|turn|34\n|inactive|Time left: 300 sec this turn | 300 sec total\n|\n|t:|1783567441\n|move|p1a: Dunsparce|Body Slam|p2a: Hatterene\n|-damage|p2a: Hatterene|41/100\n|move|p2a: Hatterene|Draining Kiss|p1a: Dunsparce\n|-damage|p1a: Dunsparce|129/312 brn\n|-heal|p2a: Hatterene|72/100|[from] drain|[of] p1a: Dunsparce\n|\n|-damage|p1a: Dunsparce|110/312 brn|[from] brn\n|upkeep\n|turn|35\n|inactive|Time left: 300 sec this turn | 300 sec total\n|\n|t:|1783567442\n|move|p1a: Dunsparce|Body Slam|p2a: Hatterene\n|-damage|p2a: Hatterene|35/100\n|move|p2a: Hatterene|Draining Kiss|p1a: Dunsparce\n|-damage|p1a: Dunsparce|25/312 brn\n|-heal|p2a: Hatterene|62/100|[from] drain|[of] p1a: Dunsparce\n|\n|-damage|p1a: Dunsparce|6/312 brn|[from] brn\n|upkeep\n|turn|36\n|inactive|Time left: 300 sec this turn | 300 sec total\n|\n|t:|1783567443\n|switch|p2a: Froslass|Froslass, L87, F|59/100\n|move|p1a: Dunsparce|Earthquake|p2a: Froslass\n|-damage|p2a: Froslass|28/100\n|\n|-damage|p1a: Dunsparce|0 fnt|[from] brn\n|faint|p1a: Dunsparce\n|upkeep\n|inactive|Time left: 300 sec this turn | 300 sec total | 5 sec grace\n|\n|t:|1783567445\n|switch|p1a: Krookodile|Krookodile, L79, M|252/280\n|-ability|p1a: Krookodile|Intimidate|boost\n|-unboost|p2a: Froslass|atk|1\n|turn|37\n|inactive|Time left: 300 sec this turn | 300 sec total\n|\n|t:|1783567445\n|-terastallize|p1a: Krookodile|Ground\n|move|p2a: Froslass|Will-O-Wisp|p1a: Krookodile\n|-status|p1a: Krookodile|brn\n|move|p1a: Krookodile|Earthquake|p2a: Froslass\n|-damage|p2a: Froslass|0 fnt\n|faint|p2a: Froslass\n|-damage|p1a: Krookodile|224/280 brn|[from] item: Life Orb\n|\n|-damage|p1a: Krookodile|207/280 brn|[from] brn\n|upkeep\n|\n|t:|1783567446\n|switch|p2a: Hatterene|Hatterene, L85, F|62/100\n|turn|38\n|inactive|Time left: 300 sec this turn | 300 sec total\n|\n|t:|1783567447\n|move|p1a: Krookodile|Earthquake|p2a: Hatterene\n|-damage|p2a: Hatterene|24/100\n|-damage|p1a: Krookodile|179/280 brn|[from] item: Life Orb\n|move|p2a: Hatterene|Draining Kiss|p1a: Krookodile\n|-damage|p1a: Krookodile|86/280 brn\n|-heal|p2a: Hatterene|53/100|[from] drain|[of] p1a: Krookodile\n|\n|-damage|p1a: Krookodile|69/280 brn|[from] brn\n|upkeep\n|turn|39\n|inactive|Time left: 300 sec this turn | 300 sec total\n|\n|t:|1783567448\n|move|p1a: Krookodile|Earthquake|p2a: Hatterene\n|-damage|p2a: Hatterene|13/100\n|-damage|p1a: Krookodile|41/280 brn|[from] item: Life Orb\n|move|p2a: Hatterene|Draining Kiss|p1a: Krookodile\n|-damage|p1a: Krookodile|0 fnt\n|-heal|p2a: Hatterene|26/100|[from] drain|[of] p1a: Krookodile\n|faint|p1a: Krookodile\n|\n|win|p0y23586617", "uploadtime": 1783567448, "views": 0, "rating": 0, "private": 0, "password": null, "_winner": "p0y23586617", "_our_name": "p0x235871f7"}