{"id": "battle-gen9randombattle-71", "formatid": "gen9randombattle", "format": "[Gen 9] Random Battle", "players": ["p0x071891f", "p0y071ffa5"], "log": "|init|battle\n|title|p0x071891f vs. p0y071ffa5\n|j|\u2606p0x071891f\n|j|\u2606p0y071ffa5\n|t:|1783540014\n|gametype|singles\n|player|p1|p0x071891f|102|\n|player|p2|p0y071ffa5|2|\n|gen|9\n|tier|[Gen 9] Random Battle\n|rule|Species Clause: Limit one of each Pok\u00e9mon\n|rule|HP Percentage Mod: HP is shown in percentages\n|rule|Sleep Clause Mod: Limit one foe put to sleep\n|rule|Illusion Level Mod: Illusion disguises the Pok\u00e9mon's true level\n|\n|t:|1783540014\n|teamsize|p1|6\n|teamsize|p2|6\n|start\n|switch|p1a: Garganacl|Garganacl, L80, M|291/291\n|switch|p2a: Oricorio|Oricorio-Pa'u, L87, M|100/100\n|turn|1\n|inactive|Battle timer is ON: inactive players will automatically lose when time's up. (requested by p0y071ffa5)\n|inactive|Time left: 300 sec this turn | 300 sec total | 60 sec grace\n|inactive|p0x071891f also wants the timer to be on.\n|\n|t:|1783540016\n|move|p2a: Oricorio|Quiver Dance|p2a: Oricorio\n|-boost|p2a: Oricorio|spa|1\n|-boost|p2a: Oricorio|spd|1\n|-boost|p2a: Oricorio|spe|1\n|move|p1a: Garganacl|Salt Cure|p2a: Oricorio\n|-supereffective|p2a: Oricorio\n|-damage|p2a: Oricorio|69/100\n|-start|p2a: Oricorio|Salt Cure\n|\n|-damage|p2a: Oricorio|56/100|[from] Salt Cure\n|upkeep\n|turn|2\n|inactive|Time left: 300 sec this turn | 300 sec total\n|\n|t:|1783540017\n|move|p2a: Oricorio|Roost|p2a: Oricorio\n|-heal|p2a: Oricorio|100/100\n|-singleturn|p2a: Oricorio|move: Roost\n|move|p1a: Garganacl|Salt Cure|p2a: Oricorio\n|-damage|p2a: Oricorio|85/100\n|\n|-damage|p2a: Oricorio|72/100|[from] Salt Cure\n|upkeep\n|turn|3\n|inactive|Time left: 300 sec this turn | 300 sec total\n|\n|t:|1783540018\n|move|p2a: Oricorio|Quiver Dance|p2a: Oricorio\n|-boost|p2a: Oricorio|spa|1\n|-boost|p2a: Oricorio|spd|1\n|-boost|p2a: Oricorio|spe|1\n|move|p1a: Garganacl|Salt Cure|p2a: Oricorio\n|-supereffective|p2a: Oricorio\n|-damage|p2a: Oricorio|38/100\n|\n|-damage|p2a: Oricorio|26/100|[from] Salt Cure\n|upkeep\n|turn|4\n|inactive|Time left: 300 sec this turn | 300 sec total\n|\n|t:|1783540019\n|switch|p1a: Quagsire|Quagsire, L84, M|297/297\n|move|p2a: Oricorio|Roost|p2a: Oricorio\n|-heal|p2a: Oricorio|76/100\n|-singleturn|p2a: Oricorio|move: Roost\n|\n|-damage|p2a: Oricorio|63/100|[from] Salt Cure\n|upkeep\n|turn|5\n|inactive|Time left: 300 sec this turn | 300 sec total\n|\n|t:|1783540020\n|move|p2a: Oricorio|Hurricane|p1a: Quagsire|[miss]\n|-miss|p2a: Oricorio|p1a: Quagsire\n|move|p1a: Quagsire|Ice Beam|p2a: Oricorio\n|-supereffective|p2a: Oricorio\n|-damage|p2a: Oricorio|26/100\n|\n|-damage|p2a: Oricorio|13/100|[from] Salt Cure\n|upkeep\n|turn|6\n|inactive|Time left: 300 sec this turn | 300 sec total\n|\n|t:|1783540021\n|move|p2a: Oricorio|Roost|p2a: Oricorio\n|-heal|p2a: Oricorio|63/100\n|-singleturn|p2a: Oricorio|move: Roost\n|move|p1a: Quagsire|Toxic|p2a: Oricorio\n|-status|p2a: Oricorio|tox\n|\n|-damage|p2a: Oricorio|57/100 tox|[from] psn\n|-damage|p2a: Oricorio|45/100 tox|[from] Salt Cure\n|upkeep\n|turn|7\n|inactive|Time left: 300 sec this turn | 300 sec total\n|\n|t:|1783540022\n|move|p2a: Oricorio|Roost|p2a: Oricorio\n|-heal|p2a: Oricorio|95/100 tox\n|-singleturn|p2a: Oricorio|move: Roost\n|move|p1a: Quagsire|Ice Beam|p2a: Oricorio\n|-damage|p2a: Oricorio|74/100 tox\n|\n|-damage|p2a: Oricorio|62/100 tox|[from] psn\n|-damage|p2a: Oricorio|49/100 tox|[from] Salt Cure\n|upkeep\n|turn|8\n|inactive|Time left: 300 sec this turn | 300 sec total\n|\n|t:|1783540023\n|move|p2a: Oricorio|Roost|p2a: Oricorio\n|-heal|p2a: Oricorio|99/100 tox\n|-singleturn|p2a: Oricorio|move: Roost\n|move|p1a: Quagsire|Ice Beam|p2a: Oricorio\n|-damage|p2a: Oricorio|79/100 tox\n|\n|-damage|p2a: Oricorio|60/100 tox|[from] psn\n|-damage|p2a: Oricorio|48/100 tox|[from] Salt Cure\n|upkeep\n|turn|9\n|inactive|Time left: 300 sec this turn | 300 sec total\n|\n|t:|1783540024\n|move|p2a: Oricorio|Roost|p2a: Oricorio\n|-heal|p2a: Oricorio|98/100 tox\n|-singleturn|p2a: Oricorio|move: Roost\n|move|p1a: Quagsire|Earthquake|p2a: Oricorio\n|-damage|p2a: Oricorio|60/100 tox\n|\n|-damage|p2a: Oricorio|35/100 tox|[from] psn\n|-damage|p2a: Oricorio|22/100 tox|[from] Salt Cure\n|upkeep\n|turn|10\n|inactive|Time left: 300 sec this turn | 300 sec total\n|\n|t:|1783540025\n|move|p2a: Oricorio|Roost|p2a: Oricorio\n|-heal|p2a: Oricorio|72/100 tox\n|-singleturn|p2a: Oricorio|move: Roost\n|move|p1a: Quagsire|Toxic|p2a: Oricorio\n|-fail|p2a: Oricorio|tox\n|\n|-damage|p2a: Oricorio|41/100 tox|[from] psn\n|-damage|p2a: Oricorio|28/100 tox|[from] Salt Cure\n|upkeep\n|turn|11\n|inactive|Time left: 300 sec this turn | 300 sec total\n|\n|t:|1783540026\n|move|p2a: Oricorio|Revelation Dance|p1a: Quagsire\n|-damage|p1a: Quagsire|180/297\n|move|p1a: Quagsire|Recover|p1a: Quagsire\n|-heal|p1a: Quagsire|297/297\n|\n|-damage|p2a: Oricorio|0 fnt|[from] psn\n|faint|p2a: Oricorio\n|upkeep\n|\n|t:|1783540027\n|switch|p2a: Medicham|Medicham, L86, M|100/100\n|turn|12\n|inactive|Time left: 300 sec this turn | 300 sec total\n|\n|t:|1783540028\n|move|p2a: Medicham|Close Combat|p1a: Quagsire\n|-damage|p1a: Quagsire|11/297\n|-unboost|p2a: Medicham|def|1\n|-unboost|p2a: Medicham|spd|1\n|move|p1a: Quagsire|Toxic|p2a: Medicham\n|-status|p2a: Medicham|tox\n|\n|-heal|p1a: Quagsire|29/297|[from] item: Leftovers\n|-damage|p2a: Medicham|94/100 tox|[from] psn\n|upkeep\n|turn|13\n|inactive|Time left: 300 sec this turn | 300 sec total\n|\n|t:|1783540029\n|move|p2a: Medicham|Close Combat|p1a: Quagsire\n|-damage|p1a: Quagsire|0 fnt\n|-unboost|p2a: Medicham|def|1\n|-unboost|p2a: Medicham|spd|1\n|faint|p1a: Quagsire\n|\n|-damage|p2a: Medicham|82/100 tox|[from] psn\n|upkeep\n|inactive|Time left: 300 sec this turn | 300 sec total | 5 sec grace\n|\n|t:|1783540030\n|switch|p1a: Revavroom|Revavroom, L79, M|256/256\n|turn|14\n|inactive|Time left: 300 sec this turn | 300 sec total\n|\n|t:|1783540031\n|switch|p2a: Qwilfish|Qwilfish, L86, M|100/100\n|-ability|p2a: Qwilfish|Intimidate|boost\n|-unboost|p1a: Revavroom|atk|1\n|move|p1a: Revavroom|Gunk Shot|p2a: Qwilfish|[miss]\n|-miss|p1a: Revavroom|p2a: Qwilfish\n|\n|upkeep\n|turn|15\n|inactive|Time left: 300 sec this turn | 300 sec total\n|\n|t:|1783540032\n|move|p2a: Qwilfish|Waterfall|p1a: Revavroom\n|-damage|p1a: Revavroom|166/256\n|move|p1a: Revavroom|Shift Gear|p1a: Revavroom\n|-boost|p1a: Revavroom|spe|2\n|-boost|p1a: Revavroom|atk|1\n|\n|upkeep\n|turn|16\n|inactive|Time left: 300 sec this turn | 300 sec total\n|\n|t:|1783540033\n|switch|p2a: Dondozo|Dondozo, L78, M|100/100\n|move|p1a: Revavroom|Shift Gear|p1a: Revavroom\n|-boost|p1a: Revavroom|spe|2\n|-boost|p1a: Revavroom|atk|1\n|\n|upkeep\n|turn|17\n|inactive|Time left: 300 sec this turn | 300 sec total\n|\n|t:|1783540034\n|move|p1a: Revavroom|Gunk Shot|p2a: Dondozo\n|-damage|p2a: Dondozo|61/100\n|-damage|p1a: Revavroom|141/256|[from] item: Life Orb\n|move|p2a: Dondozo|Wave Crash|p1a: Revavroom\n|-damage|p1a: Revavroom|32/256\n|-damage|p2a: Dondozo|51/100|[from] Recoil\n|\n|-heal|p2a: Dondozo|57/100|[from] item: Leftovers\n|upkeep\n|turn|18\n|inactive|Time left: 300 sec this turn | 300 sec total\n|\n|t:|1783540035\n|move|p1a: Revavroom|Shift Gear|p1a: Revavroom\n|-boost|p1a: Revavroom|spe|2\n|-boost|p1a: Revavroom|atk|1\n|move|p2a: Dondozo|Wave Crash|p1a: Revavroom\n|-damage|p1a: Revavroom|0 fnt\n|faint|p1a: Revavroom\n|-damage|p2a: Dondozo|54/100|[from] Recoil\n|\n|-heal|p2a: Dondozo|60/100|[from] item: Leftovers\n|upkeep\n|inactive|Time left: 300 sec this turn | 300 sec total | 5 sec grace\n|\n|t:|1783540036\n|switch|p1a: Kyogre|Kyogre, L71|259/259\n|-weather|RainDance|[from] ability: Drizzle|[of] p1a: Kyogre\n|turn|19\n|inactive|Time left: 300 sec this turn | 300 sec total\n|\n|t:|1783540037\n|switch|p2a: Toxicroak|Toxicroak, L84, F|100/100\n|move|p1a: Kyogre|Thunder|p2a: Toxicroak\n|-crit|p2a: Toxicroak\n|-damage|p2a: Toxicroak|46/100\n|\n|-weather|RainDance|[upkeep]\n|-heal|p2a: Toxicroak|58/100|[from] ability: Dry Skin\n|upkeep\n|turn|20\n|inactive|Time left: 300 sec this turn | 300 sec total\n|\n|t:|1783540038\n|move|p2a: Toxicroak|Close Combat|p1a: Kyogre\n|-damage|p1a: Kyogre|28/259\n|-unboost|p2a: Toxicroak|def|1\n|-unboost|p2a: Toxicroak|spd|1\n|move|p1a: Kyogre|Thunder|p2a: Toxicroak\n|-damage|p2a: Toxicroak|6/100\n|-status|p2a: Toxicroak|par\n|\n|-weather|RainDance|[upkeep]\n|-heal|p2a: Toxicroak|18/100 par|[from] ability: Dry Skin\n|-heal|p1a: Kyogre|44/259|[from] item: Leftovers\n|upkeep\n|turn|21\n|inactive|Time left: 300 sec this turn | 300 sec total\n|\n|t:|1783540039\n|move|p1a: Kyogre|Thunder|p2a: Toxicroak\n|-crit|p2a: Toxicroak\n|-damage|p2a: Toxicroak|0 fnt\n|faint|p2a: Toxicroak\n|\n|-weather|RainDance|[upkeep]\n|-heal|p1a: Kyogre|60/259|[from] item: Leftovers\n|upkeep\n|\n|t:|1783540041\n|switch|p2a: Medicham|Medicham, L86, M|82/100 tox\n|turn|22\n|inactive|Time left: 300 sec this turn | 300 sec total\n|\n|t:|1783540042\n|switch|p1a: Raging Bolt|Raging Bolt, L78|323/323\n|move|p2a: Medicham|Close Combat|p1a: Raging Bolt\n|-damage|p1a: Raging Bolt|22/323\n|-unboost|p2a: Medicham|def|1\n|-unboost|p2a: Medicham|spd|1\n|\n|-weather|RainDance|[upkeep]\n|-damage|p2a: Medicham|76/100 tox|[from] psn\n|upkeep\n|turn|23\n|inactive|Time left: 300 sec this turn | 300 sec total\n|\n|t:|1783540043\n|-terastallize|p1a: Raging Bolt|Electric\n|move|p1a: Raging Bolt|Thunderclap|p2a: Medicham\n|-damage|p2a: Medicham|0 fnt\n|faint|p2a: Medicham\n|\n|-weather|none\n|upkeep\n|\n|t:|1783540044\n|switch|p2a: Diancie|Diancie, L82|100/100\n|turn|24\n|inactive|Time left: 300 sec this turn | 300 sec total\n|\n|t:|1783540045\n|move|p1a: Raging Bolt|Discharge|p2a: Diancie\n|-damage|p2a: Diancie|75/100\n|move|p2a: Diancie|Diamond Storm|p1a: Raging Bolt\n|-damage|p1a: Raging Bolt|0 fnt\n|faint|p1a: Raging Bolt\n|-end|p1a: Raging Bolt|Protosynthesis|[silent]\n|\n|upkeep\n|inactive|Time left: 300 sec this turn | 300 sec total | 5 sec grace\n|\n|t:|1783540046\n|switch|p1a: Kyogre|Kyogre, L71|60/259\n|-weather|RainDance|[from] ability: Drizzle|[of] p1a: Kyogre\n|turn|25\n|inactive|Time left: 300 sec this turn | 300 sec total\n|\n|t:|1783540047\n|-terastallize|p2a: Diancie|Fighting\n|move|p1a: Kyogre|Origin Pulse|p2a: Diancie|[miss]\n|-miss|p1a: Kyogre|p2a: Diancie\n|move|p2a: Diancie|Diamond Storm|p1a: Kyogre\n|-damage|p1a: Kyogre|0 fnt\n|-boost|p2a: Diancie|def|2\n|faint|p1a: Kyogre\n|\n|-weather|RainDance|[upkeep]\n|upkeep\n|inactive|Time left: 300 sec this turn | 300 sec total | 5 sec grace\n|\n|t:|1783540048\n|switch|p1a: Blissey|Blissey, L85, F|572/572\n|turn|26\n|inactive|Time left: 300 sec this turn | 300 sec total\n|\n|t:|1783540049\n|move|p1a: Blissey|Thunder Wave|p2a: Diancie\n|-status|p2a: Diancie|par\n|move|p2a: Diancie|Body Press|p1a: Blissey\n|-supereffective|p1a: Blissey\n|-damage|p1a: Blissey|0 fnt\n|faint|p1a: Blissey\n|\n|-weather|RainDance|[upkeep]\n|upkeep\n|inactive|Time left: 300 sec this turn | 300 sec total | 5 sec grace\n|\n|t:|1783540050\n|switch|p1a: Garganacl|Garganacl, L80, M|291/291\n|turn|27\n|inactive|Time left: 300 sec this turn | 300 sec total\n|\n|t:|1783540051\n|move|p1a: Garganacl|Iron Defense|p1a: Garganacl\n|-boost|p1a: Garganacl|def|2\n|move|p2a: Diancie|Body Press|p1a: Garganacl\n|-supereffective|p1a: Garganacl\n|-damage|p1a: Garganacl|111/291\n|\n|-weather|RainDance|[upkeep]\n|-heal|p1a: Garganacl|129/291|[from] item: Leftovers\n|upkeep\n|turn|28\n|inactive|Time left: 300 sec this turn | 300 sec total\n|\n|t:|1783540052\n|move|p1a: Garganacl|Recover|p1a: Garganacl\n|-heal|p1a: Garganacl|275/291\n|move|p2a: Diancie|Body Press|p1a: Garganacl\n|-supereffective|p1a: Garganacl\n|-crit|p1a: Garganacl\n|-damage|p1a: Garganacl|0 fnt\n|faint|p1a: Garganacl\n|\n|win|p0y071ffa5", "uploadtime": 1783540052, "views": 0, "rating": 0, "private": 0, "password": null, "_winner": "p0y071ffa5", "_our_name": "p0x071891f"}