{"id": "battle-gen9randombattle-1172", "formatid": "gen9randombattle", "format": "[Gen 9] Random Battle", "players": ["p0x1172f53f", "p0y11723d36"], "log": "|init|battle\n|title|p0x1172f53f vs. p0y11723d36\n|j|\u2606p0x1172f53f\n|j|\u2606p0y11723d36\n|t:|1783552696\n|gametype|singles\n|player|p1|p0x1172f53f|1|\n|player|p2|p0y11723d36|266|\n|gen|9\n|tier|[Gen 9] Random Battle\n|rule|Species Clause: Limit one of each Pok\u00e9mon\n|rule|HP Percentage Mod: HP is shown in percentages\n|rule|Sleep Clause Mod: Limit one foe put to sleep\n|rule|Illusion Level Mod: Illusion disguises the Pok\u00e9mon's true level\n|\n|t:|1783552696\n|teamsize|p1|6\n|teamsize|p2|6\n|start\n|switch|p1a: Duraludon|Duraludon, L82, M|100/100\n|switch|p2a: Zebstrika|Zebstrika, L87, F|272/272\n|turn|1\n|inactive|Battle timer is ON: inactive players will automatically lose when time's up. (requested by p0x1172f53f)\n|inactive|Time left: 300 sec this turn | 300 sec total | 60 sec grace\n|inactive|p0y11723d36 also wants the timer to be on.\n|\n|t:|1783552697\n|move|p2a: Zebstrika|Volt Switch|p1a: Duraludon\n|-resisted|p1a: Duraludon\n|-damage|p1a: Duraludon|81/100\n|-damage|p2a: Zebstrika|245/272|[from] item: Life Orb\n|inactive|Time left: 300 sec this turn | 300 sec total | 65 sec grace\n|\n|t:|1783552699\n|switch|p2a: Swalot|Swalot, L90, F|326/326|[from] Volt Switch\n|move|p1a: Duraludon|Stealth Rock|p2a: Swalot\n|-sidestart|p2: p0y11723d36|move: Stealth Rock\n|\n|upkeep\n|turn|2\n|inactive|Time left: 300 sec this turn | 300 sec total\n|\n|t:|1783552700\n|move|p1a: Duraludon|Flash Cannon|p2a: Swalot\n|-damage|p2a: Swalot|229/326\n|move|p2a: Swalot|Swords Dance|p2a: Swalot\n|-boost|p2a: Swalot|atk|2\n|\n|-heal|p2a: Swalot|249/326|[from] item: Leftovers\n|upkeep\n|turn|3\n|inactive|Time left: 300 sec this turn | 300 sec total\n|\n|t:|1783552701\n|move|p1a: Duraludon|Flash Cannon|p2a: Swalot\n|-damage|p2a: Swalot|164/326\n|-unboost|p2a: Swalot|spd|1\n|move|p2a: Swalot|Earthquake|p1a: Duraludon\n|-supereffective|p1a: Duraludon\n|-damage|p1a: Duraludon|19/100\n|\n|-heal|p2a: Swalot|184/326|[from] item: Leftovers\n|upkeep\n|turn|4\n|inactive|Time left: 300 sec this turn | 300 sec total\n|\n|t:|1783552703\n|move|p1a: Duraludon|Draco Meteor|p2a: Swalot\n|-damage|p2a: Swalot|0 fnt\n|-unboost|p1a: Duraludon|spa|2\n|faint|p2a: Swalot\n|\n|upkeep\n|inactive|Time left: 300 sec this turn | 300 sec total | 5 sec grace\n|\n|t:|1783552704\n|switch|p2a: Revavroom|Revavroom, L79, M|256/256\n|-damage|p2a: Revavroom|240/256|[from] Stealth Rock\n|turn|5\n|inactive|Time left: 300 sec this turn | 300 sec total\n|\n|t:|1783552705\n|switch|p1a: Sableye|Sableye, L88, F|100/100\n|move|p2a: Revavroom|Shift Gear|p2a: Revavroom\n|-boost|p2a: Revavroom|spe|2\n|-boost|p2a: Revavroom|atk|1\n|\n|upkeep\n|turn|6\n|inactive|Time left: 300 sec this turn | 300 sec total\n|\n|t:|1783552706\n|move|p1a: Sableye|Encore|p2a: Revavroom\n|-start|p2a: Revavroom|Encore\n|move|p2a: Revavroom|Shift Gear|p2a: Revavroom\n|-boost|p2a: Revavroom|spe|2\n|-boost|p2a: Revavroom|atk|1\n|\n|upkeep\n|turn|7\n|inactive|Time left: 300 sec this turn | 300 sec total\n|\n|t:|1783552707\n|move|p1a: Sableye|Will-O-Wisp|p2a: Revavroom\n|-status|p2a: Revavroom|brn\n|move|p2a: Revavroom|Shift Gear|p2a: Revavroom\n|-boost|p2a: Revavroom|spe|2\n|-boost|p2a: Revavroom|atk|1\n|\n|-damage|p2a: Revavroom|224/256 brn|[from] brn\n|upkeep\n|turn|8\n|inactive|Time left: 300 sec this turn | 300 sec total\n|\n|t:|1783552708\n|move|p2a: Revavroom|Shift Gear|p2a: Revavroom\n|-boost|p2a: Revavroom|spe|0\n|-boost|p2a: Revavroom|atk|1\n|move|p1a: Sableye|Knock Off|p2a: Revavroom\n|-damage|p2a: Revavroom|127/256 brn\n|-enditem|p2a: Revavroom|Life Orb|[from] move: Knock Off|[of] p1a: Sableye\n|\n|-damage|p2a: Revavroom|111/256 brn|[from] brn\n|-end|p2a: Revavroom|Encore\n|upkeep\n|turn|9\n|inactive|Time left: 300 sec this turn | 300 sec total\n|\n|t:|1783552709\n|move|p1a: Sableye|Encore|p2a: Revavroom\n|-start|p2a: Revavroom|Encore\n|move|p2a: Revavroom|Shift Gear|p2a: Revavroom\n|-boost|p2a: Revavroom|spe|0\n|-boost|p2a: Revavroom|atk|1\n|\n|-damage|p2a: Revavroom|95/256 brn|[from] brn\n|upkeep\n|turn|10\n|inactive|Time left: 300 sec this turn | 300 sec total\n|\n|t:|1783552710\n|move|p2a: Revavroom|Shift Gear|p2a: Revavroom\n|-boost|p2a: Revavroom|spe|0\n|-boost|p2a: Revavroom|atk|1\n|move|p1a: Sableye|Knock Off|p2a: Revavroom\n|-damage|p2a: Revavroom|31/256 brn\n|\n|-damage|p2a: Revavroom|15/256 brn|[from] brn\n|upkeep\n|turn|11\n|inactive|Time left: 300 sec this turn | 300 sec total\n|\n|t:|1783552710\n|switch|p2a: Salamence|Salamence, L77, M|273/273\n|-ability|p2a: Salamence|Intimidate|boost\n|-unboost|p1a: Sableye|atk|1\n|move|p1a: Sableye|Knock Off|p2a: Salamence\n|-damage|p2a: Salamence|198/273\n|-enditem|p2a: Salamence|Heavy-Duty Boots|[from] move: Knock Off|[of] p1a: Sableye\n|\n|upkeep\n|turn|12\n|inactive|Time left: 300 sec this turn | 300 sec total\n|\n|t:|1783552711\n|switch|p1a: Florges|Florges-Yellow, L85, F|100/100\n|move|p2a: Salamence|Dragon Dance|p2a: Salamence\n|-boost|p2a: Salamence|atk|1\n|-boost|p2a: Salamence|spe|1\n|\n|upkeep\n|turn|13\n|inactive|Time left: 300 sec this turn | 300 sec total\n|\n|t:|1783552712\n|-terastallize|p2a: Salamence|Steel\n|move|p2a: Salamence|Dual Wingbeat|p1a: Florges\n|-damage|p1a: Florges|68/100\n|-damage|p1a: Florges|36/100\n|-hitcount|p1a: Florges|2\n|move|p1a: Florges|Moonblast|p2a: Salamence\n|-resisted|p2a: Salamence\n|-damage|p2a: Salamence|128/273\n|\n|-heal|p1a: Florges|41/100|[from] item: Leftovers\n|upkeep\n|turn|14\n|inactive|Time left: 300 sec this turn | 300 sec total\n|\n|t:|1783552713\n|switch|p1a: Ampharos|Ampharos, L88, M|100/100\n|move|p2a: Salamence|Dual Wingbeat|p1a: Ampharos\n|-resisted|p1a: Ampharos\n|-damage|p1a: Ampharos|88/100\n|-resisted|p1a: Ampharos\n|-damage|p1a: Ampharos|77/100\n|-hitcount|p1a: Ampharos|2\n|\n|upkeep\n|turn|15\n|inactive|Time left: 300 sec this turn | 300 sec total\n|\n|t:|1783552714\n|move|p2a: Salamence|Roost|p2a: Salamence\n|-heal|p2a: Salamence|265/273\n|move|p1a: Ampharos|Thunderbolt|p2a: Salamence\n|-damage|p2a: Salamence|73/273\n|-status|p2a: Salamence|par\n|-damage|p1a: Ampharos|67/100|[from] item: Life Orb\n|\n|upkeep\n|turn|16\n|inactive|Time left: 300 sec this turn | 300 sec total\n|\n|t:|1783552715\n|move|p2a: Salamence|Outrage|p1a: Ampharos\n|-damage|p1a: Ampharos|0 fnt\n|faint|p1a: Ampharos\n|\n|upkeep\n|\n|t:|1783552716\n|switch|p1a: Florges|Florges-Yellow, L85, F|41/100\n|turn|17\n|inactive|Time left: 300 sec this turn | 300 sec total\n|\n|t:|1783552717\n|move|p1a: Florges|Calm Mind|p1a: Florges\n|-boost|p1a: Florges|spa|1\n|-boost|p1a: Florges|spd|1\n|move|p2a: Salamence|Outrage|p1a: Florges|[from] lockedmove\n|-immune|p1a: Florges\n|\n|-heal|p1a: Florges|47/100|[from] item: Leftovers\n|upkeep\n|turn|18\n|inactive|Time left: 300 sec this turn | 300 sec total\n|\n|t:|1783552717\n|move|p1a: Florges|Calm Mind|p1a: Florges\n|-boost|p1a: Florges|spa|1\n|-boost|p1a: Florges|spd|1\n|move|p2a: Salamence|Dual Wingbeat|p1a: Florges\n|-damage|p1a: Florges|14/100\n|-damage|p1a: Florges|0 fnt\n|faint|p1a: Florges\n|-hitcount|p1: Florges|2\n|\n|upkeep\n|\n|t:|1783552718\n|switch|p1a: Toedscruel|Toedscruel, L87, M|100/100\n|turn|19\n|inactive|Time left: 300 sec this turn | 300 sec total\n|\n|t:|1783552719\n|move|p1a: Toedscruel|Earth Power|p2a: Salamence\n|-supereffective|p2a: Salamence\n|-damage|p2a: Salamence|0 fnt\n|faint|p2a: Salamence\n|\n|upkeep\n|inactive|Time left: 300 sec this turn | 300 sec total | 5 sec grace\n|\n|t:|1783552720\n|switch|p2a: Glaceon|Glaceon, L94, M|275/275\n|turn|20\n|inactive|Time left: 300 sec this turn | 300 sec total\n|\n|t:|1783552721\n|move|p2a: Glaceon|Freeze-Dry|p1a: Toedscruel\n|-supereffective|p1a: Toedscruel\n|-damage|p1a: Toedscruel|0 fnt\n|faint|p1a: Toedscruel\n|\n|upkeep\n|\n|t:|1783552722\n|switch|p1a: Duraludon|Duraludon, L82, M|19/100\n|turn|21\n|inactive|Time left: 300 sec this turn | 300 sec total\n|\n|t:|1783552723\n|move|p1a: Duraludon|Flash Cannon|p2a: Glaceon\n|-supereffective|p2a: Glaceon\n|-damage|p2a: Glaceon|119/275\n|move|p2a: Glaceon|Freeze-Dry|p1a: Duraludon\n|-damage|p1a: Duraludon|0 fnt\n|faint|p1a: Duraludon\n|\n|upkeep\n|\n|t:|1783552724\n|switch|p1a: Pikachu|Pikachu-Partner, L93, F|100/100\n|turn|22\n|inactive|Time left: 300 sec this turn | 300 sec total\n|\n|t:|1783552725\n|switch|p2a: Stantler|Stantler, L92, F|284/284\n|-damage|p2a: Stantler|249/284|[from] Stealth Rock\n|-ability|p2a: Stantler|Intimidate|boost\n|-unboost|p1a: Pikachu|atk|1\n|move|p1a: Pikachu|Volt Tackle|p2a: Stantler\n|-damage|p2a: Stantler|143/284\n|-damage|p1a: Pikachu|84/100|[from] Recoil\n|\n|upkeep\n|turn|23\n|inactive|Time left: 300 sec this turn | 300 sec total\n|\n|t:|1783552727\n|-terastallize|p1a: Pikachu|Water\n|move|p1a: Pikachu|Surf|p2a: Stantler\n|-damage|p2a: Stantler|37/284\n|move|p2a: Stantler|Earthquake|p1a: Pikachu\n|-damage|p1a: Pikachu|27/100\n|\n|upkeep\n|turn|24\n|inactive|Time left: 300 sec this turn | 300 sec total\n|\n|t:|1783552728\n|switch|p2a: Revavroom|Revavroom, L79, M|15/256 brn\n|-damage|p2a: Revavroom|0 fnt|[from] Stealth Rock\n|faint|p2a: Revavroom\n|move|p1a: Pikachu|Surf|p2: Revavroom|[notarget]\n|-fail|p1a: Pikachu\n|\n|upkeep\n|inactive|Time left: 300 sec this turn | 300 sec total | 5 sec grace\n|\n|t:|1783552729\n|switch|p2a: Zebstrika|Zebstrika, L87, F|245/272\n|-damage|p2a: Zebstrika|211/272|[from] Stealth Rock\n|turn|25\n|inactive|Time left: 300 sec this turn | 300 sec total\n|\n|t:|1783552730\n|switch|p1a: Sableye|Sableye, L88, F|100/100\n|move|p2a: Zebstrika|High Horsepower|p1a: Sableye\n|-damage|p1a: Sableye|55/100\n|-damage|p2a: Zebstrika|184/272|[from] item: Life Orb\n|\n|-heal|p1a: Sableye|61/100|[from] item: Leftovers\n|upkeep\n|turn|26\n|inactive|Time left: 300 sec this turn | 300 sec total\n|\n|t:|1783552731\n|move|p1a: Sableye|Will-O-Wisp|p2a: Zebstrika\n|-status|p2a: Zebstrika|brn\n|move|p2a: Zebstrika|Supercell Slam|p1a: Sableye\n|-damage|p1a: Sableye|26/100\n|-damage|p2a: Zebstrika|157/272 brn|[from] item: Life Orb\n|\n|-heal|p1a: Sableye|32/100|[from] item: Leftovers\n|-damage|p2a: Zebstrika|140/272 brn|[from] brn\n|upkeep\n|turn|27\n|inactive|Time left: 300 sec this turn | 300 sec total\n|\n|t:|1783552732\n|move|p1a: Sableye|Recover|p1a: Sableye\n|-heal|p1a: Sableye|82/100\n|move|p2a: Zebstrika|Volt Switch|p1a: Sableye\n|-damage|p1a: Sableye|36/100\n|-damage|p2a: Zebstrika|113/272 brn|[from] item: Life Orb\n|inactive|Time left: 300 sec this turn | 300 sec total | 5 sec grace\n|\n|t:|1783552733\n|switch|p2a: Glaceon|Glaceon, L94, M|119/275|[from] Volt Switch\n|\n|-heal|p1a: Sableye|42/100|[from] item: Leftovers\n|upkeep\n|turn|28\n|inactive|Time left: 300 sec this turn | 300 sec total\n|\n|t:|1783552734\n|move|p1a: Sableye|Recover|p1a: Sableye\n|-heal|p1a: Sableye|92/100\n|move|p2a: Glaceon|Freeze-Dry|p1a: Sableye\n|-damage|p1a: Sableye|31/100\n|\n|-heal|p1a: Sableye|37/100|[from] item: Leftovers\n|upkeep\n|turn|29\n|inactive|Time left: 300 sec this turn | 300 sec total\n|\n|t:|1783552735\n|move|p1a: Sableye|Recover|p1a: Sableye\n|-heal|p1a: Sableye|88/100\n|move|p2a: Glaceon|Freeze-Dry|p1a: Sableye\n|-damage|p1a: Sableye|26/100\n|-status|p1a: Sableye|frz\n|\n|-heal|p1a: Sableye|32/100 frz|[from] item: Leftovers\n|upkeep\n|turn|30\n|inactive|Time left: 300 sec this turn | 300 sec total\n|\n|t:|1783552736\n|cant|p1a: Sableye|frz\n|move|p2a: Glaceon|Freeze-Dry|p1a: Sableye\n|-damage|p1a: Sableye|0 fnt\n|faint|p1a: Sableye\n|\n|upkeep\n|\n|t:|1783552737\n|switch|p1a: Pikachu|Pikachu-Partner, L93, F, tera:Water|27/100\n|turn|31\n|inactive|Time left: 300 sec this turn | 300 sec total\n|\n|t:|1783552738\n|switch|p2a: Stantler|Stantler, L92, F|37/284\n|-damage|p2a: Stantler|2/284|[from] Stealth Rock\n|-ability|p2a: Stantler|Intimidate|boost\n|-unboost|p1a: Pikachu|atk|1\n|move|p1a: Pikachu|Play Rough|p2a: Stantler\n|-damage|p2a: Stantler|0 fnt\n|faint|p2a: Stantler\n|\n|upkeep\n|inactive|Time left: 300 sec this turn | 300 sec total | 5 sec grace\n|\n|t:|1783552739\n|switch|p2a: Glaceon|Glaceon, L94, M|119/275\n|turn|32\n|inactive|Time left: 300 sec this turn | 300 sec total\n|\n|t:|1783552740\n|move|p1a: Pikachu|Surf|p2a: Glaceon\n|-damage|p2a: Glaceon|0 fnt\n|faint|p2a: Glaceon\n|\n|upkeep\n|inactive|Time left: 300 sec this turn | 300 sec total | 5 sec grace\n|\n|t:|1783552741\n|switch|p2a: Zebstrika|Zebstrika, L87, F|113/272 brn\n|-damage|p2a: Zebstrika|79/272 brn|[from] Stealth Rock\n|turn|33\n|inactive|Time left: 300 sec this turn | 300 sec total\n|\n|t:|1783552741\n|move|p2a: Zebstrika|High Horsepower|p1a: Pikachu\n|-damage|p1a: Pikachu|0 fnt\n|faint|p1a: Pikachu\n|-damage|p2a: Zebstrika|52/272 brn|[from] item: Life Orb\n|\n|win|p0y11723d36", "uploadtime": 1783552741, "views": 0, "rating": 0, "private": 0, "password": null, "_winner": "p0y11723d36", "_our_name": "p0y11723d36"}