{"id": "battle-gen9randombattle-981", "formatid": "gen9randombattle", "format": "[Gen 9] Random Battle", "players": ["p0x9819920", "p0y9814d0d"], "log": "|init|battle\n|title|p0x9819920 vs. p0y9814d0d\n|j|\u2606p0x9819920\n|j|\u2606p0y9814d0d\n|t:|1783550540\n|gametype|singles\n|player|p1|p0x9819920|1|\n|player|p2|p0y9814d0d|265|\n|gen|9\n|tier|[Gen 9] Random Battle\n|rule|Species Clause: Limit one of each Pok\u00e9mon\n|rule|HP Percentage Mod: HP is shown in percentages\n|rule|Sleep Clause Mod: Limit one foe put to sleep\n|rule|Illusion Level Mod: Illusion disguises the Pok\u00e9mon's true level\n|\n|t:|1783550540\n|teamsize|p1|6\n|teamsize|p2|6\n|start\n|switch|p1a: Arceus|Arceus-Grass, L73|296/296\n|switch|p2a: Ninetales|Ninetales-Alola, L78, M|100/100\n|-weather|Snowscape|[from] ability: Snow Warning|[of] p2a: Ninetales\n|turn|1\n|inactive|Battle timer is ON: inactive players will automatically lose when time's up. (requested by p0y9814d0d)\n|inactive|Time left: 300 sec this turn | 300 sec total | 60 sec grace\n|inactive|p0x9819920 also wants the timer to be on.\n|\n|t:|1783550541\n|move|p1a: Arceus|Judgment|p2a: Ninetales\n|-damage|p2a: Ninetales|54/100\n|move|p2a: Ninetales|Aurora Veil|p2a: Ninetales\n|-sidestart|p2: p0y9814d0d|move: Aurora Veil\n|\n|-weather|Snowscape|[upkeep]\n|upkeep\n|turn|2\n|inactive|Time left: 300 sec this turn | 300 sec total\n|\n|t:|1783550542\n|move|p1a: Arceus|Calm Mind|p1a: Arceus\n|-boost|p1a: Arceus|spa|1\n|-boost|p1a: Arceus|spd|1\n|move|p2a: Ninetales|Moonblast|p1a: Arceus\n|-damage|p1a: Arceus|250/296\n|-unboost|p1a: Arceus|spa|1\n|\n|-weather|Snowscape|[upkeep]\n|upkeep\n|turn|3\n|inactive|Time left: 300 sec this turn | 300 sec total\n|\n|t:|1783550543\n|move|p1a: Arceus|Calm Mind|p1a: Arceus\n|-boost|p1a: Arceus|spa|1\n|-boost|p1a: Arceus|spd|1\n|move|p2a: Ninetales|Blizzard|p1a: Arceus\n|-supereffective|p1a: Arceus\n|-crit|p1a: Arceus\n|-damage|p1a: Arceus|0 fnt\n|faint|p1a: Arceus\n|\n|-weather|Snowscape|[upkeep]\n|upkeep\n|inactive|Time left: 300 sec this turn | 300 sec total | 5 sec grace\n|\n|t:|1783550544\n|switch|p1a: Flareon|Flareon, L90, F|263/263\n|turn|4\n|inactive|Time left: 300 sec this turn | 300 sec total\n|\n|t:|1783550545\n|switch|p2a: Urshifu|Urshifu-Rapid-Strike, L75, F|100/100\n|move|p1a: Flareon|Flare Blitz|p2a: Urshifu\n|-resisted|p2a: Urshifu\n|-damage|p2a: Urshifu|82/100\n|-damage|p1a: Flareon|246/263|[from] Recoil\n|\n|-weather|Snowscape|[upkeep]\n|-status|p1a: Flareon|tox|[from] item: Toxic Orb\n|upkeep\n|turn|5\n|inactive|Time left: 300 sec this turn | 300 sec total\n|\n|t:|1783550547\n|switch|p1a: Necrozma|Necrozma-Dusk-Mane, L69|248/248\n|move|p2a: Urshifu|Surging Strikes|p1a: Necrozma\n|-crit|p1a: Necrozma\n|-damage|p1a: Necrozma|200/248\n|-crit|p1a: Necrozma\n|-damage|p1a: Necrozma|148/248\n|-crit|p1a: Necrozma\n|-damage|p1a: Necrozma|97/248\n|-hitcount|p1a: Necrozma|3\n|-damage|p2a: Urshifu|72/100|[from] item: Life Orb\n|\n|-weather|none\n|upkeep\n|turn|6\n|inactive|Time left: 300 sec this turn | 300 sec total\n|\n|t:|1783550548\n|move|p2a: Urshifu|Surging Strikes|p1a: Necrozma\n|-crit|p1a: Necrozma\n|-damage|p1a: Necrozma|45/248\n|-crit|p1a: Necrozma\n|-damage|p1a: Necrozma|0 fnt\n|faint|p1a: Necrozma\n|-hitcount|p1: Necrozma|2\n|-damage|p2a: Urshifu|63/100|[from] item: Life Orb\n|\n|upkeep\n|inactive|Time left: 300 sec this turn | 300 sec total | 5 sec grace\n|\n|t:|1783550549\n|switch|p1a: Illumise|Illumise, L91, F|266/266\n|turn|7\n|inactive|Time left: 300 sec this turn | 300 sec total\n|\n|t:|1783550550\n|move|p1a: Illumise|Thunder Wave|p2a: Urshifu\n|-status|p2a: Urshifu|par\n|move|p2a: Urshifu|Swords Dance|p2a: Urshifu\n|-boost|p2a: Urshifu|atk|2\n|\n|upkeep\n|turn|8\n|inactive|Time left: 300 sec this turn | 300 sec total\n|\n|t:|1783550551\n|move|p1a: Illumise|Encore|p2a: Urshifu\n|-start|p2a: Urshifu|Encore\n|move|p2a: Urshifu|Swords Dance|p2a: Urshifu\n|-boost|p2a: Urshifu|atk|2\n|\n|-sideend|p2: p0y9814d0d|move: Aurora Veil\n|upkeep\n|turn|9\n|inactive|Time left: 300 sec this turn | 300 sec total\n|\n|t:|1783550552\n|switch|p1a: Cinccino|Cinccino, L83, F|260/260\n|switch|p2a: Ninetales|Ninetales-Alola, L78, M|54/100\n|-weather|Snowscape|[from] ability: Snow Warning|[of] p2a: Ninetales\n|\n|-weather|Snowscape|[upkeep]\n|upkeep\n|turn|10\n|inactive|Time left: 300 sec this turn | 300 sec total\n|\n|t:|1783550553\n|-terastallize|p2a: Ninetales|Steel\n|move|p1a: Cinccino|Tail Slap|p2a: Ninetales\n|-resisted|p2a: Ninetales\n|-damage|p2a: Ninetales|46/100\n|-resisted|p2a: Ninetales\n|-crit|p2a: Ninetales\n|-damage|p2a: Ninetales|31/100\n|-resisted|p2a: Ninetales\n|-damage|p2a: Ninetales|23/100\n|-resisted|p2a: Ninetales\n|-damage|p2a: Ninetales|13/100\n|-hitcount|p2a: Ninetales|4\n|move|p2a: Ninetales|Aurora Veil|p2a: Ninetales\n|-sidestart|p2: p0y9814d0d|move: Aurora Veil\n|\n|-weather|Snowscape|[upkeep]\n|upkeep\n|turn|11\n|inactive|Time left: 300 sec this turn | 300 sec total\n|\n|t:|1783550554\n|switch|p2a: Bisharp|Bisharp, L79, F|100/100\n|move|p1a: Cinccino|Tail Slap|p2a: Bisharp\n|-resisted|p2a: Bisharp\n|-damage|p2a: Bisharp|98/100\n|-resisted|p2a: Bisharp\n|-damage|p2a: Bisharp|95/100\n|-resisted|p2a: Bisharp\n|-damage|p2a: Bisharp|93/100\n|-resisted|p2a: Bisharp\n|-damage|p2a: Bisharp|90/100\n|-resisted|p2a: Bisharp\n|-damage|p2a: Bisharp|88/100\n|-hitcount|p2a: Bisharp|5\n|\n|-weather|Snowscape|[upkeep]\n|upkeep\n|turn|12\n|inactive|Time left: 300 sec this turn | 300 sec total\n|\n|t:|1783550556\n|move|p1a: Cinccino|U-turn|p2a: Bisharp\n|-damage|p2a: Bisharp|81/100\n|inactive|Time left: 300 sec this turn | 300 sec total | 5 sec grace\n|\n|t:|1783550557\n|switch|p1a: Illumise|Illumise, L91, F|266/266|[from] U-turn\n|move|p2a: Bisharp|Swords Dance|p2a: Bisharp\n|-boost|p2a: Bisharp|atk|2\n|\n|-weather|Snowscape|[upkeep]\n|upkeep\n|turn|13\n|inactive|Time left: 300 sec this turn | 300 sec total\n|\n|t:|1783550558\n|switch|p1a: Flareon|Flareon, L90, F|246/263 tox\n|move|p2a: Bisharp|Throat Chop|p1a: Flareon\n|-damage|p1a: Flareon|24/263 tox\n|-start|p1a: Flareon|Throat Chop|[silent]\n|\n|-weather|none\n|-damage|p1a: Flareon|8/263 tox|[from] psn\n|upkeep\n|turn|14\n|inactive|Time left: 300 sec this turn | 300 sec total\n|\n|t:|1783550559\n|move|p2a: Bisharp|Sucker Punch|p1a: Flareon\n|-damage|p1a: Flareon|0 fnt\n|faint|p1a: Flareon\n|\n|upkeep\n|inactive|Time left: 300 sec this turn | 300 sec total | 5 sec grace\n|\n|t:|1783550560\n|switch|p1a: Golurk|Golurk, L87|297/297\n|turn|15\n|inactive|Time left: 300 sec this turn | 300 sec total\n|\n|t:|1783550561\n|-terastallize|p1a: Golurk|Ground\n|move|p2a: Bisharp|Iron Head|p1a: Golurk\n|-damage|p1a: Golurk|117/297\n|move|p1a: Golurk|Earthquake|p2a: Bisharp\n|-supereffective|p2a: Bisharp\n|-damage|p2a: Bisharp|10/100\n|-damage|p1a: Golurk|88/297|[from] item: Life Orb\n|\n|upkeep\n|turn|16\n|inactive|Time left: 300 sec this turn | 300 sec total\n|\n|t:|1783550563\n|move|p2a: Bisharp|Iron Head|p1a: Golurk\n|-damage|p1a: Golurk|0 fnt\n|faint|p1a: Golurk\n|\n|upkeep\n|inactive|Time left: 300 sec this turn | 300 sec total | 5 sec grace\n|\n|t:|1783550564\n|switch|p1a: Illumise|Illumise, L91, F|266/266\n|turn|17\n|inactive|Time left: 300 sec this turn | 300 sec total\n|\n|t:|1783550565\n|move|p1a: Illumise|Bug Buzz|p2a: Bisharp\n|-damage|p2a: Bisharp|0 fnt\n|faint|p2a: Bisharp\n|\n|-sideend|p2: p0y9814d0d|move: Aurora Veil\n|upkeep\n|\n|t:|1783550566\n|switch|p2a: Ninetales|Ninetales-Alola, L78, M, tera:Steel|13/100\n|-weather|Snowscape|[from] ability: Snow Warning|[of] p2a: Ninetales\n|turn|18\n|inactive|Time left: 300 sec this turn | 300 sec total\n|\n|t:|1783550567\n|move|p1a: Illumise|Thunder Wave|p2a: Ninetales\n|-status|p2a: Ninetales|par\n|move|p2a: Ninetales|Aurora Veil|p2a: Ninetales\n|-sidestart|p2: p0y9814d0d|move: Aurora Veil\n|\n|-weather|Snowscape|[upkeep]\n|upkeep\n|turn|19\n|inactive|Time left: 300 sec this turn | 300 sec total\n|\n|t:|1783550568\n|move|p1a: Illumise|Encore|p2a: Ninetales\n|-start|p2a: Ninetales|Encore\n|move|p2a: Ninetales|Aurora Veil||[still]\n|-fail|p2a: Ninetales\n|\n|-weather|Snowscape|[upkeep]\n|upkeep\n|turn|20\n|inactive|Time left: 300 sec this turn | 300 sec total\n|\n|t:|1783550569\n|switch|p2a: Piloswine|Piloswine, L85, M|100/100\n|move|p1a: Illumise|Thunder Wave|p2a: Piloswine\n|-immune|p2a: Piloswine\n|\n|-weather|Snowscape|[upkeep]\n|upkeep\n|turn|21\n|inactive|Time left: 300 sec this turn | 300 sec total\n|\n|t:|1783550570\n|move|p1a: Illumise|Bug Buzz|p2a: Piloswine\n|-damage|p2a: Piloswine|88/100\n|move|p2a: Piloswine|Icicle Crash|p1a: Illumise\n|-damage|p1a: Illumise|173/266\n|\n|-weather|Snowscape|[upkeep]\n|upkeep\n|turn|22\n|inactive|Time left: 300 sec this turn | 300 sec total\n|\n|t:|1783550571\n|move|p1a: Illumise|Roost|p1a: Illumise\n|-heal|p1a: Illumise|266/266\n|-singleturn|p1a: Illumise|move: Roost\n|move|p2a: Piloswine|Icicle Crash|p1a: Illumise\n|-damage|p1a: Illumise|166/266\n|\n|-weather|none\n|upkeep\n|turn|23\n|inactive|Time left: 300 sec this turn | 300 sec total\n|\n|t:|1783550572\n|move|p1a: Illumise|Roost|p1a: Illumise\n|-heal|p1a: Illumise|266/266\n|-singleturn|p1a: Illumise|move: Roost\n|move|p2a: Piloswine|Icicle Crash|p1a: Illumise\n|-damage|p1a: Illumise|157/266\n|\n|upkeep\n|turn|24\n|inactive|Time left: 300 sec this turn | 300 sec total\n|\n|t:|1783550573\n|move|p1a: Illumise|Roost|p1a: Illumise\n|-heal|p1a: Illumise|266/266\n|-singleturn|p1a: Illumise|move: Roost\n|move|p2a: Piloswine|Icicle Crash|p1a: Illumise\n|-damage|p1a: Illumise|158/266\n|\n|upkeep\n|turn|25\n|inactive|Time left: 300 sec this turn | 300 sec total\n|\n|t:|1783550574\n|move|p1a: Illumise|Roost|p1a: Illumise\n|-heal|p1a: Illumise|266/266\n|-singleturn|p1a: Illumise|move: Roost\n|move|p2a: Piloswine|Icicle Crash|p1a: Illumise\n|-damage|p1a: Illumise|169/266\n|\n|-sideend|p2: p0y9814d0d|move: Aurora Veil\n|upkeep\n|turn|26\n|inactive|Time left: 300 sec this turn | 300 sec total\n|\n|t:|1783550575\n|move|p1a: Illumise|Bug Buzz|p2a: Piloswine\n|-damage|p2a: Piloswine|62/100\n|move|p2a: Piloswine|Icicle Crash|p1a: Illumise\n|-crit|p1a: Illumise\n|-damage|p1a: Illumise|31/266\n|\n|upkeep\n|turn|27\n|inactive|Time left: 300 sec this turn | 300 sec total\n|\n|t:|1783550576\n|move|p1a: Illumise|Roost|p1a: Illumise\n|-heal|p1a: Illumise|164/266\n|-singleturn|p1a: Illumise|move: Roost\n|move|p2a: Piloswine|Icicle Crash|p1a: Illumise\n|-damage|p1a: Illumise|58/266\n|\n|upkeep\n|turn|28\n|inactive|Time left: 300 sec this turn | 300 sec total\n|\n|t:|1783550577\n|move|p1a: Illumise|Roost|p1a: Illumise\n|-heal|p1a: Illumise|191/266\n|-singleturn|p1a: Illumise|move: Roost\n|move|p2a: Piloswine|Icicle Crash|p1a: Illumise\n|-damage|p1a: Illumise|82/266\n|\n|upkeep\n|turn|29\n|inactive|Time left: 300 sec this turn | 300 sec total\n|\n|t:|1783550578\n|move|p1a: Illumise|Roost|p1a: Illumise\n|-heal|p1a: Illumise|215/266\n|-singleturn|p1a: Illumise|move: Roost\n|move|p2a: Piloswine|Icicle Crash|p1a: Illumise\n|-damage|p1a: Illumise|106/266\n|\n|upkeep\n|turn|30\n|inactive|Time left: 300 sec this turn | 300 sec total\n|\n|t:|1783550580\n|move|p1a: Illumise|Roost|p1a: Illumise\n|-heal|p1a: Illumise|239/266\n|-singleturn|p1a: Illumise|move: Roost\n|move|p2a: Piloswine|Icicle Crash|p1a: Illumise\n|-crit|p1a: Illumise\n|-damage|p1a: Illumise|82/266\n|\n|upkeep\n|turn|31\n|inactive|Time left: 300 sec this turn | 300 sec total\n|\n|t:|1783550581\n|move|p1a: Illumise|Bug Buzz|p2a: Piloswine\n|-damage|p2a: Piloswine|34/100\n|move|p2a: Piloswine|Earthquake|p1a: Illumise\n|-resisted|p1a: Illumise\n|-damage|p1a: Illumise|25/266\n|\n|upkeep\n|turn|32\n|inactive|Time left: 300 sec this turn | 300 sec total\n|\n|t:|1783550582\n|move|p2a: Piloswine|Ice Shard|p1a: Illumise\n|-damage|p1a: Illumise|0 fnt\n|faint|p1a: Illumise\n|\n|upkeep\n|inactive|Time left: 300 sec this turn | 300 sec total | 5 sec grace\n|\n|t:|1783550583\n|switch|p1a: Cinccino|Cinccino, L83, F|260/260\n|turn|33\n|inactive|Time left: 300 sec this turn | 300 sec total\n|\n|t:|1783550584\n|switch|p2a: Heatran|Heatran, L79, M|100/100\n|-item|p2a: Heatran|Air Balloon\n|move|p1a: Cinccino|Bullet Seed|p2a: Heatran\n|-resisted|p2a: Heatran\n|-damage|p2a: Heatran|98/100\n|-enditem|p2a: Heatran|Air Balloon\n|-resisted|p2a: Heatran\n|-damage|p2a: Heatran|96/100\n|-resisted|p2a: Heatran\n|-damage|p2a: Heatran|94/100\n|-resisted|p2a: Heatran\n|-damage|p2a: Heatran|92/100\n|-resisted|p2a: Heatran\n|-damage|p2a: Heatran|90/100\n|-hitcount|p2a: Heatran|5\n|\n|upkeep\n|turn|34\n|inactive|Time left: 300 sec this turn | 300 sec total\n|\n|t:|1783550585\n|move|p1a: Cinccino|Bullet Seed|p2a: Heatran\n|-resisted|p2a: Heatran\n|-damage|p2a: Heatran|88/100\n|-resisted|p2a: Heatran\n|-damage|p2a: Heatran|86/100\n|-resisted|p2a: Heatran\n|-damage|p2a: Heatran|84/100\n|-resisted|p2a: Heatran\n|-damage|p2a: Heatran|82/100\n|-resisted|p2a: Heatran\n|-damage|p2a: Heatran|80/100\n|-hitcount|p2a: Heatran|5\n|move|p2a: Heatran|Heavy Slam|p1a: Cinccino\n|-damage|p1a: Cinccino|125/260\n|\n|upkeep\n|turn|35\n|inactive|Time left: 300 sec this turn | 300 sec total\n|\n|t:|1783550586\n|move|p1a: Cinccino|Bullet Seed|p2a: Heatran\n|-resisted|p2a: Heatran\n|-damage|p2a: Heatran|78/100\n|-resisted|p2a: Heatran\n|-damage|p2a: Heatran|76/100\n|-resisted|p2a: Heatran\n|-damage|p2a: Heatran|74/100\n|-resisted|p2a: Heatran\n|-damage|p2a: Heatran|72/100\n|-resisted|p2a: Heatran\n|-damage|p2a: Heatran|70/100\n|-hitcount|p2a: Heatran|5\n|move|p2a: Heatran|Heavy Slam|p1a: Cinccino\n|-damage|p1a: Cinccino|0 fnt\n|faint|p1a: Cinccino\n|\n|win|p0y9814d0d", "uploadtime": 1783550586, "views": 0, "rating": 0, "private": 0, "password": null, "_winner": "p0y9814d0d", "_our_name": "p0x9819920"}