{"id": "battle-gen9randombattle-263", "formatid": "gen9randombattle", "format": "[Gen 9] Random Battle", "players": ["p0x2636efd", "p0y263386a"], "log": "|init|battle\n|title|p0x2636efd vs. p0y263386a\n|j|\u2606p0x2636efd\n|j|\u2606p0y263386a\n|t:|1783542649\n|gametype|singles\n|player|p1|p0x2636efd|266|\n|player|p2|p0y263386a|1|\n|gen|9\n|tier|[Gen 9] Random Battle\n|rule|Species Clause: Limit one of each Pok\u00e9mon\n|rule|HP Percentage Mod: HP is shown in percentages\n|rule|Sleep Clause Mod: Limit one foe put to sleep\n|rule|Illusion Level Mod: Illusion disguises the Pok\u00e9mon's true level\n|\n|t:|1783542649\n|teamsize|p1|6\n|teamsize|p2|6\n|start\n|switch|p1a: Sunflora|Sunflora, F|100/100\n|switch|p2a: Jolteon|Jolteon, L84, M|246/246\n|turn|1\n|inactive|Battle timer is ON: inactive players will automatically lose when time's up. (requested by p0x2636efd)\n|inactive|Time left: 300 sec this turn | 300 sec total | 60 sec grace\n|\n|t:|1783542650\n|move|p2a: Jolteon|Volt Switch|p1a: Sunflora\n|-resisted|p1a: Sunflora\n|-damage|p1a: Sunflora|84/100\n|inactive|Time left: 300 sec this turn | 300 sec total | 65 sec grace\n|inactive|p0y263386a also wants the timer to be on.\n|\n|t:|1783542651\n|switch|p2a: Squawkabilly|Squawkabilly-Yellow, L89, F|291/291|[from] Volt Switch\n|move|p1a: Sunflora|Earth Power|p2a: Squawkabilly\n|-immune|p2a: Squawkabilly\n|\n|upkeep\n|turn|2\n|inactive|Time left: 300 sec this turn | 300 sec total\n|\n|t:|1783542652\n|switch|p1a: Hippowdon|Hippowdon, L82, M|100/100\n|-weather|Sandstorm|[from] ability: Sand Stream|[of] p1a: Hippowdon\n|move|p2a: Squawkabilly|Brave Bird|p1a: Hippowdon\n|-damage|p1a: Hippowdon|16/100\n|-damage|p2a: Squawkabilly|205/291|[from] Recoil\n|\n|-weather|Sandstorm|[upkeep]\n|-damage|p2a: Squawkabilly|187/291|[from] Sandstorm\n|-heal|p1a: Hippowdon|22/100|[from] item: Leftovers\n|upkeep\n|turn|3\n|inactive|Time left: 300 sec this turn | 300 sec total\n|\n|t:|1783542654\n|move|p2a: Squawkabilly|Brave Bird|p1a: Hippowdon\n|-damage|p1a: Hippowdon|0 fnt\n|faint|p1a: Hippowdon\n|-damage|p2a: Squawkabilly|165/291|[from] Recoil\n|\n|-weather|Sandstorm|[upkeep]\n|-damage|p2a: Squawkabilly|147/291|[from] Sandstorm\n|upkeep\n|\n|t:|1783542654\n|switch|p1a: Iron Bundle|Iron Bundle, L78|100/100\n|turn|4\n|inactive|Time left: 300 sec this turn | 300 sec total\n|\n|t:|1783542656\n|switch|p2a: Diancie|Diancie, L82|216/216\n|move|p1a: Iron Bundle|Freeze-Dry|p2a: Diancie\n|-damage|p2a: Diancie|161/216\n|-status|p2a: Diancie|frz\n|\n|-weather|Sandstorm|[upkeep]\n|-damage|p1a: Iron Bundle|94/100|[from] Sandstorm\n|-heal|p2a: Diancie|174/216 frz|[from] item: Leftovers\n|upkeep\n|turn|5\n|inactive|Time left: 300 sec this turn | 300 sec total\n|\n|t:|1783542657\n|move|p1a: Iron Bundle|Freeze-Dry|p2a: Diancie\n|-damage|p2a: Diancie|125/216 frz\n|cant|p2a: Diancie|frz\n|\n|-weather|Sandstorm|[upkeep]\n|-damage|p1a: Iron Bundle|88/100|[from] Sandstorm\n|-heal|p2a: Diancie|138/216 frz|[from] item: Leftovers\n|upkeep\n|turn|6\n|inactive|Time left: 300 sec this turn | 300 sec total\n|\n|t:|1783542658\n|move|p1a: Iron Bundle|Freeze-Dry|p2a: Diancie\n|-damage|p2a: Diancie|81/216 frz\n|cant|p2a: Diancie|frz\n|\n|-weather|none\n|-heal|p2a: Diancie|94/216 frz|[from] item: Leftovers\n|upkeep\n|turn|7\n|inactive|Time left: 300 sec this turn | 300 sec total\n|\n|t:|1783542660\n|move|p1a: Iron Bundle|Freeze-Dry|p2a: Diancie\n|-damage|p2a: Diancie|21/216 frz\n|cant|p2a: Diancie|frz\n|\n|-heal|p2a: Diancie|34/216 frz|[from] item: Leftovers\n|upkeep\n|turn|8\n|inactive|Time left: 300 sec this turn | 300 sec total\n|\n|t:|1783542661\n|move|p1a: Iron Bundle|Freeze-Dry|p2a: Diancie\n|-damage|p2a: Diancie|0 fnt\n|faint|p2a: Diancie\n|\n|upkeep\n|inactive|Time left: 300 sec this turn | 300 sec total | 5 sec grace\n|\n|t:|1783542662\n|switch|p2a: Jolteon|Jolteon, L84, M|246/246\n|turn|9\n|inactive|Time left: 300 sec this turn | 300 sec total\n|\n|t:|1783542663\n|-end|p1a: Iron Bundle|Quark Drive|[silent]\n|switch|p1a: Sunflora|Sunflora, F|84/100\n|move|p2a: Jolteon|Thunderbolt|p1a: Sunflora\n|-resisted|p1a: Sunflora\n|-damage|p1a: Sunflora|62/100\n|\n|upkeep\n|turn|10\n|inactive|Time left: 300 sec this turn | 300 sec total\n|\n|t:|1783542664\n|move|p2a: Jolteon|Thunderbolt|p1a: Sunflora\n|-resisted|p1a: Sunflora\n|-damage|p1a: Sunflora|42/100\n|move|p1a: Sunflora|Sludge Bomb|p2a: Jolteon\n|-damage|p2a: Jolteon|110/246\n|-status|p2a: Jolteon|psn\n|\n|-damage|p2a: Jolteon|80/246 psn|[from] psn\n|upkeep\n|turn|11\n|inactive|Time left: 300 sec this turn | 300 sec total\n|\n|t:|1783542665\n|move|p2a: Jolteon|Thunderbolt|p1a: Sunflora\n|-resisted|p1a: Sunflora\n|-damage|p1a: Sunflora|20/100\n|move|p1a: Sunflora|Sludge Bomb|p2a: Jolteon\n|-damage|p2a: Jolteon|0 fnt\n|faint|p2a: Jolteon\n|\n|upkeep\n|inactive|Time left: 300 sec this turn | 300 sec total | 5 sec grace\n|\n|t:|1783542666\n|switch|p2a: Golurk|Golurk, L87|297/297\n|turn|12\n|inactive|Time left: 300 sec this turn | 300 sec total\n|\n|t:|1783542667\n|move|p2a: Golurk|Poltergeist|p1a: Sunflora\n|-activate|p1a: Sunflora|move: Poltergeist|Choice Specs\n|-damage|p1a: Sunflora|0 fnt\n|faint|p1a: Sunflora\n|-damage|p2a: Golurk|268/297|[from] item: Life Orb\n|\n|upkeep\n|\n|t:|1783542668\n|switch|p1a: Iron Bundle|Iron Bundle, L78|88/100\n|turn|13\n|inactive|Time left: 300 sec this turn | 300 sec total\n|\n|t:|1783542669\n|-terastallize|p2a: Golurk|Ghost\n|move|p1a: Iron Bundle|Hydro Pump|p2a: Golurk\n|-damage|p2a: Golurk|63/297\n|move|p2a: Golurk|Poltergeist|p1a: Iron Bundle\n|-activate|p1a: Iron Bundle|move: Poltergeist|Choice Specs\n|-damage|p1a: Iron Bundle|0 fnt\n|faint|p1a: Iron Bundle\n|-end|p1a: Iron Bundle|Quark Drive|[silent]\n|-damage|p2a: Golurk|34/297|[from] item: Life Orb\n|\n|upkeep\n|\n|t:|1783542670\n|switch|p1a: Blastoise|Blastoise, L80, F|100/100\n|turn|14\n|inactive|Time left: 300 sec this turn | 300 sec total\n|\n|t:|1783542671\n|move|p1a: Blastoise|Shell Smash|p1a: Blastoise\n|-unboost|p1a: Blastoise|def|1\n|-unboost|p1a: Blastoise|spd|1\n|-boost|p1a: Blastoise|atk|2\n|-boost|p1a: Blastoise|spa|2\n|-boost|p1a: Blastoise|spe|2\n|-enditem|p1a: Blastoise|White Herb\n|-clearnegativeboost|p1a: Blastoise|[silent]\n|move|p2a: Golurk|Earthquake|p1a: Blastoise\n|-damage|p1a: Blastoise|40/100\n|-damage|p2a: Golurk|5/297|[from] item: Life Orb\n|\n|upkeep\n|turn|15\n|inactive|Time left: 300 sec this turn | 300 sec total\n|\n|t:|1783542672\n|switch|p2a: Umbreon|Umbreon, L84, F|297/297\n|move|p1a: Blastoise|Ice Beam|p2a: Umbreon\n|-damage|p2a: Umbreon|213/297\n|\n|-heal|p2a: Umbreon|231/297|[from] item: Leftovers\n|upkeep\n|turn|16\n|inactive|Time left: 300 sec this turn | 300 sec total\n|\n|t:|1783542673\n|move|p1a: Blastoise|Ice Beam|p2a: Umbreon\n|-damage|p2a: Umbreon|153/297\n|move|p2a: Umbreon|Foul Play|p1a: Blastoise\n|-damage|p1a: Blastoise|0 fnt\n|faint|p1a: Blastoise\n|\n|-heal|p2a: Umbreon|171/297|[from] item: Leftovers\n|upkeep\n|\n|t:|1783542674\n|switch|p1a: Volbeat|Volbeat, L90, M|100/100\n|turn|17\n|inactive|Time left: 300 sec this turn | 300 sec total\n|\n|t:|1783542675\n|move|p1a: Volbeat|Lunge|p2a: Umbreon\n|-supereffective|p2a: Umbreon\n|-damage|p2a: Umbreon|39/297\n|-unboost|p2a: Umbreon|atk|1\n|move|p2a: Umbreon|Toxic|p1a: Volbeat\n|-status|p1a: Volbeat|tox\n|\n|-heal|p2a: Umbreon|57/297|[from] item: Leftovers\n|-damage|p1a: Volbeat|94/100 tox|[from] psn\n|upkeep\n|turn|18\n|inactive|Time left: 300 sec this turn | 300 sec total\n|\n|t:|1783542676\n|move|p2a: Umbreon|Protect|p2a: Umbreon\n|-singleturn|p2a: Umbreon|Protect\n|move|p1a: Volbeat|Lunge|p2a: Umbreon\n|-activate|p2a: Umbreon|move: Protect\n|\n|-heal|p2a: Umbreon|75/297|[from] item: Leftovers\n|-damage|p1a: Volbeat|82/100 tox|[from] psn\n|upkeep\n|turn|19\n|inactive|Time left: 300 sec this turn | 300 sec total\n|\n|t:|1783542677\n|switch|p2a: Squawkabilly|Squawkabilly-Yellow, L89, F|147/291\n|move|p1a: Volbeat|Lunge|p2a: Squawkabilly\n|-resisted|p2a: Squawkabilly\n|-damage|p2a: Squawkabilly|87/291\n|-unboost|p2a: Squawkabilly|atk|1\n|\n|-damage|p1a: Volbeat|64/100 tox|[from] psn\n|upkeep\n|turn|20\n|inactive|Time left: 300 sec this turn | 300 sec total\n|\n|t:|1783542678\n|move|p2a: Squawkabilly|Brave Bird|p1a: Volbeat\n|-supereffective|p1a: Volbeat\n|-damage|p1a: Volbeat|0 fnt\n|faint|p1a: Volbeat\n|-damage|p2a: Squawkabilly|32/291|[from] Recoil\n|\n|upkeep\n|\n|t:|1783542679\n|switch|p1a: Chansey|Chansey, L85, F|100/100\n|turn|21\n|inactive|Time left: 300 sec this turn | 300 sec total\n|\n|t:|1783542680\n|move|p2a: Squawkabilly|Brave Bird|p1a: Chansey|[miss]\n|-miss|p2a: Squawkabilly|p1a: Chansey\n|move|p1a: Chansey|Seismic Toss|p2a: Squawkabilly\n|-damage|p2a: Squawkabilly|0 fnt\n|faint|p2a: Squawkabilly\n|\n|upkeep\n|inactive|Time left: 300 sec this turn | 300 sec total | 5 sec grace\n|\n|t:|1783542681\n|switch|p2a: Golurk|Golurk, L87, tera:Ghost|5/297\n|turn|22\n|inactive|Time left: 300 sec this turn | 300 sec total\n|\n|t:|1783542682\n|move|p2a: Golurk|Stealth Rock|p1a: Chansey\n|-sidestart|p1: p0x2636efd|move: Stealth Rock\n|move|p1a: Chansey|Soft-Boiled||[still]\n|-fail|p1a: Chansey|heal\n|\n|upkeep\n|turn|23\n|inactive|Time left: 300 sec this turn | 300 sec total\n|\n|t:|1783542683\n|move|p2a: Golurk|Earthquake|p1a: Chansey\n|-damage|p1a: Chansey|33/100\n|-damage|p2a: Golurk|0 fnt|[from] item: Life Orb\n|faint|p2a: Golurk\n|move|p1a: Chansey|Soft-Boiled|p1a: Chansey\n|-heal|p1a: Chansey|83/100\n|\n|upkeep\n|inactive|Time left: 300 sec this turn | 300 sec total | 5 sec grace\n|\n|t:|1783542684\n|switch|p2a: Umbreon|Umbreon, L84, F|75/297\n|turn|24\n|inactive|Time left: 300 sec this turn | 300 sec total\n|\n|t:|1783542685\n|move|p2a: Umbreon|Toxic|p1a: Chansey\n|-status|p1a: Chansey|tox\n|move|p1a: Chansey|Seismic Toss|p2a: Umbreon\n|-damage|p2a: Umbreon|0 fnt\n|faint|p2a: Umbreon\n|\n|-damage|p1a: Chansey|77/100 tox|[from] psn\n|upkeep\n|inactive|Time left: 300 sec this turn | 300 sec total | 5 sec grace\n|\n|t:|1783542686\n|switch|p2a: Greninja|Greninja, L80, M|246/246\n|turn|25\n|inactive|Time left: 300 sec this turn | 300 sec total\n|\n|t:|1783542687\n|-terastallize|p1a: Chansey|Fairy\n|move|p2a: Greninja|Gunk Shot|p1a: Chansey\n|-supereffective|p1a: Chansey\n|-damage|p1a: Chansey|0 fnt\n|faint|p1a: Chansey\n|-damage|p2a: Greninja|222/246|[from] item: Life Orb\n|\n|win|p0y263386a", "uploadtime": 1783542687, "views": 0, "rating": 0, "private": 0, "password": null, "_winner": "p0y263386a", "_our_name": "p0y263386a"}