{"id": "battle-gen9randombattle-664", "formatid": "gen9randombattle", "format": "[Gen 9] Random Battle", "players": ["p0x664968b", "p0y664301d"], "log": "|init|battle\n|title|p0x664968b vs. p0y664301d\n|j|\u2606p0x664968b\n|j|\u2606p0y664301d\n|t:|1783546837\n|gametype|singles\n|player|p1|p0x664968b|169|\n|player|p2|p0y664301d|1|\n|gen|9\n|tier|[Gen 9] Random Battle\n|rule|Species Clause: Limit one of each Pok\u00e9mon\n|rule|HP Percentage Mod: HP is shown in percentages\n|rule|Sleep Clause Mod: Limit one foe put to sleep\n|rule|Illusion Level Mod: Illusion disguises the Pok\u00e9mon's true level\n|\n|t:|1783546837\n|teamsize|p1|6\n|teamsize|p2|6\n|start\n|switch|p1a: Drifblim|Drifblim, L86, M|100/100\n|switch|p2a: Mandibuzz|Mandibuzz, L85, F|326/326\n|turn|1\n|inactive|Battle timer is ON: inactive players will automatically lose when time's up. (requested by p0x664968b)\n|inactive|p0y664301d also wants the timer to be on.\n|\n|t:|1783546838\n|switch|p1a: Muk|Muk-Alola, L82, F|100/100\n|move|p2a: Mandibuzz|Foul Play|p1a: Muk\n|-resisted|p1a: Muk\n|-damage|p1a: Muk|80/100\n|\n|upkeep\n|turn|2\n|inactive|Time left: 300 sec this turn | 300 sec total | 60 sec grace\n|\n|t:|1783546840\n|move|p2a: Mandibuzz|Foul Play|p1a: Muk\n|-resisted|p1a: Muk\n|-damage|p1a: Muk|59/100\n|move|p1a: Muk|Knock Off|p2a: Mandibuzz\n|-resisted|p2a: Mandibuzz\n|-damage|p2a: Mandibuzz|278/326\n|-enditem|p2a: Mandibuzz|Heavy-Duty Boots|[from] move: Knock Off|[of] p1a: Muk\n|\n|upkeep\n|turn|3\n|inactive|Time left: 300 sec this turn | 300 sec total\n|\n|t:|1783546841\n|move|p2a: Mandibuzz|Brave Bird|p1a: Muk\n|-damage|p1a: Muk|21/100\n|-damage|p2a: Mandibuzz|239/326|[from] Recoil\n|move|p1a: Muk|Knock Off|p2a: Mandibuzz\n|-resisted|p2a: Mandibuzz\n|-damage|p2a: Mandibuzz|209/326\n|\n|upkeep\n|turn|4\n|inactive|Time left: 300 sec this turn | 300 sec total\n|\n|t:|1783546842\n|move|p2a: Mandibuzz|Brave Bird|p1a: Muk\n|-damage|p1a: Muk|0 fnt\n|faint|p1a: Muk\n|-damage|p2a: Mandibuzz|188/326|[from] Recoil\n|\n|upkeep\n|\n|t:|1783546843\n|switch|p1a: Spidops|Spidops, L96, F|100/100\n|turn|5\n|inactive|Time left: 300 sec this turn | 300 sec total\n|\n|t:|1783546844\n|move|p2a: Mandibuzz|Foul Play|p1a: Spidops\n|-damage|p1a: Spidops|71/100\n|move|p1a: Spidops|Sticky Web|p2a: Mandibuzz\n|-sidestart|p2: p0y664301d|move: Sticky Web\n|\n|upkeep\n|turn|6\n|inactive|Time left: 300 sec this turn | 300 sec total\n|\n|t:|1783546845\n|move|p2a: Mandibuzz|Brave Bird|p1a: Spidops\n|-supereffective|p1a: Spidops\n|-damage|p1a: Spidops|8/100\n|-damage|p2a: Mandibuzz|132/326|[from] Recoil\n|move|p1a: Spidops|Toxic Spikes|p2a: Mandibuzz\n|-sidestart|p2: p0y664301d|move: Toxic Spikes\n|\n|upkeep\n|turn|7\n|inactive|Time left: 300 sec this turn | 300 sec total\n|\n|t:|1783546846\n|switch|p1a: Arboliva|Arboliva, L91, F|100/100\n|move|p2a: Mandibuzz|Foul Play|p1a: Arboliva\n|-damage|p1a: Arboliva|80/100\n|-fieldstart|move: Grassy Terrain|[from] ability: Seed Sower|[of] p1a: Arboliva\n|\n|-heal|p1a: Arboliva|86/100|[from] Grassy Terrain\n|-heal|p1a: Arboliva|92/100|[from] item: Leftovers\n|upkeep\n|turn|8\n|inactive|Time left: 300 sec this turn | 300 sec total\n|\n|t:|1783546847\n|move|p2a: Mandibuzz|Roost|p2a: Mandibuzz\n|-heal|p2a: Mandibuzz|295/326\n|-singleturn|p2a: Mandibuzz|move: Roost\n|move|p1a: Arboliva|Hyper Voice|p2a: Mandibuzz\n|-damage|p2a: Mandibuzz|159/326\n|\n|-heal|p2a: Mandibuzz|179/326|[from] Grassy Terrain\n|-heal|p1a: Arboliva|98/100|[from] Grassy Terrain\n|-heal|p1a: Arboliva|100/100|[from] item: Leftovers\n|upkeep\n|turn|9\n|inactive|Time left: 300 sec this turn | 300 sec total\n|\n|t:|1783546848\n|move|p2a: Mandibuzz|Toxic|p1a: Arboliva\n|-status|p1a: Arboliva|tox\n|move|p1a: Arboliva|Hyper Voice|p2a: Mandibuzz\n|-damage|p2a: Mandibuzz|46/326\n|\n|-damage|p1a: Arboliva|94/100 tox|[from] psn\n|upkeep\n|turn|10\n|inactive|Time left: 300 sec this turn | 300 sec total\n|\n|t:|1783546849\n|move|p2a: Mandibuzz|Roost|p2a: Mandibuzz\n|-heal|p2a: Mandibuzz|209/326\n|-singleturn|p2a: Mandibuzz|move: Roost\n|move|p1a: Arboliva|Hyper Voice|p2a: Mandibuzz\n|-damage|p2a: Mandibuzz|76/326\n|\n|-heal|p2a: Mandibuzz|96/326|[from] Grassy Terrain\n|-heal|p1a: Arboliva|100/100 tox|[from] Grassy Terrain\n|-damage|p1a: Arboliva|88/100 tox|[from] psn\n|upkeep\n|turn|11\n|inactive|Time left: 300 sec this turn | 300 sec total\n|\n|t:|1783546850\n|move|p2a: Mandibuzz|Roost|p2a: Mandibuzz\n|-heal|p2a: Mandibuzz|259/326\n|-singleturn|p2a: Mandibuzz|move: Roost\n|move|p1a: Arboliva|Hyper Voice|p2a: Mandibuzz\n|-damage|p2a: Mandibuzz|129/326\n|\n|-heal|p2a: Mandibuzz|149/326|[from] Grassy Terrain\n|-heal|p1a: Arboliva|94/100 tox|[from] Grassy Terrain\n|-heal|p1a: Arboliva|100/100 tox|[from] item: Leftovers\n|-damage|p1a: Arboliva|82/100 tox|[from] psn\n|-fieldend|move: Grassy Terrain\n|upkeep\n|turn|12\n|inactive|Time left: 300 sec this turn | 300 sec total\n|\n|t:|1783546852\n|move|p2a: Mandibuzz|Roost|p2a: Mandibuzz\n|-heal|p2a: Mandibuzz|312/326\n|-singleturn|p2a: Mandibuzz|move: Roost\n|move|p1a: Arboliva|Hyper Voice|p2a: Mandibuzz\n|-damage|p2a: Mandibuzz|191/326\n|\n|-heal|p1a: Arboliva|88/100 tox|[from] item: Leftovers\n|-damage|p1a: Arboliva|63/100 tox|[from] psn\n|upkeep\n|turn|13\n|inactive|Time left: 300 sec this turn | 300 sec total\n|\n|t:|1783546853\n|move|p2a: Mandibuzz|Brave Bird|p1a: Arboliva\n|-supereffective|p1a: Arboliva\n|-damage|p1a: Arboliva|0 fnt\n|-fieldstart|move: Grassy Terrain|[from] ability: Seed Sower|[of] p1a: Arboliva\n|faint|p1a: Arboliva\n|-damage|p2a: Mandibuzz|131/326|[from] Recoil\n|\n|upkeep\n|\n|t:|1783546854\n|switch|p1a: Donphan|Donphan, L84, F|100/100\n|turn|14\n|inactive|Time left: 300 sec this turn | 300 sec total\n|\n|t:|1783546855\n|move|p2a: Mandibuzz|Roost|p2a: Mandibuzz\n|-heal|p2a: Mandibuzz|294/326\n|-singleturn|p2a: Mandibuzz|move: Roost\n|move|p1a: Donphan|Stealth Rock|p2a: Mandibuzz\n|-sidestart|p2: p0y664301d|move: Stealth Rock\n|\n|-heal|p2a: Mandibuzz|314/326|[from] Grassy Terrain\n|upkeep\n|turn|15\n|inactive|Time left: 300 sec this turn | 300 sec total\n|\n|t:|1783546855\n|move|p2a: Mandibuzz|Toxic|p1a: Donphan\n|-status|p1a: Donphan|tox\n|move|p1a: Donphan|Ice Spinner|p2a: Mandibuzz\n|-supereffective|p2a: Mandibuzz\n|-damage|p2a: Mandibuzz|190/326\n|-fieldend|move: Grassy Terrain\n|\n|-damage|p1a: Donphan|94/100 tox|[from] psn\n|upkeep\n|turn|16\n|inactive|Time left: 300 sec this turn | 300 sec total\n|\n|t:|1783546857\n|move|p2a: Mandibuzz|Roost|p2a: Mandibuzz\n|-heal|p2a: Mandibuzz|326/326\n|-singleturn|p2a: Mandibuzz|move: Roost\n|move|p1a: Donphan|Ice Spinner|p2a: Mandibuzz\n|-damage|p2a: Mandibuzz|269/326\n|\n|-heal|p1a: Donphan|100/100 tox|[from] item: Leftovers\n|-damage|p1a: Donphan|88/100 tox|[from] psn\n|upkeep\n|turn|17\n|inactive|Time left: 300 sec this turn | 300 sec total\n|\n|t:|1783546858\n|move|p2a: Mandibuzz|Foul Play|p1a: Donphan\n|-damage|p1a: Donphan|55/100 tox\n|move|p1a: Donphan|Ice Spinner|p2a: Mandibuzz\n|-supereffective|p2a: Mandibuzz\n|-damage|p2a: Mandibuzz|161/326\n|\n|-heal|p1a: Donphan|62/100 tox|[from] item: Leftovers\n|-damage|p1a: Donphan|43/100 tox|[from] psn\n|upkeep\n|turn|18\n|inactive|Time left: 300 sec this turn | 300 sec total\n|\n|t:|1783546859\n|switch|p1a: Wyrdeer|Wyrdeer, L87, F|100/100\n|-ability|p1a: Wyrdeer|Intimidate|boost\n|-unboost|p2a: Mandibuzz|atk|1\n|move|p2a: Mandibuzz|Roost|p2a: Mandibuzz\n|-heal|p2a: Mandibuzz|324/326\n|-singleturn|p2a: Mandibuzz|move: Roost\n|\n|upkeep\n|turn|19\n|inactive|Time left: 300 sec this turn | 300 sec total\n|\n|t:|1783546860\n|switch|p1a: Donphan|Donphan, L84, F|43/100 tox\n|move|p2a: Mandibuzz|Foul Play|p1a: Donphan\n|-damage|p1a: Donphan|11/100 tox\n|\n|-heal|p1a: Donphan|18/100 tox|[from] item: Leftovers\n|-damage|p1a: Donphan|11/100 tox|[from] psn\n|upkeep\n|turn|20\n|inactive|Time left: 300 sec this turn | 300 sec total\n|\n|t:|1783546861\n|move|p2a: Mandibuzz|Foul Play|p1a: Donphan\n|-damage|p1a: Donphan|0 fnt\n|faint|p1a: Donphan\n|\n|upkeep\n|\n|t:|1783546861\n|switch|p1a: Drifblim|Drifblim, L86, M|100/100\n|turn|21\n|inactive|Time left: 300 sec this turn | 300 sec total\n|\n|t:|1783546862\n|move|p1a: Drifblim|Air Slash|p2a: Mandibuzz\n|-damage|p2a: Mandibuzz|249/326\n|move|p2a: Mandibuzz|Foul Play|p1a: Drifblim\n|-supereffective|p1a: Drifblim\n|-damage|p1a: Drifblim|43/100\n|\n|upkeep\n|turn|22\n|inactive|Time left: 300 sec this turn | 300 sec total\n|\n|t:|1783546863\n|move|p1a: Drifblim|Strength Sap|p2a: Mandibuzz\n|-unboost|p2a: Mandibuzz|atk|1\n|-heal|p1a: Drifblim|69/100\n|move|p2a: Mandibuzz|Foul Play|p1a: Drifblim\n|-supereffective|p1a: Drifblim\n|-damage|p1a: Drifblim|13/100\n|\n|upkeep\n|turn|23\n|inactive|Time left: 300 sec this turn | 300 sec total\n|\n|t:|1783546864\n|move|p1a: Drifblim|Strength Sap|p2a: Mandibuzz\n|-unboost|p2a: Mandibuzz|atk|1\n|-heal|p1a: Drifblim|33/100\n|move|p2a: Mandibuzz|Foul Play|p1a: Drifblim\n|-supereffective|p1a: Drifblim\n|-damage|p1a: Drifblim|0 fnt\n|-damage|p2a: Mandibuzz|168/326|[from] ability: Aftermath|[of] p1a: Drifblim\n|faint|p1a: Drifblim\n|\n|upkeep\n|\n|t:|1783546865\n|switch|p1a: Spidops|Spidops, L96, F|8/100\n|turn|24\n|inactive|Time left: 300 sec this turn | 300 sec total\n|\n|t:|1783546866\n|move|p2a: Mandibuzz|Foul Play|p1a: Spidops\n|-damage|p1a: Spidops|0 fnt\n|faint|p1a: Spidops\n|\n|upkeep\n|\n|t:|1783546867\n|switch|p1a: Wyrdeer|Wyrdeer, L87, F|100/100\n|-ability|p1a: Wyrdeer|Intimidate|boost\n|-unboost|p2a: Mandibuzz|atk|1\n|turn|25\n|inactive|Time left: 300 sec this turn | 300 sec total\n|\n|t:|1783546868\n|-terastallize|p1a: Wyrdeer|Ground\n|move|p2a: Mandibuzz|Foul Play|p1a: Wyrdeer\n|-damage|p1a: Wyrdeer|58/100\n|move|p1a: Wyrdeer|Thunder Wave|p2a: Mandibuzz\n|-status|p2a: Mandibuzz|par\n|\n|-heal|p1a: Wyrdeer|65/100|[from] item: Leftovers\n|upkeep\n|turn|26\n|inactive|Time left: 300 sec this turn | 300 sec total\n|\n|t:|1783546869\n|switch|p2a: Baxcalibur|Baxcalibur, L75, M|296/296\n|move|p1a: Wyrdeer|Megahorn|p2a: Baxcalibur\n|-damage|p2a: Baxcalibur|199/296\n|\n|-heal|p1a: Wyrdeer|71/100|[from] item: Leftovers\n|upkeep\n|turn|27\n|inactive|Time left: 300 sec this turn | 300 sec total\n|\n|t:|1783546870\n|move|p2a: Baxcalibur|Icicle Crash|p1a: Wyrdeer\n|-supereffective|p1a: Wyrdeer\n|-damage|p1a: Wyrdeer|4/100\n|cant|p1a: Wyrdeer|flinch\n|\n|-heal|p1a: Wyrdeer|10/100|[from] item: Leftovers\n|upkeep\n|turn|28\n|inactive|Time left: 300 sec this turn | 300 sec total\n|\n|t:|1783546871\n|-terastallize|p2a: Baxcalibur|Dragon\n|move|p2a: Baxcalibur|Earthquake|p1a: Wyrdeer\n|-damage|p1a: Wyrdeer|0 fnt\n|faint|p1a: Wyrdeer\n|\n|win|p0y664301d", "uploadtime": 1783546871, "views": 0, "rating": 0, "private": 0, "password": null, "_winner": "p0y664301d", "_our_name": "p0y664301d"}