{"id": "battle-gen9randombattle-1357", "formatid": "gen9randombattle", "format": "[Gen 9] Random Battle", "players": ["p0x13574c9b", "p0y13573fc7"], "log": "|init|battle\n|title|p0x13574c9b vs. p0y13573fc7\n|j|\u2606p0x13574c9b\n|j|\u2606p0y13573fc7\n|t:|1783555758\n|gametype|singles\n|player|p1|p0x13574c9b|2|\n|player|p2|p0y13573fc7|1|\n|gen|9\n|tier|[Gen 9] Random Battle\n|rule|Species Clause: Limit one of each Pok\u00e9mon\n|rule|HP Percentage Mod: HP is shown in percentages\n|rule|Sleep Clause Mod: Limit one foe put to sleep\n|rule|Illusion Level Mod: Illusion disguises the Pok\u00e9mon's true level\n|\n|t:|1783555758\n|teamsize|p1|6\n|teamsize|p2|6\n|start\n|switch|p1a: Gholdengo|Gholdengo, L77|100/100\n|switch|p2a: Sawsbuck|Sawsbuck, L88, M|284/284\n|turn|1\n|inactive|Battle timer is ON: inactive players will automatically lose when time's up. (requested by p0y13573fc7)\n|inactive|p0x13574c9b also wants the timer to be on.\n|\n|t:|1783555760\n|switch|p1a: Braviary|Braviary-Hisui, L85, M|100/100\n|move|p2a: Sawsbuck|Swords Dance|p2a: Sawsbuck\n|-boost|p2a: Sawsbuck|atk|2\n|\n|upkeep\n|turn|2\n|inactive|Time left: 300 sec this turn | 300 sec total\n|\n|t:|1783555761\n|move|p1a: Braviary|Vacuum Wave|p2a: Sawsbuck\n|-supereffective|p2a: Sawsbuck\n|-damage|p2a: Sawsbuck|164/284\n|move|p2a: Sawsbuck|Headbutt|p1a: Braviary\n|-damage|p1a: Braviary|27/100\n|-damage|p2a: Sawsbuck|136/284|[from] item: Life Orb\n|\n|upkeep\n|turn|3\n|inactive|Time left: 300 sec this turn | 300 sec total\n|\n|t:|1783555763\n|move|p1a: Braviary|Vacuum Wave|p2a: Sawsbuck\n|-supereffective|p2a: Sawsbuck\n|-damage|p2a: Sawsbuck|24/284\n|move|p2a: Sawsbuck|Horn Leech|p1a: Braviary\n|-resisted|p1a: Braviary\n|-damage|p1a: Braviary|0 fnt\n|-heal|p2a: Sawsbuck|68/284|[from] drain|[of] p1a: Braviary\n|faint|p1a: Braviary\n|-damage|p2a: Sawsbuck|40/284|[from] item: Life Orb\n|\n|upkeep\n|\n|t:|1783555763\n|switch|p1a: Dedenne|Dedenne, L88, F|100/100\n|turn|4\n|inactive|Time left: 300 sec this turn | 300 sec total\n|\n|t:|1783555765\n|switch|p2a: Weezing|Weezing, L88, M|258/258\n|move|p1a: Dedenne|Dazzling Gleam|p2a: Weezing\n|-resisted|p2a: Weezing\n|-damage|p2a: Weezing|213/258\n|\n|-heal|p2a: Weezing|229/258|[from] item: Leftovers\n|upkeep\n|turn|5\n|inactive|Time left: 300 sec this turn | 300 sec total\n|\n|t:|1783555766\n|move|p1a: Dedenne|Thunderbolt|p2a: Weezing\n|-damage|p2a: Weezing|130/258\n|move|p2a: Weezing|Sludge Bomb|p1a: Dedenne\n|-supereffective|p1a: Dedenne\n|-damage|p1a: Dedenne|20/100\n|-status|p1a: Dedenne|psn\n|-enditem|p1a: Dedenne|Sitrus Berry|[eat]\n|-heal|p1a: Dedenne|45/100 psn|[from] item: Sitrus Berry\n|-heal|p1a: Dedenne|78/100 psn|[from] ability: Cheek Pouch\n|\n|-heal|p2a: Weezing|146/258|[from] item: Leftovers\n|-damage|p1a: Dedenne|66/100 psn|[from] psn\n|upkeep\n|turn|6\n|inactive|Time left: 300 sec this turn | 300 sec total\n|\n|t:|1783555767\n|move|p1a: Dedenne|Thunderbolt|p2a: Weezing\n|-damage|p2a: Weezing|46/258\n|move|p2a: Weezing|Sludge Bomb|p1a: Dedenne\n|-supereffective|p1a: Dedenne\n|-damage|p1a: Dedenne|0 fnt\n|faint|p1a: Dedenne\n|\n|-heal|p2a: Weezing|62/258|[from] item: Leftovers\n|upkeep\n|\n|t:|1783555768\n|switch|p1a: Gholdengo|Gholdengo, L77|100/100\n|turn|7\n|inactive|Time left: 300 sec this turn | 300 sec total\n|\n|t:|1783555770\n|move|p1a: Gholdengo|Make It Rain|p2a: Weezing\n|-crit|p2a: Weezing\n|-damage|p2a: Weezing|0 fnt\n|-unboost|p1a: Gholdengo|spa|1\n|faint|p2a: Weezing\n|\n|upkeep\n|inactive|Time left: 300 sec this turn | 300 sec total | 5 sec grace\n|\n|t:|1783555771\n|switch|p2a: Araquanid|Araquanid, L82, M|246/246\n|turn|8\n|inactive|Time left: 300 sec this turn | 300 sec total\n|\n|t:|1783555772\n|switch|p1a: Tropius|Tropius, L91, M|100/100\n|move|p2a: Araquanid|Sticky Web|p1a: Tropius\n|-sidestart|p1: p0x13574c9b|move: Sticky Web\n|\n|upkeep\n|turn|9\n|inactive|Time left: 300 sec this turn | 300 sec total\n|\n|t:|1783555773\n|switch|p2a: Cresselia|Cresselia, L80, F|323/323\n|move|p1a: Tropius|Air Slash|p2a: Cresselia\n|-damage|p2a: Cresselia|265/323\n|\n|-heal|p2a: Cresselia|285/323|[from] item: Leftovers\n|upkeep\n|turn|10\n|inactive|Time left: 300 sec this turn | 300 sec total\n|\n|t:|1783555774\n|move|p2a: Cresselia|Calm Mind|p2a: Cresselia\n|-boost|p2a: Cresselia|spa|1\n|-boost|p2a: Cresselia|spd|1\n|move|p1a: Tropius|Leech Seed|p2a: Cresselia\n|-start|p2a: Cresselia|move: Leech Seed\n|\n|-heal|p2a: Cresselia|305/323|[from] item: Leftovers\n|-damage|p2a: Cresselia|265/323|[from] Leech Seed|[of] p1a: Tropius\n|upkeep\n|turn|11\n|inactive|Time left: 300 sec this turn | 300 sec total\n|\n|t:|1783555775\n|switch|p1a: Latias|Latias, L79, F|100/100\n|move|p2a: Cresselia|Calm Mind|p2a: Cresselia\n|-boost|p2a: Cresselia|spa|1\n|-boost|p2a: Cresselia|spd|1\n|\n|-heal|p2a: Cresselia|285/323|[from] item: Leftovers\n|-damage|p2a: Cresselia|245/323|[from] Leech Seed|[of] p1a: Latias\n|upkeep\n|turn|12\n|inactive|Time left: 300 sec this turn | 300 sec total\n|\n|t:|1783555776\n|move|p1a: Latias|Calm Mind|p1a: Latias\n|-boost|p1a: Latias|spa|1\n|-boost|p1a: Latias|spd|1\n|move|p2a: Cresselia|Moonblast|p1a: Latias\n|-supereffective|p1a: Latias\n|-damage|p1a: Latias|56/100\n|\n|-heal|p2a: Cresselia|265/323|[from] item: Leftovers\n|-damage|p2a: Cresselia|225/323|[from] Leech Seed|[of] p1a: Latias\n|-heal|p1a: Latias|72/100|[silent]\n|upkeep\n|turn|13\n|inactive|Time left: 300 sec this turn | 300 sec total\n|\n|t:|1783555777\n|move|p1a: Latias|Calm Mind|p1a: Latias\n|-boost|p1a: Latias|spa|1\n|-boost|p1a: Latias|spd|1\n|move|p2a: Cresselia|Moonblast|p1a: Latias\n|-supereffective|p1a: Latias\n|-damage|p1a: Latias|42/100\n|\n|-heal|p2a: Cresselia|245/323|[from] item: Leftovers\n|-damage|p2a: Cresselia|205/323|[from] Leech Seed|[of] p1a: Latias\n|-heal|p1a: Latias|58/100|[silent]\n|upkeep\n|turn|14\n|inactive|Time left: 300 sec this turn | 300 sec total\n|\n|t:|1783555779\n|move|p1a: Latias|Psyshock|p2a: Cresselia\n|-resisted|p2a: Cresselia\n|-damage|p2a: Cresselia|115/323\n|move|p2a: Cresselia|Moonlight|p2a: Cresselia\n|-heal|p2a: Cresselia|276/323\n|\n|-heal|p2a: Cresselia|296/323|[from] item: Leftovers\n|-damage|p2a: Cresselia|256/323|[from] Leech Seed|[of] p1a: Latias\n|-heal|p1a: Latias|73/100|[silent]\n|upkeep\n|turn|15\n|inactive|Time left: 300 sec this turn | 300 sec total\n|\n|t:|1783555780\n|move|p1a: Latias|Calm Mind|p1a: Latias\n|-boost|p1a: Latias|spa|1\n|-boost|p1a: Latias|spd|1\n|move|p2a: Cresselia|Moonblast|p1a: Latias\n|-supereffective|p1a: Latias\n|-damage|p1a: Latias|50/100\n|\n|-heal|p2a: Cresselia|276/323|[from] item: Leftovers\n|-damage|p2a: Cresselia|236/323|[from] Leech Seed|[of] p1a: Latias\n|-heal|p1a: Latias|65/100|[silent]\n|upkeep\n|turn|16\n|inactive|Time left: 300 sec this turn | 300 sec total\n|\n|t:|1783555781\n|move|p1a: Latias|Psyshock|p2a: Cresselia\n|-resisted|p2a: Cresselia\n|-damage|p2a: Cresselia|134/323\n|move|p2a: Cresselia|Moonlight|p2a: Cresselia\n|-heal|p2a: Cresselia|295/323\n|\n|-heal|p2a: Cresselia|315/323|[from] item: Leftovers\n|-damage|p2a: Cresselia|275/323|[from] Leech Seed|[of] p1a: Latias\n|-heal|p1a: Latias|81/100|[silent]\n|upkeep\n|turn|17\n|inactive|Time left: 300 sec this turn | 300 sec total\n|\n|t:|1783555782\n|move|p1a: Latias|Psyshock|p2a: Cresselia\n|-resisted|p2a: Cresselia\n|-damage|p2a: Cresselia|163/323\n|move|p2a: Cresselia|Moonlight|p2a: Cresselia\n|-heal|p2a: Cresselia|323/323\n|\n|-damage|p2a: Cresselia|283/323|[from] Leech Seed|[of] p1a: Latias\n|-heal|p1a: Latias|97/100|[silent]\n|upkeep\n|turn|18\n|inactive|Time left: 300 sec this turn | 300 sec total\n|\n|t:|1783555783\n|move|p1a: Latias|Calm Mind|p1a: Latias\n|-boost|p1a: Latias|spa|1\n|-boost|p1a: Latias|spd|1\n|move|p2a: Cresselia|Calm Mind|p2a: Cresselia\n|-boost|p2a: Cresselia|spa|1\n|-boost|p2a: Cresselia|spd|1\n|\n|-heal|p2a: Cresselia|303/323|[from] item: Leftovers\n|-damage|p2a: Cresselia|263/323|[from] Leech Seed|[of] p1a: Latias\n|-heal|p1a: Latias|100/100|[silent]\n|upkeep\n|turn|19\n|inactive|Time left: 300 sec this turn | 300 sec total\n|\n|t:|1783555783\n|move|p1a: Latias|Psyshock|p2a: Cresselia\n|-resisted|p2a: Cresselia\n|-damage|p2a: Cresselia|142/323\n|move|p2a: Cresselia|Moonlight|p2a: Cresselia\n|-heal|p2a: Cresselia|303/323\n|\n|-heal|p2a: Cresselia|323/323|[from] item: Leftovers\n|-damage|p2a: Cresselia|283/323|[from] Leech Seed|[of] p1a: Latias\n|upkeep\n|turn|20\n|inactive|Time left: 300 sec this turn | 300 sec total\n|\n|t:|1783555784\n|move|p1a: Latias|Psyshock|p2a: Cresselia\n|-resisted|p2a: Cresselia\n|-damage|p2a: Cresselia|148/323\n|move|p2a: Cresselia|Moonlight|p2a: Cresselia\n|-heal|p2a: Cresselia|309/323\n|\n|-heal|p2a: Cresselia|323/323|[from] item: Leftovers\n|-damage|p2a: Cresselia|283/323|[from] Leech Seed|[of] p1a: Latias\n|upkeep\n|turn|21\n|inactive|Time left: 300 sec this turn | 300 sec total\n|\n|t:|1783555785\n|move|p1a: Latias|Psyshock|p2a: Cresselia\n|-resisted|p2a: Cresselia\n|-damage|p2a: Cresselia|155/323\n|move|p2a: Cresselia|Moonlight|p2a: Cresselia\n|-heal|p2a: Cresselia|316/323\n|\n|-heal|p2a: Cresselia|323/323|[from] item: Leftovers\n|-damage|p2a: Cresselia|283/323|[from] Leech Seed|[of] p1a: Latias\n|upkeep\n|turn|22\n|inactive|Time left: 300 sec this turn | 300 sec total\n|\n|t:|1783555786\n|move|p1a: Latias|Psyshock|p2a: Cresselia\n|-resisted|p2a: Cresselia\n|-damage|p2a: Cresselia|145/323\n|move|p2a: Cresselia|Moonlight|p2a: Cresselia\n|-heal|p2a: Cresselia|306/323\n|\n|-heal|p2a: Cresselia|323/323|[from] item: Leftovers\n|-damage|p2a: Cresselia|283/323|[from] Leech Seed|[of] p1a: Latias\n|upkeep\n|turn|23\n|inactive|Time left: 300 sec this turn | 300 sec total\n|\n|t:|1783555786\n|move|p1a: Latias|Psyshock|p2a: Cresselia\n|-resisted|p2a: Cresselia\n|-damage|p2a: Cresselia|154/323\n|move|p2a: Cresselia|Moonlight|p2a: Cresselia\n|-heal|p2a: Cresselia|315/323\n|\n|-heal|p2a: Cresselia|323/323|[from] item: Leftovers\n|-damage|p2a: Cresselia|283/323|[from] Leech Seed|[of] p1a: Latias\n|upkeep\n|turn|24\n|inactive|Time left: 300 sec this turn | 300 sec total\n|\n|t:|1783555787\n|move|p1a: Latias|Psyshock|p2a: Cresselia\n|-resisted|p2a: Cresselia\n|-damage|p2a: Cresselia|148/323\n|move|p2a: Cresselia|Moonblast|p1a: Latias\n|-supereffective|p1a: Latias\n|-damage|p1a: Latias|75/100\n|\n|-heal|p2a: Cresselia|168/323|[from] item: Leftovers\n|-damage|p2a: Cresselia|128/323|[from] Leech Seed|[of] p1a: Latias\n|-heal|p1a: Latias|91/100|[silent]\n|upkeep\n|turn|25\n|inactive|Time left: 300 sec this turn | 300 sec total\n|\n|t:|1783555788\n|move|p1a: Latias|Psyshock|p2a: Cresselia\n|-resisted|p2a: Cresselia\n|-crit|p2a: Cresselia\n|-damage|p2a: Cresselia|0 fnt\n|faint|p2a: Cresselia\n|\n|upkeep\n|inactive|Time left: 300 sec this turn | 300 sec total | 5 sec grace\n|\n|t:|1783555788\n|switch|p2a: Furret|Furret, L94, M|312/312\n|-item|p1a: Latias|Soul Dew|[from] ability: Frisk|[of] p2a: Furret\n|turn|26\n|inactive|Time left: 300 sec this turn | 300 sec total\n|\n|t:|1783555789\n|-terastallize|p1a: Latias|Steel\n|move|p2a: Furret|Knock Off|p1a: Latias\n|-damage|p1a: Latias|52/100\n|-enditem|p1a: Latias|Soul Dew|[from] move: Knock Off|[of] p2a: Furret\n|-damage|p2a: Furret|281/312|[from] item: Life Orb\n|move|p1a: Latias|Psyshock|p2a: Furret\n|-damage|p2a: Furret|0 fnt\n|faint|p2a: Furret\n|\n|upkeep\n|inactive|Time left: 300 sec this turn | 300 sec total | 5 sec grace\n|\n|t:|1783555790\n|switch|p2a: Araquanid|Araquanid, L82, M|246/246\n|turn|27\n|inactive|Time left: 300 sec this turn | 300 sec total\n|\n|t:|1783555791\n|switch|p2a: Sawsbuck|Sawsbuck, L88, M|40/284\n|move|p1a: Latias|Recover|p1a: Latias\n|-heal|p1a: Latias|100/100\n|\n|upkeep\n|turn|28\n|inactive|Time left: 300 sec this turn | 300 sec total\n|\n|t:|1783555792\n|move|p1a: Latias|Psyshock|p2a: Sawsbuck\n|-damage|p2a: Sawsbuck|0 fnt\n|faint|p2a: Sawsbuck\n|\n|upkeep\n|inactive|Time left: 300 sec this turn | 300 sec total | 5 sec grace\n|\n|t:|1783555793\n|switch|p2a: Sandaconda|Sandaconda, L84, F|258/258\n|turn|29\n|inactive|Time left: 300 sec this turn | 300 sec total\n|\n|t:|1783555793\n|move|p1a: Latias|Draco Meteor|p2a: Sandaconda\n|-damage|p2a: Sandaconda|0 fnt\n|-unboost|p1a: Latias|spa|2\n|faint|p2a: Sandaconda\n|\n|upkeep\n|inactive|Time left: 300 sec this turn | 300 sec total | 5 sec grace\n|\n|t:|1783555794\n|switch|p2a: Araquanid|Araquanid, L82, M|246/246\n|turn|30\n|inactive|Time left: 300 sec this turn | 300 sec total\n|\n|t:|1783555795\n|-terastallize|p2a: Araquanid|Water\n|move|p1a: Latias|Psyshock|p2a: Araquanid\n|-damage|p2a: Araquanid|96/246\n|move|p2a: Araquanid|Liquidation|p1a: Latias\n|-crit|p1a: Latias\n|-damage|p1a: Latias|0 fnt\n|faint|p1a: Latias\n|\n|upkeep\n|\n|t:|1783555796\n|switch|p1a: Dunsparce|Dunsparce, L86, M|100/100\n|-activate|p1a: Dunsparce|move: Sticky Web\n|-unboost|p1a: Dunsparce|spe|1\n|turn|31\n|inactive|Time left: 300 sec this turn | 300 sec total\n|\n|t:|1783555797\n|move|p2a: Araquanid|Hydro Pump|p1a: Dunsparce\n|-damage|p1a: Dunsparce|56/100\n|move|p1a: Dunsparce|Body Slam|p2a: Araquanid\n|-damage|p2a: Araquanid|18/246\n|-status|p2a: Araquanid|par\n|\n|upkeep\n|turn|32\n|inactive|Time left: 300 sec this turn | 300 sec total\n|\n|t:|1783555798\n|move|p1a: Dunsparce|Earthquake|p2a: Araquanid\n|-damage|p2a: Araquanid|0 fnt\n|faint|p2a: Araquanid\n|\n|win|p0x13574c9b", "uploadtime": 1783555798, "views": 0, "rating": 0, "private": 0, "password": null, "_winner": "p0x13574c9b", "_our_name": "p0y13573fc7"}