{"id": "battle-gen9randombattle-2743", "formatid": "gen9randombattle", "format": "[Gen 9] Random Battle", "players": ["p0x2743118c", "p0y27434e4b"], "log": "|init|battle\n|title|p0x2743118c vs. p0y27434e4b\n|j|\u2606p0x2743118c\n|j|\u2606p0y27434e4b\n|t:|1783571612\n|gametype|singles\n|player|p1|p0x2743118c|2|\n|player|p2|p0y27434e4b|101|\n|gen|9\n|tier|[Gen 9] Random Battle\n|rule|Species Clause: Limit one of each Pok\u00e9mon\n|rule|HP Percentage Mod: HP is shown in percentages\n|rule|Sleep Clause Mod: Limit one foe put to sleep\n|rule|Illusion Level Mod: Illusion disguises the Pok\u00e9mon's true level\n|\n|t:|1783571612\n|teamsize|p1|6\n|teamsize|p2|6\n|start\n|switch|p1a: Sneasler|Sneasler, L74, M|100/100\n|switch|p2a: Kilowattrel|Kilowattrel, L83, F|252/252\n|turn|1\n|inactive|Battle timer is ON: inactive players will automatically lose when time's up. (requested by p0y27434e4b)\n|inactive|p0x2743118c also wants the timer to be on.\n|\n|t:|1783571614\n|move|p2a: Kilowattrel|Hurricane|p1a: Sneasler\n|-supereffective|p1a: Sneasler\n|-damage|p1a: Sneasler|0 fnt\n|faint|p1a: Sneasler\n|\n|upkeep\n|\n|t:|1783571615\n|switch|p1a: Lurantis|Lurantis, L87, F|100/100\n|turn|2\n|inactive|Time left: 300 sec this turn | 300 sec total\n|\n|t:|1783571616\n|move|p2a: Kilowattrel|Hurricane|p1a: Lurantis|[miss]\n|-miss|p2a: Kilowattrel|p1a: Lurantis\n|move|p1a: Lurantis|Leaf Storm|p2a: Kilowattrel\n|-resisted|p2a: Kilowattrel\n|-damage|p2a: Kilowattrel|165/252\n|-boost|p1a: Lurantis|spa|2\n|\n|upkeep\n|turn|3\n|inactive|Time left: 300 sec this turn | 300 sec total\n|\n|t:|1783571617\n|move|p2a: Kilowattrel|Hurricane|p1a: Lurantis\n|-supereffective|p1a: Lurantis\n|-damage|p1a: Lurantis|11/100\n|move|p1a: Lurantis|Leaf Storm|p2a: Kilowattrel\n|-resisted|p2a: Kilowattrel\n|-damage|p2a: Kilowattrel|0 fnt\n|-boost|p1a: Lurantis|spa|2\n|faint|p2a: Kilowattrel\n|\n|-heal|p1a: Lurantis|17/100|[from] item: Leftovers\n|upkeep\n|inactive|Time left: 300 sec this turn | 300 sec total | 5 sec grace\n|\n|t:|1783571618\n|switch|p2a: Gengar|Gengar, L81, M|230/230\n|turn|4\n|inactive|Time left: 300 sec this turn | 300 sec total\n|\n|t:|1783571619\n|move|p2a: Gengar|Sludge Wave|p1a: Lurantis\n|-supereffective|p1a: Lurantis\n|-damage|p1a: Lurantis|0 fnt\n|faint|p1a: Lurantis\n|-damage|p2a: Gengar|207/230|[from] item: Life Orb\n|\n|upkeep\n|\n|t:|1783571620\n|switch|p1a: Hoopa|Hoopa-Unbound, L80|100/100\n|turn|5\n|inactive|Time left: 300 sec this turn | 300 sec total\n|\n|t:|1783571621\n|switch|p2a: Granbull|Granbull, L88, M|302/302\n|-ability|p2a: Granbull|Intimidate|boost\n|-unboost|p1a: Hoopa|atk|1\n|move|p1a: Hoopa|Hyperspace Fury|p2a: Granbull\n|-resisted|p2a: Granbull\n|-damage|p2a: Granbull|225/302\n|-unboost|p1a: Hoopa|def|1\n|\n|-heal|p2a: Granbull|243/302|[from] item: Leftovers\n|upkeep\n|turn|6\n|inactive|Time left: 300 sec this turn | 300 sec total\n|\n|t:|1783571623\n|switch|p1a: Vespiquen|Vespiquen, L99, F|100/100\n|-ability|p1a: Vespiquen|Pressure\n|move|p2a: Granbull|Play Rough|p1a: Vespiquen\n|-crit|p1a: Vespiquen\n|-damage|p1a: Vespiquen|57/100\n|-unboost|p1a: Vespiquen|atk|1\n|\n|-heal|p2a: Granbull|261/302|[from] item: Leftovers\n|upkeep\n|turn|7\n|inactive|Time left: 300 sec this turn | 300 sec total\n|\n|t:|1783571623\n|move|p1a: Vespiquen|Air Slash|p2a: Granbull\n|-damage|p2a: Granbull|146/302\n|move|p2a: Granbull|Play Rough|p1a: Vespiquen\n|-damage|p1a: Vespiquen|28/100\n|\n|-heal|p2a: Granbull|164/302|[from] item: Leftovers\n|upkeep\n|turn|8\n|inactive|Time left: 300 sec this turn | 300 sec total\n|\n|t:|1783571625\n|move|p1a: Vespiquen|Roost|p1a: Vespiquen\n|-heal|p1a: Vespiquen|78/100\n|-singleturn|p1a: Vespiquen|move: Roost\n|move|p2a: Granbull|Play Rough|p1a: Vespiquen\n|-damage|p1a: Vespiquen|47/100\n|\n|-heal|p2a: Granbull|182/302|[from] item: Leftovers\n|upkeep\n|turn|9\n|inactive|Time left: 300 sec this turn | 300 sec total\n|\n|t:|1783571626\n|move|p1a: Vespiquen|Roost|p1a: Vespiquen\n|-heal|p1a: Vespiquen|97/100\n|-singleturn|p1a: Vespiquen|move: Roost\n|move|p2a: Granbull|Thunder Wave|p1a: Vespiquen\n|-status|p1a: Vespiquen|par\n|\n|-heal|p2a: Granbull|200/302|[from] item: Leftovers\n|upkeep\n|turn|10\n|inactive|Time left: 300 sec this turn | 300 sec total\n|\n|t:|1783571627\n|move|p2a: Granbull|Play Rough|p1a: Vespiquen\n|-damage|p1a: Vespiquen|64/100 par\n|move|p1a: Vespiquen|U-turn|p2a: Granbull\n|-resisted|p2a: Granbull\n|-damage|p2a: Granbull|168/302\n|\n|t:|1783571627\n|switch|p1a: Azumarill|Azumarill, L82, M|100/100|[from] U-turn\n|\n|-heal|p2a: Granbull|186/302|[from] item: Leftovers\n|upkeep\n|turn|11\n|inactive|Time left: 300 sec this turn | 300 sec total\n|\n|t:|1783571628\n|move|p1a: Azumarill|Liquidation|p2a: Granbull\n|-damage|p2a: Granbull|6/302\n|move|p2a: Granbull|Play Rough|p1a: Azumarill|[miss]\n|-miss|p2a: Granbull|p1a: Azumarill\n|\n|-heal|p2a: Granbull|24/302|[from] item: Leftovers\n|upkeep\n|turn|12\n|inactive|Time left: 300 sec this turn | 300 sec total\n|\n|t:|1783571629\n|move|p1a: Azumarill|Liquidation|p2a: Granbull\n|-damage|p2a: Granbull|0 fnt\n|faint|p2a: Granbull\n|\n|upkeep\n|inactive|Time left: 300 sec this turn | 300 sec total | 5 sec grace\n|\n|t:|1783571631\n|switch|p2a: Galvantula|Galvantula, L82, F|249/249\n|turn|13\n|inactive|Time left: 300 sec this turn | 300 sec total\n|\n|t:|1783571632\n|move|p2a: Galvantula|Thunder|p1a: Azumarill\n|-supereffective|p1a: Azumarill\n|-damage|p1a: Azumarill|15/100\n|move|p1a: Azumarill|Liquidation|p2a: Galvantula\n|-damage|p2a: Galvantula|50/249\n|\n|upkeep\n|turn|14\n|inactive|Time left: 300 sec this turn | 300 sec total\n|\n|t:|1783571633\n|switch|p1a: Iron Crown|Iron Crown, L78|100/100\n|move|p2a: Galvantula|Thunder|p1a: Iron Crown|[miss]\n|-miss|p2a: Galvantula|p1a: Iron Crown\n|\n|upkeep\n|turn|15\n|inactive|Time left: 300 sec this turn | 300 sec total\n|\n|t:|1783571634\n|move|p2a: Galvantula|Sticky Web|p1a: Iron Crown\n|-sidestart|p1: p0x2743118c|move: Sticky Web\n|move|p1a: Iron Crown|Calm Mind|p1a: Iron Crown\n|-boost|p1a: Iron Crown|spa|1\n|-boost|p1a: Iron Crown|spd|1\n|\n|upkeep\n|turn|16\n|inactive|Time left: 300 sec this turn | 300 sec total\n|\n|t:|1783571635\n|move|p2a: Galvantula|Thunder|p1a: Iron Crown\n|-damage|p1a: Iron Crown|73/100\n|move|p1a: Iron Crown|Tachyon Cutter|p2a: Galvantula\n|-resisted|p2a: Galvantula\n|-damage|p2a: Galvantula|0 fnt\n|faint|p2a: Galvantula\n|-hitcount|p2: Galvantula|1\n|\n|-heal|p1a: Iron Crown|78/100|[from] item: Leftovers\n|upkeep\n|inactive|Time left: 300 sec this turn | 300 sec total | 5 sec grace\n|\n|t:|1783571636\n|switch|p2a: Torterra|Torterra, L78, M|276/276\n|turn|17\n|inactive|Time left: 300 sec this turn | 300 sec total\n|\n|t:|1783571636\n|move|p1a: Iron Crown|Tachyon Cutter|p2a: Torterra\n|-damage|p2a: Torterra|191/276\n|-damage|p2a: Torterra|98/276\n|-hitcount|p2a: Torterra|2\n|move|p2a: Torterra|Shell Smash|p2a: Torterra\n|-unboost|p2a: Torterra|def|1\n|-unboost|p2a: Torterra|spd|1\n|-boost|p2a: Torterra|atk|2\n|-boost|p2a: Torterra|spa|2\n|-boost|p2a: Torterra|spe|2\n|\n|-heal|p1a: Iron Crown|84/100|[from] item: Leftovers\n|upkeep\n|turn|18\n|inactive|Time left: 300 sec this turn | 300 sec total\n|\n|t:|1783571637\n|-end|p1a: Iron Crown|Quark Drive|[silent]\n|switch|p1a: Vespiquen|Vespiquen, L99, F|64/100 par\n|-ability|p1a: Vespiquen|Pressure\n|move|p2a: Torterra|Headlong Rush|p1a: Vespiquen\n|-immune|p1a: Vespiquen\n|\n|upkeep\n|turn|19\n|inactive|Time left: 300 sec this turn | 300 sec total\n|\n|t:|1783571639\n|move|p2a: Torterra|Rock Blast|p1a: Vespiquen\n|-supereffective|p1a: Vespiquen\n|-damage|p1a: Vespiquen|26/100 par\n|-supereffective|p1a: Vespiquen\n|-damage|p1a: Vespiquen|0 fnt\n|faint|p1a: Vespiquen\n|-hitcount|p1: Vespiquen|2\n|\n|upkeep\n|\n|t:|1783571640\n|switch|p1a: Azumarill|Azumarill, L82, M|15/100\n|-activate|p1a: Azumarill|move: Sticky Web\n|-unboost|p1a: Azumarill|spe|1\n|turn|20\n|inactive|Time left: 300 sec this turn | 300 sec total\n|\n|t:|1783571641\n|move|p1a: Azumarill|Aqua Jet|p2a: Torterra\n|-damage|p2a: Torterra|0 fnt\n|faint|p2a: Torterra\n|\n|upkeep\n|inactive|Time left: 300 sec this turn | 300 sec total | 5 sec grace\n|\n|t:|1783571642\n|switch|p2a: Meowscarada|Meowscarada, L78, F|247/247\n|turn|21\n|inactive|Time left: 300 sec this turn | 300 sec total\n|\n|t:|1783571642\n|move|p1a: Azumarill|Aqua Jet|p2a: Meowscarada\n|-resisted|p2a: Meowscarada\n|-damage|p2a: Meowscarada|199/247\n|move|p2a: Meowscarada|Knock Off|p1a: Azumarill\n|-start|p2a: Meowscarada|typechange|Dark|[from] ability: Protean\n|-resisted|p1a: Azumarill\n|-damage|p1a: Azumarill|0 fnt\n|-enditem|p1a: Azumarill|Choice Band|[from] move: Knock Off|[of] p2a: Meowscarada\n|faint|p1a: Azumarill\n|\n|upkeep\n|\n|t:|1783571643\n|switch|p1a: Hoopa|Hoopa-Unbound, L80|100/100\n|-activate|p1a: Hoopa|move: Sticky Web\n|-unboost|p1a: Hoopa|spe|1\n|turn|22\n|inactive|Time left: 300 sec this turn | 300 sec total\n|\n|t:|1783571644\n|move|p2a: Meowscarada|Knock Off|p1a: Hoopa\n|-damage|p1a: Hoopa|48/100\n|-enditem|p1a: Hoopa|Choice Band|[from] move: Knock Off|[of] p2a: Meowscarada\n|move|p1a: Hoopa|Drain Punch|p2a: Meowscarada\n|-supereffective|p2a: Meowscarada\n|-damage|p2a: Meowscarada|1/247\n|-heal|p1a: Hoopa|86/100|[from] drain|[of] p2a: Meowscarada\n|-item|p1a: Hoopa|Heavy-Duty Boots|[from] ability: Magician|[of] p2a: Meowscarada\n|\n|upkeep\n|turn|23\n|inactive|Time left: 300 sec this turn | 300 sec total\n|\n|t:|1783571645\n|-terastallize|p1a: Hoopa|Poison\n|move|p2a: Meowscarada|Knock Off|p1a: Hoopa\n|-damage|p1a: Hoopa|36/100\n|-enditem|p1a: Hoopa|Heavy-Duty Boots|[from] move: Knock Off|[of] p2a: Meowscarada\n|move|p1a: Hoopa|Hyperspace Fury|p2a: Meowscarada\n|-resisted|p2a: Meowscarada\n|-damage|p2a: Meowscarada|0 fnt\n|-unboost|p1a: Hoopa|def|1\n|faint|p2a: Meowscarada\n|\n|upkeep\n|inactive|Time left: 300 sec this turn | 300 sec total | 5 sec grace\n|\n|t:|1783571646\n|switch|p2a: Gengar|Gengar, L81, M|207/230\n|turn|24\n|inactive|Time left: 300 sec this turn | 300 sec total\n|\n|t:|1783571646\n|-terastallize|p2a: Gengar|Ghost\n|move|p2a: Gengar|Shadow Ball|p1a: Hoopa\n|-crit|p1a: Hoopa\n|-damage|p1a: Hoopa|0 fnt\n|faint|p1a: Hoopa\n|-damage|p2a: Gengar|184/230|[from] item: Life Orb\n|\n|upkeep\n|\n|t:|1783571647\n|switch|p1a: Iron Crown|Iron Crown, L78|84/100\n|-activate|p1a: Iron Crown|move: Sticky Web\n|-unboost|p1a: Iron Crown|spe|1\n|turn|25\n|inactive|Time left: 300 sec this turn | 300 sec total\n|\n|t:|1783571648\n|move|p2a: Gengar|Shadow Ball|p1a: Iron Crown\n|-supereffective|p1a: Iron Crown\n|-damage|p1a: Iron Crown|0 fnt\n|faint|p1a: Iron Crown\n|-end|p1a: Iron Crown|Quark Drive|[silent]\n|-damage|p2a: Gengar|161/230|[from] item: Life Orb\n|\n|win|p0y27434e4b", "uploadtime": 1783571648, "views": 0, "rating": 0, "private": 0, "password": null, "_winner": "p0y27434e4b", "_our_name": "p0y27434e4b"}