{"id": "battle-gen9randombattle-325", "formatid": "gen9randombattle", "format": "[Gen 9] Random Battle", "players": ["p0x3268270", "p0y326225e"], "log": "|init|battle\n|title|p0x3268270 vs. p0y326225e\n|j|\u2606p0x3268270\n|j|\u2606p0y326225e\n|t:|1783542854\n|gametype|singles\n|player|p1|p0x3268270|266|\n|player|p2|p0y326225e|265|\n|gen|9\n|tier|[Gen 9] Random Battle\n|rule|Species Clause: Limit one of each Pok\u00e9mon\n|rule|HP Percentage Mod: HP is shown in percentages\n|rule|Sleep Clause Mod: Limit one foe put to sleep\n|rule|Illusion Level Mod: Illusion disguises the Pok\u00e9mon's true level\n|\n|t:|1783542854\n|teamsize|p1|6\n|teamsize|p2|6\n|start\n|switch|p1a: Meowstic|Meowstic, L89, M|277/277\n|switch|p2a: Swanna|Swanna, L89, F|100/100\n|turn|1\n|inactive|Battle timer is ON: inactive players will automatically lose when time's up. (requested by p0y326225e)\n|inactive|Time left: 300 sec this turn | 300 sec total | 60 sec grace\n|inactive|p0x3268270 also wants the timer to be on.\n|\n|t:|1783542855\n|move|p1a: Meowstic|Light Screen|p1a: Meowstic\n|-sidestart|p1: p0x3268270|move: Light Screen\n|move|p2a: Swanna|Brave Bird|p1a: Meowstic\n|-damage|p1a: Meowstic|130/277\n|-damage|p2a: Swanna|83/100|[from] Recoil\n|\n|upkeep\n|turn|2\n|inactive|Time left: 300 sec this turn | 300 sec total\n|\n|t:|1783542856\n|move|p1a: Meowstic|Reflect|p1a: Meowstic\n|-sidestart|p1: p0x3268270|Reflect\n|move|p2a: Swanna|Brave Bird|p1a: Meowstic\n|-damage|p1a: Meowstic|61/277\n|-damage|p2a: Swanna|75/100|[from] Recoil\n|\n|upkeep\n|turn|3\n|inactive|Time left: 300 sec this turn | 300 sec total\n|\n|t:|1783542857\n|switch|p1a: Braviary|Braviary-Hisui, L85, M|326/326\n|move|p2a: Swanna|Defog|p1a: Braviary\n|-unboost|p1a: Braviary|evasion|1\n|-sideend|p1: p0x3268270|Reflect\n|-sideend|p1: p0x3268270|move: Light Screen\n|\n|upkeep\n|turn|4\n|inactive|Time left: 300 sec this turn | 300 sec total\n|\n|t:|1783542858\n|move|p2a: Swanna|Brave Bird|p1a: Braviary\n|-damage|p1a: Braviary|164/326\n|-damage|p2a: Swanna|56/100|[from] Recoil\n|move|p1a: Braviary|Psychic|p2a: Swanna\n|-damage|p2a: Swanna|0 fnt\n|faint|p2a: Swanna\n|\n|upkeep\n|\n|t:|1783542859\n|switch|p2a: Haxorus|Haxorus, L77, F|100/100\n|-ability|p2a: Haxorus|Mold Breaker\n|turn|5\n|inactive|Time left: 300 sec this turn | 300 sec total\n|\n|t:|1783542860\n|move|p2a: Haxorus|Outrage|p1a: Braviary\n|-damage|p1a: Braviary|0 fnt\n|faint|p1a: Braviary\n|\n|upkeep\n|inactive|Time left: 300 sec this turn | 300 sec total | 5 sec grace\n|\n|t:|1783542861\n|switch|p1a: Bastiodon|Bastiodon, L89, F|252/252\n|turn|6\n|inactive|Time left: 300 sec this turn | 300 sec total\n|\n|t:|1783542862\n|move|p2a: Haxorus|Outrage|p1a: Bastiodon|[from] lockedmove\n|-resisted|p1a: Bastiodon\n|-damage|p1a: Bastiodon|210/252\n|move|p1a: Bastiodon|Iron Defense|p1a: Bastiodon\n|-boost|p1a: Bastiodon|def|2\n|\n|upkeep\n|turn|7\n|inactive|Time left: 300 sec this turn | 300 sec total\n|\n|t:|1783542863\n|move|p2a: Haxorus|Outrage|p1a: Bastiodon|[from] lockedmove\n|-resisted|p1a: Bastiodon\n|-damage|p1a: Bastiodon|191/252\n|-start|p2a: Haxorus|confusion|[fatigue]\n|-enditem|p2a: Haxorus|Lum Berry|[eat]\n|-end|p2a: Haxorus|confusion\n|move|p1a: Bastiodon|Body Press|p2a: Haxorus\n|-damage|p2a: Haxorus|19/100\n|\n|upkeep\n|turn|8\n|inactive|Time left: 300 sec this turn | 300 sec total\n|\n|t:|1783542864\n|move|p2a: Haxorus|Close Combat|p1a: Bastiodon\n|-supereffective|p1a: Bastiodon\n|-damage|p1a: Bastiodon|67/252\n|-unboost|p2a: Haxorus|def|1\n|-unboost|p2a: Haxorus|spd|1\n|move|p1a: Bastiodon|Body Press|p2a: Haxorus\n|-damage|p2a: Haxorus|0 fnt\n|faint|p2a: Haxorus\n|\n|upkeep\n|\n|t:|1783542865\n|switch|p2a: Annihilape|Annihilape, L76, M|100/100\n|turn|9\n|inactive|Time left: 300 sec this turn | 300 sec total\n|\n|t:|1783542866\n|-terastallize|p1a: Bastiodon|Fighting\n|move|p2a: Annihilape|Drain Punch|p1a: Bastiodon\n|-damage|p1a: Bastiodon|46/252\n|move|p1a: Bastiodon|Rest|p1a: Bastiodon\n|-status|p1a: Bastiodon|slp|[from] move: Rest\n|-heal|p1a: Bastiodon|252/252 slp|[silent]\n|-enditem|p1a: Bastiodon|Chesto Berry|[eat]\n|-curestatus|p1a: Bastiodon|slp|[msg]\n|\n|upkeep\n|turn|10\n|inactive|Time left: 300 sec this turn | 300 sec total\n|\n|t:|1783542867\n|move|p2a: Annihilape|Bulk Up|p2a: Annihilape\n|-boost|p2a: Annihilape|atk|1\n|-boost|p2a: Annihilape|def|1\n|move|p1a: Bastiodon|Foul Play|p2a: Annihilape\n|-damage|p2a: Annihilape|72/100\n|\n|-heal|p2a: Annihilape|78/100|[from] item: Leftovers\n|upkeep\n|turn|11\n|inactive|Time left: 300 sec this turn | 300 sec total\n|\n|t:|1783542868\n|move|p2a: Annihilape|Bulk Up|p2a: Annihilape\n|-boost|p2a: Annihilape|atk|1\n|-boost|p2a: Annihilape|def|1\n|move|p1a: Bastiodon|Foul Play|p2a: Annihilape\n|-damage|p2a: Annihilape|48/100\n|\n|-heal|p2a: Annihilape|54/100|[from] item: Leftovers\n|upkeep\n|turn|12\n|inactive|Time left: 300 sec this turn | 300 sec total\n|\n|t:|1783542870\n|move|p2a: Annihilape|Drain Punch|p1a: Bastiodon\n|-damage|p1a: Bastiodon|204/252\n|-heal|p2a: Annihilape|62/100|[from] drain|[of] p1a: Bastiodon\n|move|p1a: Bastiodon|Foul Play|p2a: Annihilape\n|-damage|p2a: Annihilape|34/100\n|\n|-heal|p2a: Annihilape|40/100|[from] item: Leftovers\n|upkeep\n|turn|13\n|inactive|Time left: 300 sec this turn | 300 sec total\n|\n|t:|1783542871\n|move|p2a: Annihilape|Drain Punch|p1a: Bastiodon\n|-damage|p1a: Bastiodon|164/252\n|-heal|p2a: Annihilape|47/100|[from] drain|[of] p1a: Bastiodon\n|move|p1a: Bastiodon|Foul Play|p2a: Annihilape\n|-damage|p2a: Annihilape|18/100\n|\n|-heal|p2a: Annihilape|24/100|[from] item: Leftovers\n|upkeep\n|turn|14\n|inactive|Time left: 300 sec this turn | 300 sec total\n|\n|t:|1783542872\n|move|p2a: Annihilape|Drain Punch|p1a: Bastiodon\n|-damage|p1a: Bastiodon|124/252\n|-heal|p2a: Annihilape|31/100|[from] drain|[of] p1a: Bastiodon\n|move|p1a: Bastiodon|Foul Play|p2a: Annihilape\n|-damage|p2a: Annihilape|2/100\n|\n|-heal|p2a: Annihilape|8/100|[from] item: Leftovers\n|upkeep\n|turn|15\n|inactive|Time left: 300 sec this turn | 300 sec total\n|\n|t:|1783542873\n|move|p2a: Annihilape|Drain Punch|p1a: Bastiodon\n|-damage|p1a: Bastiodon|84/252\n|-heal|p2a: Annihilape|15/100|[from] drain|[of] p1a: Bastiodon\n|move|p1a: Bastiodon|Foul Play|p2a: Annihilape\n|-damage|p2a: Annihilape|0 fnt\n|faint|p2a: Annihilape\n|\n|upkeep\n|\n|t:|1783542874\n|switch|p2a: Cinderace|Cinderace, L77, F|100/100\n|turn|16\n|inactive|Time left: 300 sec this turn | 300 sec total\n|\n|t:|1783542875\n|move|p2a: Cinderace|Gunk Shot|p1a: Bastiodon\n|-start|p2a: Cinderace|typechange|Poison|[from] ability: Libero\n|-damage|p1a: Bastiodon|36/252\n|move|p1a: Bastiodon|Body Press|p2a: Cinderace\n|-resisted|p2a: Cinderace\n|-damage|p2a: Cinderace|25/100\n|\n|upkeep\n|turn|17\n|inactive|Time left: 300 sec this turn | 300 sec total\n|\n|t:|1783542876\n|move|p2a: Cinderace|Gunk Shot|p1a: Bastiodon|[miss]\n|-miss|p2a: Cinderace|p1a: Bastiodon\n|move|p1a: Bastiodon|Body Press|p2a: Cinderace\n|-resisted|p2a: Cinderace\n|-damage|p2a: Cinderace|0 fnt\n|faint|p2a: Cinderace\n|\n|upkeep\n|\n|t:|1783542877\n|switch|p2a: Electrode|Electrode, L92|100/100\n|turn|18\n|inactive|Time left: 300 sec this turn | 300 sec total\n|\n|t:|1783542878\n|switch|p1a: Great Tusk|Great Tusk, L77|304/304\n|move|p2a: Electrode|Volt Switch|p1a: Great Tusk\n|-immune|p1a: Great Tusk\n|\n|upkeep\n|turn|19\n|inactive|Time left: 300 sec this turn | 300 sec total\n|\n|t:|1783542879\n|switch|p2a: Stonjourner|Stonjourner, L91, M|100/100\n|move|p1a: Great Tusk|Earthquake|p2a: Stonjourner\n|-supereffective|p2a: Stonjourner\n|-damage|p2a: Stonjourner|59/100\n|\n|upkeep\n|turn|20\n|inactive|Time left: 300 sec this turn | 300 sec total\n|\n|t:|1783542881\n|move|p1a: Great Tusk|Earthquake|p2a: Stonjourner\n|-supereffective|p2a: Stonjourner\n|-damage|p2a: Stonjourner|17/100\n|move|p2a: Stonjourner|Rock Polish|p2a: Stonjourner\n|-boost|p2a: Stonjourner|spe|2\n|\n|upkeep\n|turn|21\n|inactive|Time left: 300 sec this turn | 300 sec total\n|\n|t:|1783542882\n|move|p2a: Stonjourner|Earthquake|p1a: Great Tusk\n|-damage|p1a: Great Tusk|203/304\n|-damage|p2a: Stonjourner|7/100|[from] item: Life Orb\n|move|p1a: Great Tusk|Earthquake|p2a: Stonjourner\n|-supereffective|p2a: Stonjourner\n|-damage|p2a: Stonjourner|0 fnt\n|faint|p2a: Stonjourner\n|\n|-heal|p1a: Great Tusk|222/304|[from] item: Leftovers\n|upkeep\n|\n|t:|1783542883\n|switch|p2a: Electrode|Electrode, L92|100/100\n|turn|22\n|inactive|Time left: 300 sec this turn | 300 sec total\n|\n|t:|1783542884\n|move|p2a: Electrode|Thunderbolt|p1a: Great Tusk\n|-immune|p1a: Great Tusk\n|move|p1a: Great Tusk|Earthquake|p2a: Electrode\n|-supereffective|p2a: Electrode\n|-damage|p2a: Electrode|14/100\n|\n|-heal|p1a: Great Tusk|241/304|[from] item: Leftovers\n|upkeep\n|turn|23\n|inactive|Time left: 300 sec this turn | 300 sec total\n|\n|t:|1783542885\n|-terastallize|p2a: Electrode|Dark\n|move|p2a: Electrode|Volt Switch|p1a: Great Tusk\n|-immune|p1a: Great Tusk\n|move|p1a: Great Tusk|Close Combat|p2a: Electrode\n|-supereffective|p2a: Electrode\n|-damage|p2a: Electrode|0 fnt\n|-unboost|p1a: Great Tusk|def|1\n|-unboost|p1a: Great Tusk|spd|1\n|faint|p2a: Electrode\n|\n|win|p0x3268270", "uploadtime": 1783542885, "views": 0, "rating": 0, "private": 0, "password": null, "_winner": "p0x3268270", "_our_name": "p0x3268270"}