{"id": "battle-gen9randombattle-940", "formatid": "gen9randombattle", "format": "[Gen 9] Random Battle", "players": ["p0x9405c33", "p0y940ec75"], "log": "|init|battle\n|title|p0x9405c33 vs. p0y940ec75\n|j|\u2606p0x9405c33\n|j|\u2606p0y940ec75\n|t:|1783550783\n|gametype|singles\n|player|p1|p0x9405c33|102|\n|player|p2|p0y940ec75|265|\n|gen|9\n|tier|[Gen 9] Random Battle\n|rule|Species Clause: Limit one of each Pok\u00e9mon\n|rule|HP Percentage Mod: HP is shown in percentages\n|rule|Sleep Clause Mod: Limit one foe put to sleep\n|rule|Illusion Level Mod: Illusion disguises the Pok\u00e9mon's true level\n|\n|t:|1783550783\n|teamsize|p1|6\n|teamsize|p2|6\n|start\n|switch|p1a: Jirachi|Jirachi, L80|291/291\n|switch|p2a: Ninetales|Ninetales-Alola, L78, F|100/100\n|-weather|Snowscape|[from] ability: Snow Warning|[of] p2a: Ninetales\n|turn|1\n|inactive|Battle timer is ON: inactive players will automatically lose when time's up. (requested by p0y940ec75)\n|inactive|Time left: 300 sec this turn | 300 sec total | 60 sec grace\n|inactive|p0x9405c33 also wants the timer to be on.\n|\n|t:|1783550784\n|move|p2a: Ninetales|Aurora Veil|p2a: Ninetales\n|-sidestart|p2: p0y940ec75|move: Aurora Veil\n|move|p1a: Jirachi|Iron Head|p2a: Ninetales\n|-supereffective|p2a: Ninetales\n|-damage|p2a: Ninetales|46/100\n|\n|-weather|Snowscape|[upkeep]\n|upkeep\n|turn|2\n|inactive|Time left: 300 sec this turn | 300 sec total\n|\n|t:|1783550785\n|switch|p2a: Toxicroak|Toxicroak, L84, M|100/100\n|move|p1a: Jirachi|Body Slam|p2a: Toxicroak\n|-damage|p2a: Toxicroak|88/100\n|-status|p2a: Toxicroak|par\n|\n|-weather|Snowscape|[upkeep]\n|upkeep\n|turn|3\n|inactive|Time left: 300 sec this turn | 300 sec total\n|\n|t:|1783550786\n|move|p1a: Jirachi|Iron Head|p2a: Toxicroak\n|-damage|p2a: Toxicroak|70/100 par\n|cant|p2a: Toxicroak|flinch\n|\n|-weather|Snowscape|[upkeep]\n|upkeep\n|turn|4\n|inactive|Time left: 300 sec this turn | 300 sec total\n|\n|t:|1783550788\n|move|p1a: Jirachi|Body Slam|p2a: Toxicroak\n|-damage|p2a: Toxicroak|57/100 par\n|move|p2a: Toxicroak|Swords Dance|p2a: Toxicroak\n|-boost|p2a: Toxicroak|atk|2\n|\n|-weather|Snowscape|[upkeep]\n|upkeep\n|turn|5\n|inactive|Time left: 300 sec this turn | 300 sec total\n|\n|t:|1783550789\n|move|p1a: Jirachi|Protect|p1a: Jirachi\n|-singleturn|p1a: Jirachi|Protect\n|move|p2a: Toxicroak|Knock Off|p1a: Jirachi\n|-activate|p1a: Jirachi|move: Protect\n|\n|-weather|none\n|upkeep\n|turn|6\n|inactive|Time left: 300 sec this turn | 300 sec total\n|\n|t:|1783550790\n|move|p1a: Jirachi|Iron Head|p2a: Toxicroak\n|-damage|p2a: Toxicroak|39/100 par\n|cant|p2a: Toxicroak|par\n|\n|upkeep\n|turn|7\n|inactive|Time left: 300 sec this turn | 300 sec total\n|\n|t:|1783550791\n|move|p1a: Jirachi|Iron Head|p2a: Toxicroak\n|-damage|p2a: Toxicroak|23/100 par\n|cant|p2a: Toxicroak|flinch\n|\n|upkeep\n|turn|8\n|inactive|Time left: 300 sec this turn | 300 sec total\n|\n|t:|1783550792\n|move|p1a: Jirachi|Iron Head|p2a: Toxicroak\n|-damage|p2a: Toxicroak|6/100 par\n|cant|p2a: Toxicroak|flinch\n|\n|-sideend|p2: p0y940ec75|move: Aurora Veil\n|upkeep\n|turn|9\n|inactive|Time left: 300 sec this turn | 300 sec total\n|\n|t:|1783550793\n|move|p1a: Jirachi|Iron Head|p2a: Toxicroak\n|-damage|p2a: Toxicroak|0 fnt\n|faint|p2a: Toxicroak\n|\n|upkeep\n|\n|t:|1783550794\n|switch|p2a: Ninetales|Ninetales-Alola, L78, F|46/100\n|-weather|Snowscape|[from] ability: Snow Warning|[of] p2a: Ninetales\n|turn|10\n|inactive|Time left: 300 sec this turn | 300 sec total\n|\n|t:|1783550795\n|move|p2a: Ninetales|Aurora Veil|p2a: Ninetales\n|-sidestart|p2: p0y940ec75|move: Aurora Veil\n|move|p1a: Jirachi|Iron Head|p2a: Ninetales\n|-supereffective|p2a: Ninetales\n|-damage|p2a: Ninetales|0 fnt\n|faint|p2a: Ninetales\n|\n|-weather|Snowscape|[upkeep]\n|upkeep\n|\n|t:|1783550796\n|switch|p2a: Sandslash|Sandslash-Alola, L88, F|100/100\n|turn|11\n|inactive|Time left: 300 sec this turn | 300 sec total\n|\n|t:|1783550797\n|move|p1a: Jirachi|Protect|p1a: Jirachi\n|-singleturn|p1a: Jirachi|Protect\n|move|p2a: Sandslash|Swords Dance|p2a: Sandslash\n|-boost|p2a: Sandslash|atk|2\n|\n|-weather|Snowscape|[upkeep]\n|upkeep\n|turn|12\n|inactive|Time left: 300 sec this turn | 300 sec total\n|\n|t:|1783550798\n|move|p2a: Sandslash|Earthquake|p1a: Jirachi\n|-supereffective|p1a: Jirachi\n|-damage|p1a: Jirachi|0 fnt\n|faint|p1a: Jirachi\n|-damage|p2a: Sandslash|91/100|[from] item: Life Orb\n|\n|-weather|Snowscape|[upkeep]\n|upkeep\n|inactive|Time left: 300 sec this turn | 300 sec total | 5 sec grace\n|\n|t:|1783550799\n|switch|p1a: Reshiram|Reshiram, L76|277/277\n|-ability|p1a: Reshiram|Turboblaze\n|turn|13\n|inactive|Time left: 300 sec this turn | 300 sec total\n|\n|t:|1783550800\n|move|p2a: Sandslash|Earthquake|p1a: Reshiram\n|-supereffective|p1a: Reshiram\n|-damage|p1a: Reshiram|0 fnt\n|faint|p1a: Reshiram\n|-damage|p2a: Sandslash|81/100|[from] item: Life Orb\n|\n|-weather|Snowscape|[upkeep]\n|upkeep\n|inactive|Time left: 300 sec this turn | 300 sec total | 5 sec grace\n|\n|t:|1783550801\n|switch|p1a: Salazzle|Salazzle, L83, F|249/249\n|turn|14\n|inactive|Time left: 300 sec this turn | 300 sec total\n|\n|t:|1783550803\n|-terastallize|p2a: Sandslash|Ground\n|move|p2a: Sandslash|Triple Axel|p1a: Salazzle\n|-resisted|p1a: Salazzle\n|-damage|p1a: Salazzle|205/249\n|-resisted|p1a: Salazzle\n|-damage|p1a: Salazzle|128/249\n|-resisted|p1a: Salazzle\n|-damage|p1a: Salazzle|11/249\n|-hitcount|p1a: Salazzle|3\n|-damage|p2a: Sandslash|71/100|[from] item: Life Orb\n|move|p1a: Salazzle|Flamethrower|p2a: Sandslash\n|-damage|p2a: Sandslash|48/100\n|\n|-weather|none\n|-heal|p1a: Salazzle|26/249|[from] item: Leftovers\n|upkeep\n|turn|15\n|inactive|Time left: 300 sec this turn | 300 sec total\n|\n|t:|1783550804\n|move|p1a: Salazzle|Flamethrower|p2a: Sandslash\n|-damage|p2a: Sandslash|26/100\n|move|p2a: Sandslash|Earthquake|p1a: Salazzle\n|-supereffective|p1a: Salazzle\n|-damage|p1a: Salazzle|0 fnt\n|faint|p1a: Salazzle\n|-damage|p2a: Sandslash|16/100|[from] item: Life Orb\n|\n|upkeep\n|inactive|Time left: 300 sec this turn | 300 sec total | 5 sec grace\n|\n|t:|1783550805\n|switch|p1a: Iron Jugulis|Iron Jugulis, L77|271/271\n|turn|16\n|inactive|Time left: 300 sec this turn | 300 sec total\n|\n|t:|1783550806\n|switch|p2a: Chansey|Chansey, L85, F|100/100\n|move|p1a: Iron Jugulis|Dark Pulse|p2a: Chansey\n|-crit|p2a: Chansey\n|-damage|p2a: Chansey|88/100\n|\n|upkeep\n|turn|17\n|inactive|Time left: 300 sec this turn | 300 sec total\n|\n|t:|1783550807\n|-end|p1a: Iron Jugulis|Quark Drive|[silent]\n|switch|p1a: Hitmonchan|Hitmonchan, L87, M|229/229\n|move|p2a: Chansey|Seismic Toss|p1a: Hitmonchan\n|-damage|p1a: Hitmonchan|144/229\n|\n|-heal|p1a: Hitmonchan|158/229|[from] item: Leftovers\n|-sideend|p2: p0y940ec75|move: Aurora Veil\n|upkeep\n|turn|18\n|inactive|Time left: 300 sec this turn | 300 sec total\n|\n|t:|1783550808\n|switch|p2a: Annihilape|Annihilape, L76, M|100/100\n|move|p1a: Hitmonchan|Drain Punch|p2a: Annihilape\n|-immune|p2a: Annihilape\n|\n|-heal|p1a: Hitmonchan|172/229|[from] item: Leftovers\n|upkeep\n|turn|19\n|inactive|Time left: 300 sec this turn | 300 sec total\n|\n|t:|1783550809\n|move|p1a: Hitmonchan|Swords Dance|p1a: Hitmonchan\n|-boost|p1a: Hitmonchan|atk|2\n|move|p2a: Annihilape|Bulk Up|p2a: Annihilape\n|-boost|p2a: Annihilape|atk|1\n|-boost|p2a: Annihilape|def|1\n|\n|-heal|p1a: Hitmonchan|186/229|[from] item: Leftovers\n|upkeep\n|turn|20\n|inactive|Time left: 300 sec this turn | 300 sec total\n|\n|t:|1783550810\n|move|p1a: Hitmonchan|Swords Dance|p1a: Hitmonchan\n|-boost|p1a: Hitmonchan|atk|2\n|move|p2a: Annihilape|Drain Punch|p1a: Hitmonchan\n|-damage|p1a: Hitmonchan|63/229\n|\n|-heal|p1a: Hitmonchan|77/229|[from] item: Leftovers\n|upkeep\n|turn|21\n|inactive|Time left: 300 sec this turn | 300 sec total\n|\n|t:|1783550811\n|-terastallize|p1a: Hitmonchan|Dark\n|move|p1a: Hitmonchan|Knock Off|p2a: Annihilape\n|-damage|p2a: Annihilape|0 fnt\n|-enditem|p2a: Annihilape|Chesto Berry|[from] move: Knock Off|[of] p1a: Hitmonchan\n|faint|p2a: Annihilape\n|\n|-heal|p1a: Hitmonchan|91/229|[from] item: Leftovers\n|upkeep\n|\n|t:|1783550812\n|switch|p2a: Dondozo|Dondozo, L78, F|100/100\n|turn|22\n|inactive|Time left: 300 sec this turn | 300 sec total\n|\n|t:|1783550813\n|move|p1a: Hitmonchan|Knock Off|p2a: Dondozo\n|-crit|p2a: Dondozo\n|-damage|p2a: Dondozo|55/100\n|-enditem|p2a: Dondozo|Leftovers|[from] move: Knock Off|[of] p1a: Hitmonchan\n|move|p2a: Dondozo|Wave Crash|p1a: Hitmonchan\n|-damage|p1a: Hitmonchan|0 fnt\n|faint|p1a: Hitmonchan\n|-damage|p2a: Dondozo|47/100|[from] Recoil\n|\n|upkeep\n|inactive|Time left: 300 sec this turn | 300 sec total | 5 sec grace\n|\n|t:|1783550814\n|switch|p1a: Gumshoos|Gumshoos, L95, F|321/321\n|turn|23\n|inactive|Time left: 300 sec this turn | 300 sec total\n|\n|t:|1783550815\n|move|p1a: Gumshoos|Double-Edge|p2a: Dondozo\n|-damage|p2a: Dondozo|0 fnt\n|faint|p2a: Dondozo\n|-damage|p1a: Gumshoos|265/321|[from] Recoil\n|\n|upkeep\n|\n|t:|1783550816\n|switch|p2a: Sandslash|Sandslash-Alola, L88, F, tera:Ground|16/100\n|turn|24\n|inactive|Time left: 300 sec this turn | 300 sec total\n|\n|t:|1783550817\n|move|p2a: Sandslash|Knock Off|p1a: Gumshoos\n|-damage|p1a: Gumshoos|152/321\n|-enditem|p1a: Gumshoos|Choice Band|[from] move: Knock Off|[of] p2a: Sandslash\n|-damage|p2a: Sandslash|7/100|[from] item: Life Orb\n|move|p1a: Gumshoos|Double-Edge|p2a: Sandslash\n|-damage|p2a: Sandslash|0 fnt\n|faint|p2a: Sandslash\n|-damage|p1a: Gumshoos|146/321|[from] Recoil\n|\n|upkeep\n|\n|t:|1783550818\n|switch|p2a: Chansey|Chansey, L85, F|88/100\n|turn|25\n|inactive|Time left: 300 sec this turn | 300 sec total\n|\n|t:|1783550819\n|move|p1a: Gumshoos|Double-Edge|p2a: Chansey\n|-damage|p2a: Chansey|0 fnt\n|faint|p2a: Chansey\n|-damage|p1a: Gumshoos|0 fnt|[from] Recoil\n|faint|p1a: Gumshoos\n|\n|win|p0x9405c33", "uploadtime": 1783550819, "views": 0, "rating": 0, "private": 0, "password": null, "_winner": "p0x9405c33", "_our_name": "p0x9405c33"}