{"id": "battle-gen9randombattle-506", "formatid": "gen9randombattle", "format": "[Gen 9] Random Battle", "players": ["p0x5069cf1", "p0y5061350"], "log": "|init|battle\n|title|p0x5069cf1 vs. p0y5061350\n|j|\u2606p0x5069cf1\n|j|\u2606p0y5061350\n|t:|1783545628\n|gametype|singles\n|player|p1|p0x5069cf1|169|\n|player|p2|p0y5061350|265|\n|gen|9\n|tier|[Gen 9] Random Battle\n|rule|Species Clause: Limit one of each Pok\u00e9mon\n|rule|HP Percentage Mod: HP is shown in percentages\n|rule|Sleep Clause Mod: Limit one foe put to sleep\n|rule|Illusion Level Mod: Illusion disguises the Pok\u00e9mon's true level\n|\n|t:|1783545628\n|teamsize|p1|6\n|teamsize|p2|6\n|start\n|switch|p1a: Indeedee|Indeedee-F, L90, F|272/272\n|switch|p2a: Eelektross|Eelektross, L87, M|100/100\n|-fieldstart|move: Psychic Terrain|[from] ability: Psychic Surge|[of] p1a: Indeedee\n|turn|1\n|inactive|Battle timer is ON: inactive players will automatically lose when time's up. (requested by p0x5069cf1)\n|inactive|p0y5061350 also wants the timer to be on.\n|\n|t:|1783545630\n|move|p1a: Indeedee|Psychic|p2a: Eelektross\n|-damage|p2a: Eelektross|48/100\n|move|p2a: Eelektross|Knock Off|p1a: Indeedee\n|-supereffective|p1a: Indeedee\n|-damage|p1a: Indeedee|72/272\n|-enditem|p1a: Indeedee|Choice Scarf|[from] move: Knock Off|[of] p2a: Eelektross\n|\n|-heal|p2a: Eelektross|55/100|[from] item: Leftovers\n|upkeep\n|turn|2\n|inactive|Time left: 300 sec this turn | 300 sec total\n|\n|t:|1783545632\n|move|p1a: Indeedee|Psychic|p2a: Eelektross\n|-damage|p2a: Eelektross|8/100\n|move|p2a: Eelektross|Supercell Slam|p1a: Indeedee\n|-damage|p1a: Indeedee|0 fnt\n|faint|p1a: Indeedee\n|\n|-heal|p2a: Eelektross|14/100|[from] item: Leftovers\n|upkeep\n|inactive|Time left: 300 sec this turn | 300 sec total | 5 sec grace\n|\n|t:|1783545632\n|switch|p1a: Sandaconda|Sandaconda, L84, M|258/258\n|turn|3\n|inactive|Time left: 300 sec this turn | 300 sec total\n|\n|t:|1783545634\n|move|p1a: Sandaconda|Scale Shot|p2a: Eelektross\n|-damage|p2a: Eelektross|7/100\n|-damage|p2a: Eelektross|0 fnt\n|faint|p2a: Eelektross\n|-hitcount|p2: Eelektross|2\n|-unboost|p1a: Sandaconda|def|1\n|-boost|p1a: Sandaconda|spe|1\n|\n|upkeep\n|\n|t:|1783545635\n|switch|p2a: Kyurem|Kyurem-White, L73|100/100\n|-ability|p2a: Kyurem|Turboblaze\n|turn|4\n|inactive|Time left: 300 sec this turn | 300 sec total\n|\n|t:|1783545636\n|switch|p1a: Chimecho|Chimecho, L93, F|290/290\n|move|p2a: Kyurem|Freeze-Dry|p1a: Chimecho\n|-damage|p1a: Chimecho|164/290\n|\n|-heal|p1a: Chimecho|182/290|[from] item: Leftovers\n|upkeep\n|turn|5\n|inactive|Time left: 300 sec this turn | 300 sec total\n|\n|t:|1783545638\n|move|p2a: Kyurem|Freeze-Dry|p1a: Chimecho\n|-crit|p1a: Chimecho\n|-damage|p1a: Chimecho|0 fnt\n|faint|p1a: Chimecho\n|\n|-fieldend|move: Psychic Terrain\n|upkeep\n|inactive|Time left: 300 sec this turn | 300 sec total | 5 sec grace\n|\n|t:|1783545639\n|switch|p1a: Hawlucha|Hawlucha, L80, F|256/256\n|turn|6\n|inactive|Time left: 300 sec this turn | 300 sec total\n|\n|t:|1783545640\n|-terastallize|p1a: Hawlucha|Fighting\n|move|p1a: Hawlucha|Close Combat|p2a: Kyurem\n|-supereffective|p2a: Kyurem\n|-damage|p2a: Kyurem|0 fnt\n|-unboost|p1a: Hawlucha|def|1\n|-unboost|p1a: Hawlucha|spd|1\n|faint|p2a: Kyurem\n|-enditem|p1a: Hawlucha|White Herb\n|-clearnegativeboost|p1a: Hawlucha|[silent]\n|\n|upkeep\n|\n|t:|1783545641\n|switch|p2a: Thundurus|Thundurus-Therian, L80, M|100/100\n|turn|7\n|inactive|Time left: 300 sec this turn | 300 sec total\n|\n|t:|1783545642\n|switch|p1a: Appletun|Appletun, L92, M|352/352\n|move|p2a: Thundurus|Psychic|p1a: Appletun\n|-crit|p1a: Appletun\n|-damage|p1a: Appletun|173/352\n|-unboost|p1a: Appletun|spd|1\n|\n|-heal|p1a: Appletun|195/352|[from] item: Leftovers\n|upkeep\n|turn|8\n|inactive|Time left: 300 sec this turn | 300 sec total\n|\n|t:|1783545643\n|move|p2a: Thundurus|Psychic|p1a: Appletun\n|-damage|p1a: Appletun|14/352\n|move|p1a: Appletun|Recover|p1a: Appletun\n|-heal|p1a: Appletun|190/352\n|\n|-heal|p1a: Appletun|212/352|[from] item: Leftovers\n|upkeep\n|turn|9\n|inactive|Time left: 300 sec this turn | 300 sec total\n|\n|t:|1783545644\n|move|p2a: Thundurus|Psychic|p1a: Appletun\n|-damage|p1a: Appletun|27/352\n|-unboost|p1a: Appletun|spd|1\n|move|p1a: Appletun|Draco Meteor|p2a: Thundurus\n|-damage|p2a: Thundurus|30/100\n|-unboost|p1a: Appletun|spa|2\n|\n|-heal|p1a: Appletun|49/352|[from] item: Leftovers\n|upkeep\n|turn|10\n|inactive|Time left: 300 sec this turn | 300 sec total\n|\n|t:|1783545646\n|move|p2a: Thundurus|Psychic|p1a: Appletun\n|-damage|p1a: Appletun|0 fnt\n|faint|p1a: Appletun\n|\n|upkeep\n|inactive|Time left: 300 sec this turn | 300 sec total | 5 sec grace\n|\n|t:|1783545647\n|switch|p1a: Sandaconda|Sandaconda, L84, M|258/258\n|turn|11\n|inactive|Time left: 300 sec this turn | 300 sec total\n|\n|t:|1783545648\n|move|p2a: Thundurus|Psychic|p1a: Sandaconda\n|-damage|p1a: Sandaconda|125/258\n|move|p1a: Sandaconda|Scale Shot|p2a: Thundurus\n|-damage|p2a: Thundurus|20/100\n|-damage|p2a: Thundurus|11/100\n|-damage|p2a: Thundurus|2/100\n|-damage|p2a: Thundurus|0 fnt\n|faint|p2a: Thundurus\n|-hitcount|p2: Thundurus|4\n|-unboost|p1a: Sandaconda|def|1\n|-boost|p1a: Sandaconda|spe|1\n|\n|upkeep\n|\n|t:|1783545648\n|switch|p2a: Meowscarada|Meowscarada, L78, M|100/100\n|turn|12\n|inactive|Time left: 300 sec this turn | 300 sec total\n|\n|t:|1783545649\n|move|p1a: Sandaconda|Rock Blast|p2a: Meowscarada\n|-crit|p2a: Meowscarada\n|-damage|p2a: Meowscarada|86/100\n|-damage|p2a: Meowscarada|75/100\n|-damage|p2a: Meowscarada|64/100\n|-damage|p2a: Meowscarada|56/100\n|-damage|p2a: Meowscarada|46/100\n|-hitcount|p2a: Meowscarada|5\n|move|p2a: Meowscarada|Flower Trick|p1a: Sandaconda\n|-start|p2a: Meowscarada|typechange|Grass|[from] ability: Protean\n|-supereffective|p1a: Sandaconda\n|-crit|p1a: Sandaconda\n|-damage|p1a: Sandaconda|0 fnt\n|faint|p1a: Sandaconda\n|\n|upkeep\n|inactive|Time left: 300 sec this turn | 300 sec total | 5 sec grace\n|\n|t:|1783545650\n|switch|p1a: Hawlucha|Hawlucha, L80, F, tera:Fighting|256/256\n|turn|13\n|inactive|Time left: 300 sec this turn | 300 sec total\n|\n|t:|1783545651\n|move|p2a: Meowscarada|Flower Trick|p1a: Hawlucha\n|-crit|p1a: Hawlucha\n|-damage|p1a: Hawlucha|52/256\n|move|p1a: Hawlucha|Close Combat|p2a: Meowscarada\n|-damage|p2a: Meowscarada|0 fnt\n|-unboost|p1a: Hawlucha|def|1\n|-unboost|p1a: Hawlucha|spd|1\n|faint|p2a: Meowscarada\n|\n|upkeep\n|\n|t:|1783545651\n|switch|p2a: Dragalge|Dragalge, L88, M|100/100\n|turn|14\n|inactive|Time left: 300 sec this turn | 300 sec total\n|\n|t:|1783545652\n|move|p1a: Hawlucha|Brave Bird|p2a: Dragalge\n|-damage|p2a: Dragalge|62/100\n|-damage|p1a: Hawlucha|19/256|[from] Recoil\n|move|p2a: Dragalge|Sludge Wave|p1a: Hawlucha\n|-damage|p1a: Hawlucha|0 fnt\n|faint|p1a: Hawlucha\n|\n|-heal|p2a: Dragalge|68/100|[from] item: Leftovers\n|upkeep\n|inactive|Time left: 300 sec this turn | 300 sec total | 5 sec grace\n|\n|t:|1783545653\n|switch|p1a: Volbeat|Volbeat, L90, M|263/263\n|turn|15\n|inactive|Time left: 300 sec this turn | 300 sec total\n|\n|t:|1783545654\n|move|p1a: Volbeat|Thunder Wave|p2a: Dragalge\n|-status|p2a: Dragalge|par\n|move|p2a: Dragalge|Sludge Wave|p1a: Volbeat\n|-damage|p1a: Volbeat|127/263\n|\n|-heal|p2a: Dragalge|74/100 par|[from] item: Leftovers\n|upkeep\n|turn|16\n|inactive|Time left: 300 sec this turn | 300 sec total\n|\n|t:|1783545655\n|move|p1a: Volbeat|Roost|p1a: Volbeat\n|-heal|p1a: Volbeat|259/263\n|-singleturn|p1a: Volbeat|move: Roost\n|move|p2a: Dragalge|Sludge Wave|p1a: Volbeat\n|-damage|p1a: Volbeat|107/263\n|\n|-heal|p2a: Dragalge|80/100 par|[from] item: Leftovers\n|upkeep\n|turn|17\n|inactive|Time left: 300 sec this turn | 300 sec total\n|\n|t:|1783545656\n|move|p1a: Volbeat|Roost|p1a: Volbeat\n|-heal|p1a: Volbeat|239/263\n|-singleturn|p1a: Volbeat|move: Roost\n|cant|p2a: Dragalge|par\n|\n|-heal|p2a: Dragalge|87/100 par|[from] item: Leftovers\n|upkeep\n|turn|18\n|inactive|Time left: 300 sec this turn | 300 sec total\n|\n|t:|1783545657\n|move|p1a: Volbeat|Roost|p1a: Volbeat\n|-heal|p1a: Volbeat|263/263\n|-singleturn|p1a: Volbeat|move: Roost\n|move|p2a: Dragalge|Sludge Wave|p1a: Volbeat\n|-damage|p1a: Volbeat|123/263\n|\n|-heal|p2a: Dragalge|93/100 par|[from] item: Leftovers\n|upkeep\n|turn|19\n|inactive|Time left: 300 sec this turn | 300 sec total\n|\n|t:|1783545658\n|move|p1a: Volbeat|Roost|p1a: Volbeat\n|-heal|p1a: Volbeat|255/263\n|-singleturn|p1a: Volbeat|move: Roost\n|cant|p2a: Dragalge|par\n|\n|-heal|p2a: Dragalge|99/100 par|[from] item: Leftovers\n|upkeep\n|turn|20\n|inactive|Time left: 300 sec this turn | 300 sec total\n|\n|t:|1783545659\n|move|p1a: Volbeat|U-turn|p2a: Dragalge\n|-resisted|p2a: Dragalge\n|-damage|p2a: Dragalge|85/100 par\n|move|p2a: Dragalge|Sludge Wave|p1a: Volbeat\n|-damage|p1a: Volbeat|107/263\n|\n|-heal|p2a: Dragalge|92/100 par|[from] item: Leftovers\n|upkeep\n|turn|21\n|inactive|Time left: 300 sec this turn | 300 sec total\n|\n|t:|1783545660\n|move|p1a: Volbeat|Roost|p1a: Volbeat\n|-heal|p1a: Volbeat|239/263\n|-singleturn|p1a: Volbeat|move: Roost\n|move|p2a: Dragalge|Sludge Wave|p1a: Volbeat\n|-damage|p1a: Volbeat|103/263\n|\n|-heal|p2a: Dragalge|98/100 par|[from] item: Leftovers\n|upkeep\n|turn|22\n|inactive|Time left: 300 sec this turn | 300 sec total\n|\n|t:|1783545660\n|move|p1a: Volbeat|Roost|p1a: Volbeat\n|-heal|p1a: Volbeat|235/263\n|-singleturn|p1a: Volbeat|move: Roost\n|move|p2a: Dragalge|Sludge Wave|p1a: Volbeat\n|-damage|p1a: Volbeat|99/263\n|\n|-heal|p2a: Dragalge|100/100 par|[from] item: Leftovers\n|upkeep\n|turn|23\n|inactive|Time left: 300 sec this turn | 300 sec total\n|\n|t:|1783545661\n|move|p1a: Volbeat|Roost|p1a: Volbeat\n|-heal|p1a: Volbeat|231/263\n|-singleturn|p1a: Volbeat|move: Roost\n|move|p2a: Dragalge|Sludge Wave|p1a: Volbeat\n|-damage|p1a: Volbeat|83/263\n|\n|upkeep\n|turn|24\n|inactive|Time left: 300 sec this turn | 300 sec total\n|\n|t:|1783545662\n|move|p1a: Volbeat|Roost|p1a: Volbeat\n|-heal|p1a: Volbeat|215/263\n|-singleturn|p1a: Volbeat|move: Roost\n|move|p2a: Dragalge|Sludge Wave|p1a: Volbeat\n|-damage|p1a: Volbeat|83/263\n|\n|upkeep\n|turn|25\n|inactive|Time left: 300 sec this turn | 300 sec total\n|\n|t:|1783545663\n|-terastallize|p2a: Dragalge|Fighting\n|move|p1a: Volbeat|U-turn|p2a: Dragalge\n|-resisted|p2a: Dragalge\n|-damage|p2a: Dragalge|87/100 par\n|move|p2a: Dragalge|Sludge Wave|p1a: Volbeat\n|-damage|p1a: Volbeat|0 fnt\n|faint|p1a: Volbeat\n|\n|win|p0y5061350", "uploadtime": 1783545663, "views": 0, "rating": 0, "private": 0, "password": null, "_winner": "p0y5061350", "_our_name": "p0x5069cf1"}