{"id": "battle-gen9randombattle-1287", "formatid": "gen9randombattle", "format": "[Gen 9] Random Battle", "players": ["p0x12878459", "p0y1287c738"], "log": "|init|battle\n|title|p0x12878459 vs. p0y1287c738\n|j|\u2606p0x12878459\n|j|\u2606p0y1287c738\n|t:|1783554943\n|gametype|singles\n|player|p1|p0x12878459|1|\n|player|p2|p0y1287c738|170|\n|gen|9\n|tier|[Gen 9] Random Battle\n|rule|Species Clause: Limit one of each Pok\u00e9mon\n|rule|HP Percentage Mod: HP is shown in percentages\n|rule|Sleep Clause Mod: Limit one foe put to sleep\n|rule|Illusion Level Mod: Illusion disguises the Pok\u00e9mon's true level\n|\n|t:|1783554943\n|teamsize|p1|6\n|teamsize|p2|6\n|start\n|switch|p1a: Dudunsparce|Dudunsparce-Three-Segment, L83, M|100/100\n|switch|p2a: Cloyster|Cloyster, L80, M|211/211\n|turn|1\n|inactive|Battle timer is ON: inactive players will automatically lose when time's up. (requested by p0x12878459)\n|inactive|Time left: 300 sec this turn | 300 sec total | 60 sec grace\n|inactive|p0y1287c738 also wants the timer to be on.\n|\n|t:|1783554945\n|switch|p1a: Glastrier|Glastrier, L86|100/100\n|move|p2a: Cloyster|Shell Smash|p2a: Cloyster\n|-unboost|p2a: Cloyster|def|1\n|-unboost|p2a: Cloyster|spd|1\n|-boost|p2a: Cloyster|atk|2\n|-boost|p2a: Cloyster|spa|2\n|-boost|p2a: Cloyster|spe|2\n|-enditem|p2a: Cloyster|White Herb\n|-clearnegativeboost|p2a: Cloyster|[silent]\n|\n|upkeep\n|turn|2\n|inactive|Time left: 300 sec this turn | 300 sec total\n|\n|t:|1783554946\n|move|p2a: Cloyster|Rock Blast|p1a: Glastrier\n|-supereffective|p1a: Glastrier\n|-damage|p1a: Glastrier|86/100\n|-supereffective|p1a: Glastrier\n|-damage|p1a: Glastrier|70/100\n|-supereffective|p1a: Glastrier\n|-damage|p1a: Glastrier|54/100\n|-supereffective|p1a: Glastrier\n|-damage|p1a: Glastrier|39/100\n|-supereffective|p1a: Glastrier\n|-damage|p1a: Glastrier|25/100\n|-hitcount|p1a: Glastrier|5\n|move|p1a: Glastrier|Close Combat|p2a: Cloyster\n|-supereffective|p2a: Cloyster\n|-damage|p2a: Cloyster|0 fnt\n|-unboost|p1a: Glastrier|def|1\n|-unboost|p1a: Glastrier|spd|1\n|faint|p2a: Cloyster\n|-ability|p1a: Glastrier|Chilling Neigh|boost\n|-boost|p1a: Glastrier|atk|1\n|\n|upkeep\n|inactive|Time left: 300 sec this turn | 300 sec total | 5 sec grace\n|\n|t:|1783554947\n|switch|p2a: Porygon-Z|Porygon-Z, L83|277/277\n|turn|3\n|inactive|Time left: 300 sec this turn | 300 sec total\n|\n|t:|1783554948\n|move|p2a: Porygon-Z|Tri Attack|p1a: Glastrier\n|-damage|p1a: Glastrier|0 fnt\n|faint|p1a: Glastrier\n|\n|upkeep\n|\n|t:|1783554949\n|switch|p1a: Kricketune|Kricketune, L99, F|100/100\n|turn|4\n|inactive|Time left: 300 sec this turn | 300 sec total\n|\n|t:|1783554950\n|move|p2a: Porygon-Z|Tri Attack|p1a: Kricketune\n|-damage|p1a: Kricketune|45/100\n|move|p1a: Kricketune|Sticky Web|p2a: Porygon-Z\n|-sidestart|p2: p0y1287c738|move: Sticky Web\n|\n|upkeep\n|turn|5\n|inactive|Time left: 300 sec this turn | 300 sec total\n|\n|t:|1783554951\n|-terastallize|p1a: Kricketune|Ghost\n|move|p2a: Porygon-Z|Tri Attack|p1a: Kricketune\n|-immune|p1a: Kricketune\n|move|p1a: Kricketune|Pounce|p2a: Porygon-Z\n|-damage|p2a: Porygon-Z|159/277\n|-unboost|p2a: Porygon-Z|spe|1\n|\n|upkeep\n|turn|6\n|inactive|Time left: 300 sec this turn | 300 sec total\n|\n|t:|1783554952\n|switch|p2a: Pincurchin|Pincurchin, F|258/258\n|-activate|p2a: Pincurchin|move: Sticky Web\n|-unboost|p2a: Pincurchin|spe|1\n|-fieldstart|move: Electric Terrain|[from] ability: Electric Surge|[of] p2a: Pincurchin\n|move|p1a: Kricketune|Knock Off|p2a: Pincurchin\n|-damage|p2a: Pincurchin|191/258\n|-enditem|p2a: Pincurchin|Leftovers|[from] move: Knock Off|[of] p1a: Kricketune\n|\n|upkeep\n|turn|7\n|inactive|Time left: 300 sec this turn | 300 sec total\n|\n|t:|1783554953\n|move|p1a: Kricketune|Pounce|p2a: Pincurchin\n|-damage|p2a: Pincurchin|113/258\n|-unboost|p2a: Pincurchin|spe|1\n|move|p2a: Pincurchin|Discharge|p1a: Kricketune\n|-damage|p1a: Kricketune|0 fnt\n|faint|p1a: Kricketune\n|\n|upkeep\n|\n|t:|1783554954\n|switch|p1a: Rayquaza|Rayquaza, L72|100/100\n|-ability|p1a: Rayquaza|Air Lock\n|turn|8\n|inactive|Time left: 300 sec this turn | 300 sec total\n|\n|t:|1783554956\n|move|p1a: Rayquaza|Swords Dance|p1a: Rayquaza\n|-boost|p1a: Rayquaza|atk|2\n|move|p2a: Pincurchin|Discharge|p1a: Rayquaza\n|-damage|p1a: Rayquaza|32/100\n|\n|upkeep\n|turn|9\n|inactive|Time left: 300 sec this turn | 300 sec total\n|\n|t:|1783554957\n|move|p1a: Rayquaza|Scale Shot|p2a: Pincurchin\n|-damage|p2a: Pincurchin|68/258\n|-damage|p2a: Pincurchin|23/258\n|-damage|p2a: Pincurchin|0 fnt\n|faint|p2a: Pincurchin\n|-hitcount|p2: Pincurchin|3\n|-unboost|p1a: Rayquaza|def|1\n|-boost|p1a: Rayquaza|spe|1\n|\n|upkeep\n|inactive|Time left: 300 sec this turn | 300 sec total | 5 sec grace\n|\n|t:|1783554958\n|switch|p2a: Dewgong|Dewgong, L94, M|322/322\n|turn|10\n|inactive|Time left: 300 sec this turn | 300 sec total\n|\n|t:|1783554959\n|move|p1a: Rayquaza|Dragon Ascent|p2a: Dewgong\n|-damage|p2a: Dewgong|52/322\n|-unboost|p1a: Rayquaza|def|1\n|-unboost|p1a: Rayquaza|spd|1\n|move|p2a: Dewgong|Triple Axel|p1a: Rayquaza\n|-supereffective|p1a: Rayquaza\n|-damage|p1a: Rayquaza|0 fnt\n|faint|p1a: Rayquaza\n|-hitcount|p1: Rayquaza|1\n|\n|-fieldend|move: Electric Terrain\n|upkeep\n|\n|t:|1783554960\n|switch|p1a: Malamar|Malamar, L82, F|100/100\n|turn|11\n|inactive|Time left: 300 sec this turn | 300 sec total\n|\n|t:|1783554961\n|move|p2a: Dewgong|Triple Axel|p1a: Malamar\n|-crit|p1a: Malamar\n|-damage|p1a: Malamar|89/100\n|-damage|p1a: Malamar|72/100\n|-damage|p1a: Malamar|51/100\n|-hitcount|p1a: Malamar|3\n|move|p1a: Malamar|Superpower|p2a: Dewgong\n|-supereffective|p2a: Dewgong\n|-crit|p2a: Dewgong\n|-damage|p2a: Dewgong|0 fnt\n|-boost|p1a: Malamar|atk|1\n|-boost|p1a: Malamar|def|1\n|faint|p2a: Dewgong\n|\n|upkeep\n|inactive|Time left: 300 sec this turn | 300 sec total | 5 sec grace\n|\n|t:|1783554962\n|switch|p2a: Porygon-Z|Porygon-Z, L83|159/277\n|-activate|p2a: Porygon-Z|move: Sticky Web\n|-unboost|p2a: Porygon-Z|spe|1\n|turn|12\n|inactive|Time left: 300 sec this turn | 300 sec total\n|\n|t:|1783554963\n|move|p2a: Porygon-Z|Tri Attack|p1a: Malamar\n|-damage|p1a: Malamar|0 fnt\n|faint|p1a: Malamar\n|\n|upkeep\n|\n|t:|1783554964\n|switch|p1a: Ambipom|Ambipom, L84, F|100/100\n|turn|13\n|inactive|Time left: 300 sec this turn | 300 sec total\n|\n|t:|1783554964\n|move|p1a: Ambipom|Double-Edge|p2a: Porygon-Z\n|-damage|p2a: Porygon-Z|0 fnt\n|faint|p2a: Porygon-Z\n|-damage|p1a: Ambipom|81/100|[from] Recoil\n|\n|upkeep\n|inactive|Time left: 300 sec this turn | 300 sec total | 5 sec grace\n|\n|t:|1783554965\n|switch|p2a: Hitmonlee|Hitmonlee, L85, M|223/223\n|-activate|p2a: Hitmonlee|move: Sticky Web\n|-unboost|p2a: Hitmonlee|spe|1\n|turn|14\n|inactive|Time left: 300 sec this turn | 300 sec total\n|\n|t:|1783554966\n|move|p1a: Ambipom|Double-Edge|p2a: Hitmonlee\n|-damage|p2a: Hitmonlee|18/223\n|-damage|p1a: Ambipom|55/100|[from] Recoil\n|move|p2a: Hitmonlee|High Jump Kick|p1a: Ambipom\n|-supereffective|p1a: Ambipom\n|-damage|p1a: Ambipom|0 fnt\n|faint|p1a: Ambipom\n|\n|upkeep\n|\n|t:|1783554967\n|switch|p1a: Dudunsparce|Dudunsparce-Three-Segment, L83, M|100/100\n|turn|15\n|inactive|Time left: 300 sec this turn | 300 sec total\n|\n|t:|1783554968\n|move|p2a: Hitmonlee|High Jump Kick|p1a: Dudunsparce\n|-supereffective|p1a: Dudunsparce\n|-damage|p1a: Dudunsparce|0 fnt\n|faint|p1a: Dudunsparce\n|\n|win|p0y1287c738", "uploadtime": 1783554968, "views": 0, "rating": 0, "private": 0, "password": null, "_winner": "p0y1287c738", "_our_name": "p0y1287c738"}