{"id": "battle-gen9randombattle-2912", "formatid": "gen9randombattle", "format": "[Gen 9] Random Battle", "players": ["p0x2912d542", "p0y2912e9e8"], "log": "|init|battle\n|title|p0x2912d542 vs. p0y2912e9e8\n|j|\u2606p0x2912d542\n|j|\u2606p0y2912e9e8\n|t:|1783572577\n|gametype|singles\n|player|p1|p0x2912d542|1|\n|player|p2|p0y2912e9e8|265|\n|gen|9\n|tier|[Gen 9] Random Battle\n|rule|Species Clause: Limit one of each Pok\u00e9mon\n|rule|HP Percentage Mod: HP is shown in percentages\n|rule|Sleep Clause Mod: Limit one foe put to sleep\n|rule|Illusion Level Mod: Illusion disguises the Pok\u00e9mon's true level\n|\n|t:|1783572577\n|teamsize|p1|6\n|teamsize|p2|6\n|start\n|switch|p1a: Eternatus|Eternatus, L69|100/100\n|switch|p2a: Ogerpon|Ogerpon-Wellspring, L76, F|247/247\n|-ability|p1a: Eternatus|Pressure\n|turn|1\n|inactive|Battle timer is ON: inactive players will automatically lose when time's up. (requested by p0y2912e9e8)\n|inactive|p0x2912d542 also wants the timer to be on.\n|\n|t:|1783572579\n|switch|p2a: Espathra|Espathra, L80, M|283/283\n|move|p1a: Eternatus|Sludge Bomb|p2a: Espathra\n|-damage|p2a: Espathra|169/283\n|\n|-heal|p2a: Espathra|186/283|[from] item: Leftovers\n|upkeep\n|turn|2\n|inactive|Time left: 300 sec this turn | 300 sec total\n|\n|t:|1783572579\n|move|p1a: Eternatus|Sludge Bomb|p2a: Espathra\n|-damage|p2a: Espathra|71/283\n|move|p2a: Espathra|Calm Mind|p2a: Espathra\n|-boost|p2a: Espathra|spa|1\n|-boost|p2a: Espathra|spd|1\n|\n|-heal|p2a: Espathra|88/283|[from] item: Leftovers\n|-ability|p2a: Espathra|Speed Boost|boost\n|-boost|p2a: Espathra|spe|1\n|upkeep\n|turn|3\n|inactive|Time left: 300 sec this turn | 300 sec total\n|\n|t:|1783572580\n|move|p2a: Espathra|Calm Mind|p2a: Espathra\n|-boost|p2a: Espathra|spa|1\n|-boost|p2a: Espathra|spd|1\n|move|p1a: Eternatus|Sludge Bomb|p2a: Espathra\n|-damage|p2a: Espathra|22/283\n|\n|-heal|p2a: Espathra|39/283|[from] item: Leftovers\n|-ability|p2a: Espathra|Speed Boost|boost\n|-boost|p2a: Espathra|spe|1\n|upkeep\n|turn|4\n|inactive|Time left: 300 sec this turn | 300 sec total\n|\n|t:|1783572581\n|switch|p1a: Iron Crown|Iron Crown, L78|100/100\n|move|p2a: Espathra|Stored Power|p1a: Iron Crown\n|-resisted|p1a: Iron Crown\n|-damage|p1a: Iron Crown|76/100\n|\n|-heal|p2a: Espathra|56/283|[from] item: Leftovers\n|-ability|p2a: Espathra|Speed Boost|boost\n|-boost|p2a: Espathra|spe|1\n|upkeep\n|turn|5\n|inactive|Time left: 300 sec this turn | 300 sec total\n|\n|t:|1783572582\n|move|p2a: Espathra|Stored Power|p1a: Iron Crown\n|-resisted|p1a: Iron Crown\n|-damage|p1a: Iron Crown|50/100\n|move|p1a: Iron Crown|Tachyon Cutter|p2a: Espathra\n|-damage|p2a: Espathra|0 fnt\n|faint|p2a: Espathra\n|-hitcount|p2: Espathra|1\n|\n|upkeep\n|inactive|Time left: 300 sec this turn | 300 sec total | 5 sec grace\n|\n|t:|1783572582\n|switch|p2a: Empoleon|Empoleon, L84, M|278/278\n|turn|6\n|inactive|Time left: 300 sec this turn | 300 sec total\n|\n|t:|1783572583\n|move|p1a: Iron Crown|Tachyon Cutter|p2a: Empoleon\n|-resisted|p2a: Empoleon\n|-damage|p2a: Empoleon|260/278\n|-resisted|p2a: Empoleon\n|-damage|p2a: Empoleon|242/278\n|-hitcount|p2a: Empoleon|2\n|move|p2a: Empoleon|Stealth Rock|p1a: Iron Crown\n|-sidestart|p1: p0x2912d542|move: Stealth Rock\n|\n|-heal|p2a: Empoleon|259/278|[from] item: Leftovers\n|upkeep\n|turn|7\n|inactive|Time left: 300 sec this turn | 300 sec total\n|\n|t:|1783572584\n|-end|p1a: Iron Crown|Quark Drive|[silent]\n|switch|p1a: Florges|Florges-Blue, L85, F|100/100\n|-damage|p1a: Florges|88/100|[from] Stealth Rock\n|move|p2a: Empoleon|Knock Off|p1a: Florges\n|-resisted|p1a: Florges\n|-damage|p1a: Florges|74/100\n|-enditem|p1a: Florges|Leftovers|[from] move: Knock Off|[of] p2a: Empoleon\n|\n|-heal|p2a: Empoleon|276/278|[from] item: Leftovers\n|upkeep\n|turn|8\n|inactive|Time left: 300 sec this turn | 300 sec total\n|\n|t:|1783572585\n|switch|p2a: Magcargo|Magcargo, L95, F|268/268\n|move|p1a: Florges|Calm Mind|p1a: Florges\n|-boost|p1a: Florges|spa|1\n|-boost|p1a: Florges|spd|1\n|\n|upkeep\n|turn|9\n|inactive|Time left: 300 sec this turn | 300 sec total\n|\n|t:|1783572586\n|move|p1a: Florges|Calm Mind|p1a: Florges\n|-boost|p1a: Florges|spa|1\n|-boost|p1a: Florges|spd|1\n|move|p2a: Magcargo|Shell Smash|p2a: Magcargo\n|-unboost|p2a: Magcargo|def|1\n|-unboost|p2a: Magcargo|spd|1\n|-boost|p2a: Magcargo|atk|2\n|-boost|p2a: Magcargo|spa|2\n|-boost|p2a: Magcargo|spe|2\n|\n|upkeep\n|turn|10\n|inactive|Time left: 300 sec this turn | 300 sec total\n|\n|t:|1783572587\n|move|p2a: Magcargo|Fire Blast|p1a: Florges|[miss]\n|-miss|p2a: Magcargo|p1a: Florges\n|move|p1a: Florges|Moonblast|p2a: Magcargo\n|-resisted|p2a: Magcargo\n|-crit|p2a: Magcargo\n|-damage|p2a: Magcargo|1/268\n|\n|upkeep\n|turn|11\n|inactive|Time left: 300 sec this turn | 300 sec total\n|\n|t:|1783572588\n|move|p2a: Magcargo|Fire Blast|p1a: Florges|[miss]\n|-miss|p2a: Magcargo|p1a: Florges\n|move|p1a: Florges|Moonblast|p2a: Magcargo\n|-resisted|p2a: Magcargo\n|-damage|p2a: Magcargo|0 fnt\n|faint|p2a: Magcargo\n|\n|upkeep\n|inactive|Time left: 300 sec this turn | 300 sec total | 5 sec grace\n|\n|t:|1783572589\n|switch|p2a: Tinkaton|Tinkaton, L82, F|274/274\n|-ability|p2a: Tinkaton|Mold Breaker\n|turn|12\n|inactive|Time left: 300 sec this turn | 300 sec total\n|\n|t:|1783572590\n|move|p1a: Florges|Protect|p1a: Florges\n|-singleturn|p1a: Florges|Protect\n|move|p2a: Tinkaton|Gigaton Hammer|p1a: Florges\n|-activate|p1a: Florges|move: Protect\n|\n|upkeep\n|turn|13\n|inactive|Time left: 300 sec this turn | 300 sec total\n|\n|t:|1783572591\n|move|p2a: Tinkaton|Encore|p1a: Florges\n|-start|p1a: Florges|Encore\n|move|p1a: Florges|Protect||[still]\n|-fail|p1a: Florges\n|\n|upkeep\n|turn|14\n|inactive|Time left: 300 sec this turn | 300 sec total\n|\n|t:|1783572591\n|move|p1a: Florges|Protect|p1a: Florges\n|-singleturn|p1a: Florges|Protect\n|move|p2a: Tinkaton|Play Rough|p1a: Florges\n|-activate|p1a: Florges|move: Protect\n|\n|upkeep\n|turn|15\n|inactive|Time left: 300 sec this turn | 300 sec total\n|\n|t:|1783572592\n|move|p1a: Florges|Protect|p1a: Florges\n|-singleturn|p1a: Florges|Protect\n|move|p2a: Tinkaton|Gigaton Hammer|p1a: Florges\n|-activate|p1a: Florges|move: Protect\n|\n|-end|p1a: Florges|Encore\n|upkeep\n|turn|16\n|inactive|Time left: 300 sec this turn | 300 sec total\n|\n|t:|1783572593\n|move|p2a: Tinkaton|Encore|p1a: Florges\n|-start|p1a: Florges|Encore\n|move|p1a: Florges|Protect||[still]\n|-fail|p1a: Florges\n|\n|upkeep\n|turn|17\n|inactive|Time left: 300 sec this turn | 300 sec total\n|\n|t:|1783572594\n|move|p1a: Florges|Protect|p1a: Florges\n|-singleturn|p1a: Florges|Protect\n|move|p2a: Tinkaton|Gigaton Hammer|p1a: Florges\n|-activate|p1a: Florges|move: Protect\n|\n|upkeep\n|turn|18\n|inactive|Time left: 300 sec this turn | 300 sec total\n|\n|t:|1783572595\n|move|p1a: Florges|Protect|p1a: Florges\n|-singleturn|p1a: Florges|Protect\n|move|p2a: Tinkaton|Play Rough|p1a: Florges\n|-activate|p1a: Florges|move: Protect\n|\n|-end|p1a: Florges|Encore\n|upkeep\n|turn|19\n|inactive|Time left: 300 sec this turn | 300 sec total\n|\n|t:|1783572596\n|-terastallize|p1a: Florges|Steel\n|move|p2a: Tinkaton|Gigaton Hammer|p1a: Florges\n|-resisted|p1a: Florges\n|-damage|p1a: Florges|45/100\n|move|p1a: Florges|Moonblast|p2a: Tinkaton\n|-resisted|p2a: Tinkaton\n|-damage|p2a: Tinkaton|166/274\n|-unboost|p2a: Tinkaton|spa|1\n|\n|-heal|p2a: Tinkaton|183/274|[from] item: Leftovers\n|upkeep\n|turn|20\n|inactive|Time left: 300 sec this turn | 300 sec total\n|\n|t:|1783572597\n|move|p2a: Tinkaton|Encore|p1a: Florges\n|-start|p1a: Florges|Encore\n|move|p1a: Florges|Moonblast|p2a: Tinkaton\n|-resisted|p2a: Tinkaton\n|-damage|p2a: Tinkaton|73/274\n|\n|-heal|p2a: Tinkaton|90/274|[from] item: Leftovers\n|upkeep\n|turn|21\n|inactive|Time left: 300 sec this turn | 300 sec total\n|\n|t:|1783572598\n|move|p2a: Tinkaton|Gigaton Hammer|p1a: Florges\n|-resisted|p1a: Florges\n|-damage|p1a: Florges|18/100\n|move|p1a: Florges|Moonblast|p2a: Tinkaton\n|-resisted|p2a: Tinkaton\n|-damage|p2a: Tinkaton|0 fnt\n|faint|p2a: Tinkaton\n|\n|upkeep\n|inactive|Time left: 300 sec this turn | 300 sec total | 5 sec grace\n|\n|t:|1783572599\n|switch|p2a: Ogerpon|Ogerpon-Wellspring, L76, F|247/247\n|turn|22\n|inactive|Time left: 300 sec this turn | 300 sec total\n|\n|t:|1783572600\n|move|p2a: Ogerpon|Ivy Cudgel|p1a: Florges|[anim] Ivy Cudgel Water\n|-damage|p1a: Florges|0 fnt\n|faint|p1a: Florges\n|\n|upkeep\n|\n|t:|1783572601\n|switch|p1a: Medicham|Medicham, L86, M|100/100\n|-damage|p1a: Medicham|94/100|[from] Stealth Rock\n|turn|23\n|inactive|Time left: 300 sec this turn | 300 sec total\n|\n|t:|1783572602\n|move|p2a: Ogerpon|Wood Hammer|p1a: Medicham\n|-damage|p1a: Medicham|31/100\n|-damage|p2a: Ogerpon|197/247|[from] Recoil\n|move|p1a: Medicham|Close Combat|p2a: Ogerpon\n|-damage|p2a: Ogerpon|0 fnt\n|-unboost|p1a: Medicham|def|1\n|-unboost|p1a: Medicham|spd|1\n|faint|p2a: Ogerpon\n|\n|upkeep\n|inactive|Time left: 300 sec this turn | 300 sec total | 5 sec grace\n|\n|t:|1783572603\n|switch|p2a: Regigigas|Regigigas, L84|322/322\n|-start|p2a: Regigigas|ability: Slow Start\n|turn|24\n|inactive|Time left: 300 sec this turn | 300 sec total\n|\n|t:|1783572604\n|-terastallize|p2a: Regigigas|Poison\n|move|p1a: Medicham|Close Combat|p2a: Regigigas\n|-resisted|p2a: Regigigas\n|-damage|p2a: Regigigas|210/322\n|-unboost|p1a: Medicham|def|1\n|-unboost|p1a: Medicham|spd|1\n|move|p2a: Regigigas|Body Slam|p1a: Medicham\n|-damage|p1a: Medicham|0 fnt\n|faint|p1a: Medicham\n|\n|-heal|p2a: Regigigas|230/322|[from] item: Leftovers\n|upkeep\n|\n|t:|1783572605\n|switch|p1a: Rayquaza|Rayquaza, L72|100/100\n|-damage|p1a: Rayquaza|76/100|[from] Stealth Rock\n|-ability|p1a: Rayquaza|Air Lock\n|turn|25\n|inactive|Time left: 300 sec this turn | 300 sec total\n|\n|t:|1783572606\n|move|p1a: Rayquaza|Earthquake|p2a: Regigigas\n|-supereffective|p2a: Regigigas\n|-damage|p2a: Regigigas|48/322\n|move|p2a: Regigigas|Body Slam|p1a: Rayquaza\n|-damage|p1a: Rayquaza|45/100\n|\n|-heal|p2a: Regigigas|68/322|[from] item: Leftovers\n|upkeep\n|turn|26\n|inactive|Time left: 300 sec this turn | 300 sec total\n|\n|t:|1783572607\n|move|p2a: Regigigas|Protect|p2a: Regigigas\n|-singleturn|p2a: Regigigas|Protect\n|move|p1a: Rayquaza|Earthquake|p2a: Regigigas\n|-activate|p2a: Regigigas|move: Protect\n|\n|-heal|p2a: Regigigas|88/322|[from] item: Leftovers\n|upkeep\n|turn|27\n|inactive|Time left: 300 sec this turn | 300 sec total\n|\n|t:|1783572608\n|move|p2a: Regigigas|Protect||[still]\n|-fail|p2a: Regigigas\n|move|p1a: Rayquaza|Earthquake|p2a: Regigigas\n|-supereffective|p2a: Regigigas\n|-damage|p2a: Regigigas|0 fnt\n|faint|p2a: Regigigas\n|-end|p2a: Regigigas|Slow Start|[silent]\n|\n|upkeep\n|inactive|Time left: 300 sec this turn | 300 sec total | 5 sec grace\n|\n|t:|1783572609\n|switch|p2a: Empoleon|Empoleon, L84, M|276/278\n|turn|28\n|inactive|Time left: 300 sec this turn | 300 sec total\n|\n|t:|1783572610\n|move|p1a: Rayquaza|Earthquake|p2a: Empoleon\n|-supereffective|p2a: Empoleon\n|-damage|p2a: Empoleon|60/278\n|move|p2a: Empoleon|Roost|p2a: Empoleon\n|-heal|p2a: Empoleon|199/278\n|-singleturn|p2a: Empoleon|move: Roost\n|\n|-heal|p2a: Empoleon|216/278|[from] item: Leftovers\n|upkeep\n|turn|29\n|inactive|Time left: 300 sec this turn | 300 sec total\n|\n|t:|1783572611\n|move|p1a: Rayquaza|Earthquake|p2a: Empoleon\n|-supereffective|p2a: Empoleon\n|-damage|p2a: Empoleon|0 fnt\n|faint|p2a: Empoleon\n|\n|win|p0x2912d542", "uploadtime": 1783572611, "views": 0, "rating": 0, "private": 0, "password": null, "_winner": "p0x2912d542", "_our_name": "p0y2912e9e8"}