{"id": "battle-gen9randombattle-304", "formatid": "gen9randombattle", "format": "[Gen 9] Random Battle", "players": ["p0x3043c85", "p0y304ee40"], "log": "|init|battle\n|title|p0x3043c85 vs. p0y304ee40\n|j|\u2606p0x3043c85\n|j|\u2606p0y304ee40\n|t:|1783542608\n|gametype|singles\n|player|p1|p0x3043c85|265|\n|player|p2|p0y304ee40|266|\n|gen|9\n|tier|[Gen 9] Random Battle\n|rule|Species Clause: Limit one of each Pok\u00e9mon\n|rule|HP Percentage Mod: HP is shown in percentages\n|rule|Sleep Clause Mod: Limit one foe put to sleep\n|rule|Illusion Level Mod: Illusion disguises the Pok\u00e9mon's true level\n|\n|t:|1783542608\n|teamsize|p1|6\n|teamsize|p2|6\n|start\n|switch|p1a: Urshifu|Urshifu, L74, F|100/100\n|switch|p2a: Amoonguss|Amoonguss, L82, M|321/321\n|turn|1\n|inactive|Battle timer is ON: inactive players will automatically lose when time's up. (requested by p0x3043c85)\n|inactive|Time left: 300 sec this turn | 300 sec total | 60 sec grace\n|inactive|p0y304ee40 also wants the timer to be on.\n|\n|t:|1783542610\n|move|p1a: Urshifu|Swords Dance|p1a: Urshifu\n|-boost|p1a: Urshifu|atk|2\n|move|p2a: Amoonguss|Sludge Bomb|p1a: Urshifu\n|-damage|p1a: Urshifu|53/100\n|-status|p1a: Urshifu|psn\n|\n|-damage|p1a: Urshifu|41/100 psn|[from] psn\n|upkeep\n|turn|2\n|inactive|Time left: 300 sec this turn | 300 sec total\n|\n|t:|1783542610\n|switch|p2a: Houndoom|Houndoom, L87, M|272/272\n|move|p1a: Urshifu|Wicked Blow|p2a: Houndoom\n|-resisted|p2a: Houndoom\n|-crit|p2a: Houndoom\n|-damage|p2a: Houndoom|65/272\n|-damage|p1a: Urshifu|31/100 psn|[from] item: Life Orb\n|\n|-damage|p1a: Urshifu|19/100 psn|[from] psn\n|upkeep\n|turn|3\n|inactive|Time left: 300 sec this turn | 300 sec total\n|\n|t:|1783542612\n|move|p2a: Houndoom|Sludge Bomb|p1a: Urshifu\n|-damage|p1a: Urshifu|0 fnt\n|faint|p1a: Urshifu\n|\n|upkeep\n|\n|t:|1783542613\n|switch|p1a: Sudowoodo|Sudowoodo, L94, M|100/100\n|turn|4\n|inactive|Time left: 300 sec this turn | 300 sec total\n|\n|t:|1783542614\n|move|p2a: Houndoom|Dark Pulse|p1a: Sudowoodo\n|-damage|p1a: Sudowoodo|60/100\n|move|p1a: Sudowoodo|Head Smash|p2a: Houndoom\n|-supereffective|p2a: Houndoom\n|-damage|p2a: Houndoom|0 fnt\n|faint|p2a: Houndoom\n|\n|upkeep\n|inactive|Time left: 300 sec this turn | 300 sec total | 5 sec grace\n|\n|t:|1783542615\n|switch|p2a: Flutter Mane|Flutter Mane, L74|203/203\n|turn|5\n|inactive|Time left: 300 sec this turn | 300 sec total\n|\n|t:|1783542616\n|move|p2a: Flutter Mane|Moonblast|p1a: Sudowoodo\n|-damage|p1a: Sudowoodo|2/100\n|move|p1a: Sudowoodo|Head Smash|p2a: Flutter Mane\n|-damage|p2a: Flutter Mane|0 fnt\n|faint|p2a: Flutter Mane\n|-end|p2a: Flutter Mane|Protosynthesis|[silent]\n|\n|upkeep\n|inactive|Time left: 300 sec this turn | 300 sec total | 5 sec grace\n|\n|t:|1783542617\n|switch|p2a: Rillaboom|Rillaboom, L79, F|288/288\n|-fieldstart|move: Grassy Terrain|[from] ability: Grassy Surge|[of] p2a: Rillaboom\n|turn|6\n|inactive|Time left: 300 sec this turn | 300 sec total\n|\n|t:|1783542618\n|switch|p1a: Articuno|Articuno, L86|100/100\n|-ability|p1a: Articuno|Pressure\n|move|p2a: Rillaboom|Knock Off|p1a: Articuno\n|-damage|p1a: Articuno|68/100\n|-enditem|p1a: Articuno|Heavy-Duty Boots|[from] move: Knock Off|[of] p2a: Rillaboom\n|\n|upkeep\n|turn|7\n|inactive|Time left: 300 sec this turn | 300 sec total\n|\n|t:|1783542620\n|switch|p2a: Morpeko|Morpeko, L88, F|245/245\n|move|p1a: Articuno|Freeze-Dry|p2a: Morpeko\n|-damage|p2a: Morpeko|142/245\n|\n|-heal|p2a: Morpeko|157/245|[from] Grassy Terrain\n|-formechange|p2a: Morpeko|Morpeko-Hangry||[from] ability: Hunger Switch\n|upkeep\n|turn|8\n|inactive|Time left: 300 sec this turn | 300 sec total\n|\n|t:|1783542621\n|move|p2a: Morpeko|Aura Wheel|p1a: Articuno\n|-damage|p1a: Articuno|34/100\n|-boost|p2a: Morpeko|spe|1\n|move|p1a: Articuno|U-turn|p2a: Morpeko\n|-supereffective|p2a: Morpeko\n|-damage|p2a: Morpeko|25/245\n|\n|t:|1783542622\n|switch|p1a: Infernape|Infernape, L82, M|100/100|[from] U-turn\n|\n|-heal|p2a: Morpeko|40/245|[from] Grassy Terrain\n|-formechange|p2a: Morpeko|Morpeko||[from] ability: Hunger Switch\n|upkeep\n|turn|9\n|inactive|Time left: 300 sec this turn | 300 sec total\n|\n|t:|1783542623\n|move|p1a: Infernape|Flare Blitz|p2a: Morpeko\n|-damage|p2a: Morpeko|0 fnt\n|faint|p2a: Morpeko\n|-damage|p1a: Infernape|95/100|[from] Recoil\n|\n|-heal|p1a: Infernape|100/100|[from] Grassy Terrain\n|upkeep\n|inactive|Time left: 300 sec this turn | 300 sec total | 5 sec grace\n|\n|t:|1783542624\n|switch|p2a: Seviper|Seviper, L93, F|287/287\n|turn|10\n|inactive|Time left: 300 sec this turn | 300 sec total\n|\n|t:|1783542625\n|move|p1a: Infernape|Flare Blitz|p2a: Seviper\n|-damage|p2a: Seviper|128/287\n|-damage|p1a: Infernape|80/100|[from] Recoil\n|move|p2a: Seviper|Gunk Shot|p1a: Infernape\n|-damage|p1a: Infernape|11/100\n|\n|-heal|p1a: Infernape|17/100|[from] Grassy Terrain\n|-heal|p2a: Seviper|145/287|[from] Grassy Terrain\n|-fieldend|move: Grassy Terrain\n|upkeep\n|turn|11\n|inactive|Time left: 300 sec this turn | 300 sec total\n|\n|t:|1783542627\n|move|p1a: Infernape|Flare Blitz|p2a: Seviper\n|-damage|p2a: Seviper|0 fnt\n|faint|p2a: Seviper\n|-damage|p1a: Infernape|0 fnt|[from] Recoil\n|faint|p1a: Infernape\n|\n|upkeep\n|inactive|Time left: 300 sec this turn | 300 sec total | 5 sec grace\n|\n|t:|1783542628\n|switch|p1a: Iron Leaves|Iron Leaves, L80|100/100\n|switch|p2a: Rillaboom|Rillaboom, L79, F|288/288\n|-fieldstart|move: Grassy Terrain|[from] ability: Grassy Surge|[of] p2a: Rillaboom\n|turn|12\n|inactive|Time left: 300 sec this turn | 300 sec total\n|\n|t:|1783542629\n|move|p1a: Iron Leaves|Megahorn|p2a: Rillaboom\n|-supereffective|p2a: Rillaboom\n|-damage|p2a: Rillaboom|0 fnt\n|faint|p2a: Rillaboom\n|\n|upkeep\n|inactive|Time left: 300 sec this turn | 300 sec total | 5 sec grace\n|\n|t:|1783542630\n|switch|p2a: Amoonguss|Amoonguss, L82, M|321/321\n|turn|13\n|inactive|Time left: 300 sec this turn | 300 sec total\n|\n|t:|1783542631\n|move|p1a: Iron Leaves|Megahorn|p2a: Amoonguss|[miss]\n|-miss|p1a: Iron Leaves|p2a: Amoonguss\n|move|p2a: Amoonguss|Sludge Bomb|p1a: Iron Leaves\n|-supereffective|p1a: Iron Leaves\n|-damage|p1a: Iron Leaves|47/100\n|\n|-heal|p1a: Iron Leaves|54/100|[from] Grassy Terrain\n|upkeep\n|turn|14\n|inactive|Time left: 300 sec this turn | 300 sec total\n|\n|t:|1783542632\n|move|p1a: Iron Leaves|Megahorn|p2a: Amoonguss\n|-damage|p2a: Amoonguss|142/321\n|move|p2a: Amoonguss|Sludge Bomb|p1a: Iron Leaves\n|-supereffective|p1a: Iron Leaves\n|-damage|p1a: Iron Leaves|0 fnt\n|faint|p1a: Iron Leaves\n|-end|p1a: Iron Leaves|Quark Drive|[silent]\n|\n|-heal|p2a: Amoonguss|162/321|[from] Grassy Terrain\n|-heal|p2a: Amoonguss|182/321|[from] item: Leftovers\n|upkeep\n|\n|t:|1783542633\n|switch|p1a: Sudowoodo|Sudowoodo, L94, M|2/100\n|turn|15\n|inactive|Time left: 300 sec this turn | 300 sec total\n|\n|t:|1783542634\n|-terastallize|p2a: Amoonguss|Steel\n|move|p1a: Sudowoodo|Head Smash|p2a: Amoonguss\n|-resisted|p2a: Amoonguss\n|-damage|p2a: Amoonguss|6/321\n|move|p2a: Amoonguss|Sludge Bomb|p1a: Sudowoodo\n|-resisted|p1a: Sudowoodo\n|-damage|p1a: Sudowoodo|0 fnt\n|faint|p1a: Sudowoodo\n|\n|-heal|p2a: Amoonguss|26/321|[from] Grassy Terrain\n|-heal|p2a: Amoonguss|46/321|[from] item: Leftovers\n|upkeep\n|\n|t:|1783542635\n|switch|p1a: Porygon2|Porygon2, L81|100/100\n|-ability|p1a: Porygon2|Download|boost\n|-boost|p1a: Porygon2|atk|1\n|turn|16\n|inactive|Time left: 300 sec this turn | 300 sec total\n|\n|t:|1783542636\n|-terastallize|p1a: Porygon2|Fairy\n|move|p1a: Porygon2|Shadow Ball|p2a: Amoonguss\n|-damage|p2a: Amoonguss|0 fnt\n|faint|p2a: Amoonguss\n|\n|win|p0x3043c85", "uploadtime": 1783542636, "views": 0, "rating": 0, "private": 0, "password": null, "_winner": "p0x3043c85", "_our_name": "p0y304ee40"}