{"id": "battle-gen9randombattle-1698", "formatid": "gen9randombattle", "format": "[Gen 9] Random Battle", "players": ["p0x1698d753", "p0y16989b52"], "log": "|init|battle\n|title|p0x1698d753 vs. p0y16989b52\n|j|\u2606p0x1698d753\n|j|\u2606p0y16989b52\n|t:|1783559676\n|gametype|singles\n|player|p1|p0x1698d753|101|\n|player|p2|p0y16989b52|102|\n|gen|9\n|tier|[Gen 9] Random Battle\n|rule|Species Clause: Limit one of each Pok\u00e9mon\n|rule|HP Percentage Mod: HP is shown in percentages\n|rule|Sleep Clause Mod: Limit one foe put to sleep\n|rule|Illusion Level Mod: Illusion disguises the Pok\u00e9mon's true level\n|\n|t:|1783559676\n|teamsize|p1|6\n|teamsize|p2|6\n|start\n|switch|p1a: Delibird|Delibird, F|252/252\n|switch|p2a: Glimmora|Glimmora, L75, F|100/100\n|turn|1\n|inactive|Battle timer is ON: inactive players will automatically lose when time's up. (requested by p0x1698d753)\n|inactive|p0y16989b52 also wants the timer to be on.\n|\n|t:|1783559678\n|switch|p1a: Iron Crown|Iron Crown, L78|268/268\n|move|p2a: Glimmora|Sludge Wave|p1a: Iron Crown\n|-immune|p1a: Iron Crown\n|\n|upkeep\n|turn|2\n|inactive|Time left: 300 sec this turn | 300 sec total\n|\n|t:|1783559679\n|switch|p2a: Clawitzer|Clawitzer, L87, M|100/100\n|move|p1a: Iron Crown|Tachyon Cutter|p2a: Clawitzer\n|-resisted|p2a: Clawitzer\n|-damage|p2a: Clawitzer|94/100\n|-resisted|p2a: Clawitzer\n|-damage|p2a: Clawitzer|88/100\n|-hitcount|p2a: Clawitzer|2\n|\n|upkeep\n|turn|3\n|inactive|Time left: 300 sec this turn | 300 sec total\n|\n|t:|1783559681\n|move|p1a: Iron Crown|Calm Mind|p1a: Iron Crown\n|-boost|p1a: Iron Crown|spa|1\n|-boost|p1a: Iron Crown|spd|1\n|move|p2a: Clawitzer|Dark Pulse|p1a: Iron Crown\n|-supereffective|p1a: Iron Crown\n|-damage|p1a: Iron Crown|130/268\n|\n|-heal|p1a: Iron Crown|146/268|[from] item: Leftovers\n|upkeep\n|turn|4\n|inactive|Time left: 300 sec this turn | 300 sec total\n|\n|t:|1783559682\n|-terastallize|p1a: Iron Crown|Fighting\n|move|p1a: Iron Crown|Calm Mind|p1a: Iron Crown\n|-boost|p1a: Iron Crown|spa|1\n|-boost|p1a: Iron Crown|spd|1\n|move|p2a: Clawitzer|Dark Pulse|p1a: Iron Crown\n|-resisted|p1a: Iron Crown\n|-damage|p1a: Iron Crown|123/268\n|\n|-heal|p1a: Iron Crown|139/268|[from] item: Leftovers\n|upkeep\n|turn|5\n|inactive|Time left: 300 sec this turn | 300 sec total\n|\n|t:|1783559683\n|move|p1a: Iron Crown|Tachyon Cutter|p2a: Clawitzer\n|-resisted|p2a: Clawitzer\n|-damage|p2a: Clawitzer|76/100\n|-resisted|p2a: Clawitzer\n|-damage|p2a: Clawitzer|62/100\n|-hitcount|p2a: Clawitzer|2\n|move|p2a: Clawitzer|U-turn|p1a: Iron Crown\n|-resisted|p1a: Iron Crown\n|-damage|p1a: Iron Crown|120/268\n|\n|t:|1783559684\n|switch|p2a: Wugtrio|Wugtrio, L91, M|100/100|[from] U-turn\n|\n|-heal|p1a: Iron Crown|136/268|[from] item: Leftovers\n|upkeep\n|turn|6\n|inactive|Time left: 300 sec this turn | 300 sec total\n|\n|t:|1783559685\n|-end|p1a: Iron Crown|Quark Drive|[silent]\n|switch|p1a: Lumineon|Lumineon, L93, M|279/279\n|move|p2a: Wugtrio|Liquidation|p1a: Lumineon\n|-ability|p1a: Lumineon|Storm Drain|boost\n|-boost|p1a: Lumineon|spa|1\n|\n|upkeep\n|turn|7\n|inactive|Time left: 300 sec this turn | 300 sec total\n|\n|t:|1783559687\n|switch|p2a: Clawitzer|Clawitzer, L87, M|62/100\n|move|p1a: Lumineon|Hydro Pump|p2a: Clawitzer\n|-resisted|p2a: Clawitzer\n|-damage|p2a: Clawitzer|35/100\n|-damage|p1a: Lumineon|252/279|[from] item: Life Orb\n|\n|upkeep\n|turn|8\n|inactive|Time left: 300 sec this turn | 300 sec total\n|\n|t:|1783559688\n|move|p1a: Lumineon|Alluring Voice|p2a: Clawitzer\n|-damage|p2a: Clawitzer|10/100\n|-damage|p1a: Lumineon|225/279|[from] item: Life Orb\n|move|p2a: Clawitzer|Dark Pulse|p1a: Lumineon\n|-damage|p1a: Lumineon|127/279\n|\n|upkeep\n|turn|9\n|inactive|Time left: 300 sec this turn | 300 sec total\n|\n|t:|1783559689\n|move|p1a: Lumineon|Alluring Voice|p2a: Clawitzer\n|-damage|p2a: Clawitzer|0 fnt\n|faint|p2a: Clawitzer\n|-damage|p1a: Lumineon|100/279|[from] item: Life Orb\n|\n|upkeep\n|\n|t:|1783559690\n|switch|p2a: Wugtrio|Wugtrio, L91, M|100/100\n|turn|10\n|inactive|Time left: 300 sec this turn | 300 sec total\n|\n|t:|1783559691\n|switch|p1a: Vikavolt|Vikavolt, L83, M|263/263\n|move|p2a: Wugtrio|Stomping Tantrum|p1a: Vikavolt\n|-immune|p1a: Vikavolt|[from] ability: Levitate\n|\n|upkeep\n|turn|11\n|inactive|Time left: 300 sec this turn | 300 sec total\n|\n|t:|1783559692\n|switch|p2a: Breloom|Breloom, L83, M|100/100\n|move|p1a: Vikavolt|Sticky Web|p2a: Breloom\n|-sidestart|p2: p0y16989b52|move: Sticky Web\n|\n|upkeep\n|turn|12\n|inactive|Time left: 300 sec this turn | 300 sec total\n|\n|t:|1783559692\n|move|p2a: Breloom|Rock Tomb|p1a: Vikavolt\n|-supereffective|p1a: Vikavolt\n|-damage|p1a: Vikavolt|65/263\n|-unboost|p1a: Vikavolt|spe|1\n|-damage|p2a: Breloom|91/100|[from] item: Life Orb\n|move|p1a: Vikavolt|Bug Buzz|p2a: Breloom\n|-damage|p2a: Breloom|19/100\n|\n|upkeep\n|turn|13\n|inactive|Time left: 300 sec this turn | 300 sec total\n|\n|t:|1783559693\n|move|p2a: Breloom|Bullet Seed|p1a: Vikavolt\n|-resisted|p1a: Vikavolt\n|-damage|p1a: Vikavolt|31/263\n|-resisted|p1a: Vikavolt\n|-damage|p1a: Vikavolt|1/263\n|-resisted|p1a: Vikavolt\n|-damage|p1a: Vikavolt|0 fnt\n|faint|p1a: Vikavolt\n|-hitcount|p1: Vikavolt|3\n|-damage|p2a: Breloom|9/100|[from] item: Life Orb\n|\n|upkeep\n|inactive|Time left: 300 sec this turn | 300 sec total | 5 sec grace\n|\n|t:|1783559694\n|switch|p1a: Iron Crown|Iron Crown, L78, tera:Fighting|136/268\n|turn|14\n|inactive|Time left: 300 sec this turn | 300 sec total\n|\n|t:|1783559695\n|move|p2a: Breloom|Mach Punch|p1a: Iron Crown\n|-damage|p1a: Iron Crown|39/268\n|-damage|p2a: Breloom|0 fnt|[from] item: Life Orb\n|faint|p2a: Breloom\n|move|p1a: Iron Crown|Tachyon Cutter|p2: Breloom|[notarget]\n|-fail|p1a: Iron Crown\n|\n|-heal|p1a: Iron Crown|55/268|[from] item: Leftovers\n|upkeep\n|\n|t:|1783559696\n|switch|p2a: Wugtrio|Wugtrio, L91, M|100/100\n|-activate|p2a: Wugtrio|move: Sticky Web\n|-unboost|p2a: Wugtrio|spe|1\n|turn|15\n|inactive|Time left: 300 sec this turn | 300 sec total\n|\n|t:|1783559697\n|move|p1a: Iron Crown|Psyshock|p2a: Wugtrio\n|-damage|p2a: Wugtrio|41/100\n|move|p2a: Wugtrio|Stomping Tantrum|p1a: Iron Crown\n|-damage|p1a: Iron Crown|0 fnt\n|faint|p1a: Iron Crown\n|-end|p1a: Iron Crown|Quark Drive|[silent]\n|\n|upkeep\n|inactive|Time left: 300 sec this turn | 300 sec total | 5 sec grace\n|\n|t:|1783559698\n|switch|p1a: Delibird|Delibird, F|252/252\n|turn|16\n|inactive|Time left: 300 sec this turn | 300 sec total\n|\n|t:|1783559699\n|switch|p2a: Klawf|Klawf, L90, F|100/100\n|-activate|p2a: Klawf|move: Sticky Web\n|-unboost|p2a: Klawf|spe|1\n|move|p1a: Delibird|Freeze-Dry|p2a: Klawf\n|-damage|p2a: Klawf|64/100\n|\n|upkeep\n|turn|17\n|inactive|Time left: 300 sec this turn | 300 sec total\n|\n|t:|1783559700\n|move|p1a: Delibird|Freeze-Dry|p2a: Klawf\n|-damage|p2a: Klawf|23/100\n|move|p2a: Klawf|Stone Edge|p1a: Delibird|[miss]\n|-miss|p2a: Klawf|p1a: Delibird\n|\n|upkeep\n|turn|18\n|inactive|Time left: 300 sec this turn | 300 sec total\n|\n|t:|1783559702\n|switch|p2a: Electivire|Electivire, L84, M|100/100\n|-activate|p2a: Electivire|move: Sticky Web\n|-unboost|p2a: Electivire|spe|1\n|move|p1a: Delibird|Freeze-Dry|p2a: Electivire\n|-damage|p2a: Electivire|72/100\n|\n|upkeep\n|turn|19\n|inactive|Time left: 300 sec this turn | 300 sec total\n|\n|t:|1783559703\n|move|p1a: Delibird|Freeze-Dry|p2a: Electivire\n|-damage|p2a: Electivire|43/100\n|move|p2a: Electivire|Supercell Slam|p1a: Delibird\n|-supereffective|p1a: Delibird\n|-damage|p1a: Delibird|0 fnt\n|faint|p1a: Delibird\n|-damage|p2a: Electivire|34/100|[from] item: Life Orb\n|\n|upkeep\n|inactive|Time left: 300 sec this turn | 300 sec total | 5 sec grace\n|\n|t:|1783559704\n|switch|p1a: Blaziken|Blaziken, L76, M|247/247\n|turn|20\n|inactive|Time left: 300 sec this turn | 300 sec total\n|\n|t:|1783559705\n|move|p1a: Blaziken|Knock Off|p2a: Electivire\n|-damage|p2a: Electivire|0 fnt\n|-enditem|p2a: Electivire|Life Orb|[from] move: Knock Off|[of] p1a: Blaziken\n|faint|p2a: Electivire\n|-damage|p1a: Blaziken|223/247|[from] item: Life Orb\n|\n|-ability|p1a: Blaziken|Speed Boost|boost\n|-boost|p1a: Blaziken|spe|1\n|upkeep\n|\n|t:|1783559706\n|switch|p2a: Glimmora|Glimmora, L75, F|100/100\n|-activate|p2a: Glimmora|move: Sticky Web\n|-unboost|p2a: Glimmora|spe|1\n|turn|21\n|inactive|Time left: 300 sec this turn | 300 sec total\n|\n|t:|1783559707\n|move|p1a: Blaziken|Knock Off|p2a: Glimmora\n|-damage|p2a: Glimmora|63/100\n|-activate|p2a: Glimmora|ability: Toxic Debris\n|-sidestart|p1: p0x1698d753|move: Toxic Spikes\n|-enditem|p2a: Glimmora|Focus Sash|[from] move: Knock Off|[of] p1a: Blaziken\n|-damage|p1a: Blaziken|199/247|[from] item: Life Orb\n|move|p2a: Glimmora|Sludge Wave|p1a: Blaziken\n|-damage|p1a: Blaziken|66/247\n|-status|p1a: Blaziken|psn\n|\n|-damage|p1a: Blaziken|36/247 psn|[from] psn\n|-ability|p1a: Blaziken|Speed Boost|boost\n|-boost|p1a: Blaziken|spe|1\n|upkeep\n|turn|22\n|inactive|Time left: 300 sec this turn | 300 sec total\n|\n|t:|1783559708\n|move|p1a: Blaziken|Close Combat|p2a: Glimmora\n|-damage|p2a: Glimmora|0 fnt\n|-unboost|p1a: Blaziken|def|1\n|-unboost|p1a: Blaziken|spd|1\n|-activate|p2a: Glimmora|ability: Toxic Debris\n|-sidestart|p1: p0x1698d753|move: Toxic Spikes\n|faint|p2a: Glimmora\n|-damage|p1a: Blaziken|12/247 psn|[from] item: Life Orb\n|\n|-damage|p1a: Blaziken|0 fnt|[from] psn\n|faint|p1a: Blaziken\n|upkeep\n|inactive|Time left: 300 sec this turn | 300 sec total | 5 sec grace\n|\n|t:|1783559709\n|switch|p2a: Klawf|Klawf, L90, F|56/100\n|switch|p1a: Coalossal|Coalossal, L89, F|341/341\n|-activate|p2a: Klawf|move: Sticky Web\n|-unboost|p2a: Klawf|spe|1\n|turn|23\n|inactive|Time left: 300 sec this turn | 300 sec total\n|\n|t:|1783559709\n|-terastallize|p2a: Klawf|Water\n|move|p2a: Klawf|Crabhammer|p1a: Coalossal\n|-supereffective|p1a: Coalossal\n|-damage|p1a: Coalossal|0 fnt\n|faint|p1a: Coalossal\n|\n|upkeep\n|inactive|Time left: 300 sec this turn | 300 sec total | 5 sec grace\n|\n|t:|1783559710\n|switch|p1a: Lumineon|Lumineon, L93, M|100/279\n|-status|p1a: Lumineon|tox\n|turn|24\n|inactive|Time left: 300 sec this turn | 300 sec total\n|\n|t:|1783559711\n|move|p1a: Lumineon|Hydro Pump|p2a: Klawf|[miss]\n|-miss|p1a: Lumineon|p2a: Klawf\n|move|p2a: Klawf|Crabhammer|p1a: Lumineon\n|-ability|p1a: Lumineon|Storm Drain|boost\n|-boost|p1a: Lumineon|spa|1\n|\n|-damage|p1a: Lumineon|83/279 tox|[from] psn\n|upkeep\n|turn|25\n|inactive|Time left: 300 sec this turn | 300 sec total\n|\n|t:|1783559712\n|switch|p2a: Wugtrio|Wugtrio, L91, M|41/100\n|-activate|p2a: Wugtrio|move: Sticky Web\n|-unboost|p2a: Wugtrio|spe|1\n|move|p1a: Lumineon|Encore||[still]\n|-fail|p1a: Lumineon\n|\n|-damage|p1a: Lumineon|49/279 tox|[from] psn\n|upkeep\n|turn|26\n|inactive|Time left: 300 sec this turn | 300 sec total\n|\n|t:|1783559713\n|move|p1a: Lumineon|Encore||[still]\n|-fail|p1a: Lumineon\n|move|p2a: Wugtrio|Throat Chop|p1a: Lumineon\n|-damage|p1a: Lumineon|0 fnt\n|faint|p1a: Lumineon\n|\n|win|p0y16989b52", "uploadtime": 1783559713, "views": 0, "rating": 0, "private": 0, "password": null, "_winner": "p0y16989b52", "_our_name": "p0x1698d753"}