{"id": "battle-gen9randombattle-2813", "formatid": "gen9randombattle", "format": "[Gen 9] Random Battle", "players": ["p0x2813923c", "p0y2813bec6"], "log": "|init|battle\n|title|p0x2813923c vs. p0y2813bec6\n|j|\u2606p0x2813923c\n|j|\u2606p0y2813bec6\n|t:|1783571421\n|gametype|singles\n|player|p1|p0x2813923c|169|\n|player|p2|p0y2813bec6|169|\n|gen|9\n|tier|[Gen 9] Random Battle\n|rule|Species Clause: Limit one of each Pok\u00e9mon\n|rule|HP Percentage Mod: HP is shown in percentages\n|rule|Sleep Clause Mod: Limit one foe put to sleep\n|rule|Illusion Level Mod: Illusion disguises the Pok\u00e9mon's true level\n|\n|t:|1783571421\n|teamsize|p1|6\n|teamsize|p2|6\n|start\n|switch|p1a: Gurdurr|Gurdurr, L85, M|283/283\n|switch|p2a: Goodra|Goodra, L85, M|100/100\n|turn|1\n|inactive|Battle timer is ON: inactive players will automatically lose when time's up. (requested by p0y2813bec6)\n|inactive|Time left: 300 sec this turn | 300 sec total | 60 sec grace\n|inactive|p0x2813923c also wants the timer to be on.\n|\n|t:|1783571422\n|switch|p2a: Torkoal|Torkoal, L88, F|100/100\n|-weather|SunnyDay|[from] ability: Drought|[of] p2a: Torkoal\n|move|p1a: Gurdurr|Knock Off|p2a: Torkoal\n|-damage|p2a: Torkoal|83/100\n|-enditem|p2a: Torkoal|Heavy-Duty Boots|[from] move: Knock Off|[of] p1a: Gurdurr\n|\n|-weather|SunnyDay|[upkeep]\n|upkeep\n|turn|2\n|inactive|Time left: 300 sec this turn | 300 sec total\n|\n|t:|1783571424\n|move|p1a: Gurdurr|Bulk Up|p1a: Gurdurr\n|-boost|p1a: Gurdurr|atk|1\n|-boost|p1a: Gurdurr|def|1\n|move|p2a: Torkoal|Lava Plume|p1a: Gurdurr\n|-damage|p1a: Gurdurr|148/283\n|\n|-weather|SunnyDay|[upkeep]\n|upkeep\n|turn|3\n|inactive|Time left: 300 sec this turn | 300 sec total\n|\n|t:|1783571425\n|move|p1a: Gurdurr|Drain Punch|p2a: Torkoal\n|-damage|p2a: Torkoal|49/100\n|-heal|p1a: Gurdurr|194/283|[from] drain|[of] p2a: Torkoal\n|move|p2a: Torkoal|Lava Plume|p1a: Gurdurr\n|-damage|p1a: Gurdurr|59/283\n|-status|p1a: Gurdurr|brn\n|\n|-weather|SunnyDay|[upkeep]\n|-damage|p1a: Gurdurr|42/283 brn|[from] brn\n|upkeep\n|turn|4\n|inactive|Time left: 300 sec this turn | 300 sec total\n|\n|t:|1783571426\n|move|p1a: Gurdurr|Drain Punch|p2a: Torkoal\n|-damage|p2a: Torkoal|0 fnt\n|-heal|p1a: Gurdurr|106/283 brn|[from] drain|[of] p2a: Torkoal\n|faint|p2a: Torkoal\n|\n|-weather|SunnyDay|[upkeep]\n|-damage|p1a: Gurdurr|89/283 brn|[from] brn\n|upkeep\n|\n|t:|1783571427\n|switch|p2a: Charizard|Charizard, L85, F|100/100\n|turn|5\n|inactive|Time left: 300 sec this turn | 300 sec total\n|\n|t:|1783571428\n|move|p2a: Charizard|Flamethrower|p1a: Gurdurr\n|-damage|p1a: Gurdurr|0 fnt\n|faint|p1a: Gurdurr\n|\n|-weather|none\n|upkeep\n|inactive|Time left: 300 sec this turn | 300 sec total | 5 sec grace\n|\n|t:|1783571429\n|switch|p1a: Terrakion|Terrakion, L79|273/273\n|turn|6\n|inactive|Time left: 300 sec this turn | 300 sec total\n|\n|t:|1783571430\n|move|p2a: Charizard|Will-O-Wisp|p1a: Terrakion\n|-status|p1a: Terrakion|brn\n|move|p1a: Terrakion|Stone Edge|p2a: Charizard|[miss]\n|-miss|p1a: Terrakion|p2a: Charizard\n|\n|-damage|p1a: Terrakion|256/273 brn|[from] brn\n|upkeep\n|turn|7\n|inactive|Time left: 300 sec this turn | 300 sec total\n|\n|t:|1783571431\n|switch|p2a: Vaporeon|Vaporeon, L86, M|100/100\n|move|p1a: Terrakion|Stone Edge|p2a: Vaporeon\n|-damage|p2a: Vaporeon|70/100\n|\n|-heal|p2a: Vaporeon|76/100|[from] item: Leftovers\n|-damage|p1a: Terrakion|239/273 brn|[from] brn\n|upkeep\n|turn|8\n|inactive|Time left: 300 sec this turn | 300 sec total\n|\n|t:|1783571432\n|move|p1a: Terrakion|Stone Edge|p2a: Vaporeon\n|-damage|p2a: Vaporeon|46/100\n|move|p2a: Vaporeon|Calm Mind|p2a: Vaporeon\n|-boost|p2a: Vaporeon|spa|1\n|-boost|p2a: Vaporeon|spd|1\n|\n|-heal|p2a: Vaporeon|52/100|[from] item: Leftovers\n|-damage|p1a: Terrakion|222/273 brn|[from] brn\n|upkeep\n|turn|9\n|inactive|Time left: 300 sec this turn | 300 sec total\n|\n|t:|1783571433\n|move|p1a: Terrakion|Stone Edge|p2a: Vaporeon|[miss]\n|-miss|p1a: Terrakion|p2a: Vaporeon\n|move|p2a: Vaporeon|Scald|p1a: Terrakion\n|-supereffective|p1a: Terrakion\n|-damage|p1a: Terrakion|0 fnt\n|faint|p1a: Terrakion\n|\n|-heal|p2a: Vaporeon|58/100|[from] item: Leftovers\n|upkeep\n|inactive|Time left: 300 sec this turn | 300 sec total | 5 sec grace\n|\n|t:|1783571434\n|switch|p1a: Banette|Banette, L93, F|270/270\n|turn|10\n|inactive|Time left: 300 sec this turn | 300 sec total\n|\n|t:|1783571435\n|move|p2a: Vaporeon|Protect|p2a: Vaporeon\n|-singleturn|p2a: Vaporeon|Protect\n|move|p1a: Banette|Poltergeist|p2a: Vaporeon\n|-activate|p2a: Vaporeon|move: Protect\n|\n|-heal|p2a: Vaporeon|64/100|[from] item: Leftovers\n|upkeep\n|turn|11\n|inactive|Time left: 300 sec this turn | 300 sec total\n|\n|t:|1783571436\n|move|p1a: Banette|Poltergeist|p2a: Vaporeon\n|-activate|p2a: Vaporeon|move: Poltergeist|Leftovers\n|-damage|p2a: Vaporeon|0 fnt\n|faint|p2a: Vaporeon\n|-damage|p1a: Banette|243/270|[from] item: Life Orb\n|\n|upkeep\n|\n|t:|1783571437\n|switch|p2a: Goodra|Goodra, L85, M|100/100\n|turn|12\n|inactive|Time left: 300 sec this turn | 300 sec total\n|\n|t:|1783571437\n|move|p2a: Goodra|Knock Off|p1a: Banette\n|-supereffective|p1a: Banette\n|-damage|p1a: Banette|67/270\n|-enditem|p1a: Banette|Life Orb|[from] move: Knock Off|[of] p2a: Goodra\n|move|p1a: Banette|Poltergeist|p2a: Goodra\n|-activate|p2a: Goodra|move: Poltergeist|Assault Vest\n|-damage|p2a: Goodra|36/100\n|\n|upkeep\n|turn|13\n|inactive|Time left: 300 sec this turn | 300 sec total\n|\n|t:|1783571439\n|move|p1a: Banette|Shadow Sneak|p2a: Goodra\n|-damage|p2a: Goodra|11/100\n|move|p2a: Goodra|Earthquake|p1a: Banette\n|-damage|p1a: Banette|0 fnt\n|faint|p1a: Banette\n|\n|upkeep\n|inactive|Time left: 300 sec this turn | 300 sec total | 5 sec grace\n|\n|t:|1783571440\n|switch|p1a: Magearna|Magearna-Original, L77|250/250\n|turn|14\n|inactive|Time left: 300 sec this turn | 300 sec total\n|\n|t:|1783571440\n|move|p2a: Goodra|Earthquake|p1a: Magearna\n|-supereffective|p1a: Magearna\n|-damage|p1a: Magearna|120/250\n|move|p1a: Magearna|Shift Gear|p1a: Magearna\n|-boost|p1a: Magearna|spe|2\n|-boost|p1a: Magearna|atk|1\n|\n|-heal|p1a: Magearna|135/250|[from] item: Leftovers\n|upkeep\n|turn|15\n|inactive|Time left: 300 sec this turn | 300 sec total\n|\n|t:|1783571442\n|move|p1a: Magearna|Flash Cannon|p2a: Goodra\n|-damage|p2a: Goodra|0 fnt\n|faint|p2a: Goodra\n|-ability|p1a: Magearna|Soul-Heart|boost\n|-boost|p1a: Magearna|spa|1\n|\n|-heal|p1a: Magearna|150/250|[from] item: Leftovers\n|upkeep\n|\n|t:|1783571443\n|switch|p2a: Regidrago|Regidrago, L77|100/100\n|turn|16\n|inactive|Time left: 300 sec this turn | 300 sec total\n|\n|t:|1783571444\n|-terastallize|p2a: Regidrago|Steel\n|move|p1a: Magearna|Calm Mind|p1a: Magearna\n|-boost|p1a: Magearna|spa|1\n|-boost|p1a: Magearna|spd|1\n|move|p2a: Regidrago|Dragon Dance|p2a: Regidrago\n|-boost|p2a: Regidrago|atk|1\n|-boost|p2a: Regidrago|spe|1\n|\n|-heal|p1a: Magearna|165/250|[from] item: Leftovers\n|upkeep\n|turn|17\n|inactive|Time left: 300 sec this turn | 300 sec total\n|\n|t:|1783571445\n|move|p1a: Magearna|Flash Cannon|p2a: Regidrago\n|-resisted|p2a: Regidrago\n|-damage|p2a: Regidrago|66/100\n|move|p2a: Regidrago|Earthquake|p1a: Magearna\n|-supereffective|p1a: Magearna\n|-damage|p1a: Magearna|0 fnt\n|faint|p1a: Magearna\n|-damage|p2a: Regidrago|56/100|[from] item: Life Orb\n|\n|upkeep\n|inactive|Time left: 300 sec this turn | 300 sec total | 5 sec grace\n|\n|t:|1783571446\n|switch|p1a: Perrserker|Perrserker, L89, F|269/269\n|turn|18\n|inactive|Time left: 300 sec this turn | 300 sec total\n|\n|t:|1783571447\n|move|p2a: Regidrago|Earthquake|p1a: Perrserker\n|-supereffective|p1a: Perrserker\n|-damage|p1a: Perrserker|58/269\n|-damage|p2a: Regidrago|46/100|[from] item: Life Orb\n|move|p1a: Perrserker|Knock Off|p2a: Regidrago\n|-damage|p2a: Regidrago|0 fnt\n|-enditem|p2a: Regidrago|Life Orb|[from] move: Knock Off|[of] p1a: Perrserker\n|faint|p2a: Regidrago\n|\n|upkeep\n|\n|t:|1783571448\n|switch|p2a: Charizard|Charizard, L85, F|100/100\n|turn|19\n|inactive|Time left: 300 sec this turn | 300 sec total\n|\n|t:|1783571449\n|switch|p1a: Kingdra|Kingdra, L84, M|263/263\n|move|p2a: Charizard|Flamethrower|p1a: Kingdra\n|-resisted|p1a: Kingdra\n|-damage|p1a: Kingdra|240/263\n|-status|p1a: Kingdra|brn\n|\n|-damage|p1a: Kingdra|224/263 brn|[from] brn\n|upkeep\n|turn|20\n|inactive|Time left: 300 sec this turn | 300 sec total\n|\n|t:|1783571450\n|switch|p2a: Rotom|Rotom-Mow, L87|100/100\n|move|p1a: Kingdra|Hurricane|p2a: Rotom\n|-damage|p2a: Rotom|63/100\n|-start|p2a: Rotom|confusion\n|-damage|p1a: Kingdra|198/263 brn|[from] item: Life Orb\n|\n|-heal|p2a: Rotom|69/100|[from] item: Leftovers\n|-damage|p1a: Kingdra|182/263 brn|[from] brn\n|upkeep\n|turn|21\n|inactive|Time left: 300 sec this turn | 300 sec total\n|\n|t:|1783571451\n|-activate|p2a: Rotom|confusion\n|move|p2a: Rotom|Thunderbolt|p1a: Kingdra\n|-damage|p1a: Kingdra|79/263 brn\n|move|p1a: Kingdra|Hurricane|p2a: Rotom\n|-damage|p2a: Rotom|31/100\n|-damage|p1a: Kingdra|53/263 brn|[from] item: Life Orb\n|\n|-heal|p2a: Rotom|37/100|[from] item: Leftovers\n|-damage|p1a: Kingdra|37/263 brn|[from] brn\n|upkeep\n|turn|22\n|inactive|Time left: 300 sec this turn | 300 sec total\n|\n|t:|1783571452\n|-end|p2a: Rotom|confusion\n|move|p2a: Rotom|Thunderbolt|p1a: Kingdra\n|-damage|p1a: Kingdra|0 fnt\n|faint|p1a: Kingdra\n|\n|-heal|p2a: Rotom|43/100|[from] item: Leftovers\n|upkeep\n|inactive|Time left: 300 sec this turn | 300 sec total | 5 sec grace\n|\n|t:|1783571453\n|switch|p1a: Perrserker|Perrserker, L89, F|58/269\n|turn|23\n|inactive|Time left: 300 sec this turn | 300 sec total\n|\n|t:|1783571454\n|move|p2a: Rotom|Thunderbolt|p1a: Perrserker\n|-damage|p1a: Perrserker|0 fnt\n|faint|p1a: Perrserker\n|\n|win|p0y2813bec6", "uploadtime": 1783571454, "views": 0, "rating": 0, "private": 0, "password": null, "_winner": "p0y2813bec6", "_our_name": "p0x2813923c"}