{"id": "battle-gen9randombattle-1078", "formatid": "gen9randombattle", "format": "[Gen 9] Random Battle", "players": ["p0x1078a91d", "p0y1078fda8"], "log": "|init|battle\n|title|p0x1078a91d vs. p0y1078fda8\n|j|\u2606p0x1078a91d\n|j|\u2606p0y1078fda8\n|t:|1783552387\n|gametype|singles\n|player|p1|p0x1078a91d|2|\n|player|p2|p0y1078fda8|170|\n|gen|9\n|tier|[Gen 9] Random Battle\n|rule|Species Clause: Limit one of each Pok\u00e9mon\n|rule|HP Percentage Mod: HP is shown in percentages\n|rule|Sleep Clause Mod: Limit one foe put to sleep\n|rule|Illusion Level Mod: Illusion disguises the Pok\u00e9mon's true level\n|\n|t:|1783552387\n|teamsize|p1|6\n|teamsize|p2|6\n|start\n|switch|p1a: Sylveon|Sylveon, L85, F|300/300\n|switch|p2a: Houndoom|Houndoom, L87, M|100/100\n|turn|1\n|inactive|Battle timer is ON: inactive players will automatically lose when time's up. (requested by p0y1078fda8)\n|inactive|Time left: 300 sec this turn | 300 sec total | 60 sec grace\n|\n|t:|1783552388\n|move|p2a: Houndoom|Nasty Plot|p2a: Houndoom\n|-boost|p2a: Houndoom|spa|2\n|move|p1a: Sylveon|Hyper Voice|p2a: Houndoom\n|-damage|p2a: Houndoom|48/100\n|\n|upkeep\n|turn|2\n|inactive|Time left: 300 sec this turn | 300 sec total\n|inactive|p0x1078a91d also wants the timer to be on.\n|\n|t:|1783552389\n|-terastallize|p2a: Houndoom|Fire\n|move|p2a: Houndoom|Fire Blast|p1a: Sylveon\n|-damage|p1a: Sylveon|44/300\n|move|p1a: Sylveon|Hyper Voice|p2a: Houndoom\n|-resisted|p2a: Houndoom\n|-damage|p2a: Houndoom|21/100\n|\n|-heal|p1a: Sylveon|62/300|[from] item: Leftovers\n|upkeep\n|turn|3\n|inactive|Time left: 300 sec this turn | 300 sec total\n|\n|t:|1783552391\n|move|p2a: Houndoom|Dark Pulse|p1a: Sylveon\n|-resisted|p1a: Sylveon\n|-damage|p1a: Sylveon|0 fnt\n|faint|p1a: Sylveon\n|\n|upkeep\n|inactive|Time left: 300 sec this turn | 300 sec total | 5 sec grace\n|\n|t:|1783552391\n|switch|p1a: Iron Moth|Iron Moth, L78|253/253\n|turn|4\n|inactive|Time left: 300 sec this turn | 300 sec total\n|\n|t:|1783552393\n|move|p1a: Iron Moth|Sludge Wave|p2a: Houndoom\n|-damage|p2a: Houndoom|0 fnt\n|faint|p2a: Houndoom\n|\n|upkeep\n|\n|t:|1783552394\n|switch|p2a: Mewtwo|Mewtwo, L72|100/100\n|-ability|p2a: Mewtwo|Pressure\n|turn|5\n|inactive|Time left: 300 sec this turn | 300 sec total\n|\n|t:|1783552395\n|-end|p1a: Iron Moth|Quark Drive|[silent]\n|switch|p1a: Crawdaunt|Crawdaunt, L84, M|243/243\n|move|p2a: Mewtwo|Psystrike|p1a: Crawdaunt\n|-immune|p1a: Crawdaunt\n|\n|upkeep\n|turn|6\n|inactive|Time left: 300 sec this turn | 300 sec total\n|\n|t:|1783552396\n|switch|p2a: Hariyama|Hariyama, L87, F|100/100\n|move|p1a: Crawdaunt|Knock Off|p2a: Hariyama\n|-resisted|p2a: Hariyama\n|-damage|p2a: Hariyama|58/100\n|-enditem|p2a: Hariyama|Assault Vest|[from] move: Knock Off|[of] p1a: Crawdaunt\n|\n|upkeep\n|turn|7\n|inactive|Time left: 300 sec this turn | 300 sec total\n|\n|t:|1783552398\n|move|p1a: Crawdaunt|Knock Off|p2a: Hariyama\n|-resisted|p2a: Hariyama\n|-damage|p2a: Hariyama|31/100\n|move|p2a: Hariyama|Close Combat|p1a: Crawdaunt\n|-supereffective|p1a: Crawdaunt\n|-damage|p1a: Crawdaunt|0 fnt\n|-unboost|p2a: Hariyama|def|1\n|-unboost|p2a: Hariyama|spd|1\n|faint|p1a: Crawdaunt\n|\n|upkeep\n|inactive|Time left: 300 sec this turn | 300 sec total | 5 sec grace\n|\n|t:|1783552399\n|switch|p1a: Iron Moth|Iron Moth, L78|253/253\n|turn|8\n|inactive|Time left: 300 sec this turn | 300 sec total\n|\n|t:|1783552400\n|switch|p2a: Milotic|Milotic, L83, M|100/100\n|move|p1a: Iron Moth|Fire Blast|p2a: Milotic\n|-resisted|p2a: Milotic\n|-damage|p2a: Milotic|81/100\n|\n|-heal|p2a: Milotic|87/100|[from] item: Leftovers\n|upkeep\n|turn|9\n|inactive|Time left: 300 sec this turn | 300 sec total\n|\n|t:|1783552401\n|move|p1a: Iron Moth|Toxic Spikes|p2a: Milotic\n|-sidestart|p2: p0y1078fda8|move: Toxic Spikes\n|move|p2a: Milotic|Scald|p1a: Iron Moth\n|-supereffective|p1a: Iron Moth\n|-damage|p1a: Iron Moth|97/253\n|\n|-heal|p2a: Milotic|93/100|[from] item: Leftovers\n|upkeep\n|turn|10\n|inactive|Time left: 300 sec this turn | 300 sec total\n|\n|t:|1783552402\n|move|p1a: Iron Moth|Sludge Wave|p2a: Milotic\n|-crit|p2a: Milotic\n|-damage|p2a: Milotic|49/100\n|move|p2a: Milotic|Scald|p1a: Iron Moth\n|-supereffective|p1a: Iron Moth\n|-damage|p1a: Iron Moth|0 fnt\n|faint|p1a: Iron Moth\n|-end|p1a: Iron Moth|Quark Drive|[silent]\n|\n|-heal|p2a: Milotic|55/100|[from] item: Leftovers\n|upkeep\n|inactive|Time left: 300 sec this turn | 300 sec total | 5 sec grace\n|\n|t:|1783552403\n|switch|p1a: Cobalion|Cobalion, L80|277/277\n|turn|11\n|inactive|Time left: 300 sec this turn | 300 sec total\n|\n|t:|1783552404\n|move|p1a: Cobalion|Swords Dance|p1a: Cobalion\n|-boost|p1a: Cobalion|atk|2\n|move|p2a: Milotic|Scald|p1a: Cobalion\n|-damage|p1a: Cobalion|163/277\n|\n|-heal|p1a: Cobalion|180/277|[from] item: Leftovers\n|-heal|p2a: Milotic|61/100|[from] item: Leftovers\n|upkeep\n|turn|12\n|inactive|Time left: 300 sec this turn | 300 sec total\n|\n|t:|1783552405\n|switch|p2a: Mewtwo|Mewtwo, L72|100/100\n|-status|p2a: Mewtwo|psn\n|-ability|p2a: Mewtwo|Pressure\n|move|p1a: Cobalion|Close Combat|p2a: Mewtwo\n|-resisted|p2a: Mewtwo\n|-damage|p2a: Mewtwo|55/100 psn\n|-unboost|p1a: Cobalion|def|1\n|-unboost|p1a: Cobalion|spd|1\n|\n|-heal|p1a: Cobalion|197/277|[from] item: Leftovers\n|-damage|p2a: Mewtwo|42/100 psn|[from] psn\n|upkeep\n|turn|13\n|inactive|Time left: 300 sec this turn | 300 sec total\n|\n|t:|1783552407\n|switch|p1a: Umbreon|Umbreon, L84, F|297/297\n|move|p2a: Mewtwo|Fire Blast|p1a: Umbreon\n|-damage|p1a: Umbreon|210/297\n|-damage|p2a: Mewtwo|32/100 psn|[from] item: Life Orb\n|\n|-heal|p1a: Umbreon|228/297|[from] item: Leftovers\n|-damage|p2a: Mewtwo|20/100 psn|[from] psn\n|upkeep\n|turn|14\n|inactive|Time left: 300 sec this turn | 300 sec total\n|\n|t:|1783552408\n|switch|p2a: Iron Treads|Iron Treads, L77|100/100\n|move|p1a: Umbreon|Foul Play|p2a: Iron Treads\n|-damage|p2a: Iron Treads|68/100\n|\n|-heal|p2a: Iron Treads|74/100|[from] item: Leftovers\n|-heal|p1a: Umbreon|246/297|[from] item: Leftovers\n|upkeep\n|turn|15\n|inactive|Time left: 300 sec this turn | 300 sec total\n|\n|t:|1783552409\n|move|p2a: Iron Treads|Rapid Spin|p1a: Umbreon\n|-damage|p1a: Umbreon|220/297\n|-boost|p2a: Iron Treads|spe|1\n|-sideend|p2: p0y1078fda8|Toxic Spikes|[from] move: Rapid Spin|[of] p2a: Iron Treads\n|move|p1a: Umbreon|Foul Play|p2a: Iron Treads\n|-damage|p2a: Iron Treads|42/100\n|\n|-heal|p2a: Iron Treads|48/100|[from] item: Leftovers\n|-heal|p1a: Umbreon|238/297|[from] item: Leftovers\n|upkeep\n|turn|16\n|inactive|Time left: 300 sec this turn | 300 sec total\n|\n|t:|1783552410\n|move|p2a: Iron Treads|Earthquake|p1a: Umbreon\n|-damage|p1a: Umbreon|160/297\n|move|p1a: Umbreon|Foul Play|p2a: Iron Treads\n|-damage|p2a: Iron Treads|16/100\n|\n|-heal|p2a: Iron Treads|22/100|[from] item: Leftovers\n|-heal|p1a: Umbreon|178/297|[from] item: Leftovers\n|upkeep\n|turn|17\n|inactive|Time left: 300 sec this turn | 300 sec total\n|\n|t:|1783552411\n|move|p2a: Iron Treads|Iron Head|p1a: Umbreon\n|-damage|p1a: Umbreon|114/297\n|move|p1a: Umbreon|Foul Play|p2a: Iron Treads\n|-damage|p2a: Iron Treads|0 fnt\n|faint|p2a: Iron Treads\n|-end|p2a: Iron Treads|Quark Drive|[silent]\n|\n|-heal|p1a: Umbreon|132/297|[from] item: Leftovers\n|upkeep\n|\n|t:|1783552412\n|switch|p2a: Hariyama|Hariyama, L87, F|31/100\n|turn|18\n|inactive|Time left: 300 sec this turn | 300 sec total\n|\n|t:|1783552413\n|move|p1a: Umbreon|Protect|p1a: Umbreon\n|-singleturn|p1a: Umbreon|Protect\n|move|p2a: Hariyama|Close Combat|p1a: Umbreon\n|-activate|p1a: Umbreon|move: Protect\n|\n|-heal|p1a: Umbreon|150/297|[from] item: Leftovers\n|upkeep\n|turn|19\n|inactive|Time left: 300 sec this turn | 300 sec total\n|\n|t:|1783552414\n|move|p1a: Umbreon|Wish|p1a: Umbreon\n|move|p2a: Hariyama|Close Combat|p1a: Umbreon\n|-supereffective|p1a: Umbreon\n|-damage|p1a: Umbreon|0 fnt\n|-unboost|p2a: Hariyama|def|1\n|-unboost|p2a: Hariyama|spd|1\n|faint|p1a: Umbreon\n|\n|upkeep\n|inactive|Time left: 300 sec this turn | 300 sec total | 5 sec grace\n|\n|t:|1783552415\n|switch|p1a: Cobalion|Cobalion, L80|197/277\n|turn|20\n|inactive|Time left: 300 sec this turn | 300 sec total\n|\n|t:|1783552416\n|-terastallize|p1a: Cobalion|Fighting\n|move|p1a: Cobalion|Swords Dance|p1a: Cobalion\n|-boost|p1a: Cobalion|atk|2\n|move|p2a: Hariyama|Close Combat|p1a: Cobalion\n|-damage|p1a: Cobalion|64/277\n|-unboost|p2a: Hariyama|def|1\n|-unboost|p2a: Hariyama|spd|1\n|\n|-heal|p1a: Cobalion|212/277|[from] move: Wish|[wisher] Umbreon\n|-heal|p1a: Cobalion|229/277|[from] item: Leftovers\n|upkeep\n|turn|21\n|inactive|Time left: 300 sec this turn | 300 sec total\n|\n|t:|1783552417\n|switch|p2a: Milotic|Milotic, L83, M|61/100\n|move|p1a: Cobalion|Iron Head|p2a: Milotic\n|-resisted|p2a: Milotic\n|-damage|p2a: Milotic|32/100\n|\n|-heal|p1a: Cobalion|246/277|[from] item: Leftovers\n|-heal|p2a: Milotic|38/100|[from] item: Leftovers\n|upkeep\n|turn|22\n|inactive|Time left: 300 sec this turn | 300 sec total\n|\n|t:|1783552418\n|move|p1a: Cobalion|Close Combat|p2a: Milotic\n|-damage|p2a: Milotic|0 fnt\n|-unboost|p1a: Cobalion|def|1\n|-unboost|p1a: Cobalion|spd|1\n|faint|p2a: Milotic\n|\n|-heal|p1a: Cobalion|263/277|[from] item: Leftovers\n|upkeep\n|\n|t:|1783552419\n|switch|p2a: Mewtwo|Mewtwo, L72|20/100 psn\n|-ability|p2a: Mewtwo|Pressure\n|turn|23\n|inactive|Time left: 300 sec this turn | 300 sec total\n|\n|t:|1783552420\n|switch|p1a: Magmortar|Magmortar, L88, F|275/275\n|move|p2a: Mewtwo|Psystrike|p1a: Magmortar\n|-damage|p1a: Magmortar|100/275\n|-damage|p2a: Mewtwo|10/100 psn|[from] item: Life Orb\n|\n|-damage|p2a: Mewtwo|0 fnt|[from] psn\n|faint|p2a: Mewtwo\n|upkeep\n|\n|t:|1783552422\n|switch|p2a: Hariyama|Hariyama, L87, F|31/100\n|turn|24\n|inactive|Time left: 300 sec this turn | 300 sec total\n|\n|t:|1783552423\n|move|p1a: Magmortar|Focus Blast|p2a: Hariyama|[miss]\n|-miss|p1a: Magmortar|p2a: Hariyama\n|move|p2a: Hariyama|Headlong Rush|p1a: Magmortar\n|-supereffective|p1a: Magmortar\n|-damage|p1a: Magmortar|0 fnt\n|-unboost|p2a: Hariyama|def|1\n|-unboost|p2a: Hariyama|spd|1\n|-status|p2a: Hariyama|brn|[from] ability: Flame Body|[of] p1a: Magmortar\n|faint|p1a: Magmortar\n|\n|-damage|p2a: Hariyama|25/100 brn|[from] brn\n|upkeep\n|inactive|Time left: 300 sec this turn | 300 sec total | 5 sec grace\n|\n|t:|1783552424\n|switch|p1a: Cobalion|Cobalion, L80, tera:Fighting|263/277\n|turn|25\n|inactive|Time left: 300 sec this turn | 300 sec total\n|\n|t:|1783552425\n|switch|p2a: Sableye|Sableye, L88, F|100/100\n|move|p1a: Cobalion|Swords Dance|p1a: Cobalion\n|-boost|p1a: Cobalion|atk|2\n|\n|-heal|p1a: Cobalion|277/277|[from] item: Leftovers\n|upkeep\n|turn|26\n|inactive|Time left: 300 sec this turn | 300 sec total\n|\n|t:|1783552426\n|move|p2a: Sableye|Encore|p1a: Cobalion\n|-start|p1a: Cobalion|Encore\n|move|p1a: Cobalion|Swords Dance|p1a: Cobalion\n|-boost|p1a: Cobalion|atk|2\n|\n|upkeep\n|turn|27\n|inactive|Time left: 300 sec this turn | 300 sec total\n|\n|t:|1783552427\n|move|p2a: Sableye|Thunder Wave|p1a: Cobalion|[miss]\n|-miss|p2a: Sableye|p1a: Cobalion\n|move|p1a: Cobalion|Swords Dance|p1a: Cobalion\n|-boost|p1a: Cobalion|atk|2\n|\n|upkeep\n|turn|28\n|inactive|Time left: 300 sec this turn | 300 sec total\n|\n|t:|1783552428\n|move|p1a: Cobalion|Swords Dance|p1a: Cobalion\n|-boost|p1a: Cobalion|atk|0\n|move|p2a: Sableye|Knock Off|p1a: Cobalion\n|-resisted|p1a: Cobalion\n|-damage|p1a: Cobalion|240/277\n|-enditem|p1a: Cobalion|Leftovers|[from] move: Knock Off|[of] p2a: Sableye\n|\n|-end|p1a: Cobalion|Encore\n|upkeep\n|turn|29\n|inactive|Time left: 300 sec this turn | 300 sec total\n|\n|t:|1783552430\n|move|p2a: Sableye|Encore|p1a: Cobalion\n|-start|p1a: Cobalion|Encore\n|move|p1a: Cobalion|Swords Dance|p1a: Cobalion\n|-boost|p1a: Cobalion|atk|0\n|\n|upkeep\n|turn|30\n|inactive|Time left: 300 sec this turn | 300 sec total\n|\n|t:|1783552431\n|move|p2a: Sableye|Thunder Wave|p1a: Cobalion|[miss]\n|-miss|p2a: Sableye|p1a: Cobalion\n|move|p1a: Cobalion|Swords Dance|p1a: Cobalion\n|-boost|p1a: Cobalion|atk|0\n|\n|upkeep\n|turn|31\n|inactive|Time left: 300 sec this turn | 300 sec total\n|\n|t:|1783552432\n|move|p2a: Sableye|Thunder Wave|p1a: Cobalion\n|-status|p1a: Cobalion|par\n|move|p1a: Cobalion|Swords Dance|p1a: Cobalion\n|-boost|p1a: Cobalion|atk|0\n|\n|-end|p1a: Cobalion|Encore\n|upkeep\n|turn|32\n|inactive|Time left: 300 sec this turn | 300 sec total\n|\n|t:|1783552433\n|move|p2a: Sableye|Encore|p1a: Cobalion\n|-start|p1a: Cobalion|Encore\n|move|p1a: Cobalion|Swords Dance|p1a: Cobalion\n|-boost|p1a: Cobalion|atk|0\n|\n|upkeep\n|turn|33\n|inactive|Time left: 300 sec this turn | 300 sec total\n|\n|t:|1783552434\n|move|p2a: Sableye|Knock Off|p1a: Cobalion\n|-resisted|p1a: Cobalion\n|-damage|p1a: Cobalion|218/277 par\n|move|p1a: Cobalion|Swords Dance|p1a: Cobalion\n|-boost|p1a: Cobalion|atk|0\n|\n|upkeep\n|turn|34\n|inactive|Time left: 300 sec this turn | 300 sec total\n|\n|t:|1783552435\n|move|p2a: Sableye|Knock Off|p1a: Cobalion\n|-resisted|p1a: Cobalion\n|-damage|p1a: Cobalion|194/277 par\n|cant|p1a: Cobalion|par\n|\n|-end|p1a: Cobalion|Encore\n|upkeep\n|turn|35\n|inactive|Time left: 300 sec this turn | 300 sec total\n|\n|t:|1783552436\n|move|p2a: Sableye|Encore|p1a: Cobalion\n|-start|p1a: Cobalion|Encore\n|move|p1a: Cobalion|Swords Dance|p1a: Cobalion\n|-boost|p1a: Cobalion|atk|0\n|\n|upkeep\n|turn|36\n|inactive|Time left: 300 sec this turn | 300 sec total\n|\n|t:|1783552438\n|switch|p2a: Hariyama|Hariyama, L87, F|25/100 brn\n|move|p1a: Cobalion|Swords Dance|p1a: Cobalion\n|-boost|p1a: Cobalion|atk|0\n|\n|-damage|p2a: Hariyama|19/100 brn|[from] brn\n|upkeep\n|turn|37\n|inactive|Time left: 300 sec this turn | 300 sec total\n|\n|t:|1783552439\n|switch|p2a: Sableye|Sableye, L88, F|100/100\n|move|p1a: Cobalion|Swords Dance|p1a: Cobalion\n|-boost|p1a: Cobalion|atk|0\n|\n|-end|p1a: Cobalion|Encore\n|upkeep\n|turn|38\n|inactive|Time left: 300 sec this turn | 300 sec total\n|\n|t:|1783552440\n|move|p2a: Sableye|Encore|p1a: Cobalion\n|-start|p1a: Cobalion|Encore\n|move|p1a: Cobalion|Swords Dance|p1a: Cobalion\n|-boost|p1a: Cobalion|atk|0\n|\n|upkeep\n|turn|39\n|inactive|Time left: 300 sec this turn | 300 sec total\n|\n|t:|1783552441\n|move|p2a: Sableye|Knock Off|p1a: Cobalion\n|-resisted|p1a: Cobalion\n|-damage|p1a: Cobalion|172/277 par\n|move|p1a: Cobalion|Swords Dance|p1a: Cobalion\n|-boost|p1a: Cobalion|atk|0\n|\n|upkeep\n|turn|40\n|inactive|Time left: 300 sec this turn | 300 sec total\n|\n|t:|1783552442\n|move|p2a: Sableye|Knock Off|p1a: Cobalion\n|-resisted|p1a: Cobalion\n|-damage|p1a: Cobalion|148/277 par\n|move|p1a: Cobalion|Swords Dance|p1a: Cobalion\n|-boost|p1a: Cobalion|atk|0\n|\n|-end|p1a: Cobalion|Encore\n|upkeep\n|turn|41\n|inactive|Time left: 300 sec this turn | 300 sec total\n|\n|t:|1783552443\n|move|p2a: Sableye|Encore|p1a: Cobalion\n|-start|p1a: Cobalion|Encore\n|move|p1a: Cobalion|Swords Dance|p1a: Cobalion\n|-boost|p1a: Cobalion|atk|0\n|\n|upkeep\n|turn|42\n|inactive|Time left: 300 sec this turn | 300 sec total\n|\n|t:|1783552444\n|move|p2a: Sableye|Recover||[still]\n|-fail|p2a: Sableye|heal\n|move|p1a: Cobalion|Swords Dance|p1a: Cobalion\n|-boost|p1a: Cobalion|atk|0\n|\n|upkeep\n|turn|43\n|inactive|Time left: 300 sec this turn | 300 sec total\n|\n|t:|1783552445\n|move|p2a: Sableye|Knock Off|p1a: Cobalion\n|-resisted|p1a: Cobalion\n|-damage|p1a: Cobalion|125/277 par\n|move|p1a: Cobalion|Swords Dance|p1a: Cobalion\n|-boost|p1a: Cobalion|atk|0\n|\n|-end|p1a: Cobalion|Encore\n|upkeep\n|turn|44\n|inactive|Time left: 300 sec this turn | 300 sec total\n|\n|t:|1783552447\n|move|p2a: Sableye|Encore|p1a: Cobalion\n|-start|p1a: Cobalion|Encore\n|move|p1a: Cobalion|Swords Dance|p1a: Cobalion\n|-boost|p1a: Cobalion|atk|0\n|\n|upkeep\n|turn|45\n|inactive|Time left: 300 sec this turn | 300 sec total\n|\n|t:|1783552448\n|switch|p2a: Hariyama|Hariyama, L87, F|19/100 brn\n|cant|p1a: Cobalion|par\n|\n|-damage|p2a: Hariyama|12/100 brn|[from] brn\n|upkeep\n|turn|46\n|inactive|Time left: 300 sec this turn | 300 sec total\n|\n|t:|1783552449\n|move|p2a: Hariyama|Close Combat|p1a: Cobalion\n|-damage|p1a: Cobalion|63/277 par\n|-unboost|p2a: Hariyama|def|1\n|-unboost|p2a: Hariyama|spd|1\n|move|p1a: Cobalion|Swords Dance|p1a: Cobalion\n|-boost|p1a: Cobalion|atk|0\n|\n|-damage|p2a: Hariyama|6/100 brn|[from] brn\n|-end|p1a: Cobalion|Encore\n|upkeep\n|turn|47\n|inactive|Time left: 300 sec this turn | 300 sec total\n|\n|t:|1783552450\n|move|p2a: Hariyama|Close Combat|p1a: Cobalion\n|-damage|p1a: Cobalion|0 fnt\n|-unboost|p2a: Hariyama|def|1\n|-unboost|p2a: Hariyama|spd|1\n|faint|p1a: Cobalion\n|\n|win|p0y1078fda8", "uploadtime": 1783552450, "views": 0, "rating": 0, "private": 0, "password": null, "_winner": "p0y1078fda8", "_our_name": "p0x1078a91d"}