{"id": "battle-gen9randombattle-1205", "formatid": "gen9randombattle", "format": "[Gen 9] Random Battle", "players": ["p0x120517d4", "p0y1205338d"], "log": "|init|battle\n|title|p0x120517d4 vs. p0y1205338d\n|j|\u2606p0x120517d4\n|j|\u2606p0y1205338d\n|t:|1783553957\n|gametype|singles\n|player|p1|p0x120517d4|169|\n|player|p2|p0y1205338d|2|\n|gen|9\n|tier|[Gen 9] Random Battle\n|rule|Species Clause: Limit one of each Pok\u00e9mon\n|rule|HP Percentage Mod: HP is shown in percentages\n|rule|Sleep Clause Mod: Limit one foe put to sleep\n|rule|Illusion Level Mod: Illusion disguises the Pok\u00e9mon's true level\n|\n|t:|1783553957\n|teamsize|p1|6\n|teamsize|p2|6\n|start\n|switch|p1a: Magmortar|Magmortar, L88, M|275/275\n|switch|p2a: Raikou|Raikou, L81|100/100\n|-ability|p2a: Raikou|Pressure\n|turn|1\n|inactive|Battle timer is ON: inactive players will automatically lose when time's up. (requested by p0x120517d4)\n|inactive|p0y1205338d also wants the timer to be on.\n|\n|t:|1783553958\n|move|p2a: Raikou|Thunderbolt|p1a: Magmortar\n|-damage|p1a: Magmortar|178/275\n|-status|p1a: Magmortar|par\n|move|p1a: Magmortar|Knock Off|p2a: Raikou\n|-damage|p2a: Raikou|71/100\n|-enditem|p2a: Raikou|Heavy-Duty Boots|[from] move: Knock Off|[of] p1a: Magmortar\n|\n|upkeep\n|turn|2\n|inactive|Time left: 300 sec this turn | 300 sec total\n|\n|t:|1783553960\n|move|p2a: Raikou|Thunderbolt|p1a: Magmortar\n|-damage|p1a: Magmortar|85/275 par\n|move|p1a: Magmortar|Fire Blast|p2a: Raikou|[miss]\n|-miss|p1a: Magmortar|p2a: Raikou\n|\n|upkeep\n|turn|3\n|inactive|Time left: 300 sec this turn | 300 sec total\n|\n|t:|1783553961\n|switch|p1a: Luxray|Luxray, L88, F|284/284\n|-ability|p1a: Luxray|Intimidate|boost\n|-unboost|p2a: Raikou|atk|1\n|move|p2a: Raikou|Scald|p1a: Luxray\n|-damage|p1a: Luxray|239/284\n|-status|p1a: Luxray|brn\n|\n|-damage|p1a: Luxray|222/284 brn|[from] brn\n|upkeep\n|turn|4\n|inactive|Time left: 300 sec this turn | 300 sec total\n|\n|t:|1783553962\n|move|p2a: Raikou|Calm Mind|p2a: Raikou\n|-boost|p2a: Raikou|spa|1\n|-boost|p2a: Raikou|spd|1\n|move|p1a: Luxray|Volt Switch|p2a: Raikou\n|-resisted|p2a: Raikou\n|-damage|p2a: Raikou|61/100\n|inactive|Time left: 300 sec this turn | 300 sec total | 5 sec grace\n|\n|t:|1783553963\n|switch|p1a: Barraskewda|Barraskewda, L81, F|231/231|[from] Volt Switch\n|\n|upkeep\n|turn|5\n|inactive|Time left: 300 sec this turn | 300 sec total\n|\n|t:|1783553964\n|move|p1a: Barraskewda|Waterfall|p2a: Raikou\n|-damage|p2a: Raikou|0 fnt\n|faint|p2a: Raikou\n|\n|upkeep\n|\n|t:|1783553965\n|switch|p2a: Blastoise|Blastoise, L80, F|100/100\n|turn|6\n|inactive|Time left: 300 sec this turn | 300 sec total\n|\n|t:|1783553966\n|move|p1a: Barraskewda|Waterfall|p2a: Blastoise\n|-resisted|p2a: Blastoise\n|-damage|p2a: Blastoise|73/100\n|move|p2a: Blastoise|Shell Smash|p2a: Blastoise\n|-unboost|p2a: Blastoise|def|1\n|-unboost|p2a: Blastoise|spd|1\n|-boost|p2a: Blastoise|atk|2\n|-boost|p2a: Blastoise|spa|2\n|-boost|p2a: Blastoise|spe|2\n|-enditem|p2a: Blastoise|White Herb\n|-clearnegativeboost|p2a: Blastoise|[silent]\n|\n|upkeep\n|turn|7\n|inactive|Time left: 300 sec this turn | 300 sec total\n|\n|t:|1783553967\n|switch|p1a: Luxray|Luxray, L88, F|222/284 brn\n|-ability|p1a: Luxray|Intimidate|boost\n|-unboost|p2a: Blastoise|atk|1\n|move|p2a: Blastoise|Earthquake|p1a: Luxray\n|-supereffective|p1a: Luxray\n|-damage|p1a: Luxray|46/284 brn\n|\n|-damage|p1a: Luxray|29/284 brn|[from] brn\n|upkeep\n|turn|8\n|inactive|Time left: 300 sec this turn | 300 sec total\n|\n|t:|1783553968\n|move|p2a: Blastoise|Earthquake|p1a: Luxray\n|-supereffective|p1a: Luxray\n|-damage|p1a: Luxray|0 fnt\n|faint|p1a: Luxray\n|\n|upkeep\n|inactive|Time left: 300 sec this turn | 300 sec total | 5 sec grace\n|\n|t:|1783553969\n|switch|p1a: Hydreigon|Hydreigon, L79, F|275/275\n|turn|9\n|inactive|Time left: 300 sec this turn | 300 sec total\n|\n|t:|1783553970\n|move|p2a: Blastoise|Ice Beam|p1a: Hydreigon\n|-supereffective|p1a: Hydreigon\n|-damage|p1a: Hydreigon|69/275\n|move|p1a: Hydreigon|Draco Meteor|p2a: Blastoise\n|-damage|p2a: Blastoise|5/100\n|-unboost|p1a: Hydreigon|spa|2\n|-damage|p1a: Hydreigon|42/275|[from] item: Life Orb\n|\n|upkeep\n|turn|10\n|inactive|Time left: 300 sec this turn | 300 sec total\n|\n|t:|1783553971\n|move|p2a: Blastoise|Ice Beam|p1a: Hydreigon\n|-supereffective|p1a: Hydreigon\n|-crit|p1a: Hydreigon\n|-damage|p1a: Hydreigon|0 fnt\n|faint|p1a: Hydreigon\n|\n|upkeep\n|inactive|Time left: 300 sec this turn | 300 sec total | 5 sec grace\n|\n|t:|1783553972\n|switch|p1a: Slowking|Slowking, L88, F|310/310\n|turn|11\n|inactive|Time left: 300 sec this turn | 300 sec total\n|\n|t:|1783553973\n|move|p2a: Blastoise|Ice Beam|p1a: Slowking\n|-resisted|p1a: Slowking\n|-damage|p1a: Slowking|266/310\n|-status|p1a: Slowking|frz\n|-curestatus|p1a: Slowking|frz|[from] move: Scald\n|move|p1a: Slowking|Scald|p2a: Blastoise\n|-resisted|p2a: Blastoise\n|-damage|p2a: Blastoise|0 fnt\n|faint|p2a: Blastoise\n|\n|upkeep\n|\n|t:|1783553974\n|switch|p2a: Mimikyu|Mimikyu, L79, F|100/100\n|turn|12\n|inactive|Time left: 300 sec this turn | 300 sec total\n|\n|t:|1783553975\n|move|p2a: Mimikyu|Swords Dance|p2a: Mimikyu\n|-boost|p2a: Mimikyu|atk|2\n|move|p1a: Slowking|Scald|p2a: Mimikyu\n|-activate|p2a: Mimikyu|ability: Disguise\n|-damage|p2a: Mimikyu|100/100\n|detailschange|p2a: Mimikyu|Mimikyu-Busted, L79, F\n|-damage|p2a: Mimikyu|88/100|[from] pokemon: Mimikyu-Busted\n|\n|upkeep\n|turn|13\n|inactive|Time left: 300 sec this turn | 300 sec total\n|\n|t:|1783553976\n|switch|p1a: Magmortar|Magmortar, L88, M|85/275 par\n|move|p2a: Mimikyu|Shadow Claw|p1a: Magmortar\n|-damage|p1a: Magmortar|0 fnt\n|-status|p2a: Mimikyu|brn|[from] ability: Flame Body|[of] p1a: Magmortar\n|faint|p1a: Magmortar\n|-damage|p2a: Mimikyu|78/100 brn|[from] item: Life Orb\n|\n|-damage|p2a: Mimikyu|72/100 brn|[from] brn\n|upkeep\n|inactive|Time left: 300 sec this turn | 300 sec total | 5 sec grace\n|\n|t:|1783553977\n|switch|p1a: Barraskewda|Barraskewda, L81, F|231/231\n|turn|14\n|inactive|Time left: 300 sec this turn | 300 sec total\n|\n|t:|1783553978\n|move|p2a: Mimikyu|Shadow Sneak|p1a: Barraskewda\n|-damage|p1a: Barraskewda|170/231\n|-damage|p2a: Mimikyu|63/100 brn|[from] item: Life Orb\n|move|p1a: Barraskewda|Waterfall|p2a: Mimikyu\n|-damage|p2a: Mimikyu|0 fnt\n|faint|p2a: Mimikyu\n|\n|upkeep\n|\n|t:|1783553979\n|switch|p2a: Lunala|Lunala, L70|100/100\n|turn|15\n|inactive|Time left: 300 sec this turn | 300 sec total\n|\n|t:|1783553980\n|move|p1a: Barraskewda|Waterfall|p2a: Lunala\n|-damage|p2a: Lunala|71/100\n|move|p2a: Lunala|Moongeist Beam|p1a: Barraskewda\n|-damage|p1a: Barraskewda|26/231\n|\n|-heal|p2a: Lunala|77/100|[from] item: Leftovers\n|upkeep\n|turn|16\n|inactive|Time left: 300 sec this turn | 300 sec total\n|\n|t:|1783553981\n|move|p1a: Barraskewda|Waterfall|p2a: Lunala\n|-damage|p2a: Lunala|24/100\n|move|p2a: Lunala|Moonlight|p2a: Lunala\n|-heal|p2a: Lunala|74/100\n|\n|-heal|p2a: Lunala|80/100|[from] item: Leftovers\n|upkeep\n|turn|17\n|inactive|Time left: 300 sec this turn | 300 sec total\n|\n|t:|1783553982\n|move|p1a: Barraskewda|Waterfall|p2a: Lunala\n|-damage|p2a: Lunala|27/100\n|move|p2a: Lunala|Moongeist Beam|p1a: Barraskewda\n|-damage|p1a: Barraskewda|0 fnt\n|faint|p1a: Barraskewda\n|\n|-heal|p2a: Lunala|33/100|[from] item: Leftovers\n|upkeep\n|inactive|Time left: 300 sec this turn | 300 sec total | 5 sec grace\n|\n|t:|1783553983\n|switch|p1a: Jirachi|Jirachi, L80|291/291\n|turn|18\n|inactive|Time left: 300 sec this turn | 300 sec total\n|\n|t:|1783553984\n|move|p1a: Jirachi|Iron Head|p2a: Lunala\n|-damage|p2a: Lunala|4/100\n|cant|p2a: Lunala|flinch\n|\n|-heal|p2a: Lunala|10/100|[from] item: Leftovers\n|upkeep\n|turn|19\n|inactive|Time left: 300 sec this turn | 300 sec total\n|\n|t:|1783553985\n|switch|p2a: Bronzong|Bronzong, L88|100/100\n|move|p1a: Jirachi|Iron Head|p2a: Bronzong\n|-resisted|p2a: Bronzong\n|-damage|p2a: Bronzong|89/100\n|\n|-heal|p2a: Bronzong|95/100|[from] item: Leftovers\n|upkeep\n|turn|20\n|inactive|Time left: 300 sec this turn | 300 sec total\n|\n|t:|1783553986\n|move|p1a: Jirachi|Iron Head|p2a: Bronzong\n|-resisted|p2a: Bronzong\n|-damage|p2a: Bronzong|82/100\n|cant|p2a: Bronzong|flinch\n|\n|-heal|p2a: Bronzong|88/100|[from] item: Leftovers\n|upkeep\n|turn|21\n|inactive|Time left: 300 sec this turn | 300 sec total\n|\n|t:|1783553987\n|move|p1a: Jirachi|Iron Head|p2a: Bronzong\n|-resisted|p2a: Bronzong\n|-damage|p2a: Bronzong|76/100\n|move|p2a: Bronzong|Hypnosis|p1a: Jirachi\n|-status|p1a: Jirachi|slp|[from] move: Hypnosis\n|\n|-heal|p2a: Bronzong|82/100|[from] item: Leftovers\n|upkeep\n|turn|22\n|inactive|Time left: 300 sec this turn | 300 sec total\n|\n|t:|1783553988\n|switch|p1a: Slowking|Slowking, L88, F|310/310\n|switch|p2a: Lunala|Lunala, L70|10/100\n|\n|-heal|p2a: Lunala|16/100|[from] item: Leftovers\n|upkeep\n|turn|23\n|inactive|Time left: 300 sec this turn | 300 sec total\n|\n|t:|1783553989\n|move|p2a: Lunala|Moonlight|p2a: Lunala\n|-heal|p2a: Lunala|66/100\n|move|p1a: Slowking|Scald|p2a: Lunala\n|-damage|p2a: Lunala|32/100\n|\n|-heal|p2a: Lunala|38/100|[from] item: Leftovers\n|upkeep\n|turn|24\n|inactive|Time left: 300 sec this turn | 300 sec total\n|\n|t:|1783553990\n|move|p2a: Lunala|Moonlight|p2a: Lunala\n|-heal|p2a: Lunala|88/100\n|move|p1a: Slowking|Scald|p2a: Lunala\n|-crit|p2a: Lunala\n|-damage|p2a: Lunala|37/100\n|\n|-heal|p2a: Lunala|43/100|[from] item: Leftovers\n|upkeep\n|turn|25\n|inactive|Time left: 300 sec this turn | 300 sec total\n|\n|t:|1783553991\n|move|p2a: Lunala|Calm Mind|p2a: Lunala\n|-boost|p2a: Lunala|spa|1\n|-boost|p2a: Lunala|spd|1\n|move|p1a: Slowking|Scald|p2a: Lunala\n|-damage|p2a: Lunala|21/100\n|\n|-heal|p2a: Lunala|27/100|[from] item: Leftovers\n|upkeep\n|turn|26\n|inactive|Time left: 300 sec this turn | 300 sec total\n|\n|t:|1783553992\n|move|p2a: Lunala|Moonlight|p2a: Lunala\n|-heal|p2a: Lunala|77/100\n|move|p1a: Slowking|Scald|p2a: Lunala\n|-damage|p2a: Lunala|56/100\n|\n|-heal|p2a: Lunala|62/100|[from] item: Leftovers\n|upkeep\n|turn|27\n|inactive|Time left: 300 sec this turn | 300 sec total\n|\n|t:|1783553993\n|move|p2a: Lunala|Calm Mind|p2a: Lunala\n|-boost|p2a: Lunala|spa|1\n|-boost|p2a: Lunala|spd|1\n|move|p1a: Slowking|Scald|p2a: Lunala\n|-damage|p2a: Lunala|46/100\n|-status|p2a: Lunala|brn\n|\n|-heal|p2a: Lunala|52/100 brn|[from] item: Leftovers\n|-damage|p2a: Lunala|46/100 brn|[from] brn\n|upkeep\n|turn|28\n|inactive|Time left: 300 sec this turn | 300 sec total\n|\n|t:|1783553994\n|-terastallize|p1a: Slowking|Dragon\n|move|p2a: Lunala|Moongeist Beam|p1a: Slowking\n|-damage|p1a: Slowking|136/310\n|move|p1a: Slowking|Slack Off|p1a: Slowking\n|-heal|p1a: Slowking|291/310\n|\n|-heal|p2a: Lunala|52/100 brn|[from] item: Leftovers\n|-damage|p2a: Lunala|46/100 brn|[from] brn\n|upkeep\n|turn|29\n|inactive|Time left: 300 sec this turn | 300 sec total\n|\n|t:|1783553994\n|-terastallize|p2a: Lunala|Fairy\n|move|p2a: Lunala|Moonblast|p1a: Slowking\n|-supereffective|p1a: Slowking\n|-damage|p1a: Slowking|0 fnt\n|faint|p1a: Slowking\n|\n|-heal|p2a: Lunala|52/100 brn|[from] item: Leftovers\n|-damage|p2a: Lunala|46/100 brn|[from] brn\n|upkeep\n|inactive|Time left: 300 sec this turn | 300 sec total | 5 sec grace\n|\n|t:|1783553995\n|switch|p1a: Jirachi|Jirachi, L80|291/291 slp\n|turn|30\n|inactive|Time left: 300 sec this turn | 300 sec total\n|\n|t:|1783553996\n|cant|p1a: Jirachi|slp\n|move|p2a: Lunala|Moongeist Beam|p1a: Jirachi\n|-supereffective|p1a: Jirachi\n|-damage|p1a: Jirachi|0 fnt\n|faint|p1a: Jirachi\n|\n|win|p0y1205338d", "uploadtime": 1783553996, "views": 0, "rating": 0, "private": 0, "password": null, "_winner": "p0y1205338d", "_our_name": "p0x120517d4"}