{"id": "battle-gen9randombattle-148", "formatid": "gen9randombattle", "format": "[Gen 9] Random Battle", "players": ["p0x148562b", "p0y148d312"], "log": "|init|battle\n|title|p0x148562b vs. p0y148d312\n|j|\u2606p0x148562b\n|j|\u2606p0y148d312\n|t:|1783535467\n|gametype|singles\n|player|p1|p0x148562b|170|\n|player|p2|p0y148d312|170|\n|gen|9\n|tier|[Gen 9] Random Battle\n|rule|Species Clause: Limit one of each Pok\u00e9mon\n|rule|HP Percentage Mod: HP is shown in percentages\n|rule|Sleep Clause Mod: Limit one foe put to sleep\n|rule|Illusion Level Mod: Illusion disguises the Pok\u00e9mon's true level\n|\n|t:|1783535467\n|teamsize|p1|6\n|teamsize|p2|6\n|start\n|switch|p1a: Arcanine|Arcanine-Hisui, L79, M|280/280\n|switch|p2a: Arcanine|Arcanine, L84, M|100/100\n|-ability|p2a: Arcanine|Intimidate|boost\n|-unboost|p1a: Arcanine|atk|1\n|turn|1\n|inactive|Battle timer is ON: inactive players will automatically lose when time's up. (requested by p0y148d312)\n|inactive|Time left: 300 sec this turn | 300 sec total | 60 sec grace\n|inactive|p0x148562b also wants the timer to be on.\n|\n|t:|1783535468\n|switch|p2a: Cresselia|Cresselia, L80, F|100/100\n|move|p1a: Arcanine|Head Smash|p2a: Cresselia\n|-damage|p2a: Cresselia|70/100\n|\n|-heal|p2a: Cresselia|76/100|[from] item: Leftovers\n|upkeep\n|turn|2\n|inactive|Time left: 300 sec this turn | 300 sec total\n|\n|t:|1783535469\n|switch|p1a: Spidops|Spidops, L96, M|271/271\n|move|p2a: Cresselia|Moonlight|p2a: Cresselia\n|-heal|p2a: Cresselia|100/100\n|\n|upkeep\n|turn|3\n|inactive|Time left: 300 sec this turn | 300 sec total\n|\n|t:|1783535470\n|move|p2a: Cresselia|Calm Mind|p2a: Cresselia\n|-boost|p2a: Cresselia|spa|1\n|-boost|p2a: Cresselia|spd|1\n|move|p1a: Spidops|Sticky Web|p2a: Cresselia\n|-sidestart|p2: p0y148d312|move: Sticky Web\n|\n|upkeep\n|turn|4\n|inactive|Time left: 300 sec this turn | 300 sec total\n|\n|t:|1783535471\n|move|p2a: Cresselia|Psyshock|p1a: Spidops\n|-damage|p1a: Spidops|184/271\n|move|p1a: Spidops|Knock Off|p2a: Cresselia\n|-supereffective|p2a: Cresselia\n|-damage|p2a: Cresselia|62/100\n|-enditem|p2a: Cresselia|Leftovers|[from] move: Knock Off|[of] p1a: Spidops\n|\n|upkeep\n|turn|5\n|inactive|Time left: 300 sec this turn | 300 sec total\n|\n|t:|1783535472\n|move|p2a: Cresselia|Moonlight|p2a: Cresselia\n|-heal|p2a: Cresselia|100/100\n|move|p1a: Spidops|U-turn|p2a: Cresselia\n|-supereffective|p2a: Cresselia\n|-damage|p2a: Cresselia|57/100\n|inactive|Time left: 300 sec this turn | 300 sec total | 5 sec grace\n|\n|t:|1783535473\n|switch|p1a: Chien-Pao|Chien-Pao, L72|234/234|[from] U-turn\n|-ability|p1a: Chien-Pao|Sword of Ruin\n|\n|upkeep\n|turn|6\n|inactive|Time left: 300 sec this turn | 300 sec total\n|\n|t:|1783535474\n|move|p1a: Chien-Pao|Crunch|p2a: Cresselia\n|-supereffective|p2a: Cresselia\n|-damage|p2a: Cresselia|0 fnt\n|faint|p2a: Cresselia\n|\n|upkeep\n|\n|t:|1783535474\n|switch|p2a: Pincurchin|Pincurchin, F|100/100\n|-activate|p2a: Pincurchin|move: Sticky Web\n|-unboost|p2a: Pincurchin|spe|1\n|-fieldstart|move: Electric Terrain|[from] ability: Electric Surge|[of] p2a: Pincurchin\n|turn|7\n|inactive|Time left: 300 sec this turn | 300 sec total\n|\n|t:|1783535475\n|switch|p1a: Jolteon|Jolteon, L84, F|246/246\n|move|p2a: Pincurchin|Zing Zap|p1a: Jolteon\n|-immune|p1a: Jolteon|[from] ability: Volt Absorb\n|\n|upkeep\n|turn|8\n|inactive|Time left: 300 sec this turn | 300 sec total\n|\n|t:|1783535476\n|move|p1a: Jolteon|Calm Mind|p1a: Jolteon\n|-boost|p1a: Jolteon|spa|1\n|-boost|p1a: Jolteon|spd|1\n|move|p2a: Pincurchin|Liquidation|p1a: Jolteon\n|-damage|p1a: Jolteon|131/246\n|\n|-heal|p1a: Jolteon|146/246|[from] item: Leftovers\n|upkeep\n|turn|9\n|inactive|Time left: 300 sec this turn | 300 sec total\n|\n|t:|1783535477\n|move|p1a: Jolteon|Thunderbolt|p2a: Pincurchin\n|-resisted|p2a: Pincurchin\n|-damage|p2a: Pincurchin|66/100\n|move|p2a: Pincurchin|Liquidation|p1a: Jolteon\n|-damage|p1a: Jolteon|32/246\n|\n|-heal|p1a: Jolteon|47/246|[from] item: Leftovers\n|-heal|p2a: Pincurchin|73/100|[from] item: Leftovers\n|upkeep\n|turn|10\n|inactive|Time left: 300 sec this turn | 300 sec total\n|\n|t:|1783535478\n|move|p1a: Jolteon|Thunderbolt|p2a: Pincurchin\n|-resisted|p2a: Pincurchin\n|-damage|p2a: Pincurchin|38/100\n|move|p2a: Pincurchin|Liquidation|p1a: Jolteon\n|-damage|p1a: Jolteon|0 fnt\n|faint|p1a: Jolteon\n|\n|-heal|p2a: Pincurchin|45/100|[from] item: Leftovers\n|upkeep\n|inactive|Time left: 300 sec this turn | 300 sec total | 5 sec grace\n|\n|t:|1783535479\n|switch|p1a: Chien-Pao|Chien-Pao, L72|234/234\n|-ability|p1a: Chien-Pao|Sword of Ruin\n|turn|11\n|inactive|Time left: 300 sec this turn | 300 sec total\n|\n|t:|1783535480\n|move|p1a: Chien-Pao|Icicle Crash|p2a: Pincurchin\n|-damage|p2a: Pincurchin|0 fnt\n|faint|p2a: Pincurchin\n|\n|-fieldend|move: Electric Terrain\n|upkeep\n|\n|t:|1783535481\n|switch|p2a: Skarmory|Skarmory, L80, M|100/100\n|turn|12\n|inactive|Time left: 300 sec this turn | 300 sec total\n|\n|t:|1783535482\n|move|p1a: Chien-Pao|Icicle Crash|p2a: Skarmory\n|-damage|p2a: Skarmory|49/100\n|move|p2a: Skarmory|Body Press|p1a: Chien-Pao\n|-supereffective|p1a: Chien-Pao\n|-damage|p1a: Chien-Pao|0 fnt\n|faint|p1a: Chien-Pao\n|\n|-heal|p2a: Skarmory|55/100|[from] item: Leftovers\n|upkeep\n|inactive|Time left: 300 sec this turn | 300 sec total | 5 sec grace\n|\n|t:|1783535483\n|switch|p1a: Tauros|Tauros-Paldea-Blaze, L81, M|252/252\n|turn|13\n|inactive|Time left: 300 sec this turn | 300 sec total\n|\n|t:|1783535484\n|switch|p2a: Arcanine|Arcanine, L84, M|100/100\n|-ability|p2a: Arcanine|Intimidate|boost\n|-unboost|p1a: Tauros|atk|1\n|move|p1a: Tauros|Raging Bull|p2a: Arcanine\n|-resisted|p2a: Arcanine\n|-damage|p2a: Arcanine|88/100\n|\n|upkeep\n|turn|14\n|inactive|Time left: 300 sec this turn | 300 sec total\n|\n|t:|1783535485\n|move|p1a: Tauros|Bulk Up|p1a: Tauros\n|-boost|p1a: Tauros|atk|1\n|-boost|p1a: Tauros|def|1\n|move|p2a: Arcanine|Morning Sun|p2a: Arcanine\n|-heal|p2a: Arcanine|100/100\n|\n|upkeep\n|turn|15\n|inactive|Time left: 300 sec this turn | 300 sec total\n|\n|t:|1783535486\n|move|p1a: Tauros|Bulk Up|p1a: Tauros\n|-boost|p1a: Tauros|atk|1\n|-boost|p1a: Tauros|def|1\n|move|p2a: Arcanine|Roar|p1a: Tauros\n|drag|p1a: Feraligatr|Feraligatr, L79, F|264/264\n|\n|upkeep\n|turn|16\n|inactive|Time left: 300 sec this turn | 300 sec total\n|\n|t:|1783535487\n|switch|p2a: Exeggutor|Exeggutor, L89, M|100/100\n|-activate|p2a: Exeggutor|move: Sticky Web\n|-unboost|p2a: Exeggutor|spe|1\n|move|p1a: Feraligatr|Liquidation|p2a: Exeggutor\n|-resisted|p2a: Exeggutor\n|-damage|p2a: Exeggutor|80/100\n|\n|upkeep\n|turn|17\n|inactive|Time left: 300 sec this turn | 300 sec total\n|\n|t:|1783535488\n|move|p1a: Feraligatr|Dragon Dance|p1a: Feraligatr\n|-boost|p1a: Feraligatr|atk|1\n|-boost|p1a: Feraligatr|spe|1\n|move|p2a: Exeggutor|Giga Drain|p1a: Feraligatr\n|-supereffective|p1a: Feraligatr\n|-damage|p1a: Feraligatr|10/264\n|-heal|p2a: Exeggutor|100/100|[from] drain|[of] p1a: Feraligatr\n|\n|upkeep\n|turn|18\n|inactive|Time left: 300 sec this turn | 300 sec total\n|\n|t:|1783535489\n|move|p1a: Feraligatr|Ice Punch|p2a: Exeggutor\n|-supereffective|p2a: Exeggutor\n|-damage|p2a: Exeggutor|20/100\n|-enditem|p2a: Exeggutor|Sitrus Berry|[eat]\n|-heal|p2a: Exeggutor|45/100|[from] item: Sitrus Berry\n|move|p2a: Exeggutor|Calm Mind|p2a: Exeggutor\n|-boost|p2a: Exeggutor|spa|1\n|-boost|p2a: Exeggutor|spd|1\n|\n|upkeep\n|turn|19\n|inactive|Time left: 300 sec this turn | 300 sec total\n|\n|t:|1783535490\n|move|p1a: Feraligatr|Crunch|p2a: Exeggutor\n|-supereffective|p2a: Exeggutor\n|-damage|p2a: Exeggutor|0 fnt\n|faint|p2a: Exeggutor\n|\n|upkeep\n|\n|t:|1783535491\n|switch|p2a: Cetitan|Cetitan, L82, F|100/100\n|-activate|p2a: Cetitan|move: Sticky Web\n|-unboost|p2a: Cetitan|spe|1\n|turn|20\n|inactive|Time left: 300 sec this turn | 300 sec total\n|\n|t:|1783535492\n|move|p2a: Cetitan|Ice Shard|p1a: Feraligatr\n|-resisted|p1a: Feraligatr\n|-damage|p1a: Feraligatr|0 fnt\n|faint|p1a: Feraligatr\n|-damage|p2a: Cetitan|91/100|[from] item: Life Orb\n|\n|upkeep\n|inactive|Time left: 300 sec this turn | 300 sec total | 5 sec grace\n|\n|t:|1783535493\n|switch|p1a: Tauros|Tauros-Paldea-Blaze, L81, M|252/252\n|turn|21\n|inactive|Time left: 300 sec this turn | 300 sec total\n|\n|t:|1783535494\n|switch|p2a: Arcanine|Arcanine, L84, M|100/100\n|-ability|p2a: Arcanine|Intimidate|boost\n|-unboost|p1a: Tauros|atk|1\n|move|p1a: Tauros|Bulk Up|p1a: Tauros\n|-boost|p1a: Tauros|atk|1\n|-boost|p1a: Tauros|def|1\n|\n|upkeep\n|turn|22\n|inactive|Time left: 300 sec this turn | 300 sec total\n|\n|t:|1783535495\n|move|p1a: Tauros|Raging Bull|p2a: Arcanine\n|-resisted|p2a: Arcanine\n|-damage|p2a: Arcanine|82/100\n|move|p2a: Arcanine|Roar|p1a: Tauros\n|drag|p1a: Spidops|Spidops, L96, M|184/271\n|\n|upkeep\n|turn|23\n|inactive|Time left: 300 sec this turn | 300 sec total\n|\n|t:|1783535496\n|switch|p1a: Arcanine|Arcanine-Hisui, L79, M|280/280\n|move|p2a: Arcanine|Flare Blitz|p1a: Arcanine\n|-resisted|p1a: Arcanine\n|-damage|p1a: Arcanine|242/280\n|-damage|p2a: Arcanine|78/100|[from] Recoil\n|\n|upkeep\n|turn|24\n|inactive|Time left: 300 sec this turn | 300 sec total\n|\n|t:|1783535497\n|move|p1a: Arcanine|Head Smash|p2a: Arcanine|[miss]\n|-miss|p1a: Arcanine|p2a: Arcanine\n|move|p2a: Arcanine|Roar|p1a: Arcanine\n|drag|p1a: Tauros|Tauros-Paldea-Blaze, L81, M|252/252\n|\n|upkeep\n|turn|25\n|inactive|Time left: 300 sec this turn | 300 sec total\n|\n|t:|1783535498\n|move|p1a: Tauros|Bulk Up|p1a: Tauros\n|-boost|p1a: Tauros|atk|1\n|-boost|p1a: Tauros|def|1\n|move|p2a: Arcanine|Morning Sun|p2a: Arcanine\n|-heal|p2a: Arcanine|100/100\n|\n|upkeep\n|turn|26\n|inactive|Time left: 300 sec this turn | 300 sec total\n|\n|t:|1783535499\n|move|p1a: Tauros|Close Combat|p2a: Arcanine\n|-damage|p2a: Arcanine|23/100\n|-unboost|p1a: Tauros|def|1\n|-unboost|p1a: Tauros|spd|1\n|move|p2a: Arcanine|Roar|p1a: Tauros\n|drag|p1a: Arcanine|Arcanine-Hisui, L79, M|242/280\n|\n|upkeep\n|turn|27\n|inactive|Time left: 300 sec this turn | 300 sec total\n|\n|t:|1783535499\n|move|p2a: Arcanine|Morning Sun|p2a: Arcanine\n|-heal|p2a: Arcanine|73/100\n|move|p1a: Arcanine|Head Smash|p2a: Arcanine\n|-supereffective|p2a: Arcanine\n|-damage|p2a: Arcanine|0 fnt\n|faint|p2a: Arcanine\n|\n|upkeep\n|\n|t:|1783535500\n|switch|p2a: Cetitan|Cetitan, L82, F|91/100\n|-activate|p2a: Cetitan|move: Sticky Web\n|-unboost|p2a: Cetitan|spe|1\n|turn|28\n|inactive|Time left: 300 sec this turn | 300 sec total\n|\n|t:|1783535501\n|-terastallize|p2a: Cetitan|Water\n|move|p1a: Arcanine|Head Smash|p2a: Cetitan|[miss]\n|-miss|p1a: Arcanine|p2a: Cetitan\n|move|p2a: Cetitan|Liquidation|p1a: Arcanine\n|-supereffective|p1a: Arcanine\n|-crit|p1a: Arcanine\n|-damage|p1a: Arcanine|0 fnt\n|faint|p1a: Arcanine\n|\n|upkeep\n|inactive|Time left: 300 sec this turn | 300 sec total | 5 sec grace\n|\n|t:|1783535502\n|switch|p1a: Tauros|Tauros-Paldea-Blaze, L81, M|252/252\n|turn|29\n|inactive|Time left: 300 sec this turn | 300 sec total\n|\n|t:|1783535503\n|-terastallize|p1a: Tauros|Water\n|move|p1a: Tauros|Bulk Up|p1a: Tauros\n|-boost|p1a: Tauros|atk|1\n|-boost|p1a: Tauros|def|1\n|move|p2a: Cetitan|Liquidation|p1a: Tauros\n|-resisted|p1a: Tauros\n|-damage|p1a: Tauros|200/252\n|\n|upkeep\n|turn|30\n|inactive|Time left: 300 sec this turn | 300 sec total\n|\n|t:|1783535504\n|move|p1a: Tauros|Bulk Up|p1a: Tauros\n|-boost|p1a: Tauros|atk|1\n|-boost|p1a: Tauros|def|1\n|move|p2a: Cetitan|Liquidation|p1a: Tauros\n|-resisted|p1a: Tauros\n|-damage|p1a: Tauros|164/252\n|\n|upkeep\n|turn|31\n|inactive|Time left: 300 sec this turn | 300 sec total\n|\n|t:|1783535504\n|move|p2a: Cetitan|Ice Shard|p1a: Tauros\n|-resisted|p1a: Tauros\n|-damage|p1a: Tauros|151/252\n|-damage|p2a: Cetitan|81/100|[from] item: Life Orb\n|move|p1a: Tauros|Close Combat|p2a: Cetitan\n|-damage|p2a: Cetitan|3/100\n|-unboost|p1a: Tauros|def|1\n|-unboost|p1a: Tauros|spd|1\n|\n|upkeep\n|turn|32\n|inactive|Time left: 300 sec this turn | 300 sec total\n|\n|t:|1783535505\n|move|p2a: Cetitan|Ice Shard|p1a: Tauros\n|-resisted|p1a: Tauros\n|-damage|p1a: Tauros|132/252\n|-damage|p2a: Cetitan|0 fnt|[from] item: Life Orb\n|faint|p2a: Cetitan\n|move|p1a: Tauros|Close Combat|p2: Cetitan|[notarget]\n|-fail|p1a: Tauros\n|\n|upkeep\n|\n|t:|1783535506\n|switch|p2a: Skarmory|Skarmory, L80, M|55/100\n|turn|33\n|inactive|Time left: 300 sec this turn | 300 sec total\n|\n|t:|1783535507\n|move|p1a: Tauros|Raging Bull|p2a: Skarmory\n|-supereffective|p2a: Skarmory\n|-damage|p2a: Skarmory|0 fnt\n|faint|p2a: Skarmory\n|\n|win|p0x148562b", "uploadtime": 1783535507, "views": 0, "rating": 0, "private": 0, "password": null, "_winner": "p0x148562b", "_our_name": "p0x148562b"}