{"id": "battle-gen9randombattle-2697", "formatid": "gen9randombattle", "format": "[Gen 9] Random Battle", "players": ["p0x269707a3", "p0y26977a5f"], "log": "|init|battle\n|title|p0x269707a3 vs. p0y26977a5f\n|j|\u2606p0x269707a3\n|j|\u2606p0y26977a5f\n|t:|1783571097\n|gametype|singles\n|player|p1|p0x269707a3|101|\n|player|p2|p0y26977a5f|102|\n|gen|9\n|tier|[Gen 9] Random Battle\n|rule|Species Clause: Limit one of each Pok\u00e9mon\n|rule|HP Percentage Mod: HP is shown in percentages\n|rule|Sleep Clause Mod: Limit one foe put to sleep\n|rule|Illusion Level Mod: Illusion disguises the Pok\u00e9mon's true level\n|\n|t:|1783571097\n|teamsize|p1|6\n|teamsize|p2|6\n|start\n|switch|p1a: Vaporeon|Vaporeon, L86, M|100/100\n|switch|p2a: Blissey|Blissey, L85, F|572/572\n|turn|1\n|inactive|Battle timer is ON: inactive players will automatically lose when time's up. (requested by p0y26977a5f)\n|inactive|p0x269707a3 also wants the timer to be on.\n|\n|t:|1783571098\n|switch|p1a: Blastoise|Blastoise, L80, M|100/100\n|move|p2a: Blissey|Stealth Rock|p1a: Blastoise\n|-sidestart|p1: p0x269707a3|move: Stealth Rock\n|\n|upkeep\n|turn|2\n|inactive|Time left: 300 sec this turn | 300 sec total\n|\n|t:|1783571099\n|switch|p2a: Tauros|Tauros-Paldea-Aqua, L81, M|254/254\n|-ability|p2a: Tauros|Intimidate|boost\n|-unboost|p1a: Blastoise|atk|1\n|-enditem|p1a: Blastoise|White Herb\n|-clearnegativeboost|p1a: Blastoise|[silent]\n|move|p1a: Blastoise|Shell Smash|p1a: Blastoise\n|-unboost|p1a: Blastoise|def|1\n|-unboost|p1a: Blastoise|spd|1\n|-boost|p1a: Blastoise|atk|2\n|-boost|p1a: Blastoise|spa|2\n|-boost|p1a: Blastoise|spe|2\n|\n|upkeep\n|turn|3\n|inactive|Time left: 300 sec this turn | 300 sec total\n|\n|t:|1783571101\n|-terastallize|p1a: Blastoise|Electric\n|move|p1a: Blastoise|Tera Blast|p2a: Tauros|[anim] Tera Blast Electric\n|-supereffective|p2a: Tauros\n|-damage|p2a: Tauros|0 fnt\n|faint|p2a: Tauros\n|\n|upkeep\n|inactive|Time left: 300 sec this turn | 300 sec total | 5 sec grace\n|\n|t:|1783571101\n|switch|p2a: Frosmoth|Frosmoth, L82, F|249/249\n|turn|4\n|inactive|Time left: 300 sec this turn | 300 sec total\n|\n|t:|1783571103\n|move|p1a: Blastoise|Hydro Pump|p2a: Frosmoth\n|-damage|p2a: Frosmoth|159/249\n|move|p2a: Frosmoth|Ice Beam|p1a: Blastoise\n|-damage|p1a: Blastoise|44/100\n|\n|upkeep\n|turn|5\n|inactive|Time left: 300 sec this turn | 300 sec total\n|\n|t:|1783571104\n|move|p1a: Blastoise|Tera Blast|p2a: Frosmoth|[anim] Tera Blast Electric\n|-damage|p2a: Frosmoth|86/249\n|move|p2a: Frosmoth|Ice Beam|p1a: Blastoise\n|-damage|p1a: Blastoise|0 fnt\n|faint|p1a: Blastoise\n|\n|upkeep\n|\n|t:|1783571105\n|switch|p1a: Baxcalibur|Baxcalibur, L75, F|100/100\n|-damage|p1a: Baxcalibur|76/100|[from] Stealth Rock\n|turn|6\n|inactive|Time left: 300 sec this turn | 300 sec total\n|\n|t:|1783571106\n|switch|p2a: Bisharp|Bisharp, L79, M|232/232\n|move|p1a: Baxcalibur|Glaive Rush|p2a: Bisharp\n|-resisted|p2a: Bisharp\n|-damage|p2a: Bisharp|164/232\n|-singlemove|p1a: Baxcalibur|Glaive Rush|[silent]\n|\n|upkeep\n|turn|7\n|inactive|Time left: 300 sec this turn | 300 sec total\n|\n|t:|1783571107\n|switch|p1a: Vaporeon|Vaporeon, L86, M|100/100\n|-damage|p1a: Vaporeon|88/100|[from] Stealth Rock\n|move|p2a: Bisharp|Iron Head|p1a: Vaporeon\n|-resisted|p1a: Vaporeon\n|-damage|p1a: Vaporeon|72/100\n|\n|-heal|p1a: Vaporeon|79/100|[from] item: Leftovers\n|upkeep\n|turn|8\n|inactive|Time left: 300 sec this turn | 300 sec total\n|\n|t:|1783571108\n|move|p1a: Vaporeon|Scald|p2a: Bisharp\n|-damage|p2a: Bisharp|74/232\n|move|p2a: Bisharp|Swords Dance|p2a: Bisharp\n|-boost|p2a: Bisharp|atk|2\n|\n|-heal|p1a: Vaporeon|85/100|[from] item: Leftovers\n|upkeep\n|turn|9\n|inactive|Time left: 300 sec this turn | 300 sec total\n|\n|t:|1783571109\n|move|p2a: Bisharp|Sucker Punch|p1a: Vaporeon\n|-damage|p1a: Vaporeon|24/100\n|move|p1a: Vaporeon|Scald|p2a: Bisharp\n|-damage|p2a: Bisharp|0 fnt\n|faint|p2a: Bisharp\n|\n|-heal|p1a: Vaporeon|30/100|[from] item: Leftovers\n|upkeep\n|inactive|Time left: 300 sec this turn | 300 sec total | 5 sec grace\n|\n|t:|1783571110\n|switch|p2a: Frosmoth|Frosmoth, L82, F|86/249\n|turn|10\n|inactive|Time left: 300 sec this turn | 300 sec total\n|\n|t:|1783571111\n|move|p1a: Vaporeon|Scald|p2a: Frosmoth\n|-damage|p2a: Frosmoth|39/249\n|move|p2a: Frosmoth|Quiver Dance|p2a: Frosmoth\n|-boost|p2a: Frosmoth|spa|1\n|-boost|p2a: Frosmoth|spd|1\n|-boost|p2a: Frosmoth|spe|1\n|\n|-heal|p1a: Vaporeon|36/100|[from] item: Leftovers\n|upkeep\n|turn|11\n|inactive|Time left: 300 sec this turn | 300 sec total\n|\n|t:|1783571112\n|move|p2a: Frosmoth|Giga Drain|p1a: Vaporeon\n|-supereffective|p1a: Vaporeon\n|-damage|p1a: Vaporeon|0 fnt\n|-heal|p2a: Frosmoth|104/249|[from] drain|[of] p1a: Vaporeon\n|faint|p1a: Vaporeon\n|\n|upkeep\n|\n|t:|1783571113\n|switch|p1a: Cinccino|Cinccino, L83, M|100/100\n|-damage|p1a: Cinccino|88/100|[from] Stealth Rock\n|turn|12\n|inactive|Time left: 300 sec this turn | 300 sec total\n|\n|t:|1783571114\n|move|p1a: Cinccino|Tail Slap|p2a: Frosmoth|[miss]\n|-miss|p1a: Cinccino|p2a: Frosmoth\n|move|p2a: Frosmoth|Ice Beam|p1a: Cinccino\n|-damage|p1a: Cinccino|10/100\n|\n|upkeep\n|turn|13\n|inactive|Time left: 300 sec this turn | 300 sec total\n|\n|t:|1783571115\n|move|p1a: Cinccino|Tail Slap|p2a: Frosmoth\n|-damage|p2a: Frosmoth|53/249\n|-damage|p2a: Frosmoth|2/249\n|-damage|p2a: Frosmoth|0 fnt\n|faint|p2a: Frosmoth\n|-hitcount|p2: Frosmoth|3\n|\n|upkeep\n|inactive|Time left: 300 sec this turn | 300 sec total | 5 sec grace\n|\n|t:|1783571116\n|switch|p2a: Hypno|Hypno, L95, M|315/315\n|turn|14\n|inactive|Time left: 300 sec this turn | 300 sec total\n|\n|t:|1783571117\n|move|p1a: Cinccino|Tail Slap|p2a: Hypno\n|-damage|p2a: Hypno|276/315\n|-damage|p2a: Hypno|237/315\n|-damage|p2a: Hypno|200/315\n|-damage|p2a: Hypno|163/315\n|-damage|p2a: Hypno|121/315\n|-hitcount|p2a: Hypno|5\n|move|p2a: Hypno|Knock Off|p1a: Cinccino\n|-damage|p1a: Cinccino|0 fnt\n|-enditem|p1a: Cinccino|Loaded Dice|[from] move: Knock Off|[of] p2a: Hypno\n|faint|p1a: Cinccino\n|\n|-heal|p2a: Hypno|140/315|[from] item: Leftovers\n|upkeep\n|\n|t:|1783571118\n|switch|p1a: Masquerain|Masquerain, L87, M|100/100\n|-ability|p1a: Masquerain|Intimidate|boost\n|-unboost|p2a: Hypno|atk|1\n|turn|15\n|inactive|Time left: 300 sec this turn | 300 sec total\n|\n|t:|1783571119\n|switch|p2a: Milotic|Milotic, L83, M|293/293\n|move|p1a: Masquerain|Quiver Dance|p1a: Masquerain\n|-boost|p1a: Masquerain|spa|1\n|-boost|p1a: Masquerain|spd|1\n|-boost|p1a: Masquerain|spe|1\n|\n|upkeep\n|turn|16\n|inactive|Time left: 300 sec this turn | 300 sec total\n|\n|t:|1783571120\n|move|p1a: Masquerain|Hurricane|p2a: Milotic\n|-damage|p2a: Milotic|151/293\n|move|p2a: Milotic|Haze|p2a: Milotic\n|-clearallboost\n|\n|-heal|p2a: Milotic|169/293|[from] item: Leftovers\n|upkeep\n|turn|17\n|inactive|Time left: 300 sec this turn | 300 sec total\n|\n|t:|1783571121\n|move|p1a: Masquerain|Quiver Dance|p1a: Masquerain\n|-boost|p1a: Masquerain|spa|1\n|-boost|p1a: Masquerain|spd|1\n|-boost|p1a: Masquerain|spe|1\n|move|p2a: Milotic|Ice Beam|p1a: Masquerain\n|-supereffective|p1a: Masquerain\n|-damage|p1a: Masquerain|66/100\n|\n|-heal|p2a: Milotic|187/293|[from] item: Leftovers\n|upkeep\n|turn|18\n|inactive|Time left: 300 sec this turn | 300 sec total\n|\n|t:|1783571122\n|move|p1a: Masquerain|Hurricane|p2a: Milotic\n|-damage|p2a: Milotic|51/293\n|move|p2a: Milotic|Haze|p2a: Milotic\n|-clearallboost\n|\n|-heal|p2a: Milotic|69/293|[from] item: Leftovers\n|upkeep\n|turn|19\n|inactive|Time left: 300 sec this turn | 300 sec total\n|\n|t:|1783571123\n|switch|p2a: Blissey|Blissey, L85, F|572/572\n|move|p1a: Masquerain|Bug Buzz|p2a: Blissey\n|-crit|p2a: Blissey\n|-damage|p2a: Blissey|464/572\n|-unboost|p2a: Blissey|spd|1\n|\n|-heal|p2a: Blissey|499/572|[from] item: Leftovers\n|upkeep\n|turn|20\n|inactive|Time left: 300 sec this turn | 300 sec total\n|\n|t:|1783571124\n|move|p1a: Masquerain|Quiver Dance|p1a: Masquerain\n|-boost|p1a: Masquerain|spa|1\n|-boost|p1a: Masquerain|spd|1\n|-boost|p1a: Masquerain|spe|1\n|move|p2a: Blissey|Seismic Toss|p1a: Masquerain\n|-damage|p1a: Masquerain|33/100\n|\n|-heal|p2a: Blissey|534/572|[from] item: Leftovers\n|upkeep\n|turn|21\n|inactive|Time left: 300 sec this turn | 300 sec total\n|\n|t:|1783571125\n|move|p1a: Masquerain|Quiver Dance|p1a: Masquerain\n|-boost|p1a: Masquerain|spa|1\n|-boost|p1a: Masquerain|spd|1\n|-boost|p1a: Masquerain|spe|1\n|move|p2a: Blissey|Seismic Toss|p1a: Masquerain\n|-damage|p1a: Masquerain|1/100\n|\n|-heal|p2a: Blissey|569/572|[from] item: Leftovers\n|upkeep\n|turn|22\n|inactive|Time left: 300 sec this turn | 300 sec total\n|\n|t:|1783571126\n|move|p1a: Masquerain|Bug Buzz|p2a: Blissey\n|-damage|p2a: Blissey|364/572\n|move|p2a: Blissey|Seismic Toss|p1a: Masquerain\n|-damage|p1a: Masquerain|0 fnt\n|faint|p1a: Masquerain\n|\n|-heal|p2a: Blissey|399/572|[from] item: Leftovers\n|upkeep\n|\n|t:|1783571126\n|switch|p1a: Baxcalibur|Baxcalibur, L75, F|76/100\n|-damage|p1a: Baxcalibur|51/100|[from] Stealth Rock\n|turn|23\n|inactive|Time left: 300 sec this turn | 300 sec total\n|\n|t:|1783571127\n|switch|p2a: Hypno|Hypno, L95, M|140/315\n|move|p1a: Baxcalibur|Glaive Rush|p2a: Hypno\n|-damage|p2a: Hypno|0 fnt\n|-singlemove|p1a: Baxcalibur|Glaive Rush|[silent]\n|faint|p2a: Hypno\n|\n|upkeep\n|inactive|Time left: 300 sec this turn | 300 sec total | 5 sec grace\n|\n|t:|1783571128\n|switch|p2a: Blissey|Blissey, L85, F|399/572\n|turn|24\n|inactive|Time left: 300 sec this turn | 300 sec total\n|\n|t:|1783571129\n|-terastallize|p2a: Blissey|Fairy\n|move|p1a: Baxcalibur|Glaive Rush|p2a: Blissey\n|-immune|p2a: Blissey\n|move|p2a: Blissey|Seismic Toss|p1a: Baxcalibur\n|-damage|p1a: Baxcalibur|22/100\n|\n|-heal|p2a: Blissey|434/572|[from] item: Leftovers\n|upkeep\n|turn|25\n|inactive|Time left: 300 sec this turn | 300 sec total\n|\n|t:|1783571130\n|switch|p1a: Clefable|Clefable, L83, M|100/100\n|move|p2a: Blissey|Thunder Wave|p1a: Clefable\n|-status|p1a: Clefable|par\n|\n|-heal|p2a: Blissey|469/572|[from] item: Leftovers\n|upkeep\n|turn|26\n|inactive|Time left: 300 sec this turn | 300 sec total\n|\n|t:|1783571131\n|move|p2a: Blissey|Seismic Toss|p1a: Clefable\n|-damage|p1a: Clefable|71/100 par\n|move|p1a: Clefable|Calm Mind|p1a: Clefable\n|-boost|p1a: Clefable|spa|1\n|-boost|p1a: Clefable|spd|1\n|\n|-heal|p2a: Blissey|504/572|[from] item: Leftovers\n|upkeep\n|turn|27\n|inactive|Time left: 300 sec this turn | 300 sec total\n|\n|t:|1783571133\n|move|p2a: Blissey|Seismic Toss|p1a: Clefable\n|-damage|p1a: Clefable|42/100 par\n|move|p1a: Clefable|Moonlight|p1a: Clefable\n|-heal|p1a: Clefable|92/100 par\n|\n|-heal|p2a: Blissey|539/572|[from] item: Leftovers\n|upkeep\n|turn|28\n|inactive|Time left: 300 sec this turn | 300 sec total\n|\n|t:|1783571134\n|move|p2a: Blissey|Seismic Toss|p1a: Clefable\n|-damage|p1a: Clefable|63/100 par\n|move|p1a: Clefable|Moonblast|p2a: Blissey\n|-damage|p2a: Blissey|403/572\n|-unboost|p2a: Blissey|spa|1\n|\n|-heal|p2a: Blissey|438/572|[from] item: Leftovers\n|upkeep\n|turn|29\n|inactive|Time left: 300 sec this turn | 300 sec total\n|\n|t:|1783571135\n|move|p2a: Blissey|Seismic Toss|p1a: Clefable\n|-damage|p1a: Clefable|34/100 par\n|cant|p1a: Clefable|par\n|\n|-heal|p2a: Blissey|473/572|[from] item: Leftovers\n|upkeep\n|turn|30\n|inactive|Time left: 300 sec this turn | 300 sec total\n|\n|t:|1783571136\n|move|p2a: Blissey|Seismic Toss|p1a: Clefable\n|-damage|p1a: Clefable|5/100 par\n|cant|p1a: Clefable|par\n|\n|-heal|p2a: Blissey|508/572|[from] item: Leftovers\n|upkeep\n|turn|31\n|inactive|Time left: 300 sec this turn | 300 sec total\n|\n|t:|1783571137\n|switch|p1a: Baxcalibur|Baxcalibur, L75, F|22/100\n|-damage|p1a: Baxcalibur|0 fnt|[from] Stealth Rock\n|faint|p1a: Baxcalibur\n|move|p2a: Blissey|Seismic Toss|p1: Baxcalibur|[notarget]\n|-fail|p2a: Blissey\n|\n|-heal|p2a: Blissey|543/572|[from] item: Leftovers\n|upkeep\n|\n|t:|1783571138\n|switch|p1a: Clefable|Clefable, L83, M|5/100 par\n|turn|32\n|inactive|Time left: 300 sec this turn | 300 sec total\n|\n|t:|1783571139\n|move|p2a: Blissey|Seismic Toss|p1a: Clefable\n|-damage|p1a: Clefable|0 fnt\n|faint|p1a: Clefable\n|\n|win|p0y26977a5f", "uploadtime": 1783571139, "views": 0, "rating": 0, "private": 0, "password": null, "_winner": "p0y26977a5f", "_our_name": "p0y26977a5f"}