{"id": "battle-gen9randombattle-2144", "formatid": "gen9randombattle", "format": "[Gen 9] Random Battle", "players": ["p0x21448a25", "p0y21445250"], "log": "|init|battle\n|title|p0x21448a25 vs. p0y21445250\n|j|\u2606p0x21448a25\n|j|\u2606p0y21445250\n|t:|1783564005\n|gametype|singles\n|player|p1|p0x21448a25|265|\n|player|p2|p0y21445250|170|\n|gen|9\n|tier|[Gen 9] Random Battle\n|rule|Species Clause: Limit one of each Pok\u00e9mon\n|rule|HP Percentage Mod: HP is shown in percentages\n|rule|Sleep Clause Mod: Limit one foe put to sleep\n|rule|Illusion Level Mod: Illusion disguises the Pok\u00e9mon's true level\n|\n|t:|1783564005\n|teamsize|p1|6\n|teamsize|p2|6\n|start\n|switch|p1a: Entei|Entei, L78|100/100\n|switch|p2a: Dialga|Dialga-Origin, L73|266/266\n|-ability|p2a: Dialga|Pressure\n|turn|1\n|inactive|Battle timer is ON: inactive players will automatically lose when time's up. (requested by p0x21448a25)\n|inactive|Time left: 300 sec this turn | 300 sec total | 60 sec grace\n|inactive|p0y21445250 also wants the timer to be on.\n|\n|t:|1783564007\n|move|p1a: Entei|Sacred Fire|p2a: Dialga\n|-damage|p2a: Dialga|131/266\n|move|p2a: Dialga|Stealth Rock|p1a: Entei\n|-sidestart|p1: p0x21448a25|move: Stealth Rock\n|\n|upkeep\n|turn|2\n|inactive|Time left: 300 sec this turn | 300 sec total\n|\n|t:|1783564008\n|-terastallize|p2a: Dialga|Dragon\n|move|p1a: Entei|Sacred Fire|p2a: Dialga\n|-resisted|p2a: Dialga\n|-damage|p2a: Dialga|56/266\n|-status|p2a: Dialga|brn\n|move|p2a: Dialga|Draco Meteor|p1a: Entei\n|-damage|p1a: Entei|0 fnt\n|-unboost|p2a: Dialga|spa|2\n|faint|p1a: Entei\n|\n|-damage|p2a: Dialga|40/266 brn|[from] brn\n|upkeep\n|\n|t:|1783564009\n|switch|p1a: Kleavor|Kleavor, L78, M|100/100\n|turn|3\n|inactive|Time left: 300 sec this turn | 300 sec total\n|\n|t:|1783564010\n|switch|p2a: Pincurchin|Pincurchin, F|258/258\n|-fieldstart|move: Electric Terrain|[from] ability: Electric Surge|[of] p2a: Pincurchin\n|move|p1a: Kleavor|Stone Axe|p2a: Pincurchin\n|-damage|p2a: Pincurchin|164/258\n|-sidestart|p2: p0y21445250|move: Stealth Rock\n|\n|-heal|p2a: Pincurchin|180/258|[from] item: Leftovers\n|upkeep\n|turn|4\n|inactive|Time left: 300 sec this turn | 300 sec total\n|\n|t:|1783564011\n|move|p1a: Kleavor|X-Scissor|p2a: Pincurchin\n|-damage|p2a: Pincurchin|54/258\n|move|p2a: Pincurchin|Discharge|p1a: Kleavor\n|-damage|p1a: Kleavor|21/100\n|-status|p1a: Kleavor|par\n|\n|-heal|p2a: Pincurchin|70/258|[from] item: Leftovers\n|upkeep\n|turn|5\n|inactive|Time left: 300 sec this turn | 300 sec total\n|\n|t:|1783564012\n|cant|p1a: Kleavor|par\n|move|p2a: Pincurchin|Recover|p2a: Pincurchin\n|-heal|p2a: Pincurchin|199/258\n|\n|-heal|p2a: Pincurchin|215/258|[from] item: Leftovers\n|upkeep\n|turn|6\n|inactive|Time left: 300 sec this turn | 300 sec total\n|\n|t:|1783564013\n|cant|p1a: Kleavor|par\n|move|p2a: Pincurchin|Discharge|p1a: Kleavor\n|-damage|p1a: Kleavor|0 fnt\n|faint|p1a: Kleavor\n|\n|-heal|p2a: Pincurchin|231/258|[from] item: Leftovers\n|upkeep\n|\n|t:|1783564014\n|switch|p1a: Porygon-Z|Porygon-Z, L83|100/100\n|-damage|p1a: Porygon-Z|88/100|[from] Stealth Rock\n|turn|7\n|inactive|Time left: 300 sec this turn | 300 sec total\n|\n|t:|1783564015\n|move|p1a: Porygon-Z|Nasty Plot|p1a: Porygon-Z\n|-boost|p1a: Porygon-Z|spa|2\n|move|p2a: Pincurchin|Discharge|p1a: Porygon-Z\n|-damage|p1a: Porygon-Z|29/100\n|\n|-heal|p2a: Pincurchin|247/258|[from] item: Leftovers\n|-fieldend|move: Electric Terrain\n|upkeep\n|turn|8\n|inactive|Time left: 300 sec this turn | 300 sec total\n|\n|t:|1783564016\n|switch|p2a: Dialga|Dialga-Origin, L73, tera:Dragon|40/266 brn\n|-damage|p2a: Dialga|7/266 brn|[from] Stealth Rock\n|-ability|p2a: Dialga|Pressure\n|move|p1a: Porygon-Z|Tera Blast|p2a: Dialga\n|-damage|p2a: Dialga|0 fnt\n|faint|p2a: Dialga\n|-damage|p1a: Porygon-Z|19/100|[from] item: Life Orb\n|\n|upkeep\n|inactive|Time left: 300 sec this turn | 300 sec total | 5 sec grace\n|\n|t:|1783564016\n|switch|p2a: Hoopa|Hoopa-Unbound, L80|259/259\n|-damage|p2a: Hoopa|227/259|[from] Stealth Rock\n|turn|9\n|inactive|Time left: 300 sec this turn | 300 sec total\n|\n|t:|1783564018\n|move|p2a: Hoopa|Psychic|p1a: Porygon-Z\n|-damage|p1a: Porygon-Z|0 fnt\n|faint|p1a: Porygon-Z\n|\n|upkeep\n|\n|t:|1783564018\n|switch|p1a: Hoopa|Hoopa-Unbound, L80|100/100\n|-damage|p1a: Hoopa|88/100|[from] Stealth Rock\n|turn|10\n|inactive|Time left: 300 sec this turn | 300 sec total\n|\n|t:|1783564019\n|switch|p2a: Dunsparce|Dunsparce, L86, F|312/312\n|-damage|p2a: Dunsparce|273/312|[from] Stealth Rock\n|move|p1a: Hoopa|Hyperspace Fury|p2a: Dunsparce\n|-damage|p2a: Dunsparce|165/312\n|-unboost|p1a: Hoopa|def|1\n|\n|upkeep\n|turn|11\n|inactive|Time left: 300 sec this turn | 300 sec total\n|\n|t:|1783564020\n|move|p1a: Hoopa|Hyperspace Fury|p2a: Dunsparce\n|-damage|p2a: Dunsparce|54/312\n|-unboost|p1a: Hoopa|def|1\n|move|p2a: Dunsparce|Body Slam|p1a: Hoopa\n|-damage|p1a: Hoopa|15/100\n|-status|p1a: Hoopa|par\n|\n|upkeep\n|turn|12\n|inactive|Time left: 300 sec this turn | 300 sec total\n|\n|t:|1783564021\n|move|p1a: Hoopa|Hyperspace Fury|p2a: Dunsparce\n|-damage|p2a: Dunsparce|0 fnt\n|-unboost|p1a: Hoopa|def|1\n|faint|p2a: Dunsparce\n|\n|upkeep\n|inactive|Time left: 300 sec this turn | 300 sec total | 5 sec grace\n|\n|t:|1783564022\n|switch|p2a: Cloyster|Cloyster, L80, F|211/211\n|-damage|p2a: Cloyster|159/211|[from] Stealth Rock\n|turn|13\n|inactive|Time left: 300 sec this turn | 300 sec total\n|\n|t:|1783564023\n|switch|p1a: Phione|Phione, L91|100/100\n|-damage|p1a: Phione|88/100|[from] Stealth Rock\n|move|p2a: Cloyster|Shell Smash|p2a: Cloyster\n|-unboost|p2a: Cloyster|def|1\n|-unboost|p2a: Cloyster|spd|1\n|-boost|p2a: Cloyster|atk|2\n|-boost|p2a: Cloyster|spa|2\n|-boost|p2a: Cloyster|spe|2\n|-enditem|p2a: Cloyster|White Herb\n|-clearnegativeboost|p2a: Cloyster|[silent]\n|\n|-heal|p1a: Phione|94/100|[from] item: Leftovers\n|upkeep\n|turn|14\n|inactive|Time left: 300 sec this turn | 300 sec total\n|\n|t:|1783564024\n|move|p2a: Cloyster|Rock Blast|p1a: Phione\n|-damage|p1a: Phione|83/100\n|-damage|p1a: Phione|71/100\n|-damage|p1a: Phione|59/100\n|-damage|p1a: Phione|48/100\n|-damage|p1a: Phione|37/100\n|-hitcount|p1a: Phione|5\n|move|p1a: Phione|Grass Knot|p2a: Cloyster\n|-supereffective|p2a: Cloyster\n|-damage|p2a: Cloyster|0 fnt\n|faint|p2a: Cloyster\n|\n|-heal|p1a: Phione|43/100|[from] item: Leftovers\n|upkeep\n|inactive|Time left: 300 sec this turn | 300 sec total | 5 sec grace\n|\n|t:|1783564025\n|switch|p2a: Pincurchin|Pincurchin, F|247/258\n|-damage|p2a: Pincurchin|215/258|[from] Stealth Rock\n|-fieldstart|move: Electric Terrain|[from] ability: Electric Surge|[of] p2a: Pincurchin\n|turn|15\n|inactive|Time left: 300 sec this turn | 300 sec total\n|\n|t:|1783564026\n|move|p1a: Phione|Scald|p2a: Pincurchin\n|-damage|p2a: Pincurchin|137/258\n|move|p2a: Pincurchin|Discharge|p1a: Phione\n|-supereffective|p1a: Phione\n|-damage|p1a: Phione|0 fnt\n|faint|p1a: Phione\n|\n|-heal|p2a: Pincurchin|153/258|[from] item: Leftovers\n|upkeep\n|\n|t:|1783564027\n|switch|p1a: Hoopa|Hoopa-Unbound, L80|15/100 par\n|-damage|p1a: Hoopa|2/100 par|[from] Stealth Rock\n|turn|16\n|inactive|Time left: 300 sec this turn | 300 sec total\n|\n|t:|1783564028\n|move|p1a: Hoopa|Psychic|p2a: Pincurchin\n|-damage|p2a: Pincurchin|44/258\n|move|p2a: Pincurchin|Recover|p2a: Pincurchin\n|-heal|p2a: Pincurchin|173/258\n|\n|-heal|p2a: Pincurchin|189/258|[from] item: Leftovers\n|upkeep\n|turn|17\n|inactive|Time left: 300 sec this turn | 300 sec total\n|\n|t:|1783564029\n|move|p1a: Hoopa|Psychic|p2a: Pincurchin\n|-damage|p2a: Pincurchin|65/258\n|move|p2a: Pincurchin|Recover|p2a: Pincurchin\n|-heal|p2a: Pincurchin|194/258\n|\n|-heal|p2a: Pincurchin|210/258|[from] item: Leftovers\n|upkeep\n|turn|18\n|inactive|Time left: 300 sec this turn | 300 sec total\n|\n|t:|1783564030\n|switch|p2a: Hoopa|Hoopa-Unbound, L80|227/259\n|-damage|p2a: Hoopa|195/259|[from] Stealth Rock\n|move|p1a: Hoopa|Psychic|p2a: Hoopa\n|-immune|p2a: Hoopa\n|\n|upkeep\n|turn|19\n|inactive|Time left: 300 sec this turn | 300 sec total\n|\n|t:|1783564031\n|move|p2a: Hoopa|Hyperspace Fury|p1a: Hoopa\n|-damage|p1a: Hoopa|0 fnt\n|-unboost|p2a: Hoopa|def|1\n|faint|p1a: Hoopa\n|\n|-fieldend|move: Electric Terrain\n|upkeep\n|\n|t:|1783564032\n|switch|p1a: Scyther|Scyther, L82, M|100/100\n|turn|20\n|inactive|Time left: 300 sec this turn | 300 sec total\n|\n|t:|1783564033\n|-terastallize|p1a: Scyther|Fighting\n|move|p2a: Hoopa|Hyperspace Fury|p1a: Scyther\n|-resisted|p1a: Scyther\n|-damage|p1a: Scyther|68/100\n|-unboost|p2a: Hoopa|def|1\n|move|p1a: Scyther|Swords Dance|p1a: Scyther\n|-boost|p1a: Scyther|atk|2\n|\n|upkeep\n|turn|21\n|inactive|Time left: 300 sec this turn | 300 sec total\n|\n|t:|1783564034\n|move|p2a: Hoopa|Hyperspace Fury|p1a: Scyther\n|-resisted|p1a: Scyther\n|-damage|p1a: Scyther|38/100\n|-unboost|p2a: Hoopa|def|1\n|move|p1a: Scyther|Dual Wingbeat|p2a: Hoopa\n|-damage|p2a: Hoopa|0 fnt\n|faint|p2a: Hoopa\n|-hitcount|p2: Hoopa|1\n|\n|upkeep\n|inactive|Time left: 300 sec this turn | 300 sec total | 5 sec grace\n|\n|t:|1783564035\n|switch|p2a: Pincurchin|Pincurchin, F|210/258\n|-damage|p2a: Pincurchin|178/258|[from] Stealth Rock\n|-fieldstart|move: Electric Terrain|[from] ability: Electric Surge|[of] p2a: Pincurchin\n|turn|22\n|inactive|Time left: 300 sec this turn | 300 sec total\n|\n|t:|1783564036\n|move|p1a: Scyther|Close Combat|p2a: Pincurchin\n|-damage|p2a: Pincurchin|0 fnt\n|-unboost|p1a: Scyther|def|1\n|-unboost|p1a: Scyther|spd|1\n|faint|p2a: Pincurchin\n|\n|upkeep\n|inactive|Time left: 300 sec this turn | 300 sec total | 5 sec grace\n|\n|t:|1783564037\n|switch|p2a: Samurott|Samurott, L88, M|310/310\n|-damage|p2a: Samurott|272/310|[from] Stealth Rock\n|turn|23\n|inactive|Time left: 300 sec this turn | 300 sec total\n|\n|t:|1783564037\n|move|p2a: Samurott|Aqua Jet|p1a: Scyther\n|-damage|p1a: Scyther|0 fnt\n|faint|p1a: Scyther\n|-damage|p2a: Samurott|241/310|[from] item: Life Orb\n|\n|win|p0y21445250", "uploadtime": 1783564037, "views": 0, "rating": 0, "private": 0, "password": null, "_winner": "p0y21445250", "_our_name": "p0y21445250"}