{"id": "battle-gen9randombattle-2370", "formatid": "gen9randombattle", "format": "[Gen 9] Random Battle", "players": ["p0x23703cef", "p0y2370d849"], "log": "|init|battle\n|title|p0x23703cef vs. p0y2370d849\n|j|\u2606p0x23703cef\n|j|\u2606p0y2370d849\n|t:|1783567531\n|gametype|singles\n|player|p1|p0x23703cef|102|\n|player|p2|p0y2370d849|169|\n|gen|9\n|tier|[Gen 9] Random Battle\n|rule|Species Clause: Limit one of each Pok\u00e9mon\n|rule|HP Percentage Mod: HP is shown in percentages\n|rule|Sleep Clause Mod: Limit one foe put to sleep\n|rule|Illusion Level Mod: Illusion disguises the Pok\u00e9mon's true level\n|\n|t:|1783567531\n|teamsize|p1|6\n|teamsize|p2|6\n|start\n|switch|p1a: Carbink|Carbink, L90|236/236\n|switch|p2a: Weavile|Weavile, L79, F|100/100\n|turn|1\n|inactive|Battle timer is ON: inactive players will automatically lose when time's up. (requested by p0x23703cef)\n|inactive|p0y2370d849 also wants the timer to be on.\n|\n|t:|1783567533\n|switch|p2a: Mismagius|Mismagius, L86, M|100/100\n|move|p1a: Carbink|Body Press|p2a: Mismagius\n|-immune|p2a: Mismagius\n|\n|upkeep\n|turn|2\n|inactive|Time left: 300 sec this turn | 300 sec total\n|\n|t:|1783567534\n|move|p2a: Mismagius|Nasty Plot|p2a: Mismagius\n|-boost|p2a: Mismagius|spa|2\n|move|p1a: Carbink|Moonblast|p2a: Mismagius\n|-damage|p2a: Mismagius|73/100\n|\n|upkeep\n|turn|3\n|inactive|Time left: 300 sec this turn | 300 sec total\n|\n|t:|1783567535\n|switch|p1a: Arboliva|Arboliva, L91, F|290/290\n|move|p2a: Mismagius|Shadow Ball|p1a: Arboliva\n|-immune|p1a: Arboliva\n|\n|upkeep\n|turn|4\n|inactive|Time left: 300 sec this turn | 300 sec total\n|\n|t:|1783567536\n|move|p2a: Mismagius|Mystical Fire|p1a: Arboliva\n|-supereffective|p1a: Arboliva\n|-damage|p1a: Arboliva|48/290\n|-unboost|p1a: Arboliva|spa|1\n|-fieldstart|move: Grassy Terrain|[from] ability: Seed Sower|[of] p1a: Arboliva\n|-damage|p2a: Mismagius|63/100|[from] item: Life Orb\n|move|p1a: Arboliva|Energy Ball|p2a: Mismagius\n|-damage|p2a: Mismagius|25/100\n|\n|-heal|p1a: Arboliva|66/290|[from] Grassy Terrain\n|-heal|p1a: Arboliva|84/290|[from] item: Leftovers\n|upkeep\n|turn|5\n|inactive|Time left: 300 sec this turn | 300 sec total\n|\n|t:|1783567537\n|move|p2a: Mismagius|Mystical Fire|p1a: Arboliva\n|-supereffective|p1a: Arboliva\n|-damage|p1a: Arboliva|0 fnt\n|faint|p1a: Arboliva\n|-damage|p2a: Mismagius|15/100|[from] item: Life Orb\n|\n|upkeep\n|inactive|Time left: 300 sec this turn | 300 sec total | 5 sec grace\n|\n|t:|1783567538\n|switch|p1a: Regieleki|Regieleki, L79|256/256\n|turn|6\n|inactive|Time left: 300 sec this turn | 300 sec total\n|\n|t:|1783567539\n|switch|p2a: Gumshoos|Gumshoos, L95, M|100/100\n|move|p1a: Regieleki|Volt Switch|p2a: Gumshoos\n|-crit|p2a: Gumshoos\n|-damage|p2a: Gumshoos|45/100\n|inactive|Time left: 300 sec this turn | 300 sec total | 5 sec grace\n|\n|t:|1783567540\n|switch|p1a: Carbink|Carbink, L90|236/236|[from] Volt Switch\n|\n|-heal|p2a: Gumshoos|52/100|[from] Grassy Terrain\n|upkeep\n|turn|7\n|inactive|Time left: 300 sec this turn | 300 sec total\n|\n|t:|1783567541\n|switch|p2a: Solgaleo|Solgaleo, L74|100/100\n|move|p1a: Carbink|Body Press|p2a: Solgaleo\n|-damage|p2a: Solgaleo|75/100\n|\n|-heal|p2a: Solgaleo|81/100|[from] Grassy Terrain\n|upkeep\n|turn|8\n|inactive|Time left: 300 sec this turn | 300 sec total\n|\n|t:|1783567542\n|switch|p1a: Ceruledge|Ceruledge, L78, F|245/245\n|move|p2a: Solgaleo|Sunsteel Strike|p1a: Ceruledge\n|-resisted|p1a: Ceruledge\n|-damage|p1a: Ceruledge|180/245\n|-ability|p1a: Ceruledge|Weak Armor|boost\n|-unboost|p1a: Ceruledge|def|1\n|-boost|p1a: Ceruledge|spe|2\n|\n|-heal|p1a: Ceruledge|195/245|[from] Grassy Terrain\n|-heal|p2a: Solgaleo|87/100|[from] Grassy Terrain\n|-fieldend|move: Grassy Terrain\n|upkeep\n|turn|9\n|inactive|Time left: 300 sec this turn | 300 sec total\n|\n|t:|1783567543\n|move|p1a: Ceruledge|Bitter Blade|p2a: Solgaleo\n|-supereffective|p2a: Solgaleo\n|-damage|p2a: Solgaleo|24/100\n|-heal|p1a: Ceruledge|245/245|[from] drain|[of] p2a: Solgaleo\n|-enditem|p2a: Solgaleo|Weakness Policy\n|-boost|p2a: Solgaleo|atk|2|[from] item: Weakness Policy\n|-boost|p2a: Solgaleo|spa|2|[from] item: Weakness Policy\n|move|p2a: Solgaleo|Knock Off|p1a: Ceruledge\n|-supereffective|p1a: Ceruledge\n|-damage|p1a: Ceruledge|0 fnt\n|-enditem|p1a: Ceruledge|Heavy-Duty Boots|[from] move: Knock Off|[of] p2a: Solgaleo\n|faint|p1a: Ceruledge\n|\n|upkeep\n|inactive|Time left: 300 sec this turn | 300 sec total | 5 sec grace\n|\n|t:|1783567544\n|switch|p1a: Regieleki|Regieleki, L79|256/256\n|turn|10\n|inactive|Time left: 300 sec this turn | 300 sec total\n|\n|t:|1783567545\n|move|p1a: Regieleki|Volt Switch|p2a: Solgaleo\n|-damage|p2a: Solgaleo|0 fnt\n|faint|p2a: Solgaleo\n|inactive|Time left: 300 sec this turn | 300 sec total | 5 sec grace\n|\n|t:|1783567546\n|switch|p1a: Carbink|Carbink, L90|236/236|[from] Volt Switch\n|\n|upkeep\n|\n|t:|1783567547\n|switch|p2a: Falinks|Falinks, L84|100/100\n|turn|11\n|inactive|Time left: 300 sec this turn | 300 sec total\n|\n|t:|1783567548\n|move|p2a: Falinks|No Retreat|p2a: Falinks\n|-boost|p2a: Falinks|atk|1\n|-boost|p2a: Falinks|def|1\n|-boost|p2a: Falinks|spa|1\n|-boost|p2a: Falinks|spd|1\n|-boost|p2a: Falinks|spe|1\n|-start|p2a: Falinks|move: No Retreat\n|move|p1a: Carbink|Moonblast|p2a: Falinks\n|-supereffective|p2a: Falinks\n|-damage|p2a: Falinks|49/100\n|\n|upkeep\n|turn|12\n|inactive|Time left: 300 sec this turn | 300 sec total\n|\n|t:|1783567549\n|-terastallize|p1a: Carbink|Fighting\n|move|p2a: Falinks|Iron Head|p1a: Carbink\n|-damage|p1a: Carbink|167/236\n|-damage|p2a: Falinks|40/100|[from] item: Life Orb\n|cant|p1a: Carbink|flinch\n|\n|-heal|p1a: Carbink|181/236|[from] item: Leftovers\n|upkeep\n|turn|13\n|inactive|Time left: 300 sec this turn | 300 sec total\n|\n|t:|1783567550\n|move|p2a: Falinks|Iron Head|p1a: Carbink\n|-damage|p1a: Carbink|108/236\n|-damage|p2a: Falinks|30/100|[from] item: Life Orb\n|move|p1a: Carbink|Body Press|p2a: Falinks\n|-damage|p2a: Falinks|0 fnt\n|faint|p2a: Falinks\n|\n|-heal|p1a: Carbink|122/236|[from] item: Leftovers\n|upkeep\n|\n|t:|1783567552\n|switch|p2a: Cobalion|Cobalion, L80|100/100\n|turn|14\n|inactive|Time left: 300 sec this turn | 300 sec total\n|\n|t:|1783567553\n|move|p2a: Cobalion|Swords Dance|p2a: Cobalion\n|-boost|p2a: Cobalion|atk|2\n|move|p1a: Carbink|Body Press|p2a: Cobalion\n|-supereffective|p2a: Cobalion\n|-damage|p2a: Cobalion|23/100\n|\n|-heal|p2a: Cobalion|29/100|[from] item: Leftovers\n|-heal|p1a: Carbink|136/236|[from] item: Leftovers\n|upkeep\n|turn|15\n|inactive|Time left: 300 sec this turn | 300 sec total\n|\n|t:|1783567554\n|move|p2a: Cobalion|Close Combat|p1a: Carbink\n|-crit|p1a: Carbink\n|-damage|p1a: Carbink|0 fnt\n|-unboost|p2a: Cobalion|def|1\n|-unboost|p2a: Cobalion|spd|1\n|faint|p1a: Carbink\n|\n|-heal|p2a: Cobalion|35/100|[from] item: Leftovers\n|upkeep\n|inactive|Time left: 300 sec this turn | 300 sec total | 5 sec grace\n|\n|t:|1783567555\n|switch|p1a: Regieleki|Regieleki, L79|256/256\n|turn|16\n|inactive|Time left: 300 sec this turn | 300 sec total\n|\n|t:|1783567555\n|switch|p2a: Mismagius|Mismagius, L86, M|15/100\n|move|p1a: Regieleki|Volt Switch|p2a: Mismagius\n|-damage|p2a: Mismagius|0 fnt\n|faint|p2a: Mismagius\n|inactive|Time left: 300 sec this turn | 300 sec total | 5 sec grace\n|\n|t:|1783567556\n|switch|p1a: Volbeat|Volbeat, L90, M|263/263|[from] Volt Switch\n|\n|upkeep\n|\n|t:|1783567557\n|switch|p2a: Gumshoos|Gumshoos, L95, M|52/100\n|turn|17\n|inactive|Time left: 300 sec this turn | 300 sec total\n|\n|t:|1783567558\n|move|p1a: Volbeat|Lunge|p2a: Gumshoos\n|-damage|p2a: Gumshoos|24/100\n|-unboost|p2a: Gumshoos|atk|1\n|move|p2a: Gumshoos|Knock Off|p1a: Volbeat\n|-damage|p1a: Volbeat|167/263\n|-enditem|p1a: Volbeat|Heavy-Duty Boots|[from] move: Knock Off|[of] p2a: Gumshoos\n|\n|upkeep\n|turn|18\n|inactive|Time left: 300 sec this turn | 300 sec total\n|\n|t:|1783567559\n|switch|p2a: Cobalion|Cobalion, L80|35/100\n|move|p1a: Volbeat|Lunge|p2a: Cobalion\n|-resisted|p2a: Cobalion\n|-damage|p2a: Cobalion|29/100\n|-unboost|p2a: Cobalion|atk|1\n|\n|-heal|p2a: Cobalion|36/100|[from] item: Leftovers\n|upkeep\n|turn|19\n|inactive|Time left: 300 sec this turn | 300 sec total\n|\n|t:|1783567560\n|move|p2a: Cobalion|Swords Dance|p2a: Cobalion\n|-boost|p2a: Cobalion|atk|2\n|move|p1a: Volbeat|Lunge|p2a: Cobalion\n|-resisted|p2a: Cobalion\n|-crit|p2a: Cobalion\n|-damage|p2a: Cobalion|28/100\n|-unboost|p2a: Cobalion|atk|1\n|\n|-heal|p2a: Cobalion|34/100|[from] item: Leftovers\n|upkeep\n|turn|20\n|inactive|Time left: 300 sec this turn | 300 sec total\n|\n|t:|1783567561\n|switch|p1a: Regieleki|Regieleki, L79|256/256\n|move|p2a: Cobalion|Swords Dance|p2a: Cobalion\n|-boost|p2a: Cobalion|atk|2\n|\n|-heal|p2a: Cobalion|40/100|[from] item: Leftovers\n|upkeep\n|turn|21\n|inactive|Time left: 300 sec this turn | 300 sec total\n|\n|t:|1783567562\n|move|p1a: Regieleki|Thunderbolt|p2a: Cobalion\n|-damage|p2a: Cobalion|0 fnt\n|faint|p2a: Cobalion\n|\n|upkeep\n|\n|t:|1783567563\n|switch|p2a: Weavile|Weavile, L79, F|100/100\n|turn|22\n|inactive|Time left: 300 sec this turn | 300 sec total\n|\n|t:|1783567564\n|move|p1a: Regieleki|Thunderbolt|p2a: Weavile\n|-damage|p2a: Weavile|44/100\n|move|p2a: Weavile|Triple Axel|p1a: Regieleki\n|-crit|p1a: Regieleki\n|-damage|p1a: Regieleki|205/256\n|-damage|p1a: Regieleki|139/256\n|-damage|p1a: Regieleki|37/256\n|-hitcount|p1a: Regieleki|3\n|\n|upkeep\n|turn|23\n|inactive|Time left: 300 sec this turn | 300 sec total\n|\n|t:|1783567565\n|move|p1a: Regieleki|Thunderbolt|p2a: Weavile\n|-damage|p2a: Weavile|0 fnt\n|faint|p2a: Weavile\n|\n|upkeep\n|\n|t:|1783567565\n|switch|p2a: Gumshoos|Gumshoos, L95, M|24/100\n|turn|24\n|inactive|Time left: 300 sec this turn | 300 sec total\n|\n|t:|1783567566\n|-terastallize|p2a: Gumshoos|Normal\n|move|p1a: Regieleki|Explosion|p2a: Gumshoos\n|-crit|p2a: Gumshoos\n|-damage|p2a: Gumshoos|0 fnt\n|faint|p1a: Regieleki\n|faint|p2a: Gumshoos\n|\n|win|p0x23703cef", "uploadtime": 1783567566, "views": 0, "rating": 0, "private": 0, "password": null, "_winner": "p0x23703cef", "_our_name": "p0x23703cef"}