{"id": "battle-gen9randombattle-781", "formatid": "gen9randombattle", "format": "[Gen 9] Random Battle", "players": ["p0x7815b0c", "p0y7818816"], "log": "|init|battle\n|title|p0x7815b0c vs. p0y7818816\n|j|\u2606p0x7815b0c\n|j|\u2606p0y7818816\n|t:|1783548190\n|gametype|singles\n|player|p1|p0x7815b0c|169|\n|player|p2|p0y7818816|169|\n|gen|9\n|tier|[Gen 9] Random Battle\n|rule|Species Clause: Limit one of each Pok\u00e9mon\n|rule|HP Percentage Mod: HP is shown in percentages\n|rule|Sleep Clause Mod: Limit one foe put to sleep\n|rule|Illusion Level Mod: Illusion disguises the Pok\u00e9mon's true level\n|\n|t:|1783548190\n|teamsize|p1|6\n|teamsize|p2|6\n|start\n|switch|p1a: Hitmonlee|Hitmonlee, L85, M|223/223\n|switch|p2a: Clodsire|Clodsire, L81, F|100/100\n|turn|1\n|inactive|Battle timer is ON: inactive players will automatically lose when time's up. (requested by p0x7815b0c)\n|inactive|p0y7818816 also wants the timer to be on.\n|\n|t:|1783548191\n|move|p1a: Hitmonlee|High Jump Kick|p2a: Clodsire\n|-resisted|p2a: Clodsire\n|-damage|p2a: Clodsire|41/100\n|move|p2a: Clodsire|Poison Jab|p1a: Hitmonlee\n|-damage|p1a: Hitmonlee|127/223\n|\n|-heal|p2a: Clodsire|47/100|[from] item: Leftovers\n|upkeep\n|turn|2\n|inactive|Time left: 300 sec this turn | 300 sec total\n|\n|t:|1783548192\n|switch|p2a: Rabsca|Rabsca, L91, M|100/100\n|move|p1a: Hitmonlee|High Jump Kick|p2a: Rabsca\n|-resisted|p2a: Rabsca\n|-damage|p2a: Rabsca|76/100\n|\n|upkeep\n|turn|3\n|inactive|Time left: 300 sec this turn | 300 sec total\n|\n|t:|1783548193\n|move|p1a: Hitmonlee|High Jump Kick|p2a: Rabsca\n|-resisted|p2a: Rabsca\n|-damage|p2a: Rabsca|52/100\n|move|p2a: Rabsca|Psychic|p1a: Hitmonlee\n|-supereffective|p1a: Hitmonlee\n|-damage|p1a: Hitmonlee|0 fnt\n|faint|p1a: Hitmonlee\n|\n|upkeep\n|inactive|Time left: 300 sec this turn | 300 sec total | 5 sec grace\n|\n|t:|1783548194\n|switch|p1a: Terrakion|Terrakion, L79|273/273\n|turn|4\n|inactive|Time left: 300 sec this turn | 300 sec total\n|\n|t:|1783548195\n|move|p1a: Terrakion|Stone Edge|p2a: Rabsca\n|-supereffective|p2a: Rabsca\n|-damage|p2a: Rabsca|0 fnt\n|faint|p2a: Rabsca\n|\n|upkeep\n|\n|t:|1783548195\n|switch|p2a: Revavroom|Revavroom, L79, M|100/100\n|turn|5\n|inactive|Time left: 300 sec this turn | 300 sec total\n|\n|t:|1783548196\n|switch|p1a: Gliscor|Gliscor, L76, F|239/239\n|move|p2a: Revavroom|Shift Gear|p2a: Revavroom\n|-boost|p2a: Revavroom|spe|2\n|-boost|p2a: Revavroom|atk|1\n|\n|-status|p1a: Gliscor|tox|[from] item: Toxic Orb\n|upkeep\n|turn|6\n|inactive|Time left: 300 sec this turn | 300 sec total\n|\n|t:|1783548198\n|-terastallize|p2a: Revavroom|Ground\n|move|p2a: Revavroom|Shift Gear|p2a: Revavroom\n|-boost|p2a: Revavroom|spe|2\n|-boost|p2a: Revavroom|atk|1\n|move|p1a: Gliscor|Earthquake|p2a: Revavroom\n|-damage|p2a: Revavroom|62/100\n|\n|upkeep\n|turn|7\n|inactive|Time left: 300 sec this turn | 300 sec total\n|\n|t:|1783548199\n|move|p2a: Revavroom|Iron Head|p1a: Gliscor\n|-damage|p1a: Gliscor|36/239 tox\n|-damage|p2a: Revavroom|52/100|[from] item: Life Orb\n|cant|p1a: Gliscor|flinch\n|\n|-heal|p1a: Gliscor|65/239 tox|[from] ability: Poison Heal\n|upkeep\n|turn|8\n|inactive|Time left: 300 sec this turn | 300 sec total\n|\n|t:|1783548200\n|switch|p1a: Forretress|Forretress, L84, F|263/263\n|move|p2a: Revavroom|Iron Head|p1a: Forretress\n|-resisted|p1a: Forretress\n|-damage|p1a: Forretress|177/263\n|-damage|p2a: Revavroom|42/100|[from] item: Life Orb\n|\n|-heal|p1a: Forretress|193/263|[from] item: Leftovers\n|upkeep\n|turn|9\n|inactive|Time left: 300 sec this turn | 300 sec total\n|\n|t:|1783548201\n|move|p2a: Revavroom|High Horsepower|p1a: Forretress\n|-damage|p1a: Forretress|1/263\n|-damage|p2a: Revavroom|33/100|[from] item: Life Orb\n|move|p1a: Forretress|Iron Head|p2a: Revavroom\n|-damage|p2a: Revavroom|0 fnt\n|faint|p2a: Revavroom\n|\n|-heal|p1a: Forretress|17/263|[from] item: Leftovers\n|upkeep\n|\n|t:|1783548202\n|switch|p2a: Flapple|Flapple, L88, M|100/100\n|turn|10\n|inactive|Time left: 300 sec this turn | 300 sec total\n|\n|t:|1783548203\n|switch|p1a: Arcanine|Arcanine, L84, M|288/288\n|-ability|p1a: Arcanine|Intimidate|boost\n|-unboost|p2a: Flapple|atk|1\n|move|p2a: Flapple|Outrage|p1a: Arcanine\n|-damage|p1a: Arcanine|117/288\n|\n|upkeep\n|turn|11\n|inactive|Time left: 300 sec this turn | 300 sec total\n|\n|t:|1783548204\n|move|p1a: Arcanine|Flare Blitz|p2a: Flapple\n|-damage|p2a: Flapple|50/100\n|-damage|p1a: Arcanine|73/288|[from] Recoil\n|move|p2a: Flapple|Outrage|p1a: Arcanine|[from] lockedmove\n|-damage|p1a: Arcanine|0 fnt\n|faint|p1a: Arcanine\n|\n|upkeep\n|inactive|Time left: 300 sec this turn | 300 sec total | 5 sec grace\n|\n|t:|1783548205\n|switch|p1a: Terrakion|Terrakion, L79|273/273\n|turn|12\n|inactive|Time left: 300 sec this turn | 300 sec total\n|\n|t:|1783548206\n|move|p1a: Terrakion|Close Combat|p2a: Flapple\n|-damage|p2a: Flapple|0 fnt\n|-unboost|p1a: Terrakion|def|1\n|-unboost|p1a: Terrakion|spd|1\n|faint|p2a: Flapple\n|\n|upkeep\n|\n|t:|1783548207\n|switch|p2a: Rotom|Rotom-Wash, L82, shiny|100/100\n|turn|13\n|inactive|Time left: 300 sec this turn | 300 sec total\n|\n|t:|1783548208\n|-terastallize|p1a: Terrakion|Fighting\n|move|p2a: Rotom|Hydro Pump|p1a: Terrakion|[miss]\n|-miss|p2a: Rotom|p1a: Terrakion\n|move|p1a: Terrakion|Close Combat|p2a: Rotom\n|-damage|p2a: Rotom|0 fnt\n|-unboost|p1a: Terrakion|def|1\n|-unboost|p1a: Terrakion|spd|1\n|faint|p2a: Rotom\n|\n|upkeep\n|\n|t:|1783548209\n|switch|p2a: Dewgong|Dewgong, L94, F|100/100\n|turn|14\n|inactive|Time left: 300 sec this turn | 300 sec total\n|\n|t:|1783548210\n|move|p1a: Terrakion|Close Combat|p2a: Dewgong\n|-supereffective|p2a: Dewgong\n|-damage|p2a: Dewgong|0 fnt\n|-unboost|p1a: Terrakion|def|1\n|-unboost|p1a: Terrakion|spd|1\n|faint|p2a: Dewgong\n|\n|upkeep\n|\n|t:|1783548211\n|switch|p2a: Clodsire|Clodsire, L81, F|47/100\n|turn|15\n|inactive|Time left: 300 sec this turn | 300 sec total\n|\n|t:|1783548212\n|move|p1a: Terrakion|Close Combat|p2a: Clodsire\n|-resisted|p2a: Clodsire\n|-damage|p2a: Clodsire|0 fnt\n|-unboost|p1a: Terrakion|def|1\n|-unboost|p1a: Terrakion|spd|1\n|faint|p2a: Clodsire\n|\n|win|p0x7815b0c", "uploadtime": 1783548212, "views": 0, "rating": 0, "private": 0, "password": null, "_winner": "p0x7815b0c", "_our_name": "p0x7815b0c"}