{"id": "battle-gen9randombattle-2461", "formatid": "gen9randombattle", "format": "[Gen 9] Random Battle", "players": ["p0x246183fd", "p0y2461e55d"], "log": "|init|battle\n|title|p0x246183fd vs. p0y2461e55d\n|j|\u2606p0x246183fd\n|j|\u2606p0y2461e55d\n|t:|1783567572\n|gametype|singles\n|player|p1|p0x246183fd|2|\n|player|p2|p0y2461e55d|1|\n|gen|9\n|tier|[Gen 9] Random Battle\n|rule|Species Clause: Limit one of each Pok\u00e9mon\n|rule|HP Percentage Mod: HP is shown in percentages\n|rule|Sleep Clause Mod: Limit one foe put to sleep\n|rule|Illusion Level Mod: Illusion disguises the Pok\u00e9mon's true level\n|\n|t:|1783567572\n|teamsize|p1|6\n|teamsize|p2|6\n|start\n|switch|p1a: Oinkologne|Oinkologne-F, L92, F|361/361\n|switch|p2a: Salazzle|Salazzle, L83, F|100/100\n|turn|1\n|inactive|Battle timer is ON: inactive players will automatically lose when time's up. (requested by p0x246183fd)\n|inactive|p0y2461e55d also wants the timer to be on.\n|\n|t:|1783567574\n|switch|p2a: Zarude|Zarude, L77|100/100\n|move|p1a: Oinkologne|Double-Edge|p2a: Zarude\n|-damage|p2a: Zarude|57/100\n|-damage|p1a: Oinkologne|320/361|[from] Recoil\n|\n|-heal|p2a: Zarude|64/100|[from] item: Leftovers\n|-heal|p1a: Oinkologne|342/361|[from] item: Leftovers\n|upkeep\n|turn|2\n|inactive|Time left: 300 sec this turn | 300 sec total\n|\n|t:|1783567575\n|move|p2a: Zarude|Swords Dance|p2a: Zarude\n|-boost|p2a: Zarude|atk|2\n|move|p1a: Oinkologne|Double-Edge|p2a: Zarude\n|-damage|p2a: Zarude|16/100\n|-damage|p1a: Oinkologne|297/361|[from] Recoil\n|\n|-heal|p2a: Zarude|23/100|[from] item: Leftovers\n|-heal|p1a: Oinkologne|319/361|[from] item: Leftovers\n|upkeep\n|turn|3\n|inactive|Time left: 300 sec this turn | 300 sec total\n|\n|t:|1783567576\n|move|p2a: Zarude|Synthesis|p2a: Zarude\n|-heal|p2a: Zarude|73/100\n|move|p1a: Oinkologne|Double-Edge|p2a: Zarude\n|-damage|p2a: Zarude|24/100\n|-damage|p1a: Oinkologne|272/361|[from] Recoil\n|\n|-heal|p2a: Zarude|30/100|[from] item: Leftovers\n|-heal|p1a: Oinkologne|294/361|[from] item: Leftovers\n|upkeep\n|turn|4\n|inactive|Time left: 300 sec this turn | 300 sec total\n|\n|t:|1783567577\n|move|p2a: Zarude|Synthesis|p2a: Zarude\n|-heal|p2a: Zarude|80/100\n|move|p1a: Oinkologne|Double-Edge|p2a: Zarude\n|-damage|p2a: Zarude|33/100\n|-damage|p1a: Oinkologne|249/361|[from] Recoil\n|\n|-heal|p2a: Zarude|39/100|[from] item: Leftovers\n|-heal|p1a: Oinkologne|271/361|[from] item: Leftovers\n|upkeep\n|turn|5\n|inactive|Time left: 300 sec this turn | 300 sec total\n|\n|t:|1783567578\n|switch|p1a: Cobalion|Cobalion, L80|277/277\n|move|p2a: Zarude|Synthesis|p2a: Zarude\n|-heal|p2a: Zarude|89/100\n|\n|-heal|p2a: Zarude|95/100|[from] item: Leftovers\n|upkeep\n|turn|6\n|inactive|Time left: 300 sec this turn | 300 sec total\n|\n|t:|1783567579\n|move|p1a: Cobalion|Swords Dance|p1a: Cobalion\n|-boost|p1a: Cobalion|atk|2\n|move|p2a: Zarude|Knock Off|p1a: Cobalion\n|-resisted|p1a: Cobalion\n|-damage|p1a: Cobalion|201/277\n|-ability|p1a: Cobalion|Justified|boost\n|-boost|p1a: Cobalion|atk|1\n|-enditem|p1a: Cobalion|Leftovers|[from] move: Knock Off|[of] p2a: Zarude\n|\n|-heal|p2a: Zarude|100/100|[from] item: Leftovers\n|upkeep\n|turn|7\n|inactive|Time left: 300 sec this turn | 300 sec total\n|\n|t:|1783567580\n|switch|p2a: Salazzle|Salazzle, L83, F|100/100\n|move|p1a: Cobalion|Close Combat|p2a: Salazzle\n|-resisted|p2a: Salazzle\n|-damage|p2a: Salazzle|30/100\n|-unboost|p1a: Cobalion|def|1\n|-unboost|p1a: Cobalion|spd|1\n|\n|-heal|p2a: Salazzle|36/100|[from] item: Leftovers\n|upkeep\n|turn|8\n|inactive|Time left: 300 sec this turn | 300 sec total\n|\n|t:|1783567581\n|switch|p1a: Raging Bolt|Raging Bolt, L78|323/323\n|-enditem|p1a: Raging Bolt|Booster Energy\n|-activate|p1a: Raging Bolt|ability: Protosynthesis|[fromitem]\n|-start|p1a: Raging Bolt|protosynthesisspa\n|move|p2a: Salazzle|Flamethrower|p1a: Raging Bolt\n|-resisted|p1a: Raging Bolt\n|-damage|p1a: Raging Bolt|266/323\n|\n|-heal|p2a: Salazzle|42/100|[from] item: Leftovers\n|upkeep\n|turn|9\n|inactive|Time left: 300 sec this turn | 300 sec total\n|\n|t:|1783567582\n|move|p2a: Salazzle|Protect|p2a: Salazzle\n|-singleturn|p2a: Salazzle|Protect\n|move|p1a: Raging Bolt|Dragon Pulse|p2a: Salazzle\n|-activate|p2a: Salazzle|move: Protect\n|\n|-heal|p2a: Salazzle|48/100|[from] item: Leftovers\n|upkeep\n|turn|10\n|inactive|Time left: 300 sec this turn | 300 sec total\n|\n|t:|1783567583\n|move|p2a: Salazzle|Toxic|p1a: Raging Bolt\n|-status|p1a: Raging Bolt|tox\n|move|p1a: Raging Bolt|Dragon Pulse|p2a: Salazzle\n|-damage|p2a: Salazzle|0 fnt\n|faint|p2a: Salazzle\n|\n|-damage|p1a: Raging Bolt|246/323 tox|[from] psn\n|upkeep\n|\n|t:|1783567584\n|switch|p2a: Gogoat|Gogoat, L88, F|100/100\n|turn|11\n|inactive|Time left: 300 sec this turn | 300 sec total\n|\n|t:|1783567585\n|-end|p1a: Raging Bolt|Protosynthesis|[silent]\n|switch|p1a: Cobalion|Cobalion, L80|201/277\n|move|p2a: Gogoat|Bulk Up|p2a: Gogoat\n|-boost|p2a: Gogoat|atk|1\n|-boost|p2a: Gogoat|def|1\n|\n|upkeep\n|turn|12\n|inactive|Time left: 300 sec this turn | 300 sec total\n|\n|t:|1783567586\n|move|p1a: Cobalion|Swords Dance|p1a: Cobalion\n|-boost|p1a: Cobalion|atk|2\n|move|p2a: Gogoat|Earthquake|p1a: Cobalion\n|-supereffective|p1a: Cobalion\n|-damage|p1a: Cobalion|21/277\n|\n|upkeep\n|turn|13\n|inactive|Time left: 300 sec this turn | 300 sec total\n|\n|t:|1783567587\n|move|p1a: Cobalion|Iron Head|p2a: Gogoat\n|-damage|p2a: Gogoat|70/100\n|move|p2a: Gogoat|Earthquake|p1a: Cobalion\n|-supereffective|p1a: Cobalion\n|-damage|p1a: Cobalion|0 fnt\n|faint|p1a: Cobalion\n|\n|-heal|p2a: Gogoat|76/100|[from] item: Leftovers\n|upkeep\n|inactive|Time left: 300 sec this turn | 300 sec total | 5 sec grace\n|\n|t:|1783567588\n|switch|p1a: Giratina|Giratina, L75|349/349\n|-ability|p1a: Giratina|Pressure\n|turn|14\n|inactive|Time left: 300 sec this turn | 300 sec total\n|\n|t:|1783567589\n|move|p1a: Giratina|Calm Mind|p1a: Giratina\n|-boost|p1a: Giratina|spa|1\n|-boost|p1a: Giratina|spd|1\n|move|p2a: Gogoat|Bulk Up|p2a: Gogoat\n|-boost|p2a: Gogoat|atk|1\n|-boost|p2a: Gogoat|def|1\n|\n|-heal|p2a: Gogoat|82/100|[from] item: Leftovers\n|upkeep\n|turn|15\n|inactive|Time left: 300 sec this turn | 300 sec total\n|\n|t:|1783567589\n|move|p1a: Giratina|Calm Mind|p1a: Giratina\n|-boost|p1a: Giratina|spa|1\n|-boost|p1a: Giratina|spd|1\n|move|p2a: Gogoat|Earthquake|p1a: Giratina\n|-damage|p1a: Giratina|202/349\n|\n|-heal|p1a: Giratina|223/349|[from] item: Leftovers\n|-heal|p2a: Gogoat|88/100|[from] item: Leftovers\n|upkeep\n|turn|16\n|inactive|Time left: 300 sec this turn | 300 sec total\n|\n|t:|1783567590\n|move|p1a: Giratina|Dragon Pulse|p2a: Gogoat\n|-damage|p2a: Gogoat|44/100\n|move|p2a: Gogoat|Earthquake|p1a: Giratina\n|-damage|p1a: Giratina|72/349\n|\n|-heal|p1a: Giratina|93/349|[from] item: Leftovers\n|-heal|p2a: Gogoat|50/100|[from] item: Leftovers\n|upkeep\n|turn|17\n|inactive|Time left: 300 sec this turn | 300 sec total\n|\n|t:|1783567591\n|move|p1a: Giratina|Rest|p1a: Giratina\n|-status|p1a: Giratina|slp|[from] move: Rest\n|-heal|p1a: Giratina|349/349 slp|[silent]\n|move|p2a: Gogoat|Earthquake|p1a: Giratina\n|-crit|p1a: Giratina\n|-damage|p1a: Giratina|157/349 slp\n|\n|-heal|p1a: Giratina|178/349 slp|[from] item: Leftovers\n|-heal|p2a: Gogoat|56/100|[from] item: Leftovers\n|upkeep\n|turn|18\n|inactive|Time left: 300 sec this turn | 300 sec total\n|\n|t:|1783567592\n|cant|p1a: Giratina|slp\n|move|p1a: Giratina|Sleep Talk|p1a: Giratina\n|move|p1a: Giratina|Rest||[from] move: Sleep Talk|[still]\n|-fail|p1a: Giratina\n|move|p2a: Gogoat|Earthquake|p1a: Giratina\n|-damage|p1a: Giratina|32/349 slp\n|\n|-heal|p1a: Giratina|53/349 slp|[from] item: Leftovers\n|-heal|p2a: Gogoat|62/100|[from] item: Leftovers\n|upkeep\n|turn|19\n|inactive|Time left: 300 sec this turn | 300 sec total\n|\n|t:|1783567593\n|cant|p1a: Giratina|slp\n|move|p1a: Giratina|Sleep Talk|p1a: Giratina\n|move|p1a: Giratina|Calm Mind|p1a: Giratina|[from] move: Sleep Talk\n|-boost|p1a: Giratina|spa|1\n|-boost|p1a: Giratina|spd|1\n|move|p2a: Gogoat|Horn Leech|p1a: Giratina\n|-resisted|p1a: Giratina\n|-damage|p1a: Giratina|0 fnt\n|-heal|p2a: Gogoat|69/100|[from] drain|[of] p1a: Giratina\n|faint|p1a: Giratina\n|\n|-heal|p2a: Gogoat|75/100|[from] item: Leftovers\n|upkeep\n|inactive|Time left: 300 sec this turn | 300 sec total | 5 sec grace\n|\n|t:|1783567594\n|switch|p1a: Raging Bolt|Raging Bolt, L78|246/323 tox\n|turn|20\n|inactive|Time left: 300 sec this turn | 300 sec total\n|\n|t:|1783567595\n|-end|p1a: Raging Bolt|Protosynthesis|[silent]\n|switch|p1a: Regigigas|Regigigas, L84|322/322\n|-start|p1a: Regigigas|ability: Slow Start\n|move|p2a: Gogoat|Earthquake|p1a: Regigigas\n|-damage|p1a: Regigigas|196/322\n|\n|-heal|p2a: Gogoat|82/100|[from] item: Leftovers\n|-heal|p1a: Regigigas|216/322|[from] item: Leftovers\n|upkeep\n|turn|21\n|inactive|Time left: 300 sec this turn | 300 sec total\n|\n|t:|1783567596\n|move|p2a: Gogoat|Horn Leech|p1a: Regigigas\n|-crit|p1a: Regigigas\n|-damage|p1a: Regigigas|5/322\n|-heal|p2a: Gogoat|100/100|[from] drain|[of] p1a: Regigigas\n|move|p1a: Regigigas|Rest|p1a: Regigigas\n|-status|p1a: Regigigas|slp|[from] move: Rest\n|-heal|p1a: Regigigas|322/322 slp|[silent]\n|\n|upkeep\n|turn|22\n|inactive|Time left: 300 sec this turn | 300 sec total\n|\n|t:|1783567597\n|move|p2a: Gogoat|Horn Leech|p1a: Regigigas\n|-damage|p1a: Regigigas|165/322 slp\n|cant|p1a: Regigigas|slp\n|move|p1a: Regigigas|Sleep Talk|p1a: Regigigas\n|move|p1a: Regigigas|Rest||[from] move: Sleep Talk|[still]\n|-fail|p1a: Regigigas\n|\n|-heal|p1a: Regigigas|185/322 slp|[from] item: Leftovers\n|upkeep\n|turn|23\n|inactive|Time left: 300 sec this turn | 300 sec total\n|\n|t:|1783567598\n|move|p2a: Gogoat|Earthquake|p1a: Regigigas\n|-damage|p1a: Regigigas|58/322 slp\n|cant|p1a: Regigigas|slp\n|move|p1a: Regigigas|Sleep Talk|p1a: Regigigas\n|move|p1a: Regigigas|Knock Off|p2a: Gogoat|[from] move: Sleep Talk\n|-damage|p2a: Gogoat|91/100\n|-enditem|p2a: Gogoat|Leftovers|[from] move: Knock Off|[of] p1a: Regigigas\n|\n|-heal|p1a: Regigigas|78/322 slp|[from] item: Leftovers\n|upkeep\n|turn|24\n|inactive|Time left: 300 sec this turn | 300 sec total\n|\n|t:|1783567599\n|move|p2a: Gogoat|Horn Leech|p1a: Regigigas\n|-damage|p1a: Regigigas|0 fnt\n|-heal|p2a: Gogoat|100/100|[from] drain|[of] p1a: Regigigas\n|faint|p1a: Regigigas\n|-end|p1a: Regigigas|Slow Start|[silent]\n|\n|upkeep\n|inactive|Time left: 300 sec this turn | 300 sec total | 5 sec grace\n|\n|t:|1783567600\n|switch|p1a: Oinkologne|Oinkologne-F, L92, F|271/361\n|turn|25\n|inactive|Time left: 300 sec this turn | 300 sec total\n|\n|t:|1783567601\n|move|p1a: Oinkologne|Curse|p1a: Oinkologne\n|-unboost|p1a: Oinkologne|spe|1\n|-boost|p1a: Oinkologne|atk|1\n|-boost|p1a: Oinkologne|def|1\n|move|p2a: Gogoat|Horn Leech|p1a: Oinkologne\n|-damage|p1a: Oinkologne|133/361\n|\n|-heal|p1a: Oinkologne|155/361|[from] item: Leftovers\n|upkeep\n|turn|26\n|inactive|Time left: 300 sec this turn | 300 sec total\n|\n|t:|1783567602\n|move|p2a: Gogoat|Horn Leech|p1a: Oinkologne\n|-damage|p1a: Oinkologne|31/361\n|move|p1a: Oinkologne|High Horsepower|p2a: Gogoat\n|-resisted|p2a: Gogoat\n|-damage|p2a: Gogoat|90/100\n|\n|-heal|p1a: Oinkologne|53/361|[from] item: Leftovers\n|upkeep\n|turn|27\n|inactive|Time left: 300 sec this turn | 300 sec total\n|\n|t:|1783567603\n|move|p2a: Gogoat|Earthquake|p1a: Oinkologne\n|-damage|p1a: Oinkologne|0 fnt\n|faint|p1a: Oinkologne\n|\n|upkeep\n|inactive|Time left: 300 sec this turn | 300 sec total | 5 sec grace\n|\n|t:|1783567604\n|switch|p1a: Swampert|Swampert, L83, F|302/302\n|turn|28\n|inactive|Time left: 300 sec this turn | 300 sec total\n|\n|t:|1783567605\n|switch|p1a: Raging Bolt|Raging Bolt, L78|246/323 tox\n|move|p2a: Gogoat|Horn Leech|p1a: Raging Bolt\n|-resisted|p1a: Raging Bolt\n|-damage|p1a: Raging Bolt|146/323 tox\n|-heal|p2a: Gogoat|100/100|[from] drain|[of] p1a: Raging Bolt\n|\n|-damage|p1a: Raging Bolt|126/323 tox|[from] psn\n|upkeep\n|turn|29\n|inactive|Time left: 300 sec this turn | 300 sec total\n|\n|t:|1783567606\n|move|p2a: Gogoat|Horn Leech|p1a: Raging Bolt\n|-resisted|p1a: Raging Bolt\n|-damage|p1a: Raging Bolt|24/323 tox\n|move|p1a: Raging Bolt|Dragon Pulse|p2a: Gogoat\n|-damage|p2a: Gogoat|70/100\n|\n|-damage|p1a: Raging Bolt|0 fnt|[from] psn\n|faint|p1a: Raging Bolt\n|-end|p1a: Raging Bolt|Protosynthesis|[silent]\n|upkeep\n|inactive|Time left: 300 sec this turn | 300 sec total | 5 sec grace\n|\n|t:|1783567607\n|switch|p1a: Swampert|Swampert, L83, F|302/302\n|turn|30\n|inactive|Time left: 300 sec this turn | 300 sec total\n|\n|t:|1783567608\n|move|p2a: Gogoat|Horn Leech|p1a: Swampert\n|-supereffective|p1a: Swampert\n|-damage|p1a: Swampert|0 fnt\n|-heal|p2a: Gogoat|100/100|[from] drain|[of] p1a: Swampert\n|faint|p1a: Swampert\n|\n|win|p0y2461e55d", "uploadtime": 1783567608, "views": 0, "rating": 0, "private": 0, "password": null, "_winner": "p0y2461e55d", "_our_name": "p0x246183fd"}