{"id": "battle-gen9randombattle-359", "formatid": "gen9randombattle", "format": "[Gen 9] Random Battle", "players": ["p0x359105b", "p0y359109d"], "log": "|init|battle\n|title|p0x359105b vs. p0y359109d\n|j|\u2606p0x359105b\n|j|\u2606p0y359109d\n|t:|1783543809\n|gametype|singles\n|player|p1|p0x359105b|170|\n|player|p2|p0y359109d|102|\n|gen|9\n|tier|[Gen 9] Random Battle\n|rule|Species Clause: Limit one of each Pok\u00e9mon\n|rule|HP Percentage Mod: HP is shown in percentages\n|rule|Sleep Clause Mod: Limit one foe put to sleep\n|rule|Illusion Level Mod: Illusion disguises the Pok\u00e9mon's true level\n|\n|t:|1783543809\n|teamsize|p1|6\n|teamsize|p2|6\n|start\n|switch|p1a: Glaceon|Glaceon, L94, F|275/275\n|switch|p2a: Sawsbuck|Sawsbuck-Summer, L88, M|100/100\n|turn|1\n|inactive|Battle timer is ON: inactive players will automatically lose when time's up. (requested by p0x359105b)\n|inactive|p0y359109d also wants the timer to be on.\n|\n|t:|1783543811\n|move|p2a: Sawsbuck|Headbutt|p1a: Glaceon\n|-damage|p1a: Glaceon|184/275\n|-damage|p2a: Sawsbuck|91/100|[from] item: Life Orb\n|cant|p1a: Glaceon|flinch\n|\n|upkeep\n|turn|2\n|inactive|Time left: 300 sec this turn | 300 sec total\n|\n|t:|1783543813\n|move|p2a: Sawsbuck|Headbutt|p1a: Glaceon\n|-damage|p1a: Glaceon|102/275\n|-damage|p2a: Sawsbuck|81/100|[from] item: Life Orb\n|cant|p1a: Glaceon|flinch\n|\n|upkeep\n|turn|3\n|inactive|Time left: 300 sec this turn | 300 sec total\n|\n|t:|1783543814\n|move|p2a: Sawsbuck|Horn Leech|p1a: Glaceon\n|-damage|p1a: Glaceon|16/275\n|-heal|p2a: Sawsbuck|96/100|[from] drain|[of] p1a: Glaceon\n|-damage|p2a: Sawsbuck|86/100|[from] item: Life Orb\n|move|p1a: Glaceon|Freeze-Dry|p2a: Sawsbuck\n|-supereffective|p2a: Sawsbuck\n|-damage|p2a: Sawsbuck|0 fnt\n|faint|p2a: Sawsbuck\n|\n|upkeep\n|\n|t:|1783543815\n|switch|p2a: Iron Jugulis|Iron Jugulis, L77|100/100\n|turn|4\n|inactive|Time left: 300 sec this turn | 300 sec total\n|\n|t:|1783543816\n|move|p1a: Glaceon|Protect|p1a: Glaceon\n|-singleturn|p1a: Glaceon|Protect\n|move|p2a: Iron Jugulis|Dark Pulse|p1a: Glaceon\n|-activate|p1a: Glaceon|move: Protect\n|\n|upkeep\n|turn|5\n|inactive|Time left: 300 sec this turn | 300 sec total\n|\n|t:|1783543817\n|switch|p1a: Zacian|Zacian, L69|241/241\n|-ability|p1a: Zacian|Intrepid Sword|boost\n|-boost|p1a: Zacian|atk|1\n|move|p2a: Iron Jugulis|Dark Pulse|p1a: Zacian\n|-resisted|p1a: Zacian\n|-damage|p1a: Zacian|178/241\n|\n|upkeep\n|turn|6\n|inactive|Time left: 300 sec this turn | 300 sec total\n|\n|t:|1783543818\n|-end|p2a: Iron Jugulis|Quark Drive|[silent]\n|switch|p2a: Dachsbun|Dachsbun, L92, F|100/100\n|move|p1a: Zacian|Play Rough|p2a: Dachsbun\n|-crit|p2a: Dachsbun\n|-damage|p2a: Dachsbun|36/100\n|-damage|p1a: Zacian|154/241|[from] item: Life Orb\n|\n|-heal|p2a: Dachsbun|41/100|[from] item: Leftovers\n|upkeep\n|turn|7\n|inactive|Time left: 300 sec this turn | 300 sec total\n|\n|t:|1783543820\n|move|p1a: Zacian|Play Rough|p2a: Dachsbun\n|-damage|p2a: Dachsbun|1/100\n|-damage|p1a: Zacian|130/241|[from] item: Life Orb\n|move|p2a: Dachsbun|Play Rough|p1a: Zacian\n|-damage|p1a: Zacian|40/241\n|\n|-heal|p2a: Dachsbun|7/100|[from] item: Leftovers\n|upkeep\n|turn|8\n|inactive|Time left: 300 sec this turn | 300 sec total\n|\n|t:|1783543820\n|switch|p2a: Decidueye|Decidueye, L88, M|100/100\n|move|p1a: Zacian|Close Combat|p2a: Decidueye\n|-immune|p2a: Decidueye\n|\n|upkeep\n|turn|9\n|inactive|Time left: 300 sec this turn | 300 sec total\n|\n|t:|1783543821\n|move|p2a: Decidueye|Shadow Sneak|p1a: Zacian\n|-damage|p1a: Zacian|0 fnt\n|faint|p1a: Zacian\n|-damage|p2a: Decidueye|91/100|[from] item: Life Orb\n|\n|upkeep\n|inactive|Time left: 300 sec this turn | 300 sec total | 5 sec grace\n|\n|t:|1783543822\n|switch|p1a: Pyroar|Pyroar, L88, M|295/295\n|-ability|p1a: Pyroar|Unnerve\n|turn|10\n|inactive|Time left: 300 sec this turn | 300 sec total\n|\n|t:|1783543823\n|switch|p2a: Houndoom|Houndoom, L87, F|100/100\n|move|p1a: Pyroar|Fire Blast|p2a: Houndoom\n|-start|p2a: Houndoom|ability: Flash Fire\n|\n|upkeep\n|turn|11\n|inactive|Time left: 300 sec this turn | 300 sec total\n|\n|t:|1783543824\n|move|p1a: Pyroar|Hyper Voice|p2a: Houndoom\n|-damage|p2a: Houndoom|56/100\n|move|p2a: Houndoom|Nasty Plot|p2a: Houndoom\n|-boost|p2a: Houndoom|spa|2\n|\n|upkeep\n|turn|12\n|inactive|Time left: 300 sec this turn | 300 sec total\n|\n|t:|1783543825\n|move|p1a: Pyroar|Hyper Voice|p2a: Houndoom\n|-damage|p2a: Houndoom|11/100\n|move|p2a: Houndoom|Dark Pulse|p1a: Pyroar\n|-damage|p1a: Pyroar|70/295\n|\n|upkeep\n|turn|13\n|inactive|Time left: 300 sec this turn | 300 sec total\n|\n|t:|1783543827\n|move|p2a: Houndoom|Sucker Punch|p1a: Pyroar\n|-damage|p1a: Pyroar|0 fnt\n|faint|p1a: Pyroar\n|\n|upkeep\n|inactive|Time left: 300 sec this turn | 300 sec total | 5 sec grace\n|\n|t:|1783543828\n|switch|p1a: Wyrdeer|Wyrdeer, L87, M|321/321\n|-ability|p1a: Wyrdeer|Intimidate|boost\n|-unboost|p2a: Houndoom|atk|1\n|turn|14\n|inactive|Time left: 300 sec this turn | 300 sec total\n|\n|t:|1783543829\n|move|p2a: Houndoom|Dark Pulse|p1a: Wyrdeer\n|-supereffective|p1a: Wyrdeer\n|-damage|p1a: Wyrdeer|55/321\n|cant|p1a: Wyrdeer|flinch\n|\n|upkeep\n|turn|15\n|inactive|Time left: 300 sec this turn | 300 sec total\n|\n|t:|1783543830\n|switch|p1a: Glaceon|Glaceon, L94, F|16/275\n|move|p2a: Houndoom|Dark Pulse|p1a: Glaceon\n|-crit|p1a: Glaceon\n|-damage|p1a: Glaceon|0 fnt\n|faint|p1a: Glaceon\n|\n|upkeep\n|inactive|Time left: 300 sec this turn | 300 sec total | 5 sec grace\n|\n|t:|1783543831\n|switch|p1a: Wyrdeer|Wyrdeer, L87, M|55/321\n|-ability|p1a: Wyrdeer|Intimidate|boost\n|-unboost|p2a: Houndoom|atk|1\n|turn|16\n|inactive|Time left: 300 sec this turn | 300 sec total\n|\n|t:|1783543832\n|move|p2a: Houndoom|Dark Pulse|p1a: Wyrdeer\n|-supereffective|p1a: Wyrdeer\n|-damage|p1a: Wyrdeer|0 fnt\n|faint|p1a: Wyrdeer\n|\n|upkeep\n|inactive|Time left: 300 sec this turn | 300 sec total | 5 sec grace\n|\n|t:|1783543833\n|switch|p1a: Drifblim|Drifblim, L86, M|398/398\n|turn|17\n|inactive|Time left: 300 sec this turn | 300 sec total\n|\n|t:|1783543834\n|move|p2a: Houndoom|Fire Blast|p1a: Drifblim|[miss]\n|-miss|p2a: Houndoom|p1a: Drifblim\n|move|p1a: Drifblim|Shadow Ball|p2a: Houndoom\n|-resisted|p2a: Houndoom\n|-damage|p2a: Houndoom|0 fnt\n|faint|p2a: Houndoom\n|\n|upkeep\n|\n|t:|1783543835\n|switch|p2a: Iron Jugulis|Iron Jugulis, L77|100/100\n|turn|18\n|inactive|Time left: 300 sec this turn | 300 sec total\n|\n|t:|1783543836\n|-terastallize|p1a: Drifblim|Dark\n|move|p2a: Iron Jugulis|Dark Pulse|p1a: Drifblim\n|-resisted|p1a: Drifblim\n|-damage|p1a: Drifblim|317/398\n|move|p1a: Drifblim|Strength Sap|p2a: Iron Jugulis\n|-unboost|p2a: Iron Jugulis|atk|1\n|-heal|p1a: Drifblim|398/398\n|\n|upkeep\n|turn|19\n|inactive|Time left: 300 sec this turn | 300 sec total\n|\n|t:|1783543837\n|-end|p2a: Iron Jugulis|Quark Drive|[silent]\n|switch|p2a: Komala|Komala, L87, F|100/100\n|-ability|p2a: Komala|Comatose\n|move|p1a: Drifblim|Air Slash|p2a: Komala\n|-damage|p2a: Komala|79/100\n|\n|upkeep\n|turn|20\n|inactive|Time left: 300 sec this turn | 300 sec total\n|\n|t:|1783543839\n|move|p1a: Drifblim|Strength Sap|p2a: Komala\n|-unboost|p2a: Komala|atk|1\n|move|p2a: Komala|Body Slam|p1a: Drifblim\n|-damage|p1a: Drifblim|290/398\n|\n|upkeep\n|turn|21\n|inactive|Time left: 300 sec this turn | 300 sec total\n|\n|t:|1783543840\n|switch|p2a: Iron Jugulis|Iron Jugulis, L77|100/100\n|move|p1a: Drifblim|Strength Sap|p2a: Iron Jugulis\n|-unboost|p2a: Iron Jugulis|atk|1\n|-heal|p1a: Drifblim|398/398\n|\n|upkeep\n|turn|22\n|inactive|Time left: 300 sec this turn | 300 sec total\n|\n|t:|1783543841\n|move|p2a: Iron Jugulis|Hurricane|p1a: Drifblim\n|-damage|p1a: Drifblim|178/398\n|move|p1a: Drifblim|Air Slash|p2a: Iron Jugulis\n|-damage|p2a: Iron Jugulis|66/100\n|\n|upkeep\n|turn|23\n|inactive|Time left: 300 sec this turn | 300 sec total\n|\n|t:|1783543842\n|move|p2a: Iron Jugulis|Hurricane|p1a: Drifblim\n|-damage|p1a: Drifblim|0 fnt\n|faint|p1a: Drifblim\n|\n|upkeep\n|inactive|Time left: 300 sec this turn | 300 sec total | 5 sec grace\n|\n|t:|1783543843\n|switch|p1a: Arceus|Arceus-Ghost, L69|280/280\n|turn|24\n|inactive|Time left: 300 sec this turn | 300 sec total\n|\n|t:|1783543844\n|move|p2a: Iron Jugulis|Hurricane|p1a: Arceus|[miss]\n|-miss|p2a: Iron Jugulis|p1a: Arceus\n|move|p1a: Arceus|Calm Mind|p1a: Arceus\n|-boost|p1a: Arceus|spa|1\n|-boost|p1a: Arceus|spd|1\n|\n|upkeep\n|turn|25\n|inactive|Time left: 300 sec this turn | 300 sec total\n|\n|t:|1783543845\n|move|p2a: Iron Jugulis|Hurricane|p1a: Arceus|[miss]\n|-miss|p2a: Iron Jugulis|p1a: Arceus\n|move|p1a: Arceus|Calm Mind|p1a: Arceus\n|-boost|p1a: Arceus|spa|1\n|-boost|p1a: Arceus|spd|1\n|\n|upkeep\n|turn|26\n|inactive|Time left: 300 sec this turn | 300 sec total\n|\n|t:|1783543846\n|move|p2a: Iron Jugulis|Hurricane|p1a: Arceus|[miss]\n|-miss|p2a: Iron Jugulis|p1a: Arceus\n|move|p1a: Arceus|Judgment|p2a: Iron Jugulis\n|-resisted|p2a: Iron Jugulis\n|-damage|p2a: Iron Jugulis|22/100\n|\n|upkeep\n|turn|27\n|inactive|Time left: 300 sec this turn | 300 sec total\n|\n|t:|1783543847\n|move|p2a: Iron Jugulis|Hurricane|p1a: Arceus|[miss]\n|-miss|p2a: Iron Jugulis|p1a: Arceus\n|move|p1a: Arceus|Judgment|p2a: Iron Jugulis\n|-resisted|p2a: Iron Jugulis\n|-damage|p2a: Iron Jugulis|0 fnt\n|faint|p2a: Iron Jugulis\n|-end|p2a: Iron Jugulis|Quark Drive|[silent]\n|\n|upkeep\n|\n|t:|1783543848\n|switch|p2a: Dachsbun|Dachsbun, L92, F|7/100\n|turn|28\n|inactive|Time left: 300 sec this turn | 300 sec total\n|\n|t:|1783543849\n|move|p2a: Dachsbun|Yawn|p1a: Arceus\n|-start|p1a: Arceus|move: Yawn|[of] p2a: Dachsbun\n|move|p1a: Arceus|Judgment|p2a: Dachsbun\n|-damage|p2a: Dachsbun|0 fnt\n|faint|p2a: Dachsbun\n|\n|upkeep\n|\n|t:|1783543849\n|switch|p2a: Komala|Komala, L87, F|79/100\n|-ability|p2a: Komala|Comatose\n|turn|29\n|inactive|Time left: 300 sec this turn | 300 sec total\n|\n|t:|1783543850\n|-terastallize|p2a: Komala|Ghost\n|move|p1a: Arceus|Focus Blast|p2a: Komala\n|-immune|p2a: Komala\n|move|p2a: Komala|Knock Off|p1a: Arceus\n|-supereffective|p1a: Arceus\n|-damage|p1a: Arceus|182/280\n|\n|-end|p1a: Arceus|move: Yawn|[silent]\n|-status|p1a: Arceus|slp\n|upkeep\n|turn|30\n|inactive|Time left: 300 sec this turn | 300 sec total\n|\n|t:|1783543851\n|cant|p1a: Arceus|slp\n|move|p2a: Komala|Knock Off|p1a: Arceus\n|-supereffective|p1a: Arceus\n|-crit|p1a: Arceus\n|-damage|p1a: Arceus|12/280 slp\n|\n|upkeep\n|turn|31\n|inactive|Time left: 300 sec this turn | 300 sec total\n|\n|t:|1783543852\n|cant|p1a: Arceus|slp\n|move|p2a: Komala|Knock Off|p1a: Arceus\n|-supereffective|p1a: Arceus\n|-damage|p1a: Arceus|0 fnt\n|faint|p1a: Arceus\n|\n|win|p0y359109d", "uploadtime": 1783543852, "views": 0, "rating": 0, "private": 0, "password": null, "_winner": "p0y359109d", "_our_name": "p0x359105b"}