{"id": "battle-gen9randombattle-1659", "formatid": "gen9randombattle", "format": "[Gen 9] Random Battle", "players": ["p0x1660e519", "p0y16601e5b"], "log": "|init|battle\n|title|p0x1660e519 vs. p0y16601e5b\n|j|\u2606p0x1660e519\n|j|\u2606p0y16601e5b\n|t:|1783558471\n|gametype|singles\n|player|p1|p0x1660e519|169|\n|player|p2|p0y16601e5b|101|\n|gen|9\n|tier|[Gen 9] Random Battle\n|rule|Species Clause: Limit one of each Pok\u00e9mon\n|rule|HP Percentage Mod: HP is shown in percentages\n|rule|Sleep Clause Mod: Limit one foe put to sleep\n|rule|Illusion Level Mod: Illusion disguises the Pok\u00e9mon's true level\n|\n|t:|1783558471\n|teamsize|p1|6\n|teamsize|p2|6\n|start\n|switch|p1a: Arboliva|Arboliva, L91, F|100/100\n|switch|p2a: Vivillon|Vivillon-Continental, L83, F|268/268\n|turn|1\n|inactive|Battle timer is ON: inactive players will automatically lose when time's up. (requested by p0y16601e5b)\n|\n|t:|1783558473\n|move|p2a: Vivillon|Quiver Dance|p2a: Vivillon\n|-boost|p2a: Vivillon|spa|1\n|-boost|p2a: Vivillon|spd|1\n|-boost|p2a: Vivillon|spe|1\n|move|p1a: Arboliva|Hyper Voice|p2a: Vivillon\n|-damage|p2a: Vivillon|133/268\n|\n|upkeep\n|turn|2\n|inactive|Time left: 300 sec this turn | 300 sec total\n|inactive|p0x1660e519 also wants the timer to be on.\n|\n|t:|1783558474\n|move|p2a: Vivillon|Quiver Dance|p2a: Vivillon\n|-boost|p2a: Vivillon|spa|1\n|-boost|p2a: Vivillon|spd|1\n|-boost|p2a: Vivillon|spe|1\n|move|p1a: Arboliva|Hyper Voice|p2a: Vivillon\n|-damage|p2a: Vivillon|39/268\n|\n|upkeep\n|turn|3\n|inactive|Time left: 300 sec this turn | 300 sec total\n|\n|t:|1783558475\n|-terastallize|p1a: Arboliva|Poison\n|move|p2a: Vivillon|Hurricane|p1a: Arboliva\n|-damage|p1a: Arboliva|45/100\n|-enditem|p1a: Arboliva|Sitrus Berry|[eat]\n|-heal|p1a: Arboliva|70/100|[from] item: Sitrus Berry\n|move|p1a: Arboliva|Hyper Voice|p2a: Vivillon\n|-damage|p2a: Vivillon|0 fnt\n|faint|p2a: Vivillon\n|\n|-item|p1a: Arboliva|Sitrus Berry|[from] ability: Harvest\n|upkeep\n|inactive|Time left: 300 sec this turn | 300 sec total | 5 sec grace\n|\n|t:|1783558476\n|switch|p2a: Politoed|Politoed, L88, F|302/302\n|-weather|RainDance|[from] ability: Drizzle|[of] p2a: Politoed\n|turn|4\n|inactive|Time left: 300 sec this turn | 300 sec total\n|\n|t:|1783558477\n|move|p1a: Arboliva|Protect|p1a: Arboliva\n|-singleturn|p1a: Arboliva|Protect\n|move|p2a: Politoed|Weather Ball|p1a: Arboliva\n|-activate|p1a: Arboliva|move: Protect\n|\n|-weather|RainDance|[upkeep]\n|upkeep\n|turn|5\n|inactive|Time left: 300 sec this turn | 300 sec total\n|\n|t:|1783558478\n|switch|p1a: Lugia|Lugia, L73|100/100\n|move|p2a: Politoed|Weather Ball|p1a: Lugia\n|-damage|p1a: Lugia|68/100\n|\n|-weather|RainDance|[upkeep]\n|upkeep\n|turn|6\n|inactive|Time left: 300 sec this turn | 300 sec total\n|\n|t:|1783558479\n|move|p1a: Lugia|Recover|p1a: Lugia\n|-heal|p1a: Lugia|100/100\n|move|p2a: Politoed|Weather Ball|p1a: Lugia\n|-damage|p1a: Lugia|67/100\n|\n|-weather|RainDance|[upkeep]\n|upkeep\n|turn|7\n|inactive|Time left: 300 sec this turn | 300 sec total\n|\n|t:|1783558480\n|move|p1a: Lugia|Recover|p1a: Lugia\n|-heal|p1a: Lugia|100/100\n|move|p2a: Politoed|Weather Ball|p1a: Lugia\n|-damage|p1a: Lugia|66/100\n|\n|-weather|RainDance|[upkeep]\n|upkeep\n|turn|8\n|inactive|Time left: 300 sec this turn | 300 sec total\n|\n|t:|1783558481\n|move|p1a: Lugia|Recover|p1a: Lugia\n|-heal|p1a: Lugia|100/100\n|move|p2a: Politoed|Weather Ball|p1a: Lugia\n|-damage|p1a: Lugia|66/100\n|\n|-weather|none\n|upkeep\n|turn|9\n|inactive|Time left: 300 sec this turn | 300 sec total\n|\n|t:|1783558482\n|switch|p2a: Ninetales|Ninetales-Alola, L78, M|242/242\n|-weather|Snowscape|[from] ability: Snow Warning|[of] p2a: Ninetales\n|move|p1a: Lugia|Recover|p1a: Lugia\n|-heal|p1a: Lugia|100/100\n|\n|-weather|Snowscape|[upkeep]\n|upkeep\n|turn|10\n|inactive|Time left: 300 sec this turn | 300 sec total\n|\n|t:|1783558483\n|move|p2a: Ninetales|Aurora Veil|p2a: Ninetales\n|-sidestart|p2: p0y16601e5b|move: Aurora Veil\n|move|p1a: Lugia|Calm Mind|p1a: Lugia\n|-boost|p1a: Lugia|spa|1\n|-boost|p1a: Lugia|spd|1\n|\n|-weather|Snowscape|[upkeep]\n|upkeep\n|turn|11\n|inactive|Time left: 300 sec this turn | 300 sec total\n|\n|t:|1783558483\n|switch|p2a: Dedenne|Dedenne, L88, M|261/261\n|move|p1a: Lugia|Calm Mind|p1a: Lugia\n|-boost|p1a: Lugia|spa|1\n|-boost|p1a: Lugia|spd|1\n|\n|-weather|Snowscape|[upkeep]\n|upkeep\n|turn|12\n|inactive|Time left: 300 sec this turn | 300 sec total\n|\n|t:|1783558484\n|move|p2a: Dedenne|U-turn|p1a: Lugia\n|-damage|p1a: Lugia|94/100\n|inactive|Time left: 300 sec this turn | 300 sec total | 5 sec grace\n|\n|t:|1783558485\n|switch|p2a: Ampharos|Ampharos, L88, F|302/302|[from] U-turn\n|move|p1a: Lugia|Aeroblast|p2a: Ampharos\n|-resisted|p2a: Ampharos\n|-damage|p2a: Ampharos|264/302\n|\n|-weather|Snowscape|[upkeep]\n|upkeep\n|turn|13\n|inactive|Time left: 300 sec this turn | 300 sec total\n|\n|t:|1783558486\n|move|p1a: Lugia|Earth Power|p2a: Ampharos\n|-supereffective|p2a: Ampharos\n|-damage|p2a: Ampharos|174/302\n|move|p2a: Ampharos|Agility|p2a: Ampharos\n|-boost|p2a: Ampharos|spe|2\n|\n|-weather|none\n|upkeep\n|turn|14\n|inactive|Time left: 300 sec this turn | 300 sec total\n|\n|t:|1783558487\n|move|p2a: Ampharos|Thunderbolt|p1a: Lugia\n|-supereffective|p1a: Lugia\n|-damage|p1a: Lugia|51/100\n|-damage|p2a: Ampharos|144/302|[from] item: Life Orb\n|move|p1a: Lugia|Earth Power|p2a: Ampharos\n|-supereffective|p2a: Ampharos\n|-damage|p2a: Ampharos|53/302\n|\n|upkeep\n|turn|15\n|inactive|Time left: 300 sec this turn | 300 sec total\n|\n|t:|1783558488\n|-terastallize|p2a: Ampharos|Electric\n|move|p2a: Ampharos|Thunderbolt|p1a: Lugia\n|-supereffective|p1a: Lugia\n|-damage|p1a: Lugia|0 fnt\n|faint|p1a: Lugia\n|-damage|p2a: Ampharos|23/302|[from] item: Life Orb\n|\n|upkeep\n|\n|t:|1783558489\n|switch|p1a: Arboliva|Arboliva, L91, F, tera:Poison|70/100\n|turn|16\n|inactive|Time left: 300 sec this turn | 300 sec total\n|\n|t:|1783558490\n|move|p2a: Ampharos|Thunderbolt|p1a: Arboliva\n|-damage|p1a: Arboliva|17/100\n|-enditem|p1a: Arboliva|Sitrus Berry|[eat]\n|-heal|p1a: Arboliva|42/100|[from] item: Sitrus Berry\n|-damage|p2a: Ampharos|0 fnt|[from] item: Life Orb\n|faint|p2a: Ampharos\n|move|p1a: Arboliva|Leech Seed|p2: Ampharos|[notarget]\n|-fail|p1a: Arboliva\n|\n|-item|p1a: Arboliva|Sitrus Berry|[from] ability: Harvest\n|upkeep\n|-enditem|p1a: Arboliva|Sitrus Berry|[eat]\n|-heal|p1a: Arboliva|67/100|[from] item: Sitrus Berry\n|inactive|Time left: 300 sec this turn | 300 sec total | 5 sec grace\n|\n|t:|1783558491\n|switch|p2a: Politoed|Politoed, L88, F|302/302\n|-weather|RainDance|[from] ability: Drizzle|[of] p2a: Politoed\n|turn|17\n|inactive|Time left: 300 sec this turn | 300 sec total\n|\n|t:|1783558492\n|move|p1a: Arboliva|Protect|p1a: Arboliva\n|-singleturn|p1a: Arboliva|Protect\n|move|p2a: Politoed|Weather Ball|p1a: Arboliva\n|-activate|p1a: Arboliva|move: Protect\n|\n|-weather|RainDance|[upkeep]\n|-sideend|p2: p0y16601e5b|move: Aurora Veil\n|-item|p1a: Arboliva|Sitrus Berry|[from] ability: Harvest\n|upkeep\n|turn|18\n|inactive|Time left: 300 sec this turn | 300 sec total\n|\n|t:|1783558493\n|switch|p1a: Azumarill|Azumarill, L82, M|100/100\n|move|p2a: Politoed|Weather Ball|p1a: Azumarill\n|-resisted|p1a: Azumarill\n|-damage|p1a: Azumarill|52/100\n|\n|-weather|RainDance|[upkeep]\n|upkeep\n|turn|19\n|inactive|Time left: 300 sec this turn | 300 sec total\n|\n|t:|1783558495\n|move|p2a: Politoed|Weather Ball|p1a: Azumarill\n|-resisted|p1a: Azumarill\n|-damage|p1a: Azumarill|10/100\n|move|p1a: Azumarill|Play Rough|p2a: Politoed\n|-damage|p2a: Politoed|134/302\n|\n|-weather|RainDance|[upkeep]\n|upkeep\n|turn|20\n|inactive|Time left: 300 sec this turn | 300 sec total\n|\n|t:|1783558496\n|move|p2a: Politoed|Weather Ball|p1a: Azumarill\n|-resisted|p1a: Azumarill\n|-damage|p1a: Azumarill|0 fnt\n|faint|p1a: Azumarill\n|\n|-weather|RainDance|[upkeep]\n|upkeep\n|\n|t:|1783558497\n|switch|p1a: Dedenne|Dedenne, L88, F|100/100\n|turn|21\n|inactive|Time left: 300 sec this turn | 300 sec total\n|\n|t:|1783558498\n|switch|p2a: Ninetales|Ninetales-Alola, L78, M|242/242\n|-weather|Snowscape|[from] ability: Snow Warning|[of] p2a: Ninetales\n|move|p1a: Dedenne|Thunderbolt|p2a: Ninetales\n|-damage|p2a: Ninetales|160/242\n|\n|-weather|Snowscape|[upkeep]\n|upkeep\n|turn|22\n|inactive|Time left: 300 sec this turn | 300 sec total\n|\n|t:|1783558499\n|move|p1a: Dedenne|Thunderbolt|p2a: Ninetales\n|-damage|p2a: Ninetales|69/242\n|move|p2a: Ninetales|Aurora Veil|p2a: Ninetales\n|-sidestart|p2: p0y16601e5b|move: Aurora Veil\n|\n|-weather|Snowscape|[upkeep]\n|upkeep\n|turn|23\n|inactive|Time left: 300 sec this turn | 300 sec total\n|\n|t:|1783558500\n|move|p1a: Dedenne|Super Fang|p2a: Ninetales\n|-damage|p2a: Ninetales|35/242\n|move|p2a: Ninetales|Moonblast|p1a: Dedenne\n|-damage|p1a: Dedenne|69/100\n|\n|-weather|Snowscape|[upkeep]\n|upkeep\n|turn|24\n|inactive|Time left: 300 sec this turn | 300 sec total\n|\n|t:|1783558501\n|switch|p2a: Politoed|Politoed, L88, F|134/302\n|-weather|RainDance|[from] ability: Drizzle|[of] p2a: Politoed\n|move|p1a: Dedenne|Thunderbolt|p2a: Politoed\n|-supereffective|p2a: Politoed\n|-damage|p2a: Politoed|52/302\n|\n|-weather|RainDance|[upkeep]\n|upkeep\n|turn|25\n|inactive|Time left: 300 sec this turn | 300 sec total\n|\n|t:|1783558502\n|switch|p2a: Dedenne|Dedenne, L88, M|261/261\n|move|p1a: Dedenne|Thunderbolt|p2a: Dedenne\n|-resisted|p2a: Dedenne\n|-damage|p2a: Dedenne|235/261\n|\n|-weather|RainDance|[upkeep]\n|upkeep\n|turn|26\n|inactive|Time left: 300 sec this turn | 300 sec total\n|\n|t:|1783558503\n|move|p2a: Dedenne|Dazzling Gleam|p1a: Dedenne\n|-damage|p1a: Dedenne|33/100\n|-enditem|p1a: Dedenne|Sitrus Berry|[eat]\n|-heal|p1a: Dedenne|58/100|[from] item: Sitrus Berry\n|-heal|p1a: Dedenne|92/100|[from] ability: Cheek Pouch\n|move|p1a: Dedenne|Super Fang|p2a: Dedenne\n|-damage|p2a: Dedenne|118/261\n|-enditem|p2a: Dedenne|Sitrus Berry|[eat]\n|-heal|p2a: Dedenne|183/261|[from] item: Sitrus Berry\n|-heal|p2a: Dedenne|261/261|[from] ability: Cheek Pouch\n|\n|-weather|RainDance|[upkeep]\n|upkeep\n|turn|27\n|inactive|Time left: 300 sec this turn | 300 sec total\n|\n|t:|1783558504\n|move|p2a: Dedenne|U-turn|p1a: Dedenne\n|-resisted|p1a: Dedenne\n|-damage|p1a: Dedenne|82/100\n|inactive|Time left: 300 sec this turn | 300 sec total | 5 sec grace\n|\n|t:|1783558505\n|switch|p2a: Orthworm|Orthworm, L88, F|266/266|[from] U-turn\n|move|p1a: Dedenne|Super Fang|p2a: Orthworm\n|-damage|p2a: Orthworm|133/266\n|\n|-weather|RainDance|[upkeep]\n|-heal|p2a: Orthworm|149/266|[from] item: Leftovers\n|upkeep\n|turn|28\n|inactive|Time left: 300 sec this turn | 300 sec total\n|\n|t:|1783558506\n|move|p1a: Dedenne|Super Fang|p2a: Orthworm\n|-damage|p2a: Orthworm|75/266\n|move|p2a: Orthworm|Heavy Slam|p1a: Dedenne\n|-damage|p1a: Dedenne|17/100\n|\n|-weather|none\n|-heal|p2a: Orthworm|91/266|[from] item: Leftovers\n|upkeep\n|turn|29\n|inactive|Time left: 300 sec this turn | 300 sec total\n|\n|t:|1783558507\n|move|p1a: Dedenne|Thunderbolt|p2a: Orthworm\n|-damage|p2a: Orthworm|31/266\n|move|p2a: Orthworm|Body Press|p1a: Dedenne\n|-resisted|p1a: Dedenne\n|-damage|p1a: Dedenne|0 fnt\n|faint|p1a: Dedenne\n|\n|-heal|p2a: Orthworm|47/266|[from] item: Leftovers\n|-sideend|p2: p0y16601e5b|move: Aurora Veil\n|upkeep\n|\n|t:|1783558509\n|switch|p1a: Meowstic|Meowstic-F, L89, F|100/100\n|turn|30\n|inactive|Time left: 300 sec this turn | 300 sec total\n|\n|t:|1783558510\n|move|p1a: Meowstic|Nasty Plot|p1a: Meowstic\n|-boost|p1a: Meowstic|spa|2\n|move|p2a: Orthworm|Heavy Slam|p1a: Meowstic\n|-damage|p1a: Meowstic|53/100\n|\n|-heal|p2a: Orthworm|63/266|[from] item: Leftovers\n|upkeep\n|turn|31\n|inactive|Time left: 300 sec this turn | 300 sec total\n|\n|t:|1783558511\n|move|p1a: Meowstic|Psyshock|p2a: Orthworm\n|-resisted|p2a: Orthworm\n|-damage|p2a: Orthworm|0 fnt\n|faint|p2a: Orthworm\n|-damage|p1a: Meowstic|43/100|[from] item: Life Orb\n|\n|upkeep\n|inactive|Time left: 300 sec this turn | 300 sec total | 5 sec grace\n|\n|t:|1783558511\n|switch|p2a: Politoed|Politoed, L88, F|52/302\n|-weather|RainDance|[from] ability: Drizzle|[of] p2a: Politoed\n|turn|32\n|inactive|Time left: 300 sec this turn | 300 sec total\n|\n|t:|1783558512\n|move|p1a: Meowstic|Psyshock|p2a: Politoed\n|-damage|p2a: Politoed|0 fnt\n|faint|p2a: Politoed\n|-damage|p1a: Meowstic|33/100|[from] item: Life Orb\n|\n|-weather|RainDance|[upkeep]\n|upkeep\n|inactive|Time left: 300 sec this turn | 300 sec total | 5 sec grace\n|\n|t:|1783558513\n|switch|p2a: Dedenne|Dedenne, L88, M|261/261\n|turn|33\n|inactive|Time left: 300 sec this turn | 300 sec total\n|\n|t:|1783558514\n|move|p1a: Meowstic|Psyshock|p2a: Dedenne\n|-damage|p2a: Dedenne|0 fnt\n|faint|p2a: Dedenne\n|-damage|p1a: Meowstic|24/100|[from] item: Life Orb\n|\n|-weather|RainDance|[upkeep]\n|upkeep\n|inactive|Time left: 300 sec this turn | 300 sec total | 5 sec grace\n|\n|t:|1783558515\n|switch|p2a: Ninetales|Ninetales-Alola, L78, M|35/242\n|-weather|Snowscape|[from] ability: Snow Warning|[of] p2a: Ninetales\n|turn|34\n|inactive|Time left: 300 sec this turn | 300 sec total\n|\n|t:|1783558515\n|move|p1a: Meowstic|Thunderbolt|p2a: Ninetales\n|-damage|p2a: Ninetales|0 fnt\n|faint|p2a: Ninetales\n|-damage|p1a: Meowstic|14/100|[from] item: Life Orb\n|\n|win|p0x1660e519", "uploadtime": 1783558515, "views": 0, "rating": 0, "private": 0, "password": null, "_winner": "p0x1660e519", "_our_name": "p0y16601e5b"}