{"id": "battle-gen9randombattle-27", "formatid": "gen9randombattle", "format": "[Gen 9] Random Battle", "players": ["p0x0276a37", "p0y0271c73"], "log": "|init|battle\n|title|p0x0276a37 vs. p0y0271c73\n|j|\u2606p0x0276a37\n|j|\u2606p0y0271c73\n|t:|1783534110\n|gametype|singles\n|player|p1|p0x0276a37|102|\n|player|p2|p0y0271c73|265|\n|gen|9\n|tier|[Gen 9] Random Battle\n|rule|Species Clause: Limit one of each Pok\u00e9mon\n|rule|HP Percentage Mod: HP is shown in percentages\n|rule|Sleep Clause Mod: Limit one foe put to sleep\n|rule|Illusion Level Mod: Illusion disguises the Pok\u00e9mon's true level\n|\n|t:|1783534110\n|teamsize|p1|6\n|teamsize|p2|6\n|start\n|switch|p1a: Sableye|Sableye, L88, F|231/231\n|switch|p2a: Dachsbun|Dachsbun, L92, F|100/100\n|turn|1\n|inactive|Battle timer is ON: inactive players will automatically lose when time's up. (requested by p0y0271c73)\n|inactive|Time left: 300 sec this turn | 300 sec total | 60 sec grace\n|\n|t:|1783534112\n|switch|p1a: Reuniclus|Reuniclus, L88, F|337/337\n|move|p2a: Dachsbun|Play Rough|p1a: Reuniclus\n|-damage|p1a: Reuniclus|228/337\n|\n|upkeep\n|turn|2\n|inactive|Time left: 300 sec this turn | 300 sec total\n|inactive|p0x0276a37 also wants the timer to be on.\n|\n|t:|1783534113\n|move|p2a: Dachsbun|Play Rough|p1a: Reuniclus\n|-damage|p1a: Reuniclus|128/337\n|move|p1a: Reuniclus|Psychic|p2a: Dachsbun\n|-damage|p2a: Dachsbun|41/100\n|\n|-heal|p2a: Dachsbun|47/100|[from] item: Leftovers\n|upkeep\n|turn|3\n|inactive|Time left: 300 sec this turn | 300 sec total\n|\n|t:|1783534114\n|switch|p2a: Mabosstiff|Mabosstiff, L86, M|100/100\n|move|p1a: Reuniclus|Recover|p1a: Reuniclus\n|-heal|p1a: Reuniclus|297/337\n|\n|upkeep\n|turn|4\n|inactive|Time left: 300 sec this turn | 300 sec total\n|\n|t:|1783534115\n|move|p2a: Mabosstiff|Crunch|p1a: Reuniclus\n|-supereffective|p1a: Reuniclus\n|-damage|p1a: Reuniclus|0 fnt\n|faint|p1a: Reuniclus\n|\n|upkeep\n|inactive|Time left: 300 sec this turn | 300 sec total | 5 sec grace\n|\n|t:|1783534116\n|switch|p1a: Klawf|Klawf, L90, M|272/272\n|turn|5\n|inactive|Time left: 300 sec this turn | 300 sec total\n|\n|t:|1783534117\n|move|p2a: Mabosstiff|Crunch|p1a: Klawf\n|-damage|p1a: Klawf|151/272\n|move|p1a: Klawf|Stone Edge|p2a: Mabosstiff\n|-damage|p2a: Mabosstiff|30/100\n|\n|upkeep\n|turn|6\n|inactive|Time left: 300 sec this turn | 300 sec total\n|\n|t:|1783534119\n|move|p2a: Mabosstiff|Crunch|p1a: Klawf\n|-damage|p1a: Klawf|37/272\n|move|p1a: Klawf|Stone Edge|p2a: Mabosstiff\n|-crit|p2a: Mabosstiff\n|-damage|p2a: Mabosstiff|0 fnt\n|faint|p2a: Mabosstiff\n|\n|upkeep\n|\n|t:|1783534120\n|switch|p2a: Oinkologne|Oinkologne-F, L92, F|100/100\n|turn|7\n|inactive|Time left: 300 sec this turn | 300 sec total\n|\n|t:|1783534121\n|move|p1a: Klawf|Stone Edge|p2a: Oinkologne\n|-damage|p2a: Oinkologne|49/100\n|move|p2a: Oinkologne|High Horsepower|p1a: Klawf\n|-supereffective|p1a: Klawf\n|-damage|p1a: Klawf|0 fnt\n|faint|p1a: Klawf\n|\n|-heal|p2a: Oinkologne|55/100|[from] item: Leftovers\n|upkeep\n|inactive|Time left: 300 sec this turn | 300 sec total | 5 sec grace\n|\n|t:|1783534122\n|switch|p1a: Piloswine|Piloswine, L85, M|309/309\n|turn|8\n|inactive|Time left: 300 sec this turn | 300 sec total\n|\n|t:|1783534123\n|move|p2a: Oinkologne|Curse|p2a: Oinkologne\n|-unboost|p2a: Oinkologne|spe|1\n|-boost|p2a: Oinkologne|atk|1\n|-boost|p2a: Oinkologne|def|1\n|move|p1a: Piloswine|Stealth Rock|p2a: Oinkologne\n|-sidestart|p2: p0y0271c73|move: Stealth Rock\n|\n|-heal|p2a: Oinkologne|61/100|[from] item: Leftovers\n|upkeep\n|turn|9\n|inactive|Time left: 300 sec this turn | 300 sec total\n|\n|t:|1783534124\n|move|p2a: Oinkologne|Double-Edge|p1a: Piloswine\n|-damage|p1a: Piloswine|156/309\n|-damage|p2a: Oinkologne|47/100|[from] Recoil\n|move|p1a: Piloswine|Roar|p2a: Oinkologne\n|drag|p2a: Toucannon|Toucannon, L88, M|100/100\n|\n|upkeep\n|turn|10\n|inactive|Time left: 300 sec this turn | 300 sec total\n|\n|t:|1783534126\n|move|p2a: Toucannon|Bullet Seed|p1a: Piloswine\n|-supereffective|p1a: Piloswine\n|-damage|p1a: Piloswine|118/309\n|-supereffective|p1a: Piloswine\n|-damage|p1a: Piloswine|86/309\n|-supereffective|p1a: Piloswine\n|-damage|p1a: Piloswine|54/309\n|-supereffective|p1a: Piloswine\n|-damage|p1a: Piloswine|22/309\n|-supereffective|p1a: Piloswine\n|-damage|p1a: Piloswine|0 fnt\n|faint|p1a: Piloswine\n|-hitcount|p1: Piloswine|5\n|\n|upkeep\n|inactive|Time left: 300 sec this turn | 300 sec total | 5 sec grace\n|\n|t:|1783534127\n|switch|p1a: Rotom|Rotom-Heat, L83|219/219\n|turn|11\n|inactive|Time left: 300 sec this turn | 300 sec total\n|\n|t:|1783534128\n|switch|p2a: Oinkologne|Oinkologne-F, L92, F|47/100\n|-damage|p2a: Oinkologne|35/100|[from] Stealth Rock\n|move|p1a: Rotom|Discharge|p2a: Oinkologne\n|-damage|p2a: Oinkologne|12/100\n|\n|-heal|p2a: Oinkologne|18/100|[from] item: Leftovers\n|upkeep\n|turn|12\n|inactive|Time left: 300 sec this turn | 300 sec total\n|\n|t:|1783534129\n|-terastallize|p2a: Oinkologne|Ground\n|move|p1a: Rotom|Discharge|p2a: Oinkologne\n|-immune|p2a: Oinkologne\n|move|p2a: Oinkologne|Double-Edge|p1a: Rotom\n|-damage|p1a: Rotom|87/219\n|-damage|p2a: Oinkologne|5/100|[from] Recoil\n|\n|-heal|p2a: Oinkologne|12/100|[from] item: Leftovers\n|upkeep\n|turn|13\n|inactive|Time left: 300 sec this turn | 300 sec total\n|\n|t:|1783534130\n|move|p1a: Rotom|Overheat|p2a: Oinkologne\n|-damage|p2a: Oinkologne|0 fnt\n|-unboost|p1a: Rotom|spa|2\n|faint|p2a: Oinkologne\n|\n|upkeep\n|\n|t:|1783534131\n|switch|p2a: Dachsbun|Dachsbun, L92, F|47/100\n|-damage|p2a: Dachsbun|34/100|[from] Stealth Rock\n|turn|14\n|inactive|Time left: 300 sec this turn | 300 sec total\n|\n|t:|1783534132\n|switch|p1a: Fezandipiti|Fezandipiti, L82, M|278/278\n|move|p2a: Dachsbun|Play Rough|p1a: Fezandipiti\n|-resisted|p1a: Fezandipiti\n|-damage|p1a: Fezandipiti|223/278\n|-unboost|p1a: Fezandipiti|atk|1\n|\n|-heal|p2a: Dachsbun|40/100|[from] item: Leftovers\n|-heal|p1a: Fezandipiti|240/278|[from] item: Leftovers\n|upkeep\n|turn|15\n|inactive|Time left: 300 sec this turn | 300 sec total\n|\n|t:|1783534133\n|move|p2a: Dachsbun|Yawn|p1a: Fezandipiti\n|-start|p1a: Fezandipiti|move: Yawn|[of] p2a: Dachsbun\n|move|p1a: Fezandipiti|Gunk Shot|p2a: Dachsbun\n|-supereffective|p2a: Dachsbun\n|-damage|p2a: Dachsbun|0 fnt\n|faint|p2a: Dachsbun\n|\n|-heal|p1a: Fezandipiti|257/278|[from] item: Leftovers\n|upkeep\n|\n|t:|1783534133\n|switch|p2a: Toucannon|Toucannon, L88, M|100/100\n|turn|16\n|inactive|Time left: 300 sec this turn | 300 sec total\n|\n|t:|1783534135\n|switch|p1a: Rotom|Rotom-Heat, L83|87/219\n|move|p2a: Toucannon|Boomburst|p1a: Rotom\n|-damage|p1a: Rotom|0 fnt\n|faint|p1a: Rotom\n|\n|upkeep\n|inactive|Time left: 300 sec this turn | 300 sec total | 5 sec grace\n|\n|t:|1783534135\n|switch|p1a: Fezandipiti|Fezandipiti, L82, M|257/278\n|turn|17\n|inactive|Time left: 300 sec this turn | 300 sec total\n|\n|t:|1783534136\n|-singleturn|p2a: Toucannon|move: Beak Blast\n|move|p1a: Fezandipiti|Moonblast|p2a: Toucannon\n|-damage|p2a: Toucannon|71/100\n|-unboost|p2a: Toucannon|spa|1\n|move|p2a: Toucannon|Beak Blast|p1a: Fezandipiti\n|-damage|p1a: Fezandipiti|109/278\n|\n|-heal|p1a: Fezandipiti|126/278|[from] item: Leftovers\n|upkeep\n|turn|18\n|inactive|Time left: 300 sec this turn | 300 sec total\n|\n|t:|1783534137\n|-singleturn|p2a: Toucannon|move: Beak Blast\n|move|p1a: Fezandipiti|Roost|p1a: Fezandipiti\n|-heal|p1a: Fezandipiti|265/278\n|-singleturn|p1a: Fezandipiti|move: Roost\n|move|p2a: Toucannon|Beak Blast|p1a: Fezandipiti\n|-damage|p1a: Fezandipiti|129/278\n|\n|-heal|p1a: Fezandipiti|146/278|[from] item: Leftovers\n|upkeep\n|turn|19\n|inactive|Time left: 300 sec this turn | 300 sec total\n|\n|t:|1783534139\n|-singleturn|p2a: Toucannon|move: Beak Blast\n|move|p1a: Fezandipiti|Roost|p1a: Fezandipiti\n|-heal|p1a: Fezandipiti|278/278\n|-singleturn|p1a: Fezandipiti|move: Roost\n|move|p2a: Toucannon|Beak Blast|p1a: Fezandipiti\n|-crit|p1a: Fezandipiti\n|-damage|p1a: Fezandipiti|35/278\n|\n|-heal|p1a: Fezandipiti|52/278|[from] item: Leftovers\n|upkeep\n|turn|20\n|inactive|Time left: 300 sec this turn | 300 sec total\n|\n|t:|1783534140\n|-terastallize|p1a: Fezandipiti|Steel\n|-singleturn|p2a: Toucannon|move: Beak Blast\n|move|p1a: Fezandipiti|Roost|p1a: Fezandipiti\n|-heal|p1a: Fezandipiti|191/278\n|move|p2a: Toucannon|Beak Blast|p1a: Fezandipiti\n|-resisted|p1a: Fezandipiti\n|-damage|p1a: Fezandipiti|119/278\n|\n|-heal|p1a: Fezandipiti|136/278|[from] item: Leftovers\n|upkeep\n|turn|21\n|inactive|Time left: 300 sec this turn | 300 sec total\n|\n|t:|1783534141\n|switch|p2a: Regirock|Regirock, L83|100/100\n|-damage|p2a: Regirock|88/100|[from] Stealth Rock\n|move|p1a: Fezandipiti|Moonblast|p2a: Regirock\n|-damage|p2a: Regirock|64/100\n|-status|p2a: Regirock|tox|[from] ability: Toxic Chain|[of] p1a: Fezandipiti\n|\n|-heal|p1a: Fezandipiti|153/278|[from] item: Leftovers\n|-heal|p2a: Regirock|70/100 tox|[from] item: Leftovers\n|-damage|p2a: Regirock|64/100 tox|[from] psn\n|upkeep\n|turn|22\n|inactive|Time left: 300 sec this turn | 300 sec total\n|\n|t:|1783534142\n|switch|p1a: Sableye|Sableye, L88, F|231/231\n|move|p2a: Regirock|Body Press|p1a: Sableye\n|-immune|p1a: Sableye\n|\n|-heal|p2a: Regirock|70/100 tox|[from] item: Leftovers\n|-damage|p2a: Regirock|58/100 tox|[from] psn\n|upkeep\n|turn|23\n|inactive|Time left: 300 sec this turn | 300 sec total\n|\n|t:|1783534143\n|move|p1a: Sableye|Knock Off|p2a: Regirock\n|-damage|p2a: Regirock|41/100 tox\n|-enditem|p2a: Regirock|Leftovers|[from] move: Knock Off|[of] p1a: Sableye\n|move|p2a: Regirock|Stone Edge|p1a: Sableye\n|-crit|p1a: Sableye\n|-damage|p1a: Sableye|56/231\n|\n|-heal|p1a: Sableye|70/231|[from] item: Leftovers\n|-damage|p2a: Regirock|23/100 tox|[from] psn\n|upkeep\n|turn|24\n|inactive|Time left: 300 sec this turn | 300 sec total\n|\n|t:|1783534144\n|move|p1a: Sableye|Recover|p1a: Sableye\n|-heal|p1a: Sableye|186/231\n|move|p2a: Regirock|Thunder Wave|p1a: Sableye\n|-status|p1a: Sableye|par\n|\n|-heal|p1a: Sableye|200/231 par|[from] item: Leftovers\n|-damage|p2a: Regirock|0 fnt|[from] psn\n|faint|p2a: Regirock\n|upkeep\n|\n|t:|1783534145\n|switch|p2a: Toucannon|Toucannon, L88, M|71/100\n|turn|25\n|inactive|Time left: 300 sec this turn | 300 sec total\n|\n|t:|1783534146\n|switch|p1a: Fezandipiti|Fezandipiti, L82, M, tera:Steel|153/278\n|-singleturn|p2a: Toucannon|move: Beak Blast\n|move|p2a: Toucannon|Beak Blast|p1a: Fezandipiti\n|-resisted|p1a: Fezandipiti\n|-damage|p1a: Fezandipiti|78/278\n|\n|-heal|p1a: Fezandipiti|95/278|[from] item: Leftovers\n|upkeep\n|turn|26\n|inactive|Time left: 300 sec this turn | 300 sec total\n|\n|t:|1783534147\n|move|p1a: Fezandipiti|Roost|p1a: Fezandipiti\n|-heal|p1a: Fezandipiti|234/278\n|move|p2a: Toucannon|Roost|p2a: Toucannon\n|-heal|p2a: Toucannon|100/100\n|-singleturn|p2a: Toucannon|move: Roost\n|\n|-heal|p1a: Fezandipiti|251/278|[from] item: Leftovers\n|upkeep\n|turn|27\n|inactive|Time left: 300 sec this turn | 300 sec total\n|\n|t:|1783534148\n|move|p1a: Fezandipiti|Gunk Shot|p2a: Toucannon|[miss]\n|-miss|p1a: Fezandipiti|p2a: Toucannon\n|move|p2a: Toucannon|Bullet Seed|p1a: Fezandipiti\n|-resisted|p1a: Fezandipiti\n|-damage|p1a: Fezandipiti|238/278\n|-resisted|p1a: Fezandipiti\n|-damage|p1a: Fezandipiti|226/278\n|-resisted|p1a: Fezandipiti\n|-damage|p1a: Fezandipiti|213/278\n|-resisted|p1a: Fezandipiti\n|-damage|p1a: Fezandipiti|201/278\n|-resisted|p1a: Fezandipiti\n|-damage|p1a: Fezandipiti|188/278\n|-hitcount|p1a: Fezandipiti|5\n|\n|-heal|p1a: Fezandipiti|205/278|[from] item: Leftovers\n|upkeep\n|turn|28\n|inactive|Time left: 300 sec this turn | 300 sec total\n|\n|t:|1783534149\n|move|p1a: Fezandipiti|Gunk Shot|p2a: Toucannon\n|-damage|p2a: Toucannon|60/100\n|move|p2a: Toucannon|Bullet Seed|p1a: Fezandipiti\n|-resisted|p1a: Fezandipiti\n|-damage|p1a: Fezandipiti|192/278\n|-resisted|p1a: Fezandipiti\n|-crit|p1a: Fezandipiti\n|-damage|p1a: Fezandipiti|173/278\n|-resisted|p1a: Fezandipiti\n|-damage|p1a: Fezandipiti|159/278\n|-resisted|p1a: Fezandipiti\n|-damage|p1a: Fezandipiti|146/278\n|-resisted|p1a: Fezandipiti\n|-damage|p1a: Fezandipiti|133/278\n|-hitcount|p1a: Fezandipiti|5\n|\n|-heal|p1a: Fezandipiti|150/278|[from] item: Leftovers\n|upkeep\n|turn|29\n|inactive|Time left: 300 sec this turn | 300 sec total\n|\n|t:|1783534151\n|move|p1a: Fezandipiti|Moonblast|p2a: Toucannon\n|-damage|p2a: Toucannon|29/100\n|move|p2a: Toucannon|Roost|p2a: Toucannon\n|-heal|p2a: Toucannon|79/100\n|-singleturn|p2a: Toucannon|move: Roost\n|\n|-heal|p1a: Fezandipiti|167/278|[from] item: Leftovers\n|upkeep\n|turn|30\n|inactive|Time left: 300 sec this turn | 300 sec total\n|\n|t:|1783534152\n|move|p1a: Fezandipiti|Moonblast|p2a: Toucannon\n|-damage|p2a: Toucannon|49/100\n|move|p2a: Toucannon|Roost|p2a: Toucannon\n|-heal|p2a: Toucannon|99/100\n|-singleturn|p2a: Toucannon|move: Roost\n|\n|-heal|p1a: Fezandipiti|184/278|[from] item: Leftovers\n|upkeep\n|turn|31\n|inactive|Time left: 300 sec this turn | 300 sec total\n|\n|t:|1783534153\n|move|p1a: Fezandipiti|Moonblast|p2a: Toucannon\n|-damage|p2a: Toucannon|69/100\n|-unboost|p2a: Toucannon|spa|1\n|move|p2a: Toucannon|Bullet Seed|p1a: Fezandipiti\n|-resisted|p1a: Fezandipiti\n|-damage|p1a: Fezandipiti|171/278\n|-resisted|p1a: Fezandipiti\n|-damage|p1a: Fezandipiti|159/278\n|-resisted|p1a: Fezandipiti\n|-damage|p1a: Fezandipiti|147/278\n|-resisted|p1a: Fezandipiti\n|-damage|p1a: Fezandipiti|135/278\n|-resisted|p1a: Fezandipiti\n|-damage|p1a: Fezandipiti|123/278\n|-hitcount|p1a: Fezandipiti|5\n|\n|-heal|p1a: Fezandipiti|140/278|[from] item: Leftovers\n|upkeep\n|turn|32\n|inactive|Time left: 300 sec this turn | 300 sec total\n|\n|t:|1783534154\n|move|p1a: Fezandipiti|Gunk Shot|p2a: Toucannon\n|-damage|p2a: Toucannon|24/100\n|-status|p2a: Toucannon|psn\n|move|p2a: Toucannon|Roost|p2a: Toucannon\n|-heal|p2a: Toucannon|74/100 psn\n|-singleturn|p2a: Toucannon|move: Roost\n|\n|-heal|p1a: Fezandipiti|157/278|[from] item: Leftovers\n|-damage|p2a: Toucannon|62/100 psn|[from] psn\n|upkeep\n|turn|33\n|inactive|Time left: 300 sec this turn | 300 sec total\n|\n|t:|1783534155\n|move|p1a: Fezandipiti|Gunk Shot|p2a: Toucannon\n|-damage|p2a: Toucannon|19/100 psn\n|move|p2a: Toucannon|Roost|p2a: Toucannon\n|-heal|p2a: Toucannon|69/100 psn\n|-singleturn|p2a: Toucannon|move: Roost\n|\n|-heal|p1a: Fezandipiti|174/278|[from] item: Leftovers\n|-damage|p2a: Toucannon|57/100 psn|[from] psn\n|upkeep\n|turn|34\n|inactive|Time left: 300 sec this turn | 300 sec total\n|\n|t:|1783534156\n|move|p1a: Fezandipiti|Moonblast|p2a: Toucannon\n|-damage|p2a: Toucannon|29/100 psn\n|move|p2a: Toucannon|Roost|p2a: Toucannon\n|-heal|p2a: Toucannon|79/100 psn\n|-singleturn|p2a: Toucannon|move: Roost\n|\n|-heal|p1a: Fezandipiti|191/278|[from] item: Leftovers\n|-damage|p2a: Toucannon|67/100 psn|[from] psn\n|upkeep\n|turn|35\n|inactive|Time left: 300 sec this turn | 300 sec total\n|\n|t:|1783534157\n|move|p1a: Fezandipiti|Moonblast|p2a: Toucannon\n|-damage|p2a: Toucannon|36/100 psn\n|move|p2a: Toucannon|Roost|p2a: Toucannon\n|-heal|p2a: Toucannon|86/100 psn\n|-singleturn|p2a: Toucannon|move: Roost\n|\n|-heal|p1a: Fezandipiti|208/278|[from] item: Leftovers\n|-damage|p2a: Toucannon|74/100 psn|[from] psn\n|upkeep\n|turn|36\n|inactive|Time left: 300 sec this turn | 300 sec total\n|\n|t:|1783534158\n|move|p1a: Fezandipiti|Moonblast|p2a: Toucannon\n|-damage|p2a: Toucannon|47/100 psn\n|-unboost|p2a: Toucannon|spa|1\n|move|p2a: Toucannon|Roost|p2a: Toucannon\n|-heal|p2a: Toucannon|97/100 psn\n|-singleturn|p2a: Toucannon|move: Roost\n|\n|-heal|p1a: Fezandipiti|225/278|[from] item: Leftovers\n|-damage|p2a: Toucannon|85/100 psn|[from] psn\n|upkeep\n|turn|37\n|inactive|Time left: 300 sec this turn | 300 sec total\n|\n|t:|1783534159\n|switch|p2a: Scream Tail|Scream Tail, L84|100/100\n|-damage|p2a: Scream Tail|88/100|[from] Stealth Rock\n|move|p1a: Fezandipiti|Gunk Shot|p2a: Scream Tail\n|-supereffective|p2a: Scream Tail\n|-damage|p2a: Scream Tail|23/100\n|\n|-heal|p2a: Scream Tail|29/100|[from] item: Leftovers\n|-heal|p1a: Fezandipiti|242/278|[from] item: Leftovers\n|upkeep\n|turn|38\n|inactive|Time left: 300 sec this turn | 300 sec total\n|\n|t:|1783534160\n|move|p2a: Scream Tail|Protect|p2a: Scream Tail\n|-singleturn|p2a: Scream Tail|Protect\n|move|p1a: Fezandipiti|Gunk Shot|p2a: Scream Tail\n|-activate|p2a: Scream Tail|move: Protect\n|\n|-heal|p2a: Scream Tail|35/100|[from] item: Leftovers\n|-heal|p1a: Fezandipiti|259/278|[from] item: Leftovers\n|upkeep\n|turn|39\n|inactive|Time left: 300 sec this turn | 300 sec total\n|\n|t:|1783534160\n|move|p2a: Scream Tail|Wish|p2a: Scream Tail\n|move|p1a: Fezandipiti|Gunk Shot|p2a: Scream Tail\n|-supereffective|p2a: Scream Tail\n|-damage|p2a: Scream Tail|0 fnt\n|faint|p2a: Scream Tail\n|-end|p2a: Scream Tail|Protosynthesis|[silent]\n|\n|-heal|p1a: Fezandipiti|276/278|[from] item: Leftovers\n|upkeep\n|\n|t:|1783534161\n|switch|p2a: Toucannon|Toucannon, L88, M|85/100 psn\n|turn|40\n|inactive|Time left: 300 sec this turn | 300 sec total\n|\n|t:|1783534162\n|move|p1a: Fezandipiti|Beat Up|p2a: Toucannon\n|-damage|p2a: Toucannon|81/100 psn\n|-hitcount|p2a: Toucannon|1\n|move|p2a: Toucannon|Boomburst|p1a: Fezandipiti\n|-resisted|p1a: Fezandipiti\n|-damage|p1a: Fezandipiti|224/278\n|\n|-heal|p2a: Toucannon|100/100 psn|[from] move: Wish|[wisher] Scream Tail\n|-heal|p1a: Fezandipiti|241/278|[from] item: Leftovers\n|-damage|p2a: Toucannon|88/100 psn|[from] psn\n|upkeep\n|turn|41\n|inactive|Time left: 300 sec this turn | 300 sec total\n|\n|t:|1783534163\n|-singleturn|p2a: Toucannon|move: Beak Blast\n|move|p1a: Fezandipiti|Moonblast|p2a: Toucannon\n|-damage|p2a: Toucannon|61/100 psn\n|-unboost|p2a: Toucannon|spa|1\n|move|p2a: Toucannon|Beak Blast|p1a: Fezandipiti\n|-resisted|p1a: Fezandipiti\n|-damage|p1a: Fezandipiti|163/278\n|\n|-heal|p1a: Fezandipiti|180/278|[from] item: Leftovers\n|-damage|p2a: Toucannon|49/100 psn|[from] psn\n|upkeep\n|turn|42\n|inactive|Time left: 300 sec this turn | 300 sec total\n|\n|t:|1783534164\n|-singleturn|p2a: Toucannon|move: Beak Blast\n|move|p1a: Fezandipiti|Moonblast|p2a: Toucannon\n|-damage|p2a: Toucannon|19/100 psn\n|move|p2a: Toucannon|Beak Blast|p1a: Fezandipiti\n|-resisted|p1a: Fezandipiti\n|-damage|p1a: Fezandipiti|102/278\n|\n|-heal|p1a: Fezandipiti|119/278|[from] item: Leftovers\n|-damage|p2a: Toucannon|7/100 psn|[from] psn\n|upkeep\n|turn|43\n|inactive|Time left: 300 sec this turn | 300 sec total\n|\n|t:|1783534164\n|move|p1a: Fezandipiti|Moonblast|p2a: Toucannon\n|-damage|p2a: Toucannon|0 fnt\n|faint|p2a: Toucannon\n|\n|win|p0x0276a37", "uploadtime": 1783534164, "views": 0, "rating": 0, "private": 0, "password": null, "_winner": "p0x0276a37", "_our_name": "p0x0276a37"}