{"id": "battle-gen9randombattle-454", "formatid": "gen9randombattle", "format": "[Gen 9] Random Battle", "players": ["p0x454a730", "p0y4542676"], "log": "|init|battle\n|title|p0x454a730 vs. p0y4542676\n|j|\u2606p0x454a730\n|j|\u2606p0y4542676\n|t:|1783545028\n|gametype|singles\n|player|p1|p0x454a730|169|\n|player|p2|p0y4542676|2|\n|gen|9\n|tier|[Gen 9] Random Battle\n|rule|Species Clause: Limit one of each Pok\u00e9mon\n|rule|HP Percentage Mod: HP is shown in percentages\n|rule|Sleep Clause Mod: Limit one foe put to sleep\n|rule|Illusion Level Mod: Illusion disguises the Pok\u00e9mon's true level\n|\n|t:|1783545028\n|teamsize|p1|6\n|teamsize|p2|6\n|start\n|switch|p1a: Meowstic|Meowstic-F, L89, F|100/100\n|switch|p2a: Dedenne|Dedenne, L88, M|261/261\n|turn|1\n|inactive|Battle timer is ON: inactive players will automatically lose when time's up. (requested by p0x454a730)\n|inactive|Time left: 300 sec this turn | 300 sec total | 60 sec grace\n|inactive|p0y4542676 also wants the timer to be on.\n|\n|t:|1783545030\n|move|p1a: Meowstic|Nasty Plot|p1a: Meowstic\n|-boost|p1a: Meowstic|spa|2\n|move|p2a: Dedenne|Super Fang|p1a: Meowstic\n|-damage|p1a: Meowstic|51/100\n|\n|upkeep\n|turn|2\n|inactive|Time left: 300 sec this turn | 300 sec total\n|\n|t:|1783545031\n|switch|p2a: Grumpig|Grumpig, L92, F|297/297\n|move|p1a: Meowstic|Psychic|p2a: Grumpig\n|-resisted|p2a: Grumpig\n|-damage|p2a: Grumpig|202/297\n|-damage|p1a: Meowstic|41/100|[from] item: Life Orb\n|\n|upkeep\n|turn|3\n|inactive|Time left: 300 sec this turn | 300 sec total\n|\n|t:|1783545032\n|move|p1a: Meowstic|Dark Pulse|p2a: Grumpig\n|-supereffective|p2a: Grumpig\n|-damage|p2a: Grumpig|0 fnt\n|faint|p2a: Grumpig\n|-damage|p1a: Meowstic|31/100|[from] item: Life Orb\n|\n|upkeep\n|inactive|Time left: 300 sec this turn | 300 sec total | 5 sec grace\n|\n|t:|1783545033\n|switch|p2a: Floatzel|Floatzel, L86, M|286/286\n|turn|4\n|inactive|Time left: 300 sec this turn | 300 sec total\n|\n|t:|1783545034\n|switch|p1a: Manaphy|Manaphy, L78|100/100\n|move|p2a: Floatzel|Wave Crash|p1a: Manaphy\n|-resisted|p1a: Manaphy\n|-damage|p1a: Manaphy|61/100\n|-damage|p2a: Floatzel|249/286|[from] Recoil\n|\n|-heal|p1a: Manaphy|67/100|[from] item: Leftovers\n|upkeep\n|turn|5\n|inactive|Time left: 300 sec this turn | 300 sec total\n|\n|t:|1783545036\n|move|p2a: Floatzel|Wave Crash|p1a: Manaphy\n|-resisted|p1a: Manaphy\n|-damage|p1a: Manaphy|28/100\n|-damage|p2a: Floatzel|212/286|[from] Recoil\n|move|p1a: Manaphy|Energy Ball|p2a: Floatzel\n|-supereffective|p2a: Floatzel\n|-damage|p2a: Floatzel|58/286\n|\n|-heal|p1a: Manaphy|34/100|[from] item: Leftovers\n|upkeep\n|turn|6\n|inactive|Time left: 300 sec this turn | 300 sec total\n|\n|t:|1783545037\n|switch|p1a: Braviary|Braviary, L85, M|100/100\n|move|p2a: Floatzel|Wave Crash|p1a: Braviary\n|-damage|p1a: Braviary|27/100\n|-damage|p2a: Floatzel|0 fnt|[from] Recoil\n|faint|p2a: Floatzel\n|\n|upkeep\n|inactive|Time left: 300 sec this turn | 300 sec total | 5 sec grace\n|\n|t:|1783545038\n|switch|p2a: Dedenne|Dedenne, L88, M|261/261\n|turn|7\n|inactive|Time left: 300 sec this turn | 300 sec total\n|\n|t:|1783545039\n|switch|p1a: Zacian|Zacian-Crowned, L64|100/100\n|-ability|p1a: Zacian|Intrepid Sword|boost\n|-boost|p1a: Zacian|atk|1\n|move|p2a: Dedenne|Thunderbolt|p1a: Zacian\n|-damage|p1a: Zacian|59/100\n|\n|upkeep\n|turn|8\n|inactive|Time left: 300 sec this turn | 300 sec total\n|\n|t:|1783545040\n|move|p2a: Dedenne|Thunderbolt|p1a: Zacian\n|-damage|p1a: Zacian|16/100\n|-status|p1a: Zacian|par\n|cant|p1a: Zacian|par\n|\n|upkeep\n|turn|9\n|inactive|Time left: 300 sec this turn | 300 sec total\n|\n|t:|1783545041\n|move|p2a: Dedenne|Thunderbolt|p1a: Zacian\n|-damage|p1a: Zacian|0 fnt\n|faint|p1a: Zacian\n|\n|upkeep\n|\n|t:|1783545042\n|switch|p1a: Lokix|Lokix, L82, M|100/100\n|turn|10\n|inactive|Time left: 300 sec this turn | 300 sec total\n|\n|t:|1783545043\n|move|p2a: Dedenne|Dazzling Gleam|p1a: Lokix\n|-supereffective|p1a: Lokix\n|-damage|p1a: Lokix|9/100\n|move|p1a: Lokix|U-turn|p2a: Dedenne\n|-resisted|p2a: Dedenne\n|-damage|p2a: Dedenne|153/261\n|\n|t:|1783545044\n|switch|p1a: Meowstic|Meowstic-F, L89, F|31/100|[from] U-turn\n|\n|upkeep\n|turn|11\n|inactive|Time left: 300 sec this turn | 300 sec total\n|\n|t:|1783545045\n|move|p1a: Meowstic|Psychic|p2a: Dedenne\n|-damage|p2a: Dedenne|4/261\n|-enditem|p2a: Dedenne|Sitrus Berry|[eat]\n|-heal|p2a: Dedenne|69/261|[from] item: Sitrus Berry\n|-heal|p2a: Dedenne|156/261|[from] ability: Cheek Pouch\n|-damage|p1a: Meowstic|21/100|[from] item: Life Orb\n|move|p2a: Dedenne|Thunderbolt|p1a: Meowstic\n|-crit|p1a: Meowstic\n|-damage|p1a: Meowstic|0 fnt\n|faint|p1a: Meowstic\n|\n|upkeep\n|\n|t:|1783545046\n|switch|p1a: Lokix|Lokix, L82, M|9/100\n|turn|12\n|inactive|Time left: 300 sec this turn | 300 sec total\n|\n|t:|1783545047\n|switch|p2a: Chesnaught|Chesnaught, L84, M|285/285\n|-terastallize|p1a: Lokix|Bug\n|move|p1a: Lokix|First Impression|p2a: Chesnaught\n|-damage|p2a: Chesnaught|177/285\n|-damage|p1a: Lokix|0 fnt|[from] item: Rocky Helmet|[of] p2a: Chesnaught\n|faint|p1a: Lokix\n|\n|upkeep\n|\n|t:|1783545048\n|switch|p1a: Braviary|Braviary, L85, M|27/100\n|turn|13\n|inactive|Time left: 300 sec this turn | 300 sec total\n|\n|t:|1783545049\n|move|p1a: Braviary|Brave Bird|p2a: Chesnaught\n|-supereffective|p2a: Chesnaught\n|-damage|p2a: Chesnaught|0 fnt\n|-damage|p1a: Braviary|10/100|[from] item: Rocky Helmet|[of] p2a: Chesnaught\n|faint|p2a: Chesnaught\n|-damage|p1a: Braviary|0 fnt|[from] Recoil\n|faint|p1a: Braviary\n|\n|upkeep\n|inactive|Time left: 300 sec this turn | 300 sec total | 5 sec grace\n|\n|t:|1783545050\n|switch|p1a: Manaphy|Manaphy, L78|34/100\n|switch|p2a: Greedent|Greedent, L86, M|347/347\n|turn|14\n|inactive|Time left: 300 sec this turn | 300 sec total\n|\n|t:|1783545052\n|move|p1a: Manaphy|Tail Glow|p1a: Manaphy\n|-boost|p1a: Manaphy|spa|3\n|move|p2a: Greedent|Swords Dance|p2a: Greedent\n|-boost|p2a: Greedent|atk|2\n|\n|-heal|p1a: Manaphy|40/100|[from] item: Leftovers\n|upkeep\n|turn|15\n|inactive|Time left: 300 sec this turn | 300 sec total\n|\n|t:|1783545053\n|move|p1a: Manaphy|Surf|p2a: Greedent\n|-damage|p2a: Greedent|112/347\n|-enditem|p2a: Greedent|Sitrus Berry|[eat]\n|-heal|p2a: Greedent|198/347|[from] item: Sitrus Berry\n|-heal|p2a: Greedent|313/347|[from] ability: Cheek Pouch\n|move|p2a: Greedent|Knock Off|p1a: Manaphy\n|-damage|p1a: Manaphy|0 fnt\n|-enditem|p1a: Manaphy|Leftovers|[from] move: Knock Off|[of] p2a: Greedent\n|faint|p1a: Manaphy\n|\n|upkeep\n|\n|t:|1783545054\n|switch|p1a: Samurott|Samurott-Hisui, L77, F|100/100\n|turn|16\n|inactive|Time left: 300 sec this turn | 300 sec total\n|\n|t:|1783545055\n|move|p1a: Samurott|Swords Dance|p1a: Samurott\n|-boost|p1a: Samurott|atk|2\n|move|p2a: Greedent|Double-Edge|p1a: Samurott\n|-damage|p1a: Samurott|0 fnt\n|faint|p1a: Samurott\n|-damage|p2a: Greedent|226/347|[from] Recoil\n|\n|win|p0y4542676", "uploadtime": 1783545055, "views": 0, "rating": 0, "private": 0, "password": null, "_winner": "p0y4542676", "_our_name": "p0y4542676"}