{"id": "battle-gen9randombattle-680", "formatid": "gen9randombattle", "format": "[Gen 9] Random Battle", "players": ["p0x6805073", "p0y680a685"], "log": "|init|battle\n|title|p0x6805073 vs. p0y680a685\n|j|\u2606p0x6805073\n|j|\u2606p0y680a685\n|t:|1783547012\n|gametype|singles\n|player|p1|p0x6805073|169|\n|player|p2|p0y680a685|265|\n|gen|9\n|tier|[Gen 9] Random Battle\n|rule|Species Clause: Limit one of each Pok\u00e9mon\n|rule|HP Percentage Mod: HP is shown in percentages\n|rule|Sleep Clause Mod: Limit one foe put to sleep\n|rule|Illusion Level Mod: Illusion disguises the Pok\u00e9mon's true level\n|\n|t:|1783547012\n|teamsize|p1|6\n|teamsize|p2|6\n|start\n|switch|p1a: Toucannon|Toucannon, L88, F|284/284\n|switch|p2a: Hatterene|Hatterene, L85, F|100/100\n|turn|1\n|inactive|Battle timer is ON: inactive players will automatically lose when time's up. (requested by p0x6805073)\n|inactive|p0y680a685 also wants the timer to be on.\n|\n|t:|1783547013\n|-singleturn|p1a: Toucannon|move: Beak Blast\n|move|p2a: Hatterene|Mystical Fire|p1a: Toucannon\n|-damage|p1a: Toucannon|205/284\n|-unboost|p1a: Toucannon|spa|1\n|move|p1a: Toucannon|Beak Blast|p2a: Hatterene\n|-damage|p2a: Hatterene|50/100\n|\n|upkeep\n|turn|2\n|inactive|Time left: 300 sec this turn | 300 sec total\n|\n|t:|1783547014\n|-singleturn|p1a: Toucannon|move: Beak Blast\n|move|p2a: Hatterene|Draining Kiss|p1a: Toucannon\n|-damage|p1a: Toucannon|133/284\n|-heal|p2a: Hatterene|73/100|[from] drain|[of] p1a: Toucannon\n|-status|p2a: Hatterene|brn\n|move|p1a: Toucannon|Beak Blast|p2a: Hatterene\n|-damage|p2a: Hatterene|16/100 brn\n|\n|-damage|p2a: Hatterene|10/100 brn|[from] brn\n|upkeep\n|turn|3\n|inactive|Time left: 300 sec this turn | 300 sec total\n|\n|t:|1783547016\n|switch|p2a: Drednaw|Drednaw, L81, M|100/100\n|move|p1a: Toucannon|Boomburst|p2a: Drednaw\n|-resisted|p2a: Drednaw\n|-damage|p2a: Drednaw|81/100\n|\n|upkeep\n|turn|4\n|inactive|Time left: 300 sec this turn | 300 sec total\n|\n|t:|1783547017\n|move|p2a: Drednaw|Shell Smash|p2a: Drednaw\n|-unboost|p2a: Drednaw|def|1\n|-unboost|p2a: Drednaw|spd|1\n|-boost|p2a: Drednaw|atk|2\n|-boost|p2a: Drednaw|spa|2\n|-boost|p2a: Drednaw|spe|2\n|-enditem|p2a: Drednaw|White Herb\n|-clearnegativeboost|p2a: Drednaw|[silent]\n|move|p1a: Toucannon|Bullet Seed|p2a: Drednaw\n|-supereffective|p2a: Drednaw\n|-damage|p2a: Drednaw|48/100\n|-supereffective|p2a: Drednaw\n|-damage|p2a: Drednaw|12/100\n|-supereffective|p2a: Drednaw\n|-damage|p2a: Drednaw|0 fnt\n|faint|p2a: Drednaw\n|-hitcount|p2: Drednaw|3\n|\n|upkeep\n|\n|t:|1783547018\n|switch|p2a: Floatzel|Floatzel, L86, F|100/100\n|turn|5\n|inactive|Time left: 300 sec this turn | 300 sec total\n|\n|t:|1783547019\n|switch|p1a: Manaphy|Manaphy, L78|284/284\n|move|p2a: Floatzel|Wave Crash|p1a: Manaphy\n|-resisted|p1a: Manaphy\n|-damage|p1a: Manaphy|173/284\n|-damage|p2a: Floatzel|88/100|[from] Recoil\n|\n|-heal|p1a: Manaphy|190/284|[from] item: Leftovers\n|upkeep\n|turn|6\n|inactive|Time left: 300 sec this turn | 300 sec total\n|\n|t:|1783547020\n|move|p2a: Floatzel|Wave Crash|p1a: Manaphy\n|-resisted|p1a: Manaphy\n|-damage|p1a: Manaphy|91/284\n|-damage|p2a: Floatzel|76/100|[from] Recoil\n|move|p1a: Manaphy|Energy Ball|p2a: Floatzel\n|-supereffective|p2a: Floatzel\n|-damage|p2a: Floatzel|17/100\n|-unboost|p2a: Floatzel|spd|1\n|\n|-heal|p1a: Manaphy|108/284|[from] item: Leftovers\n|upkeep\n|turn|7\n|inactive|Time left: 300 sec this turn | 300 sec total\n|\n|t:|1783547022\n|move|p2a: Floatzel|Wave Crash|p1a: Manaphy\n|-resisted|p1a: Manaphy\n|-damage|p1a: Manaphy|0 fnt\n|faint|p1a: Manaphy\n|-damage|p2a: Floatzel|5/100|[from] Recoil\n|\n|upkeep\n|inactive|Time left: 300 sec this turn | 300 sec total | 5 sec grace\n|\n|t:|1783547023\n|switch|p1a: Carbink|Carbink, L90|236/236\n|turn|8\n|inactive|Time left: 300 sec this turn | 300 sec total\n|\n|t:|1783547024\n|move|p2a: Floatzel|Wave Crash|p1a: Carbink\n|-supereffective|p1a: Carbink\n|-ability|p1a: Carbink|Sturdy\n|-damage|p1a: Carbink|1/236\n|-damage|p2a: Floatzel|0 fnt|[from] Recoil\n|faint|p2a: Floatzel\n|move|p1a: Carbink|Rest|p1a: Carbink\n|-status|p1a: Carbink|slp|[from] move: Rest\n|-heal|p1a: Carbink|236/236 slp|[silent]\n|-enditem|p1a: Carbink|Chesto Berry|[eat]\n|-curestatus|p1a: Carbink|slp|[msg]\n|\n|upkeep\n|\n|t:|1783547025\n|switch|p2a: Vileplume|Vileplume, L85, M|100/100\n|turn|9\n|inactive|Time left: 300 sec this turn | 300 sec total\n|\n|t:|1783547026\n|switch|p1a: Cinderace|Cinderace, L77, F|249/249\n|move|p2a: Vileplume|Sludge Bomb|p1a: Cinderace\n|-damage|p1a: Cinderace|122/249\n|\n|upkeep\n|turn|10\n|inactive|Time left: 300 sec this turn | 300 sec total\n|\n|t:|1783547027\n|move|p1a: Cinderace|Pyro Ball|p2a: Vileplume\n|-supereffective|p2a: Vileplume\n|-damage|p2a: Vileplume|0 fnt\n|faint|p2a: Vileplume\n|\n|upkeep\n|\n|t:|1783547028\n|switch|p2a: Kilowattrel|Kilowattrel, L83, M|100/100\n|turn|11\n|inactive|Time left: 300 sec this turn | 300 sec total\n|\n|t:|1783547029\n|switch|p1a: Hippowdon|Hippowdon, L82, F|311/311\n|-weather|Sandstorm|[from] ability: Sand Stream|[of] p1a: Hippowdon\n|move|p2a: Kilowattrel|Thunderbolt|p1a: Hippowdon\n|-immune|p1a: Hippowdon\n|\n|-weather|Sandstorm|[upkeep]\n|-damage|p2a: Kilowattrel|95/100|[from] Sandstorm\n|upkeep\n|turn|12\n|inactive|Time left: 300 sec this turn | 300 sec total\n|\n|t:|1783547029\n|move|p2a: Kilowattrel|Hurricane|p1a: Hippowdon\n|-damage|p1a: Hippowdon|160/311\n|move|p1a: Hippowdon|Stone Edge|p2a: Kilowattrel\n|-supereffective|p2a: Kilowattrel\n|-damage|p2a: Kilowattrel|12/100\n|\n|-weather|Sandstorm|[upkeep]\n|-damage|p2a: Kilowattrel|6/100|[from] Sandstorm\n|-heal|p1a: Hippowdon|179/311|[from] item: Leftovers\n|upkeep\n|turn|13\n|inactive|Time left: 300 sec this turn | 300 sec total\n|\n|t:|1783547030\n|move|p2a: Kilowattrel|Roost|p2a: Kilowattrel\n|-heal|p2a: Kilowattrel|56/100\n|-singleturn|p2a: Kilowattrel|move: Roost\n|move|p1a: Hippowdon|Earthquake|p2a: Kilowattrel\n|-supereffective|p2a: Kilowattrel\n|-damage|p2a: Kilowattrel|0 fnt\n|faint|p2a: Kilowattrel\n|\n|-weather|Sandstorm|[upkeep]\n|-heal|p1a: Hippowdon|198/311|[from] item: Leftovers\n|upkeep\n|\n|t:|1783547031\n|switch|p2a: Kricketune|Kricketune, L99, M|100/100\n|turn|14\n|inactive|Time left: 300 sec this turn | 300 sec total\n|\n|t:|1783547032\n|move|p2a: Kricketune|Sticky Web|p1a: Hippowdon\n|-sidestart|p1: p0x6805073|move: Sticky Web\n|move|p1a: Hippowdon|Stone Edge|p2a: Kricketune\n|-supereffective|p2a: Kricketune\n|-damage|p2a: Kricketune|43/100\n|\n|-weather|Sandstorm|[upkeep]\n|-damage|p2a: Kricketune|37/100|[from] Sandstorm\n|-heal|p1a: Hippowdon|217/311|[from] item: Leftovers\n|upkeep\n|turn|15\n|inactive|Time left: 300 sec this turn | 300 sec total\n|\n|t:|1783547033\n|-terastallize|p2a: Kricketune|Ghost\n|-terastallize|p1a: Hippowdon|Rock\n|move|p2a: Kricketune|Pounce|p1a: Hippowdon\n|-damage|p1a: Hippowdon|129/311\n|-unboost|p1a: Hippowdon|spe|1\n|move|p1a: Hippowdon|Stone Edge|p2a: Kricketune\n|-damage|p2a: Kricketune|0 fnt\n|faint|p2a: Kricketune\n|\n|-weather|none\n|-heal|p1a: Hippowdon|148/311|[from] item: Leftovers\n|upkeep\n|\n|t:|1783547033\n|switch|p2a: Hatterene|Hatterene, L85, F|10/100 brn\n|turn|16\n|inactive|Time left: 300 sec this turn | 300 sec total\n|\n|t:|1783547034\n|move|p2a: Hatterene|Nuzzle|p1a: Hippowdon\n|-damage|p1a: Hippowdon|142/311\n|-status|p1a: Hippowdon|par\n|cant|p1a: Hippowdon|par\n|\n|-heal|p1a: Hippowdon|161/311 par|[from] item: Leftovers\n|-damage|p2a: Hatterene|4/100 brn|[from] brn\n|upkeep\n|turn|17\n|inactive|Time left: 300 sec this turn | 300 sec total\n|\n|t:|1783547034\n|switch|p1a: Toucannon|Toucannon, L88, F|133/284\n|move|p2a: Hatterene|Draining Kiss|p1a: Toucannon\n|-damage|p1a: Toucannon|48/284\n|-heal|p2a: Hatterene|31/100 brn|[from] drain|[of] p1a: Toucannon\n|\n|-damage|p2a: Hatterene|25/100 brn|[from] brn\n|upkeep\n|turn|18\n|inactive|Time left: 300 sec this turn | 300 sec total\n|\n|t:|1783547035\n|move|p1a: Toucannon|Bullet Seed|p2a: Hatterene\n|-damage|p2a: Hatterene|16/100 brn\n|-damage|p2a: Hatterene|7/100 brn\n|-damage|p2a: Hatterene|0 fnt\n|faint|p2a: Hatterene\n|-hitcount|p2: Hatterene|3\n|\n|win|p0x6805073", "uploadtime": 1783547035, "views": 0, "rating": 0, "private": 0, "password": null, "_winner": "p0x6805073", "_our_name": "p0x6805073"}