{"id": "battle-gen9randombattle-1211", "formatid": "gen9randombattle", "format": "[Gen 9] Random Battle", "players": ["p0x1211c433", "p0y12110a81"], "log": "|init|battle\n|title|p0x1211c433 vs. p0y12110a81\n|j|\u2606p0x1211c433\n|j|\u2606p0y12110a81\n|t:|1783553150\n|gametype|singles\n|player|p1|p0x1211c433|170|\n|player|p2|p0y12110a81|1|\n|gen|9\n|tier|[Gen 9] Random Battle\n|rule|Species Clause: Limit one of each Pok\u00e9mon\n|rule|HP Percentage Mod: HP is shown in percentages\n|rule|Sleep Clause Mod: Limit one foe put to sleep\n|rule|Illusion Level Mod: Illusion disguises the Pok\u00e9mon's true level\n|\n|t:|1783553150\n|teamsize|p1|6\n|teamsize|p2|6\n|start\n|switch|p1a: Kyogre|Kyogre, L71|259/259\n|switch|p2a: Cobalion|Cobalion, L80|100/100\n|-weather|RainDance|[from] ability: Drizzle|[of] p1a: Kyogre\n|turn|1\n|inactive|Battle timer is ON: inactive players will automatically lose when time's up. (requested by p0x1211c433)\n|inactive|p0y12110a81 also wants the timer to be on.\n|\n|t:|1783553151\n|switch|p2a: Toxicroak|Toxicroak, L84, F|100/100\n|move|p1a: Kyogre|Origin Pulse|p2a: Toxicroak\n|-immune|p2a: Toxicroak|[from] ability: Dry Skin\n|\n|-weather|RainDance|[upkeep]\n|upkeep\n|turn|2\n|inactive|Time left: 300 sec this turn | 300 sec total\n|\n|t:|1783553152\n|move|p2a: Toxicroak|Gunk Shot|p1a: Kyogre\n|-damage|p1a: Kyogre|37/259\n|-damage|p2a: Toxicroak|91/100|[from] item: Life Orb\n|move|p1a: Kyogre|Thunder|p2a: Toxicroak\n|-damage|p2a: Toxicroak|55/100\n|-status|p2a: Toxicroak|par\n|\n|-weather|RainDance|[upkeep]\n|-heal|p2a: Toxicroak|67/100 par|[from] ability: Dry Skin\n|-heal|p1a: Kyogre|53/259|[from] item: Leftovers\n|upkeep\n|turn|3\n|inactive|Time left: 300 sec this turn | 300 sec total\n|\n|t:|1783553153\n|move|p1a: Kyogre|Thunder|p2a: Toxicroak\n|-damage|p2a: Toxicroak|29/100 par\n|move|p2a: Toxicroak|Gunk Shot|p1a: Kyogre\n|-damage|p1a: Kyogre|0 fnt\n|faint|p1a: Kyogre\n|-damage|p2a: Toxicroak|20/100 par|[from] item: Life Orb\n|\n|-weather|RainDance|[upkeep]\n|-heal|p2a: Toxicroak|32/100 par|[from] ability: Dry Skin\n|upkeep\n|inactive|Time left: 300 sec this turn | 300 sec total | 5 sec grace\n|\n|t:|1783553154\n|switch|p1a: Falinks|Falinks, L84|246/246\n|turn|4\n|inactive|Time left: 300 sec this turn | 300 sec total\n|\n|t:|1783553155\n|move|p1a: Falinks|No Retreat|p1a: Falinks\n|-boost|p1a: Falinks|atk|1\n|-boost|p1a: Falinks|def|1\n|-boost|p1a: Falinks|spa|1\n|-boost|p1a: Falinks|spd|1\n|-boost|p1a: Falinks|spe|1\n|-start|p1a: Falinks|move: No Retreat\n|move|p2a: Toxicroak|Gunk Shot|p1a: Falinks\n|-damage|p1a: Falinks|136/246\n|-damage|p2a: Toxicroak|22/100 par|[from] item: Life Orb\n|\n|-weather|RainDance|[upkeep]\n|-heal|p2a: Toxicroak|34/100 par|[from] ability: Dry Skin\n|upkeep\n|turn|5\n|inactive|Time left: 300 sec this turn | 300 sec total\n|\n|t:|1783553156\n|move|p1a: Falinks|Iron Head|p2a: Toxicroak\n|-damage|p2a: Toxicroak|0 fnt\n|faint|p2a: Toxicroak\n|-damage|p1a: Falinks|112/246|[from] item: Life Orb\n|\n|-weather|none\n|upkeep\n|\n|t:|1783553157\n|switch|p2a: Golurk|Golurk, L87|100/100\n|turn|6\n|inactive|Time left: 300 sec this turn | 300 sec total\n|\n|t:|1783553158\n|-terastallize|p2a: Golurk|Fighting\n|move|p1a: Falinks|Knock Off|p2a: Golurk\n|-resisted|p2a: Golurk\n|-damage|p2a: Golurk|75/100\n|-enditem|p2a: Golurk|Life Orb|[from] move: Knock Off|[of] p1a: Falinks\n|-damage|p1a: Falinks|88/246|[from] item: Life Orb\n|move|p2a: Golurk|Dynamic Punch|p1a: Falinks\n|-damage|p1a: Falinks|3/246\n|-start|p1a: Falinks|confusion\n|\n|upkeep\n|turn|7\n|inactive|Time left: 300 sec this turn | 300 sec total\n|\n|t:|1783553159\n|switch|p2a: Gengar|Gengar, L81, M|100/100\n|-activate|p1a: Falinks|confusion\n|-damage|p1a: Falinks|0 fnt|[from] confusion\n|faint|p1a: Falinks\n|\n|upkeep\n|inactive|Time left: 300 sec this turn | 300 sec total | 5 sec grace\n|\n|t:|1783553160\n|switch|p1a: Eelektross|Eelektross, L87, F|290/290\n|turn|8\n|inactive|Time left: 300 sec this turn | 300 sec total\n|\n|t:|1783553161\n|switch|p2a: Golurk|Golurk, L87, tera:Fighting|75/100\n|move|p1a: Eelektross|Discharge|p2a: Golurk\n|-damage|p2a: Golurk|43/100\n|-status|p2a: Golurk|par\n|\n|upkeep\n|turn|9\n|inactive|Time left: 300 sec this turn | 300 sec total\n|\n|t:|1783553162\n|move|p1a: Eelektross|Discharge|p2a: Golurk\n|-damage|p2a: Golurk|9/100 par\n|cant|p2a: Golurk|par\n|\n|upkeep\n|turn|10\n|inactive|Time left: 300 sec this turn | 300 sec total\n|\n|t:|1783553163\n|move|p1a: Eelektross|Discharge|p2a: Golurk\n|-damage|p2a: Golurk|0 fnt\n|faint|p2a: Golurk\n|\n|upkeep\n|\n|t:|1783553165\n|switch|p2a: Gumshoos|Gumshoos, L95, F|100/100\n|turn|11\n|inactive|Time left: 300 sec this turn | 300 sec total\n|\n|t:|1783553166\n|move|p2a: Gumshoos|Double-Edge|p1a: Eelektross\n|-damage|p1a: Eelektross|25/290\n|-damage|p2a: Gumshoos|73/100|[from] Recoil\n|move|p1a: Eelektross|Discharge|p2a: Gumshoos\n|-damage|p2a: Gumshoos|39/100\n|\n|upkeep\n|turn|12\n|inactive|Time left: 300 sec this turn | 300 sec total\n|\n|t:|1783553167\n|move|p2a: Gumshoos|Double-Edge|p1a: Eelektross\n|-damage|p1a: Eelektross|0 fnt\n|faint|p1a: Eelektross\n|-damage|p2a: Gumshoos|36/100|[from] Recoil\n|\n|upkeep\n|inactive|Time left: 300 sec this turn | 300 sec total | 5 sec grace\n|\n|t:|1783553168\n|switch|p1a: Furret|Furret, L94, F|312/312\n|-item|p2a: Gumshoos|Choice Band|[from] ability: Frisk|[of] p1a: Furret\n|turn|13\n|inactive|Time left: 300 sec this turn | 300 sec total\n|\n|t:|1783553169\n|switch|p2a: Cobalion|Cobalion, L80|100/100\n|move|p1a: Furret|Knock Off|p2a: Cobalion\n|-resisted|p2a: Cobalion\n|-damage|p2a: Cobalion|86/100\n|-ability|p2a: Cobalion|Justified|boost\n|-boost|p2a: Cobalion|atk|1\n|-enditem|p2a: Cobalion|Leftovers|[from] move: Knock Off|[of] p1a: Furret\n|\n|upkeep\n|turn|14\n|inactive|Time left: 300 sec this turn | 300 sec total\n|\n|t:|1783553170\n|switch|p1a: Alomomola|Alomomola, L87, M|429/429\n|move|p2a: Cobalion|Body Press|p1a: Alomomola\n|-damage|p1a: Alomomola|332/429\n|\n|upkeep\n|turn|15\n|inactive|Time left: 300 sec this turn | 300 sec total\n|\n|t:|1783553171\n|move|p2a: Cobalion|Iron Defense|p2a: Cobalion\n|-boost|p2a: Cobalion|def|2\n|move|p1a: Alomomola|Scald|p2a: Cobalion\n|-damage|p2a: Cobalion|65/100\n|\n|upkeep\n|turn|16\n|inactive|Time left: 300 sec this turn | 300 sec total\n|\n|t:|1783553172\n|move|p2a: Cobalion|Body Press|p1a: Alomomola\n|-crit|p1a: Alomomola\n|-damage|p1a: Alomomola|2/429\n|move|p1a: Alomomola|Scald|p2a: Cobalion\n|-damage|p2a: Cobalion|44/100\n|\n|upkeep\n|turn|17\n|inactive|Time left: 300 sec this turn | 300 sec total\n|\n|t:|1783553173\n|move|p1a: Alomomola|Protect|p1a: Alomomola\n|-singleturn|p1a: Alomomola|Protect\n|move|p2a: Cobalion|Body Press|p1a: Alomomola\n|-activate|p1a: Alomomola|move: Protect\n|\n|upkeep\n|turn|18\n|inactive|Time left: 300 sec this turn | 300 sec total\n|\n|t:|1783553174\n|move|p1a: Alomomola|Protect||[still]\n|-fail|p1a: Alomomola\n|move|p2a: Cobalion|Body Press|p1a: Alomomola\n|-damage|p1a: Alomomola|0 fnt\n|faint|p1a: Alomomola\n|\n|upkeep\n|inactive|Time left: 300 sec this turn | 300 sec total | 5 sec grace\n|\n|t:|1783553175\n|switch|p1a: Goodra|Goodra-Hisui, L82, F|265/265\n|turn|19\n|inactive|Time left: 300 sec this turn | 300 sec total\n|\n|t:|1783553176\n|-terastallize|p1a: Goodra|Flying\n|move|p2a: Cobalion|Body Press|p1a: Goodra\n|-resisted|p1a: Goodra\n|-damage|p1a: Goodra|180/265\n|move|p1a: Goodra|Earthquake|p2a: Cobalion\n|-supereffective|p2a: Cobalion\n|-damage|p2a: Cobalion|26/100\n|\n|upkeep\n|turn|20\n|inactive|Time left: 300 sec this turn | 300 sec total\n|\n|t:|1783553177\n|move|p2a: Cobalion|Iron Head|p1a: Goodra\n|-damage|p1a: Goodra|81/265\n|move|p1a: Goodra|Draco Meteor|p2a: Cobalion\n|-resisted|p2a: Cobalion\n|-damage|p2a: Cobalion|0 fnt\n|-unboost|p1a: Goodra|spa|2\n|faint|p2a: Cobalion\n|\n|upkeep\n|\n|t:|1783553178\n|switch|p2a: Cloyster|Cloyster, L80, M|100/100\n|turn|21\n|inactive|Time left: 300 sec this turn | 300 sec total\n|\n|t:|1783553179\n|move|p2a: Cloyster|Shell Smash|p2a: Cloyster\n|-unboost|p2a: Cloyster|def|1\n|-unboost|p2a: Cloyster|spd|1\n|-boost|p2a: Cloyster|atk|2\n|-boost|p2a: Cloyster|spa|2\n|-boost|p2a: Cloyster|spe|2\n|-enditem|p2a: Cloyster|White Herb\n|-clearnegativeboost|p2a: Cloyster|[silent]\n|move|p1a: Goodra|Draco Meteor|p2a: Cloyster|[miss]\n|-miss|p1a: Goodra|p2a: Cloyster\n|\n|upkeep\n|turn|22\n|inactive|Time left: 300 sec this turn | 300 sec total\n|\n|t:|1783553180\n|switch|p1a: Furret|Furret, L94, F|312/312\n|move|p2a: Cloyster|Icicle Spear|p1a: Furret\n|-damage|p1a: Furret|254/312\n|-damage|p1a: Furret|200/312\n|-damage|p1a: Furret|145/312\n|-crit|p1a: Furret\n|-damage|p1a: Furret|57/312\n|-damage|p1a: Furret|2/312\n|-hitcount|p1a: Furret|5\n|\n|upkeep\n|turn|23\n|inactive|Time left: 300 sec this turn | 300 sec total\n|\n|t:|1783553181\n|move|p2a: Cloyster|Icicle Spear|p1a: Furret\n|-damage|p1a: Furret|0 fnt\n|faint|p1a: Furret\n|-hitcount|p1: Furret|1\n|\n|upkeep\n|inactive|Time left: 300 sec this turn | 300 sec total | 5 sec grace\n|\n|t:|1783553182\n|switch|p1a: Goodra|Goodra-Hisui, L82, F, tera:Flying|81/265\n|turn|24\n|inactive|Time left: 300 sec this turn | 300 sec total\n|\n|t:|1783553183\n|move|p2a: Cloyster|Icicle Spear|p1a: Goodra\n|-supereffective|p1a: Goodra\n|-damage|p1a: Goodra|0 fnt\n|faint|p1a: Goodra\n|-hitcount|p1: Goodra|1\n|\n|win|p0y12110a81", "uploadtime": 1783553183, "views": 0, "rating": 0, "private": 0, "password": null, "_winner": "p0y12110a81", "_our_name": "p0x1211c433"}