{"id": "battle-gen9randombattle-1367", "formatid": "gen9randombattle", "format": "[Gen 9] Random Battle", "players": ["p0x13675f68", "p0y13676f13"], "log": "|init|battle\n|title|p0x13675f68 vs. p0y13676f13\n|j|\u2606p0x13675f68\n|j|\u2606p0y13676f13\n|t:|1783555879\n|gametype|singles\n|player|p1|p0x13675f68|169|\n|player|p2|p0y13676f13|1|\n|gen|9\n|tier|[Gen 9] Random Battle\n|rule|Species Clause: Limit one of each Pok\u00e9mon\n|rule|HP Percentage Mod: HP is shown in percentages\n|rule|Sleep Clause Mod: Limit one foe put to sleep\n|rule|Illusion Level Mod: Illusion disguises the Pok\u00e9mon's true level\n|\n|t:|1783555879\n|teamsize|p1|6\n|teamsize|p2|6\n|start\n|switch|p1a: Torterra|Torterra, L78, M|100/100\n|switch|p2a: Feraligatr|Feraligatr, L79, M|264/264\n|turn|1\n|inactive|Battle timer is ON: inactive players will automatically lose when time's up. (requested by p0x13675f68)\n|inactive|Time left: 300 sec this turn | 300 sec total | 60 sec grace\n|inactive|p0y13676f13 also wants the timer to be on.\n|\n|t:|1783555880\n|-terastallize|p1a: Torterra|Water\n|move|p2a: Feraligatr|Ice Punch|p1a: Torterra\n|-resisted|p1a: Torterra\n|-damage|p1a: Torterra|87/100\n|move|p1a: Torterra|Shell Smash|p1a: Torterra\n|-unboost|p1a: Torterra|def|1\n|-unboost|p1a: Torterra|spd|1\n|-boost|p1a: Torterra|atk|2\n|-boost|p1a: Torterra|spa|2\n|-boost|p1a: Torterra|spe|2\n|\n|upkeep\n|turn|2\n|inactive|Time left: 300 sec this turn | 300 sec total\n|\n|t:|1783555881\n|switch|p2a: Shaymin|Shaymin-Sky, L73|266/266\n|move|p1a: Torterra|Bullet Seed|p2a: Shaymin\n|-resisted|p2a: Shaymin\n|-crit|p2a: Shaymin\n|-damage|p2a: Shaymin|242/266\n|-resisted|p2a: Shaymin\n|-damage|p2a: Shaymin|227/266\n|-resisted|p2a: Shaymin\n|-damage|p2a: Shaymin|210/266\n|-resisted|p2a: Shaymin\n|-damage|p2a: Shaymin|194/266\n|-hitcount|p2a: Shaymin|4\n|\n|upkeep\n|turn|3\n|inactive|Time left: 300 sec this turn | 300 sec total\n|\n|t:|1783555882\n|move|p1a: Torterra|Rock Blast|p2a: Shaymin\n|-supereffective|p2a: Shaymin\n|-damage|p2a: Shaymin|110/266\n|-supereffective|p2a: Shaymin\n|-crit|p2a: Shaymin\n|-damage|p2a: Shaymin|0 fnt\n|faint|p2a: Shaymin\n|-hitcount|p2: Shaymin|2\n|\n|upkeep\n|inactive|Time left: 300 sec this turn | 300 sec total | 5 sec grace\n|\n|t:|1783555883\n|switch|p2a: Electrode|Electrode, L92|260/260\n|turn|4\n|inactive|Time left: 300 sec this turn | 300 sec total\n|\n|t:|1783555884\n|move|p2a: Electrode|Thunderbolt|p1a: Torterra\n|-supereffective|p1a: Torterra\n|-damage|p1a: Torterra|0 fnt\n|faint|p1a: Torterra\n|-damage|p2a: Electrode|234/260|[from] item: Life Orb\n|\n|upkeep\n|\n|t:|1783555885\n|switch|p1a: Swalot|Swalot, L90, F|100/100\n|turn|5\n|inactive|Time left: 300 sec this turn | 300 sec total\n|\n|t:|1783555886\n|move|p2a: Electrode|Volt Switch|p1a: Swalot\n|-damage|p1a: Swalot|69/100\n|-damage|p2a: Electrode|208/260|[from] item: Life Orb\n|inactive|Time left: 300 sec this turn | 300 sec total | 5 sec grace\n|\n|t:|1783555888\n|switch|p2a: Feraligatr|Feraligatr, L79, M|264/264|[from] Volt Switch\n|move|p1a: Swalot|Swords Dance|p1a: Swalot\n|-boost|p1a: Swalot|atk|2\n|\n|-heal|p1a: Swalot|75/100|[from] item: Leftovers\n|upkeep\n|turn|6\n|inactive|Time left: 300 sec this turn | 300 sec total\n|\n|t:|1783555889\n|move|p2a: Feraligatr|Liquidation|p1a: Swalot\n|-damage|p1a: Swalot|32/100\n|move|p1a: Swalot|Gunk Shot|p2a: Feraligatr|[miss]\n|-miss|p1a: Swalot|p2a: Feraligatr\n|\n|-heal|p1a: Swalot|38/100|[from] item: Leftovers\n|upkeep\n|turn|7\n|inactive|Time left: 300 sec this turn | 300 sec total\n|\n|t:|1783555890\n|move|p2a: Feraligatr|Liquidation|p1a: Swalot\n|-damage|p1a: Swalot|0 fnt\n|faint|p1a: Swalot\n|\n|upkeep\n|\n|t:|1783555891\n|switch|p1a: Mesprit|Mesprit, L85|100/100\n|turn|8\n|inactive|Time left: 300 sec this turn | 300 sec total\n|\n|t:|1783555892\n|move|p1a: Mesprit|Thunderbolt|p2a: Feraligatr\n|-supereffective|p2a: Feraligatr\n|-damage|p2a: Feraligatr|104/264\n|move|p2a: Feraligatr|Dragon Dance|p2a: Feraligatr\n|-boost|p2a: Feraligatr|atk|1\n|-boost|p2a: Feraligatr|spe|1\n|\n|upkeep\n|turn|9\n|inactive|Time left: 300 sec this turn | 300 sec total\n|\n|t:|1783555893\n|move|p2a: Feraligatr|Crunch|p1a: Mesprit\n|-supereffective|p1a: Mesprit\n|-damage|p1a: Mesprit|22/100\n|move|p1a: Mesprit|Thunderbolt|p2a: Feraligatr\n|-supereffective|p2a: Feraligatr\n|-damage|p2a: Feraligatr|0 fnt\n|faint|p2a: Feraligatr\n|\n|upkeep\n|inactive|Time left: 300 sec this turn | 300 sec total | 5 sec grace\n|\n|t:|1783555895\n|switch|p2a: Flutter Mane|Flutter Mane, L74|203/203\n|turn|10\n|inactive|Time left: 300 sec this turn | 300 sec total\n|\n|t:|1783555896\n|move|p2a: Flutter Mane|Moonblast|p1a: Mesprit\n|-damage|p1a: Mesprit|0 fnt\n|faint|p1a: Mesprit\n|\n|upkeep\n|\n|t:|1783555897\n|switch|p1a: Iron Crown|Iron Crown, L78|100/100\n|turn|11\n|inactive|Time left: 300 sec this turn | 300 sec total\n|\n|t:|1783555898\n|-end|p2a: Flutter Mane|Protosynthesis|[silent]\n|switch|p2a: Tauros|Tauros, L82, M|257/257\n|move|p1a: Iron Crown|Tachyon Cutter|p2a: Tauros\n|-damage|p2a: Tauros|185/257\n|-damage|p2a: Tauros|122/257\n|-hitcount|p2a: Tauros|2\n|\n|upkeep\n|turn|12\n|inactive|Time left: 300 sec this turn | 300 sec total\n|\n|t:|1783555899\n|move|p2a: Tauros|Throat Chop|p1a: Iron Crown\n|-supereffective|p1a: Iron Crown\n|-damage|p1a: Iron Crown|28/100\n|move|p1a: Iron Crown|Tachyon Cutter|p2a: Tauros\n|-damage|p2a: Tauros|59/257\n|-damage|p2a: Tauros|0 fnt\n|faint|p2a: Tauros\n|-hitcount|p2: Tauros|2\n|\n|-heal|p1a: Iron Crown|34/100|[from] item: Leftovers\n|upkeep\n|inactive|Time left: 300 sec this turn | 300 sec total | 5 sec grace\n|\n|t:|1783555900\n|switch|p2a: Electrode|Electrode, L92|208/260\n|turn|13\n|inactive|Time left: 300 sec this turn | 300 sec total\n|\n|t:|1783555901\n|-end|p1a: Iron Crown|Quark Drive|[silent]\n|switch|p1a: Giratina|Giratina-Origin, L72|100/100\n|move|p2a: Electrode|Thunderbolt|p1a: Giratina\n|-resisted|p1a: Giratina\n|-damage|p1a: Giratina|81/100\n|-damage|p2a: Electrode|182/260|[from] item: Life Orb\n|\n|upkeep\n|turn|14\n|inactive|Time left: 300 sec this turn | 300 sec total\n|\n|t:|1783555902\n|-terastallize|p2a: Electrode|Ice\n|move|p2a: Electrode|Tera Blast|p1a: Giratina|[anim] Tera Blast Ice\n|-supereffective|p1a: Giratina\n|-damage|p1a: Giratina|12/100\n|-damage|p2a: Electrode|156/260|[from] item: Life Orb\n|move|p1a: Giratina|Poltergeist|p2a: Electrode\n|-activate|p2a: Electrode|move: Poltergeist|Life Orb\n|-damage|p2a: Electrode|35/260\n|\n|upkeep\n|turn|15\n|inactive|Time left: 300 sec this turn | 300 sec total\n|\n|t:|1783555903\n|switch|p2a: Comfey|Comfey, L85, M|225/225\n|move|p1a: Giratina|Shadow Sneak|p2a: Comfey\n|-damage|p2a: Comfey|183/225\n|\n|-heal|p2a: Comfey|197/225|[from] item: Leftovers\n|upkeep\n|turn|16\n|inactive|Time left: 300 sec this turn | 300 sec total\n|\n|t:|1783555904\n|move|p2a: Comfey|Calm Mind|p2a: Comfey\n|-boost|p2a: Comfey|spa|1\n|-boost|p2a: Comfey|spd|1\n|move|p1a: Giratina|Poltergeist|p2a: Comfey\n|-activate|p2a: Comfey|move: Poltergeist|Leftovers\n|-damage|p2a: Comfey|73/225\n|\n|-heal|p2a: Comfey|87/225|[from] item: Leftovers\n|upkeep\n|turn|17\n|inactive|Time left: 300 sec this turn | 300 sec total\n|\n|t:|1783555905\n|switch|p1a: Iron Crown|Iron Crown, L78|34/100\n|move|p2a: Comfey|Draining Kiss|p1a: Iron Crown\n|-resisted|p1a: Iron Crown\n|-damage|p1a: Iron Crown|21/100\n|-heal|p2a: Comfey|113/225|[from] drain|[of] p1a: Iron Crown\n|\n|-heal|p2a: Comfey|127/225|[from] item: Leftovers\n|-heal|p1a: Iron Crown|27/100|[from] item: Leftovers\n|upkeep\n|turn|18\n|inactive|Time left: 300 sec this turn | 300 sec total\n|\n|t:|1783555906\n|switch|p2a: Electrode|Electrode, L92, tera:Ice|35/260\n|move|p1a: Iron Crown|Tachyon Cutter|p2a: Electrode\n|-supereffective|p2a: Electrode\n|-damage|p2a: Electrode|0 fnt\n|faint|p2a: Electrode\n|-hitcount|p2: Electrode|1\n|\n|-heal|p1a: Iron Crown|33/100|[from] item: Leftovers\n|upkeep\n|inactive|Time left: 300 sec this turn | 300 sec total | 5 sec grace\n|\n|t:|1783555907\n|switch|p2a: Flutter Mane|Flutter Mane, L74|203/203\n|turn|19\n|inactive|Time left: 300 sec this turn | 300 sec total\n|\n|t:|1783555908\n|move|p2a: Flutter Mane|Shadow Ball|p1a: Iron Crown\n|-supereffective|p1a: Iron Crown\n|-damage|p1a: Iron Crown|0 fnt\n|faint|p1a: Iron Crown\n|-end|p1a: Iron Crown|Quark Drive|[silent]\n|\n|upkeep\n|\n|t:|1783555909\n|switch|p1a: Inteleon|Inteleon, L81, M|100/100\n|turn|20\n|inactive|Time left: 300 sec this turn | 300 sec total\n|\n|t:|1783555910\n|move|p2a: Flutter Mane|Shadow Ball|p1a: Inteleon\n|-damage|p1a: Inteleon|38/100\n|move|p1a: Inteleon|Hydro Pump|p2a: Flutter Mane\n|-damage|p2a: Flutter Mane|40/203\n|\n|upkeep\n|turn|21\n|inactive|Time left: 300 sec this turn | 300 sec total\n|\n|t:|1783555911\n|move|p2a: Flutter Mane|Shadow Ball|p1a: Inteleon\n|-damage|p1a: Inteleon|0 fnt\n|faint|p1a: Inteleon\n|\n|upkeep\n|\n|t:|1783555912\n|switch|p1a: Giratina|Giratina-Origin, L72|12/100\n|turn|22\n|inactive|Time left: 300 sec this turn | 300 sec total\n|\n|t:|1783555913\n|move|p1a: Giratina|Shadow Sneak|p2a: Flutter Mane\n|-supereffective|p2a: Flutter Mane\n|-damage|p2a: Flutter Mane|0 fnt\n|faint|p2a: Flutter Mane\n|-end|p2a: Flutter Mane|Protosynthesis|[silent]\n|\n|upkeep\n|inactive|Time left: 300 sec this turn | 300 sec total | 5 sec grace\n|\n|t:|1783555914\n|switch|p2a: Comfey|Comfey, L85, M|127/225\n|turn|23\n|inactive|Time left: 300 sec this turn | 300 sec total\n|\n|t:|1783555915\n|move|p2a: Comfey|Draining Kiss|p1a: Giratina\n|-supereffective|p1a: Giratina\n|-damage|p1a: Giratina|0 fnt\n|-heal|p2a: Comfey|155/225|[from] drain|[of] p1a: Giratina\n|faint|p1a: Giratina\n|\n|win|p0y13676f13", "uploadtime": 1783555915, "views": 0, "rating": 0, "private": 0, "password": null, "_winner": "p0y13676f13", "_our_name": "p0y13676f13"}