{"id": "battle-gen9randombattle-1457", "formatid": "gen9randombattle", "format": "[Gen 9] Random Battle", "players": ["p0x14574ba0", "p0y145794ff"], "log": "|init|battle\n|title|p0x14574ba0 vs. p0y145794ff\n|j|\u2606p0x14574ba0\n|j|\u2606p0y145794ff\n|t:|1783556954\n|gametype|singles\n|player|p1|p0x14574ba0|169|\n|player|p2|p0y145794ff|169|\n|gen|9\n|tier|[Gen 9] Random Battle\n|rule|Species Clause: Limit one of each Pok\u00e9mon\n|rule|HP Percentage Mod: HP is shown in percentages\n|rule|Sleep Clause Mod: Limit one foe put to sleep\n|rule|Illusion Level Mod: Illusion disguises the Pok\u00e9mon's true level\n|\n|t:|1783556954\n|teamsize|p1|6\n|teamsize|p2|6\n|start\n|switch|p1a: Sneasler|Sneasler, L74, F|240/240\n|switch|p2a: Dedenne|Dedenne, L88, M|100/100\n|turn|1\n|inactive|Battle timer is ON: inactive players will automatically lose when time's up. (requested by p0x14574ba0)\n|inactive|p0y145794ff also wants the timer to be on.\n|\n|t:|1783556956\n|move|p2a: Dedenne|Thunderbolt|p1a: Sneasler\n|-damage|p1a: Sneasler|137/240\n|move|p1a: Sneasler|Dire Claw|p2a: Dedenne\n|-supereffective|p2a: Dedenne\n|-damage|p2a: Dedenne|10/100\n|-status|p2a: Dedenne|slp\n|-enditem|p2a: Dedenne|Sitrus Berry|[eat]\n|-heal|p2a: Dedenne|35/100 slp|[from] item: Sitrus Berry\n|-heal|p2a: Dedenne|68/100 slp|[from] ability: Cheek Pouch\n|\n|upkeep\n|turn|2\n|inactive|Time left: 300 sec this turn | 300 sec total\n|\n|t:|1783556957\n|switch|p2a: Magearna|Magearna, L77|100/100\n|move|p1a: Sneasler|Dire Claw|p2a: Magearna\n|-immune|p2a: Magearna\n|\n|upkeep\n|turn|3\n|inactive|Time left: 300 sec this turn | 300 sec total\n|\n|t:|1783556959\n|move|p1a: Sneasler|Swords Dance|p1a: Sneasler\n|-boost|p1a: Sneasler|atk|2\n|move|p2a: Magearna|Shift Gear|p2a: Magearna\n|-boost|p2a: Magearna|spe|2\n|-boost|p2a: Magearna|atk|1\n|\n|upkeep\n|turn|4\n|inactive|Time left: 300 sec this turn | 300 sec total\n|\n|t:|1783556960\n|switch|p1a: Blissey|Blissey, L85, F|572/572\n|move|p2a: Magearna|Fleur Cannon|p1a: Blissey\n|-damage|p1a: Blissey|467/572\n|-unboost|p2a: Magearna|spa|2\n|\n|-heal|p1a: Blissey|502/572|[from] item: Leftovers\n|upkeep\n|turn|5\n|inactive|Time left: 300 sec this turn | 300 sec total\n|\n|t:|1783556961\n|move|p2a: Magearna|Calm Mind|p2a: Magearna\n|-boost|p2a: Magearna|spa|1\n|-boost|p2a: Magearna|spd|1\n|move|p1a: Blissey|Seismic Toss|p2a: Magearna\n|-damage|p2a: Magearna|66/100\n|\n|-heal|p2a: Magearna|72/100|[from] item: Leftovers\n|-heal|p1a: Blissey|537/572|[from] item: Leftovers\n|upkeep\n|turn|6\n|inactive|Time left: 300 sec this turn | 300 sec total\n|\n|t:|1783556962\n|move|p2a: Magearna|Shift Gear|p2a: Magearna\n|-boost|p2a: Magearna|spe|2\n|-boost|p2a: Magearna|atk|1\n|move|p1a: Blissey|Seismic Toss|p2a: Magearna\n|-damage|p2a: Magearna|38/100\n|\n|-heal|p2a: Magearna|44/100|[from] item: Leftovers\n|-heal|p1a: Blissey|572/572|[from] item: Leftovers\n|upkeep\n|turn|7\n|inactive|Time left: 300 sec this turn | 300 sec total\n|\n|t:|1783556964\n|move|p2a: Magearna|Calm Mind|p2a: Magearna\n|-boost|p2a: Magearna|spa|1\n|-boost|p2a: Magearna|spd|1\n|move|p1a: Blissey|Seismic Toss|p2a: Magearna\n|-damage|p2a: Magearna|10/100\n|\n|-heal|p2a: Magearna|16/100|[from] item: Leftovers\n|upkeep\n|turn|8\n|inactive|Time left: 300 sec this turn | 300 sec total\n|\n|t:|1783556965\n|move|p2a: Magearna|Calm Mind|p2a: Magearna\n|-boost|p2a: Magearna|spa|1\n|-boost|p2a: Magearna|spd|1\n|move|p1a: Blissey|Seismic Toss|p2a: Magearna\n|-damage|p2a: Magearna|0 fnt\n|faint|p2a: Magearna\n|\n|upkeep\n|\n|t:|1783556966\n|switch|p2a: Squawkabilly|Squawkabilly-White, L89, F|100/100\n|turn|9\n|inactive|Time left: 300 sec this turn | 300 sec total\n|\n|t:|1783556967\n|switch|p1a: Beartic|Beartic, L91, F|321/321\n|move|p2a: Squawkabilly|Brave Bird|p1a: Beartic\n|-damage|p1a: Beartic|105/321\n|-damage|p2a: Squawkabilly|76/100|[from] Recoil\n|\n|upkeep\n|turn|10\n|inactive|Time left: 300 sec this turn | 300 sec total\n|\n|t:|1783556968\n|move|p2a: Squawkabilly|Double-Edge|p1a: Beartic\n|-crit|p1a: Beartic\n|-damage|p1a: Beartic|0 fnt\n|faint|p1a: Beartic\n|-damage|p2a: Squawkabilly|64/100|[from] Recoil\n|\n|upkeep\n|inactive|Time left: 300 sec this turn | 300 sec total | 5 sec grace\n|\n|t:|1783556969\n|switch|p1a: Kingdra|Kingdra, L84, F|263/263\n|turn|11\n|inactive|Time left: 300 sec this turn | 300 sec total\n|\n|t:|1783556970\n|move|p2a: Squawkabilly|Parting Shot|p1a: Kingdra\n|-unboost|p1a: Kingdra|atk|1\n|-unboost|p1a: Kingdra|spa|1\n|\n|t:|1783556971\n|switch|p2a: Pelipper|Pelipper, L86, M|100/100|[from] Parting Shot\n|-weather|RainDance|[from] ability: Drizzle|[of] p2a: Pelipper\n|move|p1a: Kingdra|Dragon Dance|p1a: Kingdra\n|-boost|p1a: Kingdra|atk|1\n|-boost|p1a: Kingdra|spe|1\n|\n|-weather|RainDance|[upkeep]\n|upkeep\n|turn|12\n|inactive|Time left: 300 sec this turn | 300 sec total\n|\n|t:|1783556972\n|move|p1a: Kingdra|Outrage|p2a: Pelipper\n|-damage|p2a: Pelipper|54/100\n|move|p2a: Pelipper|Hurricane|p1a: Kingdra\n|-damage|p1a: Kingdra|148/263\n|-start|p1a: Kingdra|confusion\n|-enditem|p1a: Kingdra|Lum Berry|[eat]\n|-end|p1a: Kingdra|confusion\n|\n|-weather|RainDance|[upkeep]\n|upkeep\n|turn|13\n|inactive|Time left: 300 sec this turn | 300 sec total\n|\n|t:|1783556973\n|move|p1a: Kingdra|Outrage|p2a: Pelipper|[from] lockedmove\n|-damage|p2a: Pelipper|9/100\n|-start|p1a: Kingdra|confusion|[fatigue]\n|move|p2a: Pelipper|Roost|p2a: Pelipper\n|-heal|p2a: Pelipper|59/100\n|-singleturn|p2a: Pelipper|move: Roost\n|\n|-weather|RainDance|[upkeep]\n|upkeep\n|turn|14\n|inactive|Time left: 300 sec this turn | 300 sec total\n|\n|t:|1783556974\n|-activate|p1a: Kingdra|confusion\n|move|p1a: Kingdra|Outrage|p2a: Pelipper\n|-damage|p2a: Pelipper|14/100\n|move|p2a: Pelipper|Roost|p2a: Pelipper\n|-heal|p2a: Pelipper|65/100\n|-singleturn|p2a: Pelipper|move: Roost\n|\n|-weather|RainDance|[upkeep]\n|upkeep\n|turn|15\n|inactive|Time left: 300 sec this turn | 300 sec total\n|\n|t:|1783556975\n|-activate|p1a: Kingdra|confusion\n|move|p1a: Kingdra|Outrage|p2a: Pelipper|[from] lockedmove\n|-crit|p2a: Pelipper\n|-damage|p2a: Pelipper|0 fnt\n|faint|p2a: Pelipper\n|\n|-weather|none\n|upkeep\n|\n|t:|1783556976\n|switch|p2a: Lokix|Lokix, L82, F|100/100\n|turn|16\n|inactive|Time left: 300 sec this turn | 300 sec total\n|\n|t:|1783556977\n|-activate|p1a: Kingdra|confusion\n|move|p1a: Kingdra|Outrage|p2a: Lokix\n|-damage|p2a: Lokix|47/100\n|move|p2a: Lokix|Leech Life|p1a: Kingdra\n|-damage|p1a: Kingdra|45/263\n|-heal|p2a: Lokix|67/100|[from] drain|[of] p1a: Kingdra\n|-damage|p2a: Lokix|57/100|[from] item: Life Orb\n|\n|upkeep\n|turn|17\n|inactive|Time left: 300 sec this turn | 300 sec total\n|\n|t:|1783556978\n|move|p2a: Lokix|Sucker Punch|p1a: Kingdra\n|-damage|p1a: Kingdra|0 fnt\n|faint|p1a: Kingdra\n|-damage|p2a: Lokix|48/100|[from] item: Life Orb\n|\n|upkeep\n|inactive|Time left: 300 sec this turn | 300 sec total | 5 sec grace\n|\n|t:|1783556978\n|switch|p1a: Darkrai|Darkrai, L77|234/234\n|turn|18\n|inactive|Time left: 300 sec this turn | 300 sec total\n|\n|t:|1783556979\n|switch|p2a: Dragalge|Dragalge, L88, F|100/100\n|-terastallize|p1a: Darkrai|Poison\n|move|p1a: Darkrai|Sludge Bomb|p2a: Dragalge\n|-resisted|p2a: Dragalge\n|-damage|p2a: Dragalge|86/100\n|\n|upkeep\n|turn|19\n|inactive|Time left: 300 sec this turn | 300 sec total\n|\n|t:|1783556980\n|move|p1a: Darkrai|Substitute|p1a: Darkrai\n|-start|p1a: Darkrai|Substitute\n|-damage|p1a: Darkrai|176/234\n|move|p2a: Dragalge|Draco Meteor|p1a: Darkrai\n|-end|p1a: Darkrai|Substitute\n|-unboost|p2a: Dragalge|spa|2\n|\n|-heal|p1a: Darkrai|190/234|[from] item: Leftovers\n|upkeep\n|turn|20\n|inactive|Time left: 300 sec this turn | 300 sec total\n|\n|t:|1783556981\n|move|p1a: Darkrai|Dark Pulse|p2a: Dragalge\n|-damage|p2a: Dragalge|58/100\n|move|p2a: Dragalge|Draco Meteor|p1a: Darkrai|[miss]\n|-miss|p2a: Dragalge|p1a: Darkrai\n|\n|-heal|p1a: Darkrai|204/234|[from] item: Leftovers\n|upkeep\n|turn|21\n|inactive|Time left: 300 sec this turn | 300 sec total\n|\n|t:|1783556982\n|move|p1a: Darkrai|Substitute|p1a: Darkrai\n|-start|p1a: Darkrai|Substitute\n|-damage|p1a: Darkrai|146/234\n|move|p2a: Dragalge|Draco Meteor|p1a: Darkrai\n|-end|p1a: Darkrai|Substitute\n|-unboost|p2a: Dragalge|spa|2\n|\n|-heal|p1a: Darkrai|160/234|[from] item: Leftovers\n|upkeep\n|turn|22\n|inactive|Time left: 300 sec this turn | 300 sec total\n|\n|t:|1783556983\n|move|p1a: Darkrai|Nasty Plot|p1a: Darkrai\n|-boost|p1a: Darkrai|spa|2\n|move|p2a: Dragalge|Draco Meteor|p1a: Darkrai\n|-damage|p1a: Darkrai|46/234\n|-unboost|p2a: Dragalge|spa|2\n|\n|-heal|p1a: Darkrai|60/234|[from] item: Leftovers\n|upkeep\n|turn|23\n|inactive|Time left: 300 sec this turn | 300 sec total\n|\n|t:|1783556984\n|move|p1a: Darkrai|Dark Pulse|p2a: Dragalge\n|-damage|p2a: Dragalge|9/100\n|cant|p2a: Dragalge|flinch\n|\n|-heal|p1a: Darkrai|74/234|[from] item: Leftovers\n|upkeep\n|turn|24\n|inactive|Time left: 300 sec this turn | 300 sec total\n|\n|t:|1783556985\n|move|p1a: Darkrai|Dark Pulse|p2a: Dragalge\n|-damage|p2a: Dragalge|0 fnt\n|faint|p2a: Dragalge\n|\n|-heal|p1a: Darkrai|88/234|[from] item: Leftovers\n|upkeep\n|\n|t:|1783556986\n|switch|p2a: Lokix|Lokix, L82, F|48/100\n|turn|25\n|inactive|Time left: 300 sec this turn | 300 sec total\n|\n|t:|1783556987\n|move|p2a: Lokix|First Impression|p1a: Darkrai\n|-resisted|p1a: Darkrai\n|-damage|p1a: Darkrai|0 fnt\n|faint|p1a: Darkrai\n|-damage|p2a: Lokix|38/100|[from] item: Life Orb\n|\n|upkeep\n|inactive|Time left: 300 sec this turn | 300 sec total | 5 sec grace\n|\n|t:|1783556987\n|switch|p1a: Sneasler|Sneasler, L74, F|137/240\n|turn|26\n|inactive|Time left: 300 sec this turn | 300 sec total\n|\n|t:|1783556988\n|move|p2a: Lokix|Sucker Punch|p1a: Sneasler\n|-resisted|p1a: Sneasler\n|-damage|p1a: Sneasler|4/240\n|-damage|p2a: Lokix|28/100|[from] item: Life Orb\n|move|p1a: Sneasler|Dire Claw|p2a: Lokix\n|-damage|p2a: Lokix|0 fnt\n|faint|p2a: Lokix\n|\n|upkeep\n|\n|t:|1783556989\n|switch|p2a: Squawkabilly|Squawkabilly-White, L89, F|64/100\n|turn|27\n|inactive|Time left: 300 sec this turn | 300 sec total\n|\n|t:|1783556990\n|move|p2a: Squawkabilly|Quick Attack|p1a: Sneasler\n|-damage|p1a: Sneasler|0 fnt\n|faint|p1a: Sneasler\n|\n|upkeep\n|inactive|Time left: 300 sec this turn | 300 sec total | 5 sec grace\n|\n|t:|1783556991\n|switch|p1a: Breloom|Breloom, L83, M|235/235\n|turn|28\n|inactive|Time left: 300 sec this turn | 300 sec total\n|\n|t:|1783556992\n|switch|p1a: Blissey|Blissey, L85, F|572/572\n|move|p2a: Squawkabilly|Double-Edge|p1a: Blissey\n|-damage|p1a: Blissey|0 fnt\n|faint|p1a: Blissey\n|-damage|p2a: Squawkabilly|0 fnt|[from] Recoil\n|faint|p2a: Squawkabilly\n|\n|upkeep\n|inactive|Time left: 300 sec this turn | 300 sec total | 5 sec grace\n|\n|t:|1783556994\n|switch|p2a: Dedenne|Dedenne, L88, M|68/100 slp\n|switch|p1a: Breloom|Breloom, L83, M|235/235\n|turn|29\n|inactive|Time left: 300 sec this turn | 300 sec total\n|\n|t:|1783556995\n|-terastallize|p2a: Dedenne|Flying\n|cant|p2a: Dedenne|slp\n|move|p1a: Breloom|Bullet Seed|p2a: Dedenne\n|-resisted|p2a: Dedenne\n|-damage|p2a: Dedenne|53/100 slp\n|-resisted|p2a: Dedenne\n|-damage|p2a: Dedenne|37/100 slp\n|-hitcount|p2a: Dedenne|2\n|-damage|p1a: Breloom|212/235|[from] item: Life Orb\n|\n|upkeep\n|turn|30\n|inactive|Time left: 300 sec this turn | 300 sec total\n|\n|t:|1783556995\n|move|p1a: Breloom|Mach Punch|p2a: Dedenne\n|-resisted|p2a: Dedenne\n|-damage|p2a: Dedenne|13/100 slp\n|-damage|p1a: Breloom|189/235|[from] item: Life Orb\n|cant|p2a: Dedenne|slp\n|\n|upkeep\n|turn|31\n|inactive|Time left: 300 sec this turn | 300 sec total\n|\n|t:|1783556996\n|move|p1a: Breloom|Mach Punch|p2a: Dedenne\n|-resisted|p2a: Dedenne\n|-damage|p2a: Dedenne|0 fnt\n|faint|p2a: Dedenne\n|-damage|p1a: Breloom|166/235|[from] item: Life Orb\n|\n|win|p0x14574ba0", "uploadtime": 1783556996, "views": 0, "rating": 0, "private": 0, "password": null, "_winner": "p0x14574ba0", "_our_name": "p0x14574ba0"}