{"id": "battle-gen9randombattle-7", "formatid": "gen9randombattle", "format": "[Gen 9] Random Battle", "players": ["p0x0076319", "p0y007e9e3"], "log": "|init|battle\n|title|p0x0076319 vs. p0y007e9e3\n|j|\u2606p0x0076319\n|j|\u2606p0y007e9e3\n|t:|1783539502\n|gametype|singles\n|player|p1|p0x0076319|101|\n|player|p2|p0y007e9e3|1|\n|gen|9\n|tier|[Gen 9] Random Battle\n|rule|Species Clause: Limit one of each Pok\u00e9mon\n|rule|HP Percentage Mod: HP is shown in percentages\n|rule|Sleep Clause Mod: Limit one foe put to sleep\n|rule|Illusion Level Mod: Illusion disguises the Pok\u00e9mon's true level\n|\n|t:|1783539502\n|teamsize|p1|6\n|teamsize|p2|6\n|start\n|switch|p1a: Seviper|Seviper, L93, F|100/100\n|switch|p2a: Amoonguss|Amoonguss, L82, M|321/321\n|turn|1\n|inactive|Battle timer is ON: inactive players will automatically lose when time's up. (requested by p0y007e9e3)\n|inactive|p0x0076319 also wants the timer to be on.\n|\n|t:|1783539503\n|move|p1a: Seviper|Swords Dance|p1a: Seviper\n|-boost|p1a: Seviper|atk|2\n|move|p2a: Amoonguss|Spore|p1a: Seviper\n|-status|p1a: Seviper|slp|[from] move: Spore\n|\n|-activate|p1a: Seviper|ability: Shed Skin\n|-curestatus|p1a: Seviper|slp|[msg]\n|upkeep\n|turn|2\n|inactive|Time left: 300 sec this turn | 300 sec total\n|\n|t:|1783539504\n|move|p1a: Seviper|Gunk Shot|p2a: Amoonguss\n|-damage|p2a: Amoonguss|0 fnt\n|faint|p2a: Amoonguss\n|\n|upkeep\n|inactive|Time left: 300 sec this turn | 300 sec total | 5 sec grace\n|\n|t:|1783539505\n|switch|p2a: Crabominable|Crabominable, L90, M|321/321\n|turn|3\n|inactive|Time left: 300 sec this turn | 300 sec total\n|\n|t:|1783539507\n|move|p1a: Seviper|Gunk Shot|p2a: Crabominable\n|-damage|p2a: Crabominable|0 fnt\n|faint|p2a: Crabominable\n|\n|upkeep\n|inactive|Time left: 300 sec this turn | 300 sec total | 5 sec grace\n|\n|t:|1783539508\n|switch|p2a: Quaquaval|Quaquaval, L79, F|264/264\n|turn|4\n|inactive|Time left: 300 sec this turn | 300 sec total\n|\n|t:|1783539510\n|move|p2a: Quaquaval|Aqua Step|p1a: Seviper\n|-damage|p1a: Seviper|44/100\n|-boost|p2a: Quaquaval|spe|1\n|move|p1a: Seviper|Gunk Shot|p2a: Quaquaval\n|-damage|p2a: Quaquaval|0 fnt\n|faint|p2a: Quaquaval\n|\n|-heal|p1a: Seviper|50/100|[from] item: Leftovers\n|upkeep\n|inactive|Time left: 300 sec this turn | 300 sec total | 5 sec grace\n|\n|t:|1783539511\n|switch|p2a: Metagross|Metagross, L79|256/256\n|turn|5\n|inactive|Time left: 300 sec this turn | 300 sec total\n|\n|t:|1783539512\n|-terastallize|p2a: Metagross|Ground\n|move|p1a: Seviper|Earthquake|p2a: Metagross\n|-damage|p2a: Metagross|115/256\n|move|p2a: Metagross|Heavy Slam|p1a: Seviper\n|-damage|p1a: Seviper|0 fnt\n|faint|p1a: Seviper\n|\n|upkeep\n|\n|t:|1783539513\n|switch|p1a: Chandelure|Chandelure, L83, F|100/100\n|turn|6\n|inactive|Time left: 300 sec this turn | 300 sec total\n|\n|t:|1783539514\n|switch|p2a: Alcremie|Alcremie-Matcha-Cream, L90, F|263/263\n|move|p1a: Chandelure|Fire Blast|p2a: Alcremie\n|-damage|p2a: Alcremie|154/263\n|\n|-heal|p2a: Alcremie|170/263|[from] item: Leftovers\n|upkeep\n|turn|7\n|inactive|Time left: 300 sec this turn | 300 sec total\n|\n|t:|1783539516\n|move|p1a: Chandelure|Fire Blast|p2a: Alcremie\n|-damage|p2a: Alcremie|53/263\n|move|p2a: Alcremie|Recover|p2a: Alcremie\n|-heal|p2a: Alcremie|185/263\n|\n|-heal|p2a: Alcremie|201/263|[from] item: Leftovers\n|upkeep\n|turn|8\n|inactive|Time left: 300 sec this turn | 300 sec total\n|\n|t:|1783539517\n|move|p1a: Chandelure|Calm Mind|p1a: Chandelure\n|-boost|p1a: Chandelure|spa|1\n|-boost|p1a: Chandelure|spd|1\n|move|p2a: Alcremie|Calm Mind|p2a: Alcremie\n|-boost|p2a: Alcremie|spa|1\n|-boost|p2a: Alcremie|spd|1\n|\n|-heal|p2a: Alcremie|217/263|[from] item: Leftovers\n|upkeep\n|turn|9\n|inactive|Time left: 300 sec this turn | 300 sec total\n|\n|t:|1783539518\n|move|p1a: Chandelure|Calm Mind|p1a: Chandelure\n|-boost|p1a: Chandelure|spa|1\n|-boost|p1a: Chandelure|spd|1\n|move|p2a: Alcremie|Calm Mind|p2a: Alcremie\n|-boost|p2a: Alcremie|spa|1\n|-boost|p2a: Alcremie|spd|1\n|\n|-heal|p2a: Alcremie|233/263|[from] item: Leftovers\n|upkeep\n|turn|10\n|inactive|Time left: 300 sec this turn | 300 sec total\n|\n|t:|1783539519\n|move|p1a: Chandelure|Shadow Ball|p2a: Alcremie\n|-damage|p2a: Alcremie|151/263\n|move|p2a: Alcremie|Psyshock|p1a: Chandelure\n|-damage|p1a: Chandelure|38/100\n|\n|-heal|p2a: Alcremie|167/263|[from] item: Leftovers\n|upkeep\n|turn|11\n|inactive|Time left: 300 sec this turn | 300 sec total\n|\n|t:|1783539520\n|move|p1a: Chandelure|Fire Blast|p2a: Alcremie|[miss]\n|-miss|p1a: Chandelure|p2a: Alcremie\n|move|p2a: Alcremie|Psyshock|p1a: Chandelure\n|-damage|p1a: Chandelure|0 fnt\n|faint|p1a: Chandelure\n|\n|-heal|p2a: Alcremie|183/263|[from] item: Leftovers\n|upkeep\n|\n|t:|1783539521\n|switch|p1a: Houndstone|Houndstone, L86, F|100/100\n|turn|12\n|inactive|Time left: 300 sec this turn | 300 sec total\n|\n|t:|1783539523\n|move|p2a: Alcremie|Alluring Voice|p1a: Houndstone\n|-damage|p1a: Houndstone|24/100\n|move|p1a: Houndstone|Poltergeist|p2a: Alcremie\n|-activate|p2a: Alcremie|move: Poltergeist|Leftovers\n|-damage|p2a: Alcremie|0 fnt\n|faint|p2a: Alcremie\n|\n|upkeep\n|inactive|Time left: 300 sec this turn | 300 sec total | 5 sec grace\n|\n|t:|1783539524\n|switch|p2a: Pincurchin|Pincurchin, F|258/258\n|-fieldstart|move: Electric Terrain|[from] ability: Electric Surge|[of] p2a: Pincurchin\n|turn|13\n|inactive|Time left: 300 sec this turn | 300 sec total\n|\n|t:|1783539525\n|move|p1a: Houndstone|Poltergeist|p2a: Pincurchin\n|-activate|p2a: Pincurchin|move: Poltergeist|Leftovers\n|-damage|p2a: Pincurchin|116/258\n|move|p2a: Pincurchin|Curse|p2a: Pincurchin\n|-unboost|p2a: Pincurchin|spe|1\n|-boost|p2a: Pincurchin|atk|1\n|-boost|p2a: Pincurchin|def|1\n|\n|-heal|p2a: Pincurchin|132/258|[from] item: Leftovers\n|upkeep\n|turn|14\n|inactive|Time left: 300 sec this turn | 300 sec total\n|\n|t:|1783539526\n|move|p1a: Houndstone|Poltergeist|p2a: Pincurchin\n|-activate|p2a: Pincurchin|move: Poltergeist|Leftovers\n|-damage|p2a: Pincurchin|23/258\n|move|p2a: Pincurchin|Recover|p2a: Pincurchin\n|-heal|p2a: Pincurchin|152/258\n|\n|-heal|p2a: Pincurchin|168/258|[from] item: Leftovers\n|upkeep\n|turn|15\n|inactive|Time left: 300 sec this turn | 300 sec total\n|\n|t:|1783539527\n|move|p1a: Houndstone|Poltergeist|p2a: Pincurchin\n|-activate|p2a: Pincurchin|move: Poltergeist|Leftovers\n|-crit|p2a: Pincurchin\n|-damage|p2a: Pincurchin|0 fnt\n|faint|p2a: Pincurchin\n|\n|upkeep\n|inactive|Time left: 300 sec this turn | 300 sec total | 5 sec grace\n|\n|t:|1783539527\n|switch|p2a: Metagross|Metagross, L79, tera:Ground|115/256\n|turn|16\n|inactive|Time left: 300 sec this turn | 300 sec total\n|\n|t:|1783539528\n|-terastallize|p1a: Houndstone|Fighting\n|move|p1a: Houndstone|Poltergeist|p2a: Metagross\n|-activate|p2a: Metagross|move: Poltergeist|Weakness Policy\n|-damage|p2a: Metagross|0 fnt\n|faint|p2a: Metagross\n|\n|win|p0x0076319", "uploadtime": 1783539528, "views": 0, "rating": 0, "private": 0, "password": null, "_winner": "p0x0076319", "_our_name": "p0y007e9e3"}