{"id": "battle-gen9randombattle-1678", "formatid": "gen9randombattle", "format": "[Gen 9] Random Battle", "players": ["p0x1678bc8a", "p0y167873e7"], "log": "|init|battle\n|title|p0x1678bc8a vs. p0y167873e7\n|j|\u2606p0x1678bc8a\n|j|\u2606p0y167873e7\n|t:|1783559463\n|gametype|singles\n|player|p1|p0x1678bc8a|102|\n|player|p2|p0y167873e7|266|\n|gen|9\n|tier|[Gen 9] Random Battle\n|rule|Species Clause: Limit one of each Pok\u00e9mon\n|rule|HP Percentage Mod: HP is shown in percentages\n|rule|Sleep Clause Mod: Limit one foe put to sleep\n|rule|Illusion Level Mod: Illusion disguises the Pok\u00e9mon's true level\n|\n|t:|1783559463\n|teamsize|p1|6\n|teamsize|p2|6\n|start\n|switch|p1a: Mienshao|Mienshao, L83, F|244/244\n|switch|p2a: Electrode|Electrode-Hisui, L87|100/100\n|turn|1\n|inactive|Battle timer is ON: inactive players will automatically lose when time's up. (requested by p0x1678bc8a)\n|inactive|p0y167873e7 also wants the timer to be on.\n|\n|t:|1783559464\n|move|p2a: Electrode|Substitute|p2a: Electrode\n|-start|p2a: Electrode|Substitute\n|-damage|p2a: Electrode|76/100\n|move|p1a: Mienshao|U-turn|p2a: Electrode\n|-supereffective|p2a: Electrode\n|-end|p2a: Electrode|Substitute\n|inactive|Time left: 300 sec this turn | 300 sec total | 65 sec grace\n|\n|t:|1783559465\n|switch|p1a: Magcargo|Magcargo, L95, F|268/268|[from] U-turn\n|\n|-heal|p2a: Electrode|82/100|[from] item: Leftovers\n|upkeep\n|turn|2\n|inactive|Time left: 300 sec this turn | 300 sec total\n|\n|t:|1783559466\n|move|p2a: Electrode|Substitute|p2a: Electrode\n|-start|p2a: Electrode|Substitute\n|-damage|p2a: Electrode|57/100\n|move|p1a: Magcargo|Lava Plume|p2a: Electrode\n|-supereffective|p2a: Electrode\n|-end|p2a: Electrode|Substitute\n|\n|-heal|p2a: Electrode|63/100|[from] item: Leftovers\n|upkeep\n|turn|3\n|inactive|Time left: 300 sec this turn | 300 sec total\n|\n|t:|1783559467\n|switch|p2a: Keldeo|Keldeo-Resolute, L79|100/100\n|move|p1a: Magcargo|Lava Plume|p2a: Keldeo\n|-resisted|p2a: Keldeo\n|-damage|p2a: Keldeo|81/100\n|\n|upkeep\n|turn|4\n|inactive|Time left: 300 sec this turn | 300 sec total\n|\n|t:|1783559469\n|switch|p1a: Rillaboom|Rillaboom, L79, M|288/288\n|-fieldstart|move: Grassy Terrain|[from] ability: Grassy Surge|[of] p1a: Rillaboom\n|move|p2a: Keldeo|Calm Mind|p2a: Keldeo\n|-boost|p2a: Keldeo|spa|1\n|-boost|p2a: Keldeo|spd|1\n|\n|-heal|p2a: Keldeo|88/100|[from] Grassy Terrain\n|upkeep\n|turn|5\n|inactive|Time left: 300 sec this turn | 300 sec total\n|\n|t:|1783559470\n|switch|p2a: Flapple|Flapple, L88, F|100/100\n|move|p1a: Rillaboom|Grassy Glide|p2a: Flapple\n|-resisted|p2a: Flapple\n|-damage|p2a: Flapple|88/100\n|\n|-heal|p2a: Flapple|94/100|[from] Grassy Terrain\n|upkeep\n|turn|6\n|inactive|Time left: 300 sec this turn | 300 sec total\n|\n|t:|1783559471\n|switch|p1a: Magcargo|Magcargo, L95, F|268/268\n|move|p2a: Flapple|Outrage|p1a: Magcargo|[miss]\n|-miss|p2a: Flapple|p1a: Magcargo\n|\n|-heal|p2a: Flapple|100/100|[from] Grassy Terrain\n|upkeep\n|turn|7\n|inactive|Time left: 300 sec this turn | 300 sec total\n|\n|t:|1783559472\n|move|p2a: Flapple|Dragon Dance|p2a: Flapple\n|-boost|p2a: Flapple|atk|1\n|-boost|p2a: Flapple|spe|1\n|move|p1a: Magcargo|Lava Plume|p2a: Flapple\n|-damage|p2a: Flapple|52/100\n|\n|-heal|p2a: Flapple|58/100|[from] Grassy Terrain\n|upkeep\n|turn|8\n|inactive|Time left: 300 sec this turn | 300 sec total\n|\n|t:|1783559473\n|move|p2a: Flapple|Outrage|p1a: Magcargo\n|-damage|p1a: Magcargo|24/268\n|move|p1a: Magcargo|Lava Plume|p2a: Flapple\n|-damage|p2a: Flapple|14/100\n|\n|-heal|p2a: Flapple|20/100|[from] Grassy Terrain\n|-heal|p1a: Magcargo|40/268|[from] Grassy Terrain\n|-fieldend|move: Grassy Terrain\n|upkeep\n|turn|9\n|inactive|Time left: 300 sec this turn | 300 sec total\n|\n|t:|1783559474\n|move|p2a: Flapple|Outrage|p1a: Magcargo|[from] lockedmove|[miss]\n|-miss|p2a: Flapple|p1a: Magcargo\n|-start|p2a: Flapple|confusion|[fatigue]\n|move|p1a: Magcargo|Lava Plume|p2a: Flapple\n|-damage|p2a: Flapple|0 fnt\n|faint|p2a: Flapple\n|\n|upkeep\n|\n|t:|1783559475\n|switch|p2a: Greninja|Greninja, L80, M|100/100\n|turn|10\n|inactive|Time left: 300 sec this turn | 300 sec total\n|\n|t:|1783559475\n|switch|p1a: Poliwrath|Poliwrath, L88, F|302/302\n|move|p2a: Greninja|Hydro Pump|p1a: Poliwrath\n|-immune|p1a: Poliwrath|[from] ability: Water Absorb\n|\n|upkeep\n|turn|11\n|inactive|Time left: 300 sec this turn | 300 sec total\n|\n|t:|1783559476\n|switch|p2a: Bellibolt|Bellibolt, L84, M|100/100\n|move|p1a: Poliwrath|Close Combat|p2a: Bellibolt\n|-damage|p2a: Bellibolt|56/100\n|-unboost|p1a: Poliwrath|def|1\n|-unboost|p1a: Poliwrath|spd|1\n|-start|p2a: Bellibolt|Charge|Close Combat|[from] ability: Electromorphosis\n|\n|-heal|p2a: Bellibolt|62/100|[from] item: Leftovers\n|upkeep\n|turn|12\n|inactive|Time left: 300 sec this turn | 300 sec total\n|\n|t:|1783559477\n|switch|p1a: Rillaboom|Rillaboom, L79, M|288/288\n|-fieldstart|move: Grassy Terrain|[from] ability: Grassy Surge|[of] p1a: Rillaboom\n|move|p2a: Bellibolt|Thunderbolt|p1a: Rillaboom\n|-resisted|p1a: Rillaboom\n|-damage|p1a: Rillaboom|166/288\n|-end|p2a: Bellibolt|Charge|[silent]\n|\n|-heal|p1a: Rillaboom|184/288|[from] Grassy Terrain\n|-heal|p2a: Bellibolt|69/100|[from] Grassy Terrain\n|-heal|p2a: Bellibolt|75/100|[from] item: Leftovers\n|upkeep\n|turn|13\n|inactive|Time left: 300 sec this turn | 300 sec total\n|\n|t:|1783559478\n|switch|p2a: Registeel|Registeel, L81|100/100\n|move|p1a: Rillaboom|Wood Hammer|p2a: Registeel\n|-resisted|p2a: Registeel\n|-damage|p2a: Registeel|67/100\n|-damage|p1a: Rillaboom|155/288|[from] Recoil\n|\n|-heal|p1a: Rillaboom|173/288|[from] Grassy Terrain\n|-heal|p2a: Registeel|73/100|[from] Grassy Terrain\n|upkeep\n|turn|14\n|inactive|Time left: 300 sec this turn | 300 sec total\n|\n|t:|1783559479\n|move|p1a: Rillaboom|Wood Hammer|p2a: Registeel\n|-resisted|p2a: Registeel\n|-damage|p2a: Registeel|38/100\n|-damage|p1a: Rillaboom|143/288|[from] Recoil\n|move|p2a: Registeel|Iron Defense|p2a: Registeel\n|-boost|p2a: Registeel|def|2\n|\n|-heal|p1a: Rillaboom|161/288|[from] Grassy Terrain\n|-heal|p2a: Registeel|44/100|[from] Grassy Terrain\n|upkeep\n|turn|15\n|inactive|Time left: 300 sec this turn | 300 sec total\n|\n|t:|1783559480\n|switch|p1a: Volcanion|Volcanion, L79|256/256\n|move|p2a: Registeel|Body Press|p1a: Volcanion\n|-damage|p1a: Volcanion|130/256\n|\n|-heal|p1a: Volcanion|146/256|[from] Grassy Terrain\n|-heal|p2a: Registeel|50/100|[from] Grassy Terrain\n|upkeep\n|turn|16\n|inactive|Time left: 300 sec this turn | 300 sec total\n|\n|t:|1783559481\n|-terastallize|p2a: Registeel|Fighting\n|move|p1a: Volcanion|Flamethrower|p2a: Registeel\n|-damage|p2a: Registeel|23/100\n|move|p2a: Registeel|Body Press|p1a: Volcanion\n|-damage|p1a: Volcanion|0 fnt\n|faint|p1a: Volcanion\n|\n|-heal|p2a: Registeel|29/100|[from] Grassy Terrain\n|-fieldend|move: Grassy Terrain\n|upkeep\n|inactive|Time left: 300 sec this turn | 300 sec total | 5 sec grace\n|\n|t:|1783559482\n|switch|p1a: Rillaboom|Rillaboom, L79, M|161/288\n|-fieldstart|move: Grassy Terrain|[from] ability: Grassy Surge|[of] p1a: Rillaboom\n|turn|17\n|inactive|Time left: 300 sec this turn | 300 sec total\n|\n|t:|1783559483\n|move|p1a: Rillaboom|Wood Hammer|p2a: Registeel\n|-damage|p2a: Registeel|0 fnt\n|faint|p2a: Registeel\n|-damage|p1a: Rillaboom|136/288|[from] Recoil\n|\n|-heal|p1a: Rillaboom|154/288|[from] Grassy Terrain\n|upkeep\n|\n|t:|1783559484\n|switch|p2a: Greninja|Greninja, L80, M|100/100\n|turn|18\n|inactive|Time left: 300 sec this turn | 300 sec total\n|\n|t:|1783559485\n|switch|p1a: Pachirisu|Pachirisu, L96, M|271/271\n|move|p2a: Greninja|Ice Beam|p1a: Pachirisu\n|-damage|p1a: Pachirisu|226/271\n|-damage|p2a: Greninja|91/100|[from] item: Life Orb\n|\n|-heal|p2a: Greninja|97/100|[from] Grassy Terrain\n|-heal|p1a: Pachirisu|242/271|[from] Grassy Terrain\n|upkeep\n|turn|19\n|inactive|Time left: 300 sec this turn | 300 sec total\n|\n|t:|1783559486\n|switch|p2a: Electrode|Electrode-Hisui, L87|63/100\n|move|p1a: Pachirisu|Super Fang|p2a: Electrode\n|-damage|p2a: Electrode|32/100\n|\n|-heal|p2a: Electrode|38/100|[from] Grassy Terrain\n|-heal|p2a: Electrode|44/100|[from] item: Leftovers\n|-heal|p1a: Pachirisu|258/271|[from] Grassy Terrain\n|upkeep\n|turn|20\n|inactive|Time left: 300 sec this turn | 300 sec total\n|\n|t:|1783559487\n|move|p2a: Electrode|Giga Drain|p1a: Pachirisu\n|-damage|p1a: Pachirisu|198/271\n|-heal|p2a: Electrode|56/100|[from] drain|[of] p1a: Pachirisu\n|move|p1a: Pachirisu|U-turn|p2a: Electrode\n|-supereffective|p2a: Electrode\n|-damage|p2a: Electrode|23/100\n|inactive|Time left: 300 sec this turn | 300 sec total | 5 sec grace\n|\n|t:|1783559488\n|switch|p1a: Rillaboom|Rillaboom, L79, M|154/288|[from] U-turn\n|\n|-heal|p2a: Electrode|29/100|[from] Grassy Terrain\n|-heal|p2a: Electrode|35/100|[from] item: Leftovers\n|-heal|p1a: Rillaboom|172/288|[from] Grassy Terrain\n|upkeep\n|turn|21\n|inactive|Time left: 300 sec this turn | 300 sec total\n|\n|t:|1783559489\n|move|p2a: Electrode|Substitute|p2a: Electrode\n|-start|p2a: Electrode|Substitute\n|-damage|p2a: Electrode|10/100\n|move|p1a: Rillaboom|Wood Hammer|p2a: Electrode\n|-resisted|p2a: Electrode\n|-crit|p2a: Electrode\n|-end|p2a: Electrode|Substitute\n|-damage|p1a: Rillaboom|152/288|[from] Recoil|[of] p2a: Electrode\n|\n|-heal|p2a: Electrode|16/100|[from] Grassy Terrain\n|-heal|p2a: Electrode|22/100|[from] item: Leftovers\n|-heal|p1a: Rillaboom|170/288|[from] Grassy Terrain\n|-fieldend|move: Grassy Terrain\n|upkeep\n|turn|22\n|inactive|Time left: 300 sec this turn | 300 sec total\n|\n|t:|1783559489\n|move|p2a: Electrode|Giga Drain|p1a: Rillaboom\n|-resisted|p1a: Rillaboom\n|-damage|p1a: Rillaboom|121/288\n|-heal|p2a: Electrode|33/100|[from] drain|[of] p1a: Rillaboom\n|move|p1a: Rillaboom|Wood Hammer|p2a: Electrode\n|-resisted|p2a: Electrode\n|-damage|p2a: Electrode|0 fnt\n|faint|p2a: Electrode\n|-damage|p1a: Rillaboom|95/288|[from] Recoil\n|\n|upkeep\n|\n|t:|1783559490\n|switch|p2a: Keldeo|Keldeo-Resolute, L79|88/100\n|turn|23\n|inactive|Time left: 300 sec this turn | 300 sec total\n|\n|t:|1783559491\n|move|p2a: Keldeo|Secret Sword|p1a: Rillaboom\n|-damage|p1a: Rillaboom|0 fnt\n|faint|p1a: Rillaboom\n|-damage|p2a: Keldeo|78/100|[from] item: Life Orb\n|\n|upkeep\n|inactive|Time left: 300 sec this turn | 300 sec total | 5 sec grace\n|\n|t:|1783559492\n|switch|p1a: Poliwrath|Poliwrath, L88, F|302/302\n|turn|24\n|inactive|Time left: 300 sec this turn | 300 sec total\n|\n|t:|1783559493\n|move|p2a: Keldeo|Secret Sword|p1a: Poliwrath\n|-damage|p1a: Poliwrath|173/302\n|-damage|p2a: Keldeo|68/100|[from] item: Life Orb\n|move|p1a: Poliwrath|Close Combat|p2a: Keldeo\n|-damage|p2a: Keldeo|19/100\n|-unboost|p1a: Poliwrath|def|1\n|-unboost|p1a: Poliwrath|spd|1\n|\n|upkeep\n|turn|25\n|inactive|Time left: 300 sec this turn | 300 sec total\n|\n|t:|1783559495\n|switch|p1a: Magcargo|Magcargo, L95, F|40/268\n|move|p2a: Keldeo|Secret Sword|p1a: Magcargo\n|-supereffective|p1a: Magcargo\n|-damage|p1a: Magcargo|0 fnt\n|faint|p1a: Magcargo\n|-damage|p2a: Keldeo|9/100|[from] item: Life Orb\n|\n|upkeep\n|inactive|Time left: 300 sec this turn | 300 sec total | 5 sec grace\n|\n|t:|1783559496\n|switch|p1a: Mienshao|Mienshao, L83, F|244/244\n|turn|26\n|inactive|Time left: 300 sec this turn | 300 sec total\n|\n|t:|1783559497\n|switch|p2a: Bellibolt|Bellibolt, L84, M|75/100\n|move|p1a: Mienshao|Close Combat|p2a: Bellibolt\n|-damage|p2a: Bellibolt|28/100\n|-unboost|p1a: Mienshao|def|1\n|-unboost|p1a: Mienshao|spd|1\n|-start|p2a: Bellibolt|Charge|Close Combat|[from] ability: Electromorphosis\n|\n|-heal|p2a: Bellibolt|34/100|[from] item: Leftovers\n|upkeep\n|turn|27\n|inactive|Time left: 300 sec this turn | 300 sec total\n|\n|t:|1783559498\n|move|p1a: Mienshao|Close Combat|p2a: Bellibolt\n|-damage|p2a: Bellibolt|0 fnt\n|-unboost|p1a: Mienshao|def|1\n|-unboost|p1a: Mienshao|spd|1\n|faint|p2a: Bellibolt\n|\n|upkeep\n|\n|t:|1783559499\n|switch|p2a: Greninja|Greninja, L80, M|97/100\n|turn|28\n|inactive|Time left: 300 sec this turn | 300 sec total\n|\n|t:|1783559500\n|switch|p1a: Poliwrath|Poliwrath, L88, F|173/302\n|move|p2a: Greninja|Gunk Shot|p1a: Poliwrath\n|-damage|p1a: Poliwrath|87/302\n|-status|p1a: Poliwrath|psn\n|-damage|p2a: Greninja|87/100|[from] item: Life Orb\n|\n|-damage|p1a: Poliwrath|50/302 psn|[from] psn\n|upkeep\n|turn|29\n|inactive|Time left: 300 sec this turn | 300 sec total\n|\n|t:|1783559501\n|move|p2a: Greninja|Gunk Shot|p1a: Poliwrath\n|-crit|p1a: Poliwrath\n|-damage|p1a: Poliwrath|0 fnt\n|faint|p1a: Poliwrath\n|-ability|p2a: Greninja|Battle Bond|boost\n|-boost|p2a: Greninja|atk|1\n|-boost|p2a: Greninja|spa|1\n|-boost|p2a: Greninja|spe|1\n|-activate|p2a: Greninja|ability: Battle Bond\n|-damage|p2a: Greninja|77/100|[from] item: Life Orb\n|\n|upkeep\n|inactive|Time left: 300 sec this turn | 300 sec total | 5 sec grace\n|\n|t:|1783559502\n|switch|p1a: Mienshao|Mienshao, L83, F|244/244\n|turn|30\n|inactive|Time left: 300 sec this turn | 300 sec total\n|\n|t:|1783559503\n|-terastallize|p1a: Mienshao|Steel\n|move|p2a: Greninja|Dark Pulse|p1a: Mienshao\n|-damage|p1a: Mienshao|92/244\n|-damage|p2a: Greninja|68/100|[from] item: Life Orb\n|move|p1a: Mienshao|Close Combat|p2a: Greninja\n|-supereffective|p2a: Greninja\n|-damage|p2a: Greninja|0 fnt\n|-unboost|p1a: Mienshao|def|1\n|-unboost|p1a: Mienshao|spd|1\n|faint|p2a: Greninja\n|\n|upkeep\n|\n|t:|1783559504\n|switch|p2a: Keldeo|Keldeo-Resolute, L79|9/100\n|turn|31\n|inactive|Time left: 300 sec this turn | 300 sec total\n|\n|t:|1783559504\n|switch|p1a: Pachirisu|Pachirisu, L96, M|198/271\n|move|p2a: Keldeo|Vacuum Wave|p1a: Pachirisu\n|-damage|p1a: Pachirisu|163/271\n|-damage|p2a: Keldeo|0 fnt|[from] item: Life Orb\n|faint|p2a: Keldeo\n|\n|win|p0x1678bc8a", "uploadtime": 1783559504, "views": 0, "rating": 0, "private": 0, "password": null, "_winner": "p0x1678bc8a", "_our_name": "p0x1678bc8a"}