{"id": "battle-gen9randombattle-1677", "formatid": "gen9randombattle", "format": "[Gen 9] Random Battle", "players": ["p0x1677969a", "p0y167709c0"], "log": "|init|battle\n|title|p0x1677969a vs. p0y167709c0\n|j|\u2606p0x1677969a\n|j|\u2606p0y167709c0\n|t:|1783559456\n|gametype|singles\n|player|p1|p0x1677969a|169|\n|player|p2|p0y167709c0|265|\n|gen|9\n|tier|[Gen 9] Random Battle\n|rule|Species Clause: Limit one of each Pok\u00e9mon\n|rule|HP Percentage Mod: HP is shown in percentages\n|rule|Sleep Clause Mod: Limit one foe put to sleep\n|rule|Illusion Level Mod: Illusion disguises the Pok\u00e9mon's true level\n|\n|t:|1783559456\n|teamsize|p1|6\n|teamsize|p2|6\n|start\n|switch|p1a: Ceruledge|Ceruledge, L78, F|100/100\n|switch|p2a: Noivern|Noivern, L82, F|274/274\n|turn|1\n|inactive|Battle timer is ON: inactive players will automatically lose when time's up. (requested by p0y167709c0)\n|inactive|p0x1677969a also wants the timer to be on.\n|\n|t:|1783559458\n|move|p2a: Noivern|Hurricane|p1a: Ceruledge\n|-damage|p1a: Ceruledge|55/100\n|move|p1a: Ceruledge|Poltergeist|p2a: Noivern\n|-activate|p2a: Noivern|move: Poltergeist|Heavy-Duty Boots\n|-damage|p2a: Noivern|145/274\n|\n|upkeep\n|turn|2\n|inactive|Time left: 300 sec this turn | 300 sec total\n|\n|t:|1783559459\n|move|p2a: Noivern|Hurricane|p1a: Ceruledge\n|-damage|p1a: Ceruledge|8/100\n|move|p1a: Ceruledge|Poltergeist|p2a: Noivern\n|-activate|p2a: Noivern|move: Poltergeist|Heavy-Duty Boots\n|-damage|p2a: Noivern|4/274\n|\n|upkeep\n|turn|3\n|inactive|Time left: 300 sec this turn | 300 sec total\n|\n|t:|1783559459\n|switch|p1a: Hoopa|Hoopa, L85|100/100\n|move|p2a: Noivern|Roost|p2a: Noivern\n|-heal|p2a: Noivern|141/274\n|-singleturn|p2a: Noivern|move: Roost\n|\n|upkeep\n|turn|4\n|inactive|Time left: 300 sec this turn | 300 sec total\n|\n|t:|1783559460\n|switch|p2a: Basculegion|Basculegion-F, L83, F|335/335\n|move|p1a: Hoopa|Nasty Plot|p1a: Hoopa\n|-boost|p1a: Hoopa|spa|2\n|\n|upkeep\n|turn|5\n|inactive|Time left: 300 sec this turn | 300 sec total\n|\n|t:|1783559461\n|-terastallize|p1a: Hoopa|Psychic\n|move|p2a: Basculegion|Shadow Ball|p1a: Hoopa\n|-supereffective|p1a: Hoopa\n|-damage|p1a: Hoopa|39/100\n|move|p1a: Hoopa|Psyshock|p2a: Basculegion\n|-crit|p2a: Basculegion\n|-damage|p2a: Basculegion|0 fnt\n|faint|p2a: Basculegion\n|-damage|p1a: Hoopa|30/100|[from] item: Life Orb\n|\n|upkeep\n|inactive|Time left: 300 sec this turn | 300 sec total | 5 sec grace\n|\n|t:|1783559462\n|switch|p2a: Primarina|Primarina, L83, F|235/235\n|turn|6\n|inactive|Time left: 300 sec this turn | 300 sec total\n|\n|t:|1783559463\n|move|p2a: Primarina|Dark Pulse|p1a: Hoopa\n|-supereffective|p1a: Hoopa\n|-damage|p1a: Hoopa|0 fnt\n|faint|p1a: Hoopa\n|\n|upkeep\n|\n|t:|1783559464\n|switch|p1a: Chi-Yu|Chi-Yu, L77|100/100\n|-ability|p1a: Chi-Yu|Beads of Ruin\n|turn|7\n|inactive|Time left: 300 sec this turn | 300 sec total\n|\n|t:|1783559465\n|switch|p2a: Primarina|Primarina, L83, F|268/268\n|move|p1a: Chi-Yu|Nasty Plot|p1a: Chi-Yu\n|-boost|p1a: Chi-Yu|spa|2\n|\n|upkeep\n|turn|8\n|inactive|Time left: 300 sec this turn | 300 sec total\n|\n|t:|1783559466\n|move|p1a: Chi-Yu|Psychic|p2a: Primarina\n|-damage|p2a: Primarina|117/268\n|move|p2a: Primarina|Psychic Noise|p1a: Chi-Yu\n|-supereffective|p1a: Chi-Yu\n|-damage|p1a: Chi-Yu|17/100\n|-start|p1a: Chi-Yu|move: Heal Block\n|\n|-heal|p2a: Primarina|133/268|[from] item: Leftovers\n|upkeep\n|turn|9\n|inactive|Time left: 300 sec this turn | 300 sec total\n|\n|t:|1783559467\n|move|p1a: Chi-Yu|Psychic|p2a: Primarina\n|-damage|p2a: Primarina|0 fnt\n|faint|p2a: Primarina\n|\n|-end|p1a: Chi-Yu|move: Heal Block\n|upkeep\n|inactive|Time left: 300 sec this turn | 300 sec total | 5 sec grace\n|\n|t:|1783559468\n|switch|p2a: Porygon-Z|Porygon-Z, L83|235/235\n|turn|10\n|inactive|Time left: 300 sec this turn | 300 sec total\n|\n|t:|1783559469\n|move|p2a: Porygon-Z|Dark Pulse|p1a: Chi-Yu\n|-resisted|p1a: Chi-Yu\n|-damage|p1a: Chi-Yu|0 fnt\n|faint|p1a: Chi-Yu\n|\n|upkeep\n|\n|t:|1783559470\n|switch|p1a: Urshifu|Urshifu-Rapid-Strike, L75, F|100/100\n|turn|11\n|inactive|Time left: 300 sec this turn | 300 sec total\n|\n|t:|1783559471\n|switch|p2a: Noivern|Noivern, L82, F|141/274\n|move|p1a: Urshifu|Surging Strikes|p2a: Noivern\n|-resisted|p2a: Noivern\n|-crit|p2a: Noivern\n|-damage|p2a: Noivern|108/274\n|-resisted|p2a: Noivern\n|-crit|p2a: Noivern\n|-damage|p2a: Noivern|75/274\n|-resisted|p2a: Noivern\n|-crit|p2a: Noivern\n|-damage|p2a: Noivern|42/274\n|-hitcount|p2a: Noivern|3\n|\n|upkeep\n|turn|12\n|inactive|Time left: 300 sec this turn | 300 sec total\n|\n|t:|1783559472\n|move|p2a: Noivern|Hurricane|p1a: Urshifu\n|-supereffective|p1a: Urshifu\n|-damage|p1a: Urshifu|0 fnt\n|faint|p1a: Urshifu\n|\n|upkeep\n|\n|t:|1783559473\n|switch|p1a: Rabsca|Rabsca, L91, F|100/100\n|turn|13\n|inactive|Time left: 300 sec this turn | 300 sec total\n|\n|t:|1783559473\n|move|p2a: Noivern|Hurricane|p1a: Rabsca\n|-supereffective|p1a: Rabsca\n|-damage|p1a: Rabsca|39/100\n|-start|p1a: Rabsca|confusion\n|-activate|p1a: Rabsca|confusion\n|move|p1a: Rabsca|Bug Buzz|p2a: Noivern\n|-resisted|p2a: Noivern\n|-damage|p2a: Noivern|0 fnt\n|faint|p2a: Noivern\n|\n|upkeep\n|inactive|Time left: 300 sec this turn | 300 sec total | 5 sec grace\n|\n|t:|1783559474\n|switch|p2a: Porygon-Z|Porygon-Z, L83|235/235\n|turn|14\n|inactive|Time left: 300 sec this turn | 300 sec total\n|\n|t:|1783559475\n|move|p2a: Porygon-Z|Flamethrower|p1a: Rabsca\n|-supereffective|p1a: Rabsca\n|-damage|p1a: Rabsca|0 fnt\n|faint|p1a: Rabsca\n|\n|upkeep\n|\n|t:|1783559476\n|switch|p1a: Ceruledge|Ceruledge, L78, F|8/100\n|turn|15\n|inactive|Time left: 300 sec this turn | 300 sec total\n|\n|t:|1783559477\n|switch|p1a: Exeggutor|Exeggutor-Alola, L89, M|100/100\n|move|p2a: Porygon-Z|Flamethrower|p1a: Exeggutor\n|-damage|p1a: Exeggutor|65/100\n|\n|upkeep\n|turn|16\n|inactive|Time left: 300 sec this turn | 300 sec total\n|\n|t:|1783559478\n|switch|p2a: Tornadus|Tornadus-Therian, L79, M|254/254\n|move|p1a: Exeggutor|Knock Off|p2a: Tornadus\n|-damage|p2a: Tornadus|163/254\n|-enditem|p2a: Tornadus|Assault Vest|[from] move: Knock Off|[of] p1a: Exeggutor\n|\n|upkeep\n|turn|17\n|inactive|Time left: 300 sec this turn | 300 sec total\n|\n|t:|1783559479\n|switch|p1a: Ceruledge|Ceruledge, L78, F|8/100\n|move|p2a: Tornadus|Bleakwind Storm|p1a: Ceruledge\n|-damage|p1a: Ceruledge|0 fnt\n|faint|p1a: Ceruledge\n|\n|upkeep\n|\n|t:|1783559480\n|switch|p1a: Exeggutor|Exeggutor-Alola, L89, M|65/100\n|turn|18\n|inactive|Time left: 300 sec this turn | 300 sec total\n|\n|t:|1783559481\n|-terastallize|p2a: Tornadus|Dark\n|move|p2a: Tornadus|Bleakwind Storm|p1a: Exeggutor\n|-supereffective|p1a: Exeggutor\n|-damage|p1a: Exeggutor|0 fnt\n|faint|p1a: Exeggutor\n|\n|win|p0y167709c0", "uploadtime": 1783559481, "views": 0, "rating": 0, "private": 0, "password": null, "_winner": "p0y167709c0", "_our_name": "p0y167709c0"}