{"id": "battle-gen9randombattle-1136", "formatid": "gen9randombattle", "format": "[Gen 9] Random Battle", "players": ["p0x11368ec5", "p0y11368116"], "log": "|init|battle\n|title|p0x11368ec5 vs. p0y11368116\n|j|\u2606p0x11368ec5\n|j|\u2606p0y11368116\n|t:|1783553156\n|gametype|singles\n|player|p1|p0x11368ec5|2|\n|player|p2|p0y11368116|2|\n|gen|9\n|tier|[Gen 9] Random Battle\n|rule|Species Clause: Limit one of each Pok\u00e9mon\n|rule|HP Percentage Mod: HP is shown in percentages\n|rule|Sleep Clause Mod: Limit one foe put to sleep\n|rule|Illusion Level Mod: Illusion disguises the Pok\u00e9mon's true level\n|\n|t:|1783553156\n|teamsize|p1|6\n|teamsize|p2|6\n|start\n|switch|p1a: Masquerain|Masquerain, L87, M|264/264\n|switch|p2a: Hypno|Hypno, L95, M|100/100\n|-ability|p1a: Masquerain|Intimidate|boost\n|-unboost|p2a: Hypno|atk|1\n|turn|1\n|inactive|Battle timer is ON: inactive players will automatically lose when time's up. (requested by p0y11368116)\n|inactive|Time left: 300 sec this turn | 300 sec total | 60 sec grace\n|\n|t:|1783553158\n|move|p1a: Masquerain|Sticky Web|p2a: Hypno\n|-sidestart|p2: p0y11368116|move: Sticky Web\n|move|p2a: Hypno|Psychic Noise|p1a: Masquerain\n|-damage|p1a: Masquerain|183/264\n|-start|p1a: Masquerain|move: Heal Block\n|\n|upkeep\n|turn|2\n|inactive|Time left: 300 sec this turn | 300 sec total\n|inactive|p0x11368ec5 also wants the timer to be on.\n|\n|t:|1783553159\n|move|p1a: Masquerain|U-turn|p2a: Hypno\n|-supereffective|p2a: Hypno\n|-damage|p2a: Hypno|66/100\n|inactive|Time left: 300 sec this turn | 300 sec total | 5 sec grace\n|\n|t:|1783553160\n|switch|p1a: Heatran|Heatran, L79, F|273/273|[from] U-turn\n|-item|p1a: Heatran|Air Balloon\n|move|p2a: Hypno|Knock Off|p1a: Heatran\n|-damage|p1a: Heatran|227/273\n|-enditem|p1a: Heatran|Air Balloon\n|\n|-heal|p2a: Hypno|72/100|[from] item: Leftovers\n|upkeep\n|turn|3\n|inactive|Time left: 300 sec this turn | 300 sec total\n|\n|t:|1783553161\n|move|p2a: Hypno|Psychic Noise|p1a: Heatran\n|-resisted|p1a: Heatran\n|-damage|p1a: Heatran|187/273\n|-start|p1a: Heatran|move: Heal Block\n|move|p1a: Heatran|Stealth Rock|p2a: Hypno\n|-sidestart|p2: p0y11368116|move: Stealth Rock\n|\n|-heal|p2a: Hypno|78/100|[from] item: Leftovers\n|upkeep\n|turn|4\n|inactive|Time left: 300 sec this turn | 300 sec total\n|\n|t:|1783553162\n|move|p2a: Hypno|Encore|p1a: Heatran\n|-start|p1a: Heatran|Encore\n|move|p1a: Heatran|Stealth Rock||[still]\n|-fail|p1a: Heatran\n|\n|-heal|p2a: Hypno|84/100|[from] item: Leftovers\n|-end|p1a: Heatran|move: Heal Block\n|upkeep\n|turn|5\n|inactive|Time left: 300 sec this turn | 300 sec total\n|\n|t:|1783553163\n|switch|p1a: Mimikyu|Mimikyu, L79, F|216/216\n|move|p2a: Hypno|Psychic Noise|p1a: Mimikyu\n|-activate|p1a: Mimikyu|ability: Disguise\n|-damage|p1a: Mimikyu|216/216\n|-start|p1a: Mimikyu|move: Heal Block\n|detailschange|p1a: Mimikyu|Mimikyu-Busted, L79, F\n|-damage|p1a: Mimikyu|189/216|[from] pokemon: Mimikyu-Busted\n|\n|-heal|p2a: Hypno|90/100|[from] item: Leftovers\n|upkeep\n|turn|6\n|inactive|Time left: 300 sec this turn | 300 sec total\n|\n|t:|1783553164\n|move|p1a: Mimikyu|Swords Dance|p1a: Mimikyu\n|-boost|p1a: Mimikyu|atk|2\n|move|p2a: Hypno|Psychic Noise|p1a: Mimikyu\n|-damage|p1a: Mimikyu|108/216\n|\n|-heal|p2a: Hypno|96/100|[from] item: Leftovers\n|-end|p1a: Mimikyu|move: Heal Block\n|upkeep\n|turn|7\n|inactive|Time left: 300 sec this turn | 300 sec total\n|\n|t:|1783553165\n|move|p1a: Mimikyu|Play Rough|p2a: Hypno\n|-damage|p2a: Hypno|30/100\n|-damage|p1a: Mimikyu|87/216|[from] item: Life Orb\n|move|p2a: Hypno|Psychic Noise|p1a: Mimikyu\n|-damage|p1a: Mimikyu|9/216\n|-start|p1a: Mimikyu|move: Heal Block\n|\n|-heal|p2a: Hypno|36/100|[from] item: Leftovers\n|upkeep\n|turn|8\n|inactive|Time left: 300 sec this turn | 300 sec total\n|\n|t:|1783553165\n|move|p1a: Mimikyu|Play Rough|p2a: Hypno|[miss]\n|-miss|p1a: Mimikyu|p2a: Hypno\n|move|p2a: Hypno|Knock Off|p1a: Mimikyu\n|-damage|p1a: Mimikyu|0 fnt\n|-enditem|p1a: Mimikyu|Life Orb|[from] move: Knock Off|[of] p2a: Hypno\n|faint|p1a: Mimikyu\n|\n|-heal|p2a: Hypno|42/100|[from] item: Leftovers\n|upkeep\n|inactive|Time left: 300 sec this turn | 300 sec total | 5 sec grace\n|\n|t:|1783553166\n|switch|p1a: Lucario|Lucario, L84, F|255/255\n|turn|9\n|inactive|Time left: 300 sec this turn | 300 sec total\n|\n|t:|1783553167\n|move|p1a: Lucario|Meteor Mash|p2a: Hypno|[miss]\n|-miss|p1a: Lucario|p2a: Hypno\n|move|p2a: Hypno|Psychic Noise|p1a: Lucario\n|-damage|p1a: Lucario|156/255\n|-start|p1a: Lucario|move: Heal Block\n|\n|-heal|p2a: Hypno|48/100|[from] item: Leftovers\n|upkeep\n|turn|10\n|inactive|Time left: 300 sec this turn | 300 sec total\n|\n|t:|1783553168\n|switch|p2a: Slowbro|Slowbro, L85, M|100/100\n|-activate|p2a: Slowbro|move: Sticky Web\n|-unboost|p2a: Slowbro|spe|1\n|-damage|p2a: Slowbro|88/100|[from] Stealth Rock\n|move|p1a: Lucario|Meteor Mash|p2a: Slowbro|[miss]\n|-miss|p1a: Lucario|p2a: Slowbro\n|\n|-heal|p2a: Slowbro|94/100|[from] item: Leftovers\n|-end|p1a: Lucario|move: Heal Block\n|upkeep\n|turn|11\n|inactive|Time left: 300 sec this turn | 300 sec total\n|\n|t:|1783553170\n|move|p1a: Lucario|Meteor Mash|p2a: Slowbro\n|-resisted|p2a: Slowbro\n|-damage|p2a: Slowbro|70/100\n|move|p2a: Slowbro|Calm Mind|p2a: Slowbro\n|-boost|p2a: Slowbro|spa|1\n|-boost|p2a: Slowbro|spd|1\n|\n|-heal|p2a: Slowbro|76/100|[from] item: Leftovers\n|upkeep\n|turn|12\n|inactive|Time left: 300 sec this turn | 300 sec total\n|\n|t:|1783553171\n|switch|p1a: Masquerain|Masquerain, L87, M|183/264\n|-ability|p1a: Masquerain|Intimidate|boost\n|-unboost|p2a: Slowbro|atk|1\n|move|p2a: Slowbro|Scald|p1a: Masquerain\n|-damage|p1a: Masquerain|45/264\n|\n|-heal|p2a: Slowbro|82/100|[from] item: Leftovers\n|upkeep\n|turn|13\n|inactive|Time left: 300 sec this turn | 300 sec total\n|\n|t:|1783553172\n|move|p1a: Masquerain|Stun Spore|p2a: Slowbro\n|-status|p2a: Slowbro|par\n|move|p2a: Slowbro|Scald|p1a: Masquerain\n|-damage|p1a: Masquerain|0 fnt\n|faint|p1a: Masquerain\n|\n|-heal|p2a: Slowbro|88/100 par|[from] item: Leftovers\n|upkeep\n|inactive|Time left: 300 sec this turn | 300 sec total | 5 sec grace\n|\n|t:|1783553173\n|switch|p1a: Chandelure|Chandelure, L83, M|235/235\n|turn|14\n|inactive|Time left: 300 sec this turn | 300 sec total\n|\n|t:|1783553174\n|move|p1a: Chandelure|Shadow Ball|p2a: Slowbro\n|-supereffective|p2a: Slowbro\n|-damage|p2a: Slowbro|32/100 par\n|move|p2a: Slowbro|Scald|p1a: Chandelure\n|-supereffective|p1a: Chandelure\n|-damage|p1a: Chandelure|0 fnt\n|faint|p1a: Chandelure\n|\n|-heal|p2a: Slowbro|38/100 par|[from] item: Leftovers\n|upkeep\n|inactive|Time left: 300 sec this turn | 300 sec total | 5 sec grace\n|\n|t:|1783553176\n|switch|p1a: Lucario|Lucario, L84, F|156/255\n|turn|15\n|inactive|Time left: 300 sec this turn | 300 sec total\n|\n|t:|1783553177\n|move|p1a: Lucario|Stone Edge|p2a: Slowbro\n|-damage|p2a: Slowbro|7/100 par\n|move|p2a: Slowbro|Scald|p1a: Lucario\n|-damage|p1a: Lucario|0 fnt\n|faint|p1a: Lucario\n|\n|-heal|p2a: Slowbro|13/100 par|[from] item: Leftovers\n|upkeep\n|inactive|Time left: 300 sec this turn | 300 sec total | 5 sec grace\n|\n|t:|1783553178\n|switch|p1a: Heatran|Heatran, L79, F|187/273\n|turn|16\n|inactive|Time left: 300 sec this turn | 300 sec total\n|\n|t:|1783553179\n|move|p1a: Heatran|Heavy Slam|p2a: Slowbro\n|-resisted|p2a: Slowbro\n|-damage|p2a: Slowbro|0 fnt\n|faint|p2a: Slowbro\n|\n|upkeep\n|\n|t:|1783553180\n|switch|p2a: Kommo-o|Kommo-o, L77, M|100/100\n|-activate|p2a: Kommo-o|move: Sticky Web\n|-unboost|p2a: Kommo-o|spe|1\n|-damage|p2a: Kommo-o|94/100|[from] Stealth Rock\n|turn|17\n|inactive|Time left: 300 sec this turn | 300 sec total\n|\n|t:|1783553182\n|move|p1a: Heatran|Earth Power|p2a: Kommo-o\n|-damage|p2a: Kommo-o|64/100\n|move|p2a: Kommo-o|Drain Punch|p1a: Heatran\n|-supereffective|p1a: Heatran\n|-damage|p1a: Heatran|55/273\n|-heal|p2a: Kommo-o|91/100|[from] drain|[of] p1a: Heatran\n|\n|upkeep\n|turn|18\n|inactive|Time left: 300 sec this turn | 300 sec total\n|\n|t:|1783553183\n|move|p1a: Heatran|Heavy Slam|p2a: Kommo-o\n|-crit|p2a: Kommo-o\n|-damage|p2a: Kommo-o|34/100\n|move|p2a: Kommo-o|Clangorous Soul|p2a: Kommo-o\n|-boost|p2a: Kommo-o|atk|1\n|-boost|p2a: Kommo-o|def|1\n|-boost|p2a: Kommo-o|spa|1\n|-boost|p2a: Kommo-o|spd|1\n|-boost|p2a: Kommo-o|spe|1\n|-damage|p2a: Kommo-o|2/100\n|-enditem|p2a: Kommo-o|Throat Spray\n|-boost|p2a: Kommo-o|spa|1|[from] item: Throat Spray\n|\n|upkeep\n|turn|19\n|inactive|Time left: 300 sec this turn | 300 sec total\n|\n|t:|1783553184\n|move|p2a: Kommo-o|Drain Punch|p1a: Heatran\n|-supereffective|p1a: Heatran\n|-crit|p1a: Heatran\n|-damage|p1a: Heatran|0 fnt\n|-heal|p2a: Kommo-o|13/100|[from] drain|[of] p1a: Heatran\n|faint|p1a: Heatran\n|\n|upkeep\n|inactive|Time left: 300 sec this turn | 300 sec total | 5 sec grace\n|\n|t:|1783553185\n|switch|p1a: Hawlucha|Hawlucha, L80, M|256/256\n|turn|20\n|inactive|Time left: 300 sec this turn | 300 sec total\n|\n|t:|1783553186\n|-terastallize|p1a: Hawlucha|Fighting\n|-terastallize|p2a: Kommo-o|Normal\n|move|p1a: Hawlucha|Close Combat|p2a: Kommo-o\n|-supereffective|p2a: Kommo-o\n|-damage|p2a: Kommo-o|0 fnt\n|-unboost|p1a: Hawlucha|def|1\n|-unboost|p1a: Hawlucha|spd|1\n|faint|p2a: Kommo-o\n|-enditem|p1a: Hawlucha|White Herb\n|-clearnegativeboost|p1a: Hawlucha|[silent]\n|\n|upkeep\n|\n|t:|1783553187\n|switch|p2a: Chien-Pao|Chien-Pao, L72|100/100\n|-activate|p2a: Chien-Pao|move: Sticky Web\n|-unboost|p2a: Chien-Pao|spe|1\n|-damage|p2a: Chien-Pao|88/100|[from] Stealth Rock\n|turn|21\n|inactive|Time left: 300 sec this turn | 300 sec total\n|\n|t:|1783553188\n|move|p1a: Hawlucha|Swords Dance|p1a: Hawlucha\n|-boost|p1a: Hawlucha|atk|2\n|move|p2a: Chien-Pao|Hyper Voice|p1a: Hawlucha\n|-damage|p1a: Hawlucha|68/256\n|-damage|p2a: Chien-Pao|79/100|[from] item: Life Orb\n|\n|upkeep\n|turn|22\n|inactive|Time left: 300 sec this turn | 300 sec total\n|\n|t:|1783553189\n|move|p1a: Hawlucha|Acrobatics|p2a: Chien-Pao\n|-damage|p2a: Chien-Pao|0 fnt\n|replace|p2a: Zoroark|Zoroark-Hisui, L80, F\n|-end|p2a: Zoroark|Illusion\n|-hint|Illusion Level Mod is active, so this Pok\u00e9mon's true level was hidden.\n|faint|p2a: Zoroark\n|\n|upkeep\n|\n|t:|1783553190\n|switch|p2a: Iron Bundle|Iron Bundle, L78|100/100\n|turn|23\n|inactive|Time left: 300 sec this turn | 300 sec total\n|\n|t:|1783553191\n|move|p1a: Hawlucha|Close Combat|p2a: Iron Bundle\n|-supereffective|p2a: Iron Bundle\n|-damage|p2a: Iron Bundle|0 fnt\n|-unboost|p1a: Hawlucha|def|1\n|-unboost|p1a: Hawlucha|spd|1\n|faint|p2a: Iron Bundle\n|-end|p2a: Iron Bundle|Quark Drive|[silent]\n|\n|upkeep\n|\n|t:|1783553192\n|switch|p2a: Chien-Pao|Chien-Pao, L72|100/100\n|-ability|p2a: Chien-Pao|Sword of Ruin\n|turn|24\n|inactive|Time left: 300 sec this turn | 300 sec total\n|\n|t:|1783553193\n|move|p2a: Chien-Pao|Ice Shard|p1a: Hawlucha\n|-damage|p1a: Hawlucha|0 fnt\n|faint|p1a: Hawlucha\n|\n|win|p0y11368116", "uploadtime": 1783553193, "views": 0, "rating": 0, "private": 0, "password": null, "_winner": "p0y11368116", "_our_name": "p0x11368ec5"}