{"id": "battle-gen9randombattle-1557", "formatid": "gen9randombattle", "format": "[Gen 9] Random Battle", "players": ["p0x1557e42e", "p0y1557f74e"], "log": "|init|battle\n|title|p0x1557e42e vs. p0y1557f74e\n|j|\u2606p0x1557e42e\n|j|\u2606p0y1557f74e\n|t:|1783558068\n|gametype|singles\n|player|p1|p0x1557e42e|169|\n|player|p2|p0y1557f74e|266|\n|gen|9\n|tier|[Gen 9] Random Battle\n|rule|Species Clause: Limit one of each Pok\u00e9mon\n|rule|HP Percentage Mod: HP is shown in percentages\n|rule|Sleep Clause Mod: Limit one foe put to sleep\n|rule|Illusion Level Mod: Illusion disguises the Pok\u00e9mon's true level\n|\n|t:|1783558068\n|teamsize|p1|6\n|teamsize|p2|6\n|start\n|switch|p1a: Blissey|Blissey, L85, F|572/572\n|switch|p2a: Jolteon|Jolteon, L84, M|100/100\n|turn|1\n|inactive|Battle timer is ON: inactive players will automatically lose when time's up. (requested by p0x1557e42e)\n|inactive|p0y1557f74e also wants the timer to be on.\n|\n|t:|1783558070\n|move|p2a: Jolteon|Calm Mind|p2a: Jolteon\n|-boost|p2a: Jolteon|spa|1\n|-boost|p2a: Jolteon|spd|1\n|move|p1a: Blissey|Seismic Toss|p2a: Jolteon\n|-damage|p2a: Jolteon|66/100\n|\n|upkeep\n|turn|2\n|inactive|Time left: 300 sec this turn | 300 sec total\n|\n|t:|1783558071\n|move|p2a: Jolteon|Calm Mind|p2a: Jolteon\n|-boost|p2a: Jolteon|spa|1\n|-boost|p2a: Jolteon|spd|1\n|move|p1a: Blissey|Seismic Toss|p2a: Jolteon\n|-damage|p2a: Jolteon|31/100\n|\n|upkeep\n|turn|3\n|inactive|Time left: 300 sec this turn | 300 sec total\n|\n|t:|1783558072\n|move|p2a: Jolteon|Thunderbolt|p1a: Blissey\n|-damage|p1a: Blissey|389/572\n|-damage|p2a: Jolteon|22/100|[from] item: Life Orb\n|move|p1a: Blissey|Seismic Toss|p2a: Jolteon\n|-damage|p2a: Jolteon|0 fnt\n|faint|p2a: Jolteon\n|\n|-heal|p1a: Blissey|424/572|[from] item: Leftovers\n|upkeep\n|\n|t:|1783558073\n|switch|p2a: Krookodile|Krookodile, L79, M|100/100\n|-ability|p2a: Krookodile|Intimidate|boost\n|-unboost|p1a: Blissey|atk|1\n|turn|4\n|inactive|Time left: 300 sec this turn | 300 sec total\n|\n|t:|1783558075\n|switch|p1a: Manaphy|Manaphy, L78|284/284\n|move|p2a: Krookodile|Stealth Rock|p1a: Manaphy\n|-sidestart|p1: p0x1557e42e|move: Stealth Rock\n|\n|upkeep\n|turn|5\n|inactive|Time left: 300 sec this turn | 300 sec total\n|\n|t:|1783558076\n|move|p1a: Manaphy|Tail Glow|p1a: Manaphy\n|-boost|p1a: Manaphy|spa|3\n|move|p2a: Krookodile|Knock Off|p1a: Manaphy\n|-damage|p1a: Manaphy|162/284\n|-enditem|p1a: Manaphy|Leftovers|[from] move: Knock Off|[of] p2a: Krookodile\n|-damage|p2a: Krookodile|90/100|[from] item: Life Orb\n|\n|upkeep\n|turn|6\n|inactive|Time left: 300 sec this turn | 300 sec total\n|\n|t:|1783558077\n|switch|p2a: Iron Jugulis|Iron Jugulis, L77|100/100\n|move|p1a: Manaphy|Ice Beam|p2a: Iron Jugulis\n|-supereffective|p2a: Iron Jugulis\n|-damage|p2a: Iron Jugulis|0 fnt\n|faint|p2a: Iron Jugulis\n|-end|p2a: Iron Jugulis|Quark Drive|[silent]\n|\n|upkeep\n|\n|t:|1783558078\n|switch|p2a: Gengar|Gengar, L81, F|100/100\n|turn|7\n|inactive|Time left: 300 sec this turn | 300 sec total\n|\n|t:|1783558079\n|move|p2a: Gengar|Sludge Wave|p1a: Manaphy\n|-damage|p1a: Manaphy|20/284\n|-status|p1a: Manaphy|psn\n|-damage|p2a: Gengar|90/100|[from] item: Life Orb\n|move|p1a: Manaphy|Surf|p2a: Gengar\n|-damage|p2a: Gengar|0 fnt\n|faint|p2a: Gengar\n|\n|-damage|p1a: Manaphy|0 fnt|[from] psn\n|faint|p1a: Manaphy\n|upkeep\n|inactive|Time left: 300 sec this turn | 300 sec total | 5 sec grace\n|\n|t:|1783558080\n|switch|p2a: Eiscue|Eiscue, L88, F|100/100\n|switch|p1a: Falinks|Falinks, L84|246/246\n|-damage|p1a: Falinks|231/246|[from] Stealth Rock\n|turn|8\n|inactive|Time left: 300 sec this turn | 300 sec total\n|\n|t:|1783558081\n|move|p1a: Falinks|No Retreat|p1a: Falinks\n|-boost|p1a: Falinks|atk|1\n|-boost|p1a: Falinks|def|1\n|-boost|p1a: Falinks|spa|1\n|-boost|p1a: Falinks|spd|1\n|-boost|p1a: Falinks|spe|1\n|-start|p1a: Falinks|move: No Retreat\n|move|p2a: Eiscue|Belly Drum|p2a: Eiscue\n|-damage|p2a: Eiscue|50/100\n|-setboost|p2a: Eiscue|atk|6|[from] move: Belly Drum\n|-enditem|p2a: Eiscue|Sitrus Berry|[eat]\n|-heal|p2a: Eiscue|75/100|[from] item: Sitrus Berry\n|\n|upkeep\n|turn|9\n|inactive|Time left: 300 sec this turn | 300 sec total\n|\n|t:|1783558082\n|move|p1a: Falinks|Iron Head|p2a: Eiscue\n|-activate|p2a: Eiscue|ability: Ice Face\n|-damage|p2a: Eiscue|75/100\n|detailschange|p2a: Eiscue|Eiscue-Noice, L88, F\n|-damage|p1a: Falinks|207/246|[from] item: Life Orb\n|cant|p2a: Eiscue|flinch\n|\n|upkeep\n|turn|10\n|inactive|Time left: 300 sec this turn | 300 sec total\n|\n|t:|1783558083\n|-terastallize|p2a: Eiscue|Electric\n|move|p2a: Eiscue|Tera Blast|p1a: Falinks|[anim] Tera Blast Electric\n|-damage|p1a: Falinks|8/246\n|move|p1a: Falinks|Close Combat|p2a: Eiscue\n|-damage|p2a: Eiscue|0 fnt\n|-unboost|p1a: Falinks|def|1\n|-unboost|p1a: Falinks|spd|1\n|faint|p2a: Eiscue\n|-damage|p1a: Falinks|0 fnt|[from] item: Life Orb\n|faint|p1a: Falinks\n|\n|upkeep\n|inactive|Time left: 300 sec this turn | 300 sec total | 5 sec grace\n|\n|t:|1783558083\n|switch|p2a: Hawlucha|Hawlucha, L80, M|100/100\n|switch|p1a: Flamigo|Flamigo, L82, M|269/269\n|-damage|p1a: Flamigo|236/269|[from] Stealth Rock\n|turn|11\n|inactive|Time left: 300 sec this turn | 300 sec total\n|\n|t:|1783558084\n|move|p1a: Flamigo|Brave Bird|p2a: Hawlucha\n|-supereffective|p2a: Hawlucha\n|-damage|p2a: Hawlucha|0 fnt\n|faint|p2a: Hawlucha\n|-damage|p1a: Flamigo|152/269|[from] Recoil\n|\n|upkeep\n|\n|t:|1783558085\n|switch|p2a: Krookodile|Krookodile, L79, M|90/100\n|-ability|p2a: Krookodile|Intimidate|boost\n|-fail|p1a: Flamigo|unboost|Attack|[from] ability: Scrappy|[of] p1a: Flamigo\n|turn|12\n|inactive|Time left: 300 sec this turn | 300 sec total\n|\n|t:|1783558086\n|move|p1a: Flamigo|Brave Bird|p2a: Krookodile\n|-damage|p2a: Krookodile|35/100\n|-damage|p1a: Flamigo|101/269|[from] Recoil\n|move|p2a: Krookodile|Gunk Shot|p1a: Flamigo|[miss]\n|-miss|p2a: Krookodile|p1a: Flamigo\n|\n|upkeep\n|turn|13\n|inactive|Time left: 300 sec this turn | 300 sec total\n|\n|t:|1783558087\n|move|p1a: Flamigo|Brave Bird|p2a: Krookodile\n|-damage|p2a: Krookodile|0 fnt\n|faint|p2a: Krookodile\n|-damage|p1a: Flamigo|69/269|[from] Recoil\n|\n|win|p0x1557e42e", "uploadtime": 1783558087, "views": 0, "rating": 0, "private": 0, "password": null, "_winner": "p0x1557e42e", "_our_name": "p0x1557e42e"}