{"id": "battle-gen9randombattle-2920", "formatid": "gen9randombattle", "format": "[Gen 9] Random Battle", "players": ["p0x2920b0a7", "p0y292099a3"], "log": "|init|battle\n|title|p0x2920b0a7 vs. p0y292099a3\n|j|\u2606p0x2920b0a7\n|j|\u2606p0y292099a3\n|t:|1783573631\n|gametype|singles\n|player|p1|p0x2920b0a7|102|\n|player|p2|p0y292099a3|169|\n|gen|9\n|tier|[Gen 9] Random Battle\n|rule|Species Clause: Limit one of each Pok\u00e9mon\n|rule|HP Percentage Mod: HP is shown in percentages\n|rule|Sleep Clause Mod: Limit one foe put to sleep\n|rule|Illusion Level Mod: Illusion disguises the Pok\u00e9mon's true level\n|\n|t:|1783573631\n|teamsize|p1|6\n|teamsize|p2|6\n|start\n|switch|p1a: Virizion|Virizion, L82|283/283\n|switch|p2a: Farigiraf|Farigiraf, L90, F|100/100\n|turn|1\n|inactive|Battle timer is ON: inactive players will automatically lose when time's up. (requested by p0y292099a3)\n|inactive|Time left: 300 sec this turn | 300 sec total | 60 sec grace\n|inactive|p0x2920b0a7 also wants the timer to be on.\n|\n|t:|1783573633\n|move|p1a: Virizion|Swords Dance|p1a: Virizion\n|-boost|p1a: Virizion|atk|2\n|move|p2a: Farigiraf|Psychic Noise|p1a: Virizion\n|-supereffective|p1a: Virizion\n|-damage|p1a: Virizion|133/283\n|-start|p1a: Virizion|move: Heal Block\n|\n|upkeep\n|turn|2\n|inactive|Time left: 300 sec this turn | 300 sec total\n|\n|t:|1783573634\n|move|p1a: Virizion|Close Combat|p2a: Farigiraf\n|-damage|p2a: Farigiraf|13/100\n|-unboost|p1a: Virizion|def|1\n|-unboost|p1a: Virizion|spd|1\n|-damage|p1a: Virizion|105/283|[from] item: Life Orb\n|move|p2a: Farigiraf|Psychic Noise|p1a: Virizion\n|-supereffective|p1a: Virizion\n|-damage|p1a: Virizion|0 fnt\n|faint|p1a: Virizion\n|\n|-heal|p2a: Farigiraf|19/100|[from] item: Leftovers\n|upkeep\n|inactive|Time left: 300 sec this turn | 300 sec total | 5 sec grace\n|\n|t:|1783573635\n|switch|p1a: Ariados|Ariados, L95, M|287/287\n|turn|3\n|inactive|Time left: 300 sec this turn | 300 sec total\n|\n|t:|1783573636\n|move|p2a: Farigiraf|Psychic Noise|p1a: Ariados\n|-supereffective|p1a: Ariados\n|-damage|p1a: Ariados|59/287\n|-start|p1a: Ariados|move: Heal Block\n|move|p1a: Ariados|Sticky Web|p2a: Farigiraf\n|-sidestart|p2: p0y292099a3|move: Sticky Web\n|\n|-heal|p2a: Farigiraf|25/100|[from] item: Leftovers\n|upkeep\n|turn|4\n|inactive|Time left: 300 sec this turn | 300 sec total\n|\n|t:|1783573637\n|switch|p1a: Luxray|Luxray, L88, M|284/284\n|-ability|p1a: Luxray|Intimidate|boost\n|-unboost|p2a: Farigiraf|atk|1\n|move|p2a: Farigiraf|Psychic Noise|p1a: Luxray\n|-damage|p1a: Luxray|218/284\n|-start|p1a: Luxray|move: Heal Block\n|\n|-heal|p2a: Farigiraf|31/100|[from] item: Leftovers\n|upkeep\n|turn|5\n|inactive|Time left: 300 sec this turn | 300 sec total\n|\n|t:|1783573638\n|switch|p2a: Scrafty|Scrafty, L83, F|100/100\n|-activate|p2a: Scrafty|move: Sticky Web\n|-unboost|p2a: Scrafty|spe|1\n|-ability|p2a: Scrafty|Intimidate|boost\n|-unboost|p1a: Luxray|atk|1\n|move|p1a: Luxray|Wild Charge|p2a: Scrafty\n|-damage|p2a: Scrafty|72/100\n|-damage|p1a: Luxray|200/284|[from] Recoil\n|\n|-heal|p2a: Scrafty|78/100|[from] item: Leftovers\n|-end|p1a: Luxray|move: Heal Block\n|upkeep\n|turn|6\n|inactive|Time left: 300 sec this turn | 300 sec total\n|\n|t:|1783573639\n|move|p1a: Luxray|Volt Switch|p2a: Scrafty\n|-damage|p2a: Scrafty|50/100\n|inactive|Time left: 300 sec this turn | 300 sec total | 5 sec grace\n|\n|t:|1783573639\n|switch|p1a: Haxorus|Haxorus, L77, F|244/244|[from] Volt Switch\n|-ability|p1a: Haxorus|Mold Breaker\n|move|p2a: Scrafty|Dragon Dance|p2a: Scrafty\n|-boost|p2a: Scrafty|atk|1\n|-boost|p2a: Scrafty|spe|1\n|\n|-heal|p2a: Scrafty|56/100|[from] item: Leftovers\n|upkeep\n|turn|7\n|inactive|Time left: 300 sec this turn | 300 sec total\n|\n|t:|1783573640\n|move|p1a: Haxorus|Outrage|p2a: Scrafty\n|-damage|p2a: Scrafty|7/100\n|move|p2a: Scrafty|Knock Off|p1a: Haxorus\n|-damage|p1a: Haxorus|99/244\n|-enditem|p1a: Haxorus|Lum Berry|[from] move: Knock Off|[of] p2a: Scrafty\n|\n|-heal|p2a: Scrafty|13/100|[from] item: Leftovers\n|upkeep\n|turn|8\n|inactive|Time left: 300 sec this turn | 300 sec total\n|\n|t:|1783573641\n|move|p1a: Haxorus|Outrage|p2a: Scrafty|[from] lockedmove\n|-damage|p2a: Scrafty|0 fnt\n|faint|p2a: Scrafty\n|\n|upkeep\n|\n|t:|1783573642\n|switch|p2a: Salamence|Salamence, L77, F|100/100\n|turn|9\n|inactive|Time left: 300 sec this turn | 300 sec total\n|\n|t:|1783573643\n|-terastallize|p2a: Salamence|Ground\n|move|p2a: Salamence|Earthquake|p1a: Haxorus\n|-damage|p1a: Haxorus|0 fnt\n|faint|p1a: Haxorus\n|-ability|p2a: Salamence|Moxie|boost\n|-boost|p2a: Salamence|atk|1\n|\n|upkeep\n|inactive|Time left: 300 sec this turn | 300 sec total | 5 sec grace\n|\n|t:|1783573643\n|switch|p1a: Luxray|Luxray, L88, M|200/284\n|-ability|p1a: Luxray|Intimidate|boost\n|-unboost|p2a: Salamence|atk|1\n|turn|10\n|inactive|Time left: 300 sec this turn | 300 sec total\n|\n|t:|1783573644\n|switch|p1a: Hypno|Hypno, L95, M|315/315\n|move|p2a: Salamence|Earthquake|p1a: Hypno\n|-damage|p1a: Hypno|203/315\n|\n|-heal|p1a: Hypno|222/315|[from] item: Leftovers\n|upkeep\n|turn|11\n|inactive|Time left: 300 sec this turn | 300 sec total\n|\n|t:|1783573645\n|move|p2a: Salamence|Outrage|p1a: Hypno\n|-damage|p1a: Hypno|84/315\n|move|p1a: Hypno|Toxic|p2a: Salamence\n|-status|p2a: Salamence|tox\n|\n|-heal|p1a: Hypno|103/315|[from] item: Leftovers\n|-damage|p2a: Salamence|94/100 tox|[from] psn\n|upkeep\n|turn|12\n|inactive|Time left: 300 sec this turn | 300 sec total\n|\n|t:|1783573646\n|move|p1a: Hypno|Protect|p1a: Hypno\n|-singleturn|p1a: Hypno|Protect\n|move|p2a: Salamence|Outrage|p1a: Hypno|[from] lockedmove\n|-activate|p1a: Hypno|move: Protect\n|\n|-heal|p1a: Hypno|122/315|[from] item: Leftovers\n|-damage|p2a: Salamence|82/100 tox|[from] psn\n|upkeep\n|turn|13\n|inactive|Time left: 300 sec this turn | 300 sec total\n|\n|t:|1783573647\n|switch|p1a: Luxray|Luxray, L88, M|200/284\n|-ability|p1a: Luxray|Intimidate|boost\n|-unboost|p2a: Salamence|atk|1\n|move|p2a: Salamence|Outrage|p1a: Luxray\n|-damage|p1a: Luxray|112/284\n|\n|-damage|p2a: Salamence|63/100 tox|[from] psn\n|upkeep\n|turn|14\n|inactive|Time left: 300 sec this turn | 300 sec total\n|\n|t:|1783573648\n|move|p2a: Salamence|Outrage|p1a: Luxray|[from] lockedmove\n|-damage|p1a: Luxray|12/284\n|move|p1a: Luxray|Ice Fang|p2a: Salamence\n|-supereffective|p2a: Salamence\n|-damage|p2a: Salamence|8/100 tox\n|\n|-damage|p2a: Salamence|0 fnt|[from] psn\n|faint|p2a: Salamence\n|upkeep\n|\n|t:|1783573649\n|switch|p2a: Farigiraf|Farigiraf, L90, F|31/100\n|-activate|p2a: Farigiraf|move: Sticky Web\n|-unboost|p2a: Farigiraf|spe|1\n|turn|15\n|inactive|Time left: 300 sec this turn | 300 sec total\n|\n|t:|1783573650\n|move|p1a: Luxray|Throat Chop|p2a: Farigiraf\n|-supereffective|p2a: Farigiraf\n|-damage|p2a: Farigiraf|0 fnt\n|faint|p2a: Farigiraf\n|\n|upkeep\n|\n|t:|1783573651\n|switch|p2a: Amoonguss|Amoonguss, L82, F|100/100\n|-activate|p2a: Amoonguss|move: Sticky Web\n|-unboost|p2a: Amoonguss|spe|1\n|turn|16\n|inactive|Time left: 300 sec this turn | 300 sec total\n|\n|t:|1783573652\n|move|p1a: Luxray|Volt Switch|p2a: Amoonguss\n|-resisted|p2a: Amoonguss\n|-damage|p2a: Amoonguss|87/100\n|inactive|Time left: 300 sec this turn | 300 sec total | 5 sec grace\n|\n|t:|1783573652\n|switch|p1a: Hypno|Hypno, L95, M|122/315|[from] Volt Switch\n|move|p2a: Amoonguss|Sludge Bomb|p1a: Hypno\n|-crit|p1a: Hypno\n|-damage|p1a: Hypno|34/315\n|\n|-heal|p1a: Hypno|53/315|[from] item: Leftovers\n|-heal|p2a: Amoonguss|93/100|[from] item: Leftovers\n|upkeep\n|turn|17\n|inactive|Time left: 300 sec this turn | 300 sec total\n|\n|t:|1783573653\n|move|p1a: Hypno|Psychic Noise|p2a: Amoonguss\n|-supereffective|p2a: Amoonguss\n|-crit|p2a: Amoonguss\n|-damage|p2a: Amoonguss|2/100\n|-start|p2a: Amoonguss|move: Heal Block\n|move|p2a: Amoonguss|Sludge Bomb|p1a: Hypno\n|-damage|p1a: Hypno|0 fnt\n|faint|p1a: Hypno\n|\n|upkeep\n|inactive|Time left: 300 sec this turn | 300 sec total | 5 sec grace\n|\n|t:|1783573654\n|switch|p1a: Luxray|Luxray, L88, M|12/284\n|-ability|p1a: Luxray|Intimidate|boost\n|-unboost|p2a: Amoonguss|atk|1\n|turn|18\n|inactive|Time left: 300 sec this turn | 300 sec total\n|\n|t:|1783573655\n|move|p1a: Luxray|Volt Switch|p2a: Amoonguss\n|-resisted|p2a: Amoonguss\n|-damage|p2a: Amoonguss|0 fnt\n|faint|p2a: Amoonguss\n|inactive|Time left: 300 sec this turn | 300 sec total | 5 sec grace\n|\n|t:|1783573657\n|switch|p1a: Skuntank|Skuntank, L84, M|310/310|[from] Volt Switch\n|\n|upkeep\n|\n|t:|1783573657\n|switch|p2a: Cloyster|Cloyster, L80, M|100/100\n|-activate|p2a: Cloyster|move: Sticky Web\n|-unboost|p2a: Cloyster|spe|1\n|-enditem|p2a: Cloyster|White Herb\n|-clearnegativeboost|p2a: Cloyster|[silent]\n|turn|19\n|inactive|Time left: 300 sec this turn | 300 sec total\n|\n|t:|1783573658\n|move|p1a: Skuntank|Taunt|p2a: Cloyster\n|-start|p2a: Cloyster|move: Taunt\n|cant|p2a: Cloyster|move: Taunt|Shell Smash\n|\n|upkeep\n|turn|20\n|inactive|Time left: 300 sec this turn | 300 sec total\n|\n|t:|1783573659\n|move|p1a: Skuntank|Fire Blast|p2a: Cloyster\n|-damage|p2a: Cloyster|35/100\n|-damage|p1a: Skuntank|279/310|[from] item: Life Orb\n|move|p2a: Cloyster|Icicle Spear|p1a: Skuntank\n|-damage|p1a: Skuntank|252/310\n|-damage|p1a: Skuntank|222/310\n|-damage|p1a: Skuntank|192/310\n|-damage|p1a: Skuntank|164/310\n|-damage|p1a: Skuntank|136/310\n|-hitcount|p1a: Skuntank|5\n|\n|upkeep\n|turn|21\n|inactive|Time left: 300 sec this turn | 300 sec total\n|\n|t:|1783573660\n|switch|p2a: Mewtwo|Mewtwo, L72|100/100\n|-ability|p2a: Mewtwo|Unnerve\n|-activate|p2a: Mewtwo|move: Sticky Web\n|-unboost|p2a: Mewtwo|spe|1\n|move|p1a: Skuntank|Fire Blast|p2a: Mewtwo\n|-damage|p2a: Mewtwo|66/100\n|-damage|p1a: Skuntank|105/310|[from] item: Life Orb\n|\n|upkeep\n|turn|22\n|inactive|Time left: 300 sec this turn | 300 sec total\n|\n|t:|1783573662\n|switch|p2a: Cloyster|Cloyster, L80, M|35/100\n|-activate|p2a: Cloyster|move: Sticky Web\n|-unboost|p2a: Cloyster|spe|1\n|move|p1a: Skuntank|Knock Off|p2a: Cloyster\n|-damage|p2a: Cloyster|10/100\n|-damage|p1a: Skuntank|74/310|[from] item: Life Orb\n|\n|upkeep\n|turn|23\n|inactive|Time left: 300 sec this turn | 300 sec total\n|\n|t:|1783573663\n|switch|p2a: Mewtwo|Mewtwo, L72|66/100\n|-ability|p2a: Mewtwo|Unnerve\n|-activate|p2a: Mewtwo|move: Sticky Web\n|-unboost|p2a: Mewtwo|spe|1\n|move|p1a: Skuntank|Knock Off|p2a: Mewtwo\n|-supereffective|p2a: Mewtwo\n|-damage|p2a: Mewtwo|0 fnt\n|-enditem|p2a: Mewtwo|Life Orb|[from] move: Knock Off|[of] p1a: Skuntank\n|faint|p2a: Mewtwo\n|-damage|p1a: Skuntank|43/310|[from] item: Life Orb\n|\n|upkeep\n|\n|t:|1783573663\n|switch|p2a: Cloyster|Cloyster, L80, M|10/100\n|-activate|p2a: Cloyster|move: Sticky Web\n|-unboost|p2a: Cloyster|spe|1\n|turn|24\n|inactive|Time left: 300 sec this turn | 300 sec total\n|\n|t:|1783573664\n|move|p1a: Skuntank|Knock Off|p2a: Cloyster\n|-damage|p2a: Cloyster|0 fnt\n|faint|p2a: Cloyster\n|-damage|p1a: Skuntank|12/310|[from] item: Life Orb\n|\n|win|p0x2920b0a7", "uploadtime": 1783573664, "views": 0, "rating": 0, "private": 0, "password": null, "_winner": "p0x2920b0a7", "_our_name": "p0x2920b0a7"}