{"id": "battle-gen9randombattle-241", "formatid": "gen9randombattle", "format": "[Gen 9] Random Battle", "players": ["p0x241e1aa", "p0y241c57e"], "log": "|init|battle\n|title|p0x241e1aa vs. p0y241c57e\n|j|\u2606p0x241e1aa\n|j|\u2606p0y241c57e\n|t:|1783541891\n|gametype|singles\n|player|p1|p0x241e1aa|265|\n|player|p2|p0y241c57e|265|\n|gen|9\n|tier|[Gen 9] Random Battle\n|rule|Species Clause: Limit one of each Pok\u00e9mon\n|rule|HP Percentage Mod: HP is shown in percentages\n|rule|Sleep Clause Mod: Limit one foe put to sleep\n|rule|Illusion Level Mod: Illusion disguises the Pok\u00e9mon's true level\n|\n|t:|1783541891\n|teamsize|p1|6\n|teamsize|p2|6\n|start\n|switch|p1a: Electrode|Electrode, L92|260/260\n|switch|p2a: Urshifu|Urshifu, L74, M|100/100\n|turn|1\n|inactive|Battle timer is ON: inactive players will automatically lose when time's up. (requested by p0x241e1aa)\n|\n|t:|1783541892\n|move|p1a: Electrode|Volt Switch|p2a: Urshifu\n|-damage|p2a: Urshifu|60/100\n|inactive|Time left: 300 sec this turn | 300 sec total | 65 sec grace\n|inactive|p0y241c57e also wants the timer to be on.\n|\n|t:|1783541894\n|switch|p1a: Comfey|Comfey, L85, F|225/225|[from] Volt Switch\n|move|p2a: Urshifu|Wicked Blow|p1a: Comfey\n|-resisted|p1a: Comfey\n|-crit|p1a: Comfey\n|-damage|p1a: Comfey|132/225\n|\n|-heal|p1a: Comfey|146/225|[from] item: Leftovers\n|upkeep\n|turn|2\n|inactive|Time left: 300 sec this turn | 300 sec total\n|\n|t:|1783541895\n|move|p1a: Comfey|Draining Kiss|p2a: Urshifu\n|-supereffective|p2a: Urshifu\n|-damage|p2a: Urshifu|0 fnt\n|-heal|p1a: Comfey|225/225|[from] drain|[of] p2a: Urshifu\n|faint|p2a: Urshifu\n|\n|upkeep\n|\n|t:|1783541896\n|switch|p2a: Bellossom|Bellossom, L84, M|100/100\n|turn|3\n|inactive|Time left: 300 sec this turn | 300 sec total\n|\n|t:|1783541897\n|move|p1a: Comfey|Calm Mind|p1a: Comfey\n|-boost|p1a: Comfey|spa|1\n|-boost|p1a: Comfey|spd|1\n|move|p2a: Bellossom|Quiver Dance|p2a: Bellossom\n|-boost|p2a: Bellossom|spa|1\n|-boost|p2a: Bellossom|spd|1\n|-boost|p2a: Bellossom|spe|1\n|\n|upkeep\n|turn|4\n|inactive|Time left: 300 sec this turn | 300 sec total\n|\n|t:|1783541898\n|move|p1a: Comfey|Calm Mind|p1a: Comfey\n|-boost|p1a: Comfey|spa|1\n|-boost|p1a: Comfey|spd|1\n|move|p2a: Bellossom|Quiver Dance|p2a: Bellossom\n|-boost|p2a: Bellossom|spa|1\n|-boost|p2a: Bellossom|spd|1\n|-boost|p2a: Bellossom|spe|1\n|\n|upkeep\n|turn|5\n|inactive|Time left: 300 sec this turn | 300 sec total\n|\n|t:|1783541899\n|move|p2a: Bellossom|Quiver Dance|p2a: Bellossom\n|-boost|p2a: Bellossom|spa|1\n|-boost|p2a: Bellossom|spd|1\n|-boost|p2a: Bellossom|spe|1\n|move|p1a: Comfey|Calm Mind|p1a: Comfey\n|-boost|p1a: Comfey|spa|1\n|-boost|p1a: Comfey|spd|1\n|\n|upkeep\n|turn|6\n|inactive|Time left: 300 sec this turn | 300 sec total\n|\n|t:|1783541900\n|move|p2a: Bellossom|Strength Sap|p1a: Comfey\n|-unboost|p1a: Comfey|atk|1\n|move|p1a: Comfey|Calm Mind|p1a: Comfey\n|-boost|p1a: Comfey|spa|1\n|-boost|p1a: Comfey|spd|1\n|\n|upkeep\n|turn|7\n|inactive|Time left: 300 sec this turn | 300 sec total\n|\n|t:|1783541901\n|move|p2a: Bellossom|Quiver Dance|p2a: Bellossom\n|-boost|p2a: Bellossom|spa|1\n|-boost|p2a: Bellossom|spd|1\n|-boost|p2a: Bellossom|spe|1\n|move|p1a: Comfey|Calm Mind|p1a: Comfey\n|-boost|p1a: Comfey|spa|1\n|-boost|p1a: Comfey|spd|1\n|\n|upkeep\n|turn|8\n|inactive|Time left: 300 sec this turn | 300 sec total\n|\n|t:|1783541902\n|move|p2a: Bellossom|Strength Sap|p1a: Comfey\n|-unboost|p1a: Comfey|atk|1\n|move|p1a: Comfey|Calm Mind|p1a: Comfey\n|-boost|p1a: Comfey|spa|1\n|-boost|p1a: Comfey|spd|1\n|\n|upkeep\n|turn|9\n|inactive|Time left: 300 sec this turn | 300 sec total\n|\n|t:|1783541903\n|move|p2a: Bellossom|Giga Drain|p1a: Comfey\n|-damage|p1a: Comfey|176/225\n|move|p1a: Comfey|Tera Blast|p2a: Bellossom\n|-crit|p2a: Bellossom\n|-damage|p2a: Bellossom|0 fnt\n|faint|p2a: Bellossom\n|\n|-heal|p1a: Comfey|190/225|[from] item: Leftovers\n|upkeep\n|\n|t:|1783541904\n|switch|p2a: Exeggutor|Exeggutor, L89, M|100/100\n|turn|10\n|inactive|Time left: 300 sec this turn | 300 sec total\n|\n|t:|1783541906\n|move|p1a: Comfey|Draining Kiss|p2a: Exeggutor\n|-damage|p2a: Exeggutor|39/100\n|-heal|p1a: Comfey|225/225|[from] drain|[of] p2a: Exeggutor\n|-enditem|p2a: Exeggutor|Sitrus Berry|[eat]\n|-heal|p2a: Exeggutor|64/100|[from] item: Sitrus Berry\n|move|p2a: Exeggutor|Leech Seed|p1a: Comfey\n|-start|p1a: Comfey|move: Leech Seed\n|\n|-damage|p1a: Comfey|197/225|[from] Leech Seed|[of] p2a: Exeggutor\n|-heal|p2a: Exeggutor|73/100|[silent]\n|-item|p2a: Exeggutor|Sitrus Berry|[from] ability: Harvest\n|upkeep\n|turn|11\n|inactive|Time left: 300 sec this turn | 300 sec total\n|\n|t:|1783541907\n|move|p1a: Comfey|Draining Kiss|p2a: Exeggutor\n|-damage|p2a: Exeggutor|7/100\n|-heal|p1a: Comfey|225/225|[from] drain|[of] p2a: Exeggutor\n|-enditem|p2a: Exeggutor|Sitrus Berry|[eat]\n|-heal|p2a: Exeggutor|32/100|[from] item: Sitrus Berry\n|move|p2a: Exeggutor|Psychic Noise|p1a: Comfey\n|-damage|p1a: Comfey|201/225\n|-start|p1a: Comfey|move: Heal Block\n|\n|-damage|p1a: Comfey|173/225|[from] Leech Seed|[of] p2a: Exeggutor\n|-heal|p2a: Exeggutor|41/100|[silent]\n|-item|p2a: Exeggutor|Sitrus Berry|[from] ability: Harvest\n|upkeep\n|-enditem|p2a: Exeggutor|Sitrus Berry|[eat]\n|-heal|p2a: Exeggutor|66/100|[from] item: Sitrus Berry\n|turn|12\n|inactive|Time left: 300 sec this turn | 300 sec total\n|\n|t:|1783541908\n|move|p1a: Comfey|Tera Blast|p2a: Exeggutor\n|-damage|p2a: Exeggutor|0 fnt\n|faint|p2a: Exeggutor\n|\n|-end|p1a: Comfey|move: Heal Block\n|upkeep\n|\n|t:|1783541909\n|switch|p2a: Iron Boulder|Iron Boulder, L77|100/100\n|turn|13\n|inactive|Time left: 300 sec this turn | 300 sec total\n|\n|t:|1783541910\n|move|p1a: Comfey|Draining Kiss|p2a: Iron Boulder\n|-damage|p2a: Iron Boulder|33/100\n|-heal|p1a: Comfey|225/225|[from] drain|[of] p2a: Iron Boulder\n|move|p2a: Iron Boulder|Zen Headbutt|p1a: Comfey\n|-damage|p1a: Comfey|126/225\n|-damage|p2a: Iron Boulder|24/100|[from] item: Life Orb\n|\n|-heal|p1a: Comfey|140/225|[from] item: Leftovers\n|-damage|p1a: Comfey|112/225|[from] Leech Seed|[of] p2a: Iron Boulder\n|-heal|p2a: Iron Boulder|34/100|[silent]\n|upkeep\n|turn|14\n|inactive|Time left: 300 sec this turn | 300 sec total\n|\n|t:|1783541911\n|-end|p2a: Iron Boulder|Quark Drive|[silent]\n|switch|p2a: Tinkaton|Tinkaton, L82, F|100/100\n|-ability|p2a: Tinkaton|Mold Breaker\n|move|p1a: Comfey|Draining Kiss|p2a: Tinkaton\n|-resisted|p2a: Tinkaton\n|-damage|p2a: Tinkaton|68/100\n|-heal|p1a: Comfey|180/225|[from] drain|[of] p2a: Tinkaton\n|\n|-heal|p1a: Comfey|194/225|[from] item: Leftovers\n|-heal|p2a: Tinkaton|74/100|[from] item: Leftovers\n|-damage|p1a: Comfey|166/225|[from] Leech Seed|[of] p2a: Tinkaton\n|-heal|p2a: Tinkaton|84/100|[silent]\n|upkeep\n|turn|15\n|inactive|Time left: 300 sec this turn | 300 sec total\n|\n|t:|1783541912\n|-terastallize|p1a: Comfey|Ground\n|move|p1a: Comfey|Tera Blast|p2a: Tinkaton|[anim] Tera Blast Ground\n|-supereffective|p2a: Tinkaton\n|-damage|p2a: Tinkaton|0 fnt\n|faint|p2a: Tinkaton\n|\n|-heal|p1a: Comfey|180/225|[from] item: Leftovers\n|upkeep\n|\n|t:|1783541913\n|switch|p2a: Iron Boulder|Iron Boulder, L77|34/100\n|turn|16\n|inactive|Time left: 300 sec this turn | 300 sec total\n|\n|t:|1783541914\n|-end|p2a: Iron Boulder|Quark Drive|[silent]\n|switch|p2a: Duraludon|Duraludon, L82, F|100/100\n|move|p1a: Comfey|Draining Kiss|p2a: Duraludon\n|-crit|p2a: Duraludon\n|-damage|p2a: Duraludon|0 fnt\n|-heal|p1a: Comfey|225/225|[from] drain|[of] p2a: Duraludon\n|faint|p2a: Duraludon\n|\n|upkeep\n|\n|t:|1783541915\n|switch|p2a: Iron Boulder|Iron Boulder, L77|34/100\n|turn|17\n|inactive|Time left: 300 sec this turn | 300 sec total\n|\n|t:|1783541916\n|-terastallize|p2a: Iron Boulder|Fighting\n|move|p1a: Comfey|Draining Kiss|p2a: Iron Boulder\n|-supereffective|p2a: Iron Boulder\n|-damage|p2a: Iron Boulder|0 fnt\n|faint|p2a: Iron Boulder\n|-end|p2a: Iron Boulder|Quark Drive|[silent]\n|\n|win|p0x241e1aa", "uploadtime": 1783541916, "views": 0, "rating": 0, "private": 0, "password": null, "_winner": "p0x241e1aa", "_our_name": "p0x241e1aa"}