{"id": "battle-gen9randombattle-1321", "formatid": "gen9randombattle", "format": "[Gen 9] Random Battle", "players": ["p0x13214bc6", "p0y1321cf92"], "log": "|init|battle\n|title|p0x13214bc6 vs. p0y1321cf92\n|j|\u2606p0x13214bc6\n|j|\u2606p0y1321cf92\n|t:|1783555325\n|gametype|singles\n|player|p1|p0x13214bc6|102|\n|player|p2|p0y1321cf92|266|\n|gen|9\n|tier|[Gen 9] Random Battle\n|rule|Species Clause: Limit one of each Pok\u00e9mon\n|rule|HP Percentage Mod: HP is shown in percentages\n|rule|Sleep Clause Mod: Limit one foe put to sleep\n|rule|Illusion Level Mod: Illusion disguises the Pok\u00e9mon's true level\n|\n|t:|1783555325\n|teamsize|p1|6\n|teamsize|p2|6\n|start\n|switch|p1a: Entei|Entei, L78|100/100\n|switch|p2a: Masquerain|Masquerain, L87, F|264/264\n|-ability|p2a: Masquerain|Intimidate|boost\n|-fail|p1a: Entei|unboost|Attack|[from] ability: Inner Focus|[of] p1a: Entei\n|turn|1\n|inactive|Battle timer is ON: inactive players will automatically lose when time's up. (requested by p0x13214bc6)\n|inactive|Time left: 300 sec this turn | 300 sec total | 60 sec grace\n|inactive|p0y1321cf92 also wants the timer to be on.\n|\n|t:|1783555327\n|-terastallize|p2a: Masquerain|Ground\n|move|p1a: Entei|Sacred Fire|p2a: Masquerain\n|-damage|p2a: Masquerain|80/264\n|move|p2a: Masquerain|Sticky Web|p1a: Entei\n|-sidestart|p1: p0x13214bc6|move: Sticky Web\n|\n|upkeep\n|turn|2\n|inactive|Time left: 300 sec this turn | 300 sec total\n|\n|t:|1783555328\n|switch|p2a: Crawdaunt|Crawdaunt, L84, M|243/243\n|move|p1a: Entei|Sacred Fire|p2a: Crawdaunt\n|-resisted|p2a: Crawdaunt\n|-damage|p2a: Crawdaunt|157/243\n|-status|p2a: Crawdaunt|brn\n|\n|-damage|p2a: Crawdaunt|142/243 brn|[from] brn\n|upkeep\n|turn|3\n|inactive|Time left: 300 sec this turn | 300 sec total\n|\n|t:|1783555328\n|move|p1a: Entei|Sacred Fire|p2a: Crawdaunt\n|-resisted|p2a: Crawdaunt\n|-damage|p2a: Crawdaunt|67/243 brn\n|move|p2a: Crawdaunt|Knock Off|p1a: Entei\n|-damage|p1a: Entei|57/100\n|-enditem|p1a: Entei|Choice Band|[from] move: Knock Off|[of] p2a: Crawdaunt\n|\n|-damage|p2a: Crawdaunt|52/243 brn|[from] brn\n|upkeep\n|turn|4\n|inactive|Time left: 300 sec this turn | 300 sec total\n|\n|t:|1783555329\n|move|p1a: Entei|Sacred Fire|p2a: Crawdaunt\n|-resisted|p2a: Crawdaunt\n|-crit|p2a: Crawdaunt\n|-damage|p2a: Crawdaunt|0 fnt\n|faint|p2a: Crawdaunt\n|\n|upkeep\n|inactive|Time left: 300 sec this turn | 300 sec total | 5 sec grace\n|\n|t:|1783555330\n|switch|p2a: Ninetales|Ninetales-Alola, L78, M|242/242\n|-weather|Snowscape|[from] ability: Snow Warning|[of] p2a: Ninetales\n|turn|5\n|inactive|Time left: 300 sec this turn | 300 sec total\n|\n|t:|1783555331\n|move|p2a: Ninetales|Aurora Veil|p2a: Ninetales\n|-sidestart|p2: p0y1321cf92|move: Aurora Veil\n|move|p1a: Entei|Sacred Fire|p2a: Ninetales\n|-supereffective|p2a: Ninetales\n|-damage|p2a: Ninetales|154/242\n|\n|-weather|Snowscape|[upkeep]\n|upkeep\n|turn|6\n|inactive|Time left: 300 sec this turn | 300 sec total\n|\n|t:|1783555333\n|move|p2a: Ninetales|Blizzard|p1a: Entei\n|-resisted|p1a: Entei\n|-damage|p1a: Entei|39/100\n|move|p1a: Entei|Sacred Fire|p2a: Ninetales\n|-supereffective|p2a: Ninetales\n|-damage|p2a: Ninetales|69/242\n|-status|p2a: Ninetales|brn\n|\n|-weather|Snowscape|[upkeep]\n|-damage|p2a: Ninetales|54/242 brn|[from] brn\n|upkeep\n|turn|7\n|inactive|Time left: 300 sec this turn | 300 sec total\n|\n|t:|1783555333\n|switch|p2a: Farigiraf|Farigiraf, L90, M|362/362\n|move|p1a: Entei|Sacred Fire|p2a: Farigiraf\n|-damage|p2a: Farigiraf|304/362\n|\n|-weather|Snowscape|[upkeep]\n|-heal|p2a: Farigiraf|326/362|[from] item: Leftovers\n|upkeep\n|turn|8\n|inactive|Time left: 300 sec this turn | 300 sec total\n|\n|t:|1783555334\n|move|p1a: Entei|Sacred Fire|p2a: Farigiraf\n|-damage|p2a: Farigiraf|264/362\n|move|p2a: Farigiraf|Psychic Noise|p1a: Entei\n|-damage|p1a: Entei|3/100\n|-start|p1a: Entei|move: Heal Block\n|\n|-weather|Snowscape|[upkeep]\n|-heal|p2a: Farigiraf|286/362|[from] item: Leftovers\n|upkeep\n|turn|9\n|inactive|Time left: 300 sec this turn | 300 sec total\n|\n|t:|1783555335\n|move|p1a: Entei|Flare Blitz|p2a: Farigiraf\n|-damage|p2a: Farigiraf|214/362\n|-damage|p1a: Entei|0 fnt|[from] Recoil\n|faint|p1a: Entei\n|move|p2a: Farigiraf|Wish|p2a: Farigiraf\n|\n|-weather|none\n|-heal|p2a: Farigiraf|236/362|[from] item: Leftovers\n|upkeep\n|\n|t:|1783555337\n|switch|p1a: Veluza|Veluza, L85, F|100/100\n|-activate|p1a: Veluza|move: Sticky Web\n|-unboost|p1a: Veluza|spe|1\n|turn|10\n|inactive|Time left: 300 sec this turn | 300 sec total\n|\n|t:|1783555338\n|move|p2a: Farigiraf|Body Slam|p1a: Veluza\n|-damage|p1a: Veluza|65/100\n|-status|p1a: Veluza|par\n|move|p1a: Veluza|Fillet Away|p1a: Veluza\n|-boost|p1a: Veluza|atk|2\n|-boost|p1a: Veluza|spa|2\n|-boost|p1a: Veluza|spe|2\n|-damage|p1a: Veluza|15/100 par\n|-enditem|p1a: Veluza|Sitrus Berry|[eat]\n|-heal|p1a: Veluza|40/100 par|[from] item: Sitrus Berry\n|\n|-heal|p2a: Farigiraf|362/362|[from] move: Wish|[wisher] Farigiraf\n|upkeep\n|turn|11\n|inactive|Time left: 300 sec this turn | 300 sec total\n|\n|t:|1783555339\n|move|p2a: Farigiraf|Body Slam|p1a: Veluza\n|-damage|p1a: Veluza|3/100 par\n|move|p1a: Veluza|Aqua Cutter|p2a: Farigiraf\n|-damage|p2a: Farigiraf|231/362\n|\n|-heal|p2a: Farigiraf|253/362|[from] item: Leftovers\n|upkeep\n|turn|12\n|inactive|Time left: 300 sec this turn | 300 sec total\n|\n|t:|1783555340\n|move|p2a: Farigiraf|Body Slam|p1a: Veluza\n|-damage|p1a: Veluza|0 fnt\n|faint|p1a: Veluza\n|\n|-heal|p2a: Farigiraf|275/362|[from] item: Leftovers\n|-sideend|p2: p0y1321cf92|move: Aurora Veil\n|upkeep\n|\n|t:|1783555342\n|switch|p1a: Rhyperior|Rhyperior, L82, F|100/100\n|-activate|p1a: Rhyperior|move: Sticky Web\n|-unboost|p1a: Rhyperior|spe|1\n|turn|13\n|inactive|Time left: 300 sec this turn | 300 sec total\n|\n|t:|1783555343\n|move|p2a: Farigiraf|Protect|p2a: Farigiraf\n|-singleturn|p2a: Farigiraf|Protect\n|move|p1a: Rhyperior|Megahorn|p2a: Farigiraf\n|-activate|p2a: Farigiraf|move: Protect\n|\n|-heal|p2a: Farigiraf|297/362|[from] item: Leftovers\n|upkeep\n|turn|14\n|inactive|Time left: 300 sec this turn | 300 sec total\n|\n|t:|1783555344\n|move|p2a: Farigiraf|Psychic Noise|p1a: Rhyperior\n|-damage|p1a: Rhyperior|57/100\n|-start|p1a: Rhyperior|move: Heal Block\n|move|p1a: Rhyperior|Megahorn|p2a: Farigiraf\n|-supereffective|p2a: Farigiraf\n|-damage|p2a: Farigiraf|0 fnt\n|faint|p2a: Farigiraf\n|\n|upkeep\n|inactive|Time left: 300 sec this turn | 300 sec total | 5 sec grace\n|\n|t:|1783555345\n|switch|p2a: Ninetales|Ninetales-Alola, L78, M|54/242 brn\n|-weather|Snowscape|[from] ability: Snow Warning|[of] p2a: Ninetales\n|turn|15\n|inactive|Time left: 300 sec this turn | 300 sec total\n|\n|t:|1783555346\n|move|p2a: Ninetales|Aurora Veil|p2a: Ninetales\n|-sidestart|p2: p0y1321cf92|move: Aurora Veil\n|move|p1a: Rhyperior|Megahorn|p2a: Ninetales\n|-resisted|p2a: Ninetales\n|-damage|p2a: Ninetales|22/242 brn\n|\n|-weather|Snowscape|[upkeep]\n|-damage|p2a: Ninetales|7/242 brn|[from] brn\n|-end|p1a: Rhyperior|move: Heal Block\n|upkeep\n|turn|16\n|inactive|Time left: 300 sec this turn | 300 sec total\n|\n|t:|1783555347\n|switch|p1a: Uxie|Uxie, L83|100/100\n|move|p2a: Ninetales|Moonblast|p1a: Uxie\n|-damage|p1a: Uxie|77/100\n|\n|-weather|Snowscape|[upkeep]\n|-heal|p1a: Uxie|84/100|[from] item: Leftovers\n|-damage|p2a: Ninetales|0 fnt|[from] brn\n|faint|p2a: Ninetales\n|upkeep\n|inactive|Time left: 300 sec this turn | 300 sec total | 5 sec grace\n|\n|t:|1783555349\n|switch|p2a: Masquerain|Masquerain, L87, F, tera:Ground|80/264\n|-ability|p2a: Masquerain|Intimidate|boost\n|-unboost|p1a: Uxie|atk|1\n|turn|17\n|inactive|Time left: 300 sec this turn | 300 sec total\n|\n|t:|1783555350\n|switch|p1a: Pincurchin|Pincurchin, F|100/100\n|-activate|p1a: Pincurchin|move: Sticky Web\n|-unboost|p1a: Pincurchin|spe|1\n|-fieldstart|move: Electric Terrain|[from] ability: Electric Surge|[of] p1a: Pincurchin\n|move|p2a: Masquerain|Bug Buzz|p1a: Pincurchin\n|-damage|p1a: Pincurchin|67/100\n|\n|-weather|Snowscape|[upkeep]\n|-heal|p1a: Pincurchin|73/100|[from] item: Leftovers\n|upkeep\n|turn|18\n|inactive|Time left: 300 sec this turn | 300 sec total\n|\n|t:|1783555351\n|move|p2a: Masquerain|Hurricane|p1a: Pincurchin\n|-resisted|p1a: Pincurchin\n|-damage|p1a: Pincurchin|51/100\n|move|p1a: Pincurchin|Scald|p2a: Masquerain\n|-supereffective|p2a: Masquerain\n|-damage|p2a: Masquerain|0 fnt\n|faint|p2a: Masquerain\n|\n|-weather|Snowscape|[upkeep]\n|-heal|p1a: Pincurchin|57/100|[from] item: Leftovers\n|upkeep\n|inactive|Time left: 300 sec this turn | 300 sec total | 5 sec grace\n|\n|t:|1783555352\n|switch|p2a: Furret|Furret, L94, F|312/312\n|-item|p1a: Pincurchin|Leftovers|[from] ability: Frisk|[of] p2a: Furret\n|turn|19\n|inactive|Time left: 300 sec this turn | 300 sec total\n|\n|t:|1783555353\n|move|p2a: Furret|Double-Edge|p1a: Pincurchin\n|-damage|p1a: Pincurchin|2/100\n|-damage|p2a: Furret|265/312|[from] Recoil\n|-damage|p2a: Furret|234/312|[from] item: Life Orb\n|move|p1a: Pincurchin|Recover|p1a: Pincurchin\n|-heal|p1a: Pincurchin|52/100\n|\n|-weather|none\n|-heal|p1a: Pincurchin|58/100|[from] item: Leftovers\n|upkeep\n|turn|20\n|inactive|Time left: 300 sec this turn | 300 sec total\n|\n|t:|1783555354\n|move|p2a: Furret|Tidy Up|p2a: Furret\n|-sideend|p1: p0x13214bc6|Sticky Web\n|-activate|p2a: Furret|move: Tidy Up\n|-boost|p2a: Furret|atk|1\n|-boost|p2a: Furret|spe|1\n|move|p1a: Pincurchin|Recover|p1a: Pincurchin\n|-heal|p1a: Pincurchin|100/100\n|\n|upkeep\n|turn|21\n|inactive|Time left: 300 sec this turn | 300 sec total\n|\n|t:|1783555356\n|move|p2a: Furret|Tidy Up|p2a: Furret\n|-boost|p2a: Furret|atk|1\n|-boost|p2a: Furret|spe|1\n|move|p1a: Pincurchin|Discharge|p2a: Furret\n|-damage|p2a: Furret|144/312\n|\n|-fieldend|move: Electric Terrain\n|upkeep\n|turn|22\n|inactive|Time left: 300 sec this turn | 300 sec total\n|\n|t:|1783555357\n|move|p2a: Furret|Knock Off|p1a: Pincurchin\n|-damage|p1a: Pincurchin|44/100\n|-enditem|p1a: Pincurchin|Leftovers|[from] move: Knock Off|[of] p2a: Furret\n|-damage|p2a: Furret|113/312|[from] item: Life Orb\n|move|p1a: Pincurchin|Scald|p2a: Furret\n|-damage|p2a: Furret|69/312\n|-status|p2a: Furret|brn\n|\n|-damage|p2a: Furret|50/312 brn|[from] brn\n|-sideend|p2: p0y1321cf92|move: Aurora Veil\n|upkeep\n|turn|23\n|inactive|Time left: 300 sec this turn | 300 sec total\n|\n|t:|1783555358\n|move|p2a: Furret|Double-Edge|p1a: Pincurchin\n|-damage|p1a: Pincurchin|0 fnt\n|faint|p1a: Pincurchin\n|-damage|p2a: Furret|13/312 brn|[from] Recoil\n|-damage|p2a: Furret|0 fnt|[from] item: Life Orb\n|faint|p2a: Furret\n|\n|upkeep\n|inactive|Time left: 300 sec this turn | 300 sec total | 5 sec grace\n|\n|t:|1783555359\n|switch|p2a: Sableye|Sableye, L88, F|231/231\n|switch|p1a: Rhyperior|Rhyperior, L82, F|57/100\n|turn|24\n|inactive|Time left: 300 sec this turn | 300 sec total\n|\n|t:|1783555360\n|move|p2a: Sableye|Will-O-Wisp|p1a: Rhyperior\n|-status|p1a: Rhyperior|brn\n|move|p1a: Rhyperior|Earthquake|p2a: Sableye\n|-damage|p2a: Sableye|125/231\n|\n|-heal|p2a: Sableye|139/231|[from] item: Leftovers\n|-damage|p1a: Rhyperior|51/100 brn|[from] brn\n|upkeep\n|turn|25\n|inactive|Time left: 300 sec this turn | 300 sec total\n|\n|t:|1783555361\n|move|p2a: Sableye|Recover|p2a: Sableye\n|-heal|p2a: Sableye|231/231\n|move|p1a: Rhyperior|Earthquake|p2a: Sableye\n|-damage|p2a: Sableye|126/231\n|\n|-heal|p2a: Sableye|140/231|[from] item: Leftovers\n|-damage|p1a: Rhyperior|45/100 brn|[from] brn\n|upkeep\n|turn|26\n|inactive|Time left: 300 sec this turn | 300 sec total\n|\n|t:|1783555363\n|move|p2a: Sableye|Recover|p2a: Sableye\n|-heal|p2a: Sableye|231/231\n|move|p1a: Rhyperior|Earthquake|p2a: Sableye\n|-damage|p2a: Sableye|127/231\n|\n|-heal|p2a: Sableye|141/231|[from] item: Leftovers\n|-damage|p1a: Rhyperior|39/100 brn|[from] brn\n|upkeep\n|turn|27\n|inactive|Time left: 300 sec this turn | 300 sec total\n|\n|t:|1783555364\n|move|p2a: Sableye|Knock Off|p1a: Rhyperior\n|-damage|p1a: Rhyperior|17/100 brn\n|-enditem|p1a: Rhyperior|Choice Band|[from] move: Knock Off|[of] p2a: Sableye\n|move|p1a: Rhyperior|Earthquake|p2a: Sableye\n|-crit|p2a: Sableye\n|-damage|p2a: Sableye|24/231\n|\n|-heal|p2a: Sableye|38/231|[from] item: Leftovers\n|-damage|p1a: Rhyperior|10/100 brn|[from] brn\n|upkeep\n|turn|28\n|inactive|Time left: 300 sec this turn | 300 sec total\n|\n|t:|1783555365\n|switch|p1a: Tauros|Tauros-Paldea-Aqua, L81, M|100/100\n|-ability|p1a: Tauros|Intimidate|boost\n|-unboost|p2a: Sableye|atk|1\n|move|p2a: Sableye|Recover|p2a: Sableye\n|-heal|p2a: Sableye|154/231\n|\n|-heal|p2a: Sableye|168/231|[from] item: Leftovers\n|upkeep\n|turn|29\n|inactive|Time left: 300 sec this turn | 300 sec total\n|\n|t:|1783555366\n|-terastallize|p1a: Tauros|Water\n|move|p2a: Sableye|Will-O-Wisp|p1a: Tauros\n|-status|p1a: Tauros|brn\n|move|p1a: Tauros|Liquidation|p2a: Sableye\n|-damage|p2a: Sableye|84/231\n|-unboost|p2a: Sableye|def|1\n|-damage|p1a: Tauros|91/100 brn|[from] item: Life Orb\n|\n|-heal|p2a: Sableye|98/231|[from] item: Leftovers\n|-damage|p1a: Tauros|85/100 brn|[from] brn\n|upkeep\n|turn|30\n|inactive|Time left: 300 sec this turn | 300 sec total\n|\n|t:|1783555367\n|move|p2a: Sableye|Recover|p2a: Sableye\n|-heal|p2a: Sableye|214/231\n|move|p1a: Tauros|Liquidation|p2a: Sableye\n|-damage|p2a: Sableye|85/231\n|-damage|p1a: Tauros|75/100 brn|[from] item: Life Orb\n|\n|-heal|p2a: Sableye|99/231|[from] item: Leftovers\n|-damage|p1a: Tauros|69/100 brn|[from] brn\n|upkeep\n|turn|31\n|inactive|Time left: 300 sec this turn | 300 sec total\n|\n|t:|1783555368\n|move|p2a: Sableye|Recover|p2a: Sableye\n|-heal|p2a: Sableye|215/231\n|move|p1a: Tauros|Liquidation|p2a: Sableye\n|-damage|p2a: Sableye|80/231\n|-damage|p1a: Tauros|59/100 brn|[from] item: Life Orb\n|\n|-heal|p2a: Sableye|94/231|[from] item: Leftovers\n|-damage|p1a: Tauros|53/100 brn|[from] brn\n|upkeep\n|turn|32\n|inactive|Time left: 300 sec this turn | 300 sec total\n|\n|t:|1783555369\n|move|p2a: Sableye|Recover|p2a: Sableye\n|-heal|p2a: Sableye|210/231\n|move|p1a: Tauros|Liquidation|p2a: Sableye\n|-damage|p2a: Sableye|88/231\n|-damage|p1a: Tauros|43/100 brn|[from] item: Life Orb\n|\n|-heal|p2a: Sableye|102/231|[from] item: Leftovers\n|-damage|p1a: Tauros|38/100 brn|[from] brn\n|upkeep\n|turn|33\n|inactive|Time left: 300 sec this turn | 300 sec total\n|\n|t:|1783555370\n|move|p2a: Sableye|Recover|p2a: Sableye\n|-heal|p2a: Sableye|218/231\n|move|p1a: Tauros|Liquidation|p2a: Sableye\n|-damage|p2a: Sableye|91/231\n|-damage|p1a: Tauros|28/100 brn|[from] item: Life Orb\n|\n|-heal|p2a: Sableye|105/231|[from] item: Leftovers\n|-damage|p1a: Tauros|22/100 brn|[from] brn\n|upkeep\n|turn|34\n|inactive|Time left: 300 sec this turn | 300 sec total\n|\n|t:|1783555371\n|move|p2a: Sableye|Recover|p2a: Sableye\n|-heal|p2a: Sableye|221/231\n|move|p1a: Tauros|Liquidation|p2a: Sableye\n|-damage|p2a: Sableye|99/231\n|-damage|p1a: Tauros|12/100 brn|[from] item: Life Orb\n|\n|-heal|p2a: Sableye|113/231|[from] item: Leftovers\n|-damage|p1a: Tauros|6/100 brn|[from] brn\n|upkeep\n|turn|35\n|inactive|Time left: 300 sec this turn | 300 sec total\n|\n|t:|1783555372\n|move|p2a: Sableye|Will-O-Wisp|p1a: Tauros\n|-fail|p1a: Tauros|brn\n|move|p1a: Tauros|Liquidation|p2a: Sableye\n|-damage|p2a: Sableye|0 fnt\n|faint|p2a: Sableye\n|-damage|p1a: Tauros|0 fnt|[from] item: Life Orb\n|faint|p1a: Tauros\n|\n|win|p0x13214bc6", "uploadtime": 1783555372, "views": 0, "rating": 0, "private": 0, "password": null, "_winner": "p0x13214bc6", "_our_name": "p0y1321cf92"}