{"id": "battle-gen9randombattle-2754", "formatid": "gen9randombattle", "format": "[Gen 9] Random Battle", "players": ["p0x275493c2", "p0y2754c244"], "log": "|init|battle\n|title|p0x275493c2 vs. p0y2754c244\n|j|\u2606p0x275493c2\n|j|\u2606p0y2754c244\n|t:|1783570730\n|gametype|singles\n|player|p1|p0x275493c2|170|\n|player|p2|p0y2754c244|265|\n|gen|9\n|tier|[Gen 9] Random Battle\n|rule|Species Clause: Limit one of each Pok\u00e9mon\n|rule|HP Percentage Mod: HP is shown in percentages\n|rule|Sleep Clause Mod: Limit one foe put to sleep\n|rule|Illusion Level Mod: Illusion disguises the Pok\u00e9mon's true level\n|\n|t:|1783570730\n|teamsize|p1|6\n|teamsize|p2|6\n|start\n|switch|p1a: Flutter Mane|Flutter Mane, L74|203/203\n|switch|p2a: Iron Jugulis|Iron Jugulis, L77|100/100\n|turn|1\n|inactive|Battle timer is ON: inactive players will automatically lose when time's up. (requested by p0x275493c2)\n|inactive|p0y2754c244 also wants the timer to be on.\n|\n|t:|1783570731\n|-end|p2a: Iron Jugulis|Quark Drive|[silent]\n|switch|p2a: Hoopa|Hoopa, L85|100/100\n|move|p1a: Flutter Mane|Moonblast|p2a: Hoopa\n|-damage|p2a: Hoopa|64/100\n|-unboost|p2a: Hoopa|spa|1\n|-damage|p1a: Flutter Mane|183/203|[from] item: Life Orb\n|\n|upkeep\n|turn|2\n|inactive|Time left: 300 sec this turn | 300 sec total\n|\n|t:|1783570732\n|switch|p2a: Mightyena|Mightyena, L96, M|100/100\n|-ability|p2a: Mightyena|Intimidate|boost\n|-unboost|p1a: Flutter Mane|atk|1\n|move|p1a: Flutter Mane|Shadow Ball|p2a: Mightyena\n|-resisted|p2a: Mightyena\n|-damage|p2a: Mightyena|86/100\n|-damage|p1a: Flutter Mane|163/203|[from] item: Life Orb\n|\n|upkeep\n|turn|3\n|inactive|Time left: 300 sec this turn | 300 sec total\n|\n|t:|1783570733\n|-end|p1a: Flutter Mane|Protosynthesis|[silent]\n|switch|p1a: Overqwil|Overqwil, L82, M|274/274\n|-ability|p1a: Overqwil|Intimidate|boost\n|-unboost|p2a: Mightyena|atk|1\n|move|p2a: Mightyena|Throat Chop|p1a: Overqwil\n|-resisted|p1a: Overqwil\n|-damage|p1a: Overqwil|240/274\n|-start|p1a: Overqwil|Throat Chop|[silent]\n|\n|upkeep\n|turn|4\n|inactive|Time left: 300 sec this turn | 300 sec total\n|\n|t:|1783570735\n|switch|p2a: Articuno|Articuno, L86|100/100\n|-ability|p2a: Articuno|Pressure\n|move|p1a: Overqwil|Swords Dance|p1a: Overqwil\n|-boost|p1a: Overqwil|atk|2\n|\n|-end|p1a: Overqwil|Throat Chop|[silent]\n|upkeep\n|turn|5\n|inactive|Time left: 300 sec this turn | 300 sec total\n|\n|t:|1783570736\n|move|p2a: Articuno|Freeze-Dry|p1a: Overqwil\n|-damage|p1a: Overqwil|141/274\n|move|p1a: Overqwil|Scale Shot|p2a: Articuno\n|-damage|p2a: Articuno|88/100\n|-crit|p2a: Articuno\n|-damage|p2a: Articuno|68/100\n|-damage|p2a: Articuno|57/100\n|-damage|p2a: Articuno|46/100\n|-damage|p2a: Articuno|34/100\n|-hitcount|p2a: Articuno|5\n|-unboost|p1a: Overqwil|def|1\n|-boost|p1a: Overqwil|spe|1\n|\n|upkeep\n|turn|6\n|inactive|Time left: 300 sec this turn | 300 sec total\n|\n|t:|1783570737\n|switch|p2a: Mightyena|Mightyena, L96, M|86/100\n|-ability|p2a: Mightyena|Intimidate|boost\n|-unboost|p1a: Overqwil|atk|1\n|move|p1a: Overqwil|Crunch|p2a: Mightyena\n|-resisted|p2a: Mightyena\n|-damage|p2a: Mightyena|61/100\n|\n|upkeep\n|turn|7\n|inactive|Time left: 300 sec this turn | 300 sec total\n|\n|t:|1783570738\n|move|p2a: Mightyena|Sucker Punch|p1a: Overqwil\n|-resisted|p1a: Overqwil\n|-damage|p1a: Overqwil|69/274\n|move|p1a: Overqwil|Gunk Shot|p2a: Mightyena\n|-damage|p2a: Mightyena|0 fnt\n|faint|p2a: Mightyena\n|\n|upkeep\n|\n|t:|1783570738\n|switch|p2a: Suicune|Suicune, L82|100/100\n|-ability|p2a: Suicune|Pressure\n|turn|8\n|inactive|Time left: 300 sec this turn | 300 sec total\n|\n|t:|1783570739\n|move|p1a: Overqwil|Gunk Shot|p2a: Suicune\n|-damage|p2a: Suicune|47/100\n|-status|p2a: Suicune|psn\n|move|p2a: Suicune|Scald|p1a: Overqwil\n|-damage|p1a: Overqwil|0 fnt\n|faint|p1a: Overqwil\n|\n|-heal|p2a: Suicune|53/100 psn|[from] item: Leftovers\n|-damage|p2a: Suicune|40/100 psn|[from] psn\n|upkeep\n|inactive|Time left: 300 sec this turn | 300 sec total | 5 sec grace\n|\n|t:|1783570740\n|switch|p1a: Venomoth|Venomoth, L84, F|255/255\n|turn|9\n|inactive|Time left: 300 sec this turn | 300 sec total\n|\n|t:|1783570742\n|switch|p2a: Hoopa|Hoopa, L85|64/100\n|move|p1a: Venomoth|Quiver Dance|p1a: Venomoth\n|-boost|p1a: Venomoth|spa|1\n|-boost|p1a: Venomoth|spd|1\n|-boost|p1a: Venomoth|spe|1\n|\n|upkeep\n|turn|10\n|inactive|Time left: 300 sec this turn | 300 sec total\n|\n|t:|1783570742\n|move|p1a: Venomoth|Sleep Powder|p2a: Hoopa\n|-status|p2a: Hoopa|slp|[from] move: Sleep Powder\n|cant|p2a: Hoopa|slp\n|\n|upkeep\n|turn|11\n|inactive|Time left: 300 sec this turn | 300 sec total\n|\n|t:|1783570744\n|move|p1a: Venomoth|Quiver Dance|p1a: Venomoth\n|-boost|p1a: Venomoth|spa|1\n|-boost|p1a: Venomoth|spd|1\n|-boost|p1a: Venomoth|spe|1\n|cant|p2a: Hoopa|slp\n|\n|upkeep\n|turn|12\n|inactive|Time left: 300 sec this turn | 300 sec total\n|\n|t:|1783570744\n|move|p1a: Venomoth|Sludge Wave|p2a: Hoopa\n|-resisted|p2a: Hoopa\n|-damage|p2a: Hoopa|10/100 slp\n|-curestatus|p2a: Hoopa|slp|[msg]\n|move|p2a: Hoopa|Psychic|p1a: Venomoth\n|-supereffective|p1a: Venomoth\n|-damage|p1a: Venomoth|29/255\n|-damage|p2a: Hoopa|0 fnt|[from] item: Life Orb\n|faint|p2a: Hoopa\n|\n|upkeep\n|\n|t:|1783570745\n|switch|p2a: Iron Jugulis|Iron Jugulis, L77|100/100\n|turn|13\n|inactive|Time left: 300 sec this turn | 300 sec total\n|\n|t:|1783570746\n|move|p1a: Venomoth|Sleep Powder|p2a: Iron Jugulis\n|-status|p2a: Iron Jugulis|slp|[from] move: Sleep Powder\n|cant|p2a: Iron Jugulis|slp\n|\n|upkeep\n|turn|14\n|inactive|Time left: 300 sec this turn | 300 sec total\n|\n|t:|1783570747\n|move|p1a: Venomoth|Bug Buzz|p2a: Iron Jugulis\n|-damage|p2a: Iron Jugulis|18/100 slp\n|cant|p2a: Iron Jugulis|slp\n|\n|upkeep\n|turn|15\n|inactive|Time left: 300 sec this turn | 300 sec total\n|\n|t:|1783570748\n|move|p1a: Venomoth|Bug Buzz|p2a: Iron Jugulis\n|-damage|p2a: Iron Jugulis|0 fnt\n|faint|p2a: Iron Jugulis\n|-end|p2a: Iron Jugulis|Quark Drive|[silent]\n|\n|upkeep\n|\n|t:|1783570749\n|switch|p2a: Cinccino|Cinccino, L83, F|100/100\n|turn|16\n|inactive|Time left: 300 sec this turn | 300 sec total\n|\n|t:|1783570750\n|move|p1a: Venomoth|Sludge Wave|p2a: Cinccino\n|-damage|p2a: Cinccino|7/100\n|move|p2a: Cinccino|Bullet Seed|p1a: Venomoth\n|-resisted|p1a: Venomoth\n|-damage|p1a: Venomoth|21/255\n|-resisted|p1a: Venomoth\n|-damage|p1a: Venomoth|14/255\n|-resisted|p1a: Venomoth\n|-damage|p1a: Venomoth|5/255\n|-resisted|p1a: Venomoth\n|-damage|p1a: Venomoth|0 fnt\n|faint|p1a: Venomoth\n|-hitcount|p1: Venomoth|4\n|\n|upkeep\n|inactive|Time left: 300 sec this turn | 300 sec total | 5 sec grace\n|\n|t:|1783570751\n|switch|p1a: Flutter Mane|Flutter Mane, L74|163/203\n|turn|17\n|inactive|Time left: 300 sec this turn | 300 sec total\n|\n|t:|1783570752\n|move|p1a: Flutter Mane|Mystical Fire|p2a: Cinccino\n|-damage|p2a: Cinccino|0 fnt\n|faint|p2a: Cinccino\n|-damage|p1a: Flutter Mane|143/203|[from] item: Life Orb\n|\n|upkeep\n|\n|t:|1783570753\n|switch|p2a: Suicune|Suicune, L82|40/100 psn\n|-ability|p2a: Suicune|Pressure\n|turn|18\n|inactive|Time left: 300 sec this turn | 300 sec total\n|\n|t:|1783570754\n|move|p1a: Flutter Mane|Calm Mind|p1a: Flutter Mane\n|-boost|p1a: Flutter Mane|spa|1\n|-boost|p1a: Flutter Mane|spd|1\n|move|p2a: Suicune|Scald|p1a: Flutter Mane\n|-damage|p1a: Flutter Mane|103/203\n|-status|p1a: Flutter Mane|brn\n|\n|-heal|p2a: Suicune|46/100 psn|[from] item: Leftovers\n|-damage|p2a: Suicune|34/100 psn|[from] psn\n|-damage|p1a: Flutter Mane|91/203 brn|[from] brn\n|upkeep\n|turn|19\n|inactive|Time left: 300 sec this turn | 300 sec total\n|\n|t:|1783570755\n|move|p1a: Flutter Mane|Shadow Ball|p2a: Suicune\n|-damage|p2a: Suicune|0 fnt\n|faint|p2a: Suicune\n|-damage|p1a: Flutter Mane|71/203 brn|[from] item: Life Orb\n|\n|-damage|p1a: Flutter Mane|59/203 brn|[from] brn\n|upkeep\n|\n|t:|1783570756\n|switch|p2a: Articuno|Articuno, L86|34/100\n|-ability|p2a: Articuno|Pressure\n|turn|20\n|inactive|Time left: 300 sec this turn | 300 sec total\n|\n|t:|1783570757\n|-terastallize|p1a: Flutter Mane|Fire\n|-terastallize|p2a: Articuno|Steel\n|move|p1a: Flutter Mane|Mystical Fire|p2a: Articuno\n|-supereffective|p2a: Articuno\n|-damage|p2a: Articuno|0 fnt\n|faint|p2a: Articuno\n|-damage|p1a: Flutter Mane|39/203 brn|[from] item: Life Orb\n|\n|win|p0x275493c2", "uploadtime": 1783570757, "views": 0, "rating": 0, "private": 0, "password": null, "_winner": "p0x275493c2", "_our_name": "p0x275493c2"}