{"id": "battle-gen9randombattle-378", "formatid": "gen9randombattle", "format": "[Gen 9] Random Battle", "players": ["p0x378314a", "p0y37831fc"], "log": "|init|battle\n|title|p0x378314a vs. p0y37831fc\n|j|\u2606p0x378314a\n|j|\u2606p0y37831fc\n|t:|1783544037\n|gametype|singles\n|player|p1|p0x378314a|265|\n|player|p2|p0y37831fc|170|\n|gen|9\n|tier|[Gen 9] Random Battle\n|rule|Species Clause: Limit one of each Pok\u00e9mon\n|rule|HP Percentage Mod: HP is shown in percentages\n|rule|Sleep Clause Mod: Limit one foe put to sleep\n|rule|Illusion Level Mod: Illusion disguises the Pok\u00e9mon's true level\n|\n|t:|1783544037\n|teamsize|p1|6\n|teamsize|p2|6\n|start\n|switch|p1a: Basculin|Basculin-Blue-Striped, L86, F|100/100\n|switch|p2a: Drifblim|Drifblim, L86, M|396/396\n|turn|1\n|inactive|Battle timer is ON: inactive players will automatically lose when time's up. (requested by p0y37831fc)\n|inactive|p0x378314a also wants the timer to be on.\n|\n|t:|1783544038\n|move|p1a: Basculin|Wave Crash|p2a: Drifblim\n|-damage|p2a: Drifblim|12/396\n|-enditem|p2a: Drifblim|Sitrus Berry|[eat]\n|-heal|p2a: Drifblim|111/396|[from] item: Sitrus Berry\n|-damage|p1a: Basculin|52/100|[from] Recoil\n|move|p2a: Drifblim|Calm Mind|p2a: Drifblim\n|-boost|p2a: Drifblim|spa|1\n|-boost|p2a: Drifblim|spd|1\n|\n|upkeep\n|turn|2\n|inactive|Time left: 300 sec this turn | 300 sec total\n|\n|t:|1783544039\n|switch|p1a: Mightyena|Mightyena, L96, M|100/100\n|-ability|p1a: Mightyena|Intimidate|boost\n|-unboost|p2a: Drifblim|atk|1\n|move|p2a: Drifblim|Strength Sap|p1a: Mightyena\n|-unboost|p1a: Mightyena|atk|1\n|-heal|p2a: Drifblim|338/396\n|\n|upkeep\n|turn|3\n|inactive|Time left: 300 sec this turn | 300 sec total\n|\n|t:|1783544041\n|move|p2a: Drifblim|Air Slash|p1a: Mightyena\n|-crit|p1a: Mightyena\n|-damage|p1a: Mightyena|50/100\n|move|p1a: Mightyena|Throat Chop|p2a: Drifblim\n|-supereffective|p2a: Drifblim\n|-damage|p2a: Drifblim|114/396\n|-start|p2a: Drifblim|Throat Chop|[silent]\n|\n|upkeep\n|turn|4\n|inactive|Time left: 300 sec this turn | 300 sec total\n|\n|t:|1783544042\n|move|p2a: Drifblim|Strength Sap|p1a: Mightyena\n|-unboost|p1a: Mightyena|atk|1\n|-heal|p2a: Drifblim|265/396\n|move|p1a: Mightyena|Throat Chop|p2a: Drifblim\n|-supereffective|p2a: Drifblim\n|-damage|p2a: Drifblim|115/396\n|\n|-end|p2a: Drifblim|Throat Chop|[silent]\n|upkeep\n|turn|5\n|inactive|Time left: 300 sec this turn | 300 sec total\n|\n|t:|1783544043\n|switch|p1a: Regirock|Regirock, L83|100/100\n|move|p2a: Drifblim|Strength Sap|p1a: Regirock\n|-fail|p1a: Regirock|unboost|[from] ability: Clear Body|[of] p1a: Regirock\n|-heal|p2a: Drifblim|329/396\n|\n|upkeep\n|turn|6\n|inactive|Time left: 300 sec this turn | 300 sec total\n|\n|t:|1783544044\n|move|p2a: Drifblim|Air Slash|p1a: Regirock\n|-resisted|p1a: Regirock\n|-damage|p1a: Regirock|79/100\n|cant|p1a: Regirock|flinch\n|\n|-heal|p1a: Regirock|85/100|[from] item: Leftovers\n|upkeep\n|turn|7\n|inactive|Time left: 300 sec this turn | 300 sec total\n|\n|t:|1783544045\n|move|p2a: Drifblim|Shadow Ball|p1a: Regirock\n|-damage|p1a: Regirock|41/100\n|move|p1a: Regirock|Stone Edge|p2a: Drifblim|[miss]\n|-miss|p1a: Regirock|p2a: Drifblim\n|\n|-heal|p1a: Regirock|47/100|[from] item: Leftovers\n|upkeep\n|turn|8\n|inactive|Time left: 300 sec this turn | 300 sec total\n|\n|t:|1783544046\n|move|p2a: Drifblim|Shadow Ball|p1a: Regirock\n|-damage|p1a: Regirock|2/100\n|move|p1a: Regirock|Stone Edge|p2a: Drifblim\n|-supereffective|p2a: Drifblim\n|-damage|p2a: Drifblim|0 fnt\n|faint|p2a: Drifblim\n|\n|-heal|p1a: Regirock|8/100|[from] item: Leftovers\n|upkeep\n|inactive|Time left: 300 sec this turn | 300 sec total | 5 sec grace\n|\n|t:|1783544047\n|switch|p2a: Floatzel|Floatzel, L86, M|286/286\n|turn|9\n|inactive|Time left: 300 sec this turn | 300 sec total\n|\n|t:|1783544048\n|move|p2a: Floatzel|Wave Crash|p1a: Regirock\n|-supereffective|p1a: Regirock\n|-damage|p1a: Regirock|0 fnt\n|faint|p1a: Regirock\n|-damage|p2a: Floatzel|279/286|[from] Recoil\n|\n|upkeep\n|\n|t:|1783544049\n|switch|p1a: Rabsca|Rabsca, L91, M|100/100\n|turn|10\n|inactive|Time left: 300 sec this turn | 300 sec total\n|\n|t:|1783544050\n|move|p2a: Floatzel|Wave Crash|p1a: Rabsca\n|-damage|p1a: Rabsca|33/100\n|-damage|p2a: Floatzel|216/286|[from] Recoil\n|move|p1a: Rabsca|Bug Buzz|p2a: Floatzel\n|-damage|p2a: Floatzel|32/286\n|\n|upkeep\n|turn|11\n|inactive|Time left: 300 sec this turn | 300 sec total\n|\n|t:|1783544051\n|switch|p1a: Palafin|Palafin, L77, F|100/100\n|move|p2a: Floatzel|Wave Crash|p1a: Palafin\n|-resisted|p1a: Palafin\n|-damage|p1a: Palafin|52/100\n|-damage|p2a: Floatzel|0 fnt|[from] Recoil\n|faint|p2a: Floatzel\n|\n|-heal|p1a: Palafin|59/100|[from] item: Leftovers\n|upkeep\n|inactive|Time left: 300 sec this turn | 300 sec total | 5 sec grace\n|\n|t:|1783544052\n|switch|p2a: Iron Jugulis|Iron Jugulis, L77|271/271\n|turn|12\n|inactive|Time left: 300 sec this turn | 300 sec total\n|\n|t:|1783544053\n|detailschange|p1a: Palafin|Palafin-Hero, L77, F\n|switch|p1a: Mightyena|Mightyena, L96, M|50/100\n|-ability|p1a: Mightyena|Intimidate|boost\n|-unboost|p2a: Iron Jugulis|atk|1\n|move|p2a: Iron Jugulis|Meteor Beam||[still]\n|-prepare|p2a: Iron Jugulis|Meteor Beam\n|-boost|p2a: Iron Jugulis|spa|1\n|-enditem|p2a: Iron Jugulis|Power Herb\n|-anim|p2a: Iron Jugulis|Meteor Beam|p1a: Mightyena\n|-damage|p1a: Mightyena|18/100\n|\n|upkeep\n|turn|13\n|inactive|Time left: 300 sec this turn | 300 sec total\n|\n|t:|1783544054\n|move|p2a: Iron Jugulis|Meteor Beam||[still]\n|-prepare|p2a: Iron Jugulis|Meteor Beam\n|-boost|p2a: Iron Jugulis|spa|1\n|move|p1a: Mightyena|Play Rough|p2a: Iron Jugulis|[miss]\n|-miss|p1a: Mightyena|p2a: Iron Jugulis\n|\n|upkeep\n|turn|14\n|inactive|Time left: 300 sec this turn | 300 sec total\n|\n|t:|1783544055\n|move|p1a: Mightyena|Sucker Punch|p2a: Iron Jugulis\n|-resisted|p2a: Iron Jugulis\n|-damage|p2a: Iron Jugulis|219/271\n|move|p2a: Iron Jugulis|Meteor Beam|p1a: Mightyena|[from] lockedmove\n|-damage|p1a: Mightyena|0 fnt\n|faint|p1a: Mightyena\n|\n|upkeep\n|\n|t:|1783544056\n|switch|p1a: Basculin|Basculin-Blue-Striped, L86, F|52/100\n|turn|15\n|inactive|Time left: 300 sec this turn | 300 sec total\n|\n|t:|1783544057\n|-end|p2a: Iron Jugulis|Quark Drive|[silent]\n|switch|p2a: Regigigas|Regigigas, L84|322/322\n|-start|p2a: Regigigas|ability: Slow Start\n|move|p1a: Basculin|Wave Crash|p2a: Regigigas\n|-damage|p2a: Regigigas|96/322\n|-damage|p1a: Basculin|23/100|[from] Recoil\n|\n|-heal|p2a: Regigigas|116/322|[from] item: Leftovers\n|upkeep\n|turn|16\n|inactive|Time left: 300 sec this turn | 300 sec total\n|\n|t:|1783544058\n|move|p2a: Regigigas|Protect|p2a: Regigigas\n|-singleturn|p2a: Regigigas|Protect\n|move|p1a: Basculin|Wave Crash|p2a: Regigigas\n|-activate|p2a: Regigigas|move: Protect\n|\n|-heal|p2a: Regigigas|136/322|[from] item: Leftovers\n|upkeep\n|turn|17\n|inactive|Time left: 300 sec this turn | 300 sec total\n|\n|t:|1783544059\n|move|p1a: Basculin|Wave Crash|p2a: Regigigas\n|-damage|p2a: Regigigas|0 fnt\n|faint|p2a: Regigigas\n|-end|p2a: Regigigas|Slow Start|[silent]\n|-damage|p1a: Basculin|6/100|[from] Recoil\n|\n|upkeep\n|inactive|Time left: 300 sec this turn | 300 sec total | 5 sec grace\n|\n|t:|1783544060\n|switch|p2a: Furret|Furret, L94, F|312/312\n|-item|p1a: Basculin|Choice Band|[from] ability: Frisk|[of] p2a: Furret\n|turn|18\n|inactive|Time left: 300 sec this turn | 300 sec total\n|\n|t:|1783544061\n|move|p2a: Furret|Double-Edge|p1a: Basculin\n|-damage|p1a: Basculin|0 fnt\n|faint|p1a: Basculin\n|-damage|p2a: Furret|307/312|[from] Recoil\n|-damage|p2a: Furret|276/312|[from] item: Life Orb\n|\n|upkeep\n|\n|t:|1783544062\n|switch|p1a: Volbeat|Volbeat, L90, M|100/100\n|turn|19\n|inactive|Time left: 300 sec this turn | 300 sec total\n|\n|t:|1783544063\n|move|p2a: Furret|Tidy Up|p2a: Furret\n|-boost|p2a: Furret|atk|1\n|-boost|p2a: Furret|spe|1\n|move|p1a: Volbeat|U-turn|p2a: Furret\n|-damage|p2a: Furret|197/312\n|\n|t:|1783544064\n|switch|p1a: Palafin|Palafin-Hero, L77, F|59/100|[from] U-turn\n|-activate|p1a: Palafin|ability: Zero to Hero\n|\n|-heal|p1a: Palafin|65/100|[from] item: Leftovers\n|upkeep\n|turn|20\n|inactive|Time left: 300 sec this turn | 300 sec total\n|\n|t:|1783544065\n|move|p1a: Palafin|Jet Punch|p2a: Furret\n|-damage|p2a: Furret|107/312\n|move|p2a: Furret|Double-Edge|p1a: Palafin\n|-damage|p1a: Palafin|0 fnt\n|faint|p1a: Palafin\n|-damage|p2a: Furret|48/312|[from] Recoil\n|-damage|p2a: Furret|17/312|[from] item: Life Orb\n|\n|upkeep\n|\n|t:|1783544066\n|switch|p1a: Rabsca|Rabsca, L91, M|33/100\n|turn|21\n|inactive|Time left: 300 sec this turn | 300 sec total\n|\n|t:|1783544067\n|move|p2a: Furret|Double-Edge|p1a: Rabsca\n|-damage|p1a: Rabsca|0 fnt\n|faint|p1a: Rabsca\n|-damage|p2a: Furret|0 fnt|[from] Recoil\n|faint|p2a: Furret\n|\n|upkeep\n|inactive|Time left: 300 sec this turn | 300 sec total | 5 sec grace\n|\n|t:|1783544068\n|switch|p2a: Iron Jugulis|Iron Jugulis, L77|219/271\n|switch|p1a: Volbeat|Volbeat, L90, M|100/100\n|turn|22\n|inactive|Time left: 300 sec this turn | 300 sec total\n|\n|t:|1783544069\n|move|p2a: Iron Jugulis|Meteor Beam||[still]\n|-prepare|p2a: Iron Jugulis|Meteor Beam\n|-boost|p2a: Iron Jugulis|spa|1\n|move|p1a: Volbeat|U-turn|p2a: Iron Jugulis\n|-damage|p2a: Iron Jugulis|134/271\n|\n|upkeep\n|turn|23\n|inactive|Time left: 300 sec this turn | 300 sec total\n|\n|t:|1783544070\n|-terastallize|p1a: Volbeat|Water\n|move|p2a: Iron Jugulis|Meteor Beam|p1a: Volbeat|[from] lockedmove|[miss]\n|-miss|p2a: Iron Jugulis|p1a: Volbeat\n|move|p1a: Volbeat|U-turn|p2a: Iron Jugulis\n|-damage|p2a: Iron Jugulis|55/271\n|\n|upkeep\n|turn|24\n|inactive|Time left: 300 sec this turn | 300 sec total\n|\n|t:|1783544071\n|-terastallize|p2a: Iron Jugulis|Dark\n|move|p2a: Iron Jugulis|Dark Pulse|p1a: Volbeat\n|-damage|p1a: Volbeat|36/100\n|cant|p1a: Volbeat|flinch\n|\n|upkeep\n|turn|25\n|inactive|Time left: 300 sec this turn | 300 sec total\n|\n|t:|1783544072\n|move|p2a: Iron Jugulis|Dark Pulse|p1a: Volbeat\n|-damage|p1a: Volbeat|0 fnt\n|faint|p1a: Volbeat\n|\n|win|p0y37831fc", "uploadtime": 1783544072, "views": 0, "rating": 0, "private": 0, "password": null, "_winner": "p0y37831fc", "_our_name": "p0y37831fc"}