{"id": "battle-gen9randombattle-1639", "formatid": "gen9randombattle", "format": "[Gen 9] Random Battle", "players": ["p0x163949ec", "p0y1639ae12"], "log": "|init|battle\n|title|p0x163949ec vs. p0y1639ae12\n|j|\u2606p0x163949ec\n|j|\u2606p0y1639ae12\n|t:|1783558228\n|gametype|singles\n|player|p1|p0x163949ec|1|\n|player|p2|p0y1639ae12|170|\n|gen|9\n|tier|[Gen 9] Random Battle\n|rule|Species Clause: Limit one of each Pok\u00e9mon\n|rule|HP Percentage Mod: HP is shown in percentages\n|rule|Sleep Clause Mod: Limit one foe put to sleep\n|rule|Illusion Level Mod: Illusion disguises the Pok\u00e9mon's true level\n|\n|t:|1783558228\n|teamsize|p1|6\n|teamsize|p2|6\n|start\n|switch|p1a: Chesnaught|Chesnaught, L84, M|100/100\n|switch|p2a: Tatsugiri|Tatsugiri, L87, F|260/260\n|turn|1\n|inactive|Battle timer is ON: inactive players will automatically lose when time's up. (requested by p0x163949ec)\n|inactive|Time left: 300 sec this turn | 300 sec total | 60 sec grace\n|inactive|p0y1639ae12 also wants the timer to be on.\n|\n|t:|1783558230\n|move|p2a: Tatsugiri|Nasty Plot|p2a: Tatsugiri\n|-boost|p2a: Tatsugiri|spa|2\n|move|p1a: Chesnaught|Body Press|p2a: Tatsugiri\n|-damage|p2a: Tatsugiri|127/260\n|\n|upkeep\n|turn|2\n|inactive|Time left: 300 sec this turn | 300 sec total\n|\n|t:|1783558232\n|move|p2a: Tatsugiri|Draco Meteor|p1a: Chesnaught\n|-damage|p1a: Chesnaught|0 fnt\n|-unboost|p2a: Tatsugiri|spa|2\n|faint|p1a: Chesnaught\n|\n|upkeep\n|\n|t:|1783558233\n|switch|p1a: Squawkabilly|Squawkabilly-Blue, L85, M|100/100\n|turn|3\n|inactive|Time left: 300 sec this turn | 300 sec total\n|\n|t:|1783558234\n|switch|p2a: Cetitan|Cetitan, L82, M|413/413\n|move|p1a: Squawkabilly|Brave Bird|p2a: Cetitan\n|-damage|p2a: Cetitan|247/413\n|-damage|p1a: Squawkabilly|81/100|[from] Recoil\n|\n|-status|p1a: Squawkabilly|brn|[from] item: Flame Orb\n|upkeep\n|turn|4\n|inactive|Time left: 300 sec this turn | 300 sec total\n|\n|t:|1783558235\n|move|p2a: Cetitan|Ice Shard|p1a: Squawkabilly\n|-supereffective|p1a: Squawkabilly\n|-damage|p1a: Squawkabilly|15/100 brn\n|-damage|p2a: Cetitan|206/413|[from] item: Life Orb\n|move|p1a: Squawkabilly|Facade|p2a: Cetitan\n|-damage|p2a: Cetitan|0 fnt\n|faint|p2a: Cetitan\n|\n|-damage|p1a: Squawkabilly|9/100 brn|[from] brn\n|upkeep\n|inactive|Time left: 300 sec this turn | 300 sec total | 5 sec grace\n|\n|t:|1783558236\n|switch|p2a: Grumpig|Grumpig, L92, F|297/297\n|turn|5\n|inactive|Time left: 300 sec this turn | 300 sec total\n|\n|t:|1783558237\n|-terastallize|p1a: Squawkabilly|Normal\n|move|p2a: Grumpig|Psyshock|p1a: Squawkabilly\n|-damage|p1a: Squawkabilly|0 fnt\n|faint|p1a: Squawkabilly\n|\n|upkeep\n|\n|t:|1783558238\n|switch|p1a: Kingdra|Kingdra, L84, M, shiny|100/100\n|turn|6\n|inactive|Time left: 300 sec this turn | 300 sec total\n|\n|t:|1783558239\n|move|p2a: Grumpig|Psyshock|p1a: Kingdra\n|-damage|p1a: Kingdra|64/100\n|move|p1a: Kingdra|Outrage|p2a: Grumpig\n|-damage|p2a: Grumpig|165/297\n|\n|upkeep\n|turn|7\n|inactive|Time left: 300 sec this turn | 300 sec total\n|\n|t:|1783558240\n|move|p2a: Grumpig|Psyshock|p1a: Kingdra\n|-damage|p1a: Kingdra|32/100\n|move|p1a: Kingdra|Outrage|p2a: Grumpig|[from] lockedmove\n|-damage|p2a: Grumpig|11/297\n|\n|upkeep\n|turn|8\n|inactive|Time left: 300 sec this turn | 300 sec total\n|\n|t:|1783558241\n|move|p2a: Grumpig|Psyshock|p1a: Kingdra\n|-damage|p1a: Kingdra|0 fnt\n|faint|p1a: Kingdra\n|\n|upkeep\n|\n|t:|1783558242\n|switch|p1a: Coalossal|Coalossal, L89, F|100/100\n|turn|9\n|inactive|Time left: 300 sec this turn | 300 sec total\n|\n|t:|1783558244\n|switch|p2a: Flapple|Flapple, L88, M|266/266\n|move|p1a: Coalossal|Stone Edge|p2a: Flapple|[miss]\n|-miss|p1a: Coalossal|p2a: Flapple\n|\n|upkeep\n|turn|10\n|inactive|Time left: 300 sec this turn | 300 sec total\n|\n|t:|1783558244\n|move|p2a: Flapple|Outrage|p1a: Coalossal|[miss]\n|-miss|p2a: Flapple|p1a: Coalossal\n|move|p1a: Coalossal|Will-O-Wisp|p2a: Flapple|[miss]\n|-miss|p1a: Coalossal|p2a: Flapple\n|\n|upkeep\n|turn|11\n|inactive|Time left: 300 sec this turn | 300 sec total\n|\n|t:|1783558246\n|move|p2a: Flapple|Dragon Dance|p2a: Flapple\n|-boost|p2a: Flapple|atk|1\n|-boost|p2a: Flapple|spe|1\n|move|p1a: Coalossal|Will-O-Wisp|p2a: Flapple\n|-status|p2a: Flapple|brn\n|-enditem|p2a: Flapple|Lum Berry|[eat]\n|-curestatus|p2a: Flapple|brn|[msg]\n|\n|upkeep\n|turn|12\n|inactive|Time left: 300 sec this turn | 300 sec total\n|\n|t:|1783558247\n|move|p2a: Flapple|Outrage|p1a: Coalossal\n|-damage|p1a: Coalossal|19/100\n|-status|p2a: Flapple|brn|[from] ability: Flame Body|[of] p1a: Coalossal\n|move|p1a: Coalossal|Will-O-Wisp|p2a: Flapple\n|-fail|p2a: Flapple|brn\n|\n|-damage|p2a: Flapple|250/266 brn|[from] brn\n|upkeep\n|turn|13\n|inactive|Time left: 300 sec this turn | 300 sec total\n|\n|t:|1783558248\n|move|p2a: Flapple|Outrage|p1a: Coalossal|[from] lockedmove\n|-damage|p1a: Coalossal|0 fnt\n|faint|p1a: Coalossal\n|\n|-damage|p2a: Flapple|234/266 brn|[from] brn\n|upkeep\n|\n|t:|1783558249\n|switch|p1a: Okidogi|Okidogi, L77, M|100/100\n|turn|14\n|inactive|Time left: 300 sec this turn | 300 sec total\n|\n|t:|1783558250\n|move|p2a: Flapple|Outrage|p1a: Okidogi|[from] lockedmove\n|-damage|p1a: Okidogi|42/100\n|-start|p2a: Flapple|confusion|[fatigue]\n|move|p1a: Okidogi|Gunk Shot|p2a: Flapple\n|-supereffective|p2a: Flapple\n|-damage|p2a: Flapple|0 fnt\n|faint|p2a: Flapple\n|\n|upkeep\n|inactive|Time left: 300 sec this turn | 300 sec total | 5 sec grace\n|\n|t:|1783558251\n|switch|p2a: Lokix|Lokix, L82, M|251/251\n|turn|15\n|inactive|Time left: 300 sec this turn | 300 sec total\n|\n|t:|1783558252\n|move|p2a: Lokix|Knock Off|p1a: Okidogi\n|-resisted|p1a: Okidogi\n|-damage|p1a: Okidogi|1/100\n|-enditem|p1a: Okidogi|Assault Vest|[from] move: Knock Off|[of] p2a: Lokix\n|-damage|p2a: Lokix|226/251|[from] item: Life Orb\n|move|p1a: Okidogi|Drain Punch|p2a: Lokix\n|-damage|p2a: Lokix|138/251\n|-heal|p1a: Okidogi|18/100|[from] drain|[of] p2a: Lokix\n|-status|p2a: Lokix|tox|[from] ability: Toxic Chain|[of] p1a: Okidogi\n|\n|-damage|p2a: Lokix|123/251 tox|[from] psn\n|upkeep\n|turn|16\n|inactive|Time left: 300 sec this turn | 300 sec total\n|\n|t:|1783558253\n|move|p2a: Lokix|Knock Off|p1a: Okidogi\n|-resisted|p1a: Okidogi\n|-damage|p1a: Okidogi|0 fnt\n|faint|p1a: Okidogi\n|-damage|p2a: Lokix|98/251 tox|[from] item: Life Orb\n|\n|-damage|p2a: Lokix|68/251 tox|[from] psn\n|upkeep\n|\n|t:|1783558254\n|switch|p1a: Barraskewda|Barraskewda, L81, F|100/100\n|turn|17\n|inactive|Time left: 300 sec this turn | 300 sec total\n|\n|t:|1783558255\n|-terastallize|p2a: Lokix|Dark\n|move|p2a: Lokix|Sucker Punch|p1a: Barraskewda\n|-damage|p1a: Barraskewda|26/100\n|-damage|p2a: Lokix|43/251 tox|[from] item: Life Orb\n|move|p1a: Barraskewda|Psychic Fangs|p2a: Lokix\n|-immune|p2a: Lokix\n|\n|-damage|p2a: Lokix|0 fnt|[from] psn\n|faint|p2a: Lokix\n|upkeep\n|inactive|Time left: 300 sec this turn | 300 sec total | 5 sec grace\n|\n|t:|1783558256\n|switch|p2a: Grumpig|Grumpig, L92, F|11/297\n|turn|18\n|inactive|Time left: 300 sec this turn | 300 sec total\n|\n|t:|1783558257\n|move|p2a: Grumpig|Psyshock|p1a: Barraskewda\n|-damage|p1a: Barraskewda|0 fnt\n|faint|p1a: Barraskewda\n|\n|win|p0y1639ae12", "uploadtime": 1783558257, "views": 0, "rating": 0, "private": 0, "password": null, "_winner": "p0y1639ae12", "_our_name": "p0y1639ae12"}