{"id": "battle-gen9randombattle-1605", "formatid": "gen9randombattle", "format": "[Gen 9] Random Battle", "players": ["p0x16052df6", "p0y1605a348"], "log": "|init|battle\n|title|p0x16052df6 vs. p0y1605a348\n|j|\u2606p0x16052df6\n|j|\u2606p0y1605a348\n|t:|1783558571\n|gametype|singles\n|player|p1|p0x16052df6|266|\n|player|p2|p0y1605a348|101|\n|gen|9\n|tier|[Gen 9] Random Battle\n|rule|Species Clause: Limit one of each Pok\u00e9mon\n|rule|HP Percentage Mod: HP is shown in percentages\n|rule|Sleep Clause Mod: Limit one foe put to sleep\n|rule|Illusion Level Mod: Illusion disguises the Pok\u00e9mon's true level\n|\n|t:|1783558571\n|teamsize|p1|6\n|teamsize|p2|6\n|start\n|switch|p1a: Landorus|Landorus-Therian, L76, M|100/100\n|switch|p2a: Whimsicott|Whimsicott, L84, M|238/238\n|-ability|p1a: Landorus|Intimidate|boost\n|-unboost|p2a: Whimsicott|atk|1\n|turn|1\n|inactive|Battle timer is ON: inactive players will automatically lose when time's up. (requested by p0x16052df6)\n|inactive|Time left: 300 sec this turn | 300 sec total | 60 sec grace\n|\n|t:|1783558573\n|move|p2a: Whimsicott|Moonblast|p1a: Landorus\n|-damage|p1a: Landorus|65/100\n|move|p1a: Landorus|Earthquake|p2a: Whimsicott\n|-resisted|p2a: Whimsicott\n|-damage|p2a: Whimsicott|181/238\n|\n|-heal|p1a: Landorus|71/100|[from] item: Leftovers\n|upkeep\n|turn|2\n|inactive|Time left: 300 sec this turn | 300 sec total\n|inactive|p0y1605a348 also wants the timer to be on.\n|\n|t:|1783558574\n|move|p2a: Whimsicott|Moonblast|p1a: Landorus\n|-damage|p1a: Landorus|30/100\n|move|p1a: Landorus|Stealth Rock|p2a: Whimsicott\n|-sidestart|p2: p0y1605a348|move: Stealth Rock\n|\n|-heal|p1a: Landorus|36/100|[from] item: Leftovers\n|upkeep\n|turn|3\n|inactive|Time left: 300 sec this turn | 300 sec total\n|\n|t:|1783558576\n|switch|p1a: Chansey|Chansey, L85, F|100/100\n|move|p2a: Whimsicott|Moonblast|p1a: Chansey\n|-damage|p1a: Chansey|92/100\n|-unboost|p1a: Chansey|spa|1\n|\n|upkeep\n|turn|4\n|inactive|Time left: 300 sec this turn | 300 sec total\n|\n|t:|1783558577\n|switch|p2a: Toucannon|Toucannon, L88, F|284/284\n|move|p1a: Chansey|Seismic Toss|p2a: Toucannon\n|-damage|p2a: Toucannon|199/284\n|\n|upkeep\n|turn|5\n|inactive|Time left: 300 sec this turn | 300 sec total\n|\n|t:|1783558578\n|switch|p1a: Minior|Minior-Violet, L79|100/100\n|-formechange|p1a: Minior|Minior-Meteor||[from] ability: Shields Down\n|-singleturn|p2a: Toucannon|move: Beak Blast\n|move|p2a: Toucannon|Beak Blast|p1a: Minior\n|-resisted|p1a: Minior\n|-damage|p1a: Minior|69/100\n|\n|upkeep\n|turn|6\n|inactive|Time left: 300 sec this turn | 300 sec total\n|\n|t:|1783558580\n|move|p2a: Toucannon|Knock Off|p1a: Minior\n|-damage|p1a: Minior|33/100\n|-enditem|p1a: Minior|White Herb|[from] move: Knock Off|[of] p2a: Toucannon\n|move|p1a: Minior|Shell Smash|p1a: Minior\n|-unboost|p1a: Minior|def|1\n|-unboost|p1a: Minior|spd|1\n|-boost|p1a: Minior|atk|2\n|-boost|p1a: Minior|spa|2\n|-boost|p1a: Minior|spe|2\n|\n|-formechange|p1a: Minior|Minior-Violet||[from] ability: Shields Down\n|upkeep\n|turn|7\n|inactive|Time left: 300 sec this turn | 300 sec total\n|\n|t:|1783558581\n|move|p1a: Minior|Acrobatics|p2a: Toucannon\n|-damage|p2a: Toucannon|0 fnt\n|faint|p2a: Toucannon\n|\n|upkeep\n|inactive|Time left: 300 sec this turn | 300 sec total | 5 sec grace\n|\n|t:|1783558582\n|switch|p2a: Veluza|Veluza, L85, F|292/292\n|-damage|p2a: Veluza|256/292|[from] Stealth Rock\n|turn|8\n|inactive|Time left: 300 sec this turn | 300 sec total\n|\n|t:|1783558583\n|move|p1a: Minior|Acrobatics|p2a: Veluza\n|-damage|p2a: Veluza|31/292\n|-enditem|p2a: Veluza|Sitrus Berry|[eat]\n|-heal|p2a: Veluza|104/292|[from] item: Sitrus Berry\n|move|p2a: Veluza|Psycho Cut|p1a: Minior\n|-damage|p1a: Minior|0 fnt\n|faint|p1a: Minior\n|\n|upkeep\n|\n|t:|1783558584\n|switch|p1a: Galvantula|Galvantula, L82, F|100/100\n|turn|9\n|inactive|Time left: 300 sec this turn | 300 sec total\n|\n|t:|1783558585\n|move|p1a: Galvantula|Thunder|p2a: Veluza\n|-supereffective|p2a: Veluza\n|-damage|p2a: Veluza|0 fnt\n|faint|p2a: Veluza\n|\n|upkeep\n|inactive|Time left: 300 sec this turn | 300 sec total | 5 sec grace\n|\n|t:|1783558585\n|switch|p2a: Annihilape|Annihilape, L76, F|292/292\n|-damage|p2a: Annihilape|274/292|[from] Stealth Rock\n|turn|10\n|inactive|Time left: 300 sec this turn | 300 sec total\n|\n|t:|1783558586\n|move|p1a: Galvantula|Sticky Web|p2a: Annihilape\n|-sidestart|p2: p0y1605a348|move: Sticky Web\n|move|p2a: Annihilape|Bulk Up|p2a: Annihilape\n|-boost|p2a: Annihilape|atk|1\n|-boost|p2a: Annihilape|def|1\n|\n|-heal|p2a: Annihilape|292/292|[from] item: Leftovers\n|upkeep\n|turn|11\n|inactive|Time left: 300 sec this turn | 300 sec total\n|\n|t:|1783558587\n|move|p1a: Galvantula|Thunder|p2a: Annihilape\n|-damage|p2a: Annihilape|178/292\n|move|p2a: Annihilape|Gunk Shot|p1a: Galvantula|[miss]\n|-miss|p2a: Annihilape|p1a: Galvantula\n|\n|-heal|p2a: Annihilape|196/292|[from] item: Leftovers\n|upkeep\n|turn|12\n|inactive|Time left: 300 sec this turn | 300 sec total\n|\n|t:|1783558588\n|move|p1a: Galvantula|Thunder|p2a: Annihilape\n|-damage|p2a: Annihilape|69/292\n|move|p2a: Annihilape|Drain Punch|p1a: Galvantula\n|-resisted|p1a: Galvantula\n|-crit|p1a: Galvantula\n|-damage|p1a: Galvantula|52/100\n|-heal|p2a: Annihilape|130/292|[from] drain|[of] p1a: Galvantula\n|\n|-heal|p2a: Annihilape|148/292|[from] item: Leftovers\n|upkeep\n|turn|13\n|inactive|Time left: 300 sec this turn | 300 sec total\n|\n|t:|1783558589\n|-terastallize|p1a: Galvantula|Electric\n|move|p1a: Galvantula|Thunder|p2a: Annihilape\n|-crit|p2a: Annihilape\n|-damage|p2a: Annihilape|0 fnt\n|faint|p2a: Annihilape\n|\n|upkeep\n|inactive|Time left: 300 sec this turn | 300 sec total | 5 sec grace\n|\n|t:|1783558590\n|switch|p2a: Whimsicott|Whimsicott, L84, M|181/238\n|turn|14\n|inactive|Time left: 300 sec this turn | 300 sec total\n|\n|t:|1783558591\n|switch|p1a: Chansey|Chansey, L85, F|92/100\n|move|p2a: Whimsicott|Giga Drain|p1a: Chansey\n|-damage|p1a: Chansey|85/100\n|-heal|p2a: Whimsicott|201/238|[from] drain|[of] p1a: Chansey\n|\n|upkeep\n|turn|15\n|inactive|Time left: 300 sec this turn | 300 sec total\n|\n|t:|1783558592\n|move|p2a: Whimsicott|Giga Drain|p1a: Chansey\n|-damage|p1a: Chansey|79/100\n|-heal|p2a: Whimsicott|219/238|[from] drain|[of] p1a: Chansey\n|move|p1a: Chansey|Seismic Toss|p2a: Whimsicott\n|-damage|p2a: Whimsicott|134/238\n|\n|upkeep\n|turn|16\n|inactive|Time left: 300 sec this turn | 300 sec total\n|\n|t:|1783558593\n|move|p2a: Whimsicott|Moonblast|p1a: Chansey\n|-damage|p1a: Chansey|70/100\n|move|p1a: Chansey|Seismic Toss|p2a: Whimsicott\n|-damage|p2a: Whimsicott|49/238\n|\n|upkeep\n|turn|17\n|inactive|Time left: 300 sec this turn | 300 sec total\n|\n|t:|1783558594\n|switch|p2a: Ursaring|Ursaring, L84, F|288/288\n|-damage|p2a: Ursaring|252/288|[from] Stealth Rock\n|-activate|p2a: Ursaring|move: Sticky Web\n|-unboost|p2a: Ursaring|spe|1\n|move|p1a: Chansey|Soft-Boiled|p1a: Chansey\n|-heal|p1a: Chansey|100/100\n|\n|-status|p2a: Ursaring|tox|[from] item: Toxic Orb\n|upkeep\n|turn|18\n|inactive|Time left: 300 sec this turn | 300 sec total\n|\n|t:|1783558595\n|switch|p1a: Landorus|Landorus-Therian, L76, M|36/100\n|-ability|p1a: Landorus|Intimidate|boost\n|-unboost|p2a: Ursaring|atk|1\n|move|p2a: Ursaring|Swords Dance|p2a: Ursaring\n|-boost|p2a: Ursaring|atk|2\n|\n|-heal|p1a: Landorus|42/100|[from] item: Leftovers\n|-damage|p2a: Ursaring|234/288 tox|[from] psn\n|upkeep\n|turn|19\n|inactive|Time left: 300 sec this turn | 300 sec total\n|\n|t:|1783558596\n|move|p1a: Landorus|Earthquake|p2a: Ursaring\n|-damage|p2a: Ursaring|101/288 tox\n|move|p2a: Ursaring|Facade|p1a: Landorus\n|-damage|p1a: Landorus|0 fnt\n|faint|p1a: Landorus\n|\n|-damage|p2a: Ursaring|65/288 tox|[from] psn\n|upkeep\n|\n|t:|1783558597\n|switch|p1a: Galvantula|Galvantula, L82, F, tera:Electric|52/100\n|turn|20\n|inactive|Time left: 300 sec this turn | 300 sec total\n|\n|t:|1783558598\n|move|p1a: Galvantula|Bug Buzz|p2a: Ursaring\n|-damage|p2a: Ursaring|0 fnt\n|faint|p2a: Ursaring\n|\n|upkeep\n|inactive|Time left: 300 sec this turn | 300 sec total | 5 sec grace\n|\n|t:|1783558598\n|switch|p2a: Whimsicott|Whimsicott, L84, M|49/238\n|turn|21\n|inactive|Time left: 300 sec this turn | 300 sec total\n|\n|t:|1783558599\n|move|p2a: Whimsicott|Giga Drain|p1a: Galvantula\n|-damage|p1a: Galvantula|18/100\n|-heal|p2a: Whimsicott|91/238|[from] drain|[of] p1a: Galvantula\n|move|p1a: Galvantula|Bug Buzz|p2a: Whimsicott\n|-damage|p2a: Whimsicott|0 fnt\n|faint|p2a: Whimsicott\n|\n|upkeep\n|inactive|Time left: 300 sec this turn | 300 sec total | 5 sec grace\n|\n|t:|1783558600\n|switch|p2a: Palkia|Palkia-Origin, L72|249/249\n|-damage|p2a: Palkia|218/249|[from] Stealth Rock\n|-activate|p2a: Palkia|move: Sticky Web\n|-unboost|p2a: Palkia|spe|1\n|-ability|p2a: Palkia|Pressure\n|turn|22\n|inactive|Time left: 300 sec this turn | 300 sec total\n|\n|t:|1783558601\n|move|p1a: Galvantula|Thunder|p2a: Palkia\n|-damage|p2a: Palkia|94/249\n|move|p2a: Palkia|Hydro Pump|p1a: Galvantula|[miss]\n|-miss|p2a: Palkia|p1a: Galvantula\n|\n|upkeep\n|turn|23\n|inactive|Time left: 300 sec this turn | 300 sec total\n|\n|t:|1783558602\n|-terastallize|p2a: Palkia|Fire\n|move|p1a: Galvantula|Thunder|p2a: Palkia\n|-damage|p2a: Palkia|0 fnt\n|faint|p2a: Palkia\n|\n|win|p0x16052df6", "uploadtime": 1783558602, "views": 0, "rating": 0, "private": 0, "password": null, "_winner": "p0x16052df6", "_our_name": "p0y1605a348"}