{"id": "battle-gen9randombattle-2821", "formatid": "gen9randombattle", "format": "[Gen 9] Random Battle", "players": ["p0x2821fafb", "p0y28214fdd"], "log": "|init|battle\n|title|p0x2821fafb vs. p0y28214fdd\n|j|\u2606p0x2821fafb\n|j|\u2606p0y28214fdd\n|t:|1783571524\n|gametype|singles\n|player|p1|p0x2821fafb|170|\n|player|p2|p0y28214fdd|2|\n|gen|9\n|tier|[Gen 9] Random Battle\n|rule|Species Clause: Limit one of each Pok\u00e9mon\n|rule|HP Percentage Mod: HP is shown in percentages\n|rule|Sleep Clause Mod: Limit one foe put to sleep\n|rule|Illusion Level Mod: Illusion disguises the Pok\u00e9mon's true level\n|\n|t:|1783571524\n|teamsize|p1|6\n|teamsize|p2|6\n|start\n|switch|p1a: Toxapex|Toxapex, L82, M|100/100\n|switch|p2a: Baxcalibur|Baxcalibur, L75, M|295/295\n|turn|1\n|inactive|Battle timer is ON: inactive players will automatically lose when time's up. (requested by p0x2821fafb)\n|inactive|Time left: 300 sec this turn | 300 sec total | 60 sec grace\n|inactive|p0y28214fdd also wants the timer to be on.\n|\n|t:|1783571526\n|move|p2a: Baxcalibur|Glaive Rush|p1a: Toxapex\n|-damage|p1a: Toxapex|39/100\n|-singlemove|p2a: Baxcalibur|Glaive Rush|[silent]\n|move|p1a: Toxapex|Toxic|p2a: Baxcalibur\n|-status|p2a: Baxcalibur|tox\n|\n|-heal|p1a: Toxapex|45/100|[from] item: Leftovers\n|-damage|p2a: Baxcalibur|277/295 tox|[from] psn\n|upkeep\n|turn|2\n|inactive|Time left: 300 sec this turn | 300 sec total\n|\n|t:|1783571527\n|switch|p1a: Misdreavus|Misdreavus, L90, M|100/100\n|move|p2a: Baxcalibur|Glaive Rush|p1a: Misdreavus\n|-damage|p1a: Misdreavus|32/100\n|-singlemove|p2a: Baxcalibur|Glaive Rush|[silent]\n|\n|-damage|p2a: Baxcalibur|241/295 tox|[from] psn\n|upkeep\n|turn|3\n|inactive|Time left: 300 sec this turn | 300 sec total\n|\n|t:|1783571528\n|move|p1a: Misdreavus|Draining Kiss|p2a: Baxcalibur\n|-supereffective|p2a: Baxcalibur\n|-damage|p2a: Baxcalibur|85/295 tox\n|-heal|p1a: Misdreavus|78/100|[from] drain|[of] p2a: Baxcalibur\n|move|p2a: Baxcalibur|Glaive Rush|p1a: Misdreavus\n|-damage|p1a: Misdreavus|14/100\n|-singlemove|p2a: Baxcalibur|Glaive Rush|[silent]\n|\n|-damage|p2a: Baxcalibur|31/295 tox|[from] psn\n|upkeep\n|turn|4\n|inactive|Time left: 300 sec this turn | 300 sec total\n|\n|t:|1783571529\n|move|p1a: Misdreavus|Draining Kiss|p2a: Baxcalibur\n|-supereffective|p2a: Baxcalibur\n|-damage|p2a: Baxcalibur|0 fnt\n|-heal|p1a: Misdreavus|23/100|[from] drain|[of] p2a: Baxcalibur\n|faint|p2a: Baxcalibur\n|\n|upkeep\n|inactive|Time left: 300 sec this turn | 300 sec total | 5 sec grace\n|\n|t:|1783571530\n|switch|p2a: Brambleghast|Brambleghast, L88, M|240/240\n|turn|5\n|inactive|Time left: 300 sec this turn | 300 sec total\n|\n|t:|1783571531\n|switch|p1a: Dipplin|Dipplin, L88, F|100/100\n|move|p2a: Brambleghast|Poltergeist|p1a: Dipplin\n|-activate|p1a: Dipplin|move: Poltergeist|Eviolite\n|-damage|p1a: Dipplin|71/100\n|\n|upkeep\n|turn|6\n|inactive|Time left: 300 sec this turn | 300 sec total\n|\n|t:|1783571533\n|move|p2a: Brambleghast|Leech Seed|p1a: Dipplin\n|-immune|p1a: Dipplin\n|move|p1a: Dipplin|Dragon Pulse|p2a: Brambleghast\n|-damage|p2a: Brambleghast|122/240\n|\n|-heal|p2a: Brambleghast|137/240|[from] item: Leftovers\n|upkeep\n|turn|7\n|inactive|Time left: 300 sec this turn | 300 sec total\n|\n|t:|1783571534\n|switch|p2a: Clefable|Clefable, L83, F|293/293\n|move|p1a: Dipplin|Dragon Pulse|p2a: Clefable\n|-immune|p2a: Clefable\n|\n|upkeep\n|turn|8\n|inactive|Time left: 300 sec this turn | 300 sec total\n|\n|t:|1783571535\n|switch|p1a: Iron Thorns|Iron Thorns, L83|100/100\n|-enditem|p1a: Iron Thorns|Booster Energy\n|-activate|p1a: Iron Thorns|ability: Quark Drive|[fromitem]\n|-start|p1a: Iron Thorns|quarkdriveatk\n|move|p2a: Clefable|Stealth Rock|p1a: Iron Thorns\n|-sidestart|p1: p0x2821fafb|move: Stealth Rock\n|\n|upkeep\n|turn|9\n|inactive|Time left: 300 sec this turn | 300 sec total\n|\n|t:|1783571535\n|move|p1a: Iron Thorns|Dragon Dance|p1a: Iron Thorns\n|-boost|p1a: Iron Thorns|atk|1\n|-boost|p1a: Iron Thorns|spe|1\n|move|p2a: Clefable|Moonblast|p1a: Iron Thorns\n|-damage|p1a: Iron Thorns|56/100\n|\n|upkeep\n|turn|10\n|inactive|Time left: 300 sec this turn | 300 sec total\n|\n|t:|1783571536\n|move|p1a: Iron Thorns|Stone Edge|p2a: Clefable\n|-damage|p2a: Clefable|0 fnt\n|faint|p2a: Clefable\n|\n|upkeep\n|inactive|Time left: 300 sec this turn | 300 sec total | 5 sec grace\n|\n|t:|1783571537\n|switch|p2a: Medicham|Medicham, L86, M|243/243\n|turn|11\n|inactive|Time left: 300 sec this turn | 300 sec total\n|\n|t:|1783571538\n|move|p2a: Medicham|Close Combat|p1a: Iron Thorns\n|-supereffective|p1a: Iron Thorns\n|-damage|p1a: Iron Thorns|0 fnt\n|-unboost|p2a: Medicham|def|1\n|-unboost|p2a: Medicham|spd|1\n|faint|p1a: Iron Thorns\n|-end|p1a: Iron Thorns|Quark Drive|[silent]\n|\n|upkeep\n|\n|t:|1783571539\n|switch|p1a: Muk|Muk, L86, M|100/100\n|-damage|p1a: Muk|88/100|[from] Stealth Rock\n|turn|12\n|inactive|Time left: 300 sec this turn | 300 sec total\n|\n|t:|1783571540\n|switch|p2a: Excadrill|Excadrill, L79, M|303/303\n|-ability|p2a: Excadrill|Mold Breaker\n|move|p1a: Muk|Knock Off|p2a: Excadrill\n|-damage|p2a: Excadrill|194/303\n|-enditem|p2a: Excadrill|Leftovers|[from] move: Knock Off|[of] p1a: Muk\n|\n|-heal|p1a: Muk|94/100|[from] item: Leftovers\n|upkeep\n|turn|13\n|inactive|Time left: 300 sec this turn | 300 sec total\n|\n|t:|1783571541\n|switch|p1a: Dipplin|Dipplin, L88, F|71/100\n|-damage|p1a: Dipplin|59/100|[from] Stealth Rock\n|move|p2a: Excadrill|Earthquake|p1a: Dipplin\n|-resisted|p1a: Dipplin\n|-damage|p1a: Dipplin|47/100\n|\n|upkeep\n|turn|14\n|inactive|Time left: 300 sec this turn | 300 sec total\n|\n|t:|1783571542\n|move|p2a: Excadrill|Iron Head|p1a: Dipplin\n|-damage|p1a: Dipplin|27/100\n|move|p1a: Dipplin|Giga Drain|p2a: Excadrill\n|-damage|p2a: Excadrill|85/303\n|-heal|p1a: Dipplin|46/100|[from] drain|[of] p2a: Excadrill\n|\n|upkeep\n|turn|15\n|inactive|Time left: 300 sec this turn | 300 sec total\n|\n|t:|1783571543\n|move|p2a: Excadrill|Iron Head|p1a: Dipplin\n|-damage|p1a: Dipplin|26/100\n|move|p1a: Dipplin|Giga Drain|p2a: Excadrill\n|-damage|p2a: Excadrill|0 fnt\n|-heal|p1a: Dipplin|41/100|[from] drain|[of] p2a: Excadrill\n|faint|p2a: Excadrill\n|\n|upkeep\n|inactive|Time left: 300 sec this turn | 300 sec total | 5 sec grace\n|\n|t:|1783571544\n|switch|p2a: Medicham|Medicham, L86, M|243/243\n|turn|16\n|inactive|Time left: 300 sec this turn | 300 sec total\n|\n|t:|1783571545\n|move|p2a: Medicham|Ice Punch|p1a: Dipplin\n|-supereffective|p1a: Dipplin\n|-crit|p1a: Dipplin\n|-damage|p1a: Dipplin|0 fnt\n|faint|p1a: Dipplin\n|\n|upkeep\n|\n|t:|1783571546\n|switch|p1a: Muk|Muk, L86, M|94/100\n|-damage|p1a: Muk|82/100|[from] Stealth Rock\n|turn|17\n|inactive|Time left: 300 sec this turn | 300 sec total\n|\n|t:|1783571547\n|switch|p2a: Lucario|Lucario, L84, F|255/255\n|move|p1a: Muk|Poison Jab|p2a: Lucario\n|-immune|p2a: Lucario\n|\n|-heal|p1a: Muk|88/100|[from] item: Leftovers\n|upkeep\n|turn|18\n|inactive|Time left: 300 sec this turn | 300 sec total\n|\n|t:|1783571548\n|move|p2a: Lucario|Nasty Plot|p2a: Lucario\n|-boost|p2a: Lucario|spa|2\n|move|p1a: Muk|Knock Off|p2a: Lucario\n|-resisted|p2a: Lucario\n|-damage|p2a: Lucario|211/255\n|-enditem|p2a: Lucario|Life Orb|[from] move: Knock Off|[of] p1a: Muk\n|\n|-heal|p1a: Muk|94/100|[from] item: Leftovers\n|upkeep\n|turn|19\n|inactive|Time left: 300 sec this turn | 300 sec total\n|\n|t:|1783571549\n|move|p2a: Lucario|Flash Cannon|p1a: Muk\n|-damage|p1a: Muk|38/100\n|move|p1a: Muk|Haze|p1a: Muk\n|-clearallboost\n|\n|-heal|p1a: Muk|44/100|[from] item: Leftovers\n|upkeep\n|turn|20\n|inactive|Time left: 300 sec this turn | 300 sec total\n|\n|t:|1783571550\n|move|p1a: Muk|Shadow Sneak|p2a: Lucario\n|-damage|p2a: Lucario|171/255\n|move|p2a: Lucario|Nasty Plot|p2a: Lucario\n|-boost|p2a: Lucario|spa|2\n|\n|-heal|p1a: Muk|50/100|[from] item: Leftovers\n|upkeep\n|turn|21\n|inactive|Time left: 300 sec this turn | 300 sec total\n|\n|t:|1783571551\n|switch|p1a: Quagsire|Quagsire, L84, M|100/100\n|-damage|p1a: Quagsire|94/100|[from] Stealth Rock\n|move|p2a: Lucario|Flash Cannon|p1a: Quagsire\n|-resisted|p1a: Quagsire\n|-damage|p1a: Quagsire|75/100\n|\n|-heal|p1a: Quagsire|81/100|[from] item: Leftovers\n|upkeep\n|turn|22\n|inactive|Time left: 300 sec this turn | 300 sec total\n|\n|t:|1783571552\n|-terastallize|p2a: Lucario|Fighting\n|move|p2a: Lucario|Aura Sphere|p1a: Quagsire\n|-damage|p1a: Quagsire|24/100\n|move|p1a: Quagsire|Earthquake|p2a: Lucario\n|-damage|p2a: Lucario|57/255\n|\n|-heal|p1a: Quagsire|30/100|[from] item: Leftovers\n|upkeep\n|turn|23\n|inactive|Time left: 300 sec this turn | 300 sec total\n|\n|t:|1783571553\n|move|p2a: Lucario|Aura Sphere|p1a: Quagsire\n|-damage|p1a: Quagsire|0 fnt\n|faint|p1a: Quagsire\n|\n|upkeep\n|\n|t:|1783571554\n|switch|p1a: Misdreavus|Misdreavus, L90, M|23/100\n|-damage|p1a: Misdreavus|11/100|[from] Stealth Rock\n|turn|24\n|inactive|Time left: 300 sec this turn | 300 sec total\n|\n|t:|1783571555\n|move|p1a: Misdreavus|Shadow Ball|p2a: Lucario\n|-damage|p2a: Lucario|0 fnt\n|faint|p2a: Lucario\n|\n|upkeep\n|inactive|Time left: 300 sec this turn | 300 sec total | 5 sec grace\n|\n|t:|1783571556\n|switch|p2a: Brambleghast|Brambleghast, L88, M|137/240\n|turn|25\n|inactive|Time left: 300 sec this turn | 300 sec total\n|\n|t:|1783571557\n|move|p2a: Brambleghast|Poltergeist|p1a: Misdreavus\n|-activate|p1a: Misdreavus|move: Poltergeist|Eviolite\n|-supereffective|p1a: Misdreavus\n|-damage|p1a: Misdreavus|0 fnt\n|faint|p1a: Misdreavus\n|\n|-heal|p2a: Brambleghast|152/240|[from] item: Leftovers\n|upkeep\n|\n|t:|1783571557\n|switch|p1a: Muk|Muk, L86, M|50/100\n|-damage|p1a: Muk|38/100|[from] Stealth Rock\n|turn|26\n|inactive|Time left: 300 sec this turn | 300 sec total\n|\n|t:|1783571558\n|-terastallize|p1a: Muk|Dark\n|move|p2a: Brambleghast|Poltergeist|p1a: Muk\n|-activate|p1a: Muk|move: Poltergeist|Leftovers\n|-resisted|p1a: Muk\n|-damage|p1a: Muk|12/100\n|move|p1a: Muk|Knock Off|p2a: Brambleghast\n|-supereffective|p2a: Brambleghast\n|-damage|p2a: Brambleghast|0 fnt\n|-enditem|p2a: Brambleghast|Leftovers|[from] move: Knock Off|[of] p1a: Muk\n|faint|p2a: Brambleghast\n|\n|-heal|p1a: Muk|18/100|[from] item: Leftovers\n|upkeep\n|inactive|Time left: 300 sec this turn | 300 sec total | 5 sec grace\n|\n|t:|1783571559\n|switch|p2a: Medicham|Medicham, L86, M|243/243\n|turn|27\n|inactive|Time left: 300 sec this turn | 300 sec total\n|\n|t:|1783571560\n|move|p1a: Muk|Shadow Sneak|p2a: Medicham\n|-supereffective|p2a: Medicham\n|-crit|p2a: Medicham\n|-damage|p2a: Medicham|129/243\n|move|p2a: Medicham|Ice Punch|p1a: Muk\n|-damage|p1a: Muk|0 fnt\n|faint|p1a: Muk\n|\n|upkeep\n|\n|t:|1783571561\n|switch|p1a: Toxapex|Toxapex, L82, M|79/100\n|-damage|p1a: Toxapex|66/100|[from] Stealth Rock\n|turn|28\n|inactive|Time left: 300 sec this turn | 300 sec total\n|\n|t:|1783571562\n|move|p2a: Medicham|Ice Punch|p1a: Toxapex\n|-resisted|p1a: Toxapex\n|-crit|p1a: Toxapex\n|-damage|p1a: Toxapex|49/100\n|move|p1a: Toxapex|Toxic|p2a: Medicham\n|-status|p2a: Medicham|tox\n|\n|-heal|p1a: Toxapex|55/100|[from] item: Leftovers\n|-damage|p2a: Medicham|114/243 tox|[from] psn\n|upkeep\n|turn|29\n|inactive|Time left: 300 sec this turn | 300 sec total\n|\n|t:|1783571563\n|move|p2a: Medicham|Ice Punch|p1a: Toxapex\n|-resisted|p1a: Toxapex\n|-damage|p1a: Toxapex|43/100\n|move|p1a: Toxapex|Recover|p1a: Toxapex\n|-heal|p1a: Toxapex|93/100\n|\n|-heal|p1a: Toxapex|99/100|[from] item: Leftovers\n|-damage|p2a: Medicham|84/243 tox|[from] psn\n|upkeep\n|turn|30\n|inactive|Time left: 300 sec this turn | 300 sec total\n|\n|t:|1783571564\n|move|p2a: Medicham|Ice Punch|p1a: Toxapex\n|-resisted|p1a: Toxapex\n|-damage|p1a: Toxapex|88/100\n|-status|p1a: Toxapex|frz\n|cant|p1a: Toxapex|frz\n|\n|-heal|p1a: Toxapex|94/100 frz|[from] item: Leftovers\n|-damage|p2a: Medicham|39/243 tox|[from] psn\n|upkeep\n|turn|31\n|inactive|Time left: 300 sec this turn | 300 sec total\n|\n|t:|1783571565\n|move|p2a: Medicham|Ice Punch|p1a: Toxapex\n|-resisted|p1a: Toxapex\n|-damage|p1a: Toxapex|82/100 frz\n|-curestatus|p1a: Toxapex|frz|[msg]\n|move|p1a: Toxapex|Recover|p1a: Toxapex\n|-heal|p1a: Toxapex|100/100\n|\n|-damage|p2a: Medicham|0 fnt|[from] psn\n|faint|p2a: Medicham\n|\n|win|p0x2821fafb", "uploadtime": 1783571565, "views": 0, "rating": 0, "private": 0, "password": null, "_winner": "p0x2821fafb", "_our_name": "p0y28214fdd"}