{"id": "battle-gen9randombattle-357", "formatid": "gen9randombattle", "format": "[Gen 9] Random Battle", "players": ["p0x35793d2", "p0y3575f41"], "log": "|init|battle\n|title|p0x35793d2 vs. p0y3575f41\n|j|\u2606p0x35793d2\n|j|\u2606p0y3575f41\n|t:|1783543783\n|gametype|singles\n|player|p1|p0x35793d2|266|\n|player|p2|p0y3575f41|2|\n|gen|9\n|tier|[Gen 9] Random Battle\n|rule|Species Clause: Limit one of each Pok\u00e9mon\n|rule|HP Percentage Mod: HP is shown in percentages\n|rule|Sleep Clause Mod: Limit one foe put to sleep\n|rule|Illusion Level Mod: Illusion disguises the Pok\u00e9mon's true level\n|\n|t:|1783543783\n|teamsize|p1|6\n|teamsize|p2|6\n|start\n|switch|p1a: Oranguru|Oranguru, L92, M|315/315\n|switch|p2a: Duraludon|Duraludon, L82, F|100/100\n|turn|1\n|inactive|Battle timer is ON: inactive players will automatically lose when time's up. (requested by p0x35793d2)\n|inactive|p0y3575f41 also wants the timer to be on.\n|\n|t:|1783543785\n|move|p2a: Duraludon|Flash Cannon|p1a: Oranguru\n|-damage|p1a: Oranguru|240/315\n|move|p1a: Oranguru|Focus Blast|p2a: Duraludon|[miss]\n|-miss|p1a: Oranguru|p2a: Duraludon\n|\n|-heal|p1a: Oranguru|259/315|[from] item: Leftovers\n|upkeep\n|turn|2\n|inactive|Time left: 300 sec this turn | 300 sec total\n|\n|t:|1783543786\n|switch|p2a: Palossand|Palossand, L89, F|100/100\n|move|p1a: Oranguru|Nasty Plot|p1a: Oranguru\n|-boost|p1a: Oranguru|spa|2\n|\n|-heal|p1a: Oranguru|278/315|[from] item: Leftovers\n|upkeep\n|turn|3\n|inactive|Time left: 300 sec this turn | 300 sec total\n|\n|t:|1783543787\n|move|p1a: Oranguru|Psychic|p2a: Palossand\n|-damage|p2a: Palossand|24/100\n|move|p2a: Palossand|Earth Power|p1a: Oranguru\n|-damage|p1a: Oranguru|196/315\n|\n|-heal|p1a: Oranguru|215/315|[from] item: Leftovers\n|-heal|p2a: Palossand|31/100|[from] item: Leftovers\n|upkeep\n|turn|4\n|inactive|Time left: 300 sec this turn | 300 sec total\n|\n|t:|1783543788\n|move|p1a: Oranguru|Psychic|p2a: Palossand\n|-damage|p2a: Palossand|0 fnt\n|faint|p2a: Palossand\n|\n|-heal|p1a: Oranguru|234/315|[from] item: Leftovers\n|upkeep\n|\n|t:|1783543790\n|switch|p2a: Salamence|Salamence, L77, M|100/100\n|-ability|p2a: Salamence|Intimidate|boost\n|-fail|p1a: Oranguru|unboost|Attack|[from] ability: Inner Focus|[of] p1a: Oranguru\n|turn|5\n|inactive|Time left: 300 sec this turn | 300 sec total\n|\n|t:|1783543791\n|move|p2a: Salamence|Outrage|p1a: Oranguru\n|-damage|p1a: Oranguru|98/315\n|move|p1a: Oranguru|Psychic|p2a: Salamence\n|-damage|p2a: Salamence|7/100\n|\n|-heal|p1a: Oranguru|117/315|[from] item: Leftovers\n|upkeep\n|turn|6\n|inactive|Time left: 300 sec this turn | 300 sec total\n|\n|t:|1783543792\n|switch|p1a: Ting-Lu|Ting-Lu, L78|370/370\n|-ability|p1a: Ting-Lu|Vessel of Ruin\n|move|p2a: Salamence|Outrage|p1a: Ting-Lu|[from] lockedmove\n|-damage|p1a: Ting-Lu|255/370\n|-start|p2a: Salamence|confusion|[fatigue]\n|\n|-heal|p1a: Ting-Lu|278/370|[from] item: Leftovers\n|upkeep\n|turn|7\n|inactive|Time left: 300 sec this turn | 300 sec total\n|\n|t:|1783543793\n|switch|p2a: Mismagius|Mismagius, L86, F|100/100\n|move|p1a: Ting-Lu|Spikes|p2a: Mismagius\n|-sidestart|p2: p0y3575f41|Spikes\n|\n|-heal|p1a: Ting-Lu|301/370|[from] item: Leftovers\n|upkeep\n|turn|8\n|inactive|Time left: 300 sec this turn | 300 sec total\n|\n|t:|1783543794\n|switch|p2a: Salamence|Salamence, L77, M|7/100\n|-ability|p2a: Salamence|Intimidate|boost\n|-unboost|p1a: Ting-Lu|atk|1\n|move|p1a: Ting-Lu|Payback|p2a: Salamence\n|-damage|p2a: Salamence|0 fnt\n|faint|p2a: Salamence\n|\n|-heal|p1a: Ting-Lu|324/370|[from] item: Leftovers\n|upkeep\n|\n|t:|1783543796\n|switch|p2a: Magcargo|Magcargo, L95, F|100/100\n|turn|9\n|inactive|Time left: 300 sec this turn | 300 sec total\n|\n|t:|1783543797\n|-terastallize|p2a: Magcargo|Grass\n|move|p1a: Ting-Lu|Earthquake|p2a: Magcargo\n|-resisted|p2a: Magcargo\n|-damage|p2a: Magcargo|92/100\n|-ability|p2a: Magcargo|Weak Armor|boost\n|-unboost|p2a: Magcargo|def|1\n|-boost|p2a: Magcargo|spe|2\n|move|p2a: Magcargo|Shell Smash|p2a: Magcargo\n|-unboost|p2a: Magcargo|def|1\n|-unboost|p2a: Magcargo|spd|1\n|-boost|p2a: Magcargo|atk|2\n|-boost|p2a: Magcargo|spa|2\n|-boost|p2a: Magcargo|spe|2\n|\n|-heal|p1a: Ting-Lu|347/370|[from] item: Leftovers\n|upkeep\n|turn|10\n|inactive|Time left: 300 sec this turn | 300 sec total\n|\n|t:|1783543798\n|move|p2a: Magcargo|Fire Blast|p1a: Ting-Lu\n|-damage|p1a: Ting-Lu|106/370\n|move|p1a: Ting-Lu|Payback|p2a: Magcargo\n|-damage|p2a: Magcargo|57/100\n|-ability|p2a: Magcargo|Weak Armor|boost\n|-unboost|p2a: Magcargo|def|1\n|-boost|p2a: Magcargo|spe|2\n|\n|-heal|p1a: Ting-Lu|129/370|[from] item: Leftovers\n|upkeep\n|turn|11\n|inactive|Time left: 300 sec this turn | 300 sec total\n|\n|t:|1783543799\n|switch|p1a: Goodra|Goodra-Hisui, L82, F|265/265\n|move|p2a: Magcargo|Earth Power|p1a: Goodra\n|-supereffective|p1a: Goodra\n|-damage|p1a: Goodra|133/265\n|\n|upkeep\n|turn|12\n|inactive|Time left: 300 sec this turn | 300 sec total\n|\n|t:|1783543800\n|-terastallize|p1a: Goodra|Water\n|move|p2a: Magcargo|Earth Power|p1a: Goodra\n|-crit|p1a: Goodra\n|-damage|p1a: Goodra|28/265\n|move|p1a: Goodra|Heavy Slam|p2a: Magcargo\n|-damage|p2a: Magcargo|0 fnt\n|faint|p2a: Magcargo\n|\n|upkeep\n|\n|t:|1783543801\n|switch|p2a: Sandaconda|Sandaconda, L84, M|100/100\n|-damage|p2a: Sandaconda|88/100|[from] Spikes\n|turn|13\n|inactive|Time left: 300 sec this turn | 300 sec total\n|\n|t:|1783543802\n|switch|p1a: Swanna|Swanna, L89, F|278/278\n|move|p2a: Sandaconda|Scale Shot|p1a: Swanna\n|-crit|p1a: Swanna\n|-damage|p1a: Swanna|240/278\n|-damage|p1a: Swanna|216/278\n|-damage|p1a: Swanna|192/278\n|-damage|p1a: Swanna|170/278\n|-damage|p1a: Swanna|147/278\n|-hitcount|p1a: Swanna|5\n|-unboost|p2a: Sandaconda|def|1\n|-boost|p2a: Sandaconda|spe|1\n|\n|upkeep\n|turn|14\n|inactive|Time left: 300 sec this turn | 300 sec total\n|\n|t:|1783543803\n|switch|p1a: Ting-Lu|Ting-Lu, L78|129/370\n|-ability|p1a: Ting-Lu|Vessel of Ruin\n|move|p2a: Sandaconda|Rock Blast|p1a: Ting-Lu\n|-resisted|p1a: Ting-Lu\n|-damage|p1a: Ting-Lu|121/370\n|-resisted|p1a: Ting-Lu\n|-damage|p1a: Ting-Lu|113/370\n|-resisted|p1a: Ting-Lu\n|-damage|p1a: Ting-Lu|106/370\n|-resisted|p1a: Ting-Lu\n|-damage|p1a: Ting-Lu|97/370\n|-hitcount|p1a: Ting-Lu|4\n|\n|-heal|p1a: Ting-Lu|120/370|[from] item: Leftovers\n|upkeep\n|turn|15\n|inactive|Time left: 300 sec this turn | 300 sec total\n|\n|t:|1783543804\n|move|p2a: Sandaconda|Coil|p2a: Sandaconda\n|-boost|p2a: Sandaconda|atk|1\n|-boost|p2a: Sandaconda|def|1\n|-boost|p2a: Sandaconda|accuracy|1\n|move|p1a: Ting-Lu|Payback|p2a: Sandaconda\n|-damage|p2a: Sandaconda|56/100\n|\n|-heal|p1a: Ting-Lu|143/370|[from] item: Leftovers\n|upkeep\n|turn|16\n|inactive|Time left: 300 sec this turn | 300 sec total\n|\n|t:|1783543805\n|move|p2a: Sandaconda|Coil|p2a: Sandaconda\n|-boost|p2a: Sandaconda|atk|1\n|-boost|p2a: Sandaconda|def|1\n|-boost|p2a: Sandaconda|accuracy|1\n|move|p1a: Ting-Lu|Payback|p2a: Sandaconda\n|-damage|p2a: Sandaconda|34/100\n|\n|-heal|p1a: Ting-Lu|166/370|[from] item: Leftovers\n|upkeep\n|turn|17\n|inactive|Time left: 300 sec this turn | 300 sec total\n|\n|t:|1783543806\n|switch|p1a: Swanna|Swanna, L89, F|147/278\n|move|p2a: Sandaconda|Earthquake|p1a: Swanna\n|-immune|p1a: Swanna\n|\n|upkeep\n|turn|18\n|inactive|Time left: 300 sec this turn | 300 sec total\n|\n|t:|1783543807\n|switch|p1a: Ting-Lu|Ting-Lu, L78|166/370\n|-ability|p1a: Ting-Lu|Vessel of Ruin\n|move|p2a: Sandaconda|Scale Shot|p1a: Ting-Lu\n|-damage|p1a: Ting-Lu|134/370\n|-damage|p1a: Ting-Lu|99/370\n|-damage|p1a: Ting-Lu|64/370\n|-damage|p1a: Ting-Lu|32/370\n|-hitcount|p1a: Ting-Lu|4\n|-unboost|p2a: Sandaconda|def|1\n|-boost|p2a: Sandaconda|spe|1\n|\n|-heal|p1a: Ting-Lu|55/370|[from] item: Leftovers\n|upkeep\n|turn|19\n|inactive|Time left: 300 sec this turn | 300 sec total\n|\n|t:|1783543808\n|switch|p1a: Swanna|Swanna, L89, F|147/278\n|move|p2a: Sandaconda|Rock Blast|p1a: Swanna\n|-supereffective|p1a: Swanna\n|-damage|p1a: Swanna|61/278\n|-supereffective|p1a: Swanna\n|-damage|p1a: Swanna|0 fnt\n|faint|p1a: Swanna\n|-hitcount|p1: Swanna|2\n|\n|upkeep\n|inactive|Time left: 300 sec this turn | 300 sec total | 5 sec grace\n|\n|t:|1783543809\n|switch|p1a: Oranguru|Oranguru, L92, M|117/315\n|turn|20\n|inactive|Time left: 300 sec this turn | 300 sec total\n|\n|t:|1783543810\n|switch|p1a: Ting-Lu|Ting-Lu, L78|55/370\n|-ability|p1a: Ting-Lu|Vessel of Ruin\n|move|p2a: Sandaconda|Earthquake|p1a: Ting-Lu\n|-damage|p1a: Ting-Lu|0 fnt\n|faint|p1a: Ting-Lu\n|\n|upkeep\n|inactive|Time left: 300 sec this turn | 300 sec total | 5 sec grace\n|\n|t:|1783543811\n|switch|p1a: Oranguru|Oranguru, L92, M|117/315\n|turn|21\n|inactive|Time left: 300 sec this turn | 300 sec total\n|\n|t:|1783543812\n|switch|p1a: Goodra|Goodra-Hisui, L82, F, tera:Water|28/265\n|move|p2a: Sandaconda|Earthquake|p1a: Goodra\n|-damage|p1a: Goodra|0 fnt\n|faint|p1a: Goodra\n|\n|upkeep\n|inactive|Time left: 300 sec this turn | 300 sec total | 5 sec grace\n|\n|t:|1783543813\n|switch|p1a: Oranguru|Oranguru, L92, M|117/315\n|turn|22\n|inactive|Time left: 300 sec this turn | 300 sec total\n|\n|t:|1783543814\n|move|p2a: Sandaconda|Earthquake|p1a: Oranguru\n|-damage|p1a: Oranguru|0 fnt\n|faint|p1a: Oranguru\n|\n|upkeep\n|inactive|Time left: 300 sec this turn | 300 sec total | 5 sec grace\n|\n|t:|1783543815\n|switch|p1a: Plusle|Plusle, L95, F|268/268\n|turn|23\n|inactive|Time left: 300 sec this turn | 300 sec total\n|\n|t:|1783543816\n|move|p2a: Sandaconda|Earthquake|p1a: Plusle\n|-supereffective|p1a: Plusle\n|-damage|p1a: Plusle|0 fnt\n|faint|p1a: Plusle\n|\n|upkeep\n|inactive|Time left: 300 sec this turn | 300 sec total | 5 sec grace\n|\n|t:|1783543817\n|switch|p1a: Tyranitar|Tyranitar, L78, F|284/284\n|-weather|Sandstorm|[from] ability: Sand Stream|[of] p1a: Tyranitar\n|turn|24\n|inactive|Time left: 300 sec this turn | 300 sec total\n|\n|t:|1783543818\n|move|p2a: Sandaconda|Earthquake|p1a: Tyranitar\n|-supereffective|p1a: Tyranitar\n|-damage|p1a: Tyranitar|0 fnt\n|faint|p1a: Tyranitar\n|\n|win|p0y3575f41", "uploadtime": 1783543818, "views": 0, "rating": 0, "private": 0, "password": null, "_winner": "p0y3575f41", "_our_name": "p0x35793d2"}