{"id": "battle-gen9randombattle-520", "formatid": "gen9randombattle", "format": "[Gen 9] Random Battle", "players": ["p0x5202e30", "p0y52039b8"], "log": "|init|battle\n|title|p0x5202e30 vs. p0y52039b8\n|j|\u2606p0x5202e30\n|j|\u2606p0y52039b8\n|t:|1783545828\n|gametype|singles\n|player|p1|p0x5202e30|265|\n|player|p2|p0y52039b8|265|\n|gen|9\n|tier|[Gen 9] Random Battle\n|rule|Species Clause: Limit one of each Pok\u00e9mon\n|rule|HP Percentage Mod: HP is shown in percentages\n|rule|Sleep Clause Mod: Limit one foe put to sleep\n|rule|Illusion Level Mod: Illusion disguises the Pok\u00e9mon's true level\n|\n|t:|1783545828\n|teamsize|p1|6\n|teamsize|p2|6\n|start\n|switch|p1a: Vigoroth|Vigoroth, L85, F|275/275\n|switch|p2a: Sunflora|Sunflora, M|100/100\n|turn|1\n|inactive|Battle timer is ON: inactive players will automatically lose when time's up. (requested by p0x5202e30)\n|inactive|p0y52039b8 also wants the timer to be on.\n|\n|t:|1783545830\n|move|p1a: Vigoroth|Body Slam|p2a: Sunflora\n|-damage|p2a: Sunflora|69/100\n|move|p2a: Sunflora|Leaf Storm|p1a: Vigoroth\n|-damage|p1a: Vigoroth|0 fnt\n|-unboost|p2a: Sunflora|spa|2\n|faint|p1a: Vigoroth\n|\n|upkeep\n|inactive|Time left: 300 sec this turn | 300 sec total | 65 sec grace\n|\n|t:|1783545831\n|switch|p1a: Lurantis|Lurantis, L87, F|264/264\n|turn|2\n|inactive|Time left: 300 sec this turn | 300 sec total\n|\n|t:|1783545832\n|switch|p2a: Staraptor|Staraptor, L79, F|100/100\n|move|p1a: Lurantis|Leaf Storm|p2a: Staraptor\n|-resisted|p2a: Staraptor\n|-crit|p2a: Staraptor\n|-damage|p2a: Staraptor|49/100\n|-boost|p1a: Lurantis|spa|2\n|\n|upkeep\n|turn|3\n|inactive|Time left: 300 sec this turn | 300 sec total\n|\n|t:|1783545833\n|switch|p1a: Solgaleo|Solgaleo, L74|325/325\n|move|p2a: Staraptor|Brave Bird|p1a: Solgaleo\n|-resisted|p1a: Solgaleo\n|-damage|p1a: Solgaleo|215/325\n|-damage|p2a: Staraptor|33/100|[from] item: Rocky Helmet|[of] p1a: Solgaleo\n|-damage|p2a: Staraptor|19/100|[from] Recoil\n|\n|upkeep\n|turn|4\n|inactive|Time left: 300 sec this turn | 300 sec total\n|\n|t:|1783545834\n|move|p2a: Staraptor|Brave Bird|p1a: Solgaleo\n|-resisted|p1a: Solgaleo\n|-damage|p1a: Solgaleo|104/325\n|-damage|p2a: Staraptor|3/100|[from] item: Rocky Helmet|[of] p1a: Solgaleo\n|-damage|p2a: Staraptor|0 fnt|[from] Recoil\n|faint|p2a: Staraptor\n|move|p1a: Solgaleo|Morning Sun|p1a: Solgaleo\n|-heal|p1a: Solgaleo|266/325\n|\n|upkeep\n|\n|t:|1783545835\n|switch|p2a: Dugtrio|Dugtrio, L84, F|100/100\n|turn|5\n|inactive|Time left: 300 sec this turn | 300 sec total\n|\n|t:|1783545837\n|-terastallize|p1a: Solgaleo|Water\n|move|p2a: Dugtrio|Earthquake|p1a: Solgaleo\n|-damage|p1a: Solgaleo|119/325\n|move|p1a: Solgaleo|Sunsteel Strike|p2a: Dugtrio\n|-damage|p2a: Dugtrio|21/100\n|\n|upkeep\n|turn|6\n|inactive|Time left: 300 sec this turn | 300 sec total\n|\n|t:|1783545838\n|move|p2a: Dugtrio|Earthquake|p1a: Solgaleo\n|-damage|p1a: Solgaleo|0 fnt\n|faint|p1a: Solgaleo\n|\n|upkeep\n|inactive|Time left: 300 sec this turn | 300 sec total | 5 sec grace\n|\n|t:|1783545839\n|switch|p1a: Lurantis|Lurantis, L87, F|264/264\n|turn|7\n|inactive|Time left: 300 sec this turn | 300 sec total\n|\n|t:|1783545840\n|switch|p2a: Sunflora|Sunflora, M|69/100\n|move|p1a: Lurantis|Superpower|p2a: Sunflora\n|-damage|p2a: Sunflora|34/100\n|-boost|p1a: Lurantis|atk|1\n|-boost|p1a: Lurantis|def|1\n|\n|upkeep\n|turn|8\n|inactive|Time left: 300 sec this turn | 300 sec total\n|\n|t:|1783545841\n|-terastallize|p2a: Sunflora|Poison\n|move|p1a: Lurantis|Superpower|p2a: Sunflora\n|-resisted|p2a: Sunflora\n|-damage|p2a: Sunflora|6/100\n|-boost|p1a: Lurantis|atk|1\n|-boost|p1a: Lurantis|def|1\n|move|p2a: Sunflora|Sludge Bomb|p1a: Lurantis\n|-supereffective|p1a: Lurantis\n|-damage|p1a: Lurantis|4/264\n|\n|upkeep\n|turn|9\n|inactive|Time left: 300 sec this turn | 300 sec total\n|\n|t:|1783545842\n|move|p1a: Lurantis|Knock Off|p2a: Sunflora\n|-damage|p2a: Sunflora|0 fnt\n|-enditem|p2a: Sunflora|Choice Specs|[from] move: Knock Off|[of] p1a: Lurantis\n|faint|p2a: Sunflora\n|\n|upkeep\n|\n|t:|1783545842\n|switch|p2a: Bisharp|Bisharp, L79, M|100/100\n|turn|10\n|inactive|Time left: 300 sec this turn | 300 sec total\n|\n|t:|1783545843\n|switch|p1a: Urshifu|Urshifu-Rapid-Strike, L75, F|274/274\n|move|p2a: Bisharp|Throat Chop|p1a: Urshifu\n|-resisted|p1a: Urshifu\n|-damage|p1a: Urshifu|226/274\n|-start|p1a: Urshifu|Throat Chop|[silent]\n|\n|upkeep\n|turn|11\n|inactive|Time left: 300 sec this turn | 300 sec total\n|\n|t:|1783545844\n|switch|p2a: Dugtrio|Dugtrio, L84, F|21/100\n|move|p1a: Urshifu|Close Combat|p2a: Dugtrio\n|-damage|p2a: Dugtrio|0 fnt\n|-unboost|p1a: Urshifu|def|1\n|-unboost|p1a: Urshifu|spd|1\n|faint|p2a: Dugtrio\n|-damage|p1a: Urshifu|199/274|[from] item: Life Orb\n|\n|-end|p1a: Urshifu|Throat Chop|[silent]\n|upkeep\n|\n|t:|1783545845\n|switch|p2a: Porygon-Z|Porygon-Z, L83|100/100\n|turn|12\n|inactive|Time left: 300 sec this turn | 300 sec total\n|\n|t:|1783545846\n|switch|p1a: Lurantis|Lurantis, L87, F|4/264\n|move|p2a: Porygon-Z|Tera Blast|p1a: Lurantis\n|-damage|p1a: Lurantis|0 fnt\n|faint|p1a: Lurantis\n|-damage|p2a: Porygon-Z|91/100|[from] item: Life Orb\n|\n|upkeep\n|inactive|Time left: 300 sec this turn | 300 sec total | 5 sec grace\n|\n|t:|1783545847\n|switch|p1a: Dipplin|Dipplin, L88, F|284/284\n|turn|13\n|inactive|Time left: 300 sec this turn | 300 sec total\n|\n|t:|1783545847\n|move|p2a: Porygon-Z|Nasty Plot|p2a: Porygon-Z\n|-boost|p2a: Porygon-Z|spa|2\n|move|p1a: Dipplin|Dragon Pulse|p2a: Porygon-Z\n|-crit|p2a: Porygon-Z\n|-damage|p2a: Porygon-Z|32/100\n|\n|upkeep\n|turn|14\n|inactive|Time left: 300 sec this turn | 300 sec total\n|\n|t:|1783545848\n|move|p2a: Porygon-Z|Tera Blast|p1a: Dipplin\n|-damage|p1a: Dipplin|8/284\n|-damage|p2a: Porygon-Z|23/100|[from] item: Life Orb\n|move|p1a: Dipplin|Giga Drain|p2a: Porygon-Z\n|-damage|p2a: Porygon-Z|0 fnt\n|-heal|p1a: Dipplin|39/284|[from] drain|[of] p2a: Porygon-Z\n|faint|p2a: Porygon-Z\n|\n|upkeep\n|\n|t:|1783545849\n|switch|p2a: Lucario|Lucario, L84, M|100/100\n|turn|15\n|inactive|Time left: 300 sec this turn | 300 sec total\n|\n|t:|1783545850\n|move|p2a: Lucario|Close Combat|p1a: Dipplin\n|-damage|p1a: Dipplin|0 fnt\n|-unboost|p2a: Lucario|def|1\n|-unboost|p2a: Lucario|spd|1\n|faint|p1a: Dipplin\n|\n|upkeep\n|inactive|Time left: 300 sec this turn | 300 sec total | 5 sec grace\n|\n|t:|1783545851\n|switch|p1a: Hippowdon|Hippowdon, L82, F|311/311\n|-weather|Sandstorm|[from] ability: Sand Stream|[of] p1a: Hippowdon\n|turn|16\n|inactive|Time left: 300 sec this turn | 300 sec total\n|\n|t:|1783545852\n|move|p2a: Lucario|Close Combat|p1a: Hippowdon\n|-damage|p1a: Hippowdon|146/311\n|-unboost|p2a: Lucario|def|1\n|-unboost|p2a: Lucario|spd|1\n|move|p1a: Hippowdon|Earthquake|p2a: Lucario\n|-supereffective|p2a: Lucario\n|-damage|p2a: Lucario|0 fnt\n|faint|p2a: Lucario\n|\n|-weather|Sandstorm|[upkeep]\n|-heal|p1a: Hippowdon|165/311|[from] item: Leftovers\n|upkeep\n|\n|t:|1783545853\n|switch|p2a: Bisharp|Bisharp, L79, M|100/100\n|turn|17\n|inactive|Time left: 300 sec this turn | 300 sec total\n|\n|t:|1783545854\n|switch|p1a: Urshifu|Urshifu-Rapid-Strike, L75, F|199/274\n|move|p2a: Bisharp|Swords Dance|p2a: Bisharp\n|-boost|p2a: Bisharp|atk|2\n|\n|-weather|Sandstorm|[upkeep]\n|-damage|p1a: Urshifu|182/274|[from] Sandstorm\n|upkeep\n|turn|18\n|inactive|Time left: 300 sec this turn | 300 sec total\n|\n|t:|1783545855\n|move|p1a: Urshifu|Close Combat|p2a: Bisharp\n|-supereffective|p2a: Bisharp\n|-damage|p2a: Bisharp|0 fnt\n|-unboost|p1a: Urshifu|def|1\n|-unboost|p1a: Urshifu|spd|1\n|faint|p2a: Bisharp\n|-damage|p1a: Urshifu|155/274|[from] item: Life Orb\n|\n|win|p0x5202e30", "uploadtime": 1783545855, "views": 0, "rating": 0, "private": 0, "password": null, "_winner": "p0x5202e30", "_our_name": "p0x5202e30"}