{"id": "battle-gen9randombattle-1327", "formatid": "gen9randombattle", "format": "[Gen 9] Random Battle", "players": ["p0x1327a246", "p0y132758cd"], "log": "|init|battle\n|title|p0x1327a246 vs. p0y132758cd\n|j|\u2606p0x1327a246\n|j|\u2606p0y132758cd\n|t:|1783555388\n|gametype|singles\n|player|p1|p0x1327a246|265|\n|player|p2|p0y132758cd|101|\n|gen|9\n|tier|[Gen 9] Random Battle\n|rule|Species Clause: Limit one of each Pok\u00e9mon\n|rule|HP Percentage Mod: HP is shown in percentages\n|rule|Sleep Clause Mod: Limit one foe put to sleep\n|rule|Illusion Level Mod: Illusion disguises the Pok\u00e9mon's true level\n|\n|t:|1783555388\n|teamsize|p1|6\n|teamsize|p2|6\n|start\n|switch|p1a: Girafarig|Girafarig, L89, M|269/269\n|switch|p2a: Toxtricity|Toxtricity, L82, F|100/100\n|turn|1\n|inactive|Battle timer is ON: inactive players will automatically lose when time's up. (requested by p0y132758cd)\n|inactive|Time left: 300 sec this turn | 300 sec total | 60 sec grace\n|inactive|p0x1327a246 also wants the timer to be on.\n|\n|t:|1783555390\n|move|p2a: Toxtricity|Boomburst|p1a: Girafarig\n|-damage|p1a: Girafarig|166/269\n|move|p1a: Girafarig|Psyshock|p2a: Toxtricity\n|-supereffective|p2a: Toxtricity\n|-damage|p2a: Toxtricity|12/100\n|\n|upkeep\n|turn|2\n|inactive|Time left: 300 sec this turn | 300 sec total\n|\n|t:|1783555392\n|move|p2a: Toxtricity|Boomburst|p1a: Girafarig\n|-damage|p1a: Girafarig|64/269\n|move|p1a: Girafarig|Thunderbolt|p2a: Toxtricity\n|-resisted|p2a: Toxtricity\n|-damage|p2a: Toxtricity|0 fnt\n|faint|p2a: Toxtricity\n|\n|upkeep\n|\n|t:|1783555393\n|switch|p2a: Metagross|Metagross, L79|100/100\n|turn|3\n|inactive|Time left: 300 sec this turn | 300 sec total\n|\n|t:|1783555394\n|move|p1a: Girafarig|Thunderbolt|p2a: Metagross\n|-damage|p2a: Metagross|73/100\n|move|p2a: Metagross|Heavy Slam|p1a: Girafarig\n|-damage|p1a: Girafarig|0 fnt\n|faint|p1a: Girafarig\n|\n|upkeep\n|inactive|Time left: 300 sec this turn | 300 sec total | 5 sec grace\n|\n|t:|1783555395\n|switch|p1a: Sableye|Sableye, L88, F|231/231\n|turn|4\n|inactive|Time left: 300 sec this turn | 300 sec total\n|\n|t:|1783555396\n|move|p1a: Sableye|Will-O-Wisp|p2a: Metagross|[miss]\n|-miss|p1a: Sableye|p2a: Metagross\n|move|p2a: Metagross|Heavy Slam|p1a: Sableye\n|-crit|p1a: Sableye\n|-damage|p1a: Sableye|0 fnt\n|faint|p1a: Sableye\n|\n|upkeep\n|inactive|Time left: 300 sec this turn | 300 sec total | 5 sec grace\n|\n|t:|1783555397\n|switch|p1a: Lumineon|Lumineon, L93, F|279/279\n|turn|5\n|inactive|Time left: 300 sec this turn | 300 sec total\n|\n|t:|1783555398\n|move|p1a: Lumineon|Hydro Pump|p2a: Metagross\n|-damage|p2a: Metagross|19/100\n|-damage|p1a: Lumineon|252/279|[from] item: Life Orb\n|move|p2a: Metagross|Heavy Slam|p1a: Lumineon\n|-resisted|p1a: Lumineon\n|-damage|p1a: Lumineon|150/279\n|\n|upkeep\n|turn|6\n|inactive|Time left: 300 sec this turn | 300 sec total\n|\n|t:|1783555400\n|move|p1a: Lumineon|Hydro Pump|p2a: Metagross\n|-damage|p2a: Metagross|0 fnt\n|faint|p2a: Metagross\n|-damage|p1a: Lumineon|123/279|[from] item: Life Orb\n|\n|upkeep\n|\n|t:|1783555401\n|switch|p2a: Azumarill|Azumarill, L82, M|100/100\n|turn|7\n|inactive|Time left: 300 sec this turn | 300 sec total\n|\n|t:|1783555402\n|switch|p1a: Corviknight|Corviknight, L80, M|288/288\n|-ability|p1a: Corviknight|Pressure\n|move|p2a: Azumarill|Play Rough|p1a: Corviknight\n|-resisted|p1a: Corviknight\n|-damage|p1a: Corviknight|216/288\n|-damage|p2a: Azumarill|84/100|[from] item: Rocky Helmet|[of] p1a: Corviknight\n|\n|upkeep\n|turn|8\n|inactive|Time left: 300 sec this turn | 300 sec total\n|\n|t:|1783555403\n|move|p1a: Corviknight|Brave Bird|p2a: Azumarill\n|-damage|p2a: Azumarill|43/100\n|-damage|p1a: Corviknight|176/288|[from] Recoil\n|move|p2a: Azumarill|Play Rough|p1a: Corviknight\n|-resisted|p1a: Corviknight\n|-damage|p1a: Corviknight|105/288\n|-damage|p2a: Azumarill|27/100|[from] item: Rocky Helmet|[of] p1a: Corviknight\n|\n|upkeep\n|turn|9\n|inactive|Time left: 300 sec this turn | 300 sec total\n|\n|t:|1783555404\n|move|p1a: Corviknight|Roost|p1a: Corviknight\n|-heal|p1a: Corviknight|249/288\n|-singleturn|p1a: Corviknight|move: Roost\n|move|p2a: Azumarill|Play Rough|p1a: Corviknight\n|-resisted|p1a: Corviknight\n|-damage|p1a: Corviknight|174/288\n|-damage|p2a: Azumarill|11/100|[from] item: Rocky Helmet|[of] p1a: Corviknight\n|\n|upkeep\n|turn|10\n|inactive|Time left: 300 sec this turn | 300 sec total\n|\n|t:|1783555405\n|move|p1a: Corviknight|Brave Bird|p2a: Azumarill\n|-damage|p2a: Azumarill|0 fnt\n|faint|p2a: Azumarill\n|-damage|p1a: Corviknight|164/288|[from] Recoil\n|\n|upkeep\n|\n|t:|1783555407\n|switch|p2a: Houndoom|Houndoom, L87, F|100/100\n|turn|11\n|inactive|Time left: 300 sec this turn | 300 sec total\n|\n|t:|1783555408\n|move|p2a: Houndoom|Fire Blast|p1a: Corviknight\n|-supereffective|p1a: Corviknight\n|-damage|p1a: Corviknight|0 fnt\n|faint|p1a: Corviknight\n|\n|upkeep\n|inactive|Time left: 300 sec this turn | 300 sec total | 5 sec grace\n|\n|t:|1783555409\n|switch|p1a: Lumineon|Lumineon, L93, F|123/279\n|turn|12\n|inactive|Time left: 300 sec this turn | 300 sec total\n|\n|t:|1783555410\n|switch|p2a: Haxorus|Haxorus, L77, F|100/100\n|-ability|p2a: Haxorus|Mold Breaker\n|move|p1a: Lumineon|Hydro Pump|p2a: Haxorus\n|-resisted|p2a: Haxorus\n|-damage|p2a: Haxorus|59/100\n|-damage|p1a: Lumineon|96/279|[from] item: Life Orb\n|\n|upkeep\n|turn|13\n|inactive|Time left: 300 sec this turn | 300 sec total\n|\n|t:|1783555411\n|move|p1a: Lumineon|Alluring Voice|p2a: Haxorus\n|-supereffective|p2a: Haxorus\n|-damage|p2a: Haxorus|0 fnt\n|faint|p2a: Haxorus\n|-damage|p1a: Lumineon|69/279|[from] item: Life Orb\n|\n|upkeep\n|\n|t:|1783555412\n|switch|p2a: Lokix|Lokix, L82, M|100/100\n|turn|14\n|inactive|Time left: 300 sec this turn | 300 sec total\n|\n|t:|1783555413\n|switch|p1a: Zapdos|Zapdos, L78|268/268\n|move|p2a: Lokix|Sucker Punch||[still]\n|-fail|p2a: Lokix\n|\n|upkeep\n|turn|15\n|inactive|Time left: 300 sec this turn | 300 sec total\n|\n|t:|1783555414\n|move|p1a: Zapdos|Hurricane|p2a: Lokix\n|-supereffective|p2a: Lokix\n|-damage|p2a: Lokix|0 fnt\n|faint|p2a: Lokix\n|\n|upkeep\n|\n|t:|1783555415\n|switch|p2a: Houndoom|Houndoom, L87, F|100/100\n|turn|16\n|inactive|Time left: 300 sec this turn | 300 sec total\n|\n|t:|1783555416\n|-terastallize|p2a: Houndoom|Fire\n|move|p2a: Houndoom|Fire Blast|p1a: Zapdos\n|-damage|p1a: Zapdos|86/268\n|move|p1a: Zapdos|U-turn|p2a: Houndoom\n|-resisted|p2a: Houndoom\n|-damage|p2a: Houndoom|90/100\n|inactive|Time left: 300 sec this turn | 300 sec total | 5 sec grace\n|\n|t:|1783555417\n|switch|p1a: Venusaur|Venusaur, L84, M|272/272|[from] U-turn\n|\n|upkeep\n|turn|17\n|inactive|Time left: 300 sec this turn | 300 sec total\n|\n|t:|1783555418\n|-terastallize|p1a: Venusaur|Water\n|move|p2a: Houndoom|Fire Blast|p1a: Venusaur\n|-resisted|p1a: Venusaur\n|-damage|p1a: Venusaur|188/272\n|move|p1a: Venusaur|Sludge Bomb|p2a: Houndoom\n|-damage|p2a: Houndoom|51/100\n|\n|-heal|p1a: Venusaur|205/272|[from] item: Leftovers\n|upkeep\n|turn|18\n|inactive|Time left: 300 sec this turn | 300 sec total\n|\n|t:|1783555419\n|move|p2a: Houndoom|Dark Pulse|p1a: Venusaur\n|-damage|p1a: Venusaur|120/272\n|move|p1a: Venusaur|Sludge Bomb|p2a: Houndoom\n|-damage|p2a: Houndoom|12/100\n|\n|-heal|p1a: Venusaur|137/272|[from] item: Leftovers\n|upkeep\n|turn|19\n|inactive|Time left: 300 sec this turn | 300 sec total\n|\n|t:|1783555420\n|move|p2a: Houndoom|Dark Pulse|p1a: Venusaur\n|-damage|p1a: Venusaur|47/272\n|move|p1a: Venusaur|Sludge Bomb|p2a: Houndoom\n|-damage|p2a: Houndoom|0 fnt\n|faint|p2a: Houndoom\n|\n|win|p0x1327a246", "uploadtime": 1783555420, "views": 0, "rating": 0, "private": 0, "password": null, "_winner": "p0x1327a246", "_our_name": "p0x1327a246"}