{"id": "battle-gen9randombattle-1910", "formatid": "gen9randombattle", "format": "[Gen 9] Random Battle", "players": ["p0x19106555", "p0y19103dfd"], "log": "|init|battle\n|title|p0x19106555 vs. p0y19103dfd\n|j|\u2606p0x19106555\n|j|\u2606p0y19103dfd\n|t:|1783561342\n|gametype|singles\n|player|p1|p0x19106555|102|\n|player|p2|p0y19103dfd|265|\n|gen|9\n|tier|[Gen 9] Random Battle\n|rule|Species Clause: Limit one of each Pok\u00e9mon\n|rule|HP Percentage Mod: HP is shown in percentages\n|rule|Sleep Clause Mod: Limit one foe put to sleep\n|rule|Illusion Level Mod: Illusion disguises the Pok\u00e9mon's true level\n|\n|t:|1783561342\n|teamsize|p1|6\n|teamsize|p2|6\n|start\n|switch|p1a: Avalugg|Avalugg-Hisui, L90, F|317/317\n|switch|p2a: Landorus|Landorus-Therian, L76, M|100/100\n|-ability|p2a: Landorus|Intimidate|boost\n|-unboost|p1a: Avalugg|atk|1\n|turn|1\n|inactive|Battle timer is ON: inactive players will automatically lose when time's up. (requested by p0y19103dfd)\n|inactive|Time left: 300 sec this turn | 300 sec total | 60 sec grace\n|inactive|p0x19106555 also wants the timer to be on.\n|\n|t:|1783561344\n|move|p2a: Landorus|Stealth Rock|p1a: Avalugg\n|-sidestart|p1: p0x19106555|move: Stealth Rock\n|move|p1a: Avalugg|Avalanche|p2a: Landorus\n|-supereffective|p2a: Landorus\n|-damage|p2a: Landorus|8/100\n|\n|-heal|p2a: Landorus|14/100|[from] item: Leftovers\n|upkeep\n|turn|2\n|inactive|Time left: 300 sec this turn | 300 sec total\n|\n|t:|1783561345\n|move|p2a: Landorus|Earthquake|p1a: Avalugg\n|-supereffective|p1a: Avalugg\n|-damage|p1a: Avalugg|191/317\n|move|p1a: Avalugg|Rapid Spin|p2a: Landorus\n|-damage|p2a: Landorus|0 fnt\n|-boost|p1a: Avalugg|spe|1\n|-sideend|p1: p0x19106555|Stealth Rock|[from] move: Rapid Spin|[of] p1a: Avalugg\n|faint|p2a: Landorus\n|\n|upkeep\n|\n|t:|1783561347\n|switch|p2a: Volcanion|Volcanion, L79|100/100\n|turn|3\n|inactive|Time left: 300 sec this turn | 300 sec total\n|\n|t:|1783561348\n|move|p1a: Avalugg|Stone Edge|p2a: Volcanion\n|-supereffective|p2a: Volcanion\n|-damage|p2a: Volcanion|39/100\n|move|p2a: Volcanion|Steam Eruption|p1a: Avalugg\n|-supereffective|p1a: Avalugg\n|-damage|p1a: Avalugg|0 fnt\n|faint|p1a: Avalugg\n|\n|upkeep\n|inactive|Time left: 300 sec this turn | 300 sec total | 5 sec grace\n|\n|t:|1783561348\n|switch|p1a: Meowscarada|Meowscarada, L78, F|247/247\n|turn|4\n|inactive|Time left: 300 sec this turn | 300 sec total\n|\n|t:|1783561349\n|move|p1a: Meowscarada|Knock Off|p2a: Volcanion\n|-start|p1a: Meowscarada|typechange|Dark|[from] ability: Protean\n|-damage|p2a: Volcanion|0 fnt\n|-enditem|p2a: Volcanion|Heavy-Duty Boots|[from] move: Knock Off|[of] p1a: Meowscarada\n|faint|p2a: Volcanion\n|\n|upkeep\n|\n|t:|1783561350\n|switch|p2a: Zekrom|Zekrom, L71|100/100\n|-ability|p2a: Zekrom|Teravolt\n|turn|5\n|inactive|Time left: 300 sec this turn | 300 sec total\n|\n|t:|1783561351\n|move|p1a: Meowscarada|Knock Off|p2a: Zekrom\n|-damage|p2a: Zekrom|45/100\n|-enditem|p2a: Zekrom|Leftovers|[from] move: Knock Off|[of] p1a: Meowscarada\n|move|p2a: Zekrom|Dragon Dance|p2a: Zekrom\n|-boost|p2a: Zekrom|atk|1\n|-boost|p2a: Zekrom|spe|1\n|\n|upkeep\n|turn|6\n|inactive|Time left: 300 sec this turn | 300 sec total\n|\n|t:|1783561352\n|switch|p1a: Weezing|Weezing-Galar, L86, F|252/252\n|move|p2a: Zekrom|Outrage|p1a: Weezing\n|-immune|p1a: Weezing\n|\n|upkeep\n|turn|7\n|inactive|Time left: 300 sec this turn | 300 sec total\n|\n|t:|1783561353\n|-terastallize|p2a: Zekrom|Steel\n|move|p2a: Zekrom|Dragon Dance|p2a: Zekrom\n|-boost|p2a: Zekrom|atk|1\n|-boost|p2a: Zekrom|spe|1\n|move|p1a: Weezing|Strange Steam|p2a: Zekrom\n|-resisted|p2a: Zekrom\n|-damage|p2a: Zekrom|27/100\n|\n|upkeep\n|turn|8\n|inactive|Time left: 300 sec this turn | 300 sec total\n|\n|t:|1783561354\n|move|p2a: Zekrom|Bolt Strike|p1a: Weezing\n|-damage|p1a: Weezing|51/252\n|move|p1a: Weezing|Will-O-Wisp|p2a: Zekrom\n|-status|p2a: Zekrom|brn\n|\n|-heal|p1a: Weezing|66/252|[from] item: Leftovers\n|-damage|p2a: Zekrom|21/100 brn|[from] brn\n|upkeep\n|turn|9\n|inactive|Time left: 300 sec this turn | 300 sec total\n|\n|t:|1783561355\n|switch|p1a: Exeggutor|Exeggutor-Alola, L89, M|314/314\n|move|p2a: Zekrom|Bolt Strike|p1a: Exeggutor\n|-resisted|p1a: Exeggutor\n|-crit|p1a: Exeggutor\n|-damage|p1a: Exeggutor|259/314\n|\n|-damage|p2a: Zekrom|15/100 brn|[from] brn\n|upkeep\n|turn|10\n|inactive|Time left: 300 sec this turn | 300 sec total\n|\n|t:|1783561356\n|move|p2a: Zekrom|Outrage|p1a: Exeggutor\n|-supereffective|p1a: Exeggutor\n|-damage|p1a: Exeggutor|4/314\n|-enditem|p1a: Exeggutor|Sitrus Berry|[eat]\n|-heal|p1a: Exeggutor|82/314|[from] item: Sitrus Berry\n|move|p1a: Exeggutor|Wood Hammer|p2a: Zekrom\n|-resisted|p2a: Zekrom\n|-damage|p2a: Zekrom|0 fnt\n|faint|p2a: Zekrom\n|-damage|p1a: Exeggutor|70/314|[from] Recoil\n|\n|upkeep\n|\n|t:|1783561357\n|switch|p2a: Wigglytuff|Wigglytuff, L96, M|100/100\n|turn|11\n|inactive|Time left: 300 sec this turn | 300 sec total\n|\n|t:|1783561358\n|switch|p1a: Chandelure|Chandelure, L83, M|235/235\n|move|p2a: Wigglytuff|Dazzling Gleam|p1a: Chandelure\n|-resisted|p1a: Chandelure\n|-damage|p1a: Chandelure|181/235\n|\n|-heal|p1a: Chandelure|195/235|[from] item: Leftovers\n|upkeep\n|turn|12\n|inactive|Time left: 300 sec this turn | 300 sec total\n|\n|t:|1783561359\n|move|p1a: Chandelure|Calm Mind|p1a: Chandelure\n|-boost|p1a: Chandelure|spa|1\n|-boost|p1a: Chandelure|spd|1\n|move|p2a: Wigglytuff|Dazzling Gleam|p1a: Chandelure\n|-resisted|p1a: Chandelure\n|-damage|p1a: Chandelure|163/235\n|\n|-heal|p1a: Chandelure|177/235|[from] item: Leftovers\n|upkeep\n|turn|13\n|inactive|Time left: 300 sec this turn | 300 sec total\n|\n|t:|1783561361\n|move|p1a: Chandelure|Fire Blast|p2a: Wigglytuff\n|-damage|p2a: Wigglytuff|24/100\n|move|p2a: Wigglytuff|Wish|p2a: Wigglytuff\n|\n|-heal|p1a: Chandelure|191/235|[from] item: Leftovers\n|-heal|p2a: Wigglytuff|30/100|[from] item: Leftovers\n|upkeep\n|turn|14\n|inactive|Time left: 300 sec this turn | 300 sec total\n|\n|t:|1783561362\n|move|p2a: Wigglytuff|Protect|p2a: Wigglytuff\n|-singleturn|p2a: Wigglytuff|Protect\n|move|p1a: Chandelure|Calm Mind|p1a: Chandelure\n|-boost|p1a: Chandelure|spa|1\n|-boost|p1a: Chandelure|spd|1\n|\n|-heal|p2a: Wigglytuff|80/100|[from] move: Wish|[wisher] Wigglytuff\n|-heal|p1a: Chandelure|205/235|[from] item: Leftovers\n|-heal|p2a: Wigglytuff|86/100|[from] item: Leftovers\n|upkeep\n|turn|15\n|inactive|Time left: 300 sec this turn | 300 sec total\n|\n|t:|1783561363\n|switch|p2a: Hitmontop|Hitmontop, L88, M|100/100\n|-ability|p2a: Hitmontop|Intimidate|boost\n|-unboost|p1a: Chandelure|atk|1\n|move|p1a: Chandelure|Fire Blast|p2a: Hitmontop\n|-damage|p2a: Hitmontop|29/100\n|\n|-heal|p1a: Chandelure|219/235|[from] item: Leftovers\n|upkeep\n|turn|16\n|inactive|Time left: 300 sec this turn | 300 sec total\n|\n|t:|1783561364\n|move|p2a: Hitmontop|Sucker Punch|p1a: Chandelure\n|-supereffective|p1a: Chandelure\n|-damage|p1a: Chandelure|113/235\n|move|p1a: Chandelure|Fire Blast|p2a: Hitmontop\n|-damage|p2a: Hitmontop|0 fnt\n|faint|p2a: Hitmontop\n|\n|-heal|p1a: Chandelure|127/235|[from] item: Leftovers\n|upkeep\n|\n|t:|1783561365\n|switch|p2a: Wigglytuff|Wigglytuff, L96, M|86/100\n|turn|17\n|inactive|Time left: 300 sec this turn | 300 sec total\n|\n|t:|1783561366\n|move|p2a: Wigglytuff|Protect|p2a: Wigglytuff\n|-singleturn|p2a: Wigglytuff|Protect\n|move|p1a: Chandelure|Fire Blast|p2a: Wigglytuff\n|-activate|p2a: Wigglytuff|move: Protect\n|\n|-heal|p1a: Chandelure|141/235|[from] item: Leftovers\n|-heal|p2a: Wigglytuff|92/100|[from] item: Leftovers\n|upkeep\n|turn|18\n|inactive|Time left: 300 sec this turn | 300 sec total\n|\n|t:|1783561367\n|move|p2a: Wigglytuff|Protect||[still]\n|-fail|p2a: Wigglytuff\n|move|p1a: Chandelure|Fire Blast|p2a: Wigglytuff\n|-damage|p2a: Wigglytuff|3/100\n|\n|-heal|p1a: Chandelure|155/235|[from] item: Leftovers\n|-heal|p2a: Wigglytuff|9/100|[from] item: Leftovers\n|upkeep\n|turn|19\n|inactive|Time left: 300 sec this turn | 300 sec total\n|\n|t:|1783561368\n|move|p2a: Wigglytuff|Protect|p2a: Wigglytuff\n|-singleturn|p2a: Wigglytuff|Protect\n|move|p1a: Chandelure|Fire Blast|p2a: Wigglytuff\n|-activate|p2a: Wigglytuff|move: Protect\n|\n|-heal|p1a: Chandelure|169/235|[from] item: Leftovers\n|-heal|p2a: Wigglytuff|16/100|[from] item: Leftovers\n|upkeep\n|turn|20\n|inactive|Time left: 300 sec this turn | 300 sec total\n|\n|t:|1783561369\n|move|p2a: Wigglytuff|Protect|p2a: Wigglytuff\n|-singleturn|p2a: Wigglytuff|Protect\n|move|p1a: Chandelure|Fire Blast|p2a: Wigglytuff\n|-activate|p2a: Wigglytuff|move: Protect\n|\n|-heal|p1a: Chandelure|183/235|[from] item: Leftovers\n|-heal|p2a: Wigglytuff|22/100|[from] item: Leftovers\n|upkeep\n|turn|21\n|inactive|Time left: 300 sec this turn | 300 sec total\n|\n|t:|1783561369\n|switch|p2a: Lilligant|Lilligant-Hisui, L79, F|100/100\n|move|p1a: Chandelure|Fire Blast|p2a: Lilligant|[miss]\n|-miss|p1a: Chandelure|p2a: Lilligant\n|\n|-heal|p1a: Chandelure|197/235|[from] item: Leftovers\n|upkeep\n|turn|22\n|inactive|Time left: 300 sec this turn | 300 sec total\n|\n|t:|1783561370\n|switch|p2a: Wigglytuff|Wigglytuff, L96, M|22/100\n|move|p1a: Chandelure|Shadow Ball|p2a: Wigglytuff\n|-immune|p2a: Wigglytuff\n|\n|-heal|p1a: Chandelure|211/235|[from] item: Leftovers\n|-heal|p2a: Wigglytuff|28/100|[from] item: Leftovers\n|upkeep\n|turn|23\n|inactive|Time left: 300 sec this turn | 300 sec total\n|\n|t:|1783561371\n|move|p1a: Chandelure|Substitute|p1a: Chandelure\n|-start|p1a: Chandelure|Substitute\n|-damage|p1a: Chandelure|153/235\n|move|p2a: Wigglytuff|Wish|p2a: Wigglytuff\n|\n|-heal|p1a: Chandelure|167/235|[from] item: Leftovers\n|-heal|p2a: Wigglytuff|34/100|[from] item: Leftovers\n|upkeep\n|turn|24\n|inactive|Time left: 300 sec this turn | 300 sec total\n|\n|t:|1783561372\n|move|p1a: Chandelure|Calm Mind|p1a: Chandelure\n|-boost|p1a: Chandelure|spa|1\n|-boost|p1a: Chandelure|spd|1\n|move|p2a: Wigglytuff|Dazzling Gleam|p1a: Chandelure\n|-resisted|p1a: Chandelure\n|-activate|p1a: Chandelure|move: Substitute|[damage]\n|\n|-heal|p2a: Wigglytuff|84/100|[from] move: Wish|[wisher] Wigglytuff\n|-heal|p1a: Chandelure|181/235|[from] item: Leftovers\n|-heal|p2a: Wigglytuff|90/100|[from] item: Leftovers\n|upkeep\n|turn|25\n|inactive|Time left: 300 sec this turn | 300 sec total\n|\n|t:|1783561373\n|move|p1a: Chandelure|Calm Mind|p1a: Chandelure\n|-boost|p1a: Chandelure|spa|1\n|-boost|p1a: Chandelure|spd|1\n|move|p2a: Wigglytuff|Fire Blast|p1a: Chandelure\n|-start|p1a: Chandelure|ability: Flash Fire\n|\n|-heal|p1a: Chandelure|195/235|[from] item: Leftovers\n|-heal|p2a: Wigglytuff|96/100|[from] item: Leftovers\n|upkeep\n|turn|26\n|inactive|Time left: 300 sec this turn | 300 sec total\n|\n|t:|1783561374\n|move|p1a: Chandelure|Shadow Ball|p2a: Wigglytuff\n|-immune|p2a: Wigglytuff\n|move|p2a: Wigglytuff|Fire Blast|p1a: Chandelure\n|-immune|p1a: Chandelure|[from] ability: Flash Fire\n|\n|-heal|p1a: Chandelure|209/235|[from] item: Leftovers\n|-heal|p2a: Wigglytuff|100/100|[from] item: Leftovers\n|upkeep\n|turn|27\n|inactive|Time left: 300 sec this turn | 300 sec total\n|\n|t:|1783561375\n|move|p1a: Chandelure|Shadow Ball|p2a: Wigglytuff\n|-immune|p2a: Wigglytuff\n|move|p2a: Wigglytuff|Dazzling Gleam|p1a: Chandelure\n|-resisted|p1a: Chandelure\n|-activate|p1a: Chandelure|move: Substitute|[damage]\n|\n|-heal|p1a: Chandelure|223/235|[from] item: Leftovers\n|upkeep\n|turn|28\n|inactive|Time left: 300 sec this turn | 300 sec total\n|\n|t:|1783561376\n|move|p1a: Chandelure|Substitute|p1a: Chandelure\n|-fail|p1a: Chandelure|move: Substitute\n|move|p2a: Wigglytuff|Dazzling Gleam|p1a: Chandelure\n|-resisted|p1a: Chandelure\n|-activate|p1a: Chandelure|move: Substitute|[damage]\n|\n|-heal|p1a: Chandelure|235/235|[from] item: Leftovers\n|upkeep\n|turn|29\n|inactive|Time left: 300 sec this turn | 300 sec total\n|\n|t:|1783561377\n|move|p1a: Chandelure|Substitute|p1a: Chandelure\n|-fail|p1a: Chandelure|move: Substitute\n|move|p2a: Wigglytuff|Dazzling Gleam|p1a: Chandelure\n|-resisted|p1a: Chandelure\n|-end|p1a: Chandelure|Substitute\n|\n|upkeep\n|turn|30\n|inactive|Time left: 300 sec this turn | 300 sec total\n|\n|t:|1783561378\n|move|p1a: Chandelure|Substitute|p1a: Chandelure\n|-start|p1a: Chandelure|Substitute\n|-damage|p1a: Chandelure|177/235\n|move|p2a: Wigglytuff|Dazzling Gleam|p1a: Chandelure\n|-resisted|p1a: Chandelure\n|-activate|p1a: Chandelure|move: Substitute|[damage]\n|\n|-heal|p1a: Chandelure|191/235|[from] item: Leftovers\n|upkeep\n|turn|31\n|inactive|Time left: 300 sec this turn | 300 sec total\n|\n|t:|1783561379\n|move|p1a: Chandelure|Substitute|p1a: Chandelure\n|-fail|p1a: Chandelure|move: Substitute\n|move|p2a: Wigglytuff|Dazzling Gleam|p1a: Chandelure\n|-resisted|p1a: Chandelure\n|-activate|p1a: Chandelure|move: Substitute|[damage]\n|\n|-heal|p1a: Chandelure|205/235|[from] item: Leftovers\n|upkeep\n|turn|32\n|inactive|Time left: 300 sec this turn | 300 sec total\n|\n|t:|1783561380\n|move|p1a: Chandelure|Calm Mind|p1a: Chandelure\n|-boost|p1a: Chandelure|spa|1\n|-boost|p1a: Chandelure|spd|1\n|move|p2a: Wigglytuff|Fire Blast|p1a: Chandelure\n|-immune|p1a: Chandelure|[from] ability: Flash Fire\n|\n|-heal|p1a: Chandelure|219/235|[from] item: Leftovers\n|upkeep\n|turn|33\n|inactive|Time left: 300 sec this turn | 300 sec total\n|\n|t:|1783561381\n|move|p1a: Chandelure|Calm Mind|p1a: Chandelure\n|-boost|p1a: Chandelure|spa|1\n|-boost|p1a: Chandelure|spd|1\n|move|p2a: Wigglytuff|Dazzling Gleam|p1a: Chandelure\n|-resisted|p1a: Chandelure\n|-activate|p1a: Chandelure|move: Substitute|[damage]\n|\n|-heal|p1a: Chandelure|233/235|[from] item: Leftovers\n|upkeep\n|turn|34\n|inactive|Time left: 300 sec this turn | 300 sec total\n|\n|t:|1783561382\n|move|p1a: Chandelure|Substitute|p1a: Chandelure\n|-fail|p1a: Chandelure|move: Substitute\n|move|p2a: Wigglytuff|Dazzling Gleam|p1a: Chandelure\n|-resisted|p1a: Chandelure\n|-end|p1a: Chandelure|Substitute\n|\n|-heal|p1a: Chandelure|235/235|[from] item: Leftovers\n|upkeep\n|turn|35\n|inactive|Time left: 300 sec this turn | 300 sec total\n|\n|t:|1783561383\n|move|p1a: Chandelure|Substitute|p1a: Chandelure\n|-start|p1a: Chandelure|Substitute\n|-damage|p1a: Chandelure|177/235\n|move|p2a: Wigglytuff|Wish|p2a: Wigglytuff\n|\n|-heal|p1a: Chandelure|191/235|[from] item: Leftovers\n|upkeep\n|turn|36\n|inactive|Time left: 300 sec this turn | 300 sec total\n|\n|t:|1783561384\n|move|p1a: Chandelure|Shadow Ball|p2a: Wigglytuff\n|-immune|p2a: Wigglytuff\n|move|p2a: Wigglytuff|Fire Blast|p1a: Chandelure\n|-immune|p1a: Chandelure|[from] ability: Flash Fire\n|\n|-heal|p1a: Chandelure|205/235|[from] item: Leftovers\n|upkeep\n|turn|37\n|inactive|Time left: 300 sec this turn | 300 sec total\n|\n|t:|1783561385\n|move|p1a: Chandelure|Shadow Ball|p2a: Wigglytuff\n|-immune|p2a: Wigglytuff\n|move|p2a: Wigglytuff|Fire Blast|p1a: Chandelure\n|-immune|p1a: Chandelure|[from] ability: Flash Fire\n|\n|-heal|p1a: Chandelure|219/235|[from] item: Leftovers\n|upkeep\n|turn|38\n|inactive|Time left: 300 sec this turn | 300 sec total\n|\n|t:|1783561386\n|move|p1a: Chandelure|Calm Mind|p1a: Chandelure\n|-boost|p1a: Chandelure|spa|0\n|-boost|p1a: Chandelure|spd|0\n|move|p2a: Wigglytuff|Fire Blast|p1a: Chandelure\n|-immune|p1a: Chandelure|[from] ability: Flash Fire\n|\n|-heal|p1a: Chandelure|233/235|[from] item: Leftovers\n|upkeep\n|turn|39\n|inactive|Time left: 300 sec this turn | 300 sec total\n|\n|t:|1783561387\n|move|p1a: Chandelure|Calm Mind|p1a: Chandelure\n|-boost|p1a: Chandelure|spa|0\n|-boost|p1a: Chandelure|spd|0\n|move|p2a: Wigglytuff|Fire Blast|p1a: Chandelure\n|-immune|p1a: Chandelure|[from] ability: Flash Fire\n|\n|-heal|p1a: Chandelure|235/235|[from] item: Leftovers\n|upkeep\n|turn|40\n|inactive|Time left: 300 sec this turn | 300 sec total\n|\n|t:|1783561388\n|move|p1a: Chandelure|Calm Mind|p1a: Chandelure\n|-boost|p1a: Chandelure|spa|0\n|-boost|p1a: Chandelure|spd|0\n|move|p2a: Wigglytuff|Wish|p2a: Wigglytuff\n|\n|upkeep\n|turn|41\n|inactive|Time left: 300 sec this turn | 300 sec total\n|\n|t:|1783561389\n|move|p1a: Chandelure|Calm Mind|p1a: Chandelure\n|-boost|p1a: Chandelure|spa|0\n|-boost|p1a: Chandelure|spd|0\n|move|p2a: Wigglytuff|Wish||[still]\n|-fail|p2a: Wigglytuff\n|\n|upkeep\n|turn|42\n|inactive|Time left: 300 sec this turn | 300 sec total\n|\n|t:|1783561390\n|move|p1a: Chandelure|Calm Mind|p1a: Chandelure\n|-boost|p1a: Chandelure|spa|0\n|-boost|p1a: Chandelure|spd|0\n|move|p2a: Wigglytuff|Fire Blast|p1a: Chandelure\n|-immune|p1a: Chandelure|[from] ability: Flash Fire\n|\n|upkeep\n|turn|43\n|inactive|Time left: 300 sec this turn | 300 sec total\n|\n|t:|1783561391\n|move|p1a: Chandelure|Calm Mind|p1a: Chandelure\n|-boost|p1a: Chandelure|spa|0\n|-boost|p1a: Chandelure|spd|0\n|move|p2a: Wigglytuff|Dazzling Gleam|p1a: Chandelure\n|-resisted|p1a: Chandelure\n|-activate|p1a: Chandelure|move: Substitute|[damage]\n|\n|upkeep\n|turn|44\n|inactive|Time left: 300 sec this turn | 300 sec total\n|\n|t:|1783561392\n|move|p1a: Chandelure|Shadow Ball|p2a: Wigglytuff\n|-immune|p2a: Wigglytuff\n|move|p2a: Wigglytuff|Wish|p2a: Wigglytuff\n|\n|upkeep\n|turn|45\n|inactive|Time left: 300 sec this turn | 300 sec total\n|\n|t:|1783561393\n|move|p1a: Chandelure|Calm Mind|p1a: Chandelure\n|-boost|p1a: Chandelure|spa|0\n|-boost|p1a: Chandelure|spd|0\n|move|p2a: Wigglytuff|Wish||[still]\n|-fail|p2a: Wigglytuff\n|\n|upkeep\n|turn|46\n|inactive|Time left: 300 sec this turn | 300 sec total\n|\n|t:|1783561394\n|move|p1a: Chandelure|Calm Mind|p1a: Chandelure\n|-boost|p1a: Chandelure|spa|0\n|-boost|p1a: Chandelure|spd|0\n|move|p2a: Wigglytuff|Dazzling Gleam|p1a: Chandelure\n|-resisted|p1a: Chandelure\n|-activate|p1a: Chandelure|move: Substitute|[damage]\n|\n|upkeep\n|turn|47\n|inactive|Time left: 300 sec this turn | 300 sec total\n|\n|t:|1783561395\n|move|p1a: Chandelure|Calm Mind|p1a: Chandelure\n|-boost|p1a: Chandelure|spa|0\n|-boost|p1a: Chandelure|spd|0\n|move|p2a: Wigglytuff|Wish|p2a: Wigglytuff\n|\n|upkeep\n|turn|48\n|inactive|Time left: 300 sec this turn | 300 sec total\n|\n|t:|1783561396\n|move|p2a: Wigglytuff|Protect|p2a: Wigglytuff\n|-singleturn|p2a: Wigglytuff|Protect\n|move|p1a: Chandelure|Substitute|p1a: Chandelure\n|-fail|p1a: Chandelure|move: Substitute\n|\n|upkeep\n|turn|49\n|inactive|Time left: 300 sec this turn | 300 sec total\n|\n|t:|1783561397\n|move|p1a: Chandelure|Substitute|p1a: Chandelure\n|-fail|p1a: Chandelure|move: Substitute\n|move|p2a: Wigglytuff|Wish|p2a: Wigglytuff\n|\n|upkeep\n|turn|50\n|inactive|Time left: 300 sec this turn | 300 sec total\n|\n|t:|1783561397\n|move|p1a: Chandelure|Substitute|p1a: Chandelure\n|-fail|p1a: Chandelure|move: Substitute\n|move|p2a: Wigglytuff|Dazzling Gleam|p1a: Chandelure\n|-resisted|p1a: Chandelure\n|-activate|p1a: Chandelure|move: Substitute|[damage]\n|\n|upkeep\n|turn|51\n|inactive|Time left: 300 sec this turn | 300 sec total\n|\n|t:|1783561398\n|move|p1a: Chandelure|Substitute|p1a: Chandelure\n|-fail|p1a: Chandelure|move: Substitute\n|move|p2a: Wigglytuff|Wish|p2a: Wigglytuff\n|\n|upkeep\n|turn|52\n|inactive|Time left: 300 sec this turn | 300 sec total\n|\n|t:|1783561399\n|move|p1a: Chandelure|Substitute|p1a: Chandelure\n|-fail|p1a: Chandelure|move: Substitute\n|move|p2a: Wigglytuff|Dazzling Gleam|p1a: Chandelure\n|-resisted|p1a: Chandelure\n|-activate|p1a: Chandelure|move: Substitute|[damage]\n|\n|upkeep\n|turn|53\n|inactive|Time left: 300 sec this turn | 300 sec total\n|\n|t:|1783561400\n|move|p1a: Chandelure|Substitute|p1a: Chandelure\n|-fail|p1a: Chandelure|move: Substitute\n|move|p2a: Wigglytuff|Dazzling Gleam|p1a: Chandelure\n|-resisted|p1a: Chandelure\n|-end|p1a: Chandelure|Substitute\n|\n|upkeep\n|turn|54\n|inactive|Time left: 300 sec this turn | 300 sec total\n|\n|t:|1783561401\n|move|p1a: Chandelure|Substitute|p1a: Chandelure\n|-start|p1a: Chandelure|Substitute\n|-damage|p1a: Chandelure|177/235\n|move|p2a: Wigglytuff|Wish|p2a: Wigglytuff\n|\n|-heal|p1a: Chandelure|191/235|[from] item: Leftovers\n|upkeep\n|turn|55\n|inactive|Time left: 300 sec this turn | 300 sec total\n|\n|t:|1783561402\n|move|p2a: Wigglytuff|Protect|p2a: Wigglytuff\n|-singleturn|p2a: Wigglytuff|Protect\n|move|p1a: Chandelure|Shadow Ball|p2a: Wigglytuff\n|-activate|p2a: Wigglytuff|move: Protect\n|\n|-heal|p1a: Chandelure|205/235|[from] item: Leftovers\n|upkeep\n|turn|56\n|inactive|Time left: 300 sec this turn | 300 sec total\n|\n|t:|1783561403\n|move|p1a: Chandelure|Substitute|p1a: Chandelure\n|-fail|p1a: Chandelure|move: Substitute\n|move|p2a: Wigglytuff|Dazzling Gleam|p1a: Chandelure\n|-resisted|p1a: Chandelure\n|-activate|p1a: Chandelure|move: Substitute|[damage]\n|\n|-heal|p1a: Chandelure|219/235|[from] item: Leftovers\n|upkeep\n|turn|57\n|inactive|Time left: 300 sec this turn | 300 sec total\n|\n|t:|1783561404\n|move|p1a: Chandelure|Calm Mind|p1a: Chandelure\n|-boost|p1a: Chandelure|spa|0\n|-boost|p1a: Chandelure|spd|0\n|move|p2a: Wigglytuff|Wish|p2a: Wigglytuff\n|\n|-heal|p1a: Chandelure|233/235|[from] item: Leftovers\n|upkeep\n|turn|58\n|inactive|Time left: 300 sec this turn | 300 sec total\n|\n|t:|1783561404\n|move|p1a: Chandelure|Shadow Ball|p2a: Wigglytuff\n|-immune|p2a: Wigglytuff\n|move|p2a: Wigglytuff|Wish||[still]\n|-fail|p2a: Wigglytuff\n|\n|-heal|p1a: Chandelure|235/235|[from] item: Leftovers\n|upkeep\n|turn|59\n|inactive|Time left: 300 sec this turn | 300 sec total\n|\n|t:|1783561405\n|move|p1a: Chandelure|Shadow Ball|p2a: Wigglytuff\n|-immune|p2a: Wigglytuff\n|move|p2a: Wigglytuff|Wish|p2a: Wigglytuff\n|\n|upkeep\n|turn|60\n|inactive|Time left: 300 sec this turn | 300 sec total\n|\n|t:|1783561406\n|move|p2a: Wigglytuff|Protect|p2a: Wigglytuff\n|-singleturn|p2a: Wigglytuff|Protect\n|move|p1a: Chandelure|Calm Mind|p1a: Chandelure\n|-boost|p1a: Chandelure|spa|0\n|-boost|p1a: Chandelure|spd|0\n|\n|upkeep\n|turn|61\n|inactive|Time left: 300 sec this turn | 300 sec total\n|\n|t:|1783561407\n|move|p1a: Chandelure|Shadow Ball|p2a: Wigglytuff\n|-immune|p2a: Wigglytuff\n|move|p2a: Wigglytuff|Wish|p2a: Wigglytuff\n|\n|upkeep\n|turn|62\n|inactive|Time left: 300 sec this turn | 300 sec total\n|\n|t:|1783561409\n|move|p2a: Wigglytuff|Protect|p2a: Wigglytuff\n|-singleturn|p2a: Wigglytuff|Protect\n|move|p1a: Chandelure|Shadow Ball|p2a: Wigglytuff\n|-activate|p2a: Wigglytuff|move: Protect\n|\n|upkeep\n|turn|63\n|inactive|Time left: 300 sec this turn | 300 sec total\n|\n|t:|1783561410\n|move|p1a: Chandelure|Substitute|p1a: Chandelure\n|-fail|p1a: Chandelure|move: Substitute\n|move|p2a: Wigglytuff|Wish|p2a: Wigglytuff\n|\n|upkeep\n|turn|64\n|inactive|Time left: 300 sec this turn | 300 sec total\n|\n|t:|1783561411\n|move|p2a: Wigglytuff|Protect|p2a: Wigglytuff\n|-singleturn|p2a: Wigglytuff|Protect\n|move|p1a: Chandelure|Shadow Ball|p2a: Wigglytuff\n|-activate|p2a: Wigglytuff|move: Protect\n|\n|upkeep\n|turn|65\n|inactive|Time left: 300 sec this turn | 300 sec total\n|\n|t:|1783561412\n|move|p2a: Wigglytuff|Protect||[still]\n|-fail|p2a: Wigglytuff\n|move|p1a: Chandelure|Calm Mind|p1a: Chandelure\n|-boost|p1a: Chandelure|spa|0\n|-boost|p1a: Chandelure|spd|0\n|\n|upkeep\n|turn|66\n|inactive|Time left: 300 sec this turn | 300 sec total\n|\n|t:|1783561413\n|move|p2a: Wigglytuff|Protect|p2a: Wigglytuff\n|-singleturn|p2a: Wigglytuff|Protect\n|move|p1a: Chandelure|Calm Mind|p1a: Chandelure\n|-boost|p1a: Chandelure|spa|0\n|-boost|p1a: Chandelure|spd|0\n|\n|upkeep\n|turn|67\n|inactive|Time left: 300 sec this turn | 300 sec total\n|\n|t:|1783561414\n|move|p2a: Wigglytuff|Protect||[still]\n|-fail|p2a: Wigglytuff\n|move|p1a: Chandelure|Calm Mind|p1a: Chandelure\n|-boost|p1a: Chandelure|spa|0\n|-boost|p1a: Chandelure|spd|0\n|\n|upkeep\n|turn|68\n|inactive|Time left: 300 sec this turn | 300 sec total\n|\n|t:|1783561415\n|move|p2a: Wigglytuff|Protect|p2a: Wigglytuff\n|-singleturn|p2a: Wigglytuff|Protect\n|move|p1a: Chandelure|Shadow Ball|p2a: Wigglytuff\n|-activate|p2a: Wigglytuff|move: Protect\n|\n|upkeep\n|turn|69\n|inactive|Time left: 300 sec this turn | 300 sec total\n|\n|t:|1783561416\n|move|p2a: Wigglytuff|Protect||[still]\n|-fail|p2a: Wigglytuff\n|move|p1a: Chandelure|Shadow Ball|p2a: Wigglytuff\n|-immune|p2a: Wigglytuff\n|\n|upkeep\n|turn|70\n|inactive|Time left: 300 sec this turn | 300 sec total\n|\n|t:|1783561416\n|move|p2a: Wigglytuff|Protect|p2a: Wigglytuff\n|-singleturn|p2a: Wigglytuff|Protect\n|move|p1a: Chandelure|Shadow Ball|p2a: Wigglytuff\n|-activate|p2a: Wigglytuff|move: Protect\n|\n|upkeep\n|turn|71\n|inactive|Time left: 300 sec this turn | 300 sec total\n|\n|t:|1783561417\n|move|p1a: Chandelure|Shadow Ball|p2a: Wigglytuff\n|-immune|p2a: Wigglytuff\n|-activate|p2a: Wigglytuff|move: Struggle\n|move|p2a: Wigglytuff|Struggle|p1a: Chandelure\n|-activate|p1a: Chandelure|move: Substitute|[damage]\n|-damage|p2a: Wigglytuff|75/100|[from] recoil\n|\n|-heal|p2a: Wigglytuff|82/100|[from] item: Leftovers\n|upkeep\n|turn|72\n|inactive|Time left: 300 sec this turn | 300 sec total\n|\n|t:|1783561418\n|move|p1a: Chandelure|Shadow Ball|p2a: Wigglytuff\n|-immune|p2a: Wigglytuff\n|-activate|p2a: Wigglytuff|move: Struggle\n|move|p2a: Wigglytuff|Struggle|p1a: Chandelure\n|-end|p1a: Chandelure|Substitute\n|-damage|p2a: Wigglytuff|57/100|[from] recoil\n|\n|-heal|p2a: Wigglytuff|63/100|[from] item: Leftovers\n|upkeep\n|turn|73\n|inactive|Time left: 300 sec this turn | 300 sec total\n|\n|t:|1783561419\n|move|p1a: Chandelure|Shadow Ball|p2a: Wigglytuff\n|-immune|p2a: Wigglytuff\n|-activate|p2a: Wigglytuff|move: Struggle\n|move|p2a: Wigglytuff|Struggle|p1a: Chandelure\n|-damage|p1a: Chandelure|205/235\n|-damage|p2a: Wigglytuff|38/100|[from] recoil\n|\n|-heal|p1a: Chandelure|219/235|[from] item: Leftovers\n|-heal|p2a: Wigglytuff|44/100|[from] item: Leftovers\n|upkeep\n|turn|74\n|inactive|Time left: 300 sec this turn | 300 sec total\n|\n|t:|1783561420\n|move|p1a: Chandelure|Shadow Ball|p2a: Wigglytuff\n|-immune|p2a: Wigglytuff\n|-activate|p2a: Wigglytuff|move: Struggle\n|move|p2a: Wigglytuff|Struggle|p1a: Chandelure\n|-damage|p1a: Chandelure|192/235\n|-damage|p2a: Wigglytuff|19/100|[from] recoil\n|\n|-heal|p1a: Chandelure|206/235|[from] item: Leftovers\n|-heal|p2a: Wigglytuff|25/100|[from] item: Leftovers\n|upkeep\n|turn|75\n|inactive|Time left: 300 sec this turn | 300 sec total\n|\n|t:|1783561421\n|move|p1a: Chandelure|Shadow Ball|p2a: Wigglytuff\n|-immune|p2a: Wigglytuff\n|-activate|p2a: Wigglytuff|move: Struggle\n|move|p2a: Wigglytuff|Struggle|p1a: Chandelure\n|-damage|p1a: Chandelure|178/235\n|-damage|p2a: Wigglytuff|0 fnt|[from] recoil\n|faint|p2a: Wigglytuff\n|\n|-heal|p1a: Chandelure|192/235|[from] item: Leftovers\n|upkeep\n|\n|t:|1783561422\n|switch|p2a: Lilligant|Lilligant-Hisui, L79, F|100/100\n|turn|76\n|inactive|Time left: 300 sec this turn | 300 sec total\n|\n|t:|1783561423\n|move|p2a: Lilligant|Close Combat|p1a: Chandelure\n|-immune|p1a: Chandelure\n|move|p1a: Chandelure|Shadow Ball|p2a: Lilligant\n|-damage|p2a: Lilligant|0 fnt\n|faint|p2a: Lilligant\n|\n|win|p0x19106555", "uploadtime": 1783561423, "views": 0, "rating": 0, "private": 0, "password": null, "_winner": "p0x19106555", "_our_name": "p0x19106555"}