{"id": "battle-gen9randombattle-2169", "formatid": "gen9randombattle", "format": "[Gen 9] Random Battle", "players": ["p0x2169eac1", "p0y21696c59"], "log": "|init|battle\n|title|p0x2169eac1 vs. p0y21696c59\n|j|\u2606p0x2169eac1\n|j|\u2606p0y21696c59\n|t:|1783565128\n|gametype|singles\n|player|p1|p0x2169eac1|265|\n|player|p2|p0y21696c59|101|\n|gen|9\n|tier|[Gen 9] Random Battle\n|rule|Species Clause: Limit one of each Pok\u00e9mon\n|rule|HP Percentage Mod: HP is shown in percentages\n|rule|Sleep Clause Mod: Limit one foe put to sleep\n|rule|Illusion Level Mod: Illusion disguises the Pok\u00e9mon's true level\n|\n|t:|1783565128\n|teamsize|p1|6\n|teamsize|p2|6\n|start\n|switch|p1a: Electivire|Electivire, L84, F|100/100\n|switch|p2a: Jirachi|Jirachi, L80|291/291\n|turn|1\n|inactive|Battle timer is ON: inactive players will automatically lose when time's up. (requested by p0y21696c59)\n|inactive|p0x2169eac1 also wants the timer to be on.\n|\n|t:|1783565129\n|switch|p2a: Hippowdon|Hippowdon, L82, F|311/311\n|-weather|Sandstorm|[from] ability: Sand Stream|[of] p2a: Hippowdon\n|move|p1a: Electivire|Bulk Up|p1a: Electivire\n|-boost|p1a: Electivire|atk|1\n|-boost|p1a: Electivire|def|1\n|\n|-weather|Sandstorm|[upkeep]\n|-damage|p1a: Electivire|94/100|[from] Sandstorm\n|upkeep\n|turn|2\n|inactive|Time left: 300 sec this turn | 300 sec total\n|\n|t:|1783565131\n|move|p1a: Electivire|Ice Punch|p2a: Hippowdon\n|-supereffective|p2a: Hippowdon\n|-damage|p2a: Hippowdon|111/311\n|-damage|p1a: Electivire|85/100|[from] item: Life Orb\n|move|p2a: Hippowdon|Earthquake|p1a: Electivire\n|-supereffective|p1a: Electivire\n|-damage|p1a: Electivire|15/100\n|\n|-weather|Sandstorm|[upkeep]\n|-damage|p1a: Electivire|9/100|[from] Sandstorm\n|-heal|p2a: Hippowdon|130/311|[from] item: Leftovers\n|upkeep\n|turn|3\n|inactive|Time left: 300 sec this turn | 300 sec total\n|\n|t:|1783565132\n|move|p1a: Electivire|Earthquake|p2a: Hippowdon\n|-damage|p2a: Hippowdon|0 fnt\n|faint|p2a: Hippowdon\n|-damage|p1a: Electivire|0 fnt|[from] item: Life Orb\n|faint|p1a: Electivire\n|\n|-weather|Sandstorm|[upkeep]\n|upkeep\n|inactive|Time left: 300 sec this turn | 300 sec total | 5 sec grace\n|\n|t:|1783565133\n|switch|p1a: Vikavolt|Vikavolt, L83, M|100/100\n|switch|p2a: Meloetta|Meloetta, L82|298/298\n|turn|4\n|inactive|Time left: 300 sec this turn | 300 sec total\n|\n|t:|1783565134\n|move|p2a: Meloetta|Hyper Voice|p1a: Vikavolt\n|-damage|p1a: Vikavolt|32/100\n|move|p1a: Vikavolt|Sticky Web|p2a: Meloetta\n|-sidestart|p2: p0y21696c59|move: Sticky Web\n|\n|-weather|Sandstorm|[upkeep]\n|-damage|p2a: Meloetta|280/298|[from] Sandstorm\n|-damage|p1a: Vikavolt|26/100|[from] Sandstorm\n|upkeep\n|turn|5\n|inactive|Time left: 300 sec this turn | 300 sec total\n|\n|t:|1783565135\n|move|p2a: Meloetta|Hyper Voice|p1a: Vikavolt\n|-damage|p1a: Vikavolt|0 fnt\n|faint|p1a: Vikavolt\n|\n|-weather|none\n|upkeep\n|\n|t:|1783565136\n|switch|p1a: Bellossom|Bellossom, L84, M|100/100\n|turn|6\n|inactive|Time left: 300 sec this turn | 300 sec total\n|\n|t:|1783565137\n|move|p2a: Meloetta|Hyper Voice|p1a: Bellossom\n|-damage|p1a: Bellossom|41/100\n|move|p1a: Bellossom|Quiver Dance|p1a: Bellossom\n|-boost|p1a: Bellossom|spa|1\n|-boost|p1a: Bellossom|spd|1\n|-boost|p1a: Bellossom|spe|1\n|\n|-heal|p1a: Bellossom|47/100|[from] item: Leftovers\n|upkeep\n|turn|7\n|inactive|Time left: 300 sec this turn | 300 sec total\n|\n|t:|1783565138\n|move|p1a: Bellossom|Strength Sap|p2a: Meloetta\n|-unboost|p2a: Meloetta|atk|1\n|-heal|p1a: Bellossom|100/100\n|move|p2a: Meloetta|Hyper Voice|p1a: Bellossom\n|-damage|p1a: Bellossom|61/100\n|\n|-heal|p1a: Bellossom|67/100|[from] item: Leftovers\n|upkeep\n|turn|8\n|inactive|Time left: 300 sec this turn | 300 sec total\n|\n|t:|1783565139\n|move|p1a: Bellossom|Quiver Dance|p1a: Bellossom\n|-boost|p1a: Bellossom|spa|1\n|-boost|p1a: Bellossom|spd|1\n|-boost|p1a: Bellossom|spe|1\n|move|p2a: Meloetta|Hyper Voice|p1a: Bellossom\n|-damage|p1a: Bellossom|37/100\n|\n|-heal|p1a: Bellossom|43/100|[from] item: Leftovers\n|upkeep\n|turn|9\n|inactive|Time left: 300 sec this turn | 300 sec total\n|\n|t:|1783565140\n|move|p1a: Bellossom|Giga Drain|p2a: Meloetta\n|-damage|p2a: Meloetta|157/298\n|-heal|p1a: Bellossom|67/100|[from] drain|[of] p2a: Meloetta\n|move|p2a: Meloetta|Hyper Voice|p1a: Bellossom\n|-damage|p1a: Bellossom|39/100\n|\n|-heal|p1a: Bellossom|45/100|[from] item: Leftovers\n|upkeep\n|turn|10\n|inactive|Time left: 300 sec this turn | 300 sec total\n|\n|t:|1783565141\n|move|p1a: Bellossom|Strength Sap|p2a: Meloetta\n|-unboost|p2a: Meloetta|atk|1\n|-heal|p1a: Bellossom|89/100\n|move|p2a: Meloetta|Hyper Voice|p1a: Bellossom\n|-damage|p1a: Bellossom|59/100\n|\n|-heal|p1a: Bellossom|66/100|[from] item: Leftovers\n|upkeep\n|turn|11\n|inactive|Time left: 300 sec this turn | 300 sec total\n|\n|t:|1783565142\n|move|p1a: Bellossom|Giga Drain|p2a: Meloetta\n|-damage|p2a: Meloetta|40/298\n|-heal|p1a: Bellossom|88/100|[from] drain|[of] p2a: Meloetta\n|move|p2a: Meloetta|Hyper Voice|p1a: Bellossom\n|-damage|p1a: Bellossom|56/100\n|\n|-heal|p1a: Bellossom|62/100|[from] item: Leftovers\n|upkeep\n|turn|12\n|inactive|Time left: 300 sec this turn | 300 sec total\n|\n|t:|1783565143\n|move|p1a: Bellossom|Quiver Dance|p1a: Bellossom\n|-boost|p1a: Bellossom|spa|1\n|-boost|p1a: Bellossom|spd|1\n|-boost|p1a: Bellossom|spe|1\n|move|p2a: Meloetta|Hyper Voice|p1a: Bellossom\n|-damage|p1a: Bellossom|38/100\n|\n|-heal|p1a: Bellossom|44/100|[from] item: Leftovers\n|upkeep\n|turn|13\n|inactive|Time left: 300 sec this turn | 300 sec total\n|\n|t:|1783565144\n|move|p1a: Bellossom|Giga Drain|p2a: Meloetta\n|-damage|p2a: Meloetta|0 fnt\n|-heal|p1a: Bellossom|51/100|[from] drain|[of] p2a: Meloetta\n|faint|p2a: Meloetta\n|\n|-heal|p1a: Bellossom|58/100|[from] item: Leftovers\n|upkeep\n|inactive|Time left: 300 sec this turn | 300 sec total | 5 sec grace\n|\n|t:|1783565145\n|switch|p2a: Tyranitar|Tyranitar, L78, F|284/284\n|-activate|p2a: Tyranitar|move: Sticky Web\n|-unboost|p2a: Tyranitar|spe|1\n|-weather|Sandstorm|[from] ability: Sand Stream|[of] p2a: Tyranitar\n|turn|14\n|inactive|Time left: 300 sec this turn | 300 sec total\n|\n|t:|1783565146\n|-terastallize|p2a: Tyranitar|Rock\n|move|p1a: Bellossom|Strength Sap|p2a: Tyranitar\n|-unboost|p2a: Tyranitar|atk|1\n|-heal|p1a: Bellossom|100/100\n|move|p2a: Tyranitar|Stone Edge|p1a: Bellossom\n|-damage|p1a: Bellossom|65/100\n|\n|-weather|Sandstorm|[upkeep]\n|-damage|p1a: Bellossom|59/100|[from] Sandstorm\n|-heal|p1a: Bellossom|65/100|[from] item: Leftovers\n|upkeep\n|turn|15\n|inactive|Time left: 300 sec this turn | 300 sec total\n|\n|t:|1783565147\n|move|p1a: Bellossom|Giga Drain|p2a: Tyranitar\n|-supereffective|p2a: Tyranitar\n|-damage|p2a: Tyranitar|30/284\n|-heal|p1a: Bellossom|100/100|[from] drain|[of] p2a: Tyranitar\n|-enditem|p2a: Tyranitar|Weakness Policy\n|-boost|p2a: Tyranitar|atk|2|[from] item: Weakness Policy\n|-boost|p2a: Tyranitar|spa|2|[from] item: Weakness Policy\n|move|p2a: Tyranitar|Knock Off|p1a: Bellossom\n|-damage|p1a: Bellossom|42/100\n|-enditem|p1a: Bellossom|Leftovers|[from] move: Knock Off|[of] p2a: Tyranitar\n|\n|-weather|Sandstorm|[upkeep]\n|-damage|p1a: Bellossom|36/100|[from] Sandstorm\n|upkeep\n|turn|16\n|inactive|Time left: 300 sec this turn | 300 sec total\n|\n|t:|1783565148\n|move|p1a: Bellossom|Strength Sap|p2a: Tyranitar\n|-unboost|p2a: Tyranitar|atk|1\n|-heal|p1a: Bellossom|100/100\n|move|p2a: Tyranitar|Stone Edge|p1a: Bellossom|[miss]\n|-miss|p2a: Tyranitar|p1a: Bellossom\n|\n|-weather|Sandstorm|[upkeep]\n|-damage|p1a: Bellossom|94/100|[from] Sandstorm\n|upkeep\n|turn|17\n|inactive|Time left: 300 sec this turn | 300 sec total\n|\n|t:|1783565149\n|move|p1a: Bellossom|Giga Drain|p2a: Tyranitar\n|-supereffective|p2a: Tyranitar\n|-damage|p2a: Tyranitar|0 fnt\n|-heal|p1a: Bellossom|99/100|[from] drain|[of] p2a: Tyranitar\n|faint|p2a: Tyranitar\n|\n|-weather|Sandstorm|[upkeep]\n|-damage|p1a: Bellossom|94/100|[from] Sandstorm\n|upkeep\n|inactive|Time left: 300 sec this turn | 300 sec total | 5 sec grace\n|\n|t:|1783565150\n|switch|p2a: Jirachi|Jirachi, L80|291/291\n|-activate|p2a: Jirachi|move: Sticky Web\n|-unboost|p2a: Jirachi|spe|1\n|turn|18\n|inactive|Time left: 300 sec this turn | 300 sec total\n|\n|t:|1783565151\n|move|p1a: Bellossom|Strength Sap|p2a: Jirachi\n|-unboost|p2a: Jirachi|atk|1\n|-heal|p1a: Bellossom|100/100\n|move|p2a: Jirachi|Iron Head|p1a: Bellossom\n|-damage|p1a: Bellossom|81/100\n|\n|-weather|none\n|upkeep\n|turn|19\n|inactive|Time left: 300 sec this turn | 300 sec total\n|\n|t:|1783565152\n|move|p1a: Bellossom|Giga Drain|p2a: Jirachi\n|-resisted|p2a: Jirachi\n|-damage|p2a: Jirachi|198/291\n|-heal|p1a: Bellossom|99/100|[from] drain|[of] p2a: Jirachi\n|move|p2a: Jirachi|Wish|p2a: Jirachi\n|\n|-heal|p2a: Jirachi|216/291|[from] item: Leftovers\n|upkeep\n|turn|20\n|inactive|Time left: 300 sec this turn | 300 sec total\n|\n|t:|1783565153\n|move|p1a: Bellossom|Quiver Dance|p1a: Bellossom\n|-boost|p1a: Bellossom|spa|1\n|-boost|p1a: Bellossom|spd|1\n|-boost|p1a: Bellossom|spe|1\n|move|p2a: Jirachi|Iron Head|p1a: Bellossom\n|-damage|p1a: Bellossom|80/100\n|\n|-heal|p2a: Jirachi|291/291|[from] move: Wish|[wisher] Jirachi\n|upkeep\n|turn|21\n|inactive|Time left: 300 sec this turn | 300 sec total\n|\n|t:|1783565154\n|move|p1a: Bellossom|Strength Sap|p2a: Jirachi\n|-unboost|p2a: Jirachi|atk|1\n|-heal|p1a: Bellossom|100/100\n|move|p2a: Jirachi|Wish|p2a: Jirachi\n|\n|upkeep\n|turn|22\n|inactive|Time left: 300 sec this turn | 300 sec total\n|\n|t:|1783565155\n|move|p1a: Bellossom|Strength Sap|p2a: Jirachi\n|-unboost|p2a: Jirachi|atk|1\n|move|p2a: Jirachi|Iron Head|p1a: Bellossom\n|-damage|p1a: Bellossom|88/100\n|\n|upkeep\n|turn|23\n|inactive|Time left: 300 sec this turn | 300 sec total\n|\n|t:|1783565156\n|move|p1a: Bellossom|Giga Drain|p2a: Jirachi\n|-resisted|p2a: Jirachi\n|-damage|p2a: Jirachi|182/291\n|-heal|p1a: Bellossom|100/100|[from] drain|[of] p2a: Jirachi\n|move|p2a: Jirachi|Wish|p2a: Jirachi\n|\n|-heal|p2a: Jirachi|200/291|[from] item: Leftovers\n|upkeep\n|turn|24\n|inactive|Time left: 300 sec this turn | 300 sec total\n|\n|t:|1783565157\n|move|p1a: Bellossom|Strength Sap|p2a: Jirachi\n|-unboost|p2a: Jirachi|atk|1\n|move|p2a: Jirachi|Iron Head|p1a: Bellossom\n|-damage|p1a: Bellossom|90/100\n|\n|-heal|p2a: Jirachi|291/291|[from] move: Wish|[wisher] Jirachi\n|upkeep\n|turn|25\n|inactive|Time left: 300 sec this turn | 300 sec total\n|\n|t:|1783565158\n|switch|p2a: Ursaring|Ursaring, L84, M|288/288\n|-activate|p2a: Ursaring|move: Sticky Web\n|-unboost|p2a: Ursaring|spe|1\n|move|p1a: Bellossom|Moonblast|p2a: Ursaring\n|-damage|p2a: Ursaring|93/288\n|-unboost|p2a: Ursaring|spa|1\n|\n|-status|p2a: Ursaring|tox|[from] item: Toxic Orb\n|upkeep\n|turn|26\n|inactive|Time left: 300 sec this turn | 300 sec total\n|\n|t:|1783565159\n|switch|p2a: Jirachi|Jirachi, L80|291/291\n|-activate|p2a: Jirachi|move: Sticky Web\n|-unboost|p2a: Jirachi|spe|1\n|move|p1a: Bellossom|Moonblast|p2a: Jirachi\n|-resisted|p2a: Jirachi\n|-damage|p2a: Jirachi|203/291\n|\n|-heal|p2a: Jirachi|221/291|[from] item: Leftovers\n|upkeep\n|turn|27\n|inactive|Time left: 300 sec this turn | 300 sec total\n|\n|t:|1783565160\n|move|p1a: Bellossom|Moonblast|p2a: Jirachi\n|-resisted|p2a: Jirachi\n|-damage|p2a: Jirachi|137/291\n|-unboost|p2a: Jirachi|spa|1\n|move|p2a: Jirachi|Wish|p2a: Jirachi\n|\n|-heal|p2a: Jirachi|155/291|[from] item: Leftovers\n|upkeep\n|turn|28\n|inactive|Time left: 300 sec this turn | 300 sec total\n|\n|t:|1783565161\n|move|p1a: Bellossom|Moonblast|p2a: Jirachi\n|-resisted|p2a: Jirachi\n|-damage|p2a: Jirachi|62/291\n|move|p2a: Jirachi|Iron Head|p1a: Bellossom\n|-damage|p1a: Bellossom|62/100\n|\n|-heal|p2a: Jirachi|207/291|[from] move: Wish|[wisher] Jirachi\n|-heal|p2a: Jirachi|225/291|[from] item: Leftovers\n|upkeep\n|turn|29\n|inactive|Time left: 300 sec this turn | 300 sec total\n|\n|t:|1783565162\n|move|p2a: Jirachi|Protect|p2a: Jirachi\n|-singleturn|p2a: Jirachi|Protect\n|move|p1a: Bellossom|Strength Sap|p2a: Jirachi\n|-activate|p2a: Jirachi|move: Protect\n|\n|-heal|p2a: Jirachi|243/291|[from] item: Leftovers\n|upkeep\n|turn|30\n|inactive|Time left: 300 sec this turn | 300 sec total\n|\n|t:|1783565163\n|move|p1a: Bellossom|Strength Sap|p2a: Jirachi\n|-unboost|p2a: Jirachi|atk|1\n|-heal|p1a: Bellossom|100/100\n|move|p2a: Jirachi|Iron Head|p1a: Bellossom\n|-damage|p1a: Bellossom|81/100\n|\n|-heal|p2a: Jirachi|261/291|[from] item: Leftovers\n|upkeep\n|turn|31\n|inactive|Time left: 300 sec this turn | 300 sec total\n|\n|t:|1783565164\n|move|p2a: Jirachi|Protect|p2a: Jirachi\n|-singleturn|p2a: Jirachi|Protect\n|move|p1a: Bellossom|Giga Drain|p2a: Jirachi\n|-activate|p2a: Jirachi|move: Protect\n|\n|-heal|p2a: Jirachi|279/291|[from] item: Leftovers\n|upkeep\n|turn|32\n|inactive|Time left: 300 sec this turn | 300 sec total\n|\n|t:|1783565164\n|switch|p2a: Ursaring|Ursaring, L84, M|93/288 tox\n|-activate|p2a: Ursaring|move: Sticky Web\n|-unboost|p2a: Ursaring|spe|1\n|move|p1a: Bellossom|Giga Drain|p2a: Ursaring\n|-damage|p2a: Ursaring|0 fnt\n|-heal|p1a: Bellossom|99/100|[from] drain|[of] p2a: Ursaring\n|faint|p2a: Ursaring\n|\n|upkeep\n|inactive|Time left: 300 sec this turn | 300 sec total | 5 sec grace\n|\n|t:|1783565165\n|switch|p2a: Jirachi|Jirachi, L80|279/291\n|-activate|p2a: Jirachi|move: Sticky Web\n|-unboost|p2a: Jirachi|spe|1\n|turn|33\n|inactive|Time left: 300 sec this turn | 300 sec total\n|\n|t:|1783565166\n|move|p2a: Jirachi|Protect|p2a: Jirachi\n|-singleturn|p2a: Jirachi|Protect\n|move|p1a: Bellossom|Strength Sap|p2a: Jirachi\n|-activate|p2a: Jirachi|move: Protect\n|\n|-heal|p2a: Jirachi|291/291|[from] item: Leftovers\n|upkeep\n|turn|34\n|inactive|Time left: 300 sec this turn | 300 sec total\n|\n|t:|1783565167\n|move|p1a: Bellossom|Giga Drain|p2a: Jirachi\n|-resisted|p2a: Jirachi\n|-damage|p2a: Jirachi|179/291\n|-heal|p1a: Bellossom|100/100|[from] drain|[of] p2a: Jirachi\n|move|p2a: Jirachi|Iron Head|p1a: Bellossom\n|-damage|p1a: Bellossom|70/100\n|\n|-heal|p2a: Jirachi|197/291|[from] item: Leftovers\n|upkeep\n|turn|35\n|inactive|Time left: 300 sec this turn | 300 sec total\n|\n|t:|1783565168\n|move|p1a: Bellossom|Giga Drain|p2a: Jirachi\n|-resisted|p2a: Jirachi\n|-damage|p2a: Jirachi|98/291\n|-heal|p1a: Bellossom|89/100|[from] drain|[of] p2a: Jirachi\n|move|p2a: Jirachi|Wish|p2a: Jirachi\n|\n|-heal|p2a: Jirachi|116/291|[from] item: Leftovers\n|upkeep\n|turn|36\n|inactive|Time left: 300 sec this turn | 300 sec total\n|\n|t:|1783565169\n|-terastallize|p1a: Bellossom|Fairy\n|move|p2a: Jirachi|Protect|p2a: Jirachi\n|-singleturn|p2a: Jirachi|Protect\n|move|p1a: Bellossom|Moonblast|p2a: Jirachi\n|-activate|p2a: Jirachi|move: Protect\n|\n|-heal|p2a: Jirachi|261/291|[from] move: Wish|[wisher] Jirachi\n|-heal|p2a: Jirachi|279/291|[from] item: Leftovers\n|upkeep\n|turn|37\n|inactive|Time left: 300 sec this turn | 300 sec total\n|\n|t:|1783565170\n|move|p1a: Bellossom|Strength Sap|p2a: Jirachi\n|-unboost|p2a: Jirachi|atk|1\n|-heal|p1a: Bellossom|100/100\n|move|p2a: Jirachi|Iron Head|p1a: Bellossom\n|-supereffective|p1a: Bellossom\n|-damage|p1a: Bellossom|64/100\n|\n|-heal|p2a: Jirachi|291/291|[from] item: Leftovers\n|upkeep\n|turn|38\n|inactive|Time left: 300 sec this turn | 300 sec total\n|\n|t:|1783565171\n|move|p2a: Jirachi|Protect|p2a: Jirachi\n|-singleturn|p2a: Jirachi|Protect\n|move|p1a: Bellossom|Strength Sap|p2a: Jirachi\n|-activate|p2a: Jirachi|move: Protect\n|\n|upkeep\n|turn|39\n|inactive|Time left: 300 sec this turn | 300 sec total\n|\n|t:|1783565172\n|move|p1a: Bellossom|Strength Sap|p2a: Jirachi\n|-unboost|p2a: Jirachi|atk|1\n|-heal|p1a: Bellossom|100/100\n|move|p2a: Jirachi|Iron Head|p1a: Bellossom\n|-supereffective|p1a: Bellossom\n|-damage|p1a: Bellossom|75/100\n|\n|upkeep\n|turn|40\n|inactive|Time left: 300 sec this turn | 300 sec total\n|\n|t:|1783565173\n|move|p2a: Jirachi|Protect|p2a: Jirachi\n|-singleturn|p2a: Jirachi|Protect\n|move|p1a: Bellossom|Giga Drain|p2a: Jirachi\n|-activate|p2a: Jirachi|move: Protect\n|\n|upkeep\n|turn|41\n|inactive|Time left: 300 sec this turn | 300 sec total\n|\n|t:|1783565174\n|move|p1a: Bellossom|Moonblast|p2a: Jirachi\n|-resisted|p2a: Jirachi\n|-damage|p2a: Jirachi|167/291\n|move|p2a: Jirachi|Iron Head|p1a: Bellossom\n|-supereffective|p1a: Bellossom\n|-damage|p1a: Bellossom|45/100\n|\n|-heal|p2a: Jirachi|185/291|[from] item: Leftovers\n|upkeep\n|turn|42\n|inactive|Time left: 300 sec this turn | 300 sec total\n|\n|t:|1783565175\n|move|p2a: Jirachi|Protect|p2a: Jirachi\n|-singleturn|p2a: Jirachi|Protect\n|move|p1a: Bellossom|Giga Drain|p2a: Jirachi\n|-activate|p2a: Jirachi|move: Protect\n|\n|-heal|p2a: Jirachi|203/291|[from] item: Leftovers\n|upkeep\n|turn|43\n|inactive|Time left: 300 sec this turn | 300 sec total\n|\n|t:|1783565176\n|move|p1a: Bellossom|Giga Drain|p2a: Jirachi\n|-resisted|p2a: Jirachi\n|-damage|p2a: Jirachi|104/291\n|-heal|p1a: Bellossom|64/100|[from] drain|[of] p2a: Jirachi\n|move|p2a: Jirachi|Iron Head|p1a: Bellossom\n|-supereffective|p1a: Bellossom\n|-damage|p1a: Bellossom|34/100\n|\n|-heal|p2a: Jirachi|122/291|[from] item: Leftovers\n|upkeep\n|turn|44\n|inactive|Time left: 300 sec this turn | 300 sec total\n|\n|t:|1783565177\n|move|p2a: Jirachi|Protect|p2a: Jirachi\n|-singleturn|p2a: Jirachi|Protect\n|move|p1a: Bellossom|Moonblast|p2a: Jirachi\n|-activate|p2a: Jirachi|move: Protect\n|\n|-heal|p2a: Jirachi|140/291|[from] item: Leftovers\n|upkeep\n|turn|45\n|inactive|Time left: 300 sec this turn | 300 sec total\n|\n|t:|1783565178\n|move|p1a: Bellossom|Giga Drain|p2a: Jirachi\n|-resisted|p2a: Jirachi\n|-damage|p2a: Jirachi|31/291\n|-heal|p1a: Bellossom|55/100|[from] drain|[of] p2a: Jirachi\n|move|p2a: Jirachi|Iron Head|p1a: Bellossom\n|-supereffective|p1a: Bellossom\n|-damage|p1a: Bellossom|26/100\n|\n|-heal|p2a: Jirachi|49/291|[from] item: Leftovers\n|upkeep\n|turn|46\n|inactive|Time left: 300 sec this turn | 300 sec total\n|\n|t:|1783565179\n|move|p2a: Jirachi|Protect|p2a: Jirachi\n|-singleturn|p2a: Jirachi|Protect\n|move|p1a: Bellossom|Moonblast|p2a: Jirachi\n|-activate|p2a: Jirachi|move: Protect\n|\n|-heal|p2a: Jirachi|67/291|[from] item: Leftovers\n|upkeep\n|turn|47\n|inactive|Time left: 300 sec this turn | 300 sec total\n|\n|t:|1783565180\n|move|p2a: Jirachi|Protect|p2a: Jirachi\n|-singleturn|p2a: Jirachi|Protect\n|move|p1a: Bellossom|Moonblast|p2a: Jirachi\n|-activate|p2a: Jirachi|move: Protect\n|\n|-heal|p2a: Jirachi|85/291|[from] item: Leftovers\n|upkeep\n|turn|48\n|inactive|Time left: 300 sec this turn | 300 sec total\n|\n|t:|1783565181\n|move|p2a: Jirachi|Protect||[still]\n|-fail|p2a: Jirachi\n|move|p1a: Bellossom|Moonblast|p2a: Jirachi\n|-resisted|p2a: Jirachi\n|-damage|p2a: Jirachi|0 fnt\n|faint|p2a: Jirachi\n|\n|upkeep\n|inactive|Time left: 300 sec this turn | 300 sec total | 5 sec grace\n|\n|t:|1783565182\n|switch|p2a: Vivillon|Vivillon-Savanna, L83, F|268/268\n|turn|49\n|inactive|Time left: 300 sec this turn | 300 sec total\n|\n|t:|1783565183\n|move|p1a: Bellossom|Moonblast|p2a: Vivillon\n|-damage|p2a: Vivillon|0 fnt\n|faint|p2a: Vivillon\n|\n|win|p0x2169eac1", "uploadtime": 1783565183, "views": 0, "rating": 0, "private": 0, "password": null, "_winner": "p0x2169eac1", "_our_name": "p0y21696c59"}