{"id": "battle-gen9randombattle-25", "formatid": "gen9randombattle", "format": "[Gen 9] Random Battle", "players": ["p0x025b347", "p0y02529e0"], "log": "|init|battle\n|title|p0x025b347 vs. p0y02529e0\n|j|\u2606p0x025b347\n|j|\u2606p0y02529e0\n|t:|1783534105\n|gametype|singles\n|player|p1|p0x025b347|101|\n|player|p2|p0y02529e0|169|\n|gen|9\n|tier|[Gen 9] Random Battle\n|rule|Species Clause: Limit one of each Pok\u00e9mon\n|rule|HP Percentage Mod: HP is shown in percentages\n|rule|Sleep Clause Mod: Limit one foe put to sleep\n|rule|Illusion Level Mod: Illusion disguises the Pok\u00e9mon's true level\n|\n|t:|1783534105\n|teamsize|p1|6\n|teamsize|p2|6\n|start\n|switch|p1a: Chesnaught|Chesnaught, L84, F|100/100\n|switch|p2a: Avalugg|Avalugg, L88, M|310/310\n|turn|1\n|inactive|Battle timer is ON: inactive players will automatically lose when time's up. (requested by p0x025b347)\n|inactive|Time left: 300 sec this turn | 300 sec total | 60 sec grace\n|inactive|p0y02529e0 also wants the timer to be on.\n|\n|t:|1783534106\n|switch|p1a: Espathra|Espathra, L80, F|100/100\n|move|p2a: Avalugg|Avalanche|p1a: Espathra\n|-damage|p1a: Espathra|62/100\n|\n|upkeep\n|turn|2\n|inactive|Time left: 300 sec this turn | 300 sec total\n|\n|t:|1783534107\n|move|p1a: Espathra|Lumina Crash|p2a: Avalugg\n|-damage|p2a: Avalugg|130/310\n|-unboost|p2a: Avalugg|spd|2\n|move|p2a: Avalugg|Avalanche|p1a: Espathra\n|-damage|p1a: Espathra|0 fnt\n|faint|p1a: Espathra\n|\n|upkeep\n|\n|t:|1783534108\n|switch|p1a: Typhlosion|Typhlosion, L84, M|100/100\n|turn|3\n|inactive|Time left: 300 sec this turn | 300 sec total\n|\n|t:|1783534109\n|switch|p2a: Ampharos|Ampharos, L88, M|302/302\n|move|p1a: Typhlosion|Eruption|p2a: Ampharos\n|-damage|p2a: Ampharos|133/302\n|\n|upkeep\n|turn|4\n|inactive|Time left: 300 sec this turn | 300 sec total\n|\n|t:|1783534110\n|move|p1a: Typhlosion|Eruption|p2a: Ampharos\n|-damage|p2a: Ampharos|0 fnt\n|faint|p2a: Ampharos\n|\n|upkeep\n|inactive|Time left: 300 sec this turn | 300 sec total | 5 sec grace\n|\n|t:|1783534111\n|switch|p2a: Entei|Entei, L78|307/307\n|turn|5\n|inactive|Time left: 300 sec this turn | 300 sec total\n|\n|t:|1783534112\n|move|p1a: Typhlosion|Eruption|p2a: Entei\n|-resisted|p2a: Entei\n|-damage|p2a: Entei|154/307\n|move|p2a: Entei|Stone Edge|p1a: Typhlosion\n|-supereffective|p1a: Typhlosion\n|-damage|p1a: Typhlosion|14/100\n|\n|upkeep\n|turn|6\n|inactive|Time left: 300 sec this turn | 300 sec total\n|\n|t:|1783534113\n|switch|p1a: Zamazenta|Zamazenta-Crowned, L68|100/100\n|-ability|p1a: Zamazenta|Dauntless Shield|boost\n|-boost|p1a: Zamazenta|def|1\n|move|p2a: Entei|Stone Edge|p1a: Zamazenta\n|-resisted|p1a: Zamazenta\n|-damage|p1a: Zamazenta|94/100\n|\n|upkeep\n|turn|7\n|inactive|Time left: 300 sec this turn | 300 sec total\n|\n|t:|1783534114\n|switch|p2a: Houndstone|Houndstone, L86, M|264/264\n|move|p1a: Zamazenta|Body Press|p2a: Houndstone\n|-immune|p2a: Houndstone\n|\n|upkeep\n|turn|8\n|inactive|Time left: 300 sec this turn | 300 sec total\n|\n|t:|1783534115\n|move|p1a: Zamazenta|Iron Defense|p1a: Zamazenta\n|-boost|p1a: Zamazenta|def|2\n|move|p2a: Houndstone|Poltergeist|p1a: Zamazenta\n|-activate|p1a: Zamazenta|move: Poltergeist|Rusted Shield\n|-damage|p1a: Zamazenta|77/100\n|\n|upkeep\n|turn|9\n|inactive|Time left: 300 sec this turn | 300 sec total\n|\n|t:|1783534116\n|move|p1a: Zamazenta|Body Press|p2a: Houndstone\n|-immune|p2a: Houndstone\n|move|p2a: Houndstone|Poltergeist|p1a: Zamazenta\n|-activate|p1a: Zamazenta|move: Poltergeist|Rusted Shield\n|-damage|p1a: Zamazenta|60/100\n|\n|upkeep\n|turn|10\n|inactive|Time left: 300 sec this turn | 300 sec total\n|\n|t:|1783534118\n|move|p1a: Zamazenta|Iron Defense|p1a: Zamazenta\n|-boost|p1a: Zamazenta|def|2\n|move|p2a: Houndstone|Body Press|p1a: Zamazenta\n|-supereffective|p1a: Zamazenta\n|-damage|p1a: Zamazenta|47/100\n|\n|upkeep\n|turn|11\n|inactive|Time left: 300 sec this turn | 300 sec total\n|\n|t:|1783534119\n|move|p1a: Zamazenta|Body Press|p2a: Houndstone\n|-immune|p2a: Houndstone\n|move|p2a: Houndstone|Body Press|p1a: Zamazenta\n|-supereffective|p1a: Zamazenta\n|-damage|p1a: Zamazenta|35/100\n|\n|upkeep\n|turn|12\n|inactive|Time left: 300 sec this turn | 300 sec total\n|\n|t:|1783534120\n|move|p1a: Zamazenta|Body Press|p2a: Houndstone\n|-immune|p2a: Houndstone\n|move|p2a: Houndstone|Poltergeist|p1a: Zamazenta\n|-activate|p1a: Zamazenta|move: Poltergeist|Rusted Shield\n|-damage|p1a: Zamazenta|23/100\n|\n|upkeep\n|turn|13\n|inactive|Time left: 300 sec this turn | 300 sec total\n|\n|t:|1783534121\n|move|p1a: Zamazenta|Heavy Slam|p2a: Houndstone\n|-crit|p2a: Houndstone\n|-damage|p2a: Houndstone|201/264\n|move|p2a: Houndstone|Poltergeist|p1a: Zamazenta\n|-activate|p1a: Zamazenta|move: Poltergeist|Rusted Shield\n|-damage|p1a: Zamazenta|10/100\n|\n|-heal|p2a: Houndstone|217/264|[from] item: Leftovers\n|upkeep\n|turn|14\n|inactive|Time left: 300 sec this turn | 300 sec total\n|\n|t:|1783534122\n|move|p1a: Zamazenta|Heavy Slam|p2a: Houndstone\n|-damage|p2a: Houndstone|170/264\n|move|p2a: Houndstone|Poltergeist|p1a: Zamazenta\n|-activate|p1a: Zamazenta|move: Poltergeist|Rusted Shield\n|-damage|p1a: Zamazenta|0 fnt\n|faint|p1a: Zamazenta\n|\n|-heal|p2a: Houndstone|186/264|[from] item: Leftovers\n|upkeep\n|\n|t:|1783534123\n|switch|p1a: Typhlosion|Typhlosion, L84, M|14/100\n|turn|15\n|inactive|Time left: 300 sec this turn | 300 sec total\n|\n|t:|1783534124\n|switch|p2a: Entei|Entei, L78|154/307\n|move|p1a: Typhlosion|Fire Blast|p2a: Entei\n|-resisted|p2a: Entei\n|-damage|p2a: Entei|0 fnt\n|faint|p2a: Entei\n|\n|upkeep\n|inactive|Time left: 300 sec this turn | 300 sec total | 5 sec grace\n|\n|t:|1783534125\n|switch|p2a: Sneasler|Sneasler, L74, M|240/240\n|turn|16\n|inactive|Time left: 300 sec this turn | 300 sec total\n|\n|t:|1783534126\n|switch|p1a: Arcanine|Arcanine, L84, M|100/100\n|-ability|p1a: Arcanine|Intimidate|boost\n|-unboost|p2a: Sneasler|atk|1\n|-enditem|p2a: Sneasler|White Herb\n|-clearnegativeboost|p2a: Sneasler|[silent]\n|move|p2a: Sneasler|Close Combat|p1a: Arcanine\n|-damage|p1a: Arcanine|54/100\n|-unboost|p2a: Sneasler|def|1\n|-unboost|p2a: Sneasler|spd|1\n|\n|upkeep\n|turn|17\n|inactive|Time left: 300 sec this turn | 300 sec total\n|\n|t:|1783534127\n|switch|p2a: Houndstone|Houndstone, L86, M|186/264\n|move|p1a: Arcanine|Flare Blitz|p2a: Houndstone\n|-damage|p2a: Houndstone|72/264\n|-damage|p1a: Arcanine|40/100|[from] Recoil\n|\n|-heal|p2a: Houndstone|88/264|[from] item: Leftovers\n|upkeep\n|turn|18\n|inactive|Time left: 300 sec this turn | 300 sec total\n|\n|t:|1783534128\n|move|p1a: Arcanine|Flare Blitz|p2a: Houndstone\n|-damage|p2a: Houndstone|0 fnt\n|faint|p2a: Houndstone\n|-damage|p1a: Arcanine|30/100|[from] Recoil\n|\n|upkeep\n|inactive|Time left: 300 sec this turn | 300 sec total | 5 sec grace\n|\n|t:|1783534129\n|switch|p2a: Sneasler|Sneasler, L74, M|240/240\n|turn|19\n|inactive|Time left: 300 sec this turn | 300 sec total\n|\n|t:|1783534130\n|move|p1a: Arcanine|Extreme Speed|p2a: Sneasler\n|-damage|p2a: Sneasler|148/240\n|move|p2a: Sneasler|Gunk Shot|p1a: Arcanine\n|-damage|p1a: Arcanine|0 fnt\n|faint|p1a: Arcanine\n|\n|upkeep\n|\n|t:|1783534130\n|switch|p1a: Chesnaught|Chesnaught, L84, F|100/100\n|turn|20\n|inactive|Time left: 300 sec this turn | 300 sec total\n|\n|t:|1783534131\n|-terastallize|p1a: Chesnaught|Water\n|move|p2a: Sneasler|Swords Dance|p2a: Sneasler\n|-boost|p2a: Sneasler|atk|2\n|move|p1a: Chesnaught|Wood Hammer|p2a: Sneasler\n|-resisted|p2a: Sneasler\n|-damage|p2a: Sneasler|49/240\n|-damage|p1a: Chesnaught|89/100|[from] Recoil\n|\n|-heal|p1a: Chesnaught|95/100|[from] item: Leftovers\n|upkeep\n|turn|21\n|inactive|Time left: 300 sec this turn | 300 sec total\n|\n|t:|1783534132\n|move|p2a: Sneasler|Close Combat|p1a: Chesnaught\n|-damage|p1a: Chesnaught|32/100\n|-unboost|p2a: Sneasler|def|1\n|-unboost|p2a: Sneasler|spd|1\n|move|p1a: Chesnaught|Body Press|p2a: Sneasler\n|-resisted|p2a: Sneasler\n|-damage|p2a: Sneasler|0 fnt\n|faint|p2a: Sneasler\n|\n|-heal|p1a: Chesnaught|38/100|[from] item: Leftovers\n|upkeep\n|inactive|Time left: 300 sec this turn | 300 sec total | 5 sec grace\n|\n|t:|1783534133\n|switch|p2a: Avalugg|Avalugg, L88, M|130/310\n|turn|22\n|inactive|Time left: 300 sec this turn | 300 sec total\n|\n|t:|1783534134\n|move|p1a: Chesnaught|Synthesis|p1a: Chesnaught\n|-heal|p1a: Chesnaught|88/100\n|move|p2a: Avalugg|Recover|p2a: Avalugg\n|-heal|p2a: Avalugg|285/310\n|\n|-heal|p1a: Chesnaught|94/100|[from] item: Leftovers\n|upkeep\n|turn|23\n|inactive|Time left: 300 sec this turn | 300 sec total\n|\n|t:|1783534135\n|move|p1a: Chesnaught|Body Press|p2a: Avalugg\n|-supereffective|p2a: Avalugg\n|-damage|p2a: Avalugg|181/310\n|move|p2a: Avalugg|Rapid Spin|p1a: Chesnaught\n|-damage|p1a: Chesnaught|82/100\n|-boost|p2a: Avalugg|spe|1\n|\n|-heal|p1a: Chesnaught|88/100|[from] item: Leftovers\n|upkeep\n|turn|24\n|inactive|Time left: 300 sec this turn | 300 sec total\n|\n|t:|1783534136\n|move|p1a: Chesnaught|Body Press|p2a: Avalugg\n|-supereffective|p2a: Avalugg\n|-damage|p2a: Avalugg|77/310\n|move|p2a: Avalugg|Recover|p2a: Avalugg\n|-heal|p2a: Avalugg|232/310\n|\n|-heal|p1a: Chesnaught|94/100|[from] item: Leftovers\n|upkeep\n|turn|25\n|inactive|Time left: 300 sec this turn | 300 sec total\n|\n|t:|1783534137\n|move|p1a: Chesnaught|Body Press|p2a: Avalugg\n|-supereffective|p2a: Avalugg\n|-damage|p2a: Avalugg|124/310\n|move|p2a: Avalugg|Recover|p2a: Avalugg\n|-heal|p2a: Avalugg|279/310\n|\n|-heal|p1a: Chesnaught|99/100|[from] item: Leftovers\n|upkeep\n|turn|26\n|inactive|Time left: 300 sec this turn | 300 sec total\n|\n|t:|1783534138\n|move|p1a: Chesnaught|Body Press|p2a: Avalugg\n|-supereffective|p2a: Avalugg\n|-damage|p2a: Avalugg|165/310\n|move|p2a: Avalugg|Recover|p2a: Avalugg\n|-heal|p2a: Avalugg|310/310\n|\n|-heal|p1a: Chesnaught|100/100|[from] item: Leftovers\n|upkeep\n|turn|27\n|inactive|Time left: 300 sec this turn | 300 sec total\n|\n|t:|1783534139\n|move|p1a: Chesnaught|Body Press|p2a: Avalugg\n|-supereffective|p2a: Avalugg\n|-damage|p2a: Avalugg|200/310\n|move|p2a: Avalugg|Rapid Spin|p1a: Chesnaught\n|-damage|p1a: Chesnaught|89/100\n|-boost|p2a: Avalugg|spe|1\n|\n|-heal|p1a: Chesnaught|95/100|[from] item: Leftovers\n|upkeep\n|turn|28\n|inactive|Time left: 300 sec this turn | 300 sec total\n|\n|t:|1783534140\n|move|p2a: Avalugg|Recover|p2a: Avalugg\n|-heal|p2a: Avalugg|310/310\n|move|p1a: Chesnaught|Body Press|p2a: Avalugg\n|-supereffective|p2a: Avalugg\n|-damage|p2a: Avalugg|200/310\n|\n|-heal|p1a: Chesnaught|100/100|[from] item: Leftovers\n|upkeep\n|turn|29\n|inactive|Time left: 300 sec this turn | 300 sec total\n|\n|t:|1783534141\n|move|p2a: Avalugg|Recover|p2a: Avalugg\n|-heal|p2a: Avalugg|310/310\n|move|p1a: Chesnaught|Body Press|p2a: Avalugg\n|-supereffective|p2a: Avalugg\n|-damage|p2a: Avalugg|206/310\n|\n|upkeep\n|turn|30\n|inactive|Time left: 300 sec this turn | 300 sec total\n|\n|t:|1783534142\n|move|p2a: Avalugg|Recover|p2a: Avalugg\n|-heal|p2a: Avalugg|310/310\n|move|p1a: Chesnaught|Body Press|p2a: Avalugg\n|-supereffective|p2a: Avalugg\n|-damage|p2a: Avalugg|196/310\n|\n|upkeep\n|turn|31\n|inactive|Time left: 300 sec this turn | 300 sec total\n|\n|t:|1783534144\n|move|p2a: Avalugg|Recover|p2a: Avalugg\n|-heal|p2a: Avalugg|310/310\n|move|p1a: Chesnaught|Body Press|p2a: Avalugg\n|-supereffective|p2a: Avalugg\n|-damage|p2a: Avalugg|202/310\n|\n|upkeep\n|turn|32\n|inactive|Time left: 300 sec this turn | 300 sec total\n|\n|t:|1783534145\n|-terastallize|p2a: Avalugg|Fighting\n|move|p2a: Avalugg|Body Press|p1a: Chesnaught\n|-damage|p1a: Chesnaught|59/100\n|move|p1a: Chesnaught|Body Press|p2a: Avalugg\n|-damage|p2a: Avalugg|147/310\n|\n|-heal|p1a: Chesnaught|65/100|[from] item: Leftovers\n|upkeep\n|turn|33\n|inactive|Time left: 300 sec this turn | 300 sec total\n|\n|t:|1783534146\n|move|p2a: Avalugg|Body Press|p1a: Chesnaught\n|-damage|p1a: Chesnaught|23/100\n|move|p1a: Chesnaught|Synthesis|p1a: Chesnaught\n|-heal|p1a: Chesnaught|73/100\n|\n|-heal|p1a: Chesnaught|79/100|[from] item: Leftovers\n|upkeep\n|turn|34\n|inactive|Time left: 300 sec this turn | 300 sec total\n|\n|t:|1783534147\n|move|p2a: Avalugg|Body Press|p1a: Chesnaught\n|-damage|p1a: Chesnaught|38/100\n|move|p1a: Chesnaught|Synthesis|p1a: Chesnaught\n|-heal|p1a: Chesnaught|88/100\n|\n|-heal|p1a: Chesnaught|93/100|[from] item: Leftovers\n|upkeep\n|turn|35\n|inactive|Time left: 300 sec this turn | 300 sec total\n|\n|t:|1783534148\n|move|p2a: Avalugg|Body Press|p1a: Chesnaught\n|-damage|p1a: Chesnaught|49/100\n|move|p1a: Chesnaught|Synthesis|p1a: Chesnaught\n|-heal|p1a: Chesnaught|99/100\n|\n|-heal|p1a: Chesnaught|100/100|[from] item: Leftovers\n|upkeep\n|turn|36\n|inactive|Time left: 300 sec this turn | 300 sec total\n|\n|t:|1783534149\n|move|p2a: Avalugg|Body Press|p1a: Chesnaught\n|-damage|p1a: Chesnaught|61/100\n|move|p1a: Chesnaught|Wood Hammer|p2a: Avalugg\n|-damage|p2a: Avalugg|71/310\n|-damage|p1a: Chesnaught|52/100|[from] Recoil\n|\n|-heal|p1a: Chesnaught|58/100|[from] item: Leftovers\n|upkeep\n|turn|37\n|inactive|Time left: 300 sec this turn | 300 sec total\n|\n|t:|1783534150\n|move|p2a: Avalugg|Body Press|p1a: Chesnaught\n|-damage|p1a: Chesnaught|13/100\n|move|p1a: Chesnaught|Synthesis|p1a: Chesnaught\n|-heal|p1a: Chesnaught|63/100\n|\n|-heal|p1a: Chesnaught|69/100|[from] item: Leftovers\n|upkeep\n|turn|38\n|inactive|Time left: 300 sec this turn | 300 sec total\n|\n|t:|1783534151\n|move|p2a: Avalugg|Body Press|p1a: Chesnaught\n|-damage|p1a: Chesnaught|24/100\n|move|p1a: Chesnaught|Synthesis|p1a: Chesnaught\n|-heal|p1a: Chesnaught|73/100\n|\n|-heal|p1a: Chesnaught|79/100|[from] item: Leftovers\n|upkeep\n|turn|39\n|inactive|Time left: 300 sec this turn | 300 sec total\n|\n|t:|1783534152\n|move|p2a: Avalugg|Body Press|p1a: Chesnaught\n|-damage|p1a: Chesnaught|37/100\n|move|p1a: Chesnaught|Wood Hammer|p2a: Avalugg\n|-damage|p2a: Avalugg|0 fnt\n|faint|p2a: Avalugg\n|-damage|p1a: Chesnaught|29/100|[from] Recoil\n|\n|-heal|p1a: Chesnaught|35/100|[from] item: Leftovers\n|upkeep\n|inactive|Time left: 300 sec this turn | 300 sec total | 5 sec grace\n|\n|t:|1783534154\n|switch|p2a: Cacturne|Cacturne, L92, M|278/278\n|turn|40\n|inactive|Time left: 300 sec this turn | 300 sec total\n|\n|t:|1783534154\n|move|p2a: Cacturne|Sucker Punch||[still]\n|-fail|p2a: Cacturne\n|move|p1a: Chesnaught|Synthesis|p1a: Chesnaught\n|-heal|p1a: Chesnaught|85/100\n|\n|-heal|p1a: Chesnaught|91/100|[from] item: Leftovers\n|upkeep\n|turn|41\n|inactive|Time left: 300 sec this turn | 300 sec total\n|\n|t:|1783534156\n|move|p1a: Chesnaught|Body Press|p2a: Cacturne\n|-supereffective|p2a: Cacturne\n|-damage|p2a: Cacturne|36/278\n|move|p2a: Cacturne|Knock Off|p1a: Chesnaught\n|-damage|p1a: Chesnaught|41/100\n|-enditem|p1a: Chesnaught|Leftovers|[from] move: Knock Off|[of] p2a: Cacturne\n|-damage|p2a: Cacturne|9/278|[from] item: Life Orb\n|\n|upkeep\n|turn|42\n|inactive|Time left: 300 sec this turn | 300 sec total\n|\n|t:|1783534157\n|move|p1a: Chesnaught|Wood Hammer|p2a: Cacturne\n|-resisted|p2a: Cacturne\n|-damage|p2a: Cacturne|0 fnt\n|faint|p2a: Cacturne\n|-damage|p1a: Chesnaught|40/100|[from] Recoil\n|\n|win|p0x025b347", "uploadtime": 1783534157, "views": 0, "rating": 0, "private": 0, "password": null, "_winner": "p0x025b347", "_our_name": "p0y02529e0"}