{"id": "battle-gen9randombattle-1378", "formatid": "gen9randombattle", "format": "[Gen 9] Random Battle", "players": ["p0x13782b92", "p0y13780c6a"], "log": "|init|battle\n|title|p0x13782b92 vs. p0y13780c6a\n|j|\u2606p0x13782b92\n|j|\u2606p0y13780c6a\n|t:|1783556034\n|gametype|singles\n|player|p1|p0x13782b92|169|\n|player|p2|p0y13780c6a|170|\n|gen|9\n|tier|[Gen 9] Random Battle\n|rule|Species Clause: Limit one of each Pok\u00e9mon\n|rule|HP Percentage Mod: HP is shown in percentages\n|rule|Sleep Clause Mod: Limit one foe put to sleep\n|rule|Illusion Level Mod: Illusion disguises the Pok\u00e9mon's true level\n|\n|t:|1783556034\n|teamsize|p1|6\n|teamsize|p2|6\n|start\n|switch|p1a: Pawmot|Pawmot, L80, F|100/100\n|switch|p2a: Magearna|Magearna, L77|250/250\n|turn|1\n|inactive|Battle timer is ON: inactive players will automatically lose when time's up. (requested by p0y13780c6a)\n|inactive|p0x13782b92 also wants the timer to be on.\n|\n|t:|1783556035\n|move|p1a: Pawmot|Double Shock|p2a: Magearna\n|-damage|p2a: Magearna|124/250\n|-start|p1a: Pawmot|typechange|???/Fighting|[from] move: Double Shock\n|move|p2a: Magearna|Shift Gear|p2a: Magearna\n|-boost|p2a: Magearna|spe|2\n|-boost|p2a: Magearna|atk|1\n|\n|upkeep\n|turn|2\n|inactive|Time left: 300 sec this turn | 300 sec total\n|\n|t:|1783556036\n|switch|p1a: Ludicolo|Ludicolo, L90, M|100/100\n|move|p2a: Magearna|Iron Head|p1a: Ludicolo\n|-resisted|p1a: Ludicolo\n|-damage|p1a: Ludicolo|82/100\n|\n|upkeep\n|turn|3\n|inactive|Time left: 300 sec this turn | 300 sec total\n|\n|t:|1783556037\n|move|p2a: Magearna|Iron Head|p1a: Ludicolo\n|-resisted|p1a: Ludicolo\n|-damage|p1a: Ludicolo|64/100\n|move|p1a: Ludicolo|Hydro Pump|p2a: Magearna\n|-damage|p2a: Magearna|0 fnt\n|faint|p2a: Magearna\n|\n|upkeep\n|inactive|Time left: 300 sec this turn | 300 sec total | 5 sec grace\n|\n|t:|1783556038\n|switch|p2a: Entei|Entei, L78|307/307\n|turn|4\n|inactive|Time left: 300 sec this turn | 300 sec total\n|\n|t:|1783556039\n|-terastallize|p1a: Ludicolo|Water\n|move|p2a: Entei|Flare Blitz|p1a: Ludicolo\n|-resisted|p1a: Ludicolo\n|-damage|p1a: Ludicolo|29/100\n|-damage|p2a: Entei|274/307|[from] Recoil\n|move|p1a: Ludicolo|Hydro Pump|p2a: Entei\n|-supereffective|p2a: Entei\n|-damage|p2a: Entei|0 fnt\n|faint|p2a: Entei\n|\n|upkeep\n|inactive|Time left: 300 sec this turn | 300 sec total | 5 sec grace\n|\n|t:|1783556040\n|switch|p2a: Vivillon|Vivillon-Garden, L83, M|268/268\n|turn|5\n|inactive|Time left: 300 sec this turn | 300 sec total\n|\n|t:|1783556041\n|move|p2a: Vivillon|Hurricane|p1a: Ludicolo|[miss]\n|-miss|p2a: Vivillon|p1a: Ludicolo\n|move|p1a: Ludicolo|Hydro Pump|p2a: Vivillon\n|-damage|p2a: Vivillon|0 fnt\n|faint|p2a: Vivillon\n|\n|upkeep\n|inactive|Time left: 300 sec this turn | 300 sec total | 5 sec grace\n|\n|t:|1783556042\n|switch|p2a: Gengar|Gengar, L81, F|230/230\n|turn|6\n|inactive|Time left: 300 sec this turn | 300 sec total\n|\n|t:|1783556043\n|move|p2a: Gengar|Shadow Ball|p1a: Ludicolo\n|-damage|p1a: Ludicolo|0 fnt\n|faint|p1a: Ludicolo\n|-damage|p2a: Gengar|207/230|[from] item: Life Orb\n|\n|upkeep\n|\n|t:|1783556044\n|switch|p1a: Falinks|Falinks, L84|100/100\n|turn|7\n|inactive|Time left: 300 sec this turn | 300 sec total\n|\n|t:|1783556045\n|move|p2a: Gengar|Sludge Wave|p1a: Falinks\n|-crit|p1a: Falinks\n|-damage|p1a: Falinks|0 fnt\n|faint|p1a: Falinks\n|-damage|p2a: Gengar|184/230|[from] item: Life Orb\n|\n|upkeep\n|\n|t:|1783556046\n|switch|p1a: Cramorant|Cramorant, L86, F|100/100\n|turn|8\n|inactive|Time left: 300 sec this turn | 300 sec total\n|\n|t:|1783556048\n|switch|p2a: Gastrodon|Gastrodon-East, L86, F|331/331\n|move|p1a: Cramorant|Surf|p2a: Gastrodon\n|-ability|p2a: Gastrodon|Storm Drain|boost\n|-boost|p2a: Gastrodon|spa|1\n|\n|upkeep\n|turn|9\n|inactive|Time left: 300 sec this turn | 300 sec total\n|\n|t:|1783556049\n|move|p1a: Cramorant|Brave Bird|p2a: Gastrodon\n|-damage|p2a: Gastrodon|187/331\n|-damage|p1a: Cramorant|82/100|[from] Recoil\n|move|p2a: Gastrodon|Sludge Bomb|p1a: Cramorant\n|-damage|p1a: Cramorant|49/100\n|\n|-heal|p2a: Gastrodon|207/331|[from] item: Leftovers\n|upkeep\n|turn|10\n|inactive|Time left: 300 sec this turn | 300 sec total\n|\n|t:|1783556050\n|move|p1a: Cramorant|Roost|p1a: Cramorant\n|-heal|p1a: Cramorant|99/100\n|-singleturn|p1a: Cramorant|move: Roost\n|move|p2a: Gastrodon|Sludge Bomb|p1a: Cramorant\n|-damage|p1a: Cramorant|63/100\n|\n|-heal|p2a: Gastrodon|227/331|[from] item: Leftovers\n|upkeep\n|turn|11\n|inactive|Time left: 300 sec this turn | 300 sec total\n|\n|t:|1783556051\n|move|p1a: Cramorant|Brave Bird|p2a: Gastrodon\n|-damage|p2a: Gastrodon|83/331\n|-damage|p1a: Cramorant|45/100|[from] Recoil\n|move|p2a: Gastrodon|Sludge Bomb|p1a: Cramorant\n|-damage|p1a: Cramorant|9/100\n|-status|p1a: Cramorant|psn\n|\n|-heal|p2a: Gastrodon|103/331|[from] item: Leftovers\n|-damage|p1a: Cramorant|0 fnt|[from] psn\n|faint|p1a: Cramorant\n|upkeep\n|\n|t:|1783556052\n|switch|p1a: Duraludon|Duraludon, L82, F|100/100\n|turn|12\n|inactive|Time left: 300 sec this turn | 300 sec total\n|\n|t:|1783556053\n|move|p1a: Duraludon|Draco Meteor|p2a: Gastrodon\n|-damage|p2a: Gastrodon|0 fnt\n|-unboost|p1a: Duraludon|spa|2\n|faint|p2a: Gastrodon\n|\n|upkeep\n|inactive|Time left: 300 sec this turn | 300 sec total | 5 sec grace\n|\n|t:|1783556054\n|switch|p2a: Gengar|Gengar, L81, F|184/230\n|turn|13\n|inactive|Time left: 300 sec this turn | 300 sec total\n|\n|t:|1783556055\n|move|p2a: Gengar|Focus Blast|p1a: Duraludon|[miss]\n|-miss|p2a: Gengar|p1a: Duraludon\n|move|p1a: Duraludon|Flash Cannon|p2a: Gengar\n|-damage|p2a: Gengar|126/230\n|\n|upkeep\n|turn|14\n|inactive|Time left: 300 sec this turn | 300 sec total\n|\n|t:|1783556056\n|move|p2a: Gengar|Focus Blast|p1a: Duraludon|[miss]\n|-miss|p2a: Gengar|p1a: Duraludon\n|move|p1a: Duraludon|Dragon Tail|p2a: Gengar\n|-damage|p2a: Gengar|50/230\n|drag|p2a: Tornadus|Tornadus, L82, M|264/264\n|\n|upkeep\n|turn|15\n|inactive|Time left: 300 sec this turn | 300 sec total\n|\n|t:|1783556057\n|move|p2a: Tornadus|Nasty Plot|p2a: Tornadus\n|-boost|p2a: Tornadus|spa|2\n|move|p1a: Duraludon|Dragon Tail|p2a: Tornadus\n|-damage|p2a: Tornadus|188/264\n|drag|p2a: Gengar|Gengar, L81, F|50/230\n|\n|upkeep\n|turn|16\n|inactive|Time left: 300 sec this turn | 300 sec total\n|\n|t:|1783556058\n|move|p2a: Gengar|Focus Blast|p1a: Duraludon|[miss]\n|-miss|p2a: Gengar|p1a: Duraludon\n|move|p1a: Duraludon|Flash Cannon|p2a: Gengar\n|-damage|p2a: Gengar|0 fnt\n|-start|p1a: Duraludon|Disable|Flash Cannon|[from] ability: Cursed Body|[of] p2a: Gengar\n|faint|p2a: Gengar\n|\n|upkeep\n|inactive|Time left: 300 sec this turn | 300 sec total | 5 sec grace\n|\n|t:|1783556059\n|switch|p2a: Tornadus|Tornadus, L82, M|188/264\n|turn|17\n|inactive|Time left: 300 sec this turn | 300 sec total\n|\n|t:|1783556060\n|move|p2a: Tornadus|Nasty Plot|p2a: Tornadus\n|-boost|p2a: Tornadus|spa|2\n|move|p1a: Duraludon|Draco Meteor|p2a: Tornadus\n|-damage|p2a: Tornadus|101/264\n|-unboost|p1a: Duraludon|spa|2\n|\n|upkeep\n|turn|18\n|inactive|Time left: 300 sec this turn | 300 sec total\n|\n|t:|1783556061\n|move|p2a: Tornadus|Heat Wave|p1a: Duraludon\n|-damage|p1a: Duraludon|32/100\n|move|p1a: Duraludon|Dragon Tail|p2a: Tornadus\n|-damage|p2a: Tornadus|23/264\n|\n|upkeep\n|turn|19\n|inactive|Time left: 300 sec this turn | 300 sec total\n|\n|t:|1783556062\n|move|p2a: Tornadus|Heat Wave|p1a: Duraludon\n|-damage|p1a: Duraludon|0 fnt\n|faint|p1a: Duraludon\n|\n|upkeep\n|\n|t:|1783556063\n|switch|p1a: Lilligant|Lilligant, L86, F|100/100\n|turn|20\n|inactive|Time left: 300 sec this turn | 300 sec total\n|\n|t:|1783556064\n|-terastallize|p2a: Tornadus|Flying\n|move|p2a: Tornadus|Heat Wave|p1a: Lilligant\n|-supereffective|p1a: Lilligant\n|-damage|p1a: Lilligant|0 fnt\n|faint|p1a: Lilligant\n|\n|upkeep\n|\n|t:|1783556065\n|switch|p1a: Pawmot|Pawmot, L80, F|100/100\n|turn|21\n|inactive|Time left: 300 sec this turn | 300 sec total\n|\n|t:|1783556066\n|move|p2a: Tornadus|Bleakwind Storm|p1a: Pawmot\n|-damage|p1a: Pawmot|0 fnt\n|faint|p1a: Pawmot\n|\n|win|p0y13780c6a", "uploadtime": 1783556066, "views": 0, "rating": 0, "private": 0, "password": null, "_winner": "p0y13780c6a", "_our_name": "p0y13780c6a"}