{"id": "battle-gen9randombattle-2460", "formatid": "gen9randombattle", "format": "[Gen 9] Random Battle", "players": ["p0x24609bb3", "p0y24603e17"], "log": "|init|battle\n|title|p0x24609bb3 vs. p0y24603e17\n|j|\u2606p0x24609bb3\n|j|\u2606p0y24603e17\n|t:|1783567545\n|gametype|singles\n|player|p1|p0x24609bb3|265|\n|player|p2|p0y24603e17|266|\n|gen|9\n|tier|[Gen 9] Random Battle\n|rule|Species Clause: Limit one of each Pok\u00e9mon\n|rule|HP Percentage Mod: HP is shown in percentages\n|rule|Sleep Clause Mod: Limit one foe put to sleep\n|rule|Illusion Level Mod: Illusion disguises the Pok\u00e9mon's true level\n|\n|t:|1783567545\n|teamsize|p1|6\n|teamsize|p2|6\n|start\n|switch|p1a: Sandslash|Sandslash-Alola, L88, F|100/100\n|switch|p2a: Drednaw|Drednaw, L81, M|278/278\n|turn|1\n|inactive|Battle timer is ON: inactive players will automatically lose when time's up. (requested by p0x24609bb3)\n|inactive|Time left: 300 sec this turn | 300 sec total | 60 sec grace\n|inactive|p0y24603e17 also wants the timer to be on.\n|\n|t:|1783567547\n|move|p2a: Drednaw|Shell Smash|p2a: Drednaw\n|-unboost|p2a: Drednaw|def|1\n|-unboost|p2a: Drednaw|spd|1\n|-boost|p2a: Drednaw|atk|2\n|-boost|p2a: Drednaw|spa|2\n|-boost|p2a: Drednaw|spe|2\n|-enditem|p2a: Drednaw|White Herb\n|-clearnegativeboost|p2a: Drednaw|[silent]\n|move|p1a: Sandslash|Swords Dance|p1a: Sandslash\n|-boost|p1a: Sandslash|atk|2\n|\n|upkeep\n|turn|2\n|inactive|Time left: 300 sec this turn | 300 sec total\n|\n|t:|1783567548\n|-terastallize|p2a: Drednaw|Ground\n|move|p2a: Drednaw|Earthquake|p1a: Sandslash\n|-supereffective|p1a: Sandslash\n|-damage|p1a: Sandslash|0 fnt\n|faint|p1a: Sandslash\n|\n|upkeep\n|\n|t:|1783567549\n|switch|p1a: Dewgong|Dewgong, L94, M|100/100\n|turn|3\n|inactive|Time left: 300 sec this turn | 300 sec total\n|\n|t:|1783567550\n|move|p2a: Drednaw|Stone Edge|p1a: Dewgong\n|-supereffective|p1a: Dewgong\n|-damage|p1a: Dewgong|0 fnt\n|faint|p1a: Dewgong\n|\n|upkeep\n|\n|t:|1783567551\n|switch|p1a: Pikachu|Pikachu-Hoenn, L93, F|100/100\n|turn|4\n|inactive|Time left: 300 sec this turn | 300 sec total\n|\n|t:|1783567552\n|move|p1a: Pikachu|Fake Out|p2a: Drednaw\n|-damage|p2a: Drednaw|232/278\n|cant|p2a: Drednaw|flinch\n|\n|upkeep\n|turn|5\n|inactive|Time left: 300 sec this turn | 300 sec total\n|\n|t:|1783567553\n|switch|p1a: Comfey|Comfey, L85, M|100/100\n|move|p2a: Drednaw|Earthquake|p1a: Comfey\n|-damage|p1a: Comfey|8/100\n|\n|-heal|p1a: Comfey|14/100|[from] item: Leftovers\n|upkeep\n|turn|6\n|inactive|Time left: 300 sec this turn | 300 sec total\n|\n|t:|1783567555\n|move|p1a: Comfey|Draining Kiss|p2a: Drednaw\n|-damage|p2a: Drednaw|166/278\n|-heal|p1a: Comfey|36/100|[from] drain|[of] p2a: Drednaw\n|move|p2a: Drednaw|Liquidation|p1a: Comfey\n|-damage|p1a: Comfey|0 fnt\n|faint|p1a: Comfey\n|\n|upkeep\n|\n|t:|1783567556\n|switch|p1a: Kleavor|Kleavor, L78, M|100/100\n|turn|7\n|inactive|Time left: 300 sec this turn | 300 sec total\n|\n|t:|1783567557\n|-terastallize|p1a: Kleavor|Fighting\n|move|p2a: Drednaw|Liquidation|p1a: Kleavor\n|-damage|p1a: Kleavor|14/100\n|move|p1a: Kleavor|X-Scissor|p2a: Drednaw\n|-damage|p2a: Drednaw|0 fnt\n|faint|p2a: Drednaw\n|\n|upkeep\n|inactive|Time left: 300 sec this turn | 300 sec total | 5 sec grace\n|\n|t:|1783567558\n|switch|p2a: Heracross|Heracross, L80, M|259/259\n|turn|8\n|inactive|Time left: 300 sec this turn | 300 sec total\n|\n|t:|1783567559\n|move|p2a: Heracross|Trailblaze|p1a: Kleavor\n|-damage|p1a: Kleavor|0 fnt\n|-boost|p2a: Heracross|spe|1\n|faint|p1a: Kleavor\n|\n|-status|p2a: Heracross|brn|[from] item: Flame Orb\n|upkeep\n|\n|t:|1783567560\n|switch|p1a: Hitmonchan|Hitmonchan, L87, M|100/100\n|turn|9\n|inactive|Time left: 300 sec this turn | 300 sec total\n|\n|t:|1783567561\n|move|p2a: Heracross|Close Combat|p1a: Hitmonchan\n|-damage|p1a: Hitmonchan|0 fnt\n|-unboost|p2a: Heracross|def|1\n|-unboost|p2a: Heracross|spd|1\n|faint|p1a: Hitmonchan\n|\n|-damage|p2a: Heracross|243/259 brn|[from] brn\n|upkeep\n|\n|t:|1783567562\n|switch|p1a: Pikachu|Pikachu-Hoenn, L93, F|100/100\n|turn|10\n|inactive|Time left: 300 sec this turn | 300 sec total\n|\n|t:|1783567563\n|move|p1a: Pikachu|Fake Out|p2a: Heracross\n|-crit|p2a: Heracross\n|-damage|p2a: Heracross|124/259 brn\n|cant|p2a: Heracross|flinch\n|\n|-damage|p2a: Heracross|108/259 brn|[from] brn\n|upkeep\n|turn|11\n|inactive|Time left: 300 sec this turn | 300 sec total\n|\n|t:|1783567564\n|move|p2a: Heracross|Facade|p1a: Pikachu\n|-damage|p1a: Pikachu|0 fnt\n|faint|p1a: Pikachu\n|\n|win|p0y24603e17", "uploadtime": 1783567564, "views": 0, "rating": 0, "private": 0, "password": null, "_winner": "p0y24603e17", "_our_name": "p0y24603e17"}