{"id": "battle-gen9randombattle-2911", "formatid": "gen9randombattle", "format": "[Gen 9] Random Battle", "players": ["p0x2911e578", "p0y291127cb"], "log": "|init|battle\n|title|p0x2911e578 vs. p0y291127cb\n|j|\u2606p0x2911e578\n|j|\u2606p0y291127cb\n|t:|1783572554\n|gametype|singles\n|player|p1|p0x2911e578|1|\n|player|p2|p0y291127cb|265|\n|gen|9\n|tier|[Gen 9] Random Battle\n|rule|Species Clause: Limit one of each Pok\u00e9mon\n|rule|HP Percentage Mod: HP is shown in percentages\n|rule|Sleep Clause Mod: Limit one foe put to sleep\n|rule|Illusion Level Mod: Illusion disguises the Pok\u00e9mon's true level\n|\n|t:|1783572554\n|teamsize|p1|6\n|teamsize|p2|6\n|start\n|switch|p1a: Dialga|Dialga-Origin, L73|100/100\n|switch|p2a: Skeledirge|Skeledirge, L79, F|294/294\n|-ability|p1a: Dialga|Pressure\n|turn|1\n|inactive|Battle timer is ON: inactive players will automatically lose when time's up. (requested by p0y291127cb)\n|inactive|p0x2911e578 also wants the timer to be on.\n|\n|t:|1783572555\n|move|p1a: Dialga|Draco Meteor|p2a: Skeledirge\n|-damage|p2a: Skeledirge|83/294\n|-unboost|p1a: Dialga|spa|2\n|move|p2a: Skeledirge|Torch Song|p1a: Dialga\n|-damage|p1a: Dialga|70/100\n|-boost|p2a: Skeledirge|spa|1\n|\n|upkeep\n|turn|2\n|inactive|Time left: 300 sec this turn | 300 sec total\n|\n|t:|1783572557\n|switch|p1a: Walking Wake|Walking Wake, L79|100/100\n|move|p2a: Skeledirge|Torch Song|p1a: Walking Wake\n|-resisted|p1a: Walking Wake\n|-damage|p1a: Walking Wake|90/100\n|-boost|p2a: Skeledirge|spa|1\n|\n|upkeep\n|turn|3\n|inactive|Time left: 300 sec this turn | 300 sec total\n|\n|t:|1783572558\n|move|p1a: Walking Wake|Hydro Pump|p2a: Skeledirge\n|-supereffective|p2a: Skeledirge\n|-damage|p2a: Skeledirge|0 fnt\n|faint|p2a: Skeledirge\n|\n|upkeep\n|inactive|Time left: 300 sec this turn | 300 sec total | 5 sec grace\n|\n|t:|1783572559\n|switch|p2a: Decidueye|Decidueye-Hisui, L87, M|295/295\n|turn|4\n|inactive|Time left: 300 sec this turn | 300 sec total\n|\n|t:|1783572560\n|-end|p1a: Walking Wake|Protosynthesis|[silent]\n|switch|p1a: Vespiquen|Vespiquen, L99, F|100/100\n|-ability|p1a: Vespiquen|Pressure\n|move|p2a: Decidueye|Swords Dance|p2a: Decidueye\n|-boost|p2a: Decidueye|atk|2\n|\n|upkeep\n|turn|5\n|inactive|Time left: 300 sec this turn | 300 sec total\n|\n|t:|1783572561\n|move|p2a: Decidueye|Triple Arrows|p1a: Vespiquen\n|-resisted|p1a: Vespiquen\n|-crit|p1a: Vespiquen\n|-damage|p1a: Vespiquen|78/100\n|move|p1a: Vespiquen|Hurricane|p2a: Decidueye\n|-supereffective|p2a: Decidueye\n|-damage|p2a: Decidueye|0 fnt\n|faint|p2a: Decidueye\n|\n|upkeep\n|inactive|Time left: 300 sec this turn | 300 sec total | 5 sec grace\n|\n|t:|1783572562\n|switch|p2a: Bisharp|Bisharp, L79, M|232/232\n|turn|6\n|inactive|Time left: 300 sec this turn | 300 sec total\n|\n|t:|1783572563\n|move|p2a: Bisharp|Swords Dance|p2a: Bisharp\n|-boost|p2a: Bisharp|atk|2\n|move|p1a: Vespiquen|Roost|p1a: Vespiquen\n|-heal|p1a: Vespiquen|100/100\n|-singleturn|p1a: Vespiquen|move: Roost\n|\n|upkeep\n|turn|7\n|inactive|Time left: 300 sec this turn | 300 sec total\n|\n|t:|1783572564\n|move|p2a: Bisharp|Throat Chop|p1a: Vespiquen\n|-damage|p1a: Vespiquen|53/100\n|-start|p1a: Vespiquen|Throat Chop|[silent]\n|move|p1a: Vespiquen|Toxic Spikes|p2a: Bisharp\n|-sidestart|p2: p0y291127cb|move: Toxic Spikes\n|\n|upkeep\n|turn|8\n|inactive|Time left: 300 sec this turn | 300 sec total\n|\n|t:|1783572565\n|move|p2a: Bisharp|Throat Chop|p1a: Vespiquen\n|-damage|p1a: Vespiquen|8/100\n|move|p1a: Vespiquen|Roost|p1a: Vespiquen\n|-heal|p1a: Vespiquen|58/100\n|-singleturn|p1a: Vespiquen|move: Roost\n|\n|-end|p1a: Vespiquen|Throat Chop|[silent]\n|upkeep\n|turn|9\n|inactive|Time left: 300 sec this turn | 300 sec total\n|\n|t:|1783572566\n|move|p2a: Bisharp|Iron Head|p1a: Vespiquen\n|-damage|p1a: Vespiquen|13/100\n|move|p1a: Vespiquen|Roost|p1a: Vespiquen\n|-heal|p1a: Vespiquen|63/100\n|-singleturn|p1a: Vespiquen|move: Roost\n|\n|upkeep\n|turn|10\n|inactive|Time left: 300 sec this turn | 300 sec total\n|\n|t:|1783572567\n|move|p2a: Bisharp|Throat Chop|p1a: Vespiquen\n|-damage|p1a: Vespiquen|15/100\n|-start|p1a: Vespiquen|Throat Chop|[silent]\n|move|p1a: Vespiquen|Roost|p1a: Vespiquen\n|-heal|p1a: Vespiquen|65/100\n|-singleturn|p1a: Vespiquen|move: Roost\n|\n|upkeep\n|turn|11\n|inactive|Time left: 300 sec this turn | 300 sec total\n|\n|t:|1783572568\n|move|p2a: Bisharp|Throat Chop|p1a: Vespiquen\n|-damage|p1a: Vespiquen|16/100\n|move|p1a: Vespiquen|Roost|p1a: Vespiquen\n|-heal|p1a: Vespiquen|66/100\n|-singleturn|p1a: Vespiquen|move: Roost\n|\n|-end|p1a: Vespiquen|Throat Chop|[silent]\n|upkeep\n|turn|12\n|inactive|Time left: 300 sec this turn | 300 sec total\n|\n|t:|1783572569\n|move|p2a: Bisharp|Throat Chop|p1a: Vespiquen\n|-damage|p1a: Vespiquen|19/100\n|-start|p1a: Vespiquen|Throat Chop|[silent]\n|move|p1a: Vespiquen|Roost|p1a: Vespiquen\n|-heal|p1a: Vespiquen|69/100\n|-singleturn|p1a: Vespiquen|move: Roost\n|\n|upkeep\n|turn|13\n|inactive|Time left: 300 sec this turn | 300 sec total\n|\n|t:|1783572570\n|move|p2a: Bisharp|Throat Chop|p1a: Vespiquen\n|-damage|p1a: Vespiquen|19/100\n|move|p1a: Vespiquen|Roost|p1a: Vespiquen\n|-heal|p1a: Vespiquen|69/100\n|-singleturn|p1a: Vespiquen|move: Roost\n|\n|-end|p1a: Vespiquen|Throat Chop|[silent]\n|upkeep\n|turn|14\n|inactive|Time left: 300 sec this turn | 300 sec total\n|\n|t:|1783572571\n|move|p2a: Bisharp|Iron Head|p1a: Vespiquen\n|-damage|p1a: Vespiquen|18/100\n|cant|p1a: Vespiquen|flinch\n|\n|upkeep\n|turn|15\n|inactive|Time left: 300 sec this turn | 300 sec total\n|\n|t:|1783572572\n|move|p2a: Bisharp|Throat Chop|p1a: Vespiquen\n|-damage|p1a: Vespiquen|0 fnt\n|faint|p1a: Vespiquen\n|\n|upkeep\n|\n|t:|1783572573\n|switch|p1a: Walking Wake|Walking Wake, L79|90/100\n|turn|16\n|inactive|Time left: 300 sec this turn | 300 sec total\n|\n|t:|1783572574\n|-terastallize|p2a: Bisharp|Flying\n|move|p1a: Walking Wake|Flamethrower|p2a: Bisharp\n|-damage|p2a: Bisharp|141/232\n|move|p2a: Bisharp|Throat Chop|p1a: Walking Wake\n|-damage|p1a: Walking Wake|28/100\n|-start|p1a: Walking Wake|Throat Chop|[silent]\n|\n|upkeep\n|turn|17\n|inactive|Time left: 300 sec this turn | 300 sec total\n|\n|t:|1783572575\n|move|p2a: Bisharp|Sucker Punch|p1a: Walking Wake\n|-damage|p1a: Walking Wake|0 fnt\n|faint|p1a: Walking Wake\n|-end|p1a: Walking Wake|Protosynthesis|[silent]\n|\n|upkeep\n|\n|t:|1783572575\n|switch|p1a: Dialga|Dialga-Origin, L73|70/100\n|-ability|p1a: Dialga|Pressure\n|turn|18\n|inactive|Time left: 300 sec this turn | 300 sec total\n|\n|t:|1783572576\n|move|p2a: Bisharp|Sucker Punch|p1a: Dialga\n|-damage|p1a: Dialga|11/100\n|move|p1a: Dialga|Draco Meteor|p2a: Bisharp|[miss]\n|-miss|p1a: Dialga|p2a: Bisharp\n|\n|upkeep\n|turn|19\n|inactive|Time left: 300 sec this turn | 300 sec total\n|\n|t:|1783572577\n|switch|p1a: Gardevoir|Gardevoir, L83, F|100/100\n|-ability|p1a: Gardevoir|Defiant|Trace|[from] ability: Trace|[of] p2a: Bisharp\n|move|p2a: Bisharp|Sucker Punch||[still]\n|-fail|p2a: Bisharp\n|\n|upkeep\n|turn|20\n|inactive|Time left: 300 sec this turn | 300 sec total\n|\n|t:|1783572578\n|move|p1a: Gardevoir|Moonblast|p2a: Bisharp\n|-damage|p2a: Bisharp|7/232\n|-unboost|p2a: Bisharp|spa|1\n|-ability|p2a: Bisharp|Defiant|boost\n|-boost|p2a: Bisharp|atk|2\n|-damage|p1a: Gardevoir|91/100|[from] item: Life Orb\n|move|p2a: Bisharp|Iron Head|p1a: Gardevoir\n|-supereffective|p1a: Gardevoir\n|-damage|p1a: Gardevoir|0 fnt\n|faint|p1a: Gardevoir\n|\n|upkeep\n|\n|t:|1783572579\n|switch|p1a: Hitmonlee|Hitmonlee, L85, M|100/100\n|turn|21\n|inactive|Time left: 300 sec this turn | 300 sec total\n|\n|t:|1783572579\n|move|p2a: Bisharp|Sucker Punch|p1a: Hitmonlee\n|-resisted|p1a: Hitmonlee\n|-damage|p1a: Hitmonlee|25/100\n|move|p1a: Hitmonlee|Poison Jab|p2a: Bisharp\n|-damage|p2a: Bisharp|0 fnt\n|faint|p2a: Bisharp\n|\n|upkeep\n|inactive|Time left: 300 sec this turn | 300 sec total | 5 sec grace\n|\n|t:|1783572580\n|switch|p2a: Cyclizar|Cyclizar, L84, M|255/255\n|turn|22\n|inactive|Time left: 300 sec this turn | 300 sec total\n|\n|t:|1783572581\n|switch|p1a: Cinderace|Cinderace, L77, M|100/100\n|move|p2a: Cyclizar|Rapid Spin|p1a: Cinderace\n|-damage|p1a: Cinderace|74/100\n|-boost|p2a: Cyclizar|spe|1\n|-sideend|p2: p0y291127cb|Toxic Spikes|[from] move: Rapid Spin|[of] p2a: Cyclizar\n|\n|upkeep\n|turn|23\n|inactive|Time left: 300 sec this turn | 300 sec total\n|\n|t:|1783572582\n|move|p2a: Cyclizar|Shed Tail|p2a: Cyclizar\n|-start|p2a: Cyclizar|Substitute|[from] move: Shed Tail\n|-damage|p2a: Cyclizar|127/255\n|inactive|Time left: 300 sec this turn | 300 sec total | 5 sec grace\n|\n|t:|1783572582\n|switch|p2a: Suicune|Suicune, L82|298/298|[from] Shed Tail\n|-ability|p2a: Suicune|Pressure\n|move|p1a: Cinderace|U-turn|p2a: Suicune\n|-start|p1a: Cinderace|typechange|Bug|[from] ability: Libero\n|-end|p2a: Suicune|Substitute\n|\n|t:|1783572583\n|switch|p1a: Dialga|Dialga-Origin, L73|11/100|[from] U-turn\n|-ability|p1a: Dialga|Pressure\n|\n|upkeep\n|turn|24\n|inactive|Time left: 300 sec this turn | 300 sec total\n|\n|t:|1783572584\n|move|p2a: Suicune|Scald|p1a: Dialga\n|-resisted|p1a: Dialga\n|-damage|p1a: Dialga|0 fnt\n|faint|p1a: Dialga\n|\n|upkeep\n|\n|t:|1783572585\n|switch|p1a: Hitmonlee|Hitmonlee, L85, M|25/100\n|turn|25\n|inactive|Time left: 300 sec this turn | 300 sec total\n|\n|t:|1783572586\n|move|p1a: Hitmonlee|Poison Jab|p2a: Suicune\n|-damage|p2a: Suicune|242/298\n|move|p2a: Suicune|Scald|p1a: Hitmonlee\n|-crit|p1a: Hitmonlee\n|-damage|p1a: Hitmonlee|0 fnt\n|faint|p1a: Hitmonlee\n|\n|-heal|p2a: Suicune|260/298|[from] item: Leftovers\n|upkeep\n|\n|t:|1783572586\n|switch|p1a: Cinderace|Cinderace, L77, M|74/100\n|turn|26\n|inactive|Time left: 300 sec this turn | 300 sec total\n|\n|t:|1783572587\n|move|p1a: Cinderace|U-turn|p2a: Suicune\n|-start|p1a: Cinderace|typechange|Bug|[from] ability: Libero\n|-damage|p2a: Suicune|197/298\n|move|p2a: Suicune|Scald|p1a: Cinderace\n|-damage|p1a: Cinderace|38/100\n|\n|-heal|p2a: Suicune|215/298|[from] item: Leftovers\n|upkeep\n|turn|27\n|inactive|Time left: 300 sec this turn | 300 sec total\n|\n|t:|1783572588\n|move|p1a: Cinderace|Will-O-Wisp|p2a: Suicune\n|-status|p2a: Suicune|brn\n|move|p2a: Suicune|Scald|p1a: Cinderace\n|-damage|p1a: Cinderace|0 fnt\n|faint|p1a: Cinderace\n|\n|win|p0y291127cb", "uploadtime": 1783572588, "views": 0, "rating": 0, "private": 0, "password": null, "_winner": "p0y291127cb", "_our_name": "p0y291127cb"}