{"id": "battle-gen9randombattle-2144", "formatid": "gen9randombattle", "format": "[Gen 9] Random Battle", "players": ["p0x21447772", "p0y2144599d"], "log": "|init|battle\n|title|p0x21447772 vs. p0y2144599d\n|j|\u2606p0x21447772\n|j|\u2606p0y2144599d\n|t:|1783564826\n|gametype|singles\n|player|p1|p0x21447772|266|\n|player|p2|p0y2144599d|266|\n|gen|9\n|tier|[Gen 9] Random Battle\n|rule|Species Clause: Limit one of each Pok\u00e9mon\n|rule|HP Percentage Mod: HP is shown in percentages\n|rule|Sleep Clause Mod: Limit one foe put to sleep\n|rule|Illusion Level Mod: Illusion disguises the Pok\u00e9mon's true level\n|\n|t:|1783564826\n|teamsize|p1|6\n|teamsize|p2|6\n|start\n|switch|p1a: Iron Crown|Iron Crown, L78|100/100\n|switch|p2a: Honchkrow|Honchkrow, L86, M|312/312\n|turn|1\n|inactive|Battle timer is ON: inactive players will automatically lose when time's up. (requested by p0y2144599d)\n|inactive|p0x21447772 also wants the timer to be on.\n|\n|t:|1783564828\n|move|p2a: Honchkrow|Sucker Punch|p1a: Iron Crown\n|-supereffective|p1a: Iron Crown\n|-damage|p1a: Iron Crown|33/100\n|move|p1a: Iron Crown|Tachyon Cutter|p2a: Honchkrow\n|-damage|p2a: Honchkrow|240/312\n|-damage|p2a: Honchkrow|158/312\n|-hitcount|p2a: Honchkrow|2\n|\n|-heal|p1a: Iron Crown|39/100|[from] item: Leftovers\n|upkeep\n|turn|2\n|inactive|Time left: 300 sec this turn | 300 sec total\n|\n|t:|1783564829\n|-terastallize|p1a: Iron Crown|Steel\n|move|p2a: Honchkrow|Sucker Punch|p1a: Iron Crown\n|-damage|p1a: Iron Crown|6/100\n|move|p1a: Iron Crown|Tachyon Cutter|p2a: Honchkrow\n|-damage|p2a: Honchkrow|58/312\n|-damage|p2a: Honchkrow|0 fnt\n|faint|p2a: Honchkrow\n|-hitcount|p2: Honchkrow|2\n|\n|-heal|p1a: Iron Crown|12/100|[from] item: Leftovers\n|upkeep\n|inactive|Time left: 300 sec this turn | 300 sec total | 5 sec grace\n|\n|t:|1783564829\n|switch|p2a: Yanmega|Yanmega, L82, M|275/275\n|turn|3\n|inactive|Time left: 300 sec this turn | 300 sec total\n|\n|t:|1783564830\n|move|p2a: Yanmega|Bug Buzz|p1a: Iron Crown\n|-resisted|p1a: Iron Crown\n|-damage|p1a: Iron Crown|0 fnt\n|faint|p1a: Iron Crown\n|-end|p1a: Iron Crown|Quark Drive|[silent]\n|\n|-ability|p2a: Yanmega|Speed Boost|boost\n|-boost|p2a: Yanmega|spe|1\n|upkeep\n|\n|t:|1783564831\n|switch|p1a: Pelipper|Pelipper, L86, F|100/100\n|-weather|RainDance|[from] ability: Drizzle|[of] p1a: Pelipper\n|turn|4\n|inactive|Time left: 300 sec this turn | 300 sec total\n|\n|t:|1783564832\n|move|p2a: Yanmega|Protect|p2a: Yanmega\n|-singleturn|p2a: Yanmega|Protect\n|move|p1a: Pelipper|Hurricane|p2a: Yanmega\n|-activate|p2a: Yanmega|move: Protect\n|\n|-weather|RainDance|[upkeep]\n|-ability|p2a: Yanmega|Speed Boost|boost\n|-boost|p2a: Yanmega|spe|1\n|upkeep\n|turn|5\n|inactive|Time left: 300 sec this turn | 300 sec total\n|\n|t:|1783564833\n|move|p2a: Yanmega|Air Slash|p1a: Pelipper\n|-damage|p1a: Pelipper|60/100\n|move|p1a: Pelipper|Hurricane|p2a: Yanmega\n|-supereffective|p2a: Yanmega\n|-crit|p2a: Yanmega\n|-damage|p2a: Yanmega|0 fnt\n|faint|p2a: Yanmega\n|\n|-weather|RainDance|[upkeep]\n|upkeep\n|inactive|Time left: 300 sec this turn | 300 sec total | 5 sec grace\n|\n|t:|1783564834\n|switch|p2a: Inteleon|Inteleon, L81, F|246/246\n|turn|6\n|inactive|Time left: 300 sec this turn | 300 sec total\n|\n|t:|1783564834\n|move|p2a: Inteleon|Hydro Pump|p1a: Pelipper\n|-resisted|p1a: Pelipper\n|-damage|p1a: Pelipper|0 fnt\n|faint|p1a: Pelipper\n|\n|-weather|RainDance|[upkeep]\n|upkeep\n|\n|t:|1783564835\n|switch|p1a: Kilowattrel|Kilowattrel, L83, F|100/100\n|turn|7\n|inactive|Time left: 300 sec this turn | 300 sec total\n|\n|t:|1783564836\n|move|p1a: Kilowattrel|Thunderbolt|p2a: Inteleon\n|-supereffective|p2a: Inteleon\n|-damage|p2a: Inteleon|0 fnt\n|faint|p2a: Inteleon\n|\n|-weather|RainDance|[upkeep]\n|upkeep\n|inactive|Time left: 300 sec this turn | 300 sec total | 5 sec grace\n|\n|t:|1783564837\n|switch|p2a: Hydreigon|Hydreigon, L79, M|275/275\n|turn|8\n|inactive|Time left: 300 sec this turn | 300 sec total\n|\n|t:|1783564838\n|move|p1a: Kilowattrel|U-turn|p2a: Hydreigon\n|-supereffective|p2a: Hydreigon\n|-damage|p2a: Hydreigon|191/275\n|\n|t:|1783564839\n|switch|p1a: Okidogi|Okidogi, L77, M|100/100|[from] U-turn\n|move|p2a: Hydreigon|Draco Meteor|p1a: Okidogi\n|-damage|p1a: Okidogi|35/100\n|-unboost|p2a: Hydreigon|spa|2\n|\n|-weather|none\n|upkeep\n|turn|9\n|inactive|Time left: 300 sec this turn | 300 sec total\n|\n|t:|1783564840\n|-terastallize|p2a: Hydreigon|Dragon\n|move|p2a: Hydreigon|Draco Meteor|p1a: Okidogi\n|-damage|p1a: Okidogi|0 fnt\n|-unboost|p2a: Hydreigon|spa|2\n|faint|p1a: Okidogi\n|\n|upkeep\n|\n|t:|1783564841\n|switch|p1a: Crabominable|Crabominable, L90, F|100/100\n|turn|10\n|inactive|Time left: 300 sec this turn | 300 sec total\n|\n|t:|1783564842\n|move|p2a: Hydreigon|Draco Meteor|p1a: Crabominable|[miss]\n|-miss|p2a: Hydreigon|p1a: Crabominable\n|move|p1a: Crabominable|Close Combat|p2a: Hydreigon\n|-damage|p2a: Hydreigon|0 fnt\n|-unboost|p1a: Crabominable|def|1\n|-unboost|p1a: Crabominable|spd|1\n|faint|p2a: Hydreigon\n|\n|upkeep\n|inactive|Time left: 300 sec this turn | 300 sec total | 5 sec grace\n|\n|t:|1783564843\n|switch|p2a: Scovillain|Scovillain, L91, M|266/266\n|turn|11\n|inactive|Time left: 300 sec this turn | 300 sec total\n|\n|t:|1783564844\n|switch|p1a: Kilowattrel|Kilowattrel, L83, F|100/100\n|move|p2a: Scovillain|Flamethrower|p1a: Kilowattrel\n|-damage|p1a: Kilowattrel|9/100\n|\n|upkeep\n|turn|12\n|inactive|Time left: 300 sec this turn | 300 sec total\n|\n|t:|1783564845\n|move|p1a: Kilowattrel|Hurricane|p2a: Scovillain\n|-supereffective|p2a: Scovillain\n|-damage|p2a: Scovillain|0 fnt\n|faint|p2a: Scovillain\n|\n|upkeep\n|inactive|Time left: 300 sec this turn | 300 sec total | 5 sec grace\n|\n|t:|1783564846\n|switch|p2a: Uxie|Uxie, L83|260/260\n|turn|13\n|inactive|Time left: 300 sec this turn | 300 sec total\n|\n|t:|1783564847\n|move|p1a: Kilowattrel|U-turn|p2a: Uxie\n|-supereffective|p2a: Uxie\n|-damage|p2a: Uxie|202/260\n|\n|t:|1783564848\n|switch|p1a: Brambleghast|Brambleghast, L88, M|100/100|[from] U-turn\n|move|p2a: Uxie|Thunder Wave|p1a: Brambleghast\n|-status|p1a: Brambleghast|par\n|\n|-heal|p2a: Uxie|218/260|[from] item: Leftovers\n|upkeep\n|turn|14\n|inactive|Time left: 300 sec this turn | 300 sec total\n|\n|t:|1783564849\n|move|p2a: Uxie|Knock Off|p1a: Brambleghast\n|-supereffective|p1a: Brambleghast\n|-damage|p1a: Brambleghast|49/100 par\n|-enditem|p1a: Brambleghast|Heavy-Duty Boots|[from] move: Knock Off|[of] p2a: Uxie\n|move|p1a: Brambleghast|Poltergeist|p2a: Uxie\n|-activate|p2a: Uxie|move: Poltergeist|Leftovers\n|-supereffective|p2a: Uxie\n|-damage|p2a: Uxie|14/260\n|\n|-heal|p2a: Uxie|30/260|[from] item: Leftovers\n|upkeep\n|turn|15\n|inactive|Time left: 300 sec this turn | 300 sec total\n|\n|t:|1783564851\n|switch|p1a: Kilowattrel|Kilowattrel, L83, F|9/100\n|move|p2a: Uxie|Knock Off|p1a: Kilowattrel\n|-damage|p1a: Kilowattrel|0 fnt\n|-enditem|p1a: Kilowattrel|Heavy-Duty Boots|[from] move: Knock Off|[of] p2a: Uxie\n|faint|p1a: Kilowattrel\n|\n|-heal|p2a: Uxie|46/260|[from] item: Leftovers\n|upkeep\n|\n|t:|1783564852\n|switch|p1a: Crabominable|Crabominable, L90, F|100/100\n|turn|16\n|inactive|Time left: 300 sec this turn | 300 sec total\n|\n|t:|1783564853\n|move|p2a: Uxie|Thunder Wave|p1a: Crabominable\n|-status|p1a: Crabominable|par\n|move|p1a: Crabominable|Close Combat|p2a: Uxie\n|-resisted|p2a: Uxie\n|-damage|p2a: Uxie|0 fnt\n|-unboost|p1a: Crabominable|def|1\n|-unboost|p1a: Crabominable|spd|1\n|faint|p2a: Uxie\n|\n|win|p0x21447772", "uploadtime": 1783564853, "views": 0, "rating": 0, "private": 0, "password": null, "_winner": "p0x21447772", "_our_name": "p0y2144599d"}