{"id": "battle-gen9randombattle-1291", "formatid": "gen9randombattle", "format": "[Gen 9] Random Battle", "players": ["p0x129138b4", "p0y1291e1e3"], "log": "|init|battle\n|title|p0x129138b4 vs. p0y1291e1e3\n|j|\u2606p0x129138b4\n|j|\u2606p0y1291e1e3\n|t:|1783554976\n|gametype|singles\n|player|p1|p0x129138b4|101|\n|player|p2|p0y1291e1e3|266|\n|gen|9\n|tier|[Gen 9] Random Battle\n|rule|Species Clause: Limit one of each Pok\u00e9mon\n|rule|HP Percentage Mod: HP is shown in percentages\n|rule|Sleep Clause Mod: Limit one foe put to sleep\n|rule|Illusion Level Mod: Illusion disguises the Pok\u00e9mon's true level\n|\n|t:|1783554976\n|teamsize|p1|6\n|teamsize|p2|6\n|start\n|switch|p1a: Milotic|Milotic, L83, M|100/100\n|switch|p2a: Electrode|Electrode, L92|260/260\n|turn|1\n|inactive|Battle timer is ON: inactive players will automatically lose when time's up. (requested by p0y1291e1e3)\n|\n|t:|1783554978\n|move|p2a: Electrode|Thunderbolt|p1a: Milotic\n|-supereffective|p1a: Milotic\n|-damage|p1a: Milotic|53/100\n|move|p1a: Milotic|Scald|p2a: Electrode\n|-crit|p2a: Electrode\n|-damage|p2a: Electrode|124/260\n|\n|-heal|p2a: Electrode|140/260|[from] item: Leftovers\n|-heal|p1a: Milotic|60/100|[from] item: Leftovers\n|upkeep\n|turn|2\n|inactive|Time left: 300 sec this turn | 300 sec total\n|inactive|p0x129138b4 also wants the timer to be on.\n|\n|t:|1783554979\n|move|p2a: Electrode|Thunderbolt|p1a: Milotic\n|-supereffective|p1a: Milotic\n|-damage|p1a: Milotic|4/100\n|move|p1a: Milotic|Scald|p2a: Electrode\n|-damage|p2a: Electrode|61/260\n|\n|-heal|p2a: Electrode|77/260|[from] item: Leftovers\n|-heal|p1a: Milotic|10/100|[from] item: Leftovers\n|upkeep\n|turn|3\n|inactive|Time left: 300 sec this turn | 300 sec total\n|\n|t:|1783554981\n|switch|p1a: Komala|Komala, L87, F|100/100\n|-ability|p1a: Komala|Comatose\n|move|p2a: Electrode|Thunderbolt|p1a: Komala\n|-damage|p1a: Komala|79/100\n|\n|-heal|p2a: Electrode|93/260|[from] item: Leftovers\n|upkeep\n|turn|4\n|inactive|Time left: 300 sec this turn | 300 sec total\n|\n|t:|1783554982\n|move|p2a: Electrode|Foul Play|p1a: Komala\n|-damage|p1a: Komala|37/100\n|move|p1a: Komala|Body Slam|p2a: Electrode\n|-damage|p2a: Electrode|0 fnt\n|faint|p2a: Electrode\n|\n|upkeep\n|inactive|Time left: 300 sec this turn | 300 sec total | 5 sec grace\n|\n|t:|1783554983\n|switch|p2a: Ogerpon|Ogerpon-Hearthflame, L74, F|239/239\n|-ability|p2a: Ogerpon|Mold Breaker\n|turn|5\n|inactive|Time left: 300 sec this turn | 300 sec total\n|\n|t:|1783554984\n|switch|p1a: Gouging Fire|Gouging Fire, L74|100/100\n|move|p2a: Ogerpon|Ivy Cudgel|p1a: Gouging Fire|[anim] Ivy Cudgel Fire\n|-resisted|p1a: Gouging Fire\n|-crit|p1a: Gouging Fire\n|-damage|p1a: Gouging Fire|87/100\n|\n|upkeep\n|turn|6\n|inactive|Time left: 300 sec this turn | 300 sec total\n|\n|t:|1783554986\n|switch|p2a: Suicune|Suicune, L82|298/298\n|-ability|p2a: Suicune|Pressure\n|move|p1a: Gouging Fire|Outrage|p2a: Suicune\n|-damage|p2a: Suicune|198/298\n|\n|-heal|p2a: Suicune|216/298|[from] item: Leftovers\n|upkeep\n|turn|7\n|inactive|Time left: 300 sec this turn | 300 sec total\n|\n|t:|1783554987\n|-terastallize|p2a: Suicune|Steel\n|move|p2a: Suicune|Calm Mind|p2a: Suicune\n|-boost|p2a: Suicune|spa|1\n|-boost|p2a: Suicune|spd|1\n|move|p1a: Gouging Fire|Outrage|p2a: Suicune|[from] lockedmove\n|-resisted|p2a: Suicune\n|-damage|p2a: Suicune|172/298\n|-start|p1a: Gouging Fire|confusion|[fatigue]\n|\n|-heal|p2a: Suicune|190/298|[from] item: Leftovers\n|upkeep\n|turn|8\n|inactive|Time left: 300 sec this turn | 300 sec total\n|\n|t:|1783554988\n|-end|p1a: Gouging Fire|Protosynthesis|[silent]\n|switch|p1a: Squawkabilly|Squawkabilly-Blue, L85, F|100/100\n|move|p2a: Suicune|Scald|p1a: Squawkabilly\n|-damage|p1a: Squawkabilly|45/100\n|-status|p1a: Squawkabilly|brn\n|\n|-heal|p2a: Suicune|208/298|[from] item: Leftovers\n|-damage|p1a: Squawkabilly|39/100 brn|[from] brn\n|upkeep\n|turn|9\n|inactive|Time left: 300 sec this turn | 300 sec total\n|\n|t:|1783554989\n|move|p1a: Squawkabilly|U-turn|p2a: Suicune\n|-resisted|p2a: Suicune\n|-damage|p2a: Suicune|177/298\n|\n|t:|1783554990\n|switch|p1a: Barraskewda|Barraskewda, L81, F|100/100|[from] U-turn\n|move|p2a: Suicune|Ice Beam|p1a: Barraskewda\n|-resisted|p1a: Barraskewda\n|-damage|p1a: Barraskewda|74/100\n|\n|-heal|p2a: Suicune|195/298|[from] item: Leftovers\n|upkeep\n|turn|10\n|inactive|Time left: 300 sec this turn | 300 sec total\n|\n|t:|1783554991\n|move|p1a: Barraskewda|Close Combat|p2a: Suicune\n|-supereffective|p2a: Suicune\n|-damage|p2a: Suicune|0 fnt\n|-unboost|p1a: Barraskewda|def|1\n|-unboost|p1a: Barraskewda|spd|1\n|faint|p2a: Suicune\n|\n|upkeep\n|inactive|Time left: 300 sec this turn | 300 sec total | 5 sec grace\n|\n|t:|1783554992\n|switch|p2a: Camerupt|Camerupt, L91, M|275/275\n|turn|11\n|inactive|Time left: 300 sec this turn | 300 sec total\n|\n|t:|1783554993\n|switch|p1a: Squawkabilly|Squawkabilly-Blue, L85, F|39/100 brn\n|move|p2a: Camerupt|Earthquake|p1a: Squawkabilly\n|-immune|p1a: Squawkabilly\n|\n|-damage|p1a: Squawkabilly|33/100 brn|[from] brn\n|upkeep\n|turn|12\n|inactive|Time left: 300 sec this turn | 300 sec total\n|\n|t:|1783554994\n|move|p1a: Squawkabilly|Facade|p2a: Camerupt\n|-damage|p2a: Camerupt|16/275\n|move|p2a: Camerupt|Overheat|p1a: Squawkabilly\n|-damage|p1a: Squawkabilly|0 fnt\n|-unboost|p2a: Camerupt|spa|2\n|faint|p1a: Squawkabilly\n|\n|-heal|p2a: Camerupt|33/275|[from] item: Leftovers\n|upkeep\n|\n|t:|1783554995\n|switch|p1a: Gouging Fire|Gouging Fire, L74|87/100\n|turn|13\n|inactive|Time left: 300 sec this turn | 300 sec total\n|\n|t:|1783554996\n|move|p1a: Gouging Fire|Outrage|p2a: Camerupt\n|-damage|p2a: Camerupt|0 fnt\n|faint|p2a: Camerupt\n|\n|upkeep\n|inactive|Time left: 300 sec this turn | 300 sec total | 5 sec grace\n|\n|t:|1783554997\n|switch|p2a: Cacturne|Cacturne, L92, F|278/278\n|turn|14\n|inactive|Time left: 300 sec this turn | 300 sec total\n|\n|t:|1783554998\n|move|p1a: Gouging Fire|Outrage|p2a: Cacturne|[from] lockedmove\n|-damage|p2a: Cacturne|145/278\n|move|p2a: Cacturne|Knock Off|p1a: Gouging Fire\n|-damage|p1a: Gouging Fire|25/100\n|-enditem|p1a: Gouging Fire|Heavy-Duty Boots|[from] move: Knock Off|[of] p2a: Cacturne\n|-damage|p2a: Cacturne|118/278|[from] item: Life Orb\n|\n|upkeep\n|turn|15\n|inactive|Time left: 300 sec this turn | 300 sec total\n|\n|t:|1783554999\n|move|p2a: Cacturne|Sucker Punch|p1a: Gouging Fire\n|-damage|p1a: Gouging Fire|0 fnt\n|faint|p1a: Gouging Fire\n|-end|p1a: Gouging Fire|Protosynthesis|[silent]\n|-damage|p2a: Cacturne|91/278|[from] item: Life Orb\n|\n|upkeep\n|\n|t:|1783555000\n|switch|p1a: Barraskewda|Barraskewda, L81, F|74/100\n|turn|16\n|inactive|Time left: 300 sec this turn | 300 sec total\n|\n|t:|1783555000\n|-terastallize|p1a: Barraskewda|Fighting\n|move|p2a: Cacturne|Sucker Punch|p1a: Barraskewda\n|-resisted|p1a: Barraskewda\n|-damage|p1a: Barraskewda|34/100\n|-damage|p2a: Cacturne|64/278|[from] item: Life Orb\n|move|p1a: Barraskewda|Close Combat|p2a: Cacturne\n|-supereffective|p2a: Cacturne\n|-damage|p2a: Cacturne|0 fnt\n|-unboost|p1a: Barraskewda|def|1\n|-unboost|p1a: Barraskewda|spd|1\n|faint|p2a: Cacturne\n|\n|upkeep\n|inactive|Time left: 300 sec this turn | 300 sec total | 5 sec grace\n|\n|t:|1783555001\n|switch|p2a: Ogerpon|Ogerpon-Hearthflame, L74, F|239/239\n|-ability|p2a: Ogerpon|Mold Breaker\n|turn|17\n|inactive|Time left: 300 sec this turn | 300 sec total\n|\n|t:|1783555002\n|move|p1a: Barraskewda|Close Combat|p2a: Ogerpon\n|-damage|p2a: Ogerpon|0 fnt\n|-unboost|p1a: Barraskewda|def|1\n|-unboost|p1a: Barraskewda|spd|1\n|faint|p2a: Ogerpon\n|\n|upkeep\n|inactive|Time left: 300 sec this turn | 300 sec total | 5 sec grace\n|\n|t:|1783555002\n|switch|p2a: Blissey|Blissey, L85, F|572/572\n|turn|18\n|inactive|Time left: 300 sec this turn | 300 sec total\n|\n|t:|1783555003\n|move|p1a: Barraskewda|Close Combat|p2a: Blissey\n|-supereffective|p2a: Blissey\n|-damage|p2a: Blissey|0 fnt\n|-unboost|p1a: Barraskewda|def|1\n|-unboost|p1a: Barraskewda|spd|1\n|faint|p2a: Blissey\n|\n|win|p0x129138b4", "uploadtime": 1783555003, "views": 0, "rating": 0, "private": 0, "password": null, "_winner": "p0x129138b4", "_our_name": "p0y1291e1e3"}