{"id": "battle-gen9randombattle-977", "formatid": "gen9randombattle", "format": "[Gen 9] Random Battle", "players": ["p0x97727d4", "p0y977bcbd"], "log": "|init|battle\n|title|p0x97727d4 vs. p0y977bcbd\n|j|\u2606p0x97727d4\n|j|\u2606p0y977bcbd\n|t:|1783550467\n|gametype|singles\n|player|p1|p0x97727d4|266|\n|player|p2|p0y977bcbd|101|\n|gen|9\n|tier|[Gen 9] Random Battle\n|rule|Species Clause: Limit one of each Pok\u00e9mon\n|rule|HP Percentage Mod: HP is shown in percentages\n|rule|Sleep Clause Mod: Limit one foe put to sleep\n|rule|Illusion Level Mod: Illusion disguises the Pok\u00e9mon's true level\n|\n|t:|1783550467\n|teamsize|p1|6\n|teamsize|p2|6\n|start\n|switch|p1a: Toxtricity|Toxtricity, L82, M|257/257\n|switch|p2a: Calyrex|Calyrex, L93|100/100\n|-ability|p2a: Calyrex|Unnerve\n|turn|1\n|inactive|Battle timer is ON: inactive players will automatically lose when time's up. (requested by p0y977bcbd)\n|inactive|Time left: 300 sec this turn | 300 sec total | 60 sec grace\n|inactive|p0x97727d4 also wants the timer to be on.\n|\n|t:|1783550469\n|move|p1a: Toxtricity|Sludge Wave|p2a: Calyrex\n|-supereffective|p2a: Calyrex\n|-damage|p2a: Calyrex|43/100\n|move|p2a: Calyrex|Psyshock|p1a: Toxtricity\n|-supereffective|p1a: Toxtricity\n|-damage|p1a: Toxtricity|33/257\n|\n|-heal|p2a: Calyrex|49/100|[from] item: Leftovers\n|upkeep\n|turn|2\n|inactive|Time left: 300 sec this turn | 300 sec total\n|\n|t:|1783550470\n|switch|p2a: Golurk|Golurk, L87|100/100\n|move|p1a: Toxtricity|Sludge Wave|p2a: Golurk\n|-resisted|p2a: Golurk\n|-damage|p2a: Golurk|91/100\n|\n|upkeep\n|turn|3\n|inactive|Time left: 300 sec this turn | 300 sec total\n|\n|t:|1783550472\n|move|p1a: Toxtricity|Sludge Wave|p2a: Golurk\n|-resisted|p2a: Golurk\n|-damage|p2a: Golurk|82/100\n|move|p2a: Golurk|Stealth Rock|p1a: Toxtricity\n|-sidestart|p1: p0x97727d4|move: Stealth Rock\n|\n|upkeep\n|turn|4\n|inactive|Time left: 300 sec this turn | 300 sec total\n|\n|t:|1783550473\n|switch|p1a: Dipplin|Dipplin, L88, M|284/284\n|-damage|p1a: Dipplin|249/284|[from] Stealth Rock\n|move|p2a: Golurk|Dynamic Punch|p1a: Dipplin\n|-damage|p1a: Dipplin|187/284\n|-start|p1a: Dipplin|confusion\n|-damage|p2a: Golurk|72/100|[from] item: Life Orb\n|\n|upkeep\n|turn|5\n|inactive|Time left: 300 sec this turn | 300 sec total\n|\n|t:|1783550474\n|move|p2a: Golurk|Poltergeist|p1a: Dipplin\n|-activate|p1a: Dipplin|move: Poltergeist|Eviolite\n|-damage|p1a: Dipplin|77/284\n|-damage|p2a: Golurk|62/100|[from] item: Life Orb\n|-activate|p1a: Dipplin|confusion\n|-damage|p1a: Dipplin|54/284|[from] confusion\n|\n|upkeep\n|turn|6\n|inactive|Time left: 300 sec this turn | 300 sec total\n|\n|t:|1783550475\n|move|p2a: Golurk|Poltergeist|p1a: Dipplin\n|-activate|p1a: Dipplin|move: Poltergeist|Eviolite\n|-damage|p1a: Dipplin|0 fnt\n|faint|p1a: Dipplin\n|-damage|p2a: Golurk|52/100|[from] item: Life Orb\n|\n|upkeep\n|inactive|Time left: 300 sec this turn | 300 sec total | 5 sec grace\n|\n|t:|1783550476\n|switch|p1a: Blaziken|Blaziken, L76, M|247/247\n|-damage|p1a: Blaziken|217/247|[from] Stealth Rock\n|turn|7\n|inactive|Time left: 300 sec this turn | 300 sec total\n|\n|t:|1783550477\n|move|p1a: Blaziken|Flare Blitz|p2a: Golurk\n|-damage|p2a: Golurk|0 fnt\n|faint|p2a: Golurk\n|-damage|p1a: Blaziken|166/247|[from] Recoil\n|-damage|p1a: Blaziken|142/247|[from] item: Life Orb\n|\n|-ability|p1a: Blaziken|Speed Boost|boost\n|-boost|p1a: Blaziken|spe|1\n|upkeep\n|\n|t:|1783550478\n|switch|p2a: Ludicolo|Ludicolo, L90, M|100/100\n|turn|8\n|inactive|Time left: 300 sec this turn | 300 sec total\n|\n|t:|1783550479\n|move|p1a: Blaziken|Knock Off|p2a: Ludicolo\n|-damage|p2a: Ludicolo|68/100\n|-enditem|p2a: Ludicolo|Choice Specs|[from] move: Knock Off|[of] p1a: Blaziken\n|-damage|p1a: Blaziken|118/247|[from] item: Life Orb\n|move|p2a: Ludicolo|Hydro Pump|p1a: Blaziken\n|-supereffective|p1a: Blaziken\n|-damage|p1a: Blaziken|0 fnt\n|faint|p1a: Blaziken\n|\n|upkeep\n|inactive|Time left: 300 sec this turn | 300 sec total | 5 sec grace\n|\n|t:|1783550480\n|switch|p1a: Toxtricity|Toxtricity, L82, M|33/257\n|-damage|p1a: Toxtricity|1/257|[from] Stealth Rock\n|turn|9\n|inactive|Time left: 300 sec this turn | 300 sec total\n|\n|t:|1783550481\n|switch|p2a: Snorlax|Snorlax, L82, M|100/100\n|move|p1a: Toxtricity|Sludge Wave|p2a: Snorlax\n|-damage|p2a: Snorlax|77/100\n|\n|upkeep\n|turn|10\n|inactive|Time left: 300 sec this turn | 300 sec total\n|\n|t:|1783550482\n|move|p1a: Toxtricity|Sludge Wave|p2a: Snorlax\n|-damage|p2a: Snorlax|53/100\n|move|p2a: Snorlax|Rest|p2a: Snorlax\n|-status|p2a: Snorlax|slp|[from] move: Rest\n|-heal|p2a: Snorlax|100/100 slp|[silent]\n|-enditem|p2a: Snorlax|Chesto Berry|[eat]\n|-curestatus|p2a: Snorlax|slp|[msg]\n|\n|upkeep\n|turn|11\n|inactive|Time left: 300 sec this turn | 300 sec total\n|\n|t:|1783550483\n|move|p1a: Toxtricity|Sludge Wave|p2a: Snorlax\n|-damage|p2a: Snorlax|78/100\n|move|p2a: Snorlax|Body Slam|p1a: Toxtricity\n|-damage|p1a: Toxtricity|0 fnt\n|faint|p1a: Toxtricity\n|\n|upkeep\n|inactive|Time left: 300 sec this turn | 300 sec total | 5 sec grace\n|\n|t:|1783550483\n|switch|p1a: Ampharos|Ampharos, L88, F|302/302\n|-damage|p1a: Ampharos|265/302|[from] Stealth Rock\n|turn|12\n|inactive|Time left: 300 sec this turn | 300 sec total\n|\n|t:|1783550485\n|move|p1a: Ampharos|Thunderbolt|p2a: Snorlax\n|-damage|p2a: Snorlax|38/100\n|move|p2a: Snorlax|Earthquake|p1a: Ampharos\n|-supereffective|p1a: Ampharos\n|-damage|p1a: Ampharos|117/302\n|\n|upkeep\n|turn|13\n|inactive|Time left: 300 sec this turn | 300 sec total\n|\n|t:|1783550486\n|-terastallize|p2a: Snorlax|Ground\n|move|p1a: Ampharos|Thunderbolt|p2a: Snorlax\n|-immune|p2a: Snorlax\n|move|p2a: Snorlax|Body Slam|p1a: Ampharos\n|-damage|p1a: Ampharos|32/302\n|\n|upkeep\n|turn|14\n|inactive|Time left: 300 sec this turn | 300 sec total\n|\n|t:|1783550487\n|move|p1a: Ampharos|Thunderbolt|p2a: Snorlax\n|-immune|p2a: Snorlax\n|move|p2a: Snorlax|Body Slam|p1a: Ampharos\n|-damage|p1a: Ampharos|0 fnt\n|faint|p1a: Ampharos\n|\n|upkeep\n|inactive|Time left: 300 sec this turn | 300 sec total | 5 sec grace\n|\n|t:|1783550487\n|switch|p1a: Espeon|Espeon, L84, M|246/246\n|-damage|p1a: Espeon|216/246|[from] Stealth Rock\n|turn|15\n|inactive|Time left: 300 sec this turn | 300 sec total\n|\n|t:|1783550488\n|move|p1a: Espeon|Psyshock|p2a: Snorlax\n|-damage|p2a: Snorlax|0 fnt\n|faint|p2a: Snorlax\n|-damage|p1a: Espeon|192/246|[from] item: Life Orb\n|\n|upkeep\n|\n|t:|1783550489\n|switch|p2a: Greninja|Greninja, L80, M|100/100\n|turn|16\n|inactive|Time left: 300 sec this turn | 300 sec total\n|\n|t:|1783550490\n|switch|p1a: Milotic|Milotic, L83, M|293/293\n|-damage|p1a: Milotic|257/293|[from] Stealth Rock\n|move|p2a: Greninja|Dark Pulse|p1a: Milotic\n|-start|p2a: Greninja|typechange|Dark|[from] ability: Protean\n|-damage|p1a: Milotic|178/293\n|-damage|p2a: Greninja|91/100|[from] item: Life Orb\n|\n|-heal|p1a: Milotic|196/293|[from] item: Leftovers\n|upkeep\n|turn|17\n|inactive|Time left: 300 sec this turn | 300 sec total\n|\n|t:|1783550492\n|switch|p2a: Calyrex|Calyrex, L93|49/100\n|-ability|p2a: Calyrex|Unnerve\n|move|p1a: Milotic|Scald|p2a: Calyrex\n|-resisted|p2a: Calyrex\n|-damage|p2a: Calyrex|37/100\n|-status|p2a: Calyrex|brn\n|\n|-heal|p2a: Calyrex|43/100 brn|[from] item: Leftovers\n|-heal|p1a: Milotic|214/293|[from] item: Leftovers\n|-damage|p2a: Calyrex|37/100 brn|[from] brn\n|upkeep\n|turn|18\n|inactive|Time left: 300 sec this turn | 300 sec total\n|\n|t:|1783550493\n|move|p2a: Calyrex|Giga Drain|p1a: Milotic\n|-supereffective|p1a: Milotic\n|-damage|p1a: Milotic|80/293\n|-heal|p2a: Calyrex|57/100 brn|[from] drain|[of] p1a: Milotic\n|move|p1a: Milotic|Ice Beam|p2a: Calyrex\n|-supereffective|p2a: Calyrex\n|-damage|p2a: Calyrex|22/100 brn\n|\n|-heal|p2a: Calyrex|28/100 brn|[from] item: Leftovers\n|-heal|p1a: Milotic|98/293|[from] item: Leftovers\n|-damage|p2a: Calyrex|22/100 brn|[from] brn\n|upkeep\n|turn|19\n|inactive|Time left: 300 sec this turn | 300 sec total\n|\n|t:|1783550493\n|-terastallize|p1a: Milotic|Steel\n|move|p2a: Calyrex|Giga Drain|p1a: Milotic\n|-resisted|p1a: Milotic\n|-damage|p1a: Milotic|65/293\n|-heal|p2a: Calyrex|27/100 brn|[from] drain|[of] p1a: Milotic\n|move|p1a: Milotic|Recover|p1a: Milotic\n|-heal|p1a: Milotic|212/293\n|\n|-heal|p2a: Calyrex|33/100 brn|[from] item: Leftovers\n|-heal|p1a: Milotic|230/293|[from] item: Leftovers\n|-damage|p2a: Calyrex|27/100 brn|[from] brn\n|upkeep\n|turn|20\n|inactive|Time left: 300 sec this turn | 300 sec total\n|\n|t:|1783550494\n|move|p2a: Calyrex|Leech Seed|p1a: Milotic\n|-start|p1a: Milotic|move: Leech Seed\n|move|p1a: Milotic|Ice Beam|p2a: Calyrex\n|-supereffective|p2a: Calyrex\n|-damage|p2a: Calyrex|0 fnt\n|faint|p2a: Calyrex\n|\n|-heal|p1a: Milotic|248/293|[from] item: Leftovers\n|upkeep\n|\n|t:|1783550495\n|switch|p2a: Greninja|Greninja, L80, M|91/100\n|turn|21\n|inactive|Time left: 300 sec this turn | 300 sec total\n|\n|t:|1783550496\n|move|p2a: Greninja|Dark Pulse|p1a: Milotic\n|-start|p2a: Greninja|typechange|Dark|[from] ability: Protean\n|-damage|p1a: Milotic|158/293\n|-damage|p2a: Greninja|81/100|[from] item: Life Orb\n|move|p1a: Milotic|Scald|p2a: Greninja\n|-damage|p2a: Greninja|37/100\n|\n|-heal|p1a: Milotic|176/293|[from] item: Leftovers\n|-damage|p1a: Milotic|140/293|[from] Leech Seed|[of] p2a: Greninja\n|-heal|p2a: Greninja|51/100|[silent]\n|upkeep\n|turn|22\n|inactive|Time left: 300 sec this turn | 300 sec total\n|\n|t:|1783550498\n|switch|p2a: Ludicolo|Ludicolo, L90, M|68/100\n|move|p1a: Milotic|Scald|p2a: Ludicolo\n|-resisted|p2a: Ludicolo\n|-damage|p2a: Ludicolo|63/100\n|-status|p2a: Ludicolo|brn\n|\n|-heal|p1a: Milotic|158/293|[from] item: Leftovers\n|-damage|p1a: Milotic|122/293|[from] Leech Seed|[of] p2a: Ludicolo\n|-heal|p2a: Ludicolo|75/100 brn|[silent]\n|-damage|p2a: Ludicolo|69/100 brn|[from] brn\n|upkeep\n|turn|23\n|inactive|Time left: 300 sec this turn | 300 sec total\n|\n|t:|1783550499\n|move|p1a: Milotic|Recover|p1a: Milotic\n|-heal|p1a: Milotic|269/293\n|move|p2a: Ludicolo|Hydro Pump|p1a: Milotic\n|-damage|p1a: Milotic|163/293\n|\n|-heal|p1a: Milotic|181/293|[from] item: Leftovers\n|-damage|p1a: Milotic|145/293|[from] Leech Seed|[of] p2a: Ludicolo\n|-heal|p2a: Ludicolo|81/100 brn|[silent]\n|-damage|p2a: Ludicolo|75/100 brn|[from] brn\n|upkeep\n|turn|24\n|inactive|Time left: 300 sec this turn | 300 sec total\n|\n|t:|1783550500\n|move|p1a: Milotic|Recover|p1a: Milotic\n|-heal|p1a: Milotic|292/293\n|move|p2a: Ludicolo|Giga Drain|p1a: Milotic\n|-resisted|p1a: Milotic\n|-damage|p1a: Milotic|261/293\n|-heal|p2a: Ludicolo|80/100 brn|[from] drain|[of] p1a: Milotic\n|\n|-heal|p1a: Milotic|279/293|[from] item: Leftovers\n|-damage|p1a: Milotic|243/293|[from] Leech Seed|[of] p2a: Ludicolo\n|-heal|p2a: Ludicolo|93/100 brn|[silent]\n|-damage|p2a: Ludicolo|87/100 brn|[from] brn\n|upkeep\n|turn|25\n|inactive|Time left: 300 sec this turn | 300 sec total\n|\n|t:|1783550502\n|switch|p1a: Espeon|Espeon, L84, M|192/246\n|-damage|p1a: Espeon|162/246|[from] Stealth Rock\n|move|p2a: Ludicolo|Giga Drain|p1a: Espeon\n|-damage|p1a: Espeon|77/246\n|-heal|p2a: Ludicolo|100/100 brn|[from] drain|[of] p1a: Espeon\n|\n|-damage|p2a: Ludicolo|94/100 brn|[from] brn\n|upkeep\n|turn|26\n|inactive|Time left: 300 sec this turn | 300 sec total\n|\n|t:|1783550503\n|move|p1a: Espeon|Morning Sun|p1a: Espeon\n|-heal|p1a: Espeon|200/246\n|move|p2a: Ludicolo|Giga Drain|p1a: Espeon\n|-damage|p1a: Espeon|124/246\n|-heal|p2a: Ludicolo|100/100 brn|[from] drain|[of] p1a: Espeon\n|\n|-damage|p2a: Ludicolo|94/100 brn|[from] brn\n|upkeep\n|turn|27\n|inactive|Time left: 300 sec this turn | 300 sec total\n|\n|t:|1783550504\n|move|p1a: Espeon|Morning Sun|p1a: Espeon\n|-heal|p1a: Espeon|246/246\n|move|p2a: Ludicolo|Giga Drain|p1a: Espeon\n|-damage|p1a: Espeon|159/246\n|-heal|p2a: Ludicolo|100/100 brn|[from] drain|[of] p1a: Espeon\n|\n|-damage|p2a: Ludicolo|94/100 brn|[from] brn\n|upkeep\n|turn|28\n|inactive|Time left: 300 sec this turn | 300 sec total\n|\n|t:|1783550505\n|move|p1a: Espeon|Calm Mind|p1a: Espeon\n|-boost|p1a: Espeon|spa|1\n|-boost|p1a: Espeon|spd|1\n|move|p2a: Ludicolo|Giga Drain|p1a: Espeon\n|-damage|p1a: Espeon|102/246\n|-heal|p2a: Ludicolo|100/100 brn|[from] drain|[of] p1a: Espeon\n|\n|-damage|p2a: Ludicolo|94/100 brn|[from] brn\n|upkeep\n|turn|29\n|inactive|Time left: 300 sec this turn | 300 sec total\n|\n|t:|1783550506\n|switch|p2a: Greninja|Greninja, L80, M|51/100\n|move|p1a: Espeon|Morning Sun|p1a: Espeon\n|-heal|p1a: Espeon|225/246\n|\n|upkeep\n|turn|30\n|inactive|Time left: 300 sec this turn | 300 sec total\n|\n|t:|1783550507\n|move|p2a: Greninja|Dark Pulse|p1a: Espeon\n|-start|p2a: Greninja|typechange|Dark|[from] ability: Protean\n|-supereffective|p1a: Espeon\n|-damage|p1a: Espeon|77/246\n|-damage|p2a: Greninja|42/100|[from] item: Life Orb\n|move|p1a: Espeon|Morning Sun|p1a: Espeon\n|-heal|p1a: Espeon|200/246\n|\n|upkeep\n|turn|31\n|inactive|Time left: 300 sec this turn | 300 sec total\n|\n|t:|1783550508\n|move|p2a: Greninja|Dark Pulse|p1a: Espeon\n|-supereffective|p1a: Espeon\n|-damage|p1a: Espeon|57/246\n|-damage|p2a: Greninja|32/100|[from] item: Life Orb\n|move|p1a: Espeon|Alluring Voice|p2a: Greninja\n|-supereffective|p2a: Greninja\n|-damage|p2a: Greninja|0 fnt\n|faint|p2a: Greninja\n|-damage|p1a: Espeon|33/246|[from] item: Life Orb\n|\n|upkeep\n|\n|t:|1783550508\n|switch|p2a: Corviknight|Corviknight, L80, M|100/100\n|turn|32\n|inactive|Time left: 300 sec this turn | 300 sec total\n|\n|t:|1783550510\n|move|p1a: Espeon|Morning Sun|p1a: Espeon\n|-heal|p1a: Espeon|156/246\n|move|p2a: Corviknight|Brave Bird|p1a: Espeon\n|-damage|p1a: Espeon|24/246\n|-damage|p2a: Corviknight|85/100|[from] Recoil\n|\n|upkeep\n|turn|33\n|inactive|Time left: 300 sec this turn | 300 sec total\n|\n|t:|1783550510\n|move|p1a: Espeon|Morning Sun|p1a: Espeon\n|-heal|p1a: Espeon|147/246\n|move|p2a: Corviknight|Brave Bird|p1a: Espeon\n|-damage|p1a: Espeon|0 fnt\n|faint|p1a: Espeon\n|-damage|p2a: Corviknight|68/100|[from] Recoil\n|\n|upkeep\n|inactive|Time left: 300 sec this turn | 300 sec total | 5 sec grace\n|\n|t:|1783550511\n|switch|p1a: Milotic|Milotic, L83, M, tera:Steel|243/293\n|-damage|p1a: Milotic|225/293|[from] Stealth Rock\n|turn|34\n|inactive|Time left: 300 sec this turn | 300 sec total\n|\n|t:|1783550512\n|move|p1a: Milotic|Scald|p2a: Corviknight\n|-damage|p2a: Corviknight|35/100\n|-status|p2a: Corviknight|brn\n|move|p2a: Corviknight|Roost|p2a: Corviknight\n|-heal|p2a: Corviknight|85/100 brn\n|-singleturn|p2a: Corviknight|move: Roost\n|\n|-heal|p1a: Milotic|243/293|[from] item: Leftovers\n|-damage|p2a: Corviknight|78/100 brn|[from] brn\n|upkeep\n|turn|35\n|inactive|Time left: 300 sec this turn | 300 sec total\n|\n|t:|1783550513\n|move|p1a: Milotic|Ice Beam|p2a: Corviknight\n|-damage|p2a: Corviknight|55/100 brn\n|move|p2a: Corviknight|Roost|p2a: Corviknight\n|-heal|p2a: Corviknight|100/100 brn\n|-singleturn|p2a: Corviknight|move: Roost\n|\n|-heal|p1a: Milotic|261/293|[from] item: Leftovers\n|-damage|p2a: Corviknight|94/100 brn|[from] brn\n|upkeep\n|turn|36\n|inactive|Time left: 300 sec this turn | 300 sec total\n|\n|t:|1783550514\n|move|p1a: Milotic|Scald|p2a: Corviknight\n|-damage|p2a: Corviknight|63/100 brn\n|move|p2a: Corviknight|Body Press|p1a: Milotic\n|-supereffective|p1a: Milotic\n|-damage|p1a: Milotic|201/293\n|\n|-heal|p1a: Milotic|219/293|[from] item: Leftovers\n|-damage|p2a: Corviknight|57/100 brn|[from] brn\n|upkeep\n|turn|37\n|inactive|Time left: 300 sec this turn | 300 sec total\n|\n|t:|1783550516\n|move|p1a: Milotic|Scald|p2a: Corviknight\n|-damage|p2a: Corviknight|27/100 brn\n|move|p2a: Corviknight|Roost|p2a: Corviknight\n|-heal|p2a: Corviknight|77/100 brn\n|-singleturn|p2a: Corviknight|move: Roost\n|\n|-heal|p1a: Milotic|237/293|[from] item: Leftovers\n|-damage|p2a: Corviknight|70/100 brn|[from] brn\n|upkeep\n|turn|38\n|inactive|Time left: 300 sec this turn | 300 sec total\n|\n|t:|1783550517\n|move|p1a: Milotic|Scald|p2a: Corviknight\n|-crit|p2a: Corviknight\n|-damage|p2a: Corviknight|21/100 brn\n|move|p2a: Corviknight|Roost|p2a: Corviknight\n|-heal|p2a: Corviknight|71/100 brn\n|-singleturn|p2a: Corviknight|move: Roost\n|\n|-heal|p1a: Milotic|255/293|[from] item: Leftovers\n|-damage|p2a: Corviknight|65/100 brn|[from] brn\n|upkeep\n|turn|39\n|inactive|Time left: 300 sec this turn | 300 sec total\n|\n|t:|1783550518\n|move|p1a: Milotic|Scald|p2a: Corviknight\n|-damage|p2a: Corviknight|35/100 brn\n|move|p2a: Corviknight|Roost|p2a: Corviknight\n|-heal|p2a: Corviknight|85/100 brn\n|-singleturn|p2a: Corviknight|move: Roost\n|\n|-heal|p1a: Milotic|273/293|[from] item: Leftovers\n|-damage|p2a: Corviknight|79/100 brn|[from] brn\n|upkeep\n|turn|40\n|inactive|Time left: 300 sec this turn | 300 sec total\n|\n|t:|1783550519\n|move|p1a: Milotic|Ice Beam|p2a: Corviknight\n|-damage|p2a: Corviknight|56/100 brn\n|move|p2a: Corviknight|Roost|p2a: Corviknight\n|-heal|p2a: Corviknight|100/100 brn\n|-singleturn|p2a: Corviknight|move: Roost\n|\n|-heal|p1a: Milotic|291/293|[from] item: Leftovers\n|-damage|p2a: Corviknight|94/100 brn|[from] brn\n|upkeep\n|turn|41\n|inactive|Time left: 300 sec this turn | 300 sec total\n|\n|t:|1783550520\n|move|p1a: Milotic|Scald|p2a: Corviknight\n|-damage|p2a: Corviknight|61/100 brn\n|move|p2a: Corviknight|Roost|p2a: Corviknight\n|-heal|p2a: Corviknight|100/100 brn\n|-singleturn|p2a: Corviknight|move: Roost\n|\n|-heal|p1a: Milotic|293/293|[from] item: Leftovers\n|-damage|p2a: Corviknight|94/100 brn|[from] brn\n|upkeep\n|turn|42\n|inactive|Time left: 300 sec this turn | 300 sec total\n|\n|t:|1783550521\n|move|p1a: Milotic|Scald|p2a: Corviknight\n|-damage|p2a: Corviknight|64/100 brn\n|move|p2a: Corviknight|Body Press|p1a: Milotic\n|-supereffective|p1a: Milotic\n|-damage|p1a: Milotic|237/293\n|\n|-heal|p1a: Milotic|255/293|[from] item: Leftovers\n|-damage|p2a: Corviknight|57/100 brn|[from] brn\n|upkeep\n|turn|43\n|inactive|Time left: 300 sec this turn | 300 sec total\n|\n|t:|1783550522\n|move|p1a: Milotic|Scald|p2a: Corviknight\n|-damage|p2a: Corviknight|24/100 brn\n|move|p2a: Corviknight|Roost|p2a: Corviknight\n|-heal|p2a: Corviknight|74/100 brn\n|-singleturn|p2a: Corviknight|move: Roost\n|\n|-heal|p1a: Milotic|273/293|[from] item: Leftovers\n|-damage|p2a: Corviknight|68/100 brn|[from] brn\n|upkeep\n|turn|44\n|inactive|Time left: 300 sec this turn | 300 sec total\n|\n|t:|1783550523\n|switch|p2a: Ludicolo|Ludicolo, L90, M|94/100 brn\n|move|p1a: Milotic|Scald|p2a: Ludicolo\n|-resisted|p2a: Ludicolo\n|-damage|p2a: Ludicolo|88/100 brn\n|\n|-heal|p1a: Milotic|291/293|[from] item: Leftovers\n|-damage|p2a: Ludicolo|82/100 brn|[from] brn\n|upkeep\n|turn|45\n|inactive|Time left: 300 sec this turn | 300 sec total\n|\n|t:|1783550524\n|move|p1a: Milotic|Ice Beam|p2a: Ludicolo\n|-damage|p2a: Ludicolo|64/100 brn\n|move|p2a: Ludicolo|Hydro Pump|p1a: Milotic\n|-damage|p1a: Milotic|189/293\n|\n|-heal|p1a: Milotic|207/293|[from] item: Leftovers\n|-damage|p2a: Ludicolo|58/100 brn|[from] brn\n|upkeep\n|turn|46\n|inactive|Time left: 300 sec this turn | 300 sec total\n|\n|t:|1783550526\n|move|p1a: Milotic|Ice Beam|p2a: Ludicolo\n|-damage|p2a: Ludicolo|39/100 brn\n|move|p2a: Ludicolo|Hydro Pump|p1a: Milotic\n|-damage|p1a: Milotic|114/293\n|\n|-heal|p1a: Milotic|132/293|[from] item: Leftovers\n|-damage|p2a: Ludicolo|33/100 brn|[from] brn\n|upkeep\n|turn|47\n|inactive|Time left: 300 sec this turn | 300 sec total\n|\n|t:|1783550527\n|move|p1a: Milotic|Recover|p1a: Milotic\n|-heal|p1a: Milotic|279/293\n|move|p2a: Ludicolo|Hydro Pump|p1a: Milotic\n|-damage|p1a: Milotic|188/293\n|\n|-heal|p1a: Milotic|206/293|[from] item: Leftovers\n|-damage|p2a: Ludicolo|26/100 brn|[from] brn\n|upkeep\n|turn|48\n|inactive|Time left: 300 sec this turn | 300 sec total\n|\n|t:|1783550528\n|move|p1a: Milotic|Ice Beam|p2a: Ludicolo\n|-damage|p2a: Ludicolo|7/100 brn\n|move|p2a: Ludicolo|Hydro Pump|p1a: Milotic\n|-damage|p1a: Milotic|104/293\n|\n|-heal|p1a: Milotic|122/293|[from] item: Leftovers\n|-damage|p2a: Ludicolo|1/100 brn|[from] brn\n|upkeep\n|turn|49\n|inactive|Time left: 300 sec this turn | 300 sec total\n|\n|t:|1783550529\n|move|p1a: Milotic|Scald|p2a: Ludicolo\n|-resisted|p2a: Ludicolo\n|-crit|p2a: Ludicolo\n|-damage|p2a: Ludicolo|0 fnt\n|faint|p2a: Ludicolo\n|\n|-heal|p1a: Milotic|140/293|[from] item: Leftovers\n|upkeep\n|\n|t:|1783550530\n|switch|p2a: Corviknight|Corviknight, L80, M|68/100 brn\n|turn|50\n|inactive|Time left: 300 sec this turn | 300 sec total\n|\n|t:|1783550531\n|move|p1a: Milotic|Scald|p2a: Corviknight\n|-damage|p2a: Corviknight|37/100 brn\n|move|p2a: Corviknight|Brave Bird|p1a: Milotic\n|-resisted|p1a: Milotic\n|-damage|p1a: Milotic|111/293\n|-damage|p2a: Corviknight|34/100 brn|[from] Recoil\n|\n|-heal|p1a: Milotic|129/293|[from] item: Leftovers\n|-damage|p2a: Corviknight|28/100 brn|[from] brn\n|upkeep\n|turn|51\n|inactive|Time left: 300 sec this turn | 300 sec total\n|\n|t:|1783550532\n|move|p1a: Milotic|Ice Beam|p2a: Corviknight\n|-damage|p2a: Corviknight|2/100 brn\n|move|p2a: Corviknight|Brave Bird|p1a: Milotic\n|-resisted|p1a: Milotic\n|-crit|p1a: Milotic\n|-damage|p1a: Milotic|83/293\n|-damage|p2a: Corviknight|0 fnt|[from] Recoil\n|faint|p2a: Corviknight\n|\n|win|p0x97727d4", "uploadtime": 1783550532, "views": 0, "rating": 0, "private": 0, "password": null, "_winner": "p0x97727d4", "_our_name": "p0x97727d4"}