{"id": "battle-gen9randombattle-1977", "formatid": "gen9randombattle", "format": "[Gen 9] Random Battle", "players": ["p0x19770064", "p0y1977bb22"], "log": "|init|battle\n|title|p0x19770064 vs. p0y1977bb22\n|j|\u2606p0x19770064\n|j|\u2606p0y1977bb22\n|t:|1783562869\n|gametype|singles\n|player|p1|p0x19770064|265|\n|player|p2|p0y1977bb22|265|\n|gen|9\n|tier|[Gen 9] Random Battle\n|rule|Species Clause: Limit one of each Pok\u00e9mon\n|rule|HP Percentage Mod: HP is shown in percentages\n|rule|Sleep Clause Mod: Limit one foe put to sleep\n|rule|Illusion Level Mod: Illusion disguises the Pok\u00e9mon's true level\n|\n|t:|1783562869\n|teamsize|p1|6\n|teamsize|p2|6\n|start\n|switch|p1a: Dusknoir|Dusknoir, L89, M|100/100\n|switch|p2a: Wigglytuff|Wigglytuff, L96, M|424/424\n|-item|p2a: Wigglytuff|Leftovers|[from] ability: Frisk|[of] p1a: Dusknoir\n|turn|1\n|inactive|Battle timer is ON: inactive players will automatically lose when time's up. (requested by p0y1977bb22)\n|inactive|p0x19770064 also wants the timer to be on.\n|\n|t:|1783562871\n|switch|p1a: Magcargo|Magcargo, L95, F|100/100\n|move|p2a: Wigglytuff|Knock Off|p1a: Magcargo\n|-damage|p1a: Magcargo|83/100\n|-ability|p1a: Magcargo|Weak Armor|boost\n|-unboost|p1a: Magcargo|def|1\n|-boost|p1a: Magcargo|spe|2\n|-enditem|p1a: Magcargo|Heavy-Duty Boots|[from] move: Knock Off|[of] p2a: Wigglytuff\n|\n|upkeep\n|turn|2\n|inactive|Time left: 300 sec this turn | 300 sec total\n|\n|t:|1783562872\n|move|p1a: Magcargo|Shell Smash|p1a: Magcargo\n|-unboost|p1a: Magcargo|def|1\n|-unboost|p1a: Magcargo|spd|1\n|-boost|p1a: Magcargo|atk|2\n|-boost|p1a: Magcargo|spa|2\n|-boost|p1a: Magcargo|spe|2\n|move|p2a: Wigglytuff|Alluring Voice|p1a: Magcargo\n|-resisted|p1a: Magcargo\n|-damage|p1a: Magcargo|57/100\n|-start|p1a: Magcargo|confusion\n|\n|upkeep\n|turn|3\n|inactive|Time left: 300 sec this turn | 300 sec total\n|\n|t:|1783562873\n|-activate|p1a: Magcargo|confusion\n|move|p1a: Magcargo|Fire Blast|p2a: Wigglytuff\n|-damage|p2a: Wigglytuff|49/424\n|move|p2a: Wigglytuff|Alluring Voice|p1a: Magcargo\n|-resisted|p1a: Magcargo\n|-damage|p1a: Magcargo|30/100\n|\n|-heal|p2a: Wigglytuff|75/424|[from] item: Leftovers\n|upkeep\n|turn|4\n|inactive|Time left: 300 sec this turn | 300 sec total\n|\n|t:|1783562874\n|-end|p1a: Magcargo|confusion\n|move|p1a: Magcargo|Fire Blast|p2a: Wigglytuff\n|-damage|p2a: Wigglytuff|0 fnt\n|faint|p2a: Wigglytuff\n|\n|upkeep\n|inactive|Time left: 300 sec this turn | 300 sec total | 5 sec grace\n|\n|t:|1783562875\n|switch|p2a: Cresselia|Cresselia, L80, F|323/323\n|turn|5\n|inactive|Time left: 300 sec this turn | 300 sec total\n|\n|t:|1783562876\n|move|p1a: Magcargo|Fire Blast|p2a: Cresselia\n|-damage|p2a: Cresselia|107/323\n|-status|p2a: Cresselia|brn\n|move|p2a: Cresselia|Psyshock|p1a: Magcargo\n|-damage|p1a: Magcargo|0 fnt\n|faint|p1a: Magcargo\n|\n|-heal|p2a: Cresselia|127/323 brn|[from] item: Leftovers\n|-damage|p2a: Cresselia|107/323 brn|[from] brn\n|upkeep\n|\n|t:|1783562877\n|switch|p1a: Zacian|Zacian, L69|100/100\n|-ability|p1a: Zacian|Intrepid Sword|boost\n|-boost|p1a: Zacian|atk|1\n|turn|6\n|inactive|Time left: 300 sec this turn | 300 sec total\n|\n|t:|1783562878\n|switch|p2a: Tropius|Tropius, L91, F|328/328\n|move|p1a: Zacian|Play Rough|p2a: Tropius\n|-damage|p2a: Tropius|151/328\n|-enditem|p2a: Tropius|Sitrus Berry|[eat]\n|-heal|p2a: Tropius|233/328|[from] item: Sitrus Berry\n|\n|-item|p2a: Tropius|Sitrus Berry|[from] ability: Harvest\n|upkeep\n|turn|7\n|inactive|Time left: 300 sec this turn | 300 sec total\n|\n|t:|1783562879\n|move|p1a: Zacian|Play Rough|p2a: Tropius\n|-damage|p2a: Tropius|65/328\n|-enditem|p2a: Tropius|Sitrus Berry|[eat]\n|-heal|p2a: Tropius|147/328|[from] item: Sitrus Berry\n|move|p2a: Tropius|Synthesis|p2a: Tropius\n|-heal|p2a: Tropius|311/328\n|\n|-item|p2a: Tropius|Sitrus Berry|[from] ability: Harvest\n|upkeep\n|turn|8\n|inactive|Time left: 300 sec this turn | 300 sec total\n|\n|t:|1783562880\n|move|p1a: Zacian|Play Rough|p2a: Tropius\n|-damage|p2a: Tropius|154/328\n|-enditem|p2a: Tropius|Sitrus Berry|[eat]\n|-heal|p2a: Tropius|236/328|[from] item: Sitrus Berry\n|move|p2a: Tropius|Dragon Dance|p2a: Tropius\n|-boost|p2a: Tropius|atk|1\n|-boost|p2a: Tropius|spe|1\n|\n|-item|p2a: Tropius|Sitrus Berry|[from] ability: Harvest\n|upkeep\n|turn|9\n|inactive|Time left: 300 sec this turn | 300 sec total\n|\n|t:|1783562881\n|move|p1a: Zacian|Play Rough|p2a: Tropius\n|-damage|p2a: Tropius|79/328\n|-enditem|p2a: Tropius|Sitrus Berry|[eat]\n|-heal|p2a: Tropius|161/328|[from] item: Sitrus Berry\n|move|p2a: Tropius|Synthesis|p2a: Tropius\n|-heal|p2a: Tropius|325/328\n|\n|-item|p2a: Tropius|Sitrus Berry|[from] ability: Harvest\n|upkeep\n|turn|10\n|inactive|Time left: 300 sec this turn | 300 sec total\n|\n|t:|1783562882\n|move|p1a: Zacian|Play Rough|p2a: Tropius\n|-damage|p2a: Tropius|144/328\n|-enditem|p2a: Tropius|Sitrus Berry|[eat]\n|-heal|p2a: Tropius|226/328|[from] item: Sitrus Berry\n|move|p2a: Tropius|Dragon Dance|p2a: Tropius\n|-boost|p2a: Tropius|atk|1\n|-boost|p2a: Tropius|spe|1\n|\n|upkeep\n|turn|11\n|inactive|Time left: 300 sec this turn | 300 sec total\n|\n|t:|1783562883\n|move|p2a: Tropius|Dual Wingbeat|p1a: Zacian\n|-damage|p1a: Zacian|68/100\n|-damage|p1a: Zacian|35/100\n|-hitcount|p1a: Zacian|2\n|move|p1a: Zacian|Play Rough|p2a: Tropius\n|-damage|p2a: Tropius|67/328\n|\n|-item|p2a: Tropius|Sitrus Berry|[from] ability: Harvest\n|upkeep\n|-enditem|p2a: Tropius|Sitrus Berry|[eat]\n|-heal|p2a: Tropius|149/328|[from] item: Sitrus Berry\n|turn|12\n|inactive|Time left: 300 sec this turn | 300 sec total\n|\n|t:|1783562884\n|switch|p1a: Dusknoir|Dusknoir, L89, M|100/100\n|move|p2a: Tropius|Earthquake|p1a: Dusknoir\n|-damage|p1a: Dusknoir|64/100\n|\n|-heal|p1a: Dusknoir|70/100|[from] item: Leftovers\n|-item|p2a: Tropius|Sitrus Berry|[from] ability: Harvest\n|upkeep\n|-enditem|p2a: Tropius|Sitrus Berry|[eat]\n|-heal|p2a: Tropius|231/328|[from] item: Sitrus Berry\n|turn|13\n|inactive|Time left: 300 sec this turn | 300 sec total\n|\n|t:|1783562886\n|move|p2a: Tropius|Dual Wingbeat|p1a: Dusknoir\n|-damage|p1a: Dusknoir|48/100\n|-damage|p1a: Dusknoir|25/100\n|-hitcount|p1a: Dusknoir|2\n|move|p1a: Dusknoir|Pain Split|p2a: Tropius\n|-sethp|p2a: Tropius|143/328|[from] move: Pain Split|[silent]\n|-sethp|p1a: Dusknoir|64/100|[from] move: Pain Split\n|\n|-heal|p1a: Dusknoir|70/100|[from] item: Leftovers\n|-item|p2a: Tropius|Sitrus Berry|[from] ability: Harvest\n|upkeep\n|-enditem|p2a: Tropius|Sitrus Berry|[eat]\n|-heal|p2a: Tropius|225/328|[from] item: Sitrus Berry\n|turn|14\n|inactive|Time left: 300 sec this turn | 300 sec total\n|\n|t:|1783562887\n|move|p2a: Tropius|Dragon Dance|p2a: Tropius\n|-boost|p2a: Tropius|atk|1\n|-boost|p2a: Tropius|spe|1\n|move|p1a: Dusknoir|Pain Split|p2a: Tropius\n|-sethp|p2a: Tropius|191/328|[from] move: Pain Split|[silent]\n|-sethp|p1a: Dusknoir|85/100|[from] move: Pain Split\n|\n|-heal|p1a: Dusknoir|92/100|[from] item: Leftovers\n|-item|p2a: Tropius|Sitrus Berry|[from] ability: Harvest\n|upkeep\n|turn|15\n|inactive|Time left: 300 sec this turn | 300 sec total\n|\n|t:|1783562888\n|move|p2a: Tropius|Dual Wingbeat|p1a: Dusknoir\n|-damage|p1a: Dusknoir|60/100\n|-damage|p1a: Dusknoir|32/100\n|-hitcount|p1a: Dusknoir|2\n|move|p1a: Dusknoir|Pain Split|p2a: Tropius\n|-sethp|p2a: Tropius|131/328|[from] move: Pain Split|[silent]\n|-sethp|p1a: Dusknoir|59/100|[from] move: Pain Split\n|-enditem|p2a: Tropius|Sitrus Berry|[eat]\n|-heal|p2a: Tropius|213/328|[from] item: Sitrus Berry\n|\n|-heal|p1a: Dusknoir|65/100|[from] item: Leftovers\n|-item|p2a: Tropius|Sitrus Berry|[from] ability: Harvest\n|upkeep\n|turn|16\n|inactive|Time left: 300 sec this turn | 300 sec total\n|\n|t:|1783562889\n|move|p2a: Tropius|Dual Wingbeat|p1a: Dusknoir\n|-damage|p1a: Dusknoir|38/100\n|-damage|p1a: Dusknoir|10/100\n|-hitcount|p1a: Dusknoir|2\n|move|p1a: Dusknoir|Pain Split|p2a: Tropius\n|-sethp|p2a: Tropius|117/328|[from] move: Pain Split|[silent]\n|-sethp|p1a: Dusknoir|52/100|[from] move: Pain Split\n|-enditem|p2a: Tropius|Sitrus Berry|[eat]\n|-heal|p2a: Tropius|199/328|[from] item: Sitrus Berry\n|\n|-heal|p1a: Dusknoir|59/100|[from] item: Leftovers\n|-item|p2a: Tropius|Sitrus Berry|[from] ability: Harvest\n|upkeep\n|turn|17\n|inactive|Time left: 300 sec this turn | 300 sec total\n|\n|t:|1783562890\n|move|p2a: Tropius|Dual Wingbeat|p1a: Dusknoir\n|-damage|p1a: Dusknoir|30/100\n|-damage|p1a: Dusknoir|2/100\n|-hitcount|p1a: Dusknoir|2\n|move|p1a: Dusknoir|Pain Split|p2a: Tropius\n|-sethp|p2a: Tropius|101/328|[from] move: Pain Split|[silent]\n|-sethp|p1a: Dusknoir|45/100|[from] move: Pain Split\n|-enditem|p2a: Tropius|Sitrus Berry|[eat]\n|-heal|p2a: Tropius|183/328|[from] item: Sitrus Berry\n|\n|-heal|p1a: Dusknoir|52/100|[from] item: Leftovers\n|-item|p2a: Tropius|Sitrus Berry|[from] ability: Harvest\n|upkeep\n|turn|18\n|inactive|Time left: 300 sec this turn | 300 sec total\n|\n|t:|1783562891\n|move|p2a: Tropius|Dual Wingbeat|p1a: Dusknoir\n|-damage|p1a: Dusknoir|21/100\n|-damage|p1a: Dusknoir|0 fnt\n|faint|p1a: Dusknoir\n|-hitcount|p1: Dusknoir|2\n|\n|upkeep\n|\n|t:|1783562892\n|switch|p1a: Scizor|Scizor, L79, M|100/100\n|turn|19\n|inactive|Time left: 300 sec this turn | 300 sec total\n|\n|t:|1783562893\n|move|p2a: Tropius|Synthesis|p2a: Tropius\n|-heal|p2a: Tropius|328/328\n|move|p1a: Scizor|Knock Off|p2a: Tropius\n|-damage|p2a: Tropius|220/328\n|-enditem|p2a: Tropius|Sitrus Berry|[from] move: Knock Off|[of] p1a: Scizor\n|\n|upkeep\n|turn|20\n|inactive|Time left: 300 sec this turn | 300 sec total\n|\n|t:|1783562894\n|move|p2a: Tropius|Earthquake|p1a: Scizor\n|-damage|p1a: Scizor|42/100\n|move|p1a: Scizor|Knock Off|p2a: Tropius\n|-damage|p2a: Tropius|150/328\n|\n|upkeep\n|turn|21\n|inactive|Time left: 300 sec this turn | 300 sec total\n|\n|t:|1783562895\n|switch|p1a: Electrode|Electrode-Hisui, L87|100/100\n|move|p2a: Tropius|Dual Wingbeat|p1a: Electrode\n|-damage|p1a: Electrode|58/100\n|-damage|p1a: Electrode|16/100\n|-hitcount|p1a: Electrode|2\n|\n|upkeep\n|turn|22\n|inactive|Time left: 300 sec this turn | 300 sec total\n|\n|t:|1783562896\n|move|p2a: Tropius|Earthquake|p1a: Electrode\n|-damage|p1a: Electrode|0 fnt\n|faint|p1a: Electrode\n|\n|upkeep\n|\n|t:|1783562897\n|switch|p1a: Scizor|Scizor, L79, M|42/100\n|turn|23\n|inactive|Time left: 300 sec this turn | 300 sec total\n|\n|t:|1783562898\n|-terastallize|p1a: Scizor|Steel\n|move|p1a: Scizor|Bullet Punch|p2a: Tropius\n|-damage|p2a: Tropius|12/328\n|move|p2a: Tropius|Earthquake|p1a: Scizor\n|-supereffective|p1a: Scizor\n|-damage|p1a: Scizor|0 fnt\n|faint|p1a: Scizor\n|\n|upkeep\n|\n|t:|1783562900\n|switch|p1a: Raichu|Raichu-Alola, L87, F|100/100\n|turn|24\n|inactive|Time left: 300 sec this turn | 300 sec total\n|\n|t:|1783562901\n|move|p2a: Tropius|Earthquake|p1a: Raichu\n|-supereffective|p1a: Raichu\n|-damage|p1a: Raichu|0 fnt\n|faint|p1a: Raichu\n|\n|upkeep\n|\n|t:|1783562902\n|switch|p1a: Zacian|Zacian, L69|35/100\n|turn|25\n|inactive|Time left: 300 sec this turn | 300 sec total\n|\n|t:|1783562903\n|move|p2a: Tropius|Earthquake|p1a: Zacian\n|-damage|p1a: Zacian|0 fnt\n|faint|p1a: Zacian\n|\n|win|p0y1977bb22", "uploadtime": 1783562903, "views": 0, "rating": 0, "private": 0, "password": null, "_winner": "p0y1977bb22", "_our_name": "p0y1977bb22"}