{"id": "battle-gen9randombattle-1239", "formatid": "gen9randombattle", "format": "[Gen 9] Random Battle", "players": ["p0x1239c4f1", "p0y1239421b"], "log": "|init|battle\n|title|p0x1239c4f1 vs. p0y1239421b\n|j|\u2606p0x1239c4f1\n|j|\u2606p0y1239421b\n|t:|1783553482\n|gametype|singles\n|player|p1|p0x1239c4f1|2|\n|player|p2|p0y1239421b|266|\n|gen|9\n|tier|[Gen 9] Random Battle\n|rule|Species Clause: Limit one of each Pok\u00e9mon\n|rule|HP Percentage Mod: HP is shown in percentages\n|rule|Sleep Clause Mod: Limit one foe put to sleep\n|rule|Illusion Level Mod: Illusion disguises the Pok\u00e9mon's true level\n|\n|t:|1783553482\n|teamsize|p1|6\n|teamsize|p2|6\n|start\n|switch|p1a: Flutter Mane|Flutter Mane, L74|203/203\n|switch|p2a: Meloetta|Meloetta, L82|100/100\n|turn|1\n|inactive|Battle timer is ON: inactive players will automatically lose when time's up. (requested by p0x1239c4f1)\n|inactive|p0y1239421b also wants the timer to be on.\n|\n|t:|1783553483\n|move|p1a: Flutter Mane|Moonblast|p2a: Meloetta\n|-damage|p2a: Meloetta|62/100\n|-unboost|p2a: Meloetta|spa|1\n|move|p2a: Meloetta|Psyshock|p1a: Flutter Mane\n|-damage|p1a: Flutter Mane|43/203\n|\n|upkeep\n|turn|2\n|inactive|Time left: 300 sec this turn | 300 sec total\n|\n|t:|1783553485\n|move|p1a: Flutter Mane|Moonblast|p2a: Meloetta\n|-damage|p2a: Meloetta|21/100\n|move|p2a: Meloetta|Psyshock|p1a: Flutter Mane\n|-damage|p1a: Flutter Mane|0 fnt\n|faint|p1a: Flutter Mane\n|-end|p1a: Flutter Mane|Protosynthesis|[silent]\n|\n|upkeep\n|inactive|Time left: 300 sec this turn | 300 sec total | 5 sec grace\n|\n|t:|1783553485\n|switch|p1a: Kyurem|Kyurem-Black, L71|295/295\n|-ability|p1a: Kyurem|Teravolt\n|turn|3\n|inactive|Time left: 300 sec this turn | 300 sec total\n|\n|t:|1783553487\n|switch|p2a: Conkeldurr|Conkeldurr, L80, F|100/100\n|move|p1a: Kyurem|Dragon Dance|p1a: Kyurem\n|-boost|p1a: Kyurem|atk|1\n|-boost|p1a: Kyurem|spe|1\n|\n|-status|p2a: Conkeldurr|brn|[from] item: Flame Orb\n|upkeep\n|turn|4\n|inactive|Time left: 300 sec this turn | 300 sec total\n|\n|t:|1783553488\n|move|p1a: Kyurem|Icicle Spear|p2a: Conkeldurr\n|-crit|p2a: Conkeldurr\n|-damage|p2a: Conkeldurr|76/100 brn\n|-damage|p2a: Conkeldurr|61/100 brn\n|-damage|p2a: Conkeldurr|46/100 brn\n|-damage|p2a: Conkeldurr|29/100 brn\n|-damage|p2a: Conkeldurr|12/100 brn\n|-hitcount|p2a: Conkeldurr|5\n|move|p2a: Conkeldurr|Close Combat|p1a: Kyurem\n|-supereffective|p1a: Kyurem\n|-damage|p1a: Kyurem|0 fnt\n|-unboost|p2a: Conkeldurr|def|1\n|-unboost|p2a: Conkeldurr|spd|1\n|faint|p1a: Kyurem\n|\n|-damage|p2a: Conkeldurr|6/100 brn|[from] brn\n|upkeep\n|inactive|Time left: 300 sec this turn | 300 sec total | 5 sec grace\n|\n|t:|1783553489\n|switch|p1a: Conkeldurr|Conkeldurr, L80, F|299/299\n|turn|5\n|inactive|Time left: 300 sec this turn | 300 sec total\n|\n|t:|1783553490\n|switch|p2a: Qwilfish|Qwilfish-Hisui, L83, M|100/100\n|-ability|p2a: Qwilfish|Intimidate|boost\n|-unboost|p1a: Conkeldurr|atk|1\n|move|p1a: Conkeldurr|Knock Off|p2a: Qwilfish\n|-resisted|p2a: Qwilfish\n|-damage|p2a: Qwilfish|92/100\n|-enditem|p2a: Qwilfish|Eviolite|[from] move: Knock Off|[of] p1a: Conkeldurr\n|\n|-status|p1a: Conkeldurr|brn|[from] item: Flame Orb\n|upkeep\n|turn|6\n|inactive|Time left: 300 sec this turn | 300 sec total\n|\n|t:|1783553492\n|move|p2a: Qwilfish|Gunk Shot|p1a: Conkeldurr\n|-damage|p1a: Conkeldurr|173/299 brn\n|move|p1a: Conkeldurr|Facade|p2a: Qwilfish\n|-damage|p2a: Qwilfish|39/100\n|\n|-damage|p1a: Conkeldurr|155/299 brn|[from] brn\n|upkeep\n|turn|7\n|inactive|Time left: 300 sec this turn | 300 sec total\n|\n|t:|1783553493\n|move|p2a: Qwilfish|Gunk Shot|p1a: Conkeldurr\n|-damage|p1a: Conkeldurr|29/299 brn\n|move|p1a: Conkeldurr|Facade|p2a: Qwilfish\n|-damage|p2a: Qwilfish|0 fnt\n|faint|p2a: Qwilfish\n|\n|-damage|p1a: Conkeldurr|11/299 brn|[from] brn\n|upkeep\n|\n|t:|1783553494\n|switch|p2a: Magearna|Magearna, L77|100/100\n|turn|8\n|inactive|Time left: 300 sec this turn | 300 sec total\n|\n|t:|1783553495\n|switch|p1a: Basculegion|Basculegion, L80, M|323/323\n|move|p2a: Magearna|Shift Gear|p2a: Magearna\n|-boost|p2a: Magearna|spe|2\n|-boost|p2a: Magearna|atk|1\n|\n|upkeep\n|turn|9\n|inactive|Time left: 300 sec this turn | 300 sec total\n|\n|t:|1783553496\n|move|p2a: Magearna|Calm Mind|p2a: Magearna\n|-boost|p2a: Magearna|spa|1\n|-boost|p2a: Magearna|spd|1\n|move|p1a: Basculegion|Wave Crash|p2a: Magearna\n|-damage|p2a: Magearna|36/100\n|-damage|p1a: Basculegion|270/323|[from] Recoil\n|\n|-heal|p2a: Magearna|42/100|[from] item: Leftovers\n|upkeep\n|turn|10\n|inactive|Time left: 300 sec this turn | 300 sec total\n|\n|t:|1783553497\n|move|p2a: Magearna|Fleur Cannon|p1a: Basculegion|[miss]\n|-miss|p2a: Magearna|p1a: Basculegion\n|move|p1a: Basculegion|Wave Crash|p2a: Magearna\n|-damage|p2a: Magearna|0 fnt\n|faint|p2a: Magearna\n|-damage|p1a: Basculegion|235/323|[from] Recoil\n|\n|upkeep\n|\n|t:|1783553498\n|switch|p2a: Plusle|Plusle, L95, M|100/100\n|turn|11\n|inactive|Time left: 300 sec this turn | 300 sec total\n|\n|t:|1783553499\n|move|p2a: Plusle|Thunderbolt|p1a: Basculegion\n|-supereffective|p1a: Basculegion\n|-damage|p1a: Basculegion|9/323\n|-damage|p2a: Plusle|91/100|[from] item: Life Orb\n|move|p1a: Basculegion|Wave Crash|p2a: Plusle\n|-damage|p2a: Plusle|0 fnt\n|faint|p2a: Plusle\n|-damage|p1a: Basculegion|0 fnt|[from] Recoil\n|faint|p1a: Basculegion\n|\n|upkeep\n|inactive|Time left: 300 sec this turn | 300 sec total | 5 sec grace\n|\n|t:|1783553501\n|switch|p2a: Meloetta|Meloetta, L82|21/100\n|switch|p1a: Clawitzer|Clawitzer, L87, F|265/265\n|turn|12\n|inactive|Time left: 300 sec this turn | 300 sec total\n|\n|t:|1783553502\n|-terastallize|p2a: Meloetta|Normal\n|move|p2a: Meloetta|Hyper Voice|p1a: Clawitzer\n|-damage|p1a: Clawitzer|117/265\n|move|p1a: Clawitzer|Aura Sphere|p2a: Meloetta\n|-supereffective|p2a: Meloetta\n|-damage|p2a: Meloetta|0 fnt\n|faint|p2a: Meloetta\n|\n|upkeep\n|\n|t:|1783553503\n|switch|p2a: Urshifu|Urshifu-Rapid-Strike, L75, M|100/100\n|turn|13\n|inactive|Time left: 300 sec this turn | 300 sec total\n|\n|t:|1783553504\n|-terastallize|p1a: Clawitzer|Dragon\n|move|p2a: Urshifu|Close Combat|p1a: Clawitzer\n|-damage|p1a: Clawitzer|0 fnt\n|-unboost|p2a: Urshifu|def|1\n|-unboost|p2a: Urshifu|spd|1\n|faint|p1a: Clawitzer\n|\n|upkeep\n|inactive|Time left: 300 sec this turn | 300 sec total | 5 sec grace\n|\n|t:|1783553505\n|switch|p1a: Uxie|Uxie, L83|260/260\n|turn|14\n|inactive|Time left: 300 sec this turn | 300 sec total\n|\n|t:|1783553506\n|switch|p2a: Conkeldurr|Conkeldurr, L80, F|6/100 brn\n|move|p1a: Uxie|Psychic Noise|p2a: Conkeldurr\n|-supereffective|p2a: Conkeldurr\n|-damage|p2a: Conkeldurr|0 fnt\n|faint|p2a: Conkeldurr\n|\n|upkeep\n|\n|t:|1783553507\n|switch|p2a: Urshifu|Urshifu-Rapid-Strike, L75, M|100/100\n|turn|15\n|inactive|Time left: 300 sec this turn | 300 sec total\n|\n|t:|1783553508\n|move|p1a: Uxie|Psychic Noise|p2a: Urshifu\n|-supereffective|p2a: Urshifu\n|-damage|p2a: Urshifu|30/100\n|-start|p2a: Urshifu|move: Heal Block\n|move|p2a: Urshifu|Close Combat|p1a: Uxie\n|-resisted|p1a: Uxie\n|-damage|p1a: Uxie|188/260\n|-unboost|p2a: Urshifu|def|1\n|-unboost|p2a: Urshifu|spd|1\n|\n|-heal|p1a: Uxie|204/260|[from] item: Leftovers\n|upkeep\n|turn|16\n|inactive|Time left: 300 sec this turn | 300 sec total\n|\n|t:|1783553509\n|move|p1a: Uxie|Psychic Noise|p2a: Urshifu\n|-supereffective|p2a: Urshifu\n|-damage|p2a: Urshifu|0 fnt\n|faint|p2a: Urshifu\n|\n|win|p0x1239c4f1", "uploadtime": 1783553509, "views": 0, "rating": 0, "private": 0, "password": null, "_winner": "p0x1239c4f1", "_our_name": "p0x1239c4f1"}