{"id": "battle-gen9randombattle-1538", "formatid": "gen9randombattle", "format": "[Gen 9] Random Battle", "players": ["p0x1538c642", "p0y153891fd"], "log": "|init|battle\n|title|p0x1538c642 vs. p0y153891fd\n|j|\u2606p0x1538c642\n|j|\u2606p0y153891fd\n|t:|1783557874\n|gametype|singles\n|player|p1|p0x1538c642|170|\n|player|p2|p0y153891fd|102|\n|gen|9\n|tier|[Gen 9] Random Battle\n|rule|Species Clause: Limit one of each Pok\u00e9mon\n|rule|HP Percentage Mod: HP is shown in percentages\n|rule|Sleep Clause Mod: Limit one foe put to sleep\n|rule|Illusion Level Mod: Illusion disguises the Pok\u00e9mon's true level\n|\n|t:|1783557874\n|teamsize|p1|6\n|teamsize|p2|6\n|start\n|switch|p1a: Zapdos|Zapdos, L78|100/100\n|switch|p2a: Annihilape|Annihilape, L76, F|292/292\n|turn|1\n|inactive|Battle timer is ON: inactive players will automatically lose when time's up. (requested by p0y153891fd)\n|inactive|p0x1538c642 also wants the timer to be on.\n|\n|t:|1783557876\n|move|p1a: Zapdos|Hurricane|p2a: Annihilape\n|-supereffective|p2a: Annihilape\n|-crit|p2a: Annihilape\n|-damage|p2a: Annihilape|0 fnt\n|faint|p2a: Annihilape\n|\n|upkeep\n|inactive|Time left: 300 sec this turn | 300 sec total | 65 sec grace\n|\n|t:|1783557877\n|switch|p2a: Beartic|Beartic, L91, M|321/321\n|turn|2\n|inactive|Time left: 300 sec this turn | 300 sec total\n|\n|t:|1783557878\n|move|p1a: Zapdos|Thunderbolt|p2a: Beartic\n|-damage|p2a: Beartic|215/321\n|move|p2a: Beartic|Icicle Crash|p1a: Zapdos\n|-supereffective|p1a: Zapdos\n|-damage|p1a: Zapdos|0 fnt\n|faint|p1a: Zapdos\n|\n|upkeep\n|\n|t:|1783557879\n|switch|p1a: Blastoise|Blastoise, L80, M|100/100\n|turn|3\n|inactive|Time left: 300 sec this turn | 300 sec total\n|\n|t:|1783557880\n|move|p1a: Blastoise|Shell Smash|p1a: Blastoise\n|-unboost|p1a: Blastoise|def|1\n|-unboost|p1a: Blastoise|spd|1\n|-boost|p1a: Blastoise|atk|2\n|-boost|p1a: Blastoise|spa|2\n|-boost|p1a: Blastoise|spe|2\n|-enditem|p1a: Blastoise|White Herb\n|-clearnegativeboost|p1a: Blastoise|[silent]\n|move|p2a: Beartic|Earthquake|p1a: Blastoise\n|-damage|p1a: Blastoise|63/100\n|\n|upkeep\n|turn|4\n|inactive|Time left: 300 sec this turn | 300 sec total\n|\n|t:|1783557881\n|move|p1a: Blastoise|Hydro Pump|p2a: Beartic\n|-damage|p2a: Beartic|14/321\n|move|p2a: Beartic|Close Combat|p1a: Blastoise\n|-damage|p1a: Blastoise|20/100\n|-unboost|p2a: Beartic|def|1\n|-unboost|p2a: Beartic|spd|1\n|\n|upkeep\n|turn|5\n|inactive|Time left: 300 sec this turn | 300 sec total\n|\n|t:|1783557882\n|move|p1a: Blastoise|Tera Blast|p2a: Beartic\n|-damage|p2a: Beartic|0 fnt\n|faint|p2a: Beartic\n|\n|upkeep\n|inactive|Time left: 300 sec this turn | 300 sec total | 5 sec grace\n|\n|t:|1783557883\n|switch|p2a: Houndstone|Houndstone, L86, M|264/264\n|turn|6\n|inactive|Time left: 300 sec this turn | 300 sec total\n|\n|t:|1783557884\n|move|p1a: Blastoise|Hydro Pump|p2a: Houndstone|[miss]\n|-miss|p1a: Blastoise|p2a: Houndstone\n|move|p2a: Houndstone|Body Press|p1a: Blastoise\n|-damage|p1a: Blastoise|0 fnt\n|faint|p1a: Blastoise\n|\n|upkeep\n|\n|t:|1783557885\n|switch|p1a: Mamoswine|Mamoswine, L81, M|100/100\n|turn|7\n|inactive|Time left: 300 sec this turn | 300 sec total\n|\n|t:|1783557886\n|move|p1a: Mamoswine|Earthquake|p2a: Houndstone\n|-damage|p2a: Houndstone|93/264\n|move|p2a: Houndstone|Poltergeist|p1a: Mamoswine\n|-activate|p1a: Mamoswine|move: Poltergeist|Choice Band\n|-damage|p1a: Mamoswine|55/100\n|\n|upkeep\n|turn|8\n|inactive|Time left: 300 sec this turn | 300 sec total\n|\n|t:|1783557887\n|switch|p2a: Toucannon|Toucannon, L88, M|284/284\n|move|p1a: Mamoswine|Earthquake|p2a: Toucannon\n|-immune|p2a: Toucannon\n|\n|upkeep\n|turn|9\n|inactive|Time left: 300 sec this turn | 300 sec total\n|\n|t:|1783557888\n|switch|p1a: Dunsparce|Dunsparce, L86, M|100/100\n|-singleturn|p2a: Toucannon|move: Beak Blast\n|move|p2a: Toucannon|Beak Blast|p1a: Dunsparce\n|-damage|p1a: Dunsparce|69/100\n|\n|upkeep\n|turn|10\n|inactive|Time left: 300 sec this turn | 300 sec total\n|\n|t:|1783557889\n|move|p2a: Toucannon|Boomburst|p1a: Dunsparce\n|-damage|p1a: Dunsparce|32/100\n|move|p1a: Dunsparce|Roost|p1a: Dunsparce\n|-heal|p1a: Dunsparce|82/100\n|-singleturn|p1a: Dunsparce|move: Roost\n|\n|upkeep\n|turn|11\n|inactive|Time left: 300 sec this turn | 300 sec total\n|\n|t:|1783557890\n|move|p2a: Toucannon|Boomburst|p1a: Dunsparce\n|-damage|p1a: Dunsparce|45/100\n|move|p1a: Dunsparce|Coil|p1a: Dunsparce\n|-boost|p1a: Dunsparce|atk|1\n|-boost|p1a: Dunsparce|def|1\n|-boost|p1a: Dunsparce|accuracy|1\n|\n|upkeep\n|turn|12\n|inactive|Time left: 300 sec this turn | 300 sec total\n|\n|t:|1783557891\n|move|p2a: Toucannon|Boomburst|p1a: Dunsparce\n|-damage|p1a: Dunsparce|10/100\n|move|p1a: Dunsparce|Roost|p1a: Dunsparce\n|-heal|p1a: Dunsparce|60/100\n|-singleturn|p1a: Dunsparce|move: Roost\n|\n|upkeep\n|turn|13\n|inactive|Time left: 300 sec this turn | 300 sec total\n|\n|t:|1783557892\n|move|p2a: Toucannon|Boomburst|p1a: Dunsparce\n|-damage|p1a: Dunsparce|24/100\n|move|p1a: Dunsparce|Roost|p1a: Dunsparce\n|-heal|p1a: Dunsparce|74/100\n|-singleturn|p1a: Dunsparce|move: Roost\n|\n|upkeep\n|turn|14\n|inactive|Time left: 300 sec this turn | 300 sec total\n|\n|t:|1783557893\n|move|p2a: Toucannon|Boomburst|p1a: Dunsparce\n|-damage|p1a: Dunsparce|37/100\n|move|p1a: Dunsparce|Body Slam|p2a: Toucannon\n|-damage|p2a: Toucannon|154/284\n|\n|upkeep\n|turn|15\n|inactive|Time left: 300 sec this turn | 300 sec total\n|\n|t:|1783557894\n|move|p2a: Toucannon|Boomburst|p1a: Dunsparce\n|-damage|p1a: Dunsparce|4/100\n|move|p1a: Dunsparce|Roost|p1a: Dunsparce\n|-heal|p1a: Dunsparce|54/100\n|-singleturn|p1a: Dunsparce|move: Roost\n|\n|upkeep\n|turn|16\n|inactive|Time left: 300 sec this turn | 300 sec total\n|\n|t:|1783557895\n|move|p2a: Toucannon|Boomburst|p1a: Dunsparce\n|-damage|p1a: Dunsparce|18/100\n|move|p1a: Dunsparce|Roost|p1a: Dunsparce\n|-heal|p1a: Dunsparce|68/100\n|-singleturn|p1a: Dunsparce|move: Roost\n|\n|upkeep\n|turn|17\n|inactive|Time left: 300 sec this turn | 300 sec total\n|\n|t:|1783557896\n|move|p2a: Toucannon|Boomburst|p1a: Dunsparce\n|-damage|p1a: Dunsparce|33/100\n|move|p1a: Dunsparce|Body Slam|p2a: Toucannon\n|-damage|p2a: Toucannon|36/284\n|\n|upkeep\n|turn|18\n|inactive|Time left: 300 sec this turn | 300 sec total\n|\n|t:|1783557897\n|move|p2a: Toucannon|Boomburst|p1a: Dunsparce\n|-damage|p1a: Dunsparce|0 fnt\n|faint|p1a: Dunsparce\n|\n|upkeep\n|\n|t:|1783557898\n|switch|p1a: Kyurem|Kyurem, L77|100/100\n|-ability|p1a: Kyurem|Pressure\n|turn|19\n|inactive|Time left: 300 sec this turn | 300 sec total\n|\n|t:|1783557899\n|switch|p2a: Regigigas|Regigigas, L84|322/322\n|-start|p2a: Regigigas|ability: Slow Start\n|move|p1a: Kyurem|Ice Beam|p2a: Regigigas\n|-damage|p2a: Regigigas|231/322\n|\n|-heal|p2a: Regigigas|251/322|[from] item: Leftovers\n|upkeep\n|turn|20\n|inactive|Time left: 300 sec this turn | 300 sec total\n|\n|t:|1783557900\n|move|p1a: Kyurem|Outrage|p2a: Regigigas\n|-crit|p2a: Regigigas\n|-damage|p2a: Regigigas|91/322\n|move|p2a: Regigigas|Body Slam|p1a: Kyurem\n|-damage|p1a: Kyurem|77/100\n|-status|p1a: Kyurem|par\n|\n|-heal|p2a: Regigigas|111/322|[from] item: Leftovers\n|upkeep\n|turn|21\n|inactive|Time left: 300 sec this turn | 300 sec total\n|\n|t:|1783557901\n|move|p2a: Regigigas|Protect|p2a: Regigigas\n|-singleturn|p2a: Regigigas|Protect\n|move|p1a: Kyurem|Outrage|p2a: Regigigas|[from] lockedmove\n|-activate|p2a: Regigigas|move: Protect\n|-start|p1a: Kyurem|confusion|[fatigue]\n|\n|-heal|p2a: Regigigas|131/322|[from] item: Leftovers\n|upkeep\n|turn|22\n|inactive|Time left: 300 sec this turn | 300 sec total\n|\n|t:|1783557902\n|switch|p1a: Mamoswine|Mamoswine, L81, M|55/100\n|move|p2a: Regigigas|Body Slam|p1a: Mamoswine\n|-damage|p1a: Mamoswine|28/100\n|\n|-heal|p2a: Regigigas|151/322|[from] item: Leftovers\n|upkeep\n|turn|23\n|inactive|Time left: 300 sec this turn | 300 sec total\n|\n|t:|1783557903\n|move|p2a: Regigigas|Protect|p2a: Regigigas\n|-singleturn|p2a: Regigigas|Protect\n|move|p1a: Mamoswine|Knock Off|p2a: Regigigas\n|-activate|p2a: Regigigas|move: Protect\n|\n|-heal|p2a: Regigigas|171/322|[from] item: Leftovers\n|upkeep\n|turn|24\n|inactive|Time left: 300 sec this turn | 300 sec total\n|\n|t:|1783557904\n|move|p1a: Mamoswine|Knock Off|p2a: Regigigas\n|-damage|p2a: Regigigas|67/322\n|-enditem|p2a: Regigigas|Leftovers|[from] move: Knock Off|[of] p1a: Mamoswine\n|move|p2a: Regigigas|Knock Off|p1a: Mamoswine\n|-damage|p1a: Mamoswine|10/100\n|-enditem|p1a: Mamoswine|Choice Band|[from] move: Knock Off|[of] p2a: Regigigas\n|\n|-end|p2a: Regigigas|Slow Start\n|upkeep\n|turn|25\n|inactive|Time left: 300 sec this turn | 300 sec total\n|\n|t:|1783557905\n|move|p2a: Regigigas|Body Slam|p1a: Mamoswine\n|-damage|p1a: Mamoswine|0 fnt\n|faint|p1a: Mamoswine\n|\n|upkeep\n|\n|t:|1783557906\n|switch|p1a: Lokix|Lokix, L82, M|100/100\n|turn|26\n|inactive|Time left: 300 sec this turn | 300 sec total\n|\n|t:|1783557907\n|move|p2a: Regigigas|Protect|p2a: Regigigas\n|-singleturn|p2a: Regigigas|Protect\n|move|p1a: Lokix|First Impression|p2a: Regigigas\n|-activate|p2a: Regigigas|move: Protect\n|\n|upkeep\n|turn|27\n|inactive|Time left: 300 sec this turn | 300 sec total\n|\n|t:|1783557908\n|move|p2a: Regigigas|Body Slam|p1a: Lokix\n|-damage|p1a: Lokix|39/100\n|move|p1a: Lokix|Leech Life|p2a: Regigigas\n|-damage|p2a: Regigigas|0 fnt\n|-heal|p1a: Lokix|53/100|[from] drain|[of] p2a: Regigigas\n|faint|p2a: Regigigas\n|-end|p2a: Regigigas|Slow Start|[silent]\n|-damage|p1a: Lokix|43/100|[from] item: Life Orb\n|\n|upkeep\n|inactive|Time left: 300 sec this turn | 300 sec total | 5 sec grace\n|\n|t:|1783557909\n|switch|p2a: Houndstone|Houndstone, L86, M|93/264\n|turn|28\n|inactive|Time left: 300 sec this turn | 300 sec total\n|\n|t:|1783557910\n|-terastallize|p2a: Houndstone|Fairy\n|move|p1a: Lokix|Knock Off|p2a: Houndstone\n|-resisted|p2a: Houndstone\n|-damage|p2a: Houndstone|38/264\n|-enditem|p2a: Houndstone|Assault Vest|[from] move: Knock Off|[of] p1a: Lokix\n|-damage|p1a: Lokix|33/100|[from] item: Life Orb\n|move|p2a: Houndstone|Play Rough|p1a: Lokix\n|-supereffective|p1a: Lokix\n|-damage|p1a: Lokix|0 fnt\n|faint|p1a: Lokix\n|\n|upkeep\n|\n|t:|1783557911\n|switch|p1a: Kyurem|Kyurem, L77|77/100 par\n|-ability|p1a: Kyurem|Pressure\n|turn|29\n|inactive|Time left: 300 sec this turn | 300 sec total\n|\n|t:|1783557912\n|move|p2a: Houndstone|Poltergeist|p1a: Kyurem\n|-activate|p1a: Kyurem|move: Poltergeist|Heavy-Duty Boots\n|-damage|p1a: Kyurem|36/100 par\n|move|p1a: Kyurem|Freeze-Dry|p2a: Houndstone\n|-damage|p2a: Houndstone|0 fnt\n|faint|p2a: Houndstone\n|\n|upkeep\n|inactive|Time left: 300 sec this turn | 300 sec total | 5 sec grace\n|\n|t:|1783557913\n|switch|p2a: Cramorant|Cramorant, L86, F|261/261\n|turn|30\n|inactive|Time left: 300 sec this turn | 300 sec total\n|\n|t:|1783557913\n|move|p2a: Cramorant|Brave Bird|p1a: Kyurem\n|-damage|p1a: Kyurem|0 fnt\n|faint|p1a: Kyurem\n|-damage|p2a: Cramorant|224/261|[from] Recoil\n|\n|win|p0y153891fd", "uploadtime": 1783557913, "views": 0, "rating": 0, "private": 0, "password": null, "_winner": "p0y153891fd", "_our_name": "p0y153891fd"}