{"id": "battle-gen9randombattle-839", "formatid": "gen9randombattle", "format": "[Gen 9] Random Battle", "players": ["p0x8395b03", "p0y8399a25"], "log": "|init|battle\n|title|p0x8395b03 vs. p0y8399a25\n|j|\u2606p0x8395b03\n|j|\u2606p0y8399a25\n|t:|1783549624\n|gametype|singles\n|player|p1|p0x8395b03|1|\n|player|p2|p0y8399a25|170|\n|gen|9\n|tier|[Gen 9] Random Battle\n|rule|Species Clause: Limit one of each Pok\u00e9mon\n|rule|HP Percentage Mod: HP is shown in percentages\n|rule|Sleep Clause Mod: Limit one foe put to sleep\n|rule|Illusion Level Mod: Illusion disguises the Pok\u00e9mon's true level\n|\n|t:|1783549624\n|teamsize|p1|6\n|teamsize|p2|6\n|start\n|switch|p1a: Meganium|Meganium, L90, F|290/290\n|switch|p2a: Indeedee|Indeedee, L84, M|100/100\n|-fieldstart|move: Psychic Terrain|[from] ability: Psychic Surge|[of] p2a: Indeedee\n|turn|1\n|inactive|Battle timer is ON: inactive players will automatically lose when time's up. (requested by p0x8395b03)\n|inactive|p0y8399a25 also wants the timer to be on.\n|\n|t:|1783549625\n|move|p2a: Indeedee|Expanding Force|p1a: Meganium\n|-damage|p1a: Meganium|134/290\n|move|p1a: Meganium|Knock Off|p2a: Indeedee\n|-supereffective|p2a: Indeedee\n|-damage|p2a: Indeedee|22/100\n|-enditem|p2a: Indeedee|Choice Scarf|[from] move: Knock Off|[of] p1a: Meganium\n|\n|-heal|p1a: Meganium|152/290|[from] item: Leftovers\n|upkeep\n|turn|2\n|inactive|Time left: 300 sec this turn | 300 sec total\n|\n|t:|1783549626\n|switch|p1a: Cresselia|Cresselia, L80, F|323/323\n|move|p2a: Indeedee|Expanding Force|p1a: Cresselia\n|-resisted|p1a: Cresselia\n|-damage|p1a: Cresselia|249/323\n|\n|-heal|p1a: Cresselia|269/323|[from] item: Leftovers\n|upkeep\n|turn|3\n|inactive|Time left: 300 sec this turn | 300 sec total\n|\n|t:|1783549627\n|move|p2a: Indeedee|Expanding Force|p1a: Cresselia\n|-resisted|p1a: Cresselia\n|-damage|p1a: Cresselia|192/323\n|move|p1a: Cresselia|Calm Mind|p1a: Cresselia\n|-boost|p1a: Cresselia|spa|1\n|-boost|p1a: Cresselia|spd|1\n|\n|-heal|p1a: Cresselia|212/323|[from] item: Leftovers\n|upkeep\n|turn|4\n|inactive|Time left: 300 sec this turn | 300 sec total\n|\n|t:|1783549628\n|move|p2a: Indeedee|Dazzling Gleam|p1a: Cresselia\n|-damage|p1a: Cresselia|177/323\n|move|p1a: Cresselia|Psyshock|p2a: Indeedee\n|-resisted|p2a: Indeedee\n|-damage|p2a: Indeedee|0 fnt\n|faint|p2a: Indeedee\n|\n|-heal|p1a: Cresselia|197/323|[from] item: Leftovers\n|upkeep\n|\n|t:|1783549629\n|switch|p2a: Grafaiai|Grafaiai, L86, M|100/100\n|turn|5\n|inactive|Time left: 300 sec this turn | 300 sec total\n|\n|t:|1783549630\n|move|p2a: Grafaiai|Knock Off|p1a: Cresselia\n|-supereffective|p1a: Cresselia\n|-damage|p1a: Cresselia|71/323\n|-enditem|p1a: Cresselia|Leftovers|[from] move: Knock Off|[of] p2a: Grafaiai\n|move|p1a: Cresselia|Psyshock|p2a: Grafaiai\n|-supereffective|p2a: Grafaiai\n|-damage|p2a: Grafaiai|8/100\n|\n|-fieldend|move: Psychic Terrain\n|upkeep\n|turn|6\n|inactive|Time left: 300 sec this turn | 300 sec total\n|\n|t:|1783549632\n|move|p2a: Grafaiai|Knock Off|p1a: Cresselia\n|-supereffective|p1a: Cresselia\n|-damage|p1a: Cresselia|0 fnt\n|faint|p1a: Cresselia\n|\n|upkeep\n|inactive|Time left: 300 sec this turn | 300 sec total | 5 sec grace\n|\n|t:|1783549633\n|switch|p1a: Wugtrio|Wugtrio, L91, F|212/212\n|turn|7\n|inactive|Time left: 300 sec this turn | 300 sec total\n|\n|t:|1783549634\n|move|p2a: Grafaiai|Parting Shot|p1a: Wugtrio\n|-unboost|p1a: Wugtrio|atk|1\n|-unboost|p1a: Wugtrio|spa|1\n|\n|t:|1783549635\n|switch|p2a: Virizion|Virizion, L82|100/100|[from] Parting Shot\n|move|p1a: Wugtrio|Liquidation|p2a: Virizion\n|-resisted|p2a: Virizion\n|-damage|p2a: Virizion|79/100\n|\n|upkeep\n|turn|8\n|inactive|Time left: 300 sec this turn | 300 sec total\n|\n|t:|1783549636\n|switch|p1a: Toxapex|Toxapex, L82, M|216/216\n|move|p2a: Virizion|Swords Dance|p2a: Virizion\n|-boost|p2a: Virizion|atk|2\n|\n|upkeep\n|turn|9\n|inactive|Time left: 300 sec this turn | 300 sec total\n|\n|t:|1783549637\n|move|p2a: Virizion|Leaf Blade|p1a: Toxapex\n|-damage|p1a: Toxapex|76/216\n|-damage|p2a: Virizion|69/100|[from] item: Life Orb\n|move|p1a: Toxapex|Haze|p1a: Toxapex\n|-clearallboost\n|\n|-heal|p1a: Toxapex|89/216|[from] item: Leftovers\n|upkeep\n|turn|10\n|inactive|Time left: 300 sec this turn | 300 sec total\n|\n|t:|1783549638\n|move|p2a: Virizion|Swords Dance|p2a: Virizion\n|-boost|p2a: Virizion|atk|2\n|move|p1a: Toxapex|Recover|p1a: Toxapex\n|-heal|p1a: Toxapex|197/216\n|\n|-heal|p1a: Toxapex|210/216|[from] item: Leftovers\n|upkeep\n|turn|11\n|inactive|Time left: 300 sec this turn | 300 sec total\n|\n|t:|1783549639\n|move|p2a: Virizion|Leaf Blade|p1a: Toxapex\n|-damage|p1a: Toxapex|54/216\n|-damage|p2a: Virizion|60/100|[from] item: Life Orb\n|move|p1a: Toxapex|Haze|p1a: Toxapex\n|-clearallboost\n|\n|-heal|p1a: Toxapex|67/216|[from] item: Leftovers\n|upkeep\n|turn|12\n|inactive|Time left: 300 sec this turn | 300 sec total\n|\n|t:|1783549640\n|switch|p1a: Iron Hands|Iron Hands, L79|373/373\n|move|p2a: Virizion|Leaf Blade|p1a: Iron Hands\n|-damage|p1a: Iron Hands|276/373\n|-damage|p2a: Virizion|50/100|[from] item: Life Orb\n|\n|upkeep\n|turn|13\n|inactive|Time left: 300 sec this turn | 300 sec total\n|\n|t:|1783549641\n|switch|p2a: Dedenne|Dedenne, L88, M|100/100\n|move|p1a: Iron Hands|Drain Punch|p2a: Dedenne\n|-resisted|p2a: Dedenne\n|-damage|p2a: Dedenne|76/100\n|-heal|p1a: Iron Hands|308/373|[from] drain|[of] p2a: Dedenne\n|\n|upkeep\n|turn|14\n|inactive|Time left: 300 sec this turn | 300 sec total\n|\n|t:|1783549642\n|move|p2a: Dedenne|Dazzling Gleam|p1a: Iron Hands\n|-supereffective|p1a: Iron Hands\n|-damage|p1a: Iron Hands|162/373\n|move|p1a: Iron Hands|Drain Punch|p2a: Dedenne\n|-resisted|p2a: Dedenne\n|-damage|p2a: Dedenne|54/100\n|-heal|p1a: Iron Hands|192/373|[from] drain|[of] p2a: Dedenne\n|\n|upkeep\n|turn|15\n|inactive|Time left: 300 sec this turn | 300 sec total\n|\n|t:|1783549643\n|-end|p1a: Iron Hands|Quark Drive|[silent]\n|switch|p1a: Mudsdale|Mudsdale, L83, F|302/302\n|move|p2a: Dedenne|Dazzling Gleam|p1a: Mudsdale\n|-damage|p1a: Mudsdale|214/302\n|-ability|p1a: Mudsdale|Stamina|boost\n|-boost|p1a: Mudsdale|def|1\n|\n|-heal|p1a: Mudsdale|232/302|[from] item: Leftovers\n|upkeep\n|turn|16\n|inactive|Time left: 300 sec this turn | 300 sec total\n|\n|t:|1783549644\n|move|p2a: Dedenne|Super Fang|p1a: Mudsdale\n|-damage|p1a: Mudsdale|116/302\n|-ability|p1a: Mudsdale|Stamina|boost\n|-boost|p1a: Mudsdale|def|1\n|move|p1a: Mudsdale|Earthquake|p2a: Dedenne\n|-supereffective|p2a: Dedenne\n|-damage|p2a: Dedenne|0 fnt\n|faint|p2a: Dedenne\n|\n|-heal|p1a: Mudsdale|134/302|[from] item: Leftovers\n|upkeep\n|\n|t:|1783549645\n|switch|p2a: Grafaiai|Grafaiai, L86, M|8/100\n|turn|17\n|inactive|Time left: 300 sec this turn | 300 sec total\n|\n|t:|1783549646\n|move|p2a: Grafaiai|Parting Shot|p1a: Mudsdale\n|-unboost|p1a: Mudsdale|atk|1\n|-unboost|p1a: Mudsdale|spa|1\n|\n|t:|1783549647\n|switch|p2a: Articuno|Articuno, L86|100/100|[from] Parting Shot\n|-ability|p2a: Articuno|Pressure\n|move|p1a: Mudsdale|Earthquake|p2a: Articuno\n|-immune|p2a: Articuno\n|\n|-heal|p1a: Mudsdale|152/302|[from] item: Leftovers\n|upkeep\n|turn|18\n|inactive|Time left: 300 sec this turn | 300 sec total\n|\n|t:|1783549648\n|-terastallize|p1a: Mudsdale|Steel\n|move|p2a: Articuno|Freeze-Dry|p1a: Mudsdale\n|-resisted|p1a: Mudsdale\n|-damage|p1a: Mudsdale|115/302\n|-ability|p1a: Mudsdale|Stamina|boost\n|-boost|p1a: Mudsdale|def|1\n|move|p1a: Mudsdale|Heavy Slam|p2a: Articuno\n|-supereffective|p2a: Articuno\n|-damage|p2a: Articuno|37/100\n|\n|-heal|p1a: Mudsdale|133/302|[from] item: Leftovers\n|upkeep\n|turn|19\n|inactive|Time left: 300 sec this turn | 300 sec total\n|\n|t:|1783549649\n|move|p2a: Articuno|Roost|p2a: Articuno\n|-heal|p2a: Articuno|87/100\n|-singleturn|p2a: Articuno|move: Roost\n|move|p1a: Mudsdale|Heavy Slam|p2a: Articuno\n|-supereffective|p2a: Articuno\n|-damage|p2a: Articuno|26/100\n|\n|-heal|p1a: Mudsdale|151/302|[from] item: Leftovers\n|upkeep\n|turn|20\n|inactive|Time left: 300 sec this turn | 300 sec total\n|\n|t:|1783549650\n|move|p2a: Articuno|Roost|p2a: Articuno\n|-heal|p2a: Articuno|76/100\n|-singleturn|p2a: Articuno|move: Roost\n|move|p1a: Mudsdale|Heavy Slam|p2a: Articuno\n|-supereffective|p2a: Articuno\n|-damage|p2a: Articuno|19/100\n|\n|-heal|p1a: Mudsdale|169/302|[from] item: Leftovers\n|upkeep\n|turn|21\n|inactive|Time left: 300 sec this turn | 300 sec total\n|\n|t:|1783549651\n|move|p2a: Articuno|Roost|p2a: Articuno\n|-heal|p2a: Articuno|69/100\n|-singleturn|p2a: Articuno|move: Roost\n|move|p1a: Mudsdale|Heavy Slam|p2a: Articuno\n|-supereffective|p2a: Articuno\n|-damage|p2a: Articuno|6/100\n|\n|-heal|p1a: Mudsdale|187/302|[from] item: Leftovers\n|upkeep\n|turn|22\n|inactive|Time left: 300 sec this turn | 300 sec total\n|\n|t:|1783549652\n|move|p2a: Articuno|Freeze-Dry|p1a: Mudsdale\n|-resisted|p1a: Mudsdale\n|-damage|p1a: Mudsdale|145/302\n|-ability|p1a: Mudsdale|Stamina|boost\n|-boost|p1a: Mudsdale|def|1\n|move|p1a: Mudsdale|Heavy Slam|p2a: Articuno\n|-supereffective|p2a: Articuno\n|-damage|p2a: Articuno|0 fnt\n|faint|p2a: Articuno\n|\n|-heal|p1a: Mudsdale|163/302|[from] item: Leftovers\n|upkeep\n|\n|t:|1783549653\n|switch|p2a: Grafaiai|Grafaiai, L86, M|8/100\n|turn|23\n|inactive|Time left: 300 sec this turn | 300 sec total\n|\n|t:|1783549655\n|move|p2a: Grafaiai|Parting Shot|p1a: Mudsdale\n|-unboost|p1a: Mudsdale|atk|1\n|-unboost|p1a: Mudsdale|spa|1\n|\n|t:|1783549656\n|switch|p2a: Virizion|Virizion, L82|50/100|[from] Parting Shot\n|move|p1a: Mudsdale|Heavy Slam|p2a: Virizion\n|-damage|p2a: Virizion|23/100\n|\n|-heal|p1a: Mudsdale|181/302|[from] item: Leftovers\n|upkeep\n|turn|24\n|inactive|Time left: 300 sec this turn | 300 sec total\n|\n|t:|1783549657\n|move|p2a: Virizion|Swords Dance|p2a: Virizion\n|-boost|p2a: Virizion|atk|2\n|move|p1a: Mudsdale|Heavy Slam|p2a: Virizion\n|-damage|p2a: Virizion|0 fnt\n|faint|p2a: Virizion\n|\n|-heal|p1a: Mudsdale|199/302|[from] item: Leftovers\n|upkeep\n|\n|t:|1783549658\n|switch|p2a: Grafaiai|Grafaiai, L86, M|8/100\n|turn|25\n|inactive|Time left: 300 sec this turn | 300 sec total\n|\n|t:|1783549659\n|move|p2a: Grafaiai|Knock Off|p1a: Mudsdale\n|-damage|p1a: Mudsdale|178/302\n|-ability|p1a: Mudsdale|Stamina|boost\n|-boost|p1a: Mudsdale|def|1\n|-enditem|p1a: Mudsdale|Leftovers|[from] move: Knock Off|[of] p2a: Grafaiai\n|move|p1a: Mudsdale|Heavy Slam|p2a: Grafaiai\n|-damage|p2a: Grafaiai|0 fnt\n|faint|p2a: Grafaiai\n|\n|upkeep\n|\n|t:|1783549660\n|switch|p2a: Illumise|Illumise, L91, F|100/100\n|turn|26\n|inactive|Time left: 300 sec this turn | 300 sec total\n|\n|t:|1783549661\n|switch|p1a: Toxapex|Toxapex, L82, M|139/216\n|move|p2a: Illumise|Thunder Wave|p1a: Toxapex\n|-status|p1a: Toxapex|par\n|\n|-heal|p1a: Toxapex|152/216 par|[from] item: Leftovers\n|upkeep\n|turn|27\n|inactive|Time left: 300 sec this turn | 300 sec total\n|\n|t:|1783549662\n|move|p2a: Illumise|Bug Buzz|p1a: Toxapex\n|-resisted|p1a: Toxapex\n|-damage|p1a: Toxapex|121/216 par\n|move|p1a: Toxapex|Toxic|p2a: Illumise\n|-status|p2a: Illumise|tox\n|\n|-heal|p1a: Toxapex|134/216 par|[from] item: Leftovers\n|-damage|p2a: Illumise|94/100 tox|[from] psn\n|upkeep\n|turn|28\n|inactive|Time left: 300 sec this turn | 300 sec total\n|\n|t:|1783549663\n|switch|p1a: Iron Hands|Iron Hands, L79|192/373\n|move|p2a: Illumise|Bug Buzz|p1a: Iron Hands\n|-resisted|p1a: Iron Hands\n|-damage|p1a: Iron Hands|156/373\n|\n|-damage|p2a: Illumise|82/100 tox|[from] psn\n|upkeep\n|turn|29\n|inactive|Time left: 300 sec this turn | 300 sec total\n|\n|t:|1783549664\n|move|p2a: Illumise|Roost|p2a: Illumise\n|-heal|p2a: Illumise|100/100 tox\n|-singleturn|p2a: Illumise|move: Roost\n|move|p1a: Iron Hands|Wild Charge|p2a: Illumise\n|-damage|p2a: Illumise|56/100 tox\n|-damage|p1a: Iron Hands|126/373|[from] Recoil\n|\n|-damage|p2a: Illumise|38/100 tox|[from] psn\n|upkeep\n|turn|30\n|inactive|Time left: 300 sec this turn | 300 sec total\n|\n|t:|1783549665\n|move|p2a: Illumise|Roost|p2a: Illumise\n|-heal|p2a: Illumise|88/100 tox\n|-singleturn|p2a: Illumise|move: Roost\n|move|p1a: Iron Hands|Wild Charge|p2a: Illumise\n|-damage|p2a: Illumise|45/100 tox\n|-damage|p1a: Iron Hands|97/373|[from] Recoil\n|\n|-damage|p2a: Illumise|21/100 tox|[from] psn\n|upkeep\n|turn|31\n|inactive|Time left: 300 sec this turn | 300 sec total\n|\n|t:|1783549666\n|move|p2a: Illumise|Roost|p2a: Illumise\n|-heal|p2a: Illumise|71/100 tox\n|-singleturn|p2a: Illumise|move: Roost\n|move|p1a: Iron Hands|Wild Charge|p2a: Illumise\n|-damage|p2a: Illumise|28/100 tox\n|-damage|p1a: Iron Hands|68/373|[from] Recoil\n|\n|-damage|p2a: Illumise|0 fnt|[from] psn\n|faint|p2a: Illumise\n|\n|win|p0x8395b03", "uploadtime": 1783549666, "views": 0, "rating": 0, "private": 0, "password": null, "_winner": "p0x8395b03", "_our_name": "p0x8395b03"}