{"id": "battle-gen9randombattle-1212", "formatid": "gen9randombattle", "format": "[Gen 9] Random Battle", "players": ["p0x12128dde", "p0y12122894"], "log": "|init|battle\n|title|p0x12128dde vs. p0y12122894\n|j|\u2606p0x12128dde\n|j|\u2606p0y12122894\n|t:|1783553150\n|gametype|singles\n|player|p1|p0x12128dde|102|\n|player|p2|p0y12122894|1|\n|gen|9\n|tier|[Gen 9] Random Battle\n|rule|Species Clause: Limit one of each Pok\u00e9mon\n|rule|HP Percentage Mod: HP is shown in percentages\n|rule|Sleep Clause Mod: Limit one foe put to sleep\n|rule|Illusion Level Mod: Illusion disguises the Pok\u00e9mon's true level\n|\n|t:|1783553150\n|teamsize|p1|6\n|teamsize|p2|6\n|start\n|switch|p1a: Leafeon|Leafeon, L88, F|100/100\n|switch|p2a: Rhydon|Rhydon, L85, M|317/317\n|turn|1\n|inactive|Battle timer is ON: inactive players will automatically lose when time's up. (requested by p0y12122894)\n|inactive|p0x12128dde also wants the timer to be on.\n|\n|t:|1783553152\n|switch|p2a: Hariyama|Hariyama, L87, F|392/392\n|move|p1a: Leafeon|Leaf Blade|p2a: Hariyama\n|-damage|p2a: Hariyama|254/392\n|\n|-status|p2a: Hariyama|brn|[from] item: Flame Orb\n|upkeep\n|turn|2\n|inactive|Time left: 300 sec this turn | 300 sec total\n|\n|t:|1783553153\n|move|p1a: Leafeon|Swords Dance|p1a: Leafeon\n|-boost|p1a: Leafeon|atk|2\n|move|p2a: Hariyama|Close Combat|p1a: Leafeon\n|-damage|p1a: Leafeon|37/100\n|-unboost|p2a: Hariyama|def|1\n|-unboost|p2a: Hariyama|spd|1\n|\n|-heal|p1a: Leafeon|44/100|[from] item: Leftovers\n|-damage|p2a: Hariyama|230/392 brn|[from] brn\n|upkeep\n|turn|3\n|inactive|Time left: 300 sec this turn | 300 sec total\n|\n|t:|1783553154\n|switch|p2a: Corviknight|Corviknight, L80, F|288/288\n|-ability|p2a: Corviknight|Pressure\n|move|p1a: Leafeon|Leaf Blade|p2a: Corviknight\n|-resisted|p2a: Corviknight\n|-damage|p2a: Corviknight|231/288\n|\n|-heal|p1a: Leafeon|50/100|[from] item: Leftovers\n|-heal|p2a: Corviknight|249/288|[from] item: Leftovers\n|upkeep\n|turn|4\n|inactive|Time left: 300 sec this turn | 300 sec total\n|\n|t:|1783553155\n|move|p1a: Leafeon|Substitute|p1a: Leafeon\n|-start|p1a: Leafeon|Substitute\n|-damage|p1a: Leafeon|25/100\n|move|p2a: Corviknight|Brave Bird|p1a: Leafeon\n|-supereffective|p1a: Leafeon\n|-end|p1a: Leafeon|Substitute\n|-damage|p2a: Corviknight|228/288|[from] Recoil|[of] p1a: Leafeon\n|\n|-heal|p1a: Leafeon|31/100|[from] item: Leftovers\n|-heal|p2a: Corviknight|246/288|[from] item: Leftovers\n|upkeep\n|turn|5\n|inactive|Time left: 300 sec this turn | 300 sec total\n|\n|t:|1783553156\n|move|p1a: Leafeon|Leaf Blade|p2a: Corviknight\n|-resisted|p2a: Corviknight\n|-damage|p2a: Corviknight|198/288\n|move|p2a: Corviknight|Brave Bird|p1a: Leafeon\n|-supereffective|p1a: Leafeon\n|-damage|p1a: Leafeon|0 fnt\n|faint|p1a: Leafeon\n|-damage|p2a: Corviknight|172/288|[from] Recoil\n|\n|-heal|p2a: Corviknight|190/288|[from] item: Leftovers\n|upkeep\n|\n|t:|1783553157\n|switch|p1a: Walking Wake|Walking Wake, L79|100/100\n|turn|6\n|inactive|Time left: 300 sec this turn | 300 sec total\n|\n|t:|1783553158\n|switch|p2a: Grimmsnarl|Grimmsnarl, L83, M|293/293\n|move|p1a: Walking Wake|Flamethrower|p2a: Grimmsnarl\n|-damage|p2a: Grimmsnarl|198/293\n|-damage|p1a: Walking Wake|91/100|[from] item: Life Orb\n|\n|-heal|p2a: Grimmsnarl|216/293|[from] item: Leftovers\n|upkeep\n|turn|7\n|inactive|Time left: 300 sec this turn | 300 sec total\n|\n|t:|1783553159\n|-end|p1a: Walking Wake|Protosynthesis|[silent]\n|switch|p1a: Wigglytuff|Wigglytuff, L96, M|100/100\n|move|p2a: Grimmsnarl|Spirit Break|p1a: Wigglytuff\n|-damage|p1a: Wigglytuff|68/100\n|-unboost|p1a: Wigglytuff|spa|1\n|-ability|p1a: Wigglytuff|Competitive|boost\n|-boost|p1a: Wigglytuff|spa|2\n|\n|-heal|p2a: Grimmsnarl|234/293|[from] item: Leftovers\n|-heal|p1a: Wigglytuff|74/100|[from] item: Leftovers\n|upkeep\n|turn|8\n|inactive|Time left: 300 sec this turn | 300 sec total\n|\n|t:|1783553160\n|switch|p2a: Cryogonal|Cryogonal, L89|287/287\n|move|p1a: Wigglytuff|Dazzling Gleam|p2a: Cryogonal\n|-damage|p2a: Cryogonal|185/287\n|\n|-heal|p1a: Wigglytuff|80/100|[from] item: Leftovers\n|upkeep\n|turn|9\n|inactive|Time left: 300 sec this turn | 300 sec total\n|\n|t:|1783553162\n|move|p2a: Cryogonal|Recover|p2a: Cryogonal\n|-heal|p2a: Cryogonal|287/287\n|move|p1a: Wigglytuff|Fire Blast|p2a: Cryogonal\n|-supereffective|p2a: Cryogonal\n|-damage|p2a: Cryogonal|91/287\n|\n|-heal|p1a: Wigglytuff|86/100|[from] item: Leftovers\n|upkeep\n|turn|10\n|inactive|Time left: 300 sec this turn | 300 sec total\n|\n|t:|1783553163\n|move|p2a: Cryogonal|Recover|p2a: Cryogonal\n|-heal|p2a: Cryogonal|235/287\n|move|p1a: Wigglytuff|Dazzling Gleam|p2a: Cryogonal\n|-damage|p2a: Cryogonal|139/287\n|\n|-heal|p1a: Wigglytuff|92/100|[from] item: Leftovers\n|upkeep\n|turn|11\n|inactive|Time left: 300 sec this turn | 300 sec total\n|\n|t:|1783553164\n|move|p2a: Cryogonal|Recover|p2a: Cryogonal\n|-heal|p2a: Cryogonal|283/287\n|move|p1a: Wigglytuff|Fire Blast|p2a: Cryogonal\n|-supereffective|p2a: Cryogonal\n|-damage|p2a: Cryogonal|113/287\n|\n|-heal|p1a: Wigglytuff|99/100|[from] item: Leftovers\n|upkeep\n|turn|12\n|inactive|Time left: 300 sec this turn | 300 sec total\n|\n|t:|1783553165\n|move|p2a: Cryogonal|Recover|p2a: Cryogonal\n|-heal|p2a: Cryogonal|257/287\n|move|p1a: Wigglytuff|Fire Blast|p2a: Cryogonal\n|-supereffective|p2a: Cryogonal\n|-damage|p2a: Cryogonal|75/287\n|\n|-heal|p1a: Wigglytuff|100/100|[from] item: Leftovers\n|upkeep\n|turn|13\n|inactive|Time left: 300 sec this turn | 300 sec total\n|\n|t:|1783553166\n|move|p2a: Cryogonal|Recover|p2a: Cryogonal\n|-heal|p2a: Cryogonal|219/287\n|move|p1a: Wigglytuff|Fire Blast|p2a: Cryogonal\n|-supereffective|p2a: Cryogonal\n|-damage|p2a: Cryogonal|37/287\n|\n|upkeep\n|turn|14\n|inactive|Time left: 300 sec this turn | 300 sec total\n|\n|t:|1783553167\n|move|p2a: Cryogonal|Recover|p2a: Cryogonal\n|-heal|p2a: Cryogonal|181/287\n|move|p1a: Wigglytuff|Fire Blast|p2a: Cryogonal\n|-supereffective|p2a: Cryogonal\n|-damage|p2a: Cryogonal|11/287\n|\n|upkeep\n|turn|15\n|inactive|Time left: 300 sec this turn | 300 sec total\n|\n|t:|1783553168\n|move|p2a: Cryogonal|Freeze-Dry|p1a: Wigglytuff\n|-damage|p1a: Wigglytuff|75/100\n|move|p1a: Wigglytuff|Fire Blast|p2a: Cryogonal\n|-supereffective|p2a: Cryogonal\n|-damage|p2a: Cryogonal|0 fnt\n|faint|p2a: Cryogonal\n|\n|-heal|p1a: Wigglytuff|82/100|[from] item: Leftovers\n|upkeep\n|inactive|Time left: 300 sec this turn | 300 sec total | 5 sec grace\n|\n|t:|1783553169\n|switch|p2a: Rhydon|Rhydon, L85, M|317/317\n|turn|16\n|inactive|Time left: 300 sec this turn | 300 sec total\n|\n|t:|1783553170\n|move|p1a: Wigglytuff|Dazzling Gleam|p2a: Rhydon\n|-damage|p2a: Rhydon|167/317\n|move|p2a: Rhydon|Earthquake|p1a: Wigglytuff\n|-damage|p1a: Wigglytuff|38/100\n|\n|-heal|p1a: Wigglytuff|44/100|[from] item: Leftovers\n|upkeep\n|turn|17\n|inactive|Time left: 300 sec this turn | 300 sec total\n|\n|t:|1783553171\n|move|p1a: Wigglytuff|Dazzling Gleam|p2a: Rhydon\n|-damage|p2a: Rhydon|7/317\n|move|p2a: Rhydon|Earthquake|p1a: Wigglytuff\n|-damage|p1a: Wigglytuff|0 fnt\n|faint|p1a: Wigglytuff\n|\n|upkeep\n|\n|t:|1783553172\n|switch|p1a: Mienshao|Mienshao, L83, F|100/100\n|turn|18\n|inactive|Time left: 300 sec this turn | 300 sec total\n|\n|t:|1783553173\n|move|p1a: Mienshao|Knock Off|p2a: Rhydon\n|-damage|p2a: Rhydon|0 fnt\n|-enditem|p2a: Rhydon|Eviolite|[from] move: Knock Off|[of] p1a: Mienshao\n|faint|p2a: Rhydon\n|-damage|p1a: Mienshao|91/100|[from] item: Life Orb\n|\n|upkeep\n|inactive|Time left: 300 sec this turn | 300 sec total | 5 sec grace\n|\n|t:|1783553174\n|switch|p2a: Corviknight|Corviknight, L80, F|190/288\n|-ability|p2a: Corviknight|Pressure\n|turn|19\n|inactive|Time left: 300 sec this turn | 300 sec total\n|\n|t:|1783553175\n|move|p1a: Mienshao|Close Combat|p2a: Corviknight\n|-damage|p2a: Corviknight|21/288\n|-unboost|p1a: Mienshao|def|1\n|-unboost|p1a: Mienshao|spd|1\n|-damage|p1a: Mienshao|81/100|[from] item: Life Orb\n|move|p2a: Corviknight|Brave Bird|p1a: Mienshao\n|-supereffective|p1a: Mienshao\n|-damage|p1a: Mienshao|0 fnt\n|faint|p1a: Mienshao\n|-damage|p2a: Corviknight|0 fnt|[from] Recoil\n|faint|p2a: Corviknight\n|\n|upkeep\n|inactive|Time left: 300 sec this turn | 300 sec total | 5 sec grace\n|\n|t:|1783553176\n|switch|p1a: Ampharos|Ampharos, L88, M|100/100\n|switch|p2a: Bellossom|Bellossom, L84, M|263/263\n|turn|20\n|inactive|Time left: 300 sec this turn | 300 sec total\n|\n|t:|1783553177\n|move|p2a: Bellossom|Quiver Dance|p2a: Bellossom\n|-boost|p2a: Bellossom|spa|1\n|-boost|p2a: Bellossom|spd|1\n|-boost|p2a: Bellossom|spe|1\n|move|p1a: Ampharos|Dragon Tail|p2a: Bellossom\n|-damage|p2a: Bellossom|225/263\n|drag|p2a: Grimmsnarl|Grimmsnarl, L83, M|234/293\n|\n|-heal|p2a: Grimmsnarl|252/293|[from] item: Leftovers\n|upkeep\n|turn|21\n|inactive|Time left: 300 sec this turn | 300 sec total\n|\n|t:|1783553178\n|move|p2a: Grimmsnarl|Parting Shot|p1a: Ampharos\n|-unboost|p1a: Ampharos|atk|1\n|-unboost|p1a: Ampharos|spa|1\n|inactive|Time left: 300 sec this turn | 300 sec total | 5 sec grace\n|\n|t:|1783553179\n|switch|p2a: Bellossom|Bellossom, L84, M|225/263|[from] Parting Shot\n|move|p1a: Ampharos|Discharge|p2a: Bellossom\n|-resisted|p2a: Bellossom\n|-damage|p2a: Bellossom|191/263\n|\n|-heal|p2a: Bellossom|207/263|[from] item: Leftovers\n|upkeep\n|turn|22\n|inactive|Time left: 300 sec this turn | 300 sec total\n|\n|t:|1783553180\n|move|p2a: Bellossom|Quiver Dance|p2a: Bellossom\n|-boost|p2a: Bellossom|spa|1\n|-boost|p2a: Bellossom|spd|1\n|-boost|p2a: Bellossom|spe|1\n|move|p1a: Ampharos|Dragon Tail|p2a: Bellossom\n|-damage|p2a: Bellossom|181/263\n|drag|p2a: Hariyama|Hariyama, L87, F|230/392 brn\n|\n|-damage|p2a: Hariyama|206/392 brn|[from] brn\n|upkeep\n|turn|23\n|inactive|Time left: 300 sec this turn | 300 sec total\n|\n|t:|1783553182\n|move|p1a: Ampharos|Volt Switch|p2a: Hariyama\n|-damage|p2a: Hariyama|131/392 brn\n|\n|t:|1783553183\n|switch|p1a: Walking Wake|Walking Wake, L79|91/100|[from] Volt Switch\n|move|p2a: Hariyama|Close Combat|p1a: Walking Wake\n|-damage|p1a: Walking Wake|7/100\n|-unboost|p2a: Hariyama|def|1\n|-unboost|p2a: Hariyama|spd|1\n|\n|-damage|p2a: Hariyama|107/392 brn|[from] brn\n|upkeep\n|turn|24\n|inactive|Time left: 300 sec this turn | 300 sec total\n|\n|t:|1783553184\n|switch|p2a: Grimmsnarl|Grimmsnarl, L83, M|252/293\n|move|p1a: Walking Wake|Flamethrower|p2a: Grimmsnarl\n|-damage|p2a: Grimmsnarl|155/293\n|-damage|p1a: Walking Wake|0 fnt|[from] item: Life Orb\n|faint|p1a: Walking Wake\n|-end|p1a: Walking Wake|Protosynthesis|[silent]\n|\n|-heal|p2a: Grimmsnarl|173/293|[from] item: Leftovers\n|upkeep\n|\n|t:|1783553185\n|switch|p1a: Ampharos|Ampharos, L88, M|100/100\n|turn|25\n|inactive|Time left: 300 sec this turn | 300 sec total\n|\n|t:|1783553186\n|move|p2a: Grimmsnarl|Parting Shot|p1a: Ampharos\n|-unboost|p1a: Ampharos|atk|1\n|-unboost|p1a: Ampharos|spa|1\n|inactive|Time left: 300 sec this turn | 300 sec total | 5 sec grace\n|\n|t:|1783553187\n|switch|p2a: Bellossom|Bellossom, L84, M|181/263|[from] Parting Shot\n|move|p1a: Ampharos|Volt Switch|p2a: Bellossom\n|-resisted|p2a: Bellossom\n|-damage|p2a: Bellossom|154/263\n|\n|t:|1783553187\n|switch|p1a: Toedscruel|Toedscruel, L87, M|100/100|[from] Volt Switch\n|\n|-heal|p2a: Bellossom|170/263|[from] item: Leftovers\n|upkeep\n|turn|26\n|inactive|Time left: 300 sec this turn | 300 sec total\n|\n|t:|1783553188\n|move|p1a: Toedscruel|Rapid Spin|p2a: Bellossom\n|-damage|p2a: Bellossom|141/263\n|-boost|p1a: Toedscruel|spe|1\n|move|p2a: Bellossom|Quiver Dance|p2a: Bellossom\n|-boost|p2a: Bellossom|spa|1\n|-boost|p2a: Bellossom|spd|1\n|-boost|p2a: Bellossom|spe|1\n|\n|-heal|p2a: Bellossom|157/263|[from] item: Leftovers\n|upkeep\n|turn|27\n|inactive|Time left: 300 sec this turn | 300 sec total\n|\n|t:|1783553189\n|switch|p1a: Ampharos|Ampharos, L88, M|100/100\n|move|p2a: Bellossom|Strength Sap|p1a: Ampharos\n|-unboost|p1a: Ampharos|atk|1\n|-heal|p2a: Bellossom|263/263\n|\n|upkeep\n|turn|28\n|inactive|Time left: 300 sec this turn | 300 sec total\n|\n|t:|1783553190\n|move|p2a: Bellossom|Strength Sap|p1a: Ampharos\n|-unboost|p1a: Ampharos|atk|1\n|move|p1a: Ampharos|Dragon Tail|p2a: Bellossom\n|-crit|p2a: Bellossom\n|-damage|p2a: Bellossom|212/263\n|drag|p2a: Hariyama|Hariyama, L87, F|107/392 brn\n|\n|-damage|p2a: Hariyama|83/392 brn|[from] brn\n|upkeep\n|turn|29\n|inactive|Time left: 300 sec this turn | 300 sec total\n|\n|t:|1783553191\n|switch|p2a: Bellossom|Bellossom, L84, M|212/263\n|move|p1a: Ampharos|Volt Switch|p2a: Bellossom\n|-resisted|p2a: Bellossom\n|-damage|p2a: Bellossom|170/263\n|\n|t:|1783553192\n|switch|p1a: Toedscruel|Toedscruel, L87, M|100/100|[from] Volt Switch\n|\n|-heal|p2a: Bellossom|186/263|[from] item: Leftovers\n|upkeep\n|turn|30\n|inactive|Time left: 300 sec this turn | 300 sec total\n|\n|t:|1783553193\n|switch|p1a: Ampharos|Ampharos, L88, M|100/100\n|move|p2a: Bellossom|Quiver Dance|p2a: Bellossom\n|-boost|p2a: Bellossom|spa|1\n|-boost|p2a: Bellossom|spd|1\n|-boost|p2a: Bellossom|spe|1\n|\n|-heal|p2a: Bellossom|202/263|[from] item: Leftovers\n|upkeep\n|turn|31\n|inactive|Time left: 300 sec this turn | 300 sec total\n|\n|t:|1783553195\n|move|p2a: Bellossom|Strength Sap|p1a: Ampharos\n|-unboost|p1a: Ampharos|atk|1\n|-heal|p2a: Bellossom|263/263\n|move|p1a: Ampharos|Dragon Tail|p2a: Bellossom\n|-damage|p2a: Bellossom|237/263\n|drag|p2a: Grimmsnarl|Grimmsnarl, L83, M|173/293\n|\n|-heal|p2a: Grimmsnarl|191/293|[from] item: Leftovers\n|upkeep\n|turn|32\n|inactive|Time left: 300 sec this turn | 300 sec total\n|\n|t:|1783553196\n|move|p2a: Grimmsnarl|Parting Shot|p1a: Ampharos\n|-unboost|p1a: Ampharos|atk|1\n|-unboost|p1a: Ampharos|spa|1\n|inactive|Time left: 300 sec this turn | 300 sec total | 5 sec grace\n|\n|t:|1783553197\n|switch|p2a: Bellossom|Bellossom, L84, M|237/263|[from] Parting Shot\n|move|p1a: Ampharos|Volt Switch|p2a: Bellossom\n|-resisted|p2a: Bellossom\n|-damage|p2a: Bellossom|206/263\n|\n|t:|1783553198\n|switch|p1a: Toedscruel|Toedscruel, L87, M|100/100|[from] Volt Switch\n|\n|-heal|p2a: Bellossom|222/263|[from] item: Leftovers\n|upkeep\n|turn|33\n|inactive|Time left: 300 sec this turn | 300 sec total\n|\n|t:|1783553199\n|switch|p1a: Ampharos|Ampharos, L88, M|100/100\n|move|p2a: Bellossom|Quiver Dance|p2a: Bellossom\n|-boost|p2a: Bellossom|spa|1\n|-boost|p2a: Bellossom|spd|1\n|-boost|p2a: Bellossom|spe|1\n|\n|-heal|p2a: Bellossom|238/263|[from] item: Leftovers\n|upkeep\n|turn|34\n|inactive|Time left: 300 sec this turn | 300 sec total\n|\n|t:|1783553200\n|move|p2a: Bellossom|Strength Sap|p1a: Ampharos\n|-unboost|p1a: Ampharos|atk|1\n|-heal|p2a: Bellossom|263/263\n|move|p1a: Ampharos|Dragon Tail|p2a: Bellossom\n|-damage|p2a: Bellossom|239/263\n|drag|p2a: Hariyama|Hariyama, L87, F|83/392 brn\n|\n|-damage|p2a: Hariyama|59/392 brn|[from] brn\n|upkeep\n|turn|35\n|inactive|Time left: 300 sec this turn | 300 sec total\n|\n|t:|1783553201\n|switch|p2a: Bellossom|Bellossom, L84, M|239/263\n|move|p1a: Ampharos|Volt Switch|p2a: Bellossom\n|-resisted|p2a: Bellossom\n|-damage|p2a: Bellossom|200/263\n|\n|t:|1783553201\n|switch|p1a: Toedscruel|Toedscruel, L87, M|100/100|[from] Volt Switch\n|\n|-heal|p2a: Bellossom|216/263|[from] item: Leftovers\n|upkeep\n|turn|36\n|inactive|Time left: 300 sec this turn | 300 sec total\n|\n|t:|1783553202\n|move|p1a: Toedscruel|Knock Off|p2a: Bellossom\n|-damage|p2a: Bellossom|162/263\n|-enditem|p2a: Bellossom|Leftovers|[from] move: Knock Off|[of] p1a: Toedscruel\n|move|p2a: Bellossom|Quiver Dance|p2a: Bellossom\n|-boost|p2a: Bellossom|spa|1\n|-boost|p2a: Bellossom|spd|1\n|-boost|p2a: Bellossom|spe|1\n|\n|upkeep\n|turn|37\n|inactive|Time left: 300 sec this turn | 300 sec total\n|\n|t:|1783553203\n|switch|p1a: Ampharos|Ampharos, L88, M|100/100\n|move|p2a: Bellossom|Strength Sap|p1a: Ampharos\n|-unboost|p1a: Ampharos|atk|1\n|-heal|p2a: Bellossom|263/263\n|\n|upkeep\n|turn|38\n|inactive|Time left: 300 sec this turn | 300 sec total\n|\n|t:|1783553205\n|move|p2a: Bellossom|Tera Blast|p1a: Ampharos\n|-damage|p1a: Ampharos|85/100\n|move|p1a: Ampharos|Dragon Tail|p2a: Bellossom\n|-damage|p2a: Bellossom|238/263\n|drag|p2a: Grimmsnarl|Grimmsnarl, L83, M|191/293\n|\n|-heal|p2a: Grimmsnarl|209/293|[from] item: Leftovers\n|upkeep\n|turn|39\n|inactive|Time left: 300 sec this turn | 300 sec total\n|\n|t:|1783553206\n|move|p2a: Grimmsnarl|Parting Shot|p1a: Ampharos\n|-unboost|p1a: Ampharos|atk|1\n|-unboost|p1a: Ampharos|spa|1\n|inactive|Time left: 300 sec this turn | 300 sec total | 5 sec grace\n|\n|t:|1783553207\n|switch|p2a: Bellossom|Bellossom, L84, M|238/263|[from] Parting Shot\n|move|p1a: Ampharos|Volt Switch|p2a: Bellossom\n|-resisted|p2a: Bellossom\n|-damage|p2a: Bellossom|209/263\n|\n|t:|1783553208\n|switch|p1a: Toedscruel|Toedscruel, L87, M|100/100|[from] Volt Switch\n|\n|upkeep\n|turn|40\n|inactive|Time left: 300 sec this turn | 300 sec total\n|\n|t:|1783553209\n|switch|p1a: Ampharos|Ampharos, L88, M|85/100\n|move|p2a: Bellossom|Quiver Dance|p2a: Bellossom\n|-boost|p2a: Bellossom|spa|1\n|-boost|p2a: Bellossom|spd|1\n|-boost|p2a: Bellossom|spe|1\n|\n|upkeep\n|turn|41\n|inactive|Time left: 300 sec this turn | 300 sec total\n|\n|t:|1783553210\n|move|p2a: Bellossom|Strength Sap|p1a: Ampharos\n|-unboost|p1a: Ampharos|atk|1\n|-heal|p2a: Bellossom|263/263\n|move|p1a: Ampharos|Dragon Tail|p2a: Bellossom\n|-damage|p2a: Bellossom|237/263\n|drag|p2a: Grimmsnarl|Grimmsnarl, L83, M|209/293\n|\n|-heal|p2a: Grimmsnarl|227/293|[from] item: Leftovers\n|upkeep\n|turn|42\n|inactive|Time left: 300 sec this turn | 300 sec total\n|\n|t:|1783553211\n|move|p2a: Grimmsnarl|Parting Shot|p1a: Ampharos\n|-unboost|p1a: Ampharos|atk|1\n|-unboost|p1a: Ampharos|spa|1\n|inactive|Time left: 300 sec this turn | 300 sec total | 5 sec grace\n|\n|t:|1783553212\n|switch|p2a: Bellossom|Bellossom, L84, M|237/263|[from] Parting Shot\n|move|p1a: Ampharos|Volt Switch|p2a: Bellossom\n|-resisted|p2a: Bellossom\n|-damage|p2a: Bellossom|208/263\n|\n|t:|1783553213\n|switch|p1a: Toedscruel|Toedscruel, L87, M|100/100|[from] Volt Switch\n|\n|upkeep\n|turn|43\n|inactive|Time left: 300 sec this turn | 300 sec total\n|\n|t:|1783553214\n|switch|p1a: Ampharos|Ampharos, L88, M|85/100\n|move|p2a: Bellossom|Quiver Dance|p2a: Bellossom\n|-boost|p2a: Bellossom|spa|1\n|-boost|p2a: Bellossom|spd|1\n|-boost|p2a: Bellossom|spe|1\n|\n|upkeep\n|turn|44\n|inactive|Time left: 300 sec this turn | 300 sec total\n|\n|t:|1783553215\n|move|p2a: Bellossom|Strength Sap|p1a: Ampharos\n|-unboost|p1a: Ampharos|atk|1\n|-heal|p2a: Bellossom|263/263\n|move|p1a: Ampharos|Dragon Tail|p2a: Bellossom|[miss]\n|-miss|p1a: Ampharos|p2a: Bellossom\n|\n|upkeep\n|turn|45\n|inactive|Time left: 300 sec this turn | 300 sec total\n|\n|t:|1783553216\n|move|p2a: Bellossom|Strength Sap|p1a: Ampharos\n|-unboost|p1a: Ampharos|atk|1\n|move|p1a: Ampharos|Dragon Tail|p2a: Bellossom\n|-damage|p2a: Bellossom|242/263\n|drag|p2a: Grimmsnarl|Grimmsnarl, L83, M|227/293\n|\n|-heal|p2a: Grimmsnarl|245/293|[from] item: Leftovers\n|upkeep\n|turn|46\n|inactive|Time left: 300 sec this turn | 300 sec total\n|\n|t:|1783553217\n|move|p1a: Ampharos|Volt Switch|p2a: Grimmsnarl\n|-damage|p2a: Grimmsnarl|145/293\n|\n|t:|1783553218\n|switch|p1a: Toedscruel|Toedscruel, L87, M|100/100|[from] Volt Switch\n|move|p2a: Grimmsnarl|Spirit Break|p1a: Toedscruel\n|-damage|p1a: Toedscruel|60/100\n|-unboost|p1a: Toedscruel|spa|1\n|\n|-heal|p2a: Grimmsnarl|163/293|[from] item: Leftovers\n|upkeep\n|turn|47\n|inactive|Time left: 300 sec this turn | 300 sec total\n|\n|t:|1783553219\n|switch|p1a: Ampharos|Ampharos, L88, M|85/100\n|move|p2a: Grimmsnarl|Spirit Break|p1a: Ampharos\n|-damage|p1a: Ampharos|54/100\n|-unboost|p1a: Ampharos|spa|1\n|\n|-heal|p2a: Grimmsnarl|181/293|[from] item: Leftovers\n|upkeep\n|turn|48\n|inactive|Time left: 300 sec this turn | 300 sec total\n|\n|t:|1783553221\n|move|p2a: Grimmsnarl|Spirit Break|p1a: Ampharos\n|-damage|p1a: Ampharos|21/100\n|-unboost|p1a: Ampharos|spa|1\n|-status|p2a: Grimmsnarl|par|[from] ability: Static|[of] p1a: Ampharos\n|move|p1a: Ampharos|Volt Switch|p2a: Grimmsnarl\n|-damage|p2a: Grimmsnarl|126/293 par\n|\n|t:|1783553222\n|switch|p1a: Toedscruel|Toedscruel, L87, M|60/100|[from] Volt Switch\n|\n|-heal|p2a: Grimmsnarl|144/293 par|[from] item: Leftovers\n|upkeep\n|turn|49\n|inactive|Time left: 300 sec this turn | 300 sec total\n|\n|t:|1783553223\n|move|p1a: Toedscruel|Earth Power|p2a: Grimmsnarl\n|-damage|p2a: Grimmsnarl|44/293 par\n|move|p2a: Grimmsnarl|Spirit Break|p1a: Toedscruel\n|-damage|p1a: Toedscruel|21/100\n|-unboost|p1a: Toedscruel|spa|1\n|\n|-heal|p2a: Grimmsnarl|62/293 par|[from] item: Leftovers\n|upkeep\n|turn|50\n|inactive|Time left: 300 sec this turn | 300 sec total\n|\n|t:|1783553224\n|switch|p1a: Ampharos|Ampharos, L88, M|21/100\n|move|p2a: Grimmsnarl|Spirit Break|p1a: Ampharos\n|-damage|p1a: Ampharos|0 fnt\n|faint|p1a: Ampharos\n|\n|-heal|p2a: Grimmsnarl|80/293 par|[from] item: Leftovers\n|upkeep\n|\n|t:|1783553225\n|switch|p1a: Toedscruel|Toedscruel, L87, M|21/100\n|turn|51\n|inactive|Time left: 300 sec this turn | 300 sec total\n|\n|t:|1783553226\n|-terastallize|p1a: Toedscruel|Water\n|-terastallize|p2a: Grimmsnarl|Steel\n|move|p2a: Grimmsnarl|Sucker Punch|p1a: Toedscruel\n|-damage|p1a: Toedscruel|0 fnt\n|faint|p1a: Toedscruel\n|\n|win|p0y12122894", "uploadtime": 1783553226, "views": 0, "rating": 0, "private": 0, "password": null, "_winner": "p0y12122894", "_our_name": "p0y12122894"}