{"id": "battle-gen9randombattle-969", "formatid": "gen9randombattle", "format": "[Gen 9] Random Battle", "players": ["p0x9695716", "p0y969c626"], "log": "|init|battle\n|title|p0x9695716 vs. p0y969c626\n|j|\u2606p0x9695716\n|j|\u2606p0y969c626\n|t:|1783550366\n|gametype|singles\n|player|p1|p0x9695716|169|\n|player|p2|p0y969c626|265|\n|gen|9\n|tier|[Gen 9] Random Battle\n|rule|Species Clause: Limit one of each Pok\u00e9mon\n|rule|HP Percentage Mod: HP is shown in percentages\n|rule|Sleep Clause Mod: Limit one foe put to sleep\n|rule|Illusion Level Mod: Illusion disguises the Pok\u00e9mon's true level\n|\n|t:|1783550367\n|teamsize|p1|6\n|teamsize|p2|6\n|start\n|switch|p1a: Grumpig|Grumpig, L92, M|100/100\n|switch|p2a: Palafin|Palafin, L77, M|281/281\n|turn|1\n|inactive|Battle timer is ON: inactive players will automatically lose when time's up. (requested by p0x9695716)\n|inactive|Time left: 300 sec this turn | 300 sec total | 60 sec grace\n|\n|t:|1783550368\n|detailschange|p2a: Palafin|Palafin-Hero, L77, M\n|switch|p2a: Hoopa|Hoopa, L85|275/275\n|move|p1a: Grumpig|Earth Power|p2a: Hoopa\n|-damage|p2a: Hoopa|226/275\n|\n|upkeep\n|turn|2\n|inactive|Time left: 300 sec this turn | 300 sec total\n|inactive|p0y969c626 also wants the timer to be on.\n|\n|t:|1783550370\n|switch|p1a: Tsareena|Tsareena, L87, F|100/100\n|move|p2a: Hoopa|Shadow Ball|p1a: Tsareena\n|-damage|p1a: Tsareena|59/100\n|\n|upkeep\n|turn|3\n|inactive|Time left: 300 sec this turn | 300 sec total\n|\n|t:|1783550371\n|move|p2a: Hoopa|Shadow Ball|p1a: Tsareena\n|-crit|p1a: Tsareena\n|-damage|p1a: Tsareena|0 fnt\n|faint|p1a: Tsareena\n|\n|upkeep\n|\n|t:|1783550372\n|switch|p1a: Drednaw|Drednaw, L81, F|100/100\n|turn|4\n|inactive|Time left: 300 sec this turn | 300 sec total\n|\n|t:|1783550374\n|switch|p2a: Palafin|Palafin-Hero, L77, M|281/281\n|-activate|p2a: Palafin|ability: Zero to Hero\n|move|p1a: Drednaw|Shell Smash|p1a: Drednaw\n|-unboost|p1a: Drednaw|def|1\n|-unboost|p1a: Drednaw|spd|1\n|-boost|p1a: Drednaw|atk|2\n|-boost|p1a: Drednaw|spa|2\n|-boost|p1a: Drednaw|spe|2\n|-enditem|p1a: Drednaw|White Herb\n|-clearnegativeboost|p1a: Drednaw|[silent]\n|\n|upkeep\n|turn|5\n|inactive|Time left: 300 sec this turn | 300 sec total\n|\n|t:|1783550375\n|-terastallize|p2a: Palafin|Fighting\n|move|p1a: Drednaw|Stone Edge|p2a: Palafin\n|-resisted|p2a: Palafin\n|-damage|p2a: Palafin|161/281\n|move|p2a: Palafin|Close Combat|p1a: Drednaw\n|-supereffective|p1a: Drednaw\n|-damage|p1a: Drednaw|0 fnt\n|-unboost|p2a: Palafin|def|1\n|-unboost|p2a: Palafin|spd|1\n|faint|p1a: Drednaw\n|\n|upkeep\n|\n|t:|1783550376\n|switch|p1a: Sinistcha|Sinistcha-Masterpiece, L83|100/100\n|turn|6\n|inactive|Time left: 300 sec this turn | 300 sec total\n|\n|t:|1783550377\n|switch|p2a: Tornadus|Tornadus, L82, M|264/264\n|move|p1a: Sinistcha|Calm Mind|p1a: Sinistcha\n|-boost|p1a: Sinistcha|spa|1\n|-boost|p1a: Sinistcha|spd|1\n|\n|upkeep\n|turn|7\n|inactive|Time left: 300 sec this turn | 300 sec total\n|\n|t:|1783550378\n|move|p2a: Tornadus|Nasty Plot|p2a: Tornadus\n|-boost|p2a: Tornadus|spa|2\n|move|p1a: Sinistcha|Shadow Ball|p2a: Tornadus\n|-damage|p2a: Tornadus|101/264\n|\n|upkeep\n|turn|8\n|inactive|Time left: 300 sec this turn | 300 sec total\n|\n|t:|1783550379\n|-terastallize|p1a: Sinistcha|Steel\n|move|p2a: Tornadus|Bleakwind Storm|p1a: Sinistcha|[miss]\n|-miss|p2a: Tornadus|p1a: Sinistcha\n|move|p1a: Sinistcha|Shadow Ball|p2a: Tornadus\n|-damage|p2a: Tornadus|0 fnt\n|faint|p2a: Tornadus\n|\n|upkeep\n|inactive|Time left: 300 sec this turn | 300 sec total | 5 sec grace\n|\n|t:|1783550381\n|switch|p2a: Palafin|Palafin-Hero, L77, M, tera:Fighting|161/281\n|turn|9\n|inactive|Time left: 300 sec this turn | 300 sec total\n|\n|t:|1783550381\n|switch|p1a: Charizard|Charizard, L85, M|100/100\n|move|p2a: Palafin|Close Combat|p1a: Charizard\n|-resisted|p1a: Charizard\n|-damage|p1a: Charizard|56/100\n|-unboost|p2a: Palafin|def|1\n|-unboost|p2a: Palafin|spd|1\n|\n|upkeep\n|turn|10\n|inactive|Time left: 300 sec this turn | 300 sec total\n|\n|t:|1783550382\n|move|p1a: Charizard|Flare Blitz|p2a: Palafin\n|-damage|p2a: Palafin|0 fnt\n|faint|p2a: Palafin\n|-damage|p1a: Charizard|37/100|[from] Recoil\n|\n|upkeep\n|inactive|Time left: 300 sec this turn | 300 sec total | 5 sec grace\n|\n|t:|1783550383\n|switch|p2a: Hoopa|Hoopa, L85|226/275\n|turn|11\n|inactive|Time left: 300 sec this turn | 300 sec total\n|\n|t:|1783550384\n|move|p2a: Hoopa|Shadow Ball|p1a: Charizard\n|-damage|p1a: Charizard|0 fnt\n|faint|p1a: Charizard\n|\n|upkeep\n|\n|t:|1783550385\n|switch|p1a: Sinistcha|Sinistcha-Masterpiece, L83, tera:Steel|100/100\n|turn|12\n|inactive|Time left: 300 sec this turn | 300 sec total\n|\n|t:|1783550386\n|move|p2a: Hoopa|Shadow Ball|p1a: Sinistcha\n|-damage|p1a: Sinistcha|43/100\n|-unboost|p1a: Sinistcha|spd|1\n|move|p1a: Sinistcha|Shadow Ball|p2a: Hoopa\n|-supereffective|p2a: Hoopa\n|-damage|p2a: Hoopa|0 fnt\n|faint|p2a: Hoopa\n|\n|-heal|p1a: Sinistcha|49/100|[from] item: Leftovers\n|upkeep\n|inactive|Time left: 300 sec this turn | 300 sec total | 5 sec grace\n|\n|t:|1783550387\n|switch|p2a: Garchomp|Garchomp, L74, M|282/282\n|turn|13\n|inactive|Time left: 300 sec this turn | 300 sec total\n|\n|t:|1783550388\n|switch|p1a: Skarmory|Skarmory, L80, M|100/100\n|move|p2a: Garchomp|Earthquake|p1a: Skarmory\n|-immune|p1a: Skarmory\n|\n|upkeep\n|turn|14\n|inactive|Time left: 300 sec this turn | 300 sec total\n|\n|t:|1783550389\n|move|p2a: Garchomp|Swords Dance|p2a: Garchomp\n|-boost|p2a: Garchomp|atk|2\n|move|p1a: Skarmory|Stealth Rock|p2a: Garchomp\n|-sidestart|p2: p0y969c626|move: Stealth Rock\n|\n|upkeep\n|turn|15\n|inactive|Time left: 300 sec this turn | 300 sec total\n|\n|t:|1783550390\n|move|p2a: Garchomp|Swords Dance|p2a: Garchomp\n|-boost|p2a: Garchomp|atk|2\n|move|p1a: Skarmory|Body Press|p2a: Garchomp\n|-damage|p2a: Garchomp|211/282\n|-damage|p1a: Skarmory|88/100|[from] ability: Rough Skin|[of] p2a: Garchomp\n|\n|-heal|p1a: Skarmory|94/100|[from] item: Leftovers\n|upkeep\n|turn|16\n|inactive|Time left: 300 sec this turn | 300 sec total\n|\n|t:|1783550391\n|move|p2a: Garchomp|Scale Shot|p1a: Skarmory\n|-resisted|p1a: Skarmory\n|-damage|p1a: Skarmory|83/100\n|-resisted|p1a: Skarmory\n|-damage|p1a: Skarmory|70/100\n|-resisted|p1a: Skarmory\n|-damage|p1a: Skarmory|58/100\n|-resisted|p1a: Skarmory\n|-damage|p1a: Skarmory|46/100\n|-resisted|p1a: Skarmory\n|-damage|p1a: Skarmory|35/100\n|-hitcount|p1a: Skarmory|5\n|-unboost|p2a: Garchomp|def|1\n|-boost|p2a: Garchomp|spe|1\n|move|p1a: Skarmory|Roost|p1a: Skarmory\n|-heal|p1a: Skarmory|85/100\n|-singleturn|p1a: Skarmory|move: Roost\n|\n|-heal|p1a: Skarmory|91/100|[from] item: Leftovers\n|upkeep\n|turn|17\n|inactive|Time left: 300 sec this turn | 300 sec total\n|\n|t:|1783550392\n|move|p2a: Garchomp|Scale Shot|p1a: Skarmory\n|-resisted|p1a: Skarmory\n|-damage|p1a: Skarmory|78/100\n|-resisted|p1a: Skarmory\n|-damage|p1a: Skarmory|66/100\n|-resisted|p1a: Skarmory\n|-damage|p1a: Skarmory|54/100\n|-resisted|p1a: Skarmory\n|-damage|p1a: Skarmory|43/100\n|-hitcount|p1a: Skarmory|4\n|-unboost|p2a: Garchomp|def|1\n|-boost|p2a: Garchomp|spe|1\n|move|p1a: Skarmory|Body Press|p2a: Garchomp\n|-damage|p2a: Garchomp|71/282\n|-damage|p1a: Skarmory|30/100|[from] ability: Rough Skin|[of] p2a: Garchomp\n|\n|-heal|p1a: Skarmory|36/100|[from] item: Leftovers\n|upkeep\n|turn|18\n|inactive|Time left: 300 sec this turn | 300 sec total\n|\n|t:|1783550394\n|move|p2a: Garchomp|Scale Shot|p1a: Skarmory\n|-resisted|p1a: Skarmory\n|-damage|p1a: Skarmory|24/100\n|-resisted|p1a: Skarmory\n|-damage|p1a: Skarmory|13/100\n|-resisted|p1a: Skarmory\n|-damage|p1a: Skarmory|0 fnt\n|faint|p1a: Skarmory\n|-hitcount|p1: Skarmory|3\n|-unboost|p2a: Garchomp|def|1\n|-boost|p2a: Garchomp|spe|1\n|\n|upkeep\n|\n|t:|1783550395\n|switch|p1a: Sinistcha|Sinistcha-Masterpiece, L83, tera:Steel|49/100\n|turn|19\n|inactive|Time left: 300 sec this turn | 300 sec total\n|\n|t:|1783550396\n|move|p2a: Garchomp|Earthquake|p1a: Sinistcha\n|-supereffective|p1a: Sinistcha\n|-damage|p1a: Sinistcha|0 fnt\n|faint|p1a: Sinistcha\n|\n|upkeep\n|\n|t:|1783550396\n|switch|p1a: Grumpig|Grumpig, L92, M|100/100\n|turn|20\n|inactive|Time left: 300 sec this turn | 300 sec total\n|\n|t:|1783550397\n|move|p2a: Garchomp|Earthquake|p1a: Grumpig\n|-damage|p1a: Grumpig|0 fnt\n|faint|p1a: Grumpig\n|\n|win|p0y969c626", "uploadtime": 1783550397, "views": 0, "rating": 0, "private": 0, "password": null, "_winner": "p0y969c626", "_our_name": "p0y969c626"}