{"id": "battle-gen9randombattle-1647", "formatid": "gen9randombattle", "format": "[Gen 9] Random Battle", "players": ["p0x1647cb7a", "p0y1647eed1"], "log": "|init|battle\n|title|p0x1647cb7a vs. p0y1647eed1\n|j|\u2606p0x1647cb7a\n|j|\u2606p0y1647eed1\n|t:|1783559047\n|gametype|singles\n|player|p1|p0x1647cb7a|265|\n|player|p2|p0y1647eed1|102|\n|gen|9\n|tier|[Gen 9] Random Battle\n|rule|Species Clause: Limit one of each Pok\u00e9mon\n|rule|HP Percentage Mod: HP is shown in percentages\n|rule|Sleep Clause Mod: Limit one foe put to sleep\n|rule|Illusion Level Mod: Illusion disguises the Pok\u00e9mon's true level\n|\n|t:|1783559047\n|teamsize|p1|6\n|teamsize|p2|6\n|start\n|switch|p1a: Sceptile|Sceptile, L87, F|100/100\n|switch|p2a: Lugia|Lugia, L73|275/275\n|turn|1\n|inactive|Battle timer is ON: inactive players will automatically lose when time's up. (requested by p0y1647eed1)\n|inactive|p0x1647cb7a also wants the timer to be on.\n|\n|t:|1783559049\n|switch|p1a: Sandslash|Sandslash-Alola, L88, F|100/100\n|move|p2a: Lugia|Aeroblast|p1a: Sandslash\n|-resisted|p1a: Sandslash\n|-damage|p1a: Sandslash|90/100\n|\n|upkeep\n|turn|2\n|inactive|Time left: 300 sec this turn | 300 sec total\n|\n|t:|1783559050\n|move|p2a: Lugia|Earth Power|p1a: Sandslash\n|-supereffective|p1a: Sandslash\n|-damage|p1a: Sandslash|60/100\n|move|p1a: Sandslash|Triple Axel|p2a: Lugia\n|-supereffective|p2a: Lugia\n|-crit|p2a: Lugia\n|-damage|p2a: Lugia|244/275\n|-supereffective|p2a: Lugia\n|-damage|p2a: Lugia|158/275\n|-supereffective|p2a: Lugia\n|-damage|p2a: Lugia|42/275\n|-hitcount|p2a: Lugia|3\n|\n|upkeep\n|turn|3\n|inactive|Time left: 300 sec this turn | 300 sec total\n|\n|t:|1783559051\n|move|p2a: Lugia|Recover|p2a: Lugia\n|-heal|p2a: Lugia|180/275\n|move|p1a: Sandslash|Triple Axel|p2a: Lugia\n|-supereffective|p2a: Lugia\n|-damage|p2a: Lugia|138/275\n|-supereffective|p2a: Lugia\n|-damage|p2a: Lugia|54/275\n|-supereffective|p2a: Lugia\n|-damage|p2a: Lugia|0 fnt\n|faint|p2a: Lugia\n|-hitcount|p2: Lugia|3\n|\n|upkeep\n|inactive|Time left: 300 sec this turn | 300 sec total | 5 sec grace\n|\n|t:|1783559052\n|switch|p2a: Raikou|Raikou, L81|278/278\n|-ability|p2a: Raikou|Pressure\n|turn|4\n|inactive|Time left: 300 sec this turn | 300 sec total\n|\n|t:|1783559053\n|move|p2a: Raikou|Scald|p1a: Sandslash\n|-damage|p1a: Sandslash|43/100\n|move|p1a: Sandslash|Earthquake|p2a: Raikou\n|-supereffective|p2a: Raikou\n|-damage|p2a: Raikou|88/278\n|\n|upkeep\n|turn|5\n|inactive|Time left: 300 sec this turn | 300 sec total\n|\n|t:|1783559054\n|move|p2a: Raikou|Thunderbolt|p1a: Sandslash\n|-damage|p1a: Sandslash|15/100\n|move|p1a: Sandslash|Earthquake|p2a: Raikou\n|-supereffective|p2a: Raikou\n|-damage|p2a: Raikou|0 fnt\n|faint|p2a: Raikou\n|\n|upkeep\n|inactive|Time left: 300 sec this turn | 300 sec total | 5 sec grace\n|\n|t:|1783559056\n|switch|p2a: Rillaboom|Rillaboom, L79, F|288/288\n|-fieldstart|move: Grassy Terrain|[from] ability: Grassy Surge|[of] p2a: Rillaboom\n|turn|6\n|inactive|Time left: 300 sec this turn | 300 sec total\n|\n|t:|1783559057\n|switch|p1a: Volcarona|Volcarona, L77, M|100/100\n|move|p2a: Rillaboom|Wood Hammer|p1a: Volcarona\n|-resisted|p1a: Volcarona\n|-damage|p1a: Volcarona|72/100\n|-damage|p2a: Rillaboom|264/288|[from] Recoil\n|-damage|p2a: Rillaboom|236/288|[from] item: Life Orb\n|\n|-heal|p1a: Volcarona|78/100|[from] Grassy Terrain\n|-heal|p2a: Rillaboom|254/288|[from] Grassy Terrain\n|upkeep\n|turn|7\n|inactive|Time left: 300 sec this turn | 300 sec total\n|\n|t:|1783559058\n|switch|p2a: Amoonguss|Amoonguss, L82, M|321/321\n|move|p1a: Volcarona|Fire Blast|p2a: Amoonguss|[miss]\n|-miss|p1a: Volcarona|p2a: Amoonguss\n|\n|-heal|p1a: Volcarona|84/100|[from] Grassy Terrain\n|upkeep\n|turn|8\n|inactive|Time left: 300 sec this turn | 300 sec total\n|\n|t:|1783559059\n|move|p1a: Volcarona|Quiver Dance|p1a: Volcarona\n|-boost|p1a: Volcarona|spa|1\n|-boost|p1a: Volcarona|spd|1\n|-boost|p1a: Volcarona|spe|1\n|move|p2a: Amoonguss|Spore|p1a: Volcarona\n|-status|p1a: Volcarona|slp|[from] move: Spore\n|\n|-heal|p1a: Volcarona|90/100 slp|[from] Grassy Terrain\n|upkeep\n|turn|9\n|inactive|Time left: 300 sec this turn | 300 sec total\n|\n|t:|1783559060\n|cant|p1a: Volcarona|slp\n|move|p2a: Amoonguss|Sludge Bomb|p1a: Volcarona\n|-crit|p1a: Volcarona\n|-damage|p1a: Volcarona|43/100 slp\n|\n|-heal|p1a: Volcarona|49/100 slp|[from] Grassy Terrain\n|upkeep\n|turn|10\n|inactive|Time left: 300 sec this turn | 300 sec total\n|\n|t:|1783559062\n|cant|p1a: Volcarona|slp\n|move|p2a: Amoonguss|Sludge Bomb|p1a: Volcarona\n|-damage|p1a: Volcarona|27/100 slp\n|\n|-heal|p1a: Volcarona|34/100 slp|[from] Grassy Terrain\n|-fieldend|move: Grassy Terrain\n|upkeep\n|turn|11\n|inactive|Time left: 300 sec this turn | 300 sec total\n|\n|t:|1783559062\n|switch|p2a: Iron Boulder|Iron Boulder, L77|265/265\n|-enditem|p2a: Iron Boulder|Booster Energy\n|-activate|p2a: Iron Boulder|ability: Quark Drive|[fromitem]\n|-start|p2a: Iron Boulder|quarkdrivespe\n|-curestatus|p1a: Volcarona|slp|[msg]\n|move|p1a: Volcarona|Fire Blast|p2a: Iron Boulder\n|-resisted|p2a: Iron Boulder\n|-damage|p2a: Iron Boulder|178/265\n|-status|p2a: Iron Boulder|brn\n|\n|-damage|p2a: Iron Boulder|162/265 brn|[from] brn\n|upkeep\n|turn|12\n|inactive|Time left: 300 sec this turn | 300 sec total\n|\n|t:|1783559064\n|-terastallize|p1a: Volcarona|Steel\n|move|p2a: Iron Boulder|Mighty Cleave|p1a: Volcarona\n|-resisted|p1a: Volcarona\n|-damage|p1a: Volcarona|21/100\n|move|p1a: Volcarona|Giga Drain|p2a: Iron Boulder\n|-supereffective|p2a: Iron Boulder\n|-damage|p2a: Iron Boulder|0 fnt\n|-heal|p1a: Volcarona|53/100|[from] drain|[of] p2a: Iron Boulder\n|faint|p2a: Iron Boulder\n|-end|p2a: Iron Boulder|Quark Drive|[silent]\n|\n|upkeep\n|inactive|Time left: 300 sec this turn | 300 sec total | 5 sec grace\n|\n|t:|1783559065\n|switch|p2a: Illumise|Illumise, L91, F|266/266\n|turn|13\n|inactive|Time left: 300 sec this turn | 300 sec total\n|\n|t:|1783559066\n|move|p2a: Illumise|Encore|p1a: Volcarona\n|-start|p1a: Volcarona|Encore\n|move|p1a: Volcarona|Giga Drain|p2a: Illumise\n|-resisted|p2a: Illumise\n|-damage|p2a: Illumise|223/266\n|-heal|p1a: Volcarona|61/100|[from] drain|[of] p2a: Illumise\n|\n|upkeep\n|turn|14\n|inactive|Time left: 300 sec this turn | 300 sec total\n|\n|t:|1783559067\n|switch|p2a: Rillaboom|Rillaboom, L79, F|254/288\n|-fieldstart|move: Grassy Terrain|[from] ability: Grassy Surge|[of] p2a: Rillaboom\n|move|p1a: Volcarona|Giga Drain|p2a: Rillaboom\n|-resisted|p2a: Rillaboom\n|-damage|p2a: Rillaboom|184/288\n|-heal|p1a: Volcarona|75/100|[from] drain|[of] p2a: Rillaboom\n|\n|-heal|p1a: Volcarona|81/100|[from] Grassy Terrain\n|-heal|p2a: Rillaboom|202/288|[from] Grassy Terrain\n|upkeep\n|turn|15\n|inactive|Time left: 300 sec this turn | 300 sec total\n|\n|t:|1783559068\n|switch|p1a: Weezing|Weezing, L88, F|100/100\n|move|p2a: Rillaboom|High Horsepower|p1a: Weezing\n|-immune|p1a: Weezing|[from] ability: Levitate\n|\n|-heal|p2a: Rillaboom|220/288|[from] Grassy Terrain\n|upkeep\n|turn|16\n|inactive|Time left: 300 sec this turn | 300 sec total\n|\n|t:|1783559069\n|switch|p2a: Amoonguss|Amoonguss, L82, M|321/321\n|move|p1a: Weezing|Sludge Bomb|p2a: Amoonguss\n|-damage|p2a: Amoonguss|218/321\n|\n|-heal|p2a: Amoonguss|238/321|[from] Grassy Terrain\n|upkeep\n|turn|17\n|inactive|Time left: 300 sec this turn | 300 sec total\n|\n|t:|1783559070\n|move|p1a: Weezing|Fire Blast|p2a: Amoonguss\n|-supereffective|p2a: Amoonguss\n|-damage|p2a: Amoonguss|72/321\n|move|p2a: Amoonguss|Spore|p1a: Weezing\n|-status|p1a: Weezing|slp|[from] move: Spore\n|\n|-heal|p2a: Amoonguss|92/321|[from] Grassy Terrain\n|upkeep\n|turn|18\n|inactive|Time left: 300 sec this turn | 300 sec total\n|\n|t:|1783559071\n|switch|p1a: Volcarona|Volcarona, L77, M, tera:Steel|81/100\n|move|p2a: Amoonguss|Giga Drain|p1a: Volcarona\n|-resisted|p1a: Volcarona\n|-damage|p1a: Volcarona|66/100\n|-heal|p2a: Amoonguss|112/321|[from] drain|[of] p1a: Volcarona\n|\n|-heal|p1a: Volcarona|72/100|[from] Grassy Terrain\n|-heal|p2a: Amoonguss|132/321|[from] Grassy Terrain\n|-fieldend|move: Grassy Terrain\n|upkeep\n|turn|19\n|inactive|Time left: 300 sec this turn | 300 sec total\n|\n|t:|1783559072\n|move|p1a: Volcarona|Fire Blast|p2a: Amoonguss\n|-supereffective|p2a: Amoonguss\n|-damage|p2a: Amoonguss|0 fnt\n|faint|p2a: Amoonguss\n|\n|upkeep\n|inactive|Time left: 300 sec this turn | 300 sec total | 5 sec grace\n|\n|t:|1783559073\n|switch|p2a: Illumise|Illumise, L91, F|223/266\n|turn|20\n|inactive|Time left: 300 sec this turn | 300 sec total\n|\n|t:|1783559074\n|move|p2a: Illumise|Thunder Wave|p1a: Volcarona\n|-status|p1a: Volcarona|par\n|move|p1a: Volcarona|Fire Blast|p2a: Illumise\n|-supereffective|p2a: Illumise\n|-damage|p2a: Illumise|0 fnt\n|faint|p2a: Illumise\n|\n|upkeep\n|inactive|Time left: 300 sec this turn | 300 sec total | 5 sec grace\n|\n|t:|1783559074\n|switch|p2a: Rillaboom|Rillaboom, L79, F|220/288\n|-fieldstart|move: Grassy Terrain|[from] ability: Grassy Surge|[of] p2a: Rillaboom\n|turn|21\n|inactive|Time left: 300 sec this turn | 300 sec total\n|\n|t:|1783559075\n|move|p2a: Rillaboom|High Horsepower|p1a: Volcarona\n|-supereffective|p1a: Volcarona\n|-damage|p1a: Volcarona|0 fnt\n|faint|p1a: Volcarona\n|-damage|p2a: Rillaboom|192/288|[from] item: Life Orb\n|\n|-heal|p2a: Rillaboom|210/288|[from] Grassy Terrain\n|upkeep\n|\n|t:|1783559076\n|switch|p1a: Miraidon|Miraidon, L65|100/100\n|-fieldstart|move: Electric Terrain|[from] ability: Hadron Engine|[of] p1a: Miraidon\n|turn|22\n|inactive|Time left: 300 sec this turn | 300 sec total\n|\n|t:|1783559076\n|move|p1a: Miraidon|Draco Meteor|p2a: Rillaboom\n|-damage|p2a: Rillaboom|0 fnt\n|-unboost|p1a: Miraidon|spa|2\n|faint|p2a: Rillaboom\n|-damage|p1a: Miraidon|91/100|[from] item: Life Orb\n|\n|win|p0x1647cb7a", "uploadtime": 1783559076, "views": 0, "rating": 0, "private": 0, "password": null, "_winner": "p0x1647cb7a", "_our_name": "p0y1647eed1"}