{"id": "battle-gen9randombattle-1346", "formatid": "gen9randombattle", "format": "[Gen 9] Random Battle", "players": ["p0x13461c77", "p0y1346e7b2"], "log": "|init|battle\n|title|p0x13461c77 vs. p0y1346e7b2\n|j|\u2606p0x13461c77\n|j|\u2606p0y1346e7b2\n|t:|1783554757\n|gametype|singles\n|player|p1|p0x13461c77|169|\n|player|p2|p0y1346e7b2|169|\n|gen|9\n|tier|[Gen 9] Random Battle\n|rule|Species Clause: Limit one of each Pok\u00e9mon\n|rule|HP Percentage Mod: HP is shown in percentages\n|rule|Sleep Clause Mod: Limit one foe put to sleep\n|rule|Illusion Level Mod: Illusion disguises the Pok\u00e9mon's true level\n|\n|t:|1783554757\n|teamsize|p1|6\n|teamsize|p2|6\n|start\n|switch|p1a: Hawlucha|Hawlucha, L80, M|256/256\n|switch|p2a: Electrode|Electrode, L92|100/100\n|turn|1\n|inactive|Battle timer is ON: inactive players will automatically lose when time's up. (requested by p0y1346e7b2)\n|inactive|Time left: 300 sec this turn | 300 sec total | 60 sec grace\n|inactive|p0x13461c77 also wants the timer to be on.\n|\n|t:|1783554758\n|switch|p1a: Pawmot|Pawmot, L80, F|243/243\n|move|p2a: Electrode|Thunderbolt|p1a: Pawmot\n|-immune|p1a: Pawmot|[from] ability: Volt Absorb\n|\n|upkeep\n|turn|2\n|inactive|Time left: 300 sec this turn | 300 sec total\n|\n|t:|1783554759\n|move|p2a: Electrode|Foul Play|p1a: Pawmot\n|-resisted|p1a: Pawmot\n|-damage|p1a: Pawmot|198/243\n|move|p1a: Pawmot|Close Combat|p2a: Electrode\n|-crit|p2a: Electrode\n|-damage|p2a: Electrode|15/100\n|-unboost|p1a: Pawmot|def|1\n|-unboost|p1a: Pawmot|spd|1\n|\n|upkeep\n|turn|3\n|inactive|Time left: 300 sec this turn | 300 sec total\n|\n|t:|1783554760\n|switch|p1a: Perrserker|Perrserker, L89, M|269/269\n|move|p2a: Electrode|Foul Play|p1a: Perrserker\n|-damage|p1a: Perrserker|195/269\n|\n|upkeep\n|turn|4\n|inactive|Time left: 300 sec this turn | 300 sec total\n|\n|t:|1783554761\n|move|p2a: Electrode|Thunderbolt|p1a: Perrserker\n|-damage|p1a: Perrserker|83/269\n|move|p1a: Perrserker|Knock Off|p2a: Electrode\n|-damage|p2a: Electrode|0 fnt\n|-enditem|p2a: Electrode|Heavy-Duty Boots|[from] move: Knock Off|[of] p1a: Perrserker\n|faint|p2a: Electrode\n|\n|upkeep\n|\n|t:|1783554762\n|switch|p2a: Flutter Mane|Flutter Mane, L74|100/100\n|turn|5\n|inactive|Time left: 300 sec this turn | 300 sec total\n|\n|t:|1783554763\n|move|p2a: Flutter Mane|Moonblast|p1a: Perrserker\n|-resisted|p1a: Perrserker\n|-damage|p1a: Perrserker|0 fnt\n|faint|p1a: Perrserker\n|\n|upkeep\n|inactive|Time left: 300 sec this turn | 300 sec total | 5 sec grace\n|\n|t:|1783554764\n|switch|p1a: Wugtrio|Wugtrio, L91, F|212/212\n|turn|6\n|inactive|Time left: 300 sec this turn | 300 sec total\n|\n|t:|1783554765\n|-end|p2a: Flutter Mane|Protosynthesis|[silent]\n|switch|p2a: Quaquaval|Quaquaval, L79, F|100/100\n|move|p1a: Wugtrio|Liquidation|p2a: Quaquaval\n|-resisted|p2a: Quaquaval\n|-damage|p2a: Quaquaval|64/100\n|\n|-heal|p2a: Quaquaval|70/100|[from] item: Leftovers\n|upkeep\n|turn|7\n|inactive|Time left: 300 sec this turn | 300 sec total\n|\n|t:|1783554766\n|move|p1a: Wugtrio|Liquidation|p2a: Quaquaval\n|-resisted|p2a: Quaquaval\n|-damage|p2a: Quaquaval|38/100\n|move|p2a: Quaquaval|Close Combat|p1a: Wugtrio\n|-damage|p1a: Wugtrio|44/212\n|-unboost|p2a: Quaquaval|def|1\n|-unboost|p2a: Quaquaval|spd|1\n|-ability|p1a: Wugtrio|Gooey\n|-unboost|p2a: Quaquaval|spe|1\n|\n|-heal|p2a: Quaquaval|44/100|[from] item: Leftovers\n|upkeep\n|turn|8\n|inactive|Time left: 300 sec this turn | 300 sec total\n|\n|t:|1783554767\n|switch|p2a: Brambleghast|Brambleghast, L88, F|100/100\n|move|p1a: Wugtrio|Liquidation|p2a: Brambleghast\n|-resisted|p2a: Brambleghast\n|-damage|p2a: Brambleghast|61/100\n|-unboost|p2a: Brambleghast|def|1\n|\n|upkeep\n|turn|9\n|inactive|Time left: 300 sec this turn | 300 sec total\n|\n|t:|1783554768\n|move|p1a: Wugtrio|Liquidation|p2a: Brambleghast\n|-resisted|p2a: Brambleghast\n|-damage|p2a: Brambleghast|5/100\n|move|p2a: Brambleghast|Poltergeist|p1a: Wugtrio\n|-activate|p1a: Wugtrio|move: Poltergeist|Choice Band\n|-damage|p1a: Wugtrio|0 fnt\n|faint|p1a: Wugtrio\n|\n|upkeep\n|inactive|Time left: 300 sec this turn | 300 sec total | 5 sec grace\n|\n|t:|1783554769\n|switch|p1a: Hawlucha|Hawlucha, L80, M|256/256\n|turn|10\n|inactive|Time left: 300 sec this turn | 300 sec total\n|\n|t:|1783554770\n|move|p1a: Hawlucha|Brave Bird|p2a: Brambleghast\n|-supereffective|p2a: Brambleghast\n|-damage|p2a: Brambleghast|0 fnt\n|faint|p2a: Brambleghast\n|-damage|p1a: Hawlucha|252/256|[from] Recoil\n|\n|upkeep\n|\n|t:|1783554772\n|switch|p2a: Flutter Mane|Flutter Mane, L74|100/100\n|turn|11\n|inactive|Time left: 300 sec this turn | 300 sec total\n|\n|t:|1783554773\n|switch|p1a: Jumpluff|Jumpluff, L87, M|271/271\n|move|p2a: Flutter Mane|Moonblast|p1a: Jumpluff\n|-damage|p1a: Jumpluff|130/271\n|\n|upkeep\n|turn|12\n|inactive|Time left: 300 sec this turn | 300 sec total\n|\n|t:|1783554774\n|-terastallize|p1a: Jumpluff|Steel\n|move|p2a: Flutter Mane|Moonblast|p1a: Jumpluff\n|-resisted|p1a: Jumpluff\n|-damage|p1a: Jumpluff|64/271\n|move|p1a: Jumpluff|Strength Sap|p2a: Flutter Mane\n|-unboost|p2a: Flutter Mane|atk|1\n|-heal|p1a: Jumpluff|150/271\n|\n|upkeep\n|turn|13\n|inactive|Time left: 300 sec this turn | 300 sec total\n|\n|t:|1783554775\n|move|p2a: Flutter Mane|Moonblast|p1a: Jumpluff\n|-resisted|p1a: Jumpluff\n|-damage|p1a: Jumpluff|81/271\n|move|p1a: Jumpluff|Acrobatics|p2a: Flutter Mane\n|-damage|p2a: Flutter Mane|31/100\n|\n|upkeep\n|turn|14\n|inactive|Time left: 300 sec this turn | 300 sec total\n|\n|t:|1783554776\n|-terastallize|p2a: Flutter Mane|Fairy\n|move|p2a: Flutter Mane|Moonblast|p1a: Jumpluff\n|-resisted|p1a: Jumpluff\n|-damage|p1a: Jumpluff|0 fnt\n|faint|p1a: Jumpluff\n|\n|upkeep\n|inactive|Time left: 300 sec this turn | 300 sec total | 5 sec grace\n|\n|t:|1783554777\n|switch|p1a: Deoxys|Deoxys, L74|196/196\n|-ability|p1a: Deoxys|Pressure\n|turn|15\n|inactive|Time left: 300 sec this turn | 300 sec total\n|\n|t:|1783554777\n|-end|p2a: Flutter Mane|Protosynthesis|[silent]\n|switch|p2a: Corviknight|Corviknight, L80, M|100/100\n|move|p1a: Deoxys|Knock Off|p2a: Corviknight\n|-damage|p2a: Corviknight|69/100\n|-enditem|p2a: Corviknight|Leftovers|[from] move: Knock Off|[of] p1a: Deoxys\n|-damage|p1a: Deoxys|177/196|[from] item: Life Orb\n|\n|upkeep\n|turn|16\n|inactive|Time left: 300 sec this turn | 300 sec total\n|\n|t:|1783554778\n|switch|p1a: Pawmot|Pawmot, L80, F|198/243\n|move|p2a: Corviknight|Brave Bird|p1a: Pawmot\n|-damage|p1a: Pawmot|59/243\n|-damage|p2a: Corviknight|53/100|[from] Recoil\n|\n|upkeep\n|turn|17\n|inactive|Time left: 300 sec this turn | 300 sec total\n|\n|t:|1783554779\n|switch|p2a: Eelektross|Eelektross, L87, F|100/100\n|move|p1a: Pawmot|Double Shock|p2a: Eelektross\n|-resisted|p2a: Eelektross\n|-damage|p2a: Eelektross|76/100\n|-start|p1a: Pawmot|typechange|???/Fighting|[from] move: Double Shock\n|\n|upkeep\n|turn|18\n|inactive|Time left: 300 sec this turn | 300 sec total\n|\n|t:|1783554780\n|move|p1a: Pawmot|Close Combat|p2a: Eelektross\n|-damage|p2a: Eelektross|32/100\n|-unboost|p1a: Pawmot|def|1\n|-unboost|p1a: Pawmot|spd|1\n|move|p2a: Eelektross|Flamethrower|p1a: Pawmot\n|-damage|p1a: Pawmot|0 fnt\n|faint|p1a: Pawmot\n|\n|upkeep\n|inactive|Time left: 300 sec this turn | 300 sec total | 5 sec grace\n|\n|t:|1783554781\n|switch|p1a: Deoxys|Deoxys, L74|177/196\n|-ability|p1a: Deoxys|Pressure\n|turn|19\n|inactive|Time left: 300 sec this turn | 300 sec total\n|\n|t:|1783554782\n|switch|p2a: Corviknight|Corviknight, L80, M|53/100\n|move|p1a: Deoxys|Knock Off|p2a: Corviknight\n|-damage|p2a: Corviknight|32/100\n|-damage|p1a: Deoxys|158/196|[from] item: Life Orb\n|\n|upkeep\n|turn|20\n|inactive|Time left: 300 sec this turn | 300 sec total\n|\n|t:|1783554783\n|move|p1a: Deoxys|Ice Beam|p2a: Corviknight\n|-damage|p2a: Corviknight|0 fnt\n|faint|p2a: Corviknight\n|-damage|p1a: Deoxys|139/196|[from] item: Life Orb\n|\n|upkeep\n|\n|t:|1783554784\n|switch|p2a: Flutter Mane|Flutter Mane, L74, tera:Fairy|31/100\n|turn|21\n|inactive|Time left: 300 sec this turn | 300 sec total\n|\n|t:|1783554785\n|-end|p2a: Flutter Mane|Protosynthesis|[silent]\n|switch|p2a: Quaquaval|Quaquaval, L79, F|44/100\n|move|p1a: Deoxys|Knock Off|p2a: Quaquaval\n|-resisted|p2a: Quaquaval\n|-damage|p2a: Quaquaval|23/100\n|-enditem|p2a: Quaquaval|Leftovers|[from] move: Knock Off|[of] p1a: Deoxys\n|-damage|p1a: Deoxys|120/196|[from] item: Life Orb\n|\n|upkeep\n|turn|22\n|inactive|Time left: 300 sec this turn | 300 sec total\n|\n|t:|1783554786\n|move|p1a: Deoxys|Psycho Boost|p2a: Quaquaval\n|-supereffective|p2a: Quaquaval\n|-damage|p2a: Quaquaval|0 fnt\n|-unboost|p1a: Deoxys|spa|2\n|faint|p2a: Quaquaval\n|-damage|p1a: Deoxys|101/196|[from] item: Life Orb\n|\n|upkeep\n|\n|t:|1783554787\n|switch|p2a: Flutter Mane|Flutter Mane, L74, tera:Fairy|31/100\n|turn|23\n|inactive|Time left: 300 sec this turn | 300 sec total\n|\n|t:|1783554788\n|move|p1a: Deoxys|Knock Off|p2a: Flutter Mane\n|-resisted|p2a: Flutter Mane\n|-damage|p2a: Flutter Mane|0 fnt\n|-enditem|p2a: Flutter Mane|Choice Specs|[from] move: Knock Off|[of] p1a: Deoxys\n|faint|p2a: Flutter Mane\n|-end|p2a: Flutter Mane|Protosynthesis|[silent]\n|-damage|p1a: Deoxys|82/196|[from] item: Life Orb\n|\n|upkeep\n|\n|t:|1783554789\n|switch|p2a: Eelektross|Eelektross, L87, F|32/100\n|turn|24\n|inactive|Time left: 300 sec this turn | 300 sec total\n|\n|t:|1783554790\n|move|p1a: Deoxys|Superpower|p2a: Eelektross\n|-damage|p2a: Eelektross|0 fnt\n|-unboost|p1a: Deoxys|atk|1\n|-unboost|p1a: Deoxys|def|1\n|faint|p2a: Eelektross\n|-damage|p1a: Deoxys|63/196|[from] item: Life Orb\n|\n|win|p0x13461c77", "uploadtime": 1783554790, "views": 0, "rating": 0, "private": 0, "password": null, "_winner": "p0x13461c77", "_our_name": "p0x13461c77"}