{"id": "battle-gen9randombattle-2821", "formatid": "gen9randombattle", "format": "[Gen 9] Random Battle", "players": ["p0x28214a79", "p0y2821f6bd"], "log": "|init|battle\n|title|p0x28214a79 vs. p0y2821f6bd\n|j|\u2606p0x28214a79\n|j|\u2606p0y2821f6bd\n|t:|1783572486\n|gametype|singles\n|player|p1|p0x28214a79|169|\n|player|p2|p0y2821f6bd|101|\n|gen|9\n|tier|[Gen 9] Random Battle\n|rule|Species Clause: Limit one of each Pok\u00e9mon\n|rule|HP Percentage Mod: HP is shown in percentages\n|rule|Sleep Clause Mod: Limit one foe put to sleep\n|rule|Illusion Level Mod: Illusion disguises the Pok\u00e9mon's true level\n|\n|t:|1783572486\n|teamsize|p1|6\n|teamsize|p2|6\n|start\n|switch|p1a: Iron Crown|Iron Crown, L78|100/100\n|switch|p2a: Uxie|Uxie, L83|260/260\n|turn|1\n|inactive|Battle timer is ON: inactive players will automatically lose when time's up. (requested by p0x28214a79)\n|inactive|Time left: 300 sec this turn | 300 sec total | 60 sec grace\n|\n|t:|1783572488\n|move|p2a: Uxie|Knock Off|p1a: Iron Crown\n|-supereffective|p1a: Iron Crown\n|-damage|p1a: Iron Crown|58/100\n|-enditem|p1a: Iron Crown|Leftovers|[from] move: Knock Off|[of] p2a: Uxie\n|move|p1a: Iron Crown|Tachyon Cutter|p2a: Uxie\n|-damage|p2a: Uxie|221/260\n|-damage|p2a: Uxie|178/260\n|-hitcount|p2a: Uxie|2\n|\n|-heal|p2a: Uxie|194/260|[from] item: Leftovers\n|upkeep\n|turn|2\n|inactive|Time left: 300 sec this turn | 300 sec total\n|inactive|p0y2821f6bd also wants the timer to be on.\n|\n|t:|1783572489\n|move|p2a: Uxie|Knock Off|p1a: Iron Crown\n|-supereffective|p1a: Iron Crown\n|-damage|p1a: Iron Crown|29/100\n|move|p1a: Iron Crown|Calm Mind|p1a: Iron Crown\n|-boost|p1a: Iron Crown|spa|1\n|-boost|p1a: Iron Crown|spd|1\n|\n|-heal|p2a: Uxie|210/260|[from] item: Leftovers\n|upkeep\n|turn|3\n|inactive|Time left: 300 sec this turn | 300 sec total\n|\n|t:|1783572490\n|-terastallize|p1a: Iron Crown|Steel\n|move|p2a: Uxie|Knock Off|p1a: Iron Crown\n|-damage|p1a: Iron Crown|15/100\n|move|p1a: Iron Crown|Tachyon Cutter|p2a: Uxie\n|-damage|p2a: Uxie|132/260\n|-damage|p2a: Uxie|48/260\n|-hitcount|p2a: Uxie|2\n|\n|-heal|p2a: Uxie|64/260|[from] item: Leftovers\n|upkeep\n|turn|4\n|inactive|Time left: 300 sec this turn | 300 sec total\n|\n|t:|1783572492\n|move|p2a: Uxie|Knock Off|p1a: Iron Crown\n|-damage|p1a: Iron Crown|2/100\n|move|p1a: Iron Crown|Tachyon Cutter|p2a: Uxie\n|-damage|p2a: Uxie|0 fnt\n|faint|p2a: Uxie\n|-hitcount|p2: Uxie|1\n|\n|upkeep\n|inactive|Time left: 300 sec this turn | 300 sec total | 5 sec grace\n|\n|t:|1783572493\n|switch|p2a: Espathra|Espathra, L80, M|283/283\n|turn|5\n|inactive|Time left: 300 sec this turn | 300 sec total\n|\n|t:|1783572494\n|move|p2a: Espathra|Calm Mind|p2a: Espathra\n|-boost|p2a: Espathra|spa|1\n|-boost|p2a: Espathra|spd|1\n|move|p1a: Iron Crown|Tachyon Cutter|p2a: Espathra\n|-damage|p2a: Espathra|187/283\n|-damage|p2a: Espathra|93/283\n|-hitcount|p2a: Espathra|2\n|\n|-heal|p2a: Espathra|110/283|[from] item: Leftovers\n|-ability|p2a: Espathra|Speed Boost|boost\n|-boost|p2a: Espathra|spe|1\n|upkeep\n|turn|6\n|inactive|Time left: 300 sec this turn | 300 sec total\n|\n|t:|1783572494\n|move|p2a: Espathra|Dazzling Gleam|p1a: Iron Crown\n|-resisted|p1a: Iron Crown\n|-damage|p1a: Iron Crown|0 fnt\n|faint|p1a: Iron Crown\n|-end|p1a: Iron Crown|Quark Drive|[silent]\n|\n|-heal|p2a: Espathra|127/283|[from] item: Leftovers\n|-ability|p2a: Espathra|Speed Boost|boost\n|-boost|p2a: Espathra|spe|1\n|upkeep\n|\n|t:|1783572496\n|switch|p1a: Hippowdon|Hippowdon, L82, M|100/100\n|-weather|Sandstorm|[from] ability: Sand Stream|[of] p1a: Hippowdon\n|turn|7\n|inactive|Time left: 300 sec this turn | 300 sec total\n|\n|t:|1783572497\n|move|p2a: Espathra|Substitute|p2a: Espathra\n|-start|p2a: Espathra|Substitute\n|-damage|p2a: Espathra|57/283\n|move|p1a: Hippowdon|Earthquake|p2a: Espathra\n|-end|p2a: Espathra|Substitute\n|\n|-weather|Sandstorm|[upkeep]\n|-damage|p2a: Espathra|40/283|[from] Sandstorm\n|-heal|p2a: Espathra|57/283|[from] item: Leftovers\n|-ability|p2a: Espathra|Speed Boost|boost\n|-boost|p2a: Espathra|spe|1\n|upkeep\n|turn|8\n|inactive|Time left: 300 sec this turn | 300 sec total\n|\n|t:|1783572498\n|move|p2a: Espathra|Stored Power|p1a: Hippowdon\n|-damage|p1a: Hippowdon|28/100\n|move|p1a: Hippowdon|Earthquake|p2a: Espathra\n|-damage|p2a: Espathra|0 fnt\n|faint|p2a: Espathra\n|\n|-weather|Sandstorm|[upkeep]\n|upkeep\n|inactive|Time left: 300 sec this turn | 300 sec total | 5 sec grace\n|\n|t:|1783572499\n|switch|p2a: Kommo-o|Kommo-o, L77, M|242/242\n|turn|9\n|inactive|Time left: 300 sec this turn | 300 sec total\n|\n|t:|1783572500\n|move|p2a: Kommo-o|Clangorous Soul|p2a: Kommo-o\n|-boost|p2a: Kommo-o|atk|1\n|-boost|p2a: Kommo-o|def|1\n|-boost|p2a: Kommo-o|spa|1\n|-boost|p2a: Kommo-o|spd|1\n|-boost|p2a: Kommo-o|spe|1\n|-damage|p2a: Kommo-o|163/242\n|-enditem|p2a: Kommo-o|Throat Spray\n|-boost|p2a: Kommo-o|spa|1|[from] item: Throat Spray\n|move|p1a: Hippowdon|Slack Off|p1a: Hippowdon\n|-heal|p1a: Hippowdon|78/100\n|\n|-weather|Sandstorm|[upkeep]\n|-damage|p2a: Kommo-o|148/242|[from] Sandstorm\n|upkeep\n|turn|10\n|inactive|Time left: 300 sec this turn | 300 sec total\n|\n|t:|1783572501\n|-terastallize|p2a: Kommo-o|Normal\n|move|p2a: Kommo-o|Boomburst|p1a: Hippowdon\n|-damage|p1a: Hippowdon|0 fnt\n|faint|p1a: Hippowdon\n|\n|-weather|Sandstorm|[upkeep]\n|-damage|p2a: Kommo-o|133/242|[from] Sandstorm\n|upkeep\n|\n|t:|1783572501\n|switch|p1a: Keldeo|Keldeo-Resolute, L79|100/100\n|turn|11\n|inactive|Time left: 300 sec this turn | 300 sec total\n|\n|t:|1783572503\n|move|p2a: Kommo-o|Boomburst|p1a: Keldeo\n|-damage|p1a: Keldeo|0 fnt\n|faint|p1a: Keldeo\n|\n|-weather|none\n|upkeep\n|\n|t:|1783572504\n|switch|p1a: Donphan|Donphan, L84, F|100/100\n|turn|12\n|inactive|Time left: 300 sec this turn | 300 sec total\n|\n|t:|1783572504\n|move|p2a: Kommo-o|Boomburst|p1a: Donphan\n|-ability|p1a: Donphan|Sturdy\n|-damage|p1a: Donphan|1/100\n|move|p1a: Donphan|Earthquake|p2a: Kommo-o\n|-damage|p2a: Kommo-o|57/242\n|\n|-heal|p1a: Donphan|7/100|[from] item: Leftovers\n|upkeep\n|turn|13\n|inactive|Time left: 300 sec this turn | 300 sec total\n|\n|t:|1783572505\n|move|p2a: Kommo-o|Drain Punch|p1a: Donphan\n|-damage|p1a: Donphan|0 fnt\n|-heal|p2a: Kommo-o|67/242|[from] drain|[of] p1a: Donphan\n|faint|p1a: Donphan\n|\n|upkeep\n|\n|t:|1783572506\n|switch|p1a: Weavile|Weavile, L79, F|100/100\n|turn|14\n|inactive|Time left: 300 sec this turn | 300 sec total\n|\n|t:|1783572507\n|switch|p1a: Passimian|Passimian, L83, M|100/100\n|move|p2a: Kommo-o|Drain Punch|p1a: Passimian\n|-damage|p1a: Passimian|63/100\n|-heal|p2a: Kommo-o|124/242|[from] drain|[of] p1a: Passimian\n|\n|upkeep\n|turn|15\n|inactive|Time left: 300 sec this turn | 300 sec total\n|\n|t:|1783572508\n|move|p2a: Kommo-o|Boomburst|p1a: Passimian\n|-damage|p1a: Passimian|0 fnt\n|faint|p1a: Passimian\n|\n|upkeep\n|\n|t:|1783572509\n|switch|p1a: Weavile|Weavile, L79, F|100/100\n|turn|16\n|inactive|Time left: 300 sec this turn | 300 sec total\n|\n|t:|1783572510\n|move|p2a: Kommo-o|Boomburst|p1a: Weavile\n|-damage|p1a: Weavile|0 fnt\n|faint|p1a: Weavile\n|\n|win|p0y2821f6bd", "uploadtime": 1783572510, "views": 0, "rating": 0, "private": 0, "password": null, "_winner": "p0y2821f6bd", "_our_name": "p0y2821f6bd"}