{"id": "battle-gen9randombattle-1474", "formatid": "gen9randombattle", "format": "[Gen 9] Random Battle", "players": ["p0x147436f0", "p0y1474f3c1"], "log": "|init|battle\n|title|p0x147436f0 vs. p0y1474f3c1\n|j|\u2606p0x147436f0\n|j|\u2606p0y1474f3c1\n|t:|1783557167\n|gametype|singles\n|player|p1|p0x147436f0|102|\n|player|p2|p0y1474f3c1|266|\n|gen|9\n|tier|[Gen 9] Random Battle\n|rule|Species Clause: Limit one of each Pok\u00e9mon\n|rule|HP Percentage Mod: HP is shown in percentages\n|rule|Sleep Clause Mod: Limit one foe put to sleep\n|rule|Illusion Level Mod: Illusion disguises the Pok\u00e9mon's true level\n|\n|t:|1783557167\n|teamsize|p1|6\n|teamsize|p2|6\n|start\n|switch|p1a: Venomoth|Venomoth, L84, F|100/100\n|switch|p2a: Basculin|Basculin-Blue-Striped, L86, F|261/261\n|turn|1\n|inactive|Battle timer is ON: inactive players will automatically lose when time's up. (requested by p0y1474f3c1)\n|inactive|p0x147436f0 also wants the timer to be on.\n|\n|t:|1783557169\n|move|p2a: Basculin|Wave Crash|p1a: Venomoth\n|-damage|p1a: Venomoth|0 fnt\n|faint|p1a: Venomoth\n|-damage|p2a: Basculin|177/261|[from] Recoil\n|\n|upkeep\n|\n|t:|1783557169\n|switch|p1a: Dusknoir|Dusknoir, L89, F|100/100\n|-item|p2a: Basculin|Choice Band|[from] ability: Frisk|[of] p1a: Dusknoir\n|turn|2\n|inactive|Time left: 300 sec this turn | 300 sec total\n|\n|t:|1783557171\n|move|p2a: Basculin|Wave Crash|p1a: Dusknoir\n|-damage|p1a: Dusknoir|23/100\n|-damage|p2a: Basculin|120/261|[from] Recoil\n|move|p1a: Dusknoir|Poltergeist|p2a: Basculin\n|-activate|p2a: Basculin|move: Poltergeist|Choice Band\n|-damage|p2a: Basculin|0 fnt\n|faint|p2a: Basculin\n|\n|upkeep\n|inactive|Time left: 300 sec this turn | 300 sec total | 5 sec grace\n|\n|t:|1783557171\n|switch|p2a: Lunala|Lunala, L70|308/308\n|turn|3\n|inactive|Time left: 300 sec this turn | 300 sec total\n|\n|t:|1783557172\n|switch|p1a: Squawkabilly|Squawkabilly, L85, M|100/100\n|move|p2a: Lunala|Moongeist Beam|p1a: Squawkabilly\n|-immune|p1a: Squawkabilly\n|\n|-status|p1a: Squawkabilly|brn|[from] item: Flame Orb\n|upkeep\n|turn|4\n|inactive|Time left: 300 sec this turn | 300 sec total\n|\n|t:|1783557173\n|move|p1a: Squawkabilly|Brave Bird|p2a: Lunala\n|-damage|p2a: Lunala|195/308\n|-damage|p1a: Squawkabilly|87/100 brn|[from] Recoil\n|move|p2a: Lunala|Calm Mind|p2a: Lunala\n|-boost|p2a: Lunala|spa|1\n|-boost|p2a: Lunala|spd|1\n|\n|-heal|p2a: Lunala|214/308|[from] item: Leftovers\n|-damage|p1a: Squawkabilly|81/100 brn|[from] brn\n|upkeep\n|turn|5\n|inactive|Time left: 300 sec this turn | 300 sec total\n|\n|t:|1783557174\n|move|p1a: Squawkabilly|Brave Bird|p2a: Lunala\n|-damage|p2a: Lunala|0 fnt\n|faint|p2a: Lunala\n|-damage|p1a: Squawkabilly|56/100 brn|[from] Recoil\n|\n|-damage|p1a: Squawkabilly|49/100 brn|[from] brn\n|upkeep\n|inactive|Time left: 300 sec this turn | 300 sec total | 5 sec grace\n|\n|t:|1783557175\n|switch|p2a: Tauros|Tauros-Paldea-Combat, L82, M|257/257\n|-ability|p2a: Tauros|Intimidate|boost\n|-unboost|p1a: Squawkabilly|atk|1\n|turn|6\n|inactive|Time left: 300 sec this turn | 300 sec total\n|\n|t:|1783557175\n|switch|p1a: Gliscor|Gliscor, L76, F|100/100\n|move|p2a: Tauros|Bulk Up|p2a: Tauros\n|-boost|p2a: Tauros|atk|1\n|-boost|p2a: Tauros|def|1\n|\n|-status|p1a: Gliscor|tox|[from] item: Toxic Orb\n|upkeep\n|turn|7\n|inactive|Time left: 300 sec this turn | 300 sec total\n|\n|t:|1783557176\n|move|p2a: Tauros|Bulk Up|p2a: Tauros\n|-boost|p2a: Tauros|atk|1\n|-boost|p2a: Tauros|def|1\n|move|p1a: Gliscor|Toxic|p2a: Tauros\n|-status|p2a: Tauros|tox\n|\n|-damage|p2a: Tauros|241/257 tox|[from] psn\n|upkeep\n|turn|8\n|inactive|Time left: 300 sec this turn | 300 sec total\n|\n|t:|1783557177\n|move|p2a: Tauros|Stone Edge|p1a: Gliscor|[miss]\n|-miss|p2a: Tauros|p1a: Gliscor\n|move|p1a: Gliscor|Substitute|p1a: Gliscor\n|-start|p1a: Gliscor|Substitute\n|-damage|p1a: Gliscor|76/100 tox\n|\n|-damage|p2a: Tauros|209/257 tox|[from] psn\n|-heal|p1a: Gliscor|88/100 tox|[from] ability: Poison Heal\n|upkeep\n|turn|9\n|inactive|Time left: 300 sec this turn | 300 sec total\n|\n|t:|1783557178\n|move|p2a: Tauros|Throat Chop|p1a: Gliscor\n|-end|p1a: Gliscor|Substitute\n|-damage|p2a: Tauros|184/257 tox|[from] item: Life Orb\n|move|p1a: Gliscor|Earthquake|p2a: Tauros\n|-damage|p2a: Tauros|142/257 tox\n|\n|-damage|p2a: Tauros|94/257 tox|[from] psn\n|-heal|p1a: Gliscor|99/100 tox|[from] ability: Poison Heal\n|upkeep\n|turn|10\n|inactive|Time left: 300 sec this turn | 300 sec total\n|\n|t:|1783557178\n|move|p2a: Tauros|Close Combat|p1a: Gliscor\n|-resisted|p1a: Gliscor\n|-damage|p1a: Gliscor|39/100 tox\n|-unboost|p2a: Tauros|def|1\n|-unboost|p2a: Tauros|spd|1\n|-damage|p2a: Tauros|69/257 tox|[from] item: Life Orb\n|move|p1a: Gliscor|Earthquake|p2a: Tauros\n|-damage|p2a: Tauros|14/257 tox\n|\n|-damage|p2a: Tauros|0 fnt|[from] psn\n|faint|p2a: Tauros\n|-heal|p1a: Gliscor|51/100 tox|[from] ability: Poison Heal\n|upkeep\n|inactive|Time left: 300 sec this turn | 300 sec total | 5 sec grace\n|\n|t:|1783557179\n|switch|p2a: Oricorio|Oricorio, L84, M|263/263\n|turn|11\n|inactive|Time left: 300 sec this turn | 300 sec total\n|\n|t:|1783557180\n|move|p2a: Oricorio|Quiver Dance|p2a: Oricorio\n|-boost|p2a: Oricorio|spa|1\n|-boost|p2a: Oricorio|spd|1\n|-boost|p2a: Oricorio|spe|1\n|move|p1a: Gliscor|Toxic|p2a: Oricorio\n|-status|p2a: Oricorio|tox\n|\n|-damage|p2a: Oricorio|247/263 tox|[from] psn\n|-heal|p1a: Gliscor|63/100 tox|[from] ability: Poison Heal\n|upkeep\n|turn|12\n|inactive|Time left: 300 sec this turn | 300 sec total\n|\n|t:|1783557181\n|move|p1a: Gliscor|Protect|p1a: Gliscor\n|-singleturn|p1a: Gliscor|Protect\n|move|p2a: Oricorio|Quiver Dance|p2a: Oricorio\n|-boost|p2a: Oricorio|spa|1\n|-boost|p2a: Oricorio|spd|1\n|-boost|p2a: Oricorio|spe|1\n|\n|-damage|p2a: Oricorio|215/263 tox|[from] psn\n|-heal|p1a: Gliscor|75/100 tox|[from] ability: Poison Heal\n|upkeep\n|turn|13\n|inactive|Time left: 300 sec this turn | 300 sec total\n|\n|t:|1783557182\n|switch|p1a: Camerupt|Camerupt, L91, M|100/100\n|move|p2a: Oricorio|Hurricane|p1a: Camerupt|[miss]\n|-miss|p2a: Oricorio|p1a: Camerupt\n|\n|-damage|p2a: Oricorio|167/263 tox|[from] psn\n|upkeep\n|turn|14\n|inactive|Time left: 300 sec this turn | 300 sec total\n|\n|t:|1783557183\n|move|p2a: Oricorio|Hurricane|p1a: Camerupt\n|-damage|p1a: Camerupt|19/100\n|-start|p1a: Camerupt|confusion\n|-activate|p1a: Camerupt|confusion\n|move|p1a: Camerupt|Roar|p2a: Oricorio\n|drag|p2a: Arbok|Arbok, L87, M|246/246\n|-ability|p2a: Arbok|Intimidate|boost\n|-unboost|p1a: Camerupt|atk|1\n|\n|-heal|p1a: Camerupt|26/100|[from] item: Leftovers\n|upkeep\n|turn|15\n|inactive|Time left: 300 sec this turn | 300 sec total\n|\n|t:|1783557184\n|switch|p1a: Gliscor|Gliscor, L76, F|75/100 tox\n|move|p2a: Arbok|Knock Off|p1a: Gliscor\n|-damage|p1a: Gliscor|41/100 tox\n|-enditem|p1a: Gliscor|Toxic Orb|[from] move: Knock Off|[of] p2a: Arbok\n|-damage|p2a: Arbok|222/246|[from] item: Life Orb\n|\n|-heal|p1a: Gliscor|53/100 tox|[from] ability: Poison Heal\n|upkeep\n|turn|16\n|inactive|Time left: 300 sec this turn | 300 sec total\n|\n|t:|1783557185\n|switch|p2a: Oricorio|Oricorio, L84, M|167/263 tox\n|move|p1a: Gliscor|Earthquake|p2a: Oricorio\n|-immune|p2a: Oricorio\n|\n|-damage|p2a: Oricorio|151/263 tox|[from] psn\n|-heal|p1a: Gliscor|65/100 tox|[from] ability: Poison Heal\n|upkeep\n|turn|17\n|inactive|Time left: 300 sec this turn | 300 sec total\n|\n|t:|1783557185\n|move|p2a: Oricorio|Quiver Dance|p2a: Oricorio\n|-boost|p2a: Oricorio|spa|1\n|-boost|p2a: Oricorio|spd|1\n|-boost|p2a: Oricorio|spe|1\n|move|p1a: Gliscor|Earthquake|p2a: Oricorio\n|-immune|p2a: Oricorio\n|\n|-damage|p2a: Oricorio|119/263 tox|[from] psn\n|-heal|p1a: Gliscor|77/100 tox|[from] ability: Poison Heal\n|upkeep\n|turn|18\n|inactive|Time left: 300 sec this turn | 300 sec total\n|\n|t:|1783557186\n|move|p1a: Gliscor|Protect|p1a: Gliscor\n|-singleturn|p1a: Gliscor|Protect\n|move|p2a: Oricorio|Hurricane|p1a: Gliscor\n|-activate|p1a: Gliscor|move: Protect\n|\n|-damage|p2a: Oricorio|71/263 tox|[from] psn\n|-heal|p1a: Gliscor|90/100 tox|[from] ability: Poison Heal\n|upkeep\n|turn|19\n|inactive|Time left: 300 sec this turn | 300 sec total\n|\n|t:|1783557187\n|move|p2a: Oricorio|Hurricane|p1a: Gliscor\n|-damage|p1a: Gliscor|0 fnt\n|faint|p1a: Gliscor\n|\n|-damage|p2a: Oricorio|7/263 tox|[from] psn\n|upkeep\n|\n|t:|1783557188\n|switch|p1a: Squawkabilly|Squawkabilly, L85, M|49/100 brn\n|turn|20\n|inactive|Time left: 300 sec this turn | 300 sec total\n|\n|t:|1783557189\n|move|p1a: Squawkabilly|Quick Attack|p2a: Oricorio\n|-damage|p2a: Oricorio|0 fnt\n|faint|p2a: Oricorio\n|\n|-damage|p1a: Squawkabilly|43/100 brn|[from] brn\n|upkeep\n|inactive|Time left: 300 sec this turn | 300 sec total | 5 sec grace\n|\n|t:|1783557190\n|switch|p2a: Arbok|Arbok, L87, M|222/246\n|-ability|p2a: Arbok|Intimidate|boost\n|-unboost|p1a: Squawkabilly|atk|1\n|turn|21\n|inactive|Time left: 300 sec this turn | 300 sec total\n|\n|t:|1783557191\n|-terastallize|p1a: Squawkabilly|Normal\n|move|p1a: Squawkabilly|Facade|p2a: Arbok\n|-damage|p2a: Arbok|0 fnt\n|faint|p2a: Arbok\n|\n|-damage|p1a: Squawkabilly|37/100 brn|[from] brn\n|upkeep\n|inactive|Time left: 300 sec this turn | 300 sec total | 5 sec grace\n|\n|t:|1783557192\n|switch|p2a: Great Tusk|Great Tusk, L77|304/304\n|turn|22\n|inactive|Time left: 300 sec this turn | 300 sec total\n|\n|t:|1783557193\n|switch|p1a: Dusknoir|Dusknoir, L89, F|23/100\n|-item|p2a: Great Tusk|Assault Vest|[from] ability: Frisk|[of] p1a: Dusknoir\n|move|p2a: Great Tusk|Rapid Spin|p1a: Dusknoir\n|-immune|p1a: Dusknoir\n|\n|upkeep\n|turn|23\n|inactive|Time left: 300 sec this turn | 300 sec total\n|\n|t:|1783557194\n|move|p2a: Great Tusk|Headlong Rush|p1a: Dusknoir\n|-damage|p1a: Dusknoir|0 fnt\n|-unboost|p2a: Great Tusk|def|1\n|-unboost|p2a: Great Tusk|spd|1\n|faint|p1a: Dusknoir\n|\n|upkeep\n|\n|t:|1783557195\n|switch|p1a: Greninja|Greninja, L80, M|100/100\n|turn|24\n|inactive|Time left: 300 sec this turn | 300 sec total\n|\n|t:|1783557196\n|-terastallize|p2a: Great Tusk|Steel\n|move|p1a: Greninja|Grass Knot|p2a: Great Tusk\n|-start|p1a: Greninja|typechange|Grass|[from] ability: Protean\n|-resisted|p2a: Great Tusk\n|-damage|p2a: Great Tusk|187/304\n|-damage|p1a: Greninja|91/100|[from] item: Life Orb\n|move|p2a: Great Tusk|Rapid Spin|p1a: Greninja\n|-damage|p1a: Greninja|72/100\n|-boost|p2a: Great Tusk|spe|1\n|\n|upkeep\n|turn|25\n|inactive|Time left: 300 sec this turn | 300 sec total\n|\n|t:|1783557198\n|move|p2a: Great Tusk|Close Combat|p1a: Greninja\n|-damage|p1a: Greninja|7/100\n|-unboost|p2a: Great Tusk|def|1\n|-unboost|p2a: Great Tusk|spd|1\n|move|p1a: Greninja|Hydro Pump|p2a: Great Tusk\n|-damage|p2a: Great Tusk|0 fnt\n|faint|p2a: Great Tusk\n|-end|p2a: Great Tusk|Protosynthesis|[silent]\n|-damage|p1a: Greninja|0 fnt|[from] item: Life Orb\n|faint|p1a: Greninja\n|\n|win|p0x147436f0", "uploadtime": 1783557198, "views": 0, "rating": 0, "private": 0, "password": null, "_winner": "p0x147436f0", "_our_name": "p0y1474f3c1"}