{"id": "battle-gen9randombattle-2978", "formatid": "gen9randombattle", "format": "[Gen 9] Random Battle", "players": ["p0x2978aac7", "p0y2978e120"], "log": "|init|battle\n|title|p0x2978aac7 vs. p0y2978e120\n|j|\u2606p0x2978aac7\n|j|\u2606p0y2978e120\n|t:|1783574291\n|gametype|singles\n|player|p1|p0x2978aac7|169|\n|player|p2|p0y2978e120|2|\n|gen|9\n|tier|[Gen 9] Random Battle\n|rule|Species Clause: Limit one of each Pok\u00e9mon\n|rule|HP Percentage Mod: HP is shown in percentages\n|rule|Sleep Clause Mod: Limit one foe put to sleep\n|rule|Illusion Level Mod: Illusion disguises the Pok\u00e9mon's true level\n|\n|t:|1783574291\n|teamsize|p1|6\n|teamsize|p2|6\n|start\n|switch|p1a: Pincurchin|Pincurchin, F|100/100\n|switch|p2a: Mamoswine|Mamoswine, L81, M|311/311\n|-fieldstart|move: Electric Terrain|[from] ability: Electric Surge|[of] p1a: Pincurchin\n|turn|1\n|inactive|Battle timer is ON: inactive players will automatically lose when time's up. (requested by p0x2978aac7)\n|inactive|Time left: 300 sec this turn | 300 sec total | 60 sec grace\n|inactive|p0y2978e120 also wants the timer to be on.\n|\n|t:|1783574293\n|-terastallize|p1a: Pincurchin|Water\n|move|p2a: Mamoswine|Earthquake|p1a: Pincurchin\n|-damage|p1a: Pincurchin|46/100\n|-damage|p2a: Mamoswine|280/311|[from] item: Life Orb\n|move|p1a: Pincurchin|Scald|p2a: Mamoswine\n|-supereffective|p2a: Mamoswine\n|-damage|p2a: Mamoswine|0 fnt\n|faint|p2a: Mamoswine\n|\n|-heal|p1a: Pincurchin|52/100|[from] item: Leftovers\n|upkeep\n|inactive|Time left: 300 sec this turn | 300 sec total | 65 sec grace\n|\n|t:|1783574294\n|switch|p2a: Banette|Banette, L93, F|270/270\n|turn|2\n|inactive|Time left: 300 sec this turn | 300 sec total\n|\n|t:|1783574295\n|switch|p1a: Gumshoos|Gumshoos, L95, F|100/100\n|move|p2a: Banette|Poltergeist|p1a: Gumshoos\n|-immune|p1a: Gumshoos\n|\n|upkeep\n|turn|3\n|inactive|Time left: 300 sec this turn | 300 sec total\n|\n|t:|1783574296\n|move|p2a: Banette|Gunk Shot|p1a: Gumshoos\n|-damage|p1a: Gumshoos|40/100\n|-damage|p2a: Banette|243/270|[from] item: Life Orb\n|move|p1a: Gumshoos|Knock Off|p2a: Banette\n|-supereffective|p2a: Banette\n|-damage|p2a: Banette|0 fnt\n|-start|p1a: Gumshoos|Disable|Knock Off|[from] ability: Cursed Body|[of] p2a: Banette\n|-enditem|p2a: Banette|Life Orb|[from] move: Knock Off|[of] p1a: Gumshoos\n|faint|p2a: Banette\n|\n|upkeep\n|inactive|Time left: 300 sec this turn | 300 sec total | 5 sec grace\n|\n|t:|1783574297\n|switch|p2a: Ludicolo|Ludicolo, L90, F|290/290\n|turn|4\n|inactive|Time left: 300 sec this turn | 300 sec total\n|\n|t:|1783574298\n|switch|p1a: Glastrier|Glastrier, L86|100/100\n|move|p2a: Ludicolo|Hydro Pump|p1a: Glastrier\n|-damage|p1a: Glastrier|51/100\n|\n|upkeep\n|turn|5\n|inactive|Time left: 300 sec this turn | 300 sec total\n|\n|t:|1783574298\n|switch|p1a: Amoonguss|Amoonguss, L82, M|100/100\n|move|p2a: Ludicolo|Hydro Pump|p1a: Amoonguss\n|-resisted|p1a: Amoonguss\n|-damage|p1a: Amoonguss|68/100\n|\n|-fieldend|move: Electric Terrain\n|upkeep\n|turn|6\n|inactive|Time left: 300 sec this turn | 300 sec total\n|\n|t:|1783574299\n|switch|p2a: Girafarig|Girafarig, L89, M|269/269\n|move|p1a: Amoonguss|Sludge Bomb|p2a: Girafarig\n|-damage|p2a: Girafarig|200/269\n|\n|upkeep\n|turn|7\n|inactive|Time left: 300 sec this turn | 300 sec total\n|\n|t:|1783574300\n|switch|p1a: Groudon|Groudon, L72|100/100\n|-weather|SunnyDay|[from] ability: Drought|[of] p1a: Groudon\n|move|p2a: Girafarig|Nasty Plot|p2a: Girafarig\n|-boost|p2a: Girafarig|spa|2\n|\n|-weather|SunnyDay|[upkeep]\n|upkeep\n|turn|8\n|inactive|Time left: 300 sec this turn | 300 sec total\n|\n|t:|1783574301\n|move|p2a: Girafarig|Hyper Voice|p1a: Groudon\n|-damage|p1a: Groudon|12/100\n|move|p1a: Groudon|Thunder Wave|p2a: Girafarig\n|-status|p2a: Girafarig|par\n|\n|-weather|SunnyDay|[upkeep]\n|-heal|p1a: Groudon|18/100|[from] item: Leftovers\n|upkeep\n|turn|9\n|inactive|Time left: 300 sec this turn | 300 sec total\n|\n|t:|1783574302\n|move|p1a: Groudon|Heat Crash|p2a: Girafarig\n|-damage|p2a: Girafarig|89/269 par\n|move|p2a: Girafarig|Hyper Voice|p1a: Groudon\n|-damage|p1a: Groudon|0 fnt\n|faint|p1a: Groudon\n|\n|-weather|SunnyDay|[upkeep]\n|upkeep\n|\n|t:|1783574303\n|switch|p1a: Gumshoos|Gumshoos, L95, F|40/100\n|turn|10\n|inactive|Time left: 300 sec this turn | 300 sec total\n|\n|t:|1783574304\n|move|p1a: Gumshoos|Earthquake|p2a: Girafarig\n|-damage|p2a: Girafarig|0 fnt\n|faint|p2a: Girafarig\n|\n|-weather|SunnyDay|[upkeep]\n|upkeep\n|inactive|Time left: 300 sec this turn | 300 sec total | 5 sec grace\n|\n|t:|1783574305\n|switch|p2a: Ribombee|Ribombee, L83, F|235/235\n|turn|11\n|inactive|Time left: 300 sec this turn | 300 sec total\n|\n|t:|1783574306\n|move|p2a: Ribombee|Moonblast|p1a: Gumshoos\n|-damage|p1a: Gumshoos|5/100\n|-unboost|p1a: Gumshoos|spa|1\n|move|p1a: Gumshoos|Earthquake|p2a: Ribombee\n|-resisted|p2a: Ribombee\n|-damage|p2a: Ribombee|143/235\n|\n|-weather|none\n|upkeep\n|turn|12\n|inactive|Time left: 300 sec this turn | 300 sec total\n|\n|t:|1783574307\n|move|p2a: Ribombee|Moonblast|p1a: Gumshoos\n|-damage|p1a: Gumshoos|0 fnt\n|faint|p1a: Gumshoos\n|\n|upkeep\n|\n|t:|1783574308\n|switch|p1a: Glastrier|Glastrier, L86|51/100\n|turn|13\n|inactive|Time left: 300 sec this turn | 300 sec total\n|\n|t:|1783574309\n|switch|p2a: Ludicolo|Ludicolo, L90, F|290/290\n|move|p1a: Glastrier|Icicle Crash|p2a: Ludicolo|[miss]\n|-miss|p1a: Glastrier|p2a: Ludicolo\n|\n|upkeep\n|turn|14\n|inactive|Time left: 300 sec this turn | 300 sec total\n|\n|t:|1783574310\n|switch|p1a: Amoonguss|Amoonguss, L82, M|100/100\n|move|p2a: Ludicolo|Hydro Pump|p1a: Amoonguss|[miss]\n|-miss|p2a: Ludicolo|p1a: Amoonguss\n|\n|upkeep\n|turn|15\n|inactive|Time left: 300 sec this turn | 300 sec total\n|\n|t:|1783574311\n|move|p2a: Ludicolo|Hydro Pump|p1a: Amoonguss\n|-resisted|p1a: Amoonguss\n|-damage|p1a: Amoonguss|65/100\n|move|p1a: Amoonguss|Sludge Bomb|p2a: Ludicolo\n|-supereffective|p2a: Ludicolo\n|-damage|p2a: Ludicolo|156/290\n|\n|upkeep\n|turn|16\n|inactive|Time left: 300 sec this turn | 300 sec total\n|\n|t:|1783574312\n|move|p2a: Ludicolo|Hydro Pump|p1a: Amoonguss\n|-resisted|p1a: Amoonguss\n|-damage|p1a: Amoonguss|35/100\n|move|p1a: Amoonguss|Sludge Bomb|p2a: Ludicolo\n|-supereffective|p2a: Ludicolo\n|-damage|p2a: Ludicolo|28/290\n|-status|p2a: Ludicolo|psn\n|\n|-damage|p2a: Ludicolo|0 fnt|[from] psn\n|faint|p2a: Ludicolo\n|upkeep\n|inactive|Time left: 300 sec this turn | 300 sec total | 5 sec grace\n|\n|t:|1783574313\n|switch|p2a: Lycanroc|Lycanroc, L86, F|269/269\n|turn|17\n|inactive|Time left: 300 sec this turn | 300 sec total\n|\n|t:|1783574314\n|switch|p1a: Pincurchin|Pincurchin, F, tera:Water|52/100\n|-fieldstart|move: Electric Terrain|[from] ability: Electric Surge|[of] p1a: Pincurchin\n|move|p2a: Lycanroc|Stone Edge|p1a: Pincurchin\n|-crit|p1a: Pincurchin\n|-damage|p1a: Pincurchin|0 fnt\n|faint|p1a: Pincurchin\n|-damage|p2a: Lycanroc|243/269|[from] item: Life Orb\n|\n|upkeep\n|\n|t:|1783574315\n|switch|p1a: Amoonguss|Amoonguss, L82, M|69/100\n|turn|18\n|inactive|Time left: 300 sec this turn | 300 sec total\n|\n|t:|1783574316\n|move|p2a: Lycanroc|Swords Dance|p2a: Lycanroc\n|-boost|p2a: Lycanroc|atk|2\n|move|p1a: Amoonguss|Giga Drain|p2a: Lycanroc\n|-supereffective|p2a: Lycanroc\n|-damage|p2a: Lycanroc|87/269\n|-heal|p1a: Amoonguss|93/100|[from] drain|[of] p2a: Lycanroc\n|\n|upkeep\n|turn|19\n|inactive|Time left: 300 sec this turn | 300 sec total\n|\n|t:|1783574317\n|move|p2a: Lycanroc|Stone Edge|p1a: Amoonguss\n|-damage|p1a: Amoonguss|0 fnt\n|faint|p1a: Amoonguss\n|-damage|p2a: Lycanroc|61/269|[from] item: Life Orb\n|\n|upkeep\n|\n|t:|1783574318\n|switch|p1a: Glastrier|Glastrier, L86|51/100\n|turn|20\n|inactive|Time left: 300 sec this turn | 300 sec total\n|\n|t:|1783574319\n|-terastallize|p2a: Lycanroc|Fighting\n|move|p2a: Lycanroc|Close Combat|p1a: Glastrier\n|-supereffective|p1a: Glastrier\n|-damage|p1a: Glastrier|0 fnt\n|-unboost|p2a: Lycanroc|def|1\n|-unboost|p2a: Lycanroc|spd|1\n|faint|p1a: Glastrier\n|-damage|p2a: Lycanroc|35/269|[from] item: Life Orb\n|\n|upkeep\n|\n|t:|1783574320\n|switch|p1a: Gyarados|Gyarados, L79, F|100/100\n|turn|21\n|inactive|Time left: 300 sec this turn | 300 sec total\n|\n|t:|1783574321\n|move|p2a: Lycanroc|Stone Edge|p1a: Gyarados\n|-supereffective|p1a: Gyarados\n|-damage|p1a: Gyarados|0 fnt\n|faint|p1a: Gyarados\n|-damage|p2a: Lycanroc|9/269|[from] item: Life Orb\n|\n|win|p0y2978e120", "uploadtime": 1783574321, "views": 0, "rating": 0, "private": 0, "password": null, "_winner": "p0y2978e120", "_our_name": "p0y2978e120"}