{"id": "battle-gen9randombattle-1283", "formatid": "gen9randombattle", "format": "[Gen 9] Random Battle", "players": ["p0x12833545", "p0y12835bee"], "log": "|init|battle\n|title|p0x12833545 vs. p0y12835bee\n|j|\u2606p0x12833545\n|j|\u2606p0y12835bee\n|t:|1783554014\n|gametype|singles\n|player|p1|p0x12833545|2|\n|player|p2|p0y12835bee|1|\n|gen|9\n|tier|[Gen 9] Random Battle\n|rule|Species Clause: Limit one of each Pok\u00e9mon\n|rule|HP Percentage Mod: HP is shown in percentages\n|rule|Sleep Clause Mod: Limit one foe put to sleep\n|rule|Illusion Level Mod: Illusion disguises the Pok\u00e9mon's true level\n|\n|t:|1783554014\n|teamsize|p1|6\n|teamsize|p2|6\n|start\n|switch|p1a: Chansey|Chansey, L85, F|564/564\n|switch|p2a: Glaceon|Glaceon, L94, M|100/100\n|turn|1\n|inactive|Battle timer is ON: inactive players will automatically lose when time's up. (requested by p0y12835bee)\n|inactive|Time left: 300 sec this turn | 300 sec total | 60 sec grace\n|\n|t:|1783554015\n|move|p2a: Glaceon|Calm Mind|p2a: Glaceon\n|-boost|p2a: Glaceon|spa|1\n|-boost|p2a: Glaceon|spd|1\n|move|p1a: Chansey|Seismic Toss|p2a: Glaceon\n|-damage|p2a: Glaceon|70/100\n|\n|upkeep\n|turn|2\n|inactive|Time left: 300 sec this turn | 300 sec total\n|inactive|p0x12833545 also wants the timer to be on.\n|\n|t:|1783554016\n|move|p2a: Glaceon|Freeze-Dry|p1a: Chansey\n|-damage|p1a: Chansey|462/564\n|move|p1a: Chansey|Thunder Wave|p2a: Glaceon\n|-status|p2a: Glaceon|par\n|\n|upkeep\n|turn|3\n|inactive|Time left: 300 sec this turn | 300 sec total\n|\n|t:|1783554017\n|move|p1a: Chansey|Seismic Toss|p2a: Glaceon\n|-damage|p2a: Glaceon|39/100 par\n|move|p2a: Glaceon|Freeze-Dry|p1a: Chansey\n|-damage|p1a: Chansey|362/564\n|\n|upkeep\n|turn|4\n|inactive|Time left: 300 sec this turn | 300 sec total\n|\n|t:|1783554018\n|move|p1a: Chansey|Seismic Toss|p2a: Glaceon\n|-damage|p2a: Glaceon|8/100 par\n|cant|p2a: Glaceon|par\n|\n|upkeep\n|turn|5\n|inactive|Time left: 300 sec this turn | 300 sec total\n|\n|t:|1783554019\n|move|p1a: Chansey|Seismic Toss|p2a: Glaceon\n|-damage|p2a: Glaceon|0 fnt\n|faint|p2a: Glaceon\n|\n|upkeep\n|\n|t:|1783554020\n|switch|p2a: Zacian|Zacian, L69|100/100\n|-ability|p2a: Zacian|Intrepid Sword|boost\n|-boost|p2a: Zacian|atk|1\n|turn|6\n|inactive|Time left: 300 sec this turn | 300 sec total\n|\n|t:|1783554022\n|switch|p1a: Armarouge|Armarouge, L80, F|267/267\n|move|p2a: Zacian|Play Rough|p1a: Armarouge\n|-resisted|p1a: Armarouge\n|-damage|p1a: Armarouge|186/267\n|-ability|p1a: Armarouge|Weak Armor|boost\n|-unboost|p1a: Armarouge|def|1\n|-boost|p1a: Armarouge|spe|2\n|\n|upkeep\n|turn|7\n|inactive|Time left: 300 sec this turn | 300 sec total\n|\n|t:|1783554023\n|move|p1a: Armarouge|Meteor Beam||[still]\n|-prepare|p1a: Armarouge|Meteor Beam\n|-boost|p1a: Armarouge|spa|1\n|-enditem|p1a: Armarouge|Power Herb\n|-anim|p1a: Armarouge|Meteor Beam|p2a: Zacian|[miss]\n|-miss|p1a: Armarouge|p2a: Zacian\n|move|p2a: Zacian|Play Rough|p1a: Armarouge\n|-resisted|p1a: Armarouge\n|-damage|p1a: Armarouge|56/267\n|-ability|p1a: Armarouge|Weak Armor|boost\n|-unboost|p1a: Armarouge|def|1\n|-boost|p1a: Armarouge|spe|2\n|\n|upkeep\n|turn|8\n|inactive|Time left: 300 sec this turn | 300 sec total\n|\n|t:|1783554024\n|-terastallize|p1a: Armarouge|Fire\n|move|p1a: Armarouge|Armor Cannon|p2a: Zacian\n|-damage|p2a: Zacian|0 fnt\n|-unboost|p1a: Armarouge|def|1\n|-unboost|p1a: Armarouge|spd|1\n|faint|p2a: Zacian\n|\n|upkeep\n|\n|t:|1783554025\n|switch|p2a: Entei|Entei, L78|100/100\n|turn|9\n|inactive|Time left: 300 sec this turn | 300 sec total\n|\n|t:|1783554026\n|move|p1a: Armarouge|Armor Cannon|p2a: Entei\n|-resisted|p2a: Entei\n|-damage|p2a: Entei|40/100\n|-unboost|p1a: Armarouge|def|1\n|-unboost|p1a: Armarouge|spd|1\n|move|p2a: Entei|Sacred Fire|p1a: Armarouge\n|-resisted|p1a: Armarouge\n|-damage|p1a: Armarouge|0 fnt\n|faint|p1a: Armarouge\n|\n|upkeep\n|inactive|Time left: 300 sec this turn | 300 sec total | 5 sec grace\n|\n|t:|1783554027\n|switch|p1a: Wugtrio|Wugtrio, L91, F|212/212\n|turn|10\n|inactive|Time left: 300 sec this turn | 300 sec total\n|\n|t:|1783554028\n|switch|p2a: Duraludon|Duraludon, L82, M|100/100\n|move|p1a: Wugtrio|Liquidation|p2a: Duraludon\n|-resisted|p2a: Duraludon\n|-damage|p2a: Duraludon|82/100\n|\n|upkeep\n|turn|11\n|inactive|Time left: 300 sec this turn | 300 sec total\n|\n|t:|1783554029\n|switch|p1a: Meloetta|Meloetta, L82|298/298\n|move|p2a: Duraludon|Thunder Wave|p1a: Meloetta\n|-status|p1a: Meloetta|par\n|\n|upkeep\n|turn|12\n|inactive|Time left: 300 sec this turn | 300 sec total\n|\n|t:|1783554030\n|move|p2a: Duraludon|Flash Cannon|p1a: Meloetta\n|-damage|p1a: Meloetta|229/298 par\n|-unboost|p1a: Meloetta|spd|1\n|move|p1a: Meloetta|Focus Blast|p2a: Duraludon|[miss]\n|-miss|p1a: Meloetta|p2a: Duraludon\n|\n|-heal|p1a: Meloetta|247/298 par|[from] item: Leftovers\n|upkeep\n|turn|13\n|inactive|Time left: 300 sec this turn | 300 sec total\n|\n|t:|1783554031\n|move|p2a: Duraludon|Flash Cannon|p1a: Meloetta\n|-damage|p1a: Meloetta|129/298 par\n|-unboost|p1a: Meloetta|spd|1\n|move|p1a: Meloetta|Focus Blast|p2a: Duraludon\n|-supereffective|p2a: Duraludon\n|-damage|p2a: Duraludon|0 fnt\n|faint|p2a: Duraludon\n|\n|-heal|p1a: Meloetta|147/298 par|[from] item: Leftovers\n|upkeep\n|\n|t:|1783554032\n|switch|p2a: Dodrio|Dodrio, L85, M|100/100\n|turn|14\n|inactive|Time left: 300 sec this turn | 300 sec total\n|\n|t:|1783554033\n|switch|p1a: Archaludon|Archaludon, L78, F|268/268\n|move|p2a: Dodrio|Brave Bird|p1a: Archaludon\n|-resisted|p1a: Archaludon\n|-damage|p1a: Archaludon|178/268\n|-ability|p1a: Archaludon|Stamina|boost\n|-boost|p1a: Archaludon|def|1\n|-damage|p2a: Dodrio|88/100|[from] Recoil\n|\n|upkeep\n|turn|15\n|inactive|Time left: 300 sec this turn | 300 sec total\n|\n|t:|1783554034\n|-terastallize|p2a: Dodrio|Flying\n|move|p2a: Dodrio|Brave Bird|p1a: Archaludon\n|-resisted|p1a: Archaludon\n|-damage|p1a: Archaludon|99/268\n|-ability|p1a: Archaludon|Stamina|boost\n|-boost|p1a: Archaludon|def|1\n|-damage|p2a: Dodrio|77/100|[from] Recoil\n|move|p1a: Archaludon|Outrage|p2a: Dodrio\n|-damage|p2a: Dodrio|20/100\n|\n|upkeep\n|turn|16\n|inactive|Time left: 300 sec this turn | 300 sec total\n|\n|t:|1783554035\n|move|p2a: Dodrio|Brave Bird|p1a: Archaludon\n|-resisted|p1a: Archaludon\n|-damage|p1a: Archaludon|45/268\n|-ability|p1a: Archaludon|Stamina|boost\n|-boost|p1a: Archaludon|def|1\n|-damage|p2a: Dodrio|13/100|[from] Recoil\n|move|p1a: Archaludon|Outrage|p2a: Dodrio|[from] lockedmove\n|-damage|p2a: Dodrio|0 fnt\n|faint|p2a: Dodrio\n|\n|upkeep\n|\n|t:|1783554036\n|switch|p2a: Ambipom|Ambipom, L84, F|100/100\n|turn|17\n|inactive|Time left: 300 sec this turn | 300 sec total\n|\n|t:|1783554037\n|move|p2a: Ambipom|Fake Out|p1a: Archaludon\n|-resisted|p1a: Archaludon\n|-damage|p1a: Archaludon|33/268\n|-ability|p1a: Archaludon|Stamina|boost\n|-boost|p1a: Archaludon|def|1\n|cant|p1a: Archaludon|flinch\n|\n|-start|p1a: Archaludon|confusion|[fatigue]\n|upkeep\n|-enditem|p1a: Archaludon|Lum Berry|[eat]\n|-end|p1a: Archaludon|confusion\n|turn|18\n|inactive|Time left: 300 sec this turn | 300 sec total\n|\n|t:|1783554038\n|move|p2a: Ambipom|Low Kick|p1a: Archaludon\n|-supereffective|p1a: Archaludon\n|-damage|p1a: Archaludon|3/268\n|-ability|p1a: Archaludon|Stamina|boost\n|-boost|p1a: Archaludon|def|1\n|move|p1a: Archaludon|Outrage|p2a: Ambipom\n|-damage|p2a: Ambipom|49/100\n|\n|upkeep\n|turn|19\n|inactive|Time left: 300 sec this turn | 300 sec total\n|\n|t:|1783554039\n|switch|p2a: Entei|Entei, L78|40/100\n|move|p1a: Archaludon|Outrage|p2a: Entei|[from] lockedmove\n|-damage|p2a: Entei|0 fnt\n|faint|p2a: Entei\n|\n|upkeep\n|\n|t:|1783554040\n|switch|p2a: Ambipom|Ambipom, L84, F|49/100\n|turn|20\n|inactive|Time left: 300 sec this turn | 300 sec total\n|\n|t:|1783554041\n|move|p2a: Ambipom|Knock Off|p1a: Archaludon\n|-damage|p1a: Archaludon|0 fnt\n|faint|p1a: Archaludon\n|\n|upkeep\n|inactive|Time left: 300 sec this turn | 300 sec total | 5 sec grace\n|\n|t:|1783554042\n|switch|p1a: Wugtrio|Wugtrio, L91, F|212/212\n|turn|21\n|inactive|Time left: 300 sec this turn | 300 sec total\n|\n|t:|1783554042\n|move|p1a: Wugtrio|Liquidation|p2a: Ambipom\n|-damage|p2a: Ambipom|0 fnt\n|faint|p2a: Ambipom\n|\n|win|p0x12833545", "uploadtime": 1783554043, "views": 0, "rating": 0, "private": 0, "password": null, "_winner": "p0x12833545", "_our_name": "p0x12833545"}