{"id": "battle-gen9randombattle-1888", "formatid": "gen9randombattle", "format": "[Gen 9] Random Battle", "players": ["p0x1888b772", "p0y18880668"], "log": "|init|battle\n|title|p0x1888b772 vs. p0y18880668\n|j|\u2606p0x1888b772\n|j|\u2606p0y18880668\n|t:|1783561071\n|gametype|singles\n|player|p1|p0x1888b772|102|\n|player|p2|p0y18880668|170|\n|gen|9\n|tier|[Gen 9] Random Battle\n|rule|Species Clause: Limit one of each Pok\u00e9mon\n|rule|HP Percentage Mod: HP is shown in percentages\n|rule|Sleep Clause Mod: Limit one foe put to sleep\n|rule|Illusion Level Mod: Illusion disguises the Pok\u00e9mon's true level\n|\n|t:|1783561071\n|teamsize|p1|6\n|teamsize|p2|6\n|start\n|switch|p1a: Carbink|Carbink, L90|100/100\n|switch|p2a: Slaking|Slaking, L84, F|389/389\n|turn|1\n|inactive|Battle timer is ON: inactive players will automatically lose when time's up. (requested by p0y18880668)\n|inactive|p0x1888b772 also wants the timer to be on.\n|\n|t:|1783561073\n|move|p2a: Slaking|Earthquake|p1a: Carbink\n|-supereffective|p1a: Carbink\n|-damage|p1a: Carbink|43/100\n|move|p1a: Carbink|Body Press|p2a: Slaking\n|-supereffective|p2a: Slaking\n|-damage|p2a: Slaking|215/389\n|\n|-heal|p1a: Carbink|49/100|[from] item: Leftovers\n|upkeep\n|turn|2\n|inactive|Time left: 300 sec this turn | 300 sec total\n|\n|t:|1783561074\n|switch|p2a: Arceus|Arceus-Water, L71|288/288\n|move|p1a: Carbink|Rock Polish|p1a: Carbink\n|-boost|p1a: Carbink|spe|2\n|\n|-heal|p1a: Carbink|55/100|[from] item: Leftovers\n|upkeep\n|turn|3\n|inactive|Time left: 300 sec this turn | 300 sec total\n|\n|t:|1783561075\n|move|p1a: Carbink|Body Press|p2a: Arceus\n|-damage|p2a: Arceus|201/288\n|move|p2a: Arceus|Judgment|p1a: Carbink\n|-supereffective|p1a: Carbink\n|-damage|p1a: Carbink|0 fnt\n|faint|p1a: Carbink\n|\n|upkeep\n|\n|t:|1783561076\n|switch|p1a: Victreebel|Victreebel, L90, M|100/100\n|turn|4\n|inactive|Time left: 300 sec this turn | 300 sec total\n|\n|t:|1783561077\n|move|p2a: Arceus|Will-O-Wisp|p1a: Victreebel|[miss]\n|-miss|p2a: Arceus|p1a: Victreebel\n|move|p1a: Victreebel|Power Whip|p2a: Arceus|[miss]\n|-miss|p1a: Victreebel|p2a: Arceus\n|\n|upkeep\n|turn|5\n|inactive|Time left: 300 sec this turn | 300 sec total\n|\n|t:|1783561078\n|move|p2a: Arceus|Will-O-Wisp|p1a: Victreebel\n|-status|p1a: Victreebel|brn\n|move|p1a: Victreebel|Power Whip|p2a: Arceus\n|-supereffective|p2a: Arceus\n|-damage|p2a: Arceus|14/288\n|-damage|p1a: Victreebel|90/100 brn|[from] item: Life Orb\n|\n|-damage|p1a: Victreebel|84/100 brn|[from] brn\n|upkeep\n|turn|6\n|inactive|Time left: 300 sec this turn | 300 sec total\n|\n|t:|1783561079\n|move|p2a: Arceus|Recover|p2a: Arceus\n|-heal|p2a: Arceus|158/288\n|move|p1a: Victreebel|Sludge Wave|p2a: Arceus\n|-damage|p2a: Arceus|18/288\n|-damage|p1a: Victreebel|74/100 brn|[from] item: Life Orb\n|\n|-damage|p1a: Victreebel|68/100 brn|[from] brn\n|upkeep\n|turn|7\n|inactive|Time left: 300 sec this turn | 300 sec total\n|\n|t:|1783561080\n|move|p2a: Arceus|Recover|p2a: Arceus\n|-heal|p2a: Arceus|162/288\n|move|p1a: Victreebel|Sludge Wave|p2a: Arceus\n|-damage|p2a: Arceus|28/288\n|-damage|p1a: Victreebel|58/100 brn|[from] item: Life Orb\n|\n|-damage|p1a: Victreebel|52/100 brn|[from] brn\n|upkeep\n|turn|8\n|inactive|Time left: 300 sec this turn | 300 sec total\n|\n|t:|1783561081\n|move|p2a: Arceus|Recover|p2a: Arceus\n|-heal|p2a: Arceus|172/288\n|move|p1a: Victreebel|Power Whip|p2a: Arceus\n|-supereffective|p2a: Arceus\n|-damage|p2a: Arceus|0 fnt\n|faint|p2a: Arceus\n|-damage|p1a: Victreebel|42/100 brn|[from] item: Life Orb\n|\n|-damage|p1a: Victreebel|36/100 brn|[from] brn\n|upkeep\n|inactive|Time left: 300 sec this turn | 300 sec total | 5 sec grace\n|\n|t:|1783561082\n|switch|p2a: Slaking|Slaking, L84, F|215/389\n|turn|9\n|inactive|Time left: 300 sec this turn | 300 sec total\n|\n|t:|1783561084\n|move|p2a: Slaking|Giga Impact|p1a: Victreebel\n|-damage|p1a: Victreebel|0 fnt\n|-mustrecharge|p2a: Slaking\n|faint|p1a: Victreebel\n|\n|upkeep\n|\n|t:|1783561085\n|switch|p1a: Zacian|Zacian-Crowned, L64|100/100\n|-ability|p1a: Zacian|Intrepid Sword|boost\n|-boost|p1a: Zacian|atk|1\n|turn|10\n|inactive|Time left: 300 sec this turn | 300 sec total\n|\n|t:|1783561086\n|cant|p2a: Slaking|recharge\n|move|p1a: Zacian|Behemoth Blade|p2a: Slaking\n|-damage|p2a: Slaking|92/389\n|\n|upkeep\n|turn|11\n|inactive|Time left: 300 sec this turn | 300 sec total\n|\n|t:|1783561087\n|move|p2a: Slaking|Giga Impact|p1a: Zacian\n|-resisted|p1a: Zacian\n|-damage|p1a: Zacian|47/100\n|-mustrecharge|p2a: Slaking\n|move|p1a: Zacian|Play Rough|p2a: Slaking\n|-damage|p2a: Slaking|0 fnt\n|faint|p2a: Slaking\n|\n|upkeep\n|inactive|Time left: 300 sec this turn | 300 sec total | 5 sec grace\n|\n|t:|1783561088\n|switch|p2a: Salazzle|Salazzle, L83, F|249/249\n|turn|12\n|inactive|Time left: 300 sec this turn | 300 sec total\n|\n|t:|1783561089\n|switch|p1a: Tyranitar|Tyranitar, L78, M|100/100\n|-weather|Sandstorm|[from] ability: Sand Stream|[of] p1a: Tyranitar\n|move|p2a: Salazzle|Fire Blast|p1a: Tyranitar\n|-resisted|p1a: Tyranitar\n|-damage|p1a: Tyranitar|91/100\n|\n|-weather|Sandstorm|[upkeep]\n|-damage|p2a: Salazzle|234/249|[from] Sandstorm\n|upkeep\n|turn|13\n|inactive|Time left: 300 sec this turn | 300 sec total\n|\n|t:|1783561090\n|switch|p2a: Sudowoodo|Sudowoodo, L94, M|284/284\n|move|p1a: Tyranitar|Stone Edge|p2a: Sudowoodo\n|-damage|p2a: Sudowoodo|197/284\n|\n|-weather|Sandstorm|[upkeep]\n|-heal|p2a: Sudowoodo|214/284|[from] item: Leftovers\n|upkeep\n|turn|14\n|inactive|Time left: 300 sec this turn | 300 sec total\n|\n|t:|1783561091\n|move|p1a: Tyranitar|Earthquake|p2a: Sudowoodo\n|-supereffective|p2a: Sudowoodo\n|-damage|p2a: Sudowoodo|106/284\n|move|p2a: Sudowoodo|Head Smash|p1a: Tyranitar\n|-damage|p1a: Tyranitar|30/100\n|\n|-weather|Sandstorm|[upkeep]\n|-heal|p2a: Sudowoodo|123/284|[from] item: Leftovers\n|upkeep\n|turn|15\n|inactive|Time left: 300 sec this turn | 300 sec total\n|\n|t:|1783561092\n|move|p1a: Tyranitar|Earthquake|p2a: Sudowoodo\n|-supereffective|p2a: Sudowoodo\n|-damage|p2a: Sudowoodo|7/284\n|move|p2a: Sudowoodo|Wood Hammer|p1a: Tyranitar\n|-supereffective|p1a: Tyranitar\n|-damage|p1a: Tyranitar|0 fnt\n|faint|p1a: Tyranitar\n|\n|-weather|Sandstorm|[upkeep]\n|-heal|p2a: Sudowoodo|24/284|[from] item: Leftovers\n|upkeep\n|\n|t:|1783561093\n|switch|p1a: Staraptor|Staraptor, L79, M|100/100\n|turn|16\n|inactive|Time left: 300 sec this turn | 300 sec total\n|\n|t:|1783561094\n|move|p2a: Sudowoodo|Sucker Punch|p1a: Staraptor\n|-damage|p1a: Staraptor|69/100\n|move|p1a: Staraptor|Brave Bird|p2a: Sudowoodo\n|-resisted|p2a: Sudowoodo\n|-damage|p2a: Sudowoodo|0 fnt\n|faint|p2a: Sudowoodo\n|-damage|p1a: Staraptor|66/100|[from] Recoil\n|\n|-weather|none\n|upkeep\n|inactive|Time left: 300 sec this turn | 300 sec total | 5 sec grace\n|\n|t:|1783561095\n|switch|p2a: Oinkologne|Oinkologne, L92, M|352/352\n|turn|17\n|inactive|Time left: 300 sec this turn | 300 sec total\n|\n|t:|1783561096\n|move|p1a: Staraptor|Brave Bird|p2a: Oinkologne\n|-damage|p2a: Oinkologne|190/352\n|-damage|p1a: Staraptor|45/100|[from] Recoil\n|move|p2a: Oinkologne|Double-Edge|p1a: Staraptor\n|-damage|p1a: Staraptor|0 fnt\n|faint|p1a: Staraptor\n|-damage|p2a: Oinkologne|151/352|[from] Recoil\n|\n|-heal|p2a: Oinkologne|173/352|[from] item: Leftovers\n|upkeep\n|\n|t:|1783561097\n|switch|p1a: Scyther|Scyther, L82, F|100/100\n|turn|18\n|inactive|Time left: 300 sec this turn | 300 sec total\n|\n|t:|1783561097\n|move|p1a: Scyther|Swords Dance|p1a: Scyther\n|-boost|p1a: Scyther|atk|2\n|move|p2a: Oinkologne|Double-Edge|p1a: Scyther\n|-damage|p1a: Scyther|32/100\n|-damage|p2a: Oinkologne|117/352|[from] Recoil\n|\n|-heal|p2a: Oinkologne|139/352|[from] item: Leftovers\n|upkeep\n|turn|19\n|inactive|Time left: 300 sec this turn | 300 sec total\n|\n|t:|1783561098\n|move|p1a: Scyther|Dual Wingbeat|p2a: Oinkologne\n|-damage|p2a: Oinkologne|0 fnt\n|faint|p2a: Oinkologne\n|-hitcount|p2: Oinkologne|1\n|\n|upkeep\n|inactive|Time left: 300 sec this turn | 300 sec total | 5 sec grace\n|\n|t:|1783561099\n|switch|p2a: Salazzle|Salazzle, L83, F|234/249\n|turn|20\n|inactive|Time left: 300 sec this turn | 300 sec total\n|\n|t:|1783561100\n|switch|p1a: Zacian|Zacian-Crowned, L64|47/100\n|move|p2a: Salazzle|Sludge Wave|p1a: Zacian\n|-immune|p1a: Zacian\n|\n|upkeep\n|turn|21\n|inactive|Time left: 300 sec this turn | 300 sec total\n|\n|t:|1783561101\n|switch|p1a: Scyther|Scyther, L82, F|32/100\n|move|p2a: Salazzle|Fire Blast|p1a: Scyther\n|-supereffective|p1a: Scyther\n|-damage|p1a: Scyther|0 fnt\n|faint|p1a: Scyther\n|\n|upkeep\n|\n|t:|1783561102\n|switch|p1a: Zacian|Zacian-Crowned, L64|47/100\n|turn|22\n|inactive|Time left: 300 sec this turn | 300 sec total\n|\n|t:|1783561103\n|-terastallize|p2a: Salazzle|Grass\n|move|p2a: Salazzle|Fire Blast|p1a: Zacian\n|-supereffective|p1a: Zacian\n|-damage|p1a: Zacian|0 fnt\n|faint|p1a: Zacian\n|\n|win|p0y18880668", "uploadtime": 1783561103, "views": 0, "rating": 0, "private": 0, "password": null, "_winner": "p0y18880668", "_our_name": "p0y18880668"}