{"id": "battle-gen9randombattle-980", "formatid": "gen9randombattle", "format": "[Gen 9] Random Battle", "players": ["p0x9801e4a", "p0y980866b"], "log": "|init|battle\n|title|p0x9801e4a vs. p0y980866b\n|j|\u2606p0x9801e4a\n|j|\u2606p0y980866b\n|t:|1783551269\n|gametype|singles\n|player|p1|p0x9801e4a|265|\n|player|p2|p0y980866b|1|\n|gen|9\n|tier|[Gen 9] Random Battle\n|rule|Species Clause: Limit one of each Pok\u00e9mon\n|rule|HP Percentage Mod: HP is shown in percentages\n|rule|Sleep Clause Mod: Limit one foe put to sleep\n|rule|Illusion Level Mod: Illusion disguises the Pok\u00e9mon's true level\n|\n|t:|1783551269\n|teamsize|p1|6\n|teamsize|p2|6\n|start\n|switch|p1a: Heracross|Heracross, L80, M|100/100\n|switch|p2a: Salamence|Salamence, L77, F|273/273\n|-ability|p2a: Salamence|Intimidate|boost\n|-unboost|p1a: Heracross|atk|1\n|turn|1\n|inactive|Battle timer is ON: inactive players will automatically lose when time's up. (requested by p0y980866b)\n|inactive|p0x9801e4a also wants the timer to be on.\n|\n|t:|1783551270\n|switch|p1a: Moltres|Moltres, L81|100/100\n|move|p2a: Salamence|Outrage|p1a: Moltres\n|-damage|p1a: Moltres|48/100\n|\n|upkeep\n|turn|2\n|inactive|Time left: 300 sec this turn | 300 sec total\n|\n|t:|1783551272\n|switch|p1a: Iron Hands|Iron Hands, L79|100/100\n|move|p2a: Salamence|Outrage|p1a: Iron Hands|[from] lockedmove\n|-damage|p1a: Iron Hands|64/100\n|-start|p2a: Salamence|confusion|[fatigue]\n|\n|upkeep\n|turn|3\n|inactive|Time left: 300 sec this turn | 300 sec total\n|\n|t:|1783551273\n|switch|p2a: Zacian|Zacian, L69|241/241\n|-ability|p2a: Zacian|Intrepid Sword|boost\n|-boost|p2a: Zacian|atk|1\n|move|p1a: Iron Hands|Ice Punch|p2a: Zacian\n|-damage|p2a: Zacian|176/241\n|\n|upkeep\n|turn|4\n|inactive|Time left: 300 sec this turn | 300 sec total\n|\n|t:|1783551274\n|-end|p1a: Iron Hands|Quark Drive|[silent]\n|switch|p1a: Cresselia|Cresselia, L80, F|100/100\n|move|p2a: Zacian|Play Rough|p1a: Cresselia\n|-damage|p1a: Cresselia|61/100\n|-damage|p2a: Zacian|152/241|[from] item: Life Orb\n|\n|-heal|p1a: Cresselia|67/100|[from] item: Leftovers\n|upkeep\n|turn|5\n|inactive|Time left: 300 sec this turn | 300 sec total\n|\n|t:|1783551275\n|move|p2a: Zacian|Swords Dance|p2a: Zacian\n|-boost|p2a: Zacian|atk|2\n|move|p1a: Cresselia|Moonlight|p1a: Cresselia\n|-heal|p1a: Cresselia|100/100\n|\n|upkeep\n|turn|6\n|inactive|Time left: 300 sec this turn | 300 sec total\n|\n|t:|1783551276\n|move|p2a: Zacian|Crunch|p1a: Cresselia\n|-supereffective|p1a: Cresselia\n|-damage|p1a: Cresselia|22/100\n|-damage|p2a: Zacian|128/241|[from] item: Life Orb\n|move|p1a: Cresselia|Psyshock|p2a: Zacian\n|-damage|p2a: Zacian|64/241\n|\n|-heal|p1a: Cresselia|29/100|[from] item: Leftovers\n|upkeep\n|turn|7\n|inactive|Time left: 300 sec this turn | 300 sec total\n|\n|t:|1783551277\n|switch|p1a: Dondozo|Dondozo, L78, M|100/100\n|move|p2a: Zacian|Play Rough|p1a: Dondozo\n|-damage|p1a: Dondozo|77/100\n|-damage|p2a: Zacian|40/241|[from] item: Life Orb\n|\n|-heal|p1a: Dondozo|83/100|[from] item: Leftovers\n|upkeep\n|turn|8\n|inactive|Time left: 300 sec this turn | 300 sec total\n|\n|t:|1783551278\n|switch|p2a: Salamence|Salamence, L77, F|273/273\n|-ability|p2a: Salamence|Intimidate|boost\n|-unboost|p1a: Dondozo|atk|1\n|move|p1a: Dondozo|Wave Crash|p2a: Salamence\n|-resisted|p2a: Salamence\n|-damage|p2a: Salamence|226/273\n|-damage|p1a: Dondozo|78/100|[from] Recoil\n|\n|-heal|p1a: Dondozo|84/100|[from] item: Leftovers\n|upkeep\n|turn|9\n|inactive|Time left: 300 sec this turn | 300 sec total\n|\n|t:|1783551280\n|move|p2a: Salamence|Outrage|p1a: Dondozo\n|-damage|p1a: Dondozo|54/100\n|move|p1a: Dondozo|Wave Crash|p2a: Salamence\n|-resisted|p2a: Salamence\n|-damage|p2a: Salamence|185/273\n|-damage|p1a: Dondozo|50/100|[from] Recoil\n|\n|-heal|p1a: Dondozo|56/100|[from] item: Leftovers\n|upkeep\n|turn|10\n|inactive|Time left: 300 sec this turn | 300 sec total\n|\n|t:|1783551281\n|move|p2a: Salamence|Outrage|p1a: Dondozo|[from] lockedmove\n|-damage|p1a: Dondozo|20/100\n|-start|p2a: Salamence|confusion|[fatigue]\n|move|p1a: Dondozo|Rest|p1a: Dondozo\n|-status|p1a: Dondozo|slp|[from] move: Rest\n|-heal|p1a: Dondozo|100/100 slp|[silent]\n|\n|upkeep\n|turn|11\n|inactive|Time left: 300 sec this turn | 300 sec total\n|\n|t:|1783551282\n|switch|p1a: Heracross|Heracross, L80, M|100/100\n|-activate|p2a: Salamence|confusion\n|move|p2a: Salamence|Outrage|p1a: Heracross\n|-damage|p1a: Heracross|38/100\n|\n|-status|p1a: Heracross|brn|[from] item: Flame Orb\n|upkeep\n|turn|12\n|inactive|Time left: 300 sec this turn | 300 sec total\n|\n|t:|1783551283\n|switch|p1a: Iron Hands|Iron Hands, L79|64/100\n|-activate|p2a: Salamence|confusion\n|move|p2a: Salamence|Outrage|p1a: Iron Hands|[from] lockedmove\n|-crit|p1a: Iron Hands\n|-damage|p1a: Iron Hands|10/100\n|\n|upkeep\n|turn|13\n|inactive|Time left: 300 sec this turn | 300 sec total\n|\n|t:|1783551284\n|-activate|p2a: Salamence|confusion\n|move|p2a: Salamence|Outrage|p1a: Iron Hands|[from] lockedmove\n|-damage|p1a: Iron Hands|0 fnt\n|faint|p1a: Iron Hands\n|-end|p1a: Iron Hands|Quark Drive|[silent]\n|\n|upkeep\n|\n|t:|1783551285\n|switch|p1a: Dragapult|Dragapult, L77, M|100/100\n|turn|14\n|inactive|Time left: 300 sec this turn | 300 sec total\n|\n|t:|1783551286\n|-terastallize|p2a: Salamence|Ground\n|move|p1a: Dragapult|Draco Meteor|p2a: Salamence|[miss]\n|-miss|p1a: Dragapult|p2a: Salamence\n|-activate|p2a: Salamence|confusion\n|move|p2a: Salamence|Outrage|p1a: Dragapult\n|-supereffective|p1a: Dragapult\n|-damage|p1a: Dragapult|0 fnt\n|faint|p1a: Dragapult\n|\n|upkeep\n|\n|t:|1783551287\n|switch|p1a: Dondozo|Dondozo, L78, M|100/100 slp\n|turn|15\n|inactive|Time left: 300 sec this turn | 300 sec total\n|\n|t:|1783551288\n|-end|p2a: Salamence|confusion\n|move|p2a: Salamence|Outrage|p1a: Dondozo|[from] lockedmove\n|-damage|p1a: Dondozo|70/100 slp\n|cant|p1a: Dondozo|slp\n|move|p1a: Dondozo|Sleep Talk|p1a: Dondozo\n|move|p1a: Dondozo|Wave Crash|p2a: Salamence|[from] move: Sleep Talk\n|-supereffective|p2a: Salamence\n|-damage|p2a: Salamence|0 fnt\n|faint|p2a: Salamence\n|-damage|p1a: Dondozo|53/100 slp|[from] Recoil\n|\n|-heal|p1a: Dondozo|59/100 slp|[from] item: Leftovers\n|upkeep\n|inactive|Time left: 300 sec this turn | 300 sec total | 5 sec grace\n|\n|t:|1783551289\n|switch|p2a: Charizard|Charizard, L85, M|271/271\n|turn|16\n|inactive|Time left: 300 sec this turn | 300 sec total\n|\n|t:|1783551290\n|move|p2a: Charizard|Outrage|p1a: Dondozo\n|-damage|p1a: Dondozo|41/100 slp\n|cant|p1a: Dondozo|slp\n|move|p1a: Dondozo|Sleep Talk|p1a: Dondozo\n|move|p1a: Dondozo|Wave Crash|p2a: Charizard|[from] move: Sleep Talk\n|-supereffective|p2a: Charizard\n|-damage|p2a: Charizard|23/271\n|-damage|p1a: Dondozo|19/100 slp|[from] Recoil\n|\n|-heal|p1a: Dondozo|25/100 slp|[from] item: Leftovers\n|upkeep\n|turn|17\n|inactive|Time left: 300 sec this turn | 300 sec total\n|\n|t:|1783551291\n|move|p2a: Charizard|Outrage|p1a: Dondozo|[from] lockedmove\n|-damage|p1a: Dondozo|5/100 slp\n|-curestatus|p1a: Dondozo|slp|[msg]\n|move|p1a: Dondozo|Rest|p1a: Dondozo\n|-status|p1a: Dondozo|slp|[from] move: Rest\n|-heal|p1a: Dondozo|100/100 slp|[silent]\n|\n|upkeep\n|turn|18\n|inactive|Time left: 300 sec this turn | 300 sec total\n|\n|t:|1783551292\n|move|p2a: Charizard|Outrage|p1a: Dondozo|[from] lockedmove\n|-damage|p1a: Dondozo|82/100 slp\n|-start|p2a: Charizard|confusion|[fatigue]\n|cant|p1a: Dondozo|slp\n|move|p1a: Dondozo|Sleep Talk|p1a: Dondozo\n|move|p1a: Dondozo|Curse|p1a: Dondozo|[from] move: Sleep Talk\n|-unboost|p1a: Dondozo|spe|1\n|-boost|p1a: Dondozo|atk|1\n|-boost|p1a: Dondozo|def|1\n|\n|-heal|p1a: Dondozo|88/100 slp|[from] item: Leftovers\n|upkeep\n|turn|19\n|inactive|Time left: 300 sec this turn | 300 sec total\n|\n|t:|1783551294\n|switch|p2a: Arcanine|Arcanine, L84, F|288/288\n|-ability|p2a: Arcanine|Intimidate|boost\n|-unboost|p1a: Dondozo|atk|1\n|cant|p1a: Dondozo|slp\n|move|p1a: Dondozo|Sleep Talk|p1a: Dondozo\n|move|p1a: Dondozo|Curse|p1a: Dondozo|[from] move: Sleep Talk\n|-unboost|p1a: Dondozo|spe|1\n|-boost|p1a: Dondozo|atk|1\n|-boost|p1a: Dondozo|def|1\n|\n|-heal|p1a: Dondozo|94/100 slp|[from] item: Leftovers\n|upkeep\n|turn|20\n|inactive|Time left: 300 sec this turn | 300 sec total\n|\n|t:|1783551295\n|switch|p2a: Quagsire|Quagsire, L84, M|297/297\n|-curestatus|p1a: Dondozo|slp|[msg]\n|move|p1a: Dondozo|Wave Crash|p2a: Quagsire\n|-damage|p2a: Quagsire|188/297\n|-damage|p1a: Dondozo|84/100|[from] Recoil\n|\n|-heal|p2a: Quagsire|206/297|[from] item: Leftovers\n|-heal|p1a: Dondozo|90/100|[from] item: Leftovers\n|upkeep\n|turn|21\n|inactive|Time left: 300 sec this turn | 300 sec total\n|\n|t:|1783551295\n|move|p2a: Quagsire|Toxic|p1a: Dondozo\n|-status|p1a: Dondozo|tox\n|move|p1a: Dondozo|Wave Crash|p2a: Quagsire\n|-damage|p2a: Quagsire|89/297\n|-damage|p1a: Dondozo|80/100 tox|[from] Recoil\n|\n|-heal|p2a: Quagsire|107/297|[from] item: Leftovers\n|-heal|p1a: Dondozo|86/100 tox|[from] item: Leftovers\n|-damage|p1a: Dondozo|80/100 tox|[from] psn\n|upkeep\n|turn|22\n|inactive|Time left: 300 sec this turn | 300 sec total\n|\n|t:|1783551297\n|move|p2a: Quagsire|Recover|p2a: Quagsire\n|-heal|p2a: Quagsire|256/297\n|move|p1a: Dondozo|Wave Crash|p2a: Quagsire\n|-damage|p2a: Quagsire|141/297\n|-damage|p1a: Dondozo|69/100 tox|[from] Recoil\n|\n|-heal|p2a: Quagsire|159/297|[from] item: Leftovers\n|-heal|p1a: Dondozo|75/100 tox|[from] item: Leftovers\n|-damage|p1a: Dondozo|63/100 tox|[from] psn\n|upkeep\n|turn|23\n|inactive|Time left: 300 sec this turn | 300 sec total\n|\n|t:|1783551298\n|move|p2a: Quagsire|Recover|p2a: Quagsire\n|-heal|p2a: Quagsire|297/297\n|move|p1a: Dondozo|Rest|p1a: Dondozo\n|-status|p1a: Dondozo|slp|[from] move: Rest\n|-heal|p1a: Dondozo|100/100 slp|[silent]\n|\n|upkeep\n|turn|24\n|inactive|Time left: 300 sec this turn | 300 sec total\n|\n|t:|1783551299\n|move|p2a: Quagsire|Toxic||[still]\n|-fail|p2a: Quagsire\n|cant|p1a: Dondozo|slp\n|move|p1a: Dondozo|Sleep Talk|p1a: Dondozo\n|move|p1a: Dondozo|Rest||[from] move: Sleep Talk|[still]\n|-fail|p1a: Dondozo\n|\n|upkeep\n|turn|25\n|inactive|Time left: 300 sec this turn | 300 sec total\n|\n|t:|1783551300\n|move|p2a: Quagsire|Spikes|p1a: Dondozo\n|-sidestart|p1: p0x9801e4a|Spikes\n|cant|p1a: Dondozo|slp\n|move|p1a: Dondozo|Sleep Talk|p1a: Dondozo\n|move|p1a: Dondozo|Rest||[from] move: Sleep Talk|[still]\n|-fail|p1a: Dondozo\n|\n|upkeep\n|turn|26\n|inactive|Time left: 300 sec this turn | 300 sec total\n|\n|t:|1783551301\n|move|p2a: Quagsire|Spikes|p1a: Dondozo\n|-sidestart|p1: p0x9801e4a|Spikes\n|-curestatus|p1a: Dondozo|slp|[msg]\n|move|p1a: Dondozo|Wave Crash|p2a: Quagsire\n|-damage|p2a: Quagsire|183/297\n|-damage|p1a: Dondozo|90/100|[from] Recoil\n|\n|-heal|p2a: Quagsire|201/297|[from] item: Leftovers\n|-heal|p1a: Dondozo|96/100|[from] item: Leftovers\n|upkeep\n|turn|27\n|inactive|Time left: 300 sec this turn | 300 sec total\n|\n|t:|1783551302\n|move|p2a: Quagsire|Toxic|p1a: Dondozo\n|-status|p1a: Dondozo|tox\n|move|p1a: Dondozo|Wave Crash|p2a: Quagsire\n|-damage|p2a: Quagsire|81/297\n|-damage|p1a: Dondozo|85/100 tox|[from] Recoil\n|\n|-heal|p2a: Quagsire|99/297|[from] item: Leftovers\n|-heal|p1a: Dondozo|91/100 tox|[from] item: Leftovers\n|-damage|p1a: Dondozo|85/100 tox|[from] psn\n|upkeep\n|turn|28\n|inactive|Time left: 300 sec this turn | 300 sec total\n|\n|t:|1783551303\n|switch|p1a: Cresselia|Cresselia, L80, F|29/100\n|move|p2a: Quagsire|Recover|p2a: Quagsire\n|-heal|p2a: Quagsire|248/297\n|\n|-heal|p1a: Cresselia|35/100|[from] item: Leftovers\n|-heal|p2a: Quagsire|266/297|[from] item: Leftovers\n|upkeep\n|turn|29\n|inactive|Time left: 300 sec this turn | 300 sec total\n|\n|t:|1783551304\n|move|p1a: Cresselia|Moonlight|p1a: Cresselia\n|-heal|p1a: Cresselia|85/100\n|move|p2a: Quagsire|Toxic|p1a: Cresselia\n|-status|p1a: Cresselia|tox\n|\n|-heal|p1a: Cresselia|91/100 tox|[from] item: Leftovers\n|-heal|p2a: Quagsire|284/297|[from] item: Leftovers\n|-damage|p1a: Cresselia|85/100 tox|[from] psn\n|upkeep\n|turn|30\n|inactive|Time left: 300 sec this turn | 300 sec total\n|\n|t:|1783551305\n|move|p1a: Cresselia|Calm Mind|p1a: Cresselia\n|-boost|p1a: Cresselia|spa|1\n|-boost|p1a: Cresselia|spd|1\n|move|p2a: Quagsire|Spikes|p1a: Cresselia\n|-sidestart|p1: p0x9801e4a|Spikes\n|\n|-heal|p1a: Cresselia|91/100 tox|[from] item: Leftovers\n|-heal|p2a: Quagsire|297/297|[from] item: Leftovers\n|-damage|p1a: Cresselia|79/100 tox|[from] psn\n|upkeep\n|turn|31\n|inactive|Time left: 300 sec this turn | 300 sec total\n|\n|t:|1783551307\n|switch|p2a: Arcanine|Arcanine, L84, F|288/288\n|-ability|p2a: Arcanine|Intimidate|boost\n|-unboost|p1a: Cresselia|atk|1\n|move|p1a: Cresselia|Calm Mind|p1a: Cresselia\n|-boost|p1a: Cresselia|spa|1\n|-boost|p1a: Cresselia|spd|1\n|\n|-heal|p1a: Cresselia|85/100 tox|[from] item: Leftovers\n|-damage|p1a: Cresselia|66/100 tox|[from] psn\n|upkeep\n|turn|32\n|inactive|Time left: 300 sec this turn | 300 sec total\n|\n|t:|1783551308\n|move|p2a: Arcanine|Flare Blitz|p1a: Cresselia\n|-damage|p1a: Cresselia|29/100 tox\n|-damage|p2a: Arcanine|248/288|[from] Recoil\n|move|p1a: Cresselia|Moonlight|p1a: Cresselia\n|-heal|p1a: Cresselia|79/100 tox\n|\n|-heal|p1a: Cresselia|85/100 tox|[from] item: Leftovers\n|-damage|p1a: Cresselia|60/100 tox|[from] psn\n|upkeep\n|turn|33\n|inactive|Time left: 300 sec this turn | 300 sec total\n|\n|t:|1783551309\n|move|p2a: Arcanine|Flare Blitz|p1a: Cresselia\n|-damage|p1a: Cresselia|22/100 tox\n|-damage|p2a: Arcanine|208/288|[from] Recoil\n|move|p1a: Cresselia|Moonlight|p1a: Cresselia\n|-heal|p1a: Cresselia|72/100 tox\n|\n|-heal|p1a: Cresselia|79/100 tox|[from] item: Leftovers\n|-damage|p1a: Cresselia|48/100 tox|[from] psn\n|upkeep\n|turn|34\n|inactive|Time left: 300 sec this turn | 300 sec total\n|\n|t:|1783551310\n|move|p2a: Arcanine|Extreme Speed|p1a: Cresselia\n|-damage|p1a: Cresselia|30/100 tox\n|move|p1a: Cresselia|Moonlight|p1a: Cresselia\n|-heal|p1a: Cresselia|80/100 tox\n|\n|-heal|p1a: Cresselia|86/100 tox|[from] item: Leftovers\n|-damage|p1a: Cresselia|49/100 tox|[from] psn\n|upkeep\n|turn|35\n|inactive|Time left: 300 sec this turn | 300 sec total\n|\n|t:|1783551311\n|move|p2a: Arcanine|Morning Sun|p2a: Arcanine\n|-heal|p2a: Arcanine|288/288\n|move|p1a: Cresselia|Moonlight|p1a: Cresselia\n|-heal|p1a: Cresselia|99/100 tox\n|\n|-heal|p1a: Cresselia|100/100 tox|[from] item: Leftovers\n|-damage|p1a: Cresselia|57/100 tox|[from] psn\n|upkeep\n|turn|36\n|inactive|Time left: 300 sec this turn | 300 sec total\n|\n|t:|1783551311\n|switch|p1a: Moltres|Moltres, L81|48/100\n|move|p2a: Arcanine|Extreme Speed|p1a: Moltres\n|-damage|p1a: Moltres|25/100\n|\n|upkeep\n|turn|37\n|inactive|Time left: 300 sec this turn | 300 sec total\n|\n|t:|1783551312\n|move|p2a: Arcanine|Flare Blitz|p1a: Moltres\n|-resisted|p1a: Moltres\n|-damage|p1a: Moltres|1/100\n|-damage|p2a: Arcanine|266/288|[from] Recoil\n|move|p1a: Moltres|Roost|p1a: Moltres\n|-heal|p1a: Moltres|51/100\n|-singleturn|p1a: Moltres|move: Roost\n|\n|upkeep\n|turn|38\n|inactive|Time left: 300 sec this turn | 300 sec total\n|\n|t:|1783551313\n|move|p2a: Arcanine|Extreme Speed|p1a: Moltres\n|-damage|p1a: Moltres|29/100\n|move|p1a: Moltres|Roost|p1a: Moltres\n|-heal|p1a: Moltres|79/100\n|-singleturn|p1a: Moltres|move: Roost\n|\n|upkeep\n|turn|39\n|inactive|Time left: 300 sec this turn | 300 sec total\n|\n|t:|1783551314\n|move|p2a: Arcanine|Flare Blitz|p1a: Moltres\n|-resisted|p1a: Moltres\n|-damage|p1a: Moltres|53/100\n|-damage|p2a: Arcanine|242/288|[from] Recoil\n|move|p1a: Moltres|Roost|p1a: Moltres\n|-heal|p1a: Moltres|100/100\n|-singleturn|p1a: Moltres|move: Roost\n|\n|upkeep\n|turn|40\n|inactive|Time left: 300 sec this turn | 300 sec total\n|\n|t:|1783551316\n|move|p2a: Arcanine|Morning Sun|p2a: Arcanine\n|-heal|p2a: Arcanine|288/288\n|move|p1a: Moltres|Fire Blast|p2a: Arcanine\n|-resisted|p2a: Arcanine\n|-damage|p2a: Arcanine|216/288\n|\n|upkeep\n|turn|41\n|inactive|Time left: 300 sec this turn | 300 sec total\n|\n|t:|1783551317\n|move|p2a: Arcanine|Morning Sun|p2a: Arcanine\n|-heal|p2a: Arcanine|288/288\n|move|p1a: Moltres|Fire Blast|p2a: Arcanine\n|-resisted|p2a: Arcanine\n|-damage|p2a: Arcanine|219/288\n|\n|upkeep\n|turn|42\n|inactive|Time left: 300 sec this turn | 300 sec total\n|\n|t:|1783551318\n|move|p2a: Arcanine|Morning Sun|p2a: Arcanine\n|-heal|p2a: Arcanine|288/288\n|move|p1a: Moltres|Brave Bird|p2a: Arcanine\n|-damage|p2a: Arcanine|159/288\n|-damage|p1a: Moltres|85/100|[from] Recoil\n|\n|upkeep\n|turn|43\n|inactive|Time left: 300 sec this turn | 300 sec total\n|\n|t:|1783551319\n|move|p2a: Arcanine|Morning Sun|p2a: Arcanine\n|-heal|p2a: Arcanine|288/288\n|move|p1a: Moltres|Brave Bird|p2a: Arcanine\n|-damage|p2a: Arcanine|158/288\n|-damage|p1a: Moltres|70/100|[from] Recoil\n|\n|upkeep\n|turn|44\n|inactive|Time left: 300 sec this turn | 300 sec total\n|\n|t:|1783551320\n|move|p2a: Arcanine|Morning Sun|p2a: Arcanine\n|-heal|p2a: Arcanine|288/288\n|move|p1a: Moltres|Brave Bird|p2a: Arcanine\n|-damage|p2a: Arcanine|164/288\n|-damage|p1a: Moltres|55/100|[from] Recoil\n|\n|upkeep\n|turn|45\n|inactive|Time left: 300 sec this turn | 300 sec total\n|\n|t:|1783551321\n|move|p2a: Arcanine|Morning Sun|p2a: Arcanine\n|-heal|p2a: Arcanine|288/288\n|move|p1a: Moltres|Roost|p1a: Moltres\n|-heal|p1a: Moltres|100/100\n|-singleturn|p1a: Moltres|move: Roost\n|\n|upkeep\n|turn|46\n|inactive|Time left: 300 sec this turn | 300 sec total\n|\n|t:|1783551322\n|move|p2a: Arcanine|Flare Blitz|p1a: Moltres\n|-resisted|p1a: Moltres\n|-damage|p1a: Moltres|75/100\n|-damage|p2a: Arcanine|265/288|[from] Recoil\n|move|p1a: Moltres|Brave Bird|p2a: Arcanine\n|-damage|p2a: Arcanine|126/288\n|-damage|p1a: Moltres|59/100|[from] Recoil\n|\n|upkeep\n|turn|47\n|inactive|Time left: 300 sec this turn | 300 sec total\n|\n|t:|1783551323\n|move|p2a: Arcanine|Morning Sun|p2a: Arcanine\n|-heal|p2a: Arcanine|270/288\n|move|p1a: Moltres|Roost|p1a: Moltres\n|-heal|p1a: Moltres|100/100\n|-singleturn|p1a: Moltres|move: Roost\n|\n|upkeep\n|turn|48\n|inactive|Time left: 300 sec this turn | 300 sec total\n|\n|t:|1783551324\n|move|p2a: Arcanine|Extreme Speed|p1a: Moltres\n|-damage|p1a: Moltres|76/100\n|move|p1a: Moltres|Brave Bird|p2a: Arcanine\n|-damage|p2a: Arcanine|141/288\n|-damage|p1a: Moltres|60/100|[from] Recoil\n|\n|upkeep\n|turn|49\n|inactive|Time left: 300 sec this turn | 300 sec total\n|\n|t:|1783551325\n|move|p2a: Arcanine|Extreme Speed|p1a: Moltres\n|-damage|p1a: Moltres|37/100\n|move|p1a: Moltres|Roost|p1a: Moltres\n|-heal|p1a: Moltres|87/100\n|-singleturn|p1a: Moltres|move: Roost\n|\n|upkeep\n|turn|50\n|inactive|Time left: 300 sec this turn | 300 sec total\n|\n|t:|1783551326\n|switch|p2a: Quagsire|Quagsire, L84, M|297/297\n|move|p1a: Moltres|Brave Bird|p2a: Quagsire\n|-damage|p2a: Quagsire|165/297\n|-damage|p1a: Moltres|71/100|[from] Recoil\n|\n|-heal|p2a: Quagsire|183/297|[from] item: Leftovers\n|upkeep\n|turn|51\n|inactive|Time left: 300 sec this turn | 300 sec total\n|\n|t:|1783551327\n|move|p1a: Moltres|Brave Bird|p2a: Quagsire\n|-damage|p2a: Quagsire|50/297\n|-damage|p1a: Moltres|56/100|[from] Recoil\n|move|p2a: Quagsire|Recover|p2a: Quagsire\n|-heal|p2a: Quagsire|199/297\n|\n|-heal|p2a: Quagsire|217/297|[from] item: Leftovers\n|upkeep\n|turn|52\n|inactive|Time left: 300 sec this turn | 300 sec total\n|\n|t:|1783551328\n|move|p1a: Moltres|Will-O-Wisp|p2a: Quagsire\n|-status|p2a: Quagsire|brn\n|move|p2a: Quagsire|Toxic|p1a: Moltres\n|-status|p1a: Moltres|tox\n|\n|-heal|p2a: Quagsire|235/297 brn|[from] item: Leftovers\n|-damage|p1a: Moltres|49/100 tox|[from] psn\n|-damage|p2a: Quagsire|217/297 brn|[from] brn\n|upkeep\n|turn|53\n|inactive|Time left: 300 sec this turn | 300 sec total\n|\n|t:|1783551329\n|move|p1a: Moltres|Roost|p1a: Moltres\n|-heal|p1a: Moltres|99/100 tox\n|-singleturn|p1a: Moltres|move: Roost\n|move|p2a: Quagsire|Recover|p2a: Quagsire\n|-heal|p2a: Quagsire|297/297 brn\n|\n|-damage|p1a: Moltres|87/100 tox|[from] psn\n|-damage|p2a: Quagsire|279/297 brn|[from] brn\n|upkeep\n|turn|54\n|inactive|Time left: 300 sec this turn | 300 sec total\n|\n|t:|1783551330\n|switch|p1a: Cresselia|Cresselia, L80, F|57/100 tox\n|move|p2a: Quagsire|Recover|p2a: Quagsire\n|-heal|p2a: Quagsire|297/297 brn\n|\n|-heal|p1a: Cresselia|63/100 tox|[from] item: Leftovers\n|-damage|p1a: Cresselia|57/100 tox|[from] psn\n|-damage|p2a: Quagsire|279/297 brn|[from] brn\n|upkeep\n|turn|55\n|inactive|Time left: 300 sec this turn | 300 sec total\n|\n|t:|1783551331\n|switch|p2a: Arcanine|Arcanine, L84, F|141/288\n|-ability|p2a: Arcanine|Intimidate|boost\n|-unboost|p1a: Cresselia|atk|1\n|move|p1a: Cresselia|Moonlight|p1a: Cresselia\n|-heal|p1a: Cresselia|100/100 tox\n|\n|-damage|p1a: Cresselia|88/100 tox|[from] psn\n|upkeep\n|turn|56\n|inactive|Time left: 300 sec this turn | 300 sec total\n|\n|t:|1783551331\n|move|p2a: Arcanine|Extreme Speed|p1a: Cresselia\n|-damage|p1a: Cresselia|71/100 tox\n|move|p1a: Cresselia|Moonblast|p2a: Arcanine\n|-resisted|p2a: Arcanine\n|-damage|p2a: Arcanine|113/288\n|\n|-heal|p1a: Cresselia|77/100 tox|[from] item: Leftovers\n|-damage|p1a: Cresselia|59/100 tox|[from] psn\n|upkeep\n|turn|57\n|inactive|Time left: 300 sec this turn | 300 sec total\n|\n|t:|1783551333\n|switch|p2a: Registeel|Registeel, L81|262/262\n|move|p1a: Cresselia|Moonlight|p1a: Cresselia\n|-heal|p1a: Cresselia|100/100 tox\n|\n|-damage|p1a: Cresselia|76/100 tox|[from] psn\n|upkeep\n|turn|58\n|inactive|Time left: 300 sec this turn | 300 sec total\n|\n|t:|1783551333\n|switch|p1a: Moltres|Moltres, L81|87/100 tox\n|move|p2a: Registeel|Stealth Rock|p1a: Moltres\n|-sidestart|p1: p0x9801e4a|move: Stealth Rock\n|\n|-damage|p1a: Moltres|81/100 tox|[from] psn\n|upkeep\n|turn|59\n|inactive|Time left: 300 sec this turn | 300 sec total\n|\n|t:|1783551334\n|switch|p2a: Arcanine|Arcanine, L84, F|113/288\n|-ability|p2a: Arcanine|Intimidate|boost\n|-unboost|p1a: Moltres|atk|1\n|move|p1a: Moltres|Fire Blast|p2a: Arcanine\n|-resisted|p2a: Arcanine\n|-damage|p2a: Arcanine|45/288\n|\n|-damage|p1a: Moltres|69/100 tox|[from] psn\n|upkeep\n|turn|60\n|inactive|Time left: 300 sec this turn | 300 sec total\n|\n|t:|1783551335\n|move|p2a: Arcanine|Flare Blitz|p1a: Moltres\n|-resisted|p1a: Moltres\n|-damage|p1a: Moltres|44/100 tox\n|-damage|p2a: Arcanine|22/288|[from] Recoil\n|move|p1a: Moltres|Brave Bird|p2a: Arcanine\n|-damage|p2a: Arcanine|0 fnt\n|faint|p2a: Arcanine\n|-damage|p1a: Moltres|41/100 tox|[from] Recoil\n|\n|-damage|p1a: Moltres|23/100 tox|[from] psn\n|upkeep\n|inactive|Time left: 300 sec this turn | 300 sec total | 5 sec grace\n|\n|t:|1783551336\n|switch|p2a: Charizard|Charizard, L85, M|23/271\n|turn|61\n|inactive|Time left: 300 sec this turn | 300 sec total\n|\n|t:|1783551337\n|switch|p1a: Cresselia|Cresselia, L80, F|76/100 tox\n|-damage|p1a: Cresselia|63/100 tox|[from] Stealth Rock\n|move|p2a: Charizard|Outrage|p1a: Cresselia\n|-damage|p1a: Cresselia|41/100 tox\n|\n|-heal|p1a: Cresselia|47/100 tox|[from] item: Leftovers\n|-damage|p1a: Cresselia|41/100 tox|[from] psn\n|upkeep\n|turn|62\n|inactive|Time left: 300 sec this turn | 300 sec total\n|\n|t:|1783551339\n|move|p2a: Charizard|Outrage|p1a: Cresselia|[from] lockedmove\n|-damage|p1a: Cresselia|18/100 tox\n|-start|p2a: Charizard|confusion|[fatigue]\n|move|p1a: Cresselia|Moonblast|p2a: Charizard\n|-resisted|p2a: Charizard\n|-damage|p2a: Charizard|0 fnt\n|faint|p2a: Charizard\n|\n|-heal|p1a: Cresselia|24/100 tox|[from] item: Leftovers\n|-damage|p1a: Cresselia|12/100 tox|[from] psn\n|upkeep\n|inactive|Time left: 300 sec this turn | 300 sec total | 5 sec grace\n|\n|t:|1783551340\n|switch|p2a: Zacian|Zacian, L69|40/241\n|turn|63\n|inactive|Time left: 300 sec this turn | 300 sec total\n|\n|t:|1783551341\n|switch|p2a: Registeel|Registeel, L81|262/262\n|move|p1a: Cresselia|Psyshock|p2a: Registeel\n|-resisted|p2a: Registeel\n|-damage|p2a: Registeel|240/262\n|\n|-heal|p1a: Cresselia|18/100 tox|[from] item: Leftovers\n|-heal|p2a: Registeel|256/262|[from] item: Leftovers\n|-damage|p1a: Cresselia|0 fnt|[from] psn\n|faint|p1a: Cresselia\n|upkeep\n|\n|t:|1783551342\n|switch|p1a: Moltres|Moltres, L81|23/100 tox\n|turn|64\n|inactive|Time left: 300 sec this turn | 300 sec total\n|\n|t:|1783551343\n|switch|p2a: Quagsire|Quagsire, L84, M|279/297 brn\n|move|p1a: Moltres|Roost|p1a: Moltres\n|-heal|p1a: Moltres|73/100 tox\n|-singleturn|p1a: Moltres|move: Roost\n|\n|-heal|p2a: Quagsire|297/297 brn|[from] item: Leftovers\n|-damage|p1a: Moltres|67/100 tox|[from] psn\n|-damage|p2a: Quagsire|279/297 brn|[from] brn\n|upkeep\n|turn|65\n|inactive|Time left: 300 sec this turn | 300 sec total\n|\n|t:|1783551344\n|move|p1a: Moltres|Fire Blast|p2a: Quagsire\n|-resisted|p2a: Quagsire\n|-damage|p2a: Quagsire|201/297 brn\n|move|p2a: Quagsire|Recover|p2a: Quagsire\n|-heal|p2a: Quagsire|297/297 brn\n|\n|-damage|p1a: Moltres|54/100 tox|[from] psn\n|-damage|p2a: Quagsire|279/297 brn|[from] brn\n|upkeep\n|turn|66\n|inactive|Time left: 300 sec this turn | 300 sec total\n|\n|t:|1783551345\n|switch|p1a: Dondozo|Dondozo, L78, M|85/100 tox\n|-damage|p1a: Dondozo|60/100 tox|[from] Spikes\n|-damage|p1a: Dondozo|48/100 tox|[from] Stealth Rock\n|move|p2a: Quagsire|Recover|p2a: Quagsire\n|-heal|p2a: Quagsire|297/297 brn\n|\n|-heal|p1a: Dondozo|54/100 tox|[from] item: Leftovers\n|-damage|p1a: Dondozo|48/100 tox|[from] psn\n|-damage|p2a: Quagsire|279/297 brn|[from] brn\n|upkeep\n|turn|67\n|inactive|Time left: 300 sec this turn | 300 sec total\n|\n|t:|1783551346\n|move|p2a: Quagsire|Earthquake|p1a: Dondozo\n|-damage|p1a: Dondozo|37/100 tox\n|move|p1a: Dondozo|Rest|p1a: Dondozo\n|-status|p1a: Dondozo|slp|[from] move: Rest\n|-heal|p1a: Dondozo|100/100 slp|[silent]\n|\n|-heal|p2a: Quagsire|297/297 brn|[from] item: Leftovers\n|-damage|p2a: Quagsire|279/297 brn|[from] brn\n|upkeep\n|turn|68\n|inactive|Time left: 300 sec this turn | 300 sec total\n|\n|t:|1783551347\n|switch|p2a: Zacian|Zacian, L69|40/241\n|cant|p1a: Dondozo|slp\n|move|p1a: Dondozo|Sleep Talk|p1a: Dondozo\n|move|p1a: Dondozo|Wave Crash|p2a: Zacian|[from] move: Sleep Talk\n|-damage|p2a: Zacian|0 fnt\n|faint|p2a: Zacian\n|-damage|p1a: Dondozo|97/100 slp|[from] Recoil\n|\n|-heal|p1a: Dondozo|100/100 slp|[from] item: Leftovers\n|upkeep\n|inactive|Time left: 300 sec this turn | 300 sec total | 5 sec grace\n|\n|t:|1783551348\n|switch|p2a: Quagsire|Quagsire, L84, M|279/297 brn\n|turn|69\n|inactive|Time left: 300 sec this turn | 300 sec total\n|\n|t:|1783551350\n|switch|p2a: Registeel|Registeel, L81|256/262\n|cant|p1a: Dondozo|slp\n|move|p1a: Dondozo|Sleep Talk|p1a: Dondozo\n|move|p1a: Dondozo|Rest||[from] move: Sleep Talk|[still]\n|-fail|p1a: Dondozo\n|\n|-heal|p2a: Registeel|262/262|[from] item: Leftovers\n|upkeep\n|turn|70\n|inactive|Time left: 300 sec this turn | 300 sec total\n|\n|t:|1783551351\n|move|p2a: Registeel|Body Press|p1a: Dondozo\n|-damage|p1a: Dondozo|83/100 slp\n|-curestatus|p1a: Dondozo|slp|[msg]\n|move|p1a: Dondozo|Curse|p1a: Dondozo\n|-unboost|p1a: Dondozo|spe|1\n|-boost|p1a: Dondozo|atk|1\n|-boost|p1a: Dondozo|def|1\n|\n|-heal|p1a: Dondozo|89/100|[from] item: Leftovers\n|upkeep\n|turn|71\n|inactive|Time left: 300 sec this turn | 300 sec total\n|\n|t:|1783551352\n|switch|p2a: Quagsire|Quagsire, L84, M|279/297 brn\n|move|p1a: Dondozo|Wave Crash|p2a: Quagsire\n|-damage|p2a: Quagsire|152/297 brn\n|-damage|p1a: Dondozo|77/100|[from] Recoil\n|\n|-heal|p2a: Quagsire|170/297 brn|[from] item: Leftovers\n|-heal|p1a: Dondozo|83/100|[from] item: Leftovers\n|-damage|p2a: Quagsire|152/297 brn|[from] brn\n|upkeep\n|turn|72\n|inactive|Time left: 300 sec this turn | 300 sec total\n|\n|t:|1783551353\n|move|p2a: Quagsire|Toxic|p1a: Dondozo\n|-status|p1a: Dondozo|tox\n|move|p1a: Dondozo|Wave Crash|p2a: Quagsire\n|-damage|p2a: Quagsire|44/297 brn\n|-damage|p1a: Dondozo|73/100 tox|[from] Recoil\n|\n|-heal|p2a: Quagsire|62/297 brn|[from] item: Leftovers\n|-heal|p1a: Dondozo|79/100 tox|[from] item: Leftovers\n|-damage|p1a: Dondozo|73/100 tox|[from] psn\n|-damage|p2a: Quagsire|44/297 brn|[from] brn\n|upkeep\n|turn|73\n|inactive|Time left: 300 sec this turn | 300 sec total\n|\n|t:|1783551354\n|move|p2a: Quagsire|Toxic|p1a: Dondozo\n|-fail|p1a: Dondozo|tox\n|move|p1a: Dondozo|Rest|p1a: Dondozo\n|-status|p1a: Dondozo|slp|[from] move: Rest\n|-heal|p1a: Dondozo|100/100 slp|[silent]\n|\n|-heal|p2a: Quagsire|62/297 brn|[from] item: Leftovers\n|-damage|p2a: Quagsire|44/297 brn|[from] brn\n|upkeep\n|turn|74\n|inactive|Time left: 300 sec this turn | 300 sec total\n|\n|t:|1783551355\n|move|p2a: Quagsire|Toxic||[still]\n|-fail|p2a: Quagsire\n|cant|p1a: Dondozo|slp\n|move|p1a: Dondozo|Sleep Talk|p1a: Dondozo\n|move|p1a: Dondozo|Rest||[from] move: Sleep Talk|[still]\n|-fail|p1a: Dondozo\n|\n|-heal|p2a: Quagsire|62/297 brn|[from] item: Leftovers\n|-damage|p2a: Quagsire|44/297 brn|[from] brn\n|upkeep\n|turn|75\n|inactive|Time left: 300 sec this turn | 300 sec total\n|\n|t:|1783551356\n|move|p2a: Quagsire|Earthquake|p1a: Dondozo\n|-damage|p1a: Dondozo|89/100 slp\n|cant|p1a: Dondozo|slp\n|move|p1a: Dondozo|Sleep Talk|p1a: Dondozo\n|move|p1a: Dondozo|Curse|p1a: Dondozo|[from] move: Sleep Talk\n|-unboost|p1a: Dondozo|spe|1\n|-boost|p1a: Dondozo|atk|1\n|-boost|p1a: Dondozo|def|1\n|\n|-heal|p2a: Quagsire|62/297 brn|[from] item: Leftovers\n|-heal|p1a: Dondozo|95/100 slp|[from] item: Leftovers\n|-damage|p2a: Quagsire|44/297 brn|[from] brn\n|upkeep\n|turn|76\n|inactive|Time left: 300 sec this turn | 300 sec total\n|\n|t:|1783551357\n|move|p2a: Quagsire|Toxic||[still]\n|-fail|p2a: Quagsire\n|-curestatus|p1a: Dondozo|slp|[msg]\n|move|p1a: Dondozo|Wave Crash|p2a: Quagsire\n|-damage|p2a: Quagsire|0 fnt\n|faint|p2a: Quagsire\n|-damage|p1a: Dondozo|91/100|[from] Recoil\n|\n|-heal|p1a: Dondozo|97/100|[from] item: Leftovers\n|upkeep\n|inactive|Time left: 300 sec this turn | 300 sec total | 5 sec grace\n|\n|t:|1783551358\n|switch|p2a: Registeel|Registeel, L81|262/262\n|turn|77\n|inactive|Time left: 300 sec this turn | 300 sec total\n|\n|t:|1783551359\n|move|p2a: Registeel|Thunder Wave|p1a: Dondozo\n|-status|p1a: Dondozo|par\n|move|p1a: Dondozo|Wave Crash|p2a: Registeel\n|-damage|p2a: Registeel|99/262\n|-damage|p1a: Dondozo|82/100 par|[from] Recoil\n|\n|-heal|p2a: Registeel|115/262|[from] item: Leftovers\n|-heal|p1a: Dondozo|88/100 par|[from] item: Leftovers\n|upkeep\n|turn|78\n|inactive|Time left: 300 sec this turn | 300 sec total\n|\n|t:|1783551361\n|-terastallize|p1a: Dondozo|Dragon\n|move|p2a: Registeel|Iron Head|p1a: Dondozo\n|-crit|p1a: Dondozo\n|-damage|p1a: Dondozo|63/100 par\n|move|p1a: Dondozo|Wave Crash|p2a: Registeel\n|-crit|p2a: Registeel\n|-damage|p2a: Registeel|0 fnt\n|faint|p2a: Registeel\n|-damage|p1a: Dondozo|53/100 par|[from] Recoil\n|\n|win|p0x9801e4a", "uploadtime": 1783551361, "views": 0, "rating": 0, "private": 0, "password": null, "_winner": "p0x9801e4a", "_our_name": "p0y980866b"}