{"id": "battle-gen9randombattle-1869", "formatid": "gen9randombattle", "format": "[Gen 9] Random Battle", "players": ["p0x18697dfa", "p0y18691d16"], "log": "|init|battle\n|title|p0x18697dfa vs. p0y18691d16\n|j|\u2606p0x18697dfa\n|j|\u2606p0y18691d16\n|t:|1783561626\n|gametype|singles\n|player|p1|p0x18697dfa|169|\n|player|p2|p0y18691d16|2|\n|gen|9\n|tier|[Gen 9] Random Battle\n|rule|Species Clause: Limit one of each Pok\u00e9mon\n|rule|HP Percentage Mod: HP is shown in percentages\n|rule|Sleep Clause Mod: Limit one foe put to sleep\n|rule|Illusion Level Mod: Illusion disguises the Pok\u00e9mon's true level\n|\n|t:|1783561626\n|teamsize|p1|6\n|teamsize|p2|6\n|start\n|switch|p1a: Koraidon|Koraidon, L64|100/100\n|switch|p2a: Tyranitar|Tyranitar, L78, F|284/284\n|-weather|SunnyDay|[from] ability: Orichalcum Pulse|[of] p1a: Koraidon\n|-activate|p1a: Koraidon|Orichalcum Pulse|[source]\n|-weather|Sandstorm|[from] ability: Sand Stream|[of] p2a: Tyranitar\n|turn|1\n|inactive|Battle timer is ON: inactive players will automatically lose when time's up. (requested by p0x18697dfa)\n|inactive|Time left: 300 sec this turn | 300 sec total | 60 sec grace\n|inactive|p0y18691d16 also wants the timer to be on.\n|\n|t:|1783561628\n|switch|p2a: Flutter Mane|Flutter Mane, L74|203/203\n|move|p1a: Koraidon|Collision Course|p2a: Flutter Mane\n|-immune|p2a: Flutter Mane\n|\n|-weather|Sandstorm|[upkeep]\n|-damage|p2a: Flutter Mane|191/203|[from] Sandstorm\n|-damage|p1a: Koraidon|95/100|[from] Sandstorm\n|upkeep\n|turn|2\n|inactive|Time left: 300 sec this turn | 300 sec total\n|\n|t:|1783561629\n|switch|p1a: Seviper|Seviper, L93, F|100/100\n|move|p2a: Flutter Mane|Moonblast|p1a: Seviper\n|-resisted|p1a: Seviper\n|-damage|p1a: Seviper|69/100\n|-unboost|p1a: Seviper|spa|1\n|\n|-weather|Sandstorm|[upkeep]\n|-damage|p2a: Flutter Mane|179/203|[from] Sandstorm\n|-damage|p1a: Seviper|63/100|[from] Sandstorm\n|-heal|p1a: Seviper|69/100|[from] item: Leftovers\n|upkeep\n|turn|3\n|inactive|Time left: 300 sec this turn | 300 sec total\n|\n|t:|1783561631\n|move|p2a: Flutter Mane|Moonblast|p1a: Seviper\n|-resisted|p1a: Seviper\n|-damage|p1a: Seviper|36/100\n|-unboost|p1a: Seviper|spa|1\n|move|p1a: Seviper|Gunk Shot|p2a: Flutter Mane\n|-damage|p2a: Flutter Mane|0 fnt\n|faint|p2a: Flutter Mane\n|-end|p2a: Flutter Mane|Protosynthesis|[silent]\n|\n|-weather|Sandstorm|[upkeep]\n|-damage|p1a: Seviper|30/100|[from] Sandstorm\n|-heal|p1a: Seviper|36/100|[from] item: Leftovers\n|upkeep\n|inactive|Time left: 300 sec this turn | 300 sec total | 5 sec grace\n|\n|t:|1783561632\n|switch|p2a: Torterra|Torterra, L78, M|276/276\n|turn|4\n|inactive|Time left: 300 sec this turn | 300 sec total\n|\n|t:|1783561633\n|move|p1a: Seviper|Gunk Shot|p2a: Torterra\n|-damage|p2a: Torterra|126/276\n|move|p2a: Torterra|Shell Smash|p2a: Torterra\n|-unboost|p2a: Torterra|def|1\n|-unboost|p2a: Torterra|spd|1\n|-boost|p2a: Torterra|atk|2\n|-boost|p2a: Torterra|spa|2\n|-boost|p2a: Torterra|spe|2\n|\n|-weather|Sandstorm|[upkeep]\n|-damage|p1a: Seviper|30/100|[from] Sandstorm\n|-heal|p1a: Seviper|36/100|[from] item: Leftovers\n|upkeep\n|turn|5\n|inactive|Time left: 300 sec this turn | 300 sec total\n|\n|t:|1783561634\n|switch|p1a: Koraidon|Koraidon, L64|95/100\n|-weather|SunnyDay|[from] ability: Orichalcum Pulse|[of] p1a: Koraidon\n|-activate|p1a: Koraidon|Orichalcum Pulse|[source]\n|move|p2a: Torterra|Bullet Seed|p1a: Koraidon\n|-resisted|p1a: Koraidon\n|-damage|p1a: Koraidon|82/100\n|-resisted|p1a: Koraidon\n|-damage|p1a: Koraidon|72/100\n|-resisted|p1a: Koraidon\n|-damage|p1a: Koraidon|60/100\n|-resisted|p1a: Koraidon\n|-damage|p1a: Koraidon|48/100\n|-hitcount|p1a: Koraidon|4\n|\n|-weather|SunnyDay|[upkeep]\n|upkeep\n|turn|6\n|inactive|Time left: 300 sec this turn | 300 sec total\n|\n|t:|1783561635\n|switch|p1a: Enamorus|Enamorus, L79, F|100/100\n|move|p2a: Torterra|Headlong Rush|p1a: Enamorus\n|-immune|p1a: Enamorus\n|\n|-weather|SunnyDay|[upkeep]\n|upkeep\n|turn|7\n|inactive|Time left: 300 sec this turn | 300 sec total\n|\n|t:|1783561637\n|move|p2a: Torterra|Rock Blast|p1a: Enamorus\n|-supereffective|p1a: Enamorus\n|-damage|p1a: Enamorus|66/100\n|-supereffective|p1a: Enamorus\n|-damage|p1a: Enamorus|29/100\n|-supereffective|p1a: Enamorus\n|-damage|p1a: Enamorus|0 fnt\n|faint|p1a: Enamorus\n|-hitcount|p1: Enamorus|3\n|\n|-weather|SunnyDay|[upkeep]\n|upkeep\n|\n|t:|1783561637\n|switch|p1a: Swanna|Swanna, L89, F|100/100\n|turn|8\n|inactive|Time left: 300 sec this turn | 300 sec total\n|\n|t:|1783561638\n|move|p2a: Torterra|Bullet Seed|p1a: Swanna\n|-damage|p1a: Swanna|79/100\n|-damage|p1a: Swanna|57/100\n|-damage|p1a: Swanna|34/100\n|-damage|p1a: Swanna|11/100\n|-damage|p1a: Swanna|0 fnt\n|faint|p1a: Swanna\n|-hitcount|p1: Swanna|5\n|\n|-weather|SunnyDay|[upkeep]\n|upkeep\n|\n|t:|1783561639\n|switch|p1a: Iron Hands|Iron Hands, L79|100/100\n|turn|9\n|inactive|Time left: 300 sec this turn | 300 sec total\n|\n|t:|1783561640\n|move|p1a: Iron Hands|Fake Out|p2a: Torterra\n|-damage|p2a: Torterra|81/276\n|cant|p2a: Torterra|flinch\n|\n|-weather|none\n|upkeep\n|turn|10\n|inactive|Time left: 300 sec this turn | 300 sec total\n|\n|t:|1783561641\n|-end|p1a: Iron Hands|Quark Drive|[silent]\n|switch|p1a: Seviper|Seviper, L93, F|36/100\n|move|p2a: Torterra|Headlong Rush|p1a: Seviper\n|-supereffective|p1a: Seviper\n|-damage|p1a: Seviper|0 fnt\n|-unboost|p2a: Torterra|def|1\n|-unboost|p2a: Torterra|spd|1\n|faint|p1a: Seviper\n|\n|upkeep\n|\n|t:|1783561642\n|switch|p1a: Iron Hands|Iron Hands, L79|100/100\n|turn|11\n|inactive|Time left: 300 sec this turn | 300 sec total\n|\n|t:|1783561643\n|move|p1a: Iron Hands|Fake Out|p2a: Torterra\n|-damage|p2a: Torterra|20/276\n|cant|p2a: Torterra|flinch\n|\n|upkeep\n|turn|12\n|inactive|Time left: 300 sec this turn | 300 sec total\n|\n|t:|1783561644\n|-end|p1a: Iron Hands|Quark Drive|[silent]\n|switch|p1a: Koraidon|Koraidon, L64|48/100\n|-weather|SunnyDay|[from] ability: Orichalcum Pulse|[of] p1a: Koraidon\n|-activate|p1a: Koraidon|Orichalcum Pulse|[source]\n|move|p2a: Torterra|Headlong Rush|p1a: Koraidon\n|-damage|p1a: Koraidon|0 fnt\n|-unboost|p2a: Torterra|def|1\n|-unboost|p2a: Torterra|spd|1\n|faint|p1a: Koraidon\n|\n|-weather|SunnyDay|[upkeep]\n|upkeep\n|\n|t:|1783561645\n|switch|p1a: Iron Hands|Iron Hands, L79|100/100\n|turn|13\n|inactive|Time left: 300 sec this turn | 300 sec total\n|\n|t:|1783561646\n|move|p1a: Iron Hands|Fake Out|p2a: Torterra\n|-damage|p2a: Torterra|0 fnt\n|faint|p2a: Torterra\n|\n|-weather|SunnyDay|[upkeep]\n|upkeep\n|inactive|Time left: 300 sec this turn | 300 sec total | 5 sec grace\n|\n|t:|1783561647\n|switch|p2a: Victreebel|Victreebel, L90, F|290/290\n|turn|14\n|inactive|Time left: 300 sec this turn | 300 sec total\n|\n|t:|1783561648\n|move|p2a: Victreebel|Swords Dance|p2a: Victreebel\n|-boost|p2a: Victreebel|atk|2\n|move|p1a: Iron Hands|Drain Punch|p2a: Victreebel\n|-resisted|p2a: Victreebel\n|-damage|p2a: Victreebel|234/290\n|\n|-weather|SunnyDay|[upkeep]\n|upkeep\n|turn|15\n|inactive|Time left: 300 sec this turn | 300 sec total\n|\n|t:|1783561649\n|move|p2a: Victreebel|Power Whip|p1a: Iron Hands\n|-damage|p1a: Iron Hands|0 fnt\n|faint|p1a: Iron Hands\n|-end|p1a: Iron Hands|Quark Drive|[silent]\n|-damage|p2a: Victreebel|205/290|[from] item: Life Orb\n|\n|-weather|SunnyDay|[upkeep]\n|upkeep\n|\n|t:|1783561650\n|switch|p1a: Greninja|Greninja, L80, M|100/100\n|turn|16\n|inactive|Time left: 300 sec this turn | 300 sec total\n|\n|t:|1783561651\n|move|p2a: Victreebel|Power Whip|p1a: Greninja\n|-supereffective|p1a: Greninja\n|-damage|p1a: Greninja|0 fnt\n|faint|p1a: Greninja\n|-damage|p2a: Victreebel|176/290|[from] item: Life Orb\n|\n|win|p0y18691d16", "uploadtime": 1783561651, "views": 0, "rating": 0, "private": 0, "password": null, "_winner": "p0y18691d16", "_our_name": "p0y18691d16"}