{"id": "battle-gen9randombattle-240", "formatid": "gen9randombattle", "format": "[Gen 9] Random Battle", "players": ["p0x2401205", "p0y240a2cc"], "log": "|init|battle\n|title|p0x2401205 vs. p0y240a2cc\n|j|\u2606p0x2401205\n|j|\u2606p0y240a2cc\n|t:|1783541889\n|gametype|singles\n|player|p1|p0x2401205|265|\n|player|p2|p0y240a2cc|101|\n|gen|9\n|tier|[Gen 9] Random Battle\n|rule|Species Clause: Limit one of each Pok\u00e9mon\n|rule|HP Percentage Mod: HP is shown in percentages\n|rule|Sleep Clause Mod: Limit one foe put to sleep\n|rule|Illusion Level Mod: Illusion disguises the Pok\u00e9mon's true level\n|\n|t:|1783541889\n|teamsize|p1|6\n|teamsize|p2|6\n|start\n|switch|p1a: Regice|Regice, L88|284/284\n|switch|p2a: Hoopa|Hoopa, L85|100/100\n|turn|1\n|inactive|Battle timer is ON: inactive players will automatically lose when time's up. (requested by p0x2401205)\n|inactive|p0y240a2cc also wants the timer to be on.\n|\n|t:|1783541891\n|move|p2a: Hoopa|Psyshock|p1a: Regice\n|-damage|p1a: Regice|182/284\n|move|p1a: Regice|Ice Beam|p2a: Hoopa\n|-crit|p2a: Hoopa\n|-damage|p2a: Hoopa|57/100\n|\n|upkeep\n|turn|2\n|inactive|Time left: 300 sec this turn | 300 sec total\n|\n|t:|1783541892\n|move|p2a: Hoopa|Psyshock|p1a: Regice\n|-damage|p1a: Regice|80/284\n|move|p1a: Regice|Ice Beam|p2a: Hoopa\n|-damage|p2a: Hoopa|26/100\n|\n|upkeep\n|turn|3\n|inactive|Time left: 300 sec this turn | 300 sec total\n|\n|t:|1783541893\n|switch|p1a: Mew|Mew, L82|298/298\n|move|p2a: Hoopa|Psyshock|p1a: Mew\n|-resisted|p1a: Mew\n|-damage|p1a: Mew|236/298\n|\n|upkeep\n|turn|4\n|inactive|Time left: 300 sec this turn | 300 sec total\n|\n|t:|1783541894\n|move|p2a: Hoopa|Psyshock|p1a: Mew\n|-resisted|p1a: Mew\n|-damage|p1a: Mew|182/298\n|move|p1a: Mew|Nasty Plot|p1a: Mew\n|-boost|p1a: Mew|spa|2\n|\n|upkeep\n|turn|5\n|inactive|Time left: 300 sec this turn | 300 sec total\n|\n|t:|1783541896\n|switch|p2a: Zarude|Zarude, L77|100/100\n|move|p1a: Mew|Psyshock|p2a: Zarude\n|-immune|p2a: Zarude\n|\n|upkeep\n|turn|6\n|inactive|Time left: 300 sec this turn | 300 sec total\n|\n|t:|1783541897\n|move|p1a: Mew|Bug Buzz|p2a: Zarude\n|-supereffective|p2a: Zarude\n|-crit|p2a: Zarude\n|-damage|p2a: Zarude|0 fnt\n|faint|p2a: Zarude\n|-damage|p1a: Mew|153/298|[from] item: Life Orb\n|\n|upkeep\n|\n|t:|1783541898\n|switch|p2a: Hoopa|Hoopa, L85|26/100\n|turn|7\n|inactive|Time left: 300 sec this turn | 300 sec total\n|\n|t:|1783541899\n|switch|p1a: Bellossom|Bellossom, L84, F|263/263\n|move|p2a: Hoopa|Shadow Ball|p1a: Bellossom\n|-damage|p1a: Bellossom|149/263\n|\n|-heal|p1a: Bellossom|165/263|[from] item: Leftovers\n|upkeep\n|turn|8\n|inactive|Time left: 300 sec this turn | 300 sec total\n|\n|t:|1783541901\n|move|p2a: Hoopa|Shadow Ball|p1a: Bellossom\n|-damage|p1a: Bellossom|44/263\n|-unboost|p1a: Bellossom|spd|1\n|move|p1a: Bellossom|Strength Sap|p2a: Hoopa\n|-unboost|p2a: Hoopa|atk|1\n|-heal|p1a: Bellossom|236/263\n|\n|-heal|p1a: Bellossom|252/263|[from] item: Leftovers\n|upkeep\n|turn|9\n|inactive|Time left: 300 sec this turn | 300 sec total\n|\n|t:|1783541902\n|move|p2a: Hoopa|Shadow Ball|p1a: Bellossom\n|-damage|p1a: Bellossom|83/263\n|move|p1a: Bellossom|Strength Sap|p2a: Hoopa\n|-unboost|p2a: Hoopa|atk|1\n|-heal|p1a: Bellossom|211/263\n|\n|-heal|p1a: Bellossom|227/263|[from] item: Leftovers\n|upkeep\n|turn|10\n|inactive|Time left: 300 sec this turn | 300 sec total\n|\n|t:|1783541903\n|move|p2a: Hoopa|Shadow Ball|p1a: Bellossom\n|-damage|p1a: Bellossom|67/263\n|move|p1a: Bellossom|Strength Sap|p2a: Hoopa\n|-unboost|p2a: Hoopa|atk|1\n|-heal|p1a: Bellossom|163/263\n|\n|-heal|p1a: Bellossom|179/263|[from] item: Leftovers\n|upkeep\n|turn|11\n|inactive|Time left: 300 sec this turn | 300 sec total\n|\n|t:|1783541904\n|switch|p1a: Regice|Regice, L88|80/284\n|move|p2a: Hoopa|Shadow Ball|p1a: Regice\n|-damage|p1a: Regice|23/284\n|\n|upkeep\n|turn|12\n|inactive|Time left: 300 sec this turn | 300 sec total\n|\n|t:|1783541905\n|move|p2a: Hoopa|Shadow Ball|p1a: Regice\n|-damage|p1a: Regice|0 fnt\n|faint|p1a: Regice\n|\n|upkeep\n|inactive|Time left: 300 sec this turn | 300 sec total | 5 sec grace\n|\n|t:|1783541906\n|switch|p1a: Bellossom|Bellossom, L84, F|179/263\n|turn|13\n|inactive|Time left: 300 sec this turn | 300 sec total\n|\n|t:|1783541907\n|move|p2a: Hoopa|Shadow Ball|p1a: Bellossom\n|-damage|p1a: Bellossom|59/263\n|move|p1a: Bellossom|Quiver Dance|p1a: Bellossom\n|-boost|p1a: Bellossom|spa|1\n|-boost|p1a: Bellossom|spd|1\n|-boost|p1a: Bellossom|spe|1\n|\n|-heal|p1a: Bellossom|75/263|[from] item: Leftovers\n|upkeep\n|turn|14\n|inactive|Time left: 300 sec this turn | 300 sec total\n|\n|t:|1783541908\n|move|p2a: Hoopa|Shadow Ball|p1a: Bellossom\n|-damage|p1a: Bellossom|2/263\n|move|p1a: Bellossom|Quiver Dance|p1a: Bellossom\n|-boost|p1a: Bellossom|spa|1\n|-boost|p1a: Bellossom|spd|1\n|-boost|p1a: Bellossom|spe|1\n|\n|-heal|p1a: Bellossom|18/263|[from] item: Leftovers\n|upkeep\n|turn|15\n|inactive|Time left: 300 sec this turn | 300 sec total\n|\n|t:|1783541909\n|move|p1a: Bellossom|Strength Sap|p2a: Hoopa\n|-unboost|p2a: Hoopa|atk|1\n|-heal|p1a: Bellossom|94/263\n|move|p2a: Hoopa|Shadow Ball|p1a: Bellossom\n|-damage|p1a: Bellossom|37/263\n|\n|-heal|p1a: Bellossom|53/263|[from] item: Leftovers\n|upkeep\n|turn|16\n|inactive|Time left: 300 sec this turn | 300 sec total\n|\n|t:|1783541910\n|move|p1a: Bellossom|Giga Drain|p2a: Hoopa\n|-damage|p2a: Hoopa|0 fnt\n|-heal|p1a: Bellossom|88/263|[from] drain|[of] p2a: Hoopa\n|faint|p2a: Hoopa\n|\n|-heal|p1a: Bellossom|104/263|[from] item: Leftovers\n|upkeep\n|\n|t:|1783541911\n|switch|p2a: Grafaiai|Grafaiai, L86, F|100/100\n|turn|17\n|inactive|Time left: 300 sec this turn | 300 sec total\n|\n|t:|1783541912\n|move|p1a: Bellossom|Strength Sap|p2a: Grafaiai\n|-unboost|p2a: Grafaiai|atk|1\n|-heal|p1a: Bellossom|263/263\n|move|p2a: Grafaiai|Swords Dance|p2a: Grafaiai\n|-boost|p2a: Grafaiai|atk|2\n|\n|upkeep\n|turn|18\n|inactive|Time left: 300 sec this turn | 300 sec total\n|\n|t:|1783541913\n|move|p1a: Bellossom|Moonblast|p2a: Grafaiai\n|-resisted|p2a: Grafaiai\n|-damage|p2a: Grafaiai|73/100\n|-unboost|p2a: Grafaiai|spa|1\n|move|p2a: Grafaiai|Gunk Shot|p1a: Bellossom\n|-supereffective|p1a: Bellossom\n|-damage|p1a: Bellossom|0 fnt\n|faint|p1a: Bellossom\n|-damage|p2a: Grafaiai|63/100|[from] item: Life Orb\n|\n|upkeep\n|inactive|Time left: 300 sec this turn | 300 sec total | 5 sec grace\n|\n|t:|1783541914\n|switch|p1a: Garchomp|Garchomp, L74, F|282/282\n|turn|19\n|inactive|Time left: 300 sec this turn | 300 sec total\n|\n|t:|1783541916\n|move|p2a: Grafaiai|Knock Off|p1a: Garchomp\n|-damage|p1a: Garchomp|140/282\n|-damage|p2a: Grafaiai|51/100|[from] ability: Rough Skin|[of] p1a: Garchomp\n|-damage|p2a: Grafaiai|34/100|[from] item: Rocky Helmet|[of] p1a: Garchomp\n|-status|p1a: Garchomp|psn|[from] ability: Poison Touch|[of] p2a: Grafaiai\n|-enditem|p1a: Garchomp|Rocky Helmet|[from] move: Knock Off|[of] p2a: Grafaiai\n|-damage|p2a: Grafaiai|25/100|[from] item: Life Orb\n|move|p1a: Garchomp|Outrage|p2a: Grafaiai\n|-damage|p2a: Grafaiai|0 fnt\n|faint|p2a: Grafaiai\n|\n|-damage|p1a: Garchomp|105/282 psn|[from] psn\n|upkeep\n|\n|t:|1783541917\n|switch|p2a: Manaphy|Manaphy, L78|100/100\n|turn|20\n|inactive|Time left: 300 sec this turn | 300 sec total\n|\n|t:|1783541918\n|move|p2a: Manaphy|Tail Glow|p2a: Manaphy\n|-boost|p2a: Manaphy|spa|3\n|move|p1a: Garchomp|Outrage|p2a: Manaphy|[from] lockedmove\n|-damage|p2a: Manaphy|57/100\n|-start|p1a: Garchomp|confusion|[fatigue]\n|\n|-heal|p2a: Manaphy|63/100|[from] item: Leftovers\n|-damage|p1a: Garchomp|70/282 psn|[from] psn\n|upkeep\n|turn|21\n|inactive|Time left: 300 sec this turn | 300 sec total\n|\n|t:|1783541919\n|move|p2a: Manaphy|Energy Ball|p1a: Garchomp\n|-damage|p1a: Garchomp|0 fnt\n|faint|p1a: Garchomp\n|\n|-heal|p2a: Manaphy|69/100|[from] item: Leftovers\n|upkeep\n|inactive|Time left: 300 sec this turn | 300 sec total | 5 sec grace\n|\n|t:|1783541920\n|switch|p1a: Victreebel|Victreebel, L90, M|290/290\n|turn|22\n|inactive|Time left: 300 sec this turn | 300 sec total\n|\n|t:|1783541921\n|-terastallize|p1a: Victreebel|Fire\n|move|p2a: Manaphy|Ice Beam|p1a: Victreebel\n|-resisted|p1a: Victreebel\n|-damage|p1a: Victreebel|218/290\n|move|p1a: Victreebel|Power Whip|p2a: Manaphy\n|-supereffective|p2a: Manaphy\n|-damage|p2a: Manaphy|0 fnt\n|faint|p2a: Manaphy\n|-damage|p1a: Victreebel|189/290|[from] item: Life Orb\n|\n|upkeep\n|\n|t:|1783541921\n|switch|p2a: Iron Treads|Iron Treads, L77|100/100\n|turn|23\n|inactive|Time left: 300 sec this turn | 300 sec total\n|\n|t:|1783541923\n|switch|p1a: Phione|Phione, L91|293/293\n|move|p2a: Iron Treads|Earthquake|p1a: Phione\n|-damage|p1a: Phione|190/293\n|\n|-heal|p1a: Phione|208/293|[from] item: Leftovers\n|upkeep\n|turn|24\n|inactive|Time left: 300 sec this turn | 300 sec total\n|\n|t:|1783541924\n|-terastallize|p2a: Iron Treads|Dragon\n|move|p2a: Iron Treads|Knock Off|p1a: Phione\n|-damage|p1a: Phione|145/293\n|-enditem|p1a: Phione|Leftovers|[from] move: Knock Off|[of] p2a: Iron Treads\n|move|p1a: Phione|Scald|p2a: Iron Treads\n|-resisted|p2a: Iron Treads\n|-damage|p2a: Iron Treads|87/100\n|\n|upkeep\n|turn|25\n|inactive|Time left: 300 sec this turn | 300 sec total\n|\n|t:|1783541925\n|move|p2a: Iron Treads|Earthquake|p1a: Phione\n|-damage|p1a: Phione|40/293\n|move|p1a: Phione|Ice Beam|p2a: Iron Treads\n|-supereffective|p2a: Iron Treads\n|-damage|p2a: Iron Treads|47/100\n|\n|upkeep\n|turn|26\n|inactive|Time left: 300 sec this turn | 300 sec total\n|\n|t:|1783541926\n|move|p2a: Iron Treads|Earthquake|p1a: Phione\n|-damage|p1a: Phione|0 fnt\n|faint|p1a: Phione\n|\n|upkeep\n|inactive|Time left: 300 sec this turn | 300 sec total | 5 sec grace\n|\n|t:|1783541927\n|switch|p1a: Mew|Mew, L82|153/298\n|turn|27\n|inactive|Time left: 300 sec this turn | 300 sec total\n|\n|t:|1783541928\n|move|p1a: Mew|Nasty Plot|p1a: Mew\n|-boost|p1a: Mew|spa|2\n|move|p2a: Iron Treads|Rapid Spin|p1a: Mew\n|-damage|p1a: Mew|124/298\n|-boost|p2a: Iron Treads|spe|1\n|\n|upkeep\n|turn|28\n|inactive|Time left: 300 sec this turn | 300 sec total\n|\n|t:|1783541930\n|move|p2a: Iron Treads|Knock Off|p1a: Mew\n|-supereffective|p1a: Mew\n|-damage|p1a: Mew|14/298\n|-enditem|p1a: Mew|Life Orb|[from] move: Knock Off|[of] p2a: Iron Treads\n|move|p1a: Mew|Psyshock|p2a: Iron Treads\n|-damage|p2a: Iron Treads|0 fnt\n|faint|p2a: Iron Treads\n|-end|p2a: Iron Treads|Quark Drive|[silent]\n|\n|upkeep\n|\n|t:|1783541932\n|switch|p2a: Jirachi|Jirachi, L80|100/100\n|turn|29\n|inactive|Time left: 300 sec this turn | 300 sec total\n|\n|t:|1783541932\n|move|p2a: Jirachi|Protect|p2a: Jirachi\n|-singleturn|p2a: Jirachi|Protect\n|move|p1a: Mew|Earth Power|p2a: Jirachi\n|-activate|p2a: Jirachi|move: Protect\n|\n|upkeep\n|turn|30\n|inactive|Time left: 300 sec this turn | 300 sec total\n|\n|t:|1783541933\n|move|p1a: Mew|Earth Power|p2a: Jirachi\n|-supereffective|p2a: Jirachi\n|-damage|p2a: Jirachi|19/100\n|move|p2a: Jirachi|Body Slam|p1a: Mew\n|-damage|p1a: Mew|0 fnt\n|faint|p1a: Mew\n|\n|-heal|p2a: Jirachi|26/100|[from] item: Leftovers\n|upkeep\n|inactive|Time left: 300 sec this turn | 300 sec total | 5 sec grace\n|\n|t:|1783541934\n|switch|p1a: Victreebel|Victreebel, L90, M, tera:Fire|189/290\n|turn|31\n|inactive|Time left: 300 sec this turn | 300 sec total\n|\n|t:|1783541935\n|move|p2a: Jirachi|Iron Head|p1a: Victreebel\n|-resisted|p1a: Victreebel\n|-damage|p1a: Victreebel|145/290\n|move|p1a: Victreebel|Sunny Day|p1a: Victreebel\n|-weather|SunnyDay\n|\n|-weather|SunnyDay|[upkeep]\n|-heal|p2a: Jirachi|32/100|[from] item: Leftovers\n|upkeep\n|turn|32\n|inactive|Time left: 300 sec this turn | 300 sec total\n|\n|t:|1783541936\n|move|p2a: Jirachi|Protect|p2a: Jirachi\n|-singleturn|p2a: Jirachi|Protect\n|move|p1a: Victreebel|Weather Ball|p2a: Jirachi\n|-activate|p2a: Jirachi|move: Protect\n|\n|-weather|SunnyDay|[upkeep]\n|-heal|p2a: Jirachi|38/100|[from] item: Leftovers\n|upkeep\n|turn|33\n|inactive|Time left: 300 sec this turn | 300 sec total\n|\n|t:|1783541937\n|move|p2a: Jirachi|Protect||[still]\n|-fail|p2a: Jirachi\n|move|p1a: Victreebel|Weather Ball|p2a: Jirachi\n|-supereffective|p2a: Jirachi\n|-damage|p2a: Jirachi|0 fnt\n|faint|p2a: Jirachi\n|-damage|p1a: Victreebel|116/290|[from] item: Life Orb\n|\n|win|p0x2401205", "uploadtime": 1783541937, "views": 0, "rating": 0, "private": 0, "password": null, "_winner": "p0x2401205", "_our_name": "p0x2401205"}