{"id": "battle-gen9randombattle-149", "formatid": "gen9randombattle", "format": "[Gen 9] Random Battle", "players": ["p0x149011b", "p0y1499aaf"], "log": "|init|battle\n|title|p0x149011b vs. p0y1499aaf\n|j|\u2606p0x149011b\n|j|\u2606p0y1499aaf\n|t:|1783534986\n|gametype|singles\n|player|p1|p0x149011b|102|\n|player|p2|p0y1499aaf|266|\n|gen|9\n|tier|[Gen 9] Random Battle\n|rule|Species Clause: Limit one of each Pok\u00e9mon\n|rule|HP Percentage Mod: HP is shown in percentages\n|rule|Sleep Clause Mod: Limit one foe put to sleep\n|rule|Illusion Level Mod: Illusion disguises the Pok\u00e9mon's true level\n|\n|t:|1783534986\n|teamsize|p1|6\n|teamsize|p2|6\n|start\n|switch|p1a: Sylveon|Sylveon, L85, M|300/300\n|switch|p2a: Glaceon|Glaceon, L94, F|100/100\n|turn|1\n|inactive|Battle timer is ON: inactive players will automatically lose when time's up. (requested by p0x149011b)\n|inactive|p0y1499aaf also wants the timer to be on.\n|\n|t:|1783534988\n|move|p2a: Glaceon|Calm Mind|p2a: Glaceon\n|-boost|p2a: Glaceon|spa|1\n|-boost|p2a: Glaceon|spd|1\n|move|p1a: Sylveon|Hyper Voice|p2a: Glaceon\n|-damage|p2a: Glaceon|72/100\n|\n|upkeep\n|turn|2\n|inactive|Time left: 300 sec this turn | 300 sec total\n|\n|t:|1783534989\n|move|p2a: Glaceon|Calm Mind|p2a: Glaceon\n|-boost|p2a: Glaceon|spa|1\n|-boost|p2a: Glaceon|spd|1\n|move|p1a: Sylveon|Calm Mind|p1a: Sylveon\n|-boost|p1a: Sylveon|spa|1\n|-boost|p1a: Sylveon|spd|1\n|\n|upkeep\n|turn|3\n|inactive|Time left: 300 sec this turn | 300 sec total\n|\n|t:|1783534990\n|move|p2a: Glaceon|Calm Mind|p2a: Glaceon\n|-boost|p2a: Glaceon|spa|1\n|-boost|p2a: Glaceon|spd|1\n|move|p1a: Sylveon|Calm Mind|p1a: Sylveon\n|-boost|p1a: Sylveon|spa|1\n|-boost|p1a: Sylveon|spd|1\n|\n|upkeep\n|turn|4\n|inactive|Time left: 300 sec this turn | 300 sec total\n|\n|t:|1783534991\n|move|p2a: Glaceon|Wish|p2a: Glaceon\n|move|p1a: Sylveon|Calm Mind|p1a: Sylveon\n|-boost|p1a: Sylveon|spa|1\n|-boost|p1a: Sylveon|spd|1\n|\n|upkeep\n|turn|5\n|inactive|Time left: 300 sec this turn | 300 sec total\n|\n|t:|1783534992\n|move|p2a: Glaceon|Calm Mind|p2a: Glaceon\n|-boost|p2a: Glaceon|spa|1\n|-boost|p2a: Glaceon|spd|1\n|move|p1a: Sylveon|Calm Mind|p1a: Sylveon\n|-boost|p1a: Sylveon|spa|1\n|-boost|p1a: Sylveon|spd|1\n|\n|-heal|p2a: Glaceon|100/100|[from] move: Wish|[wisher] Glaceon\n|upkeep\n|turn|6\n|inactive|Time left: 300 sec this turn | 300 sec total\n|\n|t:|1783534993\n|move|p2a: Glaceon|Wish|p2a: Glaceon\n|move|p1a: Sylveon|Hyper Voice|p2a: Glaceon\n|-damage|p2a: Glaceon|62/100\n|\n|upkeep\n|turn|7\n|inactive|Time left: 300 sec this turn | 300 sec total\n|\n|t:|1783534994\n|move|p2a: Glaceon|Calm Mind|p2a: Glaceon\n|-boost|p2a: Glaceon|spa|1\n|-boost|p2a: Glaceon|spd|1\n|move|p1a: Sylveon|Hyper Voice|p2a: Glaceon\n|-damage|p2a: Glaceon|27/100\n|\n|-heal|p2a: Glaceon|77/100|[from] move: Wish|[wisher] Glaceon\n|upkeep\n|turn|8\n|inactive|Time left: 300 sec this turn | 300 sec total\n|\n|t:|1783534995\n|move|p2a: Glaceon|Wish|p2a: Glaceon\n|move|p1a: Sylveon|Hyper Voice|p2a: Glaceon\n|-damage|p2a: Glaceon|45/100\n|\n|upkeep\n|turn|9\n|inactive|Time left: 300 sec this turn | 300 sec total\n|\n|t:|1783534996\n|move|p2a: Glaceon|Freeze-Dry|p1a: Sylveon\n|-damage|p1a: Sylveon|197/300\n|move|p1a: Sylveon|Hyper Voice|p2a: Glaceon\n|-damage|p2a: Glaceon|8/100\n|\n|-heal|p2a: Glaceon|58/100|[from] move: Wish|[wisher] Glaceon\n|-heal|p1a: Sylveon|215/300|[from] item: Leftovers\n|upkeep\n|turn|10\n|inactive|Time left: 300 sec this turn | 300 sec total\n|\n|t:|1783534997\n|move|p2a: Glaceon|Freeze-Dry|p1a: Sylveon\n|-damage|p1a: Sylveon|109/300\n|move|p1a: Sylveon|Hyper Voice|p2a: Glaceon\n|-crit|p2a: Glaceon\n|-damage|p2a: Glaceon|0 fnt\n|faint|p2a: Glaceon\n|\n|-heal|p1a: Sylveon|127/300|[from] item: Leftovers\n|upkeep\n|\n|t:|1783534999\n|switch|p2a: Arbok|Arbok, L87, F|100/100\n|-ability|p2a: Arbok|Intimidate|boost\n|-unboost|p1a: Sylveon|atk|1\n|turn|11\n|inactive|Time left: 300 sec this turn | 300 sec total\n|\n|t:|1783535000\n|move|p2a: Arbok|Gunk Shot|p1a: Sylveon\n|-supereffective|p1a: Sylveon\n|-damage|p1a: Sylveon|0 fnt\n|faint|p1a: Sylveon\n|\n|upkeep\n|inactive|Time left: 300 sec this turn | 300 sec total | 5 sec grace\n|\n|t:|1783535001\n|switch|p1a: Torterra|Torterra, L78, F|276/276\n|turn|12\n|inactive|Time left: 300 sec this turn | 300 sec total\n|\n|t:|1783535002\n|move|p2a: Arbok|Coil|p2a: Arbok\n|-boost|p2a: Arbok|atk|1\n|-boost|p2a: Arbok|def|1\n|-boost|p2a: Arbok|accuracy|1\n|move|p1a: Torterra|Shell Smash|p1a: Torterra\n|-unboost|p1a: Torterra|def|1\n|-unboost|p1a: Torterra|spd|1\n|-boost|p1a: Torterra|atk|2\n|-boost|p1a: Torterra|spa|2\n|-boost|p1a: Torterra|spe|2\n|\n|upkeep\n|turn|13\n|inactive|Time left: 300 sec this turn | 300 sec total\n|\n|t:|1783535003\n|-terastallize|p1a: Torterra|Ground\n|move|p1a: Torterra|Headlong Rush|p2a: Arbok\n|-supereffective|p2a: Arbok\n|-damage|p2a: Arbok|0 fnt\n|-unboost|p1a: Torterra|def|1\n|-unboost|p1a: Torterra|spd|1\n|faint|p2a: Arbok\n|\n|upkeep\n|\n|t:|1783535004\n|switch|p2a: Regice|Regice, L88|100/100\n|turn|14\n|inactive|Time left: 300 sec this turn | 300 sec total\n|\n|t:|1783535005\n|move|p1a: Torterra|Headlong Rush|p2a: Regice\n|-damage|p2a: Regice|0 fnt\n|-unboost|p1a: Torterra|def|1\n|-unboost|p1a: Torterra|spd|1\n|faint|p2a: Regice\n|\n|upkeep\n|\n|t:|1783535006\n|switch|p2a: Wigglytuff|Wigglytuff, L96, M|100/100\n|turn|15\n|inactive|Time left: 300 sec this turn | 300 sec total\n|\n|t:|1783535007\n|move|p2a: Wigglytuff|Protect|p2a: Wigglytuff\n|-singleturn|p2a: Wigglytuff|Protect\n|move|p1a: Torterra|Headlong Rush|p2a: Wigglytuff\n|-activate|p2a: Wigglytuff|move: Protect\n|\n|upkeep\n|turn|16\n|inactive|Time left: 300 sec this turn | 300 sec total\n|\n|t:|1783535008\n|move|p1a: Torterra|Headlong Rush|p2a: Wigglytuff\n|-damage|p2a: Wigglytuff|0 fnt\n|-unboost|p1a: Torterra|def|1\n|-unboost|p1a: Torterra|spd|1\n|faint|p2a: Wigglytuff\n|\n|upkeep\n|\n|t:|1783535008\n|switch|p2a: Clawitzer|Clawitzer, L87, M|100/100\n|turn|17\n|inactive|Time left: 300 sec this turn | 300 sec total\n|\n|t:|1783535009\n|-terastallize|p2a: Clawitzer|Dragon\n|move|p1a: Torterra|Headlong Rush|p2a: Clawitzer\n|-damage|p2a: Clawitzer|0 fnt\n|-unboost|p1a: Torterra|def|1\n|-unboost|p1a: Torterra|spd|1\n|faint|p2a: Clawitzer\n|\n|upkeep\n|\n|t:|1783535010\n|switch|p2a: Malamar|Malamar, L82, M|100/100\n|turn|18\n|inactive|Time left: 300 sec this turn | 300 sec total\n|\n|t:|1783535011\n|move|p1a: Torterra|Headlong Rush|p2a: Malamar\n|-damage|p2a: Malamar|0 fnt\n|-unboost|p1a: Torterra|def|1\n|-unboost|p1a: Torterra|spd|1\n|faint|p2a: Malamar\n|\n|win|p0x149011b", "uploadtime": 1783535011, "views": 0, "rating": 0, "private": 0, "password": null, "_winner": "p0x149011b", "_our_name": "p0x149011b"}