{"id": "battle-gen9randombattle-2179", "formatid": "gen9randombattle", "format": "[Gen 9] Random Battle", "players": ["p0x2179229b", "p0y21793233"], "log": "|init|battle\n|title|p0x2179229b vs. p0y21793233\n|j|\u2606p0x2179229b\n|j|\u2606p0y21793233\n|t:|1783564365\n|gametype|singles\n|player|p1|p0x2179229b|102|\n|player|p2|p0y21793233|101|\n|gen|9\n|tier|[Gen 9] Random Battle\n|rule|Species Clause: Limit one of each Pok\u00e9mon\n|rule|HP Percentage Mod: HP is shown in percentages\n|rule|Sleep Clause Mod: Limit one foe put to sleep\n|rule|Illusion Level Mod: Illusion disguises the Pok\u00e9mon's true level\n|\n|t:|1783564365\n|teamsize|p1|6\n|teamsize|p2|6\n|start\n|switch|p1a: Swanna|Swanna, L89, M|278/278\n|switch|p2a: Palkia|Palkia-Origin, L72|100/100\n|-ability|p2a: Palkia|Pressure\n|turn|1\n|inactive|Battle timer is ON: inactive players will automatically lose when time's up. (requested by p0y21793233)\n|inactive|Time left: 300 sec this turn | 300 sec total | 60 sec grace\n|inactive|p0x2179229b also wants the timer to be on.\n|\n|t:|1783564366\n|move|p1a: Swanna|Brave Bird|p2a: Palkia\n|-damage|p2a: Palkia|45/100\n|-damage|p1a: Swanna|232/278|[from] Recoil\n|move|p2a: Palkia|Spacial Rend|p1a: Swanna\n|-damage|p1a: Swanna|66/278\n|\n|upkeep\n|turn|2\n|inactive|Time left: 300 sec this turn | 300 sec total\n|\n|t:|1783564367\n|move|p1a: Swanna|Brave Bird|p2a: Palkia\n|-damage|p2a: Palkia|0 fnt\n|faint|p2a: Palkia\n|-damage|p1a: Swanna|29/278|[from] Recoil\n|\n|upkeep\n|\n|t:|1783564368\n|switch|p2a: Chi-Yu|Chi-Yu, L77|100/100\n|-ability|p2a: Chi-Yu|Beads of Ruin\n|turn|3\n|inactive|Time left: 300 sec this turn | 300 sec total\n|\n|t:|1783564369\n|move|p2a: Chi-Yu|Flamethrower|p1a: Swanna\n|-resisted|p1a: Swanna\n|-crit|p1a: Swanna\n|-damage|p1a: Swanna|0 fnt\n|faint|p1a: Swanna\n|\n|upkeep\n|inactive|Time left: 300 sec this turn | 300 sec total | 5 sec grace\n|\n|t:|1783564370\n|switch|p1a: Glimmora|Glimmora, L75, M|248/248\n|-item|p1a: Glimmora|Air Balloon\n|turn|4\n|inactive|Time left: 300 sec this turn | 300 sec total\n|\n|t:|1783564372\n|move|p2a: Chi-Yu|Flamethrower|p1a: Glimmora\n|-resisted|p1a: Glimmora\n|-damage|p1a: Glimmora|168/248\n|-enditem|p1a: Glimmora|Air Balloon\n|move|p1a: Glimmora|Power Gem|p2a: Chi-Yu\n|-supereffective|p2a: Chi-Yu\n|-damage|p2a: Chi-Yu|29/100\n|\n|upkeep\n|turn|5\n|inactive|Time left: 300 sec this turn | 300 sec total\n|\n|t:|1783564373\n|move|p2a: Chi-Yu|Flamethrower|p1a: Glimmora\n|-resisted|p1a: Glimmora\n|-damage|p1a: Glimmora|87/248\n|-status|p1a: Glimmora|brn\n|move|p1a: Glimmora|Earth Power|p2a: Chi-Yu\n|-supereffective|p2a: Chi-Yu\n|-damage|p2a: Chi-Yu|0 fnt\n|faint|p2a: Chi-Yu\n|\n|-damage|p1a: Glimmora|72/248 brn|[from] brn\n|upkeep\n|\n|t:|1783564374\n|switch|p2a: Grumpig|Grumpig, L92, M|100/100\n|turn|6\n|inactive|Time left: 300 sec this turn | 300 sec total\n|\n|t:|1783564375\n|switch|p1a: Iron Leaves|Iron Leaves, L80|275/275\n|move|p2a: Grumpig|Psyshock|p1a: Iron Leaves\n|-resisted|p1a: Iron Leaves\n|-damage|p1a: Iron Leaves|225/275\n|\n|upkeep\n|turn|7\n|inactive|Time left: 300 sec this turn | 300 sec total\n|\n|t:|1783564376\n|move|p1a: Iron Leaves|Swords Dance|p1a: Iron Leaves\n|-boost|p1a: Iron Leaves|atk|2\n|move|p2a: Grumpig|Shadow Ball|p1a: Iron Leaves\n|-supereffective|p1a: Iron Leaves\n|-damage|p1a: Iron Leaves|101/275\n|\n|upkeep\n|turn|8\n|inactive|Time left: 300 sec this turn | 300 sec total\n|\n|t:|1783564377\n|switch|p2a: Sneasler|Sneasler, L74, M|100/100\n|move|p1a: Iron Leaves|Leaf Blade|p2a: Sneasler\n|-resisted|p2a: Sneasler\n|-damage|p2a: Sneasler|5/100\n|-damage|p1a: Iron Leaves|74/275|[from] item: Life Orb\n|\n|upkeep\n|turn|9\n|inactive|Time left: 300 sec this turn | 300 sec total\n|\n|t:|1783564378\n|-end|p1a: Iron Leaves|Quark Drive|[silent]\n|switch|p1a: Glimmora|Glimmora, L75, M|72/248 brn\n|move|p2a: Sneasler|Close Combat|p1a: Glimmora\n|-damage|p1a: Glimmora|0 fnt\n|-unboost|p2a: Sneasler|def|1\n|-unboost|p2a: Sneasler|spd|1\n|-activate|p1a: Glimmora|ability: Toxic Debris\n|-sidestart|p2: p0y21793233|move: Toxic Spikes\n|faint|p1a: Glimmora\n|\n|upkeep\n|inactive|Time left: 300 sec this turn | 300 sec total | 5 sec grace\n|\n|t:|1783564379\n|switch|p1a: Regieleki|Regieleki, L79|256/256\n|turn|10\n|inactive|Time left: 300 sec this turn | 300 sec total\n|\n|t:|1783564380\n|switch|p2a: Jolteon|Jolteon, L84, F|100/100\n|move|p1a: Regieleki|Volt Switch|p2a: Jolteon\n|-immune|p2a: Jolteon|[from] ability: Volt Absorb\n|\n|upkeep\n|turn|11\n|inactive|Time left: 300 sec this turn | 300 sec total\n|\n|t:|1783564381\n|switch|p1a: Iron Treads|Iron Treads, L77|265/265\n|move|p2a: Jolteon|Calm Mind|p2a: Jolteon\n|-boost|p2a: Jolteon|spa|1\n|-boost|p2a: Jolteon|spd|1\n|\n|upkeep\n|turn|12\n|inactive|Time left: 300 sec this turn | 300 sec total\n|\n|t:|1783564382\n|switch|p2a: Sneasler|Sneasler, L74, M|5/100\n|-sideend|p2: p0y21793233|move: Toxic Spikes|[of] p2a: Sneasler\n|move|p1a: Iron Treads|Earthquake|p2a: Sneasler\n|-supereffective|p2a: Sneasler\n|-damage|p2a: Sneasler|0 fnt\n|faint|p2a: Sneasler\n|\n|upkeep\n|\n|t:|1783564382\n|switch|p2a: Scrafty|Scrafty, L83, F|100/100\n|-ability|p2a: Scrafty|Intimidate|boost\n|-unboost|p1a: Iron Treads|atk|1\n|turn|13\n|inactive|Time left: 300 sec this turn | 300 sec total\n|\n|t:|1783564383\n|move|p1a: Iron Treads|Iron Head|p2a: Scrafty\n|-damage|p2a: Scrafty|82/100\n|cant|p2a: Scrafty|flinch\n|\n|-heal|p2a: Scrafty|88/100|[from] item: Leftovers\n|upkeep\n|turn|14\n|inactive|Time left: 300 sec this turn | 300 sec total\n|\n|t:|1783564384\n|move|p1a: Iron Treads|Iron Head|p2a: Scrafty\n|-damage|p2a: Scrafty|71/100\n|move|p2a: Scrafty|Dragon Dance|p2a: Scrafty\n|-boost|p2a: Scrafty|atk|1\n|-boost|p2a: Scrafty|spe|1\n|\n|-heal|p2a: Scrafty|77/100|[from] item: Leftovers\n|upkeep\n|turn|15\n|inactive|Time left: 300 sec this turn | 300 sec total\n|\n|t:|1783564385\n|move|p2a: Scrafty|Dragon Dance|p2a: Scrafty\n|-boost|p2a: Scrafty|atk|1\n|-boost|p2a: Scrafty|spe|1\n|move|p1a: Iron Treads|Volt Switch|p2a: Scrafty\n|-damage|p2a: Scrafty|65/100\n|inactive|Time left: 300 sec this turn | 300 sec total | 5 sec grace\n|\n|t:|1783564386\n|-end|p1a: Iron Treads|Quark Drive|[silent]\n|switch|p1a: Regieleki|Regieleki, L79|256/256|[from] Volt Switch\n|\n|-heal|p2a: Scrafty|71/100|[from] item: Leftovers\n|upkeep\n|turn|16\n|inactive|Time left: 300 sec this turn | 300 sec total\n|\n|t:|1783564387\n|-terastallize|p1a: Regieleki|Electric\n|move|p1a: Regieleki|Volt Switch|p2a: Scrafty\n|-damage|p2a: Scrafty|21/100\n|inactive|Time left: 300 sec this turn | 300 sec total | 5 sec grace\n|\n|t:|1783564388\n|switch|p1a: Iron Leaves|Iron Leaves, L80|74/275|[from] Volt Switch\n|move|p2a: Scrafty|Drain Punch|p1a: Iron Leaves\n|-resisted|p1a: Iron Leaves\n|-damage|p1a: Iron Leaves|0 fnt\n|-heal|p2a: Scrafty|36/100|[from] drain|[of] p1a: Iron Leaves\n|faint|p1a: Iron Leaves\n|-end|p1a: Iron Leaves|Quark Drive|[silent]\n|\n|-heal|p2a: Scrafty|42/100|[from] item: Leftovers\n|upkeep\n|inactive|Time left: 300 sec this turn | 300 sec total | 10 sec grace\n|\n|t:|1783564389\n|switch|p1a: Regieleki|Regieleki, L79, tera:Electric|256/256\n|turn|17\n|inactive|Time left: 300 sec this turn | 300 sec total\n|\n|t:|1783564389\n|switch|p2a: Jolteon|Jolteon, L84, F|100/100\n|move|p1a: Regieleki|Thunderbolt|p2a: Jolteon\n|-immune|p2a: Jolteon|[from] ability: Volt Absorb\n|\n|upkeep\n|turn|18\n|inactive|Time left: 300 sec this turn | 300 sec total\n|\n|t:|1783564390\n|switch|p1a: Iron Treads|Iron Treads, L77|265/265\n|switch|p2a: Scrafty|Scrafty, L83, F|42/100\n|-ability|p2a: Scrafty|Intimidate|boost\n|-unboost|p1a: Iron Treads|atk|1\n|\n|-heal|p2a: Scrafty|48/100|[from] item: Leftovers\n|upkeep\n|turn|19\n|inactive|Time left: 300 sec this turn | 300 sec total\n|\n|t:|1783564391\n|move|p1a: Iron Treads|Volt Switch|p2a: Scrafty\n|-damage|p2a: Scrafty|37/100\n|inactive|Time left: 300 sec this turn | 300 sec total | 5 sec grace\n|\n|t:|1783564392\n|-end|p1a: Iron Treads|Quark Drive|[silent]\n|switch|p1a: Regieleki|Regieleki, L79, tera:Electric|256/256|[from] Volt Switch\n|move|p2a: Scrafty|Drain Punch|p1a: Regieleki\n|-damage|p1a: Regieleki|142/256\n|-heal|p2a: Scrafty|61/100|[from] drain|[of] p1a: Regieleki\n|\n|-heal|p2a: Scrafty|67/100|[from] item: Leftovers\n|upkeep\n|turn|20\n|inactive|Time left: 300 sec this turn | 300 sec total\n|\n|t:|1783564393\n|switch|p2a: Jolteon|Jolteon, L84, F|100/100\n|move|p1a: Regieleki|Thunderbolt|p2a: Jolteon\n|-immune|p2a: Jolteon|[from] ability: Volt Absorb\n|\n|upkeep\n|turn|21\n|inactive|Time left: 300 sec this turn | 300 sec total\n|\n|t:|1783564394\n|switch|p2a: Scrafty|Scrafty, L83, F|67/100\n|-ability|p2a: Scrafty|Intimidate|boost\n|-unboost|p1a: Regieleki|atk|1\n|move|p1a: Regieleki|Explosion|p2a: Scrafty\n|-damage|p2a: Scrafty|34/100\n|faint|p1a: Regieleki\n|\n|-heal|p2a: Scrafty|40/100|[from] item: Leftovers\n|upkeep\n|inactive|Time left: 300 sec this turn | 300 sec total | 5 sec grace\n|\n|t:|1783564395\n|switch|p1a: Gothitelle|Gothitelle, L90, F|272/272\n|turn|22\n|inactive|Time left: 300 sec this turn | 300 sec total\n|\n|t:|1783564396\n|move|p1a: Gothitelle|Focus Blast|p2a: Scrafty\n|-supereffective|p2a: Scrafty\n|-damage|p2a: Scrafty|0 fnt\n|faint|p2a: Scrafty\n|\n|upkeep\n|\n|t:|1783564397\n|switch|p2a: Grumpig|Grumpig, L92, M|100/100\n|turn|23\n|inactive|Time left: 300 sec this turn | 300 sec total\n|\n|t:|1783564398\n|switch|p1a: Iron Treads|Iron Treads, L77|265/265\n|move|p2a: Grumpig|Nasty Plot|p2a: Grumpig\n|-boost|p2a: Grumpig|spa|2\n|\n|upkeep\n|turn|24\n|inactive|Time left: 300 sec this turn | 300 sec total\n|\n|t:|1783564399\n|move|p1a: Iron Treads|Knock Off|p2a: Grumpig\n|-supereffective|p2a: Grumpig\n|-crit|p2a: Grumpig\n|-damage|p2a: Grumpig|30/100\n|-enditem|p2a: Grumpig|Leftovers|[from] move: Knock Off|[of] p1a: Iron Treads\n|move|p2a: Grumpig|Focus Blast|p1a: Iron Treads\n|-supereffective|p1a: Iron Treads\n|-damage|p1a: Iron Treads|0 fnt\n|faint|p1a: Iron Treads\n|-end|p1a: Iron Treads|Quark Drive|[silent]\n|\n|upkeep\n|inactive|Time left: 300 sec this turn | 300 sec total | 5 sec grace\n|\n|t:|1783564399\n|switch|p1a: Gothitelle|Gothitelle, L90, F|272/272\n|turn|25\n|inactive|Time left: 300 sec this turn | 300 sec total\n|\n|t:|1783564400\n|move|p1a: Gothitelle|Psychic|p2a: Grumpig\n|-resisted|p2a: Grumpig\n|-damage|p2a: Grumpig|16/100\n|move|p2a: Grumpig|Shadow Ball|p1a: Gothitelle\n|-supereffective|p1a: Gothitelle\n|-damage|p1a: Gothitelle|74/272\n|\n|upkeep\n|turn|26\n|inactive|Time left: 300 sec this turn | 300 sec total\n|\n|t:|1783564401\n|-terastallize|p2a: Grumpig|Fighting\n|move|p1a: Gothitelle|Psychic|p2a: Grumpig\n|-supereffective|p2a: Grumpig\n|-damage|p2a: Grumpig|0 fnt\n|faint|p2a: Grumpig\n|\n|upkeep\n|\n|t:|1783564402\n|switch|p2a: Jolteon|Jolteon, L84, F|100/100\n|turn|27\n|inactive|Time left: 300 sec this turn | 300 sec total\n|\n|t:|1783564403\n|move|p2a: Jolteon|Thunderbolt|p1a: Gothitelle\n|-damage|p1a: Gothitelle|0 fnt\n|faint|p1a: Gothitelle\n|\n|win|p0y21793233", "uploadtime": 1783564403, "views": 0, "rating": 0, "private": 0, "password": null, "_winner": "p0y21793233", "_our_name": "p0x2179229b"}