{"id": "battle-gen9randombattle-2819", "formatid": "gen9randombattle", "format": "[Gen 9] Random Battle", "players": ["p0x2819be6e", "p0y2819d24f"], "log": "|init|battle\n|title|p0x2819be6e vs. p0y2819d24f\n|j|\u2606p0x2819be6e\n|j|\u2606p0y2819d24f\n|t:|1783571510\n|gametype|singles\n|player|p1|p0x2819be6e|101|\n|player|p2|p0y2819d24f|1|\n|gen|9\n|tier|[Gen 9] Random Battle\n|rule|Species Clause: Limit one of each Pok\u00e9mon\n|rule|HP Percentage Mod: HP is shown in percentages\n|rule|Sleep Clause Mod: Limit one foe put to sleep\n|rule|Illusion Level Mod: Illusion disguises the Pok\u00e9mon's true level\n|\n|t:|1783571510\n|teamsize|p1|6\n|teamsize|p2|6\n|start\n|switch|p1a: Gogoat|Gogoat, L88, F|360/360\n|switch|p2a: Venomoth|Venomoth, L84, F|100/100\n|turn|1\n|inactive|Battle timer is ON: inactive players will automatically lose when time's up. (requested by p0y2819d24f)\n|inactive|Time left: 300 sec this turn | 300 sec total | 60 sec grace\n|\n|t:|1783571511\n|move|p2a: Venomoth|Quiver Dance|p2a: Venomoth\n|-boost|p2a: Venomoth|spa|1\n|-boost|p2a: Venomoth|spd|1\n|-boost|p2a: Venomoth|spe|1\n|move|p1a: Gogoat|Rock Slide|p2a: Venomoth\n|-supereffective|p2a: Venomoth\n|-damage|p2a: Venomoth|39/100\n|\n|upkeep\n|turn|2\n|inactive|Time left: 300 sec this turn | 300 sec total\n|inactive|p0x2819be6e also wants the timer to be on.\n|\n|t:|1783571513\n|move|p2a: Venomoth|Sludge Wave|p1a: Gogoat\n|-supereffective|p1a: Gogoat\n|-damage|p1a: Gogoat|82/360\n|-status|p1a: Gogoat|psn\n|move|p1a: Gogoat|Rock Slide|p2a: Venomoth\n|-supereffective|p2a: Venomoth\n|-damage|p2a: Venomoth|0 fnt\n|faint|p2a: Venomoth\n|\n|-heal|p1a: Gogoat|104/360 psn|[from] item: Leftovers\n|-damage|p1a: Gogoat|59/360 psn|[from] psn\n|upkeep\n|\n|t:|1783571513\n|switch|p2a: Galvantula|Galvantula, L82, M|100/100\n|turn|3\n|inactive|Time left: 300 sec this turn | 300 sec total\n|\n|t:|1783571514\n|move|p2a: Galvantula|Sticky Web|p1a: Gogoat\n|-sidestart|p1: p0x2819be6e|move: Sticky Web\n|move|p1a: Gogoat|Milk Drink|p1a: Gogoat\n|-heal|p1a: Gogoat|239/360 psn\n|\n|-heal|p1a: Gogoat|261/360 psn|[from] item: Leftovers\n|-damage|p1a: Gogoat|216/360 psn|[from] psn\n|upkeep\n|turn|4\n|inactive|Time left: 300 sec this turn | 300 sec total\n|\n|t:|1783571515\n|move|p2a: Galvantula|Bug Buzz|p1a: Gogoat\n|-supereffective|p1a: Gogoat\n|-damage|p1a: Gogoat|48/360 psn\n|move|p1a: Gogoat|Rock Slide|p2a: Galvantula\n|-supereffective|p2a: Galvantula\n|-damage|p2a: Galvantula|33/100\n|\n|-heal|p1a: Gogoat|70/360 psn|[from] item: Leftovers\n|-damage|p1a: Gogoat|25/360 psn|[from] psn\n|upkeep\n|turn|5\n|inactive|Time left: 300 sec this turn | 300 sec total\n|\n|t:|1783571516\n|move|p2a: Galvantula|Bug Buzz|p1a: Gogoat\n|-supereffective|p1a: Gogoat\n|-damage|p1a: Gogoat|0 fnt\n|faint|p1a: Gogoat\n|\n|upkeep\n|inactive|Time left: 300 sec this turn | 300 sec total | 5 sec grace\n|\n|t:|1783571517\n|switch|p1a: Ribombee|Ribombee, L83, F|235/235\n|turn|6\n|inactive|Time left: 300 sec this turn | 300 sec total\n|\n|t:|1783571518\n|switch|p2a: Mismagius|Mismagius, L86, F|100/100\n|move|p1a: Ribombee|Moonblast|p2a: Mismagius\n|-damage|p2a: Mismagius|67/100\n|\n|-heal|p2a: Mismagius|73/100|[from] item: Leftovers\n|upkeep\n|turn|7\n|inactive|Time left: 300 sec this turn | 300 sec total\n|\n|t:|1783571519\n|move|p1a: Ribombee|Moonblast|p2a: Mismagius\n|-damage|p2a: Mismagius|40/100\n|move|p2a: Mismagius|Shadow Ball|p1a: Ribombee\n|-damage|p1a: Ribombee|112/235\n|\n|-heal|p2a: Mismagius|46/100|[from] item: Leftovers\n|upkeep\n|turn|8\n|inactive|Time left: 300 sec this turn | 300 sec total\n|\n|t:|1783571520\n|move|p1a: Ribombee|Moonblast|p2a: Mismagius\n|-damage|p2a: Mismagius|11/100\n|move|p2a: Mismagius|Shadow Ball|p1a: Ribombee\n|-damage|p1a: Ribombee|0 fnt\n|faint|p1a: Ribombee\n|\n|-heal|p2a: Mismagius|17/100|[from] item: Leftovers\n|upkeep\n|inactive|Time left: 300 sec this turn | 300 sec total | 5 sec grace\n|\n|t:|1783571521\n|switch|p1a: Kyurem|Kyurem, L77|319/319\n|-ability|p1a: Kyurem|Pressure\n|turn|9\n|inactive|Time left: 300 sec this turn | 300 sec total\n|\n|t:|1783571522\n|move|p2a: Mismagius|Shadow Ball|p1a: Kyurem\n|-crit|p1a: Kyurem\n|-damage|p1a: Kyurem|178/319\n|move|p1a: Kyurem|Outrage|p2a: Mismagius\n|-damage|p2a: Mismagius|0 fnt\n|faint|p2a: Mismagius\n|\n|upkeep\n|\n|t:|1783571523\n|switch|p2a: Espeon|Espeon, L84, M|100/100\n|turn|10\n|inactive|Time left: 300 sec this turn | 300 sec total\n|\n|t:|1783571523\n|move|p2a: Espeon|Psychic|p1a: Kyurem\n|-damage|p1a: Kyurem|0 fnt\n|faint|p1a: Kyurem\n|\n|upkeep\n|inactive|Time left: 300 sec this turn | 300 sec total | 5 sec grace\n|\n|t:|1783571524\n|switch|p1a: Mabosstiff|Mabosstiff, L86, M|278/278\n|-activate|p1a: Mabosstiff|move: Sticky Web\n|-unboost|p1a: Mabosstiff|spe|1\n|turn|11\n|inactive|Time left: 300 sec this turn | 300 sec total\n|\n|t:|1783571525\n|switch|p2a: Galvantula|Galvantula, L82, M|33/100\n|move|p1a: Mabosstiff|Crunch|p2a: Galvantula\n|-damage|p2a: Galvantula|0 fnt\n|faint|p2a: Galvantula\n|\n|upkeep\n|\n|t:|1783571526\n|switch|p2a: Espeon|Espeon, L84, M|100/100\n|turn|12\n|inactive|Time left: 300 sec this turn | 300 sec total\n|\n|t:|1783571527\n|-terastallize|p2a: Espeon|Fairy\n|move|p2a: Espeon|Alluring Voice|p1a: Mabosstiff\n|-supereffective|p1a: Mabosstiff\n|-damage|p1a: Mabosstiff|0 fnt\n|faint|p1a: Mabosstiff\n|\n|upkeep\n|inactive|Time left: 300 sec this turn | 300 sec total | 5 sec grace\n|\n|t:|1783571528\n|switch|p1a: Ampharos|Ampharos, L88, F|302/302\n|-activate|p1a: Ampharos|move: Sticky Web\n|-unboost|p1a: Ampharos|spe|1\n|turn|13\n|inactive|Time left: 300 sec this turn | 300 sec total\n|\n|t:|1783571529\n|move|p2a: Espeon|Alluring Voice|p1a: Ampharos\n|-damage|p1a: Ampharos|196/302\n|move|p1a: Ampharos|Discharge|p2a: Espeon\n|-damage|p2a: Espeon|57/100\n|\n|upkeep\n|turn|14\n|inactive|Time left: 300 sec this turn | 300 sec total\n|\n|t:|1783571530\n|move|p2a: Espeon|Alluring Voice|p1a: Ampharos\n|-damage|p1a: Ampharos|102/302\n|move|p1a: Ampharos|Discharge|p2a: Espeon\n|-damage|p2a: Espeon|17/100\n|\n|upkeep\n|turn|15\n|inactive|Time left: 300 sec this turn | 300 sec total\n|\n|t:|1783571531\n|move|p2a: Espeon|Alluring Voice|p1a: Ampharos\n|-damage|p1a: Ampharos|0 fnt\n|faint|p1a: Ampharos\n|\n|upkeep\n|inactive|Time left: 300 sec this turn | 300 sec total | 5 sec grace\n|\n|t:|1783571532\n|switch|p1a: Medicham|Medicham, L86, M|243/243\n|-activate|p1a: Medicham|move: Sticky Web\n|-unboost|p1a: Medicham|spe|1\n|turn|16\n|inactive|Time left: 300 sec this turn | 300 sec total\n|\n|t:|1783571533\n|-terastallize|p1a: Medicham|Fighting\n|move|p2a: Espeon|Alluring Voice|p1a: Medicham\n|-supereffective|p1a: Medicham\n|-damage|p1a: Medicham|0 fnt\n|faint|p1a: Medicham\n|\n|win|p0y2819d24f", "uploadtime": 1783571533, "views": 0, "rating": 0, "private": 0, "password": null, "_winner": "p0y2819d24f", "_our_name": "p0x2819be6e"}