{"id": "battle-gen9randombattle-90", "formatid": "gen9randombattle", "format": "[Gen 9] Random Battle", "players": ["p0x090a07e", "p0y0902861"], "log": "|init|battle\n|title|p0x090a07e vs. p0y0902861\n|j|\u2606p0x090a07e\n|j|\u2606p0y0902861\n|t:|1783540238\n|gametype|singles\n|player|p1|p0x090a07e|1|\n|player|p2|p0y0902861|1|\n|gen|9\n|tier|[Gen 9] Random Battle\n|rule|Species Clause: Limit one of each Pok\u00e9mon\n|rule|HP Percentage Mod: HP is shown in percentages\n|rule|Sleep Clause Mod: Limit one foe put to sleep\n|rule|Illusion Level Mod: Illusion disguises the Pok\u00e9mon's true level\n|\n|t:|1783540238\n|teamsize|p1|6\n|teamsize|p2|6\n|start\n|switch|p1a: Trevenant|Trevenant, L89, M|296/296\n|switch|p2a: Breloom|Breloom, L83, M|100/100\n|turn|1\n|inactive|Battle timer is ON: inactive players will automatically lose when time's up. (requested by p0x090a07e)\n|inactive|p0y0902861 also wants the timer to be on.\n|\n|t:|1783540240\n|move|p2a: Breloom|Rock Tomb|p1a: Trevenant\n|-damage|p1a: Trevenant|192/296\n|-unboost|p1a: Trevenant|spe|1\n|-damage|p2a: Breloom|91/100|[from] item: Life Orb\n|move|p1a: Trevenant|Poltergeist|p2a: Breloom\n|-activate|p2a: Breloom|move: Poltergeist|Life Orb\n|-damage|p2a: Breloom|9/100\n|-damage|p1a: Trevenant|163/296|[from] item: Life Orb\n|\n|upkeep\n|turn|2\n|inactive|Time left: 300 sec this turn | 300 sec total\n|\n|t:|1783540241\n|switch|p1a: Espathra|Espathra, L80, F|283/283\n|move|p2a: Breloom|Bullet Seed|p1a: Espathra\n|-damage|p1a: Espathra|193/283\n|-damage|p1a: Espathra|102/283\n|-hitcount|p1a: Espathra|2\n|-damage|p2a: Breloom|0 fnt|[from] item: Life Orb\n|faint|p2a: Breloom\n|\n|-heal|p1a: Espathra|119/283|[from] item: Leftovers\n|upkeep\n|\n|t:|1783540242\n|switch|p2a: Wugtrio|Wugtrio, L91, M|100/100\n|turn|3\n|inactive|Time left: 300 sec this turn | 300 sec total\n|\n|t:|1783540243\n|switch|p1a: Gyarados|Gyarados, L79, F|280/280\n|-ability|p1a: Gyarados|Intimidate|boost\n|-unboost|p2a: Wugtrio|atk|1\n|move|p2a: Wugtrio|Liquidation|p1a: Gyarados\n|-resisted|p1a: Gyarados\n|-damage|p1a: Gyarados|217/280\n|\n|upkeep\n|turn|4\n|inactive|Time left: 300 sec this turn | 300 sec total\n|\n|t:|1783540244\n|move|p2a: Wugtrio|Liquidation|p1a: Gyarados\n|-resisted|p1a: Gyarados\n|-damage|p1a: Gyarados|157/280\n|-unboost|p1a: Gyarados|def|1\n|move|p1a: Gyarados|Dragon Dance|p1a: Gyarados\n|-boost|p1a: Gyarados|atk|1\n|-boost|p1a: Gyarados|spe|1\n|\n|upkeep\n|turn|5\n|inactive|Time left: 300 sec this turn | 300 sec total\n|\n|t:|1783540245\n|move|p2a: Wugtrio|Liquidation|p1a: Gyarados\n|-resisted|p1a: Gyarados\n|-damage|p1a: Gyarados|61/280\n|move|p1a: Gyarados|Dragon Dance|p1a: Gyarados\n|-boost|p1a: Gyarados|atk|1\n|-boost|p1a: Gyarados|spe|1\n|\n|upkeep\n|turn|6\n|inactive|Time left: 300 sec this turn | 300 sec total\n|\n|t:|1783540246\n|-terastallize|p1a: Gyarados|Ground\n|move|p1a: Gyarados|Earthquake|p2a: Wugtrio\n|-damage|p2a: Wugtrio|0 fnt\n|faint|p2a: Wugtrio\n|\n|upkeep\n|\n|t:|1783540246\n|switch|p2a: Lunala|Lunala, L70|100/100\n|turn|7\n|inactive|Time left: 300 sec this turn | 300 sec total\n|\n|t:|1783540247\n|move|p1a: Gyarados|Waterfall|p2a: Lunala\n|-damage|p2a: Lunala|65/100\n|move|p2a: Lunala|Moongeist Beam|p1a: Gyarados\n|-damage|p1a: Gyarados|0 fnt\n|faint|p1a: Gyarados\n|\n|-heal|p2a: Lunala|72/100|[from] item: Leftovers\n|upkeep\n|inactive|Time left: 300 sec this turn | 300 sec total | 5 sec grace\n|\n|t:|1783540248\n|switch|p1a: Leafeon|Leafeon, L88, M|258/258\n|turn|8\n|inactive|Time left: 300 sec this turn | 300 sec total\n|\n|t:|1783540249\n|move|p1a: Leafeon|Knock Off|p2a: Lunala\n|-supereffective|p2a: Lunala\n|-damage|p2a: Lunala|0 fnt\n|-enditem|p2a: Lunala|Leftovers|[from] move: Knock Off|[of] p1a: Leafeon\n|faint|p2a: Lunala\n|-damage|p1a: Leafeon|233/258|[from] item: Life Orb\n|\n|upkeep\n|\n|t:|1783540250\n|switch|p2a: Trevenant|Trevenant, L89, F|100/100\n|turn|9\n|inactive|Time left: 300 sec this turn | 300 sec total\n|\n|t:|1783540252\n|move|p1a: Leafeon|Swords Dance|p1a: Leafeon\n|-boost|p1a: Leafeon|atk|2\n|move|p2a: Trevenant|Will-O-Wisp|p1a: Leafeon\n|-status|p1a: Leafeon|brn\n|\n|-damage|p1a: Leafeon|217/258 brn|[from] brn\n|upkeep\n|turn|10\n|inactive|Time left: 300 sec this turn | 300 sec total\n|\n|t:|1783540253\n|move|p1a: Leafeon|Knock Off|p2a: Trevenant\n|-supereffective|p2a: Trevenant\n|-damage|p2a: Trevenant|24/100\n|-enditem|p2a: Trevenant|Life Orb|[from] move: Knock Off|[of] p1a: Leafeon\n|-damage|p1a: Leafeon|192/258 brn|[from] item: Life Orb\n|move|p2a: Trevenant|Poltergeist|p1a: Leafeon\n|-activate|p1a: Leafeon|move: Poltergeist|Life Orb\n|-crit|p1a: Leafeon\n|-damage|p1a: Leafeon|29/258 brn\n|\n|-damage|p1a: Leafeon|13/258 brn|[from] brn\n|upkeep\n|turn|11\n|inactive|Time left: 300 sec this turn | 300 sec total\n|\n|t:|1783540254\n|move|p1a: Leafeon|Leaf Blade|p2a: Trevenant\n|-resisted|p2a: Trevenant\n|-damage|p2a: Trevenant|0 fnt\n|faint|p2a: Trevenant\n|-damage|p1a: Leafeon|0 fnt|[from] item: Life Orb\n|faint|p1a: Leafeon\n|\n|upkeep\n|inactive|Time left: 300 sec this turn | 300 sec total | 5 sec grace\n|\n|t:|1783540255\n|switch|p1a: Trevenant|Trevenant, L89, M|163/296\n|switch|p2a: Flygon|Flygon, L82, F|100/100\n|turn|12\n|inactive|Time left: 300 sec this turn | 300 sec total\n|\n|t:|1783540256\n|move|p2a: Flygon|Dragon Dance|p2a: Flygon\n|-boost|p2a: Flygon|atk|1\n|-boost|p2a: Flygon|spe|1\n|move|p1a: Trevenant|Wood Hammer|p2a: Flygon\n|-damage|p2a: Flygon|11/100\n|-damage|p1a: Trevenant|84/296|[from] Recoil\n|-damage|p1a: Trevenant|55/296|[from] item: Life Orb\n|\n|upkeep\n|turn|13\n|inactive|Time left: 300 sec this turn | 300 sec total\n|\n|t:|1783540257\n|move|p2a: Flygon|Outrage|p1a: Trevenant\n|-damage|p1a: Trevenant|0 fnt\n|faint|p1a: Trevenant\n|\n|upkeep\n|inactive|Time left: 300 sec this turn | 300 sec total | 5 sec grace\n|\n|t:|1783540258\n|switch|p1a: Greedent|Greedent, L86, M|347/347\n|turn|14\n|inactive|Time left: 300 sec this turn | 300 sec total\n|\n|t:|1783540259\n|move|p2a: Flygon|Outrage|p1a: Greedent|[from] lockedmove\n|-damage|p1a: Greedent|181/347\n|-start|p2a: Flygon|confusion|[fatigue]\n|-enditem|p2a: Flygon|Lum Berry|[eat]\n|-end|p2a: Flygon|confusion\n|move|p1a: Greedent|Knock Off|p2a: Flygon\n|-damage|p2a: Flygon|0 fnt\n|faint|p2a: Flygon\n|\n|upkeep\n|\n|t:|1783540260\n|switch|p2a: Maushold|Maushold, L76|100/100\n|turn|15\n|inactive|Time left: 300 sec this turn | 300 sec total\n|\n|t:|1783540261\n|-terastallize|p2a: Maushold|Normal\n|move|p2a: Maushold|Population Bomb|p1a: Greedent\n|-damage|p1a: Greedent|151/347\n|-enditem|p1a: Greedent|Sitrus Berry|[eat]\n|-heal|p1a: Greedent|237/347|[from] item: Sitrus Berry\n|-heal|p1a: Greedent|347/347|[from] ability: Cheek Pouch\n|-damage|p1a: Greedent|319/347\n|-damage|p1a: Greedent|291/347\n|-damage|p1a: Greedent|261/347\n|-damage|p1a: Greedent|233/347\n|-damage|p1a: Greedent|203/347\n|-damage|p1a: Greedent|173/347\n|-damage|p1a: Greedent|147/347\n|-damage|p1a: Greedent|117/347\n|-damage|p1a: Greedent|87/347\n|-hitcount|p1a: Greedent|10\n|move|p1a: Greedent|Body Slam|p2a: Maushold\n|-damage|p2a: Maushold|46/100\n|\n|upkeep\n|turn|16\n|inactive|Time left: 300 sec this turn | 300 sec total\n|\n|t:|1783540262\n|move|p2a: Maushold|Population Bomb|p1a: Greedent\n|-damage|p1a: Greedent|57/347\n|-crit|p1a: Greedent\n|-damage|p1a: Greedent|15/347\n|-damage|p1a: Greedent|0 fnt\n|faint|p1a: Greedent\n|-hitcount|p1: Greedent|3\n|\n|upkeep\n|inactive|Time left: 300 sec this turn | 300 sec total | 5 sec grace\n|\n|t:|1783540263\n|switch|p1a: Regice|Regice, L88|284/284\n|turn|17\n|inactive|Time left: 300 sec this turn | 300 sec total\n|\n|t:|1783540264\n|move|p2a: Maushold|Bite|p1a: Regice\n|-damage|p1a: Regice|248/284\n|move|p1a: Regice|Ice Beam|p2a: Maushold\n|-damage|p2a: Maushold|0 fnt\n|faint|p2a: Maushold\n|\n|win|p0x090a07e", "uploadtime": 1783540264, "views": 0, "rating": 0, "private": 0, "password": null, "_winner": "p0x090a07e", "_our_name": "p0x090a07e"}