{"id": "battle-gen9randombattle-233", "formatid": "gen9randombattle", "format": "[Gen 9] Random Battle", "players": ["p0x233b6f7", "p0y2334ce2"], "log": "|init|battle\n|title|p0x233b6f7 vs. p0y2334ce2\n|j|\u2606p0x233b6f7\n|j|\u2606p0y2334ce2\n|t:|1783541814\n|gametype|singles\n|player|p1|p0x233b6f7|266|\n|player|p2|p0y2334ce2|169|\n|gen|9\n|tier|[Gen 9] Random Battle\n|rule|Species Clause: Limit one of each Pok\u00e9mon\n|rule|HP Percentage Mod: HP is shown in percentages\n|rule|Sleep Clause Mod: Limit one foe put to sleep\n|rule|Illusion Level Mod: Illusion disguises the Pok\u00e9mon's true level\n|\n|t:|1783541814\n|teamsize|p1|6\n|teamsize|p2|6\n|start\n|switch|p1a: Cinderace|Cinderace, L77, F|249/249\n|switch|p2a: Camerupt|Camerupt, L91, F|100/100\n|turn|1\n|inactive|Battle timer is ON: inactive players will automatically lose when time's up. (requested by p0x233b6f7)\n|inactive|p0y2334ce2 also wants the timer to be on.\n|\n|t:|1783541816\n|move|p1a: Cinderace|High Jump Kick|p2a: Camerupt|[miss]\n|-start|p1a: Cinderace|typechange|Fighting|[from] ability: Libero\n|-miss|p1a: Cinderace|p2a: Camerupt\n|-damage|p1a: Cinderace|125/249|[from] highjumpkick\n|move|p2a: Camerupt|Earthquake|p1a: Cinderace\n|-damage|p1a: Cinderace|0 fnt\n|faint|p1a: Cinderace\n|\n|upkeep\n|inactive|Time left: 300 sec this turn | 300 sec total | 65 sec grace\n|\n|t:|1783541817\n|switch|p1a: Toxtricity|Toxtricity, L82, M|257/257\n|turn|2\n|inactive|Time left: 300 sec this turn | 300 sec total\n|\n|t:|1783541818\n|-terastallize|p1a: Toxtricity|Normal\n|move|p1a: Toxtricity|Boomburst|p2a: Camerupt\n|-damage|p2a: Camerupt|0 fnt\n|faint|p2a: Camerupt\n|\n|upkeep\n|\n|t:|1783541819\n|switch|p2a: Dragapult|Dragapult, L77, F|100/100\n|turn|3\n|inactive|Time left: 300 sec this turn | 300 sec total\n|\n|t:|1783541820\n|move|p2a: Dragapult|Draco Meteor|p1a: Toxtricity\n|-damage|p1a: Toxtricity|46/257\n|-unboost|p2a: Dragapult|spa|2\n|move|p1a: Toxtricity|Boomburst|p2a: Dragapult\n|-immune|p2a: Dragapult\n|\n|upkeep\n|turn|4\n|inactive|Time left: 300 sec this turn | 300 sec total\n|\n|t:|1783541821\n|move|p2a: Dragapult|Draco Meteor|p1a: Toxtricity\n|-damage|p1a: Toxtricity|0 fnt\n|-unboost|p2a: Dragapult|spa|2\n|faint|p1a: Toxtricity\n|\n|upkeep\n|inactive|Time left: 300 sec this turn | 300 sec total | 5 sec grace\n|\n|t:|1783541822\n|switch|p1a: Iron Bundle|Iron Bundle, L78|215/215\n|turn|5\n|inactive|Time left: 300 sec this turn | 300 sec total\n|\n|t:|1783541823\n|switch|p2a: Ogerpon|Ogerpon-Hearthflame, L74, F|100/100\n|-ability|p2a: Ogerpon|Mold Breaker\n|move|p1a: Iron Bundle|Freeze-Dry|p2a: Ogerpon\n|-damage|p2a: Ogerpon|65/100\n|\n|upkeep\n|turn|6\n|inactive|Time left: 300 sec this turn | 300 sec total\n|\n|t:|1783541824\n|move|p1a: Iron Bundle|Ice Beam|p2a: Ogerpon\n|-damage|p2a: Ogerpon|24/100\n|move|p2a: Ogerpon|Horn Leech|p1a: Iron Bundle\n|-supereffective|p1a: Iron Bundle\n|-damage|p1a: Iron Bundle|69/215\n|-heal|p2a: Ogerpon|54/100|[from] drain|[of] p1a: Iron Bundle\n|\n|upkeep\n|turn|7\n|inactive|Time left: 300 sec this turn | 300 sec total\n|\n|t:|1783541825\n|move|p1a: Iron Bundle|Hydro Pump|p2a: Ogerpon|[miss]\n|-miss|p1a: Iron Bundle|p2a: Ogerpon\n|move|p2a: Ogerpon|Horn Leech|p1a: Iron Bundle\n|-supereffective|p1a: Iron Bundle\n|-damage|p1a: Iron Bundle|0 fnt\n|-heal|p2a: Ogerpon|69/100|[from] drain|[of] p1a: Iron Bundle\n|faint|p1a: Iron Bundle\n|-end|p1a: Iron Bundle|Quark Drive|[silent]\n|\n|upkeep\n|inactive|Time left: 300 sec this turn | 300 sec total | 5 sec grace\n|\n|t:|1783541826\n|switch|p1a: Heracross|Heracross, L80, F|259/259\n|turn|8\n|inactive|Time left: 300 sec this turn | 300 sec total\n|\n|t:|1783541827\n|move|p1a: Heracross|Close Combat|p2a: Ogerpon\n|-damage|p2a: Ogerpon|0 fnt\n|-unboost|p1a: Heracross|def|1\n|-unboost|p1a: Heracross|spd|1\n|faint|p2a: Ogerpon\n|-ability|p1a: Heracross|Moxie|boost\n|-boost|p1a: Heracross|atk|1\n|\n|upkeep\n|\n|t:|1783541828\n|switch|p2a: Dragapult|Dragapult, L77, F|100/100\n|turn|9\n|inactive|Time left: 300 sec this turn | 300 sec total\n|\n|t:|1783541829\n|switch|p1a: Sandslash|Sandslash, L89, M|278/278\n|move|p2a: Dragapult|Fire Blast|p1a: Sandslash\n|-damage|p1a: Sandslash|145/278\n|\n|-heal|p1a: Sandslash|162/278|[from] item: Leftovers\n|upkeep\n|turn|10\n|inactive|Time left: 300 sec this turn | 300 sec total\n|\n|t:|1783541831\n|move|p2a: Dragapult|Fire Blast|p1a: Sandslash\n|-damage|p1a: Sandslash|22/278\n|-status|p1a: Sandslash|brn\n|move|p1a: Sandslash|Knock Off|p2a: Dragapult\n|-supereffective|p2a: Dragapult\n|-damage|p2a: Dragapult|66/100\n|-enditem|p2a: Dragapult|Choice Specs|[from] move: Knock Off|[of] p1a: Sandslash\n|\n|-heal|p1a: Sandslash|39/278 brn|[from] item: Leftovers\n|-damage|p1a: Sandslash|22/278 brn|[from] brn\n|upkeep\n|turn|11\n|inactive|Time left: 300 sec this turn | 300 sec total\n|\n|t:|1783541832\n|move|p2a: Dragapult|U-turn|p1a: Sandslash\n|-damage|p1a: Sandslash|0 fnt\n|faint|p1a: Sandslash\n|\n|t:|1783541832\n|switch|p2a: Drednaw|Drednaw, L81, F|100/100|[from] U-turn\n|\n|upkeep\n|inactive|Time left: 300 sec this turn | 300 sec total | 10 sec grace\n|\n|t:|1783541833\n|switch|p1a: Heracross|Heracross, L80, F|259/259\n|turn|12\n|inactive|Time left: 300 sec this turn | 300 sec total\n|\n|t:|1783541834\n|-terastallize|p2a: Drednaw|Water\n|move|p1a: Heracross|Megahorn|p2a: Drednaw\n|-damage|p2a: Drednaw|50/100\n|move|p2a: Drednaw|Shell Smash|p2a: Drednaw\n|-unboost|p2a: Drednaw|def|1\n|-unboost|p2a: Drednaw|spd|1\n|-boost|p2a: Drednaw|atk|2\n|-boost|p2a: Drednaw|spa|2\n|-boost|p2a: Drednaw|spe|2\n|-enditem|p2a: Drednaw|White Herb\n|-clearnegativeboost|p2a: Drednaw|[silent]\n|\n|upkeep\n|turn|13\n|inactive|Time left: 300 sec this turn | 300 sec total\n|\n|t:|1783541835\n|move|p2a: Drednaw|Liquidation|p1a: Heracross\n|-damage|p1a: Heracross|0 fnt\n|faint|p1a: Heracross\n|\n|upkeep\n|inactive|Time left: 300 sec this turn | 300 sec total | 5 sec grace\n|\n|t:|1783541836\n|switch|p1a: Venusaur|Venusaur, L84, F|272/272\n|turn|14\n|inactive|Time left: 300 sec this turn | 300 sec total\n|\n|t:|1783541837\n|move|p2a: Drednaw|Stone Edge|p1a: Venusaur\n|-damage|p1a: Venusaur|31/272\n|move|p1a: Venusaur|Sleep Powder|p2a: Drednaw\n|-status|p2a: Drednaw|slp|[from] move: Sleep Powder\n|\n|-heal|p1a: Venusaur|48/272|[from] item: Leftovers\n|upkeep\n|turn|15\n|inactive|Time left: 300 sec this turn | 300 sec total\n|\n|t:|1783541838\n|switch|p2a: Dragapult|Dragapult, L77, F|66/100\n|move|p1a: Venusaur|Leech Seed|p2a: Dragapult|[miss]\n|-miss|p1a: Venusaur|p2a: Dragapult\n|\n|-heal|p1a: Venusaur|65/272|[from] item: Leftovers\n|upkeep\n|turn|16\n|inactive|Time left: 300 sec this turn | 300 sec total\n|\n|t:|1783541839\n|move|p2a: Dragapult|Shadow Ball|p1a: Venusaur\n|-damage|p1a: Venusaur|0 fnt\n|faint|p1a: Venusaur\n|\n|win|p0y2334ce2", "uploadtime": 1783541839, "views": 0, "rating": 0, "private": 0, "password": null, "_winner": "p0y2334ce2", "_our_name": "p0x233b6f7"}