{"id": "battle-gen9randombattle-2656", "formatid": "gen9randombattle", "format": "[Gen 9] Random Battle", "players": ["p0x26568ab5", "p0y2656cc67"], "log": "|init|battle\n|title|p0x26568ab5 vs. p0y2656cc67\n|j|\u2606p0x26568ab5\n|j|\u2606p0y2656cc67\n|t:|1783570653\n|gametype|singles\n|player|p1|p0x26568ab5|170|\n|player|p2|p0y2656cc67|2|\n|gen|9\n|tier|[Gen 9] Random Battle\n|rule|Species Clause: Limit one of each Pok\u00e9mon\n|rule|HP Percentage Mod: HP is shown in percentages\n|rule|Sleep Clause Mod: Limit one foe put to sleep\n|rule|Illusion Level Mod: Illusion disguises the Pok\u00e9mon's true level\n|\n|t:|1783570653\n|teamsize|p1|6\n|teamsize|p2|6\n|start\n|switch|p1a: Talonflame|Talonflame, L83, M|100/100\n|switch|p2a: Vaporeon|Vaporeon, L86, M|364/364\n|turn|1\n|inactive|Battle timer is ON: inactive players will automatically lose when time's up. (requested by p0x26568ab5)\n|inactive|Time left: 300 sec this turn | 300 sec total | 60 sec grace\n|inactive|p0y2656cc67 also wants the timer to be on.\n|\n|t:|1783570654\n|switch|p1a: Grimmsnarl|Grimmsnarl, L83, M|100/100\n|move|p2a: Vaporeon|Scald|p1a: Grimmsnarl\n|-damage|p1a: Grimmsnarl|62/100\n|\n|upkeep\n|turn|2\n|inactive|Time left: 300 sec this turn | 300 sec total\n|\n|t:|1783570655\n|move|p2a: Vaporeon|Scald|p1a: Grimmsnarl\n|-damage|p1a: Grimmsnarl|26/100\n|move|p1a: Grimmsnarl|Spirit Break|p2a: Vaporeon\n|-damage|p2a: Vaporeon|250/364\n|-unboost|p2a: Vaporeon|spa|1\n|\n|-heal|p2a: Vaporeon|272/364|[from] item: Leftovers\n|upkeep\n|turn|3\n|inactive|Time left: 300 sec this turn | 300 sec total\n|\n|t:|1783570656\n|move|p1a: Grimmsnarl|Light Screen|p1a: Grimmsnarl\n|-sidestart|p1: p0x26568ab5|move: Light Screen\n|move|p2a: Vaporeon|Scald|p1a: Grimmsnarl\n|-damage|p1a: Grimmsnarl|13/100\n|\n|-heal|p2a: Vaporeon|294/364|[from] item: Leftovers\n|upkeep\n|turn|4\n|inactive|Time left: 300 sec this turn | 300 sec total\n|\n|t:|1783570657\n|move|p1a: Grimmsnarl|Reflect|p1a: Grimmsnarl\n|-sidestart|p1: p0x26568ab5|Reflect\n|move|p2a: Vaporeon|Scald|p1a: Grimmsnarl\n|-crit|p1a: Grimmsnarl\n|-damage|p1a: Grimmsnarl|0 fnt\n|faint|p1a: Grimmsnarl\n|\n|-heal|p2a: Vaporeon|316/364|[from] item: Leftovers\n|upkeep\n|\n|t:|1783570658\n|switch|p1a: Leafeon|Leafeon, L88, F|100/100\n|turn|5\n|inactive|Time left: 300 sec this turn | 300 sec total\n|\n|t:|1783570659\n|switch|p2a: Gogoat|Gogoat, L88, F|360/360\n|move|p1a: Leafeon|Swords Dance|p1a: Leafeon\n|-boost|p1a: Leafeon|atk|2\n|\n|upkeep\n|turn|6\n|inactive|Time left: 300 sec this turn | 300 sec total\n|\n|t:|1783570660\n|-terastallize|p1a: Leafeon|Normal\n|move|p1a: Leafeon|Double-Edge|p2a: Gogoat\n|-damage|p2a: Gogoat|8/360\n|-damage|p1a: Leafeon|56/100|[from] Recoil\n|move|p2a: Gogoat|Milk Drink|p2a: Gogoat\n|-heal|p2a: Gogoat|188/360\n|\n|-heal|p1a: Leafeon|62/100|[from] item: Leftovers\n|-heal|p2a: Gogoat|210/360|[from] item: Leftovers\n|upkeep\n|turn|7\n|inactive|Time left: 300 sec this turn | 300 sec total\n|\n|t:|1783570661\n|switch|p2a: Chandelure|Chandelure, L83, M|235/235\n|move|p1a: Leafeon|Double-Edge|p2a: Chandelure\n|-immune|p2a: Chandelure\n|\n|-heal|p1a: Leafeon|68/100|[from] item: Leftovers\n|upkeep\n|turn|8\n|inactive|Time left: 300 sec this turn | 300 sec total\n|\n|t:|1783570662\n|move|p1a: Leafeon|Leaf Blade|p2a: Chandelure\n|-resisted|p2a: Chandelure\n|-damage|p2a: Chandelure|126/235\n|move|p2a: Chandelure|Fire Blast|p1a: Leafeon\n|-damage|p1a: Leafeon|30/100\n|\n|-heal|p1a: Leafeon|37/100|[from] item: Leftovers\n|upkeep\n|turn|9\n|inactive|Time left: 300 sec this turn | 300 sec total\n|\n|t:|1783570664\n|move|p1a: Leafeon|Leaf Blade|p2a: Chandelure\n|-resisted|p2a: Chandelure\n|-damage|p2a: Chandelure|21/235\n|move|p2a: Chandelure|Fire Blast|p1a: Leafeon|[miss]\n|-miss|p2a: Chandelure|p1a: Leafeon\n|\n|-heal|p1a: Leafeon|43/100|[from] item: Leftovers\n|upkeep\n|turn|10\n|inactive|Time left: 300 sec this turn | 300 sec total\n|\n|t:|1783570665\n|switch|p2a: Gogoat|Gogoat, L88, F|210/360\n|move|p1a: Leafeon|Leaf Blade|p2a: Gogoat\n|-ability|p2a: Gogoat|Sap Sipper|boost\n|-boost|p2a: Gogoat|atk|1\n|\n|-heal|p1a: Leafeon|49/100|[from] item: Leftovers\n|-heal|p2a: Gogoat|232/360|[from] item: Leftovers\n|-sideend|p1: p0x26568ab5|move: Light Screen\n|upkeep\n|turn|11\n|inactive|Time left: 300 sec this turn | 300 sec total\n|\n|t:|1783570666\n|switch|p2a: Dusknoir|Dusknoir, L89, M|225/225\n|-item|p1a: Leafeon|Leftovers|[from] ability: Frisk|[of] p2a: Dusknoir\n|move|p1a: Leafeon|Double-Edge|p2a: Dusknoir\n|-immune|p2a: Dusknoir\n|\n|-heal|p1a: Leafeon|55/100|[from] item: Leftovers\n|-sideend|p1: p0x26568ab5|Reflect\n|upkeep\n|turn|12\n|inactive|Time left: 300 sec this turn | 300 sec total\n|\n|t:|1783570667\n|switch|p2a: Gogoat|Gogoat, L88, F|232/360\n|move|p1a: Leafeon|Leaf Blade|p2a: Gogoat\n|-ability|p2a: Gogoat|Sap Sipper|boost\n|-boost|p2a: Gogoat|atk|1\n|\n|-heal|p1a: Leafeon|61/100|[from] item: Leftovers\n|-heal|p2a: Gogoat|254/360|[from] item: Leftovers\n|upkeep\n|turn|13\n|inactive|Time left: 300 sec this turn | 300 sec total\n|\n|t:|1783570668\n|switch|p2a: Chandelure|Chandelure, L83, M|21/235\n|move|p1a: Leafeon|Double-Edge|p2a: Chandelure\n|-immune|p2a: Chandelure\n|\n|-heal|p1a: Leafeon|68/100|[from] item: Leftovers\n|upkeep\n|turn|14\n|inactive|Time left: 300 sec this turn | 300 sec total\n|\n|t:|1783570669\n|move|p1a: Leafeon|Leaf Blade|p2a: Chandelure\n|-resisted|p2a: Chandelure\n|-damage|p2a: Chandelure|0 fnt\n|faint|p2a: Chandelure\n|\n|-heal|p1a: Leafeon|74/100|[from] item: Leftovers\n|upkeep\n|inactive|Time left: 300 sec this turn | 300 sec total | 5 sec grace\n|\n|t:|1783570670\n|switch|p2a: Hawlucha|Hawlucha, L80, M|256/256\n|turn|15\n|inactive|Time left: 300 sec this turn | 300 sec total\n|\n|t:|1783570671\n|-terastallize|p2a: Hawlucha|Fighting\n|move|p2a: Hawlucha|Close Combat|p1a: Leafeon\n|-supereffective|p1a: Leafeon\n|-damage|p1a: Leafeon|0 fnt\n|-unboost|p2a: Hawlucha|def|1\n|-unboost|p2a: Hawlucha|spd|1\n|faint|p1a: Leafeon\n|-enditem|p2a: Hawlucha|White Herb\n|-clearnegativeboost|p2a: Hawlucha|[silent]\n|\n|upkeep\n|\n|t:|1783570672\n|switch|p1a: Hippowdon|Hippowdon, L82, M|100/100\n|-weather|Sandstorm|[from] ability: Sand Stream|[of] p1a: Hippowdon\n|turn|16\n|inactive|Time left: 300 sec this turn | 300 sec total\n|\n|t:|1783570673\n|switch|p2a: Gogoat|Gogoat, L88, F|254/360\n|move|p1a: Hippowdon|Earthquake|p2a: Gogoat\n|-resisted|p2a: Gogoat\n|-damage|p2a: Gogoat|186/360\n|\n|-weather|Sandstorm|[upkeep]\n|-damage|p2a: Gogoat|164/360|[from] Sandstorm\n|-heal|p2a: Gogoat|186/360|[from] item: Leftovers\n|upkeep\n|turn|17\n|inactive|Time left: 300 sec this turn | 300 sec total\n|\n|t:|1783570674\n|switch|p1a: Talonflame|Talonflame, L83, M|100/100\n|move|p2a: Gogoat|Milk Drink|p2a: Gogoat\n|-heal|p2a: Gogoat|360/360\n|\n|-weather|Sandstorm|[upkeep]\n|-damage|p1a: Talonflame|94/100|[from] Sandstorm\n|-damage|p2a: Gogoat|338/360|[from] Sandstorm\n|-heal|p2a: Gogoat|360/360|[from] item: Leftovers\n|upkeep\n|turn|18\n|inactive|Time left: 300 sec this turn | 300 sec total\n|\n|t:|1783570675\n|switch|p2a: Vaporeon|Vaporeon, L86, M|316/364\n|move|p1a: Talonflame|Brave Bird|p2a: Vaporeon\n|-damage|p2a: Vaporeon|172/364\n|-damage|p1a: Talonflame|76/100|[from] Recoil\n|\n|-weather|Sandstorm|[upkeep]\n|-damage|p1a: Talonflame|70/100|[from] Sandstorm\n|-damage|p2a: Vaporeon|150/364|[from] Sandstorm\n|-heal|p2a: Vaporeon|172/364|[from] item: Leftovers\n|upkeep\n|turn|19\n|inactive|Time left: 300 sec this turn | 300 sec total\n|\n|t:|1783570676\n|move|p1a: Talonflame|Brave Bird|p2a: Vaporeon\n|-damage|p2a: Vaporeon|36/364\n|-damage|p1a: Talonflame|53/100|[from] Recoil\n|move|p2a: Vaporeon|Scald|p1a: Talonflame\n|-supereffective|p1a: Talonflame\n|-damage|p1a: Talonflame|0 fnt\n|faint|p1a: Talonflame\n|\n|-weather|Sandstorm|[upkeep]\n|-damage|p2a: Vaporeon|14/364|[from] Sandstorm\n|-heal|p2a: Vaporeon|36/364|[from] item: Leftovers\n|upkeep\n|\n|t:|1783570677\n|switch|p1a: Regigigas|Regigigas, L84|100/100\n|-start|p1a: Regigigas|ability: Slow Start\n|turn|20\n|inactive|Time left: 300 sec this turn | 300 sec total\n|\n|t:|1783570678\n|move|p2a: Vaporeon|Scald|p1a: Regigigas\n|-damage|p1a: Regigigas|75/100\n|move|p1a: Regigigas|Body Slam|p2a: Vaporeon\n|-damage|p2a: Vaporeon|0 fnt\n|faint|p2a: Vaporeon\n|\n|-weather|none\n|-heal|p1a: Regigigas|81/100|[from] item: Leftovers\n|upkeep\n|inactive|Time left: 300 sec this turn | 300 sec total | 5 sec grace\n|\n|t:|1783570679\n|switch|p2a: Oricorio|Oricorio, L84, F|263/263\n|turn|21\n|inactive|Time left: 300 sec this turn | 300 sec total\n|\n|t:|1783570680\n|move|p2a: Oricorio|Quiver Dance|p2a: Oricorio\n|-boost|p2a: Oricorio|spa|1\n|-boost|p2a: Oricorio|spd|1\n|-boost|p2a: Oricorio|spe|1\n|move|p1a: Regigigas|Body Slam|p2a: Oricorio\n|-damage|p2a: Oricorio|185/263\n|\n|-heal|p1a: Regigigas|87/100|[from] item: Leftovers\n|upkeep\n|turn|22\n|inactive|Time left: 300 sec this turn | 300 sec total\n|\n|t:|1783570681\n|switch|p1a: Whiscash|Whiscash, L88, F|100/100\n|move|p2a: Oricorio|Hurricane|p1a: Whiscash\n|-damage|p1a: Whiscash|39/100\n|\n|upkeep\n|turn|23\n|inactive|Time left: 300 sec this turn | 300 sec total\n|\n|t:|1783570682\n|move|p2a: Oricorio|Hurricane|p1a: Whiscash\n|-damage|p1a: Whiscash|0 fnt\n|faint|p1a: Whiscash\n|\n|upkeep\n|\n|t:|1783570682\n|switch|p1a: Hippowdon|Hippowdon, L82, M|100/100\n|-weather|Sandstorm|[from] ability: Sand Stream|[of] p1a: Hippowdon\n|turn|24\n|inactive|Time left: 300 sec this turn | 300 sec total\n|\n|t:|1783570683\n|move|p2a: Oricorio|Hurricane|p1a: Hippowdon|[miss]\n|-miss|p2a: Oricorio|p1a: Hippowdon\n|move|p1a: Hippowdon|Stone Edge|p2a: Oricorio|[miss]\n|-miss|p1a: Hippowdon|p2a: Oricorio\n|\n|-weather|Sandstorm|[upkeep]\n|-damage|p2a: Oricorio|169/263|[from] Sandstorm\n|upkeep\n|turn|25\n|inactive|Time left: 300 sec this turn | 300 sec total\n|\n|t:|1783570684\n|move|p2a: Oricorio|Hurricane|p1a: Hippowdon\n|-damage|p1a: Hippowdon|29/100\n|-start|p1a: Hippowdon|confusion\n|-activate|p1a: Hippowdon|confusion\n|move|p1a: Hippowdon|Stone Edge|p2a: Oricorio\n|-supereffective|p2a: Oricorio\n|-crit|p2a: Oricorio\n|-damage|p2a: Oricorio|0 fnt\n|faint|p2a: Oricorio\n|\n|-weather|Sandstorm|[upkeep]\n|-heal|p1a: Hippowdon|35/100|[from] item: Leftovers\n|upkeep\n|inactive|Time left: 300 sec this turn | 300 sec total | 5 sec grace\n|\n|t:|1783570685\n|switch|p2a: Hawlucha|Hawlucha, L80, M, tera:Fighting|256/256\n|turn|26\n|inactive|Time left: 300 sec this turn | 300 sec total\n|\n|t:|1783570686\n|move|p2a: Hawlucha|Close Combat|p1a: Hippowdon\n|-damage|p1a: Hippowdon|0 fnt\n|-unboost|p2a: Hawlucha|def|1\n|-unboost|p2a: Hawlucha|spd|1\n|faint|p1a: Hippowdon\n|\n|-weather|Sandstorm|[upkeep]\n|-damage|p2a: Hawlucha|240/256|[from] Sandstorm\n|upkeep\n|\n|t:|1783570687\n|switch|p1a: Regigigas|Regigigas, L84|87/100\n|-start|p1a: Regigigas|ability: Slow Start\n|turn|27\n|inactive|Time left: 300 sec this turn | 300 sec total\n|\n|t:|1783570688\n|move|p1a: Regigigas|Protect|p1a: Regigigas\n|-singleturn|p1a: Regigigas|Protect\n|move|p2a: Hawlucha|Close Combat|p1a: Regigigas\n|-activate|p1a: Regigigas|move: Protect\n|\n|-weather|Sandstorm|[upkeep]\n|-damage|p2a: Hawlucha|224/256|[from] Sandstorm\n|-damage|p1a: Regigigas|81/100|[from] Sandstorm\n|-heal|p1a: Regigigas|87/100|[from] item: Leftovers\n|upkeep\n|turn|28\n|inactive|Time left: 300 sec this turn | 300 sec total\n|\n|t:|1783570689\n|move|p1a: Regigigas|Protect||[still]\n|-fail|p1a: Regigigas\n|move|p2a: Hawlucha|Close Combat|p1a: Regigigas\n|-supereffective|p1a: Regigigas\n|-damage|p1a: Regigigas|10/100\n|-unboost|p2a: Hawlucha|def|1\n|-unboost|p2a: Hawlucha|spd|1\n|\n|-weather|none\n|-heal|p1a: Regigigas|17/100|[from] item: Leftovers\n|upkeep\n|turn|29\n|inactive|Time left: 300 sec this turn | 300 sec total\n|\n|t:|1783570690\n|move|p1a: Regigigas|Protect|p1a: Regigigas\n|-singleturn|p1a: Regigigas|Protect\n|move|p2a: Hawlucha|Close Combat|p1a: Regigigas\n|-activate|p1a: Regigigas|move: Protect\n|\n|-heal|p1a: Regigigas|23/100|[from] item: Leftovers\n|upkeep\n|turn|30\n|inactive|Time left: 300 sec this turn | 300 sec total\n|\n|t:|1783570691\n|move|p1a: Regigigas|Protect||[still]\n|-fail|p1a: Regigigas\n|move|p2a: Hawlucha|Close Combat|p1a: Regigigas\n|-supereffective|p1a: Regigigas\n|-damage|p1a: Regigigas|0 fnt\n|-unboost|p2a: Hawlucha|def|1\n|-unboost|p2a: Hawlucha|spd|1\n|faint|p1a: Regigigas\n|-end|p1a: Regigigas|Slow Start|[silent]\n|\n|win|p0y2656cc67", "uploadtime": 1783570691, "views": 0, "rating": 0, "private": 0, "password": null, "_winner": "p0y2656cc67", "_our_name": "p0y2656cc67"}